|j|☆Its oyster time
|j|☆ti84silveredition
|inactive|Battle timer is ON: inactive players will automatically lose when time's up.
|t:|1652749935
|gametype|singles
|player|p1|Its oyster time|ninjaboy|
|player|p2|ti84silveredition|266|
|teamsize|p1|6
|teamsize|p2|6
|gen|8
|tier|[Gen 8] PU
|rated|Tournament battle
|rule|Sleep Clause Mod: Limit one foe put to sleep
|rule|Species Clause: Limit one of each Pokémon
|rule|OHKO Clause: OHKO moves are banned
|rule|Evasion Moves Clause: Evasion moves are banned
|rule|Endless Battle Clause: Forcing endless battles is banned
|rule|HP Percentage Mod: HP is shown in percentages
|rule|Dynamax Clause: You cannot dynamax
|clearpoke
|poke|p1|Ribombee, M|
|poke|p1|Jellicent, F|
|poke|p1|Sandaconda, F|
|poke|p1|Perrserker, F|
|poke|p1|Charizard, M|
|poke|p1|Audino, F|
|poke|p2|Gigalith, M|
|poke|p2|Quagsire, F|
|poke|p2|Scrafty, F|
|poke|p2|Weezing, F|
|poke|p2|Ferroseed, M|
|poke|p2|Ribombee, M|
|teampreview
|j|*Lady Monita ✿
|inactive|ti84silveredition also wants the timer to be on.
|inactive|Its oyster time also wants the timer to be on.
|inactive|ti84silveredition has 120 seconds left.
|j| hlhmas
|
|t:|1652749975
|start
|switch|p1a: Audino|Audino, F|100/100
|switch|p2a: Gigalith|Gigalith, M|100/100
|-weather|Sandstorm|[from] ability: Sand Stream|[of] p2a: Gigalith
|turn|1
|
|t:|1652749987
|switch|p1a: Sandaconda|Sandaconda, F|100/100
|switch|p2a: Scrafty|Scrafty, F|100/100
|
|-weather|Sandstorm|[upkeep]
|-damage|p2a: Scrafty|95/100|[from] Sandstorm
|-heal|p2a: Scrafty|100/100|[from] item: Leftovers
|upkeep
|turn|2
|
|t:|1652749990
|move|p1a: Sandaconda|Stealth Rock|p2a: Scrafty
|-sidestart|p2: ti84silveredition|move: Stealth Rock
|move|p2a: Scrafty|Knock Off|p1a: Sandaconda
|-damage|p1a: Sandaconda|80/100
|-damage|p2a: Scrafty|84/100|[from] item: Rocky Helmet|[of] p1a: Sandaconda
|-enditem|p1a: Sandaconda|Rocky Helmet|[from] move: Knock Off|[of] p2a: Scrafty
|
|-weather|Sandstorm|[upkeep]
|-damage|p2a: Scrafty|78/100|[from] Sandstorm
|-heal|p2a: Scrafty|84/100|[from] item: Leftovers
|upkeep
|turn|3
|
|t:|1652749993
|move|p1a: Sandaconda|Earthquake|p2a: Scrafty
|-damage|p2a: Scrafty|51/100
|move|p2a: Scrafty|Knock Off|p1a: Sandaconda
|-damage|p1a: Sandaconda|66/100
|
|-weather|Sandstorm|[upkeep]
|-damage|p2a: Scrafty|45/100|[from] Sandstorm
|-heal|p2a: Scrafty|51/100|[from] item: Leftovers
|upkeep
|turn|4
|
|t:|1652749996
|move|p1a: Sandaconda|Earthquake|p2a: Scrafty
|-damage|p2a: Scrafty|18/100
|move|p2a: Scrafty|Rest|p2a: Scrafty
|-status|p2a: Scrafty|slp|[from] move: Rest
|-heal|p2a: Scrafty|100/100 slp|[silent]
|
|-weather|Sandstorm|[upkeep]
|-damage|p2a: Scrafty|95/100 slp|[from] Sandstorm
|-activate|p2a: Scrafty|ability: Shed Skin
|-curestatus|p2a: Scrafty|slp|[msg]
|-heal|p2a: Scrafty|100/100|[from] item: Leftovers
|upkeep
|turn|5
|
|t:|1652750002
|move|p1a: Sandaconda|Earthquake|p2a: Scrafty
|-damage|p2a: Scrafty|66/100
|move|p2a: Scrafty|Knock Off|p1a: Sandaconda
|-damage|p1a: Sandaconda|53/100
|
|-weather|none
|-heal|p2a: Scrafty|72/100|[from] item: Leftovers
|upkeep
|turn|6
|
|t:|1652750009
|move|p1a: Sandaconda|Earthquake|p2a: Scrafty
|-damage|p2a: Scrafty|40/100
|move|p2a: Scrafty|Bulk Up|p2a: Scrafty
|-boost|p2a: Scrafty|atk|1
|-boost|p2a: Scrafty|def|1
|
|-heal|p2a: Scrafty|46/100|[from] item: Leftovers
|upkeep
|turn|7
|
|t:|1652750014
|move|p1a: Sandaconda|Earthquake|p2a: Scrafty
|-damage|p2a: Scrafty|22/100
|move|p2a: Scrafty|Drain Punch|p1a: Sandaconda
|-damage|p1a: Sandaconda|29/100
|-heal|p2a: Scrafty|35/100|[from] drain|[of] p1a: Sandaconda
|
|-heal|p2a: Scrafty|41/100|[from] item: Leftovers
|upkeep
|turn|8
|
|t:|1652750017
|move|p1a: Sandaconda|Rest|p1a: Sandaconda
|-status|p1a: Sandaconda|slp|[from] move: Rest
|-heal|p1a: Sandaconda|100/100 slp|[silent]
|move|p2a: Scrafty|Rest|p2a: Scrafty
|-status|p2a: Scrafty|slp|[from] move: Rest
|-heal|p2a: Scrafty|100/100 slp|[silent]
|
|-activate|p1a: Sandaconda|ability: Shed Skin
|-curestatus|p1a: Sandaconda|slp|[msg]
|-activate|p2a: Scrafty|ability: Shed Skin
|-curestatus|p2a: Scrafty|slp|[msg]
|upkeep
|turn|9
|
|t:|1652750022
|switch|p1a: Ribombee|Ribombee, M|100/100
|move|p2a: Scrafty|Knock Off|p1a: Ribombee
|-resisted|p1a: Ribombee
|-damage|p1a: Ribombee|56/100
|-enditem|p1a: Ribombee|Heavy-Duty Boots|[from] move: Knock Off|[of] p2a: Scrafty
|
|upkeep
|turn|10
|
|t:|1652750025
|switch|p2a: Gigalith|Gigalith, M|100/100
|-damage|p2a: Gigalith|88/100|[from] Stealth Rock
|-weather|Sandstorm|[from] ability: Sand Stream|[of] p2a: Gigalith
|move|p1a: Ribombee|U-turn|p2a: Gigalith
|-damage|p2a: Gigalith|79/100
|
|t:|1652750028
|switch|p1a: Perrserker|Perrserker, F|100/100|[from]move: U-turn
|
|-weather|Sandstorm|[upkeep]
|-heal|p2a: Gigalith|85/100|[from] item: Leftovers
|upkeep
|turn|11
|
|t:|1652750031
|move|p2a: Gigalith|Protect|p2a: Gigalith
|-singleturn|p2a: Gigalith|Protect
|move|p1a: Perrserker|U-turn|p2a: Gigalith
|-activate|p2a: Gigalith|move: Protect
|
|-weather|Sandstorm|[upkeep]
|-heal|p2a: Gigalith|91/100|[from] item: Leftovers
|upkeep
|turn|12
|
|t:|1652750034
|move|p1a: Perrserker|U-turn|p2a: Gigalith
|-damage|p2a: Gigalith|64/100
|
|t:|1652750035
|switch|p1a: Jellicent|Jellicent, F|100/100|[from]move: U-turn
|move|p2a: Gigalith|Stealth Rock|p1a: Jellicent
|-sidestart|p1: Its oyster time|move: Stealth Rock
|
|-weather|Sandstorm|[upkeep]
|-damage|p1a: Jellicent|94/100|[from] Sandstorm
|-heal|p2a: Gigalith|70/100|[from] item: Leftovers
|upkeep
|turn|13
|
|t:|1652750038
|move|p2a: Gigalith|Protect|p2a: Gigalith
|-singleturn|p2a: Gigalith|Protect
|move|p1a: Jellicent|Trick|p2a: Gigalith
|-activate|p2a: Gigalith|move: Protect
|
|-weather|Sandstorm|[upkeep]
|-damage|p1a: Jellicent|88/100|[from] Sandstorm
|-heal|p2a: Gigalith|76/100|[from] item: Leftovers
|upkeep
|turn|14
|
|t:|1652750040
|switch|p2a: Weezing|Weezing, F|100/100
|-damage|p2a: Weezing|88/100|[from] Stealth Rock
|move|p1a: Jellicent|Trick|p2a: Weezing
|-activate|p1a: Jellicent|move: Trick|[of] p2a: Weezing
|-item|p2a: Weezing|Choice Specs|[from] move: Trick
|-item|p1a: Jellicent|Black Sludge|[from] move: Trick
|
|-weather|none
|-damage|p1a: Jellicent|76/100|[from] item: Black Sludge
|upkeep
|turn|15
|j| durarararara
|l| hlhmas
|
|t:|1652750052
|switch|p1a: Charizard|Charizard, M, shiny|100/100
|move|p2a: Weezing|Toxic Spikes|p1a: Charizard
|-sidestart|p1: Its oyster time|move: Toxic Spikes
|
|upkeep
|turn|16
|
|t:|1652750056
|switch|p2a: Gigalith|Gigalith, M|76/100
|-damage|p2a: Gigalith|64/100|[from] Stealth Rock
|-weather|Sandstorm|[from] ability: Sand Stream|[of] p2a: Gigalith
|move|p1a: Charizard|Defog|p2a: Gigalith
|-unboost|p2a: Gigalith|evasion|1
|-sideend|p2: ti84silveredition|Stealth Rock|[from] move: Defog|[of] p1a: Charizard
|-sideend|p1: Its oyster time|Toxic Spikes|[from] move: Defog|[of] p1a: Charizard
|-sideend|p1: Its oyster time|Stealth Rock|[from] move: Defog|[of] p1a: Charizard
|
|-weather|Sandstorm|[upkeep]
|-damage|p1a: Charizard|94/100|[from] Sandstorm
|-heal|p2a: Gigalith|70/100|[from] item: Leftovers
|upkeep
|turn|17
|inactive|Its oyster time has 120 seconds left.
|
|t:|1652750090
|move|p1a: Charizard|Toxic|p2a: Gigalith
|-status|p2a: Gigalith|tox
|move|p2a: Gigalith|Stealth Rock|p1a: Charizard
|-sidestart|p1: Its oyster time|move: Stealth Rock
|
|-weather|Sandstorm|[upkeep]
|-damage|p1a: Charizard|88/100|[from] Sandstorm
|-heal|p2a: Gigalith|76/100 tox|[from] item: Leftovers
|-damage|p2a: Gigalith|70/100 tox|[from] psn
|upkeep
|turn|18
|
|t:|1652750094
|switch|p1a: Sandaconda|Sandaconda, F|100/100
|-damage|p1a: Sandaconda|94/100|[from] Stealth Rock
|move|p2a: Gigalith|Rock Blast|p1a: Sandaconda
|-resisted|p1a: Sandaconda
|-damage|p1a: Sandaconda|91/100
|-resisted|p1a: Sandaconda
|-damage|p1a: Sandaconda|87/100
|-resisted|p1a: Sandaconda
|-damage|p1a: Sandaconda|83/100
|-hitcount|p1a: Sandaconda|3
|
|-weather|Sandstorm|[upkeep]
|-heal|p2a: Gigalith|76/100 tox|[from] item: Leftovers
|-damage|p2a: Gigalith|64/100 tox|[from] psn
|upkeep
|turn|19
|
|t:|1652750100
|switch|p2a: Ferroseed|Ferroseed, M|100/100
|move|p1a: Sandaconda|Stealth Rock|p2a: Ferroseed
|-sidestart|p2: ti84silveredition|move: Stealth Rock
|
|-weather|Sandstorm|[upkeep]
|upkeep
|turn|20
|inactive|Its oyster time has 120 seconds left.
|
|t:|1652750130
|switch|p1a: Charizard|Charizard, M, shiny|88/100
|move|p2a: Ferroseed|Spikes|p1a: Charizard
|-sidestart|p1: Its oyster time|Spikes
|
|-weather|none
|upkeep
|turn|21
|
|t:|1652750138
|switch|p2a: Scrafty|Scrafty, F|100/100
|-damage|p2a: Scrafty|95/100|[from] Stealth Rock
|move|p1a: Charizard|Defog|p2a: Scrafty
|-unboost|p2a: Scrafty|evasion|1
|-sideend|p2: ti84silveredition|Stealth Rock|[from] move: Defog|[of] p1a: Charizard
|-sideend|p1: Its oyster time|Spikes|[from] move: Defog|[of] p1a: Charizard
|-sideend|p1: Its oyster time|Stealth Rock|[from] move: Defog|[of] p1a: Charizard
|
|-heal|p2a: Scrafty|100/100|[from] item: Leftovers
|upkeep
|turn|22
|
|t:|1652750142
|switch|p1a: Ribombee|Ribombee, M|56/100
|move|p2a: Scrafty|Knock Off|p1a: Ribombee
|-resisted|p1a: Ribombee
|-damage|p1a: Ribombee|38/100
|
|upkeep
|turn|23
|
|t:|1652750148
|switch|p2a: Ribombee|Ribombee, M|100/100
|move|p1a: Ribombee|Roost|p1a: Ribombee
|-heal|p1a: Ribombee|88/100
|-singleturn|p1a: Ribombee|move: Roost
|
|upkeep
|turn|24
|j|%goldtodd1
|
|t:|1652750158
|switch|p1a: Charizard|Charizard, M, shiny|88/100
|move|p2a: Ribombee|Aromatherapy|p2a: Ribombee
|-activate|p2a: Ribombee|move: Aromatherapy
|-curestatus|p2: Gigalith|tox|[msg]
|
|upkeep
|turn|25
|
|t:|1652750163
|switch|p2a: Gigalith|Gigalith, M|64/100
|-weather|Sandstorm|[from] ability: Sand Stream|[of] p2a: Gigalith
|move|p1a: Charizard|Mystical Fire|p2a: Gigalith
|-resisted|p2a: Gigalith
|-damage|p2a: Gigalith|57/100
|-unboost|p2a: Gigalith|spa|1
|
|-weather|Sandstorm|[upkeep]
|-damage|p1a: Charizard|82/100|[from] Sandstorm
|-heal|p2a: Gigalith|63/100|[from] item: Leftovers
|upkeep
|turn|26
|
|t:|1652750168
|switch|p1a: Sandaconda|Sandaconda, F|83/100
|move|p2a: Gigalith|Stealth Rock|p1a: Sandaconda
|-sidestart|p1: Its oyster time|move: Stealth Rock
|
|-weather|Sandstorm|[upkeep]
|-heal|p2a: Gigalith|69/100|[from] item: Leftovers
|upkeep
|turn|27
|
|t:|1652750176
|move|p1a: Sandaconda|Stealth Rock|p2a: Gigalith
|-sidestart|p2: ti84silveredition|move: Stealth Rock
|move|p2a: Gigalith|Earthquake|p1a: Sandaconda
|-damage|p1a: Sandaconda|63/100
|
|-weather|Sandstorm|[upkeep]
|-heal|p2a: Gigalith|75/100|[from] item: Leftovers
|upkeep
|turn|28
|
|t:|1652750189
|move|p2a: Gigalith|Protect|p2a: Gigalith
|-singleturn|p2a: Gigalith|Protect
|move|p1a: Sandaconda|Stone Edge|p2a: Gigalith
|-activate|p2a: Gigalith|move: Protect
|
|-weather|Sandstorm|[upkeep]
|-heal|p2a: Gigalith|81/100|[from] item: Leftovers
|upkeep
|turn|29
|
|t:|1652750192
|switch|p2a: Weezing|Weezing, F|88/100
|-damage|p2a: Weezing|76/100|[from] Stealth Rock
|move|p1a: Sandaconda|Earthquake|p2a: Weezing
|-immune|p2a: Weezing|[from] ability: Levitate
|
|-weather|none
|upkeep
|turn|30
|
|t:|1652750200
|switch|p1a: Charizard|Charizard, M, shiny|82/100
|move|p2a: Weezing|Will-O-Wisp|p1a: Charizard
|-immune|p1a: Charizard
|
|upkeep
|turn|31
|
|t:|1652750208
|switch|p2a: Scrafty|Scrafty, F|100/100
|-damage|p2a: Scrafty|95/100|[from] Stealth Rock
|move|p1a: Charizard|Toxic|p2a: Scrafty
|-status|p2a: Scrafty|tox
|
|-activate|p2a: Scrafty|ability: Shed Skin
|-curestatus|p2a: Scrafty|tox|[msg]
|-heal|p2a: Scrafty|100/100|[from] item: Leftovers
|upkeep
|turn|32
|
|t:|1652750219
|move|p1a: Charizard|Defog|p2a: Scrafty
|-unboost|p2a: Scrafty|evasion|1
|-sideend|p2: ti84silveredition|Stealth Rock|[from] move: Defog|[of] p1a: Charizard
|-sideend|p1: Its oyster time|Stealth Rock|[from] move: Defog|[of] p1a: Charizard
|move|p2a: Scrafty|Knock Off|p1a: Charizard
|-damage|p1a: Charizard|49/100
|-enditem|p1a: Charizard|Heavy-Duty Boots|[from] move: Knock Off|[of] p2a: Scrafty
|
|upkeep
|turn|33
|
|t:|1652750225
|switch|p2a: Gigalith|Gigalith, M|81/100
|-weather|Sandstorm|[from] ability: Sand Stream|[of] p2a: Gigalith
|move|p1a: Charizard|Toxic|p2a: Gigalith
|-status|p2a: Gigalith|tox
|
|-weather|Sandstorm|[upkeep]
|-damage|p1a: Charizard|43/100|[from] Sandstorm
|-heal|p2a: Gigalith|87/100 tox|[from] item: Leftovers
|-damage|p2a: Gigalith|81/100 tox|[from] psn
|upkeep
|turn|34
|
|t:|1652750229
|move|p1a: Charizard|Roost|p1a: Charizard
|-heal|p1a: Charizard|93/100
|-singleturn|p1a: Charizard|move: Roost
|move|p2a: Gigalith|Stealth Rock|p1a: Charizard
|-sidestart|p1: Its oyster time|move: Stealth Rock
|
|-weather|Sandstorm|[upkeep]
|-damage|p1a: Charizard|87/100|[from] Sandstorm
|-heal|p2a: Gigalith|87/100 tox|[from] item: Leftovers
|-damage|p2a: Gigalith|75/100 tox|[from] psn
|upkeep
|turn|35
|
|t:|1652750237
|switch|p1a: Perrserker|Perrserker, F|100/100
|-damage|p1a: Perrserker|94/100|[from] Stealth Rock
|switch|p2a: Scrafty|Scrafty, F|100/100
|
|-weather|Sandstorm|[upkeep]
|-damage|p2a: Scrafty|95/100|[from] Sandstorm
|-heal|p2a: Scrafty|100/100|[from] item: Leftovers
|upkeep
|turn|36
|inactive|Its oyster time has 120 seconds left.
|inactive|Its oyster time has 90 seconds left.
|
|t:|1652750306
|switch|p2a: Weezing|Weezing, F|76/100
|move|p1a: Perrserker|Close Combat|p2a: Weezing
|-resisted|p2a: Weezing
|-damage|p2a: Weezing|54/100
|-unboost|p1a: Perrserker|def|1
|-unboost|p1a: Perrserker|spd|1
|
|-weather|Sandstorm|[upkeep]
|-damage|p2a: Weezing|48/100|[from] Sandstorm
|upkeep
|turn|37
|inactive|ti84silveredition has 120 seconds left.
|
|t:|1652750348
|switch|p1a: Charizard|Charizard, M, shiny|87/100
|-damage|p1a: Charizard|37/100|[from] Stealth Rock
|move|p2a: Weezing|Toxic Spikes|p1a: Charizard
|-sidestart|p1: Its oyster time|move: Toxic Spikes
|
|-weather|none
|upkeep
|turn|38
|
|t:|1652750358
|switch|p2a: Quagsire|Quagsire, F|100/100
|move|p1a: Charizard|Defog|p2a: Quagsire
|-unboost|p2a: Quagsire|evasion|1
|-sideend|p1: Its oyster time|Toxic Spikes|[from] move: Defog|[of] p1a: Charizard
|-sideend|p1: Its oyster time|Stealth Rock|[from] move: Defog|[of] p1a: Charizard
|
|upkeep
|turn|39
|inactive|ti84silveredition has 120 seconds left.
|
|t:|1652750371
|switch|p1a: Jellicent|Jellicent, F|76/100
|move|p2a: Quagsire|Waterfall|p1a: Jellicent
|-heal|p1a: Jellicent|100/100|[from] ability: Water Absorb|[of] p2a: Quagsire
|
|-damage|p1a: Jellicent|88/100|[from] item: Black Sludge
|upkeep
|turn|40
|
|t:|1652750378
|switch|p2a: Weezing|Weezing, F|48/100
|move|p1a: Jellicent|Shadow Ball|p2a: Weezing
|-crit|p2a: Weezing
|-damage|p2a: Weezing|0 fnt
|faint|p2a: Weezing
|
|-damage|p1a: Jellicent|76/100|[from] item: Black Sludge
|upkeep
|
|t:|1652750388
|switch|p2a: Gigalith|Gigalith, M|75/100 tox
|-weather|Sandstorm|[from] ability: Sand Stream|[of] p2a: Gigalith
|turn|41
|
|t:|1652750409
|move|p2a: Gigalith|Protect|p2a: Gigalith
|-singleturn|p2a: Gigalith|Protect
|move|p1a: Jellicent|Hydro Pump|p2a: Gigalith
|-activate|p2a: Gigalith|move: Protect
|
|-weather|Sandstorm|[upkeep]
|-damage|p1a: Jellicent|70/100|[from] Sandstorm
|-damage|p1a: Jellicent|57/100|[from] item: Black Sludge
|-heal|p2a: Gigalith|81/100 tox|[from] item: Leftovers
|-damage|p2a: Gigalith|75/100 tox|[from] psn
|upkeep
|turn|42
|
|t:|1652750416
|switch|p2a: Ferroseed|Ferroseed, M|100/100
|move|p1a: Jellicent|Trick|p2a: Ferroseed
|-activate|p1a: Jellicent|move: Trick|[of] p2a: Ferroseed
|-item|p2a: Ferroseed|Black Sludge|[from] move: Trick
|-item|p1a: Jellicent|Eviolite|[from] move: Trick
|
|-weather|Sandstorm|[upkeep]
|-damage|p1a: Jellicent|51/100|[from] Sandstorm
|-damage|p2a: Ferroseed|88/100|[from] item: Black Sludge
|upkeep
|turn|43
|
|t:|1652750424
|switch|p1a: Charizard|Charizard, M, shiny|37/100
|move|p2a: Ferroseed|Spikes|p1a: Charizard
|-sidestart|p1: Its oyster time|Spikes
|
|-weather|Sandstorm|[upkeep]
|-damage|p1a: Charizard|31/100|[from] Sandstorm
|-damage|p2a: Ferroseed|76/100|[from] item: Black Sludge
|upkeep
|turn|44
|inactive|Its oyster time has 120 seconds left.
|
|t:|1652750437
|switch|p2a: Quagsire|Quagsire, F|100/100
|move|p1a: Charizard|Roost|p1a: Charizard
|-heal|p1a: Charizard|81/100
|-singleturn|p1a: Charizard|move: Roost
|
|-weather|Sandstorm|[upkeep]
|-damage|p1a: Charizard|75/100|[from] Sandstorm
|upkeep
|turn|45
|inactive|Its oyster time has 120 seconds left.
|
|t:|1652750442
|switch|p1a: Ribombee|Ribombee, M|88/100
|-damage|p1a: Ribombee|76/100|[from] Spikes
|move|p2a: Quagsire|Toxic|p1a: Ribombee
|-status|p1a: Ribombee|tox
|
|-weather|none
|-damage|p1a: Ribombee|70/100 tox|[from] psn
|upkeep
|turn|46
|
|t:|1652750447
|move|p1a: Ribombee|U-turn|p2a: Quagsire
|-damage|p2a: Quagsire|90/100
|
|t:|1652750451
|switch|p1a: Jellicent|Jellicent, F|51/100|[from]move: U-turn
|-damage|p1a: Jellicent|39/100|[from] Spikes
|move|p2a: Quagsire|Waterfall|p1a: Jellicent
|-heal|p1a: Jellicent|64/100|[from] ability: Water Absorb|[of] p2a: Quagsire
|
|upkeep
|turn|47
|
|t:|1652750458
|move|p1a: Jellicent|Hydro Pump|p2a: Quagsire
|-damage|p2a: Quagsire|35/100
|move|p2a: Quagsire|Toxic|p1a: Jellicent
|-status|p1a: Jellicent|tox
|
|-damage|p1a: Jellicent|58/100 tox|[from] psn
|upkeep
|turn|48
|
|t:|1652750463
|switch|p2a: Ferroseed|Ferroseed, M|76/100
|move|p1a: Jellicent|Shadow Ball|p2a: Ferroseed
|-crit|p2a: Ferroseed
|-damage|p2a: Ferroseed|10/100
|-unboost|p2a: Ferroseed|spd|1
|
|-damage|p2a: Ferroseed|0 fnt|[from] item: Black Sludge
|faint|p2a: Ferroseed
|-damage|p1a: Jellicent|45/100 tox|[from] psn
|upkeep
|
|t:|1652750468
|switch|p2a: Ribombee|Ribombee, M|100/100
|turn|49
|
|t:|1652750482
|switch|p1a: Audino|Audino, F|100/100
|move|p2a: Ribombee|Aromatherapy|p2a: Ribombee
|-activate|p2a: Ribombee|move: Aromatherapy
|-curestatus|p2: Gigalith|tox|[msg]
|
|upkeep
|turn|50
|
|t:|1652750489
|switch|p2a: Quagsire|Quagsire, F|35/100
|move|p1a: Audino|Toxic|p2a: Quagsire
|-status|p2a: Quagsire|tox
|
|-damage|p2a: Quagsire|28/100 tox|[from] psn
|upkeep
|turn|51
|
|t:|1652750493
|move|p1a: Audino|Wish|p1a: Audino
|move|p2a: Quagsire|Recover|p2a: Quagsire
|-heal|p2a: Quagsire|78/100 tox
|
|-damage|p2a: Quagsire|66/100 tox|[from] psn
|upkeep
|turn|52
|
|t:|1652750501
|switch|p1a: Jellicent|Jellicent, F|45/100 tox
|-damage|p1a: Jellicent|33/100 tox|[from] Spikes
|switch|p2a: Gigalith|Gigalith, M|75/100
|-weather|Sandstorm|[from] ability: Sand Stream|[of] p2a: Gigalith
|
|-weather|Sandstorm|[upkeep]
|-damage|p1a: Jellicent|27/100 tox|[from] Sandstorm
|-heal|p1a: Jellicent|87/100 tox|[from] move: Wish|[wisher] Audino
|-heal|p2a: Gigalith|81/100|[from] item: Leftovers
|-damage|p1a: Jellicent|81/100 tox|[from] psn
|upkeep
|turn|53
|
|t:|1652750510
|move|p2a: Gigalith|Protect|p2a: Gigalith
|-singleturn|p2a: Gigalith|Protect
|move|p1a: Jellicent|Hydro Pump|p2a: Gigalith
|-activate|p2a: Gigalith|move: Protect
|
|-weather|Sandstorm|[upkeep]
|-damage|p1a: Jellicent|75/100 tox|[from] Sandstorm
|-heal|p2a: Gigalith|87/100|[from] item: Leftovers
|-damage|p1a: Jellicent|62/100 tox|[from] psn
|upkeep
|turn|54
|
|t:|1652750513
|switch|p2a: Scrafty|Scrafty, F|100/100
|move|p1a: Jellicent|Hydro Pump|p2a: Scrafty
|-damage|p2a: Scrafty|70/100
|
|-weather|Sandstorm|[upkeep]
|-damage|p1a: Jellicent|56/100 tox|[from] Sandstorm
|-damage|p2a: Scrafty|64/100|[from] Sandstorm
|-heal|p2a: Scrafty|70/100|[from] item: Leftovers
|-damage|p1a: Jellicent|38/100 tox|[from] psn
|upkeep
|turn|55
|
|t:|1652750517
|switch|p1a: Ribombee|Ribombee, M|70/100 tox
|-damage|p1a: Ribombee|58/100 tox|[from] Spikes
|move|p2a: Scrafty|Knock Off|p1a: Ribombee
|-resisted|p1a: Ribombee
|-damage|p1a: Ribombee|37/100 tox
|
|-weather|Sandstorm|[upkeep]
|-damage|p1a: Ribombee|31/100 tox|[from] Sandstorm
|-damage|p2a: Scrafty|64/100|[from] Sandstorm
|-heal|p2a: Scrafty|70/100|[from] item: Leftovers
|-damage|p1a: Ribombee|25/100 tox|[from] psn
|upkeep
|turn|56
|
|t:|1652750522
|switch|p2a: Ribombee|Ribombee, M|100/100
|move|p1a: Ribombee|Roost|p1a: Ribombee
|-heal|p1a: Ribombee|75/100 tox
|-singleturn|p1a: Ribombee|move: Roost
|
|-weather|none
|-damage|p1a: Ribombee|63/100 tox|[from] psn
|upkeep
|turn|57
|
|t:|1652750525
|switch|p1a: Charizard|Charizard, M, shiny|75/100
|move|p2a: Ribombee|Aromatherapy|p2a: Ribombee
|-activate|p2a: Ribombee|move: Aromatherapy
|-curestatus|p2: Quagsire|tox|[msg]
|
|upkeep
|turn|58
|
|t:|1652750530
|switch|p2a: Gigalith|Gigalith, M|87/100
|-weather|Sandstorm|[from] ability: Sand Stream|[of] p2a: Gigalith
|move|p1a: Charizard|Toxic|p2a: Gigalith
|-status|p2a: Gigalith|tox
|
|-weather|Sandstorm|[upkeep]
|-damage|p1a: Charizard|69/100|[from] Sandstorm
|-heal|p2a: Gigalith|94/100 tox|[from] item: Leftovers
|-damage|p2a: Gigalith|87/100 tox|[from] psn
|upkeep
|turn|59
|inactive|Its oyster time has 120 seconds left.
|
|t:|1652750561
|switch|p1a: Sandaconda|Sandaconda, F|63/100
|-damage|p1a: Sandaconda|50/100|[from] Spikes
|move|p2a: Gigalith|Stealth Rock|p1a: Sandaconda
|-sidestart|p1: Its oyster time|move: Stealth Rock
|
|-weather|Sandstorm|[upkeep]
|-heal|p2a: Gigalith|94/100 tox|[from] item: Leftovers
|-damage|p2a: Gigalith|81/100 tox|[from] psn
|upkeep
|turn|60
|
|t:|1652750570
|switch|p2a: Quagsire|Quagsire, F|66/100
|move|p1a: Sandaconda|Earthquake|p2a: Quagsire
|-damage|p2a: Quagsire|40/100
|
|-weather|Sandstorm|[upkeep]
|upkeep
|turn|61
|
|t:|1652750579
|move|p1a: Sandaconda|Stealth Rock|p2a: Quagsire
|-sidestart|p2: ti84silveredition|move: Stealth Rock
|move|p2a: Quagsire|Recover|p2a: Quagsire
|-heal|p2a: Quagsire|90/100
|
|-weather|Sandstorm|[upkeep]
|upkeep
|turn|62
|inactive|Its oyster time has 120 seconds left.
|inactive|Its oyster time has 90 seconds left.
|
|t:|1652750633
|move|p1a: Sandaconda|Earthquake|p2a: Quagsire
|-damage|p2a: Quagsire|61/100
|move|p2a: Quagsire|Toxic|p1a: Sandaconda
|-status|p1a: Sandaconda|tox
|
|-weather|none
|-damage|p1a: Sandaconda|44/100 tox|[from] psn
|upkeep
|turn|63
|
|t:|1652750641
|move|p1a: Sandaconda|Rest|p1a: Sandaconda
|-status|p1a: Sandaconda|slp|[from] move: Rest
|-heal|p1a: Sandaconda|100/100 slp|[silent]
|move|p2a: Quagsire|Recover|p2a: Quagsire
|-heal|p2a: Quagsire|100/100
|
|upkeep
|turn|64
|
|t:|1652750644
|cant|p1a: Sandaconda|slp
|move|p2a: Quagsire|Curse|p2a: Quagsire
|-unboost|p2a: Quagsire|spe|1
|-boost|p2a: Quagsire|atk|1
|-boost|p2a: Quagsire|def|1
|
|upkeep
|turn|65
|
|t:|1652750655
|switch|p1a: Audino|Audino, F|100/100
|move|p2a: Quagsire|Curse|p2a: Quagsire
|-unboost|p2a: Quagsire|spe|1
|-boost|p2a: Quagsire|atk|1
|-boost|p2a: Quagsire|def|1
|
|upkeep
|turn|66
|
|t:|1652750660
|move|p1a: Audino|Toxic|p2a: Quagsire
|-status|p2a: Quagsire|tox
|move|p2a: Quagsire|Waterfall|p1a: Audino
|-damage|p1a: Audino|58/100
|
|-damage|p2a: Quagsire|94/100 tox|[from] psn
|upkeep
|turn|67
|
|t:|1652750676
|switch|p1a: Perrserker|Perrserker, F|94/100
|-damage|p1a: Perrserker|82/100|[from] Spikes
|-damage|p1a: Perrserker|76/100|[from] Stealth Rock
|switch|p2a: Ribombee|Ribombee, M|100/100
|
|upkeep
|turn|68
|
|t:|1652750685
|switch|p2a: Quagsire|Quagsire, F|94/100 tox
|move|p1a: Perrserker|Seed Bomb|p2a: Quagsire
|-supereffective|p2a: Quagsire
|-damage|p2a: Quagsire|0 fnt
|faint|p2a: Quagsire
|
|upkeep
|
|t:|1652750690
|switch|p2a: Ribombee|Ribombee, M|100/100
|turn|69
|
|t:|1652750694
|switch|p1a: Audino|Audino, F|91/100
|move|p2a: Ribombee|Quiver Dance|p2a: Ribombee
|-boost|p2a: Ribombee|spa|1
|-boost|p2a: Ribombee|spd|1
|-boost|p2a: Ribombee|spe|1
|
|upkeep
|turn|70
|
|t:|1652750699
|move|p2a: Ribombee|Quiver Dance|p2a: Ribombee
|-boost|p2a: Ribombee|spa|1
|-boost|p2a: Ribombee|spd|1
|-boost|p2a: Ribombee|spe|1
|move|p1a: Audino|Toxic|p2a: Ribombee
|-status|p2a: Ribombee|tox
|
|-damage|p2a: Ribombee|94/100 tox|[from] psn
|upkeep
|turn|71
|
|t:|1652750702
|move|p2a: Ribombee|Aromatherapy|p2a: Ribombee
|-activate|p2a: Ribombee|move: Aromatherapy
|-curestatus|p2a: Ribombee|tox|[msg]
|-curestatus|p2: Gigalith|tox|[msg]
|move|p1a: Audino|Wish|p1a: Audino
|
|upkeep
|turn|72
|
|t:|1652750706
|move|p2a: Ribombee|Moonblast|p1a: Audino
|-damage|p1a: Audino|42/100
|move|p1a: Audino|Toxic|p2a: Ribombee
|-status|p2a: Ribombee|tox
|
|-heal|p1a: Audino|92/100|[from] move: Wish|[wisher] Audino
|-damage|p2a: Ribombee|88/100 tox|[from] psn
|upkeep
|turn|73
|
|t:|1652750727
|move|p2a: Ribombee|Aromatherapy|p2a: Ribombee
|-activate|p2a: Ribombee|move: Aromatherapy
|-curestatus|p2a: Ribombee|tox|[msg]
|move|p1a: Audino|Wish|p1a: Audino
|
|upkeep
|turn|74
|
|t:|1652750730
|move|p2a: Ribombee|Moonblast|p1a: Audino
|-damage|p1a: Audino|45/100
|move|p1a: Audino|Toxic|p2a: Ribombee
|-status|p2a: Ribombee|tox
|
|-heal|p1a: Audino|95/100|[from] move: Wish|[wisher] Audino
|-damage|p2a: Ribombee|82/100 tox|[from] psn
|upkeep
|turn|75
|
|t:|1652750734
|move|p2a: Ribombee|Quiver Dance|p2a: Ribombee
|-boost|p2a: Ribombee|spa|1
|-boost|p2a: Ribombee|spd|1
|-boost|p2a: Ribombee|spe|1
|move|p1a: Audino|Wish|p1a: Audino
|
|-damage|p2a: Ribombee|70/100 tox|[from] psn
|upkeep
|turn|76
|
|t:|1652750739
|move|p2a: Ribombee|Moonblast|p1a: Audino
|-damage|p1a: Audino|29/100
|move|p1a: Audino|Knock Off|p2a: Ribombee
|-resisted|p2a: Ribombee
|-damage|p2a: Ribombee|56/100 tox
|-enditem|p2a: Ribombee|Heavy-Duty Boots|[from] move: Knock Off|[of] p1a: Audino
|
|-heal|p1a: Audino|79/100|[from] move: Wish|[wisher] Audino
|-damage|p2a: Ribombee|38/100 tox|[from] psn
|upkeep
|turn|77
|
|t:|1652750743
|move|p2a: Ribombee|Aromatherapy|p2a: Ribombee
|-activate|p2a: Ribombee|move: Aromatherapy
|-curestatus|p2a: Ribombee|tox|[msg]
|move|p1a: Audino|Wish|p1a: Audino
|
|upkeep
|turn|78
|
|t:|1652750747
|move|p2a: Ribombee|Roost|p2a: Ribombee
|-heal|p2a: Ribombee|88/100
|-singleturn|p2a: Ribombee|move: Roost
|move|p1a: Audino|Toxic|p2a: Ribombee
|-status|p2a: Ribombee|tox
|
|-heal|p1a: Audino|100/100|[from] move: Wish|[wisher] Audino
|-damage|p2a: Ribombee|82/100 tox|[from] psn
|upkeep
|turn|79
|
|t:|1652750753
|move|p2a: Ribombee|Quiver Dance|p2a: Ribombee
|-boost|p2a: Ribombee|spa|1
|-boost|p2a: Ribombee|spd|1
|-boost|p2a: Ribombee|spe|1
|move|p1a: Audino|Wish|p1a: Audino
|
|-damage|p2a: Ribombee|70/100 tox|[from] psn
|upkeep
|turn|80
|
|t:|1652750757
|move|p2a: Ribombee|Moonblast|p1a: Audino
|-damage|p1a: Audino|21/100
|-unboost|p1a: Audino|spa|1
|move|p1a: Audino|Knock Off|p2a: Ribombee
|-resisted|p2a: Ribombee
|-damage|p2a: Ribombee|61/100 tox
|
|-heal|p1a: Audino|71/100|[from] move: Wish|[wisher] Audino
|-damage|p2a: Ribombee|43/100 tox|[from] psn
|upkeep
|turn|81
|
|t:|1652750772
|move|p2a: Ribombee|Aromatherapy|p2a: Ribombee
|-activate|p2a: Ribombee|move: Aromatherapy
|-curestatus|p2a: Ribombee|tox|[msg]
|move|p1a: Audino|Wish|p1a: Audino
|
|upkeep
|turn|82
|
|t:|1652750775
|move|p1a: Audino|Protect|p1a: Audino
|-singleturn|p1a: Audino|Protect
|move|p2a: Ribombee|Moonblast|p1a: Audino
|-activate|p1a: Audino|move: Protect
|
|-heal|p1a: Audino|100/100|[from] move: Wish|[wisher] Audino
|upkeep
|turn|83
|
|t:|1652750780
|move|p2a: Ribombee|Moonblast|p1a: Audino
|-damage|p1a: Audino|28/100
|move|p1a: Audino|Toxic|p2a: Ribombee
|-status|p2a: Ribombee|tox
|
|-damage|p2a: Ribombee|37/100 tox|[from] psn
|upkeep
|turn|84
|
|t:|1652750784
|move|p2a: Ribombee|Roost|p2a: Ribombee
|-heal|p2a: Ribombee|87/100 tox
|-singleturn|p2a: Ribombee|move: Roost
|move|p1a: Audino|Wish|p1a: Audino
|
|-damage|p2a: Ribombee|75/100 tox|[from] psn
|upkeep
|turn|85
|
|t:|1652750788
|move|p2a: Ribombee|Quiver Dance|p2a: Ribombee
|-boost|p2a: Ribombee|spa|1
|-boost|p2a: Ribombee|spd|1
|-boost|p2a: Ribombee|spe|1
|move|p1a: Audino|Knock Off|p2a: Ribombee
|-resisted|p2a: Ribombee
|-damage|p2a: Ribombee|65/100 tox
|
|-heal|p1a: Audino|78/100|[from] move: Wish|[wisher] Audino
|-damage|p2a: Ribombee|47/100 tox|[from] psn
|upkeep
|turn|86
|
|t:|1652750807
|move|p2a: Ribombee|Roost|p2a: Ribombee
|-heal|p2a: Ribombee|97/100 tox
|-singleturn|p2a: Ribombee|move: Roost
|move|p1a: Audino|Wish|p1a: Audino
|
|-damage|p2a: Ribombee|73/100 tox|[from] psn
|upkeep
|turn|87
|
|t:|1652750814
|move|p2a: Ribombee|Aromatherapy|p2a: Ribombee
|-activate|p2a: Ribombee|move: Aromatherapy
|-curestatus|p2a: Ribombee|tox|[msg]
|move|p1a: Audino|Toxic|p2a: Ribombee
|-status|p2a: Ribombee|tox
|
|-heal|p1a: Audino|100/100|[from] move: Wish|[wisher] Audino
|-damage|p2a: Ribombee|67/100 tox|[from] psn
|upkeep
|turn|88
|
|t:|1652750818
|move|p2a: Ribombee|Moonblast|p1a: Audino
|-damage|p1a: Audino|12/100
|move|p1a: Audino|Wish|p1a: Audino
|
|-damage|p2a: Ribombee|54/100 tox|[from] psn
|upkeep
|turn|89
|
|t:|1652750822
|move|p1a: Audino|Protect|p1a: Audino
|-singleturn|p1a: Audino|Protect
|move|p2a: Ribombee|Roost|p2a: Ribombee
|-heal|p2a: Ribombee|100/100 tox
|-singleturn|p2a: Ribombee|move: Roost
|
|-heal|p1a: Audino|62/100|[from] move: Wish|[wisher] Audino
|-damage|p2a: Ribombee|82/100 tox|[from] psn
|upkeep
|turn|90
|
|t:|1652750837
|move|p1a: Audino|Protect|p1a: Audino
|-singleturn|p1a: Audino|Protect
|move|p2a: Ribombee|Moonblast|p1a: Audino
|-activate|p1a: Audino|move: Protect
|
|-damage|p2a: Ribombee|58/100 tox|[from] psn
|upkeep
|turn|91
|
|t:|1652750842
|move|p1a: Audino|Protect||[still]
|-fail|p1a: Audino
|move|p2a: Ribombee|Moonblast|p1a: Audino
|-damage|p1a: Audino|0 fnt
|faint|p1a: Audino
|
|-damage|p2a: Ribombee|27/100 tox|[from] psn
|upkeep
|
|t:|1652750850
|switch|p1a: Charizard|Charizard, M, shiny|69/100
|-damage|p1a: Charizard|19/100|[from] Stealth Rock
|turn|92
|
|t:|1652750856
|move|p2a: Ribombee|Moonblast|p1a: Charizard
|-resisted|p1a: Charizard
|-damage|p1a: Charizard|0 fnt
|faint|p1a: Charizard
|
|-damage|p2a: Ribombee|0 fnt|[from] psn
|faint|p2a: Ribombee
|upkeep
|
|t:|1652750864
|switch|p2a: Scrafty|Scrafty, F|70/100
|switch|p1a: Perrserker|Perrserker, F|76/100
|-damage|p1a: Perrserker|63/100|[from] Spikes
|-damage|p1a: Perrserker|57/100|[from] Stealth Rock
|-damage|p2a: Scrafty|64/100|[from] Stealth Rock
|turn|93
|
|t:|1652750870
|move|p1a: Perrserker|Close Combat|p2a: Scrafty
|-supereffective|p2a: Scrafty
|-damage|p2a: Scrafty|0 fnt
|-unboost|p1a: Perrserker|def|1
|-unboost|p1a: Perrserker|spd|1
|faint|p2a: Scrafty
|
|upkeep
|
|t:|1652750873
|switch|p2a: Gigalith|Gigalith, M|81/100
|-damage|p2a: Gigalith|69/100|[from] Stealth Rock
|-weather|Sandstorm|[from] ability: Sand Stream|[of] p2a: Gigalith
|turn|94
|
|t:|1652750876
|move|p2a: Gigalith|Protect|p2a: Gigalith
|-singleturn|p2a: Gigalith|Protect
|move|p1a: Perrserker|Close Combat|p2a: Gigalith
|-activate|p2a: Gigalith|move: Protect
|
|-weather|Sandstorm|[upkeep]
|-heal|p2a: Gigalith|75/100|[from] item: Leftovers
|upkeep
|turn|95
|
|t:|1652750878
|move|p1a: Perrserker|Close Combat|p2a: Gigalith
|-supereffective|p2a: Gigalith
|-damage|p2a: Gigalith|0 fnt
|-unboost|p1a: Perrserker|def|1
|-unboost|p1a: Perrserker|spd|1
|faint|p2a: Gigalith
|
|win|Its oyster time
|n|☆Its oyster time|itsoystertime
|n|☆ti84silveredition|ti84silveredition
|n|*Lady Monita ✿|ladymonita
|n| durarararara|durarararara
|n| goldtodd1|goldtodd1
|l|*Lady Monita ✿
|c|☆Its oyster time|gg
|l|☆ti84silveredition
|l| goldtodd1
|l| durarararara
