|j|☆bassy gay
|j|☆enemyjurist
|t:|1668109113
|gametype|singles
|player|p1|bassy gay|1|1680
|player|p2|enemyjurist|acetrainerf|1410
|teamsize|p1|6
|teamsize|p2|6
|gen|8
|tier|[Gen 8] PU
|rated|
|rule|Sleep Clause Mod: Limit one foe put to sleep
|rule|Species Clause: Limit one of each Pokémon
|rule|OHKO Clause: OHKO moves are banned
|rule|Evasion Items Clause: Evasion items are banned
|rule|Evasion Moves Clause: Evasion moves are banned
|rule|Endless Battle Clause: Forcing endless battles is banned
|rule|HP Percentage Mod: HP is shown in percentages
|rule|Dynamax Clause: You cannot dynamax
|clearpoke
|poke|p1|Gourgeist-*, F|
|poke|p1|Comfey, F|
|poke|p1|Lunatone|
|poke|p1|Togedemaru, M|
|poke|p1|Scrafty, F|
|poke|p1|Charizard, M|
|poke|p2|Thwackey, F|
|poke|p2|Comfey, F|
|poke|p2|Thievul, F|
|poke|p2|Doublade, F|
|poke|p2|Coalossal, M|
|poke|p2|Hitmonlee, M|
|teampreview
|
|t:|1668109161
|start
|switch|p1a: Gourgeist|Gourgeist-Super, F|100/100
|switch|p2a: Thwackey|Thwackey, F|100/100
|-fieldstart|move: Grassy Terrain|[from] ability: Grassy Surge|[of] p2a: Thwackey
|-item|p2a: Thwackey|Terrain Extender|[from] ability: Frisk|[of] p1a: Gourgeist|[identify]
|turn|1
|
|t:|1668109178
|move|p2a: Thwackey|U-turn|p1a: Gourgeist
|-damage|p1a: Gourgeist|83/100
|
|t:|1668109192
|switch|p2a: Coalossal|Coalossal, M|100/100|[from]move: U-turn
|move|p1a: Gourgeist|Power Whip|p2a: Coalossal
|-damage|p2a: Coalossal|49/100
|
|-heal|p1a: Gourgeist|89/100|[from] Grassy Terrain
|-heal|p2a: Coalossal|55/100|[from] Grassy Terrain
|upkeep
|turn|2
|
|t:|1668109204
|switch|p1a: Lunatone|Lunatone|100/100
|move|p2a: Coalossal|Stealth Rock|p1a: Lunatone
|-sidestart|p1: bassy gay|move: Stealth Rock
|
|-heal|p2a: Coalossal|61/100|[from] Grassy Terrain
|upkeep
|turn|3
|
|t:|1668109234
|switch|p2a: Thievul|Thievul, F|100/100
|-enditem|p2a: Thievul|Grassy Seed
|-boost|p2a: Thievul|def|1|[from] item: Grassy Seed
|move|p1a: Lunatone|Future Sight|p2a: Thievul
|-start|p1a: Lunatone|move: Future Sight
|
|upkeep
|turn|4
|
|t:|1668109244
|switch|p1a: Scrafty|Scrafty, F|100/100
|-damage|p1a: Scrafty|95/100|[from] Stealth Rock
|move|p2a: Thievul|Dark Pulse|p1a: Scrafty
|-resisted|p1a: Scrafty
|-damage|p1a: Scrafty|85/100
|
|-heal|p1a: Scrafty|91/100|[from] Grassy Terrain
|-heal|p1a: Scrafty|97/100|[from] item: Leftovers
|upkeep
|turn|5
|
|t:|1668109265
|switch|p2a: Comfey|Comfey, F|100/100
|-enditem|p2a: Comfey|Grassy Seed
|-boost|p2a: Comfey|def|1|[from] item: Grassy Seed
|move|p1a: Scrafty|Roar|p2a: Comfey
|drag|p2a: Thievul|Thievul, F|100/100
|
|-end|p2a: Thievul|move: Future Sight
|-immune|p2a: Thievul
|-heal|p1a: Scrafty|100/100|[from] Grassy Terrain
|upkeep
|turn|6
|
|t:|1668109277
|switch|p2a: Comfey|Comfey, F|100/100
|move|p1a: Scrafty|Close Combat|p2a: Comfey
|-resisted|p2a: Comfey
|-damage|p2a: Comfey|67/100
|-unboost|p1a: Scrafty|def|1
|-unboost|p1a: Scrafty|spd|1
|
|-heal|p2a: Comfey|74/100|[from] Grassy Terrain
|upkeep
|turn|7
|
|t:|1668109299
|switch|p2a: Coalossal|Coalossal, M|61/100
|switch|p1a: Togedemaru|Togedemaru, M|100/100
|
|-heal|p2a: Coalossal|67/100|[from] Grassy Terrain
|upkeep
|turn|8
|
|t:|1668109324
|move|p1a: Togedemaru|U-turn|p2a: Coalossal
|-resisted|p2a: Coalossal
|-damage|p2a: Coalossal|62/100
|-status|p1a: Togedemaru|brn|[from] ability: Flame Body|[of] p2a: Coalossal
|
|t:|1668109327
|switch|p1a: Lunatone|Lunatone|100/100|[from]move: U-turn
|-damage|p1a: Lunatone|88/100|[from] Stealth Rock
|move|p2a: Coalossal|Rock Blast|p1a: Lunatone
|-damage|p1a: Lunatone|78/100
|-damage|p1a: Lunatone|70/100
|-hitcount|p1a: Lunatone|2
|
|-heal|p1a: Lunatone|76/100|[from] item: Leftovers
|-heal|p2a: Coalossal|68/100|[from] Grassy Terrain
|-fieldend|move: Grassy Terrain
|upkeep
|turn|9
|
|t:|1668109338
|switch|p2a: Thievul|Thievul, F|100/100
|move|p1a: Lunatone|Future Sight|p2a: Thievul
|-start|p1a: Lunatone|move: Future Sight
|
|-heal|p1a: Lunatone|82/100|[from] item: Leftovers
|upkeep
|turn|10
|
|t:|1668109356
|switch|p2a: Comfey|Comfey, F|74/100
|switch|p1a: Comfey|Comfey, F|100/100
|-damage|p1a: Comfey|88/100|[from] Stealth Rock
|
|upkeep
|turn|11
|
|t:|1668109363
|switch|p2a: Doublade|Doublade, F|100/100
|move|p1a: Comfey|Draining Kiss|p2a: Doublade
|-resisted|p2a: Doublade
|-crit|p2a: Doublade
|-damage|p2a: Doublade|79/100
|-heal|p1a: Comfey|100/100|[from] drain|[of] p2a: Doublade
|-damage|p1a: Comfey|91/100|[from] item: Life Orb
|
|-end|p2a: Doublade|move: Future Sight
|-resisted|p2a: Doublade
|-damage|p2a: Doublade|51/100
|upkeep
|turn|12
|
|t:|1668109374
|switch|p1a: Charizard|Charizard, M|100/100
|move|p2a: Doublade|Shadow Claw|p1a: Charizard
|-crit|p1a: Charizard
|-damage|p1a: Charizard|19/100
|
|upkeep
|turn|13
|
|t:|1668109380
|switch|p1a: Togedemaru|Togedemaru, M|100/100 brn
|move|p2a: Doublade|Shadow Sneak|p1a: Togedemaru
|-damage|p1a: Togedemaru|71/100 brn
|-damage|p2a: Doublade|39/100|[from] ability: Iron Barbs|[of] p1a: Togedemaru
|
|-damage|p1a: Togedemaru|65/100 brn|[from] brn
|upkeep
|turn|14
|
|t:|1668109392
|switch|p2a: Coalossal|Coalossal, M|68/100
|move|p1a: Togedemaru|U-turn|p2a: Coalossal
|-resisted|p2a: Coalossal
|-damage|p2a: Coalossal|66/100
|
|t:|1668109397
|switch|p1a: Lunatone|Lunatone|82/100|[from]move: U-turn
|-damage|p1a: Lunatone|70/100|[from] Stealth Rock
|
|-heal|p1a: Lunatone|76/100|[from] item: Leftovers
|upkeep
|turn|15
|
|t:|1668109405
|switch|p2a: Thievul|Thievul, F|100/100
|move|p1a: Lunatone|Future Sight|p2a: Thievul
|-start|p1a: Lunatone|move: Future Sight
|
|-heal|p1a: Lunatone|82/100|[from] item: Leftovers
|upkeep
|turn|16
|
|t:|1668109439
|switch|p1a: Comfey|Comfey, F|91/100
|-damage|p1a: Comfey|78/100|[from] Stealth Rock
|move|p2a: Thievul|Dark Pulse|p1a: Comfey
|-resisted|p1a: Comfey
|-damage|p1a: Comfey|59/100
|
|upkeep
|turn|17
|
|t:|1668109446
|switch|p2a: Coalossal|Coalossal, M|66/100
|move|p1a: Comfey|Calm Mind|p1a: Comfey
|-boost|p1a: Comfey|spa|1
|-boost|p1a: Comfey|spd|1
|
|-end|p2a: Coalossal|move: Future Sight
|-damage|p2a: Coalossal|32/100
|upkeep
|turn|18
|
|t:|1668109455
|move|p1a: Comfey|Calm Mind|p1a: Comfey
|-boost|p1a: Comfey|spa|1
|-boost|p1a: Comfey|spd|1
|move|p2a: Coalossal|Rock Blast|p1a: Comfey
|-damage|p1a: Comfey|50/100
|-damage|p1a: Comfey|41/100
|-hitcount|p1a: Comfey|2
|
|upkeep
|turn|19
|
|t:|1668109465
|move|p1a: Comfey|Giga Drain|p2a: Coalossal
|-damage|p2a: Coalossal|0 fnt
|-heal|p1a: Comfey|65/100|[from] drain|[of] p2a: Coalossal
|faint|p2a: Coalossal
|-damage|p1a: Comfey|55/100|[from] item: Life Orb
|
|upkeep
|
|t:|1668109475
|switch|p2a: Doublade|Doublade, F|39/100
|turn|20
|
|t:|1668109480
|move|p1a: Comfey|Draining Kiss|p2a: Doublade
|-resisted|p2a: Doublade
|-damage|p2a: Doublade|7/100
|-heal|p1a: Comfey|83/100|[from] drain|[of] p2a: Doublade
|-damage|p1a: Comfey|73/100|[from] item: Life Orb
|move|p2a: Doublade|Shadow Claw|p1a: Comfey
|-damage|p1a: Comfey|32/100
|
|upkeep
|turn|21
|
|t:|1668109490
|move|p1a: Comfey|Draining Kiss|p2a: Doublade
|-resisted|p2a: Doublade
|-damage|p2a: Doublade|0 fnt
|-heal|p1a: Comfey|38/100|[from] drain|[of] p2a: Doublade
|faint|p2a: Doublade
|-damage|p1a: Comfey|28/100|[from] item: Life Orb
|
|upkeep
|
|t:|1668109496
|switch|p2a: Thwackey|Thwackey, F|100/100
|-fieldstart|move: Grassy Terrain|[from] ability: Grassy Surge|[of] p2a: Thwackey
|turn|22
|
|t:|1668109499
|move|p1a: Comfey|Draining Kiss|p2a: Thwackey
|-damage|p2a: Thwackey|11/100
|-heal|p1a: Comfey|100/100|[from] drain|[of] p2a: Thwackey
|-damage|p1a: Comfey|91/100|[from] item: Life Orb
|move|p2a: Thwackey|Grassy Glide|p1a: Comfey
|-damage|p1a: Comfey|42/100
|
|-heal|p1a: Comfey|48/100|[from] Grassy Terrain
|-heal|p2a: Thwackey|18/100|[from] Grassy Terrain
|upkeep
|turn|23
|-message|enemyjurist forfeited.
|
|win|bassy gay
|raw|bassy gay's rating: 1680 &rarr; <strong>1687</strong><br />(+7 for winning)
|raw|enemyjurist's rating: 1410 &rarr; <strong>1403</strong><br />(-7 for losing)
|l|☆enemyjurist
