|html|<div class="broadcast-blue"><strong>[Gen 8] PU is currently suspecting Espeon! For information on how to participate check out the <a href="https://www.smogon.com/forums/threads/np-pu-stage-8-magic-bounce.3697962/">suspect thread</a>.</strong></div>
|j|☆bosox27
|j|☆MentalAdversity
|t:|1645404292
|gametype|singles
|player|p1|bosox27|1|1552
|player|p2|MentalAdversity|pokefanf-gen4|1459
|teamsize|p1|6
|teamsize|p2|6
|gen|8
|tier|[Gen 8] PU
|rated|
|rule|Sleep Clause Mod: Limit one foe put to sleep
|rule|Species Clause: Limit one of each Pokémon
|rule|OHKO Clause: OHKO moves are banned
|rule|Evasion Moves Clause: Evasion moves are banned
|rule|Endless Battle Clause: Forcing endless battles is banned
|rule|HP Percentage Mod: HP is shown in percentages
|rule|Dynamax Clause: You cannot dynamax
|clearpoke
|poke|p1|Glaceon, F|
|poke|p1|Druddigon, F|
|poke|p1|Dugtrio-Alola, M|
|poke|p1|Magmortar, M|
|poke|p1|Ferroseed, M|
|poke|p1|Golbat, F|
|poke|p2|Tangela, M|
|poke|p2|Articuno|
|poke|p2|Audino, M|
|poke|p2|Corsola, M|
|poke|p2|Eldegoss, F|
|poke|p2|Quagsire, F|
|teampreview
|c|☆bosox27|ugh this damn stall team
|
|t:|1645404317
|start
|switch|p1a: Golbat|Golbat, F|100/100
|switch|p2a: DREADLOCKPUBE|Tangela, M, shiny|100/100
|turn|1
|
|t:|1645404324
|move|p2a: DREADLOCKPUBE|Protect|p2a: DREADLOCKPUBE
|-singleturn|p2a: DREADLOCKPUBE|Protect
|move|p1a: Golbat|Toxic|p2a: DREADLOCKPUBE
|-activate|p2a: DREADLOCKPUBE|move: Protect
|
|upkeep
|turn|2
|
|t:|1645404332
|move|p1a: Golbat|Toxic|p2a: DREADLOCKPUBE
|-status|p2a: DREADLOCKPUBE|tox
|move|p2a: DREADLOCKPUBE|Knock Off|p1a: Golbat
|-damage|p1a: Golbat|93/100
|-enditem|p1a: Golbat|Eviolite|[from] move: Knock Off|[of] p2a: DREADLOCKPUBE
|
|-damage|p2a: DREADLOCKPUBE|95/100 tox|[from] psn
|upkeep
|turn|3
|
|t:|1645404340
|switch|p1a: Ferroseed|Ferroseed, M|100/100
|move|p2a: DREADLOCKPUBE|Leech Seed|p1a: Ferroseed
|-immune|p1a: Ferroseed
|
|-damage|p2a: DREADLOCKPUBE|83/100 tox|[from] psn
|upkeep
|turn|4
|
|t:|1645404346
|switch|p2a: BARRIER REEF|Corsola, M, shiny|100/100
|move|p1a: Ferroseed|Knock Off|p2a: BARRIER REEF
|-damage|p2a: BARRIER REEF|91/100
|-enditem|p2a: BARRIER REEF|Leftovers|[from] move: Knock Off|[of] p1a: Ferroseed
|
|upkeep
|turn|5
|
|t:|1645404352
|move|p2a: BARRIER REEF|Stealth Rock|p1a: Ferroseed
|-sidestart|p1: bosox27|move: Stealth Rock
|move|p1a: Ferroseed|Spikes|p2a: BARRIER REEF
|-sidestart|p2: MentalAdversity|Spikes
|
|upkeep
|turn|6
|
|t:|1645404354
|switch|p2a: COTTONBALL|Eldegoss, F, shiny|100/100
|move|p1a: Ferroseed|Knock Off|p2a: COTTONBALL
|-damage|p2a: COTTONBALL|85/100
|-enditem|p2a: COTTONBALL|Heavy-Duty Boots|[from] move: Knock Off|[of] p1a: Ferroseed
|
|upkeep
|turn|7
|
|t:|1645404382
|switch|p1a: Magmortar|Magmortar, M|100/100
|move|p2a: COTTONBALL|Rapid Spin|p1a: Magmortar
|-damage|p1a: Magmortar|90/100
|-boost|p2a: COTTONBALL|spe|1
|-status|p2a: COTTONBALL|brn|[from] ability: Flame Body|[of] p1a: Magmortar
|-sideend|p2: MentalAdversity|Spikes|[from] move: Rapid Spin|[of] p2a: COTTONBALL
|
|-damage|p2a: COTTONBALL|79/100 brn|[from] brn
|upkeep
|turn|8
|
|t:|1645404389
|move|p2a: COTTONBALL|Protect|p2a: COTTONBALL
|-singleturn|p2a: COTTONBALL|Protect
|move|p1a: Magmortar|Fire Blast|p2a: COTTONBALL
|-activate|p2a: COTTONBALL|move: Protect
|
|-damage|p2a: COTTONBALL|73/100 brn|[from] brn
|upkeep
|turn|9
|
|t:|1645404394
|switch|p2a: NURSE JOY|Audino, M, shiny|100/100
|move|p1a: Magmortar|Thunderbolt|p2a: NURSE JOY
|-damage|p2a: NURSE JOY|80/100
|
|upkeep
|turn|10
|
|t:|1645404401
|move|p1a: Magmortar|Fire Blast|p2a: NURSE JOY
|-damage|p2a: NURSE JOY|42/100
|move|p2a: NURSE JOY|Knock Off|p1a: Magmortar
|-damage|p1a: Magmortar|66/100
|-enditem|p1a: Magmortar|Heavy-Duty Boots|[from] move: Knock Off|[of] p2a: NURSE JOY
|
|upkeep
|turn|11
|
|t:|1645404405
|move|p2a: NURSE JOY|Protect|p2a: NURSE JOY
|-singleturn|p2a: NURSE JOY|Protect
|move|p1a: Magmortar|Fire Blast|p2a: NURSE JOY
|-activate|p2a: NURSE JOY|move: Protect
|
|upkeep
|turn|12
|
|t:|1645404409
|switch|p2a: Perry the platypus|Quagsire, F, shiny|100/100
|move|p1a: Magmortar|Thunderbolt|p2a: Perry the platypus
|-immune|p2a: Perry the platypus
|
|upkeep
|turn|13
|
|t:|1645404412
|switch|p1a: Glaceon|Glaceon, F|100/100
|-damage|p1a: Glaceon|76/100|[from] Stealth Rock
|move|p2a: Perry the platypus|Scald|p1a: Glaceon
|-crit|p1a: Glaceon
|-damage|p1a: Glaceon|38/100
|-status|p1a: Glaceon|brn
|
|-damage|p1a: Glaceon|32/100 brn|[from] brn
|upkeep
|turn|14
|
|t:|1645404426
|switch|p2a: BLUE JAYS|Articuno|100/100
|-ability|p2a: BLUE JAYS|Pressure
|move|p1a: Glaceon|Ice Beam|p2a: BLUE JAYS
|-damage|p2a: BLUE JAYS|64/100
|
|-damage|p1a: Glaceon|26/100 brn|[from] brn
|upkeep
|turn|15
|
|t:|1645404429
|move|p1a: Glaceon|Ice Beam|p2a: BLUE JAYS
|-damage|p2a: BLUE JAYS|26/100
|move|p2a: BLUE JAYS|Roost|p2a: BLUE JAYS
|-heal|p2a: BLUE JAYS|76/100
|-singleturn|p2a: BLUE JAYS|move: Roost
|
|-damage|p1a: Glaceon|20/100 brn|[from] brn
|upkeep
|turn|16
|-message|bosox27 forfeited.
|
|win|MentalAdversity
|raw|bosox27's rating: 1552 &rarr; <strong>1527</strong><br />(-25 for losing)
|raw|MentalAdversity's rating: 1459 &rarr; <strong>1484</strong><br />(+25 for winning)
|l|☆bosox27
||Ladder isn't responding, score probably updated but might not have (Request timeout).
