|j|☆adhadda
|j|☆Hiddenlaketest
|player|p1|adhadda|102|1361
|player|p2|Hiddenlaketest|fisherman-gen4|1180
|teamsize|p1|6
|teamsize|p2|6
|gametype|singles
|gen|8
|tier|[Gen 8] PU
|rated|
|clearpoke
|poke|p1|Dubwool, M|
|poke|p1|Pincurchin, M|
|poke|p1|Manectric, F|
|poke|p1|Seaking, M|
|poke|p1|Hitmontop, M|
|poke|p1|Dusknoir, F|
|poke|p2|Swirlix, F|
|poke|p2|Trevenant, M|
|poke|p2|Pawniard, M|
|poke|p2|Musharna, F|
|poke|p2|Hitmontop, M|
|poke|p2|Manectric, F|
|rule|Sleep Clause Mod: Limit one foe put to sleep
|rule|Species Clause: Limit one of each Pokémon
|rule|OHKO Clause: OHKO moves are banned
|rule|Evasion Moves Clause: Evasion moves are banned
|rule|Endless Battle Clause: Forcing endless battles is banned
|rule|HP Percentage Mod: HP is shown in percentages
|rule|Dynamax Clause: You cannot dynamax
|teampreview
|c|☆Hiddenlaketest|gl hf
|
|start
|switch|p1a: Dusknoir|Dusknoir, F|100/100
|switch|p2a: Swirlix|Swirlix, F|100/100
|-item|p2a: Swirlix|Focus Sash|[from] ability: Frisk|[of] p1a: Dusknoir|[identify]
|turn|1
|
|move|p2a: Swirlix|Sticky Web|p1a: Dusknoir
|-sidestart|p1: adhadda|move: Sticky Web
|move|p1a: Dusknoir|Poltergeist|p2a: Swirlix
|-activate|p2a: Swirlix|move: Poltergeist|Focus Sash
|-enditem|p2a: Swirlix|Focus Sash
|-damage|p2a: Swirlix|1/100
|
|upkeep
|turn|2
|
|switch|p2a: Musharna|Musharna, F|100/100
|move|p1a: Dusknoir|Shadow Sneak|p2a: Musharna
|-supereffective|p2a: Musharna
|-damage|p2a: Musharna|74/100
|
|upkeep
|turn|3
|
|move|p1a: Dusknoir|Poltergeist||[still]
|-fail|p1a: Dusknoir
|move|p2a: Musharna|Psychic|p1a: Dusknoir
|-damage|p1a: Dusknoir|69/100
|
|-heal|p1a: Dusknoir|75/100|[from] item: Leftovers
|upkeep
|turn|4
|
|switch|p1a: Seaking|Seaking, M|100/100
|-activate|p1a: Seaking|move: Sticky Web
|-unboost|p1a: Seaking|spe|1
|move|p2a: Musharna|Psychic|p1a: Seaking
|-damage|p1a: Seaking|75/100
|
|upkeep
|turn|5
|
|switch|p2a: Swirlix|Swirlix, F|1/100
|move|p1a: Seaking|Megahorn|p2a: Swirlix
|-resisted|p2a: Swirlix
|-damage|p2a: Swirlix|0 fnt
|faint|p2a: Swirlix
|
|upkeep
|
|switch|p2a: Trevenant|Trevenant, M|100/100
|turn|6
|
|switch|p1a: Pincurchin|Pincurchin, M|100/100
|-activate|p1a: Pincurchin|move: Sticky Web
|-unboost|p1a: Pincurchin|spe|1
|-fieldstart|move: Electric Terrain|[from] ability: Electric Surge|[of] p1a: Pincurchin
|move|p2a: Trevenant|Horn Leech|p1a: Pincurchin
|-damage|p1a: Pincurchin|29/100
|
|upkeep
|turn|7
|
|move|p2a: Trevenant|Horn Leech|p1a: Pincurchin
|-damage|p1a: Pincurchin|0 fnt
|faint|p1a: Pincurchin
|
|upkeep
|
|switch|p1a: Manectric|Manectric, F|100/100
|-activate|p1a: Manectric|move: Sticky Web
|-unboost|p1a: Manectric|spe|1
|turn|8
|
|switch|p2a: Hitmontop|Hitmontop, M|100/100
|move|p1a: Manectric|Switcheroo|p2a: Hitmontop
|-activate|p1a: Manectric|move: Trick|[of] p2a: Hitmontop
|-item|p2a: Hitmontop|Choice Specs|[from] move: Switcheroo
|-item|p1a: Manectric|Assault Vest|[from] move: Switcheroo
|
|upkeep
|turn|9
|
|switch|p1a: Dusknoir|Dusknoir, F|75/100
|-activate|p1a: Dusknoir|move: Sticky Web
|-unboost|p1a: Dusknoir|spe|1
|-item|p2a: Hitmontop|Choice Specs|[from] ability: Frisk|[of] p1a: Dusknoir|[identify]
|move|p2a: Hitmontop|Triple Axel|p1a: Dusknoir
|-damage|p1a: Dusknoir|66/100
|-damage|p1a: Dusknoir|48/100
|-damage|p1a: Dusknoir|24/100
|-hitcount|p1a: Dusknoir|3
|
|-heal|p1a: Dusknoir|30/100|[from] item: Leftovers
|upkeep
|turn|10
|
|switch|p1a: Dubwool|Dubwool, M|100/100
|-activate|p1a: Dubwool|move: Sticky Web
|-unboost|p1a: Dubwool|spe|1
|move|p2a: Hitmontop|Triple Axel|p1a: Dubwool|[miss]
|-miss|p2a: Hitmontop|p1a: Dubwool
|
|upkeep
|turn|11
|
|switch|p2a: Trevenant|Trevenant, M|100/100
|switch|p1a: Hitmontop|Hitmontop, M|100/100
|-activate|p1a: Hitmontop|move: Sticky Web
|-unboost|p1a: Hitmontop|spe|1
|
|upkeep
|turn|12
|
|move|p2a: Trevenant|Poltergeist|p1a: Hitmontop
|-activate|p1a: Hitmontop|move: Poltergeist|Leftovers
|-damage|p1a: Hitmontop|0 fnt
|faint|p1a: Hitmontop
|
|upkeep
|-message|adhadda forfeited.
|
|win|Hiddenlaketest
|l|☆adhadda
|raw|adhadda's rating: 1370 &rarr; <strong>1340</strong><br />(-30 for losing)
|raw|Hiddenlaketest's rating: 1180 &rarr; <strong>1218</strong><br />(+38 for winning)
