|html|<div class="broadcast-blue"><strong>[Gen 8] PU is currently suspecting Vanilluxe! For information on how to participate check out the <a href="https://www.smogon.com/forums/threads/np-ss-pu-stage-10-ice-cream-vanilluxe-suspect-test.3705646/">suspect thread</a>.</strong></div>
|j|☆EssenceAroma
|j|☆gassy neigh
|t:|1660506915
|gametype|singles
|player|p1|EssenceAroma|worker|1562
|player|p2|gassy neigh|clown|1582
|teamsize|p1|6
|teamsize|p2|6
|gen|8
|tier|[Gen 8] PU
|rated|
|rule|Sleep Clause Mod: Limit one foe put to sleep
|rule|Species Clause: Limit one of each Pokémon
|rule|OHKO Clause: OHKO moves are banned
|rule|Evasion Items Clause: Evasion items are banned
|rule|Evasion Moves Clause: Evasion moves are banned
|rule|Endless Battle Clause: Forcing endless battles is banned
|rule|HP Percentage Mod: HP is shown in percentages
|rule|Dynamax Clause: You cannot dynamax
|clearpoke
|poke|p1|Lycanroc, M|
|poke|p1|Dugtrio-Alola, M|
|poke|p1|Comfey, F|
|poke|p1|Gallade, M|
|poke|p1|Skuntank, M|
|poke|p1|Trevenant, M|
|poke|p2|Gigalith, F|
|poke|p2|Gourgeist-*, F|
|poke|p2|Cryogonal|
|poke|p2|Comfey, M|
|poke|p2|Golduck, M|
|poke|p2|Magneton|
|teampreview
|inactive|Battle timer is ON: inactive players will automatically lose when time's up. (requested by EssenceAroma)
|inactive|EssenceAroma has 120 seconds left.
|
|t:|1660506949
|start
|switch|p1a: Lycanroc|Lycanroc, M, shiny|100/100
|switch|p2a: Gourgeist|Gourgeist-Super, F|100/100
|-item|p1a: Lycanroc|Focus Sash|[from] ability: Frisk|[of] p2a: Gourgeist|[identify]
|turn|1
|
|t:|1660506958
|move|p1a: Lycanroc|Stealth Rock|p2a: Gourgeist
|-sidestart|p2: gassy neigh|move: Stealth Rock
|move|p2a: Gourgeist|Poltergeist|p1a: Lycanroc
|-activate|p1a: Lycanroc|move: Poltergeist|Focus Sash
|-damage|p1a: Lycanroc|8/100
|
|upkeep
|turn|2
|
|t:|1660506970
|switch|p1a: Skuntank|Skuntank, M, shiny|100/100
|move|p2a: Gourgeist|Poltergeist|p1a: Skuntank
|-activate|p1a: Skuntank|move: Poltergeist|Rocky Helmet
|-resisted|p1a: Skuntank
|-damage|p1a: Skuntank|78/100
|
|upkeep
|turn|3
|
|t:|1660506983
|switch|p2a: Magneton|Magneton|100/100
|-damage|p2a: Magneton|94/100|[from] Stealth Rock
|move|p1a: Skuntank|Toxic|p2a: Magneton
|-immune|p2a: Magneton
|
|upkeep
|turn|4
|
|t:|1660506991
|move|p1a: Skuntank|Flamethrower|p2a: Magneton
|-supereffective|p2a: Magneton
|-damage|p2a: Magneton|61/100
|move|p2a: Magneton|Flash Cannon|p1a: Skuntank
|-damage|p1a: Skuntank|14/100
|
|upkeep
|turn|5
|
|t:|1660506997
|move|p1a: Skuntank|Flamethrower|p2a: Magneton
|-supereffective|p2a: Magneton
|-damage|p2a: Magneton|24/100
|move|p2a: Magneton|Flash Cannon|p1a: Skuntank
|-damage|p1a: Skuntank|0 fnt
|faint|p1a: Skuntank
|
|upkeep
|
|t:|1660507005
|switch|p1a: Trevenant|Trevenant, M, shiny|100/100
|turn|6
|
|t:|1660507013
|switch|p2a: Gourgeist|Gourgeist-Super, F|100/100
|-damage|p2a: Gourgeist|88/100|[from] Stealth Rock
|-item|p1a: Trevenant|Assault Vest|[from] ability: Frisk|[of] p2a: Gourgeist|[identify]
|move|p1a: Trevenant|Poltergeist||[still]
|-fail|p1a: Trevenant
|
|upkeep
|turn|7
|
|t:|1660507022
|switch|p1a: Lycanroc|Lycanroc, M, shiny|8/100
|move|p2a: Gourgeist|Poltergeist|p1a: Lycanroc
|-activate|p1a: Lycanroc|move: Poltergeist|Focus Sash
|-damage|p1a: Lycanroc|0 fnt
|faint|p1a: Lycanroc
|
|upkeep
|
|t:|1660507032
|switch|p1a: Dugtrio|Dugtrio-Alola, M|100/100
|turn|8
|
|t:|1660507036
|move|p1a: Dugtrio|Night Slash|p2a: Gourgeist
|-supereffective|p2a: Gourgeist
|-damage|p2a: Gourgeist|37/100
|-damage|p1a: Dugtrio|91/100|[from] item: Life Orb
|move|p2a: Gourgeist|Poltergeist|p1a: Dugtrio
|-activate|p1a: Dugtrio|move: Poltergeist|Life Orb
|-damage|p1a: Dugtrio|0 fnt
|faint|p1a: Dugtrio
|
|upkeep
|
|t:|1660507047
|switch|p1a: Comfey|Comfey, F, shiny|100/100
|turn|9
|
|t:|1660507052
|switch|p2a: Cryogonal|Cryogonal|100/100
|move|p1a: Comfey|Calm Mind|p1a: Comfey
|-boost|p1a: Comfey|spa|1
|-boost|p1a: Comfey|spd|1
|
|upkeep
|turn|10
|
|t:|1660507058
|move|p2a: Cryogonal|Toxic|p1a: Comfey
|-status|p1a: Comfey|tox
|move|p1a: Comfey|Calm Mind|p1a: Comfey
|-boost|p1a: Comfey|spa|1
|-boost|p1a: Comfey|spd|1
|
|-damage|p1a: Comfey|94/100 tox|[from] psn
|upkeep
|turn|11
|
|t:|1660507067
|move|p2a: Cryogonal|Frost Breath|p1a: Comfey
|-crit|p1a: Comfey
|-damage|p1a: Comfey|60/100 tox
|move|p1a: Comfey|Calm Mind|p1a: Comfey
|-boost|p1a: Comfey|spa|1
|-boost|p1a: Comfey|spd|1
|
|-damage|p1a: Comfey|47/100 tox|[from] psn
|upkeep
|turn|12
|
|t:|1660507077
|move|p2a: Cryogonal|Frost Breath|p1a: Comfey
|-crit|p1a: Comfey
|-damage|p1a: Comfey|13/100 tox
|move|p1a: Comfey|Heal Bell|p1a: Comfey
|-activate|p1a: Comfey|move: Heal Bell
|-curestatus|p1a: Comfey|tox|[msg]
|
|upkeep
|turn|13
|
|t:|1660507087
|move|p1a: Comfey|Draining Kiss|p2a: Cryogonal
|-damage|p2a: Cryogonal|46/100
|-heal|p1a: Comfey|66/100|[from] drain|[of] p2a: Cryogonal
|-damage|p1a: Comfey|56/100|[from] item: Life Orb
|move|p2a: Cryogonal|Toxic|p1a: Comfey
|-status|p1a: Comfey|tox
|
|-damage|p1a: Comfey|50/100 tox|[from] psn
|upkeep
|turn|14
|
|t:|1660507102
|move|p1a: Comfey|Draining Kiss|p2a: Cryogonal
|-damage|p2a: Cryogonal|0 fnt
|-heal|p1a: Comfey|93/100 tox|[from] drain|[of] p2a: Cryogonal
|faint|p2a: Cryogonal
|-damage|p1a: Comfey|83/100 tox|[from] item: Life Orb
|
|-damage|p1a: Comfey|71/100 tox|[from] psn
|upkeep
|
|t:|1660507107
|switch|p2a: Gigalith|Gigalith, F|100/100
|-damage|p2a: Gigalith|88/100|[from] Stealth Rock
|-weather|Sandstorm|[from] ability: Sand Stream|[of] p2a: Gigalith
|turn|15
|
|t:|1660507116
|move|p1a: Comfey|Heal Bell|p1a: Comfey
|-activate|p1a: Comfey|move: Heal Bell
|-curestatus|p1a: Comfey|tox|[msg]
|move|p2a: Gigalith|Rock Blast|p1a: Comfey
|-damage|p1a: Comfey|59/100
|-damage|p1a: Comfey|44/100
|-damage|p1a: Comfey|30/100
|-hitcount|p1a: Comfey|3
|
|-weather|Sandstorm|[upkeep]
|-damage|p1a: Comfey|24/100|[from] Sandstorm
|-heal|p2a: Gigalith|94/100|[from] item: Leftovers
|upkeep
|turn|16
|
|t:|1660507129
|move|p1a: Comfey|Giga Drain|p2a: Gigalith
|-supereffective|p2a: Gigalith
|-damage|p2a: Gigalith|26/100
|-heal|p1a: Comfey|71/100|[from] drain|[of] p2a: Gigalith
|-damage|p1a: Comfey|61/100|[from] item: Life Orb
|move|p2a: Gigalith|Toxic|p1a: Comfey
|-status|p1a: Comfey|tox
|
|-weather|Sandstorm|[upkeep]
|-damage|p1a: Comfey|55/100 tox|[from] Sandstorm
|-heal|p2a: Gigalith|32/100|[from] item: Leftovers
|-damage|p1a: Comfey|48/100 tox|[from] psn
|upkeep
|turn|17
|
|t:|1660507142
|move|p1a: Comfey|Draining Kiss|p2a: Gigalith
|-damage|p2a: Gigalith|0 fnt
|-heal|p1a: Comfey|81/100 tox|[from] drain|[of] p2a: Gigalith
|faint|p2a: Gigalith
|-damage|p1a: Comfey|71/100 tox|[from] item: Life Orb
|
|-weather|Sandstorm|[upkeep]
|-damage|p1a: Comfey|65/100 tox|[from] Sandstorm
|-damage|p1a: Comfey|53/100 tox|[from] psn
|upkeep
|
|t:|1660507145
|switch|p2a: Comfey|Comfey, M|100/100
|-damage|p2a: Comfey|88/100|[from] Stealth Rock
|turn|18
|
|t:|1660507156
|move|p2a: Comfey|Trick|p1a: Comfey
|-activate|p2a: Comfey|move: Trick|[of] p1a: Comfey
|-item|p1a: Comfey|Choice Specs|[from] move: Trick
|-item|p2a: Comfey|Life Orb|[from] move: Trick
|move|p1a: Comfey|Heal Bell|p1a: Comfey
|-activate|p1a: Comfey|move: Heal Bell
|-curestatus|p1a: Comfey|tox|[msg]
|
|-weather|Sandstorm|[upkeep]
|-damage|p2a: Comfey|82/100|[from] Sandstorm
|-damage|p1a: Comfey|46/100|[from] Sandstorm
|upkeep
|turn|19
|
|t:|1660507167
|switch|p1a: Trevenant|Trevenant, M, shiny|100/100
|move|p2a: Comfey|Calm Mind|p2a: Comfey
|-boost|p2a: Comfey|spa|1
|-boost|p2a: Comfey|spd|1
|
|-weather|none
|upkeep
|turn|20
|
|t:|1660507180
|switch|p2a: Magneton|Magneton|24/100
|-damage|p2a: Magneton|18/100|[from] Stealth Rock
|move|p1a: Trevenant|Horn Leech|p2a: Magneton
|-resisted|p2a: Magneton
|-damage|p2a: Magneton|0 fnt
|faint|p2a: Magneton
|
|upkeep
|
|t:|1660507182
|switch|p2a: Gourgeist|Gourgeist-Super, F|37/100
|-damage|p2a: Gourgeist|25/100|[from] Stealth Rock
|-item|p1a: Trevenant|Assault Vest|[from] ability: Frisk|[of] p2a: Gourgeist|[identify]
|turn|21
|
|t:|1660507199
|switch|p1a: Comfey|Comfey, F, shiny|46/100
|move|p2a: Gourgeist|Pain Split|p1a: Comfey
|-sethp|p1a: Comfey|37/100|[from] move: Pain Split|[silent]
|-sethp|p2a: Gourgeist|32/100|[from] move: Pain Split
|
|upkeep
|turn|22
|
|t:|1660507209
|switch|p2a: Golduck|Golduck, M|100/100
|-damage|p2a: Golduck|88/100|[from] Stealth Rock
|-ability|p2a: Golduck|Cloud Nine
|move|p1a: Comfey|Draining Kiss|p2a: Golduck
|-damage|p2a: Golduck|49/100
|-heal|p1a: Comfey|76/100|[from] drain|[of] p2a: Golduck
|
|-heal|p2a: Golduck|55/100|[from] item: Leftovers
|upkeep
|turn|23
|
|t:|1660507220
|move|p1a: Comfey|Draining Kiss|p2a: Golduck
|-damage|p2a: Golduck|17/100
|-heal|p1a: Comfey|100/100|[from] drain|[of] p2a: Golduck
|move|p2a: Golduck|Toxic|p1a: Comfey
|-status|p1a: Comfey|tox
|
|-heal|p2a: Golduck|23/100|[from] item: Leftovers
|-damage|p1a: Comfey|94/100 tox|[from] psn
|upkeep
|turn|24
|
|t:|1660507231
|move|p1a: Comfey|Draining Kiss|p2a: Golduck
|-damage|p2a: Golduck|0 fnt
|-heal|p1a: Comfey|100/100 tox|[from] drain|[of] p2a: Golduck
|faint|p2a: Golduck
|
|-damage|p1a: Comfey|88/100 tox|[from] psn
|upkeep
|
|t:|1660507233
|switch|p2a: Comfey|Comfey, M|82/100
|-damage|p2a: Comfey|70/100|[from] Stealth Rock
|turn|25
|
|t:|1660507242
|switch|p1a: Trevenant|Trevenant, M, shiny|100/100
|move|p2a: Comfey|Draining Kiss|p1a: Trevenant
|-damage|p1a: Trevenant|81/100
|-heal|p2a: Comfey|86/100|[from] drain|[of] p1a: Trevenant
|-damage|p2a: Comfey|76/100|[from] item: Life Orb
|
|upkeep
|turn|26
|
|t:|1660507264
|move|p2a: Comfey|Draining Kiss|p1a: Trevenant
|-crit|p1a: Trevenant
|-damage|p1a: Trevenant|52/100
|-heal|p2a: Comfey|100/100|[from] drain|[of] p1a: Trevenant
|-damage|p2a: Comfey|91/100|[from] item: Life Orb
|move|p1a: Trevenant|Horn Leech|p2a: Comfey
|-damage|p2a: Comfey|44/100
|-heal|p1a: Trevenant|72/100|[from] drain|[of] p2a: Comfey
|
|upkeep
|turn|27
|
|t:|1660507275
|move|p2a: Comfey|Draining Kiss|p1a: Trevenant
|-damage|p1a: Trevenant|55/100
|-heal|p2a: Comfey|59/100|[from] drain|[of] p1a: Trevenant
|-damage|p2a: Comfey|49/100|[from] item: Life Orb
|move|p1a: Trevenant|Horn Leech|p2a: Comfey
|-damage|p2a: Comfey|6/100
|-heal|p1a: Trevenant|74/100|[from] drain|[of] p2a: Comfey
|
|upkeep
|turn|28
|
|t:|1660507285
|move|p2a: Comfey|Draining Kiss|p1a: Trevenant
|-damage|p1a: Trevenant|54/100
|-heal|p2a: Comfey|23/100|[from] drain|[of] p1a: Trevenant
|-damage|p2a: Comfey|13/100|[from] item: Life Orb
|move|p1a: Trevenant|Horn Leech|p2a: Comfey
|-damage|p2a: Comfey|0 fnt
|-heal|p1a: Trevenant|60/100|[from] drain|[of] p2a: Comfey
|faint|p2a: Comfey
|
|upkeep
|
|t:|1660507287
|switch|p2a: Gourgeist|Gourgeist-Super, F|32/100
|-damage|p2a: Gourgeist|20/100|[from] Stealth Rock
|-item|p1a: Trevenant|Assault Vest|[from] ability: Frisk|[of] p2a: Gourgeist|[identify]
|turn|29
|
|t:|1660507302
|move|p2a: Gourgeist|Poltergeist|p1a: Trevenant
|-activate|p1a: Trevenant|move: Poltergeist|Assault Vest
|-supereffective|p1a: Trevenant
|-damage|p1a: Trevenant|0 fnt
|faint|p1a: Trevenant
|
|upkeep
|c|☆EssenceAroma|HEHE
|
|t:|1660507318
|switch|p1a: Comfey|Comfey, F, shiny|88/100 tox
|turn|30
|
|t:|1660507321
|move|p1a: Comfey|Draining Kiss|p2a: Gourgeist
|-damage|p2a: Gourgeist|0 fnt
|-heal|p1a: Comfey|100/100 tox|[from] drain|[of] p2a: Gourgeist
|faint|p2a: Gourgeist
|
|win|EssenceAroma
|raw|EssenceAroma's rating: 1562 &rarr; <strong>1583</strong><br />(+21 for winning)
|raw|gassy neigh's rating: 1582 &rarr; <strong>1561</strong><br />(-21 for losing)
|c|☆gassy neigh|gg
|c|☆EssenceAroma|you need more toxic in your team
|c|☆gassy neigh|is 3 mons with it not enough
||Ladder isn't responding, score probably updated but might not have (Request timeout).
