|j|☆sugar ovens
|j|☆siegberto
|t:|1632247544
|gametype|singles
|player|p1|sugar ovens|twins|
|player|p2|siegberto|102|
|teamsize|p1|6
|teamsize|p2|6
|gen|8
|tier|[Gen 8] PU
|rated|Tournament battle
|rule|Sleep Clause Mod: Limit one foe put to sleep
|rule|Species Clause: Limit one of each Pokémon
|rule|OHKO Clause: OHKO moves are banned
|rule|Evasion Moves Clause: Evasion moves are banned
|rule|Endless Battle Clause: Forcing endless battles is banned
|rule|HP Percentage Mod: HP is shown in percentages
|rule|Dynamax Clause: You cannot dynamax
|clearpoke
|poke|p1|Charizard, M|
|poke|p1|Scrafty, M|
|poke|p1|Gigalith, F|
|poke|p1|Weezing, M|
|poke|p1|Eldegoss, F|
|poke|p1|Poliwrath, M|
|poke|p2|Articuno-Galar|
|poke|p2|Haunter, M|
|poke|p2|Regirock|
|poke|p2|Lanturn, M|
|poke|p2|Passimian, F|
|poke|p2|Whimsicott, F|
|teampreview
|c|☆siegberto|hf
|
|t:|1632247571
|start
|switch|p1a: Gigalith|Gigalith, F|100/100
|switch|p2a: Passimian|Passimian, F|100/100
|-weather|Sandstorm|[from] ability: Sand Stream|[of] p1a: Gigalith
|turn|1
|c|☆sugar ovens|u2
|
|t:|1632247578
|move|p1a: Gigalith|Protect|p1a: Gigalith
|-singleturn|p1a: Gigalith|Protect
|move|p2a: Passimian|Knock Off|p1a: Gigalith
|-activate|p1a: Gigalith|move: Protect
|
|-weather|Sandstorm|[upkeep]
|-damage|p2a: Passimian|94/100|[from] Sandstorm
|upkeep
|turn|2
|
|t:|1632247587
|switch|p1a: Weezing|Weezing, M|100/100
|-ability|p1a: Weezing|Neutralizing Gas
|move|p2a: Passimian|Knock Off|p1a: Weezing
|-damage|p1a: Weezing|70/100
|-enditem|p1a: Weezing|Black Sludge|[from] move: Knock Off|[of] p2a: Passimian
|
|-weather|Sandstorm|[upkeep]
|-damage|p2a: Passimian|88/100|[from] Sandstorm
|-damage|p1a: Weezing|64/100|[from] Sandstorm
|upkeep
|turn|3
|
|t:|1632247594
|switch|p2a: Articuno|Articuno-Galar|100/100
|move|p1a: Weezing|Toxic Spikes|p2a: Articuno
|-sidestart|p2: siegberto|move: Toxic Spikes
|
|-weather|Sandstorm|[upkeep]
|-damage|p2a: Articuno|94/100|[from] Sandstorm
|-damage|p1a: Weezing|58/100|[from] Sandstorm
|upkeep
|turn|4
|
|t:|1632247607
|-end|p1a: Weezing|ability: Neutralizing Gas
|switch|p1a: Gigalith|Gigalith, F|100/100
|move|p2a: Articuno|Freezing Glare|p1a: Gigalith
|-damage|p1a: Gigalith|81/100
|
|-weather|Sandstorm|[upkeep]
|-damage|p2a: Articuno|88/100|[from] Sandstorm
|-heal|p1a: Gigalith|87/100|[from] item: Leftovers
|upkeep
|turn|5
|
|t:|1632247615
|switch|p2a: Regirock|Regirock|100/100
|-status|p2a: Regirock|psn
|move|p1a: Gigalith|Stealth Rock|p2a: Regirock
|-sidestart|p2: siegberto|move: Stealth Rock
|
|-weather|none
|-heal|p1a: Gigalith|94/100|[from] item: Leftovers
|-damage|p2a: Regirock|88/100 psn|[from] psn
|upkeep
|turn|6
|
|t:|1632247626
|switch|p1a: Eldegoss|Eldegoss, F|100/100
|move|p2a: Regirock|Toxic|p1a: Eldegoss
|-status|p1a: Eldegoss|tox
|
|-damage|p1a: Eldegoss|94/100 tox|[from] psn
|-damage|p2a: Regirock|76/100 psn|[from] psn
|upkeep
|turn|7
|
|t:|1632247631
|switch|p2a: Articuno|Articuno-Galar|88/100
|move|p1a: Eldegoss|Leaf Storm|p2a: Articuno
|-resisted|p2a: Articuno
|-damage|p2a: Articuno|63/100
|-unboost|p1a: Eldegoss|spa|2
|
|-damage|p1a: Eldegoss|82/100 tox|[from] psn
|upkeep
|turn|8
|
|t:|1632247640
|switch|p2a: Whimsicott|Whimsicott, F|100/100
|switch|p1a: Gigalith|Gigalith, F|94/100
|-weather|Sandstorm|[from] ability: Sand Stream|[of] p1a: Gigalith
|
|-weather|Sandstorm|[upkeep]
|-damage|p2a: Whimsicott|94/100|[from] Sandstorm
|-heal|p1a: Gigalith|99/100|[from] item: Leftovers
|upkeep
|turn|9
|
|t:|1632247649
|move|p1a: Gigalith|Protect|p1a: Gigalith
|-singleturn|p1a: Gigalith|Protect
|move|p2a: Whimsicott|Energy Ball|p1a: Gigalith
|-activate|p1a: Gigalith|move: Protect
|
|-weather|Sandstorm|[upkeep]
|-damage|p2a: Whimsicott|88/100|[from] Sandstorm
|-heal|p1a: Gigalith|100/100|[from] item: Leftovers
|upkeep
|turn|10
|
|t:|1632247652
|switch|p1a: Charizard|Charizard, M|100/100
|move|p2a: Whimsicott|Defog|p1a: Charizard
|-unboost|p1a: Charizard|evasion|1
|-sideend|p2: siegberto|Toxic Spikes|[from] move: Defog|[of] p2a: Whimsicott
|-sideend|p2: siegberto|Stealth Rock|[from] move: Defog|[of] p2a: Whimsicott
|
|-weather|Sandstorm|[upkeep]
|-damage|p2a: Whimsicott|82/100|[from] Sandstorm
|-damage|p1a: Charizard|94/100|[from] Sandstorm
|upkeep
|turn|11
|
|t:|1632247666
|switch|p2a: Lanturn|Lanturn, M|100/100
|switch|p1a: Gigalith|Gigalith, F|100/100
|
|-weather|Sandstorm|[upkeep]
|-damage|p2a: Lanturn|94/100|[from] Sandstorm
|-heal|p2a: Lanturn|100/100|[from] item: Leftovers
|upkeep
|turn|12
|
|t:|1632247670
|move|p2a: Lanturn|Scald|p1a: Gigalith
|-supereffective|p1a: Gigalith
|-damage|p1a: Gigalith|76/100
|move|p1a: Gigalith|Stealth Rock|p2a: Lanturn
|-sidestart|p2: siegberto|move: Stealth Rock
|
|-weather|none
|-heal|p1a: Gigalith|82/100|[from] item: Leftovers
|upkeep
|turn|13
|
|t:|1632247675
|move|p1a: Gigalith|Protect|p1a: Gigalith
|-singleturn|p1a: Gigalith|Protect
|move|p2a: Lanturn|Scald|p1a: Gigalith
|-activate|p1a: Gigalith|move: Protect
|
|-heal|p1a: Gigalith|88/100|[from] item: Leftovers
|upkeep
|turn|14
|
|t:|1632247679
|switch|p1a: Eldegoss|Eldegoss, F|100/100 tox
|move|p2a: Lanturn|Volt Switch|p1a: Eldegoss
|-resisted|p1a: Eldegoss
|-damage|p1a: Eldegoss|91/100 tox
|
|t:|1632247707
|switch|p2a: Haunter|Haunter, M|100/100|[from]move: Volt Switch
|-damage|p2a: Haunter|88/100|[from] Stealth Rock
|
|-damage|p1a: Eldegoss|85/100 tox|[from] psn
|upkeep
|turn|15
|
|t:|1632247713
|switch|p1a: Scrafty|Scrafty, M|100/100
|move|p2a: Haunter|Trick|p1a: Scrafty
|-activate|p2a: Haunter|move: Trick|[of] p1a: Scrafty
|-item|p1a: Scrafty|Choice Scarf|[from] move: Trick
|-item|p2a: Haunter|Leftovers|[from] move: Trick
|
|-heal|p2a: Haunter|94/100|[from] item: Leftovers
|upkeep
|turn|16
|
|t:|1632247721
|switch|p2a: Whimsicott|Whimsicott, F|82/100
|move|p1a: Scrafty|Knock Off|p2a: Whimsicott
|-resisted|p2a: Whimsicott
|-damage|p2a: Whimsicott|61/100
|-enditem|p2a: Whimsicott|Heavy-Duty Boots|[from] move: Knock Off|[of] p1a: Scrafty
|
|upkeep
|turn|17
|
|t:|1632247724
|switch|p1a: Charizard|Charizard, M|94/100
|move|p2a: Whimsicott|Defog|p1a: Charizard
|-unboost|p1a: Charizard|evasion|1
|-sideend|p2: siegberto|Stealth Rock|[from] move: Defog|[of] p2a: Whimsicott
|
|upkeep
|turn|18
|
|t:|1632247728
|move|p2a: Whimsicott|U-turn|p1a: Charizard
|-resisted|p1a: Charizard
|-damage|p1a: Charizard|91/100
|
|t:|1632247731
|switch|p2a: Lanturn|Lanturn, M|100/100|[from]move: U-turn
|move|p1a: Charizard|Flamethrower|p2a: Lanturn
|-resisted|p2a: Lanturn
|-damage|p2a: Lanturn|84/100
|
|-heal|p2a: Lanturn|90/100|[from] item: Leftovers
|upkeep
|turn|19
|
|t:|1632247739
|switch|p1a: Scrafty|Scrafty, M|100/100
|move|p2a: Lanturn|Volt Switch|p1a: Scrafty
|-damage|p1a: Scrafty|85/100
|
|t:|1632247749
|switch|p2a: Passimian|Passimian, F|88/100|[from]move: Volt Switch
|
|upkeep
|turn|20
|
|t:|1632247768
|switch|p1a: Weezing|Weezing, M|58/100
|-ability|p1a: Weezing|Neutralizing Gas
|move|p2a: Passimian|U-turn|p1a: Weezing
|-resisted|p1a: Weezing
|-damage|p1a: Weezing|48/100
|
|t:|1632247780
|switch|p2a: Haunter|Haunter, M|94/100|[from]move: U-turn
|
|-heal|p2a: Haunter|100/100|[from] item: Leftovers
|upkeep
|turn|21
|
|t:|1632247786
|-end|p1a: Weezing|ability: Neutralizing Gas
|switch|p1a: Gigalith|Gigalith, F|88/100
|-weather|Sandstorm|[from] ability: Sand Stream|[of] p1a: Gigalith
|move|p2a: Haunter|Shadow Ball|p1a: Gigalith
|-damage|p1a: Gigalith|70/100
|
|-weather|Sandstorm|[upkeep]
|-damage|p2a: Haunter|94/100|[from] Sandstorm
|-heal|p2a: Haunter|100/100|[from] item: Leftovers
|-heal|p1a: Gigalith|76/100|[from] item: Leftovers
|upkeep
|turn|22
|
|t:|1632247797
|switch|p2a: Passimian|Passimian, F|88/100
|move|p1a: Gigalith|Stealth Rock|p2a: Passimian
|-sidestart|p2: siegberto|move: Stealth Rock
|
|-weather|Sandstorm|[upkeep]
|-damage|p2a: Passimian|82/100|[from] Sandstorm
|-heal|p1a: Gigalith|83/100|[from] item: Leftovers
|upkeep
|turn|23
|
|t:|1632247801
|move|p1a: Gigalith|Protect|p1a: Gigalith
|-singleturn|p1a: Gigalith|Protect
|move|p2a: Passimian|Close Combat|p1a: Gigalith
|-activate|p1a: Gigalith|move: Protect
|
|-weather|Sandstorm|[upkeep]
|-damage|p2a: Passimian|76/100|[from] Sandstorm
|-heal|p1a: Gigalith|89/100|[from] item: Leftovers
|upkeep
|turn|24
|
|t:|1632247808
|switch|p1a: Charizard|Charizard, M|91/100
|move|p2a: Passimian|Close Combat|p1a: Charizard
|-resisted|p1a: Charizard
|-damage|p1a: Charizard|30/100
|-unboost|p2a: Passimian|def|1
|-unboost|p2a: Passimian|spd|1
|
|-weather|Sandstorm|[upkeep]
|-damage|p1a: Charizard|24/100|[from] Sandstorm
|-damage|p2a: Passimian|70/100|[from] Sandstorm
|upkeep
|turn|25
|
|t:|1632247816
|switch|p2a: Lanturn|Lanturn, M|90/100
|-damage|p2a: Lanturn|78/100|[from] Stealth Rock
|move|p1a: Charizard|Flamethrower|p2a: Lanturn
|-resisted|p2a: Lanturn
|-damage|p2a: Lanturn|52/100
|
|-weather|none
|-heal|p2a: Lanturn|59/100|[from] item: Leftovers
|upkeep
|turn|26
|
|t:|1632247832
|move|p1a: Charizard|Roost|p1a: Charizard
|-heal|p1a: Charizard|74/100
|-singleturn|p1a: Charizard|move: Roost
|move|p2a: Lanturn|Heal Bell|p2a: Lanturn
|-activate|p2a: Lanturn|move: Heal Bell
|-curestatus|p2: Regirock|psn|[msg]
|
|-heal|p2a: Lanturn|65/100|[from] item: Leftovers
|upkeep
|turn|27
|
|t:|1632247836
|switch|p1a: Eldegoss|Eldegoss, F|100/100 tox
|move|p2a: Lanturn|Scald|p1a: Eldegoss
|-resisted|p1a: Eldegoss
|-damage|p1a: Eldegoss|91/100 tox
|
|-heal|p2a: Lanturn|71/100|[from] item: Leftovers
|-damage|p1a: Eldegoss|85/100 tox|[from] psn
|upkeep
|turn|28
|
|t:|1632247845
|move|p2a: Lanturn|Protect|p2a: Lanturn
|-singleturn|p2a: Lanturn|Protect
|move|p1a: Eldegoss|Sleep Powder|p2a: Lanturn
|-activate|p2a: Lanturn|move: Protect
|
|-heal|p2a: Lanturn|77/100|[from] item: Leftovers
|-damage|p1a: Eldegoss|72/100 tox|[from] psn
|upkeep
|turn|29
|
|t:|1632247855
|switch|p2a: Articuno|Articuno-Galar|63/100
|move|p1a: Eldegoss|Leaf Storm|p2a: Articuno
|-resisted|p2a: Articuno
|-damage|p2a: Articuno|40/100
|-unboost|p1a: Eldegoss|spa|2
|
|-damage|p1a: Eldegoss|54/100 tox|[from] psn
|upkeep
|turn|30
|
|t:|1632247863
|switch|p2a: Passimian|Passimian, F|70/100
|-damage|p2a: Passimian|64/100|[from] Stealth Rock
|switch|p1a: Gigalith|Gigalith, F|89/100
|-weather|Sandstorm|[from] ability: Sand Stream|[of] p1a: Gigalith
|
|-weather|Sandstorm|[upkeep]
|-damage|p2a: Passimian|57/100|[from] Sandstorm
|-heal|p1a: Gigalith|95/100|[from] item: Leftovers
|upkeep
|turn|31
|
|t:|1632247870
|move|p1a: Gigalith|Protect|p1a: Gigalith
|-singleturn|p1a: Gigalith|Protect
|move|p2a: Passimian|Close Combat|p1a: Gigalith
|-activate|p1a: Gigalith|move: Protect
|
|-weather|Sandstorm|[upkeep]
|-damage|p2a: Passimian|51/100|[from] Sandstorm
|-heal|p1a: Gigalith|100/100|[from] item: Leftovers
|upkeep
|turn|32
|
|t:|1632247875
|switch|p1a: Charizard|Charizard, M|74/100
|move|p2a: Passimian|Close Combat|p1a: Charizard
|-resisted|p1a: Charizard
|-damage|p1a: Charizard|7/100
|-unboost|p2a: Passimian|def|1
|-unboost|p2a: Passimian|spd|1
|
|-weather|Sandstorm|[upkeep]
|-damage|p1a: Charizard|0 fnt|[from] Sandstorm
|-damage|p2a: Passimian|45/100|[from] Sandstorm
|faint|p1a: Charizard
|upkeep
|
|t:|1632247890
|switch|p1a: Poliwrath|Poliwrath, M|100/100
|turn|33
|
|t:|1632247917
|switch|p2a: Lanturn|Lanturn, M|77/100
|-damage|p2a: Lanturn|65/100|[from] Stealth Rock
|move|p1a: Poliwrath|Close Combat|p2a: Lanturn
|-damage|p2a: Lanturn|14/100
|-unboost|p1a: Poliwrath|def|1
|-unboost|p1a: Poliwrath|spd|1
|
|-weather|Sandstorm|[upkeep]
|-damage|p1a: Poliwrath|94/100|[from] Sandstorm
|-damage|p2a: Lanturn|8/100|[from] Sandstorm
|-heal|p2a: Lanturn|14/100|[from] item: Leftovers
|upkeep
|turn|34
|
|t:|1632247927
|move|p2a: Lanturn|Protect|p2a: Lanturn
|-singleturn|p2a: Lanturn|Protect
|move|p1a: Poliwrath|Close Combat|p2a: Lanturn
|-activate|p2a: Lanturn|move: Protect
|
|-weather|none
|-heal|p2a: Lanturn|20/100|[from] item: Leftovers
|upkeep
|turn|35
|
|t:|1632247939
|move|p1a: Poliwrath|Close Combat|p2a: Lanturn
|-damage|p2a: Lanturn|0 fnt
|-unboost|p1a: Poliwrath|def|1
|-unboost|p1a: Poliwrath|spd|1
|faint|p2a: Lanturn
|
|upkeep
|
|t:|1632247962
|switch|p2a: Passimian|Passimian, F|45/100
|-damage|p2a: Passimian|39/100|[from] Stealth Rock
|turn|36
|
|t:|1632247965
|move|p1a: Poliwrath|Close Combat|p2a: Passimian
|-damage|p2a: Passimian|0 fnt
|-unboost|p1a: Poliwrath|def|1
|-unboost|p1a: Poliwrath|spd|1
|faint|p2a: Passimian
|
|upkeep
|
|t:|1632247977
|switch|p2a: Whimsicott|Whimsicott, F|61/100
|-damage|p2a: Whimsicott|48/100|[from] Stealth Rock
|turn|37
|
|t:|1632247986
|switch|p1a: Weezing|Weezing, M|48/100
|-ability|p1a: Weezing|Neutralizing Gas
|move|p2a: Whimsicott|Moonblast|p1a: Weezing
|-resisted|p1a: Weezing
|-damage|p1a: Weezing|25/100
|-unboost|p1a: Weezing|spa|1
|
|upkeep
|turn|38
|
|t:|1632247991
|switch|p2a: Haunter|Haunter, M|100/100
|-damage|p2a: Haunter|88/100|[from] Stealth Rock
|move|p1a: Weezing|Sludge Bomb|p2a: Haunter
|-resisted|p2a: Haunter
|-damage|p2a: Haunter|78/100
|
|-heal|p2a: Haunter|84/100|[from] item: Leftovers
|upkeep
|turn|39
|
|t:|1632247999
|-end|p1a: Weezing|ability: Neutralizing Gas
|switch|p1a: Scrafty|Scrafty, M|85/100
|move|p2a: Haunter|Dazzling Gleam|p1a: Scrafty
|-supereffective|p1a: Scrafty
|-damage|p1a: Scrafty|7/100
|
|-heal|p2a: Haunter|90/100|[from] item: Leftovers
|upkeep
|turn|40
|
|t:|1632248010
|switch|p2a: Regirock|Regirock|76/100
|-damage|p2a: Regirock|63/100|[from] Stealth Rock
|switch|p1a: Gigalith|Gigalith, F|100/100
|-weather|Sandstorm|[from] ability: Sand Stream|[of] p1a: Gigalith
|
|-weather|Sandstorm|[upkeep]
|upkeep
|turn|41
|
|t:|1632248024
|move|p2a: Regirock|Body Press|p1a: Gigalith
|-supereffective|p1a: Gigalith
|-damage|p1a: Gigalith|38/100
|move|p1a: Gigalith|Toxic|p2a: Regirock|[miss]
|-miss|p1a: Gigalith|p2a: Regirock
|
|-weather|Sandstorm|[upkeep]
|-heal|p1a: Gigalith|44/100|[from] item: Leftovers
|upkeep
|turn|42
|
|t:|1632248035
|switch|p2a: Haunter|Haunter, M|90/100
|-damage|p2a: Haunter|78/100|[from] Stealth Rock
|move|p1a: Gigalith|Protect||[still]
|-fail|p1a: Gigalith
|
|-weather|Sandstorm|[upkeep]
|-damage|p2a: Haunter|71/100|[from] Sandstorm
|-heal|p2a: Haunter|78/100|[from] item: Leftovers
|-heal|p1a: Gigalith|50/100|[from] item: Leftovers
|upkeep
|turn|43
|
|t:|1632248043
|switch|p2a: Regirock|Regirock|63/100
|-damage|p2a: Regirock|51/100|[from] Stealth Rock
|move|p1a: Gigalith|Rock Blast|p2a: Regirock
|-damage|p2a: Regirock|46/100
|-crit|p2a: Regirock
|-damage|p2a: Regirock|40/100
|-damage|p2a: Regirock|35/100
|-hitcount|p2a: Regirock|3
|
|-weather|Sandstorm|[upkeep]
|-heal|p1a: Gigalith|56/100|[from] item: Leftovers
|upkeep
|turn|44
|
|t:|1632248049
|switch|p1a: Eldegoss|Eldegoss, F|87/100 tox
|move|p2a: Regirock|Stealth Rock|p1a: Eldegoss
|-sidestart|p1: sugar ovens|move: Stealth Rock
|
|-weather|none
|-damage|p1a: Eldegoss|81/100 tox|[from] psn
|upkeep
|turn|45
|
|t:|1632248062
|switch|p2a: Articuno|Articuno-Galar|40/100
|move|p1a: Eldegoss|Sleep Powder|p2a: Articuno
|-status|p2a: Articuno|slp|[from] move: Sleep Powder
|
|-damage|p1a: Eldegoss|69/100 tox|[from] psn
|upkeep
|turn|46
|
|t:|1632248066
|switch|p2a: Haunter|Haunter, M|78/100
|-damage|p2a: Haunter|65/100|[from] Stealth Rock
|move|p1a: Eldegoss|Rapid Spin|p2a: Haunter
|-immune|p2a: Haunter
|
|-heal|p2a: Haunter|71/100|[from] item: Leftovers
|-damage|p1a: Eldegoss|50/100 tox|[from] psn
|upkeep
|turn|47
|
|t:|1632248078
|switch|p1a: Scrafty|Scrafty, M|7/100
|-damage|p1a: Scrafty|1/100|[from] Stealth Rock
|move|p2a: Haunter|Sludge Wave|p1a: Scrafty
|-damage|p1a: Scrafty|0 fnt
|faint|p1a: Scrafty
|
|-heal|p2a: Haunter|78/100|[from] item: Leftovers
|upkeep
|
|t:|1632248080
|switch|p1a: Gigalith|Gigalith, F|56/100
|-damage|p1a: Gigalith|44/100|[from] Stealth Rock
|-weather|Sandstorm|[from] ability: Sand Stream|[of] p1a: Gigalith
|turn|48
|
|t:|1632248091
|switch|p2a: Regirock|Regirock|35/100
|-damage|p2a: Regirock|23/100|[from] Stealth Rock
|move|p1a: Gigalith|Rock Blast|p2a: Regirock|[miss]
|-miss|p1a: Gigalith|p2a: Regirock
|
|-weather|Sandstorm|[upkeep]
|-heal|p1a: Gigalith|50/100|[from] item: Leftovers
|upkeep
|turn|49
|
|t:|1632248100
|switch|p1a: Eldegoss|Eldegoss, F|84/100 tox
|move|p2a: Regirock|Body Press|p1a: Eldegoss
|-damage|p1a: Eldegoss|33/100 tox
|
|-weather|Sandstorm|[upkeep]
|-damage|p1a: Eldegoss|27/100 tox|[from] Sandstorm
|-damage|p1a: Eldegoss|21/100 tox|[from] psn
|upkeep
|turn|50
|
|t:|1632248109
|switch|p2a: Haunter|Haunter, M|78/100
|-damage|p2a: Haunter|65/100|[from] Stealth Rock
|move|p1a: Eldegoss|Leaf Storm|p2a: Haunter
|-resisted|p2a: Haunter
|-damage|p2a: Haunter|0 fnt
|-unboost|p1a: Eldegoss|spa|2
|faint|p2a: Haunter
|
|-weather|Sandstorm|[upkeep]
|-damage|p1a: Eldegoss|15/100 tox|[from] Sandstorm
|-damage|p1a: Eldegoss|2/100 tox|[from] psn
|upkeep
|
|t:|1632248137
|switch|p2a: Whimsicott|Whimsicott, F|48/100
|-damage|p2a: Whimsicott|36/100|[from] Stealth Rock
|turn|51
|
|t:|1632248145
|switch|p1a: Weezing|Weezing, M|25/100
|-ability|p1a: Weezing|Neutralizing Gas
|-damage|p1a: Weezing|13/100|[from] Stealth Rock
|move|p2a: Whimsicott|Energy Ball|p1a: Weezing
|-resisted|p1a: Weezing
|-damage|p1a: Weezing|0 fnt
|faint|p1a: Weezing
|-end|p1a: Weezing|ability: Neutralizing Gas
|
|-weather|Sandstorm|[upkeep]
|-damage|p2a: Whimsicott|30/100|[from] Sandstorm
|upkeep
|
|t:|1632248167
|switch|p1a: Eldegoss|Eldegoss, F|36/100 tox
|turn|52
|
|t:|1632248176
|switch|p2a: Articuno|Articuno-Galar|40/100 slp
|switch|p1a: Gigalith|Gigalith, F|50/100
|-damage|p1a: Gigalith|38/100|[from] Stealth Rock
|
|-weather|none
|-heal|p1a: Gigalith|44/100|[from] item: Leftovers
|upkeep
|turn|53
|
|t:|1632248194
|switch|p2a: Regirock|Regirock|23/100
|-damage|p2a: Regirock|10/100|[from] Stealth Rock
|move|p1a: Gigalith|Rock Blast|p2a: Regirock
|-damage|p2a: Regirock|6/100
|-damage|p2a: Regirock|2/100
|-hitcount|p2a: Regirock|2
|
|-heal|p1a: Gigalith|50/100|[from] item: Leftovers
|upkeep
|turn|54
|
|t:|1632248200
|switch|p1a: Poliwrath|Poliwrath, M|94/100
|-damage|p1a: Poliwrath|88/100|[from] Stealth Rock
|move|p2a: Regirock|Body Press|p1a: Poliwrath
|-damage|p1a: Poliwrath|38/100
|
|upkeep
|turn|55
|
|t:|1632248206
|move|p1a: Poliwrath|Liquidation|p2a: Regirock
|-supereffective|p2a: Regirock
|-damage|p2a: Regirock|0 fnt
|-damage|p1a: Poliwrath|22/100|[from] item: Rocky Helmet|[of] p2a: Regirock
|faint|p2a: Regirock
|
|upkeep
|
|t:|1632248213
|switch|p2a: Whimsicott|Whimsicott, F|30/100
|-damage|p2a: Whimsicott|18/100|[from] Stealth Rock
|turn|56
|
|t:|1632248222
|switch|p1a: Gigalith|Gigalith, F|50/100
|-damage|p1a: Gigalith|38/100|[from] Stealth Rock
|-weather|Sandstorm|[from] ability: Sand Stream|[of] p1a: Gigalith
|move|p2a: Whimsicott|Moonblast|p1a: Gigalith
|-damage|p1a: Gigalith|20/100
|
|-weather|Sandstorm|[upkeep]
|-damage|p2a: Whimsicott|12/100|[from] Sandstorm
|-heal|p1a: Gigalith|26/100|[from] item: Leftovers
|upkeep
|turn|57
|
|t:|1632248227
|move|p2a: Whimsicott|Energy Ball|p1a: Gigalith
|-supereffective|p1a: Gigalith
|-damage|p1a: Gigalith|0 fnt
|faint|p1a: Gigalith
|
|-weather|Sandstorm|[upkeep]
|-damage|p2a: Whimsicott|5/100|[from] Sandstorm
|upkeep
|
|t:|1632248230
|switch|p1a: Eldegoss|Eldegoss, F|69/100 tox
|turn|58
|
|t:|1632248237
|move|p2a: Whimsicott|Defog|p1a: Eldegoss
|-unboost|p1a: Eldegoss|evasion|1
|-sideend|p1: sugar ovens|Stealth Rock|[from] move: Defog|[of] p2a: Whimsicott
|-sideend|p2: siegberto|Stealth Rock|[from] move: Defog|[of] p2a: Whimsicott
|move|p1a: Eldegoss|Rapid Spin|p2a: Whimsicott
|-damage|p2a: Whimsicott|0 fnt
|-boost|p1a: Eldegoss|spe|1
|faint|p2a: Whimsicott
|
|-weather|Sandstorm|[upkeep]
|-damage|p1a: Eldegoss|63/100 tox|[from] Sandstorm
|-damage|p1a: Eldegoss|57/100 tox|[from] psn
|upkeep
|
|t:|1632248241
|switch|p2a: Articuno|Articuno-Galar|40/100 slp
|turn|59
|
|t:|1632248245
|switch|p1a: Poliwrath|Poliwrath, M|22/100
|cant|p2a: Articuno|slp
|
|-weather|Sandstorm|[upkeep]
|-damage|p1a: Poliwrath|15/100|[from] Sandstorm
|-damage|p2a: Articuno|34/100 slp|[from] Sandstorm
|upkeep
|turn|60
|
|t:|1632248250
|move|p1a: Poliwrath|Darkest Lariat|p2a: Articuno
|-supereffective|p2a: Articuno
|-damage|p2a: Articuno|0 fnt
|faint|p2a: Articuno
|
|win|sugar ovens
|n|☆sugar ovens|sugarovens
|n|☆siegberto|siegberto
