|j|☆The Lost Ones
|j|☆Magnitude Report
|t:|1665588406
|gametype|singles
|player|p1|The Lost Ones|concordia|1588
|player|p2|Magnitude Report|chuck|1456
|teamsize|p1|6
|teamsize|p2|6
|gen|8
|tier|[Gen 8] PU
|rated|
|rule|Sleep Clause Mod: Limit one foe put to sleep
|rule|Species Clause: Limit one of each Pokémon
|rule|OHKO Clause: OHKO moves are banned
|rule|Evasion Items Clause: Evasion items are banned
|rule|Evasion Moves Clause: Evasion moves are banned
|rule|Endless Battle Clause: Forcing endless battles is banned
|rule|HP Percentage Mod: HP is shown in percentages
|rule|Dynamax Clause: You cannot dynamax
|clearpoke
|poke|p1|Doublade, F|
|poke|p1|Lanturn, F|
|poke|p1|Eldegoss, F|
|poke|p1|Sandaconda, M|
|poke|p1|Scrafty, M|
|poke|p1|Charizard, M|
|poke|p2|Charizard, M|
|poke|p2|Archeops, M|
|poke|p2|Scrafty, M|
|poke|p2|Lurantis, M|
|poke|p2|Quagsire, F|
|poke|p2|Togedemaru, M|
|teampreview
|c|☆Magnitude Report|gl hf
|inactive|Battle timer is ON: inactive players will automatically lose when time's up. (requested by The Lost Ones)
|
|t:|1665588420
|start
|switch|p1a: Sandaconda|Sandaconda, M|100/100
|switch|p2a: Lurantis|Lurantis, M|100/100
|turn|1
|c|☆The Lost Ones|Gl hf
|
|t:|1665588429
|switch|p1a: Eldegoss|Eldegoss, F|100/100
|move|p2a: Lurantis|Knock Off|p1a: Eldegoss
|-damage|p1a: Eldegoss|83/100
|-enditem|p1a: Eldegoss|Heavy-Duty Boots|[from] move: Knock Off|[of] p2a: Lurantis
|
|upkeep
|turn|2
|
|t:|1665588434
|switch|p1a: Charizard|Charizard, M|100/100
|move|p2a: Lurantis|Leaf Storm|p1a: Charizard
|-resisted|p1a: Charizard
|-damage|p1a: Charizard|87/100
|-boost|p2a: Lurantis|spa|2
|
|upkeep
|turn|3
|
|t:|1665588439
|switch|p2a: Archeops|Archeops, M|100/100
|move|p1a: Charizard|Fire Blast|p2a: Archeops|[miss]
|-miss|p1a: Charizard|p2a: Archeops
|
|upkeep
|turn|4
|
|t:|1665588446
|switch|p1a: Sandaconda|Sandaconda, M|100/100
|move|p2a: Archeops|Stealth Rock|p1a: Sandaconda
|-sidestart|p1: The Lost Ones|move: Stealth Rock
|
|upkeep
|turn|5
|j| AmoghOp(
|
|t:|1665588450
|switch|p2a: Scrafty|Scrafty, M|100/100
|move|p1a: Sandaconda|Stealth Rock|p2a: Scrafty
|-sidestart|p2: Magnitude Report|move: Stealth Rock
|
|upkeep
|turn|6
|
|t:|1665588457
|move|p1a: Sandaconda|Glare|p2a: Scrafty
|-status|p2a: Scrafty|par
|cant|p2a: Scrafty|par
|
|upkeep
|turn|7
|
|t:|1665588459
|switch|p1a: Charizard|Charizard, M|87/100
|cant|p2a: Scrafty|par
|
|-activate|p2a: Scrafty|ability: Shed Skin
|-curestatus|p2a: Scrafty|par|[msg]
|upkeep
|turn|8
|j| Breadboyyo
|
|t:|1665588466
|switch|p2a: Archeops|Archeops, M|100/100
|move|p1a: Charizard|Focus Blast|p2a: Archeops
|-damage|p2a: Archeops|39/100
|
|upkeep
|turn|9
|
|t:|1665588477
|switch|p1a: Eldegoss|Eldegoss, F|100/100
|-damage|p1a: Eldegoss|88/100|[from] Stealth Rock
|move|p2a: Archeops|Stone Edge|p1a: Eldegoss
|-damage|p1a: Eldegoss|64/100
|
|upkeep
|turn|10
|l| AmoghOp(
|
|t:|1665588479
|move|p2a: Archeops|Roost|p2a: Archeops
|-heal|p2a: Archeops|89/100
|-singleturn|p2a: Archeops|move: Roost
|move|p1a: Eldegoss|Rapid Spin|p2a: Archeops
|-resisted|p2a: Archeops
|-damage|p2a: Archeops|84/100
|-boost|p1a: Eldegoss|spe|1
|-sideend|p1: The Lost Ones|Stealth Rock|[from] move: Rapid Spin|[of] p1a: Eldegoss
|
|upkeep
|turn|11
|
|t:|1665588484
|switch|p2a: Lurantis|Lurantis, M|100/100
|switch|p1a: Sandaconda|Sandaconda, M|100/100
|
|upkeep
|turn|12
|
|t:|1665588495
|switch|p1a: Eldegoss|Eldegoss, F|97/100
|move|p2a: Lurantis|Knock Off|p1a: Eldegoss
|-damage|p1a: Eldegoss|84/100
|
|upkeep
|turn|13
|
|t:|1665588498
|switch|p1a: Charizard|Charizard, M|87/100
|move|p2a: Lurantis|Knock Off|p1a: Charizard
|-damage|p1a: Charizard|56/100
|-enditem|p1a: Charizard|Heavy-Duty Boots|[from] move: Knock Off|[of] p2a: Lurantis
|
|upkeep
|turn|14
|
|t:|1665588506
|switch|p2a: Archeops|Archeops, M|84/100
|move|p1a: Charizard|Fire Blast|p2a: Archeops
|-resisted|p2a: Archeops
|-damage|p2a: Archeops|41/100
|
|upkeep
|turn|15
|
|t:|1665588517
|switch|p1a: Doublade|Doublade, F|100/100
|move|p2a: Archeops|Roost|p2a: Archeops
|-heal|p2a: Archeops|91/100
|-singleturn|p2a: Archeops|move: Roost
|
|upkeep
|turn|16
|
|t:|1665588522
|switch|p2a: Quagsire|Quagsire, F|100/100
|-damage|p2a: Quagsire|94/100|[from] Stealth Rock
|move|p1a: Doublade|Rock Slide|p2a: Quagsire
|-resisted|p2a: Quagsire
|-damage|p2a: Quagsire|84/100
|
|-heal|p2a: Quagsire|90/100|[from] item: Leftovers
|upkeep
|turn|17
|
|t:|1665588533
|switch|p1a: Eldegoss|Eldegoss, F|100/100
|move|p2a: Quagsire|Toxic|p1a: Eldegoss|[miss]
|-miss|p2a: Quagsire|p1a: Eldegoss
|
|-heal|p2a: Quagsire|96/100|[from] item: Leftovers
|upkeep
|turn|18
|
|t:|1665588541
|switch|p1a: Lanturn|Lanturn, F|100/100
|switch|p2a: Lurantis|Lurantis, M|100/100
|
|upkeep
|turn|19
|
|t:|1665588545
|move|p2a: Lurantis|Leaf Storm|p1a: Lanturn
|-supereffective|p1a: Lanturn
|-damage|p1a: Lanturn|48/100
|-boost|p2a: Lurantis|spa|2
|move|p1a: Lanturn|Toxic|p2a: Lurantis
|-status|p2a: Lurantis|tox
|
|-heal|p1a: Lanturn|54/100|[from] item: Leftovers
|-damage|p2a: Lurantis|94/100 tox|[from] psn
|upkeep
|turn|20
|
|t:|1665588550
|move|p1a: Lanturn|Protect|p1a: Lanturn
|-singleturn|p1a: Lanturn|Protect
|move|p2a: Lurantis|Leaf Storm|p1a: Lanturn
|-activate|p1a: Lanturn|move: Protect
|
|-heal|p1a: Lanturn|60/100|[from] item: Leftovers
|-damage|p2a: Lurantis|82/100 tox|[from] psn
|upkeep
|turn|21
|
|t:|1665588562
|switch|p1a: Charizard|Charizard, M|56/100
|move|p2a: Lurantis|Knock Off|p1a: Charizard
|-damage|p1a: Charizard|32/100
|
|-damage|p2a: Lurantis|64/100 tox|[from] psn
|upkeep
|turn|22
|
|t:|1665588567
|switch|p2a: Archeops|Archeops, M|91/100
|move|p1a: Charizard|Focus Blast|p2a: Archeops
|-damage|p2a: Archeops|29/100
|
|upkeep
|turn|23
|
|t:|1665588578
|switch|p1a: Doublade|Doublade, F|100/100
|move|p2a: Archeops|Roost|p2a: Archeops
|-heal|p2a: Archeops|80/100
|-singleturn|p2a: Archeops|move: Roost
|
|upkeep
|turn|24
|
|t:|1665588582
|switch|p2a: Quagsire|Quagsire, F|96/100
|-damage|p2a: Quagsire|90/100|[from] Stealth Rock
|switch|p1a: Eldegoss|Eldegoss, F|100/100
|
|-heal|p2a: Quagsire|96/100|[from] item: Leftovers
|upkeep
|turn|25
|
|t:|1665588589
|move|p1a: Eldegoss|Giga Drain|p2a: Quagsire
|-supereffective|p2a: Quagsire
|-damage|p2a: Quagsire|12/100
|move|p2a: Quagsire|Toxic|p1a: Eldegoss
|-status|p1a: Eldegoss|tox
|
|-heal|p2a: Quagsire|19/100|[from] item: Leftovers
|-damage|p1a: Eldegoss|94/100 tox|[from] psn
|upkeep
|turn|26
|j| Hiver a Paris
|
|t:|1665588599
|switch|p2a: Togedemaru|Togedemaru, M|100/100
|-damage|p2a: Togedemaru|95/100|[from] Stealth Rock
|move|p1a: Eldegoss|Aromatherapy|p1a: Eldegoss
|-activate|p1a: Eldegoss|move: Aromatherapy
|-curestatus|p1a: Eldegoss|tox|[msg]
|
|-heal|p2a: Togedemaru|100/100|[from] item: Leftovers
|upkeep
|turn|27
|
|t:|1665588603
|move|p2a: Togedemaru|Wish|p2a: Togedemaru
|move|p1a: Eldegoss|Leech Seed|p2a: Togedemaru
|-start|p2a: Togedemaru|move: Leech Seed
|
|-damage|p2a: Togedemaru|88/100|[from] Leech Seed|[of] p1a: Eldegoss
|-heal|p1a: Eldegoss|100/100|[silent]
|upkeep
|turn|28
|
|t:|1665588614
|switch|p1a: Charizard|Charizard, M|32/100
|move|p2a: Togedemaru|U-turn|p1a: Charizard
|-resisted|p1a: Charizard
|-damage|p1a: Charizard|27/100
|
|t:|1665588617
|switch|p2a: Archeops|Archeops, M|80/100|[from]move: U-turn
|
|-heal|p2a: Archeops|100/100|[from] move: Wish|[wisher] Togedemaru
|upkeep
|turn|29
|
|t:|1665588624
|switch|p1a: Sandaconda|Sandaconda, M|100/100
|move|p2a: Archeops|Stone Edge|p1a: Sandaconda|[miss]
|-miss|p2a: Archeops|p1a: Sandaconda
|
|upkeep
|turn|30
|
|t:|1665588633
|switch|p2a: Scrafty|Scrafty, M|100/100
|-damage|p2a: Scrafty|95/100|[from] Stealth Rock
|move|p1a: Sandaconda|Glare|p2a: Scrafty
|-status|p2a: Scrafty|par
|
|-heal|p2a: Scrafty|100/100 par|[from] item: Leftovers
|upkeep
|turn|31
|
|t:|1665588638
|switch|p1a: Charizard|Charizard, M|27/100
|move|p2a: Scrafty|Knock Off|p1a: Charizard
|-damage|p1a: Charizard|0 fnt
|faint|p1a: Charizard
|
|upkeep
|
|t:|1665588644
|switch|p1a: Scrafty|Scrafty, M|100/100
|turn|32
|
|t:|1665588648
|move|p1a: Scrafty|Dragon Dance|p1a: Scrafty
|-boost|p1a: Scrafty|atk|1
|-boost|p1a: Scrafty|spe|1
|move|p2a: Scrafty|Drain Punch|p1a: Scrafty
|-supereffective|p1a: Scrafty
|-damage|p1a: Scrafty|47/100
|
|upkeep
|turn|33
|
|t:|1665588659
|switch|p2a: Quagsire|Quagsire, F|19/100
|-damage|p2a: Quagsire|12/100|[from] Stealth Rock
|move|p1a: Scrafty|Drain Punch|p2a: Quagsire
|-damage|p2a: Quagsire|0 fnt
|-heal|p1a: Scrafty|56/100|[from] drain|[of] p2a: Quagsire
|faint|p2a: Quagsire
|
|upkeep
|
|t:|1665588661
|switch|p2a: Charizard|Charizard, M|100/100
|turn|34
|
|t:|1665588665
|switch|p1a: Lanturn|Lanturn, F|60/100
|move|p2a: Charizard|Flamethrower|p1a: Lanturn
|-resisted|p1a: Lanturn
|-damage|p1a: Lanturn|47/100
|
|-heal|p1a: Lanturn|53/100|[from] item: Leftovers
|upkeep
|turn|35
|
|t:|1665588670
|switch|p2a: Lurantis|Lurantis, M|64/100 tox
|move|p1a: Lanturn|Volt Switch|p2a: Lurantis
|-resisted|p2a: Lurantis
|-damage|p2a: Lurantis|54/100 tox
|
|t:|1665588679
|switch|p1a: Scrafty|Scrafty, M|56/100|[from]move: Volt Switch
|
|-damage|p2a: Lurantis|48/100 tox|[from] psn
|upkeep
|turn|36
|
|t:|1665588683
|switch|p1a: Doublade|Doublade, F|100/100
|move|p2a: Lurantis|Superpower|p1a: Doublade
|-immune|p1a: Doublade
|
|-damage|p2a: Lurantis|36/100 tox|[from] psn
|upkeep
|turn|37
|
|t:|1665588701
|move|p2a: Lurantis|Knock Off|p1a: Doublade
|-supereffective|p1a: Doublade
|-damage|p1a: Doublade|77/100
|-enditem|p1a: Doublade|Eviolite|[from] move: Knock Off|[of] p2a: Lurantis
|move|p1a: Doublade|Close Combat|p2a: Lurantis
|-damage|p2a: Lurantis|0 fnt
|-unboost|p1a: Doublade|def|1
|-unboost|p1a: Doublade|spd|1
|faint|p2a: Lurantis
|
|upkeep
|
|t:|1665588705
|switch|p2a: Scrafty|Scrafty, M|100/100 par
|-damage|p2a: Scrafty|95/100 par|[from] Stealth Rock
|turn|38
|
|t:|1665588708
|move|p1a: Doublade|Close Combat|p2a: Scrafty
|-supereffective|p2a: Scrafty
|-damage|p2a: Scrafty|26/100 par
|-unboost|p1a: Doublade|def|1
|-unboost|p1a: Doublade|spd|1
|move|p2a: Scrafty|Bulk Up|p2a: Scrafty
|-boost|p2a: Scrafty|atk|1
|-boost|p2a: Scrafty|def|1
|
|-heal|p2a: Scrafty|32/100 par|[from] item: Leftovers
|upkeep
|turn|39
|
|t:|1665588713
|switch|p2a: Charizard|Charizard, M|100/100
|move|p1a: Doublade|Close Combat|p2a: Charizard
|-resisted|p2a: Charizard
|-damage|p2a: Charizard|78/100
|-unboost|p1a: Doublade|def|1
|-unboost|p1a: Doublade|spd|1
|
|upkeep
|turn|40
|
|t:|1665588718
|switch|p1a: Lanturn|Lanturn, F|53/100
|move|p2a: Charizard|Toxic|p1a: Lanturn
|-status|p1a: Lanturn|tox
|
|-heal|p1a: Lanturn|59/100 tox|[from] item: Leftovers
|-damage|p1a: Lanturn|53/100 tox|[from] psn
|upkeep
|turn|41
|
|t:|1665588724
|switch|p2a: Togedemaru|Togedemaru, M|88/100
|-damage|p2a: Togedemaru|82/100|[from] Stealth Rock
|move|p1a: Lanturn|Toxic|p2a: Togedemaru
|-immune|p2a: Togedemaru
|
|-heal|p2a: Togedemaru|88/100|[from] item: Leftovers
|-heal|p1a: Lanturn|59/100 tox|[from] item: Leftovers
|-damage|p1a: Lanturn|47/100 tox|[from] psn
|upkeep
|turn|42
|
|t:|1665588729
|switch|p1a: Sandaconda|Sandaconda, M|100/100
|move|p2a: Togedemaru|U-turn|p1a: Sandaconda
|-damage|p1a: Sandaconda|90/100
|-damage|p2a: Togedemaru|72/100|[from] item: Rocky Helmet|[of] p1a: Sandaconda
|
|t:|1665588732
|switch|p2a: Scrafty|Scrafty, M|32/100 par|[from]move: U-turn
|-damage|p2a: Scrafty|26/100 par|[from] Stealth Rock
|
|-heal|p2a: Scrafty|32/100 par|[from] item: Leftovers
|upkeep
|turn|43
|
|t:|1665588738
|switch|p1a: Doublade|Doublade, F|77/100
|move|p2a: Scrafty|Rest|p2a: Scrafty
|-status|p2a: Scrafty|slp|[from] move: Rest
|-heal|p2a: Scrafty|100/100 slp|[silent]
|
|upkeep
|turn|44
|
|t:|1665588750
|cant|p2a: Scrafty|slp
|move|p1a: Doublade|Close Combat|p2a: Scrafty
|-supereffective|p2a: Scrafty
|-damage|p2a: Scrafty|29/100 slp
|-unboost|p1a: Doublade|def|1
|-unboost|p1a: Doublade|spd|1
|
|-activate|p2a: Scrafty|ability: Shed Skin
|-curestatus|p2a: Scrafty|slp|[msg]
|-heal|p2a: Scrafty|35/100|[from] item: Leftovers
|upkeep
|turn|45
|
|t:|1665588758
|switch|p2a: Archeops|Archeops, M|100/100
|switch|p1a: Scrafty|Scrafty, M|56/100
|
|upkeep
|turn|46
|
|t:|1665588762
|switch|p1a: Sandaconda|Sandaconda, M|90/100
|move|p2a: Archeops|Earthquake|p1a: Sandaconda
|-damage|p1a: Sandaconda|65/100
|
|upkeep
|turn|47
|
|t:|1665588769
|move|p2a: Archeops|Stealth Rock|p1a: Sandaconda
|-sidestart|p1: The Lost Ones|move: Stealth Rock
|move|p1a: Sandaconda|Glare|p2a: Archeops
|-status|p2a: Archeops|par
|
|upkeep
|turn|48
|
|t:|1665588774
|move|p1a: Sandaconda|Glare|p2a: Archeops
|-fail|p2a: Archeops|par
|move|p2a: Archeops|Earthquake|p1a: Sandaconda
|-damage|p1a: Sandaconda|39/100
|
|upkeep
|turn|49
|
|t:|1665588777
|move|p1a: Sandaconda|Rest|p1a: Sandaconda
|-status|p1a: Sandaconda|slp|[from] move: Rest
|-heal|p1a: Sandaconda|100/100 slp|[silent]
|move|p2a: Archeops|Earthquake|p1a: Sandaconda
|-damage|p1a: Sandaconda|75/100 slp
|
|upkeep
|turn|50
|
|t:|1665588780
|switch|p1a: Eldegoss|Eldegoss, F|100/100
|-damage|p1a: Eldegoss|88/100|[from] Stealth Rock
|switch|p2a: Scrafty|Scrafty, M|35/100
|-damage|p2a: Scrafty|29/100|[from] Stealth Rock
|
|-heal|p2a: Scrafty|35/100|[from] item: Leftovers
|upkeep
|turn|51
|
|t:|1665588785
|move|p2a: Scrafty|Rest|p2a: Scrafty
|-status|p2a: Scrafty|slp|[from] move: Rest
|-heal|p2a: Scrafty|100/100 slp|[silent]
|move|p1a: Eldegoss|Rapid Spin|p2a: Scrafty
|-damage|p2a: Scrafty|95/100 slp
|-boost|p1a: Eldegoss|spe|1
|-sideend|p1: The Lost Ones|Stealth Rock|[from] move: Rapid Spin|[of] p1a: Eldegoss
|
|-activate|p2a: Scrafty|ability: Shed Skin
|-curestatus|p2a: Scrafty|slp|[msg]
|-heal|p2a: Scrafty|100/100|[from] item: Leftovers
|upkeep
|turn|52
|
|t:|1665588792
|move|p1a: Eldegoss|Leech Seed|p2a: Scrafty
|-start|p2a: Scrafty|move: Leech Seed
|move|p2a: Scrafty|Bulk Up|p2a: Scrafty
|-boost|p2a: Scrafty|atk|1
|-boost|p2a: Scrafty|def|1
|
|-damage|p2a: Scrafty|88/100|[from] Leech Seed|[of] p1a: Eldegoss
|-heal|p1a: Eldegoss|100/100|[silent]
|upkeep
|turn|53
|
|t:|1665588803
|switch|p1a: Lanturn|Lanturn, F|47/100 tox
|move|p2a: Scrafty|Bulk Up|p2a: Scrafty
|-boost|p2a: Scrafty|atk|1
|-boost|p2a: Scrafty|def|1
|
|-heal|p1a: Lanturn|53/100 tox|[from] item: Leftovers
|-heal|p2a: Scrafty|94/100|[from] item: Leftovers
|-damage|p2a: Scrafty|82/100|[from] Leech Seed|[of] p1a: Lanturn
|-heal|p1a: Lanturn|63/100 tox|[silent]
|-damage|p1a: Lanturn|57/100 tox|[from] psn
|upkeep
|turn|54
|
|t:|1665588809
|move|p1a: Lanturn|Toxic|p2a: Scrafty
|-status|p2a: Scrafty|tox
|move|p2a: Scrafty|Knock Off|p1a: Lanturn
|-damage|p1a: Lanturn|0 fnt
|-enditem|p1a: Lanturn|Leftovers|[from] move: Knock Off|[of] p2a: Scrafty
|faint|p1a: Lanturn
|
|-heal|p2a: Scrafty|88/100 tox|[from] item: Leftovers
|-damage|p2a: Scrafty|82/100 tox|[from] psn
|upkeep
|
|t:|1665588827
|switch|p1a: Eldegoss|Eldegoss, F|100/100
|turn|55
|
|t:|1665588834
|move|p2a: Scrafty|Drain Punch|p1a: Eldegoss
|-damage|p1a: Eldegoss|63/100
|-heal|p2a: Scrafty|100/100 tox|[from] drain|[of] p1a: Eldegoss
|move|p1a: Eldegoss|Giga Drain|p2a: Scrafty
|-damage|p2a: Scrafty|87/100 tox
|-heal|p1a: Eldegoss|70/100|[from] drain|[of] p2a: Scrafty
|
|-activate|p2a: Scrafty|ability: Shed Skin
|-curestatus|p2a: Scrafty|tox|[msg]
|-heal|p2a: Scrafty|93/100|[from] item: Leftovers
|-damage|p2a: Scrafty|80/100|[from] Leech Seed|[of] p1a: Eldegoss
|-heal|p1a: Eldegoss|82/100|[silent]
|upkeep
|turn|56
|
|t:|1665588841
|move|p2a: Scrafty|Bulk Up|p2a: Scrafty
|-boost|p2a: Scrafty|atk|1
|-boost|p2a: Scrafty|def|1
|move|p1a: Eldegoss|Giga Drain|p2a: Scrafty
|-damage|p2a: Scrafty|67/100
|-heal|p1a: Eldegoss|89/100|[from] drain|[of] p2a: Scrafty
|
|-heal|p2a: Scrafty|73/100|[from] item: Leftovers
|-damage|p2a: Scrafty|61/100|[from] Leech Seed|[of] p1a: Eldegoss
|-heal|p1a: Eldegoss|100/100|[silent]
|upkeep
|turn|57
|
|t:|1665588847
|move|p2a: Scrafty|Drain Punch|p1a: Eldegoss
|-damage|p1a: Eldegoss|48/100
|-heal|p2a: Scrafty|86/100|[from] drain|[of] p1a: Eldegoss
|move|p1a: Eldegoss|Rapid Spin|p2a: Scrafty
|-damage|p2a: Scrafty|84/100
|-boost|p1a: Eldegoss|spe|1
|
|-heal|p2a: Scrafty|90/100|[from] item: Leftovers
|-damage|p2a: Scrafty|78/100|[from] Leech Seed|[of] p1a: Eldegoss
|-heal|p1a: Eldegoss|61/100|[silent]
|upkeep
|turn|58
|
|t:|1665588853
|move|p1a: Eldegoss|Giga Drain|p2a: Scrafty
|-damage|p2a: Scrafty|63/100
|-heal|p1a: Eldegoss|68/100|[from] drain|[of] p2a: Scrafty
|move|p2a: Scrafty|Drain Punch|p1a: Eldegoss
|-damage|p1a: Eldegoss|23/100
|-heal|p2a: Scrafty|86/100|[from] drain|[of] p1a: Eldegoss
|
|-heal|p2a: Scrafty|92/100|[from] item: Leftovers
|-damage|p2a: Scrafty|79/100|[from] Leech Seed|[of] p1a: Eldegoss
|-heal|p1a: Eldegoss|35/100|[silent]
|upkeep
|turn|59
|
|t:|1665588859
|switch|p1a: Doublade|Doublade, F|77/100
|move|p2a: Scrafty|Bulk Up|p2a: Scrafty
|-boost|p2a: Scrafty|atk|1
|-boost|p2a: Scrafty|def|1
|
|-heal|p2a: Scrafty|85/100|[from] item: Leftovers
|-damage|p2a: Scrafty|73/100|[from] Leech Seed|[of] p1a: Doublade
|-heal|p1a: Doublade|90/100|[silent]
|upkeep
|turn|60
|
|t:|1665588864
|move|p2a: Scrafty|Knock Off|p1a: Doublade
|-supereffective|p1a: Doublade
|-damage|p1a: Doublade|2/100
|move|p1a: Doublade|Close Combat|p2a: Scrafty
|-supereffective|p2a: Scrafty
|-damage|p2a: Scrafty|47/100
|-unboost|p1a: Doublade|def|1
|-unboost|p1a: Doublade|spd|1
|
|-heal|p2a: Scrafty|53/100|[from] item: Leftovers
|-damage|p2a: Scrafty|41/100|[from] Leech Seed|[of] p1a: Doublade
|-heal|p1a: Doublade|15/100|[silent]
|upkeep
|turn|61
|
|t:|1665588876
|switch|p1a: Scrafty|Scrafty, M|56/100
|move|p2a: Scrafty|Rest|p2a: Scrafty
|-status|p2a: Scrafty|slp|[from] move: Rest
|-heal|p2a: Scrafty|100/100 slp|[silent]
|
|-activate|p2a: Scrafty|ability: Shed Skin
|-curestatus|p2a: Scrafty|slp|[msg]
|-damage|p2a: Scrafty|88/100|[from] Leech Seed|[of] p1a: Scrafty
|-heal|p1a: Scrafty|71/100|[silent]
|upkeep
|turn|62
|
|t:|1665588881
|switch|p1a: Doublade|Doublade, F|15/100
|move|p2a: Scrafty|Drain Punch|p1a: Doublade
|-immune|p1a: Doublade
|
|-heal|p2a: Scrafty|94/100|[from] item: Leftovers
|-damage|p2a: Scrafty|82/100|[from] Leech Seed|[of] p1a: Doublade
|-heal|p1a: Doublade|27/100|[silent]
|upkeep
|turn|63
|
|t:|1665588890
|switch|p1a: Sandaconda|Sandaconda, M|75/100 slp
|move|p2a: Scrafty|Knock Off|p1a: Sandaconda
|-damage|p1a: Sandaconda|13/100 slp
|-damage|p2a: Scrafty|65/100|[from] item: Rocky Helmet|[of] p1a: Sandaconda
|-enditem|p1a: Sandaconda|Rocky Helmet|[from] move: Knock Off|[of] p2a: Scrafty
|
|-heal|p2a: Scrafty|71/100|[from] item: Leftovers
|-damage|p2a: Scrafty|59/100|[from] Leech Seed|[of] p1a: Sandaconda
|-heal|p1a: Sandaconda|25/100 slp|[silent]
|upkeep
|turn|64
|
|t:|1665588897
|cant|p1a: Sandaconda|slp
|move|p2a: Scrafty|Rest|p2a: Scrafty
|-status|p2a: Scrafty|slp|[from] move: Rest
|-heal|p2a: Scrafty|100/100 slp|[silent]
|
|-activate|p2a: Scrafty|ability: Shed Skin
|-curestatus|p2a: Scrafty|slp|[msg]
|-damage|p2a: Scrafty|88/100|[from] Leech Seed|[of] p1a: Sandaconda
|-heal|p1a: Sandaconda|37/100 slp|[silent]
|upkeep
|turn|65
|
|t:|1665588899
|cant|p1a: Sandaconda|slp
|move|p2a: Scrafty|Drain Punch|p1a: Sandaconda
|-damage|p1a: Sandaconda|0 fnt
|-heal|p2a: Scrafty|100/100|[from] drain|[of] p1a: Sandaconda
|faint|p1a: Sandaconda
|
|upkeep
|
|t:|1665588905
|switch|p1a: Eldegoss|Eldegoss, F|69/100
|turn|66
|
|t:|1665588907
|move|p2a: Scrafty|Drain Punch|p1a: Eldegoss
|-damage|p1a: Eldegoss|6/100
|move|p1a: Eldegoss|Giga Drain|p2a: Scrafty
|-damage|p2a: Scrafty|86/100
|-heal|p1a: Eldegoss|14/100|[from] drain|[of] p2a: Scrafty
|
|-heal|p2a: Scrafty|92/100|[from] item: Leftovers
|-damage|p2a: Scrafty|80/100|[from] Leech Seed|[of] p1a: Eldegoss
|-heal|p1a: Eldegoss|26/100|[silent]
|upkeep
|turn|67
|-message|The Lost Ones forfeited.
|
|win|Magnitude Report
|raw|The Lost Ones's rating: 1588 &rarr; <strong>1561</strong><br />(-27 for losing)
|raw|Magnitude Report's rating: 1456 &rarr; <strong>1483</strong><br />(+27 for winning)
|l|☆The Lost Ones
|c|☆Magnitude Report|gg
|j|☆The Lost Ones
|player|p1|The Lost Ones|concordia
|c|☆The Lost Ones|Gg
||Ladder isn't responding, score probably updated but might not have (Request timeout).
|l|☆The Lost Ones
|player|p1|
