|html|<div class="broadcast-blue"><strong>[Gen 8] PU is currently suspecting Vanilluxe! For information on how to participate check out the <a href="https://www.smogon.com/forums/threads/np-ss-pu-stage-10-ice-cream-vanilluxe-suspect-test.3705646/">suspect thread</a>.</strong></div>
|raw|<div class="broadcast-blue"><strong>This battle is required to be public due to a player having a name starting with 'pult4c1'.</div>
|j|☆SammyTheManny
|j|☆PULT4C1 Inder
|t:|1660505585
|gametype|singles
|player|p1|SammyTheManny|volkner|1134
|player|p2|PULT4C1 Inder|lyra|1181
|teamsize|p1|6
|teamsize|p2|6
|gen|8
|tier|[Gen 8] PU
|rated|
|rule|Sleep Clause Mod: Limit one foe put to sleep
|rule|Species Clause: Limit one of each Pokémon
|rule|OHKO Clause: OHKO moves are banned
|rule|Evasion Items Clause: Evasion items are banned
|rule|Evasion Moves Clause: Evasion moves are banned
|rule|Endless Battle Clause: Forcing endless battles is banned
|rule|HP Percentage Mod: HP is shown in percentages
|rule|Dynamax Clause: You cannot dynamax
|clearpoke
|poke|p1|Mesprit|
|poke|p1|Accelgor, M|
|poke|p1|Gigalith, F|
|poke|p1|Weezing, M|
|poke|p1|Galvantula, F|
|poke|p1|Boltund, F|
|poke|p2|Doublade, F|
|poke|p2|Vikavolt, M|
|poke|p2|Archeops, F|
|poke|p2|Silvally-*|
|poke|p2|Turtonator, M|
|poke|p2|Druddigon, F|
|teampreview
|inactive|Battle timer is ON: inactive players will automatically lose when time's up. (requested by PULT4C1 Inder)
|inactive|SammyTheManny has 120 seconds left.
|
|t:|1660505625
|start
|switch|p1a: Galvantula|Galvantula, F|100/100
|switch|p2a: Druddigon|Druddigon, F|100/100
|-ability|p2a: Druddigon|Mold Breaker
|turn|1
|inactive|PULT4C1 Inder has 120 seconds left.
|
|t:|1660505659
|move|p1a: Galvantula|Sticky Web|p2a: Druddigon
|-sidestart|p2: PULT4C1 Inder|move: Sticky Web
|move|p2a: Druddigon|Scale Shot|p1a: Galvantula
|-damage|p1a: Galvantula|77/100
|-damage|p1a: Galvantula|52/100
|-hitcount|p1a: Galvantula|2
|-unboost|p2a: Druddigon|def|1
|-boost|p2a: Druddigon|spe|1
|
|upkeep
|turn|2
|
|t:|1660505681
|move|p1a: Galvantula|Volt Switch|p2a: Druddigon
|-resisted|p2a: Druddigon
|-damage|p2a: Druddigon|81/100
|
|t:|1660505693
|switch|p1a: Weezing|Weezing, M|100/100|[from]move: Volt Switch
|move|p2a: Druddigon|Scale Shot|p1a: Weezing
|-damage|p1a: Weezing|90/100
|-damage|p1a: Weezing|79/100
|-hitcount|p1a: Weezing|2
|-unboost|p2a: Druddigon|def|1
|-boost|p2a: Druddigon|spe|1
|
|-heal|p1a: Weezing|85/100|[from] item: Black Sludge
|upkeep
|turn|3
|
|t:|1660505718
|move|p2a: Druddigon|Taunt|p1a: Weezing
|-start|p1a: Weezing|move: Taunt
|cant|p1a: Weezing|move: Taunt|Will-O-Wisp
|
|-heal|p1a: Weezing|91/100|[from] item: Black Sludge
|upkeep
|turn|4
|
|t:|1660505726
|move|p2a: Druddigon|Earthquake|p1a: Weezing
|-supereffective|p1a: Weezing
|-damage|p1a: Weezing|29/100
|move|p1a: Weezing|Sludge Bomb|p2a: Druddigon
|-damage|p2a: Druddigon|47/100
|
|-heal|p1a: Weezing|35/100|[from] item: Black Sludge
|upkeep
|turn|5
|inactive|SammyTheManny has 120 seconds left.
|
|t:|1660505757
|switch|p1a: Mesprit|Mesprit|100/100
|move|p2a: Druddigon|Earthquake|p1a: Mesprit
|-damage|p1a: Mesprit|69/100
|
|-heal|p1a: Mesprit|75/100|[from] item: Leftovers
|upkeep
|turn|6
|inactive|PULT4C1 Inder has 120 seconds left.
|inactive|SammyTheManny has 90 seconds left.
|
|t:|1660505799
|move|p2a: Druddigon|Stealth Rock|p1a: Mesprit
|-sidestart|p1: SammyTheManny|move: Stealth Rock
|move|p1a: Mesprit|U-turn|p2a: Druddigon
|-damage|p2a: Druddigon|8/100
|inactive|SammyTheManny has 90 seconds left.
|
|t:|1660505809
|switch|p1a: Galvantula|Galvantula, F|52/100|[from]move: U-turn
|-damage|p1a: Galvantula|27/100|[from] Stealth Rock
|
|upkeep
|turn|7
|
|t:|1660505817
|move|p2a: Druddigon|Earthquake|p1a: Galvantula
|-damage|p1a: Galvantula|0 fnt
|faint|p1a: Galvantula
|
|upkeep
|
|t:|1660505822
|switch|p1a: Accelgor|Accelgor, M|100/100
|-damage|p1a: Accelgor|76/100|[from] Stealth Rock
|turn|8
|inactive|PULT4C1 Inder has 120 seconds left.
|inactive|PULT4C1 Inder has 90 seconds left.
|
|t:|1660505866
|move|p2a: Druddigon|Taunt|p1a: Accelgor
|-start|p1a: Accelgor|move: Taunt
|move|p1a: Accelgor|Sludge Bomb|p2a: Druddigon
|-damage|p2a: Druddigon|0 fnt
|faint|p2a: Druddigon
|-damage|p1a: Accelgor|66/100|[from] item: Life Orb
|
|upkeep
|
|t:|1660505873
|switch|p2a: Vikavolt|Vikavolt, M|100/100
|turn|9
|
|t:|1660505891
|move|p1a: Accelgor|Sludge Bomb|p2a: Vikavolt
|-damage|p2a: Vikavolt|53/100
|-damage|p1a: Accelgor|56/100|[from] item: Life Orb
|move|p2a: Vikavolt|Bug Buzz|p1a: Accelgor
|-damage|p1a: Accelgor|0 fnt
|faint|p1a: Accelgor
|-enditem|p2a: Vikavolt|Throat Spray
|-boost|p2a: Vikavolt|spa|1|[from] item: Throat Spray
|
|upkeep
|inactive|SammyTheManny has 90 seconds left.
|
|t:|1660505908
|switch|p1a: Boltund|Boltund, F|100/100
|-damage|p1a: Boltund|88/100|[from] Stealth Rock
|turn|10
|inactive|SammyTheManny has 90 seconds left.
|inactive|PULT4C1 Inder has 90 seconds left.
|
|t:|1660505935
|move|p1a: Boltund|Fire Fang|p2a: Vikavolt
|-supereffective|p2a: Vikavolt
|-damage|p2a: Vikavolt|0 fnt
|faint|p2a: Vikavolt
|
|upkeep
|
|t:|1660505939
|switch|p2a: Turtonator|Turtonator, M|100/100
|turn|11
|
|t:|1660505952
|switch|p1a: Mesprit|Mesprit|75/100
|-damage|p1a: Mesprit|63/100|[from] Stealth Rock
|move|p2a: Turtonator|Shell Smash|p2a: Turtonator
|-unboost|p2a: Turtonator|def|1
|-unboost|p2a: Turtonator|spd|1
|-boost|p2a: Turtonator|atk|2
|-boost|p2a: Turtonator|spa|2
|-boost|p2a: Turtonator|spe|2
|
|-heal|p1a: Mesprit|69/100|[from] item: Leftovers
|upkeep
|turn|12
|
|t:|1660505964
|move|p1a: Mesprit|Protect|p1a: Mesprit
|-singleturn|p1a: Mesprit|Protect
|move|p2a: Turtonator|Flamethrower|p1a: Mesprit
|-activate|p1a: Mesprit|move: Protect
|
|-heal|p1a: Mesprit|75/100|[from] item: Leftovers
|upkeep
|turn|13
|
|t:|1660505978
|move|p2a: Turtonator|Flamethrower|p1a: Mesprit
|-damage|p1a: Mesprit|31/100
|move|p1a: Mesprit|Toxic|p2a: Turtonator
|-status|p2a: Turtonator|tox
|
|-heal|p1a: Mesprit|37/100|[from] item: Leftovers
|-damage|p2a: Turtonator|94/100 tox|[from] psn
|upkeep
|turn|14
|
|t:|1660505987
|move|p1a: Mesprit|Protect|p1a: Mesprit
|-singleturn|p1a: Mesprit|Protect
|move|p2a: Turtonator|Shell Smash|p2a: Turtonator
|-unboost|p2a: Turtonator|def|1
|-unboost|p2a: Turtonator|spd|1
|-boost|p2a: Turtonator|atk|2
|-boost|p2a: Turtonator|spa|2
|-boost|p2a: Turtonator|spe|2
|
|-heal|p1a: Mesprit|43/100|[from] item: Leftovers
|-damage|p2a: Turtonator|82/100 tox|[from] psn
|upkeep
|turn|15
|
|t:|1660506000
|move|p1a: Mesprit|Protect|p1a: Mesprit
|-singleturn|p1a: Mesprit|Protect
|move|p2a: Turtonator|Flamethrower|p1a: Mesprit
|-activate|p1a: Mesprit|move: Protect
|
|-heal|p1a: Mesprit|49/100|[from] item: Leftovers
|-damage|p2a: Turtonator|64/100 tox|[from] psn
|upkeep
|turn|16
|
|t:|1660506008
|move|p2a: Turtonator|Flamethrower|p1a: Mesprit
|-damage|p1a: Mesprit|0 fnt
|faint|p1a: Mesprit
|
|-damage|p2a: Turtonator|39/100 tox|[from] psn
|upkeep
|
|t:|1660506018
|switch|p1a: Weezing|Weezing, M|35/100
|-damage|p1a: Weezing|23/100|[from] Stealth Rock
|turn|17
|
|t:|1660506022
|move|p1a: Weezing|Protect|p1a: Weezing
|-singleturn|p1a: Weezing|Protect
|move|p2a: Turtonator|Flamethrower|p1a: Weezing
|-activate|p1a: Weezing|move: Protect
|
|-heal|p1a: Weezing|29/100|[from] item: Black Sludge
|-damage|p2a: Turtonator|9/100 tox|[from] psn
|upkeep
|turn|18
|
|t:|1660506033
|move|p1a: Weezing|Protect||[still]
|-fail|p1a: Weezing
|move|p2a: Turtonator|Flash Cannon|p1a: Weezing
|-damage|p1a: Weezing|0 fnt
|faint|p1a: Weezing
|
|-damage|p2a: Turtonator|0 fnt|[from] psn
|faint|p2a: Turtonator
|upkeep
|inactive|SammyTheManny has 90 seconds left.
|
|t:|1660506055
|switch|p2a: Silvally|Silvally-Fairy|100/100
|switch|p1a: Boltund|Boltund, F|88/100
|-damage|p1a: Boltund|76/100|[from] Stealth Rock
|-activate|p2a: Silvally|move: Sticky Web
|-unboost|p2a: Silvally|spe|1
|turn|19
|inactive|SammyTheManny has 90 seconds left.
|
|t:|1660506070
|move|p1a: Boltund|Psychic Fangs|p2a: Silvally
|-damage|p2a: Silvally|46/100
|move|p2a: Silvally|Multi-Attack|p1a: Boltund
|-damage|p1a: Boltund|0 fnt
|faint|p1a: Boltund
|
|upkeep
|
|t:|1660506076
|switch|p1a: Gigalith|Gigalith, F|100/100
|-damage|p1a: Gigalith|88/100|[from] Stealth Rock
|turn|20
|
|t:|1660506100
|move|p2a: Silvally|Multi-Attack|p1a: Gigalith
|-damage|p1a: Gigalith|54/100
|move|p1a: Gigalith|Stone Edge|p2a: Silvally
|-damage|p2a: Silvally|0 fnt
|faint|p2a: Silvally
|
|upkeep
|
|t:|1660506102
|switch|p2a: Doublade|Doublade, F|100/100
|-activate|p2a: Doublade|move: Sticky Web
|-unboost|p2a: Doublade|spe|1
|turn|21
|inactive|SammyTheManny has 90 seconds left.
|
|t:|1660506113
|move|p1a: Gigalith|Earthquake|p2a: Doublade
|-supereffective|p2a: Doublade
|-damage|p2a: Doublade|59/100
|move|p2a: Doublade|Close Combat|p1a: Gigalith
|-supereffective|p1a: Gigalith
|-damage|p1a: Gigalith|0 fnt
|-unboost|p2a: Doublade|def|1
|-unboost|p2a: Doublade|spd|1
|faint|p1a: Gigalith
|
|win|PULT4C1 Inder
|raw|SammyTheManny's rating: 1134 &rarr; <strong>1113</strong><br />(-21 for losing)
|raw|PULT4C1 Inder's rating: 1194 &rarr; <strong>1215</strong><br />(+21 for winning)
|l|☆SammyTheManny
||Ladder isn't responding, score probably updated but might not have (Request timeout).
|l|☆PULT4C1 Inder
