|html|<div class="broadcast-blue"><strong>[Gen 8] PU is currently suspecting Espeon! For information on how to participate check out the <a href="https://www.smogon.com/forums/threads/np-pu-stage-8-magic-bounce.3697962/">suspect thread</a>.</strong></div>
|j|☆saint912
|j|☆MentalAdversity
|t:|1645916598
|gametype|singles
|player|p1|saint912|brock|1229
|player|p2|MentalAdversity|pokefanf-gen4|1455
|teamsize|p1|6
|teamsize|p2|6
|gen|8
|tier|[Gen 8] PU
|rated|
|rule|Sleep Clause Mod: Limit one foe put to sleep
|rule|Species Clause: Limit one of each Pokémon
|rule|OHKO Clause: OHKO moves are banned
|rule|Evasion Moves Clause: Evasion moves are banned
|rule|Endless Battle Clause: Forcing endless battles is banned
|rule|HP Percentage Mod: HP is shown in percentages
|rule|Dynamax Clause: You cannot dynamax
|clearpoke
|poke|p1|Thievul, M|
|poke|p1|Gallade, M|
|poke|p1|Gourgeist-*, M|
|poke|p1|Throh, M|
|poke|p1|Klinklang|
|poke|p1|Stonjourner, F|
|poke|p2|Tangela, F|
|poke|p2|Articuno|
|poke|p2|Audino, M|
|poke|p2|Druddigon, F|
|poke|p2|Eldegoss, M|
|poke|p2|Quagsire, F|
|teampreview
|inactive|Battle timer is ON: inactive players will automatically lose when time's up. (requested by saint912)
|
|t:|1645916609
|start
|switch|p1a: DOJO KING|Throh, M|100/100
|switch|p2a: NURSE JOY|Audino, M, shiny|100/100
|turn|1
|
|t:|1645916614
|switch|p2a: DREADLOCKPUBE|Tangela, F, shiny|100/100
|move|p1a: DOJO KING|Knock Off|p2a: DREADLOCKPUBE
|-damage|p2a: DREADLOCKPUBE|84/100
|-enditem|p2a: DREADLOCKPUBE|Eviolite|[from] move: Knock Off|[of] p1a: DOJO KING
|-damage|p1a: DOJO KING|91/100|[from] item: Life Orb
|
|upkeep
|turn|2
|
|t:|1645916617
|move|p2a: DREADLOCKPUBE|Leech Seed|p1a: DOJO KING
|-start|p1a: DOJO KING|move: Leech Seed
|move|p1a: DOJO KING|Bulk Up|p1a: DOJO KING
|-boost|p1a: DOJO KING|atk|1
|-boost|p1a: DOJO KING|def|1
|
|-damage|p1a: DOJO KING|78/100|[from] Leech Seed|[of] p2a: DREADLOCKPUBE
|-heal|p2a: DREADLOCKPUBE|99/100|[silent]
|upkeep
|turn|3
|
|t:|1645916633
|move|p2a: DREADLOCKPUBE|Knock Off|p1a: DOJO KING
|-resisted|p1a: DOJO KING
|-damage|p1a: DOJO KING|75/100
|-enditem|p1a: DOJO KING|Life Orb|[from] move: Knock Off|[of] p2a: DREADLOCKPUBE
|move|p1a: DOJO KING|Storm Throw|p2a: DREADLOCKPUBE
|-crit|p2a: DREADLOCKPUBE
|-damage|p2a: DREADLOCKPUBE|60/100
|
|-damage|p1a: DOJO KING|62/100|[from] Leech Seed|[of] p2a: DREADLOCKPUBE
|-heal|p2a: DREADLOCKPUBE|77/100|[silent]
|upkeep
|turn|4
|
|t:|1645916640
|move|p2a: DREADLOCKPUBE|Toxic|p1a: DOJO KING
|-status|p1a: DOJO KING|tox
|move|p1a: DOJO KING|Poison Jab|p2a: DREADLOCKPUBE
|-supereffective|p2a: DREADLOCKPUBE
|-damage|p2a: DREADLOCKPUBE|1/100
|-status|p2a: DREADLOCKPUBE|psn
|
|-damage|p1a: DOJO KING|50/100 tox|[from] Leech Seed|[of] p2a: DREADLOCKPUBE
|-heal|p2a: DREADLOCKPUBE|17/100 psn|[silent]
|-damage|p2a: DREADLOCKPUBE|5/100 psn|[from] psn
|-damage|p1a: DOJO KING|44/100 tox|[from] psn
|upkeep
|turn|5
|
|t:|1645916646
|switch|p2a: Perry the platypus|Quagsire, F, shiny|100/100
|move|p1a: DOJO KING|Storm Throw|p2a: Perry the platypus
|-crit|p2a: Perry the platypus
|-damage|p2a: Perry the platypus|57/100
|
|-heal|p2a: Perry the platypus|63/100|[from] item: Leftovers
|-damage|p1a: DOJO KING|31/100 tox|[from] Leech Seed|[of] p2a: Perry the platypus
|-heal|p2a: Perry the platypus|77/100|[silent]
|-damage|p1a: DOJO KING|19/100 tox|[from] psn
|upkeep
|turn|6
|
|t:|1645916650
|move|p1a: DOJO KING|Knock Off|p2a: Perry the platypus
|-damage|p2a: Perry the platypus|46/100
|-enditem|p2a: Perry the platypus|Leftovers|[from] move: Knock Off|[of] p1a: DOJO KING
|move|p2a: Perry the platypus|Recover|p2a: Perry the platypus
|-heal|p2a: Perry the platypus|96/100
|
|-damage|p1a: DOJO KING|7/100 tox|[from] Leech Seed|[of] p2a: Perry the platypus
|-heal|p2a: Perry the platypus|100/100|[silent]
|-damage|p1a: DOJO KING|0 fnt|[from] psn
|faint|p1a: DOJO KING
|upkeep
|
|t:|1645916668
|switch|p1a: SCOUT|Thievul, M|100/100
|turn|7
|
|t:|1645916672
|switch|p2a: NURSE JOY|Audino, M, shiny|100/100
|move|p1a: SCOUT|Grass Knot|p2a: NURSE JOY
|-damage|p2a: NURSE JOY|74/100
|
|upkeep
|turn|8
|
|t:|1645916677
|move|p1a: SCOUT|Parting Shot|p2a: NURSE JOY
|-unboost|p2a: NURSE JOY|atk|1
|-unboost|p2a: NURSE JOY|spa|1
|
|t:|1645916680
|switch|p1a: KLOCK Magician|Klinklang|100/100|[from]move: Parting Shot
|move|p2a: NURSE JOY|Knock Off|p1a: KLOCK Magician
|-damage|p1a: KLOCK Magician|94/100
|-damage|p2a: NURSE JOY|57/100|[from] item: Rocky Helmet|[of] p1a: KLOCK Magician
|-enditem|p1a: KLOCK Magician|Rocky Helmet|[from] move: Knock Off|[of] p2a: NURSE JOY
|
|upkeep
|turn|9
|
|t:|1645916686
|switch|p2a: DREADLOCKPUBE|Tangela, F, shiny|38/100 psn
|move|p1a: KLOCK Magician|Gear Grind|p2a: DREADLOCKPUBE
|-damage|p2a: DREADLOCKPUBE|26/100 psn
|-damage|p2a: DREADLOCKPUBE|15/100 psn
|-hitcount|p2a: DREADLOCKPUBE|2
|
|-damage|p2a: DREADLOCKPUBE|2/100 psn|[from] psn
|upkeep
|turn|10
|
|t:|1645916691
|switch|p2a: Druddigon|Druddigon, F, shiny|100/100
|-ability|p2a: Druddigon|Mold Breaker
|move|p1a: KLOCK Magician|Gear Grind|p2a: Druddigon
|-damage|p2a: Druddigon|88/100
|-damage|p2a: Druddigon|75/100
|-hitcount|p2a: Druddigon|2
|
|-heal|p2a: Druddigon|82/100|[from] item: Leftovers
|upkeep
|turn|11
|
|t:|1645916696
|move|p1a: KLOCK Magician|Magnet Rise|p1a: KLOCK Magician
|-start|p1a: KLOCK Magician|Magnet Rise
|move|p2a: Druddigon|Stealth Rock|p1a: KLOCK Magician
|-sidestart|p1: saint912|move: Stealth Rock
|
|-heal|p2a: Druddigon|88/100|[from] item: Leftovers
|upkeep
|turn|12
|
|t:|1645916702
|move|p1a: KLOCK Magician|Gear Grind|p2a: Druddigon
|-damage|p2a: Druddigon|75/100
|-damage|p2a: Druddigon|63/100
|-hitcount|p2a: Druddigon|2
|move|p2a: Druddigon|Roar|p1a: KLOCK Magician
|drag|p1a: RELIC|Stonjourner, F|100/100
|-damage|p1a: RELIC|88/100|[from] Stealth Rock
|
|-heal|p2a: Druddigon|69/100|[from] item: Leftovers
|upkeep
|turn|13
|
|t:|1645916712
|move|p1a: RELIC|Stone Edge|p2a: Druddigon
|-damage|p2a: Druddigon|16/100
|-damage|p1a: RELIC|78/100|[from] item: Life Orb
|move|p2a: Druddigon|Roar|p1a: RELIC
|drag|p1a: SCOUT|Thievul, M|100/100
|
|-heal|p2a: Druddigon|22/100|[from] item: Leftovers
|upkeep
|turn|14
|
|t:|1645916722
|switch|p2a: NURSE JOY|Audino, M, shiny|90/100
|move|p1a: SCOUT|Dark Pulse|p2a: NURSE JOY
|-damage|p2a: NURSE JOY|44/100
|
|upkeep
|turn|15
|
|t:|1645916728
|switch|p2a: BLUE JAYS|Articuno|100/100
|-ability|p2a: BLUE JAYS|Pressure
|move|p1a: SCOUT|Dark Pulse|p2a: BLUE JAYS
|-damage|p2a: BLUE JAYS|60/100
|
|upkeep
|turn|16
|
|t:|1645916735
|move|p1a: SCOUT|Parting Shot|p2a: BLUE JAYS
|-unboost|p2a: BLUE JAYS|atk|1
|-unboost|p2a: BLUE JAYS|spa|1
|
|t:|1645916740
|switch|p1a: KLOCK Magician|Klinklang|94/100|[from]move: Parting Shot
|-damage|p1a: KLOCK Magician|88/100|[from] Stealth Rock
|move|p2a: BLUE JAYS|Roost|p2a: BLUE JAYS
|-heal|p2a: BLUE JAYS|100/100
|-singleturn|p2a: BLUE JAYS|move: Roost
|
|upkeep
|turn|17
|
|t:|1645916747
|switch|p2a: COTTONBALL|Eldegoss, M, shiny|100/100
|move|p1a: KLOCK Magician|Gear Grind|p2a: COTTONBALL|[miss]
|-miss|p1a: KLOCK Magician|p2a: COTTONBALL
|
|upkeep
|turn|18
|
|t:|1645916754
|switch|p1a: SNICKERZ|Gourgeist-Super, M, shiny|100/100
|-damage|p1a: SNICKERZ|88/100|[from] Stealth Rock
|-item|p2a: COTTONBALL|Heavy-Duty Boots|[from] ability: Frisk|[of] p1a: SNICKERZ|[identify]
|move|p2a: COTTONBALL|Leech Seed|p1a: SNICKERZ
|-immune|p1a: SNICKERZ
|
|-heal|p1a: SNICKERZ|94/100|[from] item: Leftovers
|upkeep
|turn|19
|
|t:|1645916759
|switch|p2a: DREADLOCKPUBE|Tangela, F, shiny|36/100 psn
|move|p1a: SNICKERZ|Trick-or-Treat|p2a: DREADLOCKPUBE
|-start|p2a: DREADLOCKPUBE|typeadd|Ghost|[from] move: Trick-or-Treat
|
|-heal|p1a: SNICKERZ|100/100|[from] item: Leftovers
|-damage|p2a: DREADLOCKPUBE|23/100 psn|[from] psn
|upkeep
|turn|20
|
|t:|1645916766
|switch|p2a: NURSE JOY|Audino, M, shiny|77/100
|move|p1a: SNICKERZ|Poltergeist|p2a: NURSE JOY
|-immune|p2a: NURSE JOY
|
|upkeep
|turn|21
|
|t:|1645916772
|move|p1a: SNICKERZ|Trick-or-Treat|p2a: NURSE JOY
|-start|p2a: NURSE JOY|typeadd|Ghost|[from] move: Trick-or-Treat
|move|p2a: NURSE JOY|Toxic|p1a: SNICKERZ|[miss]
|-miss|p2a: NURSE JOY|p1a: SNICKERZ
|
|upkeep
|turn|22
|
|t:|1645916778
|switch|p1a: KLOCK Magician|Klinklang|88/100
|-damage|p1a: KLOCK Magician|81/100|[from] Stealth Rock
|switch|p2a: DREADLOCKPUBE|Tangela, F, shiny|56/100 psn
|
|-damage|p2a: DREADLOCKPUBE|44/100 psn|[from] psn
|upkeep
|turn|23
|
|t:|1645916787
|switch|p2a: Perry the platypus|Quagsire, F, shiny|100/100
|move|p1a: KLOCK Magician|Shift Gear|p1a: KLOCK Magician
|-boost|p1a: KLOCK Magician|spe|2
|-boost|p1a: KLOCK Magician|atk|1
|
|upkeep
|turn|24
|
|t:|1645916793
|switch|p1a: SNICKERZ|Gourgeist-Super, M, shiny|100/100
|-damage|p1a: SNICKERZ|88/100|[from] Stealth Rock
|move|p2a: Perry the platypus|Scald|p1a: SNICKERZ
|-resisted|p1a: SNICKERZ
|-damage|p1a: SNICKERZ|78/100
|
|-heal|p1a: SNICKERZ|84/100|[from] item: Leftovers
|upkeep
|turn|25
|
|t:|1645916796
|switch|p2a: DREADLOCKPUBE|Tangela, F, shiny|77/100 psn
|move|p1a: SNICKERZ|Power Whip|p2a: DREADLOCKPUBE
|-resisted|p2a: DREADLOCKPUBE
|-damage|p2a: DREADLOCKPUBE|57/100 psn
|
|-heal|p1a: SNICKERZ|90/100|[from] item: Leftovers
|-damage|p2a: DREADLOCKPUBE|45/100 psn|[from] psn
|upkeep
|turn|26
|
|t:|1645916809
|switch|p1a: KLOCK Magician|Klinklang|81/100
|-damage|p1a: KLOCK Magician|75/100|[from] Stealth Rock
|move|p2a: DREADLOCKPUBE|Toxic|p1a: KLOCK Magician
|-immune|p1a: KLOCK Magician
|
|-damage|p2a: DREADLOCKPUBE|33/100 psn|[from] psn
|upkeep
|turn|27
|
|t:|1645916813
|switch|p2a: COTTONBALL|Eldegoss, M, shiny|100/100
|move|p1a: KLOCK Magician|Gear Grind|p2a: COTTONBALL
|-damage|p2a: COTTONBALL|82/100
|-damage|p2a: COTTONBALL|62/100
|-hitcount|p2a: COTTONBALL|2
|
|upkeep
|turn|28
|
|t:|1645916816
|move|p1a: KLOCK Magician|Gear Grind|p2a: COTTONBALL
|-damage|p2a: COTTONBALL|42/100
|-damage|p2a: COTTONBALL|20/100
|-hitcount|p2a: COTTONBALL|2
|move|p2a: COTTONBALL|Leech Seed|p1a: KLOCK Magician|[miss]
|-miss|p2a: COTTONBALL|p1a: KLOCK Magician
|
|upkeep
|turn|29
|
|t:|1645916821
|switch|p2a: Perry the platypus|Quagsire, F, shiny|100/100
|move|p1a: KLOCK Magician|Gear Grind|p2a: Perry the platypus
|-resisted|p2a: Perry the platypus
|-damage|p2a: Perry the platypus|94/100
|-resisted|p2a: Perry the platypus
|-damage|p2a: Perry the platypus|88/100
|-hitcount|p2a: Perry the platypus|2
|
|upkeep
|turn|30
|
|t:|1645916824
|switch|p1a: SNICKERZ|Gourgeist-Super, M, shiny|90/100
|-damage|p1a: SNICKERZ|78/100|[from] Stealth Rock
|move|p2a: Perry the platypus|Toxic|p1a: SNICKERZ
|-status|p1a: SNICKERZ|tox
|
|-heal|p1a: SNICKERZ|84/100 tox|[from] item: Leftovers
|-damage|p1a: SNICKERZ|78/100 tox|[from] psn
|upkeep
|turn|31
|
|t:|1645916828
|switch|p2a: NURSE JOY|Audino, M, shiny|100/100
|move|p1a: SNICKERZ|Power Whip|p2a: NURSE JOY
|-damage|p2a: NURSE JOY|50/100
|
|-heal|p1a: SNICKERZ|84/100 tox|[from] item: Leftovers
|-damage|p1a: SNICKERZ|71/100 tox|[from] psn
|upkeep
|turn|32
|
|t:|1645916832
|move|p2a: NURSE JOY|Protect|p2a: NURSE JOY
|-singleturn|p2a: NURSE JOY|Protect
|move|p1a: SNICKERZ|Power Whip|p2a: NURSE JOY
|-activate|p2a: NURSE JOY|move: Protect
|
|-heal|p1a: SNICKERZ|78/100 tox|[from] item: Leftovers
|-damage|p1a: SNICKERZ|59/100 tox|[from] psn
|upkeep
|turn|33
|
|t:|1645916835
|switch|p2a: DREADLOCKPUBE|Tangela, F, shiny|66/100 psn
|move|p1a: SNICKERZ|Power Whip|p2a: DREADLOCKPUBE|[miss]
|-miss|p1a: SNICKERZ|p2a: DREADLOCKPUBE
|
|-heal|p1a: SNICKERZ|65/100 tox|[from] item: Leftovers
|-damage|p2a: DREADLOCKPUBE|54/100 psn|[from] psn
|-damage|p1a: SNICKERZ|41/100 tox|[from] psn
|upkeep
|turn|34
|
|t:|1645916840
|switch|p1a: SCOUT|Thievul, M|100/100
|move|p2a: DREADLOCKPUBE|Protect||[still]
|-fail|p2a: DREADLOCKPUBE
|
|-damage|p2a: DREADLOCKPUBE|42/100 psn|[from] psn
|upkeep
|turn|35
|
|t:|1645916845
|switch|p2a: BLUE JAYS|Articuno|100/100
|-ability|p2a: BLUE JAYS|Pressure
|move|p1a: SCOUT|Dark Pulse|p2a: BLUE JAYS
|-damage|p2a: BLUE JAYS|62/100
|
|upkeep
|turn|36
|
|t:|1645916853
|move|p1a: SCOUT|Parting Shot|p2a: BLUE JAYS
|-unboost|p2a: BLUE JAYS|atk|1
|-unboost|p2a: BLUE JAYS|spa|1
|
|t:|1645916857
|switch|p1a: RELIC|Stonjourner, F|78/100|[from]move: Parting Shot
|-damage|p1a: RELIC|66/100|[from] Stealth Rock
|move|p2a: BLUE JAYS|Roost|p2a: BLUE JAYS
|-heal|p2a: BLUE JAYS|100/100
|-singleturn|p2a: BLUE JAYS|move: Roost
|
|upkeep
|turn|37
|
|t:|1645916867
|switch|p2a: Perry the platypus|Quagsire, F, shiny|88/100
|move|p1a: RELIC|Heavy Slam|p2a: Perry the platypus
|-resisted|p2a: Perry the platypus
|-damage|p2a: Perry the platypus|69/100
|-damage|p1a: RELIC|56/100|[from] item: Life Orb
|
|upkeep
|turn|38
|
|t:|1645916871
|switch|p1a: SNICKERZ|Gourgeist-Super, M, shiny|41/100 tox
|-damage|p1a: SNICKERZ|28/100 tox|[from] Stealth Rock
|move|p2a: Perry the platypus|Recover|p2a: Perry the platypus
|-heal|p2a: Perry the platypus|100/100
|
|-heal|p1a: SNICKERZ|34/100 tox|[from] item: Leftovers
|-damage|p1a: SNICKERZ|28/100 tox|[from] psn
|upkeep
|turn|39
|
|t:|1645916878
|switch|p2a: DREADLOCKPUBE|Tangela, F, shiny|75/100 psn
|move|p1a: SNICKERZ|Trick-or-Treat|p2a: DREADLOCKPUBE
|-start|p2a: DREADLOCKPUBE|typeadd|Ghost|[from] move: Trick-or-Treat
|
|-heal|p1a: SNICKERZ|34/100 tox|[from] item: Leftovers
|-damage|p2a: DREADLOCKPUBE|62/100 psn|[from] psn
|-damage|p1a: SNICKERZ|22/100 tox|[from] psn
|upkeep
|turn|40
|
|t:|1645916881
|move|p2a: DREADLOCKPUBE|Protect|p2a: DREADLOCKPUBE
|-singleturn|p2a: DREADLOCKPUBE|Protect
|move|p1a: SNICKERZ|Poltergeist||[still]
|-fail|p1a: SNICKERZ
|
|-heal|p1a: SNICKERZ|28/100 tox|[from] item: Leftovers
|-damage|p2a: DREADLOCKPUBE|50/100 psn|[from] psn
|-damage|p1a: SNICKERZ|10/100 tox|[from] psn
|upkeep
|turn|41
|
|t:|1645916885
|switch|p2a: NURSE JOY|Audino, M, shiny|83/100
|move|p1a: SNICKERZ|Power Whip|p2a: NURSE JOY
|-damage|p2a: NURSE JOY|29/100
|
|-heal|p1a: SNICKERZ|16/100 tox|[from] item: Leftovers
|-damage|p1a: SNICKERZ|0 fnt|[from] psn
|faint|p1a: SNICKERZ
|upkeep
|
|t:|1645916892
|switch|p1a: GALLAKNIGHT|Gallade, M|100/100
|-damage|p1a: GALLAKNIGHT|94/100|[from] Stealth Rock
|turn|42
|
|t:|1645916896
|-singleturn|p1a: GALLAKNIGHT|move: Focus Punch
|switch|p2a: DREADLOCKPUBE|Tangela, F, shiny|83/100 psn
|move|p1a: GALLAKNIGHT|Focus Punch|p2a: DREADLOCKPUBE
|-damage|p2a: DREADLOCKPUBE|15/100 psn
|-damage|p1a: GALLAKNIGHT|84/100|[from] item: Life Orb
|
|-damage|p2a: DREADLOCKPUBE|3/100 psn|[from] psn
|upkeep
|turn|43
|j| spreadfire
|
|t:|1645916912
|switch|p2a: Druddigon|Druddigon, F, shiny|22/100
|-ability|p2a: Druddigon|Mold Breaker
|move|p1a: GALLAKNIGHT|Drain Punch|p2a: Druddigon
|-damage|p2a: Druddigon|0 fnt
|-heal|p1a: GALLAKNIGHT|96/100|[from] drain|[of] p2a: Druddigon
|faint|p2a: Druddigon
|-damage|p1a: GALLAKNIGHT|86/100|[from] item: Life Orb
|
|upkeep
|
|t:|1645916914
|switch|p2a: Perry the platypus|Quagsire, F, shiny|100/100
|turn|44
|
|t:|1645916924
|-singleturn|p1a: GALLAKNIGHT|move: Focus Punch
|move|p2a: Perry the platypus|Scald|p1a: GALLAKNIGHT
|-damage|p1a: GALLAKNIGHT|67/100
|cant|p1a: GALLAKNIGHT|Focus Punch|Focus Punch
|
|upkeep
|turn|45
|
|t:|1645916930
|switch|p1a: SCOUT|Thievul, M|100/100
|move|p2a: Perry the platypus|Scald|p1a: SCOUT
|-damage|p1a: SCOUT|77/100
|
|upkeep
|turn|46
|
|t:|1645916934
|switch|p2a: BLUE JAYS|Articuno|100/100
|-ability|p2a: BLUE JAYS|Pressure
|move|p1a: SCOUT|Dark Pulse|p2a: BLUE JAYS
|-damage|p2a: BLUE JAYS|65/100
|
|upkeep
|turn|47
|
|t:|1645916939
|move|p1a: SCOUT|Parting Shot|p2a: BLUE JAYS
|-unboost|p2a: BLUE JAYS|atk|1
|-unboost|p2a: BLUE JAYS|spa|1
|
|t:|1645916946
|switch|p1a: GALLAKNIGHT|Gallade, M|67/100|[from]move: Parting Shot
|-damage|p1a: GALLAKNIGHT|61/100|[from] Stealth Rock
|move|p2a: BLUE JAYS|Toxic|p1a: GALLAKNIGHT|[miss]
|-miss|p2a: BLUE JAYS|p1a: GALLAKNIGHT
|
|upkeep
|turn|48
|
|t:|1645916956
|-singleturn|p1a: GALLAKNIGHT|move: Focus Punch
|switch|p2a: DREADLOCKPUBE|Tangela, F, shiny|36/100 psn
|move|p1a: GALLAKNIGHT|Focus Punch|p2a: DREADLOCKPUBE
|-damage|p2a: DREADLOCKPUBE|0 fnt
|faint|p2a: DREADLOCKPUBE
|-damage|p1a: GALLAKNIGHT|51/100|[from] item: Life Orb
|
|upkeep
|
|t:|1645916959
|switch|p2a: Perry the platypus|Quagsire, F, shiny|100/100
|turn|49
|
|t:|1645916971
|switch|p1a: SCOUT|Thievul, M|77/100
|move|p2a: Perry the platypus|Toxic|p1a: SCOUT
|-status|p1a: SCOUT|tox
|
|-damage|p1a: SCOUT|71/100 tox|[from] psn
|upkeep
|turn|50
|
|t:|1645916975
|switch|p2a: NURSE JOY|Audino, M, shiny|62/100
|move|p1a: SCOUT|Burning Jealousy|p2a: NURSE JOY
|-damage|p2a: NURSE JOY|34/100
|
|-damage|p1a: SCOUT|59/100 tox|[from] psn
|upkeep
|turn|51
|
|t:|1645916982
|switch|p1a: KLOCK Magician|Klinklang|75/100
|-damage|p1a: KLOCK Magician|69/100|[from] Stealth Rock
|move|p2a: NURSE JOY|Protect||[still]
|-fail|p2a: NURSE JOY
|
|upkeep
|turn|52
|
|t:|1645916989
|switch|p2a: Perry the platypus|Quagsire, F, shiny|100/100
|move|p1a: KLOCK Magician|Gear Grind|p2a: Perry the platypus
|-resisted|p2a: Perry the platypus
|-damage|p2a: Perry the platypus|95/100
|-resisted|p2a: Perry the platypus
|-damage|p2a: Perry the platypus|89/100
|-hitcount|p2a: Perry the platypus|2
|
|upkeep
|turn|53
|
|t:|1645916992
|switch|p1a: SCOUT|Thievul, M|59/100 tox
|move|p2a: Perry the platypus|Scald|p1a: SCOUT
|-damage|p1a: SCOUT|33/100 tox
|
|-damage|p1a: SCOUT|27/100 tox|[from] psn
|upkeep
|turn|54
|
|t:|1645917002
|switch|p2a: NURSE JOY|Audino, M, shiny|67/100
|move|p1a: SCOUT|Parting Shot|p2a: NURSE JOY
|-unboost|p2a: NURSE JOY|atk|1
|-unboost|p2a: NURSE JOY|spa|1
|
|t:|1645917009
|switch|p1a: GALLAKNIGHT|Gallade, M|51/100|[from]move: Parting Shot
|-damage|p1a: GALLAKNIGHT|45/100|[from] Stealth Rock
|
|upkeep
|turn|55
|
|t:|1645917015
|-singleturn|p1a: GALLAKNIGHT|move: Focus Punch
|move|p2a: NURSE JOY|Protect|p2a: NURSE JOY
|-singleturn|p2a: NURSE JOY|Protect
|move|p1a: GALLAKNIGHT|Focus Punch|p2a: NURSE JOY
|-activate|p2a: NURSE JOY|move: Protect
|
|upkeep
|turn|56
|
|t:|1645917021
|-singleturn|p1a: GALLAKNIGHT|move: Focus Punch
|switch|p2a: COTTONBALL|Eldegoss, M, shiny|53/100
|move|p1a: GALLAKNIGHT|Focus Punch|p2a: COTTONBALL
|-damage|p2a: COTTONBALL|0 fnt
|faint|p2a: COTTONBALL
|-damage|p1a: GALLAKNIGHT|35/100|[from] item: Life Orb
|
|upkeep
|
|t:|1645917023
|switch|p2a: Perry the platypus|Quagsire, F, shiny|89/100
|turn|57
|
|t:|1645917035
|move|p1a: GALLAKNIGHT|Drain Punch|p2a: Perry the platypus
|-damage|p2a: Perry the platypus|49/100
|-heal|p1a: GALLAKNIGHT|60/100|[from] drain|[of] p2a: Perry the platypus
|-damage|p1a: GALLAKNIGHT|50/100|[from] item: Life Orb
|move|p2a: Perry the platypus|Scald|p1a: GALLAKNIGHT
|-damage|p1a: GALLAKNIGHT|32/100
|-status|p1a: GALLAKNIGHT|brn
|
|-damage|p1a: GALLAKNIGHT|26/100 brn|[from] brn
|upkeep
|turn|58
|c|☆MentalAdversity|thank u lord
|
|t:|1645917044
|move|p1a: GALLAKNIGHT|Zen Headbutt|p2a: Perry the platypus
|-damage|p2a: Perry the platypus|28/100
|-damage|p1a: GALLAKNIGHT|16/100 brn|[from] item: Life Orb
|move|p2a: Perry the platypus|Recover|p2a: Perry the platypus
|-heal|p2a: Perry the platypus|78/100
|
|-damage|p1a: GALLAKNIGHT|10/100 brn|[from] brn
|upkeep
|turn|59
|
|t:|1645917050
|move|p1a: GALLAKNIGHT|Zen Headbutt|p2a: Perry the platypus
|-damage|p2a: Perry the platypus|59/100
|-damage|p1a: GALLAKNIGHT|0 fnt|[from] item: Life Orb
|faint|p1a: GALLAKNIGHT
|cant|p2a: Perry the platypus|flinch
|
|upkeep
|c|☆saint912|lol
|
|t:|1645917057
|switch|p1a: SCOUT|Thievul, M|27/100 tox
|turn|60
|
|t:|1645917061
|switch|p2a: NURSE JOY|Audino, M, shiny|99/100
|move|p1a: SCOUT|Dark Pulse|p2a: NURSE JOY
|-damage|p2a: NURSE JOY|53/100
|
|-damage|p1a: SCOUT|21/100 tox|[from] psn
|upkeep
|turn|61
|
|t:|1645917068
|switch|p1a: RELIC|Stonjourner, F|56/100
|-damage|p1a: RELIC|44/100|[from] Stealth Rock
|move|p2a: NURSE JOY|Protect||[still]
|-fail|p2a: NURSE JOY
|
|upkeep
|turn|62
|l| spreadfire
|
|t:|1645917083
|switch|p2a: BLUE JAYS|Articuno|65/100
|-ability|p2a: BLUE JAYS|Pressure
|move|p1a: RELIC|Earthquake|p2a: BLUE JAYS
|-immune|p2a: BLUE JAYS
|
|upkeep
|turn|63
|
|t:|1645917090
|move|p2a: BLUE JAYS|Roost|p2a: BLUE JAYS
|-heal|p2a: BLUE JAYS|100/100
|-singleturn|p2a: BLUE JAYS|move: Roost
|move|p1a: RELIC|Stone Edge|p2a: BLUE JAYS
|-supereffective|p2a: BLUE JAYS
|-damage|p2a: BLUE JAYS|0 fnt
|faint|p2a: BLUE JAYS
|-damage|p1a: RELIC|34/100|[from] item: Life Orb
|
|upkeep
|
|t:|1645917092
|switch|p2a: Perry the platypus|Quagsire, F, shiny|59/100
|turn|64
|
|t:|1645917096
|move|p1a: RELIC|Earthquake|p2a: Perry the platypus
|-damage|p2a: Perry the platypus|27/100
|-damage|p1a: RELIC|24/100|[from] item: Life Orb
|move|p2a: Perry the platypus|Recover|p2a: Perry the platypus
|-heal|p2a: Perry the platypus|77/100
|
|upkeep
|turn|65
|
|t:|1645917103
|switch|p1a: SCOUT|Thievul, M|21/100 tox
|move|p2a: Perry the platypus|Scald|p1a: SCOUT
|-damage|p1a: SCOUT|0 fnt
|faint|p1a: SCOUT
|
|upkeep
|c|☆MentalAdversity|thank u lord
|c|☆saint912|noooo
|c|☆MentalAdversity|had to sacrifice articuno
|
|t:|1645917118
|switch|p1a: KLOCK Magician|Klinklang|69/100
|-damage|p1a: KLOCK Magician|63/100|[from] Stealth Rock
|turn|66
|c|☆MentalAdversity|had a feeling ur rockyboy slaps hard
|
|t:|1645917122
|move|p1a: KLOCK Magician|Magnet Rise|p1a: KLOCK Magician
|-start|p1a: KLOCK Magician|Magnet Rise
|move|p2a: Perry the platypus|Recover|p2a: Perry the platypus
|-heal|p2a: Perry the platypus|100/100
|
|upkeep
|turn|67
|
|t:|1645917129
|move|p1a: KLOCK Magician|Shift Gear|p1a: KLOCK Magician
|-boost|p1a: KLOCK Magician|spe|2
|-boost|p1a: KLOCK Magician|atk|1
|move|p2a: Perry the platypus|Scald|p1a: KLOCK Magician
|-damage|p1a: KLOCK Magician|40/100
|
|upkeep
|turn|68
|
|t:|1645917135
|move|p1a: KLOCK Magician|Gear Grind|p2a: Perry the platypus
|-resisted|p2a: Perry the platypus
|-damage|p2a: Perry the platypus|95/100
|-resisted|p2a: Perry the platypus
|-damage|p2a: Perry the platypus|89/100
|-hitcount|p2a: Perry the platypus|2
|move|p2a: Perry the platypus|Scald|p1a: KLOCK Magician
|-damage|p1a: KLOCK Magician|16/100
|
|upkeep
|turn|69
|
|t:|1645917137
|move|p1a: KLOCK Magician|Gear Grind|p2a: Perry the platypus
|-resisted|p2a: Perry the platypus
|-damage|p2a: Perry the platypus|83/100
|-resisted|p2a: Perry the platypus
|-damage|p2a: Perry the platypus|78/100
|-hitcount|p2a: Perry the platypus|2
|move|p2a: Perry the platypus|Scald|p1a: KLOCK Magician
|-damage|p1a: KLOCK Magician|0 fnt
|faint|p1a: KLOCK Magician
|
|upkeep
|
|t:|1645917140
|switch|p1a: RELIC|Stonjourner, F|24/100
|-damage|p1a: RELIC|11/100|[from] Stealth Rock
|turn|70
|c|☆MentalAdversity|gg brother
|j| my only option
|c|☆MentalAdversity|u were very close
|
|t:|1645917144
|move|p1a: RELIC|Earthquake|p2a: Perry the platypus
|-damage|p2a: Perry the platypus|44/100
|-damage|p1a: RELIC|1/100|[from] item: Life Orb
|move|p2a: Perry the platypus|Scald|p1a: RELIC
|-supereffective|p1a: RELIC
|-damage|p1a: RELIC|0 fnt
|faint|p1a: RELIC
|
|win|MentalAdversity
|raw|saint912's rating: 1229 &rarr; <strong>1218</strong><br />(-11 for losing)
|raw|MentalAdversity's rating: 1455 &rarr; <strong>1464</strong><br />(+9 for winning)
|l|☆saint912
