|j|☆Bhalal
|j|☆acluh1
|t:|1665944272
|gametype|singles
|player|p1|Bhalal|266|
|player|p2|acluh1|karen|
|teamsize|p1|6
|teamsize|p2|6
|gen|8
|tier|[Gen 8] PU
|rule|Sleep Clause Mod: Limit one foe put to sleep
|rule|Species Clause: Limit one of each Pokémon
|rule|OHKO Clause: OHKO moves are banned
|rule|Evasion Items Clause: Evasion items are banned
|rule|Evasion Moves Clause: Evasion moves are banned
|rule|Endless Battle Clause: Forcing endless battles is banned
|rule|HP Percentage Mod: HP is shown in percentages
|rule|Dynamax Clause: You cannot dynamax
|clearpoke
|poke|p1|Ribombee, M|
|poke|p1|Jellicent, M|
|poke|p1|Sandaconda, F|
|poke|p1|Perrserker, F|
|poke|p1|Charizard, M|
|poke|p1|Audino, F|
|poke|p2|Abomasnow, M|
|poke|p2|Charizard, M|
|poke|p2|Gigalith, M|
|poke|p2|Jolteon, M|
|poke|p2|Pincurchin, M|
|poke|p2|Sandaconda, M|
|teampreview
|inactive|Battle timer is ON: inactive players will automatically lose when time's up. (requested by acluh1)
|c|☆acluh1|gl
|c|☆Bhalal|gl hf
|
|t:|1665944291
|start
|switch|p1a: Jellicent|Jellicent, M|100/100
|switch|p2a: Abomasnow|Abomasnow, M, shiny|100/100
|-weather|Hail|[from] ability: Snow Warning|[of] p2a: Abomasnow
|turn|1
|
|t:|1665944299
|switch|p1a: Perrserker|Perrserker, F|100/100
|move|p2a: Abomasnow|Leaf Storm|p1a: Perrserker
|-resisted|p1a: Perrserker
|-damage|p1a: Perrserker|14/100
|-unboost|p2a: Abomasnow|spa|2
|
|-weather|Hail|[upkeep]
|-damage|p1a: Perrserker|8/100|[from] Hail
|upkeep
|turn|2
|
|t:|1665944306
|switch|p2a: Sandaconda|Sandaconda, M, shiny|100/100
|move|p1a: Perrserker|U-turn|p2a: Sandaconda
|-damage|p2a: Sandaconda|78/100
|-damage|p1a: Perrserker|0 fnt|[from] item: Rocky Helmet|[of] p2a: Sandaconda
|faint|p1a: Perrserker
|
|-weather|Hail|[upkeep]
|-damage|p2a: Sandaconda|71/100|[from] Hail
|upkeep
|
|t:|1665944310
|switch|p1a: Jellicent|Jellicent, M|100/100
|turn|3
|
|t:|1665944314
|move|p1a: Jellicent|Water Spout|p2a: Sandaconda
|-supereffective|p2a: Sandaconda
|-damage|p2a: Sandaconda|0 fnt
|faint|p2a: Sandaconda
|
|-weather|Hail|[upkeep]
|-damage|p1a: Jellicent|94/100|[from] Hail
|upkeep
|
|t:|1665944316
|switch|p2a: Abomasnow|Abomasnow, M, shiny|100/100
|turn|4
|
|t:|1665944319
|switch|p1a: Audino|Audino, F|100/100
|move|p2a: Abomasnow|Leaf Storm|p1a: Audino
|-damage|p1a: Audino|45/100
|-unboost|p2a: Abomasnow|spa|2
|
|-weather|Hail|[upkeep]
|-damage|p1a: Audino|39/100|[from] Hail
|upkeep
|turn|5
|
|t:|1665944328
|switch|p2a: Pincurchin|Pincurchin, M, shiny|100/100
|-fieldstart|move: Electric Terrain|[from] ability: Electric Surge|[of] p2a: Pincurchin
|move|p1a: Audino|Wish|p1a: Audino
|
|-weather|none
|upkeep
|turn|6
|
|t:|1665944342
|switch|p1a: Sandaconda|Sandaconda, F|100/100
|move|p2a: Pincurchin|Scald|p1a: Sandaconda
|-supereffective|p1a: Sandaconda
|-damage|p1a: Sandaconda|33/100
|-status|p1a: Sandaconda|brn
|
|-heal|p1a: Sandaconda|92/100 brn|[from] move: Wish|[wisher] Audino
|-activate|p1a: Sandaconda|ability: Shed Skin
|-curestatus|p1a: Sandaconda|brn|[msg]
|upkeep
|turn|7
|
|t:|1665944349
|move|p1a: Sandaconda|Stone Edge|p2a: Pincurchin
|-crit|p2a: Pincurchin
|-damage|p2a: Pincurchin|56/100
|move|p2a: Pincurchin|Scald|p1a: Sandaconda
|-supereffective|p1a: Sandaconda
|-damage|p1a: Sandaconda|26/100
|-status|p1a: Sandaconda|brn
|
|-damage|p1a: Sandaconda|20/100 brn|[from] brn
|upkeep
|turn|8
|
|t:|1665944358
|switch|p1a: Audino|Audino, F|72/100
|move|p2a: Pincurchin|Sucker Punch||[still]
|-fail|p2a: Pincurchin
|
|upkeep
|turn|9
|
|t:|1665944367
|move|p1a: Audino|Protect|p1a: Audino
|-singleturn|p1a: Audino|Protect
|move|p2a: Pincurchin|Rising Voltage|p1a: Audino
|-activate|p1a: Audino|move: Protect
|
|upkeep
|turn|10
|
|t:|1665944379
|switch|p1a: Sandaconda|Sandaconda, F|20/100 brn
|move|p2a: Pincurchin|Rising Voltage|p1a: Sandaconda
|-immune|p1a: Sandaconda
|
|-activate|p1a: Sandaconda|ability: Shed Skin
|-curestatus|p1a: Sandaconda|brn|[msg]
|upkeep
|turn|11
|
|t:|1665944385
|switch|p2a: Abomasnow|Abomasnow, M, shiny|100/100
|-weather|Hail|[from] ability: Snow Warning|[of] p2a: Abomasnow
|move|p1a: Sandaconda|Rest||[still]
|-activate|p1a: Sandaconda|move: Electric Terrain
|-fail|p1a: Sandaconda
|
|-weather|Hail|[upkeep]
|-damage|p1a: Sandaconda|14/100|[from] Hail
|upkeep
|turn|12
|c|☆Bhalal|uh
|c|☆acluh1|electric terrain moment
|
|t:|1665944405
|switch|p1a: Charizard|Charizard, M, shiny|100/100
|move|p2a: Abomasnow|Blizzard|p1a: Charizard
|-damage|p1a: Charizard|16/100
|
|-weather|Hail|[upkeep]
|-damage|p1a: Charizard|10/100|[from] Hail
|-fieldend|move: Electric Terrain
|upkeep
|turn|13
|
|t:|1665944417
|switch|p2a: Gigalith|Gigalith, M, shiny|100/100
|-weather|Sandstorm|[from] ability: Sand Stream|[of] p2a: Gigalith
|move|p1a: Charizard|Mystical Fire|p2a: Gigalith
|-resisted|p2a: Gigalith
|-damage|p2a: Gigalith|90/100
|-unboost|p2a: Gigalith|spa|1
|
|-weather|Sandstorm|[upkeep]
|-damage|p1a: Charizard|4/100|[from] Sandstorm
|-heal|p2a: Gigalith|96/100|[from] item: Leftovers
|upkeep
|turn|14
|
|t:|1665944429
|switch|p1a: Jellicent|Jellicent, M|94/100
|move|p2a: Gigalith|Stealth Rock|p1a: Jellicent
|-sidestart|p1: Bhalal|move: Stealth Rock
|
|-weather|Sandstorm|[upkeep]
|-damage|p1a: Jellicent|88/100|[from] Sandstorm
|-heal|p2a: Gigalith|100/100|[from] item: Leftovers
|upkeep
|turn|15
|
|t:|1665944435
|move|p2a: Gigalith|Protect|p2a: Gigalith
|-singleturn|p2a: Gigalith|Protect
|move|p1a: Jellicent|Trick|p2a: Gigalith
|-activate|p2a: Gigalith|move: Protect
|
|-weather|Sandstorm|[upkeep]
|-damage|p1a: Jellicent|82/100|[from] Sandstorm
|upkeep
|turn|16
|
|t:|1665944441
|switch|p1a: Audino|Audino, F|100/100
|switch|p2a: Jolteon|Jolteon, M|100/100
|
|-weather|Sandstorm|[upkeep]
|-damage|p2a: Jolteon|95/100|[from] Sandstorm
|-damage|p1a: Audino|94/100|[from] Sandstorm
|upkeep
|turn|17
|
|t:|1665944449
|move|p2a: Jolteon|Volt Switch|p1a: Audino
|-damage|p1a: Audino|65/100
|
|t:|1665944455
|switch|p2a: Abomasnow|Abomasnow, M, shiny|100/100|[from]move: Volt Switch
|-weather|Hail|[from] ability: Snow Warning|[of] p2a: Abomasnow
|move|p1a: Audino|Knock Off|p2a: Abomasnow
|-damage|p2a: Abomasnow|82/100
|-enditem|p2a: Abomasnow|Choice Specs|[from] move: Knock Off|[of] p1a: Audino
|
|-weather|Hail|[upkeep]
|-damage|p1a: Audino|59/100|[from] Hail
|upkeep
|turn|18
|
|t:|1665944463
|move|p2a: Abomasnow|Blizzard|p1a: Audino
|-damage|p1a: Audino|27/100
|move|p1a: Audino|Toxic|p2a: Abomasnow
|-status|p2a: Abomasnow|tox
|
|-weather|Hail|[upkeep]
|-damage|p1a: Audino|21/100|[from] Hail
|-damage|p2a: Abomasnow|76/100 tox|[from] psn
|upkeep
|turn|19
|
|t:|1665944472
|switch|p1a: Jellicent|Jellicent, M|82/100
|-damage|p1a: Jellicent|70/100|[from] Stealth Rock
|move|p2a: Abomasnow|Leaf Storm|p1a: Jellicent|[miss]
|-miss|p2a: Abomasnow|p1a: Jellicent
|
|-weather|Hail|[upkeep]
|-damage|p1a: Jellicent|64/100|[from] Hail
|-damage|p2a: Abomasnow|63/100 tox|[from] psn
|upkeep
|turn|20
|c|☆Bhalal|mbad
|
|t:|1665944481
|move|p2a: Abomasnow|Leaf Storm|p1a: Jellicent
|-supereffective|p1a: Jellicent
|-damage|p1a: Jellicent|0 fnt
|-unboost|p2a: Abomasnow|spa|2
|faint|p1a: Jellicent
|
|-weather|Hail|[upkeep]
|-damage|p2a: Abomasnow|45/100 tox|[from] psn
|upkeep
|
|t:|1665944485
|switch|p1a: Ribombee|Ribombee, M|100/100
|turn|21
|
|t:|1665944492
|move|p1a: Ribombee|U-turn|p2a: Abomasnow
|-supereffective|p2a: Abomasnow
|-damage|p2a: Abomasnow|9/100 tox
|
|t:|1665944495
|switch|p1a: Audino|Audino, F|54/100|[from]move: U-turn
|move|p2a: Abomasnow|Blizzard|p1a: Audino
|-damage|p1a: Audino|38/100
|
|-weather|none
|-damage|p2a: Abomasnow|0 fnt|[from] psn
|faint|p2a: Abomasnow
|upkeep
|
|t:|1665944498
|switch|p2a: Pincurchin|Pincurchin, M, shiny|56/100
|-fieldstart|move: Electric Terrain|[from] ability: Electric Surge|[of] p2a: Pincurchin
|turn|22
|
|t:|1665944508
|switch|p1a: Sandaconda|Sandaconda, F|14/100
|-damage|p1a: Sandaconda|8/100|[from] Stealth Rock
|move|p2a: Pincurchin|Spikes|p1a: Sandaconda
|-sidestart|p1: Bhalal|Spikes
|
|upkeep
|turn|23
|
|t:|1665944516
|switch|p2a: Charizard|Charizard, M, shiny|100/100
|move|p1a: Sandaconda|Stone Edge|p2a: Charizard
|-supereffective|p2a: Charizard
|-damage|p2a: Charizard|0 fnt
|faint|p2a: Charizard
|
|upkeep
|
|t:|1665944521
|switch|p2a: Jolteon|Jolteon, M|95/100
|turn|24
|
|t:|1665944528
|switch|p1a: Audino|Audino, F|71/100
|move|p2a: Jolteon|Hyper Voice|p1a: Audino
|-damage|p1a: Audino|45/100
|
|upkeep
|turn|25
|
|t:|1665944533
|switch|p2a: Gigalith|Gigalith, M, shiny|100/100
|-weather|Sandstorm|[from] ability: Sand Stream|[of] p2a: Gigalith
|move|p1a: Audino|Wish|p1a: Audino
|
|-weather|Sandstorm|[upkeep]
|-damage|p1a: Audino|39/100|[from] Sandstorm
|upkeep
|turn|26
|
|t:|1665944541
|move|p1a: Audino|Protect|p1a: Audino
|-singleturn|p1a: Audino|Protect
|move|p2a: Gigalith|Rock Blast|p1a: Audino
|-activate|p1a: Audino|move: Protect
|
|-weather|Sandstorm|[upkeep]
|-damage|p1a: Audino|33/100|[from] Sandstorm
|-heal|p1a: Audino|83/100|[from] move: Wish|[wisher] Audino
|upkeep
|turn|27
|
|t:|1665944546
|move|p1a: Audino|Wish|p1a: Audino
|move|p2a: Gigalith|Rock Blast|p1a: Audino
|-damage|p1a: Audino|71/100
|-damage|p1a: Audino|60/100
|-damage|p1a: Audino|50/100
|-hitcount|p1a: Audino|3
|
|-weather|Sandstorm|[upkeep]
|-damage|p1a: Audino|44/100|[from] Sandstorm
|upkeep
|turn|28
|
|t:|1665944556
|switch|p1a: Charizard|Charizard, M, shiny|4/100
|move|p2a: Gigalith|Rock Blast|p1a: Charizard
|-supereffective|p1a: Charizard
|-damage|p1a: Charizard|0 fnt
|faint|p1a: Charizard
|-hitcount|p1: Charizard|1
|
|-weather|Sandstorm|[upkeep]
|upkeep
|
|t:|1665944561
|switch|p1a: Sandaconda|Sandaconda, F|8/100
|-damage|p1a: Sandaconda|2/100|[from] Stealth Rock
|-damage|p1a: Sandaconda|0 fnt|[from] Spikes
|faint|p1a: Sandaconda
|
|t:|1665944564
|switch|p1a: Audino|Audino, F|78/100
|turn|29
|
|t:|1665944567
|move|p1a: Audino|Toxic|p2a: Gigalith
|-status|p2a: Gigalith|tox
|move|p2a: Gigalith|Rock Blast|p1a: Audino
|-damage|p1a: Audino|66/100
|-damage|p1a: Audino|55/100
|-damage|p1a: Audino|44/100
|-damage|p1a: Audino|33/100
|-damage|p1a: Audino|21/100
|-hitcount|p1a: Audino|5
|
|-weather|none
|-damage|p2a: Gigalith|94/100 tox|[from] psn
|-fieldend|move: Electric Terrain
|upkeep
|turn|30
|
|t:|1665944578
|move|p1a: Audino|Wish|p1a: Audino
|move|p2a: Gigalith|Earthquake|p1a: Audino
|-crit|p1a: Audino
|-damage|p1a: Audino|0 fnt
|faint|p1a: Audino
|
|-heal|p2a: Gigalith|100/100 tox|[from] item: Leftovers
|-damage|p2a: Gigalith|88/100 tox|[from] psn
|upkeep
|
|t:|1665944581
|switch|p1a: Ribombee|Ribombee, M|100/100
|turn|31
|
|t:|1665944585
|switch|p2a: Pincurchin|Pincurchin, M, shiny|56/100
|-fieldstart|move: Electric Terrain|[from] ability: Electric Surge|[of] p2a: Pincurchin
|move|p1a: Ribombee|Moonblast|p2a: Pincurchin
|-damage|p2a: Pincurchin|3/100
|-unboost|p2a: Pincurchin|spa|1
|
|upkeep
|turn|32
|
|t:|1665944590
|move|p2a: Pincurchin|Sucker Punch|p1a: Ribombee
|-resisted|p1a: Ribombee
|-damage|p1a: Ribombee|87/100
|move|p1a: Ribombee|Moonblast|p2a: Pincurchin
|-damage|p2a: Pincurchin|0 fnt
|faint|p2a: Pincurchin
|
|upkeep
|
|t:|1665944593
|switch|p2a: Jolteon|Jolteon, M|95/100
|turn|33
|
|t:|1665944596
|move|p2a: Jolteon|Rising Voltage|p1a: Ribombee
|-hint|Rising Voltage's BP doubled on grounded target.
|-damage|p1a: Ribombee|0 fnt
|faint|p1a: Ribombee
|
|win|acluh1
|c|☆acluh1|gg
