|j|☆acluh1
|j|☆QOD2099
|t:|1667602488
|gametype|singles
|player|p1|acluh1|karen|1414
|player|p2|QOD2099|pokemonrangerf|1418
|teamsize|p1|6
|teamsize|p2|6
|gen|8
|tier|[Gen 8] PU
|rated|
|rule|Sleep Clause Mod: Limit one foe put to sleep
|rule|Species Clause: Limit one of each Pokémon
|rule|OHKO Clause: OHKO moves are banned
|rule|Evasion Items Clause: Evasion items are banned
|rule|Evasion Moves Clause: Evasion moves are banned
|rule|Endless Battle Clause: Forcing endless battles is banned
|rule|HP Percentage Mod: HP is shown in percentages
|rule|Dynamax Clause: You cannot dynamax
|clearpoke
|poke|p1|Doublade, M|
|poke|p1|Gigalith, F|
|poke|p1|Magneton|
|poke|p1|Ribombee, F|
|poke|p1|Sandslash, M|
|poke|p1|Charizard, F|
|poke|p2|Gigalith, F|
|poke|p2|Jellicent, M|
|poke|p2|Ferroseed, F|
|poke|p2|Charizard, F|
|poke|p2|Ribombee, F|
|poke|p2|Mesprit|
|teampreview
|inactive|Battle timer is ON: inactive players will automatically lose when time's up. (requested by QOD2099)
|inactive|acluh1 also wants the timer to be on.
|
|t:|1667602508
|start
|switch|p1a: Charizard|Charizard, F|100/100
|switch|p2a: Mesprit|Mesprit|100/100
|turn|1
|
|t:|1667602516
|switch|p1a: Magneton|Magneton|100/100
|move|p2a: Mesprit|Psychic|p1a: Magneton
|-resisted|p1a: Magneton
|-damage|p1a: Magneton|61/100
|
|upkeep
|turn|2
|
|t:|1667602525
|move|p2a: Mesprit|Psychic|p1a: Magneton
|-resisted|p1a: Magneton
|-damage|p1a: Magneton|21/100
|move|p1a: Magneton|Thunderbolt|p2a: Mesprit
|-crit|p2a: Mesprit
|-damage|p2a: Mesprit|0 fnt
|faint|p2a: Mesprit
|
|upkeep
|
|t:|1667602533
|switch|p2a: Ferroseed|Ferroseed, F|100/100
|turn|3
|
|t:|1667602542
|switch|p1a: Doublade|Doublade, M, shiny|100/100
|move|p2a: Ferroseed|Knock Off|p1a: Doublade
|-supereffective|p1a: Doublade
|-damage|p1a: Doublade|87/100
|-enditem|p1a: Doublade|Eviolite|[from] move: Knock Off|[of] p2a: Ferroseed
|
|upkeep
|turn|4
|
|t:|1667602549
|switch|p2a: Charizard|Charizard, F|100/100
|move|p1a: Doublade|Shadow Claw|p2a: Charizard
|-crit|p2a: Charizard
|-damage|p2a: Charizard|39/100
|
|upkeep
|turn|5
|
|t:|1667602556
|switch|p1a: Gigalith|Gigalith, F, shiny|100/100
|-weather|Sandstorm|[from] ability: Sand Stream|[of] p1a: Gigalith
|move|p2a: Charizard|Roost|p2a: Charizard
|-heal|p2a: Charizard|90/100
|-singleturn|p2a: Charizard|move: Roost
|
|-weather|Sandstorm|[upkeep]
|-damage|p2a: Charizard|84/100|[from] Sandstorm
|upkeep
|turn|6
|
|t:|1667602563
|switch|p2a: Gigalith|Gigalith, F|100/100
|move|p1a: Gigalith|Stealth Rock|p2a: Gigalith
|-sidestart|p2: QOD2099|move: Stealth Rock
|
|-weather|Sandstorm|[upkeep]
|upkeep
|turn|7
|
|t:|1667602565
|switch|p1a: Sandslash|Sandslash, M|100/100
|move|p2a: Gigalith|Stealth Rock|p1a: Sandslash
|-sidestart|p1: acluh1|move: Stealth Rock
|
|-weather|Sandstorm|[upkeep]
|upkeep
|turn|8
|
|t:|1667602569
|switch|p2a: Jellicent|Jellicent, M|100/100
|-damage|p2a: Jellicent|88/100|[from] Stealth Rock
|move|p1a: Sandslash|Knock Off|p2a: Jellicent
|-supereffective|p2a: Jellicent
|-enditem|p2a: Jellicent|Colbur Berry|[eat]
|-enditem|p2a: Jellicent|Colbur Berry|[weaken]
|-damage|p2a: Jellicent|65/100
|
|-weather|Sandstorm|[upkeep]
|-damage|p2a: Jellicent|59/100|[from] Sandstorm
|upkeep
|turn|9
|
|t:|1667602578
|switch|p1a: Ribombee|Ribombee, F, shiny|100/100
|move|p2a: Jellicent|Recover|p2a: Jellicent
|-heal|p2a: Jellicent|100/100
|
|-weather|none
|upkeep
|turn|10
|
|t:|1667602582
|switch|p2a: Gigalith|Gigalith, F|100/100
|-damage|p2a: Gigalith|88/100|[from] Stealth Rock
|-weather|Sandstorm|[from] ability: Sand Stream|[of] p2a: Gigalith
|move|p1a: Ribombee|Quiver Dance|p1a: Ribombee
|-boost|p1a: Ribombee|spa|1
|-boost|p1a: Ribombee|spd|1
|-boost|p1a: Ribombee|spe|1
|
|-weather|Sandstorm|[upkeep]
|-damage|p1a: Ribombee|94/100|[from] Sandstorm
|-heal|p2a: Gigalith|94/100|[from] item: Leftovers
|upkeep
|turn|11
|
|t:|1667602586
|switch|p1a: Magneton|Magneton|21/100
|-damage|p1a: Magneton|15/100|[from] Stealth Rock
|move|p2a: Gigalith|Rock Blast|p1a: Magneton|[miss]
|-miss|p2a: Gigalith|p1a: Magneton
|
|-weather|Sandstorm|[upkeep]
|-heal|p2a: Gigalith|100/100|[from] item: Leftovers
|upkeep
|turn|12
|
|t:|1667602596
|move|p1a: Magneton|Flash Cannon|p2a: Gigalith
|-supereffective|p2a: Gigalith
|-damage|p2a: Gigalith|36/100
|move|p2a: Gigalith|Earthquake|p1a: Magneton
|-supereffective|p1a: Magneton
|-damage|p1a: Magneton|0 fnt
|faint|p1a: Magneton
|
|-weather|Sandstorm|[upkeep]
|-heal|p2a: Gigalith|42/100|[from] item: Leftovers
|upkeep
|
|t:|1667602601
|switch|p1a: Sandslash|Sandslash, M|100/100
|-damage|p1a: Sandslash|94/100|[from] Stealth Rock
|turn|13
|
|t:|1667602606
|switch|p2a: Jellicent|Jellicent, M|100/100
|-damage|p2a: Jellicent|88/100|[from] Stealth Rock
|move|p1a: Sandslash|Spikes|p2a: Jellicent
|-sidestart|p2: QOD2099|Spikes
|
|-weather|Sandstorm|[upkeep]
|-damage|p2a: Jellicent|82/100|[from] Sandstorm
|-heal|p1a: Sandslash|100/100|[from] item: Leftovers
|upkeep
|turn|14
|
|t:|1667602610
|switch|p1a: Doublade|Doublade, M, shiny|87/100
|-damage|p1a: Doublade|81/100|[from] Stealth Rock
|move|p2a: Jellicent|Will-O-Wisp|p1a: Doublade
|-status|p1a: Doublade|brn
|
|-weather|none
|-damage|p1a: Doublade|74/100 brn|[from] brn
|upkeep
|turn|15
|
|t:|1667602613
|move|p2a: Jellicent|Hex|p1a: Doublade
|-supereffective|p1a: Doublade
|-damage|p1a: Doublade|0 fnt
|faint|p1a: Doublade
|
|upkeep
|
|t:|1667602617
|switch|p1a: Ribombee|Ribombee, F, shiny|94/100
|turn|16
|
|t:|1667602620
|switch|p2a: Ferroseed|Ferroseed, F|100/100
|-damage|p2a: Ferroseed|94/100|[from] Stealth Rock
|-damage|p2a: Ferroseed|82/100|[from] Spikes
|move|p1a: Ribombee|Moonblast|p2a: Ferroseed
|-resisted|p2a: Ferroseed
|-damage|p2a: Ferroseed|65/100
|-unboost|p2a: Ferroseed|spa|1
|
|upkeep
|turn|17
|
|t:|1667602623
|switch|p1a: Charizard|Charizard, F|100/100
|move|p2a: Ferroseed|Gyro Ball|p1a: Charizard
|-resisted|p1a: Charizard
|-damage|p1a: Charizard|80/100
|
|upkeep
|turn|18
|
|t:|1667602630
|switch|p2a: Charizard|Charizard, F|84/100
|move|p1a: Charizard|Toxic|p2a: Charizard
|-status|p2a: Charizard|tox
|
|-damage|p2a: Charizard|77/100 tox|[from] psn
|upkeep
|turn|19
|
|t:|1667602637
|move|p1a: Charizard|Roost|p1a: Charizard
|-heal|p1a: Charizard|100/100
|-singleturn|p1a: Charizard|move: Roost
|move|p2a: Charizard|Defog|p1a: Charizard
|-unboost|p1a: Charizard|evasion|1
|-sideend|p1: acluh1|Stealth Rock|[from] move: Defog|[of] p2a: Charizard
|-sideend|p2: QOD2099|Spikes|[from] move: Defog|[of] p2a: Charizard
|-sideend|p2: QOD2099|Stealth Rock|[from] move: Defog|[of] p2a: Charizard
|
|-damage|p2a: Charizard|65/100 tox|[from] psn
|upkeep
|turn|20
|
|t:|1667602642
|switch|p1a: Gigalith|Gigalith, F, shiny|100/100
|-weather|Sandstorm|[from] ability: Sand Stream|[of] p1a: Gigalith
|move|p2a: Charizard|Toxic|p1a: Gigalith
|-status|p1a: Gigalith|tox
|
|-weather|Sandstorm|[upkeep]
|-damage|p2a: Charizard|59/100 tox|[from] Sandstorm
|-damage|p2a: Charizard|41/100 tox|[from] psn
|-damage|p1a: Gigalith|94/100 tox|[from] psn
|upkeep
|turn|21
|
|t:|1667602655
|switch|p2a: Jellicent|Jellicent, M|82/100
|move|p1a: Gigalith|Stealth Rock|p2a: Jellicent
|-sidestart|p2: QOD2099|move: Stealth Rock
|
|-weather|Sandstorm|[upkeep]
|-damage|p2a: Jellicent|76/100|[from] Sandstorm
|-heal|p1a: Gigalith|100/100 tox|[from] item: Leftovers
|-damage|p1a: Gigalith|88/100 tox|[from] psn
|upkeep
|turn|22
|
|t:|1667602662
|move|p2a: Jellicent|Taunt|p1a: Gigalith
|-start|p1a: Gigalith|move: Taunt
|move|p1a: Gigalith|Rock Blast|p2a: Jellicent
|-damage|p2a: Jellicent|66/100
|-start|p1a: Gigalith|Disable|Rock Blast|[from] ability: Cursed Body|[of] p2a: Jellicent
|-damage|p2a: Jellicent|58/100
|-damage|p2a: Jellicent|49/100
|-hitcount|p2a: Jellicent|3
|
|-weather|Sandstorm|[upkeep]
|-damage|p2a: Jellicent|42/100|[from] Sandstorm
|-heal|p1a: Gigalith|94/100 tox|[from] item: Leftovers
|-damage|p1a: Gigalith|76/100 tox|[from] psn
|upkeep
|turn|23
|
|t:|1667602671
|switch|p1a: Ribombee|Ribombee, F, shiny|94/100
|move|p2a: Jellicent|Recover|p2a: Jellicent
|-heal|p2a: Jellicent|92/100
|
|-weather|Sandstorm|[upkeep]
|-damage|p1a: Ribombee|88/100|[from] Sandstorm
|-damage|p2a: Jellicent|86/100|[from] Sandstorm
|upkeep
|turn|24
|
|t:|1667602677
|move|p1a: Ribombee|Moonblast|p2a: Jellicent
|-damage|p2a: Jellicent|54/100
|move|p2a: Jellicent|Will-O-Wisp|p1a: Ribombee
|-status|p1a: Ribombee|brn
|
|-weather|none
|-damage|p1a: Ribombee|82/100 brn|[from] brn
|upkeep
|turn|25
|
|t:|1667602683
|move|p1a: Ribombee|Quiver Dance|p1a: Ribombee
|-boost|p1a: Ribombee|spa|1
|-boost|p1a: Ribombee|spd|1
|-boost|p1a: Ribombee|spe|1
|move|p2a: Jellicent|Recover|p2a: Jellicent
|-heal|p2a: Jellicent|100/100
|
|-damage|p1a: Ribombee|76/100 brn|[from] brn
|upkeep
|turn|26
|
|t:|1667602687
|move|p1a: Ribombee|Moonblast|p2a: Jellicent
|-damage|p2a: Jellicent|54/100
|move|p2a: Jellicent|Hex|p1a: Ribombee
|-damage|p1a: Ribombee|33/100 brn
|
|-damage|p1a: Ribombee|27/100 brn|[from] brn
|upkeep
|turn|27
|
|t:|1667602694
|move|p1a: Ribombee|Roost|p1a: Ribombee
|-heal|p1a: Ribombee|78/100 brn
|-singleturn|p1a: Ribombee|move: Roost
|move|p2a: Jellicent|Hex|p1a: Ribombee
|-damage|p1a: Ribombee|33/100 brn
|
|-damage|p1a: Ribombee|27/100 brn|[from] brn
|upkeep
|turn|28
|
|t:|1667602696
|move|p1a: Ribombee|Moonblast|p2a: Jellicent
|-damage|p2a: Jellicent|3/100
|move|p2a: Jellicent|Hex|p1a: Ribombee
|-damage|p1a: Ribombee|0 fnt
|faint|p1a: Ribombee
|
|upkeep
|
|t:|1667602701
|switch|p1a: Sandslash|Sandslash, M|100/100
|turn|29
|
|t:|1667602708
|move|p1a: Sandslash|Knock Off|p2a: Jellicent
|-supereffective|p2a: Jellicent
|-damage|p2a: Jellicent|0 fnt
|faint|p2a: Jellicent
|
|upkeep
|
|t:|1667602717
|switch|p2a: Ribombee|Ribombee, F|100/100
|turn|30
|
|t:|1667602720
|switch|p1a: Charizard|Charizard, F|100/100
|move|p2a: Ribombee|Moonblast|p1a: Charizard
|-resisted|p1a: Charizard
|-damage|p1a: Charizard|76/100
|
|upkeep
|turn|31
|
|t:|1667602726
|switch|p2a: Charizard|Charizard, F|41/100 tox
|move|p1a: Charizard|Toxic|p2a: Charizard
|-fail|p2a: Charizard|tox
|
|-damage|p2a: Charizard|34/100 tox|[from] psn
|upkeep
|turn|32
|
|t:|1667602732
|switch|p1a: Gigalith|Gigalith, F, shiny|76/100 tox
|-weather|Sandstorm|[from] ability: Sand Stream|[of] p1a: Gigalith
|move|p2a: Charizard|Defog|p1a: Gigalith
|-unboost|p1a: Gigalith|evasion|1
|-sideend|p2: QOD2099|Stealth Rock|[from] move: Defog|[of] p2a: Charizard
|
|-weather|Sandstorm|[upkeep]
|-damage|p2a: Charizard|28/100 tox|[from] Sandstorm
|-heal|p1a: Gigalith|82/100 tox|[from] item: Leftovers
|-damage|p2a: Charizard|16/100 tox|[from] psn
|-damage|p1a: Gigalith|76/100 tox|[from] psn
|upkeep
|turn|33
|
|t:|1667602735
|move|p2a: Charizard|Roost|p2a: Charizard
|-heal|p2a: Charizard|66/100 tox
|-singleturn|p2a: Charizard|move: Roost
|move|p1a: Gigalith|Stealth Rock|p2a: Charizard
|-sidestart|p2: QOD2099|move: Stealth Rock
|
|-weather|Sandstorm|[upkeep]
|-damage|p2a: Charizard|60/100 tox|[from] Sandstorm
|-heal|p1a: Gigalith|82/100 tox|[from] item: Leftovers
|-damage|p2a: Charizard|42/100 tox|[from] psn
|-damage|p1a: Gigalith|70/100 tox|[from] psn
|upkeep
|turn|34
|
|t:|1667602739
|move|p2a: Charizard|Defog|p1a: Gigalith
|-unboost|p1a: Gigalith|evasion|1
|-sideend|p2: QOD2099|Stealth Rock|[from] move: Defog|[of] p2a: Charizard
|move|p1a: Gigalith|Rock Blast|p2a: Charizard
|-supereffective|p2a: Charizard
|-damage|p2a: Charizard|0 fnt
|faint|p2a: Charizard
|-hitcount|p2: Charizard|1
|
|-weather|Sandstorm|[upkeep]
|-heal|p1a: Gigalith|76/100 tox|[from] item: Leftovers
|-damage|p1a: Gigalith|57/100 tox|[from] psn
|upkeep
|
|t:|1667602743
|switch|p2a: Ferroseed|Ferroseed, F|65/100
|turn|35
|
|t:|1667602745
|move|p1a: Gigalith|Stealth Rock|p2a: Ferroseed
|-sidestart|p2: QOD2099|move: Stealth Rock
|move|p2a: Ferroseed|Leech Seed|p1a: Gigalith
|-start|p1a: Gigalith|move: Leech Seed
|
|-weather|Sandstorm|[upkeep]
|-heal|p1a: Gigalith|64/100 tox|[from] item: Leftovers
|-damage|p1a: Gigalith|51/100 tox|[from] Leech Seed|[of] p2a: Ferroseed
|-heal|p2a: Ferroseed|80/100|[silent]
|-damage|p1a: Gigalith|27/100 tox|[from] psn
|upkeep
|turn|36
|
|t:|1667602748
|switch|p1a: Charizard|Charizard, F|76/100
|move|p2a: Ferroseed|Knock Off|p1a: Charizard
|-damage|p1a: Charizard|58/100
|-enditem|p1a: Charizard|Heavy-Duty Boots|[from] move: Knock Off|[of] p2a: Ferroseed
|
|-weather|none
|upkeep
|turn|37
|
|t:|1667602757
|move|p1a: Charizard|Fire Blast|p2a: Ferroseed
|-supereffective|p2a: Ferroseed
|-crit|p2a: Ferroseed
|-damage|p2a: Ferroseed|0 fnt
|faint|p2a: Ferroseed
|
|upkeep
|
|t:|1667602759
|switch|p2a: Gigalith|Gigalith, F|42/100
|-damage|p2a: Gigalith|30/100|[from] Stealth Rock
|-weather|Sandstorm|[from] ability: Sand Stream|[of] p2a: Gigalith
|turn|38
|
|t:|1667602761
|switch|p1a: Sandslash|Sandslash, M|100/100
|move|p2a: Gigalith|Stealth Rock|p1a: Sandslash
|-sidestart|p1: acluh1|move: Stealth Rock
|
|-weather|Sandstorm|[upkeep]
|-heal|p2a: Gigalith|36/100|[from] item: Leftovers
|upkeep
|turn|39
|
|t:|1667602771
|move|p1a: Sandslash|Earthquake|p2a: Gigalith
|-supereffective|p2a: Gigalith
|-damage|p2a: Gigalith|0 fnt
|faint|p2a: Gigalith
|
|-weather|Sandstorm|[upkeep]
|upkeep
|
|t:|1667602773
|switch|p2a: Ribombee|Ribombee, F|100/100
|turn|40
|
|t:|1667602775
|move|p1a: Sandslash|Earthquake|p2a: Ribombee
|-resisted|p2a: Ribombee
|-damage|p2a: Ribombee|51/100
|move|p2a: Ribombee|Quiver Dance|p2a: Ribombee
|-boost|p2a: Ribombee|spa|1
|-boost|p2a: Ribombee|spd|1
|-boost|p2a: Ribombee|spe|1
|
|-weather|Sandstorm|[upkeep]
|-damage|p2a: Ribombee|45/100|[from] Sandstorm
|upkeep
|turn|41
|
|t:|1667602779
|move|p2a: Ribombee|Roost|p2a: Ribombee
|-heal|p2a: Ribombee|96/100
|-singleturn|p2a: Ribombee|move: Roost
|move|p1a: Sandslash|Earthquake|p2a: Ribombee
|-resisted|p2a: Ribombee
|-damage|p2a: Ribombee|46/100
|
|-weather|Sandstorm|[upkeep]
|-damage|p2a: Ribombee|40/100|[from] Sandstorm
|upkeep
|turn|42
|
|t:|1667602782
|move|p2a: Ribombee|Roost|p2a: Ribombee
|-heal|p2a: Ribombee|90/100
|-singleturn|p2a: Ribombee|move: Roost
|move|p1a: Sandslash|Earthquake|p2a: Ribombee
|-resisted|p2a: Ribombee
|-damage|p2a: Ribombee|41/100
|
|-weather|none
|upkeep
|turn|43
|
|t:|1667602786
|move|p2a: Ribombee|Roost|p2a: Ribombee
|-heal|p2a: Ribombee|91/100
|-singleturn|p2a: Ribombee|move: Roost
|move|p1a: Sandslash|Earthquake|p2a: Ribombee
|-resisted|p2a: Ribombee
|-damage|p2a: Ribombee|48/100
|
|upkeep
|turn|44
|
|t:|1667602790
|move|p2a: Ribombee|Bug Buzz|p1a: Sandslash
|-damage|p1a: Sandslash|0 fnt
|faint|p1a: Sandslash
|
|upkeep
|
|t:|1667602794
|switch|p1a: Gigalith|Gigalith, F, shiny|27/100 tox
|-damage|p1a: Gigalith|14/100 tox|[from] Stealth Rock
|-weather|Sandstorm|[from] ability: Sand Stream|[of] p1a: Gigalith
|turn|45
|
|t:|1667602801
|move|p1a: Gigalith|Protect|p1a: Gigalith
|-singleturn|p1a: Gigalith|Protect
|move|p2a: Ribombee|Bug Buzz|p1a: Gigalith
|-activate|p1a: Gigalith|move: Protect
|
|-weather|Sandstorm|[upkeep]
|-damage|p2a: Ribombee|41/100|[from] Sandstorm
|-heal|p1a: Gigalith|21/100 tox|[from] item: Leftovers
|-damage|p1a: Gigalith|14/100 tox|[from] psn
|upkeep
|turn|46
|
|t:|1667602805
|move|p2a: Ribombee|Bug Buzz|p1a: Gigalith
|-damage|p1a: Gigalith|0 fnt
|faint|p1a: Gigalith
|
|-weather|Sandstorm|[upkeep]
|-damage|p2a: Ribombee|35/100|[from] Sandstorm
|upkeep
|
|t:|1667602807
|switch|p1a: Charizard|Charizard, F|58/100
|-damage|p1a: Charizard|8/100|[from] Stealth Rock
|turn|47
|
|t:|1667602812
|move|p2a: Ribombee|Moonblast|p1a: Charizard
|-resisted|p1a: Charizard
|-damage|p1a: Charizard|0 fnt
|faint|p1a: Charizard
|
|win|QOD2099
|raw|acluh1's rating: 1414 &rarr; <strong>1394</strong><br />(-20 for losing)
|raw|QOD2099's rating: 1418 &rarr; <strong>1438</strong><br />(+20 for winning)
|c|☆acluh1|gg
|c|☆QOD2099|gg
|l|☆acluh1
||Ladder isn't responding, score probably updated but might not have (Request timeout).
