|j|☆sugar ovens
|j|☆icening
|t:|1664662872
|gametype|singles
|player|p1|sugar ovens|twins|
|player|p2|icening|265|
|teamsize|p1|6
|teamsize|p2|6
|gen|8
|tier|[Gen 8] PU
|rated|Tournament battle
|rule|Sleep Clause Mod: Limit one foe put to sleep
|rule|Species Clause: Limit one of each Pokémon
|rule|OHKO Clause: OHKO moves are banned
|rule|Evasion Items Clause: Evasion items are banned
|rule|Evasion Moves Clause: Evasion moves are banned
|rule|Endless Battle Clause: Forcing endless battles is banned
|rule|HP Percentage Mod: HP is shown in percentages
|rule|Dynamax Clause: You cannot dynamax
|clearpoke
|poke|p1|Zoroark, F|
|poke|p1|Magmortar, M|
|poke|p1|Wishiwashi, F|
|poke|p1|Silvally-*|
|poke|p1|Archeops, F|
|poke|p1|Comfey, M|
|poke|p2|Zweilous, F|
|poke|p2|Doublade, M|
|poke|p2|Aromatisse, M|
|poke|p2|Exeggutor, M|
|poke|p2|Coalossal, F|
|poke|p2|Poliwrath, F|
|teampreview
|j| Rangino
|j| WunFishTuFish
|j|+zoowi
|c|+zoowi|leggo
|j| Paratrooper69
|c| Paratrooper69|My eggo
|inactive|Battle timer is ON: inactive players will automatically lose when time's up. (requested by icening)
|
|t:|1664662957
|start
|switch|p1a: Wishiwashi|Wishiwashi, F|100/100
|switch|p2a: Zweilous|Zweilous, F|100/100
|-formechange|p1a: Wishiwashi|Wishiwashi-School||[from] ability: Schooling
|turn|1
|
|t:|1664662966
|move|p2a: Zweilous|Crunch|p1a: Wishiwashi
|-damage|p1a: Wishiwashi|66/100
|move|p1a: Wishiwashi|U-turn|p2a: Zweilous
|-supereffective|p2a: Zweilous
|-damage|p2a: Zweilous|69/100
|
|t:|1664662984
|switch|p1a: Silvally|Silvally-Steel|100/100|[from]move: U-turn
|
|upkeep
|turn|2
|
|t:|1664662991
|move|p1a: Silvally|U-turn|p2a: Zweilous
|-supereffective|p2a: Zweilous
|-damage|p2a: Zweilous|42/100
|
|t:|1664662995
|switch|p1a: Comfey|Comfey, M|100/100|[from]move: U-turn
|move|p2a: Zweilous|Superpower|p1a: Comfey|[miss]
|-miss|p2a: Zweilous|p1a: Comfey
|
|upkeep
|turn|3
|
|t:|1664663004
|switch|p2a: Doublade|Doublade, M|100/100
|move|p1a: Comfey|Draining Kiss|p2a: Doublade
|-resisted|p2a: Doublade
|-damage|p2a: Doublade|92/100
|
|upkeep
|turn|4
|
|t:|1664663017
|switch|p1a: Wishiwashi|Wishiwashi, F|66/100
|-formechange|p1a: Wishiwashi|Wishiwashi-School||[from] ability: Schooling
|move|p2a: Doublade|Close Combat|p1a: Wishiwashi
|-damage|p1a: Wishiwashi|36/100
|-unboost|p2a: Doublade|def|1
|-unboost|p2a: Doublade|spd|1
|
|upkeep
|turn|5
|
|t:|1664663031
|switch|p2a: Poliwrath|Poliwrath, F|100/100
|move|p1a: Wishiwashi|Rest|p1a: Wishiwashi
|-status|p1a: Wishiwashi|slp|[from] move: Rest
|-heal|p1a: Wishiwashi|100/100 slp|[silent]
|
|upkeep
|turn|6
|
|t:|1664663050
|switch|p1a: Comfey|Comfey, M|100/100
|move|p2a: Poliwrath|Close Combat|p1a: Comfey
|-resisted|p1a: Comfey
|-damage|p1a: Comfey|62/100
|-unboost|p2a: Poliwrath|def|1
|-unboost|p2a: Poliwrath|spd|1
|-enditem|p1a: Comfey|Kee Berry|[eat]
|-boost|p1a: Comfey|def|1|[from] item: Kee Berry
|
|upkeep
|turn|7
|
|t:|1664663060
|switch|p2a: Doublade|Doublade, M|92/100
|move|p1a: Comfey|Calm Mind|p1a: Comfey
|-boost|p1a: Comfey|spa|1
|-boost|p1a: Comfey|spd|1
|
|upkeep
|turn|8
|
|t:|1664663065
|move|p1a: Comfey|Taunt|p2a: Doublade
|-start|p2a: Doublade|move: Taunt
|move|p2a: Doublade|Iron Head|p1a: Comfey
|-supereffective|p1a: Comfey
|-damage|p1a: Comfey|18/100
|
|upkeep
|turn|9
|
|t:|1664663081
|switch|p1a: Wishiwashi|Wishiwashi, F|100/100 slp
|-formechange|p1a: Wishiwashi|Wishiwashi-School||[from] ability: Schooling
|move|p2a: Doublade|Iron Head|p1a: Wishiwashi
|-resisted|p1a: Wishiwashi
|-damage|p1a: Wishiwashi|87/100 slp
|
|upkeep
|turn|10
|j| Theblobfishman9
|
|t:|1664663090
|switch|p2a: Poliwrath|Poliwrath, F|100/100
|cant|p1a: Wishiwashi|slp
|move|p1a: Wishiwashi|Sleep Talk|p1a: Wishiwashi
|move|p1a: Wishiwashi|U-turn|p2a: Poliwrath|[from]move: Sleep Talk
|-resisted|p2a: Poliwrath
|-damage|p2a: Poliwrath|92/100
|
|t:|1664663098
|switch|p1a: Comfey|Comfey, M|18/100|[from]move: U-turn
|
|upkeep
|turn|11
|l| Theblobfishman9
|j| Player 58
|
|t:|1664663108
|move|p1a: Comfey|Draining Kiss|p2a: Poliwrath
|-supereffective|p2a: Poliwrath
|-damage|p2a: Poliwrath|61/100
|-heal|p1a: Comfey|47/100|[from] drain|[of] p2a: Poliwrath
|move|p2a: Poliwrath|Liquidation|p1a: Comfey
|-damage|p1a: Comfey|0 fnt
|faint|p1a: Comfey
|
|upkeep
|inactive|sugar ovens has 120 seconds left.
|l| Player 58
|
|t:|1664663165
|switch|p1a: Silvally|Silvally-Steel|100/100
|turn|12
|
|t:|1664663178
|move|p1a: Silvally|Multi-Attack|p2a: Poliwrath
|-resisted|p2a: Poliwrath
|-damage|p2a: Poliwrath|43/100
|move|p2a: Poliwrath|Liquidation|p1a: Silvally
|-damage|p1a: Silvally|50/100
|
|upkeep
|turn|13
|
|t:|1664663188
|move|p1a: Silvally|Multi-Attack|p2a: Poliwrath
|-resisted|p2a: Poliwrath
|-damage|p2a: Poliwrath|24/100
|move|p2a: Poliwrath|Liquidation|p1a: Silvally
|-damage|p1a: Silvally|0 fnt
|faint|p1a: Silvally
|
|upkeep
|
|t:|1664663194
|switch|p1a: Magmortar|Magmortar, M|100/100
|turn|14
|c|+zoowi|??;
|
|t:|1664663203
|switch|p2a: Aromatisse|Aromatisse, M|100/100
|move|p1a: Magmortar|Sludge Bomb|p2a: Aromatisse
|-supereffective|p2a: Aromatisse
|-damage|p2a: Aromatisse|32/100
|-damage|p1a: Magmortar|91/100|[from] item: Life Orb
|
|-heal|p2a: Aromatisse|38/100|[from] item: Leftovers
|upkeep
|turn|15
|j| turtledoggo1
|inactive|sugar ovens has 120 seconds left.
|c|+zoowi|woof
|
|t:|1664663224
|move|p2a: Aromatisse|Protect|p2a: Aromatisse
|-singleturn|p2a: Aromatisse|Protect
|move|p1a: Magmortar|Sludge Bomb|p2a: Aromatisse
|-activate|p2a: Aromatisse|move: Protect
|
|-heal|p2a: Aromatisse|44/100|[from] item: Leftovers
|upkeep
|turn|16
|
|t:|1664663254
|switch|p2a: Coalossal|Coalossal, F|100/100
|move|p1a: Magmortar|Sludge Bomb|p2a: Coalossal
|-resisted|p2a: Coalossal
|-damage|p2a: Coalossal|89/100
|-damage|p1a: Magmortar|81/100|[from] item: Life Orb
|
|upkeep
|turn|17
|inactive|icening has 120 seconds left.
|
|t:|1664663284
|switch|p1a: Wishiwashi|Wishiwashi, F|87/100 slp
|-formechange|p1a: Wishiwashi|Wishiwashi-School||[from] ability: Schooling
|switch|p2a: Zweilous|Zweilous, F|42/100
|
|upkeep
|turn|18
|
|t:|1664663292
|move|p2a: Zweilous|Outrage|p1a: Wishiwashi
|-damage|p1a: Wishiwashi|32/100 slp
|cant|p1a: Wishiwashi|slp
|move|p1a: Wishiwashi|Sleep Talk|p1a: Wishiwashi
|move|p1a: Wishiwashi|Scald|p2a: Zweilous|[from]move: Sleep Talk
|-resisted|p2a: Zweilous
|-damage|p2a: Zweilous|26/100
|
|upkeep
|turn|19
|inactive|sugar ovens has 120 seconds left.
|
|t:|1664663303
|move|p2a: Zweilous|Outrage|p1a: Wishiwashi|[from]lockedmove
|-damage|p1a: Wishiwashi|0 fnt
|faint|p1a: Wishiwashi
|
|upkeep
|
|t:|1664663308
|switch|p1a: Magmortar|Magmortar, M|81/100
|turn|20
|
|t:|1664663312
|move|p1a: Magmortar|Sludge Bomb|p2a: Zweilous
|-crit|p2a: Zweilous
|-damage|p2a: Zweilous|0 fnt
|faint|p2a: Zweilous
|-damage|p1a: Magmortar|71/100|[from] item: Life Orb
|
|upkeep
|
|t:|1664663321
|switch|p2a: Coalossal|Coalossal, F|89/100
|turn|21
|
|t:|1664663325
|move|p1a: Magmortar|Focus Blast|p2a: Coalossal
|-supereffective|p2a: Coalossal
|-damage|p2a: Coalossal|23/100
|-damage|p1a: Magmortar|61/100|[from] item: Life Orb
|move|p2a: Coalossal|Rock Blast|p1a: Magmortar
|-damage|p1a: Magmortar|47/100
|replace|p1a: Zoroark|Zoroark, F
|-end|p1a: Zoroark|Illusion
|-damage|p1a: Zoroark|32/100
|-damage|p1a: Zoroark|19/100
|-hitcount|p1a: Zoroark|3
|
|upkeep
|turn|22
|
|t:|1664663339
|switch|p2a: Exeggutor|Exeggutor, M|100/100
|move|p1a: Zoroark|Dark Pulse|p2a: Exeggutor
|-supereffective|p2a: Exeggutor
|-damage|p2a: Exeggutor|0 fnt
|faint|p2a: Exeggutor
|-damage|p1a: Zoroark|9/100|[from] item: Life Orb
|
|upkeep
|
|t:|1664663349
|switch|p2a: Doublade|Doublade, M|92/100
|turn|23
|
|t:|1664663357
|move|p2a: Doublade|Shadow Sneak|p1a: Zoroark
|-resisted|p1a: Zoroark
|-damage|p1a: Zoroark|0 fnt
|faint|p1a: Zoroark
|
|upkeep
|inactive|sugar ovens has 120 seconds left.
|inactive|sugar ovens has 90 seconds left.
|inactive|sugar ovens has 60 seconds left.
|
|t:|1664663472
|switch|p1a: Magmortar|Magmortar, M|100/100
|turn|24
|
|t:|1664663495
|switch|p2a: Poliwrath|Poliwrath, F|24/100
|move|p1a: Magmortar|Fire Blast|p2a: Poliwrath
|-resisted|p2a: Poliwrath
|-damage|p2a: Poliwrath|0 fnt
|faint|p2a: Poliwrath
|
|upkeep
|inactive|icening has 120 seconds left.
|
|t:|1664663510
|switch|p2a: Coalossal|Coalossal, F|23/100
|turn|25
|inactive|sugar ovens has 60 seconds left.
|
|t:|1664663545
|move|p1a: Magmortar|Focus Blast|p2a: Coalossal
|-supereffective|p2a: Coalossal
|-damage|p2a: Coalossal|0 fnt
|faint|p2a: Coalossal
|
|upkeep
|
|t:|1664663549
|switch|p2a: Aromatisse|Aromatisse, M|44/100
|turn|26
|
|t:|1664663552
|move|p2a: Aromatisse|Protect|p2a: Aromatisse
|-singleturn|p2a: Aromatisse|Protect
|move|p1a: Magmortar|Fire Blast|p2a: Aromatisse
|-activate|p2a: Aromatisse|move: Protect
|
|-heal|p2a: Aromatisse|50/100|[from] item: Leftovers
|upkeep
|turn|27
|
|t:|1664663560
|move|p1a: Magmortar|Fire Blast|p2a: Aromatisse
|-damage|p2a: Aromatisse|0 fnt
|faint|p2a: Aromatisse
|
|upkeep
|
|t:|1664663563
|switch|p2a: Doublade|Doublade, M|92/100
|turn|28
|
|t:|1664663572
|move|p1a: Magmortar|Fire Blast|p2a: Doublade
|-supereffective|p2a: Doublade
|-crit|p2a: Doublade
|-damage|p2a: Doublade|0 fnt
|faint|p2a: Doublade
|
|win|sugar ovens
|n|☆sugar ovens|sugarovens
|n|☆icening|icening
|n| Rangino|rangino
|n| WunFishTuFish|wunfishtufish
|n| zoowi|zoowi
|n| Paratrooper69|paratrooper69
|n| turtledoggo1|turtledoggo1
