|j|☆JoJo Reference #10
|j|☆acluh1
|t:|1653610398
|gametype|singles
|player|p1|JoJo Reference #10|red-gen2|1310
|player|p2|acluh1|karen|1330
|teamsize|p1|6
|teamsize|p2|6
|gen|8
|tier|[Gen 8] PU
|rated|
|rule|Sleep Clause Mod: Limit one foe put to sleep
|rule|Species Clause: Limit one of each Pokémon
|rule|OHKO Clause: OHKO moves are banned
|rule|Evasion Moves Clause: Evasion moves are banned
|rule|Endless Battle Clause: Forcing endless battles is banned
|rule|HP Percentage Mod: HP is shown in percentages
|rule|Dynamax Clause: You cannot dynamax
|clearpoke
|poke|p1|Vanilluxe, F|
|poke|p1|Audino, M|
|poke|p1|Gurdurr, F|
|poke|p1|Aromatisse, M|
|poke|p1|Gourgeist-*, M|
|poke|p1|Glastrier|
|poke|p2|Charizard, M|
|poke|p2|Gigalith, M|
|poke|p2|Ribombee, M|
|poke|p2|Sandaconda, F|
|poke|p2|Scrafty, F|
|poke|p2|Trevenant, F|
|teampreview
|inactive|Battle timer is ON: inactive players will automatically lose when time's up. (requested by acluh1)
|
|t:|1653610410
|start
|switch|p1a: Vanilluxe|Vanilluxe, F|100/100
|switch|p2a: Trevenant|Trevenant, F, shiny|100/100
|-weather|Hail|[from] ability: Snow Warning|[of] p1a: Vanilluxe
|turn|1
|
|t:|1653610415
|switch|p2a: Gigalith|Gigalith, M, shiny|100/100
|-weather|Sandstorm|[from] ability: Sand Stream|[of] p2a: Gigalith
|move|p1a: Vanilluxe|Ice Beam|p2a: Gigalith
|-damage|p2a: Gigalith|81/100
|
|-weather|Sandstorm|[upkeep]
|-damage|p1a: Vanilluxe|94/100|[from] Sandstorm
|-heal|p2a: Gigalith|87/100|[from] item: Leftovers
|upkeep
|turn|2
|
|t:|1653610422
|switch|p1a: Gourgeist|Gourgeist-Super, M|100/100
|-item|p2a: Gigalith|Leftovers|[from] ability: Frisk|[of] p1a: Gourgeist|[identify]
|move|p2a: Gigalith|Stealth Rock|p1a: Gourgeist
|-sidestart|p1: JoJo Reference #10|move: Stealth Rock
|
|-weather|Sandstorm|[upkeep]
|-damage|p1a: Gourgeist|94/100|[from] Sandstorm
|-heal|p2a: Gigalith|93/100|[from] item: Leftovers
|upkeep
|turn|3
|
|t:|1653610427
|switch|p2a: Sandaconda|Sandaconda, F, shiny|100/100
|move|p1a: Gourgeist|Trick Room|p1a: Gourgeist
|-fieldstart|move: Trick Room|[of] p1a: Gourgeist
|
|-weather|Sandstorm|[upkeep]
|-damage|p1a: Gourgeist|88/100|[from] Sandstorm
|upkeep
|turn|4
|
|t:|1653610430
|move|p1a: Gourgeist|Power Whip|p2a: Sandaconda
|-supereffective|p2a: Sandaconda
|-damage|p2a: Sandaconda|13/100
|-damage|p1a: Gourgeist|72/100|[from] item: Rocky Helmet|[of] p2a: Sandaconda
|-damage|p1a: Gourgeist|62/100|[from] item: Life Orb
|move|p2a: Sandaconda|Glare|p1a: Gourgeist
|-status|p1a: Gourgeist|par
|
|-weather|Sandstorm|[upkeep]
|-damage|p1a: Gourgeist|56/100 par|[from] Sandstorm
|upkeep
|turn|5
|j| ii88
|
|t:|1653610439
|move|p1a: Gourgeist|Poltergeist|p2a: Sandaconda
|-activate|p2a: Sandaconda|move: Poltergeist|Rocky Helmet
|-damage|p2a: Sandaconda|0 fnt
|faint|p2a: Sandaconda
|-damage|p1a: Gourgeist|46/100 par|[from] item: Life Orb
|
|-weather|none
|upkeep
|
|t:|1653610445
|switch|p2a: Gigalith|Gigalith, M, shiny|93/100
|-weather|Sandstorm|[from] ability: Sand Stream|[of] p2a: Gigalith
|turn|6
|
|t:|1653610450
|move|p1a: Gourgeist|Poltergeist|p2a: Gigalith
|-activate|p2a: Gigalith|move: Poltergeist|Leftovers
|-damage|p2a: Gigalith|40/100
|-damage|p1a: Gourgeist|36/100 par|[from] item: Life Orb
|move|p2a: Gigalith|Rock Blast|p1a: Gourgeist
|-damage|p1a: Gourgeist|28/100 par
|-damage|p1a: Gourgeist|19/100 par
|-damage|p1a: Gourgeist|10/100 par
|-hitcount|p1a: Gourgeist|3
|
|-weather|Sandstorm|[upkeep]
|-damage|p1a: Gourgeist|3/100 par|[from] Sandstorm
|-heal|p2a: Gigalith|46/100|[from] item: Leftovers
|upkeep
|turn|7
|
|t:|1653610455
|switch|p2a: Scrafty|Scrafty, F|100/100
|move|p1a: Gourgeist|Moonblast|p2a: Scrafty
|-supereffective|p2a: Scrafty
|-damage|p2a: Scrafty|10/100
|-unboost|p2a: Scrafty|spa|1
|-damage|p1a: Gourgeist|0 fnt|[from] item: Life Orb
|faint|p1a: Gourgeist
|
|-weather|Sandstorm|[upkeep]
|-damage|p2a: Scrafty|5/100|[from] Sandstorm
|-fieldend|move: Trick Room
|upkeep
|
|t:|1653610469
|switch|p1a: Aromatisse|Aromatisse, M|100/100
|turn|8
|
|t:|1653610471
|move|p2a: Scrafty|Iron Head|p1a: Aromatisse
|-supereffective|p1a: Aromatisse
|-crit|p1a: Aromatisse
|-damage|p1a: Aromatisse|32/100
|move|p1a: Aromatisse|Trick Room|p1a: Aromatisse
|-fieldstart|move: Trick Room|[of] p1a: Aromatisse
|
|-weather|Sandstorm|[upkeep]
|-damage|p1a: Aromatisse|26/100|[from] Sandstorm
|-damage|p2a: Scrafty|0 fnt|[from] Sandstorm
|faint|p2a: Scrafty
|upkeep
|j| Pokrunk
|
|t:|1653610494
|switch|p2a: Gigalith|Gigalith, M, shiny|46/100
|turn|9
|
|t:|1653610497
|move|p1a: Aromatisse|Moonblast|p2a: Gigalith
|-damage|p2a: Gigalith|23/100
|-unboost|p2a: Gigalith|spa|1
|move|p2a: Gigalith|Rock Blast|p1a: Aromatisse
|-damage|p1a: Aromatisse|14/100
|-damage|p1a: Aromatisse|1/100
|-damage|p1a: Aromatisse|0 fnt
|faint|p1a: Aromatisse
|-hitcount|p1: Aromatisse|3
|
|-weather|Sandstorm|[upkeep]
|-heal|p2a: Gigalith|29/100|[from] item: Leftovers
|upkeep
|l| Pokrunk
|
|t:|1653610506
|switch|p1a: Gurdurr|Gurdurr, F|100/100
|-damage|p1a: Gurdurr|94/100|[from] Stealth Rock
|turn|10
|
|t:|1653610512
|switch|p2a: Charizard|Charizard, M, shiny|100/100
|move|p1a: Gurdurr|Knock Off|p2a: Charizard
|-damage|p2a: Charizard|52/100
|-enditem|p2a: Charizard|Heavy-Duty Boots|[from] move: Knock Off|[of] p1a: Gurdurr
|
|-weather|none
|-status|p1a: Gurdurr|brn|[from] item: Flame Orb
|upkeep
|turn|11
|
|t:|1653610515
|move|p1a: Gurdurr|Facade|p2a: Charizard
|-damage|p2a: Charizard|0 fnt
|faint|p2a: Charizard
|
|-damage|p1a: Gurdurr|88/100 brn|[from] brn
|upkeep
|
|t:|1653610522
|switch|p2a: Gigalith|Gigalith, M, shiny|29/100
|-weather|Sandstorm|[from] ability: Sand Stream|[of] p2a: Gigalith
|turn|12
|
|t:|1653610526
|move|p1a: Gurdurr|Knock Off|p2a: Gigalith
|-damage|p2a: Gigalith|0 fnt
|-enditem|p2a: Gigalith|Leftovers|[from] move: Knock Off|[of] p1a: Gurdurr
|faint|p2a: Gigalith
|
|-weather|Sandstorm|[upkeep]
|-damage|p1a: Gurdurr|82/100 brn|[from] Sandstorm
|-damage|p1a: Gurdurr|76/100 brn|[from] brn
|-fieldend|move: Trick Room
|upkeep
|
|t:|1653610531
|switch|p2a: Trevenant|Trevenant, F, shiny|100/100
|turn|13
|
|t:|1653610539
|switch|p1a: Glastrier|Glastrier|100/100
|move|p2a: Trevenant|Poltergeist|p1a: Glastrier
|-activate|p1a: Glastrier|move: Poltergeist|Heavy-Duty Boots
|-damage|p1a: Glastrier|47/100
|
|-weather|Sandstorm|[upkeep]
|-damage|p2a: Trevenant|94/100|[from] Sandstorm
|-damage|p1a: Glastrier|41/100|[from] Sandstorm
|upkeep
|turn|14
|
|t:|1653610544
|switch|p1a: Audino|Audino, M|100/100
|move|p2a: Trevenant|Poltergeist|p1a: Audino
|-immune|p1a: Audino
|
|-weather|Sandstorm|[upkeep]
|-damage|p2a: Trevenant|88/100|[from] Sandstorm
|-damage|p1a: Audino|94/100|[from] Sandstorm
|upkeep
|turn|15
|
|t:|1653610549
|switch|p2a: Ribombee|Ribombee, M, shiny|100/100
|move|p1a: Audino|Trick Room|p1a: Audino
|-fieldstart|move: Trick Room|[of] p1a: Audino
|
|-weather|Sandstorm|[upkeep]
|-damage|p1a: Audino|88/100|[from] Sandstorm
|-damage|p2a: Ribombee|94/100|[from] Sandstorm
|upkeep
|turn|16
|
|t:|1653610552
|move|p1a: Audino|Knock Off|p2a: Ribombee
|-resisted|p2a: Ribombee
|-crit|p2a: Ribombee
|-damage|p2a: Ribombee|74/100
|-enditem|p2a: Ribombee|Heavy-Duty Boots|[from] move: Knock Off|[of] p1a: Audino
|move|p2a: Ribombee|Moonblast|p1a: Audino
|-damage|p1a: Audino|61/100
|-unboost|p1a: Audino|spa|1
|
|-weather|none
|upkeep
|turn|17
|
|t:|1653610555
|move|p1a: Audino|Healing Wish|p1a: Audino
|faint|p1a: Audino
|move|p2a: Ribombee|Quiver Dance|p2a: Ribombee
|-boost|p2a: Ribombee|spa|1
|-boost|p2a: Ribombee|spd|1
|-boost|p2a: Ribombee|spe|1
|
|upkeep
|
|t:|1653610557
|switch|p1a: Glastrier|Glastrier|41/100
|-heal|p1a: Glastrier|100/100|[from] move: Healing Wish
|turn|18
|
|t:|1653610562
|move|p1a: Glastrier|Icicle Crash|p2a: Ribombee
|-damage|p2a: Ribombee|0 fnt
|faint|p2a: Ribombee
|-ability|p1a: Glastrier|Chilling Neigh|boost
|-boost|p1a: Glastrier|atk|1
|
|upkeep
|
|t:|1653610564
|switch|p2a: Trevenant|Trevenant, F, shiny|88/100
|turn|19
|
|t:|1653610567
|move|p1a: Glastrier|Icicle Crash|p2a: Trevenant
|-supereffective|p2a: Trevenant
|-damage|p2a: Trevenant|0 fnt
|faint|p2a: Trevenant
|
|win|JoJo Reference #10
|raw|JoJo Reference #10's rating: 1310 &rarr; <strong>1331</strong><br />(+21 for winning)
|raw|acluh1's rating: 1330 &rarr; <strong>1309</strong><br />(-21 for losing)
|c|☆JoJo Reference #10|gg
|l|☆acluh1
