|j|☆10InchCinccino
|j|☆BiscotteKouloulou
|t:|1664391517
|gametype|singles
|player|p1|10InchCinccino|266|1348
|player|p2|BiscotteKouloulou|unknown|1449
|teamsize|p1|6
|teamsize|p2|6
|gen|8
|tier|[Gen 8] PU
|rated|
|rule|Sleep Clause Mod: Limit one foe put to sleep
|rule|Species Clause: Limit one of each Pokémon
|rule|OHKO Clause: OHKO moves are banned
|rule|Evasion Items Clause: Evasion items are banned
|rule|Evasion Moves Clause: Evasion moves are banned
|rule|Endless Battle Clause: Forcing endless battles is banned
|rule|HP Percentage Mod: HP is shown in percentages
|rule|Dynamax Clause: You cannot dynamax
|clearpoke
|poke|p1|Cinccino, F|
|poke|p1|Silvally-*|
|poke|p1|Ribombee, M|
|poke|p1|Scrafty, F|
|poke|p1|Articuno-Galar|
|poke|p1|Magneton|
|poke|p2|Ferroseed, M|
|poke|p2|Gigalith, M|
|poke|p2|Centiskorch, F|
|poke|p2|Rhydon, M|
|poke|p2|Ribombee, F|
|poke|p2|Poliwrath, F|
|teampreview
|
|t:|1664391611
|start
|switch|p1a: Ribombee|Ribombee, M, shiny|100/100
|switch|p2a: Centiskorch|Centiskorch, F|100/100
|turn|1
|
|t:|1664391622
|move|p1a: Ribombee|Stun Spore|p2a: Centiskorch
|-status|p2a: Centiskorch|par
|move|p2a: Centiskorch|Fire Lash|p1a: Ribombee
|-supereffective|p1a: Ribombee
|-damage|p1a: Ribombee|0 fnt
|faint|p1a: Ribombee
|
|upkeep
|
|t:|1664391632
|switch|p1a: Articuno|Articuno-Galar|100/100
|turn|2
|
|t:|1664391637
|switch|p2a: Gigalith|Gigalith, M|100/100
|-weather|Sandstorm|[from] ability: Sand Stream|[of] p2a: Gigalith
|move|p1a: Articuno|Hurricane|p2a: Gigalith
|-resisted|p2a: Gigalith
|-damage|p2a: Gigalith|87/100
|
|-weather|Sandstorm|[upkeep]
|-damage|p1a: Articuno|94/100|[from] Sandstorm
|-heal|p2a: Gigalith|93/100|[from] item: Leftovers
|upkeep
|turn|3
|
|t:|1664391647
|move|p1a: Articuno|U-turn|p2a: Gigalith
|-damage|p2a: Gigalith|84/100
|
|t:|1664391666
|switch|p1a: Scrafty|Scrafty, F|100/100|[from]move: U-turn
|move|p2a: Gigalith|Stealth Rock|p1a: Scrafty
|-sidestart|p1: 10InchCinccino|move: Stealth Rock
|
|-weather|Sandstorm|[upkeep]
|-damage|p1a: Scrafty|95/100|[from] Sandstorm
|-heal|p1a: Scrafty|100/100|[from] item: Leftovers
|-heal|p2a: Gigalith|91/100|[from] item: Leftovers
|upkeep
|turn|4
|
|t:|1664391674
|switch|p2a: Poliwrath|Poliwrath, F|100/100
|move|p1a: Scrafty|Knock Off|p2a: Poliwrath
|-resisted|p2a: Poliwrath
|-damage|p2a: Poliwrath|89/100
|-damage|p1a: Scrafty|84/100|[from] item: Rocky Helmet|[of] p2a: Poliwrath
|-enditem|p2a: Poliwrath|Rocky Helmet|[from] move: Knock Off|[of] p1a: Scrafty
|
|-weather|Sandstorm|[upkeep]
|-damage|p2a: Poliwrath|83/100|[from] Sandstorm
|-damage|p1a: Scrafty|78/100|[from] Sandstorm
|-heal|p1a: Scrafty|84/100|[from] item: Leftovers
|upkeep
|turn|5
|
|t:|1664391682
|move|p2a: Poliwrath|Toxic|p1a: Scrafty
|-status|p1a: Scrafty|tox
|move|p1a: Scrafty|Drain Punch|p2a: Poliwrath
|-damage|p2a: Poliwrath|68/100
|-heal|p1a: Scrafty|93/100 tox|[from] drain|[of] p2a: Poliwrath
|
|-weather|Sandstorm|[upkeep]
|-damage|p2a: Poliwrath|62/100|[from] Sandstorm
|-damage|p1a: Scrafty|87/100 tox|[from] Sandstorm
|-heal|p1a: Scrafty|93/100 tox|[from] item: Leftovers
|-damage|p1a: Scrafty|87/100 tox|[from] psn
|upkeep
|turn|6
|
|t:|1664391690
|move|p1a: Scrafty|Bulk Up|p1a: Scrafty
|-boost|p1a: Scrafty|atk|1
|-boost|p1a: Scrafty|def|1
|move|p2a: Poliwrath|Circle Throw|p1a: Scrafty
|-supereffective|p1a: Scrafty
|-damage|p1a: Scrafty|63/100 tox
|drag|p1a: Cinccino|Cinccino, F|100/100
|-damage|p1a: Cinccino|88/100|[from] Stealth Rock
|
|-weather|none
|upkeep
|turn|7
|
|t:|1664391716
|switch|p2a: Ferroseed|Ferroseed, M|100/100
|move|p1a: Cinccino|Bullet Seed|p2a: Ferroseed
|-resisted|p2a: Ferroseed
|-damage|p2a: Ferroseed|99/100
|-resisted|p2a: Ferroseed
|-damage|p2a: Ferroseed|97/100
|-resisted|p2a: Ferroseed
|-damage|p2a: Ferroseed|95/100
|-resisted|p2a: Ferroseed
|-damage|p2a: Ferroseed|94/100
|-resisted|p2a: Ferroseed
|-damage|p2a: Ferroseed|92/100
|-hitcount|p2a: Ferroseed|5
|
|upkeep
|turn|8
|
|t:|1664391728
|switch|p1a: Silvally|Silvally-Fairy|100/100
|-damage|p1a: Silvally|88/100|[from] Stealth Rock
|move|p2a: Ferroseed|Knock Off|p1a: Silvally
|-resisted|p1a: Silvally
|-damage|p1a: Silvally|85/100
|
|upkeep
|turn|9
|
|t:|1664391738
|switch|p2a: Centiskorch|Centiskorch, F|100/100 par
|move|p1a: Silvally|Defog|p2a: Centiskorch
|-unboost|p2a: Centiskorch|evasion|1
|-sideend|p1: 10InchCinccino|Stealth Rock|[from] move: Defog|[of] p1a: Silvally
|
|upkeep
|turn|10
|
|t:|1664391748
|move|p1a: Silvally|Parting Shot|p2a: Centiskorch
|-unboost|p2a: Centiskorch|atk|1
|-unboost|p2a: Centiskorch|spa|1
|
|t:|1664391757
|switch|p1a: Articuno|Articuno-Galar|94/100|[from]move: Parting Shot
|move|p2a: Centiskorch|Fire Lash|p1a: Articuno
|-damage|p1a: Articuno|63/100
|-unboost|p1a: Articuno|def|1
|-ability|p1a: Articuno|Competitive
|-boost|p1a: Articuno|spa|2
|
|upkeep
|turn|11
|
|t:|1664391776
|switch|p2a: Poliwrath|Poliwrath, F|62/100
|move|p1a: Articuno|Future Sight|p2a: Poliwrath
|-start|p1a: Articuno|move: Future Sight
|
|upkeep
|turn|12
|
|t:|1664391797
|move|p1a: Articuno|Hurricane|p2a: Poliwrath
|-supereffective|p2a: Poliwrath
|-damage|p2a: Poliwrath|0 fnt
|faint|p2a: Poliwrath
|
|upkeep
|
|t:|1664391804
|switch|p2a: Gigalith|Gigalith, M|91/100
|-weather|Sandstorm|[from] ability: Sand Stream|[of] p2a: Gigalith
|turn|13
|
|t:|1664391814
|move|p1a: Articuno|Recover|p1a: Articuno
|-heal|p1a: Articuno|100/100
|move|p2a: Gigalith|Rock Blast|p1a: Articuno
|-supereffective|p1a: Articuno
|-damage|p1a: Articuno|62/100
|-supereffective|p1a: Articuno
|-damage|p1a: Articuno|23/100
|-supereffective|p1a: Articuno
|-crit|p1a: Articuno
|-damage|p1a: Articuno|0 fnt
|faint|p1a: Articuno
|-hitcount|p1: Articuno|3
|
|-weather|Sandstorm|[upkeep]
|-end|p2a: Gigalith|move: Future Sight
|-damage|p2a: Gigalith|60/100
|-heal|p2a: Gigalith|66/100|[from] item: Leftovers
|upkeep
|
|t:|1664391823
|switch|p1a: Cinccino|Cinccino, F|88/100
|turn|14
|
|t:|1664391830
|switch|p2a: Ferroseed|Ferroseed, M|92/100
|move|p1a: Cinccino|Knock Off|p2a: Ferroseed
|-damage|p2a: Ferroseed|65/100
|-damage|p1a: Cinccino|76/100|[from] ability: Iron Barbs|[of] p2a: Ferroseed
|-enditem|p2a: Ferroseed|Eviolite|[from] move: Knock Off|[of] p1a: Cinccino
|
|-weather|Sandstorm|[upkeep]
|-damage|p1a: Cinccino|70/100|[from] Sandstorm
|upkeep
|turn|15
|
|t:|1664391836
|switch|p1a: Silvally|Silvally-Fairy|85/100
|move|p2a: Ferroseed|Knock Off|p1a: Silvally
|-resisted|p1a: Silvally
|-damage|p1a: Silvally|81/100
|
|-weather|Sandstorm|[upkeep]
|-damage|p1a: Silvally|75/100|[from] Sandstorm
|upkeep
|turn|16
|
|t:|1664391856
|move|p1a: Silvally|Parting Shot|p2a: Ferroseed
|-unboost|p2a: Ferroseed|atk|1
|-unboost|p2a: Ferroseed|spa|1
|
|t:|1664391863
|switch|p1a: Scrafty|Scrafty, F|63/100 tox|[from]move: Parting Shot
|move|p2a: Ferroseed|Spikes|p1a: Scrafty
|-sidestart|p1: 10InchCinccino|Spikes
|
|-weather|Sandstorm|[upkeep]
|-damage|p1a: Scrafty|57/100 tox|[from] Sandstorm
|-heal|p1a: Scrafty|63/100 tox|[from] item: Leftovers
|-damage|p1a: Scrafty|57/100 tox|[from] psn
|upkeep
|turn|17
|
|t:|1664391869
|move|p1a: Scrafty|Rest|p1a: Scrafty
|-status|p1a: Scrafty|slp|[from] move: Rest
|-heal|p1a: Scrafty|100/100 slp|[silent]
|move|p2a: Ferroseed|Spikes|p1a: Scrafty
|-sidestart|p1: 10InchCinccino|Spikes
|
|-weather|none
|upkeep
|turn|18
|
|t:|1664391873
|switch|p2a: Ribombee|Ribombee, F|100/100
|cant|p1a: Scrafty|slp
|
|-activate|p1a: Scrafty|ability: Shed Skin
|-curestatus|p1a: Scrafty|slp|[msg]
|upkeep
|turn|19
|
|t:|1664391880
|switch|p1a: Magneton|Magneton|100/100
|-damage|p1a: Magneton|84/100|[from] Spikes
|move|p2a: Ribombee|Moonblast|p1a: Magneton
|-resisted|p1a: Magneton
|-damage|p1a: Magneton|45/100
|
|upkeep
|turn|20
|
|t:|1664391894
|switch|p2a: Gigalith|Gigalith, M|66/100
|-weather|Sandstorm|[from] ability: Sand Stream|[of] p2a: Gigalith
|move|p1a: Magneton|Flash Cannon|p2a: Gigalith
|-supereffective|p2a: Gigalith
|-damage|p2a: Gigalith|0 fnt
|faint|p2a: Gigalith
|
|-weather|Sandstorm|[upkeep]
|upkeep
|
|t:|1664391896
|switch|p2a: Centiskorch|Centiskorch, F|100/100 par
|turn|21
|
|t:|1664391906
|switch|p1a: Silvally|Silvally-Fairy|75/100
|-damage|p1a: Silvally|58/100|[from] Spikes
|move|p2a: Centiskorch|Fire Lash|p1a: Silvally
|-damage|p1a: Silvally|23/100
|-unboost|p1a: Silvally|def|1
|
|-weather|Sandstorm|[upkeep]
|-damage|p1a: Silvally|17/100|[from] Sandstorm
|-damage|p2a: Centiskorch|94/100 par|[from] Sandstorm
|upkeep
|turn|22
|
|t:|1664391915
|move|p1a: Silvally|Defog|p2a: Centiskorch
|-unboost|p2a: Centiskorch|evasion|1
|-sideend|p1: 10InchCinccino|Spikes|[from] move: Defog|[of] p1a: Silvally
|move|p2a: Centiskorch|Fire Lash|p1a: Silvally
|-damage|p1a: Silvally|0 fnt
|faint|p1a: Silvally
|
|-weather|Sandstorm|[upkeep]
|-damage|p2a: Centiskorch|88/100 par|[from] Sandstorm
|upkeep
|
|t:|1664391930
|switch|p1a: Magneton|Magneton|45/100
|turn|23
|
|t:|1664391939
|move|p1a: Magneton|Volt Switch|p2a: Centiskorch
|-damage|p2a: Centiskorch|30/100 par
|
|t:|1664391943
|switch|p1a: Scrafty|Scrafty, F|100/100|[from]move: Volt Switch
|cant|p2a: Centiskorch|par
|
|-weather|Sandstorm|[upkeep]
|-damage|p1a: Scrafty|95/100|[from] Sandstorm
|-damage|p2a: Centiskorch|24/100 par|[from] Sandstorm
|-heal|p1a: Scrafty|100/100|[from] item: Leftovers
|upkeep
|turn|24
|
|t:|1664391953
|move|p1a: Scrafty|Knock Off|p2a: Centiskorch
|-damage|p2a: Centiskorch|0 fnt
|-enditem|p2a: Centiskorch|Heavy-Duty Boots|[from] move: Knock Off|[of] p1a: Scrafty
|faint|p2a: Centiskorch
|
|-weather|none
|upkeep
|
|t:|1664391955
|switch|p2a: Ribombee|Ribombee, F|100/100
|turn|25
|
|t:|1664391980
|switch|p1a: Cinccino|Cinccino, F|70/100
|move|p2a: Ribombee|Quiver Dance|p2a: Ribombee
|-boost|p2a: Ribombee|spa|1
|-boost|p2a: Ribombee|spd|1
|-boost|p2a: Ribombee|spe|1
|
|upkeep
|turn|26
|
|t:|1664391985
|move|p2a: Ribombee|Moonblast|p1a: Cinccino
|-damage|p1a: Cinccino|0 fnt
|faint|p1a: Cinccino
|
|upkeep
|
|t:|1664391987
|switch|p1a: Magneton|Magneton|45/100
|turn|27
|
|t:|1664391994
|move|p2a: Ribombee|Moonblast|p1a: Magneton
|-resisted|p1a: Magneton
|-crit|p1a: Magneton
|-damage|p1a: Magneton|0 fnt
|faint|p1a: Magneton
|
|upkeep
|
|t:|1664391997
|switch|p1a: Scrafty|Scrafty, F|100/100
|turn|28
|
|t:|1664392000
|move|p2a: Ribombee|Moonblast|p1a: Scrafty
|-supereffective|p1a: Scrafty
|-damage|p1a: Scrafty|0 fnt
|faint|p1a: Scrafty
|
|win|BiscotteKouloulou
|raw|10InchCinccino's rating: 1348 &rarr; <strong>1334</strong><br />(-14 for losing)
|raw|BiscotteKouloulou's rating: 1449 &rarr; <strong>1463</strong><br />(+14 for winning)
|l|☆10InchCinccino
|c|☆BiscotteKouloulou|ez
|l|☆BiscotteKouloulou
|j|☆BiscotteKouloulou
|player|p2|BiscotteKouloulou|unknown
||Ladder isn't responding, score probably updated but might not have (Request timeout).
