|j|☆Meujeuh
|j|☆panned bomb
|t:|1644447651
|gametype|singles
|player|p1|Meujeuh|170|1255
|player|p2|panned bomb|170|1436
|teamsize|p1|6
|teamsize|p2|6
|gen|8
|tier|[Gen 8] PU
|rated|
|rule|Sleep Clause Mod: Limit one foe put to sleep
|rule|Species Clause: Limit one of each Pokémon
|rule|OHKO Clause: OHKO moves are banned
|rule|Evasion Moves Clause: Evasion moves are banned
|rule|Endless Battle Clause: Forcing endless battles is banned
|rule|HP Percentage Mod: HP is shown in percentages
|rule|Dynamax Clause: You cannot dynamax
|clearpoke
|poke|p1|Trevenant, F|
|poke|p1|Audino, M|
|poke|p1|Quagsire, F|
|poke|p1|Weezing, F|
|poke|p1|Sandslash, M|
|poke|p1|Gigalith, F|
|poke|p2|Espeon, M|
|poke|p2|Vikavolt, M|
|poke|p2|Archeops, F|
|poke|p2|Palossand, M|
|poke|p2|Articuno|
|poke|p2|Poliwrath, F|
|teampreview
|inactive|Battle timer is ON: inactive players will automatically lose when time's up. (requested by Meujeuh)
|inactive|panned bomb has 120 seconds left.
|j| theegreenone
|
|t:|1644447728
|start
|switch|p1a: Quagsire|Quagsire, F|100/100
|switch|p2a: Vikavolt|Vikavolt, M|100/100
|turn|1
|
|t:|1644447732
|switch|p1a: Trevenant|Trevenant, F|100/100
|move|p2a: Vikavolt|Bug Buzz|p1a: Trevenant
|-damage|p1a: Trevenant|45/100
|-enditem|p1a: Trevenant|Sitrus Berry|[eat]
|-heal|p1a: Trevenant|70/100|[from] item: Sitrus Berry
|-damage|p2a: Vikavolt|91/100|[from] item: Life Orb
|
|upkeep
|turn|2
|
|t:|1644447743
|move|p1a: Trevenant|Protect|p1a: Trevenant
|-singleturn|p1a: Trevenant|Protect
|move|p2a: Vikavolt|Bug Buzz|p1a: Trevenant
|-activate|p1a: Trevenant|move: Protect
|
|-item|p1a: Trevenant|Sitrus Berry|[from] ability: Harvest
|upkeep
|turn|3
|
|t:|1644447751
|switch|p1a: Gigalith|Gigalith, F|100/100
|-weather|Sandstorm|[from] ability: Sand Stream|[of] p1a: Gigalith
|move|p2a: Vikavolt|Volt Switch|p1a: Gigalith
|-damage|p1a: Gigalith|70/100
|-damage|p2a: Vikavolt|81/100|[from] item: Life Orb
|
|t:|1644447759
|switch|p2a: Espeon|Espeon, M|100/100|[from]move: Volt Switch
|
|-weather|Sandstorm|[upkeep]
|-damage|p2a: Espeon|95/100|[from] Sandstorm
|-heal|p2a: Espeon|100/100|[from] item: Leftovers
|-heal|p1a: Gigalith|76/100|[from] item: Leftovers
|upkeep
|turn|4
|
|t:|1644447766
|move|p2a: Espeon|Future Sight|p1a: Gigalith
|-start|p2a: Espeon|move: Future Sight
|move|p1a: Gigalith|Rock Blast|p2a: Espeon
|-damage|p2a: Espeon|89/100
|-damage|p2a: Espeon|79/100
|-hitcount|p2a: Espeon|2
|
|-weather|Sandstorm|[upkeep]
|-damage|p2a: Espeon|73/100|[from] Sandstorm
|-heal|p2a: Espeon|79/100|[from] item: Leftovers
|-heal|p1a: Gigalith|82/100|[from] item: Leftovers
|upkeep
|turn|5
|
|t:|1644447775
|move|p2a: Espeon|Psychic|p1a: Gigalith
|-damage|p1a: Gigalith|64/100
|-unboost|p1a: Gigalith|spd|1
|move|p1a: Gigalith|Earthquake|p2a: Espeon
|-damage|p2a: Espeon|47/100
|
|-weather|Sandstorm|[upkeep]
|-damage|p2a: Espeon|41/100|[from] Sandstorm
|-heal|p2a: Espeon|47/100|[from] item: Leftovers
|-heal|p1a: Gigalith|70/100|[from] item: Leftovers
|upkeep
|turn|6
|
|t:|1644447784
|switch|p1a: Trevenant|Trevenant, F|70/100
|move|p2a: Espeon|Wish|p2a: Espeon
|
|-weather|Sandstorm|[upkeep]
|-damage|p2a: Espeon|41/100|[from] Sandstorm
|-damage|p1a: Trevenant|63/100|[from] Sandstorm
|-end|p1a: Trevenant|move: Future Sight
|-damage|p1a: Trevenant|27/100
|-enditem|p1a: Trevenant|Sitrus Berry|[eat]
|-heal|p1a: Trevenant|52/100|[from] item: Sitrus Berry
|-heal|p2a: Espeon|47/100|[from] item: Leftovers
|upkeep
|turn|7
|
|t:|1644447789
|move|p2a: Espeon|Protect|p2a: Espeon
|-singleturn|p2a: Espeon|Protect
|move|p1a: Trevenant|Protect||[still]
|-fail|p1a: Trevenant
|
|-weather|none
|-heal|p2a: Espeon|97/100|[from] move: Wish|[wisher] Espeon
|-heal|p2a: Espeon|100/100|[from] item: Leftovers
|upkeep
|turn|8
|
|t:|1644447795
|switch|p2a: Articuno|Articuno|100/100
|-ability|p2a: Articuno|Pressure
|move|p1a: Trevenant|Horn Leech|p2a: Articuno
|-resisted|p2a: Articuno
|-damage|p2a: Articuno|87/100
|-heal|p1a: Trevenant|59/100|[from] drain|[of] p2a: Articuno
|
|upkeep
|turn|9
|
|t:|1644447800
|move|p1a: Trevenant|Protect|p1a: Trevenant
|-singleturn|p1a: Trevenant|Protect
|move|p2a: Articuno|U-turn|p1a: Trevenant
|-activate|p1a: Trevenant|move: Protect
|
|upkeep
|turn|10
|
|t:|1644447805
|move|p2a: Articuno|U-turn|p1a: Trevenant
|-damage|p1a: Trevenant|43/100
|
|t:|1644447812
|switch|p2a: Vikavolt|Vikavolt, M|81/100|[from]move: U-turn
|move|p1a: Trevenant|Substitute|p1a: Trevenant
|-start|p1a: Trevenant|Substitute
|-damage|p1a: Trevenant|18/100
|
|-item|p1a: Trevenant|Sitrus Berry|[from] ability: Harvest
|upkeep
|-enditem|p1a: Trevenant|Sitrus Berry|[eat]
|-heal|p1a: Trevenant|43/100|[from] item: Sitrus Berry
|turn|11
|
|t:|1644447818
|move|p1a: Trevenant|Protect|p1a: Trevenant
|-singleturn|p1a: Trevenant|Protect
|move|p2a: Vikavolt|Bug Buzz|p1a: Trevenant
|-activate|p1a: Trevenant|move: Protect
|
|upkeep
|turn|12
|
|t:|1644447827
|move|p2a: Vikavolt|Bug Buzz|p1a: Trevenant
|-damage|p1a: Trevenant|0 fnt
|faint|p1a: Trevenant
|-damage|p2a: Vikavolt|71/100|[from] item: Life Orb
|
|upkeep
|
|t:|1644447834
|switch|p1a: Quagsire|Quagsire, F|100/100
|turn|13
|
|t:|1644447838
|switch|p2a: Espeon|Espeon, M|100/100
|switch|p1a: Audino|Audino, M|100/100
|
|upkeep
|turn|14
|
|t:|1644447855
|move|p2a: Espeon|Future Sight|p1a: Audino
|-start|p2a: Espeon|move: Future Sight
|move|p1a: Audino|Knock Off|p2a: Espeon
|-supereffective|p2a: Espeon
|-damage|p2a: Espeon|69/100
|-enditem|p2a: Espeon|Leftovers|[from] move: Knock Off|[of] p1a: Audino
|
|upkeep
|turn|15
|
|t:|1644447860
|move|p2a: Espeon|Psychic|p1a: Audino
|-damage|p1a: Audino|75/100
|move|p1a: Audino|Wish|p1a: Audino
|
|upkeep
|turn|16
|
|t:|1644447862
|switch|p1a: Gigalith|Gigalith, F|70/100
|-weather|Sandstorm|[from] ability: Sand Stream|[of] p1a: Gigalith
|move|p2a: Espeon|Wish|p2a: Espeon
|
|-weather|Sandstorm|[upkeep]
|-damage|p2a: Espeon|63/100|[from] Sandstorm
|-end|p1a: Gigalith|move: Future Sight
|-damage|p1a: Gigalith|45/100
|-heal|p1a: Gigalith|99/100|[from] move: Wish|[wisher] Audino
|-heal|p1a: Gigalith|100/100|[from] item: Leftovers
|upkeep
|turn|17
|
|t:|1644447872
|move|p2a: Espeon|Future Sight|p1a: Gigalith
|-start|p2a: Espeon|move: Future Sight
|move|p1a: Gigalith|Rock Blast|p2a: Espeon
|-damage|p2a: Espeon|51/100
|-damage|p2a: Espeon|40/100
|-crit|p2a: Espeon
|-damage|p2a: Espeon|24/100
|-crit|p2a: Espeon
|-damage|p2a: Espeon|5/100
|-hitcount|p2a: Espeon|4
|
|-weather|Sandstorm|[upkeep]
|-damage|p2a: Espeon|0 fnt|[from] Sandstorm
|faint|p2a: Espeon
|upkeep
|
|t:|1644447887
|switch|p2a: Palossand|Palossand, M|100/100
|turn|18
|
|t:|1644447894
|switch|p1a: Audino|Audino, M|100/100
|move|p2a: Palossand|Earth Power|p1a: Audino
|-damage|p1a: Audino|72/100
|
|-weather|Sandstorm|[upkeep]
|-damage|p1a: Audino|66/100|[from] Sandstorm
|upkeep
|turn|19
|
|t:|1644447904
|move|p1a: Audino|Wish|p1a: Audino
|move|p2a: Palossand|Stealth Rock|p1a: Audino
|-sidestart|p1: Meujeuh|move: Stealth Rock
|
|-weather|Sandstorm|[upkeep]
|-damage|p1a: Audino|60/100|[from] Sandstorm
|-end|p1a: Audino|move: Future Sight
|-damage|p1a: Audino|29/100
|upkeep
|turn|20
|
|t:|1644447916
|move|p1a: Audino|Protect|p1a: Audino
|-singleturn|p1a: Audino|Protect
|move|p2a: Palossand|Earth Power|p1a: Audino
|-activate|p1a: Audino|move: Protect
|
|-weather|none
|-heal|p1a: Audino|79/100|[from] move: Wish|[wisher] Audino
|upkeep
|turn|21
|
|t:|1644447919
|move|p1a: Audino|Wish|p1a: Audino
|move|p2a: Palossand|Earth Power|p1a: Audino
|-damage|p1a: Audino|49/100
|
|upkeep
|turn|22
|
|t:|1644447924
|move|p1a: Audino|Knock Off|p2a: Palossand
|-supereffective|p2a: Palossand
|-damage|p2a: Palossand|75/100
|-damage|p1a: Audino|33/100|[from] item: Rocky Helmet|[of] p2a: Palossand
|-enditem|p2a: Palossand|Rocky Helmet|[from] move: Knock Off|[of] p1a: Audino
|move|p2a: Palossand|Earth Power|p1a: Audino
|-damage|p1a: Audino|4/100
|
|-heal|p1a: Audino|54/100|[from] move: Wish|[wisher] Audino
|upkeep
|turn|23
|
|t:|1644447931
|switch|p2a: Archeops|Archeops, F|100/100
|move|p1a: Audino|Wish|p1a: Audino
|
|upkeep
|turn|24
|
|t:|1644447935
|move|p1a: Audino|Protect|p1a: Audino
|-singleturn|p1a: Audino|Protect
|move|p2a: Archeops|U-turn|p1a: Audino
|-activate|p1a: Audino|move: Protect
|
|-heal|p1a: Audino|100/100|[from] move: Wish|[wisher] Audino
|upkeep
|turn|25
|
|t:|1644447942
|move|p2a: Archeops|Acrobatics|p1a: Audino
|-damage|p1a: Audino|47/100
|move|p1a: Audino|Wish|p1a: Audino
|
|upkeep
|turn|26
|
|t:|1644447946
|move|p1a: Audino|Protect|p1a: Audino
|-singleturn|p1a: Audino|Protect
|move|p2a: Archeops|U-turn|p1a: Audino
|-activate|p1a: Audino|move: Protect
|
|-heal|p1a: Audino|97/100|[from] move: Wish|[wisher] Audino
|upkeep
|turn|27
|
|t:|1644447951
|move|p2a: Archeops|Acrobatics|p1a: Audino
|-damage|p1a: Audino|35/100
|move|p1a: Audino|Wish|p1a: Audino
|
|upkeep
|turn|28
|
|t:|1644447956
|switch|p1a: Sandslash|Sandslash, M|100/100
|-damage|p1a: Sandslash|94/100|[from] Stealth Rock
|move|p2a: Archeops|U-turn|p1a: Sandslash
|-damage|p1a: Sandslash|78/100
|
|t:|1644447960
|switch|p2a: Vikavolt|Vikavolt, M|71/100|[from]move: U-turn
|
|-heal|p1a: Sandslash|100/100|[from] move: Wish|[wisher] Audino
|upkeep
|turn|29
|
|t:|1644447967
|switch|p1a: Quagsire|Quagsire, F|100/100
|-damage|p1a: Quagsire|94/100|[from] Stealth Rock
|move|p2a: Vikavolt|Bug Buzz|p1a: Quagsire
|-damage|p1a: Quagsire|3/100
|-damage|p2a: Vikavolt|61/100|[from] item: Life Orb
|
|upkeep
|turn|30
|l| theegreenone
|
|t:|1644447982
|switch|p1a: Sandslash|Sandslash, M|100/100
|-damage|p1a: Sandslash|94/100|[from] Stealth Rock
|move|p2a: Vikavolt|Bug Buzz|p1a: Sandslash
|-damage|p1a: Sandslash|0 fnt
|faint|p1a: Sandslash
|-damage|p2a: Vikavolt|51/100|[from] item: Life Orb
|
|upkeep
|
|t:|1644447996
|switch|p1a: Weezing|Weezing, F|100/100
|-ability|p1a: Weezing|Neutralizing Gas
|-damage|p1a: Weezing|88/100|[from] Stealth Rock
|turn|31
|
|t:|1644448000
|move|p2a: Vikavolt|Volt Switch|p1a: Weezing
|-crit|p1a: Weezing
|-damage|p1a: Weezing|0 fnt
|faint|p1a: Weezing
|-end|p1a: Weezing|ability: Neutralizing Gas
|-damage|p2a: Vikavolt|42/100|[from] item: Life Orb
|
|t:|1644448007
|switch|p2a: Archeops|Archeops, F|100/100|[from]move: Volt Switch
|
|upkeep
|c|☆Meujeuh|Too much crit ><
|-message|Meujeuh forfeited.
|
|win|panned bomb
|raw|Meujeuh's rating: 1255 &rarr; <strong>1242</strong><br />(-13 for losing)
|raw|panned bomb's rating: 1436 &rarr; <strong>1446</strong><br />(+10 for winning)
|l|☆Meujeuh
|c|☆panned bomb|Not sure it mattered at that point but GG
