|j|☆Leroiluxrayps
|j|☆RedWave2024
|t:|1653492042
|gametype|singles
|player|p1|Leroiluxrayps|jogger|1434
|player|p2|RedWave2024|flint|1339
|teamsize|p1|6
|teamsize|p2|6
|gen|8
|tier|[Gen 8] PU
|rated|
|rule|Sleep Clause Mod: Limit one foe put to sleep
|rule|Species Clause: Limit one of each Pokémon
|rule|OHKO Clause: OHKO moves are banned
|rule|Evasion Moves Clause: Evasion moves are banned
|rule|Endless Battle Clause: Forcing endless battles is banned
|rule|HP Percentage Mod: HP is shown in percentages
|rule|Dynamax Clause: You cannot dynamax
|clearpoke
|poke|p1|Crustle, F|
|poke|p1|Togedemaru, M|
|poke|p1|Charizard, M|
|poke|p1|Qwilfish, F|
|poke|p1|Runerigus, M|
|poke|p1|Eldegoss, M|
|poke|p2|Omanyte, M|
|poke|p2|Thwackey, M|
|poke|p2|Mawile, M|
|poke|p2|Sneasel, M|
|poke|p2|Ditto|
|poke|p2|Ribombee, M|
|teampreview
|inactive|Battle timer is ON: inactive players will automatically lose when time's up. (requested by Leroiluxrayps)
|
|t:|1653492053
|start
|switch|p1a: Qwilfish|Qwilfish, F|100/100
|switch|p2a: ABL|Sneasel, M|100/100
|-ability|p1a: Qwilfish|Intimidate|boost
|-fail|p2a: ABL|unboost|Attack|[from] ability: Inner Focus|[of] p2a: ABL
|turn|1
|
|t:|1653492071
|move|p2a: ABL|Swords Dance|p2a: ABL
|-boost|p2a: ABL|atk|2
|move|p1a: Qwilfish|Scald|p2a: ABL
|-damage|p2a: ABL|70/100
|
|upkeep
|turn|2
|
|t:|1653492075
|move|p2a: ABL|Knock Off|p1a: Qwilfish
|-damage|p1a: Qwilfish|30/100
|-enditem|p1a: Qwilfish|Black Sludge|[from] move: Knock Off|[of] p2a: ABL
|move|p1a: Qwilfish|Scald|p2a: ABL
|-damage|p2a: ABL|39/100
|
|upkeep
|turn|3
|
|t:|1653492091
|move|p2a: ABL|Knock Off|p1a: Qwilfish
|-damage|p1a: Qwilfish|0 fnt
|faint|p1a: Qwilfish
|
|upkeep
|
|t:|1653492093
|switch|p1a: Togedemaru|Togedemaru, M|100/100
|turn|4
|
|t:|1653492097
|switch|p2a: FenceSitter|Ditto|100/100
|-transform|p2a: FenceSitter|p1a: Togedemaru|[from] ability: Imposter
|move|p1a: Togedemaru|Iron Head|p2a: FenceSitter
|-resisted|p2a: FenceSitter
|-damage|p2a: FenceSitter|87/100
|-enditem|p2a: FenceSitter|Red Card|[of] p1a: Togedemaru
|drag|p1a: Crustle|Crustle, F|100/100
|
|upkeep
|turn|5
|
|t:|1653492106
|switch|p1a: Togedemaru|Togedemaru, M|100/100
|move|p2a: FenceSitter|Iron Head|p1a: Togedemaru
|-resisted|p1a: Togedemaru
|-damage|p1a: Togedemaru|84/100
|
|upkeep
|turn|6
|
|t:|1653492109
|move|p1a: Togedemaru|U-turn|p2a: FenceSitter
|-resisted|p2a: FenceSitter
|-damage|p2a: FenceSitter|69/100
|
|t:|1653492120
|switch|p1a: Runerigus|Runerigus, M|100/100|[from]move: U-turn
|move|p2a: FenceSitter|U-turn|p1a: Runerigus
|-resisted|p1a: Runerigus
|-damage|p1a: Runerigus|93/100
|-activate|p1a: Runerigus|ability: Wandering Spirit|Lightning Rod|Wandering Spirit|[of] p2a: FenceSitter
|
|t:|1653492123
|switch|p2a: Tim Pool|Omanyte, M|100/100|[from]move: U-turn
|
|upkeep
|turn|7
|
|t:|1653492131
|move|p2a: Tim Pool|Hydro Pump|p1a: Runerigus
|-supereffective|p1a: Runerigus
|-damage|p1a: Runerigus|4/100
|move|p1a: Runerigus|Earthquake|p2a: Tim Pool
|-supereffective|p2a: Tim Pool
|-damage|p2a: Tim Pool|0 fnt
|faint|p2a: Tim Pool
|
|upkeep
|
|t:|1653492134
|switch|p2a: FactsMatter Roman|Ribombee, M, shiny|100/100
|turn|8
|-enditem|p1a: Runerigus|Custap Berry|[eat]
|-activate|p1a: Runerigus|item: Custap Berry|[consumed]
|
|t:|1653492139
|move|p1a: Runerigus|Poltergeist|p2a: FactsMatter Roman
|-activate|p2a: FactsMatter Roman|move: Poltergeist|Throat Spray
|-damage|p2a: FactsMatter Roman|0 fnt
|faint|p2a: FactsMatter Roman
|
|upkeep
|c|☆RedWave2024|lol fk I need to take you guys more serious
|c|☆RedWave2024|random shi every other game
|
|t:|1653492157
|switch|p2a: ABL|Sneasel, M|39/100
|turn|9
|
|t:|1653492161
|move|p2a: ABL|Knock Off|p1a: Runerigus
|-supereffective|p1a: Runerigus
|-damage|p1a: Runerigus|0 fnt
|faint|p1a: Runerigus
|
|upkeep
|
|t:|1653492164
|switch|p1a: Togedemaru|Togedemaru, M|84/100
|turn|10
|
|t:|1653492166
|switch|p2a: Jimmy Dore|Mawile, M|100/100
|-ability|p2a: Jimmy Dore|Intimidate|boost
|-unboost|p1a: Togedemaru|atk|1
|move|p1a: Togedemaru|U-turn|p2a: Jimmy Dore
|-resisted|p2a: Jimmy Dore
|-damage|p2a: Jimmy Dore|97/100
|-damage|p1a: Togedemaru|67/100|[from] item: Rocky Helmet|[of] p2a: Jimmy Dore
|
|t:|1653492176
|switch|p1a: Charizard|Charizard, M|100/100|[from]move: U-turn
|
|upkeep
|turn|11
|
|t:|1653492186
|switch|p2a: FenceSitter|Ditto|69/100
|-transform|p2a: FenceSitter|p1a: Charizard|[from] ability: Imposter
|move|p1a: Charizard|Substitute|p1a: Charizard
|-start|p1a: Charizard|Substitute
|-damage|p1a: Charizard|76/100
|
|upkeep
|turn|12
|c|☆RedWave2024|lol look at this fkin shi
|
|t:|1653492197
|move|p1a: Charizard|Belly Drum|p1a: Charizard
|-damage|p1a: Charizard|26/100
|-setboost|p1a: Charizard|atk|6|[from] move: Belly Drum
|move|p2a: FenceSitter|Flame Charge|p1a: Charizard
|-resisted|p1a: Charizard
|-crit|p1a: Charizard
|-activate|p1a: Charizard|move: Substitute|[damage]
|-boost|p2a: FenceSitter|spe|1
|
|upkeep
|turn|13
|
|t:|1653492202
|move|p2a: FenceSitter|Flame Charge|p1a: Charizard
|-resisted|p1a: Charizard
|-end|p1a: Charizard|Substitute
|-boost|p2a: FenceSitter|spe|1
|move|p1a: Charizard|Flame Charge|p2a: FenceSitter
|-resisted|p2a: FenceSitter
|-damage|p2a: FenceSitter|0 fnt
|-boost|p1a: Charizard|spe|1
|faint|p2a: FenceSitter
|
|upkeep
|
|t:|1653492205
|switch|p2a: Jimmy Dore|Mawile, M|97/100
|-ability|p2a: Jimmy Dore|Intimidate|boost
|-unboost|p1a: Charizard|atk|1
|turn|14
|
|t:|1653492219
|move|p1a: Charizard|Substitute|p1a: Charizard
|-start|p1a: Charizard|Substitute
|-damage|p1a: Charizard|1/100
|move|p2a: Jimmy Dore|Seismic Toss|p1a: Charizard
|-end|p1a: Charizard|Substitute
|
|upkeep
|turn|15
|
|t:|1653492223
|move|p1a: Charizard|Earthquake|p2a: Jimmy Dore
|-supereffective|p2a: Jimmy Dore
|-damage|p2a: Jimmy Dore|0 fnt
|faint|p2a: Jimmy Dore
|
|upkeep
|
|t:|1653492225
|switch|p2a: Ranting Monkey|Thwackey, M|100/100
|-fieldstart|move: Grassy Terrain|[from] ability: Grassy Surge|[of] p2a: Ranting Monkey
|turn|16
|
|t:|1653492231
|move|p2a: Ranting Monkey|Grassy Glide|p1a: Charizard
|-resisted|p1a: Charizard
|-damage|p1a: Charizard|0 fnt
|faint|p1a: Charizard
|
|upkeep
|
|t:|1653492248
|switch|p1a: Crustle|Crustle, F|100/100
|turn|17
|
|t:|1653492253
|move|p2a: Ranting Monkey|Knock Off|p1a: Crustle
|-damage|p1a: Crustle|71/100
|-enditem|p1a: Crustle|Power Herb|[from] move: Knock Off|[of] p2a: Ranting Monkey
|move|p1a: Crustle|Stone Edge|p2a: Ranting Monkey
|-damage|p2a: Ranting Monkey|56/100
|
|-heal|p2a: Ranting Monkey|62/100|[from] Grassy Terrain
|-heal|p1a: Crustle|77/100|[from] Grassy Terrain
|upkeep
|turn|18
|
|t:|1653492261
|move|p2a: Ranting Monkey|Swords Dance|p2a: Ranting Monkey
|-boost|p2a: Ranting Monkey|atk|2
|move|p1a: Crustle|Stone Edge|p2a: Ranting Monkey
|-damage|p2a: Ranting Monkey|21/100
|
|-heal|p2a: Ranting Monkey|27/100|[from] Grassy Terrain
|-heal|p1a: Crustle|83/100|[from] Grassy Terrain
|upkeep
|turn|19
|inactive|Leroiluxrayps has 120 seconds left.
|
|t:|1653492308
|move|p2a: Ranting Monkey|Drain Punch|p1a: Crustle
|-damage|p1a: Crustle|44/100
|-heal|p2a: Ranting Monkey|44/100|[from] drain|[of] p1a: Crustle
|move|p1a: Crustle|Stone Edge|p2a: Ranting Monkey
|-damage|p2a: Ranting Monkey|0 fnt
|faint|p2a: Ranting Monkey
|
|-heal|p1a: Crustle|50/100|[from] Grassy Terrain
|upkeep
|-message|RedWave2024 forfeited.
|
|win|Leroiluxrayps
|raw|Leroiluxrayps's rating: 1434 &rarr; <strong>1449</strong><br />(+15 for winning)
|raw|RedWave2024's rating: 1339 &rarr; <strong>1324</strong><br />(-15 for losing)
|l|☆RedWave2024
|c|☆Leroiluxrayps|ez
||Ladder isn't responding, score probably updated but might not have (Request timeout).
