|j|☆bound 2 forget x2
|j|☆GammaGoGamma
|t:|1633015462
|gametype|singles
|player|p1|bound 2 forget x2|schoolkid-gen4|1350
|player|p2|GammaGoGamma|giovanni|1531
|teamsize|p1|6
|teamsize|p2|6
|gen|8
|tier|[Gen 8] PU
|rated|
|rule|Sleep Clause Mod: Limit one foe put to sleep
|rule|Species Clause: Limit one of each Pokémon
|rule|OHKO Clause: OHKO moves are banned
|rule|Evasion Moves Clause: Evasion moves are banned
|rule|Endless Battle Clause: Forcing endless battles is banned
|rule|HP Percentage Mod: HP is shown in percentages
|rule|Dynamax Clause: You cannot dynamax
|clearpoke
|poke|p1|Tangela, M|
|poke|p1|Charizard, M|
|poke|p1|Dugtrio-Alola, M|
|poke|p1|Lanturn, M|
|poke|p1|Lunatone|
|poke|p1|Silvally-*|
|poke|p2|Trevenant, F|
|poke|p2|Charizard, M|
|poke|p2|Sandslash-Alola, F|
|poke|p2|Lanturn, M|
|poke|p2|Ribombee, M|
|poke|p2|Sandaconda, M|
|teampreview
|inactive|Battle timer is ON: inactive players will automatically lose when time's up. (requested by GammaGoGamma)
|
|t:|1633015471
|start
|switch|p1a: Tangela|Tangela, M|100/100
|switch|p2a: Trevenant|Trevenant, F, shiny|100/100
|turn|1
|
|t:|1633015478
|switch|p2a: Sandslash|Sandslash-Alola, F|100/100
|move|p1a: Tangela|Knock Off|p2a: Sandslash
|-damage|p2a: Sandslash|90/100
|-enditem|p2a: Sandslash|Leftovers|[from] move: Knock Off|[of] p1a: Tangela
|
|upkeep
|turn|2
|
|t:|1633015498
|move|p2a: Sandslash|Spikes|p1a: Tangela
|-sidestart|p1: bound 2 forget x2|Spikes
|move|p1a: Tangela|Sleep Powder|p2a: Sandslash
|-status|p2a: Sandslash|slp|[from] move: Sleep Powder
|
|upkeep
|turn|3
|
|t:|1633015504
|switch|p1a: Charizard|Charizard, M|100/100
|cant|p2a: Sandslash|slp
|
|upkeep
|turn|4
|
|t:|1633015507
|switch|p2a: Lanturn|Lanturn, M|100/100
|move|p1a: Charizard|Defog|p2a: Lanturn
|-unboost|p2a: Lanturn|evasion|1
|-sideend|p1: bound 2 forget x2|Spikes|[from] move: Defog|[of] p1a: Charizard
|
|upkeep
|turn|5
|
|t:|1633015514
|switch|p1a: Lanturn|Lanturn, M|100/100
|move|p2a: Lanturn|Scald|p1a: Lanturn
|-resisted|p1a: Lanturn
|-damage|p1a: Lanturn|91/100
|
|upkeep
|turn|6
|
|t:|1633015521
|switch|p2a: Trevenant|Trevenant, F, shiny|100/100
|move|p1a: Lanturn|Scald|p2a: Trevenant
|-resisted|p2a: Trevenant
|-damage|p2a: Trevenant|80/100
|
|upkeep
|turn|7
|
|t:|1633015529
|move|p2a: Trevenant|Poltergeist|p1a: Lanturn
|-activate|p1a: Lanturn|move: Poltergeist|Assault Vest
|-damage|p1a: Lanturn|0 fnt
|faint|p1a: Lanturn
|
|upkeep
|
|t:|1633015536
|switch|p1a: Tangela|Tangela, M|100/100
|turn|8
|
|t:|1633015540
|switch|p2a: Sandslash|Sandslash-Alola, F|90/100 slp
|move|p1a: Tangela|Knock Off|p2a: Sandslash
|-damage|p2a: Sandslash|82/100 slp
|
|upkeep
|turn|9
|
|t:|1633015555
|switch|p1a: Dugtrio|Dugtrio-Alola, M|100/100
|-item|p1a: Dugtrio|Air Balloon
|-curestatus|p2a: Sandslash|slp|[msg]
|move|p2a: Sandslash|Spikes|p1a: Dugtrio
|-sidestart|p1: bound 2 forget x2|Spikes
|
|upkeep
|turn|10
|
|t:|1633015569
|move|p1a: Dugtrio|Earthquake|p2a: Sandslash
|-supereffective|p2a: Sandslash
|-damage|p2a: Sandslash|9/100
|move|p2a: Sandslash|Rapid Spin|p1a: Dugtrio
|-resisted|p1a: Dugtrio
|-damage|p1a: Dugtrio|87/100
|-boost|p2a: Sandslash|spe|1
|-enditem|p1a: Dugtrio|Air Balloon
|
|upkeep
|turn|11
|
|t:|1633015574
|switch|p2a: Sandaconda|Sandaconda, M|100/100
|move|p1a: Dugtrio|Earthquake|p2a: Sandaconda
|-damage|p2a: Sandaconda|72/100
|
|upkeep
|turn|12
|
|t:|1633015580
|switch|p1a: Tangela|Tangela, M|100/100
|-damage|p1a: Tangela|88/100|[from] Spikes
|move|p2a: Sandaconda|Glare|p1a: Tangela
|-status|p1a: Tangela|par
|
|upkeep
|turn|13
|
|t:|1633015585
|switch|p2a: Sandslash|Sandslash-Alola, F|9/100
|cant|p1a: Tangela|par
|
|upkeep
|turn|14
|
|t:|1633015590
|move|p2a: Sandslash|Icicle Crash|p1a: Tangela
|-supereffective|p1a: Tangela
|-damage|p1a: Tangela|59/100 par
|cant|p1a: Tangela|flinch
|
|upkeep
|turn|15
|
|t:|1633015594
|move|p2a: Sandslash|Icicle Crash|p1a: Tangela
|-supereffective|p1a: Tangela
|-damage|p1a: Tangela|32/100 par
|move|p1a: Tangela|Knock Off|p2a: Sandslash
|-damage|p2a: Sandslash|1/100
|
|upkeep
|turn|16
|
|t:|1633015598
|switch|p1a: Charizard|Charizard, M|100/100
|move|p2a: Sandslash|Spikes|p1a: Charizard
|-sidestart|p1: bound 2 forget x2|Spikes
|
|upkeep
|turn|17
|
|t:|1633015602
|switch|p2a: Lanturn|Lanturn, M|100/100
|move|p1a: Charizard|Defog|p2a: Lanturn
|-unboost|p2a: Lanturn|evasion|1
|-sideend|p1: bound 2 forget x2|Spikes|[from] move: Defog|[of] p1a: Charizard
|
|upkeep
|turn|18
|
|t:|1633015607
|switch|p1a: Tangela|Tangela, M|66/100 par
|move|p2a: Lanturn|Scald|p1a: Tangela
|-resisted|p1a: Tangela
|-damage|p1a: Tangela|44/100 par
|
|upkeep
|turn|19
|
|t:|1633015612
|move|p2a: Lanturn|Ice Beam|p1a: Tangela
|-supereffective|p1a: Tangela
|-damage|p1a: Tangela|0 fnt
|faint|p1a: Tangela
|
|upkeep
|
|t:|1633015617
|switch|p1a: Dugtrio|Dugtrio-Alola, M|87/100
|turn|20
|
|t:|1633015623
|switch|p2a: Sandaconda|Sandaconda, M|72/100
|move|p1a: Dugtrio|Earthquake|p2a: Sandaconda
|-damage|p2a: Sandaconda|45/100
|
|upkeep
|turn|21
|
|t:|1633015629
|move|p1a: Dugtrio|Earthquake|p2a: Sandaconda
|-damage|p2a: Sandaconda|17/100
|move|p2a: Sandaconda|Rest|p2a: Sandaconda
|-status|p2a: Sandaconda|slp|[from] move: Rest
|-heal|p2a: Sandaconda|100/100 slp|[silent]
|
|upkeep
|turn|22
|
|t:|1633015634
|move|p1a: Dugtrio|Earthquake|p2a: Sandaconda
|-damage|p2a: Sandaconda|74/100 slp
|cant|p2a: Sandaconda|slp
|
|upkeep
|turn|23
|
|t:|1633015637
|move|p1a: Dugtrio|Earthquake|p2a: Sandaconda
|-crit|p2a: Sandaconda
|-damage|p2a: Sandaconda|34/100 slp
|cant|p2a: Sandaconda|slp
|
|upkeep
|turn|24
|
|t:|1633015645
|move|p1a: Dugtrio|Earthquake|p2a: Sandaconda
|-damage|p2a: Sandaconda|6/100 slp
|-curestatus|p2a: Sandaconda|slp|[msg]
|move|p2a: Sandaconda|Rest|p2a: Sandaconda
|-status|p2a: Sandaconda|slp|[from] move: Rest
|-heal|p2a: Sandaconda|100/100 slp|[silent]
|
|upkeep
|turn|25
|
|t:|1633015648
|move|p1a: Dugtrio|Earthquake|p2a: Sandaconda
|-damage|p2a: Sandaconda|72/100 slp
|cant|p2a: Sandaconda|slp
|
|upkeep
|turn|26
|
|t:|1633015651
|move|p1a: Dugtrio|Iron Head|p2a: Sandaconda
|-damage|p2a: Sandaconda|50/100 slp
|-damage|p1a: Dugtrio|70/100|[from] item: Rocky Helmet|[of] p2a: Sandaconda
|cant|p2a: Sandaconda|slp
|
|upkeep
|turn|27
|
|t:|1633015659
|switch|p1a: Lunatone|Lunatone|100/100
|-curestatus|p2a: Sandaconda|slp|[msg]
|move|p2a: Sandaconda|Rest|p2a: Sandaconda
|-status|p2a: Sandaconda|slp|[from] move: Rest
|-heal|p2a: Sandaconda|100/100 slp|[silent]
|
|upkeep
|turn|28
|
|t:|1633015662
|switch|p2a: Sandslash|Sandslash-Alola, F|1/100
|move|p1a: Lunatone|Future Sight|p2a: Sandslash
|-start|p1a: Lunatone|move: Future Sight
|
|upkeep
|turn|29
|
|t:|1633015666
|move|p1a: Lunatone|Earth Power|p2a: Sandslash
|-supereffective|p2a: Sandslash
|-damage|p2a: Sandslash|0 fnt
|faint|p2a: Sandslash
|
|upkeep
|
|t:|1633015671
|switch|p2a: Trevenant|Trevenant, F, shiny|80/100
|turn|30
|
|t:|1633015674
|switch|p1a: Dugtrio|Dugtrio-Alola, M|70/100
|move|p2a: Trevenant|Poltergeist||[still]
|-fail|p2a: Trevenant
|
|-end|p2a: Trevenant|move: Future Sight
|-damage|p2a: Trevenant|6/100
|upkeep
|turn|31
|
|t:|1633015683
|switch|p2a: Sandaconda|Sandaconda, M|100/100 slp
|move|p1a: Dugtrio|Iron Head|p2a: Sandaconda
|-damage|p2a: Sandaconda|79/100 slp
|-damage|p1a: Dugtrio|54/100|[from] item: Rocky Helmet|[of] p2a: Sandaconda
|
|upkeep
|turn|32
|
|t:|1633015690
|switch|p1a: Lunatone|Lunatone|100/100
|cant|p2a: Sandaconda|slp
|
|upkeep
|turn|33
|
|t:|1633015693
|cant|p2a: Sandaconda|slp
|move|p1a: Lunatone|Future Sight|p2a: Sandaconda
|-start|p1a: Lunatone|move: Future Sight
|
|-activate|p2a: Sandaconda|ability: Shed Skin
|-curestatus|p2a: Sandaconda|slp|[msg]
|upkeep
|turn|34
|
|t:|1633015696
|move|p2a: Sandaconda|Glare|p1a: Lunatone
|-status|p1a: Lunatone|par
|move|p1a: Lunatone|Earth Power|p2a: Sandaconda
|-damage|p2a: Sandaconda|42/100
|
|upkeep
|turn|35
|
|t:|1633015699
|switch|p2a: Lanturn|Lanturn, M|100/100
|cant|p1a: Lunatone|par
|
|-end|p2a: Lanturn|move: Future Sight
|-damage|p2a: Lanturn|69/100
|upkeep
|turn|36
|
|t:|1633015703
|move|p2a: Lanturn|Scald|p1a: Lunatone
|-supereffective|p1a: Lunatone
|-damage|p1a: Lunatone|34/100 par
|move|p1a: Lunatone|Earth Power|p2a: Lanturn
|-supereffective|p2a: Lanturn
|-damage|p2a: Lanturn|33/100
|
|-heal|p1a: Lunatone|40/100 par|[from] item: Leftovers
|upkeep
|turn|37
|
|t:|1633015717
|switch|p1a: Silvally|Silvally-Ghost|100/100
|move|p2a: Lanturn|Scald|p1a: Silvally
|-damage|p1a: Silvally|66/100
|-status|p1a: Silvally|brn
|
|-damage|p1a: Silvally|60/100 brn|[from] brn
|upkeep
|turn|38
|
|t:|1633015724
|move|p1a: Silvally|Multi-Attack|p2a: Lanturn
|-damage|p2a: Lanturn|0 fnt
|faint|p2a: Lanturn
|
|-damage|p1a: Silvally|54/100 brn|[from] brn
|upkeep
|
|t:|1633015727
|switch|p2a: Charizard|Charizard, M, shiny|100/100
|turn|39
|
|t:|1633015731
|move|p2a: Charizard|Fire Blast|p1a: Silvally
|-damage|p1a: Silvally|0 fnt
|faint|p1a: Silvally
|
|upkeep
|
|t:|1633015736
|switch|p1a: Lunatone|Lunatone|40/100 par
|turn|40
|
|t:|1633015745
|switch|p2a: Trevenant|Trevenant, F, shiny|6/100
|move|p1a: Lunatone|Moonlight|p1a: Lunatone
|-heal|p1a: Lunatone|90/100 par
|
|-heal|p1a: Lunatone|96/100 par|[from] item: Leftovers
|upkeep
|turn|41
|
|t:|1633015750
|switch|p1a: Charizard|Charizard, M|100/100
|move|p2a: Trevenant|Horn Leech|p1a: Charizard
|-resisted|p1a: Charizard
|-damage|p1a: Charizard|82/100
|-heal|p2a: Trevenant|15/100|[from] drain|[of] p1a: Charizard
|
|upkeep
|turn|42
|
|t:|1633015757
|switch|p2a: Ribombee|Ribombee, M|100/100
|move|p1a: Charizard|Air Slash|p2a: Ribombee
|-supereffective|p2a: Ribombee
|-damage|p2a: Ribombee|0 fnt
|faint|p2a: Ribombee
|
|upkeep
|
|t:|1633015758
|switch|p2a: Charizard|Charizard, M, shiny|100/100
|turn|43
|
|t:|1633015762
|switch|p1a: Lunatone|Lunatone|96/100 par
|move|p2a: Charizard|Hurricane|p1a: Lunatone
|-resisted|p1a: Lunatone
|-damage|p1a: Lunatone|67/100 par
|
|-heal|p1a: Lunatone|73/100 par|[from] item: Leftovers
|upkeep
|turn|44
|
|t:|1633015768
|switch|p2a: Trevenant|Trevenant, F, shiny|15/100
|move|p1a: Lunatone|Future Sight|p2a: Trevenant
|-start|p1a: Lunatone|move: Future Sight
|
|-heal|p1a: Lunatone|80/100 par|[from] item: Leftovers
|upkeep
|turn|45
|
|t:|1633015779
|switch|p1a: Dugtrio|Dugtrio-Alola, M|54/100
|move|p2a: Trevenant|Horn Leech|p1a: Dugtrio
|-damage|p1a: Dugtrio|0 fnt
|-heal|p2a: Trevenant|33/100|[from] drain|[of] p1a: Dugtrio
|faint|p1a: Dugtrio
|
|upkeep
|
|t:|1633015781
|switch|p1a: Charizard|Charizard, M|82/100
|turn|46
|
|t:|1633015785
|switch|p2a: Sandaconda|Sandaconda, M|42/100
|move|p1a: Charizard|Flamethrower|p2a: Sandaconda
|-damage|p2a: Sandaconda|0 fnt
|faint|p2a: Sandaconda
|
|-hint|Future Sight did not hit because the target is fainted.
|upkeep
|
|t:|1633015788
|switch|p2a: Charizard|Charizard, M, shiny|100/100
|turn|47
|
|t:|1633015792
|switch|p1a: Lunatone|Lunatone|80/100 par
|move|p2a: Charizard|Hurricane|p1a: Lunatone|[miss]
|-miss|p2a: Charizard|p1a: Lunatone
|
|-heal|p1a: Lunatone|86/100 par|[from] item: Leftovers
|upkeep
|turn|48
|
|t:|1633015797
|move|p2a: Charizard|Hurricane|p1a: Lunatone|[miss]
|-miss|p2a: Charizard|p1a: Lunatone
|cant|p1a: Lunatone|par
|
|-heal|p1a: Lunatone|92/100 par|[from] item: Leftovers
|upkeep
|turn|49
|
|t:|1633015800
|switch|p2a: Trevenant|Trevenant, F, shiny|33/100
|move|p1a: Lunatone|Power Gem|p2a: Trevenant
|-damage|p2a: Trevenant|0 fnt
|faint|p2a: Trevenant
|
|-heal|p1a: Lunatone|98/100 par|[from] item: Leftovers
|upkeep
|
|t:|1633015802
|switch|p2a: Charizard|Charizard, M, shiny|100/100
|turn|50
|
|t:|1633015805
|move|p2a: Charizard|Fire Blast|p1a: Lunatone
|-resisted|p1a: Lunatone
|-crit|p1a: Lunatone
|-damage|p1a: Lunatone|61/100 par
|cant|p1a: Lunatone|par
|
|-heal|p1a: Lunatone|67/100 par|[from] item: Leftovers
|upkeep
|turn|51
|
|t:|1633015808
|move|p2a: Charizard|Fire Blast|p1a: Lunatone
|-resisted|p1a: Lunatone
|-damage|p1a: Lunatone|41/100 par
|move|p1a: Lunatone|Power Gem|p2a: Charizard
|-supereffective|p2a: Charizard
|-damage|p2a: Charizard|0 fnt
|faint|p2a: Charizard
|
|win|bound 2 forget x2
|raw|bound 2 forget x2's rating: 1350 &rarr; <strong>1380</strong><br />(+30 for winning)
|raw|GammaGoGamma's rating: 1531 &rarr; <strong>1501</strong><br />(-30 for losing)
|l|☆GammaGoGamma
||Ladder isn't responding, score probably updated but might not have (Request timeout).
