|j|☆boooooala
|j|☆TimBasedGod
|t:|1625433717
|gametype|singles
|player|p1|boooooala|will|
|player|p2|TimBasedGod|xerosic|
|teamsize|p1|6
|teamsize|p2|6
|gen|8
|tier|[Gen 8] PU
|rated|Tournament battle
|rule|Sleep Clause Mod: Limit one foe put to sleep
|rule|Species Clause: Limit one of each Pokémon
|rule|OHKO Clause: OHKO moves are banned
|rule|Evasion Moves Clause: Evasion moves are banned
|rule|Endless Battle Clause: Forcing endless battles is banned
|rule|HP Percentage Mod: HP is shown in percentages
|rule|Dynamax Clause: You cannot dynamax
|clearpoke
|poke|p1|Arctozolt|
|poke|p1|Articuno-Galar|
|poke|p1|Cradily, M|
|poke|p1|Charizard, F|
|poke|p1|Passimian, F|
|poke|p1|Aromatisse, F|
|poke|p2|Archeops, M|
|poke|p2|Weezing, M|
|poke|p2|Silvally-*|
|poke|p2|Hitmonlee, M|
|poke|p2|Jolteon, M|
|poke|p2|Mesprit|
|teampreview
|inactive|Battle timer is ON: inactive players will automatically lose when time's up. (requested by boooooala)
|inactive|TimBasedGod also wants the timer to be on.
|c|☆boooooala|glh
|c|☆boooooala|glhf
|j| Svario
|c|☆TimBasedGod|u2
|
|t:|1625433731
|start
|switch|p1a: Passimian|Passimian, F|100/100
|switch|p2a: Gothmog|Weezing, M|100/100
|turn|1
|
|t:|1625433738
|move|p1a: Passimian|U-turn|p2a: Gothmog
|-resisted|p2a: Gothmog
|-damage|p2a: Gothmog|94/100
|-damage|p1a: Passimian|84/100|[from] item: Rocky Helmet|[of] p2a: Gothmog
|
|t:|1625433740
|switch|p1a: Articuno|Articuno-Galar|100/100|[from]move: U-turn
|move|p2a: Gothmog|Toxic Spikes|p1a: Articuno
|-sidestart|p1: boooooala|move: Toxic Spikes
|
|upkeep
|turn|2
|
|t:|1625433744
|switch|p2a: Steel|Silvally-Steel|100/100
|move|p1a: Articuno|Future Sight|p2a: Steel
|-start|p1a: Articuno|move: Future Sight
|
|upkeep
|turn|3
|
|t:|1625433751
|move|p1a: Articuno|U-turn|p2a: Steel
|-resisted|p2a: Steel
|-damage|p2a: Steel|94/100
|
|t:|1625433755
|switch|p1a: Charizard|Charizard, F|100/100|[from]move: U-turn
|move|p2a: Steel|Parting Shot|p1a: Charizard
|-unboost|p1a: Charizard|atk|1
|-unboost|p1a: Charizard|spa|1
|
|t:|1625433764
|switch|p2a: Ptera|Archeops, M|100/100|[from]move: Parting Shot
|
|upkeep
|turn|4
|
|t:|1625433773
|switch|p1a: Aromatisse|Aromatisse, F|100/100
|-status|p1a: Aromatisse|psn
|move|p2a: Ptera|Knock Off|p1a: Aromatisse
|-resisted|p1a: Aromatisse
|-damage|p1a: Aromatisse|80/100 psn
|-enditem|p1a: Aromatisse|Leftovers|[from] move: Knock Off|[of] p2a: Ptera
|
|-end|p2a: Ptera|move: Future Sight
|-damage|p2a: Ptera|7/100
|-damage|p1a: Aromatisse|67/100 psn|[from] psn
|upkeep
|turn|5
|
|t:|1625433795
|switch|p2a: Steel|Silvally-Steel|94/100
|move|p1a: Aromatisse|Moonblast|p2a: Steel
|-resisted|p2a: Steel
|-damage|p2a: Steel|83/100
|
|-damage|p1a: Aromatisse|55/100 psn|[from] psn
|upkeep
|turn|6
|
|t:|1625433809
|switch|p1a: Charizard|Charizard, F|100/100
|move|p2a: Steel|Multi-Attack|p1a: Charizard
|-resisted|p1a: Charizard
|-damage|p1a: Charizard|74/100
|
|upkeep
|turn|7
|
|t:|1625433812
|move|p1a: Charizard|Defog|p2a: Steel
|-unboost|p2a: Steel|evasion|1
|-sideend|p1: boooooala|Toxic Spikes|[from] move: Defog|[of] p1a: Charizard
|move|p2a: Steel|Toxic|p1a: Charizard
|-status|p1a: Charizard|tox
|
|-damage|p1a: Charizard|68/100 tox|[from] psn
|upkeep
|turn|8
|
|t:|1625433821
|switch|p2a: Meghana|Mesprit|100/100
|move|p1a: Charizard|Fire Blast|p2a: Meghana
|-damage|p2a: Meghana|68/100
|
|-damage|p1a: Charizard|56/100 tox|[from] psn
|upkeep
|turn|9
|
|t:|1625433839
|switch|p1a: Articuno|Articuno-Galar|100/100
|move|p2a: Meghana|U-turn|p1a: Articuno
|-damage|p1a: Articuno|84/100
|
|t:|1625433852
|switch|p2a: Ptera|Archeops, M|7/100|[from]move: U-turn
|
|upkeep
|turn|10
|
|t:|1625433856
|move|p2a: Ptera|Stone Edge|p1a: Articuno
|-supereffective|p1a: Articuno
|-damage|p1a: Articuno|7/100
|move|p1a: Articuno|Future Sight|p2a: Ptera
|-start|p1a: Articuno|move: Future Sight
|
|upkeep
|turn|11
|
|t:|1625433863
|switch|p1a: Cradily|Cradily, M|100/100
|move|p2a: Ptera|Stone Edge|p1a: Cradily
|-crit|p1a: Cradily
|-damage|p1a: Cradily|41/100
|
|-heal|p1a: Cradily|47/100|[from] item: Leftovers
|upkeep
|turn|12
|
|t:|1625433868
|move|p2a: Ptera|Stone Edge|p1a: Cradily
|-damage|p1a: Cradily|10/100
|move|p1a: Cradily|Stealth Rock|p2a: Ptera
|-sidestart|p2: TimBasedGod|move: Stealth Rock
|
|-end|p2a: Ptera|move: Future Sight
|-damage|p2a: Ptera|0 fnt
|faint|p2a: Ptera
|-heal|p1a: Cradily|16/100|[from] item: Leftovers
|upkeep
|
|t:|1625433885
|switch|p2a: Steel|Silvally-Steel|83/100
|-damage|p2a: Steel|77/100|[from] Stealth Rock
|turn|13
|
|t:|1625433890
|move|p2a: Steel|Multi-Attack|p1a: Cradily
|-supereffective|p1a: Cradily
|-damage|p1a: Cradily|0 fnt
|faint|p1a: Cradily
|
|upkeep
|
|t:|1625433907
|switch|p1a: Articuno|Articuno-Galar|7/100
|turn|14
|
|t:|1625433924
|move|p1a: Articuno|Recover|p1a: Articuno
|-heal|p1a: Articuno|57/100
|move|p2a: Steel|Multi-Attack|p1a: Articuno
|-damage|p1a: Articuno|17/100
|
|upkeep
|turn|15
|
|t:|1625433926
|move|p1a: Articuno|Recover|p1a: Articuno
|-heal|p1a: Articuno|67/100
|move|p2a: Steel|Toxic|p1a: Articuno
|-status|p1a: Articuno|tox
|
|-damage|p1a: Articuno|61/100 tox|[from] psn
|upkeep
|turn|16
|
|t:|1625433930
|move|p1a: Articuno|U-turn|p2a: Steel
|-resisted|p2a: Steel
|-damage|p2a: Steel|71/100
|
|t:|1625433932
|switch|p1a: Charizard|Charizard, F|56/100 tox|[from]move: U-turn
|move|p2a: Steel|Defog|p1a: Charizard
|-unboost|p1a: Charizard|evasion|1
|-sideend|p2: TimBasedGod|Stealth Rock|[from] move: Defog|[of] p2a: Steel
|
|-damage|p1a: Charizard|50/100 tox|[from] psn
|upkeep
|turn|17
|
|t:|1625433937
|switch|p2a: Meghana|Mesprit|68/100
|move|p1a: Charizard|Fire Blast|p2a: Meghana
|-damage|p2a: Meghana|39/100
|
|-damage|p1a: Charizard|38/100 tox|[from] psn
|upkeep
|turn|18
|
|t:|1625433947
|move|p1a: Charizard|Roost|p1a: Charizard
|-heal|p1a: Charizard|88/100 tox
|-singleturn|p1a: Charizard|move: Roost
|move|p2a: Meghana|Psyshock|p1a: Charizard
|-damage|p1a: Charizard|30/100 tox
|
|-damage|p1a: Charizard|12/100 tox|[from] psn
|upkeep
|turn|19
|
|t:|1625433952
|move|p1a: Charizard|Fire Blast|p2a: Meghana
|-damage|p2a: Meghana|0 fnt
|faint|p2a: Meghana
|
|-damage|p1a: Charizard|0 fnt|[from] psn
|faint|p1a: Charizard
|upkeep
|
|t:|1625433963
|switch|p1a: Passimian|Passimian, F|84/100
|switch|p2a: Gothmog|Weezing, M|94/100
|turn|20
|
|t:|1625433978
|move|p1a: Passimian|Knock Off|p2a: Gothmog
|-damage|p2a: Gothmog|71/100
|-damage|p1a: Passimian|68/100|[from] item: Rocky Helmet|[of] p2a: Gothmog
|-enditem|p2a: Gothmog|Rocky Helmet|[from] move: Knock Off|[of] p1a: Passimian
|move|p2a: Gothmog|Sludge Bomb|p1a: Passimian
|-damage|p1a: Passimian|28/100
|-status|p1a: Passimian|psn
|
|-damage|p1a: Passimian|16/100 psn|[from] psn
|upkeep
|turn|21
|
|t:|1625433985
|switch|p1a: Aromatisse|Aromatisse, F|55/100 psn
|move|p2a: Gothmog|Sludge Bomb|p1a: Aromatisse
|-supereffective|p1a: Aromatisse
|-damage|p1a: Aromatisse|3/100 psn
|
|-damage|p1a: Aromatisse|0 fnt|[from] psn
|faint|p1a: Aromatisse
|upkeep
|
|t:|1625433988
|switch|p1a: Articuno|Articuno-Galar|61/100 tox
|turn|22
|
|t:|1625433992
|switch|p2a: Steel|Silvally-Steel|71/100
|move|p1a: Articuno|Future Sight|p2a: Steel
|-start|p1a: Articuno|move: Future Sight
|
|-damage|p1a: Articuno|55/100 tox|[from] psn
|upkeep
|turn|23
|
|t:|1625433998
|move|p1a: Articuno|Recover|p1a: Articuno
|-heal|p1a: Articuno|100/100 tox
|move|p2a: Steel|Multi-Attack|p1a: Articuno
|-damage|p1a: Articuno|62/100 tox
|
|-damage|p1a: Articuno|50/100 tox|[from] psn
|upkeep
|turn|24
|
|t:|1625434002
|move|p1a: Articuno|U-turn|p2a: Steel
|-resisted|p2a: Steel
|-damage|p2a: Steel|66/100
|
|t:|1625434003
|switch|p1a: Passimian|Passimian, F|16/100 psn|[from]move: U-turn
|move|p2a: Steel|Multi-Attack|p1a: Passimian
|-damage|p1a: Passimian|0 fnt
|faint|p1a: Passimian
|
|-end|p2a: Steel|move: Future Sight
|-resisted|p2a: Steel
|-damage|p2a: Steel|48/100
|upkeep
|
|t:|1625434006
|switch|p1a: Arctozolt|Arctozolt|100/100
|turn|25
|
|t:|1625434012
|move|p2a: Steel|Multi-Attack|p1a: Arctozolt
|-damage|p1a: Arctozolt|56/100
|move|p1a: Arctozolt|Stomping Tantrum|p2a: Steel
|-supereffective|p2a: Steel
|-damage|p2a: Steel|7/100
|
|upkeep
|turn|26
|
|t:|1625434017
|switch|p2a: Gothmog|Weezing, M|71/100
|move|p1a: Arctozolt|Stomping Tantrum|p2a: Gothmog
|-immune|p2a: Gothmog|[from] ability: Levitate
|
|upkeep
|turn|27
|c|☆boooooala|gg
|c|☆TimBasedGod|gg
|
|t:|1625434022
|move|p1a: Arctozolt|Bolt Beak|p2a: Gothmog
|-damage|p2a: Gothmog|24/100
|move|p2a: Gothmog|Sludge Bomb|p1a: Arctozolt
|-damage|p1a: Arctozolt|17/100
|
|upkeep
|turn|28
|-message|boooooala forfeited.
|
|win|TimBasedGod
|n|☆boooooala|boooooala
|n|☆TimBasedGod|timbasedgod
|n| Svario|svario
