|j|☆unluckee
|j|☆securethebagon
|t:|1600335851
|player|p1|unluckee|furisodegirl-pink|1063
|player|p2|securethebagon|drake-gen3|1052
|teamsize|p1|6
|teamsize|p2|6
|gametype|singles
|gen|8
|tier|[Gen 8] PU
|rated|
|clearpoke
|poke|p1|Grapploct, M|
|poke|p1|Lurantis, M|
|poke|p1|Flareon, M|
|poke|p1|Dusknoir, F|
|poke|p1|Wigglytuff, M|
|poke|p1|Morpeko, F|
|poke|p2|Drifblim, F|
|poke|p2|Shiinotic, F|
|poke|p2|Stunfisk, F|
|poke|p2|Flareon, F|
|poke|p2|Silvally-*|
|poke|p2|Stonjourner, F|
|rule|Sleep Clause Mod: Limit one foe put to sleep
|rule|Species Clause: Limit one of each Pokémon
|rule|OHKO Clause: OHKO moves are banned
|rule|Evasion Moves Clause: Evasion moves are banned
|rule|Endless Battle Clause: Forcing endless battles is banned
|rule|HP Percentage Mod: HP is shown in percentages
|rule|Dynamax Clause: You cannot dynamax
|teampreview
|
|t:|1600335869
|start
|switch|p1a: Morpeko|Morpeko, F|100/100
|switch|p2a: Silvally|Silvally-Ice|100/100
|turn|1
|
|t:|1600335876
|move|p1a: Morpeko|Fake Out|p2a: Silvally
|-damage|p2a: Silvally|88/100
|cant|p2a: Silvally|flinch
|
|-formechange|p1a: Morpeko|Morpeko-Hangry||[from] ability: Hunger Switch
|upkeep
|turn|2
|
|t:|1600335882
|move|p1a: Morpeko|Aura Wheel|p2a: Silvally
|-damage|p2a: Silvally|36/100
|-boost|p1a: Morpeko|spe|1
|move|p2a: Silvally|U-turn|p1a: Morpeko
|-supereffective|p1a: Morpeko
|-damage|p1a: Morpeko|47/100
|-enditem|p1a: Morpeko|Weakness Policy
|-boost|p1a: Morpeko|atk|2|[from] item: Weakness Policy
|-boost|p1a: Morpeko|spa|2|[from] item: Weakness Policy
|
|t:|1600335896
|switch|p2a: Stunfisk|Stunfisk, F|100/100|[from]move: U-turn
|
|-formechange|p1a: Morpeko|Morpeko||[from] ability: Hunger Switch
|upkeep
|turn|3
|
|t:|1600335900
|move|p1a: Morpeko|Power Trip|p2a: Stunfisk
|-damage|p2a: Stunfisk|40/100
|move|p2a: Stunfisk|Stealth Rock|p1a: Morpeko
|-sidestart|p1: unluckee|move: Stealth Rock
|
|-heal|p2a: Stunfisk|46/100|[from] item: Leftovers
|-formechange|p1a: Morpeko|Morpeko-Hangry||[from] ability: Hunger Switch
|upkeep
|turn|4
|
|t:|1600335907
|move|p1a: Morpeko|Aura Wheel|p2a: Stunfisk
|-damage|p2a: Stunfisk|0 fnt
|-boost|p1a: Morpeko|spe|1
|faint|p2a: Stunfisk
|
|-formechange|p1a: Morpeko|Morpeko||[from] ability: Hunger Switch
|upkeep
|
|t:|1600335911
|switch|p2a: Shiinotic|Shiinotic, F|100/100
|turn|5
|
|t:|1600335917
|move|p1a: Morpeko|Power Trip|p2a: Shiinotic
|-resisted|p2a: Shiinotic
|-damage|p2a: Shiinotic|50/100
|-damage|p1a: Morpeko|30/100|[from] item: Rocky Helmet|[of] p2a: Shiinotic
|move|p2a: Shiinotic|Strength Sap|p1a: Morpeko
|-unboost|p1a: Morpeko|atk|1
|-heal|p2a: Shiinotic|100/100
|
|-formechange|p1a: Morpeko|Morpeko-Hangry||[from] ability: Hunger Switch
|upkeep
|turn|6
|
|t:|1600335927
|move|p1a: Morpeko|Power Trip|p2a: Shiinotic
|-resisted|p2a: Shiinotic
|-damage|p2a: Shiinotic|70/100
|-damage|p1a: Morpeko|14/100|[from] item: Rocky Helmet|[of] p2a: Shiinotic
|move|p2a: Shiinotic|Strength Sap|p1a: Morpeko
|-unboost|p1a: Morpeko|atk|1
|-heal|p2a: Shiinotic|100/100
|
|-formechange|p1a: Morpeko|Morpeko||[from] ability: Hunger Switch
|upkeep
|turn|7
|
|t:|1600335935
|switch|p1a: Lurantis|Lurantis, M|100/100
|-damage|p1a: Lurantis|88/100|[from] Stealth Rock
|move|p2a: Shiinotic|Strength Sap|p1a: Lurantis
|-boost|p1a: Lurantis|atk|1
|
|upkeep
|turn|8
|
|t:|1600335951
|switch|p2a: Drifblim|Drifblim, F|100/100
|move|p1a: Lurantis|Defog|p2a: Drifblim
|-unboost|p2a: Drifblim|evasion|1
|-sideend|p1: unluckee|Stealth Rock|[from] move: Defog|[of] p1a: Lurantis
|
|upkeep
|turn|9
|
|t:|1600335956
|switch|p1a: Morpeko|Morpeko, F|14/100
|move|p2a: Drifblim|Will-O-Wisp|p1a: Morpeko
|-status|p1a: Morpeko|brn
|
|-damage|p1a: Morpeko|8/100 brn|[from] brn
|-formechange|p1a: Morpeko|Morpeko-Hangry||[from] ability: Hunger Switch
|upkeep
|turn|10
|
|t:|1600335963
|switch|p2a: Shiinotic|Shiinotic, F|100/100
|move|p1a: Morpeko|Aura Wheel|p2a: Shiinotic
|-resisted|p2a: Shiinotic
|-damage|p2a: Shiinotic|91/100
|-boost|p1a: Morpeko|spe|1
|
|-damage|p1a: Morpeko|2/100 brn|[from] brn
|-formechange|p1a: Morpeko|Morpeko||[from] ability: Hunger Switch
|upkeep
|turn|11
|
|t:|1600335972
|move|p1a: Morpeko|Aura Wheel|p2a: Shiinotic
|-resisted|p2a: Shiinotic
|-damage|p2a: Shiinotic|81/100
|-boost|p1a: Morpeko|spe|1
|move|p2a: Shiinotic|Thunder Wave||[still]
|-fail|p2a: Shiinotic
|
|-damage|p1a: Morpeko|0 fnt|[from] brn
|faint|p1a: Morpeko
|upkeep
|
|t:|1600335985
|switch|p1a: Flareon|Flareon, M|100/100
|turn|12
|
|t:|1600335989
|switch|p1a: Wigglytuff|Wigglytuff, M|100/100
|switch|p2a: Stonjourner|Stonjourner, F|100/100
|
|upkeep
|turn|13
|
|t:|1600335998
|move|p2a: Stonjourner|Heavy Slam|p1a: Wigglytuff
|-supereffective|p1a: Wigglytuff
|-enditem|p1a: Wigglytuff|Focus Sash
|-damage|p1a: Wigglytuff|1/100
|move|p1a: Wigglytuff|Stealth Rock|p2a: Stonjourner
|-sidestart|p2: securethebagon|move: Stealth Rock
|
|upkeep
|turn|14
|
|t:|1600336014
|switch|p2a: Silvally|Silvally-Ice|36/100
|-damage|p2a: Silvally|12/100|[from] Stealth Rock
|move|p1a: Wigglytuff|Dazzling Gleam|p2a: Silvally
|-damage|p2a: Silvally|0 fnt
|faint|p2a: Silvally
|
|upkeep
|
|t:|1600336024
|switch|p2a: Stonjourner|Stonjourner, F|100/100
|-damage|p2a: Stonjourner|88/100|[from] Stealth Rock
|turn|15
|
|t:|1600336029
|move|p2a: Stonjourner|Rock Slide|p1a: Wigglytuff
|-damage|p1a: Wigglytuff|0 fnt
|faint|p1a: Wigglytuff
|
|upkeep
|
|t:|1600336035
|switch|p1a: Lurantis|Lurantis, M|88/100
|turn|16
|
|t:|1600336043
|switch|p2a: Shiinotic|Shiinotic, F|81/100
|-damage|p2a: Shiinotic|69/100|[from] Stealth Rock
|move|p1a: Lurantis|Leaf Storm|p2a: Shiinotic
|-resisted|p2a: Shiinotic
|-damage|p2a: Shiinotic|50/100
|-boost|p1a: Lurantis|spa|2
|
|upkeep
|turn|17
|
|t:|1600336049
|switch|p2a: Flareon|Flareon, F|100/100
|move|p1a: Lurantis|Leaf Storm|p2a: Flareon
|-resisted|p2a: Flareon
|-damage|p2a: Flareon|73/100
|-boost|p1a: Lurantis|spa|2
|
|upkeep
|turn|18
|
|t:|1600336054
|move|p1a: Lurantis|Leaf Storm|p2a: Flareon|[miss]
|-miss|p1a: Lurantis|p2a: Flareon
|move|p2a: Flareon|Toxic|p1a: Lurantis
|-status|p1a: Lurantis|tox
|
|-damage|p1a: Lurantis|82/100 tox|[from] psn
|upkeep
|turn|19
|
|t:|1600336058
|move|p1a: Lurantis|Leaf Storm|p2a: Flareon
|-resisted|p2a: Flareon
|-damage|p2a: Flareon|34/100
|-boost|p1a: Lurantis|spa|2
|move|p2a: Flareon|Wish|p2a: Flareon
|
|-damage|p1a: Lurantis|70/100 tox|[from] psn
|upkeep
|turn|20
|
|t:|1600336068
|switch|p1a: Dusknoir|Dusknoir, F|100/100
|-ability|p1a: Dusknoir|Pressure
|move|p2a: Flareon|Protect||[still]
|-fail|p2a: Flareon
|
|-heal|p2a: Flareon|83/100|[from] move: Wish|[wisher] Flareon
|upkeep
|turn|21
|
|t:|1600336078
|move|p2a: Flareon|Wish|p2a: Flareon
|move|p1a: Dusknoir|Poltergeist|p2a: Flareon
|-activate|p2a: Flareon|move: Poltergeist|Heavy-Duty Boots
|-damage|p2a: Flareon|22/100
|
|upkeep
|turn|22
|
|t:|1600336116
|switch|p1a: Flareon|Flareon, M|100/100
|move|p2a: Flareon|Lava Plume|p1a: Flareon
|-resisted|p1a: Flareon
|-damage|p1a: Flareon|92/100
|
|-heal|p2a: Flareon|72/100|[from] move: Wish|[wisher] Flareon
|-status|p1a: Flareon|tox|[from] item: Toxic Orb
|upkeep
|turn|23
|
|t:|1600336127
|switch|p2a: Stonjourner|Stonjourner, F|88/100
|-damage|p2a: Stonjourner|76/100|[from] Stealth Rock
|move|p1a: Flareon|Wish|p1a: Flareon
|
|-damage|p1a: Flareon|86/100 tox|[from] psn
|upkeep
|turn|24
|
|t:|1600336143
|move|p2a: Stonjourner|Heat Crash|p1a: Flareon
|-resisted|p1a: Flareon
|-damage|p1a: Flareon|56/100 tox
|move|p1a: Flareon|Flare Blitz|p2a: Stonjourner
|-resisted|p2a: Stonjourner
|-damage|p2a: Stonjourner|47/100
|-damage|p1a: Flareon|47/100 tox|[from] Recoil
|
|-heal|p1a: Flareon|97/100 tox|[from] move: Wish|[wisher] Flareon
|-damage|p1a: Flareon|85/100 tox|[from] psn
|upkeep
|turn|25
|
|t:|1600336150
|switch|p2a: Flareon|Flareon, F|72/100
|move|p1a: Flareon|Will-O-Wisp|p2a: Flareon
|-start|p2a: Flareon|ability: Flash Fire
|
|-damage|p1a: Flareon|67/100 tox|[from] psn
|upkeep
|turn|26
|
|t:|1600336155
|move|p2a: Flareon|Wish|p2a: Flareon
|move|p1a: Flareon|Facade|p2a: Flareon
|-crit|p2a: Flareon
|-damage|p2a: Flareon|0 fnt
|faint|p2a: Flareon
|
|-damage|p1a: Flareon|43/100 tox|[from] psn
|upkeep
|
|t:|1600336161
|switch|p2a: Stonjourner|Stonjourner, F|47/100
|-damage|p2a: Stonjourner|35/100|[from] Stealth Rock
|turn|27
|
|t:|1600336169
|move|p2a: Stonjourner|Rock Slide|p1a: Flareon
|-supereffective|p1a: Flareon
|-damage|p1a: Flareon|0 fnt
|faint|p1a: Flareon
|
|-heal|p2a: Stonjourner|83/100|[from] move: Wish|[wisher] Flareon
|upkeep
|
|t:|1600336177
|switch|p1a: Lurantis|Lurantis, M|70/100 tox
|turn|28
|
|t:|1600336196
|move|p2a: Stonjourner|Rock Slide|p1a: Lurantis
|-damage|p1a: Lurantis|9/100 tox
|move|p1a: Lurantis|Leaf Storm|p2a: Stonjourner
|-supereffective|p2a: Stonjourner
|-damage|p2a: Stonjourner|0 fnt
|-boost|p1a: Lurantis|spa|2
|faint|p2a: Stonjourner
|
|-damage|p1a: Lurantis|3/100 tox|[from] psn
|upkeep
|
|t:|1600336201
|switch|p2a: Drifblim|Drifblim, F|100/100
|-damage|p2a: Drifblim|75/100|[from] Stealth Rock
|turn|29
|
|t:|1600336206
|move|p1a: Lurantis|Leaf Storm|p2a: Drifblim
|-resisted|p2a: Drifblim
|-damage|p2a: Drifblim|31/100
|-boost|p1a: Lurantis|spa|2
|-enditem|p2a: Drifblim|Sitrus Berry|[eat]
|-heal|p2a: Drifblim|56/100|[from] item: Sitrus Berry
|move|p2a: Drifblim|Calm Mind|p2a: Drifblim
|-boost|p2a: Drifblim|spa|1
|-boost|p2a: Drifblim|spd|1
|
|-damage|p1a: Lurantis|0 fnt|[from] psn
|faint|p1a: Lurantis
|upkeep
|
|t:|1600336214
|switch|p1a: Grapploct|Grapploct, M|100/100
|turn|30
|
|t:|1600336219
|move|p2a: Drifblim|Will-O-Wisp|p1a: Grapploct|[miss]
|-miss|p2a: Drifblim|p1a: Grapploct
|move|p1a: Grapploct|Brutal Swing|p2a: Drifblim
|-supereffective|p2a: Drifblim
|-damage|p2a: Drifblim|0 fnt
|faint|p2a: Drifblim
|
|upkeep
|
|t:|1600336223
|switch|p2a: Shiinotic|Shiinotic, F|50/100
|-damage|p2a: Shiinotic|37/100|[from] Stealth Rock
|turn|31
|
|t:|1600336227
|move|p1a: Grapploct|Ice Punch|p2a: Shiinotic
|-supereffective|p2a: Shiinotic
|-damage|p2a: Shiinotic|0 fnt
|-damage|p1a: Grapploct|84/100|[from] item: Rocky Helmet|[of] p2a: Shiinotic
|faint|p2a: Shiinotic
|
|win|unluckee
|raw|unluckee's rating: 1063 &rarr; <strong>1093</strong><br />(+30 for winning)
|raw|securethebagon's rating: 1052 &rarr; <strong>1035</strong><br />(-17 for losing)
|c|☆unluckee|gg
|l|☆securethebagon
