|j|☆Lobotomy Man
|j|☆Seven heartz
|t:|1637870820
|gametype|singles
|player|p1|Lobotomy Man|doctor|1350
|player|p2|Seven heartz|li|1532
|teamsize|p1|6
|teamsize|p2|6
|gen|8
|tier|[Gen 8] PU
|rated|
|rule|Sleep Clause Mod: Limit one foe put to sleep
|rule|Species Clause: Limit one of each Pokémon
|rule|OHKO Clause: OHKO moves are banned
|rule|Evasion Moves Clause: Evasion moves are banned
|rule|Endless Battle Clause: Forcing endless battles is banned
|rule|HP Percentage Mod: HP is shown in percentages
|rule|Dynamax Clause: You cannot dynamax
|clearpoke
|poke|p1|Sandslash-Alola, F|
|poke|p1|Galvantula, F|
|poke|p1|Druddigon, M|
|poke|p1|Aromatisse, F|
|poke|p1|Lanturn, M|
|poke|p1|Tsareena, F|
|poke|p2|Kangaskhan, F|
|poke|p2|Hitmontop, M|
|poke|p2|Archeops, F|
|poke|p2|Froslass, F|
|poke|p2|Togedemaru, F|
|poke|p2|Aromatisse, F|
|teampreview
|
|t:|1637870838
|start
|switch|p1a: Galvantula|Galvantula, F|100/100
|switch|p2a: Ancient Power|Archeops, F|100/100
|turn|1
|inactive|Battle timer is ON: inactive players will automatically lose when time's up. (requested by Lobotomy Man)
|inactive|Seven heartz has 120 seconds left.
|
|t:|1637870874
|move|p2a: Ancient Power|Taunt|p1a: Galvantula
|-start|p1a: Galvantula|move: Taunt
|move|p1a: Galvantula|Thunder|p2a: Ancient Power
|-supereffective|p2a: Ancient Power
|-enditem|p2a: Ancient Power|Focus Sash
|-damage|p2a: Ancient Power|1/100
|
|upkeep
|turn|2
|j| Philippe ! Salaud
|
|t:|1637870890
|move|p2a: Ancient Power|Stealth Rock|p1a: Galvantula
|-sidestart|p1: Lobotomy Man|move: Stealth Rock
|move|p1a: Galvantula|Volt Switch|p2a: Ancient Power
|-supereffective|p2a: Ancient Power
|-damage|p2a: Ancient Power|0 fnt
|faint|p2a: Ancient Power
|
|t:|1637870896
|switch|p1a: Sandslash|Sandslash-Alola, F|100/100|[from]move: Volt Switch
|-damage|p1a: Sandslash|88/100|[from] Stealth Rock
|
|upkeep
|
|t:|1637870903
|switch|p2a: Mega kick|Hitmontop, M|100/100
|turn|3
|
|t:|1637870908
|switch|p1a: Druddigon|Druddigon, M|100/100
|-damage|p1a: Druddigon|88/100|[from] Stealth Rock
|move|p2a: Mega kick|Close Combat|p1a: Druddigon
|-damage|p1a: Druddigon|40/100
|-unboost|p2a: Mega kick|def|1
|-unboost|p2a: Mega kick|spd|1
|-damage|p2a: Mega kick|88/100|[from] ability: Rough Skin|[of] p1a: Druddigon
|-damage|p2a: Mega kick|72/100|[from] item: Rocky Helmet|[of] p1a: Druddigon
|-damage|p2a: Mega kick|62/100|[from] item: Life Orb
|
|upkeep
|turn|4
|
|t:|1637870924
|move|p2a: Mega kick|Close Combat|p1a: Druddigon
|-damage|p1a: Druddigon|0 fnt
|-unboost|p2a: Mega kick|def|1
|-unboost|p2a: Mega kick|spd|1
|-damage|p2a: Mega kick|49/100|[from] ability: Rough Skin|[of] p1a: Druddigon
|-damage|p2a: Mega kick|33/100|[from] item: Rocky Helmet|[of] p1a: Druddigon
|faint|p1a: Druddigon
|-damage|p2a: Mega kick|23/100|[from] item: Life Orb
|
|upkeep
|
|t:|1637870931
|switch|p1a: Tsareena|Tsareena, F|100/100
|turn|5
|
|t:|1637870937
|switch|p2a: Hail|Froslass, F|100/100
|move|p1a: Tsareena|Rapid Spin|p2a: Hail
|-immune|p2a: Hail
|
|upkeep
|turn|6
|
|t:|1637870944
|move|p2a: Hail|Spikes|p1a: Tsareena
|-sidestart|p1: Lobotomy Man|Spikes
|move|p1a: Tsareena|Knock Off|p2a: Hail
|-supereffective|p2a: Hail
|-damage|p2a: Hail|13/100
|-enditem|p2a: Hail|Focus Sash|[from] move: Knock Off|[of] p1a: Tsareena
|
|upkeep
|turn|7
|
|t:|1637870953
|move|p2a: Hail|Icy Wind|p1a: Tsareena
|-supereffective|p1a: Tsareena
|-damage|p1a: Tsareena|65/100
|-unboost|p1a: Tsareena|spe|1
|move|p1a: Tsareena|Knock Off|p2a: Hail
|-supereffective|p2a: Hail
|-damage|p2a: Hail|0 fnt
|faint|p2a: Hail
|
|upkeep
|
|t:|1637870958
|switch|p2a: Mega kick|Hitmontop, M|23/100
|turn|8
|
|t:|1637870962
|switch|p1a: Aromatisse|Aromatisse, F|100/100
|-damage|p1a: Aromatisse|88/100|[from] Stealth Rock
|-damage|p1a: Aromatisse|76/100|[from] Spikes
|move|p2a: Mega kick|Triple Axel|p1a: Aromatisse
|-damage|p1a: Aromatisse|68/100
|-damage|p1a: Aromatisse|51/100
|-damage|p1a: Aromatisse|27/100
|-hitcount|p1a: Aromatisse|3
|-damage|p2a: Mega kick|13/100|[from] item: Life Orb
|
|-heal|p1a: Aromatisse|34/100|[from] item: Leftovers
|upkeep
|turn|9
|
|t:|1637870974
|move|p1a: Aromatisse|Protect|p1a: Aromatisse
|-singleturn|p1a: Aromatisse|Protect
|move|p2a: Mega kick|Triple Axel|p1a: Aromatisse
|-activate|p1a: Aromatisse|move: Protect
|
|-heal|p1a: Aromatisse|40/100|[from] item: Leftovers
|upkeep
|turn|10
|
|t:|1637870980
|move|p2a: Mega kick|Triple Axel|p1a: Aromatisse
|-damage|p1a: Aromatisse|31/100
|-damage|p1a: Aromatisse|14/100
|-damage|p1a: Aromatisse|0 fnt
|faint|p1a: Aromatisse
|-hitcount|p1: Aromatisse|3
|-damage|p2a: Mega kick|3/100|[from] item: Life Orb
|
|upkeep
|
|t:|1637870987
|switch|p1a: Tsareena|Tsareena, F|65/100
|turn|11
|
|t:|1637871003
|switch|p2a: Electroball|Togedemaru, F|100/100
|move|p1a: Tsareena|Rapid Spin|p2a: Electroball
|-resisted|p2a: Electroball
|-damage|p2a: Electroball|86/100
|-boost|p1a: Tsareena|spe|1
|-sideend|p1: Lobotomy Man|Spikes|[from] move: Rapid Spin|[of] p1a: Tsareena
|-sideend|p1: Lobotomy Man|Stealth Rock|[from] move: Rapid Spin|[of] p1a: Tsareena
|
|upkeep
|turn|12
|
|t:|1637871009
|move|p2a: Electroball|U-turn|p1a: Tsareena
|-supereffective|p1a: Tsareena
|-damage|p1a: Tsareena|19/100
|
|t:|1637871015
|switch|p2a: Mega kick|Hitmontop, M|3/100|[from]move: U-turn
|move|p1a: Tsareena|U-turn|p2a: Mega kick
|-resisted|p2a: Mega kick
|-damage|p2a: Mega kick|0 fnt
|faint|p2a: Mega kick
|
|t:|1637871021
|switch|p1a: Galvantula|Galvantula, F|100/100|[from]move: U-turn
|
|upkeep
|
|t:|1637871035
|switch|p2a: DoubleHit|Kangaskhan, F|100/100
|turn|13
|
|t:|1637871038
|move|p2a: DoubleHit|Fake Out|p1a: Galvantula
|-damage|p1a: Galvantula|65/100
|cant|p1a: Galvantula|flinch
|
|upkeep
|turn|14
|
|t:|1637871046
|switch|p2a: Electroball|Togedemaru, F|86/100
|move|p1a: Galvantula|Thunder|p2a: Electroball
|-ability|p2a: Electroball|Lightning Rod|boost
|-boost|p2a: Electroball|spa|1
|
|upkeep
|turn|15
|
|t:|1637871055
|switch|p1a: Lanturn|Lanturn, M|100/100
|move|p2a: Electroball|Iron Head|p1a: Lanturn
|-resisted|p1a: Lanturn
|-damage|p1a: Lanturn|92/100
|
|-heal|p1a: Lanturn|98/100|[from] item: Leftovers
|upkeep
|turn|16
|
|t:|1637871060
|switch|p2a: Charm|Aromatisse, F|100/100
|move|p1a: Lanturn|Toxic|p2a: Charm
|-status|p2a: Charm|tox
|
|-heal|p1a: Lanturn|100/100|[from] item: Leftovers
|-damage|p2a: Charm|94/100 tox|[from] psn
|upkeep
|turn|17
|
|t:|1637871075
|move|p1a: Lanturn|Volt Switch|p2a: Charm
|-damage|p2a: Charm|77/100 tox
|
|t:|1637871080
|switch|p1a: Sandslash|Sandslash-Alola, F|88/100|[from]move: Volt Switch
|move|p2a: Charm|Moonblast|p1a: Sandslash
|-resisted|p1a: Sandslash
|-damage|p1a: Sandslash|51/100
|
|-damage|p2a: Charm|65/100 tox|[from] psn
|upkeep
|turn|18
|
|t:|1637871085
|move|p1a: Sandslash|Triple Axel|p2a: Charm
|-damage|p2a: Charm|49/100 tox
|-damage|p2a: Charm|17/100 tox
|-damage|p2a: Charm|0 fnt
|faint|p2a: Charm
|-hitcount|p2: Charm|3
|
|upkeep
|
|t:|1637871089
|switch|p2a: DoubleHit|Kangaskhan, F|100/100
|turn|19
|
|t:|1637871099
|switch|p1a: Galvantula|Galvantula, F|65/100
|move|p2a: DoubleHit|Earthquake|p1a: Galvantula
|-damage|p1a: Galvantula|12/100
|
|upkeep
|turn|20
|
|t:|1637871106
|switch|p2a: Electroball|Togedemaru, F|86/100
|move|p1a: Galvantula|Sticky Web|p2a: Electroball
|-sidestart|p2: Seven heartz|move: Sticky Web
|
|upkeep
|turn|21
|
|t:|1637871112
|switch|p1a: Lanturn|Lanturn, M|100/100
|move|p2a: Electroball|U-turn|p1a: Lanturn
|-crit|p1a: Lanturn
|-damage|p1a: Lanturn|66/100
|
|t:|1637871115
|switch|p2a: DoubleHit|Kangaskhan, F|100/100|[from]move: U-turn
|
|-heal|p1a: Lanturn|72/100|[from] item: Leftovers
|upkeep
|turn|22
|
|t:|1637871120
|move|p2a: DoubleHit|Fake Out|p1a: Lanturn
|-damage|p1a: Lanturn|53/100
|cant|p1a: Lanturn|flinch
|
|-heal|p1a: Lanturn|59/100|[from] item: Leftovers
|upkeep
|turn|23
|
|t:|1637871124
|move|p2a: DoubleHit|Earthquake|p1a: Lanturn
|-supereffective|p1a: Lanturn
|-damage|p1a: Lanturn|0 fnt
|faint|p1a: Lanturn
|
|upkeep
|
|t:|1637871135
|switch|p1a: Galvantula|Galvantula, F|12/100
|turn|24
|
|t:|1637871141
|switch|p2a: Electroball|Togedemaru, F|86/100
|-activate|p2a: Electroball|move: Sticky Web
|-unboost|p2a: Electroball|spe|1
|move|p1a: Galvantula|Bug Buzz|p2a: Electroball
|-resisted|p2a: Electroball
|-damage|p2a: Electroball|57/100
|
|upkeep
|turn|25
|
|t:|1637871152
|move|p1a: Galvantula|Bug Buzz|p2a: Electroball
|-resisted|p2a: Electroball
|-damage|p2a: Electroball|24/100
|move|p2a: Electroball|U-turn|p1a: Galvantula
|-damage|p1a: Galvantula|0 fnt
|faint|p1a: Galvantula
|inactive|Seven heartz has 120 seconds left.
|
|t:|1637871187
|switch|p2a: DoubleHit|Kangaskhan, F|100/100|[from]move: U-turn
|
|upkeep
|
|t:|1637871196
|switch|p1a: Tsareena|Tsareena, F|19/100
|turn|26
|
|t:|1637871200
|move|p2a: DoubleHit|Double-Edge|p1a: Tsareena
|-damage|p1a: Tsareena|0 fnt
|faint|p1a: Tsareena
|-damage|p2a: DoubleHit|96/100|[from] Recoil
|
|upkeep
|
|t:|1637871202
|switch|p1a: Sandslash|Sandslash-Alola, F|51/100
|turn|27
|
|t:|1637871207
|move|p2a: DoubleHit|Earthquake|p1a: Sandslash
|-supereffective|p1a: Sandslash
|-damage|p1a: Sandslash|0 fnt
|faint|p1a: Sandslash
|
|win|Seven heartz
|raw|Lobotomy Man's rating: 1350 &rarr; <strong>1340</strong><br />(-10 for losing)
|raw|Seven heartz's rating: 1532 &rarr; <strong>1542</strong><br />(+10 for winning)
|l|☆Lobotomy Man
