|raw|<div class="broadcast-blue"><strong>This battle is required to be public due to a player having a name starting with 'pult4c1'.</div>
|j|☆sugar ovens
|j|☆PULT4C1 Inder
|t:|1660563047
|gametype|singles
|player|p1|sugar ovens|twins|1442
|player|p2|PULT4C1 Inder|lyra|1404
|teamsize|p1|6
|teamsize|p2|6
|gen|8
|tier|[Gen 8] PU
|rated|
|rule|Sleep Clause Mod: Limit one foe put to sleep
|rule|Species Clause: Limit one of each Pokémon
|rule|OHKO Clause: OHKO moves are banned
|rule|Evasion Items Clause: Evasion items are banned
|rule|Evasion Moves Clause: Evasion moves are banned
|rule|Endless Battle Clause: Forcing endless battles is banned
|rule|HP Percentage Mod: HP is shown in percentages
|rule|Dynamax Clause: You cannot dynamax
|clearpoke
|poke|p1|Scrafty, M|
|poke|p1|Magmortar, F|
|poke|p1|Appletun, F|
|poke|p1|Carbink|
|poke|p1|Magneton|
|poke|p1|Cramorant, M|
|poke|p2|Doublade, M|
|poke|p2|Vikavolt, M|
|poke|p2|Archeops, M|
|poke|p2|Silvally-*|
|poke|p2|Turtonator, M|
|poke|p2|Druddigon, F|
|teampreview
|inactive|Battle timer is ON: inactive players will automatically lose when time's up. (requested by PULT4C1 Inder)
|
|t:|1660563071
|start
|switch|p1a: Scrafty|Scrafty, M|100/100
|switch|p2a: Druddigon|Druddigon, F|100/100
|-ability|p1a: Scrafty|Intimidate|boost
|-unboost|p2a: Druddigon|atk|1
|-ability|p2a: Druddigon|Mold Breaker
|turn|1
|
|t:|1660563077
|move|p1a: Scrafty|Knock Off|p2a: Druddigon
|-damage|p2a: Druddigon|25/100
|-enditem|p2a: Druddigon|Focus Sash|[from] move: Knock Off|[of] p1a: Scrafty
|move|p2a: Druddigon|Taunt|p1a: Scrafty
|-start|p1a: Scrafty|move: Taunt
|
|upkeep
|turn|2
|j|+chlo
|j| yandaud
|l|+chlo
|inactive|PULT4C1 Inder has 120 seconds left.
|
|t:|1660563110
|switch|p2a: Silvally|Silvally-Fairy|100/100
|move|p1a: Scrafty|Knock Off|p2a: Silvally
|-resisted|p2a: Silvally
|-damage|p2a: Silvally|77/100
|
|upkeep
|turn|3
|
|t:|1660563122
|switch|p1a: Magneton|Magneton|100/100
|move|p2a: Silvally|Flame Charge|p1a: Magneton
|-supereffective|p1a: Magneton
|-damage|p1a: Magneton|60/100
|-boost|p2a: Silvally|spe|1
|
|upkeep
|turn|4
|
|t:|1660563130
|switch|p2a: Turtonator|Turtonator, M|100/100
|move|p1a: Magneton|Flash Cannon|p2a: Turtonator
|-resisted|p2a: Turtonator
|-damage|p2a: Turtonator|64/100
|
|upkeep
|turn|5
|
|t:|1660563138
|switch|p1a: Carbink|Carbink|100/100
|move|p2a: Turtonator|Flamethrower|p1a: Carbink
|-resisted|p1a: Carbink
|-damage|p1a: Carbink|85/100
|
|-heal|p1a: Carbink|91/100|[from] item: Leftovers
|upkeep
|turn|6
|
|t:|1660563144
|switch|p1a: Cramorant|Cramorant, M|100/100
|move|p2a: Turtonator|Flash Cannon|p1a: Cramorant
|-resisted|p1a: Cramorant
|-damage|p1a: Cramorant|88/100
|
|upkeep
|turn|7
|
|t:|1660563151
|move|p1a: Cramorant|Surf|p2a: Turtonator
|-formechange|p1a: Cramorant|Cramorant-Gulping|
|-damage|p2a: Turtonator|22/100
|move|p2a: Turtonator|Shell Smash|p2a: Turtonator
|-unboost|p2a: Turtonator|def|1
|-unboost|p2a: Turtonator|spd|1
|-boost|p2a: Turtonator|atk|2
|-boost|p2a: Turtonator|spa|2
|-boost|p2a: Turtonator|spe|2
|
|upkeep
|turn|8
|
|t:|1660563165
|move|p2a: Turtonator|Draco Meteor|p1a: Cramorant
|-damage|p1a: Cramorant|0 fnt
|-unboost|p2a: Turtonator|spa|2
|-damage|p2a: Turtonator|0 fnt|[from] ability: Gulp Missile|[of] p1a: Cramorant
|-formechange|p1a: Cramorant|Cramorant|
|faint|p1a: Cramorant
|faint|p2a: Turtonator
|
|upkeep
|
|t:|1660563175
|switch|p1a: Magneton|Magneton|60/100
|switch|p2a: Vikavolt|Vikavolt, M|100/100
|turn|9
|
|t:|1660563182
|move|p1a: Magneton|Volt Switch|p2a: Vikavolt
|-resisted|p2a: Vikavolt
|-damage|p2a: Vikavolt|75/100
|
|t:|1660563187
|switch|p1a: Carbink|Carbink|91/100|[from]move: Volt Switch
|move|p2a: Vikavolt|Agility|p2a: Vikavolt
|-boost|p2a: Vikavolt|spe|2
|
|-heal|p1a: Carbink|97/100|[from] item: Leftovers
|upkeep
|turn|10
|
|t:|1660563198
|move|p2a: Vikavolt|Bug Buzz|p1a: Carbink
|-resisted|p1a: Carbink
|-damage|p1a: Carbink|79/100
|-enditem|p2a: Vikavolt|Throat Spray
|-boost|p2a: Vikavolt|spa|1|[from] item: Throat Spray
|move|p1a: Carbink|Stone Edge|p2a: Vikavolt|[miss]
|-miss|p1a: Carbink|p2a: Vikavolt
|
|-heal|p1a: Carbink|85/100|[from] item: Leftovers
|upkeep
|turn|11
|
|t:|1660563209
|move|p2a: Vikavolt|Thunderbolt|p1a: Carbink
|-damage|p1a: Carbink|29/100
|move|p1a: Carbink|Stone Edge|p2a: Vikavolt|[miss]
|-miss|p1a: Carbink|p2a: Vikavolt
|
|-heal|p1a: Carbink|36/100|[from] item: Leftovers
|upkeep
|turn|12
|
|t:|1660563215
|move|p2a: Vikavolt|Thunderbolt|p1a: Carbink
|-damage|p1a: Carbink|0 fnt
|faint|p1a: Carbink
|
|upkeep
|
|t:|1660563218
|switch|p1a: Scrafty|Scrafty, M|100/100
|-ability|p1a: Scrafty|Intimidate|boost
|-unboost|p2a: Vikavolt|atk|1
|turn|13
|
|t:|1660563224
|move|p2a: Vikavolt|Thunderbolt|p1a: Scrafty
|-damage|p1a: Scrafty|17/100
|move|p1a: Scrafty|Stone Edge|p2a: Vikavolt
|-supereffective|p2a: Vikavolt
|-damage|p2a: Vikavolt|0 fnt
|faint|p2a: Vikavolt
|
|upkeep
|
|t:|1660563230
|switch|p2a: Silvally|Silvally-Fairy|77/100
|turn|14
|
|t:|1660563237
|move|p2a: Silvally|Swords Dance|p2a: Silvally
|-boost|p2a: Silvally|atk|2
|move|p1a: Scrafty|Stone Edge|p2a: Silvally
|-damage|p2a: Silvally|25/100
|
|upkeep
|turn|15
|
|t:|1660563247
|move|p2a: Silvally|Flame Charge|p1a: Scrafty
|-damage|p1a: Scrafty|0 fnt
|-boost|p2a: Silvally|spe|1
|faint|p1a: Scrafty
|
|upkeep
|
|t:|1660563250
|switch|p1a: Magmortar|Magmortar, F|100/100
|turn|16
|
|t:|1660563259
|move|p2a: Silvally|Rock Slide|p1a: Magmortar
|-supereffective|p1a: Magmortar
|-crit|p1a: Magmortar
|-damage|p1a: Magmortar|0 fnt
|faint|p1a: Magmortar
|
|upkeep
|-message|sugar ovens forfeited.
|
|win|PULT4C1 Inder
|raw|sugar ovens's rating: 1442 &rarr; <strong>1420</strong><br />(-22 for losing)
|raw|PULT4C1 Inder's rating: 1412 &rarr; <strong>1434</strong><br />(+22 for winning)
|l|☆sugar ovens
|j| PULT4C1 riquelme
|l| PULT4C1 riquelme
|l| yandaud
|l|☆PULT4C1 Inder
