|j|☆bonjoxd
|j|☆Testpu12
|t:|1610554792
|player|p1|bonjoxd|kimonogirl|1488
|player|p2|Testpu12|cowgirl|1439
|teamsize|p1|6
|teamsize|p2|6
|gametype|singles
|gen|8
|tier|[Gen 8] PU
|rated|
|clearpoke
|poke|p1|Cofagrigus, F|
|poke|p1|Sandaconda, M|
|poke|p1|Heliolisk, F|
|poke|p1|Vaporeon, F|
|poke|p1|Passimian, M|
|poke|p1|Talonflame, F|
|poke|p2|Gallade, M|
|poke|p2|Vaporeon, M|
|poke|p2|Mesprit|
|poke|p2|Tsareena, F|
|poke|p2|Sandaconda, M|
|poke|p2|Sandslash-Alola, M|
|rule|Sleep Clause Mod: Limit one foe put to sleep
|rule|Species Clause: Limit one of each Pokémon
|rule|OHKO Clause: OHKO moves are banned
|rule|Evasion Moves Clause: Evasion moves are banned
|rule|Endless Battle Clause: Forcing endless battles is banned
|rule|HP Percentage Mod: HP is shown in percentages
|rule|Dynamax Clause: You cannot dynamax
|teampreview
|inactive|Battle timer is ON: inactive players will automatically lose when time's up. (requested by Testpu12)
|
|t:|1610554808
|start
|switch|p1a: Passimian|Passimian, M|100/100
|switch|p2a: Sandaconda|Sandaconda, M|100/100
|turn|1
|
|t:|1610554819
|switch|p1a: Sandaconda|Sandaconda, M|100/100
|move|p2a: Sandaconda|Stealth Rock|p1a: Sandaconda
|-sidestart|p1: bonjoxd|move: Stealth Rock
|
|upkeep
|turn|2
|
|t:|1610554825
|switch|p2a: Tsareena|Tsareena, F|100/100
|move|p1a: Sandaconda|Stealth Rock|p2a: Tsareena
|-sidestart|p2: Testpu12|move: Stealth Rock
|
|upkeep
|turn|3
|j| helomoto04
|
|t:|1610554830
|move|p2a: Tsareena|Knock Off|p1a: Sandaconda
|-damage|p1a: Sandaconda|77/100
|-damage|p2a: Tsareena|84/100|[from] item: Rocky Helmet|[of] p1a: Sandaconda
|-enditem|p1a: Sandaconda|Rocky Helmet|[from] move: Knock Off|[of] p2a: Tsareena
|move|p1a: Sandaconda|Glare|p2a: Tsareena
|-status|p2a: Tsareena|par
|
|upkeep
|turn|4
|
|t:|1610554836
|switch|p1a: Cofagrigus|Cofagrigus, F|100/100
|-damage|p1a: Cofagrigus|88/100|[from] Stealth Rock
|move|p2a: Tsareena|Rapid Spin|p1a: Cofagrigus
|-immune|p1a: Cofagrigus
|
|-heal|p1a: Cofagrigus|94/100|[from] item: Leftovers
|upkeep
|turn|5
|
|t:|1610554840
|move|p1a: Cofagrigus|Hex|p2a: Tsareena
|-damage|p2a: Tsareena|57/100 par
|move|p2a: Tsareena|Knock Off|p1a: Cofagrigus
|-supereffective|p1a: Cofagrigus
|-damage|p1a: Cofagrigus|43/100
|-activate|p1a: Cofagrigus|ability: Mummy|Queenly Majesty|[of] p2a: Tsareena
|-enditem|p1a: Cofagrigus|Leftovers|[from] move: Knock Off|[of] p2a: Tsareena
|
|upkeep
|turn|6
|
|t:|1610554850
|move|p1a: Cofagrigus|Toxic Spikes|p2a: Tsareena
|-sidestart|p2: Testpu12|move: Toxic Spikes
|move|p2a: Tsareena|Power Whip|p1a: Cofagrigus
|-damage|p1a: Cofagrigus|0 fnt
|faint|p1a: Cofagrigus
|
|upkeep
|
|t:|1610554855
|switch|p1a: Talonflame|Talonflame, F|100/100
|turn|7
|
|t:|1610554859
|switch|p2a: Sandaconda|Sandaconda, M|100/100
|-damage|p2a: Sandaconda|94/100|[from] Stealth Rock
|-status|p2a: Sandaconda|psn
|move|p1a: Talonflame|Brave Bird|p2a: Sandaconda
|-damage|p2a: Sandaconda|54/100 psn
|-damage|p1a: Talonflame|84/100|[from] item: Rocky Helmet|[of] p2a: Sandaconda
|-damage|p1a: Talonflame|69/100|[from] Recoil
|
|-damage|p2a: Sandaconda|42/100 psn|[from] psn
|upkeep
|turn|8
|
|t:|1610554871
|move|p1a: Talonflame|Brave Bird|p2a: Sandaconda
|-damage|p2a: Sandaconda|3/100 psn
|-damage|p1a: Talonflame|52/100|[from] item: Rocky Helmet|[of] p2a: Sandaconda
|-damage|p1a: Talonflame|37/100|[from] Recoil
|move|p2a: Sandaconda|Rest|p2a: Sandaconda
|-status|p2a: Sandaconda|slp|[from] move: Rest
|-heal|p2a: Sandaconda|100/100 slp|[silent]
|
|upkeep
|turn|9
|
|t:|1610554885
|move|p1a: Talonflame|Roost|p1a: Talonflame
|-heal|p1a: Talonflame|87/100
|-singleturn|p1a: Talonflame|move: Roost
|cant|p2a: Sandaconda|slp
|
|-activate|p2a: Sandaconda|ability: Shed Skin
|-curestatus|p2a: Sandaconda|slp|[msg]
|upkeep
|turn|10
|
|t:|1610554893
|switch|p1a: Sandaconda|Sandaconda, M|77/100
|-damage|p1a: Sandaconda|71/100|[from] Stealth Rock
|move|p2a: Sandaconda|Earthquake|p1a: Sandaconda
|-crit|p1a: Sandaconda
|-damage|p1a: Sandaconda|36/100
|
|upkeep
|turn|11
|
|t:|1610554900
|switch|p2a: Tsareena|Tsareena, F|57/100 par
|-damage|p2a: Tsareena|45/100 par|[from] Stealth Rock
|move|p1a: Sandaconda|Rest|p1a: Sandaconda
|-status|p1a: Sandaconda|slp|[from] move: Rest
|-heal|p1a: Sandaconda|100/100 slp|[silent]
|
|-activate|p1a: Sandaconda|ability: Shed Skin
|-curestatus|p1a: Sandaconda|slp|[msg]
|upkeep
|turn|12
|
|t:|1610554904
|switch|p1a: Talonflame|Talonflame, F|87/100
|move|p2a: Tsareena|Rapid Spin|p1a: Talonflame
|-damage|p1a: Talonflame|57/100
|-boost|p2a: Tsareena|spe|1
|-sideend|p2: Testpu12|Toxic Spikes|[from] move: Rapid Spin|[of] p2a: Tsareena
|-sideend|p2: Testpu12|Stealth Rock|[from] move: Rapid Spin|[of] p2a: Tsareena
|
|upkeep
|turn|13
|
|t:|1610554913
|switch|p2a: Sandaconda|Sandaconda, M|100/100
|move|p1a: Talonflame|Defog|p2a: Sandaconda
|-unboost|p2a: Sandaconda|evasion|1
|-sideend|p1: bonjoxd|Stealth Rock|[from] move: Defog|[of] p1a: Talonflame
|
|upkeep
|turn|14
|
|t:|1610554919
|switch|p1a: Heliolisk|Heliolisk, F|100/100
|move|p2a: Sandaconda|Stealth Rock|p1a: Heliolisk
|-sidestart|p1: bonjoxd|move: Stealth Rock
|
|upkeep
|turn|15
|
|t:|1610554927
|switch|p2a: Sandslash|Sandslash-Alola, M|100/100
|move|p1a: Heliolisk|Surf|p2a: Sandslash
|-damage|p2a: Sandslash|64/100
|
|upkeep
|turn|16
|
|t:|1610554935
|switch|p1a: Vaporeon|Vaporeon, F|100/100
|move|p2a: Sandslash|Toxic|p1a: Vaporeon
|-status|p1a: Vaporeon|tox
|
|-damage|p1a: Vaporeon|94/100 tox|[from] psn
|upkeep
|turn|17
|
|t:|1610554942
|switch|p2a: Vaporeon|Vaporeon, M|100/100
|move|p1a: Vaporeon|Scald|p2a: Vaporeon
|-immune|p2a: Vaporeon|[from] ability: Water Absorb
|
|-damage|p1a: Vaporeon|82/100 tox|[from] psn
|upkeep
|turn|18
|
|t:|1610554945
|move|p2a: Vaporeon|Wish|p2a: Vaporeon
|move|p1a: Vaporeon|Toxic|p2a: Vaporeon|[miss]
|-miss|p1a: Vaporeon|p2a: Vaporeon
|
|-damage|p1a: Vaporeon|63/100 tox|[from] psn
|upkeep
|turn|19
|
|t:|1610554951
|switch|p2a: Tsareena|Tsareena, F|45/100 par
|move|p1a: Vaporeon|Toxic||[still]
|-fail|p1a: Vaporeon
|
|-heal|p2a: Tsareena|100/100 par|[from] move: Wish|[wisher] Vaporeon
|-damage|p1a: Vaporeon|38/100 tox|[from] psn
|upkeep
|turn|20
|
|t:|1610554956
|switch|p1a: Talonflame|Talonflame, F|57/100
|move|p2a: Tsareena|Knock Off|p1a: Talonflame
|-damage|p1a: Talonflame|8/100
|-enditem|p1a: Talonflame|Heavy-Duty Boots|[from] move: Knock Off|[of] p2a: Tsareena
|
|upkeep
|turn|21
|
|t:|1610554965
|switch|p2a: Sandaconda|Sandaconda, M|100/100
|move|p1a: Talonflame|Roost|p1a: Talonflame
|-heal|p1a: Talonflame|58/100
|-singleturn|p1a: Talonflame|move: Roost
|
|upkeep
|turn|22
|
|t:|1610554975
|switch|p1a: Vaporeon|Vaporeon, F|38/100 tox
|move|p2a: Sandaconda|Rock Blast|p1a: Vaporeon
|-damage|p1a: Vaporeon|32/100 tox
|-damage|p1a: Vaporeon|25/100 tox
|-crit|p1a: Vaporeon
|-damage|p1a: Vaporeon|15/100 tox
|-hitcount|p1a: Vaporeon|3
|
|-damage|p1a: Vaporeon|9/100 tox|[from] psn
|upkeep
|turn|23
|
|t:|1610554986
|move|p2a: Sandaconda|Earthquake|p1a: Vaporeon
|-damage|p1a: Vaporeon|0 fnt
|faint|p1a: Vaporeon
|
|upkeep
|
|t:|1610554990
|switch|p1a: Heliolisk|Heliolisk, F|100/100
|-damage|p1a: Heliolisk|88/100|[from] Stealth Rock
|turn|24
|
|t:|1610554996
|switch|p2a: Tsareena|Tsareena, F|100/100 par
|move|p1a: Heliolisk|Hyper Voice|p2a: Tsareena
|-damage|p2a: Tsareena|58/100 par
|
|upkeep
|turn|25
|
|t:|1610555004
|move|p1a: Heliolisk|Hyper Voice|p2a: Tsareena
|-damage|p2a: Tsareena|13/100 par
|cant|p2a: Tsareena|par
|
|upkeep
|turn|26
|
|t:|1610555012
|switch|p2a: Sandslash|Sandslash-Alola, M|64/100
|move|p1a: Heliolisk|Hyper Voice|p2a: Sandslash
|-resisted|p2a: Sandslash
|-damage|p2a: Sandslash|36/100
|
|upkeep
|turn|27
|
|t:|1610555016
|move|p1a: Heliolisk|Hyper Voice|p2a: Sandslash
|-resisted|p2a: Sandslash
|-damage|p2a: Sandslash|9/100
|move|p2a: Sandslash|Triple Axel|p1a: Heliolisk
|-damage|p1a: Heliolisk|72/100
|-damage|p1a: Heliolisk|45/100
|-damage|p1a: Heliolisk|0 fnt
|-hitcount|p1a: Heliolisk|3
|faint|p1a: Heliolisk
|
|upkeep
|
|t:|1610555018
|switch|p1a: Sandaconda|Sandaconda, M|100/100
|-damage|p1a: Sandaconda|94/100|[from] Stealth Rock
|turn|28
|-message|bonjoxd forfeited.
|
|win|Testpu12
|l|☆bonjoxd
||Ladder (probably) updated, but score could not be retrieved (Request timeout).
