|j|☆BulbaBrain
|j|☆HJAD
|player|p1|BulbaBrain|plumeria|
|player|p2|HJAD|lance-gen2|
|teamsize|p1|6
|teamsize|p2|6
|gametype|singles
|gen|8
|tier|[Gen 8] PU
|clearpoke
|poke|p1|Meowstic-F, F|
|poke|p1|Throh, M|
|poke|p1|Type: Null|
|poke|p1|Mareanie, M|
|poke|p1|Silvally-*|
|poke|p1|Stonjourner, M|
|poke|p2|Silvally-*|
|poke|p2|Falinks|
|poke|p2|Manectric, M|
|poke|p2|Mareanie, M|
|poke|p2|Mawile, F|
|poke|p2|Mr. Mime, F|
|rule|Sleep Clause Mod: Limit one foe put to sleep
|rule|Species Clause: Limit one of each Pokémon
|rule|OHKO Clause: OHKO moves are banned
|rule|Evasion Moves Clause: Evasion moves are banned
|rule|Endless Battle Clause: Forcing endless battles is banned
|rule|HP Percentage Mod: HP is shown in percentages
|rule|Dynamax Clause: You cannot dynamax
|teampreview
|j| tlenit1
|c|☆BulbaBrain|hf
|c|☆HJAD|hf
|c|☆HJAD|tlenit im seeing minimal healing wish
|c|☆HJAD|on this team
|c| tlenit1|its actually all by him
|j| keppy
|c|☆HJAD|interesting
|c| tlenit1|i havent involved in this at all, which is actually great if we compare where we started from
|c|☆HJAD|it looks good tbf
|c|☆HJAD|if the meta was at all balanced
|c| tlenit1|yeah he has improved hella lot
|j|+slowbroth
|
|start
|switch|p1a: Stonjourner|Stonjourner, M|100/100
|switch|p2a: Manectric|Manectric, M|100/100
|turn|1
|
|move|p1a: Stonjourner|Earthquake|p2a: Manectric
|-supereffective|p2a: Manectric
|-damage|p2a: Manectric|0 fnt
|faint|p2a: Manectric
|
|upkeep
|c|☆HJAD|no ground resist
|c|☆HJAD|hate to see it
|l| keppy
|c|☆HJAD|2 min teams catching up
|
|switch|p2a: Silvally|Silvally-Psychic|100/100
|turn|2
|
|switch|p1a: Type: Null|Type: Null|100/100
|move|p2a: Silvally|Swords Dance|p2a: Silvally
|-boost|p2a: Silvally|atk|2
|
|upkeep
|turn|3
|j| keppy
|
|move|p2a: Silvally|Swords Dance|p2a: Silvally
|-boost|p2a: Silvally|atk|2
|move|p1a: Type: Null|U-turn|p2a: Silvally
|-supereffective|p2a: Silvally
|-damage|p2a: Silvally|65/100
|
|switch|p1a: Stonjourner|Stonjourner, M|100/100|[from]move: U-turn
|
|upkeep
|turn|4
|
|move|p1a: Stonjourner|Stone Edge|p2a: Silvally
|-damage|p2a: Silvally|11/100
|move|p2a: Silvally|Flame Charge|p1a: Stonjourner
|-resisted|p1a: Stonjourner
|-damage|p1a: Stonjourner|85/100
|-boost|p2a: Silvally|spe|1
|
|upkeep
|turn|5
|c|☆BulbaBrain|holy crap
|c|☆HJAD|wow! so balanced!!
|c|+slowbroth|watch this not kill
|
|move|p2a: Silvally|Multi-Attack|p1a: Stonjourner
|-damage|p1a: Stonjourner|0 fnt
|faint|p1a: Stonjourner
|
|upkeep
|
|switch|p1a: Type: Null|Type: Null|100/100
|turn|6
|c|☆HJAD|oh my goodness
|c|☆HJAD|scarfer down!
|j|+tjay
|c|☆HJAD|i guess ill keep this for later
|
|switch|p2a: Mawile|Mawile, F|100/100
|-ability|p2a: Mawile|Intimidate|boost
|-unboost|p1a: Type: Null|atk|1
|move|p1a: Type: Null|U-turn|p2a: Mawile
|-resisted|p2a: Mawile
|-damage|p2a: Mawile|98/100
|c|☆BulbaBrain|vally is so broken
|
|switch|p1a: Silvally|Silvally-Bug|100/100|[from]move: U-turn
|
|-heal|p2a: Mawile|100/100|[from] item: Leftovers
|upkeep
|turn|7
|
|move|p1a: Silvally|Flamethrower|p2a: Mawile
|-supereffective|p2a: Mawile
|-damage|p2a: Mawile|40/100
|move|p2a: Mawile|Stealth Rock|p1a: Silvally
|-sidestart|p1: BulbaBrain|move: Stealth Rock
|
|-heal|p2a: Mawile|46/100|[from] item: Leftovers
|upkeep
|turn|8
|c| tlenit1|i had my fingers crossed for stone crit
|c|☆HJAD|i see some
|c|☆HJAD|special attack invest
|c|☆HJAD|very cool
|
|switch|p2a: Mareanie|Mareanie, M|100/100
|move|p1a: Silvally|Flamethrower|p2a: Mareanie
|-resisted|p2a: Mareanie
|-damage|p2a: Mareanie|85/100
|-status|p2a: Mareanie|brn
|
|-damage|p2a: Mareanie|79/100 brn|[from] brn
|upkeep
|turn|9
|c|☆BulbaBrain|rip
|
|move|p1a: Silvally|Defog|p2a: Mareanie
|-unboost|p2a: Mareanie|evasion|1
|-sideend|p1: BulbaBrain|Stealth Rock|[from] move: Defog|[of] p1a: Silvally
|move|p2a: Mareanie|Toxic Spikes|p1a: Silvally
|-sidestart|p1: BulbaBrain|move: Toxic Spikes
|
|-damage|p2a: Mareanie|73/100 brn|[from] brn
|upkeep
|turn|10
|
|move|p1a: Silvally|U-turn|p2a: Mareanie
|-resisted|p2a: Mareanie
|-crit|p2a: Mareanie
|-damage|p2a: Mareanie|62/100 brn
|
|switch|p1a: Mareanie|Mareanie, M|100/100|[from]move: U-turn
|-sideend|p1: BulbaBrain|move: Toxic Spikes|[of] p1a: Mareanie
|move|p2a: Mareanie|Scald|p1a: Mareanie
|-resisted|p1a: Mareanie
|-damage|p1a: Mareanie|92/100
|-status|p1a: Mareanie|brn
|
|-damage|p2a: Mareanie|56/100 brn|[from] brn
|-damage|p1a: Mareanie|86/100 brn|[from] brn
|upkeep
|turn|11
|
|switch|p2a: Mawile|Mawile, F|46/100
|-ability|p2a: Mawile|Intimidate|boost
|-unboost|p1a: Mareanie|atk|1
|switch|p1a: Meowstic|Meowstic-F, F|100/100
|
|-heal|p2a: Mawile|52/100|[from] item: Leftovers
|upkeep
|turn|12
|j| chef rang
|
|move|p1a: Meowstic|Nasty Plot|p1a: Meowstic
|-boost|p1a: Meowstic|spa|2
|move|p2a: Mawile|Pain Split|p1a: Meowstic
|-sethp|p1a: Meowstic|77/100|[from] move: Pain Split|[silent]
|-sethp|p2a: Mawile|74/100|[from] move: Pain Split
|
|-heal|p2a: Mawile|80/100|[from] item: Leftovers
|upkeep
|turn|13
|
|move|p1a: Meowstic|Shadow Ball|p2a: Mawile
|-damage|p2a: Mawile|13/100
|-damage|p1a: Meowstic|68/100|[from] item: Life Orb
|move|p2a: Mawile|Play Rough|p1a: Meowstic
|-damage|p1a: Meowstic|26/100
|-unboost|p1a: Meowstic|atk|1
|-ability|p1a: Meowstic|Competitive
|-boost|p1a: Meowstic|spa|2
|
|-heal|p2a: Mawile|19/100|[from] item: Leftovers
|upkeep
|turn|14
|c| tlenit1|activated
|
|move|p1a: Meowstic|Shadow Ball|p2a: Mawile
|-damage|p2a: Mawile|0 fnt
|-damage|p1a: Meowstic|16/100|[from] item: Life Orb
|faint|p2a: Mawile
|
|upkeep
|c|☆BulbaBrain|show me ur switchin
|
|switch|p2a: Mr. Mime|Mr. Mime, F|100/100
|turn|15
|c|☆HJAD|front and center
|
|move|p2a: Mr. Mime|Psychic|p1a: Meowstic
|-resisted|p1a: Meowstic
|-damage|p1a: Meowstic|0 fnt
|faint|p1a: Meowstic
|
|upkeep
|
|switch|p1a: Type: Null|Type: Null|100/100
|turn|16
|c|☆BulbaBrain|theres the scarfer
|
|switch|p2a: Mareanie|Mareanie, M|89/100 brn
|move|p1a: Type: Null|U-turn|p2a: Mareanie
|-resisted|p2a: Mareanie
|-damage|p2a: Mareanie|83/100 brn
|
|switch|p1a: Throh|Throh, M|100/100|[from]move: U-turn
|
|-damage|p2a: Mareanie|77/100 brn|[from] brn
|upkeep
|turn|17
|
|move|p2a: Mareanie|Toxic Spikes|p1a: Throh
|-sidestart|p1: BulbaBrain|move: Toxic Spikes
|move|p1a: Throh|Knock Off|p2a: Mareanie
|-damage|p2a: Mareanie|62/100 brn
|-enditem|p2a: Mareanie|Eviolite|[from] move: Knock Off|[of] p1a: Throh
|
|-damage|p2a: Mareanie|56/100 brn|[from] brn
|upkeep
|turn|18
|
|move|p2a: Mareanie|Toxic Spikes|p1a: Throh
|-sidestart|p1: BulbaBrain|move: Toxic Spikes
|move|p1a: Throh|Circle Throw|p2a: Mareanie
|-resisted|p2a: Mareanie
|-damage|p2a: Mareanie|46/100 brn
|drag|p2a: Mr. Mime|Mr. Mime, F|100/100
|
|upkeep
|turn|19
|
|switch|p1a: Type: Null|Type: Null|100/100
|-status|p1a: Type: Null|tox
|move|p2a: Mr. Mime|Psychic|p1a: Type: Null
|-damage|p1a: Type: Null|83/100 tox
|
|-damage|p1a: Type: Null|77/100 tox|[from] psn
|upkeep
|turn|20
|
|switch|p2a: Mareanie|Mareanie, M|79/100 brn
|move|p1a: Type: Null|U-turn|p2a: Mareanie
|-resisted|p2a: Mareanie
|-damage|p2a: Mareanie|71/100 brn
|
|switch|p1a: Mareanie|Mareanie, M|100/100 brn|[from]move: U-turn
|-sideend|p1: BulbaBrain|move: Toxic Spikes|[of] p1a: Mareanie
|
|-damage|p2a: Mareanie|65/100 brn|[from] brn
|-damage|p1a: Mareanie|95/100 brn|[from] brn
|upkeep
|turn|21
|
|switch|p1a: Throh|Throh, M|100/100
|move|p2a: Mareanie|Toxic Spikes|p1a: Throh
|-sidestart|p1: BulbaBrain|move: Toxic Spikes
|
|-damage|p2a: Mareanie|59/100 brn|[from] brn
|upkeep
|turn|22
|c|☆HJAD|this is like
|c|☆HJAD|lots of mareanie wars
|
|move|p2a: Mareanie|Recover|p2a: Mareanie
|-heal|p2a: Mareanie|100/100 brn
|move|p1a: Throh|Circle Throw|p2a: Mareanie
|-resisted|p2a: Mareanie
|-damage|p2a: Mareanie|89/100 brn
|drag|p2a: Falinks|Falinks|100/100
|
|upkeep
|turn|23
|
|move|p2a: Falinks|No Retreat|p2a: Falinks
|-boost|p2a: Falinks|atk|1
|-boost|p2a: Falinks|def|1
|-boost|p2a: Falinks|spa|1
|-boost|p2a: Falinks|spd|1
|-boost|p2a: Falinks|spe|1
|-start|p2a: Falinks|move: No Retreat
|move|p1a: Throh|Circle Throw|p2a: Falinks
|-damage|p2a: Falinks|84/100
|drag|p2a: Mr. Mime|Mr. Mime, F|100/100
|
|upkeep
|turn|24
|
|switch|p1a: Type: Null|Type: Null|77/100 tox
|move|p2a: Mr. Mime|Psychic|p1a: Type: Null
|-damage|p1a: Type: Null|60/100 tox
|
|-damage|p1a: Type: Null|54/100 tox|[from] psn
|upkeep
|turn|25
|
|move|p2a: Mr. Mime|Psychic|p1a: Type: Null
|-damage|p1a: Type: Null|37/100 tox
|move|p1a: Type: Null|Rest|p1a: Type: Null
|-status|p1a: Type: Null|slp|[from] move: Rest
|-heal|p1a: Type: Null|100/100 slp|[silent]
|
|upkeep
|turn|26
|
|switch|p2a: Falinks|Falinks|84/100
|cant|p1a: Type: Null|slp
|move|p1a: Type: Null|Sleep Talk|p1a: Type: Null
|move|p1a: Type: Null|Rest|p1a: Type: Null|[from]Sleep Talk
|-fail|p1a: Type: Null|heal
|
|upkeep
|turn|27
|
|switch|p1a: Mareanie|Mareanie, M|100/100 brn
|-sideend|p1: BulbaBrain|move: Toxic Spikes|[of] p1a: Mareanie
|move|p2a: Falinks|Zen Headbutt|p1a: Mareanie
|-supereffective|p1a: Mareanie
|-damage|p1a: Mareanie|65/100 brn
|
|-damage|p1a: Mareanie|59/100 brn|[from] brn
|upkeep
|turn|28
|
|move|p2a: Falinks|Zen Headbutt|p1a: Mareanie
|-supereffective|p1a: Mareanie
|-damage|p1a: Mareanie|24/100 brn
|move|p1a: Mareanie|Scald|p2a: Falinks
|-damage|p2a: Falinks|56/100
|
|-damage|p1a: Mareanie|18/100 brn|[from] brn
|upkeep
|turn|29
|
|switch|p1a: Type: Null|Type: Null|100/100 slp
|move|p2a: Falinks|Megahorn|p1a: Type: Null
|-damage|p1a: Type: Null|81/100 slp
|
|upkeep
|turn|30
|
|switch|p1a: Silvally|Silvally-Bug|100/100
|move|p2a: Falinks|No Retreat|p2a: Falinks
|-boost|p2a: Falinks|atk|1
|-boost|p2a: Falinks|def|1
|-boost|p2a: Falinks|spa|1
|-boost|p2a: Falinks|spd|1
|-boost|p2a: Falinks|spe|1
|-start|p2a: Falinks|move: No Retreat
|
|upkeep
|turn|31
|
|move|p2a: Falinks|Megahorn|p1a: Silvally
|-damage|p1a: Silvally|43/100
|move|p1a: Silvally|Flamethrower|p2a: Falinks
|-damage|p2a: Falinks|23/100
|
|upkeep
|turn|32
|c|☆HJAD|broken mon
|c|☆HJAD|pt2
|
|move|p2a: Falinks|Megahorn|p1a: Silvally
|-damage|p1a: Silvally|0 fnt
|faint|p1a: Silvally
|
|upkeep
|
|switch|p1a: Throh|Throh, M|100/100
|turn|33
|c|☆BulbaBrain|yup
|
|move|p2a: Falinks|Close Combat|p1a: Throh
|-damage|p1a: Throh|35/100
|-unboost|p2a: Falinks|def|1
|-unboost|p2a: Falinks|spd|1
|move|p1a: Throh|Circle Throw|p2a: Falinks
|-damage|p2a: Falinks|0 fnt
|faint|p2a: Falinks
|
|-heal|p1a: Throh|41/100|[from] item: Leftovers
|upkeep
|
|switch|p2a: Silvally|Silvally-Psychic|11/100
|turn|34
|
|move|p2a: Silvally|Multi-Attack|p1a: Throh
|-supereffective|p1a: Throh
|-damage|p1a: Throh|0 fnt
|faint|p1a: Throh
|
|upkeep
|
|switch|p1a: Type: Null|Type: Null|81/100 slp
|turn|35
|
|switch|p2a: Mr. Mime|Mr. Mime, F|100/100
|cant|p1a: Type: Null|slp
|
|upkeep
|turn|36
|
|move|p2a: Mr. Mime|Healing Wish|p2a: Mr. Mime
|faint|p2a: Mr. Mime
|-curestatus|p1a: Type: Null|slp|[msg]
|move|p1a: Type: Null|U-turn|p2: Mr. Mime|[notarget]
|-fail|p1a: Type: Null
|
|upkeep
|
|switch|p2a: Silvally|Silvally-Psychic|11/100
|-heal|p2a: Silvally|100/100|[from] move: Healing Wish
|turn|37
|c|☆BulbaBrain|oh nononono
|
|move|p2a: Silvally|Swords Dance|p2a: Silvally
|-boost|p2a: Silvally|atk|2
|move|p1a: Type: Null|U-turn|p2a: Silvally
|-supereffective|p2a: Silvally
|-damage|p2a: Silvally|66/100
|
|switch|p1a: Mareanie|Mareanie, M|51/100 brn|[from]move: U-turn
|
|-damage|p1a: Mareanie|45/100 brn|[from] brn
|upkeep
|turn|38
|
|move|p2a: Silvally|Multi-Attack|p1a: Mareanie
|-supereffective|p1a: Mareanie
|-damage|p1a: Mareanie|0 fnt
|faint|p1a: Mareanie
|
|upkeep
|
|switch|p1a: Type: Null|Type: Null|81/100
|turn|39
|
|move|p2a: Silvally|Multi-Attack|p1a: Type: Null
|-damage|p1a: Type: Null|18/100
|move|p1a: Type: Null|U-turn|p2a: Silvally
|-supereffective|p2a: Silvally
|-damage|p2a: Silvally|31/100
|
|upkeep
|turn|40
|
|move|p2a: Silvally|Multi-Attack|p1a: Type: Null
|-damage|p1a: Type: Null|0 fnt
|faint|p1a: Type: Null
|
|win|HJAD
|c|☆HJAD|gg brotha
|c|☆BulbaBrain|#broken
|c|☆BulbaBrain|wp
|c|☆BulbaBrain|ggs
|c|☆HJAD|imagine if i had a
|c|☆HJAD|ground resist
|l|☆HJAD
|c|+tjay|your check is silv bug
|c|+tjay|and meow-f
|c|☆BulbaBrain|to this thing?
|c|+tjay|maybe add some more reliable check over one of those
|c|☆BulbaBrain|ye
|c|+tjay|cool team tho
|c|☆BulbaBrain|thx
|c|+tjay|meow-f is rly cool
|c|+tjay|nobody uses it fsr
|c|☆BulbaBrain|its pretty great
|c|☆BulbaBrain|i also noticed that it beats all the tspikers quite well, which forces more defog
|c|☆BulbaBrain|thats nice for competitive
|c|+tjay|yea
|player|p1|BulbaBrain|plumeria
|l| chef rang
|l| tlenit1
