|raw|<div class="broadcast-blue"><strong>This battle is required to be public due to a player having a name starting with 'pult94d'.</div>
|j|☆despacitoplayalexa
|j|☆pult94d expulso
|t:|1628620915
|gametype|singles
|player|p1|despacitoplayalexa|brock|1228
|player|p2|pult94d expulso|chuck|1408
|teamsize|p1|6
|teamsize|p2|6
|gen|8
|tier|[Gen 8] PU
|rated|
|rule|Sleep Clause Mod: Limit one foe put to sleep
|rule|Species Clause: Limit one of each Pokémon
|rule|OHKO Clause: OHKO moves are banned
|rule|Evasion Moves Clause: Evasion moves are banned
|rule|Endless Battle Clause: Forcing endless battles is banned
|rule|HP Percentage Mod: HP is shown in percentages
|rule|Dynamax Clause: You cannot dynamax
|clearpoke
|poke|p1|Golbat, M|
|poke|p1|Wartortle, M|
|poke|p1|Combusken, M|
|poke|p1|Mr. Mime-Galar, M|
|poke|p1|Type: Null|
|poke|p1|Sliggoo, M|
|poke|p2|Druddigon, M|
|poke|p2|Coalossal, F|
|poke|p2|Silvally-*|
|poke|p2|Articuno-Galar|
|poke|p2|Whimsicott, M|
|poke|p2|Passimian, F|
|teampreview
|j| mushamu
|inactive|Battle timer is ON: inactive players will automatically lose when time's up. (requested by pult94d expulso)
|inactive|despacitoplayalexa has 120 seconds left.
|j| im going 2 die
|j| Pult94d dani
|
|t:|1628620972
|start
|switch|p1a: Sliggoo|Sliggoo, M|100/100
|switch|p2a: Druddigon|Druddigon, M|100/100
|turn|1
|
|t:|1628620993
|switch|p2a: Coalossal|Coalossal, F|100/100
|move|p1a: Sliggoo|Ice Beam|p2a: Coalossal
|-resisted|p2a: Coalossal
|-damage|p2a: Coalossal|90/100
|
|upkeep
|turn|2
|j| PULT94D Art
|
|t:|1628620999
|move|p1a: Sliggoo|Muddy Water|p2a: Coalossal
|-supereffective|p2a: Coalossal
|-damage|p2a: Coalossal|8/100
|-unboost|p2a: Coalossal|accuracy|1
|move|p2a: Coalossal|Spikes|p1a: Sliggoo
|-sidestart|p1: despacitoplayalexa|Spikes
|
|upkeep
|turn|3
|
|t:|1628621008
|switch|p2a: Articuno|Articuno-Galar|100/100
|move|p1a: Sliggoo|Dragon Pulse|p2a: Articuno
|-damage|p2a: Articuno|60/100
|
|upkeep
|turn|4
|
|t:|1628621013
|move|p2a: Articuno|U-turn|p1a: Sliggoo
|-damage|p1a: Sliggoo|86/100
|-ability|p1a: Sliggoo|Gooey
|-unboost|p2a: Articuno|spe|1
|-ability|p2a: Articuno|Competitive
|-boost|p2a: Articuno|spa|2
|c| Pult94d dani|Get sliggoo’d
|c|☆pult94d expulso|whys he so strong
|c|☆pult94d expulso|wtf
|
|t:|1628621023
|switch|p2a: Silvally|Silvally-Steel|100/100|[from]move: U-turn
|move|p1a: Sliggoo|Ice Beam|p2a: Silvally
|-resisted|p2a: Silvally
|-damage|p2a: Silvally|88/100
|
|upkeep
|turn|5
|j| turtledoggo1
|
|t:|1628621047
|switch|p1a: Golbat|Golbat, M|100/100
|move|p2a: Silvally|Multi-Attack|p1a: Golbat
|-damage|p1a: Golbat|58/100
|
|upkeep
|turn|6
|
|t:|1628621069
|move|p2a: Silvally|Rock Slide|p1a: Golbat
|-supereffective|p1a: Golbat
|-damage|p1a: Golbat|21/100
|move|p1a: Golbat|Heat Wave|p2a: Silvally
|-supereffective|p2a: Silvally
|-damage|p2a: Silvally|40/100
|
|upkeep
|turn|7
|
|t:|1628621092
|move|p2a: Silvally|Multi-Attack|p1a: Golbat
|-damage|p1a: Golbat|0 fnt
|faint|p1a: Golbat
|
|upkeep
|
|t:|1628621100
|switch|p1a: Mr. Mime|Mr. Mime-Galar, M|100/100
|turn|8
|
|t:|1628621121
|switch|p2a: Coalossal|Coalossal, F|8/100
|move|p1a: Mr. Mime|Focus Blast|p2a: Coalossal
|-supereffective|p2a: Coalossal
|-damage|p2a: Coalossal|0 fnt
|faint|p2a: Coalossal
|
|upkeep
|
|t:|1628621130
|switch|p2a: Passimian|Passimian, F|100/100
|turn|9
|
|t:|1628621145
|move|p2a: Passimian|Knock Off|p1a: Mr. Mime
|-supereffective|p1a: Mr. Mime
|-damage|p1a: Mr. Mime|0 fnt
|-enditem|p1a: Mr. Mime|Heavy-Duty Boots|[from] move: Knock Off|[of] p2a: Passimian
|faint|p1a: Mr. Mime
|
|upkeep
|
|t:|1628621157
|switch|p1a: Wartortle|Wartortle, M|100/100
|-damage|p1a: Wartortle|88/100|[from] Spikes
|turn|10
|
|t:|1628621161
|move|p2a: Passimian|Knock Off|p1a: Wartortle
|-damage|p1a: Wartortle|56/100
|-enditem|p1a: Wartortle|Eviolite|[from] move: Knock Off|[of] p2a: Passimian
|move|p1a: Wartortle|Shell Smash|p1a: Wartortle
|-unboost|p1a: Wartortle|def|1
|-unboost|p1a: Wartortle|spd|1
|-boost|p1a: Wartortle|atk|2
|-boost|p1a: Wartortle|spa|2
|-boost|p1a: Wartortle|spe|2
|
|upkeep
|turn|11
|
|t:|1628621168
|move|p1a: Wartortle|Hydro Pump|p2a: Passimian
|-damage|p2a: Passimian|0 fnt
|faint|p2a: Passimian
|
|upkeep
|
|t:|1628621176
|switch|p2a: Whimsicott|Whimsicott, M|100/100
|turn|12
|
|t:|1628621180
|move|p1a: Wartortle|Ice Beam|p2a: Whimsicott
|-supereffective|p2a: Whimsicott
|-damage|p2a: Whimsicott|0 fnt
|faint|p2a: Whimsicott
|
|upkeep
|
|t:|1628621182
|switch|p2a: Druddigon|Druddigon, M|100/100
|turn|13
|
|t:|1628621185
|move|p1a: Wartortle|Ice Beam|p2a: Druddigon
|-supereffective|p2a: Druddigon
|-damage|p2a: Druddigon|16/100
|move|p2a: Druddigon|Dragon Tail|p1a: Wartortle
|-damage|p1a: Wartortle|0 fnt
|faint|p1a: Wartortle
|
|-heal|p2a: Druddigon|22/100|[from] item: Leftovers
|upkeep
|
|t:|1628621203
|switch|p1a: Type: Null|Type: Null|100/100
|-damage|p1a: Type: Null|88/100|[from] Spikes
|turn|14
|c| PULT94D Art|:tympole:
|
|t:|1628621217
|move|p1a: Type: Null|Facade|p2a: Druddigon
|-damage|p2a: Druddigon|4/100
|-damage|p1a: Type: Null|76/100|[from] ability: Rough Skin|[of] p2a: Druddigon
|move|p2a: Druddigon|Stealth Rock|p1a: Type: Null
|-sidestart|p1: despacitoplayalexa|move: Stealth Rock
|
|-heal|p2a: Druddigon|10/100|[from] item: Leftovers
|upkeep
|turn|15
|c|☆despacitoplayalexa|that shit so ass
|
|t:|1628621226
|move|p1a: Type: Null|Facade|p2a: Druddigon
|-damage|p2a: Druddigon|0 fnt
|-damage|p1a: Type: Null|63/100|[from] ability: Rough Skin|[of] p2a: Druddigon
|faint|p2a: Druddigon
|
|upkeep
|c| Pult94d dani|:o
|
|t:|1628621242
|switch|p2a: Silvally|Silvally-Steel|40/100
|turn|16
|
|t:|1628621257
|move|p2a: Silvally|Flame Charge|p1a: Type: Null
|-damage|p1a: Type: Null|57/100
|-boost|p2a: Silvally|spe|1
|move|p1a: Type: Null|Shadow Claw|p2a: Silvally
|-damage|p2a: Silvally|25/100
|
|upkeep
|turn|17
|
|t:|1628621266
|move|p2a: Silvally|Swords Dance|p2a: Silvally
|-boost|p2a: Silvally|atk|2
|move|p1a: Type: Null|Swords Dance|p1a: Type: Null
|-boost|p1a: Type: Null|atk|2
|
|upkeep
|turn|18
|
|t:|1628621269
|move|p2a: Silvally|Multi-Attack|p1a: Type: Null
|-damage|p1a: Type: Null|12/100
|move|p1a: Type: Null|Shadow Claw|p2a: Silvally
|-damage|p2a: Silvally|0 fnt
|faint|p2a: Silvally
|
|upkeep
|
|t:|1628621272
|switch|p2a: Articuno|Articuno-Galar|60/100
|turn|19
|
|t:|1628621276
|move|p2a: Articuno|Hurricane|p1a: Type: Null|[miss]
|-miss|p2a: Articuno|p1a: Type: Null
|move|p1a: Type: Null|Shadow Claw|p2a: Articuno
|-supereffective|p2a: Articuno
|-damage|p2a: Articuno|0 fnt
|faint|p2a: Articuno
|
|win|despacitoplayalexa
|raw|despacitoplayalexa's rating: 1228 &rarr; <strong>1266</strong><br />(+38 for winning)
|raw|pult94d expulso's rating: 1423 &rarr; <strong>1393</strong><br />(-30 for losing)
|c|☆despacitoplayalexa|lawd
|c|☆pult94d expulso|im such a fukcing tard
|c|☆pult94d expulso|jesus
|l|☆pult94d expulso
