|j|☆kacj0
|j|☆bababi
|t:|1639243626
|gametype|singles
|player|p1|kacj0|cowgirl|1258
|player|p2|bababi|cress|1566
|teamsize|p1|6
|teamsize|p2|6
|gen|8
|tier|[Gen 8] PU
|rated|
|rule|Sleep Clause Mod: Limit one foe put to sleep
|rule|Species Clause: Limit one of each Pokémon
|rule|OHKO Clause: OHKO moves are banned
|rule|Evasion Moves Clause: Evasion moves are banned
|rule|Endless Battle Clause: Forcing endless battles is banned
|rule|HP Percentage Mod: HP is shown in percentages
|rule|Dynamax Clause: You cannot dynamax
|clearpoke
|poke|p1|Throh, M|
|poke|p1|Tsareena, F|
|poke|p1|Dusknoir, M|
|poke|p1|Cofagrigus, M|
|poke|p1|Flareon, M|
|poke|p1|Lycanroc-Midnight, F|
|poke|p2|Rotom|
|poke|p2|Weezing, M|
|poke|p2|Togedemaru, M|
|poke|p2|Druddigon, F|
|poke|p2|Ribombee, F|
|poke|p2|Hitmontop, M|
|teampreview
|inactive|Battle timer is ON: inactive players will automatically lose when time's up. (requested by kacj0)
|inactive|bababi has 120 seconds left.
|c|☆kacj0|!
|c|☆kacj0|you have a cool team!
|c|☆bababi|i stole it from the forums lol
|c|☆bababi|but thanks
|inactive|bababi has 90 seconds left.
|c|☆kacj0|haha
|
|t:|1639243708
|start
|switch|p1a: Cofagrigus|Cofagrigus, M|100/100
|switch|p2a: Weezing|Weezing, M|100/100
|-ability|p2a: Weezing|Neutralizing Gas
|turn|1
|c|☆kacj0|the user matters too
|
|t:|1639243716
|move|p2a: Weezing|Taunt|p1a: Cofagrigus
|-start|p1a: Cofagrigus|move: Taunt
|move|p1a: Cofagrigus|Shadow Ball|p2a: Weezing
|-damage|p2a: Weezing|23/100
|
|upkeep
|turn|2
|c|☆kacj0|commennt on your taunt
|
|t:|1639243730
|move|p2a: Weezing|Toxic Spikes|p1a: Cofagrigus
|-sidestart|p1: kacj0|move: Toxic Spikes
|move|p1a: Cofagrigus|Shadow Ball|p2a: Weezing
|-damage|p2a: Weezing|0 fnt
|faint|p2a: Weezing
|-end|p2a: Weezing|ability: Neutralizing Gas
|
|upkeep
|c|☆bababi|you mean explain why i did it?
|c|☆kacj0|no
|c|☆kacj0|anyway
|c|☆kacj0|let's go on
|inactive|bababi has 120 seconds left.
|c|☆bababi|alright
|
|t:|1639243763
|switch|p2a: Ribombee|Ribombee, F|100/100
|turn|3
|
|t:|1639243771
|move|p2a: Ribombee|Quiver Dance|p2a: Ribombee
|-boost|p2a: Ribombee|spa|1
|-boost|p2a: Ribombee|spd|1
|-boost|p2a: Ribombee|spe|1
|move|p1a: Cofagrigus|Shadow Ball|p2a: Ribombee
|-damage|p2a: Ribombee|35/100
|
|-end|p1a: Cofagrigus|move: Taunt
|upkeep
|turn|4
|
|t:|1639243782
|move|p2a: Ribombee|Moonblast|p1a: Cofagrigus
|-damage|p1a: Cofagrigus|36/100
|-unboost|p1a: Cofagrigus|spa|1
|move|p1a: Cofagrigus|Shadow Ball|p2a: Ribombee
|-damage|p2a: Ribombee|0 fnt
|faint|p2a: Ribombee
|
|upkeep
|
|t:|1639243786
|switch|p2a: Rotom|Rotom|100/100
|turn|5
|
|t:|1639243795
|move|p2a: Rotom|Hex|p1a: Cofagrigus
|-supereffective|p1a: Cofagrigus
|-damage|p1a: Cofagrigus|0 fnt
|faint|p1a: Cofagrigus
|
|upkeep
|
|t:|1639243804
|switch|p1a: Throh|Throh, M|100/100
|-status|p1a: Throh|psn
|turn|6
|
|t:|1639243830
|move|p2a: Rotom|Substitute|p2a: Rotom
|-start|p2a: Rotom|Substitute
|-damage|p2a: Rotom|75/100
|move|p1a: Throh|Knock Off|p2a: Rotom
|-supereffective|p2a: Rotom
|-end|p2a: Rotom|Substitute
|
|-heal|p2a: Rotom|82/100|[from] item: Leftovers
|-damage|p1a: Throh|88/100 psn|[from] psn
|upkeep
|turn|7
|
|t:|1639243839
|switch|p2a: Hitmontop|Hitmontop, M|100/100
|move|p1a: Throh|Knock Off|p2a: Hitmontop
|-resisted|p2a: Hitmontop
|-damage|p2a: Hitmontop|68/100
|-enditem|p2a: Hitmontop|Heavy-Duty Boots|[from] move: Knock Off|[of] p1a: Throh
|
|-damage|p1a: Throh|76/100 psn|[from] psn
|upkeep
|turn|8
|
|t:|1639243847
|move|p2a: Hitmontop|Close Combat|p1a: Throh
|-damage|p1a: Throh|23/100 psn
|-unboost|p2a: Hitmontop|def|1
|-unboost|p2a: Hitmontop|spd|1
|move|p1a: Throh|Storm Throw|p2a: Hitmontop
|-crit|p2a: Hitmontop
|-damage|p2a: Hitmontop|0 fnt
|faint|p2a: Hitmontop
|
|-damage|p1a: Throh|11/100 psn|[from] psn
|upkeep
|
|t:|1639243860
|switch|p2a: Togedemaru|Togedemaru, M|100/100
|turn|9
|
|t:|1639243863
|move|p2a: Togedemaru|Iron Head|p1a: Throh
|-damage|p1a: Throh|0 fnt
|faint|p1a: Throh
|
|upkeep
|
|t:|1639243871
|switch|p1a: Tsareena|Tsareena, F|100/100
|turn|10
|
|t:|1639243880
|switch|p2a: Rotom|Rotom|82/100
|move|p1a: Tsareena|Knock Off|p2a: Rotom
|-supereffective|p2a: Rotom
|-damage|p2a: Rotom|0 fnt
|-enditem|p2a: Rotom|Leftovers|[from] move: Knock Off|[of] p1a: Tsareena
|faint|p2a: Rotom
|
|upkeep
|
|t:|1639243890
|switch|p2a: Togedemaru|Togedemaru, M|100/100
|turn|11
|
|t:|1639243893
|move|p2a: Togedemaru|Iron Head|p1a: Tsareena
|-damage|p1a: Tsareena|72/100
|cant|p1a: Tsareena|flinch
|
|upkeep
|turn|12
|
|t:|1639243898
|move|p2a: Togedemaru|Iron Head|p1a: Tsareena
|-damage|p1a: Tsareena|46/100
|move|p1a: Tsareena|Rapid Spin|p2a: Togedemaru
|-resisted|p2a: Togedemaru
|-damage|p2a: Togedemaru|88/100
|-boost|p1a: Tsareena|spe|1
|-sideend|p1: kacj0|Toxic Spikes|[from] move: Rapid Spin|[of] p1a: Tsareena
|
|-heal|p2a: Togedemaru|94/100|[from] item: Leftovers
|upkeep
|turn|13
|
|t:|1639243907
|move|p1a: Tsareena|High Jump Kick|p2a: Togedemaru
|-supereffective|p2a: Togedemaru
|-damage|p2a: Togedemaru|0 fnt
|faint|p2a: Togedemaru
|
|upkeep
|
|t:|1639243912
|switch|p2a: Druddigon|Druddigon, F|100/100
|turn|14
|
|t:|1639243917
|move|p1a: Tsareena|Knock Off|p2a: Druddigon
|-damage|p2a: Druddigon|73/100
|-damage|p1a: Tsareena|34/100|[from] ability: Rough Skin|[of] p2a: Druddigon
|-enditem|p2a: Druddigon|Leftovers|[from] move: Knock Off|[of] p1a: Tsareena
|move|p2a: Druddigon|Dragon Tail|p1a: Tsareena
|-damage|p1a: Tsareena|9/100
|drag|p1a: Flareon|Flareon, M|100/100
|
|-status|p1a: Flareon|tox|[from] item: Toxic Orb
|upkeep
|turn|15
|
|t:|1639243929
|move|p1a: Flareon|Facade|p2a: Druddigon
|-damage|p2a: Druddigon|12/100
|-damage|p1a: Flareon|88/100 tox|[from] ability: Rough Skin|[of] p2a: Druddigon
|move|p2a: Druddigon|Earthquake|p1a: Flareon
|-supereffective|p1a: Flareon
|-damage|p1a: Flareon|0 fnt
|faint|p1a: Flareon
|
|upkeep
|j| PKMisnotfun
|
|t:|1639243940
|switch|p1a: Dusknoir|Dusknoir, M|100/100
|turn|16
|
|t:|1639243944
|move|p1a: Dusknoir|Shadow Sneak|p2a: Druddigon
|-damage|p2a: Druddigon|0 fnt
|-damage|p1a: Dusknoir|88/100|[from] ability: Rough Skin|[of] p2a: Druddigon
|faint|p2a: Druddigon
|
|win|kacj0
|raw|kacj0's rating: 1258 &rarr; <strong>1301</strong><br />(+43 for winning)
|raw|bababi's rating: 1566 &rarr; <strong>1532</strong><br />(-34 for losing)
|c|☆kacj0|gg
|c|☆bababi|gg
|l|☆bababi
||Ladder isn't responding, score probably updated but might not have (Request timeout).
