|j|☆DragoKnight45
|j|☆sugar ovens
|t:|1653616807
|gametype|singles
|player|p1|DragoKnight45|crasherwake|1357
|player|p2|sugar ovens|169|1658
|teamsize|p1|6
|teamsize|p2|6
|gen|8
|tier|[Gen 8] PU
|rated|
|rule|Sleep Clause Mod: Limit one foe put to sleep
|rule|Species Clause: Limit one of each Pokémon
|rule|OHKO Clause: OHKO moves are banned
|rule|Evasion Moves Clause: Evasion moves are banned
|rule|Endless Battle Clause: Forcing endless battles is banned
|rule|HP Percentage Mod: HP is shown in percentages
|rule|Dynamax Clause: You cannot dynamax
|clearpoke
|poke|p1|Exeggutor, M|
|poke|p1|Whimsicott, F|
|poke|p1|Charizard, M|
|poke|p1|Ivysaur, M|
|poke|p1|Shiftry, M|
|poke|p1|Regirock|
|poke|p2|Lanturn, F|
|poke|p2|Mesprit|
|poke|p2|Aggron, F|
|poke|p2|Magmortar, F|
|poke|p2|Gourgeist-*, F|
|poke|p2|Silvally-*|
|teampreview
|inactive|Battle timer is ON: inactive players will automatically lose when time's up. (requested by DragoKnight45)
|
|t:|1653616825
|start
|switch|p1a: Scott|Whimsicott, F|100/100
|switch|p2a: Lanturn|Lanturn, F|100/100
|turn|1
|
|t:|1653616842
|move|p1a: Scott|Sunny Day|p1a: Scott
|-weather|SunnyDay
|move|p2a: Lanturn|Ice Beam|p1a: Scott
|-supereffective|p1a: Scott
|-damage|p1a: Scott|54/100
|
|-weather|SunnyDay|[upkeep]
|upkeep
|turn|2
|inactive|DragoKnight45 has 120 seconds left.
|
|t:|1653616873
|switch|p1a: Death&Destruction|Charizard, M|100/100
|switch|p2a: Gourgeist|Gourgeist-Super, F|100/100
|-item|p1a: Death&Destruction|Heavy-Duty Boots|[from] ability: Frisk|[of] p2a: Gourgeist|[identify]
|
|-weather|SunnyDay|[upkeep]
|-damage|p1a: Death&Destruction|88/100|[from] ability: Solar Power|[of] p1a: Death&Destruction
|upkeep
|turn|3
|inactive|DragoKnight45 has 120 seconds left.
|
|t:|1653616891
|switch|p2a: Lanturn|Lanturn, F|100/100
|move|p1a: Death&Destruction|Flamethrower|p2a: Lanturn
|-resisted|p2a: Lanturn
|-damage|p2a: Lanturn|71/100
|
|-weather|SunnyDay|[upkeep]
|-damage|p1a: Death&Destruction|76/100|[from] ability: Solar Power|[of] p1a: Death&Destruction
|upkeep
|turn|4
|inactive|sugar ovens has 120 seconds left.
|
|t:|1653616933
|move|p1a: Death&Destruction|Solar Beam||[still]
|-prepare|p1a: Death&Destruction|Solar Beam
|-anim|p1a: Death&Destruction|Solar Beam|p2a: Lanturn
|-supereffective|p2a: Lanturn
|-damage|p2a: Lanturn|6/100
|move|p2a: Lanturn|Volt Switch|p1a: Death&Destruction
|-supereffective|p1a: Death&Destruction
|-damage|p1a: Death&Destruction|7/100
|inactive|sugar ovens has 90 seconds left.
|
|t:|1653616972
|switch|p2a: Magmortar|Magmortar, F|100/100|[from]move: Volt Switch
|
|-weather|SunnyDay|[upkeep]
|-damage|p1a: Death&Destruction|0 fnt|[from] ability: Solar Power|[of] p1a: Death&Destruction
|faint|p1a: Death&Destruction
|upkeep
|j| tentimesten
|
|t:|1653616984
|switch|p1a: Chocolate|Regirock, shiny|100/100
|turn|5
|
|t:|1653616996
|switch|p2a: ground is nu :(|Silvally-Fighting|100/100
|move|p1a: Chocolate|Stealth Rock|p2a: ground is nu :(
|-sidestart|p2: sugar ovens|move: Stealth Rock
|
|-weather|SunnyDay|[upkeep]
|upkeep
|turn|6
|
|t:|1653617002
|switch|p1a: Egghead|Exeggutor, M|100/100
|move|p2a: ground is nu :(|Defog|p1a: Egghead
|-unboost|p1a: Egghead|evasion|1
|-sideend|p2: sugar ovens|Stealth Rock|[from] move: Defog|[of] p2a: ground is nu :(
|
|-weather|SunnyDay|[upkeep]
|upkeep
|turn|7
|
|t:|1653617014
|move|p1a: Egghead|Psychic|p2a: ground is nu :(
|-supereffective|p2a: ground is nu :(
|-damage|p2a: ground is nu :(|0 fnt
|faint|p2a: ground is nu :(
|-damage|p1a: Egghead|91/100|[from] item: Life Orb
|
|-weather|SunnyDay|[upkeep]
|upkeep
|
|t:|1653617023
|switch|p2a: Gourgeist|Gourgeist-Super, F|100/100
|-item|p1a: Egghead|Life Orb|[from] ability: Frisk|[of] p2a: Gourgeist|[identify]
|turn|8
|
|t:|1653617027
|move|p1a: Egghead|Sludge Bomb|p2a: Gourgeist
|-crit|p2a: Gourgeist
|-damage|p2a: Gourgeist|24/100
|-status|p2a: Gourgeist|psn
|-damage|p1a: Egghead|81/100|[from] item: Life Orb
|move|p2a: Gourgeist|Poltergeist|p1a: Egghead
|-activate|p1a: Egghead|move: Poltergeist|Life Orb
|-supereffective|p1a: Egghead
|-damage|p1a: Egghead|0 fnt
|faint|p1a: Egghead
|
|-weather|none
|-damage|p2a: Gourgeist|11/100 psn|[from] psn
|upkeep
|
|t:|1653617038
|switch|p1a: Scott|Whimsicott, F|54/100
|turn|9
|
|t:|1653617045
|move|p1a: Scott|Sunny Day|p1a: Scott
|-weather|SunnyDay
|move|p2a: Gourgeist|Synthesis|p2a: Gourgeist
|-heal|p2a: Gourgeist|78/100 psn
|
|-weather|SunnyDay|[upkeep]
|-damage|p2a: Gourgeist|66/100 psn|[from] psn
|upkeep
|turn|10
|
|t:|1653617057
|move|p1a: Scott|Encore|p2a: Gourgeist
|-start|p2a: Gourgeist|Encore
|move|p2a: Gourgeist|Synthesis|p2a: Gourgeist
|-heal|p2a: Gourgeist|100/100 psn
|
|-weather|SunnyDay|[upkeep]
|-damage|p2a: Gourgeist|88/100 psn|[from] psn
|upkeep
|turn|11
|
|t:|1653617075
|switch|p1a: Sassafras|Ivysaur, M|100/100
|move|p2a: Gourgeist|Synthesis|p2a: Gourgeist
|-heal|p2a: Gourgeist|100/100 psn
|
|-weather|SunnyDay|[upkeep]
|-damage|p2a: Gourgeist|88/100 psn|[from] psn
|upkeep
|turn|12
|inactive|sugar ovens has 90 seconds left.
|
|t:|1653617100
|switch|p2a: Magmortar|Magmortar, F|100/100
|move|p1a: Sassafras|Growth|p1a: Sassafras
|-boost|p1a: Sassafras|atk|2
|-boost|p1a: Sassafras|spa|2
|
|-weather|SunnyDay|[upkeep]
|upkeep
|turn|13
|
|t:|1653617118
|move|p1a: Sassafras|Sludge Bomb|p2a: Magmortar
|-damage|p2a: Magmortar|18/100
|move|p2a: Magmortar|Fire Blast|p1a: Sassafras
|-supereffective|p1a: Sassafras
|-damage|p1a: Sassafras|0 fnt
|faint|p1a: Sassafras
|
|-weather|SunnyDay|[upkeep]
|upkeep
|
|t:|1653617131
|switch|p1a: Chocolate|Regirock, shiny|100/100
|turn|14
|
|t:|1653617150
|move|p2a: Magmortar|Focus Blast|p1a: Chocolate
|-supereffective|p1a: Chocolate
|-damage|p1a: Chocolate|6/100
|move|p1a: Chocolate|Stealth Rock|p2a: Magmortar
|-sidestart|p2: sugar ovens|move: Stealth Rock
|
|-weather|SunnyDay|[upkeep]
|upkeep
|turn|15
|
|t:|1653617157
|move|p2a: Magmortar|Thunderbolt|p1a: Chocolate
|-damage|p1a: Chocolate|0 fnt
|faint|p1a: Chocolate
|
|-weather|SunnyDay|[upkeep]
|upkeep
|
|t:|1653617161
|switch|p1a: Samurai|Shiftry, M|100/100
|turn|16
|
|t:|1653617166
|switch|p2a: Lanturn|Lanturn, F|6/100
|-damage|p2a: Lanturn|0 fnt|[from] Stealth Rock
|faint|p2a: Lanturn
|move|p1a: Samurai|Solar Blade||[still]
|-prepare|p1a: Samurai|Solar Blade
|-anim|p1a: Samurai|Solar Blade|p2: Lanturn|[notarget]
|-fail|p1a: Samurai
|
|-weather|none
|upkeep
|
|t:|1653617188
|switch|p2a: Magmortar|Magmortar, F|18/100
|turn|17
|
|t:|1653617190
|move|p1a: Samurai|Sucker Punch|p2a: Magmortar
|-damage|p2a: Magmortar|0 fnt
|faint|p2a: Magmortar
|
|upkeep
|
|t:|1653617196
|switch|p2a: Aggron|Aggron, F|100/100
|-damage|p2a: Aggron|94/100|[from] Stealth Rock
|turn|18
|
|t:|1653617206
|switch|p1a: Scott|Whimsicott, F|54/100
|move|p2a: Aggron|Head Smash|p1a: Scott
|-damage|p1a: Scott|0 fnt
|faint|p1a: Scott
|
|-heal|p2a: Aggron|100/100|[from] item: Leftovers
|upkeep
|-message|DragoKnight45 forfeited.
|
|win|sugar ovens
|raw|DragoKnight45's rating: 1357 &rarr; <strong>1351</strong><br />(-6 for losing)
|raw|sugar ovens's rating: 1658 &rarr; <strong>1664</strong><br />(+6 for winning)
|l|☆DragoKnight45
|l|☆sugar ovens
||Ladder isn't responding, score probably updated but might not have (Request timeout).
|j|+HJAD
|j|☆sugar ovens
|player|p2|sugar ovens|169
|l|☆sugar ovens
|player|p2|
