|j|☆Heracross2.0
|j|☆Somerandomguy024
|t:|1664920511
|gametype|singles
|player|p1|Heracross2.0|roxanne-gen6|
|player|p2|Somerandomguy024|cynthia-gen4|
|teamsize|p1|6
|teamsize|p2|6
|gen|8
|tier|[Gen 8] PU
|rated|Tournament battle
|rule|Sleep Clause Mod: Limit one foe put to sleep
|rule|Species Clause: Limit one of each Pokémon
|rule|OHKO Clause: OHKO moves are banned
|rule|Evasion Items Clause: Evasion items are banned
|rule|Evasion Moves Clause: Evasion moves are banned
|rule|Endless Battle Clause: Forcing endless battles is banned
|rule|HP Percentage Mod: HP is shown in percentages
|rule|Dynamax Clause: You cannot dynamax
|clearpoke
|poke|p1|Guzzlord|
|poke|p1|Scyther, M|
|poke|p1|Archeops, F|
|poke|p1|Aggron, F|
|poke|p1|Charizard, F|
|poke|p1|Silvally-*|
|poke|p2|Rotom|
|poke|p2|Ribombee, F|
|poke|p2|Garbodor, F|
|poke|p2|Regirock|
|poke|p2|Eldegoss, F|
|poke|p2|Togedemaru, M|
|teampreview
|inactive|Battle timer is ON: inactive players will automatically lose when time's up. (requested by Heracross2.0)
|j| WiiShopMusic
|c|☆Heracross2.0|hf
|
|t:|1664920526
|start
|switch|p1a: Insaitable Hunger|Guzzlord, shiny|100/100
|switch|p2a: Togedemaru|Togedemaru, M|100/100
|turn|1
|
|t:|1664920537
|move|p2a: Togedemaru|Wish|p2a: Togedemaru
|move|p1a: Insaitable Hunger|Knock Off|p2a: Togedemaru
|-damage|p2a: Togedemaru|56/100
|-enditem|p2a: Togedemaru|Leftovers|[from] move: Knock Off|[of] p1a: Insaitable Hunger
|
|upkeep
|turn|2
|
|t:|1664920544
|switch|p1a: Simply Smashing|Aggron, F|100/100
|move|p2a: Togedemaru|Iron Head|p1a: Simply Smashing
|-damage|p1a: Simply Smashing|79/100
|
|-heal|p2a: Togedemaru|100/100|[from] move: Wish|[wisher] Togedemaru
|-heal|p1a: Simply Smashing|85/100|[from] item: Leftovers
|upkeep
|turn|3
|
|t:|1664920555
|move|p2a: Togedemaru|Wish|p2a: Togedemaru
|move|p1a: Simply Smashing|Stealth Rock|p2a: Togedemaru
|-sidestart|p2: Somerandomguy024|move: Stealth Rock
|
|-heal|p1a: Simply Smashing|91/100|[from] item: Leftovers
|upkeep
|turn|4
|
|t:|1664920564
|switch|p2a: Eldegoss|Eldegoss, F|100/100
|switch|p1a: Leon|Charizard, F, shiny|100/100
|
|upkeep
|turn|5
|
|t:|1664920573
|switch|p1a: Insaitable Hunger|Guzzlord, shiny|100/100
|move|p2a: Eldegoss|Leech Seed|p1a: Insaitable Hunger
|-start|p1a: Insaitable Hunger|move: Leech Seed
|
|-damage|p1a: Insaitable Hunger|88/100|[from] Leech Seed|[of] p2a: Eldegoss
|upkeep
|turn|6
|
|t:|1664920586
|switch|p1a: Leon|Charizard, F, shiny|100/100
|move|p2a: Eldegoss|Stun Spore|p1a: Leon
|-status|p1a: Leon|par
|
|upkeep
|turn|7
|
|t:|1664920592
|move|p2a: Eldegoss|Rapid Spin|p1a: Leon
|-damage|p1a: Leon|92/100 par
|-boost|p2a: Eldegoss|spe|1
|-sideend|p2: Somerandomguy024|Stealth Rock|[from] move: Rapid Spin|[of] p2a: Eldegoss
|move|p1a: Leon|Fire Blast|p2a: Eldegoss
|-supereffective|p2a: Eldegoss
|-damage|p2a: Eldegoss|1/100
|
|upkeep
|turn|8
|j| Emptymap
|
|t:|1664920600
|switch|p2a: Regirock|Regirock|100/100
|move|p1a: Leon|Fire Blast|p2a: Regirock|[miss]
|-miss|p1a: Leon|p2a: Regirock
|
|upkeep
|turn|9
|
|t:|1664920610
|switch|p1a: Simply Smashing|Aggron, F|91/100
|move|p2a: Regirock|Stealth Rock|p1a: Simply Smashing
|-sidestart|p1: Heracross2.0|move: Stealth Rock
|
|-heal|p1a: Simply Smashing|97/100|[from] item: Leftovers
|upkeep
|turn|10
|
|t:|1664920616
|move|p1a: Simply Smashing|Stealth Rock|p2a: Regirock
|-sidestart|p2: Somerandomguy024|move: Stealth Rock
|move|p2a: Regirock|Body Press|p1a: Simply Smashing
|-supereffective|p1a: Simply Smashing
|-damage|p1a: Simply Smashing|0 fnt
|faint|p1a: Simply Smashing
|
|upkeep
|
|t:|1664920624
|switch|p1a: Pink Gold|Silvally-Fairy, shiny|100/100
|-damage|p1a: Pink Gold|88/100|[from] Stealth Rock
|turn|11
|
|t:|1664920631
|move|p1a: Pink Gold|Toxic|p2a: Regirock
|-status|p2a: Regirock|tox
|move|p2a: Regirock|Rock Blast|p1a: Pink Gold
|-damage|p1a: Pink Gold|79/100
|-damage|p1a: Pink Gold|69/100
|-hitcount|p1a: Pink Gold|2
|
|-damage|p2a: Regirock|94/100 tox|[from] psn
|upkeep
|turn|12
|
|t:|1664920642
|move|p1a: Pink Gold|Multi-Attack|p2a: Regirock
|-damage|p2a: Regirock|74/100 tox
|move|p2a: Regirock|Rock Blast|p1a: Pink Gold
|-damage|p1a: Pink Gold|60/100
|-damage|p1a: Pink Gold|50/100
|-damage|p1a: Pink Gold|41/100
|-hitcount|p1a: Pink Gold|3
|
|-heal|p2a: Regirock|80/100 tox|[from] item: Leftovers
|-damage|p2a: Regirock|68/100 tox|[from] psn
|upkeep
|turn|13
|
|t:|1664920652
|switch|p1a: blind as a bat|Archeops, F|100/100
|move|p2a: Regirock|Rock Blast|p1a: blind as a bat
|-supereffective|p1a: blind as a bat
|-damage|p1a: blind as a bat|70/100
|-supereffective|p1a: blind as a bat
|-damage|p1a: blind as a bat|39/100
|-supereffective|p1a: blind as a bat
|-damage|p1a: blind as a bat|8/100
|-hitcount|p1a: blind as a bat|3
|
|-heal|p2a: Regirock|74/100 tox|[from] item: Leftovers
|-damage|p2a: Regirock|56/100 tox|[from] psn
|upkeep
|turn|14
|
|t:|1664920664
|move|p1a: blind as a bat|Roost|p1a: blind as a bat
|-heal|p1a: blind as a bat|58/100
|-singleturn|p1a: blind as a bat|move: Roost
|move|p2a: Regirock|Rock Blast|p1a: blind as a bat
|-damage|p1a: blind as a bat|43/100
|-damage|p1a: blind as a bat|28/100
|-hitcount|p1a: blind as a bat|2
|
|-heal|p2a: Regirock|62/100 tox|[from] item: Leftovers
|-damage|p2a: Regirock|38/100 tox|[from] psn
|upkeep
|turn|15
|
|t:|1664920668
|move|p1a: blind as a bat|U-turn|p2a: Regirock
|-damage|p2a: Regirock|33/100 tox
|
|t:|1664920670
|switch|p1a: Pink Gold|Silvally-Fairy, shiny|41/100|[from]move: U-turn
|-damage|p1a: Pink Gold|29/100|[from] Stealth Rock
|move|p2a: Regirock|Rest|p2a: Regirock
|-status|p2a: Regirock|slp|[from] move: Rest
|-heal|p2a: Regirock|100/100 slp|[silent]
|
|upkeep
|turn|16
|
|t:|1664920686
|switch|p1a: Insaitable Hunger|Guzzlord, shiny|88/100
|-damage|p1a: Insaitable Hunger|76/100|[from] Stealth Rock
|switch|p2a: Togedemaru|Togedemaru, M|100/100
|-damage|p2a: Togedemaru|95/100|[from] Stealth Rock
|
|upkeep
|turn|17
|
|t:|1664920690
|move|p2a: Togedemaru|Spiky Shield|p2a: Togedemaru
|-singleturn|p2a: Togedemaru|move: Protect
|move|p1a: Insaitable Hunger|Dark Pulse|p2a: Togedemaru
|-activate|p2a: Togedemaru|move: Protect
|
|upkeep
|turn|18
|c| WiiShopMusic|bro regirock is so strong
|c|☆Somerandomguy024|yeah its pretty good
|
|t:|1664920707
|switch|p1a: Scythes Ablaze|Scyther, M|100/100
|move|p2a: Togedemaru|U-turn|p1a: Scythes Ablaze
|-resisted|p1a: Scythes Ablaze
|-damage|p1a: Scythes Ablaze|89/100
|
|t:|1664920711
|switch|p2a: Regirock|Regirock|100/100 slp|[from]move: U-turn
|-damage|p2a: Regirock|88/100 slp|[from] Stealth Rock
|
|-heal|p2a: Regirock|94/100 slp|[from] item: Leftovers
|upkeep
|turn|19
|
|t:|1664920717
|move|p1a: Scythes Ablaze|Knock Off|p2a: Regirock
|-damage|p2a: Regirock|82/100 slp
|-enditem|p2a: Regirock|Leftovers|[from] move: Knock Off|[of] p1a: Scythes Ablaze
|cant|p2a: Regirock|slp
|
|upkeep
|turn|20
|
|t:|1664920722
|move|p1a: Scythes Ablaze|U-turn|p2a: Regirock
|-damage|p2a: Regirock|66/100 slp
|
|t:|1664920724
|switch|p1a: Insaitable Hunger|Guzzlord, shiny|76/100|[from]move: U-turn
|-damage|p1a: Insaitable Hunger|63/100|[from] Stealth Rock
|cant|p2a: Regirock|slp
|
|upkeep
|turn|21
|c| WiiShopMusic|legit only specs jelli can ohko lmao
|
|t:|1664920732
|move|p1a: Insaitable Hunger|Dark Pulse|p2a: Regirock
|-damage|p2a: Regirock|21/100 slp
|-curestatus|p2a: Regirock|slp|[msg]
|cant|p2a: Regirock|flinch
|
|upkeep
|turn|22
|
|t:|1664920742
|switch|p1a: Scythes Ablaze|Scyther, M|89/100
|switch|p2a: Togedemaru|Togedemaru, M|95/100
|-damage|p2a: Togedemaru|89/100|[from] Stealth Rock
|
|upkeep
|turn|23
|c| WiiShopMusic|:(
|
|t:|1664920751
|move|p1a: Scythes Ablaze|Swords Dance|p1a: Scythes Ablaze
|-boost|p1a: Scythes Ablaze|atk|2
|move|p2a: Togedemaru|Iron Head|p1a: Scythes Ablaze
|-damage|p1a: Scythes Ablaze|47/100
|
|upkeep
|turn|24
|
|t:|1664920757
|move|p1a: Scythes Ablaze|Knock Off|p2a: Togedemaru
|-damage|p2a: Togedemaru|26/100
|move|p2a: Togedemaru|Iron Head|p1a: Scythes Ablaze
|-damage|p1a: Scythes Ablaze|4/100
|
|upkeep
|turn|25
|
|t:|1664920763
|switch|p1a: blind as a bat|Archeops, F|28/100
|move|p2a: Togedemaru|Spiky Shield||[still]
|-fail|p2a: Togedemaru
|
|upkeep
|turn|26
|
|t:|1664920768
|move|p1a: blind as a bat|Earthquake|p2a: Togedemaru
|-supereffective|p2a: Togedemaru
|-damage|p2a: Togedemaru|0 fnt
|faint|p2a: Togedemaru
|
|upkeep
|
|t:|1664920774
|switch|p2a: Rotom|Rotom|100/100
|-damage|p2a: Rotom|88/100|[from] Stealth Rock
|turn|27
|
|t:|1664920778
|move|p2a: Rotom|Thunderbolt|p1a: blind as a bat
|-supereffective|p1a: blind as a bat
|-damage|p1a: blind as a bat|0 fnt
|faint|p1a: blind as a bat
|
|upkeep
|
|t:|1664920781
|switch|p1a: Insaitable Hunger|Guzzlord, shiny|63/100
|-damage|p1a: Insaitable Hunger|51/100|[from] Stealth Rock
|turn|28
|
|t:|1664920789
|switch|p2a: Ribombee|Ribombee, F|100/100
|move|p1a: Insaitable Hunger|Sludge Bomb|p2a: Ribombee
|-supereffective|p2a: Ribombee
|-crit|p2a: Ribombee
|-damage|p2a: Ribombee|0 fnt
|faint|p2a: Ribombee
|-ability|p1a: Insaitable Hunger|Beast Boost|boost
|-boost|p1a: Insaitable Hunger|spa|1
|
|upkeep
|
|t:|1664920794
|switch|p2a: Rotom|Rotom|88/100
|-damage|p2a: Rotom|76/100|[from] Stealth Rock
|turn|29
|
|t:|1664920800
|move|p2a: Rotom|Trick|p1a: Insaitable Hunger
|-activate|p2a: Rotom|move: Trick|[of] p1a: Insaitable Hunger
|-item|p1a: Insaitable Hunger|Choice Scarf|[from] move: Trick
|-item|p2a: Rotom|Choice Specs|[from] move: Trick
|move|p1a: Insaitable Hunger|Sludge Bomb|p2a: Rotom
|-resisted|p2a: Rotom
|-damage|p2a: Rotom|45/100
|
|upkeep
|turn|30
|
|t:|1664920808
|move|p1a: Insaitable Hunger|Sludge Bomb|p2a: Rotom
|-resisted|p2a: Rotom
|-damage|p2a: Rotom|13/100
|-status|p2a: Rotom|psn
|move|p2a: Rotom|Thunderbolt|p1a: Insaitable Hunger
|-resisted|p1a: Insaitable Hunger
|-damage|p1a: Insaitable Hunger|21/100
|
|-damage|p2a: Rotom|0 fnt|[from] psn
|faint|p2a: Rotom
|upkeep
|
|t:|1664920813
|switch|p2a: Garbodor|Garbodor, F|100/100
|-damage|p2a: Garbodor|88/100|[from] Stealth Rock
|turn|31
|
|t:|1664920822
|switch|p1a: Pink Gold|Silvally-Fairy, shiny|29/100
|-damage|p1a: Pink Gold|16/100|[from] Stealth Rock
|move|p2a: Garbodor|Stomping Tantrum|p1a: Pink Gold
|-damage|p1a: Pink Gold|0 fnt
|faint|p1a: Pink Gold
|
|upkeep
|
|t:|1664920827
|switch|p1a: Insaitable Hunger|Guzzlord, shiny|21/100
|-damage|p1a: Insaitable Hunger|8/100|[from] Stealth Rock
|turn|32
|
|t:|1664920833
|move|p1a: Insaitable Hunger|Dark Pulse|p2a: Garbodor
|-damage|p2a: Garbodor|52/100
|move|p2a: Garbodor|Gunk Shot|p1a: Insaitable Hunger
|-damage|p1a: Insaitable Hunger|0 fnt
|faint|p1a: Insaitable Hunger
|
|upkeep
|
|t:|1664920836
|switch|p1a: Leon|Charizard, F, shiny|92/100 par
|turn|33
|
|t:|1664920840
|move|p2a: Garbodor|Gunk Shot|p1a: Leon
|-damage|p1a: Leon|33/100 par
|cant|p1a: Leon|par
|
|upkeep
|turn|34
|
|t:|1664920844
|move|p2a: Garbodor|Gunk Shot|p1a: Leon
|-damage|p1a: Leon|0 fnt
|faint|p1a: Leon
|
|upkeep
|c|☆Heracross2.0|hate it here
|c|☆Heracross2.0|gg
|
|t:|1664920852
|switch|p1a: Scythes Ablaze|Scyther, M|4/100
|turn|35
|c|☆Somerandomguy024|gg
|
|t:|1664920857
|move|p1a: Scythes Ablaze|Dual Wingbeat|p2a: Garbodor
|-damage|p2a: Garbodor|30/100
|-damage|p1a: Scythes Ablaze|0 fnt|[from] item: Rocky Helmet|[of] p2a: Garbodor
|faint|p1a: Scythes Ablaze
|
|win|Somerandomguy024
|-hitcount|p2a: Garbodor|1
|n|☆Heracross2.0|heracross20
|n|☆Somerandomguy024|somerandomguy024
|n| WiiShopMusic|wiishopmusic
|n| Emptymap|emptymap
