|j|☆Marx' Feces
|j|☆ayo bb
|t:|1621026917
|gametype|singles
|player|p1|Marx' Feces|li|1394
|player|p2|ayo bb|169|1631
|teamsize|p1|6
|teamsize|p2|6
|gen|8
|tier|[Gen 8] PU
|rated|
|rule|Sleep Clause Mod: Limit one foe put to sleep
|rule|Species Clause: Limit one of each Pokémon
|rule|OHKO Clause: OHKO moves are banned
|rule|Evasion Moves Clause: Evasion moves are banned
|rule|Endless Battle Clause: Forcing endless battles is banned
|rule|HP Percentage Mod: HP is shown in percentages
|rule|Dynamax Clause: You cannot dynamax
|clearpoke
|poke|p1|Basculin-Blue-Striped, M|
|poke|p1|Ribombee, F|
|poke|p1|Absol, M|
|poke|p1|Tsareena, F|
|poke|p1|Boltund, M|
|poke|p1|Regirock|
|poke|p2|Boltund, M|
|poke|p2|Persian-Alola, F|
|poke|p2|Stunfisk-Galar, F|
|poke|p2|Gourgeist-*, M|
|poke|p2|Cramorant, M|
|poke|p2|Mesprit|
|teampreview
|
|t:|1621026931
|start
|switch|p1a: Regirock|Regirock|100/100
|switch|p2a: Persian|Persian-Alola, F|100/100
|turn|1
|
|t:|1621026938
|switch|p2a: Gourgeist|Gourgeist-Super, M|100/100
|-item|p1a: Regirock|Leftovers|[from] ability: Frisk|[of] p2a: Gourgeist|[identify]
|move|p1a: Regirock|Stealth Rock|p2a: Gourgeist
|-sidestart|p2: ayo bb|move: Stealth Rock
|
|upkeep
|turn|2
|
|t:|1621026946
|move|p2a: Gourgeist|Power Whip|p1a: Regirock
|-supereffective|p1a: Regirock
|-damage|p1a: Regirock|35/100
|move|p1a: Regirock|Toxic|p2a: Gourgeist
|-status|p2a: Gourgeist|tox
|
|-heal|p1a: Regirock|41/100|[from] item: Leftovers
|-damage|p2a: Gourgeist|94/100 tox|[from] psn
|upkeep
|turn|3
|
|t:|1621026956
|switch|p1a: Tsareena|Tsareena, F|100/100
|move|p2a: Gourgeist|Power Whip|p1a: Tsareena|[miss]
|-miss|p2a: Gourgeist|p1a: Tsareena
|
|-damage|p2a: Gourgeist|82/100 tox|[from] psn
|upkeep
|turn|4
|
|t:|1621026964
|switch|p2a: Persian|Persian-Alola, F|100/100
|-damage|p2a: Persian|88/100|[from] Stealth Rock
|move|p1a: Tsareena|Trop Kick|p2a: Persian
|-damage|p2a: Persian|70/100
|-unboost|p2a: Persian|atk|1
|
|-heal|p2a: Persian|76/100|[from] item: Leftovers
|upkeep
|turn|5
|
|t:|1621026973
|move|p2a: Persian|Foul Play|p1a: Tsareena
|-damage|p1a: Tsareena|59/100
|move|p1a: Tsareena|U-turn|p2a: Persian
|-supereffective|p2a: Persian
|-damage|p2a: Persian|50/100
|
|t:|1621026980
|switch|p1a: Ribombee|Ribombee, F|100/100|[from]move: U-turn
|
|-heal|p2a: Persian|56/100|[from] item: Leftovers
|upkeep
|turn|6
|
|t:|1621026987
|switch|p2a: stream electric|Stunfisk-Galar, F|100/100
|-damage|p2a: stream electric|97/100|[from] Stealth Rock
|move|p1a: Ribombee|Sticky Web|p2a: stream electric
|-sidestart|p2: ayo bb|move: Sticky Web
|
|-heal|p2a: stream electric|100/100|[from] item: Leftovers
|upkeep
|turn|7
|
|t:|1621026998
|switch|p1a: Tsareena|Tsareena, F|59/100
|move|p2a: stream electric|Snap Trap|p1a: Tsareena
|-resisted|p1a: Tsareena
|-damage|p1a: Tsareena|55/100
|-activate|p1a: Tsareena|move: Snap Trap|[of] p2a: stream electric
|
|-heal|p1a: Tsareena|61/100|[from] item: Leftovers
|-damage|p1a: Tsareena|49/100|[from] move: Snap Trap|[partiallytrapped]
|upkeep
|turn|8
|
|t:|1621027010
|move|p1a: Tsareena|Synthesis|p1a: Tsareena
|-heal|p1a: Tsareena|99/100
|move|p2a: stream electric|Yawn|p1a: Tsareena
|-start|p1a: Tsareena|move: Yawn|[of] p2a: stream electric
|
|-heal|p1a: Tsareena|100/100|[from] item: Leftovers
|-damage|p1a: Tsareena|88/100|[from] move: Snap Trap|[partiallytrapped]
|upkeep
|turn|9
|
|t:|1621027022
|move|p2a: stream electric|Protect|p2a: stream electric
|-singleturn|p2a: stream electric|Protect
|move|p1a: Tsareena|Trop Kick|p2a: stream electric
|-activate|p2a: stream electric|move: Protect
|
|-heal|p1a: Tsareena|94/100|[from] item: Leftovers
|-damage|p1a: Tsareena|82/100|[from] move: Snap Trap|[partiallytrapped]
|-end|p1a: Tsareena|move: Yawn|[silent]
|-status|p1a: Tsareena|slp
|upkeep
|turn|10
|
|t:|1621027032
|switch|p2a: Cramorant|Cramorant, M|100/100
|cant|p1a: Tsareena|slp
|
|-heal|p1a: Tsareena|88/100 slp|[from] item: Leftovers
|-end|p1a: Tsareena|Snap Trap|[partiallytrapped]|[silent]
|upkeep
|turn|11
|
|t:|1621027042
|move|p2a: Cramorant|Defog|p1a: Tsareena
|-unboost|p1a: Tsareena|evasion|1
|-sideend|p2: ayo bb|Stealth Rock|[from] move: Defog|[of] p2a: Cramorant
|-sideend|p2: ayo bb|Sticky Web|[from] move: Defog|[of] p2a: Cramorant
|-curestatus|p1a: Tsareena|slp|[msg]
|move|p1a: Tsareena|Synthesis|p1a: Tsareena
|-heal|p1a: Tsareena|100/100
|
|upkeep
|turn|12
|
|t:|1621027050
|move|p2a: Cramorant|Hurricane|p1a: Tsareena
|-supereffective|p1a: Tsareena
|-damage|p1a: Tsareena|53/100
|move|p1a: Tsareena|U-turn|p2a: Cramorant
|-resisted|p2a: Cramorant
|-damage|p2a: Cramorant|87/100
|
|t:|1621027057
|switch|p1a: Boltund|Boltund, M|100/100|[from]move: U-turn
|
|upkeep
|turn|13
|
|t:|1621027075
|switch|p2a: Mesprit|Mesprit|100/100
|move|p1a: Boltund|Crunch|p2a: Mesprit
|-supereffective|p2a: Mesprit
|-damage|p2a: Mesprit|27/100
|
|-heal|p2a: Mesprit|33/100|[from] item: Leftovers
|upkeep
|turn|14
|
|t:|1621027086
|switch|p2a: Persian|Persian-Alola, F|56/100
|move|p1a: Boltund|Crunch|p2a: Persian
|-resisted|p2a: Persian
|-damage|p2a: Persian|45/100
|-unboost|p2a: Persian|def|1
|
|-heal|p2a: Persian|50/100|[from] item: Leftovers
|upkeep
|turn|15
|j| no+de3xdia
|
|t:|1621027099
|switch|p2a: stream electric|Stunfisk-Galar, F|100/100
|move|p1a: Boltund|Thunder Fang|p2a: stream electric
|-immune|p2a: stream electric
|
|upkeep
|turn|16
|
|t:|1621027114
|move|p1a: Boltund|Fire Fang|p2a: stream electric
|-supereffective|p2a: stream electric
|-damage|p2a: stream electric|54/100
|move|p2a: stream electric|Snap Trap|p1a: Boltund
|-damage|p1a: Boltund|87/100
|-activate|p1a: Boltund|move: Snap Trap|[of] p2a: stream electric
|
|-heal|p2a: stream electric|60/100|[from] item: Leftovers
|-damage|p1a: Boltund|75/100|[from] move: Snap Trap|[partiallytrapped]
|upkeep
|turn|17
|
|t:|1621027130
|move|p2a: stream electric|Protect|p2a: stream electric
|-singleturn|p2a: stream electric|Protect
|move|p1a: Boltund|Fire Fang|p2a: stream electric
|-activate|p2a: stream electric|move: Protect
|
|-heal|p2a: stream electric|66/100|[from] item: Leftovers
|-damage|p1a: Boltund|63/100|[from] move: Snap Trap|[partiallytrapped]
|upkeep
|turn|18
|
|t:|1621027140
|move|p1a: Boltund|Fire Fang|p2a: stream electric
|-supereffective|p2a: stream electric
|-damage|p2a: stream electric|23/100
|cant|p2a: stream electric|flinch
|
|-heal|p2a: stream electric|29/100|[from] item: Leftovers
|-damage|p1a: Boltund|50/100|[from] move: Snap Trap|[partiallytrapped]
|upkeep
|turn|19
|
|t:|1621027152
|move|p2a: stream electric|Protect|p2a: stream electric
|-singleturn|p2a: stream electric|Protect
|move|p1a: Boltund|Crunch|p2a: stream electric
|-activate|p2a: stream electric|move: Protect
|
|-heal|p2a: stream electric|35/100|[from] item: Leftovers
|-damage|p1a: Boltund|38/100|[from] move: Snap Trap|[partiallytrapped]
|upkeep
|turn|20
|
|t:|1621027160
|switch|p2a: Persian|Persian-Alola, F|50/100
|move|p1a: Boltund|Fire Fang|p2a: Persian
|-damage|p2a: Persian|33/100
|
|-heal|p2a: Persian|39/100|[from] item: Leftovers
|-end|p1a: Boltund|Snap Trap|[partiallytrapped]
|upkeep
|turn|21
|
|t:|1621027172
|move|p1a: Boltund|Volt Switch|p2a: Persian
|-damage|p2a: Persian|2/100
|
|t:|1621027183
|switch|p1a: Ribombee|Ribombee, F|100/100|[from]move: Volt Switch
|move|p2a: Persian|Rest|p2a: Persian
|-status|p2a: Persian|slp|[from] move: Rest
|-heal|p2a: Persian|100/100 slp|[silent]
|
|upkeep
|turn|22
|
|t:|1621027191
|switch|p2a: stream electric|Stunfisk-Galar, F|35/100
|move|p1a: Ribombee|Sticky Web|p2a: stream electric
|-sidestart|p2: ayo bb|move: Sticky Web
|
|-heal|p2a: stream electric|41/100|[from] item: Leftovers
|upkeep
|turn|23
|
|t:|1621027200
|move|p1a: Ribombee|Energy Ball|p2a: stream electric
|-damage|p2a: stream electric|26/100
|move|p2a: stream electric|Snap Trap|p1a: Ribombee
|-resisted|p1a: Ribombee
|-crit|p1a: Ribombee
|-damage|p1a: Ribombee|90/100
|-activate|p1a: Ribombee|move: Snap Trap|[of] p2a: stream electric
|
|-heal|p2a: stream electric|32/100|[from] item: Leftovers
|-damage|p1a: Ribombee|78/100|[from] move: Snap Trap|[partiallytrapped]
|upkeep
|turn|24
|
|t:|1621027215
|move|p1a: Ribombee|Energy Ball|p2a: stream electric
|-damage|p2a: stream electric|17/100
|move|p2a: stream electric|Yawn|p1a: Ribombee
|-start|p1a: Ribombee|move: Yawn|[of] p2a: stream electric
|
|-heal|p2a: stream electric|23/100|[from] item: Leftovers
|-damage|p1a: Ribombee|66/100|[from] move: Snap Trap|[partiallytrapped]
|upkeep
|turn|25
|
|t:|1621027227
|move|p2a: stream electric|Protect|p2a: stream electric
|-singleturn|p2a: stream electric|Protect
|move|p1a: Ribombee|Energy Ball|p2a: stream electric
|-activate|p2a: stream electric|move: Protect
|
|-heal|p2a: stream electric|29/100|[from] item: Leftovers
|-damage|p1a: Ribombee|53/100|[from] move: Snap Trap|[partiallytrapped]
|-end|p1a: Ribombee|move: Yawn|[silent]
|-status|p1a: Ribombee|slp
|upkeep
|turn|26
|
|t:|1621027238
|cant|p1a: Ribombee|slp
|move|p2a: stream electric|Earthquake|p1a: Ribombee
|-resisted|p1a: Ribombee
|-damage|p1a: Ribombee|25/100 slp
|
|-heal|p2a: stream electric|35/100|[from] item: Leftovers
|-damage|p1a: Ribombee|13/100 slp|[from] move: Snap Trap|[partiallytrapped]
|upkeep
|turn|27
|
|t:|1621027245
|cant|p1a: Ribombee|slp
|move|p2a: stream electric|Earthquake|p1a: Ribombee
|-resisted|p1a: Ribombee
|-damage|p1a: Ribombee|0 fnt
|faint|p1a: Ribombee
|
|-heal|p2a: stream electric|41/100|[from] item: Leftovers
|upkeep
|
|t:|1621027257
|switch|p1a: Basculin|Basculin-Blue-Striped, M|100/100
|turn|28
|
|t:|1621027270
|move|p2a: stream electric|Protect|p2a: stream electric
|-singleturn|p2a: stream electric|Protect
|move|p1a: Basculin|Hydro Pump|p2a: stream electric
|-activate|p2a: stream electric|move: Protect
|
|-heal|p2a: stream electric|47/100|[from] item: Leftovers
|upkeep
|turn|29
|
|t:|1621027280
|switch|p2a: Cramorant|Cramorant, M|87/100
|move|p1a: Basculin|Hydro Pump|p2a: Cramorant
|-resisted|p2a: Cramorant
|-damage|p2a: Cramorant|49/100
|-damage|p1a: Basculin|91/100|[from] item: Life Orb
|
|upkeep
|turn|30
|
|t:|1621027296
|switch|p1a: Tsareena|Tsareena, F|53/100
|move|p2a: Cramorant|Roost|p2a: Cramorant
|-heal|p2a: Cramorant|99/100
|-singleturn|p2a: Cramorant|move: Roost
|
|-heal|p1a: Tsareena|59/100|[from] item: Leftovers
|upkeep
|turn|31
|l| no+de3xdia
|
|t:|1621027311
|move|p2a: Cramorant|Defog|p1a: Tsareena
|-unboost|p1a: Tsareena|evasion|1
|-sideend|p2: ayo bb|Sticky Web|[from] move: Defog|[of] p2a: Cramorant
|move|p1a: Tsareena|Trop Kick|p2a: Cramorant
|-damage|p2a: Cramorant|52/100
|-unboost|p2a: Cramorant|atk|1
|
|-heal|p1a: Tsareena|65/100|[from] item: Leftovers
|upkeep
|turn|32
|
|t:|1621027327
|switch|p2a: Gourgeist|Gourgeist-Super, M|82/100 tox
|-item|p1a: Tsareena|Leftovers|[from] ability: Frisk|[of] p2a: Gourgeist|[identify]
|move|p1a: Tsareena|Synthesis|p1a: Tsareena
|-heal|p1a: Tsareena|100/100
|
|-damage|p2a: Gourgeist|76/100 tox|[from] psn
|upkeep
|turn|33
|
|t:|1621027338
|move|p1a: Tsareena|U-turn|p2a: Gourgeist
|-damage|p2a: Gourgeist|60/100 tox
|
|t:|1621027347
|switch|p1a: Regirock|Regirock|41/100|[from]move: U-turn
|move|p2a: Gourgeist|Poltergeist|p1a: Regirock
|-activate|p1a: Regirock|move: Poltergeist|Leftovers
|-crit|p1a: Regirock
|-damage|p1a: Regirock|0 fnt
|faint|p1a: Regirock
|
|-damage|p2a: Gourgeist|47/100 tox|[from] psn
|upkeep
|
|t:|1621027360
|switch|p1a: Absol|Absol, M|100/100
|turn|34
|
|t:|1621027383
|move|p1a: Absol|Swords Dance|p1a: Absol
|-boost|p1a: Absol|atk|2
|move|p2a: Gourgeist|Poltergeist|p1a: Absol
|-activate|p1a: Absol|move: Poltergeist|Heavy-Duty Boots
|-resisted|p1a: Absol
|-damage|p1a: Absol|27/100
|
|-damage|p2a: Gourgeist|29/100 tox|[from] psn
|upkeep
|turn|35
|
|t:|1621027392
|move|p1a: Absol|Knock Off|p2a: Gourgeist
|-supereffective|p2a: Gourgeist
|-damage|p2a: Gourgeist|0 fnt
|-enditem|p2a: Gourgeist|Choice Band|[from] move: Knock Off|[of] p1a: Absol
|faint|p2a: Gourgeist
|
|upkeep
|
|t:|1621027396
|switch|p2a: Persian|Persian-Alola, F|100/100 slp
|turn|36
|
|t:|1621027401
|cant|p2a: Persian|slp
|move|p2a: Persian|Sleep Talk|p2a: Persian
|move|p2a: Persian|Rest||[from]move: Sleep Talk|[still]
|-fail|p2a: Persian
|move|p1a: Absol|Close Combat|p2a: Persian
|-supereffective|p2a: Persian
|-damage|p2a: Persian|0 fnt
|-unboost|p1a: Absol|def|1
|-unboost|p1a: Absol|spd|1
|faint|p2a: Persian
|
|upkeep
|
|t:|1621027412
|switch|p2a: Cramorant|Cramorant, M|52/100
|turn|37
|
|t:|1621027416
|move|p2a: Cramorant|Roost|p2a: Cramorant
|-heal|p2a: Cramorant|100/100
|-singleturn|p2a: Cramorant|move: Roost
|move|p1a: Absol|Knock Off|p2a: Cramorant
|-damage|p2a: Cramorant|0 fnt
|-enditem|p2a: Cramorant|Heavy-Duty Boots|[from] move: Knock Off|[of] p1a: Absol
|faint|p2a: Cramorant
|
|upkeep
|
|t:|1621027419
|switch|p2a: Mesprit|Mesprit|33/100
|turn|38
|
|t:|1621027427
|move|p1a: Absol|Sucker Punch||[still]
|-fail|p1a: Absol
|move|p2a: Mesprit|Stealth Rock|p1a: Absol
|-sidestart|p1: Marx' Feces|move: Stealth Rock
|
|-heal|p2a: Mesprit|39/100|[from] item: Leftovers
|upkeep
|turn|39
|
|t:|1621027432
|move|p2a: Mesprit|U-turn|p1a: Absol
|-supereffective|p1a: Absol
|-damage|p1a: Absol|0 fnt
|faint|p1a: Absol
|
|t:|1621027438
|switch|p2a: Boltund|Boltund, M|100/100|[from]move: U-turn
|
|upkeep
|
|t:|1621027449
|switch|p1a: Tsareena|Tsareena, F|100/100
|-damage|p1a: Tsareena|88/100|[from] Stealth Rock
|turn|40
|
|t:|1621027457
|move|p2a: Boltund|Fire Fang|p1a: Tsareena
|-supereffective|p1a: Tsareena
|-damage|p1a: Tsareena|15/100
|cant|p1a: Tsareena|flinch
|
|-heal|p1a: Tsareena|21/100|[from] item: Leftovers
|upkeep
|turn|41
|
|t:|1621027465
|move|p2a: Boltund|Fire Fang|p1a: Tsareena
|-supereffective|p1a: Tsareena
|-damage|p1a: Tsareena|0 fnt
|faint|p1a: Tsareena
|
|upkeep
|
|t:|1621027476
|switch|p1a: Boltund|Boltund, M|38/100
|-damage|p1a: Boltund|26/100|[from] Stealth Rock
|turn|42
|
|t:|1621027481
|move|p1a: Boltund|Fire Fang|p2a: Boltund
|-damage|p2a: Boltund|53/100
|-status|p2a: Boltund|brn
|move|p2a: Boltund|Fire Fang|p1a: Boltund
|-damage|p1a: Boltund|0 fnt
|faint|p1a: Boltund
|
|-damage|p2a: Boltund|47/100 brn|[from] brn
|upkeep
|
|t:|1621027492
|switch|p1a: Basculin|Basculin-Blue-Striped, M|91/100
|-damage|p1a: Basculin|78/100|[from] Stealth Rock
|turn|43
|
|t:|1621027497
|switch|p2a: Mesprit|Mesprit|39/100
|move|p1a: Basculin|Aqua Jet|p2a: Mesprit
|-damage|p2a: Mesprit|11/100
|-damage|p1a: Basculin|68/100|[from] item: Life Orb
|
|-heal|p2a: Mesprit|17/100|[from] item: Leftovers
|upkeep
|turn|44
|
|t:|1621027506
|move|p1a: Basculin|Aqua Jet|p2a: Mesprit
|-damage|p2a: Mesprit|0 fnt
|faint|p2a: Mesprit
|-damage|p1a: Basculin|58/100|[from] item: Life Orb
|
|upkeep
|
|t:|1621027509
|switch|p2a: Boltund|Boltund, M|47/100 brn
|turn|45
|
|t:|1621027513
|move|p1a: Basculin|Aqua Jet|p2a: Boltund
|-damage|p2a: Boltund|8/100 brn
|-damage|p1a: Basculin|48/100|[from] item: Life Orb
|move|p2a: Boltund|Thunder Fang|p1a: Basculin
|-supereffective|p1a: Basculin
|-damage|p1a: Basculin|0 fnt
|faint|p1a: Basculin
|
|win|ayo bb
|raw|Marx&apos; Feces's rating: 1394 &rarr; <strong>1386</strong><br />(-8 for losing)
|raw|ayo bb's rating: 1631 &rarr; <strong>1639</strong><br />(+8 for winning)
|l|☆Marx' Feces
|c|☆ayo bb|gg
