|j|☆Haffling
|j|☆sugar ovens
|t:|1667593809
|gametype|singles
|player|p1|Haffling|cyrus|
|player|p2|sugar ovens|twins|
|teamsize|p1|6
|teamsize|p2|6
|gen|8
|tier|[Gen 8] PU
|rated|Tournament battle
|rule|Sleep Clause Mod: Limit one foe put to sleep
|rule|Species Clause: Limit one of each Pokémon
|rule|OHKO Clause: OHKO moves are banned
|rule|Evasion Items Clause: Evasion items are banned
|rule|Evasion Moves Clause: Evasion moves are banned
|rule|Endless Battle Clause: Forcing endless battles is banned
|rule|HP Percentage Mod: HP is shown in percentages
|rule|Dynamax Clause: You cannot dynamax
|clearpoke
|poke|p1|Trevenant, F|
|poke|p1|Garbodor, F|
|poke|p1|Togedemaru, M|
|poke|p1|Sandslash, M|
|poke|p1|Gigalith, F|
|poke|p1|Comfey, M|
|poke|p2|Marowak, M|
|poke|p2|Gigalith, F|
|poke|p2|Tangela, M|
|poke|p2|Ribombee, F|
|poke|p2|Garbodor, M|
|poke|p2|Silvally-*|
|teampreview
|c|☆Haffling|hf
|c|☆sugar ovens|u2
|
|t:|1667593830
|start
|switch|p1a: Trevenant|Trevenant, F|100/100
|switch|p2a: Tangela|Tangela, M|100/100
|turn|1
|
|t:|1667593836
|switch|p1a: Togedemaru|Togedemaru, M|100/100
|move|p2a: Tangela|Knock Off|p1a: Togedemaru
|-damage|p1a: Togedemaru|81/100
|-enditem|p1a: Togedemaru|Leftovers|[from] move: Knock Off|[of] p2a: Tangela
|
|upkeep
|turn|2
|
|t:|1667593846
|move|p1a: Togedemaru|Iron Head|p2a: Tangela
|-damage|p2a: Tangela|89/100
|move|p2a: Tangela|Sleep Powder|p1a: Togedemaru
|-status|p1a: Togedemaru|slp|[from] move: Sleep Powder
|
|upkeep
|turn|3
|
|t:|1667593872
|switch|p1a: Garbodor|Garbodor, F|100/100
|move|p2a: Tangela|Sludge Bomb|p1a: Garbodor
|-resisted|p1a: Garbodor
|-damage|p1a: Garbodor|86/100
|
|upkeep
|turn|4
|
|t:|1667593880
|switch|p2a: Marowak|Marowak, M|100/100
|move|p1a: Garbodor|Spikes|p2a: Marowak
|-sidestart|p2: sugar ovens|Spikes
|
|upkeep
|turn|5
|j| shiny mr mime
|
|t:|1667593888
|move|p1a: Garbodor|Seed Bomb|p2a: Marowak
|-supereffective|p2a: Marowak
|-damage|p2a: Marowak|51/100
|move|p2a: Marowak|Substitute|p2a: Marowak
|-start|p2a: Marowak|Substitute
|-damage|p2a: Marowak|27/100
|
|upkeep
|turn|6
|
|t:|1667593895
|move|p1a: Garbodor|Seed Bomb|p2a: Marowak
|-supereffective|p2a: Marowak
|-end|p2a: Marowak|Substitute
|move|p2a: Marowak|Earthquake|p1a: Garbodor
|-supereffective|p1a: Garbodor
|-damage|p1a: Garbodor|0 fnt
|faint|p1a: Garbodor
|
|upkeep
|
|t:|1667593900
|switch|p1a: Sandslash|Sandslash, M|100/100
|turn|7
|
|t:|1667593907
|switch|p2a: Tangela|Tangela, M|100/100
|-damage|p2a: Tangela|88/100|[from] Spikes
|move|p1a: Sandslash|Knock Off|p2a: Tangela
|-damage|p2a: Tangela|71/100
|-enditem|p2a: Tangela|Eviolite|[from] move: Knock Off|[of] p1a: Sandslash
|-damage|p1a: Sandslash|91/100|[from] item: Life Orb
|
|upkeep
|turn|8
|l| shiny mr mime
|
|t:|1667593930
|switch|p1a: Togedemaru|Togedemaru, M|81/100 slp
|move|p2a: Tangela|Sludge Bomb|p1a: Togedemaru
|-immune|p1a: Togedemaru
|
|upkeep
|turn|9
|inactive|Battle timer is ON: inactive players will automatically lose when time's up. (requested by Haffling)
|
|t:|1667593943
|switch|p1a: Comfey|Comfey, M, shiny|100/100
|switch|p2a: Marowak|Marowak, M|27/100
|-damage|p2a: Marowak|14/100|[from] Spikes
|
|upkeep
|turn|10
|
|t:|1667593951
|switch|p2a: Garbodor|Garbodor, M|100/100
|-damage|p2a: Garbodor|88/100|[from] Spikes
|move|p1a: Comfey|Draining Kiss|p2a: Garbodor
|-resisted|p2a: Garbodor
|-damage|p2a: Garbodor|75/100
|
|-heal|p2a: Garbodor|81/100|[from] item: Black Sludge
|upkeep
|turn|11
|
|t:|1667593959
|move|p1a: Comfey|U-turn|p2a: Garbodor
|-resisted|p2a: Garbodor
|-damage|p2a: Garbodor|76/100
|
|t:|1667593962
|switch|p1a: Sandslash|Sandslash, M|91/100|[from]move: U-turn
|move|p2a: Garbodor|Spikes|p1a: Sandslash
|-sidestart|p1: Haffling|Spikes
|
|-heal|p2a: Garbodor|82/100|[from] item: Black Sludge
|upkeep
|turn|12
|
|t:|1667593979
|switch|p2a: Tangela|Tangela, M|100/100
|-damage|p2a: Tangela|88/100|[from] Spikes
|move|p1a: Sandslash|Leech Life|p2a: Tangela
|-supereffective|p2a: Tangela
|-damage|p2a: Tangela|44/100
|-heal|p1a: Sandslash|100/100|[from] drain|[of] p2a: Tangela
|-damage|p1a: Sandslash|91/100|[from] item: Life Orb
|
|upkeep
|turn|13
|j| Generation10
|
|t:|1667593991
|switch|p2a: Ribombee|Ribombee, F|100/100
|move|p1a: Sandslash|Leech Life|p2a: Ribombee
|-resisted|p2a: Ribombee
|-damage|p2a: Ribombee|68/100
|-heal|p1a: Sandslash|100/100|[from] drain|[of] p2a: Ribombee
|-damage|p1a: Sandslash|91/100|[from] item: Life Orb
|
|upkeep
|turn|14
|j|+astralydia
|
|t:|1667594005
|switch|p1a: Gigalith|Gigalith, F|100/100
|-damage|p1a: Gigalith|88/100|[from] Spikes
|-weather|Sandstorm|[from] ability: Sand Stream|[of] p1a: Gigalith
|move|p2a: Ribombee|Moonblast|p1a: Gigalith
|-damage|p1a: Gigalith|68/100
|
|-weather|Sandstorm|[upkeep]
|-damage|p2a: Ribombee|61/100|[from] Sandstorm
|-heal|p1a: Gigalith|74/100|[from] item: Leftovers
|upkeep
|turn|15
|
|t:|1667594012
|move|p2a: Ribombee|U-turn|p1a: Gigalith
|-damage|p1a: Gigalith|64/100
|
|t:|1667594019
|switch|p2a: Tangela|Tangela, M|77/100|[from]move: U-turn
|-damage|p2a: Tangela|65/100|[from] Spikes
|move|p1a: Gigalith|Stealth Rock|p2a: Tangela
|-sidestart|p2: sugar ovens|move: Stealth Rock
|
|-weather|Sandstorm|[upkeep]
|-damage|p2a: Tangela|59/100|[from] Sandstorm
|-heal|p1a: Gigalith|71/100|[from] item: Leftovers
|upkeep
|turn|16
|
|t:|1667594034
|switch|p2a: Silvally|Silvally-Steel|100/100
|-damage|p2a: Silvally|88/100|[from] Spikes
|-damage|p2a: Silvally|82/100|[from] Stealth Rock
|switch|p1a: Togedemaru|Togedemaru, M|81/100 slp
|-damage|p1a: Togedemaru|69/100 slp|[from] Spikes
|
|-weather|Sandstorm|[upkeep]
|upkeep
|turn|17
|
|t:|1667594040
|move|p2a: Silvally|Defog|p1a: Togedemaru
|-unboost|p1a: Togedemaru|evasion|1
|-sideend|p1: Haffling|Spikes|[from] move: Defog|[of] p2a: Silvally
|-sideend|p2: sugar ovens|Spikes|[from] move: Defog|[of] p2a: Silvally
|-sideend|p2: sugar ovens|Stealth Rock|[from] move: Defog|[of] p2a: Silvally
|cant|p1a: Togedemaru|slp
|
|-weather|Sandstorm|[upkeep]
|upkeep
|turn|18
|
|t:|1667594043
|move|p2a: Silvally|Flamethrower|p1a: Togedemaru
|-supereffective|p1a: Togedemaru
|-damage|p1a: Togedemaru|25/100 slp
|cant|p1a: Togedemaru|slp
|
|-weather|none
|upkeep
|turn|19
|
|t:|1667594053
|switch|p1a: Gigalith|Gigalith, F|71/100
|-weather|Sandstorm|[from] ability: Sand Stream|[of] p1a: Gigalith
|move|p2a: Silvally|Flamethrower|p1a: Gigalith
|-resisted|p1a: Gigalith
|-damage|p1a: Gigalith|64/100
|
|-weather|Sandstorm|[upkeep]
|-heal|p1a: Gigalith|71/100|[from] item: Leftovers
|upkeep
|turn|20
|
|t:|1667594059
|move|p1a: Gigalith|Protect|p1a: Gigalith
|-singleturn|p1a: Gigalith|Protect
|move|p2a: Silvally|U-turn|p1a: Gigalith
|-activate|p1a: Gigalith|move: Protect
|
|-weather|Sandstorm|[upkeep]
|-heal|p1a: Gigalith|77/100|[from] item: Leftovers
|upkeep
|turn|21
|
|t:|1667594065
|move|p2a: Silvally|U-turn|p1a: Gigalith
|-damage|p1a: Gigalith|66/100
|
|t:|1667594068
|switch|p2a: Tangela|Tangela, M|92/100|[from]move: U-turn
|move|p1a: Gigalith|Stealth Rock|p2a: Tangela
|-sidestart|p2: sugar ovens|move: Stealth Rock
|
|-weather|Sandstorm|[upkeep]
|-damage|p2a: Tangela|86/100|[from] Sandstorm
|-heal|p1a: Gigalith|72/100|[from] item: Leftovers
|upkeep
|turn|22
|
|t:|1667594076
|move|p1a: Gigalith|Protect|p1a: Gigalith
|-singleturn|p1a: Gigalith|Protect
|move|p2a: Tangela|Giga Drain|p1a: Gigalith
|-activate|p1a: Gigalith|move: Protect
|
|-weather|Sandstorm|[upkeep]
|-damage|p2a: Tangela|80/100|[from] Sandstorm
|-heal|p1a: Gigalith|78/100|[from] item: Leftovers
|upkeep
|turn|23
|
|t:|1667594081
|switch|p1a: Togedemaru|Togedemaru, M|25/100 slp
|move|p2a: Tangela|Knock Off|p1a: Togedemaru
|-damage|p1a: Togedemaru|13/100 slp
|
|-weather|none
|upkeep
|turn|24
|
|t:|1667594086
|-curestatus|p1a: Togedemaru|slp|[msg]
|move|p1a: Togedemaru|Wish|p1a: Togedemaru
|move|p2a: Tangela|Giga Drain|p1a: Togedemaru
|-resisted|p1a: Togedemaru
|-damage|p1a: Togedemaru|1/100
|-heal|p2a: Tangela|86/100|[from] drain|[of] p1a: Togedemaru
|
|upkeep
|turn|25
|
|t:|1667594110
|switch|p2a: Silvally|Silvally-Steel|82/100
|-damage|p2a: Silvally|76/100|[from] Stealth Rock
|move|p1a: Togedemaru|Spiky Shield||[still]
|-fail|p1a: Togedemaru
|
|-heal|p1a: Togedemaru|51/100|[from] move: Wish|[wisher] Togedemaru
|upkeep
|turn|26
|
|t:|1667594122
|switch|p1a: Sandslash|Sandslash, M|91/100
|move|p2a: Silvally|Defog|p1a: Sandslash
|-unboost|p1a: Sandslash|evasion|1
|-sideend|p2: sugar ovens|Stealth Rock|[from] move: Defog|[of] p2a: Silvally
|
|upkeep
|turn|27
|
|t:|1667594129
|move|p2a: Silvally|U-turn|p1a: Sandslash
|-damage|p1a: Sandslash|76/100
|
|t:|1667594133
|switch|p2a: Tangela|Tangela, M|100/100|[from]move: U-turn
|move|p1a: Sandslash|Earthquake|p2a: Tangela
|-resisted|p2a: Tangela
|-damage|p2a: Tangela|81/100
|-damage|p1a: Sandslash|66/100|[from] item: Life Orb
|
|upkeep
|turn|28
|
|t:|1667594142
|switch|p1a: Togedemaru|Togedemaru, M|51/100
|switch|p2a: Marowak|Marowak, M|14/100
|
|upkeep
|turn|29
|
|t:|1667594149
|switch|p2a: Garbodor|Garbodor, M|82/100
|move|p1a: Togedemaru|Iron Head|p2a: Garbodor
|-damage|p2a: Garbodor|54/100
|
|-heal|p2a: Garbodor|60/100|[from] item: Black Sludge
|upkeep
|turn|30
|
|t:|1667594157
|move|p1a: Togedemaru|Iron Head|p2a: Garbodor
|-crit|p2a: Garbodor
|-damage|p2a: Garbodor|15/100
|cant|p2a: Garbodor|flinch
|
|-heal|p2a: Garbodor|21/100|[from] item: Black Sludge
|upkeep
|turn|31
|
|t:|1667594167
|switch|p2a: Silvally|Silvally-Steel|76/100
|move|p1a: Togedemaru|Iron Head|p2a: Silvally
|-resisted|p2a: Silvally
|-damage|p2a: Silvally|62/100
|
|upkeep
|turn|32
|
|t:|1667594175
|move|p2a: Silvally|Flamethrower|p1a: Togedemaru
|-supereffective|p1a: Togedemaru
|-damage|p1a: Togedemaru|3/100
|move|p1a: Togedemaru|Wish|p1a: Togedemaru
|
|upkeep
|turn|33
|
|t:|1667594182
|move|p1a: Togedemaru|Spiky Shield|p1a: Togedemaru
|-singleturn|p1a: Togedemaru|move: Protect
|move|p2a: Silvally|Defog|p1a: Togedemaru
|-activate|p1a: Togedemaru|move: Protect
|
|-heal|p1a: Togedemaru|53/100|[from] move: Wish|[wisher] Togedemaru
|upkeep
|turn|34
|
|t:|1667594191
|switch|p1a: Gigalith|Gigalith, F|78/100
|-weather|Sandstorm|[from] ability: Sand Stream|[of] p1a: Gigalith
|move|p2a: Silvally|U-turn|p1a: Gigalith
|-damage|p1a: Gigalith|68/100
|
|t:|1667594197
|switch|p2a: Marowak|Marowak, M|14/100|[from]move: U-turn
|
|-weather|Sandstorm|[upkeep]
|-heal|p1a: Gigalith|74/100|[from] item: Leftovers
|upkeep
|turn|35
|
|t:|1667594206
|move|p1a: Gigalith|Protect|p1a: Gigalith
|-singleturn|p1a: Gigalith|Protect
|move|p2a: Marowak|Earthquake|p1a: Gigalith
|-activate|p1a: Gigalith|move: Protect
|
|-weather|Sandstorm|[upkeep]
|-heal|p1a: Gigalith|80/100|[from] item: Leftovers
|upkeep
|turn|36
|
|t:|1667594213
|switch|p1a: Comfey|Comfey, M, shiny|100/100
|move|p2a: Marowak|Earthquake|p1a: Comfey
|-damage|p1a: Comfey|4/100
|
|-weather|Sandstorm|[upkeep]
|-damage|p1a: Comfey|0 fnt|[from] Sandstorm
|faint|p1a: Comfey
|upkeep
|
|t:|1667594216
|switch|p1a: Trevenant|Trevenant, F|100/100
|turn|37
|
|t:|1667594224
|switch|p2a: Tangela|Tangela, M|100/100
|move|p1a: Trevenant|Wood Hammer|p2a: Tangela
|-resisted|p2a: Tangela
|-damage|p2a: Tangela|71/100
|-damage|p1a: Trevenant|90/100|[from] Recoil
|
|-weather|Sandstorm|[upkeep]
|-damage|p1a: Trevenant|84/100|[from] Sandstorm
|-damage|p2a: Tangela|65/100|[from] Sandstorm
|upkeep
|turn|38
|
|t:|1667594232
|switch|p1a: Togedemaru|Togedemaru, M|53/100
|move|p2a: Tangela|Knock Off|p1a: Togedemaru
|-damage|p1a: Togedemaru|42/100
|
|-weather|none
|upkeep
|turn|39
|
|t:|1667594239
|switch|p2a: Gigalith|Gigalith, F|100/100
|-weather|Sandstorm|[from] ability: Sand Stream|[of] p2a: Gigalith
|move|p1a: Togedemaru|U-turn|p2a: Gigalith
|-damage|p2a: Gigalith|90/100
|
|t:|1667594242
|switch|p1a: Sandslash|Sandslash, M|66/100|[from]move: U-turn
|
|-weather|Sandstorm|[upkeep]
|-heal|p2a: Gigalith|96/100|[from] item: Leftovers
|upkeep
|turn|40
|
|t:|1667594256
|switch|p2a: Tangela|Tangela, M|98/100
|move|p1a: Sandslash|Swords Dance|p1a: Sandslash
|-boost|p1a: Sandslash|atk|2
|
|-weather|Sandstorm|[upkeep]
|-damage|p2a: Tangela|92/100|[from] Sandstorm
|upkeep
|turn|41
|inactive|sugar ovens has 120 seconds left.
|
|t:|1667594314
|move|p1a: Sandslash|Leech Life|p2a: Tangela
|-supereffective|p2a: Tangela
|-damage|p2a: Tangela|0 fnt
|-heal|p1a: Sandslash|100/100|[from] drain|[of] p2a: Tangela
|faint|p2a: Tangela
|-damage|p1a: Sandslash|91/100|[from] item: Life Orb
|
|-weather|Sandstorm|[upkeep]
|upkeep
|inactive|sugar ovens has 90 seconds left.
|c|☆sugar ovens|well thats unfort
|
|t:|1667594349
|switch|p2a: Gigalith|Gigalith, F|96/100
|turn|42
|
|t:|1667594357
|move|p2a: Gigalith|Protect|p2a: Gigalith
|-singleturn|p2a: Gigalith|Protect
|move|p1a: Sandslash|Earthquake|p2a: Gigalith
|-activate|p2a: Gigalith|move: Protect
|
|-weather|Sandstorm|[upkeep]
|-heal|p2a: Gigalith|100/100|[from] item: Leftovers
|upkeep
|turn|43
|
|t:|1667594368
|switch|p2a: Garbodor|Garbodor, M|21/100
|move|p1a: Sandslash|Earthquake|p2a: Garbodor
|-supereffective|p2a: Garbodor
|-damage|p2a: Garbodor|0 fnt
|faint|p2a: Garbodor
|-damage|p1a: Sandslash|81/100|[from] item: Life Orb
|
|-weather|none
|upkeep
|
|t:|1667594380
|switch|p2a: Ribombee|Ribombee, F|61/100
|turn|44
|
|t:|1667594392
|switch|p1a: Togedemaru|Togedemaru, M|42/100
|move|p2a: Ribombee|U-turn|p1a: Togedemaru
|-resisted|p1a: Togedemaru
|-damage|p1a: Togedemaru|32/100
|
|t:|1667594399
|switch|p2a: Silvally|Silvally-Steel|62/100|[from]move: U-turn
|
|upkeep
|turn|45
|
|t:|1667594405
|move|p1a: Togedemaru|Spiky Shield|p1a: Togedemaru
|-singleturn|p1a: Togedemaru|move: Protect
|move|p2a: Silvally|Flamethrower|p1a: Togedemaru
|-activate|p1a: Togedemaru|move: Protect
|
|upkeep
|turn|46
|
|t:|1667594412
|move|p2a: Silvally|U-turn|p1a: Togedemaru
|-resisted|p1a: Togedemaru
|-damage|p1a: Togedemaru|21/100
|j| Emerald_Harrold
|
|t:|1667594416
|switch|p2a: Gigalith|Gigalith, F|100/100|[from]move: U-turn
|-weather|Sandstorm|[from] ability: Sand Stream|[of] p2a: Gigalith
|move|p1a: Togedemaru|Wish|p1a: Togedemaru
|
|-weather|Sandstorm|[upkeep]
|upkeep
|turn|47
|
|t:|1667594428
|move|p1a: Togedemaru|U-turn|p2a: Gigalith
|-damage|p2a: Gigalith|89/100
|
|t:|1667594432
|switch|p1a: Sandslash|Sandslash, M|81/100|[from]move: U-turn
|move|p2a: Gigalith|Stealth Rock|p1a: Sandslash
|-sidestart|p1: Haffling|move: Stealth Rock
|
|-weather|Sandstorm|[upkeep]
|-heal|p1a: Sandslash|100/100|[from] move: Wish|[wisher] Togedemaru
|-heal|p2a: Gigalith|95/100|[from] item: Leftovers
|upkeep
|turn|48
|
|t:|1667594441
|move|p1a: Sandslash|Earthquake|p2a: Gigalith
|-supereffective|p2a: Gigalith
|-damage|p2a: Gigalith|0 fnt
|faint|p2a: Gigalith
|-damage|p1a: Sandslash|91/100|[from] item: Life Orb
|
|-weather|Sandstorm|[upkeep]
|upkeep
|
|t:|1667594447
|switch|p2a: Ribombee|Ribombee, F|61/100
|turn|49
|
|t:|1667594454
|switch|p1a: Togedemaru|Togedemaru, M|21/100
|-damage|p1a: Togedemaru|15/100|[from] Stealth Rock
|move|p2a: Ribombee|Roost|p2a: Ribombee
|-heal|p2a: Ribombee|100/100
|-singleturn|p2a: Ribombee|move: Roost
|
|-weather|Sandstorm|[upkeep]
|-damage|p2a: Ribombee|94/100|[from] Sandstorm
|upkeep
|turn|50
|
|t:|1667594459
|move|p2a: Ribombee|Moonblast|p1a: Togedemaru
|-resisted|p1a: Togedemaru
|-damage|p1a: Togedemaru|0 fnt
|faint|p1a: Togedemaru
|
|-weather|none
|upkeep
|
|t:|1667594461
|switch|p1a: Gigalith|Gigalith, F|80/100
|-damage|p1a: Gigalith|68/100|[from] Stealth Rock
|-weather|Sandstorm|[from] ability: Sand Stream|[of] p1a: Gigalith
|turn|51
|j| Oreotrague★✿
|
|t:|1667594476
|move|p2a: Ribombee|U-turn|p1a: Gigalith
|-damage|p1a: Gigalith|59/100
|
|t:|1667594479
|switch|p2a: Silvally|Silvally-Steel|62/100|[from]move: U-turn
|move|p1a: Gigalith|Rock Blast|p2a: Silvally
|-resisted|p2a: Silvally
|-damage|p2a: Silvally|56/100
|-resisted|p2a: Silvally
|-damage|p2a: Silvally|51/100
|-resisted|p2a: Silvally
|-damage|p2a: Silvally|45/100
|-hitcount|p2a: Silvally|3
|
|-weather|Sandstorm|[upkeep]
|-heal|p1a: Gigalith|65/100|[from] item: Leftovers
|upkeep
|turn|52
|
|t:|1667594493
|switch|p1a: Trevenant|Trevenant, F|84/100
|-damage|p1a: Trevenant|72/100|[from] Stealth Rock
|move|p2a: Silvally|Flamethrower|p1a: Trevenant
|-supereffective|p1a: Trevenant
|-damage|p1a: Trevenant|4/100
|
|-weather|Sandstorm|[upkeep]
|-damage|p1a: Trevenant|0 fnt|[from] Sandstorm
|faint|p1a: Trevenant
|upkeep
|
|t:|1667594500
|switch|p1a: Sandslash|Sandslash, M|91/100
|-damage|p1a: Sandslash|84/100|[from] Stealth Rock
|turn|53
|l| Oreotrague★✿
|
|t:|1667594509
|move|p1a: Sandslash|Earthquake|p2a: Silvally
|-supereffective|p2a: Silvally
|-damage|p2a: Silvally|0 fnt
|faint|p2a: Silvally
|-damage|p1a: Sandslash|74/100|[from] item: Life Orb
|
|-weather|Sandstorm|[upkeep]
|upkeep
|
|t:|1667594513
|switch|p2a: Ribombee|Ribombee, F|94/100
|turn|54
|
|t:|1667594520
|move|p1a: Sandslash|Earthquake|p2a: Ribombee
|-resisted|p2a: Ribombee
|-damage|p2a: Ribombee|31/100
|-damage|p1a: Sandslash|64/100|[from] item: Life Orb
|move|p2a: Ribombee|Moonblast|p1a: Sandslash
|-damage|p1a: Sandslash|0 fnt
|faint|p1a: Sandslash
|
|-weather|Sandstorm|[upkeep]
|-damage|p2a: Ribombee|25/100|[from] Sandstorm
|upkeep
|
|t:|1667594523
|switch|p1a: Gigalith|Gigalith, F|65/100
|-damage|p1a: Gigalith|53/100|[from] Stealth Rock
|turn|55
|
|t:|1667594540
|move|p2a: Ribombee|Moonblast|p1a: Gigalith
|-damage|p1a: Gigalith|32/100
|-unboost|p1a: Gigalith|spa|1
|move|p1a: Gigalith|Rock Blast|p2a: Ribombee
|-supereffective|p2a: Ribombee
|-damage|p2a: Ribombee|0 fnt
|faint|p2a: Ribombee
|-hitcount|p2: Ribombee|1
|
|-weather|none
|-heal|p1a: Gigalith|38/100|[from] item: Leftovers
|upkeep
|
|t:|1667594543
|switch|p2a: Marowak|Marowak, M|14/100
|turn|56
|c| Generation10|Uh oh
|c|☆Haffling|thats unfort didnt think youd let me win
|
|t:|1667594559
|move|p2a: Marowak|Earthquake|p1a: Gigalith
|-supereffective|p1a: Gigalith
|-damage|p1a: Gigalith|0 fnt
|faint|p1a: Gigalith
|
|win|sugar ovens
|n|☆Haffling|haffling
|n|☆sugar ovens|sugarovens
|n| Generation10|generation10
|n|+astralydia|astralydia
|n| Emerald_Harrold|emeraldharrold
