|j|☆DoubleMissMatt
|j|☆nobro
|t:|1605718820
|player|p1|DoubleMissMatt|102|1348
|player|p2|nobro|102|1212
|teamsize|p1|6
|teamsize|p2|6
|gametype|singles
|gen|8
|tier|[Gen 8] PU
|rated|
|clearpoke
|poke|p1|Drampa, F|
|poke|p1|Togedemaru, F|
|poke|p1|Unfezant, F|
|poke|p1|Sandaconda, F|
|poke|p1|Frosmoth, F|
|poke|p1|Throh, M|
|poke|p2|Tyrunt, M|
|poke|p2|Aron, L1, M|
|poke|p2|Cottonee, M|
|poke|p2|Lickitung, F|
|poke|p2|Dwebble, M|
|poke|p2|Sinistea-Antique|
|rule|Sleep Clause Mod: Limit one foe put to sleep
|rule|Species Clause: Limit one of each Pokémon
|rule|OHKO Clause: OHKO moves are banned
|rule|Evasion Moves Clause: Evasion moves are banned
|rule|Endless Battle Clause: Forcing endless battles is banned
|rule|HP Percentage Mod: HP is shown in percentages
|rule|Dynamax Clause: You cannot dynamax
|teampreview
|j| Test paul
|
|t:|1605718846
|start
|switch|p1a: Sandaconda|Sandaconda, F|100/100
|switch|p2a: Aron|Aron, L1, M|100/100
|turn|1
|
|t:|1605718851
|move|p1a: Sandaconda|Stealth Rock|p2a: Aron
|-sidestart|p2: nobro|move: Stealth Rock
|move|p2a: Aron|Toxic|p1a: Sandaconda
|-status|p1a: Sandaconda|tox
|
|-damage|p1a: Sandaconda|94/100 tox|[from] psn
|upkeep
|turn|2
|
|t:|1605718857
|move|p1a: Sandaconda|Glare|p2a: Aron
|-status|p2a: Aron|par
|move|p2a: Aron|Endeavor|p1a: Sandaconda
|-damage|p1a: Sandaconda|4/100 tox
|
|-activate|p1a: Sandaconda|ability: Shed Skin
|-curestatus|p1a: Sandaconda|tox|[msg]
|-heal|p1a: Sandaconda|10/100|[from] item: Leftovers
|upkeep
|turn|3
|
|t:|1605718867
|switch|p1a: Togedemaru|Togedemaru, F|100/100
|move|p2a: Aron|Stealth Rock|p1a: Togedemaru
|-sidestart|p1: DoubleMissMatt|move: Stealth Rock
|
|upkeep
|turn|4
|
|t:|1605718878
|move|p1a: Togedemaru|U-turn|p2a: Aron
|-resisted|p2a: Aron
|-ability|p2a: Aron|Sturdy
|-damage|p2a: Aron|9/100 par
|-enditem|p2a: Aron|Berry Juice
|-heal|p2a: Aron|100/100 par|[from] item: Berry Juice
|
|t:|1605718884
|switch|p1a: Sandaconda|Sandaconda, F|10/100|[from]move: U-turn
|-damage|p1a: Sandaconda|4/100|[from] Stealth Rock
|move|p2a: Aron|Roar|p1a: Sandaconda
|drag|p1a: Frosmoth|Frosmoth, F|100/100
|
|upkeep
|turn|5
|
|t:|1605718895
|move|p1a: Frosmoth|Giga Drain|p2a: Aron
|-ability|p2a: Aron|Sturdy
|-damage|p2a: Aron|9/100 par
|move|p2a: Aron|Endeavor|p1a: Frosmoth
|-damage|p1a: Frosmoth|1/100
|
|upkeep
|turn|6
|
|t:|1605718901
|move|p1a: Frosmoth|Giga Drain|p2a: Aron
|-damage|p2a: Aron|0 fnt
|-heal|p1a: Frosmoth|1/100|[from] drain|[of] p2a: Aron
|faint|p2a: Aron
|
|upkeep
|
|t:|1605718906
|switch|p2a: Lickitung|Lickitung, F|100/100
|-damage|p2a: Lickitung|88/100|[from] Stealth Rock
|turn|7
|
|t:|1605718909
|move|p1a: Frosmoth|Ice Beam|p2a: Lickitung
|-damage|p2a: Lickitung|63/100
|move|p2a: Lickitung|Seismic Toss|p1a: Frosmoth
|-damage|p1a: Frosmoth|0 fnt
|faint|p1a: Frosmoth
|
|upkeep
|
|t:|1605718917
|switch|p1a: Throh|Throh, M|100/100
|-damage|p1a: Throh|94/100|[from] Stealth Rock
|turn|8
|
|t:|1605718924
|move|p1a: Throh|Knock Off|p2a: Lickitung
|-damage|p2a: Lickitung|46/100
|-enditem|p2a: Lickitung|Eviolite|[from] move: Knock Off|[of] p1a: Throh
|move|p2a: Lickitung|Toxic|p1a: Throh
|-status|p1a: Throh|tox
|
|-heal|p1a: Throh|100/100 tox|[from] item: Leftovers
|-damage|p1a: Throh|94/100 tox|[from] psn
|upkeep
|turn|9
|
|t:|1605718932
|move|p2a: Lickitung|Protect|p2a: Lickitung
|-singleturn|p2a: Lickitung|Protect
|move|p1a: Throh|Circle Throw|p2a: Lickitung
|-activate|p2a: Lickitung|move: Protect
|
|-heal|p1a: Throh|100/100 tox|[from] item: Leftovers
|-damage|p1a: Throh|88/100 tox|[from] psn
|upkeep
|turn|10
|
|t:|1605718939
|move|p2a: Lickitung|Wish|p2a: Lickitung
|move|p1a: Throh|Circle Throw|p2a: Lickitung
|-supereffective|p2a: Lickitung
|-damage|p2a: Lickitung|0 fnt
|faint|p2a: Lickitung
|
|-heal|p1a: Throh|94/100 tox|[from] item: Leftovers
|-damage|p1a: Throh|76/100 tox|[from] psn
|upkeep
|
|t:|1605718947
|switch|p2a: Cottonee|Cottonee, M|100/100
|-damage|p2a: Cottonee|88/100|[from] Stealth Rock
|turn|11
|
|t:|1605718953
|move|p2a: Cottonee|Defog|p1a: Throh
|-unboost|p1a: Throh|evasion|1
|-sideend|p1: DoubleMissMatt|Stealth Rock|[from] move: Defog|[of] p2a: Cottonee
|-sideend|p2: nobro|Stealth Rock|[from] move: Defog|[of] p2a: Cottonee
|move|p1a: Throh|Rest|p1a: Throh
|-status|p1a: Throh|slp|[from] move: Rest
|-heal|p1a: Throh|100/100 slp|[silent]
|
|-heal|p2a: Cottonee|100/100|[from] move: Wish|[wisher] Lickitung
|upkeep
|turn|12
|
|t:|1605718966
|switch|p1a: Drampa|Drampa, F|100/100
|move|p2a: Cottonee|Encore||[still]
|-fail|p2a: Cottonee
|
|upkeep
|turn|13
|
|t:|1605718975
|switch|p1a: Sandaconda|Sandaconda, F|4/100
|move|p2a: Cottonee|Dazzling Gleam|p1a: Sandaconda
|-damage|p1a: Sandaconda|0 fnt
|faint|p1a: Sandaconda
|
|upkeep
|
|t:|1605718980
|switch|p1a: Unfezant|Unfezant, F|100/100
|turn|14
|
|t:|1605718987
|move|p1a: Unfezant|Brave Bird|p2a: Cottonee
|-supereffective|p2a: Cottonee
|-damage|p2a: Cottonee|17/100
|-damage|p1a: Unfezant|75/100|[from] Recoil
|move|p2a: Cottonee|Dazzling Gleam|p1a: Unfezant
|-damage|p1a: Unfezant|52/100
|
|upkeep
|turn|15
|
|t:|1605718994
|move|p1a: Unfezant|U-turn|p2a: Cottonee
|-damage|p2a: Cottonee|1/100
|
|t:|1605718997
|switch|p1a: Togedemaru|Togedemaru, F|100/100|[from]move: U-turn
|move|p2a: Cottonee|Dazzling Gleam|p1a: Togedemaru
|-resisted|p1a: Togedemaru
|-damage|p1a: Togedemaru|91/100
|
|upkeep
|turn|16
|
|t:|1605719004
|move|p1a: Togedemaru|Iron Head|p2a: Cottonee
|-supereffective|p2a: Cottonee
|-damage|p2a: Cottonee|0 fnt
|faint|p2a: Cottonee
|
|upkeep
|
|t:|1605719010
|switch|p2a: Dwebble|Dwebble, M|100/100
|turn|17
|
|t:|1605719016
|move|p1a: Togedemaru|Iron Head|p2a: Dwebble
|-supereffective|p2a: Dwebble
|-ability|p2a: Dwebble|Sturdy
|-damage|p2a: Dwebble|1/100
|-enditem|p2a: Dwebble|Liechi Berry|[eat]
|-boost|p2a: Dwebble|atk|1|[from] item: Liechi Berry
|move|p2a: Dwebble|Shell Smash|p2a: Dwebble
|-unboost|p2a: Dwebble|def|1
|-unboost|p2a: Dwebble|spd|1
|-boost|p2a: Dwebble|atk|2
|-boost|p2a: Dwebble|spa|2
|-boost|p2a: Dwebble|spe|2
|
|upkeep
|turn|18
|
|t:|1605719026
|move|p1a: Togedemaru|Iron Head|p2a: Dwebble
|-supereffective|p2a: Dwebble
|-damage|p2a: Dwebble|0 fnt
|faint|p2a: Dwebble
|
|upkeep
|c|☆nobro|ew scarf
|
|t:|1605719033
|switch|p2a: Tyrunt|Tyrunt, M|100/100
|turn|19
|c|☆DoubleMissMatt|bro dont ew me when u pull up with a sinistea and a tyrunt
|c|☆nobro|lol
|
|t:|1605719060
|move|p1a: Togedemaru|Iron Head|p2a: Tyrunt
|-supereffective|p2a: Tyrunt
|-ability|p2a: Tyrunt|Sturdy
|-damage|p2a: Tyrunt|1/100
|-enditem|p2a: Tyrunt|Salac Berry|[eat]
|-boost|p2a: Tyrunt|spe|1|[from] item: Salac Berry
|cant|p2a: Tyrunt|flinch
|
|upkeep
|turn|20
|c|☆nobro|trueXD
|
|t:|1605719067
|move|p1a: Togedemaru|Iron Head|p2a: Tyrunt
|-supereffective|p2a: Tyrunt
|-damage|p2a: Tyrunt|0 fnt
|faint|p2a: Tyrunt
|
|upkeep
|
|t:|1605719071
|switch|p2a: Sinistea|Sinistea-Antique|100/100
|turn|21
|
|t:|1605719075
|move|p1a: Togedemaru|Iron Head|p2a: Sinistea
|-enditem|p2a: Sinistea|Focus Sash
|-damage|p2a: Sinistea|1/100
|-ability|p2a: Sinistea|Weak Armor|boost
|-unboost|p2a: Sinistea|def|1
|-boost|p2a: Sinistea|spe|2
|move|p2a: Sinistea|Shell Smash|p2a: Sinistea
|-unboost|p2a: Sinistea|def|1
|-unboost|p2a: Sinistea|spd|1
|-boost|p2a: Sinistea|atk|2
|-boost|p2a: Sinistea|spa|2
|-boost|p2a: Sinistea|spe|2
|
|upkeep
|turn|22
|
|t:|1605719086
|move|p2a: Sinistea|Shadow Ball|p1a: Togedemaru
|-damage|p1a: Togedemaru|0 fnt
|faint|p1a: Togedemaru
|
|upkeep
|
|t:|1605719090
|switch|p1a: Drampa|Drampa, F|100/100
|turn|23
|c|☆nobro|gg
|
|t:|1605719094
|move|p2a: Sinistea|Stored Power|p1a: Drampa
|-damage|p1a: Drampa|0 fnt
|faint|p1a: Drampa
|
|upkeep
|
|t:|1605719102
|switch|p1a: Throh|Throh, M|100/100 slp
|turn|24
|
|t:|1605719106
|move|p2a: Sinistea|Stored Power|p1a: Throh
|-supereffective|p1a: Throh
|-damage|p1a: Throh|0 fnt
|faint|p1a: Throh
|
|upkeep
|
|t:|1605719111
|switch|p1a: Unfezant|Unfezant, F|52/100
|turn|25
|
|t:|1605719114
|move|p2a: Sinistea|Stored Power|p1a: Unfezant
|-damage|p1a: Unfezant|0 fnt
|faint|p1a: Unfezant
|
|win|nobro
|l|☆DoubleMissMatt
||Ladder (probably) updated, but score could not be retrieved (Request timeout).
