|j|☆no moomin
|j|☆Slayerboy752
|t:|1617811890
|gametype|singles
|player|p1|no moomin|unknownf|1382
|player|p2|Slayerboy752|dancer|1446
|teamsize|p1|6
|teamsize|p2|6
|gen|8
|tier|[Gen 8] PU
|rated|
|clearpoke
|poke|p1|Weezing, F|
|poke|p1|Ribombee, M|
|poke|p1|Gigalith, M|
|poke|p1|Passimian, M|
|poke|p1|Tsareena, F|
|poke|p1|Xatu, F|
|poke|p2|Aggron, M|
|poke|p2|Mr. Rime, M|
|poke|p2|Heliolisk, M|
|poke|p2|Sandaconda, F|
|poke|p2|Weezing, F|
|poke|p2|Jellicent, F|
|rule|Sleep Clause Mod: Limit one foe put to sleep
|rule|Species Clause: Limit one of each Pokémon
|rule|OHKO Clause: OHKO moves are banned
|rule|Evasion Moves Clause: Evasion moves are banned
|rule|Endless Battle Clause: Forcing endless battles is banned
|rule|HP Percentage Mod: HP is shown in percentages
|rule|Dynamax Clause: You cannot dynamax
|teampreview
|inactive|Battle timer is ON: inactive players will automatically lose when time's up. (requested by no moomin)
|
|t:|1617811915
|start
|switch|p1a: Passimian|Passimian, M|100/100
|switch|p2a: Heliolisk|Heliolisk, M|100/100
|turn|1
|
|t:|1617811945
|move|p2a: Heliolisk|Volt Switch|p1a: Passimian
|-damage|p1a: Passimian|48/100
|
|t:|1617811951
|switch|p2a: Jellicent|Jellicent, F|100/100|[from]move: Volt Switch
|move|p1a: Passimian|U-turn|p2a: Jellicent
|-resisted|p2a: Jellicent
|-damage|p2a: Jellicent|91/100
|
|t:|1617811960
|switch|p1a: Tsareena|Tsareena, F|100/100|[from]move: U-turn
|
|-heal|p2a: Jellicent|97/100|[from] item: Leftovers
|upkeep
|turn|2
|
|t:|1617811983
|switch|p2a: Weezing|Weezing, F|100/100
|move|p1a: Tsareena|U-turn|p2a: Weezing
|-resisted|p2a: Weezing
|-damage|p2a: Weezing|90/100
|j| AbigailAbby
|
|t:|1617811992
|switch|p1a: Ribombee|Ribombee, M, shiny|100/100|[from]move: U-turn
|
|-heal|p2a: Weezing|96/100|[from] item: Black Sludge
|upkeep
|turn|3
|
|t:|1617812001
|move|p1a: Ribombee|Psychic|p2a: Weezing
|-supereffective|p2a: Weezing
|-damage|p2a: Weezing|26/100
|move|p2a: Weezing|Sludge Wave|p1a: Ribombee
|-supereffective|p1a: Ribombee
|-damage|p1a: Ribombee|0 fnt
|faint|p1a: Ribombee
|
|-heal|p2a: Weezing|32/100|[from] item: Black Sludge
|upkeep
|
|t:|1617812012
|switch|p1a: Tsareena|Tsareena, F|100/100
|turn|4
|
|t:|1617812024
|switch|p2a: Aggron|Aggron, M|100/100
|move|p1a: Tsareena|Knock Off|p2a: Aggron
|-damage|p2a: Aggron|85/100
|-damage|p1a: Tsareena|84/100|[from] item: Rocky Helmet|[of] p2a: Aggron
|-enditem|p2a: Aggron|Rocky Helmet|[from] move: Knock Off|[of] p1a: Tsareena
|
|upkeep
|turn|5
|
|t:|1617812037
|switch|p2a: Jellicent|Jellicent, F|97/100
|move|p1a: Tsareena|U-turn|p2a: Jellicent
|-resisted|p2a: Jellicent
|-damage|p2a: Jellicent|89/100
|
|t:|1617812043
|switch|p1a: Xatu|Xatu, F|100/100|[from]move: U-turn
|
|-heal|p2a: Jellicent|95/100|[from] item: Leftovers
|upkeep
|turn|6
|
|t:|1617812050
|move|p1a: Xatu|Cosmic Power|p1a: Xatu
|-boost|p1a: Xatu|def|1
|-boost|p1a: Xatu|spd|1
|move|p2a: Jellicent|Scald|p1a: Xatu
|-damage|p1a: Xatu|78/100
|
|-heal|p2a: Jellicent|100/100|[from] item: Leftovers
|upkeep
|turn|7
|
|t:|1617812066
|switch|p2a: Heliolisk|Heliolisk, M|100/100
|move|p1a: Xatu|Cosmic Power|p1a: Xatu
|-boost|p1a: Xatu|def|1
|-boost|p1a: Xatu|spd|1
|
|upkeep
|turn|8
|
|t:|1617812072
|move|p2a: Heliolisk|Thunderbolt|p1a: Xatu
|-supereffective|p1a: Xatu
|-damage|p1a: Xatu|16/100
|-enditem|p1a: Xatu|Weakness Policy
|-boost|p1a: Xatu|atk|2|[from] item: Weakness Policy
|-boost|p1a: Xatu|spa|2|[from] item: Weakness Policy
|move|p1a: Xatu|Roost|p1a: Xatu
|-heal|p1a: Xatu|66/100
|-singleturn|p1a: Xatu|move: Roost
|
|upkeep
|turn|9
|
|t:|1617812080
|move|p2a: Heliolisk|Thunderbolt|p1a: Xatu
|-supereffective|p1a: Xatu
|-damage|p1a: Xatu|12/100
|move|p1a: Xatu|Stored Power|p2a: Heliolisk
|-damage|p2a: Heliolisk|0 fnt
|faint|p2a: Heliolisk
|
|upkeep
|
|t:|1617812093
|switch|p2a: Mr. Rime|Mr. Rime, M|100/100
|turn|10
|
|t:|1617812099
|move|p1a: Xatu|Roost|p1a: Xatu
|-heal|p1a: Xatu|62/100
|-singleturn|p1a: Xatu|move: Roost
|move|p2a: Mr. Rime|Freeze-Dry|p1a: Xatu
|-damage|p1a: Xatu|36/100
|
|upkeep
|turn|11
|
|t:|1617812105
|move|p1a: Xatu|Roost|p1a: Xatu
|-heal|p1a: Xatu|86/100
|-singleturn|p1a: Xatu|move: Roost
|move|p2a: Mr. Rime|Nasty Plot|p2a: Mr. Rime
|-boost|p2a: Mr. Rime|spa|2
|
|upkeep
|turn|12
|
|t:|1617812116
|move|p1a: Xatu|Stored Power|p2a: Mr. Rime
|-resisted|p2a: Mr. Rime
|-damage|p2a: Mr. Rime|41/100
|move|p2a: Mr. Rime|Freeze-Dry|p1a: Xatu
|-supereffective|p1a: Xatu
|-damage|p1a: Xatu|0 fnt
|faint|p1a: Xatu
|
|upkeep
|
|t:|1617812121
|switch|p1a: Passimian|Passimian, M|48/100
|turn|13
|
|t:|1617812142
|switch|p2a: Jellicent|Jellicent, F|100/100
|move|p1a: Passimian|Knock Off|p2a: Jellicent
|-supereffective|p2a: Jellicent
|-damage|p2a: Jellicent|49/100
|-enditem|p2a: Jellicent|Leftovers|[from] move: Knock Off|[of] p1a: Passimian
|
|upkeep
|turn|14
|
|t:|1617812148
|switch|p1a: Tsareena|Tsareena, F|84/100
|move|p2a: Jellicent|Strength Sap|p1a: Tsareena
|-unboost|p1a: Tsareena|atk|1
|-heal|p2a: Jellicent|100/100
|
|upkeep
|turn|15
|
|t:|1617812159
|move|p1a: Tsareena|U-turn|p2a: Jellicent
|-resisted|p2a: Jellicent
|-damage|p2a: Jellicent|95/100
|
|t:|1617812162
|switch|p1a: Weezing|Weezing, F, shiny|100/100|[from]move: U-turn
|move|p2a: Jellicent|Toxic|p1a: Weezing
|-immune|p1a: Weezing
|
|upkeep
|turn|16
|
|t:|1617812176
|switch|p2a: Weezing|Weezing, F|32/100
|move|p1a: Weezing|Will-O-Wisp|p2a: Weezing|[miss]
|-miss|p1a: Weezing|p2a: Weezing
|
|-heal|p2a: Weezing|38/100|[from] item: Black Sludge
|upkeep
|turn|17
|
|t:|1617812186
|move|p1a: Weezing|Taunt|p2a: Weezing
|-start|p2a: Weezing|move: Taunt
|cant|p2a: Weezing|move: Taunt|Pain Split
|
|-heal|p2a: Weezing|44/100|[from] item: Black Sludge
|upkeep
|turn|18
|
|t:|1617812194
|move|p1a: Weezing|Will-O-Wisp|p2a: Weezing
|-status|p2a: Weezing|brn
|move|p2a: Weezing|Sludge Wave|p1a: Weezing
|-resisted|p1a: Weezing
|-damage|p1a: Weezing|81/100
|
|-heal|p1a: Weezing|87/100|[from] item: Black Sludge
|-heal|p2a: Weezing|50/100 brn|[from] item: Black Sludge
|-damage|p2a: Weezing|44/100 brn|[from] brn
|upkeep
|turn|19
|
|t:|1617812200
|move|p1a: Weezing|Sludge Bomb|p2a: Weezing
|-resisted|p2a: Weezing
|-damage|p2a: Weezing|33/100 brn
|move|p2a: Weezing|Fire Blast|p1a: Weezing
|-damage|p1a: Weezing|54/100
|
|-heal|p1a: Weezing|60/100|[from] item: Black Sludge
|-heal|p2a: Weezing|39/100 brn|[from] item: Black Sludge
|-damage|p2a: Weezing|33/100 brn|[from] brn
|-end|p2a: Weezing|move: Taunt
|upkeep
|turn|20
|
|t:|1617812211
|switch|p1a: Gigalith|Gigalith, M|100/100
|-weather|Sandstorm|[from] ability: Sand Stream|[of] p1a: Gigalith
|move|p2a: Weezing|Fire Blast|p1a: Gigalith
|-resisted|p1a: Gigalith
|-damage|p1a: Gigalith|95/100
|
|-weather|Sandstorm|[upkeep]
|-damage|p2a: Weezing|27/100 brn|[from] Sandstorm
|-heal|p2a: Weezing|33/100 brn|[from] item: Black Sludge
|-heal|p1a: Gigalith|100/100|[from] item: Leftovers
|-damage|p2a: Weezing|27/100 brn|[from] brn
|upkeep
|turn|21
|
|t:|1617812221
|move|p2a: Weezing|Pain Split|p1a: Gigalith
|-sethp|p1a: Gigalith|62/100|[from] move: Pain Split|[silent]
|-sethp|p2a: Weezing|70/100 brn|[from] move: Pain Split
|move|p1a: Gigalith|Stealth Rock|p2a: Weezing
|-sidestart|p2: Slayerboy752|move: Stealth Rock
|
|-weather|Sandstorm|[upkeep]
|-damage|p2a: Weezing|64/100 brn|[from] Sandstorm
|-heal|p2a: Weezing|70/100 brn|[from] item: Black Sludge
|-heal|p1a: Gigalith|68/100|[from] item: Leftovers
|-damage|p2a: Weezing|64/100 brn|[from] brn
|upkeep
|turn|22
|j| AsianCowboyv2
|
|t:|1617812230
|move|p1a: Gigalith|Protect|p1a: Gigalith
|-singleturn|p1a: Gigalith|Protect
|move|p2a: Weezing|Will-O-Wisp|p1a: Gigalith
|-activate|p1a: Gigalith|move: Protect
|
|-weather|Sandstorm|[upkeep]
|-damage|p2a: Weezing|58/100 brn|[from] Sandstorm
|-heal|p2a: Weezing|64/100 brn|[from] item: Black Sludge
|-heal|p1a: Gigalith|75/100|[from] item: Leftovers
|-damage|p2a: Weezing|58/100 brn|[from] brn
|upkeep
|turn|23
|
|t:|1617812241
|switch|p1a: Weezing|Weezing, F, shiny|60/100
|move|p2a: Weezing|Will-O-Wisp|p1a: Weezing
|-status|p1a: Weezing|brn
|
|-weather|Sandstorm|[upkeep]
|-damage|p1a: Weezing|54/100 brn|[from] Sandstorm
|-damage|p2a: Weezing|52/100 brn|[from] Sandstorm
|-heal|p1a: Weezing|60/100 brn|[from] item: Black Sludge
|-heal|p2a: Weezing|58/100 brn|[from] item: Black Sludge
|-damage|p1a: Weezing|54/100 brn|[from] brn
|-damage|p2a: Weezing|52/100 brn|[from] brn
|upkeep
|turn|24
|
|t:|1617812254
|move|p1a: Weezing|Sludge Bomb|p2a: Weezing
|-resisted|p2a: Weezing
|-damage|p2a: Weezing|39/100 brn
|move|p2a: Weezing|Fire Blast|p1a: Weezing
|-damage|p1a: Weezing|24/100 brn
|
|-weather|none
|-heal|p1a: Weezing|30/100 brn|[from] item: Black Sludge
|-heal|p2a: Weezing|45/100 brn|[from] item: Black Sludge
|-damage|p1a: Weezing|24/100 brn|[from] brn
|-damage|p2a: Weezing|39/100 brn|[from] brn
|upkeep
|turn|25
|
|t:|1617812263
|move|p1a: Weezing|Pain Split|p2a: Weezing
|-sethp|p2a: Weezing|31/100 brn|[from] move: Pain Split|[silent]
|-sethp|p1a: Weezing|31/100 brn|[from] move: Pain Split
|move|p2a: Weezing|Fire Blast|p1a: Weezing|[miss]
|-miss|p2a: Weezing|p1a: Weezing
|
|-heal|p1a: Weezing|37/100 brn|[from] item: Black Sludge
|-heal|p2a: Weezing|37/100 brn|[from] item: Black Sludge
|-damage|p1a: Weezing|31/100 brn|[from] brn
|-damage|p2a: Weezing|31/100 brn|[from] brn
|upkeep
|turn|26
|
|t:|1617812272
|move|p1a: Weezing|Sludge Bomb|p2a: Weezing
|-resisted|p2a: Weezing
|-damage|p2a: Weezing|19/100 brn
|move|p2a: Weezing|Fire Blast|p1a: Weezing
|-damage|p1a: Weezing|1/100 brn
|
|-heal|p1a: Weezing|7/100 brn|[from] item: Black Sludge
|-heal|p2a: Weezing|25/100 brn|[from] item: Black Sludge
|-damage|p1a: Weezing|1/100 brn|[from] brn
|-damage|p2a: Weezing|19/100 brn|[from] brn
|upkeep
|turn|27
|
|t:|1617812278
|move|p1a: Weezing|Sludge Bomb|p2a: Weezing
|-resisted|p2a: Weezing
|-damage|p2a: Weezing|6/100 brn
|move|p2a: Weezing|Fire Blast|p1a: Weezing
|-damage|p1a: Weezing|0 fnt
|faint|p1a: Weezing
|
|-heal|p2a: Weezing|12/100 brn|[from] item: Black Sludge
|-damage|p2a: Weezing|6/100 brn|[from] brn
|upkeep
|
|t:|1617812291
|switch|p1a: Tsareena|Tsareena, F|84/100
|turn|28
|
|t:|1617812305
|move|p1a: Tsareena|Rapid Spin|p2a: Weezing
|-damage|p2a: Weezing|0 fnt
|-boost|p1a: Tsareena|spe|1
|faint|p2a: Weezing
|
|upkeep
|
|t:|1617812314
|switch|p2a: Jellicent|Jellicent, F|95/100
|-damage|p2a: Jellicent|83/100|[from] Stealth Rock
|turn|29
|
|t:|1617812318
|move|p1a: Tsareena|Power Whip|p2a: Jellicent
|-supereffective|p2a: Jellicent
|-damage|p2a: Jellicent|0 fnt
|faint|p2a: Jellicent
|
|upkeep
|
|t:|1617812325
|switch|p2a: Aggron|Aggron, M|85/100
|-damage|p2a: Aggron|79/100|[from] Stealth Rock
|turn|30
|
|t:|1617812334
|move|p1a: Tsareena|U-turn|p2a: Aggron
|-resisted|p2a: Aggron
|-damage|p2a: Aggron|73/100
|
|t:|1617812339
|switch|p1a: Gigalith|Gigalith, M|75/100|[from]move: U-turn
|-weather|Sandstorm|[from] ability: Sand Stream|[of] p1a: Gigalith
|move|p2a: Aggron|Heavy Slam|p1a: Gigalith
|-supereffective|p1a: Gigalith
|-damage|p1a: Gigalith|54/100
|
|-weather|Sandstorm|[upkeep]
|-heal|p1a: Gigalith|60/100|[from] item: Leftovers
|upkeep
|turn|31
|
|t:|1617812347
|switch|p2a: Sandaconda|Sandaconda, F|100/100
|-damage|p2a: Sandaconda|94/100|[from] Stealth Rock
|move|p1a: Gigalith|Earthquake|p2a: Sandaconda
|-damage|p2a: Sandaconda|71/100
|
|-weather|Sandstorm|[upkeep]
|-heal|p2a: Sandaconda|78/100|[from] item: Leftovers
|-heal|p1a: Gigalith|66/100|[from] item: Leftovers
|upkeep
|turn|32
|
|t:|1617812369
|switch|p1a: Tsareena|Tsareena, F|84/100
|move|p2a: Sandaconda|Coil|p2a: Sandaconda
|-boost|p2a: Sandaconda|atk|1
|-boost|p2a: Sandaconda|def|1
|-boost|p2a: Sandaconda|accuracy|1
|
|-weather|Sandstorm|[upkeep]
|-damage|p1a: Tsareena|78/100|[from] Sandstorm
|-heal|p2a: Sandaconda|84/100|[from] item: Leftovers
|upkeep
|turn|33
|
|t:|1617812378
|move|p1a: Tsareena|Knock Off|p2a: Sandaconda
|-damage|p2a: Sandaconda|67/100
|-enditem|p2a: Sandaconda|Leftovers|[from] move: Knock Off|[of] p1a: Tsareena
|move|p2a: Sandaconda|Skitter Smack|p1a: Tsareena
|-supereffective|p1a: Tsareena
|-damage|p1a: Tsareena|0 fnt
|faint|p1a: Tsareena
|
|-weather|Sandstorm|[upkeep]
|upkeep
|
|t:|1617812386
|switch|p1a: Passimian|Passimian, M|48/100
|turn|34
|
|t:|1617812391
|move|p1a: Passimian|U-turn|p2a: Sandaconda
|-damage|p2a: Sandaconda|53/100
|
|t:|1617812394
|switch|p1a: Gigalith|Gigalith, M|66/100|[from]move: U-turn
|move|p2a: Sandaconda|Earthquake|p1a: Gigalith
|-supereffective|p1a: Gigalith
|-damage|p1a: Gigalith|0 fnt
|faint|p1a: Gigalith
|
|-weather|none
|upkeep
|
|t:|1617812396
|switch|p1a: Passimian|Passimian, M|48/100
|turn|35
|
|t:|1617812403
|move|p1a: Passimian|Close Combat|p2a: Sandaconda
|-damage|p2a: Sandaconda|19/100
|-unboost|p1a: Passimian|def|1
|-unboost|p1a: Passimian|spd|1
|move|p2a: Sandaconda|Earthquake|p1a: Passimian
|-damage|p1a: Passimian|0 fnt
|faint|p1a: Passimian
|
|win|Slayerboy752
|raw|no moomin's rating: 1382 &rarr; <strong>1366</strong><br />(-16 for losing)
|raw|Slayerboy752's rating: 1446 &rarr; <strong>1462</strong><br />(+16 for winning)
|l|☆no moomin
|l| AbigailAbby
|l| AsianCowboyv2
||Ladder isn't responding, score probably updated but might not have (Request timeout).
