|j|☆Zhangt6张六
|j|☆Suwa_yriafelc
|player|p1|Zhangt6张六|burglar|1138
|player|p2|Suwa_yriafelc|pokemonranger-gen4|1282
|teamsize|p1|6
|teamsize|p2|6
|gametype|singles
|gen|8
|tier|[Gen 8] PU
|rated|
|clearpoke
|poke|p1|Golurk|
|poke|p1|Rapidash-Galar, F|
|poke|p1|Swirlix, F|
|poke|p1|Throh, M|
|poke|p1|Thievul, M|
|poke|p1|Roselia, F|
|poke|p2|Raboot, M|
|poke|p2|Falinks|
|poke|p2|Gothitelle, M|
|poke|p2|Ludicolo, M|
|poke|p2|Vespiquen, F|
|poke|p2|Rapidash-Galar, M|
|rule|Sleep Clause Mod: Limit one foe put to sleep
|rule|Species Clause: Limit one of each Pokémon
|rule|OHKO Clause: OHKO moves are banned
|rule|Evasion Moves Clause: Evasion moves are banned
|rule|Endless Battle Clause: Forcing endless battles is banned
|rule|HP Percentage Mod: HP is shown in percentages
|rule|Dynamax Clause: You cannot dynamax
|teampreview
|inactive|Battle timer is ON: inactive players will automatically lose when time's up. (requested by Suwa_yriafelc)
|c|☆Zhangt6张六|gl hf
|
|start
|switch|p1a: Swirlix|Swirlix, F|100/100
|switch|p2a: Rapidash|Rapidash-Galar, M|100/100
|turn|1
|
|move|p2a: Rapidash|Calm Mind|p2a: Rapidash
|-boost|p2a: Rapidash|spa|1
|-boost|p2a: Rapidash|spd|1
|move|p1a: Swirlix|Yawn|p2a: Rapidash
|-start|p2a: Rapidash|move: Yawn|[of] p1a: Swirlix
|
|upkeep
|turn|2
|
|move|p2a: Rapidash|Dazzling Gleam|p1a: Swirlix
|-damage|p1a: Swirlix|13/100
|-damage|p2a: Rapidash|91/100|[from] item: Life Orb
|move|p1a: Swirlix|Sticky Web|p2a: Rapidash
|-sidestart|p2: Suwa_yriafelc|move: Sticky Web
|
|-end|p2a: Rapidash|move: Yawn|[silent]
|-status|p2a: Rapidash|slp
|upkeep
|turn|3
|
|switch|p2a: Vespiquen|Vespiquen, F|100/100
|-ability|p2a: Vespiquen|Pressure
|move|p1a: Swirlix|Endeavor|p2a: Vespiquen
|-damage|p2a: Vespiquen|12/100
|
|upkeep
|turn|4
|
|move|p1a: Swirlix|Yawn|p2a: Vespiquen
|-start|p2a: Vespiquen|move: Yawn|[of] p1a: Swirlix
|move|p2a: Vespiquen|Defog|p1a: Swirlix
|-unboost|p1a: Swirlix|evasion|1
|-sideend|p2: Suwa_yriafelc|Sticky Web|[from] move: Defog|[of] p2a: Vespiquen
|
|upkeep
|turn|5
|
|move|p1a: Swirlix|Sticky Web|p2a: Vespiquen
|-sidestart|p2: Suwa_yriafelc|move: Sticky Web
|move|p2a: Vespiquen|Roost|p2a: Vespiquen
|-heal|p2a: Vespiquen|62/100
|-singleturn|p2a: Vespiquen|move: Roost
|
|-end|p2a: Vespiquen|move: Yawn|[silent]
|-message|Sleep Clause Mod activated.
|upkeep
|turn|6
|
|move|p1a: Swirlix|Endeavor|p2a: Vespiquen
|-damage|p2a: Vespiquen|12/100
|move|p2a: Vespiquen|Aromatherapy|p2a: Vespiquen
|-activate|p2a: Vespiquen|move: Aromatherapy
|-curestatus|p2: Rapidash|slp|[msg]
|
|upkeep
|turn|7
|
|move|p1a: Swirlix|Yawn|p2a: Vespiquen
|-start|p2a: Vespiquen|move: Yawn|[of] p1a: Swirlix
|move|p2a: Vespiquen|U-turn|p1a: Swirlix
|-resisted|p1a: Swirlix
|-damage|p1a: Swirlix|0 fnt
|faint|p1a: Swirlix
|
|switch|p2a: Falinks|Falinks|100/100|[from]move: U-turn
|-activate|p2a: Falinks|move: Sticky Web
|-unboost|p2a: Falinks|spe|1
|-ability|p2a: Falinks|Defiant
|-boost|p2a: Falinks|atk|2
|
|upkeep
|
|switch|p1a: Rapidash|Rapidash-Galar, F|100/100
|turn|8
|
|move|p2a: Falinks|First Impression|p1a: Rapidash
|-damage|p1a: Rapidash|0 fnt
|-damage|p2a: Falinks|91/100|[from] item: Life Orb
|faint|p1a: Rapidash
|
|upkeep
|
|switch|p1a: Roselia|Roselia, F|100/100
|turn|9
|
|move|p1a: Roselia|Sleep Powder|p2a: Falinks
|-status|p2a: Falinks|slp|[from] move: Sleep Powder
|cant|p2a: Falinks|slp
|
|upkeep
|turn|10
|
|switch|p1a: Thievul|Thievul, M|100/100
|switch|p2a: Gothitelle|Gothitelle, M|100/100
|-activate|p2a: Gothitelle|move: Sticky Web
|-unboost|p2a: Gothitelle|spe|1
|-ability|p2a: Gothitelle|Competitive
|-boost|p2a: Gothitelle|spa|2
|
|upkeep
|turn|11
|
|move|p1a: Thievul|Nasty Plot|p1a: Thievul
|-boost|p1a: Thievul|spa|2
|move|p2a: Gothitelle|Thunderbolt|p1a: Thievul
|-damage|p1a: Thievul|0 fnt
|faint|p1a: Thievul
|
|upkeep
|
|switch|p1a: Golurk|Golurk|100/100
|turn|12
|
|switch|p2a: Ludicolo|Ludicolo, M|100/100
|-activate|p2a: Ludicolo|move: Sticky Web
|-unboost|p2a: Ludicolo|spe|1
|move|p1a: Golurk|Shadow Punch|p2a: Ludicolo
|-damage|p2a: Ludicolo|64/100
|
|-heal|p2a: Ludicolo|70/100|[from] item: Leftovers
|upkeep
|turn|13
|
|move|p1a: Golurk|Ice Punch|p2a: Ludicolo
|-damage|p2a: Ludicolo|43/100
|move|p2a: Ludicolo|Giga Drain|p1a: Golurk
|-supereffective|p1a: Golurk
|-damage|p1a: Golurk|37/100
|-heal|p2a: Ludicolo|71/100|[from] drain|[of] p1a: Golurk
|
|-heal|p2a: Ludicolo|77/100|[from] item: Leftovers
|upkeep
|turn|14
|
|move|p1a: Golurk|Shadow Punch|p2a: Ludicolo
|-damage|p2a: Ludicolo|42/100
|move|p2a: Ludicolo|Knock Off|p1a: Golurk
|-supereffective|p1a: Golurk
|-enditem|p1a: Golurk|Colbur Berry|[eat]
|-enditem|p1a: Golurk|Colbur Berry|[weaken]
|-damage|p1a: Golurk|16/100
|
|-heal|p2a: Ludicolo|48/100|[from] item: Leftovers
|upkeep
|turn|15
|
|switch|p1a: Roselia|Roselia, F|100/100
|move|p2a: Ludicolo|Synthesis|p2a: Ludicolo
|-heal|p2a: Ludicolo|98/100
|
|-heal|p2a: Ludicolo|100/100|[from] item: Leftovers
|upkeep
|turn|16
|
|switch|p2a: Raboot|Raboot, M|100/100
|-activate|p2a: Raboot|move: Sticky Web
|-unboost|p2a: Raboot|spe|1
|move|p1a: Roselia|Sludge Bomb|p2a: Raboot
|-damage|p2a: Raboot|21/100
|
|upkeep
|turn|17
|
|switch|p1a: Throh|Throh, M|100/100
|-ability|p1a: Throh|Mold Breaker
|move|p2a: Raboot|Flare Blitz|p1a: Throh
|-damage|p1a: Throh|57/100
|-damage|p2a: Raboot|0 fnt|[from] Recoil
|faint|p2a: Raboot
|
|-heal|p1a: Throh|63/100|[from] item: Leftovers
|upkeep
|
|switch|p2a: Gothitelle|Gothitelle, M|100/100
|-activate|p2a: Gothitelle|move: Sticky Web
|-unboost|p2a: Gothitelle|spe|1
|-ability|p2a: Gothitelle|Competitive
|-boost|p2a: Gothitelle|spa|2
|turn|18
|
|switch|p1a: Golurk|Golurk|16/100
|move|p2a: Gothitelle|Psychic|p1a: Golurk
|-damage|p1a: Golurk|0 fnt
|faint|p1a: Golurk
|
|upkeep
|
|switch|p1a: Throh|Throh, M|63/100
|-ability|p1a: Throh|Mold Breaker
|turn|19
|
|move|p1a: Throh|Knock Off|p2a: Gothitelle
|-supereffective|p2a: Gothitelle
|-damage|p2a: Gothitelle|53/100
|-enditem|p2a: Gothitelle|Choice Specs|[from] move: Knock Off|[of] p1a: Throh
|move|p2a: Gothitelle|Psychic|p1a: Throh
|-supereffective|p1a: Throh
|-damage|p1a: Throh|0 fnt
|faint|p1a: Throh
|
|upkeep
|c|☆Zhangt6张六|gg
|-message|Zhangt6张六 forfeited.
|
|win|Suwa_yriafelc
|l|☆Zhangt6张六
|raw|Zhangt6张六's rating: 1139 &rarr; <strong>1123</strong><br />(-16 for losing)
|raw|Suwa_yriafelc's rating: 1282 &rarr; <strong>1297</strong><br />(+15 for winning)
