|j|☆HJAD
|j|☆Skipkan
|player|p1|HJAD|lance-gen2|
|player|p2|Skipkan|twins|
|teamsize|p1|6
|teamsize|p2|6
|gametype|singles
|gen|8
|tier|[Gen 8] PU
|clearpoke
|poke|p1|Palpitoad, F|
|poke|p1|Roselia, M|
|poke|p1|Silvally-*|
|poke|p1|Beheeyem, F|
|poke|p1|Noctowl, F|
|poke|p1|Ninjask, F|
|poke|p2|Glaceon, M|
|poke|p2|Silvally-*|
|poke|p2|Mareanie, F|
|poke|p2|Type: Null|
|poke|p2|Stonjourner, M|
|poke|p2|Persian, F|
|rule|Sleep Clause Mod: Limit one foe put to sleep
|rule|Species Clause: Limit one of each Pokémon
|rule|OHKO Clause: OHKO moves are banned
|rule|Evasion Moves Clause: Evasion moves are banned
|rule|Endless Battle Clause: Forcing endless battles is banned
|rule|HP Percentage Mod: HP is shown in percentages
|rule|Dynamax Clause: You cannot dynamax
|teampreview
|j| FakeTlenit1
|j| rw
|j| kelly ㋛ kafka
|j|+Specs Jigglypuff
|j| uwuette
|
|start
|switch|p1a: Silvally|Silvally-Fire|100/100
|switch|p2a: Persian|Persian, F|100/100
|turn|1
|j|+tjay
|
|switch|p1a: Palpitoad|Palpitoad, F|100/100
|move|p2a: Persian|Fake Out|p1a: Palpitoad
|-damage|p1a: Palpitoad|84/100
|
|upkeep
|turn|2
|
|move|p2a: Persian|U-turn|p1a: Palpitoad
|-damage|p1a: Palpitoad|73/100
|j| kryptwave⋈
|
|switch|p2a: Glaceon|Glaceon, M|100/100|[from]move: U-turn
|move|p1a: Palpitoad|Stealth Rock|p2a: Glaceon
|-sidestart|p2: Skipkan|move: Stealth Rock
|
|upkeep
|turn|3
|
|switch|p1a: Silvally|Silvally-Fire|100/100
|move|p2a: Glaceon|Copycat|p2a: Glaceon
|move|p2a: Glaceon|Stealth Rock|p1a: Silvally|[from]Copycat
|-sidestart|p1: HJAD|move: Stealth Rock
|
|upkeep
|turn|4
|c|+tjay|,
|
|switch|p1a: Roselia|Roselia, M|100/100
|-damage|p1a: Roselia|88/100|[from] Stealth Rock
|switch|p2a: Mareanie|Mareanie, F|100/100
|-damage|p2a: Mareanie|88/100|[from] Stealth Rock
|
|upkeep
|turn|5
|c| kryptwave⋈|,
|c|☆HJAD|,
|
|move|p1a: Roselia|Spikes|p2a: Mareanie
|-sidestart|p2: Skipkan|Spikes
|move|p2a: Mareanie|Toxic Spikes|p1a: Roselia
|-sidestart|p1: HJAD|move: Toxic Spikes
|
|upkeep
|turn|6
|j| zapni
|
|switch|p2a: Glaceon|Glaceon, M|100/100
|-damage|p2a: Glaceon|76/100|[from] Stealth Rock
|-damage|p2a: Glaceon|64/100|[from] Spikes
|move|p1a: Roselia|Sludge Bomb|p2a: Glaceon
|-damage|p2a: Glaceon|22/100
|
|upkeep
|turn|7
|
|switch|p1a: Silvally|Silvally-Fire|100/100
|-status|p1a: Silvally|psn
|-damage|p1a: Silvally|76/100 psn|[from] Stealth Rock
|move|p2a: Glaceon|Ice Beam|p1a: Silvally
|-resisted|p1a: Silvally
|-damage|p1a: Silvally|31/100 psn
|
|-damage|p1a: Silvally|18/100 psn|[from] psn
|upkeep
|turn|8
|
|switch|p2a: Mareanie|Mareanie, F|100/100
|-damage|p2a: Mareanie|88/100|[from] Spikes
|-damage|p2a: Mareanie|76/100|[from] Stealth Rock
|move|p1a: Silvally|Multi-Attack|p2a: Mareanie
|-resisted|p2a: Mareanie
|-damage|p2a: Mareanie|58/100
|
|-damage|p1a: Silvally|6/100 psn|[from] psn
|upkeep
|turn|9
|j| Stratis
|
|switch|p1a: Roselia|Roselia, M|88/100
|-damage|p1a: Roselia|76/100|[from] Stealth Rock
|-sideend|p1: HJAD|move: Toxic Spikes|[of] p1a: Roselia
|move|p2a: Mareanie|Recover|p2a: Mareanie
|-heal|p2a: Mareanie|100/100
|
|upkeep
|turn|10
|j| Metool B
|
|move|p1a: Roselia|Spikes|p2a: Mareanie
|-sidestart|p2: Skipkan|Spikes
|move|p2a: Mareanie|Toxic Spikes|p1a: Roselia
|-sidestart|p1: HJAD|move: Toxic Spikes
|
|upkeep
|turn|11
|
|switch|p2a: Type: Null|Type: Null|100/100
|-damage|p2a: Type: Null|84/100|[from] Spikes
|-damage|p2a: Type: Null|72/100|[from] Stealth Rock
|move|p1a: Roselia|Spikes|p2a: Type: Null
|-sidestart|p2: Skipkan|Spikes
|
|upkeep
|turn|12
|j| hamhamhamham
|
|move|p1a: Roselia|Sludge Bomb|p2a: Type: Null
|-damage|p2a: Type: Null|59/100
|-status|p2a: Type: Null|psn
|move|p2a: Type: Null|Iron Defense|p2a: Type: Null
|-boost|p2a: Type: Null|def|2
|
|-damage|p2a: Type: Null|46/100 psn|[from] psn
|upkeep
|turn|13
|j| uhuhuhu7
|
|switch|p1a: Silvally|Silvally-Fire|6/100 psn
|-damage|p1a: Silvally|0 fnt|[from] Stealth Rock
|faint|p1a: Silvally
|move|p2a: Type: Null|Rest|p2a: Type: Null
|-status|p2a: Type: Null|slp|[from] move: Rest
|-heal|p2a: Type: Null|100/100 slp|[silent]
|
|upkeep
|j|+Union Caboche
|
|switch|p1a: Roselia|Roselia, M|76/100
|-damage|p1a: Roselia|64/100|[from] Stealth Rock
|-sideend|p1: HJAD|move: Toxic Spikes|[of] p1a: Roselia
|turn|14
|
|switch|p1a: Beheeyem|Beheeyem, F|100/100
|-damage|p1a: Beheeyem|88/100|[from] Stealth Rock
|cant|p2a: Type: Null|slp
|
|upkeep
|turn|15
|
|cant|p2a: Type: Null|slp
|move|p1a: Beheeyem|Psychic|p2a: Type: Null
|-damage|p2a: Type: Null|70/100 slp
|
|upkeep
|turn|16
|
|-curestatus|p2a: Type: Null|slp|[msg]
|move|p2a: Type: Null|Swords Dance|p2a: Type: Null
|-boost|p2a: Type: Null|atk|2
|move|p1a: Beheeyem|Psychic|p2a: Type: Null
|-damage|p2a: Type: Null|40/100
|
|upkeep
|turn|17
|
|move|p2a: Type: Null|Crush Claw|p1a: Beheeyem
|-damage|p1a: Beheeyem|28/100
|move|p1a: Beheeyem|Psychic|p2a: Type: Null
|-damage|p2a: Type: Null|11/100
|
|upkeep
|turn|18
|
|move|p2a: Type: Null|Rest|p2a: Type: Null
|-status|p2a: Type: Null|slp|[from] move: Rest
|-heal|p2a: Type: Null|100/100 slp|[silent]
|move|p1a: Beheeyem|Recover|p1a: Beheeyem
|-heal|p1a: Beheeyem|78/100
|
|upkeep
|turn|19
|
|cant|p2a: Type: Null|slp
|move|p1a: Beheeyem|Psychic|p2a: Type: Null
|-damage|p2a: Type: Null|73/100 slp
|
|upkeep
|turn|20
|
|cant|p2a: Type: Null|slp
|move|p1a: Beheeyem|Psychic|p2a: Type: Null
|-damage|p2a: Type: Null|43/100 slp
|-unboost|p2a: Type: Null|spd|1
|
|upkeep
|turn|21
|
|-curestatus|p2a: Type: Null|slp|[msg]
|move|p2a: Type: Null|Crush Claw|p1a: Beheeyem
|-damage|p1a: Beheeyem|21/100
|move|p1a: Beheeyem|Trick Room|p1a: Beheeyem
|-fieldstart|move: Trick Room|[of] p1a: Beheeyem
|
|upkeep
|turn|22
|
|move|p1a: Beheeyem|Psychic|p2a: Type: Null
|-damage|p2a: Type: Null|12/100
|move|p2a: Type: Null|Crush Claw|p1a: Beheeyem
|-damage|p1a: Beheeyem|0 fnt
|faint|p1a: Beheeyem
|
|upkeep
|
|switch|p1a: Roselia|Roselia, M|64/100
|-damage|p1a: Roselia|52/100|[from] Stealth Rock
|turn|23
|j|+MARCU5theBAW5
|
|move|p2a: Type: Null|Rest|p2a: Type: Null
|-status|p2a: Type: Null|slp|[from] move: Rest
|-heal|p2a: Type: Null|100/100 slp|[silent]
|move|p1a: Roselia|Giga Drain|p2a: Type: Null
|-damage|p2a: Type: Null|83/100 slp
|-heal|p1a: Roselia|63/100|[from] drain|[of] p2a: Type: Null
|
|upkeep
|turn|24
|j| Lobissa
|
|cant|p2a: Type: Null|slp
|move|p1a: Roselia|Sludge Bomb|p2a: Type: Null
|-damage|p2a: Type: Null|63/100 slp
|
|upkeep
|turn|25
|
|cant|p2a: Type: Null|slp
|move|p1a: Roselia|Sludge Bomb|p2a: Type: Null
|-damage|p2a: Type: Null|44/100 slp
|
|-fieldend|move: Trick Room
|upkeep
|turn|26
|
|move|p1a: Roselia|Giga Drain|p2a: Type: Null
|-damage|p2a: Type: Null|28/100 slp
|-heal|p1a: Roselia|74/100|[from] drain|[of] p2a: Type: Null
|-curestatus|p2a: Type: Null|slp|[msg]
|move|p2a: Type: Null|Crush Claw|p1a: Roselia
|-damage|p1a: Roselia|32/100
|
|upkeep
|turn|27
|
|switch|p1a: Noctowl|Noctowl, F|100/100
|move|p2a: Type: Null|Rest|p2a: Type: Null
|-status|p2a: Type: Null|slp|[from] move: Rest
|-heal|p2a: Type: Null|100/100 slp|[silent]
|
|upkeep
|turn|28
|j| Joe Bob Shmitz
|
|switch|p2a: Glaceon|Glaceon, M|22/100
|-damage|p2a: Glaceon|0 fnt|[from] Stealth Rock
|faint|p2a: Glaceon
|move|p1a: Noctowl|Hurricane|p2: Glaceon|[notarget]
|-fail|p1a: Noctowl
|
|upkeep
|
|switch|p2a: Silvally|Silvally-Ground|100/100
|-damage|p2a: Silvally|94/100|[from] Stealth Rock
|-damage|p2a: Silvally|69/100|[from] Spikes
|turn|29
|
|move|p2a: Silvally|Defog|p1a: Noctowl
|-unboost|p1a: Noctowl|evasion|1
|-sideend|p1: HJAD|Stealth Rock|[from] move: Defog|[of] p2a: Silvally
|-sideend|p2: Skipkan|Spikes|[from] move: Defog|[of] p2a: Silvally
|-sideend|p2: Skipkan|Stealth Rock|[from] move: Defog|[of] p2a: Silvally
|move|p1a: Noctowl|Hurricane|p2a: Silvally
|-damage|p2a: Silvally|30/100
|-start|p2a: Silvally|confusion
|
|upkeep
|turn|30
|
|-activate|p2a: Silvally|confusion
|move|p2a: Silvally|Rock Slide|p1a: Noctowl
|-supereffective|p1a: Noctowl
|-damage|p1a: Noctowl|40/100
|cant|p1a: Noctowl|flinch
|
|upkeep
|turn|31
|
|switch|p1a: Palpitoad|Palpitoad, F|73/100
|-end|p2a: Silvally|confusion
|move|p2a: Silvally|Rock Slide|p1a: Palpitoad
|-resisted|p1a: Palpitoad
|-damage|p1a: Palpitoad|67/100
|
|upkeep
|turn|32
|
|move|p2a: Silvally|Parting Shot|p1a: Palpitoad
|-unboost|p1a: Palpitoad|atk|1
|-unboost|p1a: Palpitoad|spa|1
|
|switch|p2a: Type: Null|Type: Null|100/100 slp|[from]move: Parting Shot
|move|p1a: Palpitoad|Stealth Rock|p2a: Type: Null
|-sidestart|p2: Skipkan|move: Stealth Rock
|
|upkeep
|turn|33
|j| akaFila♡
|
|switch|p1a: Ninjask|Ninjask, F|100/100
|cant|p2a: Type: Null|slp
|
|upkeep
|turn|34
|
|switch|p2a: Stonjourner|Stonjourner, M|100/100
|-damage|p2a: Stonjourner|88/100|[from] Stealth Rock
|move|p1a: Ninjask|Leech Life|p2a: Stonjourner
|-damage|p2a: Stonjourner|60/100
|
|-ability|p1a: Ninjask|Speed Boost|boost
|-boost|p1a: Ninjask|spe|1
|upkeep
|turn|35
|
|move|p1a: Ninjask|U-turn|p2a: Stonjourner
|-damage|p2a: Stonjourner|36/100
|
|switch|p1a: Palpitoad|Palpitoad, F|67/100|[from]move: U-turn
|move|p2a: Stonjourner|Heat Crash|p1a: Palpitoad
|-resisted|p1a: Palpitoad
|-damage|p1a: Palpitoad|54/100
|
|upkeep
|turn|36
|
|move|p2a: Stonjourner|Heat Crash|p1a: Palpitoad
|-resisted|p1a: Palpitoad
|-damage|p1a: Palpitoad|41/100
|move|p1a: Palpitoad|Earth Power|p2a: Stonjourner
|-supereffective|p2a: Stonjourner
|-damage|p2a: Stonjourner|0 fnt
|faint|p2a: Stonjourner
|
|upkeep
|
|switch|p2a: Type: Null|Type: Null|100/100 slp
|-damage|p2a: Type: Null|88/100 slp|[from] Stealth Rock
|turn|37
|
|move|p1a: Palpitoad|Earth Power|p2a: Type: Null
|-damage|p2a: Type: Null|78/100 slp
|cant|p2a: Type: Null|slp
|
|upkeep
|turn|38
|
|move|p1a: Palpitoad|Earth Power|p2a: Type: Null
|-damage|p2a: Type: Null|69/100 slp
|-curestatus|p2a: Type: Null|slp|[msg]
|move|p2a: Type: Null|Iron Defense|p2a: Type: Null
|-boost|p2a: Type: Null|def|2
|
|upkeep
|turn|39
|
|move|p1a: Palpitoad|Earth Power|p2a: Type: Null
|-damage|p2a: Type: Null|59/100
|move|p2a: Type: Null|Swords Dance|p2a: Type: Null
|-boost|p2a: Type: Null|atk|2
|
|upkeep
|turn|40
|j| egalvanc
|
|move|p1a: Palpitoad|Scald|p2a: Type: Null
|-damage|p2a: Type: Null|50/100
|-status|p2a: Type: Null|brn
|move|p2a: Type: Null|Swords Dance|p2a: Type: Null
|-boost|p2a: Type: Null|atk|2
|
|-damage|p2a: Type: Null|44/100 brn|[from] brn
|upkeep
|turn|41
|
|move|p1a: Palpitoad|Earth Power|p2a: Type: Null
|-damage|p2a: Type: Null|34/100 brn
|move|p2a: Type: Null|Iron Defense|p2a: Type: Null
|-boost|p2a: Type: Null|def|2
|
|-damage|p2a: Type: Null|28/100 brn|[from] brn
|upkeep
|turn|42
|
|move|p1a: Palpitoad|Earth Power|p2a: Type: Null
|-damage|p2a: Type: Null|19/100 brn
|move|p2a: Type: Null|Rest|p2a: Type: Null
|-status|p2a: Type: Null|slp|[from] move: Rest
|-heal|p2a: Type: Null|100/100 slp|[silent]
|
|upkeep
|turn|43
|
|move|p1a: Palpitoad|Earth Power|p2a: Type: Null
|-damage|p2a: Type: Null|90/100 slp
|cant|p2a: Type: Null|slp
|
|upkeep
|turn|44
|
|move|p1a: Palpitoad|Earth Power|p2a: Type: Null
|-damage|p2a: Type: Null|81/100 slp
|cant|p2a: Type: Null|slp
|
|upkeep
|turn|45
|
|move|p1a: Palpitoad|Earth Power|p2a: Type: Null
|-damage|p2a: Type: Null|72/100 slp
|-unboost|p2a: Type: Null|spd|1
|-curestatus|p2a: Type: Null|slp|[msg]
|move|p2a: Type: Null|Crush Claw|p1a: Palpitoad
|-damage|p1a: Palpitoad|0 fnt
|faint|p1a: Palpitoad
|
|upkeep
|l| Joe Bob Shmitz
|
|switch|p1a: Noctowl|Noctowl, F|40/100
|turn|46
|
|move|p1a: Noctowl|Hurricane|p2a: Type: Null
|-damage|p2a: Type: Null|43/100
|move|p2a: Type: Null|Crush Claw|p1a: Noctowl
|-damage|p1a: Noctowl|0 fnt
|faint|p1a: Noctowl
|
|upkeep
|c|☆HJAD|gg again
|
|switch|p1a: Ninjask|Ninjask, F|100/100
|turn|47
|c|☆Skipkan|gg
|l| rw
|
|move|p1a: Ninjask|Leech Life|p2a: Type: Null
|-damage|p2a: Type: Null|36/100
|move|p2a: Type: Null|Crush Claw|p1a: Ninjask
|-damage|p1a: Ninjask|0 fnt
|faint|p1a: Ninjask
|
|upkeep
|
|switch|p1a: Roselia|Roselia, M|32/100
|turn|48
|
|move|p1a: Roselia|Sludge Bomb|p2a: Type: Null
|-damage|p2a: Type: Null|15/100
|move|p2a: Type: Null|Crush Claw|p1a: Roselia|[miss]
|-miss|p2a: Type: Null|p1a: Roselia
|
|upkeep
|turn|49
|
|move|p1a: Roselia|Giga Drain|p2a: Type: Null
|-damage|p2a: Type: Null|0 fnt
|-heal|p1a: Roselia|41/100|[from] drain|[of] p2a: Type: Null
|faint|p2a: Type: Null
|
|upkeep
|
|switch|p2a: Persian|Persian, F|100/100
|-damage|p2a: Persian|88/100|[from] Stealth Rock
|turn|50
|
|move|p2a: Persian|Fake Out|p1a: Roselia
|-crit|p1a: Roselia
|-damage|p1a: Roselia|9/100
|cant|p1a: Roselia|flinch
|
|upkeep
|turn|51
|
|move|p2a: Persian|Double-Edge|p1a: Roselia
|-damage|p1a: Roselia|0 fnt
|-damage|p2a: Persian|85/100|[from] Recoil
|faint|p1a: Roselia
|
|win|Skipkan
|l|+Specs Jigglypuff
|l|☆HJAD
|l| kelly ㋛ kafka
