|j|☆Pok3mon Jake
|j|☆acluh1
|t:|1667569002
|gametype|singles
|player|p1|Pok3mon Jake|unknown|1339
|player|p2|acluh1|karen|1356
|teamsize|p1|6
|teamsize|p2|6
|gen|8
|tier|[Gen 8] PU
|rated|
|rule|Sleep Clause Mod: Limit one foe put to sleep
|rule|Species Clause: Limit one of each Pokémon
|rule|OHKO Clause: OHKO moves are banned
|rule|Evasion Items Clause: Evasion items are banned
|rule|Evasion Moves Clause: Evasion moves are banned
|rule|Endless Battle Clause: Forcing endless battles is banned
|rule|HP Percentage Mod: HP is shown in percentages
|rule|Dynamax Clause: You cannot dynamax
|clearpoke
|poke|p1|Leafeon, M|
|poke|p1|Charizard, M|
|poke|p1|Ivysaur, M|
|poke|p1|Regirock|
|poke|p1|Sandslash, F|
|poke|p1|Liepard, M|
|poke|p2|Coalossal, F|
|poke|p2|Comfey, F|
|poke|p2|Doublade, F|
|poke|p2|Hitmonlee, M|
|poke|p2|Thievul, F|
|poke|p2|Thwackey, F|
|teampreview
|inactive|Battle timer is ON: inactive players will automatically lose when time's up. (requested by acluh1)
|
|t:|1667569032
|start
|switch|p1a: Regirock|Regirock|100/100
|switch|p2a: Comfey|Comfey, F|100/100
|turn|1
|
|t:|1667569041
|switch|p2a: Doublade|Doublade, F|100/100
|move|p1a: Regirock|Stealth Rock|p2a: Doublade
|-sidestart|p2: acluh1|move: Stealth Rock
|
|upkeep
|turn|2
|
|t:|1667569050
|switch|p1a: Sandslash|Sandslash, F|100/100
|move|p2a: Doublade|Swords Dance|p2a: Doublade
|-boost|p2a: Doublade|atk|2
|
|upkeep
|turn|3
|
|t:|1667569061
|move|p1a: Sandslash|Knock Off|p2a: Doublade
|-supereffective|p2a: Doublade
|-damage|p2a: Doublade|74/100
|-enditem|p2a: Doublade|Eviolite|[from] move: Knock Off|[of] p1a: Sandslash
|move|p2a: Doublade|Shadow Claw|p1a: Sandslash
|-damage|p1a: Sandslash|40/100
|
|-heal|p1a: Sandslash|46/100|[from] item: Leftovers
|upkeep
|turn|4
|
|t:|1667569070
|move|p1a: Sandslash|Earthquake|p2a: Doublade
|-supereffective|p2a: Doublade
|-damage|p2a: Doublade|14/100
|move|p2a: Doublade|Shadow Claw|p1a: Sandslash
|-damage|p1a: Sandslash|0 fnt
|faint|p1a: Sandslash
|
|upkeep
|
|t:|1667569080
|switch|p1a: Liepard|Liepard, M|100/100
|turn|5
|
|t:|1667569089
|move|p2a: Doublade|Shadow Sneak|p1a: Liepard
|-resisted|p1a: Liepard
|-damage|p1a: Liepard|57/100
|move|p1a: Liepard|Knock Off|p2a: Doublade
|-supereffective|p2a: Doublade
|-damage|p2a: Doublade|0 fnt
|faint|p2a: Doublade
|
|upkeep
|
|t:|1667569094
|switch|p2a: Thwackey|Thwackey, F|100/100
|-damage|p2a: Thwackey|88/100|[from] Stealth Rock
|-fieldstart|move: Grassy Terrain|[from] ability: Grassy Surge|[of] p2a: Thwackey
|turn|6
|
|t:|1667569099
|move|p1a: Liepard|Sunny Day|p1a: Liepard
|-weather|SunnyDay
|move|p2a: Thwackey|Grassy Glide|p1a: Liepard
|-damage|p1a: Liepard|0 fnt
|faint|p1a: Liepard
|
|-weather|SunnyDay|[upkeep]
|-heal|p2a: Thwackey|94/100|[from] Grassy Terrain
|upkeep
|
|t:|1667569106
|switch|p1a: Leafeon|Leafeon, M|100/100
|turn|7
|
|t:|1667569122
|move|p1a: Leafeon|Swords Dance|p1a: Leafeon
|-boost|p1a: Leafeon|atk|2
|move|p2a: Thwackey|Knock Off|p1a: Leafeon
|-damage|p1a: Leafeon|72/100
|-enditem|p1a: Leafeon|Lum Berry|[from] move: Knock Off|[of] p2a: Thwackey
|
|-weather|SunnyDay|[upkeep]
|-heal|p1a: Leafeon|78/100|[from] Grassy Terrain
|-heal|p2a: Thwackey|100/100|[from] Grassy Terrain
|upkeep
|turn|8
|
|t:|1667569140
|move|p1a: Leafeon|Swords Dance|p1a: Leafeon
|-boost|p1a: Leafeon|atk|2
|move|p2a: Thwackey|U-turn|p1a: Leafeon
|-supereffective|p1a: Leafeon
|-damage|p1a: Leafeon|36/100
|
|t:|1667569151
|switch|p2a: Thievul|Thievul, F|100/100|[from]move: U-turn
|-damage|p2a: Thievul|88/100|[from] Stealth Rock
|-enditem|p2a: Thievul|Grassy Seed
|-boost|p2a: Thievul|def|1|[from] item: Grassy Seed
|
|-weather|SunnyDay|[upkeep]
|-heal|p1a: Leafeon|41/100|[from] Grassy Terrain
|-heal|p2a: Thievul|94/100|[from] Grassy Terrain
|upkeep
|turn|9
|
|t:|1667569171
|move|p1a: Leafeon|Leaf Blade|p2a: Thievul
|-damage|p2a: Thievul|0 fnt
|faint|p2a: Thievul
|
|-weather|SunnyDay|[upkeep]
|-heal|p1a: Leafeon|47/100|[from] Grassy Terrain
|upkeep
|
|t:|1667569188
|switch|p2a: Coalossal|Coalossal, F|100/100
|turn|10
|
|t:|1667569191
|move|p1a: Leafeon|Leaf Blade|p2a: Coalossal
|-damage|p2a: Coalossal|0 fnt
|faint|p2a: Coalossal
|
|-weather|SunnyDay|[upkeep]
|-heal|p1a: Leafeon|53/100|[from] Grassy Terrain
|upkeep
|
|t:|1667569195
|switch|p2a: Comfey|Comfey, F|100/100
|-damage|p2a: Comfey|88/100|[from] Stealth Rock
|-enditem|p2a: Comfey|Grassy Seed
|-boost|p2a: Comfey|def|1|[from] item: Grassy Seed
|turn|11
|
|t:|1667569205
|move|p2a: Comfey|Draining Kiss|p1a: Leafeon
|-damage|p1a: Leafeon|19/100
|-heal|p2a: Comfey|100/100|[from] drain|[of] p1a: Leafeon
|move|p1a: Leafeon|Leaf Blade|p2a: Comfey
|-damage|p2a: Comfey|0 fnt
|faint|p2a: Comfey
|
|-weather|SunnyDay|[upkeep]
|-heal|p1a: Leafeon|24/100|[from] Grassy Terrain
|upkeep
|
|t:|1667569213
|switch|p2a: Thwackey|Thwackey, F|100/100
|-damage|p2a: Thwackey|88/100|[from] Stealth Rock
|turn|12
|
|t:|1667569227
|move|p2a: Thwackey|Grassy Glide|p1a: Leafeon
|-resisted|p1a: Leafeon
|-damage|p1a: Leafeon|5/100
|move|p1a: Leafeon|Leaf Blade|p2a: Thwackey
|-resisted|p2a: Thwackey
|-damage|p2a: Thwackey|0 fnt
|faint|p2a: Thwackey
|
|-weather|SunnyDay|[upkeep]
|-heal|p1a: Leafeon|10/100|[from] Grassy Terrain
|upkeep
|
|t:|1667569231
|switch|p2a: Hitmonlee|Hitmonlee, M|100/100
|-damage|p2a: Hitmonlee|95/100|[from] Stealth Rock
|-enditem|p2a: Hitmonlee|Grassy Seed
|-boost|p2a: Hitmonlee|def|1|[from] item: Grassy Seed
|turn|13
|
|t:|1667569240
|move|p1a: Leafeon|Leaf Blade|p2a: Hitmonlee
|-damage|p2a: Hitmonlee|0 fnt
|faint|p2a: Hitmonlee
|
|win|Pok3mon Jake
|raw|Pok3mon Jake's rating: 1339 &rarr; <strong>1360</strong><br />(+21 for winning)
|raw|acluh1's rating: 1356 &rarr; <strong>1335</strong><br />(-21 for losing)
|l|☆acluh1
