|raw|<div class="broadcast-blue"><strong>This battle is required to be public due to a player having a name starting with 'pult4c1'.</div>
|j|☆PULT4C1 Redemption
|j|☆JackThePickle
|t:|1660945660
|gametype|singles
|player|p1|PULT4C1 Redemption|#redemption|1343
|player|p2|JackThePickle|265|1340
|teamsize|p1|6
|teamsize|p2|6
|gen|8
|tier|[Gen 8] PU
|rated|
|rule|Sleep Clause Mod: Limit one foe put to sleep
|rule|Species Clause: Limit one of each Pokémon
|rule|OHKO Clause: OHKO moves are banned
|rule|Evasion Items Clause: Evasion items are banned
|rule|Evasion Moves Clause: Evasion moves are banned
|rule|Endless Battle Clause: Forcing endless battles is banned
|rule|HP Percentage Mod: HP is shown in percentages
|rule|Dynamax Clause: You cannot dynamax
|clearpoke
|poke|p1|Archeops, M|
|poke|p1|Rapidash-Galar, F|
|poke|p1|Frosmoth, M|
|poke|p1|Doublade, F|
|poke|p1|Lycanroc, M|
|poke|p1|Charizard, F|
|poke|p2|Basculin, F|
|poke|p2|Charizard, F|
|poke|p2|Ferroseed, M|
|poke|p2|Scrafty, M|
|poke|p2|Skuntank, F|
|poke|p2|Mesprit|
|teampreview
|inactive|Battle timer is ON: inactive players will automatically lose when time's up. (requested by PULT4C1 Redemption)
|
|t:|1660945666
|start
|switch|p1a: Archeops|Archeops, M|100/100
|switch|p2a: Charizard|Charizard, F|100/100
|turn|1
|
|t:|1660945671
|switch|p2a: Ferroseed|Ferroseed, M|100/100
|move|p1a: Archeops|Stealth Rock|p2a: Ferroseed
|-sidestart|p2: JackThePickle|move: Stealth Rock
|
|upkeep
|turn|2
|j| PULT4C1 Carmin
|
|t:|1660945678
|move|p1a: Archeops|Taunt|p2a: Ferroseed
|-start|p2a: Ferroseed|move: Taunt
|cant|p2a: Ferroseed|move: Taunt|Leech Seed
|
|upkeep
|turn|3
|
|t:|1660945681
|move|p1a: Archeops|Earthquake|p2a: Ferroseed
|-damage|p2a: Ferroseed|78/100
|move|p2a: Ferroseed|Gyro Ball|p1a: Archeops
|-supereffective|p1a: Archeops
|-damage|p1a: Archeops|9/100
|
|upkeep
|turn|4
|j| Delysse
|j| Destination Bandol
|
|t:|1660945687
|move|p1a: Archeops|Earthquake|p2a: Ferroseed
|-damage|p2a: Ferroseed|67/100
|move|p2a: Ferroseed|Gyro Ball|p1a: Archeops
|-supereffective|p1a: Archeops
|-damage|p1a: Archeops|0 fnt
|faint|p1a: Archeops
|
|-end|p2a: Ferroseed|move: Taunt
|upkeep
|
|t:|1660945689
|switch|p1a: Charizard|Charizard, F|100/100
|turn|5
|
|t:|1660945695
|move|p2a: Ferroseed|Protect|p2a: Ferroseed
|-singleturn|p2a: Ferroseed|Protect
|move|p1a: Charizard|Substitute|p1a: Charizard
|-start|p1a: Charizard|Substitute
|-damage|p1a: Charizard|75/100
|
|upkeep
|turn|6
|inactive|JackThePickle has 120 seconds left.
|
|t:|1660945734
|switch|p2a: Mesprit|Mesprit|100/100
|-damage|p2a: Mesprit|88/100|[from] Stealth Rock
|move|p1a: Charizard|Belly Drum|p1a: Charizard
|-damage|p1a: Charizard|25/100
|-setboost|p1a: Charizard|atk|6|[from] move: Belly Drum
|-enditem|p1a: Charizard|Salac Berry|[eat]
|-boost|p1a: Charizard|spe|1|[from] item: Salac Berry
|
|upkeep
|turn|7
|inactive|JackThePickle has 120 seconds left.
|
|t:|1660945749
|move|p1a: Charizard|Flame Charge|p2a: Mesprit
|-damage|p2a: Mesprit|0 fnt
|-boost|p1a: Charizard|spe|1
|faint|p2a: Mesprit
|
|upkeep
|j| Micciu20250
|
|t:|1660945766
|switch|p2a: Skuntank|Skuntank, F|100/100
|-damage|p2a: Skuntank|88/100|[from] Stealth Rock
|turn|8
|
|t:|1660945771
|move|p2a: Skuntank|Sucker Punch|p1a: Charizard
|-end|p1a: Charizard|Substitute
|move|p1a: Charizard|Earthquake|p2a: Skuntank
|-supereffective|p2a: Skuntank
|-damage|p2a: Skuntank|0 fnt
|faint|p2a: Skuntank
|
|upkeep
|
|t:|1660945777
|switch|p2a: Basculin|Basculin, F, shiny|100/100
|-damage|p2a: Basculin|88/100|[from] Stealth Rock
|turn|9
|
|t:|1660945782
|move|p2a: Basculin|Aqua Jet|p1a: Charizard
|-supereffective|p1a: Charizard
|-damage|p1a: Charizard|0 fnt
|faint|p1a: Charizard
|
|upkeep
|
|t:|1660945793
|switch|p1a: Doublade|Doublade, F|100/100
|turn|10
|inactive|JackThePickle has 120 seconds left.
|
|t:|1660945810
|switch|p2a: Charizard|Charizard, F|100/100
|move|p1a: Doublade|Swords Dance|p1a: Doublade
|-boost|p1a: Doublade|atk|2
|
|upkeep
|turn|11
|
|t:|1660945814
|switch|p1a: Lycanroc|Lycanroc, M|100/100
|move|p2a: Charizard|Fire Blast|p1a: Lycanroc
|-resisted|p1a: Lycanroc
|-damage|p1a: Lycanroc|57/100
|
|upkeep
|turn|12
|
|t:|1660945823
|switch|p2a: Ferroseed|Ferroseed, M|67/100
|-damage|p2a: Ferroseed|61/100|[from] Stealth Rock
|move|p1a: Lycanroc|Accelerock|p2a: Ferroseed
|-resisted|p2a: Ferroseed
|-damage|p2a: Ferroseed|53/100
|-damage|p1a: Lycanroc|44/100|[from] ability: Iron Barbs|[of] p2a: Ferroseed
|-damage|p1a: Lycanroc|35/100|[from] item: Life Orb
|
|upkeep
|turn|13
|
|t:|1660945828
|move|p1a: Lycanroc|Close Combat|p2a: Ferroseed
|-supereffective|p2a: Ferroseed
|-damage|p2a: Ferroseed|0 fnt
|-unboost|p1a: Lycanroc|def|1
|-unboost|p1a: Lycanroc|spd|1
|-damage|p1a: Lycanroc|22/100|[from] ability: Iron Barbs|[of] p2a: Ferroseed
|faint|p2a: Ferroseed
|-damage|p1a: Lycanroc|12/100|[from] item: Life Orb
|
|upkeep
|
|t:|1660945841
|switch|p2a: Basculin|Basculin, F, shiny|88/100
|-damage|p2a: Basculin|76/100|[from] Stealth Rock
|turn|14
|
|t:|1660945849
|switch|p1a: Doublade|Doublade, F|100/100
|move|p2a: Basculin|Aqua Jet|p1a: Doublade
|-damage|p1a: Doublade|87/100
|
|upkeep
|turn|15
|
|t:|1660945860
|switch|p2a: Scrafty|Scrafty, M|100/100
|-damage|p2a: Scrafty|95/100|[from] Stealth Rock
|move|p1a: Doublade|Iron Head|p2a: Scrafty
|-damage|p2a: Scrafty|57/100
|
|-heal|p2a: Scrafty|63/100|[from] item: Leftovers
|upkeep
|turn|16
|
|t:|1660945865
|move|p2a: Scrafty|Knock Off|p1a: Doublade
|-supereffective|p1a: Doublade
|-damage|p1a: Doublade|54/100
|-enditem|p1a: Doublade|Eviolite|[from] move: Knock Off|[of] p2a: Scrafty
|move|p1a: Doublade|Close Combat|p2a: Scrafty
|-supereffective|p2a: Scrafty
|-damage|p2a: Scrafty|0 fnt
|-unboost|p1a: Doublade|def|1
|-unboost|p1a: Doublade|spd|1
|faint|p2a: Scrafty
|
|upkeep
|
|t:|1660945872
|switch|p2a: Basculin|Basculin, F, shiny|76/100
|-damage|p2a: Basculin|63/100|[from] Stealth Rock
|turn|17
|
|t:|1660945882
|move|p1a: Doublade|Shadow Sneak|p2a: Basculin
|-damage|p2a: Basculin|26/100
|move|p2a: Basculin|Liquidation|p1a: Doublade
|-damage|p1a: Doublade|0 fnt
|faint|p1a: Doublade
|
|upkeep
|
|t:|1660945885
|switch|p1a: Lycanroc|Lycanroc, M|12/100
|turn|18
|
|t:|1660945892
|move|p1a: Lycanroc|Accelerock|p2a: Basculin
|-damage|p2a: Basculin|0 fnt
|faint|p2a: Basculin
|-damage|p1a: Lycanroc|2/100|[from] item: Life Orb
|
|upkeep
|
|t:|1660945895
|switch|p2a: Charizard|Charizard, F|100/100
|turn|19
|
|t:|1660945897
|move|p1a: Lycanroc|Accelerock|p2a: Charizard
|-supereffective|p2a: Charizard
|-damage|p2a: Charizard|0 fnt
|faint|p2a: Charizard
|-damage|p1a: Lycanroc|0 fnt|[from] item: Life Orb
|faint|p1a: Lycanroc
|
|win|PULT4C1 Redemption
|raw|PULT4C1 Redemption's rating: 1343 &rarr; <strong>1363</strong><br />(+20 for winning)
|raw|JackThePickle's rating: 1340 &rarr; <strong>1320</strong><br />(-20 for losing)
|l|☆JackThePickle
|l|☆PULT4C1 Redemption
