|j|☆securethebagon
|j|☆jaytop31
|t:|1602591711
|player|p1|securethebagon|drake-gen3|
|player|p2|jaytop31|cress|
|teamsize|p1|6
|teamsize|p2|6
|gametype|singles
|gen|8
|tier|[Gen 8] PU
|rated|Tournament battle
|clearpoke
|poke|p1|Glaceon, M|
|poke|p1|Hattrem, F|
|poke|p1|Unfezant, M|
|poke|p1|Silvally-*|
|poke|p1|Throh, M|
|poke|p1|Stunfisk, M|
|poke|p2|Pincurchin, M|
|poke|p2|Musharna, F|
|poke|p2|Mawile, M|
|poke|p2|Hitmonchan, M|
|poke|p2|Cramorant, M|
|poke|p2|Gourgeist-*, F|
|rule|Sleep Clause Mod: Limit one foe put to sleep
|rule|Species Clause: Limit one of each Pokémon
|rule|OHKO Clause: OHKO moves are banned
|rule|Evasion Moves Clause: Evasion moves are banned
|rule|Endless Battle Clause: Forcing endless battles is banned
|rule|HP Percentage Mod: HP is shown in percentages
|rule|Dynamax Clause: You cannot dynamax
|teampreview
|j| Freshgarchomp
|j| toopsiewoopsie
|j|+zSpxdes
|j|+piloswine gripado
|
|t:|1602591732
|start
|switch|p1a: Glaceon|Glaceon, M|100/100
|switch|p2a: Pincurchin|Pincurchin, M|100/100
|-fieldstart|move: Electric Terrain|[from] ability: Electric Surge|[of] p2a: Pincurchin
|turn|1
|l| toopsiewoopsie
|
|t:|1602591749
|move|p1a: Glaceon|Ice Beam|p2a: Pincurchin
|-damage|p2a: Pincurchin|0 fnt
|faint|p2a: Pincurchin
|
|upkeep
|c|☆jaytop31|damn
|c|☆jaytop31|i thought i could live one
|
|t:|1602591766
|switch|p2a: Hitmonchan|Hitmonchan, M|100/100
|turn|2
|j| AzureIsGhoul 恐怖
|
|t:|1602591786
|switch|p2a: Cramorant|Cramorant, M|100/100
|switch|p1a: Stunfisk|Stunfisk, M|100/100
|
|upkeep
|turn|3
|
|t:|1602591798
|move|p2a: Cramorant|Surf|p1a: Stunfisk
|-supereffective|p1a: Stunfisk
|-formechange|p2a: Cramorant|Cramorant-Gulping|
|-damage|p1a: Stunfisk|48/100
|move|p1a: Stunfisk|Discharge|p2a: Cramorant
|-supereffective|p2a: Cramorant
|-damage|p2a: Cramorant|0 fnt
|-damage|p1a: Stunfisk|23/100|[from] ability: Gulp Missile|[of] p2a: Cramorant
|-unboost|p1a: Stunfisk|def|1
|-formechange|p2a: Cramorant|Cramorant|
|faint|p2a: Cramorant
|
|-heal|p1a: Stunfisk|29/100|[from] item: Leftovers
|upkeep
|
|t:|1602591803
|switch|p2a: Gourgeist|Gourgeist, F|100/100
|-item|p1a: Stunfisk|Leftovers|[from] ability: Frisk|[of] p2a: Gourgeist|[identify]
|turn|4
|l|+piloswine gripado
|
|t:|1602591813
|move|p2a: Gourgeist|Power Whip|p1a: Stunfisk
|-supereffective|p1a: Stunfisk
|-damage|p1a: Stunfisk|0 fnt
|faint|p1a: Stunfisk
|
|upkeep
|
|t:|1602591824
|switch|p1a: Unfezant|Unfezant, M|100/100
|turn|5
|
|t:|1602591828
|switch|p2a: Mawile|Mawile, M|100/100
|-ability|p2a: Mawile|Intimidate|boost
|-unboost|p1a: Unfezant|atk|1
|move|p1a: Unfezant|Brave Bird|p2a: Mawile
|-resisted|p2a: Mawile
|-crit|p2a: Mawile
|-damage|p2a: Mawile|61/100
|-damage|p1a: Unfezant|87/100|[from] Recoil
|
|-heal|p2a: Mawile|67/100|[from] item: Leftovers
|-fieldend|move: Electric Terrain
|upkeep
|turn|6
|
|t:|1602591835
|switch|p1a: Hattrem|Hattrem, F|100/100
|move|p2a: Mawile|Knock Off|p1a: Hattrem
|-supereffective|p1a: Hattrem
|-damage|p1a: Hattrem|75/100
|-enditem|p1a: Hattrem|Eviolite|[from] move: Knock Off|[of] p2a: Mawile
|
|-heal|p2a: Mawile|73/100|[from] item: Leftovers
|upkeep
|turn|7
|
|t:|1602591852
|switch|p2a: Gourgeist|Gourgeist, F|100/100
|move|p1a: Hattrem|Mystical Fire|p2a: Gourgeist
|-supereffective|p2a: Gourgeist
|-damage|p2a: Gourgeist|55/100
|-unboost|p2a: Gourgeist|spa|1
|
|upkeep
|turn|8
|j| GoukazaruSD
|l| GoukazaruSD
|
|t:|1602591864
|move|p2a: Gourgeist|Power Whip|p1a: Hattrem
|-damage|p1a: Hattrem|21/100
|move|p1a: Hattrem|Nuzzle|p2a: Gourgeist
|-resisted|p2a: Gourgeist
|-damage|p2a: Gourgeist|54/100
|-status|p2a: Gourgeist|par
|
|upkeep
|turn|9
|
|t:|1602591877
|switch|p1a: Silvally|Silvally-Bug|100/100
|cant|p2a: Gourgeist|par
|
|upkeep
|turn|10
|
|t:|1602591884
|switch|p2a: Mawile|Mawile, M|73/100
|-ability|p2a: Mawile|Intimidate|boost
|-unboost|p1a: Silvally|atk|1
|move|p1a: Silvally|U-turn|p2a: Mawile
|-resisted|p2a: Mawile
|-damage|p2a: Mawile|69/100
|
|t:|1602591895
|switch|p1a: Glaceon|Glaceon, M|100/100|[from]move: U-turn
|
|-heal|p2a: Mawile|75/100|[from] item: Leftovers
|upkeep
|turn|11
|
|t:|1602591904
|switch|p2a: Gourgeist|Gourgeist, F|54/100 par
|-item|p1a: Glaceon|Choice Specs|[from] ability: Frisk|[of] p2a: Gourgeist|[identify]
|move|p1a: Glaceon|Ice Beam|p2a: Gourgeist
|-supereffective|p2a: Gourgeist
|-damage|p2a: Gourgeist|0 fnt
|faint|p2a: Gourgeist
|
|upkeep
|
|t:|1602591905
|switch|p2a: Hitmonchan|Hitmonchan, M|100/100
|turn|12
|
|t:|1602591917
|switch|p1a: Hattrem|Hattrem, F|21/100
|move|p2a: Hitmonchan|Throat Chop|p1a: Hattrem
|-supereffective|p1a: Hattrem
|-damage|p1a: Hattrem|0 fnt
|faint|p1a: Hattrem
|
|upkeep
|
|t:|1602591929
|switch|p1a: Silvally|Silvally-Bug|100/100
|turn|13
|
|t:|1602591933
|move|p1a: Silvally|Swords Dance|p1a: Silvally
|-boost|p1a: Silvally|atk|2
|move|p2a: Hitmonchan|Rapid Spin|p1a: Silvally
|-damage|p1a: Silvally|83/100
|-boost|p2a: Hitmonchan|spe|1
|
|upkeep
|turn|14
|l| AzureIsGhoul 恐怖
|
|t:|1602591940
|move|p2a: Hitmonchan|Throat Chop|p1a: Silvally
|-damage|p1a: Silvally|54/100
|-start|p1a: Silvally|Throat Chop|[silent]
|move|p1a: Silvally|Psychic Fangs|p2a: Hitmonchan
|-supereffective|p2a: Hitmonchan
|-damage|p2a: Hitmonchan|0 fnt
|faint|p2a: Hitmonchan
|
|upkeep
|
|t:|1602591943
|switch|p2a: Mawile|Mawile, M|75/100
|-ability|p2a: Mawile|Intimidate|boost
|-unboost|p1a: Silvally|atk|1
|turn|15
|
|t:|1602591953
|move|p1a: Silvally|U-turn|p2a: Mawile
|-resisted|p2a: Mawile
|-damage|p2a: Mawile|66/100
|
|t:|1602591955
|switch|p1a: Glaceon|Glaceon, M|100/100|[from]move: U-turn
|move|p2a: Mawile|Stealth Rock|p1a: Glaceon
|-sidestart|p1: securethebagon|move: Stealth Rock
|
|-heal|p2a: Mawile|72/100|[from] item: Leftovers
|upkeep
|turn|16
|
|t:|1602591960
|move|p1a: Glaceon|Ice Beam|p2a: Mawile
|-resisted|p2a: Mawile
|-damage|p2a: Mawile|4/100
|move|p2a: Mawile|Knock Off|p1a: Glaceon
|-damage|p1a: Glaceon|77/100
|-enditem|p1a: Glaceon|Choice Specs|[from] move: Knock Off|[of] p2a: Mawile
|
|-heal|p2a: Mawile|11/100|[from] item: Leftovers
|upkeep
|turn|17
|
|t:|1602591964
|move|p1a: Glaceon|Ice Beam|p2a: Mawile
|-resisted|p2a: Mawile
|-damage|p2a: Mawile|0 fnt
|faint|p2a: Mawile
|
|upkeep
|
|t:|1602591965
|switch|p2a: Musharna|Musharna, F|100/100
|turn|18
|
|t:|1602591978
|switch|p1a: Silvally|Silvally-Bug|54/100
|-damage|p1a: Silvally|29/100|[from] Stealth Rock
|move|p2a: Musharna|Calm Mind|p2a: Musharna
|-boost|p2a: Musharna|spa|1
|-boost|p2a: Musharna|spd|1
|
|upkeep
|turn|19
|
|t:|1602591982
|move|p1a: Silvally|Multi-Attack|p2a: Musharna
|-supereffective|p2a: Musharna
|-damage|p2a: Musharna|27/100
|move|p2a: Musharna|Stored Power|p1a: Silvally
|-damage|p1a: Silvally|0 fnt
|faint|p1a: Silvally
|
|upkeep
|
|t:|1602591986
|switch|p1a: Unfezant|Unfezant, M|87/100
|-damage|p1a: Unfezant|62/100|[from] Stealth Rock
|turn|20
|
|t:|1602591989
|move|p1a: Unfezant|Brave Bird|p2a: Musharna
|-damage|p2a: Musharna|0 fnt
|-damage|p1a: Unfezant|50/100|[from] Recoil
|faint|p2a: Musharna
|
|win|securethebagon
