|raw|<div class="broadcast-blue"><strong>This battle is required to be public due to a player having a name starting with 'pult72b'.</div>
|j|☆thinking of chu
|j|☆pult72b pop smoke
|t:|1627840914
|gametype|singles
|player|p1|thinking of chu|clown|1580
|player|p2|pult72b pop smoke|lucas|1528
|teamsize|p1|6
|teamsize|p2|6
|gen|8
|tier|[Gen 8] PU
|rated|
|rule|Sleep Clause Mod: Limit one foe put to sleep
|rule|Species Clause: Limit one of each Pokémon
|rule|OHKO Clause: OHKO moves are banned
|rule|Evasion Moves Clause: Evasion moves are banned
|rule|Endless Battle Clause: Forcing endless battles is banned
|rule|HP Percentage Mod: HP is shown in percentages
|rule|Dynamax Clause: You cannot dynamax
|clearpoke
|poke|p1|Scyther, F|
|poke|p1|Lunatone|
|poke|p1|Poliwrath, F|
|poke|p1|Silvally-*|
|poke|p1|Stunfisk-Galar, M|
|poke|p1|Miltank, F|
|poke|p2|Silvally-*|
|poke|p2|Audino, F|
|poke|p2|Weezing, F|
|poke|p2|Clefairy, F|
|poke|p2|Quagsire, M|
|poke|p2|Mesprit|
|teampreview
|
|t:|1627840929
|start
|switch|p1a: Scyther|Scyther, F|100/100
|switch|p2a: Clefairy|Clefairy, F|100/100
|turn|1
|
|t:|1627840931
|switch|p2a: Weezing|Weezing, F|100/100
|-ability|p2a: Weezing|Neutralizing Gas
|move|p1a: Scyther|Knock Off|p2a: Weezing
|-damage|p2a: Weezing|82/100
|-damage|p1a: Scyther|84/100|[from] item: Rocky Helmet|[of] p2a: Weezing
|-enditem|p2a: Weezing|Rocky Helmet|[from] move: Knock Off|[of] p1a: Scyther
|
|upkeep
|turn|2
|
|t:|1627840934
|move|p1a: Scyther|U-turn|p2a: Weezing
|-resisted|p2a: Weezing
|-damage|p2a: Weezing|71/100
|
|t:|1627840937
|switch|p1a: Lunatone|Lunatone|100/100|[from]move: U-turn
|move|p2a: Weezing|Toxic Spikes|p1a: Lunatone
|-sidestart|p1: thinking of chu|move: Toxic Spikes
|
|upkeep
|turn|3
|
|t:|1627840953
|-end|p2a: Weezing|ability: Neutralizing Gas
|switch|p2a: Silvally|Silvally-Steel|100/100
|move|p1a: Lunatone|Future Sight|p2a: Silvally
|-start|p1a: Lunatone|move: Future Sight
|
|upkeep
|turn|4
|
|t:|1627840960
|switch|p1a: Poliwrath|Poliwrath, F|100/100
|-status|p1a: Poliwrath|psn
|move|p2a: Silvally|Multi-Attack|p1a: Poliwrath
|-resisted|p1a: Poliwrath
|-damage|p1a: Poliwrath|86/100 psn
|
|-heal|p1a: Poliwrath|93/100 psn|[from] item: Leftovers
|-damage|p1a: Poliwrath|80/100 psn|[from] psn
|upkeep
|turn|5
|
|t:|1627840965
|switch|p2a: Mesprit|Mesprit|100/100
|move|p1a: Poliwrath|Circle Throw|p2a: Mesprit
|-resisted|p2a: Mesprit
|-damage|p2a: Mesprit|94/100
|-enditem|p2a: Mesprit|Kee Berry|[eat]
|-boost|p2a: Mesprit|def|1|[from] item: Kee Berry
|drag|p2a: Clefairy|Clefairy, F|100/100
|
|-end|p2a: Clefairy|move: Future Sight
|-damage|p2a: Clefairy|63/100
|-heal|p1a: Poliwrath|86/100 psn|[from] item: Leftovers
|-damage|p1a: Poliwrath|74/100 psn|[from] psn
|upkeep
|turn|6
|
|t:|1627840974
|switch|p1a: Stunfisk|Stunfisk-Galar, M|100/100
|move|p2a: Clefairy|Soft-Boiled|p2a: Clefairy
|-heal|p2a: Clefairy|100/100
|
|upkeep
|turn|7
|
|t:|1627840977
|move|p2a: Clefairy|Stealth Rock|p1a: Stunfisk
|-sidestart|p1: thinking of chu|move: Stealth Rock
|move|p1a: Stunfisk|Stealth Rock|p2a: Clefairy
|-sidestart|p2: pult72b pop smoke|move: Stealth Rock
|
|upkeep
|turn|8
|
|t:|1627840983
|move|p2a: Clefairy|Seismic Toss|p1a: Stunfisk
|-damage|p1a: Stunfisk|77/100
|move|p1a: Stunfisk|Snap Trap|p2a: Clefairy
|-damage|p2a: Clefairy|91/100
|-activate|p2a: Clefairy|move: Snap Trap|[of] p1a: Stunfisk
|
|-heal|p1a: Stunfisk|83/100|[from] item: Leftovers
|upkeep
|turn|9
|
|t:|1627840987
|move|p2a: Clefairy|Seismic Toss|p1a: Stunfisk
|-damage|p1a: Stunfisk|59/100
|move|p1a: Stunfisk|Yawn|p2a: Clefairy
|-start|p2a: Clefairy|move: Yawn|[of] p1a: Stunfisk
|
|-heal|p1a: Stunfisk|65/100|[from] item: Leftovers
|upkeep
|turn|10
|
|t:|1627840992
|switch|p1a: Scyther|Scyther, F|84/100
|move|p2a: Clefairy|Seismic Toss|p1a: Scyther
|-damage|p1a: Scyther|49/100
|
|-end|p2a: Clefairy|Snap Trap|[partiallytrapped]|[silent]
|-end|p2a: Clefairy|move: Yawn|[silent]
|-status|p2a: Clefairy|slp
|upkeep
|turn|11
|
|t:|1627841002
|switch|p2a: Audino|Audino, F|100/100
|move|p1a: Scyther|Knock Off|p2a: Audino
|-damage|p2a: Audino|74/100
|-enditem|p2a: Audino|Heavy-Duty Boots|[from] move: Knock Off|[of] p1a: Scyther
|
|upkeep
|turn|12
|
|t:|1627841007
|move|p1a: Scyther|Dual Wingbeat|p2a: Audino
|-damage|p2a: Audino|50/100
|-damage|p2a: Audino|24/100
|-hitcount|p2a: Audino|2
|move|p2a: Audino|Heal Bell|p2a: Audino
|-activate|p2a: Audino|move: Heal Bell
|-curestatus|p2: Clefairy|slp|[msg]
|
|upkeep
|turn|13
|
|t:|1627841013
|switch|p2a: Silvally|Silvally-Steel|100/100
|-damage|p2a: Silvally|94/100|[from] Stealth Rock
|move|p1a: Scyther|U-turn|p2a: Silvally
|-resisted|p2a: Silvally
|-damage|p2a: Silvally|78/100
|
|t:|1627841029
|switch|p1a: Miltank|Miltank, F|100/100|[from]move: U-turn
|
|upkeep
|turn|14
|
|t:|1627841067
|move|p2a: Silvally|Toxic|p1a: Miltank
|-status|p1a: Miltank|tox
|move|p1a: Miltank|Body Press|p2a: Silvally
|-supereffective|p2a: Silvally
|-damage|p2a: Silvally|25/100
|
|-damage|p1a: Miltank|94/100 tox|[from] psn
|upkeep
|turn|15
|
|t:|1627841073
|switch|p2a: Clefairy|Clefairy, F|91/100
|move|p1a: Miltank|Body Press|p2a: Clefairy
|-resisted|p2a: Clefairy
|-damage|p2a: Clefairy|74/100
|
|-damage|p1a: Miltank|82/100 tox|[from] psn
|upkeep
|turn|16
|
|t:|1627841077
|switch|p1a: Lunatone|Lunatone|100/100
|-damage|p1a: Lunatone|88/100|[from] Stealth Rock
|move|p2a: Clefairy|Soft-Boiled|p2a: Clefairy
|-heal|p2a: Clefairy|100/100
|
|-heal|p1a: Lunatone|94/100|[from] item: Leftovers
|upkeep
|turn|17
|
|t:|1627841079
|move|p1a: Lunatone|Future Sight|p2a: Clefairy
|-start|p1a: Lunatone|move: Future Sight
|move|p2a: Clefairy|Toxic|p1a: Lunatone
|-status|p1a: Lunatone|tox
|
|-heal|p1a: Lunatone|100/100 tox|[from] item: Leftovers
|-damage|p1a: Lunatone|94/100 tox|[from] psn
|upkeep
|turn|18
|
|t:|1627841086
|switch|p1a: Silvally|Silvally-Ghost|100/100
|-damage|p1a: Silvally|88/100|[from] Stealth Rock
|-status|p1a: Silvally|psn
|move|p2a: Clefairy|Seismic Toss|p1a: Silvally
|-immune|p1a: Silvally
|
|-damage|p1a: Silvally|76/100 psn|[from] psn
|upkeep
|turn|19
|
|t:|1627841091
|switch|p2a: Audino|Audino, F|57/100
|-damage|p2a: Audino|45/100|[from] Stealth Rock
|move|p1a: Silvally|Roar|p2a: Audino
|drag|p2a: Quagsire|Quagsire, M|100/100
|
|-end|p2a: Quagsire|move: Future Sight
|-damage|p2a: Quagsire|34/100
|-damage|p1a: Silvally|63/100 psn|[from] psn
|upkeep
|turn|20
|
|t:|1627841098
|move|p1a: Silvally|Multi-Attack|p2a: Quagsire
|-damage|p2a: Quagsire|8/100
|move|p2a: Quagsire|Recover|p2a: Quagsire
|-heal|p2a: Quagsire|58/100
|
|-damage|p1a: Silvally|51/100 psn|[from] psn
|upkeep
|turn|21
|
|t:|1627841100
|move|p1a: Silvally|Rest|p1a: Silvally
|-status|p1a: Silvally|slp|[from] move: Rest
|-heal|p1a: Silvally|100/100 slp|[silent]
|move|p2a: Quagsire|Recover|p2a: Quagsire
|-heal|p2a: Quagsire|100/100
|
|upkeep
|turn|22
|
|t:|1627841106
|cant|p1a: Silvally|slp
|move|p1a: Silvally|Sleep Talk|p1a: Silvally
|move|p1a: Silvally|Rest||[from]move: Sleep Talk|[still]
|-fail|p1a: Silvally
|move|p2a: Quagsire|Toxic||[still]
|-fail|p2a: Quagsire
|
|upkeep
|turn|23
|
|t:|1627841109
|cant|p1a: Silvally|slp
|move|p1a: Silvally|Sleep Talk|p1a: Silvally
|move|p1a: Silvally|Multi-Attack|p2a: Quagsire|[from]move: Sleep Talk
|-damage|p2a: Quagsire|75/100
|move|p2a: Quagsire|Curse|p2a: Quagsire
|-unboost|p2a: Quagsire|spe|1
|-boost|p2a: Quagsire|atk|1
|-boost|p2a: Quagsire|def|1
|
|upkeep
|turn|24
|
|t:|1627841115
|move|p2a: Quagsire|Earthquake|p1a: Silvally
|-damage|p1a: Silvally|70/100 slp
|-curestatus|p1a: Silvally|slp|[msg]
|move|p1a: Silvally|Roar|p2a: Quagsire
|drag|p2a: Audino|Audino, F|78/100
|-damage|p2a: Audino|65/100|[from] Stealth Rock
|
|upkeep
|turn|25
|
|t:|1627841126
|switch|p1a: Poliwrath|Poliwrath, F|74/100 psn
|-damage|p1a: Poliwrath|68/100 psn|[from] Stealth Rock
|move|p2a: Audino|Wish|p2a: Audino
|
|-heal|p1a: Poliwrath|74/100 psn|[from] item: Leftovers
|-damage|p1a: Poliwrath|61/100 psn|[from] psn
|upkeep
|turn|26
|
|t:|1627841144
|move|p1a: Poliwrath|Rest|p1a: Poliwrath
|-status|p1a: Poliwrath|slp|[from] move: Rest
|-heal|p1a: Poliwrath|100/100 slp|[silent]
|move|p2a: Audino|Knock Off|p1a: Poliwrath
|-resisted|p1a: Poliwrath
|-damage|p1a: Poliwrath|95/100 slp
|-enditem|p1a: Poliwrath|Leftovers|[from] move: Knock Off|[of] p2a: Audino
|
|-heal|p2a: Audino|100/100|[from] move: Wish|[wisher] Audino
|upkeep
|turn|27
|
|t:|1627841149
|cant|p1a: Poliwrath|slp
|move|p1a: Poliwrath|Sleep Talk|p1a: Poliwrath
|move|p1a: Poliwrath|Scald|p2a: Audino|[from]move: Sleep Talk
|-damage|p2a: Audino|87/100
|move|p2a: Audino|Wish|p2a: Audino
|
|upkeep
|turn|28
|
|t:|1627841157
|switch|p2a: Clefairy|Clefairy, F|100/100
|cant|p1a: Poliwrath|slp
|move|p1a: Poliwrath|Sleep Talk|p1a: Poliwrath
|move|p1a: Poliwrath|Circle Throw|p2a: Clefairy|[from]move: Sleep Talk
|-resisted|p2a: Clefairy
|-damage|p2a: Clefairy|89/100
|drag|p2a: Mesprit|Mesprit|94/100
|-damage|p2a: Mesprit|81/100|[from] Stealth Rock
|
|-heal|p2a: Mesprit|100/100|[from] move: Wish|[wisher] Audino
|upkeep
|turn|29
|
|t:|1627841163
|switch|p1a: Silvally|Silvally-Ghost|70/100
|-damage|p1a: Silvally|57/100|[from] Stealth Rock
|-status|p1a: Silvally|psn
|move|p2a: Mesprit|Draining Kiss|p1a: Silvally
|-damage|p1a: Silvally|47/100 psn
|
|-damage|p1a: Silvally|35/100 psn|[from] psn
|upkeep
|turn|30
|
|t:|1627841167
|switch|p2a: Audino|Audino, F|100/100
|-damage|p2a: Audino|88/100|[from] Stealth Rock
|move|p1a: Silvally|Rest|p1a: Silvally
|-status|p1a: Silvally|slp|[from] move: Rest
|-heal|p1a: Silvally|100/100 slp|[silent]
|
|upkeep
|turn|31
|
|t:|1627841169
|cant|p1a: Silvally|slp
|move|p1a: Silvally|Sleep Talk|p1a: Silvally
|move|p1a: Silvally|Multi-Attack|p2a: Audino|[from]move: Sleep Talk
|-immune|p2a: Audino
|move|p2a: Audino|Wish|p2a: Audino
|
|upkeep
|turn|32
|
|t:|1627841174
|cant|p1a: Silvally|slp
|move|p1a: Silvally|Sleep Talk|p1a: Silvally
|move|p1a: Silvally|Multi-Attack|p2a: Audino|[from]move: Sleep Talk
|-immune|p2a: Audino
|move|p2a: Audino|Knock Off|p1a: Silvally
|-supereffective|p1a: Silvally
|-damage|p1a: Silvally|87/100 slp
|
|-heal|p2a: Audino|100/100|[from] move: Wish|[wisher] Audino
|upkeep
|turn|33
|
|t:|1627841178
|switch|p1a: Poliwrath|Poliwrath, F|95/100 slp
|-damage|p1a: Poliwrath|89/100 slp|[from] Stealth Rock
|move|p2a: Audino|Knock Off|p1a: Poliwrath
|-resisted|p1a: Poliwrath
|-damage|p1a: Poliwrath|86/100 slp
|
|upkeep
|turn|34
|
|t:|1627841182
|-curestatus|p1a: Poliwrath|slp|[msg]
|move|p1a: Poliwrath|Scald|p2a: Audino
|-damage|p2a: Audino|85/100
|-status|p2a: Audino|brn
|move|p2a: Audino|Wish|p2a: Audino
|
|-damage|p2a: Audino|79/100 brn|[from] brn
|upkeep
|turn|35
|
|t:|1627841189
|switch|p2a: Clefairy|Clefairy, F|89/100
|move|p1a: Poliwrath|Circle Throw|p2a: Clefairy
|-resisted|p2a: Clefairy
|-damage|p2a: Clefairy|77/100
|drag|p2a: Audino|Audino, F|100/100 brn
|-damage|p2a: Audino|88/100 brn|[from] Stealth Rock
|
|-heal|p2a: Audino|100/100 brn|[from] move: Wish|[wisher] Audino
|-damage|p2a: Audino|94/100 brn|[from] brn
|upkeep
|turn|36
|
|t:|1627841195
|move|p2a: Audino|Wish|p2a: Audino
|move|p1a: Poliwrath|Circle Throw|p2a: Audino
|-supereffective|p2a: Audino
|-damage|p2a: Audino|59/100 brn
|drag|p2a: Mesprit|Mesprit|100/100
|-damage|p2a: Mesprit|88/100|[from] Stealth Rock
|
|upkeep
|turn|37
|
|t:|1627841207
|switch|p2a: Silvally|Silvally-Steel|25/100
|-damage|p2a: Silvally|19/100|[from] Stealth Rock
|switch|p1a: Silvally|Silvally-Ghost|87/100 slp
|-damage|p1a: Silvally|74/100 slp|[from] Stealth Rock
|
|-heal|p2a: Silvally|74/100|[from] move: Wish|[wisher] Audino
|upkeep
|turn|38
|
|t:|1627841214
|switch|p2a: Audino|Audino, F|92/100 brn
|-damage|p2a: Audino|79/100 brn|[from] Stealth Rock
|-curestatus|p1a: Silvally|slp|[msg]
|move|p1a: Silvally|Multi-Attack|p2a: Audino
|-immune|p2a: Audino
|
|-damage|p2a: Audino|73/100 brn|[from] brn
|upkeep
|turn|39
|inactive|Battle timer is ON: inactive players will automatically lose when time's up. (requested by pult72b pop smoke)
|
|t:|1627841224
|switch|p1a: Poliwrath|Poliwrath, F|86/100
|-damage|p1a: Poliwrath|80/100|[from] Stealth Rock
|-status|p1a: Poliwrath|psn
|move|p2a: Audino|Wish|p2a: Audino
|
|-damage|p1a: Poliwrath|67/100 psn|[from] psn
|-damage|p2a: Audino|67/100 brn|[from] brn
|upkeep
|turn|40
|
|t:|1627841232
|switch|p2a: Clefairy|Clefairy, F|77/100
|move|p1a: Poliwrath|Rest|p1a: Poliwrath
|-status|p1a: Poliwrath|slp|[from] move: Rest
|-heal|p1a: Poliwrath|100/100 slp|[silent]
|
|-heal|p2a: Clefairy|100/100|[from] move: Wish|[wisher] Audino
|upkeep
|turn|41
|
|t:|1627841244
|cant|p1a: Poliwrath|slp
|move|p1a: Poliwrath|Sleep Talk|p1a: Poliwrath
|move|p1a: Poliwrath|Rest||[from]move: Sleep Talk|[still]
|-fail|p1a: Poliwrath
|move|p2a: Clefairy|Seismic Toss|p1a: Poliwrath
|-damage|p1a: Poliwrath|74/100 slp
|
|upkeep
|turn|42
|
|t:|1627841247
|cant|p1a: Poliwrath|slp
|move|p1a: Poliwrath|Sleep Talk|p1a: Poliwrath
|move|p1a: Poliwrath|Scald|p2a: Clefairy|[from]move: Sleep Talk
|-damage|p2a: Clefairy|87/100
|move|p2a: Clefairy|Seismic Toss|p1a: Poliwrath
|-damage|p1a: Poliwrath|48/100 slp
|
|upkeep
|turn|43
|
|t:|1627841252
|-curestatus|p1a: Poliwrath|slp|[msg]
|move|p1a: Poliwrath|Scald|p2a: Clefairy
|-damage|p2a: Clefairy|74/100
|-status|p2a: Clefairy|brn
|move|p2a: Clefairy|Seismic Toss|p1a: Poliwrath
|-damage|p1a: Poliwrath|22/100
|
|upkeep
|turn|44
|
|t:|1627841256
|move|p1a: Poliwrath|Rest|p1a: Poliwrath
|-status|p1a: Poliwrath|slp|[from] move: Rest
|-heal|p1a: Poliwrath|100/100 slp|[silent]
|move|p2a: Clefairy|Seismic Toss|p1a: Poliwrath
|-damage|p1a: Poliwrath|74/100 slp
|
|upkeep
|turn|45
|
|t:|1627841259
|cant|p1a: Poliwrath|slp
|move|p2a: Clefairy|Soft-Boiled|p2a: Clefairy
|-heal|p2a: Clefairy|100/100 brn
|
|upkeep
|turn|46
|
|t:|1627841265
|cant|p1a: Poliwrath|slp
|move|p2a: Clefairy|Seismic Toss|p1a: Poliwrath
|-damage|p1a: Poliwrath|48/100 slp
|
|upkeep
|turn|47
|
|t:|1627841269
|-curestatus|p1a: Poliwrath|slp|[msg]
|move|p1a: Poliwrath|Scald|p2a: Clefairy
|-damage|p2a: Clefairy|88/100 brn
|move|p2a: Clefairy|Seismic Toss|p1a: Poliwrath
|-damage|p1a: Poliwrath|22/100
|
|upkeep
|turn|48
|
|t:|1627841282
|switch|p2a: Mesprit|Mesprit|88/100
|-damage|p2a: Mesprit|76/100|[from] Stealth Rock
|move|p1a: Poliwrath|Rest|p1a: Poliwrath
|-status|p1a: Poliwrath|slp|[from] move: Rest
|-heal|p1a: Poliwrath|100/100 slp|[silent]
|
|upkeep
|turn|49
|
|t:|1627841287
|switch|p1a: Silvally|Silvally-Ghost|74/100
|-status|p1a: Silvally|psn
|-damage|p1a: Silvally|62/100 psn|[from] Stealth Rock
|move|p2a: Mesprit|Draining Kiss|p1a: Silvally
|-damage|p1a: Silvally|51/100 psn
|-heal|p2a: Mesprit|85/100|[from] drain|[of] p1a: Silvally
|
|-damage|p1a: Silvally|39/100 psn|[from] psn
|upkeep
|turn|50
|
|t:|1627841291
|switch|p2a: Weezing|Weezing, F|71/100
|-ability|p2a: Weezing|Neutralizing Gas
|-damage|p2a: Weezing|58/100|[from] Stealth Rock
|move|p1a: Silvally|Rest|p1a: Silvally
|-status|p1a: Silvally|slp|[from] move: Rest
|-heal|p1a: Silvally|100/100 slp|[silent]
|
|upkeep
|turn|51
|
|t:|1627841294
|cant|p1a: Silvally|slp
|move|p1a: Silvally|Sleep Talk|p1a: Silvally
|move|p1a: Silvally|Roar|p2a: Weezing|[from]move: Sleep Talk
|-end|p2a: Weezing|ability: Neutralizing Gas
|drag|p2a: Mesprit|Mesprit|85/100
|-damage|p2a: Mesprit|72/100|[from] Stealth Rock
|
|upkeep
|turn|52
|
|t:|1627841298
|switch|p2a: Audino|Audino, F|100/100 brn
|-damage|p2a: Audino|88/100 brn|[from] Stealth Rock
|cant|p1a: Silvally|slp
|move|p1a: Silvally|Sleep Talk|p1a: Silvally
|move|p1a: Silvally|Roar|p2a: Audino|[from]move: Sleep Talk
|drag|p2a: Silvally|Silvally-Steel|74/100
|-damage|p2a: Silvally|68/100|[from] Stealth Rock
|
|upkeep
|turn|53
|
|t:|1627841310
|switch|p2a: Audino|Audino, F|100/100 brn
|-damage|p2a: Audino|88/100 brn|[from] Stealth Rock
|-curestatus|p1a: Silvally|slp|[msg]
|move|p1a: Silvally|Roar|p2a: Audino
|drag|p2a: Clefairy|Clefairy, F|88/100 brn
|
|upkeep
|turn|54
|
|t:|1627841323
|switch|p1a: Poliwrath|Poliwrath, F|100/100 slp
|-damage|p1a: Poliwrath|94/100 slp|[from] Stealth Rock
|switch|p2a: Audino|Audino, F|100/100 brn
|-damage|p2a: Audino|88/100 brn|[from] Stealth Rock
|
|-damage|p2a: Audino|82/100 brn|[from] brn
|upkeep
|turn|55
|
|t:|1627841330
|switch|p2a: Clefairy|Clefairy, F|88/100 brn
|cant|p1a: Poliwrath|slp
|
|upkeep
|turn|56
|
|t:|1627841350
|switch|p1a: Miltank|Miltank, F|82/100 tox
|move|p2a: Clefairy|Seismic Toss|p1a: Miltank
|-damage|p1a: Miltank|56/100 tox
|
|-damage|p1a: Miltank|50/100 tox|[from] psn
|upkeep
|turn|57
|
|t:|1627841355
|move|p1a: Miltank|Milk Drink|p1a: Miltank
|-heal|p1a: Miltank|99/100 tox
|move|p2a: Clefairy|Seismic Toss|p1a: Miltank
|-damage|p1a: Miltank|74/100 tox
|
|-damage|p1a: Miltank|62/100 tox|[from] psn
|upkeep
|turn|58
|
|t:|1627841358
|move|p1a: Miltank|Heal Bell|p1a: Miltank
|-activate|p1a: Miltank|move: Heal Bell
|-curestatus|p1a: Miltank|tox|[msg]
|-curestatus|p1: Poliwrath|slp|[msg]
|-curestatus|p1: Lunatone|tox|[msg]
|move|p2a: Clefairy|Seismic Toss|p1a: Miltank
|-damage|p1a: Miltank|36/100
|
|upkeep
|turn|59
|
|t:|1627841373
|switch|p1a: Poliwrath|Poliwrath, F|94/100
|-damage|p1a: Poliwrath|88/100|[from] Stealth Rock
|-status|p1a: Poliwrath|psn
|move|p2a: Clefairy|Toxic||[still]
|-fail|p2a: Clefairy
|
|-damage|p1a: Poliwrath|75/100 psn|[from] psn
|upkeep
|turn|60
|inactive|pult72b pop smoke has 120 seconds left.
|
|t:|1627841411
|move|p2a: Clefairy|Seismic Toss|p1a: Poliwrath
|-damage|p1a: Poliwrath|49/100 psn
|move|p1a: Poliwrath|Circle Throw|p2a: Clefairy|[miss]
|-miss|p1a: Poliwrath|p2a: Clefairy
|
|-damage|p1a: Poliwrath|37/100 psn|[from] psn
|upkeep
|turn|61
|
|t:|1627841417
|move|p1a: Poliwrath|Rest|p1a: Poliwrath
|-status|p1a: Poliwrath|slp|[from] move: Rest
|-heal|p1a: Poliwrath|100/100 slp|[silent]
|move|p2a: Clefairy|Seismic Toss|p1a: Poliwrath
|-damage|p1a: Poliwrath|74/100 slp
|
|upkeep
|turn|62
|inactive|pult72b pop smoke has 120 seconds left.
|
|t:|1627841450
|cant|p1a: Poliwrath|slp
|move|p1a: Poliwrath|Sleep Talk|p1a: Poliwrath
|move|p1a: Poliwrath|Rest||[from]move: Sleep Talk|[still]
|-fail|p1a: Poliwrath
|move|p2a: Clefairy|Seismic Toss|p1a: Poliwrath
|-damage|p1a: Poliwrath|48/100 slp
|
|upkeep
|turn|63
|
|t:|1627841455
|switch|p2a: Audino|Audino, F|100/100 brn
|-damage|p2a: Audino|88/100 brn|[from] Stealth Rock
|cant|p1a: Poliwrath|slp
|move|p1a: Poliwrath|Sleep Talk|p1a: Poliwrath
|move|p1a: Poliwrath|Rest||[from]move: Sleep Talk|[still]
|-fail|p1a: Poliwrath
|
|-damage|p2a: Audino|82/100 brn|[from] brn
|upkeep
|turn|64
|inactive|pult72b pop smoke has 120 seconds left.
|
|t:|1627841477
|switch|p1a: Lunatone|Lunatone|94/100
|-damage|p1a: Lunatone|82/100|[from] Stealth Rock
|switch|p2a: Clefairy|Clefairy, F|88/100 brn
|
|-heal|p1a: Lunatone|88/100|[from] item: Leftovers
|upkeep
|turn|65
|
|t:|1627841489
|move|p1a: Lunatone|Future Sight|p2a: Clefairy
|-start|p1a: Lunatone|move: Future Sight
|move|p2a: Clefairy|Seismic Toss|p1a: Lunatone
|-damage|p1a: Lunatone|62/100
|
|-heal|p1a: Lunatone|68/100|[from] item: Leftovers
|upkeep
|turn|66
|inactive|pult72b pop smoke has 120 seconds left.
|
|t:|1627841504
|switch|p1a: Silvally|Silvally-Ghost|100/100
|-status|p1a: Silvally|psn
|-damage|p1a: Silvally|88/100 psn|[from] Stealth Rock
|move|p2a: Clefairy|Seismic Toss|p1a: Silvally
|-immune|p1a: Silvally
|
|-damage|p1a: Silvally|76/100 psn|[from] psn
|upkeep
|turn|67
|
|t:|1627841508
|switch|p2a: Audino|Audino, F|100/100 brn
|-damage|p2a: Audino|88/100 brn|[from] Stealth Rock
|move|p1a: Silvally|Roar|p2a: Audino
|drag|p2a: Clefairy|Clefairy, F|88/100 brn
|
|-end|p2a: Clefairy|move: Future Sight
|-damage|p2a: Clefairy|53/100 brn
|-damage|p1a: Silvally|63/100 psn|[from] psn
|upkeep
|turn|68
|
|t:|1627841513
|switch|p2a: Audino|Audino, F|100/100 brn
|-damage|p2a: Audino|88/100 brn|[from] Stealth Rock
|move|p1a: Silvally|Multi-Attack|p2a: Audino
|-immune|p2a: Audino
|
|-damage|p1a: Silvally|51/100 psn|[from] psn
|-damage|p2a: Audino|82/100 brn|[from] brn
|upkeep
|turn|69
|inactive|pult72b pop smoke has 120 seconds left.
|j| fisheatbubble
|
|t:|1627841549
|switch|p1a: Lunatone|Lunatone|68/100
|-damage|p1a: Lunatone|56/100|[from] Stealth Rock
|move|p2a: Audino|Wish|p2a: Audino
|
|-heal|p1a: Lunatone|62/100|[from] item: Leftovers
|-damage|p2a: Audino|76/100 brn|[from] brn
|upkeep
|turn|70
|
|t:|1627841553
|move|p1a: Lunatone|Future Sight|p2a: Audino
|-start|p1a: Lunatone|move: Future Sight
|move|p2a: Audino|Knock Off|p1a: Lunatone
|-supereffective|p1a: Lunatone
|-damage|p1a: Lunatone|43/100
|-enditem|p1a: Lunatone|Leftovers|[from] move: Knock Off|[of] p2a: Audino
|
|-heal|p2a: Audino|100/100 brn|[from] move: Wish|[wisher] Audino
|-damage|p2a: Audino|94/100 brn|[from] brn
|upkeep
|turn|71
|inactive|pult72b pop smoke has 120 seconds left.
|
|t:|1627841574
|switch|p1a: Poliwrath|Poliwrath, F|48/100 slp
|-damage|p1a: Poliwrath|42/100 slp|[from] Stealth Rock
|move|p2a: Audino|Wish|p2a: Audino
|
|-damage|p2a: Audino|88/100 brn|[from] brn
|upkeep
|turn|72
|
|t:|1627841581
|switch|p2a: Clefairy|Clefairy, F|53/100 brn
|-curestatus|p1a: Poliwrath|slp|[msg]
|move|p1a: Poliwrath|Scald|p2a: Clefairy
|-crit|p2a: Clefairy
|-damage|p2a: Clefairy|32/100 brn
|
|-end|p2a: Clefairy|move: Future Sight
|-damage|p2a: Clefairy|0 fnt
|faint|p2a: Clefairy
|upkeep
|inactive|pult72b pop smoke has 90 seconds left.
|
|t:|1627841621
|switch|p2a: Mesprit|Mesprit|72/100
|-damage|p2a: Mesprit|60/100|[from] Stealth Rock
|turn|73
|
|t:|1627841626
|move|p2a: Mesprit|Draining Kiss|p1a: Poliwrath
|-supereffective|p1a: Poliwrath
|-damage|p1a: Poliwrath|18/100
|-heal|p2a: Mesprit|79/100|[from] drain|[of] p1a: Poliwrath
|move|p1a: Poliwrath|Circle Throw|p2a: Mesprit
|-resisted|p2a: Mesprit
|-damage|p2a: Mesprit|72/100
|drag|p2a: Audino|Audino, F|100/100 brn
|-damage|p2a: Audino|88/100 brn|[from] Stealth Rock
|
|-damage|p2a: Audino|82/100 brn|[from] brn
|upkeep
|turn|74
|
|t:|1627841638
|switch|p2a: Mesprit|Mesprit|72/100
|-damage|p2a: Mesprit|59/100|[from] Stealth Rock
|move|p1a: Poliwrath|Rest|p1a: Poliwrath
|-status|p1a: Poliwrath|slp|[from] move: Rest
|-heal|p1a: Poliwrath|100/100 slp|[silent]
|
|upkeep
|turn|75
|
|t:|1627841646
|switch|p1a: Scyther|Scyther, F|49/100
|move|p2a: Mesprit|Draining Kiss|p1a: Scyther
|-damage|p1a: Scyther|32/100
|-heal|p2a: Mesprit|69/100|[from] drain|[of] p1a: Scyther
|
|upkeep
|turn|76
|inactive|pult72b pop smoke has 90 seconds left.
|
|t:|1627841686
|switch|p2a: Silvally|Silvally-Steel|68/100
|-damage|p2a: Silvally|62/100|[from] Stealth Rock
|move|p1a: Scyther|Defog|p2a: Silvally
|-unboost|p2a: Silvally|evasion|1
|-sideend|p2: pult72b pop smoke|Stealth Rock|[from] move: Defog|[of] p1a: Scyther
|-sideend|p1: thinking of chu|Toxic Spikes|[from] move: Defog|[of] p1a: Scyther
|-sideend|p1: thinking of chu|Stealth Rock|[from] move: Defog|[of] p1a: Scyther
|
|upkeep
|turn|77
|
|t:|1627841704
|switch|p2a: Weezing|Weezing, F|58/100
|-ability|p2a: Weezing|Neutralizing Gas
|move|p1a: Scyther|U-turn|p2a: Weezing
|-resisted|p2a: Weezing
|-damage|p2a: Weezing|48/100
|
|t:|1627841707
|switch|p1a: Lunatone|Lunatone|43/100|[from]move: U-turn
|
|upkeep
|turn|78
|inactive|pult72b pop smoke has 60 seconds left.
|inactive|pult72b pop smoke has 30 seconds left.
|
|t:|1627841765
|move|p1a: Lunatone|Future Sight|p2a: Weezing
|-start|p1a: Lunatone|move: Future Sight
|move|p2a: Weezing|Toxic Spikes|p1a: Lunatone
|-sidestart|p1: thinking of chu|move: Toxic Spikes
|
|upkeep
|turn|79
|
|t:|1627841793
|switch|p1a: Silvally|Silvally-Ghost|51/100 psn
|move|p2a: Weezing|Sludge Bomb|p1a: Silvally
|-resisted|p1a: Silvally
|-damage|p1a: Silvally|39/100 psn
|
|-damage|p1a: Silvally|26/100 psn|[from] psn
|upkeep
|turn|80
|
|t:|1627841802
|move|p1a: Silvally|Rest|p1a: Silvally
|-status|p1a: Silvally|slp|[from] move: Rest
|-heal|p1a: Silvally|100/100 slp|[silent]
|move|p2a: Weezing|Pain Split|p1a: Silvally
|-sethp|p1a: Silvally|71/100 slp|[from] move: Pain Split|[silent]
|-sethp|p2a: Weezing|83/100|[from] move: Pain Split
|
|-end|p2a: Weezing|move: Future Sight
|-supereffective|p2a: Weezing
|-damage|p2a: Weezing|0 fnt
|faint|p2a: Weezing
|-end|p2a: Weezing|ability: Neutralizing Gas
|upkeep
|
|t:|1627841809
|switch|p2a: Mesprit|Mesprit|69/100
|turn|81
|
|t:|1627841811
|cant|p1a: Silvally|slp
|move|p1a: Silvally|Sleep Talk|p1a: Silvally
|move|p1a: Silvally|Rest||[from]move: Sleep Talk|[still]
|-fail|p1a: Silvally
|move|p2a: Mesprit|Calm Mind|p2a: Mesprit
|-boost|p2a: Mesprit|spa|1
|-boost|p2a: Mesprit|spd|1
|
|upkeep
|turn|82
|
|t:|1627841814
|cant|p1a: Silvally|slp
|move|p1a: Silvally|Sleep Talk|p1a: Silvally
|move|p1a: Silvally|Rest||[from]move: Sleep Talk|[still]
|-fail|p1a: Silvally
|move|p2a: Mesprit|Stored Power|p1a: Silvally
|-damage|p1a: Silvally|42/100 slp
|
|upkeep
|turn|83
|inactive|pult72b pop smoke has 60 seconds left.
|
|t:|1627841835
|-curestatus|p1a: Silvally|slp|[msg]
|move|p1a: Silvally|Multi-Attack|p2a: Mesprit
|-supereffective|p2a: Mesprit
|-damage|p2a: Mesprit|11/100
|move|p2a: Mesprit|Stored Power|p1a: Silvally
|-damage|p1a: Silvally|14/100
|
|upkeep
|turn|84
|-message|pult72b pop smoke forfeited.
|
|win|thinking of chu
|raw|thinking of chu's rating: 1580 &rarr; <strong>1597</strong><br />(+17 for winning)
|raw|pult72b pop smoke's rating: 1519 &rarr; <strong>1502</strong><br />(-17 for losing)
|l|☆pult72b pop smoke
