|j|☆Banda Calypso
|j|☆Steven Davis
|t:|1620320312
|gametype|singles
|player|p1|Banda Calypso|schoolkid-gen4|1377
|player|p2|Steven Davis|steven|1538
|teamsize|p1|6
|teamsize|p2|6
|gen|8
|tier|[Gen 8] PU
|rated|
|clearpoke
|poke|p1|Tsareena, F|
|poke|p1|Arctovish|
|poke|p1|Gabite, F|
|poke|p1|Silvally-*|
|poke|p1|Charizard, F|
|poke|p1|Heliolisk, F|
|poke|p2|Articuno|
|poke|p2|Weezing, F|
|poke|p2|Exeggutor-Alola, M|
|poke|p2|Sandaconda, M|
|poke|p2|Toxicroak, M|
|poke|p2|Silvally-*|
|rule|Sleep Clause Mod: Limit one foe put to sleep
|rule|Species Clause: Limit one of each Pokémon
|rule|OHKO Clause: OHKO moves are banned
|rule|Evasion Moves Clause: Evasion moves are banned
|rule|Endless Battle Clause: Forcing endless battles is banned
|rule|HP Percentage Mod: HP is shown in percentages
|rule|Dynamax Clause: You cannot dynamax
|teampreview
|
|t:|1620320333
|start
|switch|p1a: Pecado De Amor|Arctovish|100/100
|switch|p2a: Exeggutor|Exeggutor-Alola, M, shiny|100/100
|-item|p1a: Pecado De Amor|Choice Band|[from] ability: Frisk|[of] p2a: Exeggutor|[identify]
|turn|1
|
|t:|1620320344
|switch|p2a: Weezing|Weezing, F|100/100
|move|p1a: Pecado De Amor|Icicle Crash|p2a: Weezing
|-damage|p2a: Weezing|62/100
|
|-heal|p2a: Weezing|68/100|[from] item: Black Sludge
|upkeep
|turn|2
|
|t:|1620320358
|switch|p1a: LIZARDON|Charizard, F|100/100
|move|p2a: Weezing|Pain Split|p1a: LIZARDON
|-sethp|p1a: LIZARDON|89/100|[from] move: Pain Split|[silent]
|-sethp|p2a: Weezing|79/100|[from] move: Pain Split
|
|-heal|p2a: Weezing|85/100|[from] item: Black Sludge
|upkeep
|turn|3
|
|t:|1620320369
|move|p1a: LIZARDON|Mystical Fire|p2a: Weezing
|-damage|p2a: Weezing|40/100
|-unboost|p2a: Weezing|spa|1
|move|p2a: Weezing|Sludge Bomb|p1a: LIZARDON
|-damage|p1a: LIZARDON|64/100
|
|-heal|p2a: Weezing|46/100|[from] item: Black Sludge
|upkeep
|turn|4
|
|t:|1620320379
|move|p1a: LIZARDON|Mystical Fire|p2a: Weezing
|-damage|p2a: Weezing|0 fnt
|faint|p2a: Weezing
|
|upkeep
|
|t:|1620320391
|switch|p2a: Sandaconda|Sandaconda, M|100/100
|turn|5
|
|t:|1620320400
|switch|p1a: Funkeira|Tsareena, F|100/100
|move|p2a: Sandaconda|Glare|p1a: Funkeira
|-status|p1a: Funkeira|par
|
|upkeep
|turn|6
|
|t:|1620320409
|switch|p2a: Articuno|Articuno, shiny|100/100
|-ability|p2a: Articuno|Pressure
|move|p1a: Funkeira|Power Whip|p2a: Articuno
|-resisted|p2a: Articuno
|-damage|p2a: Articuno|71/100
|
|upkeep
|turn|7
|
|t:|1620320417
|switch|p1a: Tia do Zap|Heliolisk, F|100/100
|move|p2a: Articuno|Ice Beam|p1a: Tia do Zap
|-damage|p1a: Tia do Zap|41/100
|
|upkeep
|turn|8
|
|t:|1620320424
|switch|p2a: Silvally|Silvally-Steel|100/100
|move|p1a: Tia do Zap|Surf|p2a: Silvally
|-damage|p2a: Silvally|76/100
|
|upkeep
|turn|9
|
|t:|1620320432
|move|p1a: Tia do Zap|Volt Switch|p2a: Silvally
|-damage|p2a: Silvally|49/100
|
|t:|1620320435
|switch|p1a: Cade a Mega?|Gabite, F|100/100|[from]move: Volt Switch
|move|p2a: Silvally|Parting Shot|p1a: Cade a Mega?
|-unboost|p1a: Cade a Mega?|atk|1
|-unboost|p1a: Cade a Mega?|spa|1
|
|t:|1620320438
|switch|p2a: Articuno|Articuno, shiny|71/100|[from]move: Parting Shot
|-ability|p2a: Articuno|Pressure
|
|upkeep
|turn|10
|
|t:|1620320445
|switch|p1a: Pecado De Amor|Arctovish|100/100
|move|p2a: Articuno|Ice Beam|p1a: Pecado De Amor
|-resisted|p1a: Pecado De Amor
|-damage|p1a: Pecado De Amor|88/100
|
|upkeep
|turn|11
|
|t:|1620320455
|move|p2a: Articuno|Air Slash|p1a: Pecado De Amor
|-damage|p1a: Pecado De Amor|45/100
|move|p1a: Pecado De Amor|Icicle Crash|p2a: Articuno
|-crit|p2a: Articuno
|-damage|p2a: Articuno|0 fnt
|faint|p2a: Articuno
|
|upkeep
|
|t:|1620320471
|switch|p2a: Silvally|Silvally-Steel|49/100
|turn|12
|
|t:|1620320496
|move|p2a: Silvally|Multi-Attack|p1a: Pecado De Amor
|-damage|p1a: Pecado De Amor|0 fnt
|faint|p1a: Pecado De Amor
|
|upkeep
|
|t:|1620320501
|switch|p1a: Cade a Mega?|Gabite, F|100/100
|turn|13
|
|t:|1620320505
|move|p2a: Silvally|Parting Shot|p1a: Cade a Mega?
|-unboost|p1a: Cade a Mega?|atk|1
|-unboost|p1a: Cade a Mega?|spa|1
|
|t:|1620320508
|switch|p2a: Sandaconda|Sandaconda, M|100/100|[from]move: Parting Shot
|move|p1a: Cade a Mega?|Stealth Rock|p2a: Sandaconda
|-sidestart|p2: Steven Davis|move: Stealth Rock
|
|upkeep
|turn|14
|
|t:|1620320513
|switch|p1a: Funkeira|Tsareena, F|100/100 par
|move|p2a: Sandaconda|Stealth Rock|p1a: Funkeira
|-sidestart|p1: Banda Calypso|move: Stealth Rock
|
|upkeep
|turn|15
|
|t:|1620320525
|switch|p2a: Exeggutor|Exeggutor-Alola, M, shiny|100/100
|-damage|p2a: Exeggutor|88/100|[from] Stealth Rock
|-item|p1a: Funkeira|Heavy-Duty Boots|[from] ability: Frisk|[of] p2a: Exeggutor|[identify]
|move|p1a: Funkeira|U-turn|p2a: Exeggutor
|-supereffective|p2a: Exeggutor
|-damage|p2a: Exeggutor|38/100
|
|t:|1620320533
|switch|p1a: Cade a Mega?|Gabite, F|100/100|[from]move: U-turn
|-damage|p1a: Cade a Mega?|94/100|[from] Stealth Rock
|
|upkeep
|turn|16
|
|t:|1620320539
|switch|p2a: Sandaconda|Sandaconda, M|100/100
|-damage|p2a: Sandaconda|94/100|[from] Stealth Rock
|move|p1a: Cade a Mega?|Scale Shot|p2a: Sandaconda|[miss]
|-miss|p1a: Cade a Mega?|p2a: Sandaconda
|
|upkeep
|turn|17
|c|☆Banda Calypso|oh
|
|t:|1620320552
|switch|p1a: Funkeira|Tsareena, F|100/100 par
|switch|p2a: Exeggutor|Exeggutor-Alola, M, shiny|38/100
|-damage|p2a: Exeggutor|26/100|[from] Stealth Rock
|-item|p1a: Funkeira|Heavy-Duty Boots|[from] ability: Frisk|[of] p2a: Exeggutor|[identify]
|
|upkeep
|turn|18
|
|t:|1620320559
|switch|p1a: LIZARDON|Charizard, F|64/100
|move|p2a: Exeggutor|Draco Meteor|p1a: LIZARDON|[miss]
|-miss|p2a: Exeggutor|p1a: LIZARDON
|
|upkeep
|turn|19
|
|t:|1620320568
|move|p1a: LIZARDON|Mystical Fire|p2a: Exeggutor
|-damage|p2a: Exeggutor|0 fnt
|faint|p2a: Exeggutor
|
|upkeep
|
|t:|1620320572
|switch|p2a: Toxicroak|Toxicroak, M, shiny|100/100
|-damage|p2a: Toxicroak|94/100|[from] Stealth Rock
|turn|20
|
|t:|1620320576
|switch|p1a: Cade a Mega?|Gabite, F|94/100
|-damage|p1a: Cade a Mega?|88/100|[from] Stealth Rock
|move|p2a: Toxicroak|Gunk Shot|p1a: Cade a Mega?|[miss]
|-miss|p2a: Toxicroak|p1a: Cade a Mega?
|
|upkeep
|turn|21
|
|t:|1620320581
|switch|p2a: Sandaconda|Sandaconda, M|94/100
|-damage|p2a: Sandaconda|88/100|[from] Stealth Rock
|move|p1a: Cade a Mega?|Earthquake|p2a: Sandaconda
|-damage|p2a: Sandaconda|64/100
|
|upkeep
|turn|22
|
|t:|1620320589
|switch|p1a: Funkeira|Tsareena, F|100/100 par
|move|p2a: Sandaconda|Stone Edge|p1a: Funkeira
|-damage|p1a: Funkeira|68/100 par
|
|upkeep
|turn|23
|
|t:|1620320592
|move|p2a: Sandaconda|Stone Edge|p1a: Funkeira
|-crit|p1a: Funkeira
|-damage|p1a: Funkeira|23/100 par
|cant|p1a: Funkeira|par
|
|upkeep
|turn|24
|
|t:|1620320597
|move|p2a: Sandaconda|Stone Edge|p1a: Funkeira
|-damage|p1a: Funkeira|0 fnt
|faint|p1a: Funkeira
|
|upkeep
|
|t:|1620320603
|switch|p1a: Tia do Zap|Heliolisk, F|41/100
|turn|25
|
|t:|1620320621
|move|p1a: Tia do Zap|Volt Switch|p2a: Sandaconda
|-immune|p2a: Sandaconda
|move|p2a: Sandaconda|Stone Edge|p1a: Tia do Zap
|-damage|p1a: Tia do Zap|0 fnt
|faint|p1a: Tia do Zap
|
|upkeep
|
|t:|1620320632
|switch|p1a: Onde que eu to|Silvally-Poison|100/100
|-damage|p1a: Onde que eu to|88/100|[from] Stealth Rock
|turn|26
|
|t:|1620320637
|move|p1a: Onde que eu to|Grass Pledge|p2a: Sandaconda
|-supereffective|p2a: Sandaconda
|-damage|p2a: Sandaconda|6/100
|move|p2a: Sandaconda|Glare|p1a: Onde que eu to
|-status|p1a: Onde que eu to|par
|
|upkeep
|turn|27
|
|t:|1620320643
|move|p2a: Sandaconda|Earthquake|p1a: Onde que eu to
|-supereffective|p1a: Onde que eu to
|-damage|p1a: Onde que eu to|10/100 par
|move|p1a: Onde que eu to|Grass Pledge|p2a: Sandaconda
|-supereffective|p2a: Sandaconda
|-damage|p2a: Sandaconda|0 fnt
|faint|p2a: Sandaconda
|
|upkeep
|
|t:|1620320666
|switch|p2a: Silvally|Silvally-Steel|49/100
|-damage|p2a: Silvally|43/100|[from] Stealth Rock
|turn|28
|
|t:|1620320680
|move|p2a: Silvally|Multi-Attack|p1a: Onde que eu to
|-damage|p1a: Onde que eu to|0 fnt
|faint|p1a: Onde que eu to
|
|upkeep
|
|t:|1620320683
|switch|p1a: Cade a Mega?|Gabite, F|88/100
|-damage|p1a: Cade a Mega?|82/100|[from] Stealth Rock
|turn|29
|
|t:|1620320691
|move|p2a: Silvally|Multi-Attack|p1a: Cade a Mega?
|-damage|p1a: Cade a Mega?|34/100
|-damage|p2a: Silvally|30/100|[from] ability: Rough Skin|[of] p1a: Cade a Mega?
|move|p1a: Cade a Mega?|Earthquake|p2a: Silvally
|-supereffective|p2a: Silvally
|-damage|p2a: Silvally|0 fnt
|faint|p2a: Silvally
|
|upkeep
|
|t:|1620320694
|switch|p2a: Toxicroak|Toxicroak, M, shiny|94/100
|-damage|p2a: Toxicroak|88/100|[from] Stealth Rock
|turn|30
|
|t:|1620320752
|move|p2a: Toxicroak|Ice Punch|p1a: Cade a Mega?
|-supereffective|p1a: Cade a Mega?
|-damage|p1a: Cade a Mega?|0 fnt
|-damage|p2a: Toxicroak|76/100|[from] ability: Rough Skin|[of] p1a: Cade a Mega?
|faint|p1a: Cade a Mega?
|
|upkeep
|inactive|Battle timer is ON: inactive players will automatically lose when time's up. (requested by Banda Calypso)
|
|t:|1620320757
|switch|p1a: LIZARDON|Charizard, F|64/100
|turn|31
|c|☆Steven Davis|FREEZE
|
|t:|1620320762
|move|p2a: Toxicroak|Ice Punch|p1a: LIZARDON
|-damage|p1a: LIZARDON|29/100
|move|p1a: LIZARDON|Scorching Sands|p2a: Toxicroak
|-supereffective|p2a: Toxicroak
|-damage|p2a: Toxicroak|4/100
|-status|p2a: Toxicroak|brn
|
|-damage|p2a: Toxicroak|0 fnt|[from] brn
|faint|p2a: Toxicroak
|
|win|Banda Calypso
|upkeep
|raw|Banda Calypso's rating: 1377 &rarr; <strong>1406</strong><br />(+29 for winning)
|raw|Steven Davis's rating: 1537 &rarr; <strong>1508</strong><br />(-29 for losing)
|c|☆Steven Davis|gg
|c|☆Banda Calypso|gg
|c|☆Steven Davis|DAMN
|c|☆Steven Davis|BURN
|c|☆Steven Davis|GG
