|j|☆hahnnibal
|j|☆Dozokhu
|t:|1632783911
|gametype|singles
|player|p1|hahnnibal|steven|1351
|player|p2|Dozokhu|gambler|1516
|teamsize|p1|6
|teamsize|p2|6
|gen|8
|tier|[Gen 8] PU
|rated|
|rule|Sleep Clause Mod: Limit one foe put to sleep
|rule|Species Clause: Limit one of each Pokémon
|rule|OHKO Clause: OHKO moves are banned
|rule|Evasion Moves Clause: Evasion moves are banned
|rule|Endless Battle Clause: Forcing endless battles is banned
|rule|HP Percentage Mod: HP is shown in percentages
|rule|Dynamax Clause: You cannot dynamax
|clearpoke
|poke|p1|Silvally-*|
|poke|p1|Regirock|
|poke|p1|Whimsicott, F|
|poke|p1|Charizard, F|
|poke|p1|Drampa, M|
|poke|p1|Passimian, M|
|poke|p2|Regigigas|
|poke|p2|Aromatisse, F|
|poke|p2|Mareanie, F|
|poke|p2|Hitmontop, M|
|poke|p2|Regirock|
|poke|p2|Emolga, F|
|teampreview
|
|t:|1632783940
|start
|switch|p1a: Whimsicott|Whimsicott, F|100/100
|switch|p2a: What are my legs|Aromatisse, F|100/100
|turn|1
|
|t:|1632783953
|move|p1a: Whimsicott|U-turn|p2a: What are my legs
|-resisted|p2a: What are my legs
|-damage|p2a: What are my legs|97/100
|
|t:|1632783957
|switch|p1a: Charizard|Charizard, F|100/100|[from]move: U-turn
|move|p2a: What are my legs|Wish|p2a: What are my legs
|
|-heal|p2a: What are my legs|100/100|[from] item: Leftovers
|upkeep
|turn|2
|
|t:|1632783962
|switch|p2a: RegiTHICC|Regigigas|100/100
|-start|p2a: RegiTHICC|ability: Slow Start
|move|p1a: Charizard|Fire Blast|p2a: RegiTHICC
|-damage|p2a: RegiTHICC|71/100
|
|-heal|p2a: RegiTHICC|100/100|[from] move: Wish|[wisher] What are my legs
|upkeep
|turn|3
|
|t:|1632783986
|switch|p1a: Regirock|Regirock|100/100
|move|p2a: RegiTHICC|Toxic|p1a: Regirock
|-status|p1a: Regirock|tox
|
|-damage|p1a: Regirock|94/100 tox|[from] psn
|upkeep
|turn|4
|
|t:|1632783994
|-end|p2a: RegiTHICC|Slow Start|[silent]
|switch|p2a: Baby Ban Me|Mareanie, F|100/100
|move|p1a: Regirock|Stealth Rock|p2a: Baby Ban Me
|-sidestart|p2: Dozokhu|move: Stealth Rock
|
|-heal|p1a: Regirock|100/100 tox|[from] item: Leftovers
|-damage|p1a: Regirock|88/100 tox|[from] psn
|upkeep
|turn|5
|
|t:|1632784009
|switch|p1a: Whimsicott|Whimsicott, F|100/100
|move|p2a: Baby Ban Me|Knock Off|p1a: Whimsicott
|-resisted|p1a: Whimsicott
|-damage|p1a: Whimsicott|91/100
|-enditem|p1a: Whimsicott|Choice Specs|[from] move: Knock Off|[of] p2a: Baby Ban Me
|
|upkeep
|turn|6
|
|t:|1632784017
|switch|p2a: RegiTHICC|Regigigas|100/100
|-damage|p2a: RegiTHICC|88/100|[from] Stealth Rock
|-start|p2a: RegiTHICC|ability: Slow Start
|move|p1a: Whimsicott|Switcheroo|p2a: RegiTHICC
|-activate|p1a: Whimsicott|move: Trick|[of] p2a: RegiTHICC
|-enditem|p2a: RegiTHICC|Leftovers|[silent]|[from] move: Switcheroo
|-item|p1a: Whimsicott|Leftovers|[from] move: Switcheroo
|
|-heal|p1a: Whimsicott|97/100|[from] item: Leftovers
|upkeep
|turn|7
|
|t:|1632784028
|move|p1a: Whimsicott|U-turn|p2a: RegiTHICC
|-damage|p2a: RegiTHICC|80/100
|
|t:|1632784030
|switch|p1a: Regirock|Regirock|88/100 tox|[from]move: U-turn
|move|p2a: RegiTHICC|Drain Punch|p1a: Regirock
|-supereffective|p1a: Regirock
|-crit|p1a: Regirock
|-damage|p1a: Regirock|71/100 tox
|-heal|p2a: RegiTHICC|88/100|[from] drain|[of] p1a: Regirock
|
|-heal|p1a: Regirock|77/100 tox|[from] item: Leftovers
|-damage|p1a: Regirock|71/100 tox|[from] psn
|upkeep
|turn|8
|
|t:|1632784041
|switch|p1a: Drampa|Drampa, M, shiny|100/100
|-end|p2a: RegiTHICC|Slow Start|[silent]
|switch|p2a: Baby Ban Me|Mareanie, F|100/100
|-damage|p2a: Baby Ban Me|88/100|[from] Stealth Rock
|
|upkeep
|turn|9
|
|t:|1632784053
|move|p2a: Baby Ban Me|Knock Off|p1a: Drampa
|-damage|p1a: Drampa|88/100
|-enditem|p1a: Drampa|Heavy-Duty Boots|[from] move: Knock Off|[of] p2a: Baby Ban Me
|move|p1a: Drampa|Flamethrower|p2a: Baby Ban Me
|-resisted|p2a: Baby Ban Me
|-damage|p2a: Baby Ban Me|72/100
|
|upkeep
|turn|10
|
|t:|1632784058
|move|p2a: Baby Ban Me|Toxic Spikes|p1a: Drampa
|-sidestart|p1: hahnnibal|move: Toxic Spikes
|move|p1a: Drampa|Flamethrower|p2a: Baby Ban Me
|-resisted|p2a: Baby Ban Me
|-damage|p2a: Baby Ban Me|55/100
|
|upkeep
|turn|11
|
|t:|1632784062
|move|p2a: Baby Ban Me|Recover|p2a: Baby Ban Me
|-heal|p2a: Baby Ban Me|100/100
|move|p1a: Drampa|Flamethrower|p2a: Baby Ban Me
|-resisted|p2a: Baby Ban Me
|-damage|p2a: Baby Ban Me|83/100
|
|upkeep
|turn|12
|
|t:|1632784067
|move|p2a: Baby Ban Me|Toxic Spikes|p1a: Drampa
|-sidestart|p1: hahnnibal|move: Toxic Spikes
|move|p1a: Drampa|Draco Meteor|p2a: Baby Ban Me
|-damage|p2a: Baby Ban Me|14/100
|-unboost|p1a: Drampa|spa|2
|
|upkeep
|turn|13
|
|t:|1632784077
|switch|p1a: Charizard|Charizard, F|100/100
|move|p2a: Baby Ban Me|Recover|p2a: Baby Ban Me
|-heal|p2a: Baby Ban Me|65/100
|
|upkeep
|turn|14
|c|☆Dozokhu|I see you
|
|t:|1632784085
|switch|p2a: Emolga|Emolga, F|100/100
|move|p1a: Charizard|Hurricane|p2a: Emolga
|-resisted|p2a: Emolga
|-damage|p2a: Emolga|48/100
|
|upkeep
|turn|15
|
|t:|1632784106
|move|p2a: Emolga|Volt Switch|p1a: Charizard
|-supereffective|p1a: Charizard
|-damage|p1a: Charizard|29/100
|
|t:|1632784111
|switch|p2a: RegiTHICC|Regigigas|88/100|[from]move: Volt Switch
|-damage|p2a: RegiTHICC|75/100|[from] Stealth Rock
|-start|p2a: RegiTHICC|ability: Slow Start
|move|p1a: Charizard|Fire Blast|p2a: RegiTHICC
|-damage|p2a: RegiTHICC|33/100
|
|upkeep
|turn|16
|
|t:|1632784120
|move|p1a: Charizard|Fire Blast|p2a: RegiTHICC|[miss]
|-miss|p1a: Charizard|p2a: RegiTHICC
|move|p2a: RegiTHICC|Knock Off|p1a: Charizard
|-damage|p1a: Charizard|4/100
|-enditem|p1a: Charizard|Heavy-Duty Boots|[from] move: Knock Off|[of] p2a: RegiTHICC
|
|upkeep
|turn|17
|
|t:|1632784125
|move|p1a: Charizard|Fire Blast|p2a: RegiTHICC
|-damage|p2a: RegiTHICC|0 fnt
|faint|p2a: RegiTHICC
|-end|p2a: RegiTHICC|Slow Start|[silent]
|
|upkeep
|
|t:|1632784127
|switch|p2a: Spin to Win|Hitmontop, M|100/100
|turn|18
|
|t:|1632784140
|move|p2a: Spin to Win|Mach Punch|p1a: Charizard
|-resisted|p1a: Charizard
|-damage|p1a: Charizard|0 fnt
|faint|p1a: Charizard
|
|upkeep
|
|t:|1632784144
|switch|p1a: Whimsicott|Whimsicott, F|97/100
|-status|p1a: Whimsicott|tox
|turn|19
|
|t:|1632784149
|switch|p2a: Baby Ban Me|Mareanie, F|98/100
|-damage|p2a: Baby Ban Me|86/100|[from] Stealth Rock
|move|p1a: Whimsicott|Moonblast|p2a: Baby Ban Me
|-resisted|p2a: Baby Ban Me
|-damage|p2a: Baby Ban Me|70/100
|
|-heal|p1a: Whimsicott|100/100 tox|[from] item: Leftovers
|-damage|p1a: Whimsicott|94/100 tox|[from] psn
|upkeep
|turn|20
|
|t:|1632784169
|switch|p2a: Spin to Win|Hitmontop, M|100/100
|move|p1a: Whimsicott|Switcheroo|p2a: Spin to Win
|-activate|p1a: Whimsicott|move: Trick|[of] p2a: Spin to Win
|-item|p2a: Spin to Win|Leftovers|[from] move: Switcheroo
|-item|p1a: Whimsicott|Heavy-Duty Boots|[from] move: Switcheroo
|
|-damage|p1a: Whimsicott|82/100 tox|[from] psn
|upkeep
|turn|21
|
|t:|1632784189
|move|p1a: Whimsicott|U-turn|p2a: Spin to Win
|-resisted|p2a: Spin to Win
|-damage|p2a: Spin to Win|93/100
|
|t:|1632784192
|switch|p1a: Silvally|Silvally-Ghost|100/100|[from]move: U-turn
|-status|p1a: Silvally|tox
|move|p2a: Spin to Win|Triple Axel|p1a: Silvally
|-crit|p1a: Silvally
|-damage|p1a: Silvally|84/100 tox
|-crit|p1a: Silvally
|-damage|p1a: Silvally|55/100 tox
|-damage|p1a: Silvally|26/100 tox
|-hitcount|p1a: Silvally|3
|
|-heal|p2a: Spin to Win|99/100|[from] item: Leftovers
|-damage|p1a: Silvally|20/100 tox|[from] psn
|upkeep
|turn|22
|
|t:|1632784198
|move|p1a: Silvally|Multi-Attack|p2a: Spin to Win
|-damage|p2a: Spin to Win|27/100
|move|p2a: Spin to Win|Triple Axel|p1a: Silvally
|-damage|p1a: Silvally|9/100 tox
|-damage|p1a: Silvally|0 fnt
|faint|p1a: Silvally
|-hitcount|p1: Silvally|2
|
|-heal|p2a: Spin to Win|33/100|[from] item: Leftovers
|upkeep
|
|t:|1632784205
|switch|p1a: Whimsicott|Whimsicott, F|82/100 tox
|turn|23
|
|t:|1632784212
|switch|p2a: Emolga|Emolga, F|48/100
|move|p1a: Whimsicott|U-turn|p2a: Emolga
|-resisted|p2a: Emolga
|-crit|p2a: Emolga
|-damage|p2a: Emolga|32/100
|
|t:|1632784217
|switch|p1a: Passimian|Passimian, M, shiny|100/100|[from]move: U-turn
|-status|p1a: Passimian|tox
|
|-damage|p1a: Passimian|94/100 tox|[from] psn
|upkeep
|turn|24
|
|t:|1632784220
|move|p1a: Passimian|Knock Off|p2a: Emolga
|-damage|p2a: Emolga|0 fnt
|-enditem|p2a: Emolga|Heavy-Duty Boots|[from] move: Knock Off|[of] p1a: Passimian
|faint|p2a: Emolga
|
|-damage|p1a: Passimian|82/100 tox|[from] psn
|upkeep
|
|t:|1632784227
|switch|p2a: What are my legs|Aromatisse, F|100/100
|-damage|p2a: What are my legs|88/100|[from] Stealth Rock
|turn|25
|
|t:|1632784234
|switch|p1a: Whimsicott|Whimsicott, F|82/100 tox
|move|p2a: What are my legs|Moonblast|p1a: Whimsicott
|-damage|p1a: Whimsicott|25/100 tox
|
|-heal|p2a: What are my legs|94/100|[from] item: Leftovers
|-damage|p1a: Whimsicott|19/100 tox|[from] psn
|upkeep
|turn|26
|
|t:|1632784243
|move|p1a: Whimsicott|Switcheroo|p2a: What are my legs
|-activate|p1a: Whimsicott|move: Trick|[of] p2a: What are my legs
|-item|p2a: What are my legs|Heavy-Duty Boots|[from] move: Switcheroo
|-item|p1a: Whimsicott|Leftovers|[from] move: Switcheroo
|move|p2a: What are my legs|Wish|p2a: What are my legs
|
|-heal|p1a: Whimsicott|25/100 tox|[from] item: Leftovers
|-damage|p1a: Whimsicott|12/100 tox|[from] psn
|upkeep
|turn|27
|
|t:|1632784251
|switch|p2a: Little Bro|Regirock|100/100
|-damage|p2a: Little Bro|88/100|[from] Stealth Rock
|move|p1a: Whimsicott|Moonblast|p2a: Little Bro
|-damage|p2a: Little Bro|63/100
|-enditem|p2a: Little Bro|Maranga Berry|[eat]
|-boost|p2a: Little Bro|spd|1|[from] item: Maranga Berry
|
|-heal|p2a: Little Bro|100/100|[from] move: Wish|[wisher] What are my legs
|-heal|p1a: Whimsicott|19/100 tox|[from] item: Leftovers
|-damage|p1a: Whimsicott|0 fnt|[from] psn
|faint|p1a: Whimsicott
|upkeep
|
|t:|1632784263
|switch|p1a: Passimian|Passimian, M, shiny|82/100 tox
|turn|28
|
|t:|1632784267
|move|p1a: Passimian|Knock Off|p2a: Little Bro
|-damage|p2a: Little Bro|89/100
|move|p2a: Little Bro|Iron Defense|p2a: Little Bro
|-boost|p2a: Little Bro|def|2
|
|-damage|p1a: Passimian|76/100 tox|[from] psn
|upkeep
|turn|29
|
|t:|1632784271
|switch|p1a: Regirock|Regirock|71/100 tox
|move|p2a: Little Bro|Iron Defense|p2a: Little Bro
|-boost|p2a: Little Bro|def|2
|
|-heal|p1a: Regirock|77/100 tox|[from] item: Leftovers
|-damage|p1a: Regirock|71/100 tox|[from] psn
|upkeep
|turn|30
|
|t:|1632784274
|move|p2a: Little Bro|Body Press|p1a: Regirock
|-supereffective|p1a: Regirock
|-damage|p1a: Regirock|0 fnt
|faint|p1a: Regirock
|
|upkeep
|
|t:|1632784277
|switch|p1a: Drampa|Drampa, M, shiny|88/100
|-status|p1a: Drampa|tox
|turn|31
|
|t:|1632784280
|move|p2a: Little Bro|Body Press|p1a: Drampa
|-supereffective|p1a: Drampa
|-damage|p1a: Drampa|0 fnt
|faint|p1a: Drampa
|
|upkeep
|c|☆hahnnibal|gg
|c|☆Dozokhu|gg
|-message|hahnnibal forfeited.
|
|win|Dozokhu
|raw|hahnnibal's rating: 1351 &rarr; <strong>1340</strong><br />(-11 for losing)
|raw|Dozokhu's rating: 1516 &rarr; <strong>1527</strong><br />(+11 for winning)
|l|☆hahnnibal
