|j|☆Flamedood
|j|☆sirmrwhale
|t:|1656290216
|gametype|singles
|player|p1|Flamedood|blue|
|player|p2|sirmrwhale|169|
|teamsize|p1|6
|teamsize|p2|6
|gen|8
|tier|[Gen 8] PU
|rated|Tournament battle
|rule|Sleep Clause Mod: Limit one foe put to sleep
|rule|Species Clause: Limit one of each Pokémon
|rule|OHKO Clause: OHKO moves are banned
|rule|Evasion Moves Clause: Evasion moves are banned
|rule|Endless Battle Clause: Forcing endless battles is banned
|rule|HP Percentage Mod: HP is shown in percentages
|rule|Dynamax Clause: You cannot dynamax
|clearpoke
|poke|p1|Druddigon, F|
|poke|p1|Scyther, M|
|poke|p1|Vikavolt, F|
|poke|p1|Gigalith, F|
|poke|p1|Whimsicott, F|
|poke|p1|Weezing, M|
|poke|p2|Tangela, M|
|poke|p2|Charizard, M|
|poke|p2|Togedemaru, M|
|poke|p2|Ribombee, M|
|poke|p2|Gigalith, M|
|poke|p2|Wishiwashi, M|
|teampreview
|inactive|Battle timer is ON: inactive players will automatically lose when time's up. (requested by sirmrwhale)
|c|☆sirmrwhale|glhf
|
|t:|1656290229
|start
|switch|p1a: Element|Vikavolt, F|100/100
|switch|p2a: Tangela|Tangela, M|100/100
|turn|1
|
|t:|1656290235
|switch|p2a: Gigalith|Gigalith, M|100/100
|-weather|Sandstorm|[from] ability: Sand Stream|[of] p2a: Gigalith
|move|p1a: Element|Bug Buzz|p2a: Gigalith
|-damage|p2a: Gigalith|71/100
|
|-weather|Sandstorm|[upkeep]
|-damage|p1a: Element|94/100|[from] Sandstorm
|-heal|p2a: Gigalith|77/100|[from] item: Leftovers
|upkeep
|turn|2
|j| suloxiv ✿
|
|t:|1656290246
|move|p1a: Element|Volt Switch|p2a: Gigalith
|-damage|p2a: Gigalith|54/100
|
|t:|1656290249
|switch|p1a: Nimh|Weezing, M|100/100|[from]move: Volt Switch
|move|p2a: Gigalith|Stealth Rock|p1a: Nimh
|-sidestart|p1: Flamedood|move: Stealth Rock
|
|-weather|Sandstorm|[upkeep]
|-damage|p1a: Nimh|95/100|[from] Sandstorm
|-heal|p1a: Nimh|100/100|[from] item: Black Sludge
|-heal|p2a: Gigalith|60/100|[from] item: Leftovers
|upkeep
|turn|3
|j| Churrolion
|
|t:|1656290261
|switch|p2a: Wishiwashi|Wishiwashi, M|100/100
|-formechange|p2a: Wishiwashi|Wishiwashi-School||[from] ability: Schooling
|move|p1a: Nimh|Toxic Spikes|p2a: Wishiwashi
|-sidestart|p2: sirmrwhale|move: Toxic Spikes
|
|-weather|Sandstorm|[upkeep]
|-damage|p1a: Nimh|95/100|[from] Sandstorm
|-damage|p2a: Wishiwashi|94/100|[from] Sandstorm
|-heal|p1a: Nimh|100/100|[from] item: Black Sludge
|-heal|p2a: Wishiwashi|100/100|[from] item: Leftovers
|upkeep
|turn|4
|
|t:|1656290278
|switch|p1a: Black Widow|Whimsicott, F|100/100
|-damage|p1a: Black Widow|88/100|[from] Stealth Rock
|move|p2a: Wishiwashi|U-turn|p1a: Black Widow
|-damage|p1a: Black Widow|58/100
|
|t:|1656290286
|switch|p2a: Charizard|Charizard, M|100/100|[from]move: U-turn
|
|-weather|Sandstorm|[upkeep]
|-damage|p1a: Black Widow|51/100|[from] Sandstorm
|-damage|p2a: Charizard|94/100|[from] Sandstorm
|upkeep
|turn|5
|
|t:|1656290296
|move|p1a: Black Widow|U-turn|p2a: Charizard
|-resisted|p2a: Charizard
|-damage|p2a: Charizard|91/100
|
|t:|1656290300
|switch|p1a: Duster|Gigalith, F|100/100|[from]move: U-turn
|-damage|p1a: Duster|88/100|[from] Stealth Rock
|move|p2a: Charizard|Defog|p1a: Duster
|-unboost|p1a: Duster|evasion|1
|-sideend|p1: Flamedood|Stealth Rock|[from] move: Defog|[of] p2a: Charizard
|-sideend|p2: sirmrwhale|Toxic Spikes|[from] move: Defog|[of] p2a: Charizard
|
|-weather|none
|-heal|p1a: Duster|94/100|[from] item: Leftovers
|upkeep
|turn|6
|
|t:|1656290311
|switch|p2a: Tangela|Tangela, M|100/100
|move|p1a: Duster|Stealth Rock|p2a: Tangela
|-sidestart|p2: sirmrwhale|move: Stealth Rock
|
|-heal|p1a: Duster|100/100|[from] item: Leftovers
|upkeep
|turn|7
|j|+HJAD
|
|t:|1656290326
|switch|p1a: Element|Vikavolt, F|94/100
|move|p2a: Tangela|Knock Off|p1a: Element
|-damage|p1a: Element|80/100
|-enditem|p1a: Element|Heavy-Duty Boots|[from] move: Knock Off|[of] p2a: Tangela
|
|upkeep
|turn|8
|
|t:|1656290338
|switch|p2a: Togedemaru|Togedemaru, M|100/100
|-damage|p2a: Togedemaru|95/100|[from] Stealth Rock
|move|p1a: Element|Bug Buzz|p2a: Togedemaru
|-resisted|p2a: Togedemaru
|-damage|p2a: Togedemaru|60/100
|
|upkeep
|turn|9
|
|t:|1656290347
|move|p2a: Togedemaru|Wish|p2a: Togedemaru
|move|p1a: Element|Bug Buzz|p2a: Togedemaru
|-resisted|p2a: Togedemaru
|-damage|p2a: Togedemaru|26/100
|
|upkeep
|turn|10
|
|t:|1656290353
|move|p2a: Togedemaru|Spiky Shield|p2a: Togedemaru
|-singleturn|p2a: Togedemaru|move: Protect
|move|p1a: Element|Bug Buzz|p2a: Togedemaru
|-activate|p2a: Togedemaru|move: Protect
|
|-heal|p2a: Togedemaru|76/100|[from] move: Wish|[wisher] Togedemaru
|upkeep
|turn|11
|
|t:|1656290361
|move|p2a: Togedemaru|U-turn|p1a: Element
|-damage|p1a: Element|61/100
|
|t:|1656290364
|switch|p2a: Gigalith|Gigalith, M|60/100|[from]move: U-turn
|-damage|p2a: Gigalith|48/100|[from] Stealth Rock
|-weather|Sandstorm|[from] ability: Sand Stream|[of] p2a: Gigalith
|move|p1a: Element|Bug Buzz|p2a: Gigalith
|-damage|p2a: Gigalith|17/100
|-unboost|p2a: Gigalith|spd|1
|
|-weather|Sandstorm|[upkeep]
|-damage|p1a: Element|55/100|[from] Sandstorm
|-heal|p2a: Gigalith|23/100|[from] item: Leftovers
|upkeep
|turn|12
|
|t:|1656290378
|move|p2a: Gigalith|Protect|p2a: Gigalith
|-singleturn|p2a: Gigalith|Protect
|move|p1a: Element|Bug Buzz|p2a: Gigalith
|-activate|p2a: Gigalith|move: Protect
|
|-weather|Sandstorm|[upkeep]
|-damage|p1a: Element|49/100|[from] Sandstorm
|-heal|p2a: Gigalith|30/100|[from] item: Leftovers
|upkeep
|turn|13
|
|t:|1656290389
|move|p1a: Element|Bug Buzz|p2a: Gigalith
|-damage|p2a: Gigalith|0 fnt
|faint|p2a: Gigalith
|
|-weather|Sandstorm|[upkeep]
|-damage|p1a: Element|43/100|[from] Sandstorm
|upkeep
|
|t:|1656290391
|switch|p2a: Charizard|Charizard, M|91/100
|turn|14
|
|t:|1656290399
|switch|p1a: Duster|Gigalith, F|100/100
|move|p2a: Charizard|Flamethrower|p1a: Duster
|-resisted|p1a: Duster
|-damage|p1a: Duster|90/100
|
|-weather|Sandstorm|[upkeep]
|-damage|p2a: Charizard|85/100|[from] Sandstorm
|-heal|p1a: Duster|96/100|[from] item: Leftovers
|upkeep
|turn|15
|
|t:|1656290411
|move|p2a: Charizard|Defog|p1a: Duster
|-unboost|p1a: Duster|evasion|1
|-sideend|p2: sirmrwhale|Stealth Rock|[from] move: Defog|[of] p2a: Charizard
|move|p1a: Duster|Rock Blast|p2a: Charizard
|-supereffective|p2a: Charizard
|-damage|p2a: Charizard|20/100
|-supereffective|p2a: Charizard
|-damage|p2a: Charizard|0 fnt
|faint|p2a: Charizard
|-hitcount|p2: Charizard|2
|
|-weather|none
|-heal|p1a: Duster|100/100|[from] item: Leftovers
|upkeep
|
|t:|1656290412
|switch|p2a: Tangela|Tangela, M|100/100
|turn|16
|
|t:|1656290428
|move|p2a: Tangela|Leaf Storm|p1a: Duster
|-supereffective|p1a: Duster
|-damage|p1a: Duster|0 fnt
|-unboost|p2a: Tangela|spa|2
|faint|p1a: Duster
|
|upkeep
|
|t:|1656290436
|switch|p1a: Element|Vikavolt, F|43/100
|turn|17
|
|t:|1656290440
|switch|p2a: Togedemaru|Togedemaru, M|76/100
|move|p1a: Element|Roost|p1a: Element
|-heal|p1a: Element|93/100
|-singleturn|p1a: Element|move: Roost
|
|upkeep
|turn|18
|
|t:|1656290447
|move|p2a: Togedemaru|U-turn|p1a: Element
|-damage|p1a: Element|74/100
|
|t:|1656290451
|switch|p2a: Wishiwashi|Wishiwashi, M|100/100|[from]move: U-turn
|-formechange|p2a: Wishiwashi|Wishiwashi-School||[from] ability: Schooling
|move|p1a: Element|Bug Buzz|p2a: Wishiwashi
|-damage|p2a: Wishiwashi|66/100
|
|-heal|p2a: Wishiwashi|72/100|[from] item: Leftovers
|upkeep
|turn|19
|
|t:|1656290463
|switch|p2a: Togedemaru|Togedemaru, M|76/100
|move|p1a: Element|Volt Switch|p2a: Togedemaru
|-resisted|p2a: Togedemaru
|-damage|p2a: Togedemaru|48/100
|
|t:|1656290474
|switch|p1a: Nimh|Weezing, M|100/100|[from]move: Volt Switch
|
|upkeep
|turn|20
|
|t:|1656290478
|move|p2a: Togedemaru|U-turn|p1a: Nimh
|-resisted|p1a: Nimh
|-damage|p1a: Nimh|95/100
|
|t:|1656290482
|switch|p2a: Wishiwashi|Wishiwashi, M|72/100|[from]move: U-turn
|-formechange|p2a: Wishiwashi|Wishiwashi-School||[from] ability: Schooling
|move|p1a: Nimh|Taunt|p2a: Wishiwashi
|-start|p2a: Wishiwashi|move: Taunt
|
|-heal|p1a: Nimh|100/100|[from] item: Black Sludge
|-heal|p2a: Wishiwashi|78/100|[from] item: Leftovers
|upkeep
|turn|21
|j|@ShuckleDeath
|
|t:|1656290494
|move|p1a: Nimh|Will-O-Wisp|p2a: Wishiwashi
|-status|p2a: Wishiwashi|brn
|move|p2a: Wishiwashi|Scald|p1a: Nimh
|-damage|p1a: Nimh|50/100
|
|-heal|p1a: Nimh|56/100|[from] item: Black Sludge
|-heal|p2a: Wishiwashi|84/100 brn|[from] item: Leftovers
|-damage|p2a: Wishiwashi|78/100 brn|[from] brn
|upkeep
|turn|22
|
|t:|1656290508
|switch|p1a: Black Widow|Whimsicott, F|51/100
|move|p2a: Wishiwashi|U-turn|p1a: Black Widow
|-damage|p1a: Black Widow|36/100
|
|t:|1656290510
|switch|p2a: Ribombee|Ribombee, M|100/100|[from]move: U-turn
|
|upkeep
|turn|23
|
|t:|1656290519
|move|p2a: Ribombee|Quiver Dance|p2a: Ribombee
|-boost|p2a: Ribombee|spa|1
|-boost|p2a: Ribombee|spd|1
|-boost|p2a: Ribombee|spe|1
|move|p1a: Black Widow|Moonblast|p2a: Ribombee
|-damage|p2a: Ribombee|48/100
|
|upkeep
|turn|24
|
|t:|1656290526
|move|p2a: Ribombee|Quiver Dance|p2a: Ribombee
|-boost|p2a: Ribombee|spa|1
|-boost|p2a: Ribombee|spd|1
|-boost|p2a: Ribombee|spe|1
|move|p1a: Black Widow|Moonblast|p2a: Ribombee
|-crit|p2a: Ribombee
|-damage|p2a: Ribombee|0 fnt
|faint|p2a: Ribombee
|
|upkeep
|c|☆sirmrwhale|:(
|c|☆sirmrwhale|gg
|-message|sirmrwhale forfeited.
|
|win|Flamedood
|n|☆Flamedood|flamedood
|n|☆sirmrwhale|sirmrwhale
|n| suloxiv ✿|suloxiv
|n| Churrolion|churrolion
|n|+HJAD|hjad
|n|+ShuckleDeath|shuckledeath
