|j|☆TilascoAvara
|j|☆JoJo Reference #11
|t:|1666153522
|gametype|singles
|player|p1|TilascoAvara|falkner|1175
|player|p2|JoJo Reference #11|101|1272
|teamsize|p1|6
|teamsize|p2|6
|gen|8
|tier|[Gen 8] PU
|rated|
|rule|Sleep Clause Mod: Limit one foe put to sleep
|rule|Species Clause: Limit one of each Pokémon
|rule|OHKO Clause: OHKO moves are banned
|rule|Evasion Items Clause: Evasion items are banned
|rule|Evasion Moves Clause: Evasion moves are banned
|rule|Endless Battle Clause: Forcing endless battles is banned
|rule|HP Percentage Mod: HP is shown in percentages
|rule|Dynamax Clause: You cannot dynamax
|clearpoke
|poke|p1|Gigalith, F|
|poke|p1|Sandslash, M|
|poke|p1|Doublade, F|
|poke|p1|Gallade, M|
|poke|p1|Eldegoss, F|
|poke|p1|Weezing, F|
|poke|p2|Jellicent, M|
|poke|p2|Aurorus, M|
|poke|p2|Silvally-*|
|poke|p2|Scrafty, M|
|poke|p2|Garbodor, F|
|poke|p2|Lycanroc, F|
|teampreview
|
|t:|1666153535
|start
|switch|p1a: Gallade|Gallade, M|100/100
|switch|p2a: Lycanroc|Lycanroc, F|100/100
|turn|1
|
|t:|1666153541
|move|p2a: Lycanroc|Stealth Rock|p1a: Gallade
|-sidestart|p1: TilascoAvara|move: Stealth Rock
|move|p1a: Gallade|Close Combat|p2a: Lycanroc
|-supereffective|p2a: Lycanroc
|-enditem|p2a: Lycanroc|Focus Sash
|-damage|p2a: Lycanroc|1/100
|-unboost|p1a: Gallade|def|1
|-unboost|p1a: Gallade|spd|1
|
|upkeep
|turn|2
|
|t:|1666153552
|switch|p1a: Eldegoss|Eldegoss, F|100/100
|move|p2a: Lycanroc|Endeavor|p1a: Eldegoss
|-damage|p1a: Eldegoss|1/100
|
|upkeep
|turn|3
|
|t:|1666153560
|move|p2a: Lycanroc|Accelerock|p1a: Eldegoss
|-damage|p1a: Eldegoss|0 fnt
|faint|p1a: Eldegoss
|
|upkeep
|
|t:|1666153568
|switch|p1a: Doublade|Doublade, F|100/100
|-damage|p1a: Doublade|94/100|[from] Stealth Rock
|turn|4
|
|t:|1666153572
|move|p1a: Doublade|Shadow Sneak|p2a: Lycanroc
|-damage|p2a: Lycanroc|0 fnt
|faint|p2a: Lycanroc
|
|upkeep
|
|t:|1666153575
|switch|p2a: Garbodor|Garbodor, F|100/100
|turn|5
|
|t:|1666153584
|switch|p1a: Gigalith|Gigalith, F|100/100
|-damage|p1a: Gigalith|88/100|[from] Stealth Rock
|-weather|Sandstorm|[from] ability: Sand Stream|[of] p1a: Gigalith
|move|p2a: Garbodor|Stomping Tantrum|p1a: Gigalith
|-supereffective|p1a: Gigalith
|-damage|p1a: Gigalith|45/100
|-damage|p2a: Garbodor|91/100|[from] item: Life Orb
|
|-weather|Sandstorm|[upkeep]
|-damage|p2a: Garbodor|85/100|[from] Sandstorm
|upkeep
|turn|6
|
|t:|1666153589
|move|p2a: Garbodor|Stomping Tantrum|p1a: Gigalith
|-supereffective|p1a: Gigalith
|-damage|p1a: Gigalith|3/100
|-damage|p2a: Garbodor|75/100|[from] item: Life Orb
|cant|p1a: Gigalith|flinch
|
|-weather|Sandstorm|[upkeep]
|-damage|p2a: Garbodor|69/100|[from] Sandstorm
|upkeep
|turn|7
|
|t:|1666153596
|move|p2a: Garbodor|Seed Bomb|p1a: Gigalith
|-supereffective|p1a: Gigalith
|-damage|p1a: Gigalith|0 fnt
|faint|p1a: Gigalith
|-damage|p2a: Garbodor|59/100|[from] item: Life Orb
|
|-weather|Sandstorm|[upkeep]
|-damage|p2a: Garbodor|53/100|[from] Sandstorm
|upkeep
|
|t:|1666153600
|switch|p1a: Jiraya|Sandslash, M, shiny|100/100
|-damage|p1a: Jiraya|94/100|[from] Stealth Rock
|turn|8
|
|t:|1666153605
|move|p1a: Jiraya|Earthquake|p2a: Garbodor
|-supereffective|p2a: Garbodor
|-damage|p2a: Garbodor|0 fnt
|faint|p2a: Garbodor
|-damage|p1a: Jiraya|84/100|[from] item: Life Orb
|
|-weather|Sandstorm|[upkeep]
|upkeep
|
|t:|1666153618
|switch|p2a: Silvally|Silvally-Fairy|100/100
|turn|9
|
|t:|1666153632
|move|p1a: Jiraya|Earthquake|p2a: Silvally
|-damage|p2a: Silvally|36/100
|-damage|p1a: Jiraya|74/100|[from] item: Life Orb
|move|p2a: Silvally|Multi-Attack|p1a: Jiraya
|-damage|p1a: Jiraya|25/100
|
|-weather|Sandstorm|[upkeep]
|-damage|p2a: Silvally|30/100|[from] Sandstorm
|upkeep
|turn|10
|
|t:|1666153636
|move|p1a: Jiraya|Earthquake|p2a: Silvally
|-crit|p2a: Silvally
|-damage|p2a: Silvally|0 fnt
|faint|p2a: Silvally
|-damage|p1a: Jiraya|15/100|[from] item: Life Orb
|
|-weather|Sandstorm|[upkeep]
|upkeep
|
|t:|1666153647
|switch|p2a: Aurorus|Aurorus, M|100/100
|-weather|Hail|[from] ability: Snow Warning|[of] p2a: Aurorus
|turn|11
|
|t:|1666153660
|switch|p2a: Scrafty|Scrafty, M|100/100
|move|p1a: Jiraya|Earthquake|p2a: Scrafty
|-damage|p2a: Scrafty|28/100
|-damage|p1a: Jiraya|5/100|[from] item: Life Orb
|
|-weather|Hail|[upkeep]
|-damage|p2a: Scrafty|22/100|[from] Hail
|-damage|p1a: Jiraya|0 fnt|[from] Hail
|faint|p1a: Jiraya
|upkeep
|
|t:|1666153673
|switch|p1a: Doublade|Doublade, F|94/100
|-damage|p1a: Doublade|88/100|[from] Stealth Rock
|turn|12
|
|t:|1666153679
|move|p1a: Doublade|Shadow Sneak|p2a: Scrafty
|-resisted|p2a: Scrafty
|-damage|p2a: Scrafty|10/100
|move|p2a: Scrafty|Knock Off|p1a: Doublade
|-supereffective|p1a: Doublade
|-damage|p1a: Doublade|46/100
|-enditem|p1a: Doublade|Eviolite|[from] move: Knock Off|[of] p2a: Scrafty
|
|-weather|Hail|[upkeep]
|-damage|p2a: Scrafty|5/100|[from] Hail
|-damage|p1a: Doublade|40/100|[from] Hail
|upkeep
|turn|13
|
|t:|1666153683
|move|p1a: Doublade|Shadow Sneak|p2a: Scrafty
|-resisted|p2a: Scrafty
|-damage|p2a: Scrafty|0 fnt
|faint|p2a: Scrafty
|
|-weather|Hail|[upkeep]
|-damage|p1a: Doublade|34/100|[from] Hail
|upkeep
|
|t:|1666153686
|switch|p2a: Aurorus|Aurorus, M|100/100
|turn|14
|
|t:|1666153694
|move|p2a: Aurorus|Earth Power|p1a: Doublade
|-supereffective|p1a: Doublade
|-crit|p1a: Doublade
|-damage|p1a: Doublade|0 fnt
|faint|p1a: Doublade
|
|-weather|Hail|[upkeep]
|upkeep
|
|t:|1666153703
|switch|p1a: Gallade|Gallade, M|100/100
|-damage|p1a: Gallade|94/100|[from] Stealth Rock
|turn|15
|
|t:|1666153706
|switch|p2a: Jellicent|Jellicent, M|100/100
|move|p1a: Gallade|Close Combat|p2a: Jellicent
|-immune|p2a: Jellicent
|
|-weather|none
|upkeep
|turn|16
|
|t:|1666153709
|switch|p2a: Aurorus|Aurorus, M|100/100
|-weather|Hail|[from] ability: Snow Warning|[of] p2a: Aurorus
|switch|p1a: Weezing|Weezing, F|100/100
|-damage|p1a: Weezing|88/100|[from] Stealth Rock
|
|-weather|Hail|[upkeep]
|-damage|p1a: Weezing|82/100|[from] Hail
|-heal|p1a: Weezing|88/100|[from] item: Black Sludge
|upkeep
|turn|17
|
|t:|1666153719
|move|p2a: Aurorus|Rock Polish|p2a: Aurorus
|-boost|p2a: Aurorus|spe|2
|move|p1a: Weezing|Flamethrower|p2a: Aurorus
|-crit|p2a: Aurorus
|-damage|p2a: Aurorus|68/100
|
|-weather|Hail|[upkeep]
|-damage|p1a: Weezing|82/100|[from] Hail
|-heal|p1a: Weezing|88/100|[from] item: Black Sludge
|upkeep
|turn|18
|
|t:|1666153725
|move|p2a: Aurorus|Meteor Beam||[still]
|-prepare|p2a: Aurorus|Meteor Beam
|-boost|p2a: Aurorus|spa|1
|-enditem|p2a: Aurorus|Power Herb
|-anim|p2a: Aurorus|Meteor Beam|p1a: Weezing
|-damage|p1a: Weezing|0 fnt
|faint|p1a: Weezing
|
|-weather|Hail|[upkeep]
|upkeep
|
|t:|1666153730
|switch|p1a: Gallade|Gallade, M|94/100
|-damage|p1a: Gallade|88/100|[from] Stealth Rock
|turn|19
|
|t:|1666153732
|move|p2a: Aurorus|Blizzard|p1a: Gallade
|-damage|p1a: Gallade|2/100
|move|p1a: Gallade|Close Combat|p2a: Aurorus
|-supereffective|p2a: Aurorus
|-damage|p2a: Aurorus|0 fnt
|-unboost|p1a: Gallade|def|1
|-unboost|p1a: Gallade|spd|1
|faint|p2a: Aurorus
|
|-weather|Hail|[upkeep]
|-damage|p1a: Gallade|0 fnt|[from] Hail
|faint|p1a: Gallade
|
|win|JoJo Reference #11
|upkeep
|raw|TilascoAvara's rating: 1175 &rarr; <strong>1157</strong><br />(-18 for losing)
|raw|JoJo Reference #11's rating: 1272 &rarr; <strong>1290</strong><br />(+18 for winning)
|l|☆TilascoAvara
|c|☆JoJo Reference #11|gg
