|j|☆cafay sen sukr
|j|☆yassy slay
|t:|1649494546
|gametype|singles
|player|p1|cafay sen sukr|swimmer-gen4dp|1449
|player|p2|yassy slay|clown|1656
|teamsize|p1|6
|teamsize|p2|6
|gen|8
|tier|[Gen 8] PU
|rated|
|rule|Sleep Clause Mod: Limit one foe put to sleep
|rule|Species Clause: Limit one of each Pokémon
|rule|OHKO Clause: OHKO moves are banned
|rule|Evasion Moves Clause: Evasion moves are banned
|rule|Endless Battle Clause: Forcing endless battles is banned
|rule|HP Percentage Mod: HP is shown in percentages
|rule|Dynamax Clause: You cannot dynamax
|clearpoke
|poke|p1|Silvally-*|
|poke|p1|Gallade, M|
|poke|p1|Gigalith, F|
|poke|p1|Weezing, F|
|poke|p1|Mesprit|
|poke|p1|Shiftry, M|
|poke|p2|Musharna, F|
|poke|p2|Gourgeist-*, M|
|poke|p2|Stunfisk-Galar, M|
|poke|p2|Comfey, M|
|poke|p2|Accelgor, F|
|poke|p2|Dugtrio-Alola, F|
|teampreview
|
|t:|1649494567
|start
|switch|p1a: Silvally|Silvally-Ghost|100/100
|switch|p2a: Comfey|Comfey, M|100/100
|turn|1
|
|t:|1649494574
|move|p1a: Silvally|Swords Dance|p1a: Silvally
|-boost|p1a: Silvally|atk|2
|move|p2a: Comfey|U-turn|p1a: Silvally
|-resisted|p1a: Silvally
|-damage|p1a: Silvally|95/100
|
|t:|1649494575
|switch|p2a: Stunfisk|Stunfisk-Galar, M|100/100|[from]move: U-turn
|
|upkeep
|turn|2
|
|t:|1649494594
|move|p1a: Silvally|Multi-Attack|p2a: Stunfisk
|-damage|p2a: Stunfisk|40/100
|move|p2a: Stunfisk|Foul Play|p1a: Silvally
|-supereffective|p1a: Silvally
|-damage|p1a: Silvally|0 fnt
|faint|p1a: Silvally
|
|-heal|p2a: Stunfisk|46/100|[from] item: Leftovers
|upkeep
|c|☆cafay sen sukr|oh
|c|☆cafay sen sukr|i choked I guess
|
|t:|1649494616
|switch|p1a: Gallade|Gallade, M|100/100
|turn|3
|
|t:|1649494620
|switch|p2a: Comfey|Comfey, M|100/100
|move|p1a: Gallade|Knock Off|p2a: Comfey
|-resisted|p2a: Comfey
|-damage|p2a: Comfey|80/100
|-enditem|p2a: Comfey|Heavy-Duty Boots|[from] move: Knock Off|[of] p1a: Gallade
|-damage|p1a: Gallade|91/100|[from] item: Life Orb
|
|upkeep
|turn|4
|
|t:|1649494627
|move|p1a: Gallade|Zen Headbutt|p2a: Comfey
|-damage|p2a: Comfey|32/100
|-damage|p1a: Gallade|81/100|[from] item: Life Orb
|move|p2a: Comfey|U-turn|p1a: Gallade
|-damage|p1a: Gallade|66/100
|
|t:|1649494632
|switch|p2a: Gourgeist|Gourgeist-Super, M|100/100|[from]move: U-turn
|-item|p1a: Gallade|Life Orb|[from] ability: Frisk|[of] p2a: Gourgeist|[identify]
|
|upkeep
|turn|5
|
|t:|1649494634
|switch|p1a: Shiftry|Shiftry, M|100/100
|move|p2a: Gourgeist|Shadow Sneak|p1a: Shiftry
|-resisted|p1a: Shiftry
|-damage|p1a: Shiftry|90/100
|
|-heal|p1a: Shiftry|96/100|[from] item: Leftovers
|upkeep
|turn|6
|
|t:|1649494638
|switch|p1a: Gigalith|Gigalith, F|100/100
|-weather|Sandstorm|[from] ability: Sand Stream|[of] p1a: Gigalith
|switch|p2a: Accelgor|Accelgor, F|100/100
|
|-weather|Sandstorm|[upkeep]
|-damage|p2a: Accelgor|94/100|[from] Sandstorm
|upkeep
|turn|7
|
|t:|1649494643
|switch|p2a: Dugtrio|Dugtrio-Alola, F|100/100
|move|p1a: Gigalith|Stealth Rock|p2a: Dugtrio
|-sidestart|p2: yassy slay|move: Stealth Rock
|
|-weather|Sandstorm|[upkeep]
|upkeep
|turn|8
|
|t:|1649494651
|move|p2a: Dugtrio|Iron Head|p1a: Gigalith
|-supereffective|p1a: Gigalith
|-damage|p1a: Gigalith|16/100
|-damage|p2a: Dugtrio|91/100|[from] item: Life Orb
|move|p1a: Gigalith|Earthquake|p2a: Dugtrio
|-supereffective|p2a: Dugtrio
|-damage|p2a: Dugtrio|0 fnt
|faint|p2a: Dugtrio
|
|-weather|Sandstorm|[upkeep]
|-heal|p1a: Gigalith|22/100|[from] item: Leftovers
|upkeep
|
|t:|1649494672
|switch|p2a: Stunfisk|Stunfisk-Galar, M|46/100
|-damage|p2a: Stunfisk|43/100|[from] Stealth Rock
|turn|9
|
|t:|1649494697
|switch|p1a: Shiftry|Shiftry, M|96/100
|move|p2a: Stunfisk|Earthquake|p1a: Shiftry
|-resisted|p1a: Shiftry
|-damage|p1a: Shiftry|82/100
|
|-weather|Sandstorm|[upkeep]
|-damage|p1a: Shiftry|76/100|[from] Sandstorm
|-heal|p1a: Shiftry|82/100|[from] item: Leftovers
|-heal|p2a: Stunfisk|49/100|[from] item: Leftovers
|upkeep
|turn|10
|
|t:|1649494702
|switch|p2a: Accelgor|Accelgor, F|94/100
|move|p1a: Shiftry|Knock Off|p2a: Accelgor
|-damage|p2a: Accelgor|52/100
|-activate|p2a: Accelgor|ability: Sticky Hold
|
|-weather|none
|-heal|p1a: Shiftry|88/100|[from] item: Leftovers
|upkeep
|turn|11
|
|t:|1649494705
|switch|p1a: Weezing|Weezing, F|100/100
|-ability|p1a: Weezing|Neutralizing Gas
|move|p2a: Accelgor|Spikes|p1a: Weezing
|-sidestart|p1: cafay sen sukr|Spikes
|
|upkeep
|turn|12
|
|t:|1649494714
|move|p2a: Accelgor|Spikes|p1a: Weezing
|-sidestart|p1: cafay sen sukr|Spikes
|move|p1a: Weezing|Sludge Bomb|p2a: Accelgor
|-damage|p2a: Accelgor|11/100
|
|upkeep
|turn|13
|
|t:|1649494716
|move|p2a: Accelgor|Recover|p2a: Accelgor
|-heal|p2a: Accelgor|61/100
|move|p1a: Weezing|Sludge Bomb|p2a: Accelgor
|-damage|p2a: Accelgor|17/100
|
|upkeep
|turn|14
|
|t:|1649494727
|switch|p2a: Stunfisk|Stunfisk-Galar, M|49/100
|-damage|p2a: Stunfisk|46/100|[from] Stealth Rock
|move|p1a: Weezing|Sludge Bomb|p2a: Stunfisk
|-immune|p2a: Stunfisk
|
|-heal|p2a: Stunfisk|52/100|[from] item: Leftovers
|upkeep
|turn|15
|
|t:|1649494732
|move|p1a: Weezing|Sludge Bomb|p2a: Stunfisk
|-immune|p2a: Stunfisk
|move|p2a: Stunfisk|Stealth Rock|p1a: Weezing
|-sidestart|p1: cafay sen sukr|move: Stealth Rock
|
|-heal|p2a: Stunfisk|59/100|[from] item: Leftovers
|upkeep
|turn|16
|
|t:|1649494741
|move|p1a: Weezing|Will-O-Wisp|p2a: Stunfisk
|-status|p2a: Stunfisk|brn
|move|p2a: Stunfisk|Earthquake|p1a: Weezing
|-supereffective|p1a: Weezing
|-damage|p1a: Weezing|81/100
|
|-heal|p2a: Stunfisk|65/100 brn|[from] item: Leftovers
|-damage|p2a: Stunfisk|59/100 brn|[from] brn
|upkeep
|turn|17
|
|t:|1649494745
|switch|p2a: Musharna|Musharna, F|100/100
|move|p1a: Weezing|Sludge Bomb|p2a: Musharna
|-damage|p2a: Musharna|85/100
|
|upkeep
|turn|18
|
|t:|1649494767
|-end|p1a: Weezing|ability: Neutralizing Gas
|switch|p1a: Mesprit|Mesprit|100/100
|-damage|p1a: Mesprit|88/100|[from] Stealth Rock
|move|p2a: Musharna|Heal Bell|p2a: Musharna
|-activate|p2a: Musharna|move: Heal Bell
|-curestatus|p2: Stunfisk|brn|[msg]
|
|upkeep
|turn|19
|
|t:|1649494783
|switch|p2a: Stunfisk|Stunfisk-Galar, M|59/100
|-damage|p2a: Stunfisk|55/100|[from] Stealth Rock
|move|p1a: Mesprit|Psychic|p2a: Stunfisk
|-resisted|p2a: Stunfisk
|-damage|p2a: Stunfisk|35/100
|
|-heal|p2a: Stunfisk|41/100|[from] item: Leftovers
|upkeep
|turn|20
|
|t:|1649494791
|switch|p1a: Shiftry|Shiftry, M|88/100
|-damage|p1a: Shiftry|76/100|[from] Stealth Rock
|-damage|p1a: Shiftry|59/100|[from] Spikes
|move|p2a: Stunfisk|Foul Play|p1a: Shiftry
|-resisted|p1a: Shiftry
|-damage|p1a: Shiftry|49/100
|
|-heal|p1a: Shiftry|56/100|[from] item: Leftovers
|-heal|p2a: Stunfisk|47/100|[from] item: Leftovers
|upkeep
|turn|21
|
|t:|1649494804
|switch|p2a: Comfey|Comfey, M|32/100
|-damage|p2a: Comfey|19/100|[from] Stealth Rock
|move|p1a: Shiftry|Defog|p2a: Comfey
|-unboost|p2a: Comfey|evasion|1
|-sideend|p2: yassy slay|Stealth Rock|[from] move: Defog|[of] p1a: Shiftry
|-sideend|p1: cafay sen sukr|Spikes|[from] move: Defog|[of] p1a: Shiftry
|-sideend|p1: cafay sen sukr|Stealth Rock|[from] move: Defog|[of] p1a: Shiftry
|
|-heal|p1a: Shiftry|62/100|[from] item: Leftovers
|upkeep
|turn|22
|
|t:|1649494812
|switch|p1a: Gigalith|Gigalith, F|22/100
|-weather|Sandstorm|[from] ability: Sand Stream|[of] p1a: Gigalith
|move|p2a: Comfey|Synthesis|p2a: Comfey
|-heal|p2a: Comfey|44/100
|
|-weather|Sandstorm|[upkeep]
|-damage|p2a: Comfey|38/100|[from] Sandstorm
|-heal|p1a: Gigalith|29/100|[from] item: Leftovers
|upkeep
|turn|23
|
|t:|1649494822
|move|p2a: Comfey|U-turn|p1a: Gigalith
|-damage|p1a: Gigalith|22/100
|
|t:|1649494824
|switch|p2a: Gourgeist|Gourgeist-Super, M|100/100|[from]move: U-turn
|-item|p1a: Gigalith|Leftovers|[from] ability: Frisk|[of] p2a: Gourgeist|[identify]
|move|p1a: Gigalith|Stealth Rock|p2a: Gourgeist
|-sidestart|p2: yassy slay|move: Stealth Rock
|
|-weather|Sandstorm|[upkeep]
|-damage|p2a: Gourgeist|94/100|[from] Sandstorm
|-heal|p1a: Gigalith|28/100|[from] item: Leftovers
|upkeep
|turn|24
|
|t:|1649494828
|switch|p1a: Shiftry|Shiftry, M|62/100
|move|p2a: Gourgeist|Poltergeist|p1a: Shiftry
|-activate|p1a: Shiftry|move: Poltergeist|Leftovers
|-resisted|p1a: Shiftry
|-damage|p1a: Shiftry|37/100
|
|-weather|Sandstorm|[upkeep]
|-damage|p1a: Shiftry|30/100|[from] Sandstorm
|-damage|p2a: Gourgeist|88/100|[from] Sandstorm
|-heal|p1a: Shiftry|37/100|[from] item: Leftovers
|upkeep
|turn|25
|
|t:|1649494848
|switch|p2a: Stunfisk|Stunfisk-Galar, M|47/100
|-damage|p2a: Stunfisk|44/100|[from] Stealth Rock
|move|p1a: Shiftry|Synthesis|p1a: Shiftry
|-heal|p1a: Shiftry|62/100
|
|-weather|Sandstorm|[upkeep]
|-damage|p1a: Shiftry|55/100|[from] Sandstorm
|-heal|p1a: Shiftry|62/100|[from] item: Leftovers
|-heal|p2a: Stunfisk|50/100|[from] item: Leftovers
|upkeep
|turn|26
|
|t:|1649494855
|move|p1a: Shiftry|Knock Off|p2a: Stunfisk
|-damage|p2a: Stunfisk|32/100
|-enditem|p2a: Stunfisk|Leftovers|[from] move: Knock Off|[of] p1a: Shiftry
|move|p2a: Stunfisk|Stealth Rock|p1a: Shiftry
|-sidestart|p1: cafay sen sukr|move: Stealth Rock
|
|-weather|none
|-heal|p1a: Shiftry|68/100|[from] item: Leftovers
|upkeep
|turn|27
|
|t:|1649494858
|switch|p2a: Comfey|Comfey, M|38/100
|-damage|p2a: Comfey|25/100|[from] Stealth Rock
|move|p1a: Shiftry|Knock Off|p2a: Comfey
|-resisted|p2a: Comfey
|-damage|p2a: Comfey|16/100
|
|-heal|p1a: Shiftry|74/100|[from] item: Leftovers
|upkeep
|turn|28
|
|t:|1649494871
|switch|p1a: Weezing|Weezing, F|81/100
|-ability|p1a: Weezing|Neutralizing Gas
|-damage|p1a: Weezing|68/100|[from] Stealth Rock
|move|p2a: Comfey|Synthesis|p2a: Comfey
|-heal|p2a: Comfey|66/100
|
|upkeep
|turn|29
|
|t:|1649494893
|move|p2a: Comfey|U-turn|p1a: Weezing
|-resisted|p1a: Weezing
|-damage|p1a: Weezing|65/100
|-damage|p2a: Comfey|49/100|[from] item: Rocky Helmet|[of] p1a: Weezing
|
|t:|1649494898
|switch|p2a: Musharna|Musharna, F|85/100|[from]move: U-turn
|move|p1a: Weezing|Will-O-Wisp|p2a: Musharna
|-status|p2a: Musharna|brn
|
|-damage|p2a: Musharna|79/100 brn|[from] brn
|upkeep
|turn|30
|
|t:|1649494906
|-end|p1a: Weezing|ability: Neutralizing Gas
|switch|p1a: Mesprit|Mesprit|88/100
|-damage|p1a: Mesprit|76/100|[from] Stealth Rock
|move|p2a: Musharna|Psyshock|p1a: Mesprit
|-resisted|p1a: Mesprit
|-damage|p1a: Mesprit|61/100
|
|-damage|p2a: Musharna|73/100 brn|[from] brn
|upkeep
|turn|31
|
|t:|1649494912
|switch|p2a: Stunfisk|Stunfisk-Galar, M|32/100
|-damage|p2a: Stunfisk|29/100|[from] Stealth Rock
|move|p1a: Mesprit|Trick|p2a: Stunfisk
|-activate|p1a: Mesprit|move: Trick|[of] p2a: Stunfisk
|-item|p2a: Stunfisk|Choice Scarf|[from] move: Trick
|-enditem|p1a: Mesprit|Choice Scarf|[silent]|[from] move: Trick
|
|upkeep
|turn|32
|
|t:|1649494921
|switch|p1a: Shiftry|Shiftry, M|74/100
|-damage|p1a: Shiftry|62/100|[from] Stealth Rock
|move|p2a: Stunfisk|Foul Play|p1a: Shiftry
|-resisted|p1a: Shiftry
|-damage|p1a: Shiftry|51/100
|
|-heal|p1a: Shiftry|58/100|[from] item: Leftovers
|upkeep
|turn|33
|
|t:|1649494928
|move|p1a: Shiftry|Giga Drain|p2a: Stunfisk
|-damage|p2a: Stunfisk|8/100
|-heal|p1a: Shiftry|69/100|[from] drain|[of] p2a: Stunfisk
|move|p2a: Stunfisk|Foul Play|p1a: Shiftry
|-resisted|p1a: Shiftry
|-damage|p1a: Shiftry|60/100
|
|-heal|p1a: Shiftry|66/100|[from] item: Leftovers
|upkeep
|turn|34
|
|t:|1649494934
|move|p1a: Shiftry|Synthesis|p1a: Shiftry
|-heal|p1a: Shiftry|100/100
|move|p2a: Stunfisk|Foul Play|p1a: Shiftry
|-resisted|p1a: Shiftry
|-crit|p1a: Shiftry
|-damage|p1a: Shiftry|85/100
|
|-heal|p1a: Shiftry|91/100|[from] item: Leftovers
|upkeep
|turn|35
|
|t:|1649494951
|switch|p1a: Weezing|Weezing, F|65/100
|-ability|p1a: Weezing|Neutralizing Gas
|-damage|p1a: Weezing|53/100|[from] Stealth Rock
|move|p2a: Stunfisk|Foul Play|p1a: Weezing
|-damage|p1a: Weezing|43/100
|-damage|p2a: Stunfisk|0 fnt|[from] item: Rocky Helmet|[of] p1a: Weezing
|faint|p2a: Stunfisk
|
|upkeep
|
|t:|1649494963
|switch|p2a: Gourgeist|Gourgeist-Super, M|88/100
|-damage|p2a: Gourgeist|76/100|[from] Stealth Rock
|turn|36
|
|t:|1649494970
|move|p2a: Gourgeist|Poltergeist|p1a: Weezing
|-activate|p1a: Weezing|move: Poltergeist|Rocky Helmet
|-damage|p1a: Weezing|3/100
|move|p1a: Weezing|Pain Split|p2a: Gourgeist
|-sethp|p2a: Gourgeist|39/100|[from] move: Pain Split|[silent]
|-sethp|p1a: Weezing|42/100|[from] move: Pain Split
|
|upkeep
|turn|37
|
|t:|1649494995
|-end|p1a: Weezing|ability: Neutralizing Gas
|-item|p1a: Weezing|Rocky Helmet|[from] ability: Frisk|[of] p2a: Gourgeist|[identify]
|switch|p1a: Shiftry|Shiftry, M|91/100
|-damage|p1a: Shiftry|79/100|[from] Stealth Rock
|move|p2a: Gourgeist|Synthesis|p2a: Gourgeist
|-heal|p2a: Gourgeist|89/100
|
|-heal|p1a: Shiftry|85/100|[from] item: Leftovers
|upkeep
|turn|38
|
|t:|1649495007
|switch|p2a: Comfey|Comfey, M|49/100
|-damage|p2a: Comfey|36/100|[from] Stealth Rock
|move|p1a: Shiftry|Giga Drain|p2a: Comfey
|-damage|p2a: Comfey|12/100
|-heal|p1a: Shiftry|95/100|[from] drain|[of] p2a: Comfey
|
|-heal|p1a: Shiftry|100/100|[from] item: Leftovers
|upkeep
|turn|39
|
|t:|1649495017
|switch|p1a: Gigalith|Gigalith, F|28/100
|-damage|p1a: Gigalith|16/100|[from] Stealth Rock
|-weather|Sandstorm|[from] ability: Sand Stream|[of] p1a: Gigalith
|move|p2a: Comfey|Synthesis|p2a: Comfey
|-heal|p2a: Comfey|37/100
|
|-weather|Sandstorm|[upkeep]
|-damage|p2a: Comfey|31/100|[from] Sandstorm
|-heal|p1a: Gigalith|22/100|[from] item: Leftovers
|upkeep
|turn|40
|
|t:|1649495033
|move|p2a: Comfey|U-turn|p1a: Gigalith
|-damage|p1a: Gigalith|15/100
|
|t:|1649495035
|switch|p2a: Gourgeist|Gourgeist-Super, M|89/100|[from]move: U-turn
|-damage|p2a: Gourgeist|77/100|[from] Stealth Rock
|-item|p1a: Gigalith|Leftovers|[from] ability: Frisk|[of] p2a: Gourgeist|[identify]
|move|p1a: Gigalith|Rock Blast|p2a: Gourgeist
|-damage|p2a: Gourgeist|68/100
|-damage|p2a: Gourgeist|58/100
|-damage|p2a: Gourgeist|48/100
|-hitcount|p2a: Gourgeist|3
|
|-weather|Sandstorm|[upkeep]
|-damage|p2a: Gourgeist|42/100|[from] Sandstorm
|-heal|p1a: Gigalith|21/100|[from] item: Leftovers
|upkeep
|turn|41
|
|t:|1649495041
|switch|p1a: Shiftry|Shiftry, M|100/100
|-damage|p1a: Shiftry|88/100|[from] Stealth Rock
|move|p2a: Gourgeist|Power Whip|p1a: Shiftry
|-resisted|p1a: Shiftry
|-damage|p1a: Shiftry|61/100
|
|-weather|Sandstorm|[upkeep]
|-damage|p1a: Shiftry|55/100|[from] Sandstorm
|-damage|p2a: Gourgeist|36/100|[from] Sandstorm
|-heal|p1a: Shiftry|61/100|[from] item: Leftovers
|upkeep
|turn|42
|
|t:|1649495048
|switch|p2a: Comfey|Comfey, M|31/100
|-damage|p2a: Comfey|18/100|[from] Stealth Rock
|move|p1a: Shiftry|Giga Drain|p2a: Comfey
|-damage|p2a: Comfey|0 fnt
|-heal|p1a: Shiftry|68/100|[from] drain|[of] p2a: Comfey
|faint|p2a: Comfey
|
|-weather|Sandstorm|[upkeep]
|-damage|p1a: Shiftry|62/100|[from] Sandstorm
|-heal|p1a: Shiftry|68/100|[from] item: Leftovers
|upkeep
|
|t:|1649495050
|switch|p2a: Accelgor|Accelgor, F|17/100
|turn|43
|
|t:|1649495108
|switch|p1a: Gigalith|Gigalith, F|21/100
|-damage|p1a: Gigalith|9/100|[from] Stealth Rock
|move|p2a: Accelgor|Recover|p2a: Accelgor
|-heal|p2a: Accelgor|67/100
|
|-weather|none
|-heal|p1a: Gigalith|15/100|[from] item: Leftovers
|upkeep
|turn|44
|
|t:|1649495115
|move|p2a: Accelgor|Bug Buzz|p1a: Gigalith
|-damage|p1a: Gigalith|0 fnt
|faint|p1a: Gigalith
|
|upkeep
|
|t:|1649495116
|switch|p1a: Gallade|Gallade, M|66/100
|-damage|p1a: Gallade|59/100|[from] Stealth Rock
|turn|45
|
|t:|1649495149
|switch|p2a: Musharna|Musharna, F|73/100 brn
|move|p1a: Gallade|Knock Off|p2a: Musharna
|-supereffective|p2a: Musharna
|-damage|p2a: Musharna|0 fnt
|-enditem|p2a: Musharna|Heavy-Duty Boots|[from] move: Knock Off|[of] p1a: Gallade
|faint|p2a: Musharna
|-damage|p1a: Gallade|50/100|[from] item: Life Orb
|
|upkeep
|
|t:|1649495153
|switch|p2a: Gourgeist|Gourgeist-Super, M|36/100
|-damage|p2a: Gourgeist|24/100|[from] Stealth Rock
|-item|p1a: Gallade|Life Orb|[from] ability: Frisk|[of] p2a: Gourgeist|[identify]
|turn|46
|
|t:|1649495162
|switch|p1a: Shiftry|Shiftry, M|68/100
|-damage|p1a: Shiftry|56/100|[from] Stealth Rock
|move|p2a: Gourgeist|Shadow Sneak|p1a: Shiftry
|-resisted|p1a: Shiftry
|-damage|p1a: Shiftry|46/100
|
|-heal|p1a: Shiftry|52/100|[from] item: Leftovers
|upkeep
|turn|47
|
|t:|1649495175
|switch|p2a: Accelgor|Accelgor, F|67/100
|move|p1a: Shiftry|Defog|p2a: Accelgor
|-unboost|p2a: Accelgor|evasion|1
|-sideend|p2: yassy slay|Stealth Rock|[from] move: Defog|[of] p1a: Shiftry
|-sideend|p1: cafay sen sukr|Stealth Rock|[from] move: Defog|[of] p1a: Shiftry
|
|-heal|p1a: Shiftry|58/100|[from] item: Leftovers
|upkeep
|turn|48
|
|t:|1649495184
|move|p2a: Accelgor|Spikes|p1a: Shiftry
|-sidestart|p1: cafay sen sukr|Spikes
|move|p1a: Shiftry|Defog|p2a: Accelgor
|-unboost|p2a: Accelgor|evasion|1
|-sideend|p1: cafay sen sukr|Spikes|[from] move: Defog|[of] p1a: Shiftry
|
|-heal|p1a: Shiftry|65/100|[from] item: Leftovers
|upkeep
|turn|49
|
|t:|1649495197
|move|p2a: Accelgor|Bug Buzz|p1a: Shiftry
|-supereffective|p1a: Shiftry
|-damage|p1a: Shiftry|0 fnt
|faint|p1a: Shiftry
|
|upkeep
|
|t:|1649495200
|switch|p1a: Gallade|Gallade, M|50/100
|turn|50
|
|t:|1649495206
|move|p2a: Accelgor|Recover|p2a: Accelgor
|-heal|p2a: Accelgor|100/100
|move|p1a: Gallade|Zen Headbutt|p2a: Accelgor
|-damage|p2a: Accelgor|31/100
|-damage|p1a: Gallade|40/100|[from] item: Life Orb
|
|upkeep
|turn|51
|
|t:|1649495217
|move|p1a: Gallade|Shadow Sneak|p2a: Accelgor
|-damage|p2a: Accelgor|6/100
|-damage|p1a: Gallade|30/100|[from] item: Life Orb
|move|p2a: Accelgor|Recover|p2a: Accelgor
|-heal|p2a: Accelgor|56/100
|
|upkeep
|turn|52
|c|☆cafay sen sukr|ban this monnn
|
|t:|1649495234
|move|p2a: Accelgor|Recover|p2a: Accelgor
|-heal|p2a: Accelgor|100/100
|move|p1a: Gallade|Zen Headbutt|p2a: Accelgor
|-damage|p2a: Accelgor|25/100
|-damage|p1a: Gallade|21/100|[from] item: Life Orb
|
|upkeep
|turn|53
|
|t:|1649495245
|move|p1a: Gallade|Shadow Sneak|p2a: Accelgor
|-damage|p2a: Accelgor|1/100
|-damage|p1a: Gallade|11/100|[from] item: Life Orb
|move|p2a: Accelgor|Recover|p2a: Accelgor
|-heal|p2a: Accelgor|51/100
|
|upkeep
|turn|54
|c|☆cafay sen sukr|reallyyyy
|
|t:|1649495256
|move|p2a: Accelgor|Bug Buzz|p1a: Gallade
|-damage|p1a: Gallade|0 fnt
|faint|p1a: Gallade
|
|upkeep
|
|t:|1649495260
|switch|p1a: Weezing|Weezing, F|42/100
|-ability|p1a: Weezing|Neutralizing Gas
|turn|55
|
|t:|1649495268
|move|p2a: Accelgor|Bug Buzz|p1a: Weezing
|-resisted|p1a: Weezing
|-damage|p1a: Weezing|22/100
|move|p1a: Weezing|Sludge Bomb|p2a: Accelgor
|-damage|p2a: Accelgor|11/100
|-status|p2a: Accelgor|psn
|
|-damage|p2a: Accelgor|0 fnt|[from] psn
|faint|p2a: Accelgor
|upkeep
|
|t:|1649495271
|switch|p2a: Gourgeist|Gourgeist-Super, M|24/100
|turn|56
|
|t:|1649495279
|move|p2a: Gourgeist|Poltergeist|p1a: Weezing
|-activate|p1a: Weezing|move: Poltergeist|Rocky Helmet
|-damage|p1a: Weezing|0 fnt
|faint|p1a: Weezing
|-end|p1a: Weezing|ability: Neutralizing Gas
|
|upkeep
|
|t:|1649495280
|switch|p1a: Mesprit|Mesprit|61/100
|turn|57
|
|t:|1649495282
|move|p2a: Gourgeist|Shadow Sneak|p1a: Mesprit
|-supereffective|p1a: Mesprit
|-damage|p1a: Mesprit|14/100
|move|p1a: Mesprit|Psychic|p2a: Gourgeist
|-damage|p2a: Gourgeist|0 fnt
|faint|p2a: Gourgeist
|
|win|cafay sen sukr
|raw|cafay sen sukr's rating: 1449 &rarr; <strong>1480</strong><br />(+31 for winning)
|raw|yassy slay's rating: 1656 &rarr; <strong>1625</strong><br />(-31 for losing)
|c|☆cafay sen sukr|gg
|c|☆yassy slay|gg
|l|☆yassy slay
