|j|☆pult4c1 shane
|j|☆yassy slay
|t:|1661095008
|gametype|singles
|player|p1|pult4c1 shane|veteran|1647
|player|p2|yassy slay|clown|1683
|teamsize|p1|6
|teamsize|p2|6
|gen|8
|tier|[Gen 8] PU
|rated|
|rule|Sleep Clause Mod: Limit one foe put to sleep
|rule|Species Clause: Limit one of each Pokémon
|rule|OHKO Clause: OHKO moves are banned
|rule|Evasion Items Clause: Evasion items are banned
|rule|Evasion Moves Clause: Evasion moves are banned
|rule|Endless Battle Clause: Forcing endless battles is banned
|rule|HP Percentage Mod: HP is shown in percentages
|rule|Dynamax Clause: You cannot dynamax
|clearpoke
|poke|p1|Sandslash, F|
|poke|p1|Gigalith, F|
|poke|p1|Eldegoss, M|
|poke|p1|Basculin, F|
|poke|p1|Scyther, F|
|poke|p1|Weezing, F|
|poke|p2|Flapple, F|
|poke|p2|Weezing, F|
|poke|p2|Comfey, M|
|poke|p2|Gourgeist-*, F|
|poke|p2|Gigalith, M|
|poke|p2|Sandslash, M|
|teampreview
|inactive|Battle timer is ON: inactive players will automatically lose when time's up. (requested by pult4c1 shane)
|c|☆pult4c1 shane|hf
|c|☆yassy slay|u 2!
|
|t:|1661095037
|start
|switch|p1a: Scyther|Scyther, F|100/100
|switch|p2a: Weezing|Weezing, F|100/100
|-ability|p2a: Weezing|Neutralizing Gas
|turn|1
|j| PULT4C1 Haffling
|j| PULT4C1 spacial
|j| PULT4C1 zoowi
|
|t:|1661095049
|move|p1a: Scyther|Knock Off|p2a: Weezing
|-damage|p2a: Weezing|79/100
|-enditem|p2a: Weezing|Black Sludge|[from] move: Knock Off|[of] p1a: Scyther
|move|p2a: Weezing|Flamethrower|p1a: Scyther
|-supereffective|p1a: Scyther
|-damage|p1a: Scyther|49/100
|
|upkeep
|turn|2
|
|t:|1661095061
|move|p1a: Scyther|U-turn|p2a: Weezing
|-resisted|p2a: Weezing
|-damage|p2a: Weezing|68/100
|
|t:|1661095062
|switch|p1a: Weezing|Weezing, F|100/100|[from]move: U-turn
|move|p2a: Weezing|Toxic Spikes|p1a: Weezing
|-sidestart|p1: pult4c1 shane|move: Toxic Spikes
|
|upkeep
|turn|3
|
|t:|1661095085
|move|p1a: Weezing|Will-O-Wisp|p2a: Weezing|[miss]
|-miss|p1a: Weezing|p2a: Weezing
|move|p2a: Weezing|Flamethrower|p1a: Weezing
|-damage|p1a: Weezing|74/100
|
|-heal|p1a: Weezing|80/100|[from] item: Black Sludge
|upkeep
|turn|4
|j| PULT4C1 Gomure
|l| PULT4C1 spacial
|
|t:|1661095100
|-end|p2a: Weezing|ability: Neutralizing Gas
|switch|p2a: Gigalith|Gigalith, M|100/100
|-weather|Sandstorm|[from] ability: Sand Stream|[of] p2a: Gigalith
|move|p1a: Weezing|Will-O-Wisp|p2a: Gigalith
|-status|p2a: Gigalith|brn
|
|-weather|Sandstorm|[upkeep]
|-damage|p1a: Weezing|74/100|[from] Sandstorm
|-heal|p1a: Weezing|80/100|[from] item: Black Sludge
|-damage|p2a: Gigalith|94/100 brn|[from] brn
|upkeep
|turn|5
|inactive|pult4c1 shane has 120 seconds left.
|
|t:|1661095138
|move|p1a: Weezing|Toxic Spikes|p2a: Gigalith
|-sidestart|p2: yassy slay|move: Toxic Spikes
|move|p2a: Gigalith|Stealth Rock|p1a: Weezing
|-sidestart|p1: pult4c1 shane|move: Stealth Rock
|
|-weather|Sandstorm|[upkeep]
|-damage|p1a: Weezing|74/100|[from] Sandstorm
|-heal|p1a: Weezing|80/100|[from] item: Black Sludge
|-heal|p2a: Gigalith|100/100 brn|[from] item: Leftovers
|-damage|p2a: Gigalith|94/100 brn|[from] brn
|upkeep
|turn|6
|inactive|pult4c1 shane has 120 seconds left.
|
|t:|1661095148
|switch|p1a: Eldegoss|Eldegoss, M|100/100
|-status|p1a: Eldegoss|psn
|-damage|p1a: Eldegoss|88/100 psn|[from] Stealth Rock
|move|p2a: Gigalith|Rock Blast|p1a: Eldegoss
|-damage|p1a: Eldegoss|84/100 psn
|-damage|p1a: Eldegoss|79/100 psn
|-damage|p1a: Eldegoss|74/100 psn
|-damage|p1a: Eldegoss|69/100 psn
|-damage|p1a: Eldegoss|65/100 psn
|-hitcount|p1a: Eldegoss|5
|-enditem|p1a: Eldegoss|Eject Button
|
|t:|1661095151
|switch|p1a: Sandslash|Sandslash, F|100/100
|-status|p1a: Sandslash|psn
|-damage|p1a: Sandslash|94/100 psn|[from] Stealth Rock
|
|-weather|Sandstorm|[upkeep]
|-heal|p2a: Gigalith|100/100 brn|[from] item: Leftovers
|-damage|p1a: Sandslash|82/100 psn|[from] psn
|-damage|p2a: Gigalith|94/100 brn|[from] brn
|upkeep
|turn|7
|
|t:|1661095160
|switch|p2a: Gourgeist|Gourgeist-Super, F|100/100
|-status|p2a: Gourgeist|psn
|-item|p1a: Sandslash|Life Orb|[from] ability: Frisk|[of] p2a: Gourgeist|[identify]
|move|p1a: Sandslash|Swords Dance|p1a: Sandslash
|-boost|p1a: Sandslash|atk|2
|
|-weather|Sandstorm|[upkeep]
|-damage|p2a: Gourgeist|94/100 psn|[from] Sandstorm
|-damage|p1a: Sandslash|70/100 psn|[from] psn
|-damage|p2a: Gourgeist|82/100 psn|[from] psn
|upkeep
|turn|8
|inactive|pult4c1 shane has 120 seconds left.
|
|t:|1661095217
|switch|p2a: Comfey|Comfey, M|100/100
|-status|p2a: Comfey|psn
|move|p1a: Sandslash|Stone Edge|p2a: Comfey
|-damage|p2a: Comfey|2/100 psn
|-damage|p1a: Sandslash|60/100 psn|[from] item: Life Orb
|
|-weather|none
|-damage|p1a: Sandslash|47/100 psn|[from] psn
|-damage|p2a: Comfey|0 fnt|[from] psn
|faint|p2a: Comfey
|upkeep
|
|t:|1661095226
|switch|p2a: Gourgeist|Gourgeist-Super, F|82/100 psn
|-item|p1a: Sandslash|Life Orb|[from] ability: Frisk|[of] p2a: Gourgeist|[identify]
|turn|9
|
|t:|1661095250
|move|p1a: Sandslash|Leech Life|p2a: Gourgeist
|-damage|p2a: Gourgeist|28/100 psn
|-heal|p1a: Sandslash|79/100 psn|[from] drain|[of] p2a: Gourgeist
|-damage|p1a: Sandslash|69/100 psn|[from] item: Life Orb
|move|p2a: Gourgeist|Poltergeist|p1a: Sandslash
|-activate|p1a: Sandslash|move: Poltergeist|Life Orb
|-damage|p1a: Sandslash|10/100 psn
|
|-damage|p1a: Sandslash|0 fnt|[from] psn
|faint|p1a: Sandslash
|-damage|p2a: Gourgeist|16/100 psn|[from] psn
|upkeep
|inactive|pult4c1 shane has 90 seconds left.
|
|t:|1661095274
|switch|p1a: Scyther|Scyther, F|49/100
|turn|10
|
|t:|1661095279
|switch|p2a: Gigalith|Gigalith, M|94/100 brn
|-weather|Sandstorm|[from] ability: Sand Stream|[of] p2a: Gigalith
|move|p1a: Scyther|Dual Wingbeat|p2a: Gigalith
|-resisted|p2a: Gigalith
|-damage|p2a: Gigalith|85/100 brn
|-resisted|p2a: Gigalith
|-damage|p2a: Gigalith|75/100 brn
|-hitcount|p2a: Gigalith|2
|
|-weather|Sandstorm|[upkeep]
|-damage|p1a: Scyther|43/100|[from] Sandstorm
|-heal|p2a: Gigalith|81/100 brn|[from] item: Leftovers
|-damage|p2a: Gigalith|75/100 brn|[from] brn
|upkeep
|turn|11
|inactive|pult4c1 shane has 90 seconds left.
|
|t:|1661095290
|move|p1a: Scyther|U-turn|p2a: Gigalith
|-damage|p2a: Gigalith|51/100 brn
|
|t:|1661095292
|switch|p1a: Eldegoss|Eldegoss, M|98/100 psn|[from]move: U-turn
|-damage|p1a: Eldegoss|86/100 psn|[from] Stealth Rock
|move|p2a: Gigalith|Rock Blast|p1a: Eldegoss
|-damage|p1a: Eldegoss|81/100 psn
|-damage|p1a: Eldegoss|76/100 psn
|-hitcount|p1a: Eldegoss|2
|
|-weather|Sandstorm|[upkeep]
|-damage|p1a: Eldegoss|70/100 psn|[from] Sandstorm
|-heal|p2a: Gigalith|57/100 brn|[from] item: Leftovers
|-damage|p1a: Eldegoss|58/100 psn|[from] psn
|-damage|p2a: Gigalith|51/100 brn|[from] brn
|upkeep
|turn|12
|
|t:|1661095308
|switch|p2a: Weezing|Weezing, F|68/100
|-ability|p2a: Weezing|Neutralizing Gas
|-sideend|p2: yassy slay|move: Toxic Spikes|[of] p2a: Weezing
|move|p1a: Eldegoss|Aromatherapy|p1a: Eldegoss
|-activate|p1a: Eldegoss|move: Aromatherapy
|-curestatus|p1a: Eldegoss|psn|[msg]
|
|-weather|Sandstorm|[upkeep]
|-damage|p2a: Weezing|62/100|[from] Sandstorm
|-damage|p1a: Eldegoss|51/100|[from] Sandstorm
|upkeep
|turn|13
|
|t:|1661095316
|move|p2a: Weezing|Sludge Bomb|p1a: Eldegoss
|-supereffective|p1a: Eldegoss
|-damage|p1a: Eldegoss|3/100
|move|p1a: Eldegoss|Rapid Spin|p2a: Weezing
|-damage|p2a: Weezing|57/100
|-boost|p1a: Eldegoss|spe|1
|-sideend|p1: pult4c1 shane|Toxic Spikes|[from] move: Rapid Spin|[of] p1a: Eldegoss
|-sideend|p1: pult4c1 shane|Stealth Rock|[from] move: Rapid Spin|[of] p1a: Eldegoss
|
|-weather|Sandstorm|[upkeep]
|-damage|p1a: Eldegoss|0 fnt|[from] Sandstorm
|-damage|p2a: Weezing|51/100|[from] Sandstorm
|faint|p1a: Eldegoss
|upkeep
|inactive|pult4c1 shane has 90 seconds left.
|inactive|pult4c1 shane has 60 seconds left.
|
|t:|1661095392
|switch|p1a: Weezing|Weezing, F|80/100
|turn|14
|
|t:|1661095398
|move|p1a: Weezing|Will-O-Wisp|p2a: Weezing
|-status|p2a: Weezing|brn
|move|p2a: Weezing|Toxic Spikes|p1a: Weezing
|-sidestart|p1: pult4c1 shane|move: Toxic Spikes
|
|-weather|none
|-heal|p1a: Weezing|86/100|[from] item: Black Sludge
|-damage|p2a: Weezing|45/100 brn|[from] brn
|upkeep
|turn|15
|
|t:|1661095411
|move|p1a: Weezing|Toxic Spikes|p2a: Weezing
|-sidestart|p2: yassy slay|move: Toxic Spikes
|move|p2a: Weezing|Pain Split|p1a: Weezing
|-sethp|p1a: Weezing|66/100|[from] move: Pain Split|[silent]
|-sethp|p2a: Weezing|66/100 brn|[from] move: Pain Split
|
|-heal|p1a: Weezing|72/100|[from] item: Black Sludge
|-damage|p2a: Weezing|60/100 brn|[from] brn
|upkeep
|turn|16
|
|t:|1661095440
|-end|p2a: Weezing|ability: Neutralizing Gas
|switch|p2a: Gigalith|Gigalith, M|51/100 brn
|-weather|Sandstorm|[from] ability: Sand Stream|[of] p2a: Gigalith
|move|p1a: Weezing|Sludge Bomb|p2a: Gigalith
|-resisted|p2a: Gigalith
|-damage|p2a: Gigalith|44/100 brn
|
|-weather|Sandstorm|[upkeep]
|-damage|p1a: Weezing|66/100|[from] Sandstorm
|-heal|p1a: Weezing|72/100|[from] item: Black Sludge
|-heal|p2a: Gigalith|50/100 brn|[from] item: Leftovers
|-damage|p2a: Gigalith|44/100 brn|[from] brn
|upkeep
|turn|17
|
|t:|1661095452
|move|p1a: Weezing|Taunt|p2a: Gigalith
|-start|p2a: Gigalith|move: Taunt
|move|p2a: Gigalith|Rock Blast|p1a: Weezing
|-damage|p1a: Weezing|68/100
|-damage|p1a: Weezing|64/100
|-hitcount|p1a: Weezing|2
|
|-weather|Sandstorm|[upkeep]
|-damage|p1a: Weezing|58/100|[from] Sandstorm
|-heal|p1a: Weezing|64/100|[from] item: Black Sludge
|-heal|p2a: Gigalith|50/100 brn|[from] item: Leftovers
|-damage|p2a: Gigalith|44/100 brn|[from] brn
|upkeep
|turn|18
|
|t:|1661095461
|switch|p1a: Gigalith|Gigalith, F|100/100
|-status|p1a: Gigalith|psn
|move|p2a: Gigalith|Rock Blast|p1a: Gigalith
|-damage|p1a: Gigalith|96/100 psn
|-damage|p1a: Gigalith|92/100 psn
|-damage|p1a: Gigalith|88/100 psn
|-hitcount|p1a: Gigalith|3
|
|-weather|Sandstorm|[upkeep]
|-heal|p1a: Gigalith|94/100 psn|[from] item: Leftovers
|-heal|p2a: Gigalith|50/100 brn|[from] item: Leftovers
|-damage|p1a: Gigalith|82/100 psn|[from] psn
|-damage|p2a: Gigalith|44/100 brn|[from] brn
|upkeep
|turn|19
|inactive|pult4c1 shane has 60 seconds left.
|
|t:|1661095474
|switch|p2a: Sandslash|Sandslash, M|100/100
|move|p1a: Gigalith|Earthquake|p2a: Sandslash
|-crit|p2a: Sandslash
|-damage|p2a: Sandslash|57/100
|
|-weather|Sandstorm|[upkeep]
|-heal|p1a: Gigalith|88/100 psn|[from] item: Leftovers
|-damage|p1a: Gigalith|76/100 psn|[from] psn
|upkeep
|turn|20
|inactive|pult4c1 shane has 60 seconds left.
|
|t:|1661095482
|move|p2a: Sandslash|Stone Edge|p1a: Gigalith
|-damage|p1a: Gigalith|54/100 psn
|move|p1a: Gigalith|Toxic|p2a: Sandslash
|-status|p2a: Sandslash|tox
|
|-weather|none
|-heal|p1a: Gigalith|60/100 psn|[from] item: Leftovers
|-damage|p2a: Sandslash|51/100 tox|[from] psn
|-damage|p1a: Gigalith|48/100 psn|[from] psn
|upkeep
|turn|21
|inactive|pult4c1 shane has 60 seconds left.
|
|t:|1661095504
|move|p2a: Sandslash|Earthquake|p1a: Gigalith
|-supereffective|p1a: Gigalith
|-damage|p1a: Gigalith|0 fnt
|faint|p1a: Gigalith
|
|-damage|p2a: Sandslash|39/100 tox|[from] psn
|upkeep
|inactive|pult4c1 shane has 30 seconds left.
|
|t:|1661095533
|switch|p1a: Scyther|Scyther, F|43/100
|turn|22
|
|t:|1661095537
|switch|p2a: Weezing|Weezing, F|60/100 brn
|-ability|p2a: Weezing|Neutralizing Gas
|-sideend|p2: yassy slay|move: Toxic Spikes|[of] p2a: Weezing
|move|p1a: Scyther|Dual Wingbeat|p2a: Weezing
|-damage|p2a: Weezing|46/100 brn
|-damage|p2a: Weezing|34/100 brn
|-hitcount|p2a: Weezing|2
|
|-damage|p2a: Weezing|28/100 brn|[from] brn
|upkeep
|turn|23
|inactive|pult4c1 shane has 30 seconds left.
|inactive|pult4c1 shane has 20 seconds left.
|
|t:|1661095568
|move|p1a: Scyther|Dual Wingbeat|p2a: Weezing
|-damage|p2a: Weezing|16/100 brn
|-damage|p2a: Weezing|4/100 brn
|-hitcount|p2a: Weezing|2
|move|p2a: Weezing|Flamethrower|p1a: Scyther
|-supereffective|p1a: Scyther
|-damage|p1a: Scyther|0 fnt
|faint|p1a: Scyther
|
|-damage|p2a: Weezing|0 fnt|[from] brn
|faint|p2a: Weezing
|-end|p2a: Weezing|ability: Neutralizing Gas
|upkeep
|inactive|pult4c1 shane has 30 seconds left this turn.
|inactive|pult4c1 shane has 20 seconds left.
|inactive|pult4c1 shane has 15 seconds left.
|
|t:|1661095590
|switch|p1a: Weezing|Weezing, F|64/100
|switch|p2a: Gourgeist|Gourgeist-Super, F|16/100 psn
|-item|p1a: Weezing|Black Sludge|[from] ability: Frisk|[of] p2a: Gourgeist|[identify]
|turn|24
|inactive|pult4c1 shane has 25 seconds left this turn.
|
|t:|1661095594
|move|p2a: Gourgeist|Poltergeist|p1a: Weezing
|-activate|p1a: Weezing|move: Poltergeist|Black Sludge
|-damage|p1a: Weezing|26/100
|move|p1a: Weezing|Sludge Bomb|p2a: Gourgeist
|-damage|p2a: Gourgeist|0 fnt
|faint|p2a: Gourgeist
|
|-heal|p1a: Weezing|32/100|[from] item: Black Sludge
|upkeep
|inactive|pult4c1 shane has 30 seconds left this turn.
|
|t:|1661095611
|switch|p2a: Gigalith|Gigalith, M|44/100 brn
|-weather|Sandstorm|[from] ability: Sand Stream|[of] p2a: Gigalith
|turn|25
|
|t:|1661095618
|switch|p1a: Basculin|Basculin, F|100/100
|-status|p1a: Basculin|psn
|move|p2a: Gigalith|Rock Blast|p1a: Basculin
|-damage|p1a: Basculin|92/100 psn
|-damage|p1a: Basculin|82/100 psn
|-hitcount|p1a: Basculin|2
|
|-weather|Sandstorm|[upkeep]
|-damage|p1a: Basculin|76/100 psn|[from] Sandstorm
|-heal|p2a: Gigalith|50/100 brn|[from] item: Leftovers
|-damage|p1a: Basculin|63/100 psn|[from] psn
|-damage|p2a: Gigalith|44/100 brn|[from] brn
|upkeep
|turn|26
|
|t:|1661095626
|switch|p2a: Sandslash|Sandslash, M|39/100 tox
|move|p1a: Basculin|Flip Turn|p2a: Sandslash
|-supereffective|p2a: Sandslash
|-damage|p2a: Sandslash|0 fnt
|faint|p2a: Sandslash
|
|t:|1661095629
|switch|p1a: Weezing|Weezing, F|32/100|[from]move: Flip Turn
|
|-weather|Sandstorm|[upkeep]
|-damage|p1a: Weezing|26/100|[from] Sandstorm
|-heal|p1a: Weezing|32/100|[from] item: Black Sludge
|upkeep
|
|t:|1661095637
|switch|p2a: Gigalith|Gigalith, M|44/100 brn
|turn|27
|
|t:|1661095653
|move|p1a: Weezing|Sludge Bomb|p2a: Gigalith
|-resisted|p2a: Gigalith
|-damage|p2a: Gigalith|37/100 brn
|move|p2a: Gigalith|Rock Blast|p1a: Weezing
|-damage|p1a: Weezing|28/100
|-damage|p1a: Weezing|24/100
|-damage|p1a: Weezing|19/100
|-hitcount|p1a: Weezing|3
|
|-weather|Sandstorm|[upkeep]
|-damage|p1a: Weezing|13/100|[from] Sandstorm
|-heal|p1a: Weezing|19/100|[from] item: Black Sludge
|-heal|p2a: Gigalith|43/100 brn|[from] item: Leftovers
|-damage|p2a: Gigalith|37/100 brn|[from] brn
|upkeep
|turn|28
|
|t:|1661095666
|switch|p1a: Basculin|Basculin, F|63/100 psn
|move|p2a: Gigalith|Rock Blast|p1a: Basculin
|-damage|p1a: Basculin|54/100 psn
|-damage|p1a: Basculin|44/100 psn
|-hitcount|p1a: Basculin|2
|
|-weather|Sandstorm|[upkeep]
|-damage|p1a: Basculin|38/100 psn|[from] Sandstorm
|-heal|p2a: Gigalith|43/100 brn|[from] item: Leftovers
|-damage|p1a: Basculin|25/100 psn|[from] psn
|-damage|p2a: Gigalith|37/100 brn|[from] brn
|upkeep
|turn|29
|
|t:|1661095684
|switch|p2a: Flapple|Flapple, F|100/100
|move|p1a: Basculin|Flip Turn|p2a: Flapple
|-resisted|p2a: Flapple
|-damage|p2a: Flapple|88/100
|
|t:|1661095688
|switch|p1a: Weezing|Weezing, F|19/100|[from]move: Flip Turn
|
|-weather|none
|-heal|p1a: Weezing|25/100|[from] item: Black Sludge
|upkeep
|turn|30
|
|t:|1661095698
|switch|p2a: Gigalith|Gigalith, M|37/100 brn
|-weather|Sandstorm|[from] ability: Sand Stream|[of] p2a: Gigalith
|switch|p1a: Basculin|Basculin, F|25/100 psn
|
|-weather|Sandstorm|[upkeep]
|-damage|p1a: Basculin|19/100 psn|[from] Sandstorm
|-heal|p2a: Gigalith|43/100 brn|[from] item: Leftovers
|-damage|p1a: Basculin|7/100 psn|[from] psn
|-damage|p2a: Gigalith|37/100 brn|[from] brn
|upkeep
|turn|31
|
|t:|1661095707
|switch|p2a: Flapple|Flapple, F|88/100
|move|p1a: Basculin|Superpower|p2a: Flapple
|-damage|p2a: Flapple|35/100
|-unboost|p1a: Basculin|atk|1
|-unboost|p1a: Basculin|def|1
|
|-weather|Sandstorm|[upkeep]
|-damage|p1a: Basculin|1/100 psn|[from] Sandstorm
|-damage|p2a: Flapple|29/100|[from] Sandstorm
|-damage|p1a: Basculin|0 fnt|[from] psn
|faint|p1a: Basculin
|upkeep
|
|t:|1661095709
|switch|p1a: Weezing|Weezing, F|25/100
|turn|32
|
|t:|1661095711
|move|p2a: Flapple|Outrage|p1a: Weezing
|-damage|p1a: Weezing|0 fnt
|faint|p1a: Weezing
|-damage|p2a: Flapple|19/100|[from] item: Life Orb
|
|win|yassy slay
|raw|pult4c1 shane's rating: 1647 &rarr; <strong>1629</strong><br />(-18 for losing)
|raw|yassy slay's rating: 1683 &rarr; <strong>1701</strong><br />(+18 for winning)
|c|☆pult4c1 shane|gg
|c|☆yassy slay|gg
