|j|☆lechugasismica
|j|☆TiltTubeYT
|player|p1|lechugasismica|2|1508
|player|p2|TiltTubeYT|argenta|1223
|teamsize|p1|6
|teamsize|p2|6
|gametype|singles
|gen|8
|tier|[Gen 8] PU
|rated|
|clearpoke
|poke|p1|Dubwool, M|
|poke|p1|Silvally-*|
|poke|p1|Trevenant, F|
|poke|p1|Manectric, F|
|poke|p1|Stonjourner, F|
|poke|p1|Duosion, M|
|poke|p2|Shedinja|
|poke|p2|Throh, M|
|poke|p2|Thievul, F|
|poke|p2|Dusknoir, F|
|poke|p2|Shuckle, F|
|poke|p2|Hitmontop, M|
|rule|Sleep Clause Mod: Limit one foe put to sleep
|rule|Species Clause: Limit one of each Pokémon
|rule|OHKO Clause: OHKO moves are banned
|rule|Evasion Moves Clause: Evasion moves are banned
|rule|Endless Battle Clause: Forcing endless battles is banned
|rule|HP Percentage Mod: HP is shown in percentages
|rule|Dynamax Clause: You cannot dynamax
|teampreview
|c|☆lechugasismica|Hi!
|inactive|Battle timer is ON: inactive players will automatically lose when time's up. (requested by lechugasismica)
|
|start
|switch|p1a: Stonjourner|Stonjourner, F|100/100
|switch|p2a: Shuckle|Shuckle, F|100/100
|turn|1
|
|move|p1a: Stonjourner|Rock Slide|p2a: Shuckle
|-supereffective|p2a: Shuckle
|-damage|p2a: Shuckle|43/100
|-damage|p1a: Stonjourner|91/100|[from] item: Life Orb
|move|p2a: Shuckle|Sticky Web|p1a: Stonjourner
|-sidestart|p1: lechugasismica|move: Sticky Web
|
|upkeep
|turn|2
|
|switch|p2a: Hitmontop|Hitmontop, M|100/100
|-ability|p2a: Hitmontop|Intimidate|boost
|-unboost|p1a: Stonjourner|atk|1
|move|p1a: Stonjourner|Stealth Rock|p2a: Hitmontop
|-sidestart|p2: TiltTubeYT|move: Stealth Rock
|
|upkeep
|turn|3
|
|switch|p1a: Dubwool|Dubwool, M|100/100
|-activate|p1a: Dubwool|move: Sticky Web
|-unboost|p1a: Dubwool|spe|1
|move|p2a: Hitmontop|Rapid Spin|p1a: Dubwool
|-damage|p1a: Dubwool|92/100
|-boost|p2a: Hitmontop|spe|1
|-sideend|p2: TiltTubeYT|Stealth Rock|[from] move: Rapid Spin|[of] p2a: Hitmontop
|-damage|p2a: Hitmontop|91/100|[from] item: Life Orb
|
|-heal|p1a: Dubwool|98/100|[from] item: Leftovers
|upkeep
|turn|4
|
|move|p2a: Hitmontop|High Jump Kick|p1a: Dubwool
|-supereffective|p1a: Dubwool
|-damage|p1a: Dubwool|34/100
|-damage|p2a: Hitmontop|81/100|[from] item: Life Orb
|move|p1a: Dubwool|Cotton Guard|p1a: Dubwool
|-boost|p1a: Dubwool|def|3
|
|-heal|p1a: Dubwool|40/100|[from] item: Leftovers
|upkeep
|turn|5
|
|switch|p2a: Dusknoir|Dusknoir, F|100/100
|-item|p1a: Dubwool|Leftovers|[from] ability: Frisk|[of] p2a: Dusknoir|[identify]
|move|p1a: Dubwool|Body Press|p2a: Dusknoir
|-immune|p2a: Dusknoir
|
|-heal|p1a: Dubwool|46/100|[from] item: Leftovers
|upkeep
|turn|6
|
|move|p1a: Dubwool|Substitute|p1a: Dubwool
|-start|p1a: Dubwool|Substitute
|-damage|p1a: Dubwool|21/100
|move|p2a: Dusknoir|Power-Up Punch|p1a: Dubwool
|-supereffective|p1a: Dubwool
|-activate|p1a: Dubwool|move: Substitute|[damage]
|-boost|p2a: Dusknoir|atk|1
|
|-heal|p1a: Dubwool|27/100|[from] item: Leftovers
|upkeep
|turn|7
|
|move|p1a: Dubwool|Rest|p1a: Dubwool
|-status|p1a: Dubwool|slp|[from] move: Rest
|-heal|p1a: Dubwool|100/100 slp|[silent]
|move|p2a: Dusknoir|Power-Up Punch|p1a: Dubwool
|-supereffective|p1a: Dubwool
|-activate|p1a: Dubwool|move: Substitute|[damage]
|-boost|p2a: Dusknoir|atk|1
|
|upkeep
|turn|8
|
|switch|p1a: Trevenant|Trevenant, F|100/100
|-activate|p1a: Trevenant|move: Sticky Web
|-unboost|p1a: Trevenant|spe|1
|move|p2a: Dusknoir|Power-Up Punch|p1a: Trevenant
|-immune|p1a: Trevenant
|
|upkeep
|turn|9
|
|move|p2a: Dusknoir|Fire Punch|p1a: Trevenant
|-supereffective|p1a: Trevenant
|-damage|p1a: Trevenant|0 fnt
|faint|p1a: Trevenant
|
|upkeep
|
|switch|p1a: Stonjourner|Stonjourner, F|91/100
|-activate|p1a: Stonjourner|move: Sticky Web
|-unboost|p1a: Stonjourner|spe|1
|turn|10
|
|move|p1a: Stonjourner|Rock Slide|p2a: Dusknoir
|-damage|p2a: Dusknoir|53/100
|-damage|p1a: Stonjourner|81/100|[from] item: Life Orb
|move|p2a: Dusknoir|Power-Up Punch|p1a: Stonjourner
|-supereffective|p1a: Stonjourner
|-crit|p1a: Stonjourner
|-damage|p1a: Stonjourner|17/100
|-boost|p2a: Dusknoir|atk|1
|
|upkeep
|turn|11
|
|move|p2a: Dusknoir|Shadow Sneak|p1a: Stonjourner
|-damage|p1a: Stonjourner|0 fnt
|faint|p1a: Stonjourner
|
|upkeep
|c|☆lechugasismica|wp
|c|☆TiltTubeYT|ty
|
|switch|p1a: Manectric|Manectric, F|100/100
|-activate|p1a: Manectric|move: Sticky Web
|-unboost|p1a: Manectric|spe|1
|turn|12
|
|move|p2a: Dusknoir|Shadow Sneak|p1a: Manectric
|-crit|p1a: Manectric
|-damage|p1a: Manectric|0 fnt
|faint|p1a: Manectric
|
|upkeep
|
|switch|p1a: Silvally|Silvally-Poison|100/100
|-activate|p1a: Silvally|move: Sticky Web
|-unboost|p1a: Silvally|spe|1
|turn|13
|
|move|p1a: Silvally|Flame Charge|p2a: Dusknoir
|-damage|p2a: Dusknoir|39/100
|-boost|p1a: Silvally|spe|1
|move|p2a: Dusknoir|Power-Up Punch|p1a: Silvally
|-resisted|p1a: Silvally
|-damage|p1a: Silvally|82/100
|-boost|p2a: Dusknoir|atk|1
|
|upkeep
|turn|14
|
|move|p1a: Silvally|Multi-Attack|p2a: Dusknoir
|-resisted|p2a: Dusknoir
|-damage|p2a: Dusknoir|14/100
|move|p2a: Dusknoir|Power-Up Punch|p1a: Silvally
|-resisted|p1a: Silvally
|-damage|p1a: Silvally|59/100
|-boost|p2a: Dusknoir|atk|1
|
|upkeep
|turn|15
|
|move|p2a: Dusknoir|Shadow Sneak|p1a: Silvally
|-damage|p1a: Silvally|0 fnt
|faint|p1a: Silvally
|
|upkeep
|-message|lechugasismica forfeited.
|
|win|TiltTubeYT
|l|☆lechugasismica
|raw|lechugasismica's rating: 1508 &rarr; <strong>1475</strong><br />(-33 for losing)
|raw|TiltTubeYT's rating: 1223 &rarr; <strong>1265</strong><br />(+42 for winning)
