|j|☆PaperEchidna
|j|☆securethebagon
|t:|1600627227
|player|p1|PaperEchidna|brock|1062
|player|p2|securethebagon|drake-gen3|1342
|teamsize|p1|6
|teamsize|p2|6
|gametype|singles
|gen|8
|tier|[Gen 8] PU
|rated|
|clearpoke
|poke|p1|Hippopotas, F|
|poke|p1|Sandslash, M|
|poke|p1|Morpeko, F|
|poke|p1|Mawile, M|
|poke|p1|Lapras, M|
|poke|p1|Gourgeist-*, M|
|poke|p2|Marowak, M|
|poke|p2|Stunfisk, M|
|poke|p2|Musharna, F|
|poke|p2|Wigglytuff, M|
|poke|p2|Carkol, M|
|poke|p2|Grookey, F|
|rule|Sleep Clause Mod: Limit one foe put to sleep
|rule|Species Clause: Limit one of each Pokémon
|rule|OHKO Clause: OHKO moves are banned
|rule|Evasion Moves Clause: Evasion moves are banned
|rule|Endless Battle Clause: Forcing endless battles is banned
|rule|HP Percentage Mod: HP is shown in percentages
|rule|Dynamax Clause: You cannot dynamax
|teampreview
|
|t:|1600627295
|start
|switch|p1a: Hippopotas|Hippopotas, F|100/100
|switch|p2a: Grookey|Grookey, F|100/100
|-fieldstart|move: Grassy Terrain|[from] ability: Grassy Surge|[of] p2a: Grookey
|-weather|Sandstorm|[from] ability: Sand Stream|[of] p1a: Hippopotas
|turn|1
|
|t:|1600627305
|switch|p1a: Gourgeist|Gourgeist-Small, M|100/100
|-item|p2a: Grookey|Choice Scarf|[from] ability: Frisk|[of] p1a: Gourgeist|[identify]
|move|p2a: Grookey|Wood Hammer|p1a: Gourgeist
|-resisted|p1a: Gourgeist
|-damage|p1a: Gourgeist|71/100
|-damage|p2a: Grookey|91/100|[from] Recoil
|
|-weather|Sandstorm|[upkeep]
|-damage|p2a: Grookey|84/100|[from] Sandstorm
|-damage|p1a: Gourgeist|65/100|[from] Sandstorm
|-heal|p2a: Grookey|91/100|[from] Grassy Terrain
|-heal|p1a: Gourgeist|71/100|[from] Grassy Terrain
|upkeep
|turn|2
|
|t:|1600627322
|switch|p2a: Carkol|Carkol, M|100/100
|move|p1a: Gourgeist|Nasty Plot|p1a: Gourgeist
|-boost|p1a: Gourgeist|spa|2
|
|-weather|Sandstorm|[upkeep]
|-damage|p1a: Gourgeist|65/100|[from] Sandstorm
|-heal|p1a: Gourgeist|71/100|[from] Grassy Terrain
|upkeep
|turn|3
|
|t:|1600627330
|move|p1a: Gourgeist|Shadow Ball|p2a: Carkol
|-damage|p2a: Carkol|75/100
|-damage|p1a: Gourgeist|61/100|[from] item: Life Orb
|move|p2a: Carkol|Flamethrower|p1a: Gourgeist
|-supereffective|p1a: Gourgeist
|-damage|p1a: Gourgeist|0 fnt
|faint|p1a: Gourgeist
|
|-weather|Sandstorm|[upkeep]
|-heal|p2a: Carkol|81/100|[from] Grassy Terrain
|upkeep
|
|t:|1600627345
|switch|p1a: Lapras|Lapras, M|100/100
|turn|4
|
|t:|1600627362
|move|p1a: Lapras|Surf|p2a: Carkol
|-supereffective|p2a: Carkol
|-damage|p2a: Carkol|0 fnt
|faint|p2a: Carkol
|
|-weather|Sandstorm|[upkeep]
|-damage|p1a: Lapras|94/100|[from] Sandstorm
|-heal|p1a: Lapras|100/100|[from] Grassy Terrain
|upkeep
|
|t:|1600627382
|switch|p2a: Wigglytuff|Wigglytuff, M|100/100
|turn|5
|
|t:|1600627401
|switch|p1a: Sandslash|Sandslash, M|100/100
|move|p2a: Wigglytuff|Wish|p2a: Wigglytuff
|
|-weather|Sandstorm|[upkeep]
|-damage|p2a: Wigglytuff|94/100|[from] Sandstorm
|-heal|p2a: Wigglytuff|100/100|[from] Grassy Terrain
|-fieldend|move: Grassy Terrain
|upkeep
|turn|6
|
|t:|1600627417
|switch|p2a: Musharna|Musharna, F|100/100
|move|p1a: Sandslash|Swords Dance|p1a: Sandslash
|-boost|p1a: Sandslash|atk|2
|
|-weather|Sandstorm|[upkeep]
|-damage|p2a: Musharna|94/100|[from] Sandstorm
|-heal|p2a: Musharna|100/100|[from] move: Wish|[wisher] Wigglytuff
|upkeep
|turn|7
|
|t:|1600627422
|move|p1a: Sandslash|Knock Off|p2a: Musharna
|-supereffective|p2a: Musharna
|-enditem|p2a: Musharna|Colbur Berry|[eat]
|-enditem|p2a: Musharna|Colbur Berry|[weaken]
|-damage|p2a: Musharna|59/100
|move|p2a: Musharna|Psychic|p1a: Sandslash
|-damage|p1a: Sandslash|48/100
|
|-weather|Sandstorm|[upkeep]
|-damage|p2a: Musharna|52/100|[from] Sandstorm
|-heal|p1a: Sandslash|54/100|[from] item: Leftovers
|upkeep
|turn|8
|
|t:|1600627478
|move|p1a: Sandslash|Earthquake|p2a: Musharna
|-damage|p2a: Musharna|0 fnt
|faint|p2a: Musharna
|
|-weather|none
|-heal|p1a: Sandslash|60/100|[from] item: Leftovers
|upkeep
|
|t:|1600627482
|switch|p2a: Grookey|Grookey, F|91/100
|-fieldstart|move: Grassy Terrain|[from] ability: Grassy Surge|[of] p2a: Grookey
|turn|9
|
|t:|1600627526
|switch|p1a: Mawile|Mawile, M|100/100
|-ability|p1a: Mawile|Intimidate|boost
|-unboost|p2a: Grookey|atk|1
|move|p2a: Grookey|Wood Hammer|p1a: Mawile
|-resisted|p1a: Mawile
|-damage|p1a: Mawile|77/100
|-damage|p2a: Grookey|81/100|[from] Recoil
|
|-heal|p2a: Grookey|87/100|[from] Grassy Terrain
|-heal|p1a: Mawile|83/100|[from] item: Leftovers
|-heal|p1a: Mawile|90/100|[from] Grassy Terrain
|upkeep
|turn|10
|
|t:|1600627567
|switch|p2a: Marowak|Marowak, M|100/100
|move|p1a: Mawile|Play Rough|p2a: Marowak|[miss]
|-miss|p1a: Mawile|p2a: Marowak
|
|-heal|p1a: Mawile|96/100|[from] item: Leftovers
|-heal|p1a: Mawile|100/100|[from] Grassy Terrain
|upkeep
|turn|11
|
|t:|1600627586
|switch|p1a: Hippopotas|Hippopotas, F|100/100
|-weather|Sandstorm|[from] ability: Sand Stream|[of] p1a: Hippopotas
|move|p2a: Marowak|Substitute|p2a: Marowak
|-start|p2a: Marowak|Substitute
|-damage|p2a: Marowak|76/100
|
|-weather|Sandstorm|[upkeep]
|-heal|p2a: Marowak|82/100|[from] Grassy Terrain
|upkeep
|turn|12
|
|t:|1600627606
|move|p2a: Marowak|Knock Off|p1a: Hippopotas
|-damage|p1a: Hippopotas|58/100
|-enditem|p1a: Hippopotas|Smooth Rock|[from] move: Knock Off|[of] p2a: Marowak
|move|p1a: Hippopotas|Whirlwind|p2a: Marowak
|drag|p2a: Stunfisk|Stunfisk, M|100/100
|
|-weather|Sandstorm|[upkeep]
|-heal|p1a: Hippopotas|64/100|[from] Grassy Terrain
|upkeep
|turn|13
|
|t:|1600627616
|move|p2a: Stunfisk|Stealth Rock|p1a: Hippopotas
|-sidestart|p1: PaperEchidna|move: Stealth Rock
|move|p1a: Hippopotas|Stealth Rock|p2a: Stunfisk
|-sidestart|p2: securethebagon|move: Stealth Rock
|
|-weather|Sandstorm|[upkeep]
|-heal|p1a: Hippopotas|70/100|[from] Grassy Terrain
|-fieldend|move: Grassy Terrain
|upkeep
|turn|14
|
|t:|1600627642
|switch|p1a: Lapras|Lapras, M|100/100
|-damage|p1a: Lapras|76/100|[from] Stealth Rock
|move|p2a: Stunfisk|Toxic|p1a: Lapras
|-status|p1a: Lapras|tox
|
|-weather|Sandstorm|[upkeep]
|-damage|p1a: Lapras|69/100 tox|[from] Sandstorm
|-damage|p1a: Lapras|63/100 tox|[from] psn
|upkeep
|turn|15
|
|t:|1600627651
|switch|p2a: Wigglytuff|Wigglytuff, M|100/100
|move|p1a: Lapras|Ice Beam|p2a: Wigglytuff
|-damage|p2a: Wigglytuff|58/100
|
|-weather|Sandstorm|[upkeep]
|-damage|p1a: Lapras|57/100 tox|[from] Sandstorm
|-damage|p2a: Wigglytuff|52/100|[from] Sandstorm
|-damage|p1a: Lapras|44/100 tox|[from] psn
|upkeep
|turn|16
|
|t:|1600627661
|move|p1a: Lapras|Ice Beam|p2a: Wigglytuff
|-damage|p2a: Wigglytuff|9/100
|move|p2a: Wigglytuff|Wish|p2a: Wigglytuff
|
|-weather|Sandstorm|[upkeep]
|-damage|p1a: Lapras|38/100 tox|[from] Sandstorm
|-damage|p2a: Wigglytuff|2/100|[from] Sandstorm
|-damage|p1a: Lapras|19/100 tox|[from] psn
|upkeep
|turn|17
|
|t:|1600627679
|move|p2a: Wigglytuff|Protect|p2a: Wigglytuff
|-singleturn|p2a: Wigglytuff|Protect
|move|p1a: Lapras|Ice Beam|p2a: Wigglytuff
|-activate|p2a: Wigglytuff|move: Protect
|
|-weather|Sandstorm|[upkeep]
|-damage|p1a: Lapras|13/100 tox|[from] Sandstorm
|-damage|p2a: Wigglytuff|0 fnt|[from] Sandstorm
|faint|p2a: Wigglytuff
|-damage|p1a: Lapras|0 fnt|[from] psn
|faint|p1a: Lapras
|upkeep
|
|t:|1600627697
|switch|p1a: Sandslash|Sandslash, M|60/100
|switch|p2a: Grookey|Grookey, F|87/100
|-damage|p2a: Grookey|75/100|[from] Stealth Rock
|-fieldstart|move: Grassy Terrain|[from] ability: Grassy Surge|[of] p2a: Grookey
|-damage|p1a: Sandslash|54/100|[from] Stealth Rock
|turn|18
|
|t:|1600627713
|switch|p1a: Morpeko|Morpeko, F|100/100
|move|p2a: Grookey|Grassy Glide|p1a: Morpeko
|-damage|p1a: Morpeko|32/100
|
|-weather|none
|-heal|p2a: Grookey|81/100|[from] Grassy Terrain
|-heal|p1a: Morpeko|39/100|[from] Grassy Terrain
|-formechange|p1a: Morpeko|Morpeko-Hangry||[from] ability: Hunger Switch
|upkeep
|turn|19
|
|t:|1600627722
|move|p2a: Grookey|Grassy Glide|p1a: Morpeko
|-damage|p1a: Morpeko|0 fnt
|faint|p1a: Morpeko
|
|-heal|p2a: Grookey|87/100|[from] Grassy Terrain
|upkeep
|
|t:|1600627726
|switch|p1a: Mawile|Mawile, M|100/100
|-damage|p1a: Mawile|94/100|[from] Stealth Rock
|-ability|p1a: Mawile|Intimidate|boost
|-unboost|p2a: Grookey|atk|1
|turn|20
|
|t:|1600627733
|switch|p2a: Marowak|Marowak, M|82/100
|-damage|p2a: Marowak|76/100|[from] Stealth Rock
|move|p1a: Mawile|Toxic|p2a: Marowak
|-status|p2a: Marowak|tox
|
|-heal|p2a: Marowak|82/100 tox|[from] Grassy Terrain
|-heal|p1a: Mawile|100/100|[from] item: Leftovers
|-damage|p2a: Marowak|76/100 tox|[from] psn
|upkeep
|turn|21
|
|t:|1600627754
|move|p2a: Marowak|Bonemerang|p1a: Mawile|[miss]
|-miss|p2a: Marowak|p1a: Mawile
|move|p1a: Mawile|Iron Head|p2a: Marowak
|-damage|p2a: Marowak|49/100 tox
|
|-heal|p2a: Marowak|55/100 tox|[from] Grassy Terrain
|-damage|p2a: Marowak|43/100 tox|[from] psn
|upkeep
|turn|22
|
|t:|1600627763
|move|p2a: Marowak|Bonemerang|p1a: Mawile
|-supereffective|p1a: Mawile
|-damage|p1a: Mawile|0 fnt
|-hitcount|p1a: Mawile|1
|faint|p1a: Mawile
|
|-heal|p2a: Marowak|49/100 tox|[from] Grassy Terrain
|-fieldend|move: Grassy Terrain
|-damage|p2a: Marowak|30/100 tox|[from] psn
|upkeep
|
|t:|1600627774
|switch|p1a: Hippopotas|Hippopotas, F|70/100
|-damage|p1a: Hippopotas|64/100|[from] Stealth Rock
|-weather|Sandstorm|[from] ability: Sand Stream|[of] p1a: Hippopotas
|turn|23
|
|t:|1600627779
|move|p2a: Marowak|Bonemerang|p1a: Hippopotas
|-damage|p1a: Hippopotas|26/100
|-damage|p1a: Hippopotas|0 fnt
|-hitcount|p1a: Hippopotas|2
|faint|p1a: Hippopotas
|
|-weather|Sandstorm|[upkeep]
|-damage|p2a: Marowak|6/100 tox|[from] psn
|upkeep
|
|t:|1600627782
|switch|p1a: Sandslash|Sandslash, M|54/100
|-damage|p1a: Sandslash|48/100|[from] Stealth Rock
|turn|24
|
|t:|1600627791
|move|p1a: Sandslash|Earthquake|p2a: Marowak
|-damage|p2a: Marowak|0 fnt
|faint|p2a: Marowak
|
|-weather|Sandstorm|[upkeep]
|-heal|p1a: Sandslash|54/100|[from] item: Leftovers
|upkeep
|
|t:|1600627794
|switch|p2a: Grookey|Grookey, F|87/100
|-damage|p2a: Grookey|75/100|[from] Stealth Rock
|-fieldstart|move: Grassy Terrain|[from] ability: Grassy Surge|[of] p2a: Grookey
|turn|25
|c|☆PaperEchidna|gg
|
|t:|1600627802
|move|p2a: Grookey|Grassy Glide|p1a: Sandslash
|-supereffective|p1a: Sandslash
|-damage|p1a: Sandslash|2/100
|move|p1a: Sandslash|Stone Edge|p2a: Grookey
|-damage|p2a: Grookey|0 fnt
|faint|p2a: Grookey
|
|-weather|Sandstorm|[upkeep]
|-heal|p1a: Sandslash|8/100|[from] item: Leftovers
|-heal|p1a: Sandslash|14/100|[from] Grassy Terrain
|upkeep
|
|t:|1600627809
|switch|p2a: Stunfisk|Stunfisk, M|100/100
|-damage|p2a: Stunfisk|94/100|[from] Stealth Rock
|turn|26
|c|☆securethebagon|gg
|
|t:|1600627839
|move|p1a: Sandslash|Earthquake|p2a: Stunfisk
|-supereffective|p2a: Stunfisk
|-damage|p2a: Stunfisk|64/100
|move|p2a: Stunfisk|Earth Power|p1a: Sandslash
|-damage|p1a: Sandslash|0 fnt
|faint|p1a: Sandslash
|
|win|securethebagon
|l|☆securethebagon
