|j|☆bourbonp
|j|☆broken2
|t:|1614274280
|player|p1|bourbonp|101|1342
|player|p2|broken2|169|1428
|teamsize|p1|6
|teamsize|p2|6
|gametype|singles
|gen|8
|tier|[Gen 8] PU
|rated|
|clearpoke
|poke|p1|Poliwrath, M|
|poke|p1|Liepard, M|
|poke|p1|Spiritomb, M|
|poke|p1|Ludicolo, F|
|poke|p1|Abomasnow, M|
|poke|p1|Hitmontop, M|
|poke|p2|Abomasnow, M|
|poke|p2|Arctovish|
|poke|p2|Mesprit|
|poke|p2|Tsareena, F|
|poke|p2|Regirock|
|poke|p2|Jellicent, F|
|rule|Sleep Clause Mod: Limit one foe put to sleep
|rule|Species Clause: Limit one of each Pokémon
|rule|OHKO Clause: OHKO moves are banned
|rule|Evasion Moves Clause: Evasion moves are banned
|rule|Endless Battle Clause: Forcing endless battles is banned
|rule|HP Percentage Mod: HP is shown in percentages
|rule|Dynamax Clause: You cannot dynamax
|teampreview
|inactive|Battle timer is ON: inactive players will automatically lose when time's up. (requested by bourbonp)
|
|t:|1614274325
|start
|switch|p1a: Liepard|Liepard, M|100/100
|switch|p2a: Mesprit|Mesprit|100/100
|turn|1
|
|t:|1614274332
|switch|p2a: Regirock|Regirock|100/100
|move|p1a: Liepard|Taunt|p2a: Regirock
|-start|p2a: Regirock|move: Taunt
|
|upkeep
|turn|2
|
|t:|1614274336
|move|p1a: Liepard|U-turn|p2a: Regirock
|-damage|p2a: Regirock|94/100
|
|t:|1614274339
|switch|p1a: Ludicolo|Ludicolo, F|100/100|[from]move: U-turn
|move|p2a: Regirock|Body Press|p1a: Ludicolo
|-damage|p1a: Ludicolo|36/100
|
|-heal|p2a: Regirock|100/100|[from] item: Leftovers
|upkeep
|turn|3
|
|t:|1614274344
|switch|p2a: Abomasnow|Abomasnow, M|100/100
|-weather|Hail|[from] ability: Snow Warning|[of] p2a: Abomasnow
|move|p1a: Ludicolo|Giga Drain|p2a: Abomasnow
|-resisted|p2a: Abomasnow
|-crit|p2a: Abomasnow
|-damage|p2a: Abomasnow|59/100
|-heal|p1a: Ludicolo|58/100|[from] drain|[of] p2a: Abomasnow
|-damage|p1a: Ludicolo|48/100|[from] item: Life Orb
|
|-weather|Hail|[upkeep]
|-damage|p1a: Ludicolo|42/100|[from] Hail
|upkeep
|turn|4
|
|t:|1614274352
|move|p2a: Abomasnow|Blizzard|p1a: Ludicolo
|-damage|p1a: Ludicolo|0 fnt
|faint|p1a: Ludicolo
|
|-weather|Hail|[upkeep]
|upkeep
|
|t:|1614274364
|switch|p1a: Spiritomb|Spiritomb, M|100/100
|turn|5
|
|t:|1614274367
|move|p2a: Abomasnow|Blizzard|p1a: Spiritomb
|-damage|p1a: Spiritomb|68/100
|move|p1a: Spiritomb|Poltergeist|p2a: Abomasnow
|-activate|p2a: Abomasnow|move: Poltergeist|Choice Scarf
|-damage|p2a: Abomasnow|0 fnt
|faint|p2a: Abomasnow
|
|-weather|Hail|[upkeep]
|-damage|p1a: Spiritomb|63/100|[from] Hail
|upkeep
|
|t:|1614274371
|switch|p2a: Arctovish|Arctovish|100/100
|turn|6
|
|t:|1614274379
|switch|p1a: Hitmontop|Hitmontop, M|100/100
|-ability|p1a: Hitmontop|Intimidate|boost
|-unboost|p2a: Arctovish|atk|1
|move|p2a: Arctovish|Fishious Rend|p1a: Hitmontop
|-damage|p1a: Hitmontop|45/100
|-damage|p2a: Arctovish|91/100|[from] item: Life Orb
|
|-weather|Hail|[upkeep]
|-damage|p1a: Hitmontop|39/100|[from] Hail
|-heal|p1a: Hitmontop|45/100|[from] item: Leftovers
|upkeep
|turn|7
|
|t:|1614274384
|switch|p2a: Jellicent|Jellicent, F|100/100
|move|p1a: Hitmontop|Mach Punch|p2a: Jellicent
|-immune|p2a: Jellicent
|
|-weather|none
|-heal|p1a: Hitmontop|51/100|[from] item: Leftovers
|upkeep
|turn|8
|
|t:|1614274389
|move|p1a: Hitmontop|Toxic|p2a: Jellicent
|-status|p2a: Jellicent|tox
|move|p2a: Jellicent|Will-O-Wisp|p1a: Hitmontop
|-status|p1a: Hitmontop|brn
|
|-heal|p1a: Hitmontop|58/100 brn|[from] item: Leftovers
|-damage|p1a: Hitmontop|51/100 brn|[from] brn
|-damage|p2a: Jellicent|94/100 tox|[from] psn
|upkeep
|turn|9
|
|t:|1614274395
|switch|p1a: Liepard|Liepard, M|100/100
|move|p2a: Jellicent|Will-O-Wisp|p1a: Liepard
|-status|p1a: Liepard|brn
|
|-damage|p1a: Liepard|94/100 brn|[from] brn
|-damage|p2a: Jellicent|82/100 tox|[from] psn
|upkeep
|turn|10
|
|t:|1614274401
|switch|p2a: Regirock|Regirock|100/100
|move|p1a: Liepard|Taunt|p2a: Regirock
|-start|p2a: Regirock|move: Taunt
|
|-damage|p1a: Liepard|88/100 brn|[from] brn
|upkeep
|turn|11
|
|t:|1614274404
|move|p1a: Liepard|Rain Dance|p1a: Liepard
|-weather|RainDance
|move|p2a: Regirock|Rock Blast|p1a: Liepard
|-damage|p1a: Liepard|72/100 brn
|-damage|p1a: Liepard|55/100 brn
|-hitcount|p1a: Liepard|2
|
|-weather|RainDance|[upkeep]
|-damage|p1a: Liepard|49/100 brn|[from] brn
|upkeep
|turn|12
|
|t:|1614274409
|move|p1a: Liepard|Encore|p2a: Regirock
|-start|p2a: Regirock|Encore
|move|p2a: Regirock|Rock Blast|p1a: Liepard
|-damage|p1a: Liepard|33/100 brn
|-damage|p1a: Liepard|18/100 brn
|-damage|p1a: Liepard|1/100 brn
|-damage|p1a: Liepard|0 fnt
|-hitcount|p1a: Liepard|4
|faint|p1a: Liepard
|
|-weather|RainDance|[upkeep]
|-end|p2a: Regirock|move: Taunt
|upkeep
|
|t:|1614274411
|switch|p1a: Poliwrath|Poliwrath, M|100/100
|turn|13
|
|t:|1614274413
|switch|p2a: Jellicent|Jellicent, F|82/100 tox
|move|p1a: Poliwrath|Belly Drum|p1a: Poliwrath
|-damage|p1a: Poliwrath|50/100
|-setboost|p1a: Poliwrath|atk|6|[from] move: Belly Drum
|-enditem|p1a: Poliwrath|Sitrus Berry|[eat]
|-heal|p1a: Poliwrath|75/100|[from] item: Sitrus Berry
|
|-weather|RainDance|[upkeep]
|-damage|p2a: Jellicent|76/100 tox|[from] psn
|upkeep
|turn|14
|
|t:|1614274418
|move|p1a: Poliwrath|Earthquake|p2a: Jellicent
|-damage|p2a: Jellicent|0 fnt
|faint|p2a: Jellicent
|
|-weather|RainDance|[upkeep]
|upkeep
|
|t:|1614274431
|switch|p2a: Regirock|Regirock|100/100
|turn|15
|
|t:|1614274439
|switch|p2a: Arctovish|Arctovish|91/100
|move|p1a: Poliwrath|Drain Punch|p2a: Arctovish
|-supereffective|p2a: Arctovish
|-damage|p2a: Arctovish|0 fnt
|-heal|p1a: Poliwrath|100/100|[from] drain|[of] p2a: Arctovish
|faint|p2a: Arctovish
|
|-weather|RainDance|[upkeep]
|upkeep
|
|t:|1614274444
|switch|p2a: Tsareena|Tsareena, F|100/100
|turn|16
|
|t:|1614274450
|move|p1a: Poliwrath|Drain Punch|p2a: Tsareena
|-damage|p2a: Tsareena|0 fnt
|faint|p2a: Tsareena
|
|-weather|RainDance|[upkeep]
|upkeep
|
|t:|1614274453
|switch|p2a: Mesprit|Mesprit|100/100
|turn|17
|
|t:|1614274455
|move|p1a: Poliwrath|Liquidation|p2a: Mesprit
|-damage|p2a: Mesprit|0 fnt
|faint|p2a: Mesprit
|
|-weather|RainDance|[upkeep]
|upkeep
|-message|broken2 forfeited.
|
|win|bourbonp
|l|☆broken2
||Ladder (probably) updated, but score could not be retrieved (Request timeout).
