|j|☆EpicBoost
|j|☆Testpu12
|t:|1613570660
|player|p1|EpicBoost|gentleman-gen4dp|1241
|player|p2|Testpu12|lucas|1469
|teamsize|p1|6
|teamsize|p2|6
|gametype|singles
|gen|8
|tier|[Gen 8] PU
|rated|
|clearpoke
|poke|p1|Articuno|
|poke|p1|Vaporeon, F|
|poke|p1|Virizion|
|poke|p1|Druddigon, M|
|poke|p1|Aromatisse, F|
|poke|p1|Gigalith, F|
|poke|p2|Coalossal, F|
|poke|p2|Sandslash-Alola, M|
|poke|p2|Weezing, F|
|poke|p2|Tsareena, F|
|poke|p2|Basculin, M|
|poke|p2|Palossand, F|
|rule|Sleep Clause Mod: Limit one foe put to sleep
|rule|Species Clause: Limit one of each Pokémon
|rule|OHKO Clause: OHKO moves are banned
|rule|Evasion Moves Clause: Evasion moves are banned
|rule|Endless Battle Clause: Forcing endless battles is banned
|rule|HP Percentage Mod: HP is shown in percentages
|rule|Dynamax Clause: You cannot dynamax
|teampreview
|
|t:|1613570671
|start
|switch|p1a: Druddigon|Druddigon, M|100/100
|switch|p2a: Tsareena|Tsareena, F|100/100
|turn|1
|
|t:|1613570678
|move|p2a: Tsareena|Knock Off|p1a: Druddigon
|-damage|p1a: Druddigon|80/100
|-damage|p2a: Tsareena|88/100|[from] ability: Rough Skin|[of] p1a: Druddigon
|-damage|p2a: Tsareena|72/100|[from] item: Rocky Helmet|[of] p1a: Druddigon
|-enditem|p1a: Druddigon|Rocky Helmet|[from] move: Knock Off|[of] p2a: Tsareena
|move|p1a: Druddigon|Stealth Rock|p2a: Tsareena
|-sidestart|p2: Testpu12|move: Stealth Rock
|
|upkeep
|turn|2
|
|t:|1613570686
|switch|p2a: Palossand|Palossand, F|100/100
|-damage|p2a: Palossand|94/100|[from] Stealth Rock
|move|p1a: Druddigon|Dragon Tail|p2a: Palossand
|-damage|p2a: Palossand|79/100
|drag|p2a: Weezing|Weezing, F|100/100
|-damage|p2a: Weezing|88/100|[from] Stealth Rock
|
|upkeep
|turn|3
|
|t:|1613570695
|move|p2a: Weezing|Toxic Spikes|p1a: Druddigon
|-sidestart|p1: EpicBoost|move: Toxic Spikes
|move|p1a: Druddigon|Dragon Tail|p2a: Weezing
|-crit|p2a: Weezing
|-damage|p2a: Weezing|63/100
|-damage|p1a: Druddigon|64/100|[from] item: Rocky Helmet|[of] p2a: Weezing
|drag|p2a: Coalossal|Coalossal, F|100/100
|-damage|p2a: Coalossal|76/100|[from] Stealth Rock
|
|upkeep
|turn|4
|
|t:|1613570702
|move|p2a: Coalossal|Protect|p2a: Coalossal
|-singleturn|p2a: Coalossal|Protect
|move|p1a: Druddigon|Dragon Tail|p2a: Coalossal
|-activate|p2a: Coalossal|move: Protect
|
|upkeep
|turn|5
|
|t:|1613570707
|move|p2a: Coalossal|Spikes|p1a: Druddigon
|-sidestart|p1: EpicBoost|Spikes
|move|p1a: Druddigon|Dragon Tail|p2a: Coalossal
|-damage|p2a: Coalossal|59/100
|-status|p1a: Druddigon|brn|[from] ability: Flame Body|[of] p2a: Coalossal
|drag|p2a: Basculin|Basculin, M|100/100
|-damage|p2a: Basculin|88/100|[from] Stealth Rock
|-ability|p2a: Basculin|Mold Breaker
|
|-damage|p1a: Druddigon|58/100 brn|[from] brn
|upkeep
|turn|6
|
|t:|1613570712
|move|p2a: Basculin|Ice Beam|p1a: Druddigon
|-supereffective|p1a: Druddigon
|-damage|p1a: Druddigon|8/100 brn
|move|p1a: Druddigon|Rest|p1a: Druddigon
|-status|p1a: Druddigon|slp|[from] move: Rest
|-heal|p1a: Druddigon|100/100 slp|[silent]
|
|upkeep
|turn|7
|
|t:|1613570719
|switch|p2a: Sandslash|Sandslash-Alola, M|100/100
|-damage|p2a: Sandslash|88/100|[from] Stealth Rock
|switch|p1a: Articuno|Articuno|100/100
|-ability|p1a: Articuno|Pressure
|
|upkeep
|turn|8
|
|t:|1613570725
|move|p2a: Sandslash|Iron Head|p1a: Articuno
|-supereffective|p1a: Articuno
|-damage|p1a: Articuno|31/100
|move|p1a: Articuno|Defog|p2a: Sandslash
|-unboost|p2a: Sandslash|evasion|1
|-sideend|p2: Testpu12|Stealth Rock|[from] move: Defog|[of] p1a: Articuno
|-sideend|p1: EpicBoost|Spikes|[from] move: Defog|[of] p1a: Articuno
|-sideend|p1: EpicBoost|Toxic Spikes|[from] move: Defog|[of] p1a: Articuno
|
|upkeep
|turn|9
|
|t:|1613570732
|switch|p2a: Tsareena|Tsareena, F|72/100
|switch|p1a: Vaporeon|Vaporeon, F|100/100
|
|upkeep
|turn|10
|
|t:|1613570736
|switch|p1a: Druddigon|Druddigon, M|100/100 slp
|move|p2a: Tsareena|Knock Off|p1a: Druddigon
|-damage|p1a: Druddigon|87/100 slp
|-damage|p2a: Tsareena|59/100|[from] ability: Rough Skin|[of] p1a: Druddigon
|
|upkeep
|turn|11
|
|t:|1613570742
|move|p2a: Tsareena|Synthesis|p2a: Tsareena
|-heal|p2a: Tsareena|100/100
|cant|p1a: Druddigon|slp
|
|upkeep
|turn|12
|
|t:|1613570747
|switch|p2a: Weezing|Weezing, F|63/100
|cant|p1a: Druddigon|slp
|
|upkeep
|turn|13
|
|t:|1613570762
|switch|p1a: Articuno|Articuno|31/100
|-ability|p1a: Articuno|Pressure
|move|p2a: Weezing|Toxic Spikes|p1a: Articuno
|-sidestart|p1: EpicBoost|move: Toxic Spikes
|
|upkeep
|turn|14
|
|t:|1613570768
|switch|p2a: Sandslash|Sandslash-Alola, M|88/100
|move|p1a: Articuno|Roost|p1a: Articuno
|-heal|p1a: Articuno|81/100
|-singleturn|p1a: Articuno|move: Roost
|
|upkeep
|turn|15
|
|t:|1613570776
|switch|p1a: Vaporeon|Vaporeon, F|100/100
|-status|p1a: Vaporeon|psn
|move|p2a: Sandslash|Iron Head|p1a: Vaporeon
|-resisted|p1a: Vaporeon
|-damage|p1a: Vaporeon|88/100 psn
|
|-heal|p1a: Vaporeon|94/100 psn|[from] item: Leftovers
|-damage|p1a: Vaporeon|81/100 psn|[from] psn
|upkeep
|turn|16
|
|t:|1613570782
|switch|p2a: Tsareena|Tsareena, F|100/100
|move|p1a: Vaporeon|Flip Turn|p2a: Tsareena
|-resisted|p2a: Tsareena
|-damage|p2a: Tsareena|92/100
|
|t:|1613570789
|switch|p1a: Articuno|Articuno|81/100|[from]move: Flip Turn
|-ability|p1a: Articuno|Pressure
|
|upkeep
|turn|17
|inactive|Battle timer is ON: inactive players will automatically lose when time's up. (requested by Testpu12)
|
|t:|1613570792
|move|p1a: Articuno|Defog|p2a: Tsareena
|-unboost|p2a: Tsareena|evasion|1
|-sideend|p1: EpicBoost|Toxic Spikes|[from] move: Defog|[of] p1a: Articuno
|move|p2a: Tsareena|Knock Off|p1a: Articuno
|-damage|p1a: Articuno|58/100
|-enditem|p1a: Articuno|Heavy-Duty Boots|[from] move: Knock Off|[of] p2a: Tsareena
|
|upkeep
|turn|18
|
|t:|1613570796
|switch|p2a: Sandslash|Sandslash-Alola, M|88/100
|move|p1a: Articuno|Ice Beam|p2a: Sandslash
|-resisted|p2a: Sandslash
|-damage|p2a: Sandslash|77/100
|
|upkeep
|turn|19
|
|t:|1613570805
|switch|p2a: Tsareena|Tsareena, F|92/100
|switch|p1a: Vaporeon|Vaporeon, F|81/100 psn
|
|-heal|p1a: Vaporeon|88/100 psn|[from] item: Leftovers
|-damage|p1a: Vaporeon|75/100 psn|[from] psn
|upkeep
|turn|20
|
|t:|1613570817
|switch|p1a: Articuno|Articuno|58/100
|-ability|p1a: Articuno|Pressure
|move|p2a: Tsareena|Knock Off|p1a: Articuno
|-damage|p1a: Articuno|44/100
|
|upkeep
|turn|21
|
|t:|1613570823
|switch|p2a: Coalossal|Coalossal, F|59/100
|move|p1a: Articuno|Roost|p1a: Articuno
|-heal|p1a: Articuno|94/100
|-singleturn|p1a: Articuno|move: Roost
|
|upkeep
|turn|22
|
|t:|1613570826
|move|p1a: Articuno|Toxic|p2a: Coalossal
|-status|p2a: Coalossal|tox
|move|p2a: Coalossal|Spikes|p1a: Articuno
|-sidestart|p1: EpicBoost|Spikes
|
|-damage|p2a: Coalossal|53/100 tox|[from] psn
|upkeep
|turn|23
|
|t:|1613570840
|switch|p1a: Gigalith|Gigalith, F|100/100
|-weather|Sandstorm|[from] ability: Sand Stream|[of] p1a: Gigalith
|move|p2a: Coalossal|Rock Blast|p1a: Gigalith|[miss]
|-miss|p2a: Coalossal|p1a: Gigalith
|
|-weather|Sandstorm|[upkeep]
|-damage|p2a: Coalossal|41/100 tox|[from] psn
|upkeep
|turn|24
|
|t:|1613570850
|switch|p2a: Tsareena|Tsareena, F|92/100
|move|p1a: Gigalith|Iron Defense|p1a: Gigalith
|-boost|p1a: Gigalith|def|2
|
|-weather|Sandstorm|[upkeep]
|-damage|p2a: Tsareena|86/100|[from] Sandstorm
|upkeep
|turn|25
|
|t:|1613570854
|move|p2a: Tsareena|Power Whip|p1a: Gigalith
|-supereffective|p1a: Gigalith
|-damage|p1a: Gigalith|65/100
|move|p1a: Gigalith|Iron Defense|p1a: Gigalith
|-boost|p1a: Gigalith|def|2
|
|-weather|Sandstorm|[upkeep]
|-damage|p2a: Tsareena|80/100|[from] Sandstorm
|upkeep
|turn|26
|
|t:|1613570861
|switch|p2a: Weezing|Weezing, F|63/100
|move|p1a: Gigalith|Body Press|p2a: Weezing
|-resisted|p2a: Weezing
|-damage|p2a: Weezing|42/100
|-damage|p1a: Gigalith|49/100|[from] item: Rocky Helmet|[of] p2a: Weezing
|
|-weather|Sandstorm|[upkeep]
|-damage|p2a: Weezing|36/100|[from] Sandstorm
|upkeep
|turn|27
|
|t:|1613570870
|move|p2a: Weezing|Toxic Spikes|p1a: Gigalith
|-sidestart|p1: EpicBoost|move: Toxic Spikes
|move|p1a: Gigalith|Stone Edge|p2a: Weezing
|-damage|p2a: Weezing|5/100
|
|-weather|none
|upkeep
|turn|28
|
|t:|1613570876
|move|p2a: Weezing|Pain Split|p1a: Gigalith
|-sethp|p1a: Gigalith|26/100|[from] move: Pain Split|[silent]
|-sethp|p2a: Weezing|30/100|[from] move: Pain Split
|move|p1a: Gigalith|Stone Edge|p2a: Weezing
|-damage|p2a: Weezing|2/100
|
|upkeep
|turn|29
|
|t:|1613570881
|move|p2a: Weezing|Pain Split|p1a: Gigalith
|-sethp|p1a: Gigalith|14/100|[from] move: Pain Split|[silent]
|-sethp|p2a: Weezing|16/100|[from] move: Pain Split
|move|p1a: Gigalith|Stone Edge|p2a: Weezing
|-damage|p2a: Weezing|0 fnt
|faint|p2a: Weezing
|
|upkeep
|
|t:|1613570886
|switch|p2a: Basculin|Basculin, M|88/100
|-ability|p2a: Basculin|Mold Breaker
|turn|30
|
|t:|1613570894
|switch|p1a: Vaporeon|Vaporeon, F|75/100 psn
|-damage|p1a: Vaporeon|63/100 psn|[from] Spikes
|move|p2a: Basculin|Scald|p1a: Vaporeon
|-resisted|p1a: Vaporeon
|-damage|p1a: Vaporeon|51/100 psn
|
|-heal|p1a: Vaporeon|57/100 psn|[from] item: Leftovers
|-damage|p1a: Vaporeon|44/100 psn|[from] psn
|upkeep
|turn|31
|
|t:|1613570905
|switch|p2a: Tsareena|Tsareena, F|80/100
|move|p1a: Vaporeon|Flip Turn|p2a: Tsareena
|-resisted|p2a: Tsareena
|-damage|p2a: Tsareena|73/100
|
|t:|1613570911
|switch|p1a: Articuno|Articuno|94/100|[from]move: Flip Turn
|-ability|p1a: Articuno|Pressure
|
|upkeep
|turn|32
|
|t:|1613570913
|switch|p2a: Sandslash|Sandslash-Alola, M|77/100
|move|p1a: Articuno|Defog|p2a: Sandslash
|-unboost|p2a: Sandslash|evasion|1
|-sideend|p1: EpicBoost|Spikes|[from] move: Defog|[of] p1a: Articuno
|-sideend|p1: EpicBoost|Toxic Spikes|[from] move: Defog|[of] p1a: Articuno
|
|upkeep
|turn|33
|
|t:|1613570920
|switch|p1a: Vaporeon|Vaporeon, F|44/100 psn
|move|p2a: Sandslash|Swords Dance|p2a: Sandslash
|-boost|p2a: Sandslash|atk|2
|
|-heal|p1a: Vaporeon|51/100 psn|[from] item: Leftovers
|-damage|p1a: Vaporeon|38/100 psn|[from] psn
|upkeep
|turn|34
|
|t:|1613570930
|move|p2a: Sandslash|Triple Axel|p1a: Vaporeon|[miss]
|-miss|p2a: Sandslash|p1a: Vaporeon
|move|p1a: Vaporeon|Flip Turn|p2a: Sandslash
|-damage|p2a: Sandslash|62/100
|
|t:|1613570933
|switch|p1a: Virizion|Virizion|100/100|[from]move: Flip Turn
|
|upkeep
|turn|35
|
|t:|1613570938
|move|p2a: Sandslash|Ice Shard|p1a: Virizion
|-supereffective|p1a: Virizion
|-damage|p1a: Virizion|0 fnt
|faint|p1a: Virizion
|
|upkeep
|c|☆EpicBoost|oh wow
|
|t:|1613570947
|switch|p1a: Vaporeon|Vaporeon, F|38/100 psn
|turn|36
|
|t:|1613570951
|move|p2a: Sandslash|Triple Axel|p1a: Vaporeon
|-resisted|p1a: Vaporeon
|-damage|p1a: Vaporeon|31/100 psn
|-resisted|p1a: Vaporeon
|-damage|p1a: Vaporeon|18/100 psn
|-resisted|p1a: Vaporeon
|-damage|p1a: Vaporeon|0 fnt
|-hitcount|p1a: Vaporeon|3
|faint|p1a: Vaporeon
|
|upkeep
|
|t:|1613570960
|switch|p1a: Druddigon|Druddigon, M|87/100 slp
|turn|37
|
|t:|1613570963
|move|p2a: Sandslash|Triple Axel|p1a: Druddigon
|-supereffective|p1a: Druddigon
|-damage|p1a: Druddigon|60/100 slp
|-activate|p1a: Druddigon|ability: Rough Skin
|-activate|p2a: Sandslash|item: Protective Pads
|-supereffective|p1a: Druddigon
|-damage|p1a: Druddigon|3/100 slp
|-activate|p1a: Druddigon|ability: Rough Skin
|-activate|p2a: Sandslash|item: Protective Pads
|-supereffective|p1a: Druddigon
|-damage|p1a: Druddigon|0 fnt
|-activate|p1a: Druddigon|ability: Rough Skin
|-activate|p2a: Sandslash|item: Protective Pads
|-hitcount|p1a: Druddigon|3
|faint|p1a: Druddigon
|
|upkeep
|c|☆EpicBoost|gg
|-message|EpicBoost forfeited.
|
|win|Testpu12
|c|☆Testpu12|Gg
||Ladder (probably) updated, but score could not be retrieved (Request timeout).
