|j|☆Actually Mush
|j|☆tjay
|player|p1|Actually Mush|229|1418
|player|p2|tjay|#tjay|1446
|teamsize|p1|6
|teamsize|p2|6
|gametype|singles
|gen|8
|tier|[Gen 8] PU
|rated|
|clearpoke
|poke|p1|Koffing, M|
|poke|p1|Clefairy, F|
|poke|p1|Wailord, F|
|poke|p1|Dusknoir, M|
|poke|p1|Klang|
|poke|p1|Whiscash, F|
|poke|p2|Vibrava, M|
|poke|p2|Lapras, F|
|poke|p2|Clefairy, F|
|poke|p2|Noctowl, F|
|poke|p2|Klang|
|poke|p2|Manectric, F|
|rule|Sleep Clause Mod: Limit one foe put to sleep
|rule|Species Clause: Limit one of each Pokémon
|rule|OHKO Clause: OHKO moves are banned
|rule|Evasion Moves Clause: Evasion moves are banned
|rule|Endless Battle Clause: Forcing endless battles is banned
|rule|HP Percentage Mod: HP is shown in percentages
|rule|Dynamax Clause: You cannot dynamax
|teampreview
|c|☆Actually Mush|O-oh nk
|c|☆Actually Mush|No
|c|☆tjay|yo
|c|☆Actually Mush|gl
|c|☆tjay|u2
|j| Sir Pinsirlot
|c| Sir Pinsirlot|howwwwwwwwww
|c| Sir Pinsirlot|do you get this on ladder
|
|start
|switch|p1a: Koffing|Koffing, M|100/100
|switch|p2a: Clefairy|Clefairy, F|100/100
|turn|1
|c|☆tjay|?
|
|move|p2a: Clefairy|Knock Off|p1a: Koffing
|-damage|p1a: Koffing|95/100
|-enditem|p1a: Koffing|Eviolite|[from] move: Knock Off|[of] p2a: Clefairy
|move|p1a: Koffing|Toxic Spikes|p2a: Clefairy
|-sidestart|p2: tjay|move: Toxic Spikes
|
|upkeep
|turn|2
|j| Big Black Chungus
|
|switch|p1a: Clefairy|Clefairy, F|100/100
|move|p2a: Clefairy|Stealth Rock|p1a: Clefairy
|-sidestart|p1: Actually Mush|move: Stealth Rock
|
|upkeep
|turn|3
|
|move|p2a: Clefairy|Knock Off|p1a: Clefairy
|-resisted|p1a: Clefairy
|-damage|p1a: Clefairy|96/100
|-enditem|p1a: Clefairy|Eviolite|[from] move: Knock Off|[of] p2a: Clefairy
|move|p1a: Clefairy|Stealth Rock|p2a: Clefairy
|-sidestart|p2: tjay|move: Stealth Rock
|
|upkeep
|turn|4
|
|switch|p2a: Vibrava|Vibrava, M|100/100
|-damage|p2a: Vibrava|94/100|[from] Stealth Rock
|move|p1a: Clefairy|Toxic|p2a: Vibrava
|-status|p2a: Vibrava|tox
|
|-damage|p2a: Vibrava|88/100 tox|[from] psn
|upkeep
|turn|5
|
|move|p2a: Vibrava|Defog|p1a: Clefairy
|-unboost|p1a: Clefairy|evasion|1
|-sideend|p1: Actually Mush|Stealth Rock|[from] move: Defog|[of] p2a: Vibrava
|-sideend|p2: tjay|Toxic Spikes|[from] move: Defog|[of] p2a: Vibrava
|-sideend|p2: tjay|Stealth Rock|[from] move: Defog|[of] p2a: Vibrava
|move|p1a: Clefairy|Moonblast|p2a: Vibrava
|-supereffective|p2a: Vibrava
|-damage|p2a: Vibrava|27/100 tox
|-unboost|p2a: Vibrava|spa|1
|
|-damage|p2a: Vibrava|14/100 tox|[from] psn
|upkeep
|turn|6
|
|move|p2a: Vibrava|U-turn|p1a: Clefairy
|-resisted|p1a: Clefairy
|-damage|p1a: Clefairy|90/100
|
|switch|p2a: Noctowl|Noctowl, F|100/100|[from]move: U-turn
|move|p1a: Clefairy|Stealth Rock|p2a: Noctowl
|-sidestart|p2: tjay|move: Stealth Rock
|
|upkeep
|turn|7
|
|switch|p1a: Dusknoir|Dusknoir, M|100/100
|-ability|p1a: Dusknoir|Pressure
|move|p2a: Noctowl|Substitute|p2a: Noctowl
|-start|p2a: Noctowl|Substitute
|-damage|p2a: Noctowl|75/100
|
|upkeep
|turn|8
|
|move|p2a: Noctowl|Nasty Plot|p2a: Noctowl
|-boost|p2a: Noctowl|spa|2
|move|p1a: Dusknoir|Power-Up Punch|p2a: Noctowl
|-activate|p2a: Noctowl|move: Substitute|[damage]
|-boost|p1a: Dusknoir|atk|1
|
|upkeep
|turn|9
|
|move|p2a: Noctowl|Air Slash|p1a: Dusknoir
|-damage|p1a: Dusknoir|71/100
|move|p1a: Dusknoir|Power-Up Punch|p2a: Noctowl
|-end|p2a: Noctowl|Substitute
|-boost|p1a: Dusknoir|atk|1
|
|upkeep
|turn|10
|
|switch|p2a: Clefairy|Clefairy, F|100/100
|move|p1a: Dusknoir|Power-Up Punch|p2a: Clefairy
|-resisted|p2a: Clefairy
|-damage|p2a: Clefairy|91/100
|-boost|p1a: Dusknoir|atk|1
|
|upkeep
|turn|11
|
|move|p1a: Dusknoir|Shadow Punch|p2a: Clefairy
|-damage|p2a: Clefairy|36/100
|move|p2a: Clefairy|Stealth Rock|p1a: Dusknoir
|-sidestart|p1: Actually Mush|move: Stealth Rock
|
|upkeep
|turn|12
|
|switch|p2a: Noctowl|Noctowl, F|75/100
|move|p1a: Dusknoir|Shadow Punch|p2a: Noctowl
|-immune|p2a: Noctowl
|
|upkeep
|turn|13
|j| zSpxdes
|
|move|p1a: Dusknoir|Sucker Punch|p2a: Noctowl
|-damage|p2a: Noctowl|7/100
|move|p2a: Noctowl|Air Slash|p1a: Dusknoir
|-damage|p1a: Dusknoir|56/100
|
|upkeep
|turn|14
|
|move|p2a: Noctowl|Air Slash|p1a: Dusknoir
|-damage|p1a: Dusknoir|42/100
|move|p1a: Dusknoir|Power-Up Punch|p2a: Noctowl
|-damage|p2a: Noctowl|0 fnt
|-boost|p1a: Dusknoir|atk|1
|faint|p2a: Noctowl
|
|upkeep
|c| Sir Pinsirlot|nb mush nb
|
|switch|p2a: Manectric|Manectric, F|100/100
|-damage|p2a: Manectric|88/100|[from] Stealth Rock
|turn|15
|
|move|p1a: Dusknoir|Sucker Punch||[still]
|-fail|p1a: Dusknoir
|move|p2a: Manectric|Switcheroo|p1a: Dusknoir
|-activate|p2a: Manectric|move: Trick|[of] p1a: Dusknoir
|-item|p1a: Dusknoir|Choice Specs|[from] move: Switcheroo
|-item|p2a: Manectric|Assault Vest|[from] move: Switcheroo
|
|upkeep
|turn|16
|
|switch|p2a: Lapras|Lapras, F|100/100
|-damage|p2a: Lapras|76/100|[from] Stealth Rock
|move|p1a: Dusknoir|Shadow Punch|p2a: Lapras
|-damage|p2a: Lapras|0 fnt
|faint|p2a: Lapras
|
|upkeep
|
|switch|p2a: Manectric|Manectric, F|88/100
|-damage|p2a: Manectric|76/100|[from] Stealth Rock
|turn|17
|
|move|p2a: Manectric|Thunderbolt|p1a: Dusknoir
|-damage|p1a: Dusknoir|6/100
|move|p1a: Dusknoir|Shadow Punch|p2a: Manectric
|-damage|p2a: Manectric|0 fnt
|faint|p2a: Manectric
|
|upkeep
|
|switch|p2a: Klang|Klang|100/100
|-damage|p2a: Klang|94/100|[from] Stealth Rock
|turn|18
|
|move|p1a: Dusknoir|Shadow Punch|p2a: Klang
|-damage|p2a: Klang|34/100
|move|p2a: Klang|Gear Grind|p1a: Dusknoir
|-damage|p1a: Dusknoir|0 fnt
|-hitcount|p1a: Dusknoir|1
|faint|p1a: Dusknoir
|
|upkeep
|c| Sir Pinsirlot|yo it survived!?
|
|switch|p1a: Wailord|Wailord, F|100/100
|-damage|p1a: Wailord|88/100|[from] Stealth Rock
|-ability|p1a: Wailord|Pressure
|turn|19
|c|☆tjay|ofc it did
|
|move|p1a: Wailord|Curse|p1a: Wailord
|-unboost|p1a: Wailord|spe|1
|-boost|p1a: Wailord|atk|1
|-boost|p1a: Wailord|def|1
|move|p2a: Klang|Rest|p2a: Klang
|-status|p2a: Klang|slp|[from] move: Rest
|-heal|p2a: Klang|100/100 slp|[silent]
|
|-heal|p1a: Wailord|94/100|[from] item: Leftovers
|upkeep
|turn|20
|
|cant|p2a: Klang|slp
|move|p2a: Klang|Sleep Talk|p2a: Klang
|move|p2a: Klang|Rest|p2a: Klang|[from]Sleep Talk
|-fail|p2a: Klang|heal
|move|p1a: Wailord|Curse|p1a: Wailord
|-unboost|p1a: Wailord|spe|1
|-boost|p1a: Wailord|atk|1
|-boost|p1a: Wailord|def|1
|
|-heal|p1a: Wailord|100/100|[from] item: Leftovers
|upkeep
|turn|21
|
|cant|p2a: Klang|slp
|move|p2a: Klang|Sleep Talk|p2a: Klang
|move|p2a: Klang|Shift Gear|p2a: Klang|[from]Sleep Talk
|-boost|p2a: Klang|spe|2
|-boost|p2a: Klang|atk|1
|move|p1a: Wailord|Body Press|p2a: Klang
|-supereffective|p2a: Klang
|-damage|p2a: Klang|57/100 slp
|
|upkeep
|turn|22
|c|☆tjay|gg
|c|☆tjay|annoying team
|c| Sir Pinsirlot|wp
|c|☆Actually Mush|gg
|c|☆Actually Mush|thanks
|c|☆tjay|i didnt think i would break anything lol
|c|☆tjay|whiscash dd or defensive?
|
|-curestatus|p2a: Klang|slp|[msg]
|move|p2a: Klang|Gear Grind|p1a: Wailord
|-resisted|p1a: Wailord
|-damage|p1a: Wailord|96/100
|-resisted|p1a: Wailord
|-damage|p1a: Wailord|91/100
|-hitcount|p1a: Wailord|2
|move|p1a: Wailord|Curse|p1a: Wailord
|-unboost|p1a: Wailord|spe|1
|-boost|p1a: Wailord|atk|1
|-boost|p1a: Wailord|def|1
|
|-heal|p1a: Wailord|98/100|[from] item: Leftovers
|upkeep
|turn|23
|c|☆Actually Mush|scarf
|c|☆Actually Mush|Lmao
|c|☆tjay|lol
|
|move|p2a: Klang|Gear Grind|p1a: Wailord
|-resisted|p1a: Wailord
|-damage|p1a: Wailord|94/100
|-resisted|p1a: Wailord
|-damage|p1a: Wailord|90/100
|-hitcount|p1a: Wailord|2
|move|p1a: Wailord|Body Press|p2a: Klang
|-supereffective|p2a: Klang
|-damage|p2a: Klang|1/100
|
|-heal|p1a: Wailord|97/100|[from] item: Leftovers
|upkeep
|turn|24
|c|☆tjay|bro scarf lap is better i bet
|c|☆tjay|but u kinda need the elec
|c|☆tjay|eh seaking
|
|move|p2a: Klang|Gear Grind|p1a: Wailord
|-resisted|p1a: Wailord
|-damage|p1a: Wailord|93/100
|-resisted|p1a: Wailord
|-damage|p1a: Wailord|90/100
|-hitcount|p1a: Wailord|2
|move|p1a: Wailord|Amnesia|p1a: Wailord
|-boost|p1a: Wailord|spd|2
|
|-heal|p1a: Wailord|96/100|[from] item: Leftovers
|upkeep
|turn|25
|c|☆tjay|lol abort
|c|☆Actually Mush|seaking works too
|c|☆tjay|gg
|l| Sir Pinsirlot
|-message|tjay forfeited.
|
|win|Actually Mush
|l|☆tjay
|c|☆Actually Mush|gg
|j| Zip-a-dee-ay
||Ladder (probably) updated, but score could not be retrieved (Response not received).
|l| Big Black Chungus
