|html|<div class="broadcast-blue"><strong>[Gen 8] PU is currently suspecting Virizion! For information on how to participate check out the <a href="https://www.smogon.com/forums/threads/np-pu-stage-4-and-justice-for-all-virizion-suspect-test.3676543/">suspect thread</a>.</strong></div>
|j|☆one step from eden
|j|☆Auzt
|t:|1611458331
|player|p1|one step from eden|grimsley-gen7|1593
|player|p2|Auzt|blue-gen1|1436
|teamsize|p1|6
|teamsize|p2|6
|gametype|singles
|gen|8
|tier|[Gen 8] PU
|rated|
|clearpoke
|poke|p1|Aurorus, F|
|poke|p1|Arctovish|
|poke|p1|Silvally-*|
|poke|p1|Talonflame, M|
|poke|p1|Sandslash-Alola, F|
|poke|p1|Virizion|
|poke|p2|Cursola, F|
|poke|p2|Gallade, M|
|poke|p2|Virizion|
|poke|p2|Aromatisse, F|
|poke|p2|Bouffalant, M|
|poke|p2|Sandslash-Alola, M|
|rule|Sleep Clause Mod: Limit one foe put to sleep
|rule|Species Clause: Limit one of each Pokémon
|rule|OHKO Clause: OHKO moves are banned
|rule|Evasion Moves Clause: Evasion moves are banned
|rule|Endless Battle Clause: Forcing endless battles is banned
|rule|HP Percentage Mod: HP is shown in percentages
|rule|Dynamax Clause: You cannot dynamax
|teampreview
|inactive|Battle timer is ON: inactive players will automatically lose when time's up. (requested by Auzt)
|
|t:|1611458367
|start
|switch|p1a: Aurorus|Aurorus, F|100/100
|switch|p2a: Gallade|Gallade, M|100/100
|-weather|Hail|[from] ability: Snow Warning|[of] p1a: Aurorus
|turn|1
|
|t:|1611458373
|switch|p1a: Silvally|Silvally-Fairy|100/100
|move|p2a: Gallade|Stone Edge|p1a: Silvally
|-damage|p1a: Silvally|64/100
|
|-weather|Hail|[upkeep]
|-damage|p2a: Gallade|94/100|[from] Hail
|-damage|p1a: Silvally|58/100|[from] Hail
|upkeep
|turn|2
|
|t:|1611458378
|switch|p2a: Sandslash|Sandslash-Alola, M|100/100
|move|p1a: Silvally|U-turn|p2a: Sandslash
|-resisted|p2a: Sandslash
|-damage|p2a: Sandslash|93/100
|
|t:|1611458383
|switch|p1a: Talonflame|Talonflame, M|100/100|[from]move: U-turn
|
|-weather|Hail|[upkeep]
|-damage|p1a: Talonflame|94/100|[from] Hail
|-heal|p2a: Sandslash|99/100|[from] item: Leftovers
|upkeep
|turn|3
|
|t:|1611458397
|move|p1a: Talonflame|Will-O-Wisp|p2a: Sandslash|[miss]
|-miss|p1a: Talonflame|p2a: Sandslash
|move|p2a: Sandslash|Toxic|p1a: Talonflame
|-status|p1a: Talonflame|tox
|
|-weather|Hail|[upkeep]
|-damage|p1a: Talonflame|88/100 tox|[from] Hail
|-heal|p2a: Sandslash|100/100|[from] item: Leftovers
|-damage|p1a: Talonflame|82/100 tox|[from] psn
|upkeep
|turn|4
|
|t:|1611458426
|switch|p1a: Virizion|Virizion|100/100
|move|p2a: Sandslash|Stealth Rock|p1a: Virizion
|-sidestart|p1: one step from eden|move: Stealth Rock
|
|-weather|Hail|[upkeep]
|-damage|p1a: Virizion|94/100|[from] Hail
|-heal|p1a: Virizion|100/100|[from] item: Leftovers
|upkeep
|turn|5
|
|t:|1611458436
|switch|p1a: Talonflame|Talonflame, M|82/100 tox
|switch|p2a: Aromatisse|Aromatisse, F|100/100
|
|-weather|Hail|[upkeep]
|-damage|p1a: Talonflame|76/100 tox|[from] Hail
|-damage|p2a: Aromatisse|94/100|[from] Hail
|-heal|p2a: Aromatisse|100/100|[from] item: Leftovers
|-damage|p1a: Talonflame|70/100 tox|[from] psn
|upkeep
|turn|6
|inactive|one step from eden has 120 seconds left.
|
|t:|1611458456
|switch|p2a: Cursola|Cursola, F|100/100
|move|p1a: Talonflame|Roost|p1a: Talonflame
|-heal|p1a: Talonflame|100/100 tox
|-singleturn|p1a: Talonflame|move: Roost
|
|-weather|Hail|[upkeep]
|-damage|p1a: Talonflame|94/100 tox|[from] Hail
|-damage|p2a: Cursola|94/100|[from] Hail
|-damage|p1a: Talonflame|82/100 tox|[from] psn
|upkeep
|turn|7
|
|t:|1611458461
|switch|p1a: Virizion|Virizion|100/100
|-damage|p1a: Virizion|94/100|[from] Stealth Rock
|move|p2a: Cursola|Shadow Ball|p1a: Virizion
|-damage|p1a: Virizion|30/100
|
|-weather|Hail|[upkeep]
|-damage|p1a: Virizion|24/100|[from] Hail
|-damage|p2a: Cursola|88/100|[from] Hail
|-heal|p1a: Virizion|30/100|[from] item: Leftovers
|upkeep
|turn|8
|
|t:|1611458466
|switch|p2a: Aromatisse|Aromatisse, F|100/100
|move|p1a: Virizion|Leaf Storm|p2a: Aromatisse|[miss]
|-miss|p1a: Virizion|p2a: Aromatisse
|
|-weather|none
|-heal|p1a: Virizion|36/100|[from] item: Leftovers
|upkeep
|turn|9
|
|t:|1611458476
|switch|p1a: Talonflame|Talonflame, M|82/100 tox
|move|p2a: Aromatisse|Wish|p2a: Aromatisse
|
|-damage|p1a: Talonflame|76/100 tox|[from] psn
|upkeep
|turn|10
|
|t:|1611458479
|switch|p2a: Cursola|Cursola, F|88/100
|move|p1a: Talonflame|Defog|p2a: Cursola
|-unboost|p2a: Cursola|evasion|1
|-sideend|p1: one step from eden|Stealth Rock|[from] move: Defog|[of] p1a: Talonflame
|
|-heal|p2a: Cursola|100/100|[from] move: Wish|[wisher] Aromatisse
|-damage|p1a: Talonflame|64/100 tox|[from] psn
|upkeep
|turn|11
|
|t:|1611458491
|move|p1a: Talonflame|Brave Bird|p2a: Cursola
|-damage|p2a: Cursola|11/100
|-ability|p2a: Cursola|Weak Armor|boost
|-unboost|p2a: Cursola|def|1
|-boost|p2a: Cursola|spe|2
|-damage|p1a: Talonflame|42/100 tox|[from] Recoil
|move|p2a: Cursola|Shadow Ball|p1a: Talonflame
|-damage|p1a: Talonflame|0 fnt
|faint|p1a: Talonflame
|
|upkeep
|
|t:|1611458507
|switch|p1a: Aurorus|Aurorus, F|100/100
|-weather|Hail|[from] ability: Snow Warning|[of] p1a: Aurorus
|turn|12
|
|t:|1611458513
|move|p2a: Cursola|Shadow Ball|p1a: Aurorus
|-damage|p1a: Aurorus|25/100
|move|p1a: Aurorus|Stealth Rock|p2a: Cursola
|-sidestart|p2: Auzt|move: Stealth Rock
|
|-weather|Hail|[upkeep]
|-damage|p2a: Cursola|5/100|[from] Hail
|upkeep
|turn|13
|
|t:|1611458519
|move|p2a: Cursola|Shadow Ball|p1a: Aurorus
|-damage|p1a: Aurorus|0 fnt
|faint|p1a: Aurorus
|
|-weather|Hail|[upkeep]
|-damage|p2a: Cursola|0 fnt|[from] Hail
|faint|p2a: Cursola
|upkeep
|
|t:|1611458530
|switch|p1a: Sandslash|Sandslash-Alola, F|100/100
|switch|p2a: Bouffalant|Bouffalant, M|100/100
|-damage|p2a: Bouffalant|88/100|[from] Stealth Rock
|turn|14
|
|t:|1611458541
|switch|p1a: Silvally|Silvally-Fairy|58/100
|move|p2a: Bouffalant|Body Slam|p1a: Silvally
|-damage|p1a: Silvally|24/100
|-status|p1a: Silvally|par
|
|-weather|Hail|[upkeep]
|-damage|p1a: Silvally|18/100 par|[from] Hail
|-damage|p2a: Bouffalant|82/100|[from] Hail
|upkeep
|turn|15
|
|t:|1611458548
|move|p1a: Silvally|Multi-Attack|p2a: Bouffalant
|-damage|p2a: Bouffalant|51/100
|move|p2a: Bouffalant|Body Slam|p1a: Silvally
|-damage|p1a: Silvally|0 fnt
|faint|p1a: Silvally
|
|-weather|Hail|[upkeep]
|-damage|p2a: Bouffalant|45/100|[from] Hail
|upkeep
|
|t:|1611458558
|switch|p1a: Virizion|Virizion|36/100
|turn|16
|
|t:|1611458565
|switch|p1a: Sandslash|Sandslash-Alola, F|100/100
|move|p2a: Bouffalant|Rest|p2a: Bouffalant
|-status|p2a: Bouffalant|slp|[from] move: Rest
|-heal|p2a: Bouffalant|100/100 slp|[silent]
|
|-weather|Hail|[upkeep]
|-damage|p2a: Bouffalant|94/100 slp|[from] Hail
|upkeep
|turn|17
|
|t:|1611458588
|move|p1a: Sandslash|Swords Dance|p1a: Sandslash
|-boost|p1a: Sandslash|atk|2
|cant|p2a: Bouffalant|slp
|
|-weather|Hail|[upkeep]
|-damage|p2a: Bouffalant|88/100 slp|[from] Hail
|upkeep
|turn|18
|
|t:|1611458603
|move|p1a: Sandslash|Icicle Crash|p2a: Bouffalant
|-damage|p2a: Bouffalant|21/100 slp
|-damage|p1a: Sandslash|91/100|[from] item: Life Orb
|cant|p2a: Bouffalant|slp
|
|-weather|Hail|[upkeep]
|-damage|p2a: Bouffalant|15/100 slp|[from] Hail
|upkeep
|turn|19
|
|t:|1611458608
|move|p1a: Sandslash|Earthquake|p2a: Bouffalant
|-damage|p2a: Bouffalant|0 fnt
|-damage|p1a: Sandslash|81/100|[from] item: Life Orb
|faint|p2a: Bouffalant
|
|-weather|none
|upkeep
|
|t:|1611458610
|switch|p2a: Gallade|Gallade, M|94/100
|-damage|p2a: Gallade|88/100|[from] Stealth Rock
|turn|20
|
|t:|1611458618
|switch|p1a: Arctovish|Arctovish|100/100
|move|p2a: Gallade|Close Combat|p1a: Arctovish
|-supereffective|p1a: Arctovish
|-damage|p1a: Arctovish|0 fnt
|-unboost|p2a: Gallade|def|1
|-unboost|p2a: Gallade|spd|1
|faint|p1a: Arctovish
|
|upkeep
|
|t:|1611458620
|switch|p1a: Virizion|Virizion|36/100
|turn|21
|
|t:|1611458624
|move|p2a: Gallade|Close Combat|p1a: Virizion
|-damage|p1a: Virizion|0 fnt
|-unboost|p2a: Gallade|def|1
|-unboost|p2a: Gallade|spd|1
|faint|p1a: Virizion
|
|upkeep
|-message|one step from eden forfeited.
|
|win|Auzt
|l|☆one step from eden
|c|☆Auzt|Niceeeeee
|raw|one step from eden's rating: 1593 &rarr; <strong>1565</strong><br />(-28 for losing)
|raw|Auzt's rating: 1436 &rarr; <strong>1465</strong><br />(+29 for winning)
|c|☆Auzt|Points
|c|☆Auzt|give me that
|c|☆Auzt|I neeed that
|c|☆Auzt|ty
|l|☆Auzt
|j|☆Auzt
|player|p2|Auzt|blue-gen1
