|raw|<div class="broadcast-blue"><strong>This battle is required to be public due to a player having a name starting with 'pult4t2'.</div>
|j|☆Pult4t2 soup
|j|☆pult4t2 s
|t:|1661275552
|gametype|singles
|player|p1|Pult4t2 soup|101|1423
|player|p2|pult4t2 s|twins|1480
|teamsize|p1|6
|teamsize|p2|6
|gen|8
|tier|[Gen 8] PU
|rated|
|rule|Sleep Clause Mod: Limit one foe put to sleep
|rule|Species Clause: Limit one of each Pokémon
|rule|OHKO Clause: OHKO moves are banned
|rule|Evasion Items Clause: Evasion items are banned
|rule|Evasion Moves Clause: Evasion moves are banned
|rule|Endless Battle Clause: Forcing endless battles is banned
|rule|HP Percentage Mod: HP is shown in percentages
|rule|Dynamax Clause: You cannot dynamax
|clearpoke
|poke|p1|Audino, F|
|poke|p1|Aromatisse, M|
|poke|p1|Corsola, M|
|poke|p1|Quagsire, M|
|poke|p1|Charizard, M|
|poke|p1|Ferroseed, F|
|poke|p2|Eldegoss, M|
|poke|p2|Articuno-Galar|
|poke|p2|Doublade, M|
|poke|p2|Gigalith, M|
|poke|p2|Scyther, M|
|poke|p2|Sandslash, F|
|teampreview
|
|t:|1661275573
|start
|switch|p1a: Corsola|Corsola, M|100/100
|switch|p2a: Gigalith|Gigalith, M|100/100
|-weather|Sandstorm|[from] ability: Sand Stream|[of] p2a: Gigalith
|turn|1
|
|t:|1661275579
|move|p1a: Corsola|Stealth Rock|p2a: Gigalith
|-sidestart|p2: pult4t2 s|move: Stealth Rock
|move|p2a: Gigalith|Stealth Rock|p1a: Corsola
|-sidestart|p1: Pult4t2 soup|move: Stealth Rock
|
|-weather|Sandstorm|[upkeep]
|upkeep
|turn|2
|
|t:|1661275587
|switch|p2a: Eldegoss|Eldegoss, M|100/100
|move|p1a: Corsola|Toxic|p2a: Eldegoss
|-status|p2a: Eldegoss|tox
|
|-weather|Sandstorm|[upkeep]
|-damage|p2a: Eldegoss|94/100 tox|[from] Sandstorm
|-damage|p2a: Eldegoss|88/100 tox|[from] psn
|upkeep
|turn|3
|
|t:|1661275593
|switch|p1a: Ferroseed|Ferroseed, F|100/100
|-damage|p1a: Ferroseed|94/100|[from] Stealth Rock
|move|p2a: Eldegoss|Rapid Spin|p1a: Ferroseed
|-resisted|p1a: Ferroseed
|-damage|p1a: Ferroseed|92/100
|-boost|p2a: Eldegoss|spe|1
|-damage|p2a: Eldegoss|76/100 tox|[from] ability: Iron Barbs|[of] p1a: Ferroseed
|-sideend|p2: pult4t2 s|Stealth Rock|[from] move: Rapid Spin|[of] p2a: Eldegoss
|
|-weather|Sandstorm|[upkeep]
|-damage|p2a: Eldegoss|70/100 tox|[from] Sandstorm
|-damage|p2a: Eldegoss|57/100 tox|[from] psn
|upkeep
|turn|4
|
|t:|1661275599
|switch|p2a: Scyther|Scyther, M|100/100
|move|p1a: Ferroseed|Spikes|p2a: Scyther
|-sidestart|p2: pult4t2 s|Spikes
|
|-weather|Sandstorm|[upkeep]
|-damage|p2a: Scyther|94/100|[from] Sandstorm
|upkeep
|turn|5
|
|t:|1661275606
|move|p2a: Scyther|Knock Off|p1a: Ferroseed
|-damage|p1a: Ferroseed|67/100
|-damage|p2a: Scyther|82/100|[from] ability: Iron Barbs|[of] p1a: Ferroseed
|-enditem|p1a: Ferroseed|Eviolite|[from] move: Knock Off|[of] p2a: Scyther
|move|p1a: Ferroseed|Knock Off|p2a: Scyther
|-damage|p2a: Scyther|62/100
|-enditem|p2a: Scyther|Heavy-Duty Boots|[from] move: Knock Off|[of] p1a: Ferroseed
|
|-weather|none
|upkeep
|turn|6
|
|t:|1661275616
|move|p2a: Scyther|Roost|p2a: Scyther
|-heal|p2a: Scyther|100/100
|-singleturn|p2a: Scyther|move: Roost
|move|p1a: Ferroseed|Knock Off|p2a: Scyther
|-damage|p2a: Scyther|87/100
|
|upkeep
|turn|7
|
|t:|1661275624
|switch|p1a: Corsola|Corsola, M|100/100
|-damage|p1a: Corsola|88/100|[from] Stealth Rock
|move|p2a: Scyther|Dual Wingbeat|p1a: Corsola
|-resisted|p1a: Corsola
|-damage|p1a: Corsola|77/100
|-damage|p2a: Scyther|71/100|[from] item: Rocky Helmet|[of] p1a: Corsola
|-resisted|p1a: Corsola
|-damage|p1a: Corsola|66/100
|-damage|p2a: Scyther|55/100|[from] item: Rocky Helmet|[of] p1a: Corsola
|-hitcount|p1a: Corsola|2
|
|upkeep
|turn|8
|
|t:|1661275639
|move|p2a: Scyther|U-turn|p1a: Corsola
|-damage|p1a: Corsola|42/100
|-damage|p2a: Scyther|38/100|[from] item: Rocky Helmet|[of] p1a: Corsola
|
|t:|1661275643
|switch|p2a: Eldegoss|Eldegoss, M|91/100 tox|[from]move: U-turn
|move|p1a: Corsola|Scald|p2a: Eldegoss
|-resisted|p2a: Eldegoss
|-damage|p2a: Eldegoss|82/100 tox
|
|-damage|p2a: Eldegoss|76/100 tox|[from] psn
|upkeep
|turn|9
|
|t:|1661275650
|switch|p1a: Ferroseed|Ferroseed, F|67/100
|-damage|p1a: Ferroseed|61/100|[from] Stealth Rock
|move|p2a: Eldegoss|Rapid Spin|p1a: Ferroseed
|-resisted|p1a: Ferroseed
|-damage|p1a: Ferroseed|57/100
|-boost|p2a: Eldegoss|spe|1
|-damage|p2a: Eldegoss|64/100 tox|[from] ability: Iron Barbs|[of] p1a: Ferroseed
|-sideend|p2: pult4t2 s|Spikes|[from] move: Rapid Spin|[of] p2a: Eldegoss
|
|-damage|p2a: Eldegoss|51/100 tox|[from] psn
|upkeep
|turn|10
|
|t:|1661275657
|switch|p2a: Sandslash|Sandslash, F|100/100
|move|p1a: Ferroseed|Spikes|p2a: Sandslash
|-sidestart|p2: pult4t2 s|Spikes
|
|upkeep
|turn|11
|
|t:|1661275664
|switch|p1a: Quagsire|Quagsire, M|100/100
|move|p2a: Sandslash|Spikes|p1a: Quagsire
|-sidestart|p1: Pult4t2 soup|Spikes
|
|upkeep
|turn|12
|
|t:|1661275679
|switch|p2a: Articuno|Articuno-Galar|100/100
|switch|p1a: Audino|Audino, F|100/100
|
|upkeep
|turn|13
|
|t:|1661275691
|switch|p2a: Eldegoss|Eldegoss, M|85/100 tox
|move|p1a: Audino|Knock Off|p2a: Eldegoss
|-damage|p2a: Eldegoss|72/100 tox
|-enditem|p2a: Eldegoss|Heavy-Duty Boots|[from] move: Knock Off|[of] p1a: Audino
|
|-damage|p2a: Eldegoss|66/100 tox|[from] psn
|upkeep
|turn|14
|j| Starfall
|
|t:|1661275700
|move|p1a: Audino|Protect|p1a: Audino
|-singleturn|p1a: Audino|Protect
|move|p2a: Eldegoss|Rapid Spin|p1a: Audino
|-activate|p1a: Audino|move: Protect
|
|-damage|p2a: Eldegoss|53/100 tox|[from] psn
|upkeep
|turn|15
|c| Starfall|Allez squash
|c|☆pult4t2 s|squash is le s
|c|☆pult4t2 s|i'm just s
|
|t:|1661275730
|switch|p1a: Charizard|Charizard, M|100/100
|move|p2a: Eldegoss|Rapid Spin|p1a: Charizard
|-damage|p1a: Charizard|95/100
|-boost|p2a: Eldegoss|spe|1
|-sideend|p2: pult4t2 s|Spikes|[from] move: Rapid Spin|[of] p2a: Eldegoss
|
|-damage|p2a: Eldegoss|35/100 tox|[from] psn
|upkeep
|turn|16
|
|t:|1661275739
|switch|p2a: Gigalith|Gigalith, M|100/100
|-weather|Sandstorm|[from] ability: Sand Stream|[of] p2a: Gigalith
|move|p1a: Charizard|Defog|p2a: Gigalith
|-unboost|p2a: Gigalith|evasion|1
|-sideend|p1: Pult4t2 soup|Spikes|[from] move: Defog|[of] p1a: Charizard
|-sideend|p1: Pult4t2 soup|Stealth Rock|[from] move: Defog|[of] p1a: Charizard
|
|-weather|Sandstorm|[upkeep]
|-damage|p1a: Charizard|89/100|[from] Sandstorm
|upkeep
|turn|17
|
|t:|1661275747
|switch|p1a: Corsola|Corsola, M|75/100
|move|p2a: Gigalith|Stealth Rock|p1a: Corsola
|-sidestart|p1: Pult4t2 soup|move: Stealth Rock
|
|-weather|Sandstorm|[upkeep]
|upkeep
|turn|18
|
|t:|1661275751
|move|p1a: Corsola|Stealth Rock|p2a: Gigalith
|-sidestart|p2: pult4t2 s|move: Stealth Rock
|move|p2a: Gigalith|Earthquake|p1a: Corsola
|-supereffective|p1a: Corsola
|-damage|p1a: Corsola|29/100
|
|-weather|Sandstorm|[upkeep]
|upkeep
|turn|19
|
|t:|1661275759
|switch|p1a: Quagsire|Quagsire, M|100/100
|move|p2a: Gigalith|Earthquake|p1a: Quagsire
|-damage|p1a: Quagsire|78/100
|
|-weather|Sandstorm|[upkeep]
|upkeep
|turn|20
|
|t:|1661275766
|switch|p1a: Charizard|Charizard, M|89/100
|switch|p2a: Eldegoss|Eldegoss, M|68/100 tox
|-damage|p2a: Eldegoss|56/100 tox|[from] Stealth Rock
|
|-weather|none
|-damage|p2a: Eldegoss|50/100 tox|[from] psn
|upkeep
|turn|21
|
|t:|1661275772
|switch|p2a: Gigalith|Gigalith, M|100/100
|-damage|p2a: Gigalith|88/100|[from] Stealth Rock
|-weather|Sandstorm|[from] ability: Sand Stream|[of] p2a: Gigalith
|move|p1a: Charizard|Toxic|p2a: Gigalith
|-status|p2a: Gigalith|tox
|
|-weather|Sandstorm|[upkeep]
|-damage|p1a: Charizard|83/100|[from] Sandstorm
|-heal|p2a: Gigalith|94/100 tox|[from] item: Leftovers
|-damage|p2a: Gigalith|88/100 tox|[from] psn
|upkeep
|turn|22
|
|t:|1661275780
|switch|p1a: Aromatisse|Aromatisse, M|100/100
|switch|p2a: Articuno|Articuno-Galar|100/100
|-damage|p2a: Articuno|76/100|[from] Stealth Rock
|
|-weather|Sandstorm|[upkeep]
|-damage|p2a: Articuno|69/100|[from] Sandstorm
|-damage|p1a: Aromatisse|94/100|[from] Sandstorm
|upkeep
|turn|23
|
|t:|1661275791
|move|p1a: Aromatisse|Protect|p1a: Aromatisse
|-singleturn|p1a: Aromatisse|Protect
|move|p2a: Articuno|Freezing Glare|p1a: Aromatisse
|-activate|p1a: Aromatisse|move: Protect
|
|-weather|Sandstorm|[upkeep]
|-damage|p2a: Articuno|63/100|[from] Sandstorm
|-damage|p1a: Aromatisse|88/100|[from] Sandstorm
|upkeep
|turn|24
|
|t:|1661275797
|switch|p1a: Audino|Audino, F|100/100
|move|p2a: Articuno|Freezing Glare|p1a: Audino
|-damage|p1a: Audino|53/100
|
|-weather|Sandstorm|[upkeep]
|-damage|p2a: Articuno|57/100|[from] Sandstorm
|-damage|p1a: Audino|47/100|[from] Sandstorm
|upkeep
|turn|25
|
|t:|1661275805
|move|p2a: Articuno|Freezing Glare|p1a: Audino
|-crit|p1a: Audino
|-damage|p1a: Audino|0 fnt
|faint|p1a: Audino
|
|-weather|none
|upkeep
|
|t:|1661275816
|switch|p1a: Ferroseed|Ferroseed, F|57/100
|-damage|p1a: Ferroseed|51/100|[from] Stealth Rock
|turn|26
|
|t:|1661275823
|switch|p2a: Eldegoss|Eldegoss, M|83/100 tox
|-damage|p2a: Eldegoss|71/100 tox|[from] Stealth Rock
|move|p1a: Ferroseed|Gyro Ball|p2a: Eldegoss
|-damage|p2a: Eldegoss|47/100 tox
|
|-damage|p2a: Eldegoss|41/100 tox|[from] psn
|upkeep
|turn|27
|
|t:|1661275830
|move|p2a: Eldegoss|Aromatherapy|p2a: Eldegoss
|-activate|p2a: Eldegoss|move: Aromatherapy
|-curestatus|p2a: Eldegoss|tox|[msg]
|-curestatus|p2: Gigalith|tox|[msg]
|move|p1a: Ferroseed|Gyro Ball|p2a: Eldegoss
|-damage|p2a: Eldegoss|15/100
|
|upkeep
|turn|28
|
|t:|1661275838
|switch|p2a: Sandslash|Sandslash, F|100/100
|move|p1a: Ferroseed|Spikes|p2a: Sandslash
|-sidestart|p2: pult4t2 s|Spikes
|
|upkeep
|turn|29
|
|t:|1661275849
|move|p2a: Sandslash|Spikes|p1a: Ferroseed
|-sidestart|p1: Pult4t2 soup|Spikes
|move|p1a: Ferroseed|Spikes|p2a: Sandslash
|-sidestart|p2: pult4t2 s|Spikes
|
|upkeep
|turn|30
|
|t:|1661275859
|switch|p1a: Quagsire|Quagsire, M|78/100
|move|p2a: Sandslash|Swords Dance|p2a: Sandslash
|-boost|p2a: Sandslash|atk|2
|
|upkeep
|turn|31
|
|t:|1661275868
|switch|p2a: Eldegoss|Eldegoss, M|48/100
|-damage|p2a: Eldegoss|36/100|[from] Stealth Rock
|-damage|p2a: Eldegoss|19/100|[from] Spikes
|move|p1a: Quagsire|Earthquake|p2a: Eldegoss
|-resisted|p2a: Eldegoss
|-damage|p2a: Eldegoss|8/100
|
|upkeep
|turn|32
|
|t:|1661275877
|switch|p1a: Ferroseed|Ferroseed, F|51/100
|-damage|p1a: Ferroseed|45/100|[from] Stealth Rock
|-damage|p1a: Ferroseed|33/100|[from] Spikes
|move|p2a: Eldegoss|Giga Drain|p1a: Ferroseed
|-resisted|p1a: Ferroseed
|-damage|p1a: Ferroseed|27/100
|-heal|p2a: Eldegoss|10/100|[from] drain|[of] p1a: Ferroseed
|
|upkeep
|turn|33
|
|t:|1661275893
|switch|p2a: Sandslash|Sandslash, F|100/100
|move|p1a: Ferroseed|Spikes|p2a: Sandslash
|-sidestart|p2: pult4t2 s|Spikes
|
|upkeep
|turn|34
|
|t:|1661275905
|switch|p2a: Articuno|Articuno-Galar|57/100
|-damage|p2a: Articuno|32/100|[from] Stealth Rock
|switch|p1a: Aromatisse|Aromatisse, M|88/100
|
|upkeep
|turn|35
|
|t:|1661275915
|move|p2a: Articuno|Freezing Glare|p1a: Aromatisse
|-damage|p1a: Aromatisse|30/100
|move|p1a: Aromatisse|Moonblast|p2a: Articuno
|-damage|p2a: Articuno|0 fnt
|faint|p2a: Articuno
|
|upkeep
|
|t:|1661275927
|switch|p2a: Sandslash|Sandslash, F|100/100
|turn|36
|
|t:|1661275939
|move|p2a: Sandslash|Earthquake|p1a: Aromatisse
|-damage|p1a: Aromatisse|0 fnt
|faint|p1a: Aromatisse
|
|upkeep
|
|t:|1661275942
|switch|p1a: Quagsire|Quagsire, M|78/100
|turn|37
|
|t:|1661275970
|switch|p2a: Scyther|Scyther, M|38/100
|-damage|p2a: Scyther|0 fnt|[from] Stealth Rock
|faint|p2a: Scyther
|move|p1a: Quagsire|Recover|p1a: Quagsire
|-heal|p1a: Quagsire|100/100
|
|upkeep
|
|t:|1661275973
|switch|p2a: Eldegoss|Eldegoss, M|43/100
|-damage|p2a: Eldegoss|31/100|[from] Stealth Rock
|-damage|p2a: Eldegoss|6/100|[from] Spikes
|turn|38
|
|t:|1661275991
|switch|p1a: Ferroseed|Ferroseed, F|27/100
|-damage|p1a: Ferroseed|21/100|[from] Stealth Rock
|-damage|p1a: Ferroseed|9/100|[from] Spikes
|move|p2a: Eldegoss|Giga Drain|p1a: Ferroseed
|-resisted|p1a: Ferroseed
|-damage|p1a: Ferroseed|3/100
|-heal|p2a: Eldegoss|9/100|[from] drain|[of] p1a: Ferroseed
|
|upkeep
|turn|39
|
|t:|1661276001
|switch|p1a: Charizard|Charizard, M|83/100
|move|p2a: Eldegoss|Giga Drain|p1a: Charizard
|-resisted|p1a: Charizard
|-damage|p1a: Charizard|77/100
|-heal|p2a: Eldegoss|12/100|[from] drain|[of] p1a: Charizard
|
|upkeep
|turn|40
|
|t:|1661276009
|switch|p1a: Quagsire|Quagsire, M|100/100
|switch|p2a: Gigalith|Gigalith, M|88/100
|-damage|p2a: Gigalith|76/100|[from] Stealth Rock
|-damage|p2a: Gigalith|51/100|[from] Spikes
|-weather|Sandstorm|[from] ability: Sand Stream|[of] p2a: Gigalith
|
|-weather|Sandstorm|[upkeep]
|-heal|p2a: Gigalith|57/100|[from] item: Leftovers
|upkeep
|turn|41
|
|t:|1661276032
|move|p1a: Quagsire|Earthquake|p2a: Gigalith
|-supereffective|p2a: Gigalith
|-damage|p2a: Gigalith|13/100
|move|p2a: Gigalith|Earthquake|p1a: Quagsire
|-damage|p1a: Quagsire|80/100
|
|-weather|Sandstorm|[upkeep]
|-heal|p2a: Gigalith|19/100|[from] item: Leftovers
|upkeep
|turn|42
|
|t:|1661276039
|move|p1a: Quagsire|Earthquake|p2a: Gigalith
|-supereffective|p2a: Gigalith
|-damage|p2a: Gigalith|0 fnt
|faint|p2a: Gigalith
|
|-weather|Sandstorm|[upkeep]
|upkeep
|
|t:|1661276044
|switch|p2a: Eldegoss|Eldegoss, M|45/100
|-damage|p2a: Eldegoss|33/100|[from] Stealth Rock
|-damage|p2a: Eldegoss|8/100|[from] Spikes
|turn|43
|
|t:|1661276054
|switch|p1a: Ferroseed|Ferroseed, F|3/100
|-damage|p1a: Ferroseed|0 fnt|[from] Stealth Rock
|faint|p1a: Ferroseed
|move|p2a: Eldegoss|Rapid Spin|p1: Ferroseed|[notarget]
|-fail|p2a: Eldegoss
|
|-weather|Sandstorm|[upkeep]
|-damage|p2a: Eldegoss|2/100|[from] Sandstorm
|upkeep
|
|t:|1661276061
|switch|p1a: Charizard|Charizard, M|77/100
|turn|44
|
|t:|1661276068
|switch|p2a: Sandslash|Sandslash, F|100/100
|move|p1a: Charizard|Mystical Fire|p2a: Sandslash
|-damage|p2a: Sandslash|56/100
|-unboost|p2a: Sandslash|spa|1
|
|-weather|none
|upkeep
|turn|45
|
|t:|1661276081
|switch|p1a: Quagsire|Quagsire, M|80/100
|move|p2a: Sandslash|Stone Edge|p1a: Quagsire
|-resisted|p1a: Quagsire
|-damage|p1a: Quagsire|71/100
|
|upkeep
|turn|46
|l|☆pult4t2 s
|player|p2|
|inactive|Battle timer is ON: inactive players will automatically lose when time's up. (requested by Pult4t2 soup)
|inactive|pult4t2 s has 30 seconds to reconnect!
|inactive|pult4t2 s has 20 seconds to reconnect!
|inactive|pult4t2 s has 15 seconds to reconnect!
|inactive|pult4t2 s has 10 seconds to reconnect!
|inactive|pult4t2 s has 5 seconds to reconnect!
|-message|pult4t2 s lost due to inactivity.
|
|win|Pult4t2 soup
|raw|Pult4t2 soup's rating: 1423 &rarr; <strong>1446</strong><br />(+23 for winning)
|raw|pult4t2 s's rating: 1480 &rarr; <strong>1457</strong><br />(-23 for losing)
|l|☆Pult4t2 soup
|j| drey77
||Ladder isn't responding, score probably updated but might not have (Request timeout).
|l| Starfall
|j| Starfall
|l| Starfall
