|j|☆xSkelly34
|j|☆Oathkeeper
|t:|1653275147
|gametype|singles
|player|p1|xSkelly34|265|
|player|p2|Oathkeeper|lance-gen1|
|teamsize|p1|6
|teamsize|p2|6
|gen|8
|tier|[Gen 8] PU
|rule|Sleep Clause Mod: Limit one foe put to sleep
|rule|Species Clause: Limit one of each Pokémon
|rule|OHKO Clause: OHKO moves are banned
|rule|Evasion Moves Clause: Evasion moves are banned
|rule|Endless Battle Clause: Forcing endless battles is banned
|rule|HP Percentage Mod: HP is shown in percentages
|rule|Dynamax Clause: You cannot dynamax
|clearpoke
|poke|p1|Ribombee, M|
|poke|p1|Sneasel, M|
|poke|p1|Silvally-*|
|poke|p1|Aggron, F|
|poke|p1|Eldegoss, F|
|poke|p1|Lycanroc, M|
|poke|p2|Mesprit|
|poke|p2|Togedemaru, M|
|poke|p2|Scrafty, M|
|poke|p2|Silvally-*|
|poke|p2|Archeops, M|
|poke|p2|Whimsicott, M|
|teampreview
|
|t:|1653275199
|start
|switch|p1a: Aggron|Aggron, F|100/100
|switch|p2a: Togedemaru|Togedemaru, M|100/100
|turn|1
|
|t:|1653275206
|move|p2a: Togedemaru|U-turn|p1a: Aggron
|-resisted|p1a: Aggron
|-damage|p1a: Aggron|94/100
|
|t:|1653275212
|switch|p2a: Scrafty|Scrafty, M|100/100|[from]move: U-turn
|move|p1a: Aggron|Stealth Rock|p2a: Scrafty
|-sidestart|p2: Oathkeeper|move: Stealth Rock
|
|-heal|p1a: Aggron|100/100|[from] item: Leftovers
|upkeep
|turn|2
|
|t:|1653275250
|switch|p1a: Ribombee|Ribombee, M|100/100
|move|p2a: Scrafty|Close Combat|p1a: Ribombee
|-resisted|p1a: Ribombee
|-damage|p1a: Ribombee|62/100
|-unboost|p2a: Scrafty|def|1
|-unboost|p2a: Scrafty|spd|1
|
|upkeep
|turn|3
|
|t:|1653275263
|switch|p2a: Togedemaru|Togedemaru, M|100/100
|-damage|p2a: Togedemaru|95/100|[from] Stealth Rock
|move|p1a: Ribombee|Roost|p1a: Ribombee
|-heal|p1a: Ribombee|100/100
|-singleturn|p1a: Ribombee|move: Roost
|
|upkeep
|turn|4
|
|t:|1653275277
|switch|p1a: Silvally|Silvally-Water|100/100
|move|p2a: Togedemaru|U-turn|p1a: Silvally
|-damage|p1a: Silvally|86/100
|
|t:|1653275309
|switch|p2a: Silvally|Silvally-Ghost|100/100|[from]move: U-turn
|-damage|p2a: Silvally|88/100|[from] Stealth Rock
|
|upkeep
|turn|5
|
|t:|1653275363
|move|p2a: Silvally|Multi-Attack|p1a: Silvally
|-damage|p1a: Silvally|46/100
|move|p1a: Silvally|Multi-Attack|p2a: Silvally
|-damage|p2a: Silvally|44/100
|
|upkeep
|turn|6
|
|t:|1653275391
|move|p2a: Silvally|Multi-Attack|p1a: Silvally
|-damage|p1a: Silvally|7/100
|move|p1a: Silvally|Multi-Attack|p2a: Silvally
|-damage|p2a: Silvally|0 fnt
|faint|p2a: Silvally
|
|upkeep
|
|t:|1653275400
|switch|p2a: Togedemaru|Togedemaru, M|95/100
|-damage|p2a: Togedemaru|89/100|[from] Stealth Rock
|turn|7
|
|t:|1653275419
|switch|p1a: Aggron|Aggron, F|100/100
|move|p2a: Togedemaru|U-turn|p1a: Aggron
|-resisted|p1a: Aggron
|-crit|p1a: Aggron
|-damage|p1a: Aggron|92/100
|
|t:|1653275444
|switch|p2a: Scrafty|Scrafty, M|100/100|[from]move: U-turn
|-damage|p2a: Scrafty|95/100|[from] Stealth Rock
|
|-heal|p1a: Aggron|98/100|[from] item: Leftovers
|upkeep
|turn|8
|
|t:|1653275511
|switch|p1a: Ribombee|Ribombee, M|100/100
|move|p2a: Scrafty|Close Combat|p1a: Ribombee
|-resisted|p1a: Ribombee
|-damage|p1a: Ribombee|65/100
|-unboost|p2a: Scrafty|def|1
|-unboost|p2a: Scrafty|spd|1
|
|upkeep
|turn|9
|
|t:|1653275519
|switch|p2a: Togedemaru|Togedemaru, M|89/100
|-damage|p2a: Togedemaru|83/100|[from] Stealth Rock
|move|p1a: Ribombee|Roost|p1a: Ribombee
|-heal|p1a: Ribombee|100/100
|-singleturn|p1a: Ribombee|move: Roost
|
|upkeep
|turn|10
|
|t:|1653275541
|switch|p1a: Aggron|Aggron, F|98/100
|move|p2a: Togedemaru|U-turn|p1a: Aggron
|-resisted|p1a: Aggron
|-damage|p1a: Aggron|93/100
|
|t:|1653275554
|switch|p2a: Scrafty|Scrafty, M|95/100|[from]move: U-turn
|-damage|p2a: Scrafty|89/100|[from] Stealth Rock
|
|-heal|p1a: Aggron|99/100|[from] item: Leftovers
|upkeep
|turn|11
|
|t:|1653275564
|switch|p1a: Ribombee|Ribombee, M|100/100
|move|p2a: Scrafty|Close Combat|p1a: Ribombee
|-resisted|p1a: Ribombee
|-damage|p1a: Ribombee|63/100
|-unboost|p2a: Scrafty|def|1
|-unboost|p2a: Scrafty|spd|1
|
|upkeep
|turn|12
|
|t:|1653275576
|switch|p2a: Archeops|Archeops, M|100/100
|move|p1a: Ribombee|Roost|p1a: Ribombee
|-heal|p1a: Ribombee|100/100
|-singleturn|p1a: Ribombee|move: Roost
|
|upkeep
|turn|13
|
|t:|1653275584
|switch|p1a: Silvally|Silvally-Water|7/100
|move|p2a: Archeops|Air Slash|p1a: Silvally
|-crit|p1a: Silvally
|-damage|p1a: Silvally|0 fnt
|faint|p1a: Silvally
|
|upkeep
|
|t:|1653275588
|switch|p1a: Sneasel|Sneasel, M|100/100
|turn|14
|
|t:|1653275619
|switch|p2a: Mesprit|Mesprit|100/100
|-damage|p2a: Mesprit|88/100|[from] Stealth Rock
|move|p1a: Sneasel|Triple Axel|p2a: Mesprit
|-damage|p2a: Mesprit|79/100
|-damage|p2a: Mesprit|62/100
|-damage|p2a: Mesprit|33/100
|-hitcount|p2a: Mesprit|3
|
|upkeep
|turn|15
|
|t:|1653275640
|switch|p1a: Aggron|Aggron, F|99/100
|move|p2a: Mesprit|Dazzling Gleam|p1a: Aggron
|-resisted|p1a: Aggron
|-damage|p1a: Aggron|87/100
|
|-heal|p1a: Aggron|93/100|[from] item: Leftovers
|upkeep
|turn|16
|
|t:|1653275648
|move|p2a: Mesprit|Shadow Ball|p1a: Aggron
|-damage|p1a: Aggron|71/100
|move|p1a: Aggron|Head Smash|p2a: Mesprit
|-crit|p2a: Mesprit
|-damage|p2a: Mesprit|0 fnt
|faint|p2a: Mesprit
|
|-heal|p1a: Aggron|77/100|[from] item: Leftovers
|upkeep
|
|t:|1653275655
|switch|p2a: Scrafty|Scrafty, M|89/100
|-damage|p2a: Scrafty|83/100|[from] Stealth Rock
|turn|17
|
|t:|1653275669
|switch|p1a: Ribombee|Ribombee, M|100/100
|move|p2a: Scrafty|Close Combat|p1a: Ribombee
|-resisted|p1a: Ribombee
|-damage|p1a: Ribombee|62/100
|-unboost|p2a: Scrafty|def|1
|-unboost|p2a: Scrafty|spd|1
|
|upkeep
|turn|18
|
|t:|1653275678
|switch|p2a: Archeops|Archeops, M|100/100
|move|p1a: Ribombee|Roost|p1a: Ribombee
|-heal|p1a: Ribombee|100/100
|-singleturn|p1a: Ribombee|move: Roost
|
|upkeep
|turn|19
|
|t:|1653275693
|switch|p1a: Eldegoss|Eldegoss, F|100/100
|move|p2a: Archeops|Stone Edge|p1a: Eldegoss
|-damage|p1a: Eldegoss|38/100
|
|upkeep
|turn|20
|
|t:|1653275708
|move|p2a: Archeops|Air Slash|p1a: Eldegoss
|-supereffective|p1a: Eldegoss
|-crit|p1a: Eldegoss
|-damage|p1a: Eldegoss|0 fnt
|faint|p1a: Eldegoss
|
|upkeep
|
|t:|1653275710
|switch|p1a: Lycanroc|Lycanroc, M|100/100
|turn|21
|
|t:|1653275795
|move|p1a: Lycanroc|Stone Edge|p2a: Archeops
|-supereffective|p2a: Archeops
|-damage|p2a: Archeops|0 fnt
|faint|p2a: Archeops
|-damage|p1a: Lycanroc|91/100|[from] item: Life Orb
|
|upkeep
|
|t:|1653275798
|switch|p2a: Whimsicott|Whimsicott, M, shiny|100/100
|turn|22
|
|t:|1653275806
|move|p1a: Lycanroc|Accelerock|p2a: Whimsicott
|-damage|p2a: Whimsicott|62/100
|-damage|p1a: Lycanroc|81/100|[from] item: Life Orb
|move|p2a: Whimsicott|U-turn|p1a: Lycanroc
|-damage|p1a: Lycanroc|63/100
|
|t:|1653275812
|switch|p2a: Togedemaru|Togedemaru, M|83/100|[from]move: U-turn
|-damage|p2a: Togedemaru|77/100|[from] Stealth Rock
|
|upkeep
|turn|23
|
|t:|1653275873
|switch|p1a: Aggron|Aggron, F|77/100
|move|p2a: Togedemaru|Iron Head|p1a: Aggron
|-damage|p1a: Aggron|55/100
|
|-heal|p1a: Aggron|62/100|[from] item: Leftovers
|upkeep
|turn|24
|
|t:|1653275919
|switch|p2a: Scrafty|Scrafty, M|83/100
|-damage|p2a: Scrafty|77/100|[from] Stealth Rock
|move|p1a: Aggron|Body Press|p2a: Scrafty
|-supereffective|p2a: Scrafty
|-damage|p2a: Scrafty|10/100
|
|-heal|p1a: Aggron|68/100|[from] item: Leftovers
|upkeep
|turn|25
|
|t:|1653275934
|switch|p1a: Ribombee|Ribombee, M|100/100
|move|p2a: Scrafty|Poison Jab|p1a: Ribombee
|-supereffective|p1a: Ribombee
|-damage|p1a: Ribombee|0 fnt
|faint|p1a: Ribombee
|
|upkeep
|
|t:|1653275947
|switch|p1a: Lycanroc|Lycanroc, M|63/100
|turn|26
|
|t:|1653275952
|move|p1a: Lycanroc|Accelerock|p2a: Scrafty
|-resisted|p2a: Scrafty
|-damage|p2a: Scrafty|0 fnt
|faint|p2a: Scrafty
|-damage|p1a: Lycanroc|53/100|[from] item: Life Orb
|
|upkeep
|
|t:|1653275960
|switch|p2a: Whimsicott|Whimsicott, M, shiny|62/100
|turn|27
|
|t:|1653275964
|move|p1a: Lycanroc|Accelerock|p2a: Whimsicott
|-damage|p2a: Whimsicott|25/100
|-damage|p1a: Lycanroc|43/100|[from] item: Life Orb
|move|p2a: Whimsicott|Energy Ball|p1a: Lycanroc
|-supereffective|p1a: Lycanroc
|-damage|p1a: Lycanroc|0 fnt
|faint|p1a: Lycanroc
|
|upkeep
|
|t:|1653275977
|switch|p1a: Aggron|Aggron, F|68/100
|turn|28
|
|t:|1653275982
|move|p1a: Aggron|Protect|p1a: Aggron
|-singleturn|p1a: Aggron|Protect
|move|p2a: Whimsicott|Energy Ball|p1a: Aggron
|-activate|p1a: Aggron|move: Protect
|
|-heal|p1a: Aggron|74/100|[from] item: Leftovers
|upkeep
|turn|29
|
|t:|1653276006
|move|p2a: Whimsicott|Energy Ball|p1a: Aggron
|-damage|p1a: Aggron|40/100
|move|p1a: Aggron|Body Press|p2a: Whimsicott
|-resisted|p2a: Whimsicott
|-damage|p2a: Whimsicott|1/100
|
|-heal|p1a: Aggron|46/100|[from] item: Leftovers
|upkeep
|turn|30
|
|t:|1653276014
|move|p1a: Aggron|Protect|p1a: Aggron
|-singleturn|p1a: Aggron|Protect
|move|p2a: Whimsicott|Energy Ball|p1a: Aggron
|-activate|p1a: Aggron|move: Protect
|
|-heal|p1a: Aggron|53/100|[from] item: Leftovers
|upkeep
|turn|31
|
|t:|1653276049
|switch|p1a: Sneasel|Sneasel, M|100/100
|move|p2a: Whimsicott|Energy Ball|p1a: Sneasel
|-damage|p1a: Sneasel|44/100
|
|upkeep
|turn|32
|
|t:|1653276059
|move|p1a: Sneasel|Ice Shard|p2a: Whimsicott
|-supereffective|p2a: Whimsicott
|-crit|p2a: Whimsicott
|-damage|p2a: Whimsicott|0 fnt
|faint|p2a: Whimsicott
|
|upkeep
|
|t:|1653276061
|switch|p2a: Togedemaru|Togedemaru, M|77/100
|-damage|p2a: Togedemaru|71/100|[from] Stealth Rock
|turn|33
|
|t:|1653276070
|move|p1a: Sneasel|Ice Shard|p2a: Togedemaru
|-resisted|p2a: Togedemaru
|-damage|p2a: Togedemaru|56/100
|move|p2a: Togedemaru|Iron Head|p1a: Sneasel
|-supereffective|p1a: Sneasel
|-damage|p1a: Sneasel|0 fnt
|faint|p1a: Sneasel
|
|upkeep
|
|t:|1653276072
|switch|p1a: Aggron|Aggron, F|53/100
|turn|34
|
|t:|1653276074
|move|p1a: Aggron|Protect|p1a: Aggron
|-singleturn|p1a: Aggron|Protect
|move|p2a: Togedemaru|Iron Head|p1a: Aggron
|-activate|p1a: Aggron|move: Protect
|
|-heal|p1a: Aggron|59/100|[from] item: Leftovers
|upkeep
|turn|35
|
|t:|1653276078
|move|p2a: Togedemaru|Iron Head|p1a: Aggron
|-damage|p1a: Aggron|39/100
|cant|p1a: Aggron|flinch
|
|-heal|p1a: Aggron|45/100|[from] item: Leftovers
|upkeep
|turn|36
|
|t:|1653276082
|move|p1a: Aggron|Protect|p1a: Aggron
|-singleturn|p1a: Aggron|Protect
|move|p2a: Togedemaru|Iron Head|p1a: Aggron
|-activate|p1a: Aggron|move: Protect
|
|-heal|p1a: Aggron|51/100|[from] item: Leftovers
|upkeep
|turn|37
|
|t:|1653276084
|move|p2a: Togedemaru|Iron Head|p1a: Aggron
|-damage|p1a: Aggron|30/100
|cant|p1a: Aggron|flinch
|
|-heal|p1a: Aggron|36/100|[from] item: Leftovers
|upkeep
|turn|38
|
|t:|1653276087
|move|p1a: Aggron|Protect|p1a: Aggron
|-singleturn|p1a: Aggron|Protect
|move|p2a: Togedemaru|Iron Head|p1a: Aggron
|-activate|p1a: Aggron|move: Protect
|
|-heal|p1a: Aggron|42/100|[from] item: Leftovers
|upkeep
|turn|39
|
|t:|1653276089
|move|p2a: Togedemaru|Iron Head|p1a: Aggron
|-damage|p1a: Aggron|22/100
|move|p1a: Aggron|Body Press|p2a: Togedemaru
|-supereffective|p2a: Togedemaru
|-damage|p2a: Togedemaru|0 fnt
|faint|p2a: Togedemaru
|
|win|xSkelly34
|l|☆Oathkeeper
|c|☆xSkelly34|ggs
