|j|☆pu_deeznutz
|j|☆ayo bb
|t:|1619776019
|gametype|singles
|player|p1|pu_deeznutz|fisherman|1290
|player|p2|ayo bb|2|1586
|teamsize|p1|6
|teamsize|p2|6
|gen|8
|tier|[Gen 8] PU
|rated|
|clearpoke
|poke|p1|Regirock|
|poke|p1|Archeops, M|
|poke|p1|Whimsicott, M|
|poke|p1|Guzzlord|
|poke|p1|Tsareena, F|
|poke|p1|Charizard, F|
|poke|p2|Flapple, M|
|poke|p2|Gigalith, F|
|poke|p2|Aromatisse, M|
|poke|p2|Stunfisk-Galar, M|
|poke|p2|Gourgeist-*, F|
|poke|p2|Golbat, F|
|rule|Sleep Clause Mod: Limit one foe put to sleep
|rule|Species Clause: Limit one of each Pokémon
|rule|OHKO Clause: OHKO moves are banned
|rule|Evasion Moves Clause: Evasion moves are banned
|rule|Endless Battle Clause: Forcing endless battles is banned
|rule|HP Percentage Mod: HP is shown in percentages
|rule|Dynamax Clause: You cannot dynamax
|teampreview
|inactive|Battle timer is ON: inactive players will automatically lose when time's up. (requested by pu_deeznutz)
|
|t:|1619776042
|start
|switch|p1a: Regirock|Regirock|100/100
|switch|p2a: Stunfisk|Stunfisk-Galar, M|100/100
|turn|1
|
|t:|1619776053
|move|p1a: Regirock|Iron Defense|p1a: Regirock
|-boost|p1a: Regirock|def|2
|move|p2a: Stunfisk|Yawn|p1a: Regirock
|-start|p1a: Regirock|move: Yawn|[of] p2a: Stunfisk
|
|upkeep
|turn|2
|
|t:|1619776059
|move|p2a: Stunfisk|Protect|p2a: Stunfisk
|-singleturn|p2a: Stunfisk|Protect
|move|p1a: Regirock|Body Press|p2a: Stunfisk
|-activate|p2a: Stunfisk|move: Protect
|
|-end|p1a: Regirock|move: Yawn|[silent]
|-status|p1a: Regirock|slp
|upkeep
|-enditem|p1a: Regirock|Chesto Berry|[eat]
|-curestatus|p1a: Regirock|slp|[msg]
|turn|3
|
|t:|1619776068
|switch|p2a: Golbat|Golbat, F|100/100
|move|p1a: Regirock|Body Press|p2a: Golbat
|-resisted|p2a: Golbat
|-damage|p2a: Golbat|89/100
|
|upkeep
|turn|4
|
|t:|1619776076
|switch|p1a: Guzzlord|Guzzlord|100/100
|move|p2a: Golbat|Toxic|p1a: Guzzlord
|-status|p1a: Guzzlord|tox
|
|-damage|p1a: Guzzlord|94/100 tox|[from] psn
|upkeep
|turn|5
|
|t:|1619776083
|switch|p2a: Aromatisse|Aromatisse, M|100/100
|move|p1a: Guzzlord|Knock Off|p2a: Aromatisse
|-resisted|p2a: Aromatisse
|-damage|p2a: Aromatisse|84/100
|-enditem|p2a: Aromatisse|Heavy-Duty Boots|[from] move: Knock Off|[of] p1a: Guzzlord
|
|-damage|p1a: Guzzlord|82/100 tox|[from] psn
|upkeep
|turn|6
|
|t:|1619776105
|switch|p1a: Tsareena|Tsareena, F|100/100
|switch|p2a: Gigalith|Gigalith, F|100/100
|-weather|Sandstorm|[from] ability: Sand Stream|[of] p2a: Gigalith
|
|-weather|Sandstorm|[upkeep]
|-damage|p1a: Tsareena|95/100|[from] Sandstorm
|upkeep
|turn|7
|
|t:|1619776116
|move|p2a: Gigalith|Protect|p2a: Gigalith
|-singleturn|p2a: Gigalith|Protect
|move|p1a: Tsareena|Aromatherapy|p1a: Tsareena
|-activate|p1a: Tsareena|move: Aromatherapy
|-curestatus|p1: Guzzlord|tox|[msg]
|
|-weather|Sandstorm|[upkeep]
|-damage|p1a: Tsareena|89/100|[from] Sandstorm
|upkeep
|turn|8
|
|t:|1619776123
|switch|p2a: Gourgeist|Gourgeist-Super, F|100/100
|-item|p1a: Tsareena|Heavy-Duty Boots|[from] ability: Frisk|[of] p2a: Gourgeist|[identify]
|move|p1a: Tsareena|Knock Off|p2a: Gourgeist
|-supereffective|p2a: Gourgeist
|-damage|p2a: Gourgeist|50/100
|-enditem|p2a: Gourgeist|Spell Tag|[from] move: Knock Off|[of] p1a: Tsareena
|
|-weather|Sandstorm|[upkeep]
|-damage|p1a: Tsareena|83/100|[from] Sandstorm
|-damage|p2a: Gourgeist|44/100|[from] Sandstorm
|upkeep
|turn|9
|
|t:|1619776133
|move|p1a: Tsareena|Knock Off|p2a: Gourgeist
|-supereffective|p2a: Gourgeist
|-damage|p2a: Gourgeist|9/100
|move|p2a: Gourgeist|Synthesis|p2a: Gourgeist
|-heal|p2a: Gourgeist|34/100
|
|-weather|Sandstorm|[upkeep]
|-damage|p1a: Tsareena|77/100|[from] Sandstorm
|-damage|p2a: Gourgeist|28/100|[from] Sandstorm
|upkeep
|turn|10
|
|t:|1619776141
|switch|p2a: Aromatisse|Aromatisse, M|84/100
|move|p1a: Tsareena|Knock Off|p2a: Aromatisse
|-resisted|p2a: Aromatisse
|-damage|p2a: Aromatisse|77/100
|
|-weather|none
|upkeep
|turn|11
|
|t:|1619776154
|switch|p1a: Charizard|Charizard, F, shiny|100/100
|move|p2a: Aromatisse|Wish|p2a: Aromatisse
|
|upkeep
|turn|12
|
|t:|1619776160
|switch|p2a: Gigalith|Gigalith, F|100/100
|-weather|Sandstorm|[from] ability: Sand Stream|[of] p2a: Gigalith
|move|p1a: Charizard|Dragon Dance|p1a: Charizard
|-boost|p1a: Charizard|atk|1
|-boost|p1a: Charizard|spe|1
|
|-weather|Sandstorm|[upkeep]
|-damage|p1a: Charizard|94/100|[from] Sandstorm
|upkeep
|turn|13
|
|t:|1619776170
|move|p1a: Charizard|Iron Tail|p2a: Gigalith
|-supereffective|p2a: Gigalith
|-damage|p2a: Gigalith|47/100
|-unboost|p2a: Gigalith|def|1
|move|p2a: Gigalith|Rock Blast|p1a: Charizard
|-supereffective|p1a: Charizard
|-damage|p1a: Charizard|34/100
|-supereffective|p1a: Charizard
|-damage|p1a: Charizard|0 fnt
|-hitcount|p1a: Charizard|2
|faint|p1a: Charizard
|
|-weather|Sandstorm|[upkeep]
|-heal|p2a: Gigalith|53/100|[from] item: Leftovers
|upkeep
|
|t:|1619776185
|switch|p1a: Regirock|Regirock|100/100
|turn|14
|
|t:|1619776196
|switch|p2a: Golbat|Golbat, F|89/100
|move|p1a: Regirock|Body Press|p2a: Golbat
|-resisted|p2a: Golbat
|-damage|p2a: Golbat|82/100
|
|-weather|Sandstorm|[upkeep]
|-damage|p2a: Golbat|76/100|[from] Sandstorm
|upkeep
|turn|15
|
|t:|1619776214
|move|p2a: Golbat|Toxic|p1a: Regirock
|-status|p1a: Regirock|tox
|move|p1a: Regirock|Toxic|p2a: Golbat
|-immune|p2a: Golbat
|
|-weather|Sandstorm|[upkeep]
|-damage|p2a: Golbat|70/100|[from] Sandstorm
|-damage|p1a: Regirock|94/100 tox|[from] psn
|upkeep
|turn|16
|
|t:|1619776224
|switch|p1a: Guzzlord|Guzzlord|82/100
|move|p2a: Golbat|Roost|p2a: Golbat
|-heal|p2a: Golbat|100/100
|-singleturn|p2a: Golbat|move: Roost
|
|-weather|none
|upkeep
|turn|17
|
|t:|1619776231
|move|p2a: Golbat|Toxic|p1a: Guzzlord
|-status|p1a: Guzzlord|tox
|move|p1a: Guzzlord|Heavy Slam|p2a: Golbat
|-damage|p2a: Golbat|81/100
|
|-damage|p1a: Guzzlord|76/100 tox|[from] psn
|upkeep
|turn|18
|
|t:|1619776238
|switch|p2a: Aromatisse|Aromatisse, M|77/100
|move|p1a: Guzzlord|Heavy Slam|p2a: Aromatisse
|-supereffective|p2a: Aromatisse
|-damage|p2a: Aromatisse|31/100
|
|-damage|p1a: Guzzlord|64/100 tox|[from] psn
|upkeep
|turn|19
|
|t:|1619776246
|switch|p1a: Tsareena|Tsareena, F|77/100
|move|p2a: Aromatisse|Protect||[still]
|-fail|p2a: Aromatisse
|
|upkeep
|turn|20
|
|t:|1619776257
|switch|p2a: Flapple|Flapple, M|100/100
|move|p1a: Tsareena|Aromatherapy|p1a: Tsareena
|-activate|p1a: Tsareena|move: Aromatherapy
|-curestatus|p1: Regirock|tox|[msg]
|-curestatus|p1: Guzzlord|tox|[msg]
|
|upkeep
|turn|21
|inactive|pu_deeznutz has 120 seconds left.
|
|t:|1619776288
|move|p1a: Tsareena|Knock Off|p2a: Flapple
|-damage|p2a: Flapple|60/100
|-enditem|p2a: Flapple|Muscle Band|[from] move: Knock Off|[of] p1a: Tsareena
|move|p2a: Flapple|U-turn|p1a: Tsareena
|-supereffective|p1a: Tsareena
|-damage|p1a: Tsareena|0 fnt
|faint|p1a: Tsareena
|
|t:|1619776301
|switch|p2a: Stunfisk|Stunfisk-Galar, M|100/100|[from]move: U-turn
|
|upkeep
|inactive|pu_deeznutz has 120 seconds left.
|
|t:|1619776332
|switch|p1a: Guzzlord|Guzzlord|64/100
|turn|22
|
|t:|1619776347
|move|p1a: Guzzlord|Drain Punch|p2a: Stunfisk
|-supereffective|p2a: Stunfisk
|-damage|p2a: Stunfisk|75/100
|-heal|p1a: Guzzlord|73/100|[from] drain|[of] p2a: Stunfisk
|move|p2a: Stunfisk|Earthquake|p1a: Guzzlord
|-damage|p1a: Guzzlord|45/100
|
|-heal|p2a: Stunfisk|82/100|[from] item: Leftovers
|upkeep
|turn|23
|
|t:|1619776367
|switch|p1a: Regirock|Regirock|94/100
|move|p2a: Stunfisk|Protect||[still]
|-fail|p2a: Stunfisk
|
|-heal|p2a: Stunfisk|88/100|[from] item: Leftovers
|upkeep
|turn|24
|
|t:|1619776385
|switch|p1a: Archeops|Archeops, M, shiny|100/100
|switch|p2a: Gourgeist|Gourgeist-Super, F|28/100
|-item|p1a: Archeops|Focus Sash|[from] ability: Frisk|[of] p2a: Gourgeist|[identify]
|
|upkeep
|turn|25
|
|t:|1619776394
|move|p1a: Archeops|Acrobatics|p2a: Gourgeist
|-supereffective|p2a: Gourgeist
|-damage|p2a: Gourgeist|0 fnt
|faint|p2a: Gourgeist
|
|upkeep
|
|t:|1619776398
|switch|p2a: Stunfisk|Stunfisk-Galar, M|88/100
|turn|26
|
|t:|1619776403
|move|p1a: Archeops|Earthquake|p2a: Stunfisk
|-supereffective|p2a: Stunfisk
|-damage|p2a: Stunfisk|41/100
|move|p2a: Stunfisk|Snap Trap|p1a: Archeops
|-damage|p1a: Archeops|88/100
|-activate|p1a: Archeops|move: Snap Trap|[of] p2a: Stunfisk
|
|-heal|p2a: Stunfisk|47/100|[from] item: Leftovers
|-damage|p1a: Archeops|76/100|[from] move: Snap Trap|[partiallytrapped]
|upkeep
|turn|27
|inactive|pu_deeznutz has 120 seconds left.
|
|t:|1619776413
|move|p2a: Stunfisk|Protect|p2a: Stunfisk
|-singleturn|p2a: Stunfisk|Protect
|move|p1a: Archeops|Earthquake|p2a: Stunfisk
|-activate|p2a: Stunfisk|move: Protect
|
|-heal|p2a: Stunfisk|53/100|[from] item: Leftovers
|-damage|p1a: Archeops|64/100|[from] move: Snap Trap|[partiallytrapped]
|upkeep
|turn|28
|inactive|pu_deeznutz has 120 seconds left.
|
|t:|1619776423
|move|p1a: Archeops|Earthquake|p2a: Stunfisk
|-supereffective|p2a: Stunfisk
|-damage|p2a: Stunfisk|13/100
|move|p2a: Stunfisk|Yawn|p1a: Archeops
|-start|p1a: Archeops|move: Yawn|[of] p2a: Stunfisk
|
|-heal|p2a: Stunfisk|19/100|[from] item: Leftovers
|-damage|p1a: Archeops|51/100|[from] move: Snap Trap|[partiallytrapped]
|upkeep
|turn|29
|j| Baetulo
|l| Baetulo
|inactive|pu_deeznutz has 120 seconds left.
|
|t:|1619776437
|move|p2a: Stunfisk|Protect|p2a: Stunfisk
|-singleturn|p2a: Stunfisk|Protect
|move|p1a: Archeops|Earthquake|p2a: Stunfisk
|-activate|p2a: Stunfisk|move: Protect
|
|-heal|p2a: Stunfisk|25/100|[from] item: Leftovers
|-damage|p1a: Archeops|39/100|[from] move: Snap Trap|[partiallytrapped]
|-end|p1a: Archeops|move: Yawn|[silent]
|-status|p1a: Archeops|slp
|upkeep
|turn|30
|inactive|pu_deeznutz has 120 seconds left.
|
|t:|1619776449
|switch|p2a: Aromatisse|Aromatisse, M|31/100
|cant|p1a: Archeops|slp
|
|-end|p1a: Archeops|Snap Trap|[partiallytrapped]
|upkeep
|turn|31
|inactive|pu_deeznutz has 120 seconds left.
|
|t:|1619776461
|cant|p1a: Archeops|slp
|move|p2a: Aromatisse|Wish|p2a: Aromatisse
|
|upkeep
|turn|32
|
|t:|1619776471
|-curestatus|p1a: Archeops|slp|[msg]
|move|p1a: Archeops|Head Smash|p2a: Aromatisse|[miss]
|-miss|p1a: Archeops|p2a: Aromatisse
|move|p2a: Aromatisse|Moonblast|p1a: Archeops
|-damage|p1a: Archeops|0 fnt
|faint|p1a: Archeops
|
|-heal|p2a: Aromatisse|81/100|[from] move: Wish|[wisher] Aromatisse
|upkeep
|c|☆pu_deeznutz|gg
|c|☆ayo bb|gg
|inactive|pu_deeznutz has 120 seconds left.
|
|t:|1619776494
|switch|p1a: Whimsicott|Whimsicott, M|100/100
|turn|33
|
|t:|1619776500
|switch|p2a: Golbat|Golbat, F|81/100
|move|p1a: Whimsicott|Switcheroo|p2a: Golbat
|-activate|p1a: Whimsicott|move: Trick|[of] p2a: Golbat
|-item|p2a: Golbat|Choice Specs|[from] move: Switcheroo
|-item|p1a: Whimsicott|Eviolite|[from] move: Switcheroo
|
|upkeep
|turn|34
|
|t:|1619776508
|move|p1a: Whimsicott|Psychic|p2a: Golbat
|-supereffective|p2a: Golbat
|-damage|p2a: Golbat|26/100
|move|p2a: Golbat|Toxic|p1a: Whimsicott
|-status|p1a: Whimsicott|tox
|
|-damage|p1a: Whimsicott|94/100 tox|[from] psn
|upkeep
|turn|35
|
|t:|1619776515
|switch|p2a: Gigalith|Gigalith, F|53/100
|-weather|Sandstorm|[from] ability: Sand Stream|[of] p2a: Gigalith
|move|p1a: Whimsicott|Psychic|p2a: Gigalith
|-damage|p2a: Gigalith|41/100
|
|-weather|Sandstorm|[upkeep]
|-damage|p1a: Whimsicott|88/100 tox|[from] Sandstorm
|-heal|p2a: Gigalith|47/100|[from] item: Leftovers
|-damage|p1a: Whimsicott|76/100 tox|[from] psn
|upkeep
|turn|36
|
|t:|1619776527
|switch|p1a: Regirock|Regirock|94/100
|move|p2a: Gigalith|Rock Blast|p1a: Regirock|[miss]
|-miss|p2a: Gigalith|p1a: Regirock
|
|-weather|Sandstorm|[upkeep]
|-heal|p2a: Gigalith|53/100|[from] item: Leftovers
|upkeep
|turn|37
|
|t:|1619776536
|move|p1a: Regirock|Toxic|p2a: Gigalith
|-status|p2a: Gigalith|tox
|move|p2a: Gigalith|Toxic|p1a: Regirock
|-status|p1a: Regirock|tox
|
|-weather|Sandstorm|[upkeep]
|-heal|p2a: Gigalith|60/100 tox|[from] item: Leftovers
|-damage|p1a: Regirock|88/100 tox|[from] psn
|-damage|p2a: Gigalith|53/100 tox|[from] psn
|upkeep
|turn|38
|
|t:|1619776546
|switch|p2a: Golbat|Golbat, F|26/100
|move|p1a: Regirock|Iron Defense|p1a: Regirock
|-boost|p1a: Regirock|def|2
|
|-weather|Sandstorm|[upkeep]
|-damage|p2a: Golbat|20/100|[from] Sandstorm
|-damage|p1a: Regirock|76/100 tox|[from] psn
|upkeep
|turn|39
|
|t:|1619776561
|move|p2a: Golbat|Roost|p2a: Golbat
|-heal|p2a: Golbat|70/100
|-singleturn|p2a: Golbat|move: Roost
|move|p1a: Regirock|Body Press|p2a: Golbat
|-resisted|p2a: Golbat
|-damage|p2a: Golbat|36/100
|
|-weather|none
|-damage|p1a: Regirock|58/100 tox|[from] psn
|upkeep
|turn|40
|
|t:|1619776574
|move|p2a: Golbat|Roost|p2a: Golbat
|-heal|p2a: Golbat|86/100
|-singleturn|p2a: Golbat|move: Roost
|move|p1a: Regirock|Iron Defense|p1a: Regirock
|-boost|p1a: Regirock|def|2
|
|-damage|p1a: Regirock|34/100 tox|[from] psn
|upkeep
|turn|41
|
|t:|1619776581
|switch|p2a: Aromatisse|Aromatisse, M|81/100
|move|p1a: Regirock|Rest|p1a: Regirock
|-status|p1a: Regirock|slp|[from] move: Rest
|-heal|p1a: Regirock|100/100 slp|[silent]
|
|upkeep
|turn|42
|
|t:|1619776588
|cant|p1a: Regirock|slp
|move|p2a: Aromatisse|Moonblast|p1a: Regirock
|-damage|p1a: Regirock|70/100 slp
|
|upkeep
|turn|43
|
|t:|1619776593
|cant|p1a: Regirock|slp
|move|p2a: Aromatisse|Moonblast|p1a: Regirock
|-damage|p1a: Regirock|41/100 slp
|
|upkeep
|turn|44
|
|t:|1619776598
|-curestatus|p1a: Regirock|slp|[msg]
|move|p1a: Regirock|Rest|p1a: Regirock
|-status|p1a: Regirock|slp|[from] move: Rest
|-heal|p1a: Regirock|100/100 slp|[silent]
|move|p2a: Aromatisse|Wish|p2a: Aromatisse
|
|upkeep
|turn|45
|
|t:|1619776604
|cant|p1a: Regirock|slp
|move|p2a: Aromatisse|Moonblast|p1a: Regirock
|-damage|p1a: Regirock|68/100 slp
|-unboost|p1a: Regirock|spa|1
|
|-heal|p2a: Aromatisse|100/100|[from] move: Wish|[wisher] Aromatisse
|upkeep
|turn|46
|
|t:|1619776612
|cant|p1a: Regirock|slp
|move|p2a: Aromatisse|Moonblast|p1a: Regirock
|-damage|p1a: Regirock|39/100 slp
|
|upkeep
|turn|47
|
|t:|1619776618
|-curestatus|p1a: Regirock|slp|[msg]
|move|p1a: Regirock|Rest|p1a: Regirock
|-status|p1a: Regirock|slp|[from] move: Rest
|-heal|p1a: Regirock|100/100 slp|[silent]
|move|p2a: Aromatisse|Moonblast|p1a: Regirock
|-damage|p1a: Regirock|71/100 slp
|
|upkeep
|turn|48
|
|t:|1619776626
|cant|p1a: Regirock|slp
|move|p2a: Aromatisse|Moonblast|p1a: Regirock
|-damage|p1a: Regirock|39/100 slp
|
|upkeep
|turn|49
|
|t:|1619776631
|cant|p1a: Regirock|slp
|move|p2a: Aromatisse|Moonblast|p1a: Regirock
|-damage|p1a: Regirock|11/100 slp
|
|upkeep
|turn|50
|
|t:|1619776636
|-curestatus|p1a: Regirock|slp|[msg]
|move|p1a: Regirock|Rest|p1a: Regirock
|-status|p1a: Regirock|slp|[from] move: Rest
|-heal|p1a: Regirock|100/100 slp|[silent]
|move|p2a: Aromatisse|Moonblast|p1a: Regirock
|-damage|p1a: Regirock|69/100 slp
|
|upkeep
|turn|51
|
|t:|1619776643
|cant|p1a: Regirock|slp
|move|p2a: Aromatisse|Moonblast|p1a: Regirock
|-damage|p1a: Regirock|40/100 slp
|-unboost|p1a: Regirock|spa|1
|
|upkeep
|turn|52
|
|t:|1619776649
|cant|p1a: Regirock|slp
|move|p2a: Aromatisse|Moonblast|p1a: Regirock
|-damage|p1a: Regirock|8/100 slp
|-unboost|p1a: Regirock|spa|1
|
|upkeep
|turn|53
|
|t:|1619776655
|-curestatus|p1a: Regirock|slp|[msg]
|move|p1a: Regirock|Rest|p1a: Regirock
|-status|p1a: Regirock|slp|[from] move: Rest
|-heal|p1a: Regirock|100/100 slp|[silent]
|move|p2a: Aromatisse|Moonblast|p1a: Regirock
|-damage|p1a: Regirock|68/100 slp
|
|upkeep
|turn|54
|
|t:|1619776662
|cant|p1a: Regirock|slp
|move|p2a: Aromatisse|Moonblast|p1a: Regirock
|-damage|p1a: Regirock|40/100 slp
|
|upkeep
|turn|55
|
|t:|1619776667
|cant|p1a: Regirock|slp
|move|p2a: Aromatisse|Moonblast|p1a: Regirock
|-damage|p1a: Regirock|11/100 slp
|-unboost|p1a: Regirock|spa|1
|
|upkeep
|turn|56
|
|t:|1619776673
|-curestatus|p1a: Regirock|slp|[msg]
|move|p1a: Regirock|Rest|p1a: Regirock
|-status|p1a: Regirock|slp|[from] move: Rest
|-heal|p1a: Regirock|100/100 slp|[silent]
|move|p2a: Aromatisse|Moonblast|p1a: Regirock
|-damage|p1a: Regirock|72/100 slp
|
|upkeep
|turn|57
|
|t:|1619776680
|cant|p1a: Regirock|slp
|move|p2a: Aromatisse|Moonblast|p1a: Regirock
|-damage|p1a: Regirock|43/100 slp
|-unboost|p1a: Regirock|spa|1
|
|upkeep
|turn|58
|
|t:|1619776687
|cant|p1a: Regirock|slp
|move|p2a: Aromatisse|Moonblast|p1a: Regirock
|-damage|p1a: Regirock|15/100 slp
|
|upkeep
|turn|59
|
|t:|1619776695
|-curestatus|p1a: Regirock|slp|[msg]
|move|p1a: Regirock|Rest|p1a: Regirock
|-status|p1a: Regirock|slp|[from] move: Rest
|-heal|p1a: Regirock|100/100 slp|[silent]
|move|p2a: Aromatisse|Moonblast|p1a: Regirock
|-damage|p1a: Regirock|69/100 slp
|
|upkeep
|turn|60
|
|t:|1619776703
|cant|p1a: Regirock|slp
|move|p2a: Aromatisse|Moonblast|p1a: Regirock
|-damage|p1a: Regirock|40/100 slp
|
|upkeep
|turn|61
|
|t:|1619776707
|cant|p1a: Regirock|slp
|move|p2a: Aromatisse|Moonblast|p1a: Regirock
|-damage|p1a: Regirock|10/100 slp
|
|upkeep
|turn|62
|
|t:|1619776712
|-curestatus|p1a: Regirock|slp|[msg]
|move|p1a: Regirock|Rest|p1a: Regirock
|-status|p1a: Regirock|slp|[from] move: Rest
|-heal|p1a: Regirock|100/100 slp|[silent]
|move|p2a: Aromatisse|Moonblast|p1a: Regirock
|-damage|p1a: Regirock|70/100 slp
|-unboost|p1a: Regirock|spa|1
|
|upkeep
|turn|63
|
|t:|1619776721
|cant|p1a: Regirock|slp
|move|p2a: Aromatisse|Moonblast|p1a: Regirock
|-damage|p1a: Regirock|42/100 slp
|
|upkeep
|turn|64
|
|t:|1619776726
|cant|p1a: Regirock|slp
|move|p2a: Aromatisse|Moonblast|p1a: Regirock
|-damage|p1a: Regirock|12/100 slp
|
|upkeep
|turn|65
|
|t:|1619776731
|switch|p2a: Golbat|Golbat, F|86/100
|-curestatus|p1a: Regirock|slp|[msg]
|move|p1a: Regirock|Rest|p1a: Regirock
|-status|p1a: Regirock|slp|[from] move: Rest
|-heal|p1a: Regirock|100/100 slp|[silent]
|
|upkeep
|turn|66
|
|t:|1619776742
|switch|p2a: Stunfisk|Stunfisk-Galar, M|25/100
|cant|p1a: Regirock|slp
|
|-heal|p2a: Stunfisk|31/100|[from] item: Leftovers
|upkeep
|turn|67
|
|t:|1619776749
|cant|p1a: Regirock|slp
|move|p2a: Stunfisk|Snap Trap|p1a: Regirock
|-supereffective|p1a: Regirock
|-damage|p1a: Regirock|98/100 slp
|-activate|p1a: Regirock|move: Snap Trap|[of] p2a: Stunfisk
|
|-heal|p2a: Stunfisk|37/100|[from] item: Leftovers
|-damage|p1a: Regirock|86/100 slp|[from] move: Snap Trap|[partiallytrapped]
|upkeep
|turn|68
|
|t:|1619776759
|switch|p2a: Golbat|Golbat, F|86/100
|-curestatus|p1a: Regirock|slp|[msg]
|move|p1a: Regirock|Iron Defense|p1a: Regirock
|-boost|p1a: Regirock|def|2
|
|-end|p1a: Regirock|Snap Trap|[partiallytrapped]|[silent]
|upkeep
|turn|69
|
|t:|1619776767
|move|p2a: Golbat|Toxic|p1a: Regirock
|-status|p1a: Regirock|tox
|move|p1a: Regirock|Body Press|p2a: Golbat
|-resisted|p2a: Golbat
|-damage|p2a: Golbat|50/100
|
|-damage|p1a: Regirock|80/100 tox|[from] psn
|upkeep
|turn|70
|
|t:|1619776775
|switch|p2a: Gigalith|Gigalith, F|53/100 tox
|-weather|Sandstorm|[from] ability: Sand Stream|[of] p2a: Gigalith
|move|p1a: Regirock|Body Press|p2a: Gigalith
|-supereffective|p2a: Gigalith
|-damage|p2a: Gigalith|0 fnt
|faint|p2a: Gigalith
|
|-weather|Sandstorm|[upkeep]
|-damage|p1a: Regirock|68/100 tox|[from] psn
|upkeep
|
|t:|1619776779
|switch|p2a: Aromatisse|Aromatisse, M|100/100
|turn|71
|
|t:|1619776790
|move|p1a: Regirock|Rest|p1a: Regirock
|-status|p1a: Regirock|slp|[from] move: Rest
|-heal|p1a: Regirock|100/100 slp|[silent]
|move|p2a: Aromatisse|Wish|p2a: Aromatisse
|
|-weather|Sandstorm|[upkeep]
|-damage|p2a: Aromatisse|94/100|[from] Sandstorm
|upkeep
|turn|72
|
|t:|1619776800
|switch|p2a: Golbat|Golbat, F|50/100
|cant|p1a: Regirock|slp
|
|-weather|Sandstorm|[upkeep]
|-damage|p2a: Golbat|44/100|[from] Sandstorm
|-heal|p2a: Golbat|100/100|[from] move: Wish|[wisher] Aromatisse
|upkeep
|turn|73
|
|t:|1619776809
|switch|p2a: Stunfisk|Stunfisk-Galar, M|37/100
|cant|p1a: Regirock|slp
|
|-weather|Sandstorm|[upkeep]
|-heal|p2a: Stunfisk|44/100|[from] item: Leftovers
|upkeep
|turn|74
|
|t:|1619776818
|move|p2a: Stunfisk|Protect|p2a: Stunfisk
|-singleturn|p2a: Stunfisk|Protect
|-curestatus|p1a: Regirock|slp|[msg]
|move|p1a: Regirock|Body Press|p2a: Stunfisk
|-activate|p2a: Stunfisk|move: Protect
|
|-weather|none
|-heal|p2a: Stunfisk|50/100|[from] item: Leftovers
|upkeep
|turn|75
|
|t:|1619776826
|switch|p2a: Golbat|Golbat, F|100/100
|move|p1a: Regirock|Body Press|p2a: Golbat
|-resisted|p2a: Golbat
|-damage|p2a: Golbat|61/100
|
|upkeep
|turn|76
|
|t:|1619776834
|move|p2a: Golbat|Toxic|p1a: Regirock
|-status|p1a: Regirock|tox
|move|p1a: Regirock|Body Press|p2a: Golbat
|-resisted|p2a: Golbat
|-damage|p2a: Golbat|22/100
|
|-damage|p1a: Regirock|94/100 tox|[from] psn
|upkeep
|turn|77
|
|t:|1619776849
|switch|p2a: Aromatisse|Aromatisse, M|94/100
|move|p1a: Regirock|Toxic|p2a: Aromatisse
|-status|p2a: Aromatisse|tox
|
|-damage|p1a: Regirock|82/100 tox|[from] psn
|-damage|p2a: Aromatisse|88/100 tox|[from] psn
|upkeep
|turn|78
|
|t:|1619776857
|move|p1a: Regirock|Body Press|p2a: Aromatisse
|-resisted|p2a: Aromatisse
|-damage|p2a: Aromatisse|26/100 tox
|move|p2a: Aromatisse|Wish|p2a: Aromatisse
|
|-damage|p1a: Regirock|64/100 tox|[from] psn
|-damage|p2a: Aromatisse|14/100 tox|[from] psn
|upkeep
|turn|79
|
|t:|1619776874
|switch|p2a: Golbat|Golbat, F|22/100
|move|p1a: Regirock|Body Press|p2a: Golbat
|-resisted|p2a: Golbat
|-damage|p2a: Golbat|0 fnt
|faint|p2a: Golbat
|
|-damage|p1a: Regirock|40/100 tox|[from] psn
|upkeep
|c|☆ayo bb|gg
|-message|ayo bb forfeited.
|
|win|pu_deeznutz
|raw|pu_deeznutz's rating: 1290 &rarr; <strong>1332</strong><br />(+42 for winning)
|raw|ayo bb's rating: 1586 &rarr; <strong>1552</strong><br />(-34 for losing)
|l|☆ayo bb
