|j|☆RNG Jutsu
|j|☆fixing67
|t:|1626466355
|gametype|singles
|player|p1|RNG Jutsu|169|1364
|player|p2|fixing67|hoopster|1593
|teamsize|p1|6
|teamsize|p2|6
|gen|8
|tier|[Gen 8] PU
|rated|
|rule|Sleep Clause Mod: Limit one foe put to sleep
|rule|Species Clause: Limit one of each Pokémon
|rule|OHKO Clause: OHKO moves are banned
|rule|Evasion Moves Clause: Evasion moves are banned
|rule|Endless Battle Clause: Forcing endless battles is banned
|rule|HP Percentage Mod: HP is shown in percentages
|rule|Dynamax Clause: You cannot dynamax
|clearpoke
|poke|p1|Articuno-Galar|
|poke|p1|Passimian, M|
|poke|p1|Gigalith, M|
|poke|p1|Aromatisse, M|
|poke|p1|Silvally-*|
|poke|p1|Froslass, F|
|poke|p2|Weezing, F|
|poke|p2|Cinccino, M|
|poke|p2|Ditto|
|poke|p2|Rotom|
|poke|p2|Aggron, F|
|poke|p2|Gallade, M|
|teampreview
|c|☆RNG Jutsu|gl
|
|t:|1626466377
|start
|switch|p1a: Gigalith|Gigalith, M|100/100
|switch|p2a: Cinccino|Cinccino, M|100/100
|-weather|Sandstorm|[from] ability: Sand Stream|[of] p1a: Gigalith
|turn|1
|
|t:|1626466394
|move|p1a: Gigalith|Protect|p1a: Gigalith
|-singleturn|p1a: Gigalith|Protect
|move|p2a: Cinccino|Bullet Seed|p1a: Gigalith
|-activate|p1a: Gigalith|move: Protect
|
|-weather|Sandstorm|[upkeep]
|-damage|p2a: Cinccino|94/100|[from] Sandstorm
|upkeep
|turn|2
|
|t:|1626466402
|switch|p2a: Weezing|Weezing, F|100/100
|switch|p1a: Silvally|Silvally-Steel|100/100
|
|-weather|Sandstorm|[upkeep]
|-damage|p2a: Weezing|94/100|[from] Sandstorm
|upkeep
|turn|3
|
|t:|1626466409
|move|p1a: Silvally|Thunder Wave|p2a: Weezing
|-status|p2a: Weezing|par
|move|p2a: Weezing|Toxic Spikes|p1a: Silvally
|-sidestart|p1: RNG Jutsu|move: Toxic Spikes
|
|-weather|Sandstorm|[upkeep]
|-damage|p2a: Weezing|88/100 par|[from] Sandstorm
|upkeep
|turn|4
|
|t:|1626466415
|move|p1a: Silvally|U-turn|p2a: Weezing
|-resisted|p2a: Weezing
|-damage|p2a: Weezing|83/100 par
|-damage|p1a: Silvally|84/100|[from] item: Rocky Helmet|[of] p2a: Weezing
|
|t:|1626466418
|switch|p1a: Articuno|Articuno-Galar|100/100|[from]move: U-turn
|move|p2a: Weezing|Flamethrower|p1a: Articuno
|-damage|p1a: Articuno|80/100
|
|-weather|Sandstorm|[upkeep]
|-damage|p1a: Articuno|73/100|[from] Sandstorm
|-damage|p2a: Weezing|77/100 par|[from] Sandstorm
|upkeep
|turn|5
|
|t:|1626466426
|switch|p2a: Aggron|Aggron, F|100/100
|move|p1a: Articuno|Freezing Glare|p2a: Aggron
|-resisted|p2a: Aggron
|-damage|p2a: Aggron|85/100
|
|-weather|none
|-heal|p2a: Aggron|91/100|[from] item: Leftovers
|upkeep
|turn|6
|
|t:|1626466438
|move|p1a: Articuno|U-turn|p2a: Aggron
|-resisted|p2a: Aggron
|-damage|p2a: Aggron|87/100
|
|t:|1626466444
|switch|p1a: Passimian|Passimian, M|100/100|[from]move: U-turn
|-status|p1a: Passimian|psn
|move|p2a: Aggron|Stealth Rock|p1a: Passimian
|-sidestart|p1: RNG Jutsu|move: Stealth Rock
|
|-heal|p2a: Aggron|93/100|[from] item: Leftovers
|-damage|p1a: Passimian|88/100 psn|[from] psn
|upkeep
|turn|7
|
|t:|1626466447
|switch|p2a: Weezing|Weezing, F|77/100 par
|move|p1a: Passimian|U-turn|p2a: Weezing
|-resisted|p2a: Weezing
|-damage|p2a: Weezing|70/100 par
|-damage|p1a: Passimian|72/100 psn|[from] item: Rocky Helmet|[of] p2a: Weezing
|
|t:|1626466460
|switch|p1a: Silvally|Silvally-Steel|84/100|[from]move: U-turn
|-damage|p1a: Silvally|78/100|[from] Stealth Rock
|
|upkeep
|turn|8
|
|t:|1626466464
|move|p1a: Silvally|Multi-Attack|p2a: Weezing
|-damage|p2a: Weezing|44/100 par
|-damage|p1a: Silvally|61/100|[from] item: Rocky Helmet|[of] p2a: Weezing
|move|p2a: Weezing|Flamethrower|p1a: Silvally
|-supereffective|p1a: Silvally
|-damage|p1a: Silvally|36/100
|
|upkeep
|turn|9
|
|t:|1626466481
|switch|p2a: Aggron|Aggron, F|93/100
|move|p1a: Silvally|Defog|p2a: Aggron
|-unboost|p2a: Aggron|evasion|1
|-sideend|p1: RNG Jutsu|Toxic Spikes|[from] move: Defog|[of] p1a: Silvally
|-sideend|p1: RNG Jutsu|Stealth Rock|[from] move: Defog|[of] p1a: Silvally
|
|-heal|p2a: Aggron|99/100|[from] item: Leftovers
|upkeep
|turn|10
|
|t:|1626466492
|move|p1a: Silvally|Thunder Wave|p2a: Aggron
|-status|p2a: Aggron|par
|cant|p2a: Aggron|par
|
|-heal|p2a: Aggron|100/100 par|[from] item: Leftovers
|upkeep
|turn|11
|
|t:|1626466497
|move|p1a: Silvally|U-turn|p2a: Aggron
|-resisted|p2a: Aggron
|-damage|p2a: Aggron|96/100 par
|
|t:|1626466499
|switch|p1a: Passimian|Passimian, M|72/100 psn|[from]move: U-turn
|move|p2a: Aggron|Stealth Rock|p1a: Passimian
|-sidestart|p1: RNG Jutsu|move: Stealth Rock
|
|-heal|p2a: Aggron|100/100 par|[from] item: Leftovers
|-damage|p1a: Passimian|59/100 psn|[from] psn
|upkeep
|turn|12
|
|t:|1626466506
|switch|p2a: Weezing|Weezing, F|44/100 par
|move|p1a: Passimian|U-turn|p2a: Weezing
|-resisted|p2a: Weezing
|-damage|p2a: Weezing|37/100 par
|-damage|p1a: Passimian|43/100 psn|[from] item: Rocky Helmet|[of] p2a: Weezing
|
|t:|1626466517
|switch|p1a: Froslass|Froslass, F|100/100|[from]move: U-turn
|
|upkeep
|turn|13
|
|t:|1626466523
|switch|p2a: Aggron|Aggron, F|100/100 par
|move|p1a: Froslass|Hex|p2a: Aggron
|-damage|p2a: Aggron|50/100 par
|
|-heal|p2a: Aggron|56/100 par|[from] item: Leftovers
|upkeep
|turn|14
|
|t:|1626466530
|switch|p1a: Silvally|Silvally-Steel|36/100
|-damage|p1a: Silvally|30/100|[from] Stealth Rock
|switch|p2a: Cinccino|Cinccino, M|94/100
|
|upkeep
|turn|15
|
|t:|1626466543
|move|p2a: Cinccino|Tail Slap|p1a: Silvally|[miss]
|-miss|p2a: Cinccino|p1a: Silvally
|move|p1a: Silvally|Defog|p2a: Cinccino
|-unboost|p2a: Cinccino|evasion|1
|-sideend|p1: RNG Jutsu|Stealth Rock|[from] move: Defog|[of] p1a: Silvally
|
|upkeep
|turn|16
|
|t:|1626466550
|move|p2a: Cinccino|Tail Slap|p1a: Silvally
|-resisted|p1a: Silvally
|-damage|p1a: Silvally|25/100
|-resisted|p1a: Silvally
|-damage|p1a: Silvally|21/100
|-resisted|p1a: Silvally
|-damage|p1a: Silvally|15/100
|-resisted|p1a: Silvally
|-damage|p1a: Silvally|10/100
|-resisted|p1a: Silvally
|-crit|p1a: Silvally
|-damage|p1a: Silvally|3/100
|-hitcount|p1a: Silvally|5
|move|p1a: Silvally|Thunder Wave|p2a: Cinccino
|-status|p2a: Cinccino|par
|
|upkeep
|turn|17
|
|t:|1626466563
|move|p1a: Silvally|Multi-Attack|p2a: Cinccino
|-damage|p2a: Cinccino|23/100 par
|move|p2a: Cinccino|Bullet Seed|p1a: Silvally
|-resisted|p1a: Silvally
|-damage|p1a: Silvally|0 fnt
|faint|p1a: Silvally
|-hitcount|p1: Silvally|1
|
|upkeep
|
|t:|1626466578
|switch|p1a: Passimian|Passimian, M|43/100 psn
|turn|18
|
|t:|1626466585
|move|p1a: Passimian|U-turn|p2a: Cinccino
|-damage|p2a: Cinccino|0 fnt
|faint|p2a: Cinccino
|
|t:|1626466598
|switch|p1a: Articuno|Articuno-Galar|73/100|[from]move: U-turn
|
|upkeep
|
|t:|1626466619
|switch|p2a: Aggron|Aggron, F|56/100 par
|turn|19
|
|t:|1626466623
|move|p1a: Articuno|Air Slash|p2a: Aggron
|-resisted|p2a: Aggron
|-damage|p2a: Aggron|47/100 par
|cant|p2a: Aggron|flinch
|
|-heal|p2a: Aggron|53/100 par|[from] item: Leftovers
|upkeep
|turn|20
|
|t:|1626466629
|move|p1a: Articuno|Air Slash|p2a: Aggron
|-resisted|p2a: Aggron
|-damage|p2a: Aggron|44/100 par
|move|p2a: Aggron|Stealth Rock|p1a: Articuno
|-sidestart|p1: RNG Jutsu|move: Stealth Rock
|
|-heal|p2a: Aggron|50/100 par|[from] item: Leftovers
|upkeep
|turn|21
|
|t:|1626466634
|move|p1a: Articuno|Freezing Glare|p2a: Aggron
|-resisted|p2a: Aggron
|-damage|p2a: Aggron|29/100 par
|move|p2a: Aggron|Head Smash|p1a: Articuno
|-supereffective|p1a: Articuno
|-damage|p1a: Articuno|0 fnt
|faint|p1a: Articuno
|
|-heal|p2a: Aggron|35/100 par|[from] item: Leftovers
|upkeep
|
|t:|1626466641
|switch|p1a: Froslass|Froslass, F|100/100
|turn|22
|
|t:|1626466674
|switch|p2a: Ditto|Ditto|100/100
|-transform|p2a: Ditto|p1a: Froslass|[from] ability: Imposter
|move|p1a: Froslass|Hex|p2a: Ditto
|-supereffective|p2a: Ditto
|-damage|p2a: Ditto|24/100
|
|upkeep
|turn|23
|
|t:|1626466683
|switch|p1a: Gigalith|Gigalith, M|100/100
|-damage|p1a: Gigalith|88/100|[from] Stealth Rock
|-weather|Sandstorm|[from] ability: Sand Stream|[of] p1a: Gigalith
|move|p2a: Ditto|Hex|p1a: Gigalith
|-damage|p1a: Gigalith|76/100
|
|-weather|Sandstorm|[upkeep]
|-damage|p2a: Ditto|18/100|[from] Sandstorm
|-heal|p1a: Gigalith|82/100|[from] item: Leftovers
|upkeep
|turn|24
|
|t:|1626466689
|switch|p2a: Gallade|Gallade, M|100/100
|move|p1a: Gigalith|Stealth Rock|p2a: Gallade
|-sidestart|p2: fixing67|move: Stealth Rock
|
|-weather|Sandstorm|[upkeep]
|-damage|p2a: Gallade|94/100|[from] Sandstorm
|-heal|p1a: Gigalith|88/100|[from] item: Leftovers
|upkeep
|turn|25
|
|t:|1626466697
|move|p1a: Gigalith|Protect|p1a: Gigalith
|-singleturn|p1a: Gigalith|Protect
|move|p2a: Gallade|Close Combat|p1a: Gigalith
|-activate|p1a: Gigalith|move: Protect
|
|-weather|Sandstorm|[upkeep]
|-damage|p2a: Gallade|88/100|[from] Sandstorm
|-heal|p1a: Gigalith|95/100|[from] item: Leftovers
|upkeep
|turn|26
|
|t:|1626466702
|switch|p1a: Aromatisse|Aromatisse, M|100/100
|move|p2a: Gallade|Zen Headbutt|p1a: Aromatisse
|-damage|p1a: Aromatisse|54/100
|-damage|p2a: Gallade|78/100|[from] item: Life Orb
|
|-weather|Sandstorm|[upkeep]
|-damage|p2a: Gallade|72/100|[from] Sandstorm
|-damage|p1a: Aromatisse|48/100|[from] Sandstorm
|upkeep
|turn|27
|
|t:|1626466713
|move|p2a: Gallade|Zen Headbutt|p1a: Aromatisse
|-damage|p1a: Aromatisse|6/100
|-damage|p2a: Gallade|63/100|[from] item: Life Orb
|move|p1a: Aromatisse|Moonblast|p2a: Gallade
|-supereffective|p2a: Gallade
|-damage|p2a: Gallade|0 fnt
|faint|p2a: Gallade
|
|-weather|none
|upkeep
|
|t:|1626466723
|switch|p2a: Rotom|Rotom|100/100
|-damage|p2a: Rotom|88/100|[from] Stealth Rock
|turn|28
|
|t:|1626466728
|move|p1a: Aromatisse|Protect|p1a: Aromatisse
|-singleturn|p1a: Aromatisse|Protect
|move|p2a: Rotom|Hex|p1a: Aromatisse
|-activate|p1a: Aromatisse|move: Protect
|
|upkeep
|turn|29
|
|t:|1626466738
|switch|p1a: Gigalith|Gigalith, M|95/100
|-damage|p1a: Gigalith|82/100|[from] Stealth Rock
|-weather|Sandstorm|[from] ability: Sand Stream|[of] p1a: Gigalith
|move|p2a: Rotom|Hex|p1a: Gigalith
|-damage|p1a: Gigalith|70/100
|
|-weather|Sandstorm|[upkeep]
|-damage|p2a: Rotom|82/100|[from] Sandstorm
|-heal|p1a: Gigalith|76/100|[from] item: Leftovers
|upkeep
|turn|30
|
|t:|1626466743
|move|p2a: Rotom|Will-O-Wisp|p1a: Gigalith
|-status|p1a: Gigalith|brn
|move|p1a: Gigalith|Rock Blast|p2a: Rotom
|-damage|p2a: Rotom|75/100
|-damage|p2a: Rotom|66/100
|-hitcount|p2a: Rotom|2
|
|-weather|Sandstorm|[upkeep]
|-damage|p2a: Rotom|60/100|[from] Sandstorm
|-heal|p1a: Gigalith|83/100 brn|[from] item: Leftovers
|-damage|p1a: Gigalith|76/100 brn|[from] brn
|upkeep
|turn|31
|
|t:|1626466792
|switch|p1a: Aromatisse|Aromatisse, M|6/100
|move|p2a: Rotom|Hex|p1a: Aromatisse
|-damage|p1a: Aromatisse|0 fnt
|faint|p1a: Aromatisse
|
|-weather|Sandstorm|[upkeep]
|-damage|p2a: Rotom|54/100|[from] Sandstorm
|upkeep
|
|t:|1626466797
|switch|p1a: Passimian|Passimian, M|43/100 psn
|-damage|p1a: Passimian|37/100 psn|[from] Stealth Rock
|turn|32
|j| nkjnaao
|-message|fixing67 forfeited.
|
|win|RNG Jutsu
|raw|RNG Jutsu's rating: 1364 &rarr; <strong>1396</strong><br />(+32 for winning)
|raw|fixing67's rating: 1593 &rarr; <strong>1561</strong><br />(-32 for losing)
|l|☆fixing67
