|j|☆Bloges
|j|☆one of the bouys
|t:|1637280976
|gametype|singles
|player|p1|Bloges|gardenia|1296
|player|p2|one of the bouys|clown|1533
|teamsize|p1|6
|teamsize|p2|6
|gen|8
|tier|[Gen 8] PU
|rated|
|rule|Sleep Clause Mod: Limit one foe put to sleep
|rule|Species Clause: Limit one of each Pokémon
|rule|OHKO Clause: OHKO moves are banned
|rule|Evasion Moves Clause: Evasion moves are banned
|rule|Endless Battle Clause: Forcing endless battles is banned
|rule|HP Percentage Mod: HP is shown in percentages
|rule|Dynamax Clause: You cannot dynamax
|clearpoke
|poke|p1|Druddigon, F|
|poke|p1|Gigalith, F|
|poke|p1|Weezing, M|
|poke|p1|Scrafty, M|
|poke|p1|Charizard, M|
|poke|p1|Ribombee, F|
|poke|p2|Gourgeist-*, M|
|poke|p2|Flapple, M|
|poke|p2|Lunatone|
|poke|p2|Stunfisk-Galar, F|
|poke|p2|Silvally-*|
|poke|p2|Cramorant, F|
|teampreview
|inactive|Battle timer is ON: inactive players will automatically lose when time's up. (requested by Bloges)
|c|☆Bloges|Glhf
|c|☆one of the bouys|u 2
|
|t:|1637281004
|start
|switch|p1a: Druddigon|Druddigon, F|100/100
|switch|p2a: Stunfisk|Stunfisk-Galar, F|100/100
|-ability|p1a: Druddigon|Mold Breaker
|turn|1
|
|t:|1637281009
|move|p1a: Druddigon|Earthquake|p2a: Stunfisk
|-supereffective|p2a: Stunfisk
|-damage|p2a: Stunfisk|13/100
|move|p2a: Stunfisk|Stealth Rock|p1a: Druddigon
|-sidestart|p1: Bloges|move: Stealth Rock
|
|-heal|p2a: Stunfisk|19/100|[from] item: Leftovers
|upkeep
|turn|2
|
|t:|1637281017
|switch|p2a: Flapple|Flapple, M|100/100
|move|p1a: Druddigon|Earthquake|p2a: Flapple
|-resisted|p2a: Flapple
|-damage|p2a: Flapple|58/100
|
|upkeep
|turn|3
|
|t:|1637281023
|switch|p1a: Ribombee|Ribombee, F|100/100
|-damage|p1a: Ribombee|76/100|[from] Stealth Rock
|move|p2a: Flapple|Grav Apple|p1a: Ribombee
|-resisted|p1a: Ribombee
|-damage|p1a: Ribombee|0 fnt
|faint|p1a: Ribombee
|-damage|p2a: Flapple|48/100|[from] item: Life Orb
|
|upkeep
|
|t:|1637281026
|switch|p1a: Gigalith|Gigalith, F|100/100
|-damage|p1a: Gigalith|88/100|[from] Stealth Rock
|-weather|Sandstorm|[from] ability: Sand Stream|[of] p1a: Gigalith
|turn|4
|
|t:|1637281028
|move|p1a: Gigalith|Protect|p1a: Gigalith
|-singleturn|p1a: Gigalith|Protect
|move|p2a: Flapple|Grav Apple|p1a: Gigalith
|-activate|p1a: Gigalith|move: Protect
|
|-weather|Sandstorm|[upkeep]
|-damage|p2a: Flapple|42/100|[from] Sandstorm
|-heal|p1a: Gigalith|94/100|[from] item: Leftovers
|upkeep
|turn|5
|
|t:|1637281035
|switch|p1a: Weezing|Weezing, M|100/100
|-damage|p1a: Weezing|88/100|[from] Stealth Rock
|move|p2a: Flapple|Grav Apple|p1a: Weezing
|-resisted|p1a: Weezing
|-damage|p1a: Weezing|62/100
|-unboost|p1a: Weezing|def|1
|-damage|p2a: Flapple|32/100|[from] item: Life Orb
|
|-weather|Sandstorm|[upkeep]
|-damage|p2a: Flapple|26/100|[from] Sandstorm
|-damage|p1a: Weezing|56/100|[from] Sandstorm
|-heal|p1a: Weezing|62/100|[from] item: Black Sludge
|upkeep
|turn|6
|
|t:|1637281039
|move|p2a: Flapple|Draco Meteor|p1a: Weezing
|-damage|p1a: Weezing|0 fnt
|-unboost|p2a: Flapple|spa|2
|faint|p1a: Weezing
|-damage|p2a: Flapple|16/100|[from] item: Life Orb
|
|-weather|Sandstorm|[upkeep]
|-damage|p2a: Flapple|10/100|[from] Sandstorm
|upkeep
|
|t:|1637281045
|switch|p1a: Scrafty|Scrafty, M|100/100
|-damage|p1a: Scrafty|95/100|[from] Stealth Rock
|turn|7
|
|t:|1637281047
|move|p2a: Flapple|Outrage|p1a: Scrafty
|-damage|p1a: Scrafty|0 fnt
|faint|p1a: Scrafty
|-damage|p2a: Flapple|0 fnt|[from] item: Life Orb
|faint|p2a: Flapple
|
|-weather|Sandstorm|[upkeep]
|upkeep
|
|t:|1637281055
|switch|p2a: Lunatone|Lunatone|100/100
|switch|p1a: Druddigon|Druddigon, F|100/100
|-damage|p1a: Druddigon|88/100|[from] Stealth Rock
|-ability|p1a: Druddigon|Mold Breaker
|turn|8
|
|t:|1637281060
|switch|p2a: Stunfisk|Stunfisk-Galar, F|19/100
|move|p1a: Druddigon|Earthquake|p2a: Stunfisk
|-supereffective|p2a: Stunfisk
|-damage|p2a: Stunfisk|0 fnt
|faint|p2a: Stunfisk
|
|-weather|none
|upkeep
|
|t:|1637281066
|switch|p2a: Gourgeist|Gourgeist-Super, M|100/100
|-item|p1a: Druddigon|Choice Band|[from] ability: Frisk|[of] p2a: Gourgeist|[identify]
|turn|9
|
|t:|1637281070
|switch|p1a: Charizard|Charizard, M|100/100
|move|p2a: Gourgeist|Poltergeist|p1a: Charizard
|-activate|p1a: Charizard|move: Poltergeist|Heavy-Duty Boots
|-damage|p1a: Charizard|29/100
|
|upkeep
|turn|10
|
|t:|1637281074
|switch|p2a: Lunatone|Lunatone|100/100
|move|p1a: Charizard|Flamethrower|p2a: Lunatone
|-resisted|p2a: Lunatone
|-damage|p2a: Lunatone|63/100
|
|upkeep
|turn|11
|
|t:|1637281078
|switch|p1a: Gigalith|Gigalith, F|94/100
|-damage|p1a: Gigalith|82/100|[from] Stealth Rock
|-weather|Sandstorm|[from] ability: Sand Stream|[of] p1a: Gigalith
|move|p2a: Lunatone|Power Gem|p1a: Gigalith
|-damage|p1a: Gigalith|59/100
|
|-weather|Sandstorm|[upkeep]
|-heal|p1a: Gigalith|65/100|[from] item: Leftovers
|upkeep
|turn|12
|
|t:|1637281089
|switch|p2a: Gourgeist|Gourgeist-Super, M|100/100
|-item|p1a: Gigalith|Leftovers|[from] ability: Frisk|[of] p2a: Gourgeist|[identify]
|move|p1a: Gigalith|Heavy Slam|p2a: Gourgeist
|-damage|p2a: Gourgeist|70/100
|
|-weather|Sandstorm|[upkeep]
|-damage|p2a: Gourgeist|63/100|[from] Sandstorm
|-heal|p1a: Gigalith|71/100|[from] item: Leftovers
|upkeep
|turn|13
|
|t:|1637281092
|move|p1a: Gigalith|Protect|p1a: Gigalith
|-singleturn|p1a: Gigalith|Protect
|move|p2a: Gourgeist|Power Whip|p1a: Gigalith
|-activate|p1a: Gigalith|move: Protect
|
|-weather|Sandstorm|[upkeep]
|-damage|p2a: Gourgeist|57/100|[from] Sandstorm
|-heal|p1a: Gigalith|77/100|[from] item: Leftovers
|upkeep
|turn|14
|
|t:|1637281096
|switch|p1a: Charizard|Charizard, M|29/100
|move|p2a: Gourgeist|Power Whip|p1a: Charizard
|-resisted|p1a: Charizard
|-damage|p1a: Charizard|10/100
|
|-weather|Sandstorm|[upkeep]
|-damage|p1a: Charizard|4/100|[from] Sandstorm
|-damage|p2a: Gourgeist|51/100|[from] Sandstorm
|upkeep
|turn|15
|
|t:|1637281098
|move|p2a: Gourgeist|Shadow Sneak|p1a: Charizard
|-damage|p1a: Charizard|0 fnt
|faint|p1a: Charizard
|
|-weather|none
|upkeep
|
|t:|1637281100
|switch|p1a: Druddigon|Druddigon, F|88/100
|-damage|p1a: Druddigon|76/100|[from] Stealth Rock
|-ability|p1a: Druddigon|Mold Breaker
|turn|16
|
|t:|1637281104
|move|p1a: Druddigon|Gunk Shot|p2a: Gourgeist
|-damage|p2a: Gourgeist|0 fnt
|faint|p2a: Gourgeist
|
|upkeep
|
|t:|1637281115
|switch|p2a: Silvally|Silvally-Fairy|100/100
|turn|17
|
|t:|1637281120
|move|p2a: Silvally|Multi-Attack|p1a: Druddigon
|-supereffective|p1a: Druddigon
|-damage|p1a: Druddigon|0 fnt
|faint|p1a: Druddigon
|
|upkeep
|
|t:|1637281123
|switch|p1a: Gigalith|Gigalith, F|77/100
|-damage|p1a: Gigalith|65/100|[from] Stealth Rock
|-weather|Sandstorm|[from] ability: Sand Stream|[of] p1a: Gigalith
|turn|18
|
|t:|1637281125
|move|p2a: Silvally|Multi-Attack|p1a: Gigalith
|-damage|p1a: Gigalith|33/100
|move|p1a: Gigalith|Heavy Slam|p2a: Silvally
|-supereffective|p2a: Silvally
|-damage|p2a: Silvally|72/100
|
|-weather|Sandstorm|[upkeep]
|-damage|p2a: Silvally|65/100|[from] Sandstorm
|-heal|p1a: Gigalith|40/100|[from] item: Leftovers
|upkeep
|turn|19
|
|t:|1637281133
|move|p1a: Gigalith|Protect|p1a: Gigalith
|-singleturn|p1a: Gigalith|Protect
|move|p2a: Silvally|Multi-Attack|p1a: Gigalith
|-activate|p1a: Gigalith|move: Protect
|
|-weather|Sandstorm|[upkeep]
|-damage|p2a: Silvally|59/100|[from] Sandstorm
|-heal|p1a: Gigalith|46/100|[from] item: Leftovers
|upkeep
|turn|20
|
|t:|1637281137
|move|p2a: Silvally|Multi-Attack|p1a: Gigalith
|-damage|p1a: Gigalith|14/100
|move|p1a: Gigalith|Rock Blast|p2a: Silvally
|-damage|p2a: Silvally|50/100
|-damage|p2a: Silvally|40/100
|-damage|p2a: Silvally|31/100
|-hitcount|p2a: Silvally|3
|
|-weather|Sandstorm|[upkeep]
|-damage|p2a: Silvally|25/100|[from] Sandstorm
|-heal|p1a: Gigalith|20/100|[from] item: Leftovers
|upkeep
|turn|21
|
|t:|1637281139
|move|p1a: Gigalith|Protect|p1a: Gigalith
|-singleturn|p1a: Gigalith|Protect
|move|p2a: Silvally|Multi-Attack|p1a: Gigalith
|-activate|p1a: Gigalith|move: Protect
|
|-weather|Sandstorm|[upkeep]
|-damage|p2a: Silvally|19/100|[from] Sandstorm
|-heal|p1a: Gigalith|26/100|[from] item: Leftovers
|upkeep
|turn|22
|
|t:|1637281141
|move|p2a: Silvally|Multi-Attack|p1a: Gigalith
|-damage|p1a: Gigalith|0 fnt
|faint|p1a: Gigalith
|
|win|one of the bouys
|raw|Bloges's rating: 1296 &rarr; <strong>1286</strong><br />(-10 for losing)
|raw|one of the bouys's rating: 1533 &rarr; <strong>1541</strong><br />(+8 for winning)
|l|☆Bloges
|c|☆one of the bouys|gg
||Ladder isn't responding, score probably updated but might not have (Request timeout).
