|j|☆MentalAdversity
|j|☆Uberfiend
|t:|1609106868
|player|p1|MentalAdversity|swimmer-gen4|1303
|player|p2|Uberfiend|youngcouple-gen4dp|1347
|teamsize|p1|6
|teamsize|p2|6
|gametype|singles
|gen|8
|tier|[Gen 8] PU
|rated|
|clearpoke
|poke|p1|Spiritomb, M|
|poke|p1|Dusknoir, F|
|poke|p1|Articuno|
|poke|p1|Quagsire, M|
|poke|p1|Lickilicky, F|
|poke|p1|Druddigon, F|
|poke|p2|Hitmontop, M|
|poke|p2|Braviary, M|
|poke|p2|Vileplume, M|
|poke|p2|Silvally-*|
|poke|p2|Exploud, M|
|poke|p2|Gourgeist-*, M|
|rule|Sleep Clause Mod: Limit one foe put to sleep
|rule|Species Clause: Limit one of each Pokémon
|rule|OHKO Clause: OHKO moves are banned
|rule|Evasion Moves Clause: Evasion moves are banned
|rule|Endless Battle Clause: Forcing endless battles is banned
|rule|HP Percentage Mod: HP is shown in percentages
|rule|Dynamax Clause: You cannot dynamax
|teampreview
|inactive|Battle timer is ON: inactive players will automatically lose when time's up. (requested by Uberfiend)
|
|t:|1609106879
|start
|switch|p1a: Druddigon|Druddigon, F, shiny|100/100
|switch|p2a: Gape!!!! Tunnel'|Exploud, M|100/100
|turn|1
|
|t:|1609106884
|switch|p1a: Articuno|Articuno, shiny|100/100
|-ability|p1a: Articuno|Pressure
|move|p2a: Gape!!!! Tunnel'|Boomburst|p1a: Articuno
|-damage|p1a: Articuno|46/100
|
|upkeep
|turn|2
|
|t:|1609106891
|move|p1a: Articuno|Protect|p1a: Articuno
|-singleturn|p1a: Articuno|Protect
|move|p2a: Gape!!!! Tunnel'|Boomburst|p1a: Articuno
|-activate|p1a: Articuno|move: Protect
|
|upkeep
|turn|3
|
|t:|1609106909
|switch|p1a: Dusknoir|Dusknoir, F, shiny|100/100
|-ability|p1a: Dusknoir|Pressure
|move|p2a: Gape!!!! Tunnel'|Boomburst|p1a: Dusknoir
|-damage|p1a: Dusknoir|41/100
|
|-heal|p1a: Dusknoir|47/100|[from] item: Leftovers
|upkeep
|turn|4
|
|t:|1609106920
|switch|p1a: Lickilicky|Lickilicky, F, shiny|100/100
|move|p2a: Gape!!!! Tunnel'|Boomburst|p1a: Lickilicky
|-damage|p1a: Lickilicky|49/100
|
|-heal|p1a: Lickilicky|55/100|[from] item: Leftovers
|upkeep
|turn|5
|
|t:|1609106936
|switch|p2a: Bad touch 👿|Vileplume, M, shiny|100/100
|move|p1a: Lickilicky|Protect||[still]
|-fail|p1a: Lickilicky
|
|-heal|p1a: Lickilicky|61/100|[from] item: Leftovers
|upkeep
|turn|6
|
|t:|1609106942
|move|p1a: Lickilicky|Protect|p1a: Lickilicky
|-singleturn|p1a: Lickilicky|Protect
|move|p2a: Bad touch 👿|Sleep Powder|p1a: Lickilicky
|-activate|p1a: Lickilicky|move: Protect
|
|-heal|p1a: Lickilicky|67/100|[from] item: Leftovers
|upkeep
|turn|7
|
|t:|1609106949
|switch|p1a: Articuno|Articuno, shiny|46/100
|-ability|p1a: Articuno|Pressure
|move|p2a: Bad touch 👿|Sleep Powder|p1a: Articuno
|-status|p1a: Articuno|slp|[from] move: Sleep Powder
|
|upkeep
|turn|8
|
|t:|1609106958
|cant|p1a: Articuno|slp
|move|p2a: Bad touch 👿|Sludge Bomb|p1a: Articuno
|-damage|p1a: Articuno|17/100 slp
|
|upkeep
|turn|9
|
|t:|1609106965
|switch|p1a: Dusknoir|Dusknoir, F, shiny|47/100
|-ability|p1a: Dusknoir|Pressure
|move|p2a: Bad touch 👿|Sludge Bomb|p1a: Dusknoir
|-resisted|p1a: Dusknoir
|-damage|p1a: Dusknoir|31/100
|-status|p1a: Dusknoir|psn
|
|-heal|p1a: Dusknoir|37/100 psn|[from] item: Leftovers
|-damage|p1a: Dusknoir|25/100 psn|[from] psn
|upkeep
|turn|10
|
|t:|1609106976
|move|p2a: Bad touch 👿|Giga Drain|p1a: Dusknoir
|-damage|p1a: Dusknoir|0 fnt
|faint|p1a: Dusknoir
|
|upkeep
|
|t:|1609106980
|switch|p1a: Lickilicky|Lickilicky, F, shiny|67/100
|turn|11
|
|t:|1609106988
|switch|p2a: BirdMan|Braviary, M, shiny|100/100
|move|p1a: Lickilicky|Wish|p1a: Lickilicky
|
|-heal|p1a: Lickilicky|73/100|[from] item: Leftovers
|upkeep
|turn|12
|
|t:|1609106995
|switch|p1a: Druddigon|Druddigon, F, shiny|100/100
|move|p2a: BirdMan|Brave Bird|p1a: Druddigon
|-damage|p1a: Druddigon|34/100
|-damage|p2a: BirdMan|88/100|[from] ability: Rough Skin|[of] p1a: Druddigon
|-damage|p2a: BirdMan|72/100|[from] item: Rocky Helmet|[of] p1a: Druddigon
|-damage|p2a: BirdMan|52/100|[from] Recoil
|-damage|p2a: BirdMan|42/100|[from] item: Life Orb
|
|-heal|p1a: Druddigon|93/100|[from] move: Wish|[wisher] Lickilicky
|upkeep
|turn|13
|
|t:|1609107009
|move|p2a: BirdMan|Roost|p2a: BirdMan
|-heal|p2a: BirdMan|92/100
|-singleturn|p2a: BirdMan|move: Roost
|move|p1a: Druddigon|Stealth Rock|p2a: BirdMan
|-sidestart|p2: Uberfiend|move: Stealth Rock
|
|upkeep
|turn|14
|
|t:|1609107016
|move|p2a: BirdMan|Defog|p1a: Druddigon
|-unboost|p1a: Druddigon|evasion|1
|-sideend|p2: Uberfiend|Stealth Rock|[from] move: Defog|[of] p2a: BirdMan
|move|p1a: Druddigon|Dragon Claw|p2a: BirdMan
|-damage|p2a: BirdMan|58/100
|
|upkeep
|turn|15
|
|t:|1609107022
|move|p2a: BirdMan|Brave Bird|p1a: Druddigon
|-damage|p1a: Druddigon|28/100
|-damage|p2a: BirdMan|46/100|[from] ability: Rough Skin|[of] p1a: Druddigon
|-damage|p2a: BirdMan|29/100|[from] item: Rocky Helmet|[of] p1a: Druddigon
|-damage|p2a: BirdMan|10/100|[from] Recoil
|-damage|p2a: BirdMan|0 fnt|[from] item: Life Orb
|faint|p2a: BirdMan
|move|p1a: Druddigon|Stealth Rock|p2: BirdMan
|-sidestart|p2: Uberfiend|move: Stealth Rock
|
|upkeep
|
|t:|1609107032
|switch|p2a: Tatsumaki 💨|Hitmontop, M|100/100
|-damage|p2a: Tatsumaki 💨|95/100|[from] Stealth Rock
|turn|16
|
|t:|1609107041
|switch|p1a: Spiritomb|Spiritomb, M, shiny|100/100
|-ability|p1a: Spiritomb|Pressure
|move|p2a: Tatsumaki 💨|Triple Axel|p1a: Spiritomb
|-damage|p1a: Spiritomb|93/100
|-damage|p1a: Spiritomb|79/100
|-damage|p1a: Spiritomb|59/100
|-hitcount|p1a: Spiritomb|3
|
|-heal|p1a: Spiritomb|65/100|[from] item: Leftovers
|upkeep
|turn|17
|
|t:|1609107052
|switch|p2a: Gape!!!! Tunnel'|Exploud, M|100/100
|-damage|p2a: Gape!!!! Tunnel'|88/100|[from] Stealth Rock
|move|p1a: Spiritomb|Will-O-Wisp|p2a: Gape!!!! Tunnel'
|-status|p2a: Gape!!!! Tunnel'|brn
|
|-heal|p1a: Spiritomb|71/100|[from] item: Leftovers
|-damage|p2a: Gape!!!! Tunnel'|82/100 brn|[from] brn
|upkeep
|turn|18
|
|t:|1609107067
|switch|p1a: Articuno|Articuno, shiny|17/100 slp
|-ability|p1a: Articuno|Pressure
|move|p2a: Gape!!!! Tunnel'|Boomburst|p1a: Articuno
|-damage|p1a: Articuno|0 fnt
|faint|p1a: Articuno
|
|-damage|p2a: Gape!!!! Tunnel'|76/100 brn|[from] brn
|upkeep
|
|t:|1609107077
|switch|p1a: Lickilicky|Lickilicky, F, shiny|73/100
|turn|19
|
|t:|1609107080
|switch|p2a: Bad touch 👿|Vileplume, M, shiny|100/100
|-damage|p2a: Bad touch 👿|88/100|[from] Stealth Rock
|move|p1a: Lickilicky|Wish|p1a: Lickilicky
|
|-heal|p1a: Lickilicky|79/100|[from] item: Leftovers
|-heal|p2a: Bad touch 👿|94/100|[from] item: Black Sludge
|upkeep
|turn|20
|
|t:|1609107094
|switch|p1a: Spiritomb|Spiritomb, M, shiny|71/100
|-ability|p1a: Spiritomb|Pressure
|move|p2a: Bad touch 👿|Sludge Bomb|p1a: Spiritomb
|-resisted|p1a: Spiritomb
|-damage|p1a: Spiritomb|48/100
|
|-heal|p1a: Spiritomb|100/100|[from] move: Wish|[wisher] Lickilicky
|-heal|p2a: Bad touch 👿|100/100|[from] item: Black Sludge
|upkeep
|turn|21
|
|t:|1609107104
|move|p2a: Bad touch 👿|Sleep Powder|p1a: Spiritomb
|-status|p1a: Spiritomb|slp|[from] move: Sleep Powder
|cant|p1a: Spiritomb|slp
|
|upkeep
|turn|22
|
|t:|1609107112
|switch|p2a: Gape!!!! Tunnel'|Exploud, M|76/100 brn
|-damage|p2a: Gape!!!! Tunnel'|64/100 brn|[from] Stealth Rock
|cant|p1a: Spiritomb|slp
|move|p1a: Spiritomb|Sleep Talk|p1a: Spiritomb
|move|p1a: Spiritomb|Will-O-Wisp|p2a: Gape!!!! Tunnel'|[from]move: Sleep Talk
|-fail|p2a: Gape!!!! Tunnel'|brn
|
|-damage|p2a: Gape!!!! Tunnel'|58/100 brn|[from] brn
|upkeep
|turn|23
|
|t:|1609107123
|move|p2a: Gape!!!! Tunnel'|Boomburst|p1a: Spiritomb
|-damage|p1a: Spiritomb|5/100 slp
|cant|p1a: Spiritomb|slp
|move|p1a: Spiritomb|Sleep Talk|p1a: Spiritomb
|move|p1a: Spiritomb|Rest||[from]move: Sleep Talk|[still]
|-fail|p1a: Spiritomb
|
|-heal|p1a: Spiritomb|11/100 slp|[from] item: Leftovers
|-damage|p2a: Gape!!!! Tunnel'|51/100 brn|[from] brn
|upkeep
|turn|24
|
|t:|1609107135
|move|p2a: Gape!!!! Tunnel'|Boomburst|p1a: Spiritomb
|-damage|p1a: Spiritomb|0 fnt
|faint|p1a: Spiritomb
|
|-damage|p2a: Gape!!!! Tunnel'|45/100 brn|[from] brn
|upkeep
|
|t:|1609107141
|switch|p1a: Lickilicky|Lickilicky, F, shiny|79/100
|turn|25
|
|t:|1609107144
|switch|p2a: Tatsumaki 💨|Hitmontop, M|95/100
|-damage|p2a: Tatsumaki 💨|89/100|[from] Stealth Rock
|move|p1a: Lickilicky|Wish|p1a: Lickilicky
|
|-heal|p1a: Lickilicky|85/100|[from] item: Leftovers
|upkeep
|turn|26
|
|t:|1609107164
|switch|p1a: Quagsire|Quagsire, M, shiny|100/100
|move|p2a: Tatsumaki 💨|Rapid Spin|p1a: Quagsire
|-damage|p1a: Quagsire|85/100
|-boost|p2a: Tatsumaki 💨|spe|1
|-sideend|p2: Uberfiend|Stealth Rock|[from] move: Rapid Spin|[of] p2a: Tatsumaki 💨
|
|-heal|p1a: Quagsire|100/100|[from] move: Wish|[wisher] Lickilicky
|upkeep
|turn|27
|
|t:|1609107180
|switch|p2a: Gape!!!! Tunnel'|Exploud, M|45/100 brn
|move|p1a: Quagsire|Scald|p2a: Gape!!!! Tunnel'
|-damage|p2a: Gape!!!! Tunnel'|24/100 brn
|
|-damage|p2a: Gape!!!! Tunnel'|17/100 brn|[from] brn
|upkeep
|turn|28
|
|t:|1609107187
|move|p2a: Gape!!!! Tunnel'|Boomburst|p1a: Quagsire
|-damage|p1a: Quagsire|0 fnt
|faint|p1a: Quagsire
|
|-damage|p2a: Gape!!!! Tunnel'|11/100 brn|[from] brn
|upkeep
|-message|MentalAdversity forfeited.
|
|win|Uberfiend
|l|☆MentalAdversity
