|raw|<div class="broadcast-blue"><strong>This battle is required to be public due to a player having a name starting with 'pult4c1'.</div>
|j|☆Theblobfishman9
|j|☆pult4c1 shane
|t:|1660936634
|gametype|singles
|player|p1|Theblobfishman9|bugsy|1244
|player|p2|pult4c1 shane|veteran|1583
|teamsize|p1|6
|teamsize|p2|6
|gen|8
|tier|[Gen 8] PU
|rated|
|rule|Sleep Clause Mod: Limit one foe put to sleep
|rule|Species Clause: Limit one of each Pokémon
|rule|OHKO Clause: OHKO moves are banned
|rule|Evasion Items Clause: Evasion items are banned
|rule|Evasion Moves Clause: Evasion moves are banned
|rule|Endless Battle Clause: Forcing endless battles is banned
|rule|HP Percentage Mod: HP is shown in percentages
|rule|Dynamax Clause: You cannot dynamax
|clearpoke
|poke|p1|Leafeon, M|
|poke|p1|Lycanroc, M|
|poke|p1|Scrafty, F|
|poke|p1|Magneton|
|poke|p1|Mesprit|
|poke|p1|Roselia, M|
|poke|p2|Abomasnow, M|
|poke|p2|Wishiwashi, F|
|poke|p2|Weezing, F|
|poke|p2|Gigalith, F|
|poke|p2|Ribombee, F|
|poke|p2|Charizard, M|
|teampreview
|inactive|Battle timer is ON: inactive players will automatically lose when time's up. (requested by pult4c1 shane)
|j| PULT4C1 Haffling
|
|t:|1660936659
|start
|switch|p1a: Magneton|Magneton, shiny|100/100
|switch|p2a: Wishiwashi|Wishiwashi, F|100/100
|-formechange|p2a: Wishiwashi|Wishiwashi-School||[from] ability: Schooling
|turn|1
|
|t:|1660936676
|switch|p2a: Gigalith|Gigalith, F|100/100
|-weather|Sandstorm|[from] ability: Sand Stream|[of] p2a: Gigalith
|move|p1a: Magneton|Thunderbolt|p2a: Gigalith
|-damage|p2a: Gigalith|77/100
|
|-weather|Sandstorm|[upkeep]
|-heal|p2a: Gigalith|83/100|[from] item: Leftovers
|upkeep
|turn|2
|j| gum
|
|t:|1660936686
|move|p1a: Magneton|Flash Cannon|p2a: Gigalith
|-supereffective|p2a: Gigalith
|-damage|p2a: Gigalith|37/100
|move|p2a: Gigalith|Stealth Rock|p1a: Magneton
|-sidestart|p1: Theblobfishman9|move: Stealth Rock
|
|-weather|Sandstorm|[upkeep]
|-heal|p2a: Gigalith|43/100|[from] item: Leftovers
|upkeep
|turn|3
|
|t:|1660936694
|switch|p2a: Charizard|Charizard, M|100/100
|move|p1a: Magneton|Flash Cannon|p2a: Charizard
|-resisted|p2a: Charizard
|-damage|p2a: Charizard|78/100
|
|-weather|Sandstorm|[upkeep]
|-damage|p2a: Charizard|72/100|[from] Sandstorm
|upkeep
|turn|4
|
|t:|1660936707
|move|p2a: Charizard|Flamethrower|p1a: Magneton
|-supereffective|p1a: Magneton
|-ability|p1a: Magneton|Sturdy
|-damage|p1a: Magneton|1/100
|move|p1a: Magneton|Thunderbolt|p2a: Charizard
|-supereffective|p2a: Charizard
|-damage|p2a: Charizard|0 fnt
|faint|p2a: Charizard
|
|-weather|Sandstorm|[upkeep]
|upkeep
|
|t:|1660936713
|switch|p2a: Ribombee|Ribombee, F|100/100
|turn|5
|-enditem|p1a: Magneton|Custap Berry|[eat]
|-activate|p1a: Magneton|item: Custap Berry|[consumed]
|
|t:|1660936720
|move|p1a: Magneton|Flash Cannon|p2a: Ribombee
|-supereffective|p2a: Ribombee
|-damage|p2a: Ribombee|0 fnt
|faint|p2a: Ribombee
|
|-weather|none
|upkeep
|
|t:|1660936735
|switch|p2a: Weezing|Weezing, F|100/100
|turn|6
|
|t:|1660936739
|move|p2a: Weezing|Will-O-Wisp|p1a: Magneton
|-status|p1a: Magneton|brn
|move|p1a: Magneton|Tri Attack|p2a: Weezing
|-crit|p2a: Weezing
|-damage|p2a: Weezing|38/100
|-status|p2a: Weezing|frz
|
|-heal|p2a: Weezing|44/100 frz|[from] item: Black Sludge
|-damage|p1a: Magneton|0 fnt|[from] brn
|faint|p1a: Magneton
|upkeep
|
|t:|1660936756
|switch|p1a: Roselia|Roselia, M|100/100
|-damage|p1a: Roselia|88/100|[from] Stealth Rock
|turn|7
|
|t:|1660936763
|switch|p2a: Abomasnow|Abomasnow, M|100/100
|-weather|Hail|[from] ability: Snow Warning|[of] p2a: Abomasnow
|move|p1a: Roselia|Toxic Spikes|p2a: Abomasnow
|-sidestart|p2: pult4c1 shane|move: Toxic Spikes
|
|-weather|Hail|[upkeep]
|-damage|p1a: Roselia|82/100|[from] Hail
|upkeep
|turn|8
|
|t:|1660936771
|move|p1a: Roselia|Sleep Powder|p2a: Abomasnow
|-immune|p2a: Abomasnow
|move|p2a: Abomasnow|Blizzard|p1a: Roselia
|-supereffective|p1a: Roselia
|-damage|p1a: Roselia|0 fnt
|faint|p1a: Roselia
|
|-weather|Hail|[upkeep]
|upkeep
|inactive|Theblobfishman9 has 120 seconds left.
|
|t:|1660936802
|switch|p1a: Lycanroc|Lycanroc, M|100/100
|-damage|p1a: Lycanroc|88/100|[from] Stealth Rock
|turn|9
|
|t:|1660936822
|move|p1a: Lycanroc|Close Combat|p2a: Abomasnow
|-supereffective|p2a: Abomasnow
|-damage|p2a: Abomasnow|0 fnt
|-unboost|p1a: Lycanroc|def|1
|-unboost|p1a: Lycanroc|spd|1
|faint|p2a: Abomasnow
|
|-weather|Hail|[upkeep]
|-damage|p1a: Lycanroc|82/100|[from] Hail
|upkeep
|
|t:|1660936827
|switch|p2a: Wishiwashi|Wishiwashi, F|100/100
|-status|p2a: Wishiwashi|psn
|-formechange|p2a: Wishiwashi|Wishiwashi-School||[from] ability: Schooling
|turn|10
|j| yandaud
|
|t:|1660936836
|move|p1a: Lycanroc|Close Combat|p2a: Wishiwashi
|-damage|p2a: Wishiwashi|57/100 psn
|-unboost|p1a: Lycanroc|def|1
|-unboost|p1a: Lycanroc|spd|1
|move|p2a: Wishiwashi|Scald|p1a: Lycanroc
|-supereffective|p1a: Lycanroc
|-damage|p1a: Lycanroc|0 fnt
|faint|p1a: Lycanroc
|
|-weather|Hail|[upkeep]
|-damage|p2a: Wishiwashi|51/100 psn|[from] Hail
|-heal|p2a: Wishiwashi|57/100 psn|[from] item: Leftovers
|-damage|p2a: Wishiwashi|45/100 psn|[from] psn
|upkeep
|
|t:|1660936850
|switch|p1a: Leafeon|Leafeon, M|100/100
|-damage|p1a: Leafeon|88/100|[from] Stealth Rock
|turn|11
|
|t:|1660936858
|move|p1a: Leafeon|Leaf Blade|p2a: Wishiwashi
|-supereffective|p2a: Wishiwashi
|-damage|p2a: Wishiwashi|0 fnt
|faint|p2a: Wishiwashi
|
|-weather|none
|-heal|p1a: Leafeon|94/100|[from] item: Leftovers
|upkeep
|
|t:|1660936864
|switch|p2a: Weezing|Weezing, F|44/100 frz
|turn|12
|
|t:|1660936868
|move|p1a: Leafeon|Knock Off|p2a: Weezing
|-damage|p2a: Weezing|16/100 frz
|-enditem|p2a: Weezing|Black Sludge|[from] move: Knock Off|[of] p1a: Leafeon
|cant|p2a: Weezing|frz
|
|-heal|p1a: Leafeon|99/100|[from] item: Leftovers
|upkeep
|turn|13
|-message|pult4c1 shane forfeited.
|
|win|Theblobfishman9
|raw|Theblobfishman9's rating: 1244 &rarr; <strong>1288</strong><br />(+44 for winning)
|raw|pult4c1 shane's rating: 1600 &rarr; <strong>1565</strong><br />(-35 for losing)
|l|☆pult4c1 shane
