|j|☆bababi
|j|☆IndeedeIsKing
|t:|1649965013
|gametype|singles
|player|p1|bababi|cress|1362
|player|p2|IndeedeIsKing|harlequin|1324
|teamsize|p1|6
|teamsize|p2|6
|gen|8
|tier|[Gen 8] PU
|rated|
|rule|Sleep Clause Mod: Limit one foe put to sleep
|rule|Species Clause: Limit one of each Pokémon
|rule|OHKO Clause: OHKO moves are banned
|rule|Evasion Moves Clause: Evasion moves are banned
|rule|Endless Battle Clause: Forcing endless battles is banned
|rule|HP Percentage Mod: HP is shown in percentages
|rule|Dynamax Clause: You cannot dynamax
|clearpoke
|poke|p1|Sneasel, F|
|poke|p1|Ribombee, F|
|poke|p1|Regirock|
|poke|p1|Wishiwashi, F|
|poke|p1|Lurantis, F|
|poke|p1|Togedemaru, M|
|poke|p2|Kangaskhan, F|
|poke|p2|Gallade, M|
|poke|p2|Charizard, F|
|poke|p2|Uxie|
|poke|p2|Aromatisse, F|
|poke|p2|Lanturn, M|
|teampreview
|
|t:|1649965022
|start
|switch|p1a: Wishiwashi|Wishiwashi, F|100/100
|switch|p2a: Genghis Khan|Kangaskhan, F|100/100
|-formechange|p1a: Wishiwashi|Wishiwashi-School||[from] ability: Schooling
|turn|1
|
|t:|1649965025
|switch|p1a: Regirock|Regirock|100/100
|move|p2a: Genghis Khan|Fake Out|p1a: Regirock
|-resisted|p1a: Regirock
|-damage|p1a: Regirock|96/100
|
|-heal|p1a: Regirock|100/100|[from] item: Leftovers
|upkeep
|turn|2
|
|t:|1649965030
|switch|p2a: Simp|Gallade, M|100/100
|move|p1a: Regirock|Stealth Rock|p2a: Simp
|-sidestart|p2: IndeedeIsKing|move: Stealth Rock
|
|upkeep
|turn|3
|
|t:|1649965035
|switch|p1a: Ribombee|Ribombee, F|100/100
|move|p2a: Simp|Zen Headbutt|p1a: Ribombee
|-damage|p1a: Ribombee|0 fnt
|faint|p1a: Ribombee
|-damage|p2a: Simp|91/100|[from] item: Life Orb
|
|upkeep
|
|t:|1649965042
|switch|p1a: cope|Sneasel, F|100/100
|turn|4
|
|t:|1649965049
|move|p1a: cope|Swords Dance|p1a: cope
|-boost|p1a: cope|atk|2
|move|p2a: Simp|Close Combat|p1a: cope
|-supereffective|p1a: cope
|-damage|p1a: cope|0 fnt
|-unboost|p2a: Simp|def|1
|-unboost|p2a: Simp|spd|1
|faint|p1a: cope
|-damage|p2a: Simp|81/100|[from] item: Life Orb
|
|upkeep
|
|t:|1649965055
|switch|p1a: Wishiwashi|Wishiwashi, F|100/100
|-formechange|p1a: Wishiwashi|Wishiwashi-School||[from] ability: Schooling
|turn|5
|
|t:|1649965060
|move|p2a: Simp|Close Combat|p1a: Wishiwashi
|-damage|p1a: Wishiwashi|45/100
|-unboost|p2a: Simp|def|1
|-unboost|p2a: Simp|spd|1
|-damage|p2a: Simp|71/100|[from] item: Life Orb
|move|p1a: Wishiwashi|Scald|p2a: Simp
|-damage|p2a: Simp|0 fnt
|faint|p2a: Simp
|
|-heal|p1a: Wishiwashi|51/100|[from] item: Leftovers
|upkeep
|
|t:|1649965067
|switch|p2a: Genghis Khan|Kangaskhan, F|100/100
|-damage|p2a: Genghis Khan|88/100|[from] Stealth Rock
|turn|6
|
|t:|1649965069
|switch|p1a: Regirock|Regirock|100/100
|move|p2a: Genghis Khan|Earthquake|p1a: Regirock
|-supereffective|p1a: Regirock
|-crit|p1a: Regirock
|-damage|p1a: Regirock|63/100
|
|-heal|p1a: Regirock|69/100|[from] item: Leftovers
|upkeep
|turn|7
|
|t:|1649965074
|move|p2a: Genghis Khan|Earthquake|p1a: Regirock
|-supereffective|p1a: Regirock
|-damage|p1a: Regirock|43/100
|move|p1a: Regirock|Body Press|p2a: Genghis Khan
|-supereffective|p2a: Genghis Khan
|-damage|p2a: Genghis Khan|0 fnt
|faint|p2a: Genghis Khan
|
|-heal|p1a: Regirock|49/100|[from] item: Leftovers
|upkeep
|
|t:|1649965079
|switch|p2a: Broken|Uxie|100/100
|-damage|p2a: Broken|88/100|[from] Stealth Rock
|turn|8
|
|t:|1649965082
|move|p2a: Broken|Calm Mind|p2a: Broken
|-boost|p2a: Broken|spa|1
|-boost|p2a: Broken|spd|1
|move|p1a: Regirock|Toxic|p2a: Broken
|-status|p2a: Broken|tox
|
|-heal|p1a: Regirock|55/100|[from] item: Leftovers
|-damage|p2a: Broken|82/100 tox|[from] psn
|upkeep
|turn|9
|
|t:|1649965087
|switch|p1a: Lurantis|Lurantis, F|100/100
|move|p2a: Broken|Calm Mind|p2a: Broken
|-boost|p2a: Broken|spa|1
|-boost|p2a: Broken|spd|1
|
|-damage|p2a: Broken|69/100 tox|[from] psn
|upkeep
|turn|10
|
|t:|1649965089
|move|p2a: Broken|Stored Power|p1a: Lurantis
|-damage|p1a: Lurantis|40/100
|move|p1a: Lurantis|Leaf Storm|p2a: Broken
|-damage|p2a: Broken|54/100 tox
|-boost|p1a: Lurantis|spa|2
|
|-damage|p2a: Broken|36/100 tox|[from] psn
|upkeep
|turn|11
|
|t:|1649965095
|move|p2a: Broken|Stored Power|p1a: Lurantis
|-damage|p1a: Lurantis|0 fnt
|faint|p1a: Lurantis
|
|-damage|p2a: Broken|11/100 tox|[from] psn
|upkeep
|
|t:|1649965098
|switch|p1a: Togedemaru|Togedemaru, M|100/100
|turn|12
|
|t:|1649965105
|switch|p2a: Lanturn|Lanturn, M|100/100
|-damage|p2a: Lanturn|88/100|[from] Stealth Rock
|move|p1a: Togedemaru|Iron Head|p2a: Lanturn
|-resisted|p2a: Lanturn
|-crit|p2a: Lanturn
|-damage|p2a: Lanturn|75/100
|
|upkeep
|turn|13
|
|t:|1649965110
|move|p1a: Togedemaru|Wish|p1a: Togedemaru
|move|p2a: Lanturn|Scald|p1a: Togedemaru
|-damage|p1a: Togedemaru|71/100
|
|-heal|p1a: Togedemaru|77/100|[from] item: Leftovers
|upkeep
|turn|14
|
|t:|1649965114
|move|p1a: Togedemaru|U-turn|p2a: Lanturn
|-damage|p2a: Lanturn|53/100
|
|t:|1649965115
|switch|p1a: Wishiwashi|Wishiwashi, F|51/100|[from]move: U-turn
|-formechange|p1a: Wishiwashi|Wishiwashi-School||[from] ability: Schooling
|move|p2a: Lanturn|Discharge|p1a: Wishiwashi
|-supereffective|p1a: Wishiwashi
|-damage|p1a: Wishiwashi|0 fnt
|faint|p1a: Wishiwashi
|
|upkeep
|
|t:|1649965133
|switch|p1a: Togedemaru|Togedemaru, M|77/100
|turn|15
|
|t:|1649965136
|move|p1a: Togedemaru|Iron Head|p2a: Lanturn
|-resisted|p2a: Lanturn
|-damage|p2a: Lanturn|43/100
|cant|p2a: Lanturn|flinch
|
|-heal|p1a: Togedemaru|83/100|[from] item: Leftovers
|upkeep
|turn|16
|
|t:|1649965143
|move|p1a: Togedemaru|Iron Head|p2a: Lanturn
|-resisted|p2a: Lanturn
|-damage|p2a: Lanturn|35/100
|move|p2a: Lanturn|Scald|p1a: Togedemaru
|-crit|p1a: Togedemaru
|-damage|p1a: Togedemaru|42/100
|-status|p1a: Togedemaru|brn
|
|-heal|p1a: Togedemaru|48/100 brn|[from] item: Leftovers
|-damage|p1a: Togedemaru|42/100 brn|[from] brn
|upkeep
|turn|17
|
|t:|1649965146
|move|p1a: Togedemaru|Wish|p1a: Togedemaru
|move|p2a: Lanturn|Scald|p1a: Togedemaru
|-damage|p1a: Togedemaru|12/100 brn
|
|-heal|p1a: Togedemaru|18/100 brn|[from] item: Leftovers
|-damage|p1a: Togedemaru|12/100 brn|[from] brn
|upkeep
|turn|18
|
|t:|1649965151
|switch|p2a: Fake Dragon|Charizard, F|100/100
|move|p1a: Togedemaru|Spiky Shield||[still]
|-fail|p1a: Togedemaru
|
|-heal|p1a: Togedemaru|62/100 brn|[from] move: Wish|[wisher] Togedemaru
|-heal|p1a: Togedemaru|68/100 brn|[from] item: Leftovers
|-damage|p1a: Togedemaru|62/100 brn|[from] brn
|upkeep
|turn|19
|
|t:|1649965156
|switch|p1a: Regirock|Regirock|55/100
|move|p2a: Fake Dragon|Toxic|p1a: Regirock
|-status|p1a: Regirock|tox
|
|-heal|p1a: Regirock|61/100 tox|[from] item: Leftovers
|-damage|p1a: Regirock|55/100 tox|[from] psn
|upkeep
|turn|20
|
|t:|1649965161
|move|p2a: Fake Dragon|Flamethrower|p1a: Regirock
|-resisted|p1a: Regirock
|-damage|p1a: Regirock|39/100 tox
|move|p1a: Regirock|Rock Blast|p2a: Fake Dragon
|-supereffective|p2a: Fake Dragon
|-damage|p2a: Fake Dragon|59/100
|-supereffective|p2a: Fake Dragon
|-damage|p2a: Fake Dragon|18/100
|-hitcount|p2a: Fake Dragon|2
|
|-heal|p1a: Regirock|45/100 tox|[from] item: Leftovers
|-damage|p1a: Regirock|33/100 tox|[from] psn
|upkeep
|turn|21
|
|t:|1649965165
|move|p2a: Fake Dragon|Flamethrower|p1a: Regirock
|-resisted|p1a: Regirock
|-damage|p1a: Regirock|8/100 tox
|move|p1a: Regirock|Body Press|p2a: Fake Dragon
|-resisted|p2a: Fake Dragon
|-damage|p2a: Fake Dragon|0 fnt
|faint|p2a: Fake Dragon
|
|-heal|p1a: Regirock|14/100 tox|[from] item: Leftovers
|-damage|p1a: Regirock|0 fnt|[from] psn
|faint|p1a: Regirock
|upkeep
|
|t:|1649965173
|switch|p2a: Lanturn|Lanturn, M|35/100
|switch|p1a: Togedemaru|Togedemaru, M|62/100 brn
|-damage|p2a: Lanturn|23/100|[from] Stealth Rock
|turn|22
|
|t:|1649965175
|move|p1a: Togedemaru|Wish|p1a: Togedemaru
|move|p2a: Lanturn|Scald|p1a: Togedemaru
|-damage|p1a: Togedemaru|32/100 brn
|
|-heal|p1a: Togedemaru|38/100 brn|[from] item: Leftovers
|-damage|p1a: Togedemaru|32/100 brn|[from] brn
|upkeep
|turn|23
|
|t:|1649965180
|move|p1a: Togedemaru|Spiky Shield|p1a: Togedemaru
|-singleturn|p1a: Togedemaru|move: Protect
|move|p2a: Lanturn|Scald|p1a: Togedemaru
|-activate|p1a: Togedemaru|move: Protect
|
|-heal|p1a: Togedemaru|82/100 brn|[from] move: Wish|[wisher] Togedemaru
|-heal|p1a: Togedemaru|88/100 brn|[from] item: Leftovers
|-damage|p1a: Togedemaru|82/100 brn|[from] brn
|upkeep
|turn|24
|
|t:|1649965184
|move|p1a: Togedemaru|Wish|p1a: Togedemaru
|move|p2a: Lanturn|Scald|p1a: Togedemaru
|-damage|p1a: Togedemaru|53/100 brn
|
|-heal|p1a: Togedemaru|59/100 brn|[from] item: Leftovers
|-damage|p1a: Togedemaru|53/100 brn|[from] brn
|upkeep
|turn|25
|
|t:|1649965186
|move|p1a: Togedemaru|U-turn|p2a: Lanturn
|-damage|p2a: Lanturn|13/100
|move|p2a: Lanturn|Ice Beam|p1a: Togedemaru
|-resisted|p1a: Togedemaru
|-damage|p1a: Togedemaru|42/100 brn
|
|-heal|p1a: Togedemaru|92/100 brn|[from] move: Wish|[wisher] Togedemaru
|-heal|p1a: Togedemaru|98/100 brn|[from] item: Leftovers
|-damage|p1a: Togedemaru|92/100 brn|[from] brn
|upkeep
|turn|26
|
|t:|1649965189
|move|p1a: Togedemaru|Wish|p1a: Togedemaru
|move|p2a: Lanturn|Scald|p1a: Togedemaru
|-damage|p1a: Togedemaru|65/100 brn
|
|-heal|p1a: Togedemaru|71/100 brn|[from] item: Leftovers
|-damage|p1a: Togedemaru|65/100 brn|[from] brn
|upkeep
|turn|27
|
|t:|1649965194
|move|p1a: Togedemaru|Iron Head|p2a: Lanturn
|-resisted|p2a: Lanturn
|-damage|p2a: Lanturn|8/100
|move|p2a: Lanturn|Scald|p1a: Togedemaru
|-damage|p1a: Togedemaru|39/100 brn
|
|-heal|p1a: Togedemaru|89/100 brn|[from] move: Wish|[wisher] Togedemaru
|-heal|p1a: Togedemaru|95/100 brn|[from] item: Leftovers
|-damage|p1a: Togedemaru|89/100 brn|[from] brn
|upkeep
|turn|28
|
|t:|1649965198
|move|p1a: Togedemaru|Wish|p1a: Togedemaru
|move|p2a: Lanturn|Scald|p1a: Togedemaru
|-damage|p1a: Togedemaru|59/100 brn
|
|-heal|p1a: Togedemaru|65/100 brn|[from] item: Leftovers
|-damage|p1a: Togedemaru|59/100 brn|[from] brn
|upkeep
|turn|29
|
|t:|1649965201
|move|p1a: Togedemaru|U-turn|p2a: Lanturn
|-damage|p2a: Lanturn|0 fnt
|faint|p2a: Lanturn
|
|-heal|p1a: Togedemaru|100/100 brn|[from] move: Wish|[wisher] Togedemaru
|-damage|p1a: Togedemaru|95/100 brn|[from] brn
|upkeep
|
|t:|1649965203
|switch|p2a: Aromatisse|Aromatisse, F|100/100
|-damage|p2a: Aromatisse|88/100|[from] Stealth Rock
|turn|30
|
|t:|1649965206
|move|p1a: Togedemaru|Iron Head|p2a: Aromatisse
|-supereffective|p2a: Aromatisse
|-damage|p2a: Aromatisse|69/100
|move|p2a: Aromatisse|Wish|p2a: Aromatisse
|
|-heal|p1a: Togedemaru|100/100 brn|[from] item: Leftovers
|-heal|p2a: Aromatisse|75/100|[from] item: Leftovers
|-damage|p1a: Togedemaru|95/100 brn|[from] brn
|upkeep
|turn|31
|
|t:|1649965210
|move|p1a: Togedemaru|Iron Head|p2a: Aromatisse
|-supereffective|p2a: Aromatisse
|-damage|p2a: Aromatisse|53/100
|move|p2a: Aromatisse|Moonblast|p1a: Togedemaru
|-resisted|p1a: Togedemaru
|-damage|p1a: Togedemaru|81/100 brn
|-unboost|p1a: Togedemaru|spa|1
|
|-heal|p2a: Aromatisse|100/100|[from] move: Wish|[wisher] Aromatisse
|-heal|p1a: Togedemaru|87/100 brn|[from] item: Leftovers
|-damage|p1a: Togedemaru|81/100 brn|[from] brn
|upkeep
|turn|32
|
|t:|1649965213
|move|p1a: Togedemaru|Iron Head|p2a: Aromatisse
|-supereffective|p2a: Aromatisse
|-damage|p2a: Aromatisse|80/100
|move|p2a: Aromatisse|Wish|p2a: Aromatisse
|
|-heal|p1a: Togedemaru|87/100 brn|[from] item: Leftovers
|-heal|p2a: Aromatisse|86/100|[from] item: Leftovers
|-damage|p1a: Togedemaru|81/100 brn|[from] brn
|upkeep
|turn|33
|
|t:|1649965216
|move|p1a: Togedemaru|Iron Head|p2a: Aromatisse
|-supereffective|p2a: Aromatisse
|-damage|p2a: Aromatisse|67/100
|move|p2a: Aromatisse|Moonblast|p1a: Togedemaru
|-resisted|p1a: Togedemaru
|-damage|p1a: Togedemaru|68/100 brn
|
|-heal|p2a: Aromatisse|100/100|[from] move: Wish|[wisher] Aromatisse
|-heal|p1a: Togedemaru|74/100 brn|[from] item: Leftovers
|-damage|p1a: Togedemaru|68/100 brn|[from] brn
|upkeep
|turn|34
|
|t:|1649965222
|move|p1a: Togedemaru|Iron Head|p2a: Aromatisse
|-supereffective|p2a: Aromatisse
|-damage|p2a: Aromatisse|80/100
|move|p2a: Aromatisse|Moonblast|p1a: Togedemaru
|-resisted|p1a: Togedemaru
|-damage|p1a: Togedemaru|52/100 brn
|-unboost|p1a: Togedemaru|spa|1
|
|-heal|p1a: Togedemaru|58/100 brn|[from] item: Leftovers
|-heal|p2a: Aromatisse|86/100|[from] item: Leftovers
|-damage|p1a: Togedemaru|52/100 brn|[from] brn
|upkeep
|turn|35
|
|t:|1649965225
|move|p1a: Togedemaru|Wish|p1a: Togedemaru
|move|p2a: Aromatisse|Moonblast|p1a: Togedemaru
|-resisted|p1a: Togedemaru
|-damage|p1a: Togedemaru|38/100 brn
|-unboost|p1a: Togedemaru|spa|1
|
|-heal|p1a: Togedemaru|44/100 brn|[from] item: Leftovers
|-heal|p2a: Aromatisse|93/100|[from] item: Leftovers
|-damage|p1a: Togedemaru|38/100 brn|[from] brn
|upkeep
|turn|36
|
|t:|1649965228
|move|p1a: Togedemaru|U-turn|p2a: Aromatisse
|-resisted|p2a: Aromatisse
|-damage|p2a: Aromatisse|90/100
|move|p2a: Aromatisse|Moonblast|p1a: Togedemaru
|-resisted|p1a: Togedemaru
|-damage|p1a: Togedemaru|22/100 brn
|-unboost|p1a: Togedemaru|spa|1
|
|-heal|p1a: Togedemaru|72/100 brn|[from] move: Wish|[wisher] Togedemaru
|-heal|p1a: Togedemaru|78/100 brn|[from] item: Leftovers
|-heal|p2a: Aromatisse|96/100|[from] item: Leftovers
|-damage|p1a: Togedemaru|72/100 brn|[from] brn
|upkeep
|turn|37
|
|t:|1649965231
|move|p1a: Togedemaru|Wish|p1a: Togedemaru
|move|p2a: Aromatisse|Moonblast|p1a: Togedemaru
|-resisted|p1a: Togedemaru
|-damage|p1a: Togedemaru|59/100 brn
|
|-heal|p1a: Togedemaru|65/100 brn|[from] item: Leftovers
|-heal|p2a: Aromatisse|100/100|[from] item: Leftovers
|-damage|p1a: Togedemaru|59/100 brn|[from] brn
|upkeep
|turn|38
|
|t:|1649965232
|move|p2a: Aromatisse|Protect|p2a: Aromatisse
|-singleturn|p2a: Aromatisse|Protect
|move|p1a: Togedemaru|Iron Head|p2a: Aromatisse
|-activate|p2a: Aromatisse|move: Protect
|
|-heal|p1a: Togedemaru|100/100 brn|[from] move: Wish|[wisher] Togedemaru
|-damage|p1a: Togedemaru|95/100 brn|[from] brn
|upkeep
|turn|39
|
|t:|1649965234
|move|p1a: Togedemaru|Iron Head|p2a: Aromatisse
|-supereffective|p2a: Aromatisse
|-damage|p2a: Aromatisse|78/100
|move|p2a: Aromatisse|Moonblast|p1a: Togedemaru
|-resisted|p1a: Togedemaru
|-damage|p1a: Togedemaru|80/100 brn
|-unboost|p1a: Togedemaru|spa|1
|
|-heal|p1a: Togedemaru|86/100 brn|[from] item: Leftovers
|-heal|p2a: Aromatisse|84/100|[from] item: Leftovers
|-damage|p1a: Togedemaru|80/100 brn|[from] brn
|upkeep
|turn|40
|
|t:|1649965237
|move|p2a: Aromatisse|Protect|p2a: Aromatisse
|-singleturn|p2a: Aromatisse|Protect
|move|p1a: Togedemaru|Iron Head|p2a: Aromatisse
|-activate|p2a: Aromatisse|move: Protect
|
|-heal|p1a: Togedemaru|86/100 brn|[from] item: Leftovers
|-heal|p2a: Aromatisse|91/100|[from] item: Leftovers
|-damage|p1a: Togedemaru|80/100 brn|[from] brn
|upkeep
|turn|41
|-message|bababi forfeited.
|
|win|IndeedeIsKing
|raw|bababi's rating: 1362 &rarr; <strong>1340</strong><br />(-22 for losing)
|raw|IndeedeIsKing's rating: 1324 &rarr; <strong>1346</strong><br />(+22 for winning)
|l|☆bababi
||Ladder isn't responding, score probably updated but might not have (Request timeout).
