|j|☆DuosiBoi
|j|☆CaptainGrotle
|t:|1619255068
|gametype|singles
|player|p1|DuosiBoi|zinnia|
|player|p2|CaptainGrotle|youngster-gen4|
|teamsize|p1|6
|teamsize|p2|6
|gen|8
|tier|[Gen 8] PU
|rated|Tournament battle
|clearpoke
|poke|p1|Ribombee, F|
|poke|p1|Gallade, M|
|poke|p1|Aggron, M|
|poke|p1|Silvally-*|
|poke|p1|Jellicent, M|
|poke|p1|Charizard, M|
|poke|p2|Shuckle, F|
|poke|p2|Silvally-*|
|poke|p2|Gourgeist-*, M|
|poke|p2|Morpeko, M|
|poke|p2|Lycanroc, F|
|poke|p2|Ribombee, M|
|rule|Sleep Clause Mod: Limit one foe put to sleep
|rule|Species Clause: Limit one of each Pokémon
|rule|OHKO Clause: OHKO moves are banned
|rule|Evasion Moves Clause: Evasion moves are banned
|rule|Endless Battle Clause: Forcing endless battles is banned
|rule|HP Percentage Mod: HP is shown in percentages
|rule|Dynamax Clause: You cannot dynamax
|teampreview
|j| E6R
|
|t:|1619255085
|start
|switch|p1a: Silvally|Silvally-Fairy|100/100
|switch|p2a: Shuckle|Shuckle, F|100/100
|turn|1
|
|t:|1619255096
|move|p1a: Silvally|Toxic|p2a: Shuckle
|-status|p2a: Shuckle|tox
|move|p2a: Shuckle|Sticky Web|p1a: Silvally
|-sidestart|p1: DuosiBoi|move: Sticky Web
|
|-damage|p2a: Shuckle|94/100 tox|[from] psn
|upkeep
|turn|2
|
|t:|1619255105
|move|p1a: Silvally|Defog|p2a: Shuckle
|-unboost|p2a: Shuckle|evasion|1
|-sideend|p1: DuosiBoi|Sticky Web|[from] move: Defog|[of] p1a: Silvally
|move|p2a: Shuckle|Toxic|p1a: Silvally
|-status|p1a: Silvally|tox
|
|-damage|p1a: Silvally|94/100 tox|[from] psn
|-damage|p2a: Shuckle|82/100 tox|[from] psn
|upkeep
|turn|3
|
|t:|1619255114
|move|p1a: Silvally|Parting Shot|p2a: Shuckle
|-unboost|p2a: Shuckle|atk|1
|-unboost|p2a: Shuckle|spa|1
|
|t:|1619255120
|switch|p1a: Aggron|Aggron, M|100/100|[from]move: Parting Shot
|move|p2a: Shuckle|Sticky Web|p1a: Aggron
|-sidestart|p1: DuosiBoi|move: Sticky Web
|
|-damage|p2a: Shuckle|63/100 tox|[from] psn
|upkeep
|turn|4
|
|t:|1619255127
|move|p1a: Aggron|Head Smash|p2a: Shuckle
|-supereffective|p2a: Shuckle
|-damage|p2a: Shuckle|0 fnt
|-damage|p1a: Aggron|91/100|[from] item: Life Orb
|faint|p2a: Shuckle
|
|upkeep
|
|t:|1619255143
|switch|p2a: Morpeko|Morpeko, M|100/100
|turn|5
|
|t:|1619255150
|move|p2a: Morpeko|Aura Wheel|p1a: Aggron
|-damage|p1a: Aggron|64/100
|-boost|p2a: Morpeko|spe|1
|move|p1a: Aggron|Superpower|p2a: Morpeko
|-supereffective|p2a: Morpeko
|-damage|p2a: Morpeko|0 fnt
|-unboost|p1a: Aggron|atk|1
|-unboost|p1a: Aggron|def|1
|-damage|p1a: Aggron|54/100|[from] item: Life Orb
|faint|p2a: Morpeko
|
|upkeep
|
|t:|1619255156
|switch|p2a: Lycanroc|Lycanroc, F|100/100
|turn|6
|
|t:|1619255173
|switch|p1a: Silvally|Silvally-Fairy|94/100 tox
|-activate|p1a: Silvally|move: Sticky Web
|-unboost|p1a: Silvally|spe|1
|move|p2a: Lycanroc|Close Combat|p1a: Silvally
|-resisted|p1a: Silvally
|-damage|p1a: Silvally|78/100 tox
|-unboost|p2a: Lycanroc|def|1
|-unboost|p2a: Lycanroc|spd|1
|
|-damage|p1a: Silvally|72/100 tox|[from] psn
|upkeep
|turn|7
|
|t:|1619255183
|move|p2a: Lycanroc|Stone Edge|p1a: Silvally
|-damage|p1a: Silvally|28/100 tox
|move|p1a: Silvally|Parting Shot|p2a: Lycanroc
|-unboost|p2a: Lycanroc|atk|1
|-unboost|p2a: Lycanroc|spa|1
|
|t:|1619255194
|switch|p1a: Gallade|Gallade, M|100/100|[from]move: Parting Shot
|-activate|p1a: Gallade|move: Sticky Web
|-unboost|p1a: Gallade|spe|1
|
|upkeep
|turn|8
|
|t:|1619255202
|switch|p2a: Gourgeist|Gourgeist-Small, M|100/100
|-item|p1a: Gallade|Choice Band|[from] ability: Frisk|[of] p2a: Gourgeist|[identify]
|move|p1a: Gallade|Knock Off|p2a: Gourgeist
|-supereffective|p2a: Gourgeist
|-damage|p2a: Gourgeist|0 fnt
|-enditem|p2a: Gourgeist|Life Orb|[from] move: Knock Off|[of] p1a: Gallade
|faint|p2a: Gourgeist
|
|upkeep
|
|t:|1619255214
|switch|p2a: Silvally|Silvally-Steel|100/100
|turn|9
|
|t:|1619255222
|move|p2a: Silvally|Flame Charge|p1a: Gallade
|-damage|p1a: Gallade|76/100
|-boost|p2a: Silvally|spe|1
|move|p1a: Gallade|Knock Off|p2a: Silvally
|-damage|p2a: Silvally|62/100
|
|upkeep
|turn|10
|
|t:|1619255231
|switch|p1a: Jellicent|Jellicent, M|100/100
|-activate|p1a: Jellicent|move: Sticky Web
|-unboost|p1a: Jellicent|spe|1
|move|p2a: Silvally|Swords Dance|p2a: Silvally
|-boost|p2a: Silvally|atk|2
|
|upkeep
|turn|11
|
|t:|1619255240
|move|p2a: Silvally|Multi-Attack|p1a: Jellicent
|-resisted|p1a: Jellicent
|-damage|p1a: Jellicent|48/100
|move|p1a: Jellicent|Strength Sap|p2a: Silvally
|-unboost|p2a: Silvally|atk|1
|-heal|p1a: Jellicent|100/100
|
|upkeep
|turn|12
|
|t:|1619255247
|move|p2a: Silvally|Swords Dance|p2a: Silvally
|-boost|p2a: Silvally|atk|2
|move|p1a: Jellicent|Scald|p2a: Silvally
|-damage|p2a: Silvally|36/100
|-status|p2a: Silvally|brn
|
|-damage|p2a: Silvally|30/100 brn|[from] brn
|upkeep
|turn|13
|-message|CaptainGrotle forfeited.
|
|win|DuosiBoi
|n|☆DuosiBoi|duosiboi
|n|☆CaptainGrotle|captaingrotle
|n| E6R|e6r
