|j|‽hereforfunfun
|j|☆nubs down bad
|t:|1609858315
|player|p1|hereforfunfun|169|
|player|p2|nubs down bad|lass-gen4dp|
|teamsize|p1|6
|teamsize|p2|6
|gametype|singles
|gen|8
|tier|[Gen 8] PU
|rated|Tournament battle
|clearpoke
|poke|p1|Regirock|
|poke|p1|Vaporeon, M|
|poke|p1|Virizion|
|poke|p1|Articuno|
|poke|p1|Weezing, F|
|poke|p1|Claydol|
|poke|p2|Guzzlord|
|poke|p2|Coalossal, M|
|poke|p2|Weezing, M|
|poke|p2|Tsareena, F|
|poke|p2|Silvally-*|
|poke|p2|Palossand, M|
|rule|Sleep Clause Mod: Limit one foe put to sleep
|rule|Species Clause: Limit one of each Pokémon
|rule|OHKO Clause: OHKO moves are banned
|rule|Evasion Moves Clause: Evasion moves are banned
|rule|Endless Battle Clause: Forcing endless battles is banned
|rule|HP Percentage Mod: HP is shown in percentages
|rule|Dynamax Clause: You cannot dynamax
|teampreview
|inactive|Battle timer is ON: inactive players will automatically lose when time's up. (requested by nubs down bad)
|c|☆nubs down bad|Hf
|
|t:|1609858347
|start
|switch|p1a: Weezing|Weezing, F|100/100
|switch|p2a: Palossand|Palossand, M|100/100
|-ability|p1a: Weezing|Neutralizing Gas
|turn|1
|inactive|hereforfunfun has 120 seconds left.
|inactive|hereforfunfun has 90 seconds left.
|j|+termiii
|
|t:|1609858412
|move|p1a: Weezing|Toxic Spikes|p2a: Palossand
|-sidestart|p2: nubs down bad|move: Toxic Spikes
|move|p2a: Palossand|Stealth Rock|p1a: Weezing
|-sidestart|p1: hereforfunfun|move: Stealth Rock
|
|upkeep
|turn|2
|inactive|hereforfunfun has 90 seconds left.
|
|t:|1609858422
|switch|p1a: Articuno|Articuno|100/100
|-ability|p1a: Articuno|Pressure
|move|p2a: Palossand|Toxic|p1a: Articuno
|-status|p1a: Articuno|tox
|
|-damage|p1a: Articuno|94/100 tox|[from] psn
|upkeep
|turn|3
|
|t:|1609858428
|switch|p1a: Vaporeon|Vaporeon, M|100/100
|-damage|p1a: Vaporeon|88/100|[from] Stealth Rock
|switch|p2a: Coalossal|Coalossal, M|100/100
|
|-heal|p1a: Vaporeon|94/100|[from] item: Leftovers
|upkeep
|turn|4
|
|t:|1609858435
|switch|p2a: Guzzlord|Guzzlord|100/100
|move|p1a: Vaporeon|Scald|p2a: Guzzlord
|-resisted|p2a: Guzzlord
|-damage|p2a: Guzzlord|91/100
|
|-heal|p1a: Vaporeon|99/100|[from] item: Leftovers
|upkeep
|turn|5
|
|t:|1609858440
|move|p1a: Vaporeon|Protect|p1a: Vaporeon
|-singleturn|p1a: Vaporeon|Protect
|move|p2a: Guzzlord|Knock Off|p1a: Vaporeon
|-activate|p1a: Vaporeon|move: Protect
|
|-heal|p1a: Vaporeon|100/100|[from] item: Leftovers
|upkeep
|turn|6
|
|t:|1609858448
|switch|p1a: Virizion|Virizion|100/100
|-damage|p1a: Virizion|94/100|[from] Stealth Rock
|move|p2a: Guzzlord|Knock Off|p1a: Virizion
|-resisted|p1a: Virizion
|-damage|p1a: Virizion|75/100
|-ability|p1a: Virizion|Justified|boost
|-boost|p1a: Virizion|atk|1
|-enditem|p1a: Virizion|Leftovers|[from] move: Knock Off|[of] p2a: Guzzlord
|
|upkeep
|turn|7
|inactive|hereforfunfun has 120 seconds left.
|
|t:|1609858454
|switch|p1a: Claydol|Claydol|100/100
|-damage|p1a: Claydol|94/100|[from] Stealth Rock
|switch|p2a: Weezing|Weezing, M|100/100
|
|-heal|p1a: Claydol|100/100|[from] item: Leftovers
|upkeep
|turn|8
|
|t:|1609858465
|switch|p2a: Guzzlord|Guzzlord|91/100
|move|p1a: Claydol|Rapid Spin|p2a: Guzzlord
|-damage|p2a: Guzzlord|86/100
|-boost|p1a: Claydol|spe|1
|-sideend|p1: hereforfunfun|Stealth Rock|[from] move: Rapid Spin|[of] p1a: Claydol
|
|upkeep
|turn|9
|
|t:|1609858471
|move|p1a: Claydol|Toxic|p2a: Guzzlord
|-status|p2a: Guzzlord|tox
|move|p2a: Guzzlord|Dragon Tail|p1a: Claydol
|-damage|p1a: Claydol|78/100
|drag|p1a: Regirock|Regirock|100/100
|
|-damage|p2a: Guzzlord|80/100 tox|[from] psn
|upkeep
|turn|10
|
|t:|1609858485
|switch|p2a: Coalossal|Coalossal, M|100/100
|move|p1a: Regirock|Curse|p1a: Regirock
|-unboost|p1a: Regirock|spe|1
|-boost|p1a: Regirock|atk|1
|-boost|p1a: Regirock|def|1
|
|upkeep
|turn|11
|
|t:|1609858491
|move|p2a: Coalossal|Rapid Spin|p1a: Regirock
|-resisted|p1a: Regirock
|-damage|p1a: Regirock|99/100
|-boost|p2a: Coalossal|spe|1
|-sideend|p2: nubs down bad|Toxic Spikes|[from] move: Rapid Spin|[of] p2a: Coalossal
|move|p1a: Regirock|Rock Slide|p2a: Coalossal|[miss]
|-miss|p1a: Regirock|p2a: Coalossal
|
|-heal|p1a: Regirock|100/100|[from] item: Leftovers
|upkeep
|turn|12
|
|t:|1609858498
|switch|p2a: Palossand|Palossand, M|100/100
|switch|p1a: Weezing|Weezing, F|100/100
|-ability|p1a: Weezing|Neutralizing Gas
|
|upkeep
|turn|13
|
|t:|1609858506
|move|p1a: Weezing|Toxic Spikes|p2a: Palossand
|-sidestart|p2: nubs down bad|move: Toxic Spikes
|move|p2a: Palossand|Scorching Sands|p1a: Weezing
|-supereffective|p1a: Weezing
|-damage|p1a: Weezing|39/100
|
|-heal|p1a: Weezing|45/100|[from] item: Black Sludge
|upkeep
|turn|14
|
|t:|1609858527
|switch|p1a: Vaporeon|Vaporeon, M|100/100
|move|p2a: Palossand|Stealth Rock|p1a: Vaporeon
|-sidestart|p1: hereforfunfun|move: Stealth Rock
|
|upkeep
|turn|15
|
|t:|1609858533
|switch|p2a: Guzzlord|Guzzlord|80/100 tox
|move|p1a: Vaporeon|Wish|p1a: Vaporeon
|
|-damage|p2a: Guzzlord|74/100 tox|[from] psn
|upkeep
|turn|16
|
|t:|1609858539
|switch|p1a: Virizion|Virizion|75/100
|-damage|p1a: Virizion|69/100|[from] Stealth Rock
|move|p2a: Guzzlord|Rest|p2a: Guzzlord
|-status|p2a: Guzzlord|slp|[from] move: Rest
|-heal|p2a: Guzzlord|100/100 slp|[silent]
|
|-heal|p1a: Virizion|100/100|[from] move: Wish|[wisher] Vaporeon
|upkeep
|turn|17
|
|t:|1609858548
|switch|p1a: Claydol|Claydol|78/100
|-damage|p1a: Claydol|72/100|[from] Stealth Rock
|switch|p2a: Weezing|Weezing, M|100/100
|
|-heal|p1a: Claydol|78/100|[from] item: Leftovers
|upkeep
|turn|18
|
|t:|1609858559
|switch|p2a: Guzzlord|Guzzlord|100/100 slp
|move|p1a: Claydol|Rapid Spin|p2a: Guzzlord
|-damage|p2a: Guzzlord|96/100 slp
|-boost|p1a: Claydol|spe|1
|-sideend|p1: hereforfunfun|Stealth Rock|[from] move: Rapid Spin|[of] p1a: Claydol
|
|-heal|p1a: Claydol|84/100|[from] item: Leftovers
|upkeep
|turn|19
|j| larssie262
|
|t:|1609858566
|switch|p1a: Virizion|Virizion|100/100
|cant|p2a: Guzzlord|slp
|move|p2a: Guzzlord|Sleep Talk|p2a: Guzzlord
|move|p2a: Guzzlord|Knock Off|p1a: Virizion|[from]move: Sleep Talk
|-resisted|p1a: Virizion
|-damage|p1a: Virizion|89/100
|-ability|p1a: Virizion|Justified|boost
|-boost|p1a: Virizion|atk|1
|
|upkeep
|turn|20
|
|t:|1609858571
|switch|p1a: Claydol|Claydol|84/100
|switch|p2a: Weezing|Weezing, M|100/100
|
|-heal|p1a: Claydol|90/100|[from] item: Leftovers
|upkeep
|turn|21
|
|t:|1609858575
|switch|p2a: Guzzlord|Guzzlord|96/100 slp
|move|p1a: Claydol|Stealth Rock|p2a: Guzzlord
|-sidestart|p2: nubs down bad|move: Stealth Rock
|
|-heal|p1a: Claydol|96/100|[from] item: Leftovers
|upkeep
|turn|22
|
|t:|1609858584
|switch|p1a: Virizion|Virizion|89/100
|cant|p2a: Guzzlord|slp
|move|p2a: Guzzlord|Sleep Talk|p2a: Guzzlord
|move|p2a: Guzzlord|Dragon Tail|p1a: Virizion|[from]move: Sleep Talk
|-damage|p1a: Virizion|66/100
|drag|p1a: Vaporeon|Vaporeon, M|100/100
|
|upkeep
|turn|23
|
|t:|1609858596
|switch|p1a: Virizion|Virizion|66/100
|-curestatus|p2a: Guzzlord|slp|[msg]
|move|p2a: Guzzlord|Knock Off|p1a: Virizion
|-resisted|p1a: Virizion
|-damage|p1a: Virizion|53/100
|-ability|p1a: Virizion|Justified|boost
|-boost|p1a: Virizion|atk|1
|
|upkeep
|turn|24
|
|t:|1609858601
|switch|p2a: Weezing|Weezing, M|100/100
|-damage|p2a: Weezing|88/100|[from] Stealth Rock
|move|p1a: Virizion|Synthesis|p1a: Virizion
|-heal|p1a: Virizion|100/100
|
|upkeep
|turn|25
|
|t:|1609858607
|switch|p1a: Claydol|Claydol|96/100
|move|p2a: Weezing|Toxic Spikes|p1a: Claydol
|-sidestart|p1: hereforfunfun|move: Toxic Spikes
|
|-heal|p1a: Claydol|100/100|[from] item: Leftovers
|upkeep
|turn|26
|
|t:|1609858620
|switch|p1a: Weezing|Weezing, F|45/100
|-ability|p1a: Weezing|Neutralizing Gas
|-sideend|p1: hereforfunfun|move: Toxic Spikes|[of] p1a: Weezing
|switch|p2a: Coalossal|Coalossal, M|100/100
|
|-heal|p1a: Weezing|51/100|[from] item: Black Sludge
|upkeep
|turn|27
|
|t:|1609858634
|move|p1a: Weezing|Sludge Bomb|p2a: Coalossal
|-resisted|p2a: Coalossal
|-damage|p2a: Coalossal|87/100
|move|p2a: Coalossal|Rapid Spin|p1a: Weezing
|-damage|p1a: Weezing|42/100
|-boost|p2a: Coalossal|spe|1
|-sideend|p2: nubs down bad|Toxic Spikes|[from] move: Rapid Spin|[of] p2a: Coalossal
|-sideend|p2: nubs down bad|Stealth Rock|[from] move: Rapid Spin|[of] p2a: Coalossal
|
|-heal|p1a: Weezing|48/100|[from] item: Black Sludge
|upkeep
|turn|28
|
|t:|1609858642
|move|p1a: Weezing|Pain Split|p2a: Coalossal
|-sethp|p2a: Coalossal|62/100|[from] move: Pain Split|[silent]
|-sethp|p1a: Weezing|79/100|[from] move: Pain Split
|move|p2a: Coalossal|Spikes|p1a: Weezing
|-sidestart|p1: hereforfunfun|Spikes
|
|-heal|p1a: Weezing|85/100|[from] item: Black Sludge
|upkeep
|turn|29
|
|t:|1609858673
|switch|p2a: Weezing|Weezing, M|88/100
|move|p1a: Weezing|Toxic Spikes|p2a: Weezing
|-sidestart|p2: nubs down bad|move: Toxic Spikes
|
|-heal|p1a: Weezing|91/100|[from] item: Black Sludge
|upkeep
|turn|30
|
|t:|1609858680
|move|p2a: Weezing|Toxic Spikes|p1a: Weezing
|-sidestart|p1: hereforfunfun|move: Toxic Spikes
|move|p1a: Weezing|Flamethrower|p2a: Weezing
|-damage|p2a: Weezing|64/100
|-status|p2a: Weezing|brn
|
|-heal|p1a: Weezing|97/100|[from] item: Black Sludge
|-damage|p2a: Weezing|58/100 brn|[from] brn
|upkeep
|turn|31
|
|t:|1609858686
|switch|p1a: Claydol|Claydol|100/100
|move|p2a: Weezing|Pain Split|p1a: Claydol
|-sethp|p1a: Claydol|80/100|[from] move: Pain Split|[silent]
|-sethp|p2a: Weezing|77/100 brn|[from] move: Pain Split
|
|-heal|p1a: Claydol|86/100|[from] item: Leftovers
|-damage|p2a: Weezing|71/100 brn|[from] brn
|upkeep
|turn|32
|
|t:|1609858691
|switch|p2a: Palossand|Palossand, M|100/100
|-status|p2a: Palossand|psn
|move|p1a: Claydol|Stealth Rock|p2a: Palossand
|-sidestart|p2: nubs down bad|move: Stealth Rock
|
|-heal|p1a: Claydol|92/100|[from] item: Leftovers
|-damage|p2a: Palossand|88/100 psn|[from] psn
|upkeep
|turn|33
|
|t:|1609858697
|switch|p1a: Articuno|Articuno|94/100 tox
|-ability|p1a: Articuno|Pressure
|move|p2a: Palossand|Stealth Rock|p1a: Articuno
|-sidestart|p1: hereforfunfun|move: Stealth Rock
|
|-damage|p1a: Articuno|88/100 tox|[from] psn
|-damage|p2a: Palossand|76/100 psn|[from] psn
|upkeep
|turn|34
|
|t:|1609858715
|switch|p2a: Guzzlord|Guzzlord|96/100
|move|p1a: Articuno|Defog|p2a: Guzzlord
|-unboost|p2a: Guzzlord|evasion|1
|-sideend|p2: nubs down bad|Toxic Spikes|[from] move: Defog|[of] p1a: Articuno
|-sideend|p2: nubs down bad|Stealth Rock|[from] move: Defog|[of] p1a: Articuno
|-sideend|p1: hereforfunfun|Spikes|[from] move: Defog|[of] p1a: Articuno
|-sideend|p1: hereforfunfun|Toxic Spikes|[from] move: Defog|[of] p1a: Articuno
|-sideend|p1: hereforfunfun|Stealth Rock|[from] move: Defog|[of] p1a: Articuno
|
|-damage|p1a: Articuno|76/100 tox|[from] psn
|upkeep
|turn|35
|
|t:|1609858724
|switch|p1a: Virizion|Virizion|100/100
|switch|p2a: Tsareena|Tsareena, F|100/100
|
|upkeep
|turn|36
|l| larssie262
|
|t:|1609858747
|move|p2a: Tsareena|Triple Axel|p1a: Virizion
|-supereffective|p1a: Virizion
|-damage|p1a: Virizion|84/100
|-supereffective|p1a: Virizion
|-damage|p1a: Virizion|53/100
|-supereffective|p1a: Virizion
|-damage|p1a: Virizion|5/100
|-hitcount|p1a: Virizion|3
|move|p1a: Virizion|Toxic|p2a: Tsareena
|-status|p2a: Tsareena|tox
|
|-damage|p2a: Tsareena|95/100 tox|[from] psn
|upkeep
|turn|37
|
|t:|1609858759
|switch|p1a: Vaporeon|Vaporeon, M|100/100
|move|p2a: Tsareena|Triple Axel|p1a: Vaporeon|[miss]
|-miss|p2a: Tsareena|p1a: Vaporeon
|
|-damage|p2a: Tsareena|83/100 tox|[from] psn
|upkeep
|turn|38
|
|t:|1609858764
|switch|p2a: Guzzlord|Guzzlord|96/100
|move|p1a: Vaporeon|Heal Bell|p1a: Vaporeon
|-activate|p1a: Vaporeon|move: Heal Bell
|-curestatus|p1: Articuno|tox|[msg]
|
|upkeep
|turn|39
|
|t:|1609858769
|move|p1a: Vaporeon|Wish|p1a: Vaporeon
|move|p2a: Guzzlord|Knock Off|p1a: Vaporeon
|-damage|p1a: Vaporeon|75/100
|-enditem|p1a: Vaporeon|Leftovers|[from] move: Knock Off|[of] p2a: Guzzlord
|
|upkeep
|turn|40
|
|t:|1609858774
|move|p1a: Vaporeon|Scald|p2a: Guzzlord
|-resisted|p2a: Guzzlord
|-damage|p2a: Guzzlord|87/100
|-status|p2a: Guzzlord|brn
|move|p2a: Guzzlord|Knock Off|p1a: Vaporeon
|-damage|p1a: Vaporeon|67/100
|
|-heal|p1a: Vaporeon|100/100|[from] move: Wish|[wisher] Vaporeon
|-damage|p2a: Guzzlord|81/100 brn|[from] brn
|upkeep
|turn|41
|
|t:|1609858782
|switch|p2a: Palossand|Palossand, M|76/100 psn
|move|p1a: Vaporeon|Wish|p1a: Vaporeon
|
|-damage|p2a: Palossand|64/100 psn|[from] psn
|upkeep
|turn|42
|
|t:|1609858793
|switch|p1a: Articuno|Articuno|76/100
|-ability|p1a: Articuno|Pressure
|switch|p2a: Tsareena|Tsareena, F|83/100 tox
|
|-heal|p1a: Articuno|100/100|[from] move: Wish|[wisher] Vaporeon
|-damage|p2a: Tsareena|77/100 tox|[from] psn
|upkeep
|turn|43
|
|t:|1609858802
|move|p2a: Tsareena|U-turn|p1a: Articuno
|-resisted|p1a: Articuno
|-crit|p1a: Articuno
|-damage|p1a: Articuno|84/100
|
|t:|1609858805
|switch|p2a: Coalossal|Coalossal, M|62/100|[from]move: U-turn
|move|p1a: Articuno|Freeze-Dry|p2a: Coalossal
|-resisted|p2a: Coalossal
|-damage|p2a: Coalossal|51/100
|
|upkeep
|turn|44
|
|t:|1609858810
|switch|p1a: Claydol|Claydol|92/100
|move|p2a: Coalossal|Spikes|p1a: Claydol
|-sidestart|p1: hereforfunfun|Spikes
|
|-heal|p1a: Claydol|98/100|[from] item: Leftovers
|upkeep
|turn|45
|
|t:|1609858816
|switch|p2a: Palossand|Palossand, M|64/100 psn
|move|p1a: Claydol|Stealth Rock|p2a: Palossand
|-sidestart|p2: nubs down bad|move: Stealth Rock
|
|-heal|p1a: Claydol|100/100|[from] item: Leftovers
|-damage|p2a: Palossand|51/100 psn|[from] psn
|upkeep
|turn|46
|
|t:|1609858821
|move|p1a: Claydol|Psychic|p2a: Palossand
|-damage|p2a: Palossand|25/100 psn
|move|p2a: Palossand|Shore Up|p2a: Palossand
|-heal|p2a: Palossand|75/100 psn
|
|-damage|p2a: Palossand|62/100 psn|[from] psn
|upkeep
|turn|47
|
|t:|1609858825
|switch|p2a: Silvally|Silvally-Steel|100/100
|-damage|p2a: Silvally|94/100|[from] Stealth Rock
|move|p1a: Claydol|Psychic|p2a: Silvally
|-resisted|p2a: Silvally
|-crit|p2a: Silvally
|-damage|p2a: Silvally|77/100
|
|upkeep
|turn|48
|
|t:|1609858832
|move|p2a: Silvally|Swords Dance|p2a: Silvally
|-boost|p2a: Silvally|atk|2
|move|p1a: Claydol|Rapid Spin|p2a: Silvally
|-resisted|p2a: Silvally
|-damage|p2a: Silvally|74/100
|-boost|p1a: Claydol|spe|1
|-sideend|p1: hereforfunfun|Spikes|[from] move: Rapid Spin|[of] p1a: Claydol
|
|upkeep
|turn|49
|
|t:|1609858847
|switch|p1a: Vaporeon|Vaporeon, M|100/100
|move|p2a: Silvally|Multi-Attack|p1a: Vaporeon
|-resisted|p1a: Vaporeon
|-damage|p1a: Vaporeon|65/100
|
|upkeep
|turn|50
|
|t:|1609858867
|move|p2a: Silvally|Swords Dance|p2a: Silvally
|-boost|p2a: Silvally|atk|2
|move|p1a: Vaporeon|Scald|p2a: Silvally
|-damage|p2a: Silvally|41/100
|
|upkeep
|turn|51
|j| larssie262
|inactive|nubs down bad has 120 seconds left.
|l| larssie262
|
|t:|1609858911
|switch|p1a: Regirock|Regirock|100/100
|move|p2a: Silvally|Multi-Attack|p1a: Regirock
|-supereffective|p1a: Regirock
|-damage|p1a: Regirock|0 fnt
|faint|p1a: Regirock
|
|upkeep
|
|t:|1609858922
|switch|p1a: Virizion|Virizion|5/100
|turn|52
|inactive|nubs down bad has 90 seconds left.
|inactive|nubs down bad has 60 seconds left.
|
|t:|1609858989
|move|p1a: Virizion|Synthesis|p1a: Virizion
|-heal|p1a: Virizion|55/100
|move|p2a: Silvally|Multi-Attack|p1a: Virizion
|-damage|p1a: Virizion|0 fnt
|faint|p1a: Virizion
|
|upkeep
|
|t:|1609858993
|switch|p1a: Weezing|Weezing, F|97/100
|-ability|p1a: Weezing|Neutralizing Gas
|turn|53
|j| SteroidSteelix
|inactive|nubs down bad has 60 seconds left.
|
|t:|1609859003
|move|p2a: Silvally|Multi-Attack|p1a: Weezing
|-damage|p1a: Weezing|0 fnt
|faint|p1a: Weezing
|
|upkeep
|
|t:|1609859008
|switch|p1a: Articuno|Articuno|84/100
|-ability|p1a: Articuno|Pressure
|turn|54
|-message|hereforfunfun forfeited.
|
|win|nubs down bad
|n|‽hereforfunfun|hereforfunfun
|n|☆nubs down bad|nubsdownbad
|n| termiii|termiii
|n| SteroidSteelix|steroidsteelix
|l|‽hereforfunfun
|l| SteroidSteelix
