|j|☆zs
|j|☆Lambovino
|t:|1665693818
|gametype|singles
|player|p1|zs|#scl2machines|
|player|p2|Lambovino|#scl2spartans|
|teamsize|p1|6
|teamsize|p2|6
|gen|8
|tier|[Gen 8] PU
|rule|Sleep Clause Mod: Limit one foe put to sleep
|rule|Species Clause: Limit one of each Pokémon
|rule|OHKO Clause: OHKO moves are banned
|rule|Evasion Items Clause: Evasion items are banned
|rule|Evasion Moves Clause: Evasion moves are banned
|rule|Endless Battle Clause: Forcing endless battles is banned
|rule|HP Percentage Mod: HP is shown in percentages
|rule|Dynamax Clause: You cannot dynamax
|clearpoke
|poke|p1|Audino, F|
|poke|p1|Cryogonal|
|poke|p1|Clefairy, M|
|poke|p1|Silvally-*|
|poke|p1|Palossand, F|
|poke|p1|Quagsire, M|
|poke|p2|Gigalith, F|
|poke|p2|Ferroseed, M|
|poke|p2|Sandslash, F|
|poke|p2|Articuno-Galar|
|poke|p2|Sableye, F|
|poke|p2|Ribombee, M|
|teampreview
|c|☆zs|hf
|c|☆Lambovino|hf
|j| Micciu20250
|j| Phxo'
|j|+Dragonillis
|j| Papichef
|j| Louna
|j| Cherbou
|l| Louna
|c| Phxo'|GO LAMBO
|j| Nael222
|c| Papichef|beurk
|j| OUTD Chaf
|j| Beka ❤
|c| OUTD Chaf|GO LAMBO
|j| Bhalal
|j|+SFG
|c| Nael222|g vomi
|j| Akany
|j| lulu qlf
|j| Louna
|j| PokemonCestDur
|
|t:|1665693873
|start
|switch|p1a: Clefairy|Clefairy, M|100/100
|switch|p2a: Gigalith|Gigalith, F|100/100
|-weather|Sandstorm|[from] ability: Sand Stream|[of] p2a: Gigalith
|turn|1
|j| Student of Sinnoh
|
|t:|1665693881
|move|p1a: Clefairy|Toxic|p2a: Gigalith
|-status|p2a: Gigalith|tox
|move|p2a: Gigalith|Stealth Rock|p1a: Clefairy
|-sidestart|p1: zs|move: Stealth Rock
|
|-weather|Sandstorm|[upkeep]
|-damage|p2a: Gigalith|94/100 tox|[from] psn
|upkeep
|turn|2
|j| Frrf
|c| Micciu20250|LAMBO
|j| Adri
|j| wertsd26
|j| Menacce17
|j| Coat Black
|j| Gelbel3c
|j| Rondoudou
|j| Sirwings
|j|+Staxi
|j| OUTDiddy Kong
|c| Student of Sinnoh|vino
|c| Coat Black|SCL ?
|inactive|Battle timer is ON: inactive players will automatically lose when time's up. (requested by Lambovino)
|c| Nael222|c pas un S c un F
|
|t:|1665693941
|switch|p2a: Ferroseed|Ferroseed, M|100/100
|move|p1a: Clefairy|Toxic|p2a: Ferroseed
|-immune|p2a: Ferroseed
|
|-weather|Sandstorm|[upkeep]
|upkeep
|turn|3
|j| Spoire 45
|
|t:|1665693948
|move|p1a: Clefairy|Seismic Toss|p2a: Ferroseed
|-damage|p2a: Ferroseed|66/100
|-activate|p2a: Ferroseed|ability: Iron Barbs
|move|p2a: Ferroseed|Knock Off|p1a: Clefairy
|-resisted|p1a: Clefairy
|-damage|p1a: Clefairy|94/100
|-enditem|p1a: Clefairy|Eviolite|[from] move: Knock Off|[of] p2a: Ferroseed
|
|-weather|Sandstorm|[upkeep]
|upkeep
|turn|4
|j|+Wally
|j| Prodigezz
|
|t:|1665693959
|switch|p2a: Articuno|Articuno-Galar|100/100
|move|p1a: Clefairy|Seismic Toss|p2a: Articuno
|-damage|p2a: Articuno|73/100
|
|-weather|Sandstorm|[upkeep]
|-damage|p2a: Articuno|67/100|[from] Sandstorm
|upkeep
|turn|5
|j| DL Ecca
|c| Prodigezz|ta stall a l'air mieux que la mienne
|c| Prodigezz|:zs:
|j| Giga㋛Chandelure-☂
|inactive|zs has 270 seconds left.
|j| the new leftiez
|
|t:|1665693991
|move|p2a: Articuno|Future Sight|p1a: Clefairy
|-start|p2a: Articuno|move: Future Sight
|move|p1a: Clefairy|Soft-Boiled|p1a: Clefairy
|-heal|p1a: Clefairy|100/100
|
|-weather|Sandstorm|[upkeep]
|-damage|p2a: Articuno|61/100|[from] Sandstorm
|upkeep
|turn|6
|l| Beka ❤
|c|☆zs|c'est vrai
|c|☆zs|:henry:
|
|t:|1665694015
|move|p2a: Articuno|Hurricane|p1a: Clefairy
|-damage|p1a: Clefairy|49/100
|move|p1a: Clefairy|Toxic|p2a: Articuno
|-status|p2a: Articuno|tox
|
|-weather|Sandstorm|[upkeep]
|-damage|p2a: Articuno|55/100 tox|[from] Sandstorm
|-damage|p2a: Articuno|48/100 tox|[from] psn
|upkeep
|turn|7
|j| Trezac
|
|t:|1665694026
|switch|p1a: Cryogonal|Cryogonal|100/100
|move|p2a: Articuno|Recover|p2a: Articuno
|-heal|p2a: Articuno|99/100 tox
|
|-weather|Sandstorm|[upkeep]
|-damage|p2a: Articuno|92/100 tox|[from] Sandstorm
|-damage|p1a: Cryogonal|94/100|[from] Sandstorm
|-end|p1a: Cryogonal|move: Future Sight
|-damage|p1a: Cryogonal|55/100
|-damage|p2a: Articuno|80/100 tox|[from] psn
|upkeep
|turn|8
|j| Beka ❤
|l| Spoire 45
|l| OUTDiddy Kong
|inactive|Lambovino has 270 seconds left.
|
|t:|1665694050
|switch|p2a: Gigalith|Gigalith, F|94/100 tox
|move|p1a: Cryogonal|Recover|p1a: Cryogonal
|-heal|p1a: Cryogonal|100/100
|
|-weather|none
|-damage|p2a: Gigalith|88/100 tox|[from] psn
|upkeep
|turn|9
|j| Boulicrok
|
|t:|1665694064
|switch|p1a: Palossand|Palossand, F|100/100
|-damage|p1a: Palossand|94/100|[from] Stealth Rock
|move|p2a: Gigalith|Toxic|p1a: Palossand|[miss]
|-miss|p2a: Gigalith|p1a: Palossand
|
|-damage|p2a: Gigalith|76/100 tox|[from] psn
|upkeep
|turn|10
|
|t:|1665694078
|switch|p2a: Ribombee|Ribombee, M|100/100
|move|p1a: Palossand|Stealth Rock|p2a: Ribombee
|-sidestart|p2: Lambovino|move: Stealth Rock
|
|upkeep
|turn|11
|
|t:|1665694083
|move|p2a: Ribombee|Aromatherapy|p2a: Ribombee
|-activate|p2a: Ribombee|move: Aromatherapy
|-curestatus|p2: Articuno|tox|[msg]
|-curestatus|p2: Gigalith|tox|[msg]
|move|p1a: Palossand|Stone Edge|p2a: Ribombee
|-supereffective|p2a: Ribombee
|-damage|p2a: Ribombee|30/100
|
|upkeep
|turn|12
|j| Cousiin
|j| Jeza.p
|j|@ironwater@!
|
|t:|1665694113
|switch|p2a: Ferroseed|Ferroseed, M|66/100
|-damage|p2a: Ferroseed|60/100|[from] Stealth Rock
|switch|p1a: Audino|Audino, F|100/100
|-damage|p1a: Audino|88/100|[from] Stealth Rock
|
|-heal|p1a: Audino|94/100|[from] item: Leftovers
|upkeep
|turn|13
|l| Beka ❤
|
|t:|1665694119
|move|p1a: Audino|Knock Off|p2a: Ferroseed
|-damage|p2a: Ferroseed|50/100
|-damage|p1a: Audino|82/100|[from] ability: Iron Barbs|[of] p2a: Ferroseed
|-enditem|p2a: Ferroseed|Eviolite|[from] move: Knock Off|[of] p1a: Audino
|move|p2a: Ferroseed|Leech Seed|p1a: Audino
|-start|p1a: Audino|move: Leech Seed
|
|-heal|p1a: Audino|88/100|[from] item: Leftovers
|-damage|p1a: Audino|75/100|[from] Leech Seed|[of] p2a: Ferroseed
|-heal|p2a: Ferroseed|68/100|[silent]
|upkeep
|turn|14
|
|t:|1665694126
|switch|p1a: Silvally|Silvally-Steel|100/100
|-damage|p1a: Silvally|94/100|[from] Stealth Rock
|move|p2a: Ferroseed|Spikes|p1a: Silvally
|-sidestart|p1: zs|Spikes
|
|upkeep
|turn|15
|l| wertsd26
|l| PokemonCestDur
|inactive|Lambovino has 270 seconds left.
|j| wertsd26
|j| Nassimmoule
|j| PokemonCestDur
|j| Schizoption
|
|t:|1665694181
|switch|p2a: Sandslash|Sandslash, F|100/100
|-damage|p2a: Sandslash|94/100|[from] Stealth Rock
|move|p1a: Silvally|Defog|p2a: Sandslash
|-unboost|p2a: Sandslash|evasion|1
|-sideend|p2: Lambovino|Stealth Rock|[from] move: Defog|[of] p1a: Silvally
|-sideend|p1: zs|Spikes|[from] move: Defog|[of] p1a: Silvally
|-sideend|p1: zs|Stealth Rock|[from] move: Defog|[of] p1a: Silvally
|
|-heal|p2a: Sandslash|100/100|[from] item: Leftovers
|upkeep
|turn|16
|
|t:|1665694189
|switch|p1a: Quagsire|Quagsire, M|100/100
|move|p2a: Sandslash|Knock Off|p1a: Quagsire
|-damage|p1a: Quagsire|79/100
|-enditem|p1a: Quagsire|Leftovers|[from] move: Knock Off|[of] p2a: Sandslash
|
|upkeep
|turn|17
|inactive|Lambovino has 240 seconds left.
|
|t:|1665694212
|switch|p2a: Articuno|Articuno-Galar|80/100
|move|p1a: Quagsire|Recover|p1a: Quagsire
|-heal|p1a: Quagsire|100/100
|
|upkeep
|turn|18
|
|t:|1665694220
|switch|p1a: Cryogonal|Cryogonal|100/100
|move|p2a: Articuno|Future Sight|p1a: Cryogonal
|-start|p2a: Articuno|move: Future Sight
|
|upkeep
|turn|19
|
|t:|1665694225
|switch|p2a: Gigalith|Gigalith, F|76/100
|-weather|Sandstorm|[from] ability: Sand Stream|[of] p2a: Gigalith
|move|p1a: Cryogonal|Toxic|p2a: Gigalith
|-status|p2a: Gigalith|tox
|
|-weather|Sandstorm|[upkeep]
|-damage|p1a: Cryogonal|94/100|[from] Sandstorm
|-damage|p2a: Gigalith|70/100 tox|[from] psn
|upkeep
|turn|20
|
|t:|1665694232
|switch|p1a: Audino|Audino, F|100/100
|move|p2a: Gigalith|Stealth Rock|p1a: Audino
|-sidestart|p1: zs|move: Stealth Rock
|
|-weather|Sandstorm|[upkeep]
|-damage|p1a: Audino|94/100|[from] Sandstorm
|-end|p1a: Audino|move: Future Sight
|-damage|p1a: Audino|58/100
|-heal|p1a: Audino|65/100|[from] item: Leftovers
|-damage|p2a: Gigalith|57/100 tox|[from] psn
|upkeep
|turn|21
|inactive|Lambovino has 270 seconds left.
|
|t:|1665694241
|move|p1a: Audino|Wish|p1a: Audino
|move|p2a: Gigalith|Toxic|p1a: Audino
|-status|p1a: Audino|tox
|
|-weather|Sandstorm|[upkeep]
|-damage|p1a: Audino|58/100 tox|[from] Sandstorm
|-heal|p1a: Audino|65/100 tox|[from] item: Leftovers
|-damage|p1a: Audino|58/100 tox|[from] psn
|-damage|p2a: Gigalith|39/100 tox|[from] psn
|upkeep
|turn|22
|
|t:|1665694253
|switch|p1a: Clefairy|Clefairy, M|49/100
|move|p2a: Gigalith|Rest|p2a: Gigalith
|-status|p2a: Gigalith|slp|[from] move: Rest
|-heal|p2a: Gigalith|100/100 slp|[silent]
|
|-weather|Sandstorm|[upkeep]
|-heal|p1a: Clefairy|100/100|[from] move: Wish|[wisher] Audino
|upkeep
|turn|23
|l| wertsd26
|
|t:|1665694263
|move|p1a: Clefairy|Seismic Toss|p2a: Gigalith
|-damage|p2a: Gigalith|74/100 slp
|cant|p2a: Gigalith|slp
|
|-weather|Sandstorm|[upkeep]
|upkeep
|turn|24
|
|t:|1665694274
|move|p1a: Clefairy|Seismic Toss|p2a: Gigalith
|-damage|p2a: Gigalith|47/100 slp
|cant|p2a: Gigalith|slp
|
|-weather|Sandstorm|[upkeep]
|upkeep
|turn|25
|
|t:|1665694279
|move|p1a: Clefairy|Heal Bell|p1a: Clefairy
|-activate|p1a: Clefairy|move: Heal Bell
|-curestatus|p1: Audino|tox|[msg]
|-curestatus|p2a: Gigalith|slp|[msg]
|move|p2a: Gigalith|Rest|p2a: Gigalith
|-status|p2a: Gigalith|slp|[from] move: Rest
|-heal|p2a: Gigalith|100/100 slp|[silent]
|
|-weather|Sandstorm|[upkeep]
|upkeep
|turn|26
|
|t:|1665694283
|switch|p1a: Palossand|Palossand, F|94/100
|-damage|p1a: Palossand|88/100|[from] Stealth Rock
|switch|p2a: Sableye|Sableye, F|100/100
|
|-weather|none
|upkeep
|turn|27
|j| BTLT404 Zndrk
|
|t:|1665694295
|move|p2a: Sableye|Will-O-Wisp|p1a: Palossand
|-status|p1a: Palossand|brn
|move|p1a: Palossand|Stealth Rock|p2a: Sableye
|-sidestart|p2: Lambovino|move: Stealth Rock
|
|-damage|p1a: Palossand|82/100 brn|[from] brn
|upkeep
|turn|28
|
|t:|1665694302
|move|p2a: Sableye|Encore|p1a: Palossand
|-start|p1a: Palossand|Encore
|move|p1a: Palossand|Stealth Rock||[still]
|-fail|p1a: Palossand
|
|-damage|p1a: Palossand|76/100 brn|[from] brn
|upkeep
|turn|29
|
|t:|1665694305
|switch|p1a: Clefairy|Clefairy, M|100/100
|move|p2a: Sableye|Knock Off|p1a: Clefairy
|-resisted|p1a: Clefairy
|-damage|p1a: Clefairy|86/100
|
|upkeep
|turn|30
|
|t:|1665694313
|switch|p2a: Gigalith|Gigalith, F|100/100 slp
|-damage|p2a: Gigalith|88/100 slp|[from] Stealth Rock
|-weather|Sandstorm|[from] ability: Sand Stream|[of] p2a: Gigalith
|move|p1a: Clefairy|Seismic Toss|p2a: Gigalith
|-damage|p2a: Gigalith|61/100 slp
|
|-weather|Sandstorm|[upkeep]
|upkeep
|turn|31
|
|t:|1665694325
|switch|p2a: Sandslash|Sandslash, F|100/100
|-damage|p2a: Sandslash|94/100|[from] Stealth Rock
|move|p1a: Clefairy|Seismic Toss|p2a: Sandslash
|-damage|p2a: Sandslash|61/100
|
|-weather|Sandstorm|[upkeep]
|-heal|p2a: Sandslash|68/100|[from] item: Leftovers
|upkeep
|turn|32
|
|t:|1665694334
|switch|p1a: Quagsire|Quagsire, M|100/100
|-damage|p1a: Quagsire|94/100|[from] Stealth Rock
|move|p2a: Sandslash|Rapid Spin|p1a: Quagsire
|-damage|p1a: Quagsire|84/100
|-boost|p2a: Sandslash|spe|1
|-sideend|p2: Lambovino|Stealth Rock|[from] move: Rapid Spin|[of] p2a: Sandslash
|
|-weather|Sandstorm|[upkeep]
|-heal|p2a: Sandslash|74/100|[from] item: Leftovers
|upkeep
|turn|33
|
|t:|1665694346
|switch|p2a: Articuno|Articuno-Galar|80/100
|move|p1a: Quagsire|Earthquake|p2a: Articuno
|-immune|p2a: Articuno
|
|-weather|Sandstorm|[upkeep]
|-damage|p2a: Articuno|74/100|[from] Sandstorm
|upkeep
|turn|34
|
|t:|1665694353
|switch|p1a: Cryogonal|Cryogonal|94/100
|move|p2a: Articuno|U-turn|p1a: Cryogonal
|-damage|p1a: Cryogonal|77/100
|j| Dr J3kyll
|
|t:|1665694356
|switch|p2a: Ferroseed|Ferroseed, M|68/100|[from]move: U-turn
|
|-weather|Sandstorm|[upkeep]
|-damage|p1a: Cryogonal|71/100|[from] Sandstorm
|upkeep
|turn|35
|l| Trezac
|
|t:|1665694365
|switch|p1a: Silvally|Silvally-Steel|94/100
|-damage|p1a: Silvally|88/100|[from] Stealth Rock
|move|p2a: Ferroseed|Gyro Ball|p1a: Silvally
|-resisted|p1a: Silvally
|-damage|p1a: Silvally|73/100
|
|-weather|Sandstorm|[upkeep]
|upkeep
|turn|36
|j| wertsd26
|
|t:|1665694380
|switch|p2a: Sableye|Sableye, F|100/100
|move|p1a: Silvally|Swords Dance|p1a: Silvally
|-boost|p1a: Silvally|atk|2
|
|-weather|Sandstorm|[upkeep]
|-damage|p2a: Sableye|94/100|[from] Sandstorm
|-heal|p2a: Sableye|100/100|[from] item: Leftovers
|upkeep
|turn|37
|
|t:|1665694406
|switch|p1a: Clefairy|Clefairy, M|86/100
|move|p2a: Sableye|Will-O-Wisp|p1a: Clefairy
|-status|p1a: Clefairy|brn
|
|-weather|none
|upkeep
|turn|38
|
|t:|1665694414
|switch|p2a: Articuno|Articuno-Galar|74/100
|move|p1a: Clefairy|Toxic|p2a: Articuno
|-status|p2a: Articuno|tox
|
|-damage|p2a: Articuno|67/100 tox|[from] psn
|upkeep
|turn|39
|
|t:|1665694424
|move|p2a: Articuno|Recover|p2a: Articuno
|-heal|p2a: Articuno|100/100 tox
|move|p1a: Clefairy|Seismic Toss|p2a: Articuno
|-damage|p2a: Articuno|73/100 tox
|
|-damage|p2a: Articuno|61/100 tox|[from] psn
|upkeep
|turn|40
|l| BTLT404 Zndrk
|
|t:|1665694428
|switch|p1a: Cryogonal|Cryogonal|71/100
|move|p2a: Articuno|U-turn|p1a: Cryogonal
|-damage|p1a: Cryogonal|56/100
|
|t:|1665694432
|switch|p2a: Ferroseed|Ferroseed, M|68/100|[from]move: U-turn
|
|upkeep
|turn|41
|
|t:|1665694443
|switch|p1a: Audino|Audino, F|92/100
|-damage|p1a: Audino|79/100|[from] Stealth Rock
|move|p2a: Ferroseed|Leech Seed|p1a: Audino
|-start|p1a: Audino|move: Leech Seed
|
|-heal|p1a: Audino|85/100|[from] item: Leftovers
|-damage|p1a: Audino|73/100|[from] Leech Seed|[of] p2a: Ferroseed
|-heal|p2a: Ferroseed|85/100|[silent]
|upkeep
|turn|42
|
|t:|1665694451
|move|p1a: Audino|Wish|p1a: Audino
|move|p2a: Ferroseed|Spikes|p1a: Audino
|-sidestart|p1: zs|Spikes
|
|-heal|p1a: Audino|79/100|[from] item: Leftovers
|-damage|p1a: Audino|67/100|[from] Leech Seed|[of] p2a: Ferroseed
|-heal|p2a: Ferroseed|100/100|[silent]
|upkeep
|turn|43
|l| wertsd26
|
|t:|1665694455
|switch|p1a: Silvally|Silvally-Steel|73/100
|-damage|p1a: Silvally|67/100|[from] Stealth Rock
|-damage|p1a: Silvally|55/100|[from] Spikes
|move|p2a: Ferroseed|Leech Seed|p1a: Silvally
|-start|p1a: Silvally|move: Leech Seed
|
|-heal|p1a: Silvally|100/100|[from] move: Wish|[wisher] Audino
|-damage|p1a: Silvally|88/100|[from] Leech Seed|[of] p2a: Ferroseed
|upkeep
|turn|44
|j| BTLT404 Zndrk
|
|t:|1665694464
|switch|p2a: Articuno|Articuno-Galar|61/100 tox
|move|p1a: Silvally|Defog|p2a: Articuno
|-unboost|p2a: Articuno|evasion|1
|-ability|p2a: Articuno|Competitive|boost
|-boost|p2a: Articuno|spa|2
|-sideend|p1: zs|Spikes|[from] move: Defog|[of] p1a: Silvally
|-sideend|p1: zs|Stealth Rock|[from] move: Defog|[of] p1a: Silvally
|
|-damage|p1a: Silvally|76/100|[from] Leech Seed|[of] p2a: Articuno
|-heal|p2a: Articuno|73/100 tox|[silent]
|-damage|p2a: Articuno|67/100 tox|[from] psn
|upkeep
|turn|45
|
|t:|1665694475
|move|p1a: Silvally|Multi-Attack|p2a: Articuno
|-crit|p2a: Articuno
|-damage|p2a: Articuno|0 fnt
|faint|p2a: Articuno
|
|upkeep
|j| wertsd26
|c| DL Ecca|:D
|l|+SFG
|c| Nael222|mature
|inactive|Lambovino has 270 seconds left.
|j|+kino
|inactive|Lambovino has 240 seconds left.
|c|+Staxi|goatent
|l| wertsd26
|j| Ziozkz
|j| Astreau
|l| Jeza.p
|inactive|Lambovino has 210 seconds left.
|l|+kino
|inactive|Lambovino has 180 seconds left.
|l| Boulicrok
|inactive|Lambovino has 150 seconds left.
|j| Boulicrok
|
|t:|1665694621
|switch|p2a: Sableye|Sableye, F|100/100
|turn|46
|
|t:|1665694631
|switch|p1a: Palossand|Palossand, F|76/100 brn
|switch|p2a: Ferroseed|Ferroseed, M|100/100
|
|-damage|p1a: Palossand|70/100 brn|[from] brn
|upkeep
|turn|47
|
|t:|1665694635
|move|p1a: Palossand|Earth Power|p2a: Ferroseed
|-damage|p2a: Ferroseed|65/100
|move|p2a: Ferroseed|Spikes|p1a: Palossand
|-sidestart|p1: zs|Spikes
|
|-damage|p1a: Palossand|64/100 brn|[from] brn
|upkeep
|turn|48
|
|t:|1665694639
|move|p1a: Palossand|Earth Power|p2a: Ferroseed
|-crit|p2a: Ferroseed
|-damage|p2a: Ferroseed|12/100
|move|p2a: Ferroseed|Leech Seed|p1a: Palossand
|-start|p1a: Palossand|move: Leech Seed
|
|-damage|p1a: Palossand|51/100 brn|[from] Leech Seed|[of] p2a: Ferroseed
|-heal|p2a: Ferroseed|28/100|[silent]
|-damage|p1a: Palossand|45/100 brn|[from] brn
|upkeep
|turn|49
|inactive|Lambovino has 180 seconds left.
|
|t:|1665694649
|move|p1a: Palossand|Shore Up|p1a: Palossand
|-heal|p1a: Palossand|95/100 brn
|move|p2a: Ferroseed|Spikes|p1a: Palossand
|-sidestart|p1: zs|Spikes
|
|-damage|p1a: Palossand|83/100 brn|[from] Leech Seed|[of] p2a: Ferroseed
|-heal|p2a: Ferroseed|43/100|[silent]
|-damage|p1a: Palossand|76/100 brn|[from] brn
|upkeep
|turn|50
|
|t:|1665694656
|switch|p2a: Sandslash|Sandslash, F|74/100
|move|p1a: Palossand|Earth Power|p2a: Sandslash
|-damage|p2a: Sandslash|17/100
|
|-heal|p2a: Sandslash|24/100|[from] item: Leftovers
|-damage|p1a: Palossand|64/100 brn|[from] Leech Seed|[of] p2a: Sandslash
|-heal|p2a: Sandslash|39/100|[silent]
|-damage|p1a: Palossand|58/100 brn|[from] brn
|upkeep
|turn|51
|
|t:|1665694667
|switch|p2a: Sableye|Sableye, F|100/100
|switch|p1a: Cryogonal|Cryogonal|56/100
|
|upkeep
|turn|52
|
|t:|1665694672
|move|p1a: Cryogonal|Defog|p2a: Sableye
|-unboost|p2a: Sableye|evasion|1
|-sideend|p1: zs|Spikes|[from] move: Defog|[of] p1a: Cryogonal
|move|p2a: Sableye|Knock Off|p1a: Cryogonal
|-damage|p1a: Cryogonal|21/100
|-enditem|p1a: Cryogonal|Heavy-Duty Boots|[from] move: Knock Off|[of] p2a: Sableye
|
|upkeep
|turn|53
|l| Astreau
|j| tf
|
|t:|1665694677
|switch|p1a: Clefairy|Clefairy, M|86/100 brn
|move|p2a: Sableye|Encore||[still]
|-fail|p2a: Sableye
|
|upkeep
|turn|54
|inactive|Lambovino has 210 seconds left.
|
|t:|1665694688
|move|p2a: Sableye|Knock Off|p1a: Clefairy
|-resisted|p1a: Clefairy
|-damage|p1a: Clefairy|71/100 brn
|move|p1a: Clefairy|Toxic|p2a: Sableye
|-status|p2a: Sableye|tox
|
|-damage|p2a: Sableye|94/100 tox|[from] psn
|upkeep
|turn|55
|inactive|Lambovino has 210 seconds left.
|
|t:|1665694693
|switch|p1a: Audino|Audino, F|99/100
|move|p2a: Sableye|Encore||[still]
|-fail|p2a: Sableye
|
|-heal|p1a: Audino|100/100|[from] item: Leftovers
|-heal|p2a: Sableye|100/100 tox|[from] item: Leftovers
|-damage|p2a: Sableye|88/100 tox|[from] psn
|upkeep
|turn|56
|
|t:|1665694700
|switch|p1a: Clefairy|Clefairy, M|71/100 brn
|switch|p2a: Ribombee|Ribombee, M|30/100
|
|upkeep
|turn|57
|
|t:|1665694704
|switch|p1a: Silvally|Silvally-Steel|76/100
|move|p2a: Ribombee|Roost|p2a: Ribombee
|-heal|p2a: Ribombee|80/100
|-singleturn|p2a: Ribombee|move: Roost
|
|upkeep
|turn|58
|
|t:|1665694713
|switch|p2a: Ferroseed|Ferroseed, M|43/100
|move|p1a: Silvally|Swords Dance|p1a: Silvally
|-boost|p1a: Silvally|atk|2
|
|upkeep
|turn|59
|
|t:|1665694719
|move|p1a: Silvally|Flame Charge|p2a: Ferroseed
|-supereffective|p2a: Ferroseed
|-damage|p2a: Ferroseed|0 fnt
|-boost|p1a: Silvally|spe|1
|-damage|p1a: Silvally|63/100|[from] ability: Iron Barbs|[of] p2a: Ferroseed
|faint|p2a: Ferroseed
|
|upkeep
|
|t:|1665694721
|switch|p2a: Sableye|Sableye, F|88/100 tox
|turn|60
|c|☆Lambovino|gg
|-message|Lambovino forfeited.
|
|win|zs
|c|☆zs|gg
|l|☆Lambovino
|l| Phxo'
|l| Prodigezz
|l| Micciu20250
|c| DL Ecca|gg !
|c|☆zs|mb pour le crit sur cuno
|l| Cherbou
|l|+Staxi
|l| DL Ecca
|l| Gelbel3c
|j|+SFG
|l| Louna
|l| Menacce17
|n| Zenadark|btlt404zndrk
|j| DL Ecca
|l| Nael222
|l|+SFG
|l| the new leftiez
|j| Astreau
|l| Rondoudou
|l| Akany
|l| Bhalal
|l| Astreau
|l| DL Ecca
