|j|☆DoubleMissMatt
|j|☆Wavemen
|player|p1|DoubleMissMatt|hilbert|1370
|player|p2|Wavemen|266|1186
|teamsize|p1|6
|teamsize|p2|6
|gametype|singles
|gen|8
|tier|[Gen 8] PU
|rated|
|clearpoke
|poke|p1|Shuckle, F|
|poke|p1|Meowstic, M|
|poke|p1|Noctowl, F|
|poke|p1|Gourgeist-*, F|
|poke|p1|Silvally-*|
|poke|p1|Mawile, M|
|poke|p2|Fraxure, F|
|poke|p2|Trevenant, M|
|poke|p2|Meowstic-F, F|
|poke|p2|Shuckle, F|
|poke|p2|Noctowl, F|
|poke|p2|Silvally-*|
|rule|Sleep Clause Mod: Limit one foe put to sleep
|rule|Species Clause: Limit one of each Pokémon
|rule|OHKO Clause: OHKO moves are banned
|rule|Evasion Moves Clause: Evasion moves are banned
|rule|Endless Battle Clause: Forcing endless battles is banned
|rule|HP Percentage Mod: HP is shown in percentages
|rule|Dynamax Clause: You cannot dynamax
|teampreview
|
|start
|switch|p1a: Shuckle|Shuckle, F|100/100
|switch|p2a: Noctowl|Noctowl, F|100/100
|turn|1
|
|move|p2a: Noctowl|Nasty Plot|p2a: Noctowl
|-boost|p2a: Noctowl|spa|2
|move|p1a: Shuckle|Toxic|p2a: Noctowl
|-status|p2a: Noctowl|tox
|
|-damage|p2a: Noctowl|94/100 tox|[from] psn
|upkeep
|turn|2
|
|move|p2a: Noctowl|Hurricane|p1a: Shuckle
|-damage|p1a: Shuckle|66/100
|move|p1a: Shuckle|Sticky Web|p2a: Noctowl
|-sidestart|p2: Wavemen|move: Sticky Web
|
|-heal|p2a: Noctowl|100/100 tox|[from] item: Leftovers
|-damage|p2a: Noctowl|88/100 tox|[from] psn
|upkeep
|turn|3
|
|move|p2a: Noctowl|Defog|p1a: Shuckle
|-unboost|p1a: Shuckle|evasion|1
|-sideend|p2: Wavemen|Sticky Web|[from] move: Defog|[of] p2a: Noctowl
|move|p1a: Shuckle|Stealth Rock|p2a: Noctowl
|-sidestart|p2: Wavemen|move: Stealth Rock
|
|-heal|p2a: Noctowl|94/100 tox|[from] item: Leftovers
|-damage|p2a: Noctowl|76/100 tox|[from] psn
|upkeep
|turn|4
|
|move|p2a: Noctowl|Hurricane|p1a: Shuckle
|-damage|p1a: Shuckle|33/100
|move|p1a: Shuckle|Sticky Web|p2a: Noctowl
|-sidestart|p2: Wavemen|move: Sticky Web
|
|-heal|p2a: Noctowl|82/100 tox|[from] item: Leftovers
|-damage|p2a: Noctowl|57/100 tox|[from] psn
|upkeep
|turn|5
|
|move|p2a: Noctowl|Hurricane|p1a: Shuckle|[miss]
|-miss|p2a: Noctowl|p1a: Shuckle
|move|p1a: Shuckle|Sticky Web||[still]
|-fail|p1a: Shuckle
|
|-heal|p2a: Noctowl|63/100 tox|[from] item: Leftovers
|-damage|p2a: Noctowl|32/100 tox|[from] psn
|upkeep
|turn|6
|
|move|p2a: Noctowl|Hurricane|p1a: Shuckle
|-damage|p1a: Shuckle|0 fnt
|faint|p1a: Shuckle
|
|-heal|p2a: Noctowl|39/100 tox|[from] item: Leftovers
|-damage|p2a: Noctowl|1/100 tox|[from] psn
|upkeep
|
|switch|p1a: Silvally|Silvally-Water|100/100
|turn|7
|
|move|p1a: Silvally|Multi-Attack|p2a: Noctowl
|-damage|p2a: Noctowl|0 fnt
|faint|p2a: Noctowl
|
|upkeep
|
|switch|p2a: Trevenant|Trevenant, M|100/100
|-damage|p2a: Trevenant|88/100|[from] Stealth Rock
|-activate|p2a: Trevenant|move: Sticky Web
|-unboost|p2a: Trevenant|spe|1
|turn|8
|
|move|p1a: Silvally|U-turn|p2a: Trevenant
|-damage|p2a: Trevenant|66/100
|
|switch|p1a: Meowstic|Meowstic, M|100/100|[from]move: U-turn
|move|p2a: Trevenant|Will-O-Wisp|p1a: Meowstic
|-status|p1a: Meowstic|brn
|
|-damage|p1a: Meowstic|95/100 brn|[from] brn
|upkeep
|turn|9
|
|switch|p2a: Shuckle|Shuckle, F|100/100
|-damage|p2a: Shuckle|76/100|[from] Stealth Rock
|-activate|p2a: Shuckle|move: Sticky Web
|-unboost|p2a: Shuckle|spe|1
|move|p1a: Meowstic|Reflect|p1a: Meowstic
|-sidestart|p1: DoubleMissMatt|Reflect
|
|-damage|p1a: Meowstic|89/100 brn|[from] brn
|upkeep
|turn|10
|
|move|p1a: Meowstic|Toxic|p2a: Shuckle
|-status|p2a: Shuckle|tox
|move|p2a: Shuckle|Sticky Web|p1a: Meowstic
|-sidestart|p1: DoubleMissMatt|move: Sticky Web
|
|-damage|p1a: Meowstic|83/100 brn|[from] brn
|-damage|p2a: Shuckle|70/100 tox|[from] psn
|upkeep
|turn|11
|
|move|p1a: Meowstic|Light Screen|p1a: Meowstic
|-sidestart|p1: DoubleMissMatt|move: Light Screen
|move|p2a: Shuckle|Stealth Rock|p1a: Meowstic
|-sidestart|p1: DoubleMissMatt|move: Stealth Rock
|
|-damage|p1a: Meowstic|77/100 brn|[from] brn
|-damage|p2a: Shuckle|57/100 tox|[from] psn
|upkeep
|turn|12
|
|switch|p1a: Mawile|Mawile, M|100/100
|-damage|p1a: Mawile|94/100|[from] Stealth Rock
|-activate|p1a: Mawile|move: Sticky Web
|-unboost|p1a: Mawile|spe|1
|move|p2a: Shuckle|Knock Off|p1a: Mawile
|-resisted|p1a: Mawile
|-damage|p1a: Mawile|92/100
|-enditem|p1a: Mawile|Life Orb|[from] move: Knock Off|[of] p2a: Shuckle
|
|-damage|p2a: Shuckle|39/100 tox|[from] psn
|upkeep
|turn|13
|
|switch|p2a: Silvally|Silvally-Fire|100/100
|-activate|p2a: Silvally|move: Sticky Web
|-unboost|p2a: Silvally|spe|1
|-damage|p2a: Silvally|76/100|[from] Stealth Rock
|move|p1a: Mawile|Swords Dance|p1a: Mawile
|-boost|p1a: Mawile|atk|2
|
|upkeep
|turn|14
|
|move|p1a: Mawile|Sucker Punch|p2a: Silvally
|-damage|p2a: Silvally|39/100
|move|p2a: Silvally|Multi-Attack|p1a: Mawile
|-supereffective|p1a: Mawile
|-damage|p1a: Mawile|5/100
|
|upkeep
|turn|15
|
|move|p1a: Mawile|Sucker Punch|p2a: Silvally
|-damage|p2a: Silvally|0 fnt
|faint|p2a: Silvally
|
|upkeep
|
|switch|p2a: Fraxure|Fraxure, F|100/100
|-damage|p2a: Fraxure|88/100|[from] Stealth Rock
|-activate|p2a: Fraxure|move: Sticky Web
|-unboost|p2a: Fraxure|spe|1
|-ability|p2a: Fraxure|Mold Breaker
|turn|16
|
|move|p2a: Fraxure|First Impression|p1a: Mawile
|-resisted|p1a: Mawile
|-damage|p1a: Mawile|0 fnt
|faint|p1a: Mawile
|
|-sideend|p1: DoubleMissMatt|Reflect
|upkeep
|
|switch|p1a: Meowstic|Meowstic, M|77/100 brn
|-activate|p1a: Meowstic|move: Sticky Web
|-unboost|p1a: Meowstic|spe|1
|-damage|p1a: Meowstic|64/100 brn|[from] Stealth Rock
|turn|17
|
|switch|p2a: Trevenant|Trevenant, M|66/100
|-activate|p2a: Trevenant|move: Sticky Web
|-unboost|p2a: Trevenant|spe|1
|-damage|p2a: Trevenant|53/100|[from] Stealth Rock
|move|p1a: Meowstic|Reflect|p1a: Meowstic
|-sidestart|p1: DoubleMissMatt|Reflect
|
|-damage|p1a: Meowstic|58/100 brn|[from] brn
|upkeep
|turn|18
|
|move|p1a: Meowstic|Toxic|p2a: Trevenant|[miss]
|-miss|p1a: Meowstic|p2a: Trevenant
|move|p2a: Trevenant|Leech Seed|p1a: Meowstic
|-start|p1a: Meowstic|move: Leech Seed
|
|-damage|p1a: Meowstic|46/100 brn|[from] Leech Seed|[of] p2a: Trevenant
|-heal|p2a: Trevenant|65/100|[silent]
|-damage|p1a: Meowstic|40/100 brn|[from] brn
|-sideend|p1: DoubleMissMatt|move: Light Screen
|upkeep
|turn|19
|
|move|p1a: Meowstic|Light Screen|p1a: Meowstic
|-sidestart|p1: DoubleMissMatt|move: Light Screen
|move|p2a: Trevenant|Substitute|p2a: Trevenant
|-start|p2a: Trevenant|Substitute
|-damage|p2a: Trevenant|40/100
|
|-damage|p1a: Meowstic|28/100 brn|[from] Leech Seed|[of] p2a: Trevenant
|-heal|p2a: Trevenant|51/100|[silent]
|-damage|p1a: Meowstic|22/100 brn|[from] brn
|upkeep
|turn|20
|
|move|p1a: Meowstic|Psychic|p2a: Trevenant
|-activate|p2a: Trevenant|move: Substitute|[damage]
|move|p2a: Trevenant|Horn Leech|p1a: Meowstic
|-damage|p1a: Meowstic|5/100 brn
|-heal|p2a: Trevenant|59/100|[from] drain|[of] p1a: Meowstic
|
|-damage|p1a: Meowstic|0 fnt|[from] Leech Seed|[of] p2a: Trevenant
|-heal|p2a: Trevenant|64/100|[silent]
|faint|p1a: Meowstic
|upkeep
|
|switch|p1a: Noctowl|Noctowl, F|100/100
|-damage|p1a: Noctowl|76/100|[from] Stealth Rock
|turn|21
|
|move|p1a: Noctowl|Air Slash|p2a: Trevenant
|-supereffective|p2a: Trevenant
|-end|p2a: Trevenant|Substitute
|move|p2a: Trevenant|Leech Seed|p1a: Noctowl
|-start|p1a: Noctowl|move: Leech Seed
|
|-damage|p1a: Noctowl|63/100|[from] Leech Seed|[of] p2a: Trevenant
|-heal|p2a: Trevenant|75/100|[silent]
|upkeep
|turn|22
|
|switch|p2a: Shuckle|Shuckle, F|39/100 tox
|-damage|p2a: Shuckle|14/100 tox|[from] Stealth Rock
|-activate|p2a: Shuckle|move: Sticky Web
|-unboost|p2a: Shuckle|spe|1
|move|p1a: Noctowl|Hurricane|p2a: Shuckle
|-damage|p2a: Shuckle|0 fnt
|faint|p2a: Shuckle
|
|upkeep
|
|switch|p2a: Meowstic|Meowstic-F, F|100/100
|-damage|p2a: Meowstic|88/100|[from] Stealth Rock
|-activate|p2a: Meowstic|move: Sticky Web
|-unboost|p2a: Meowstic|spe|1
|-ability|p2a: Meowstic|Competitive
|-boost|p2a: Meowstic|spa|2
|turn|23
|
|move|p1a: Noctowl|Air Slash|p2a: Meowstic
|-damage|p2a: Meowstic|32/100
|move|p2a: Meowstic|Psyshock|p1a: Noctowl
|-damage|p1a: Noctowl|0 fnt
|faint|p1a: Noctowl
|
|upkeep
|
|switch|p1a: Silvally|Silvally-Water|100/100
|-activate|p1a: Silvally|move: Sticky Web
|-unboost|p1a: Silvally|spe|1
|-damage|p1a: Silvally|88/100|[from] Stealth Rock
|turn|24
|
|move|p2a: Meowstic|Psyshock|p1a: Silvally
|-damage|p1a: Silvally|36/100
|move|p1a: Silvally|Flame Charge|p2a: Meowstic
|-damage|p2a: Meowstic|12/100
|-boost|p1a: Silvally|spe|1
|
|-sideend|p1: DoubleMissMatt|Reflect
|upkeep
|turn|25
|
|move|p1a: Silvally|Multi-Attack|p2a: Meowstic
|-damage|p2a: Meowstic|0 fnt
|faint|p2a: Meowstic
|
|upkeep
|
|switch|p2a: Trevenant|Trevenant, M|75/100
|-damage|p2a: Trevenant|63/100|[from] Stealth Rock
|-activate|p2a: Trevenant|move: Sticky Web
|-unboost|p2a: Trevenant|spe|1
|turn|26
|
|move|p1a: Silvally|Flame Charge|p2a: Trevenant
|-supereffective|p2a: Trevenant
|-damage|p2a: Trevenant|28/100
|-boost|p1a: Silvally|spe|1
|move|p2a: Trevenant|Will-O-Wisp|p1a: Silvally
|-status|p1a: Silvally|brn
|
|-damage|p1a: Silvally|30/100 brn|[from] brn
|-sideend|p1: DoubleMissMatt|move: Light Screen
|upkeep
|turn|27
|
|move|p1a: Silvally|Flame Charge|p2a: Trevenant
|-supereffective|p2a: Trevenant
|-damage|p2a: Trevenant|13/100
|-boost|p1a: Silvally|spe|1
|move|p2a: Trevenant|Horn Leech|p1a: Silvally
|-supereffective|p1a: Silvally
|-damage|p1a: Silvally|0 fnt
|-heal|p2a: Trevenant|26/100|[from] drain|[of] p1a: Silvally
|faint|p1a: Silvally
|
|upkeep
|
|switch|p1a: Gourgeist|Gourgeist-Large, F|100/100
|-damage|p1a: Gourgeist|88/100|[from] Stealth Rock
|-activate|p1a: Gourgeist|move: Sticky Web
|-unboost|p1a: Gourgeist|spe|1
|-item|p2a: Trevenant|Lum Berry|[from] ability: Frisk|[of] p1a: Gourgeist|[identify]
|turn|28
|
|move|p1a: Gourgeist|Substitute|p1a: Gourgeist
|-start|p1a: Gourgeist|Substitute
|-damage|p1a: Gourgeist|63/100
|move|p2a: Trevenant|Will-O-Wisp||[still]
|-fail|p2a: Trevenant
|
|-heal|p1a: Gourgeist|70/100|[from] item: Leftovers
|upkeep
|turn|29
|j| Lucki3
|
|move|p1a: Gourgeist|Phantom Force||[still]
|-prepare|p1a: Gourgeist|Phantom Force|p2a: Trevenant
|move|p2a: Trevenant|Substitute|p2a: Trevenant
|-start|p2a: Trevenant|Substitute
|-damage|p2a: Trevenant|1/100
|
|-heal|p1a: Gourgeist|76/100|[from] item: Leftovers
|upkeep
|turn|30
|
|move|p1a: Gourgeist|Phantom Force|p2a: Trevenant|[from]lockedmove
|-supereffective|p2a: Trevenant
|-end|p2a: Trevenant|Substitute
|move|p2a: Trevenant|Horn Leech|p1a: Gourgeist
|-resisted|p1a: Gourgeist
|-activate|p1a: Gourgeist|move: Substitute|[damage]
|-heal|p2a: Trevenant|7/100|[from] drain|[of] p1a: Gourgeist
|
|-heal|p1a: Gourgeist|82/100|[from] item: Leftovers
|upkeep
|turn|31
|
|move|p1a: Gourgeist|Phantom Force||[still]
|-prepare|p1a: Gourgeist|Phantom Force|p2a: Trevenant
|move|p2a: Trevenant|Horn Leech|p1a: Gourgeist|[miss]
|-miss|p2a: Trevenant|p1a: Gourgeist
|
|-heal|p1a: Gourgeist|88/100|[from] item: Leftovers
|upkeep
|turn|32
|
|move|p1a: Gourgeist|Phantom Force|p2a: Trevenant|[from]lockedmove
|-supereffective|p2a: Trevenant
|-damage|p2a: Trevenant|0 fnt
|faint|p2a: Trevenant
|
|-heal|p1a: Gourgeist|94/100|[from] item: Leftovers
|upkeep
|
|switch|p2a: Fraxure|Fraxure, F|88/100
|-activate|p2a: Fraxure|move: Sticky Web
|-unboost|p2a: Fraxure|spe|1
|-damage|p2a: Fraxure|76/100|[from] Stealth Rock
|-ability|p2a: Fraxure|Mold Breaker
|turn|33
|
|move|p1a: Gourgeist|Phantom Force||[still]
|-prepare|p1a: Gourgeist|Phantom Force|p2a: Fraxure
|move|p2a: Fraxure|Outrage|p1a: Gourgeist|[miss]
|-miss|p2a: Fraxure|p1a: Gourgeist
|
|-heal|p1a: Gourgeist|100/100|[from] item: Leftovers
|upkeep
|turn|34
|
|move|p1a: Gourgeist|Phantom Force|p2a: Fraxure|[from]lockedmove
|-damage|p2a: Fraxure|12/100
|move|p2a: Fraxure|Outrage|p1a: Gourgeist
|-end|p1a: Gourgeist|Substitute
|
|upkeep
|turn|35
|
|move|p1a: Gourgeist|Phantom Force||[still]
|-prepare|p1a: Gourgeist|Phantom Force|p2a: Fraxure
|move|p2a: Fraxure|Outrage|p1a: Gourgeist|[from]lockedmove|[miss]
|-miss|p2a: Fraxure|p1a: Gourgeist
|
|upkeep
|turn|36
|c|☆Wavemen|gg
|
|move|p1a: Gourgeist|Phantom Force|p2a: Fraxure|[from]lockedmove
|-damage|p2a: Fraxure|0 fnt
|faint|p2a: Fraxure
|
|win|DoubleMissMatt
|c|☆DoubleMissMatt|gg
|l|☆Wavemen
|raw|DoubleMissMatt's rating: 1348 &rarr; <strong>1359</strong><br />(+11 for winning)
|raw|Wavemen's rating: 1186 &rarr; <strong>1172</strong><br />(-14 for losing)
