|j|☆bababi
|j|☆kacj0
|t:|1638644432
|gametype|singles
|player|p1|bababi|cress|1545
|player|p2|kacj0|li|1412
|teamsize|p1|6
|teamsize|p2|6
|gen|8
|tier|[Gen 8] PU
|rated|
|rule|Sleep Clause Mod: Limit one foe put to sleep
|rule|Species Clause: Limit one of each Pokémon
|rule|OHKO Clause: OHKO moves are banned
|rule|Evasion Moves Clause: Evasion moves are banned
|rule|Endless Battle Clause: Forcing endless battles is banned
|rule|HP Percentage Mod: HP is shown in percentages
|rule|Dynamax Clause: You cannot dynamax
|clearpoke
|poke|p1|Sneasel, F|
|poke|p1|Ribombee, F|
|poke|p1|Regirock|
|poke|p1|Wishiwashi, F|
|poke|p1|Tsareena, F|
|poke|p1|Togedemaru, F|
|poke|p2|Falinks|
|poke|p2|Turtonator, M|
|poke|p2|Marowak, M|
|poke|p2|Basculin, M|
|poke|p2|Accelgor, M|
|poke|p2|Walrein, F|
|teampreview
|inactive|Battle timer is ON: inactive players will automatically lose when time's up. (requested by kacj0)
|
|t:|1638644451
|start
|switch|p1a: Togedemaru|Togedemaru, F|100/100
|switch|p2a: Falinks|Falinks|100/100
|turn|1
|
|t:|1638644458
|move|p2a: Falinks|No Retreat|p2a: Falinks
|-boost|p2a: Falinks|atk|1
|-boost|p2a: Falinks|def|1
|-boost|p2a: Falinks|spa|1
|-boost|p2a: Falinks|spd|1
|-boost|p2a: Falinks|spe|1
|-start|p2a: Falinks|move: No Retreat
|move|p1a: Togedemaru|U-turn|p2a: Falinks
|-resisted|p2a: Falinks
|-damage|p2a: Falinks|93/100
|
|t:|1638644471
|switch|p1a: Regirock|Regirock|100/100|[from]move: U-turn
|
|upkeep
|turn|2
|
|t:|1638644476
|move|p2a: Falinks|Close Combat|p1a: Regirock
|-supereffective|p1a: Regirock
|-damage|p1a: Regirock|13/100
|-unboost|p2a: Falinks|def|1
|-unboost|p2a: Falinks|spd|1
|-damage|p2a: Falinks|84/100|[from] item: Life Orb
|move|p1a: Regirock|Toxic|p2a: Falinks
|-status|p2a: Falinks|tox
|
|-heal|p1a: Regirock|19/100|[from] item: Leftovers
|-damage|p2a: Falinks|78/100 tox|[from] psn
|upkeep
|turn|3
|
|t:|1638644487
|move|p2a: Falinks|Throat Chop|p1a: Regirock
|-damage|p1a: Regirock|0 fnt
|faint|p1a: Regirock
|-damage|p2a: Falinks|68/100 tox|[from] item: Life Orb
|
|-damage|p2a: Falinks|56/100 tox|[from] psn
|upkeep
|
|t:|1638644491
|switch|p1a: Togedemaru|Togedemaru, F|100/100
|turn|4
|
|t:|1638644497
|move|p1a: Togedemaru|Spiky Shield|p1a: Togedemaru
|-singleturn|p1a: Togedemaru|move: Protect
|move|p2a: Falinks|Close Combat|p1a: Togedemaru
|-activate|p1a: Togedemaru|move: Protect
|-damage|p2a: Falinks|44/100 tox|[from] Spiky Shield|[of] p1a: Togedemaru
|
|-damage|p2a: Falinks|26/100 tox|[from] psn
|upkeep
|turn|5
|
|t:|1638644508
|switch|p1a: Ribombee|Ribombee, F|100/100
|move|p2a: Falinks|Close Combat|p1a: Ribombee
|-resisted|p1a: Ribombee
|-damage|p1a: Ribombee|46/100
|-unboost|p2a: Falinks|def|1
|-unboost|p2a: Falinks|spd|1
|-damage|p2a: Falinks|16/100 tox|[from] item: Life Orb
|
|-damage|p2a: Falinks|0 fnt|[from] psn
|faint|p2a: Falinks
|upkeep
|
|t:|1638644521
|switch|p2a: Basculin|Basculin, M|100/100
|turn|6
|
|t:|1638644525
|switch|p1a: Wishiwashi|Wishiwashi, F|100/100
|-formechange|p1a: Wishiwashi|Wishiwashi-School||[from] ability: Schooling
|move|p2a: Basculin|Flip Turn|p1a: Wishiwashi
|-resisted|p1a: Wishiwashi
|-damage|p1a: Wishiwashi|88/100
|
|t:|1638644534
|switch|p2a: Accelgor|Accelgor, M|100/100|[from]move: Flip Turn
|
|-heal|p1a: Wishiwashi|94/100|[from] item: Leftovers
|upkeep
|turn|7
|j| EmpressoftheElite4
|
|t:|1638644539
|switch|p1a: Togedemaru|Togedemaru, F|100/100
|move|p2a: Accelgor|Final Gambit|p1a: Togedemaru
|-damage|p1a: Togedemaru|0 fnt
|faint|p2a: Accelgor
|faint|p1a: Togedemaru
|
|upkeep
|
|t:|1638644546
|switch|p2a: Basculin|Basculin, M|100/100
|switch|p1a: Wishiwashi|Wishiwashi, F|94/100
|-formechange|p1a: Wishiwashi|Wishiwashi-School||[from] ability: Schooling
|turn|8
|
|t:|1638644551
|move|p2a: Basculin|Final Gambit|p1a: Wishiwashi
|-damage|p1a: Wishiwashi|0 fnt
|faint|p2a: Basculin
|faint|p1a: Wishiwashi
|
|upkeep
|
|t:|1638644564
|switch|p2a: Walrein|Walrein, F|100/100
|switch|p1a: Ribombee|Ribombee, F|46/100
|turn|9
|
|t:|1638644571
|move|p1a: Ribombee|Moonblast|p2a: Walrein
|-damage|p2a: Walrein|64/100
|-unboost|p2a: Walrein|spa|1
|move|p2a: Walrein|Ice Beam|p1a: Ribombee
|-damage|p1a: Ribombee|0 fnt
|faint|p1a: Ribombee
|
|upkeep
|
|t:|1638644575
|switch|p1a: cope|Sneasel, F|100/100
|turn|10
|
|t:|1638644587
|move|p1a: cope|Swords Dance|p1a: cope
|-boost|p1a: cope|atk|2
|move|p2a: Walrein|Ice Beam|p1a: cope
|-resisted|p1a: cope
|-damage|p1a: cope|66/100
|
|upkeep
|turn|11
|
|t:|1638644593
|move|p1a: cope|Swords Dance|p1a: cope
|-boost|p1a: cope|atk|2
|move|p2a: Walrein|Ice Beam|p1a: cope
|-resisted|p1a: cope
|-damage|p1a: cope|29/100
|
|upkeep
|turn|12
|
|t:|1638644600
|move|p1a: cope|Knock Off|p2a: Walrein
|-damage|p2a: Walrein|0 fnt
|-enditem|p2a: Walrein|Choice Specs|[from] move: Knock Off|[of] p1a: cope
|faint|p2a: Walrein
|
|upkeep
|
|t:|1638644607
|switch|p2a: Turtonator|Turtonator, M|100/100
|turn|13
|
|t:|1638644618
|move|p1a: cope|Knock Off|p2a: Turtonator
|-damage|p2a: Turtonator|0 fnt
|-enditem|p2a: Turtonator|White Herb|[from] move: Knock Off|[of] p1a: cope
|faint|p2a: Turtonator
|
|upkeep
|
|t:|1638644623
|switch|p2a: Marowak|Marowak, M|100/100
|turn|14
|
|t:|1638644627
|move|p1a: cope|Knock Off|p2a: Marowak
|-damage|p2a: Marowak|0 fnt
|-enditem|p2a: Marowak|Thick Club|[from] move: Knock Off|[of] p1a: cope
|faint|p2a: Marowak
|
|win|bababi
|raw|bababi's rating: 1545 &rarr; <strong>1558</strong><br />(+13 for winning)
|raw|kacj0's rating: 1412 &rarr; <strong>1399</strong><br />(-13 for losing)
