|html|<div class="broadcast-blue"><strong>[Gen 8] PU is currently suspecting Vanilluxe! For information on how to participate check out the <a href="https://www.smogon.com/forums/threads/np-ss-pu-stage-10-ice-cream-vanilluxe-suspect-test.3705646/">suspect thread</a>.</strong></div>
|raw|<div class="broadcast-blue"><strong>This battle is required to be public due to a player having a name starting with 'pult4c1'.</div>
|j|☆SammyTheManny
|j|☆PULT4C1 Inder
|t:|1660506737
|gametype|singles
|player|p1|SammyTheManny|volkner|1142
|player|p2|PULT4C1 Inder|lyra|1249
|teamsize|p1|6
|teamsize|p2|6
|gen|8
|tier|[Gen 8] PU
|rated|
|rule|Sleep Clause Mod: Limit one foe put to sleep
|rule|Species Clause: Limit one of each Pokémon
|rule|OHKO Clause: OHKO moves are banned
|rule|Evasion Items Clause: Evasion items are banned
|rule|Evasion Moves Clause: Evasion moves are banned
|rule|Endless Battle Clause: Forcing endless battles is banned
|rule|HP Percentage Mod: HP is shown in percentages
|rule|Dynamax Clause: You cannot dynamax
|clearpoke
|poke|p1|Ribombee, F|
|poke|p1|Aggron, F|
|poke|p1|Jellicent, M|
|poke|p1|Absol, M|
|poke|p1|Archeops, M|
|poke|p1|Uxie|
|poke|p2|Doublade, M|
|poke|p2|Vikavolt, M|
|poke|p2|Archeops, F|
|poke|p2|Silvally-*|
|poke|p2|Turtonator, F|
|poke|p2|Druddigon, F|
|teampreview
|inactive|Battle timer is ON: inactive players will automatically lose when time's up. (requested by PULT4C1 Inder)
|j| toddyenescau
|
|t:|1660506763
|start
|switch|p1a: Uxie|Uxie|100/100
|switch|p2a: Druddigon|Druddigon, F|100/100
|-ability|p2a: Druddigon|Mold Breaker
|turn|1
|
|t:|1660506769
|move|p1a: Uxie|Toxic|p2a: Druddigon|[miss]
|-miss|p1a: Uxie|p2a: Druddigon
|move|p2a: Druddigon|Scale Shot|p1a: Uxie
|-damage|p1a: Uxie|90/100
|-damage|p1a: Uxie|80/100
|-damage|p1a: Uxie|71/100
|-hitcount|p1a: Uxie|3
|-unboost|p2a: Druddigon|def|1
|-boost|p2a: Druddigon|spe|1
|
|-heal|p1a: Uxie|77/100|[from] item: Leftovers
|upkeep
|turn|2
|
|t:|1660506771
|move|p2a: Druddigon|Taunt|p1a: Uxie
|-start|p1a: Uxie|move: Taunt
|cant|p1a: Uxie|move: Taunt|Toxic
|
|-heal|p1a: Uxie|84/100|[from] item: Leftovers
|upkeep
|turn|3
|
|t:|1660506774
|move|p2a: Druddigon|Stealth Rock|p1a: Uxie
|-sidestart|p1: SammyTheManny|move: Stealth Rock
|move|p1a: Uxie|Knock Off|p2a: Druddigon
|-damage|p2a: Druddigon|67/100
|-enditem|p2a: Druddigon|Focus Sash|[from] move: Knock Off|[of] p1a: Uxie
|
|-heal|p1a: Uxie|90/100|[from] item: Leftovers
|upkeep
|turn|4
|
|t:|1660506778
|move|p2a: Druddigon|Scale Shot|p1a: Uxie
|-damage|p1a: Uxie|80/100
|-damage|p1a: Uxie|70/100
|-hitcount|p1a: Uxie|2
|-unboost|p2a: Druddigon|def|1
|-boost|p2a: Druddigon|spe|1
|move|p1a: Uxie|Knock Off|p2a: Druddigon
|-damage|p2a: Druddigon|35/100
|
|-heal|p1a: Uxie|76/100|[from] item: Leftovers
|-end|p1a: Uxie|move: Taunt
|upkeep
|turn|5
|
|t:|1660506784
|move|p2a: Druddigon|Scale Shot|p1a: Uxie|[miss]
|-miss|p2a: Druddigon|p1a: Uxie
|move|p1a: Uxie|Knock Off|p2a: Druddigon
|-damage|p2a: Druddigon|4/100
|
|-heal|p1a: Uxie|83/100|[from] item: Leftovers
|upkeep
|turn|6
|
|t:|1660506791
|move|p2a: Druddigon|Taunt|p1a: Uxie
|-start|p1a: Uxie|move: Taunt
|cant|p1a: Uxie|move: Taunt|Stealth Rock
|
|-heal|p1a: Uxie|89/100|[from] item: Leftovers
|upkeep
|turn|7
|
|t:|1660506794
|move|p2a: Druddigon|Scale Shot|p1a: Uxie
|-crit|p1a: Uxie
|-damage|p1a: Uxie|73/100
|-damage|p1a: Uxie|63/100
|-damage|p1a: Uxie|54/100
|-hitcount|p1a: Uxie|3
|-unboost|p2a: Druddigon|def|1
|-boost|p2a: Druddigon|spe|1
|move|p1a: Uxie|Knock Off|p2a: Druddigon
|-damage|p2a: Druddigon|0 fnt
|faint|p2a: Druddigon
|
|-heal|p1a: Uxie|60/100|[from] item: Leftovers
|upkeep
|
|t:|1660506800
|switch|p2a: Turtonator|Turtonator, F|100/100
|turn|8
|
|t:|1660506804
|move|p1a: Uxie|Knock Off|p2a: Turtonator
|-damage|p2a: Turtonator|84/100
|-enditem|p2a: Turtonator|Heavy-Duty Boots|[from] move: Knock Off|[of] p1a: Uxie
|move|p2a: Turtonator|Shell Smash|p2a: Turtonator
|-unboost|p2a: Turtonator|def|1
|-unboost|p2a: Turtonator|spd|1
|-boost|p2a: Turtonator|atk|2
|-boost|p2a: Turtonator|spa|2
|-boost|p2a: Turtonator|spe|2
|
|-heal|p1a: Uxie|66/100|[from] item: Leftovers
|-end|p1a: Uxie|move: Taunt
|upkeep
|turn|9
|
|t:|1660506810
|move|p2a: Turtonator|Flamethrower|p1a: Uxie
|-crit|p1a: Uxie
|-damage|p1a: Uxie|4/100
|move|p1a: Uxie|Toxic|p2a: Turtonator
|-status|p2a: Turtonator|tox
|
|-heal|p1a: Uxie|11/100|[from] item: Leftovers
|-damage|p2a: Turtonator|78/100 tox|[from] psn
|upkeep
|turn|10
|
|t:|1660506814
|move|p1a: Uxie|Protect|p1a: Uxie
|-singleturn|p1a: Uxie|Protect
|move|p2a: Turtonator|Flamethrower|p1a: Uxie
|-activate|p1a: Uxie|move: Protect
|
|-heal|p1a: Uxie|17/100|[from] item: Leftovers
|-damage|p2a: Turtonator|66/100 tox|[from] psn
|upkeep
|turn|11
|
|t:|1660506821
|move|p1a: Uxie|Protect||[still]
|-fail|p1a: Uxie
|move|p2a: Turtonator|Flamethrower|p1a: Uxie
|-damage|p1a: Uxie|0 fnt
|faint|p1a: Uxie
|
|-damage|p2a: Turtonator|47/100 tox|[from] psn
|upkeep
|
|t:|1660506841
|switch|p1a: Absol|Absol, M|100/100
|-damage|p1a: Absol|88/100|[from] Stealth Rock
|turn|12
|
|t:|1660506851
|move|p2a: Turtonator|Flamethrower|p1a: Absol
|-damage|p1a: Absol|0 fnt
|faint|p1a: Absol
|
|-damage|p2a: Turtonator|23/100 tox|[from] psn
|upkeep
|
|t:|1660506858
|switch|p1a: Jellicent|Jellicent, M|100/100
|-damage|p1a: Jellicent|88/100|[from] Stealth Rock
|turn|13
|
|t:|1660506862
|move|p1a: Jellicent|Protect|p1a: Jellicent
|-singleturn|p1a: Jellicent|Protect
|move|p2a: Turtonator|Draco Meteor|p1a: Jellicent
|-activate|p1a: Jellicent|move: Protect
|
|-heal|p1a: Jellicent|94/100|[from] item: Leftovers
|-damage|p2a: Turtonator|0 fnt|[from] psn
|faint|p2a: Turtonator
|upkeep
|
|t:|1660506866
|switch|p2a: Vikavolt|Vikavolt, M|100/100
|turn|14
|inactive|SammyTheManny has 120 seconds left.
|
|t:|1660506903
|move|p2a: Vikavolt|Agility|p2a: Vikavolt
|-boost|p2a: Vikavolt|spe|2
|move|p1a: Jellicent|Scald|p2a: Vikavolt
|-damage|p2a: Vikavolt|65/100
|-status|p2a: Vikavolt|brn
|
|-heal|p1a: Jellicent|100/100|[from] item: Leftovers
|-damage|p2a: Vikavolt|59/100 brn|[from] brn
|upkeep
|turn|15
|inactive|SammyTheManny has 120 seconds left.
|
|t:|1660506910
|move|p1a: Jellicent|Protect|p1a: Jellicent
|-singleturn|p1a: Jellicent|Protect
|move|p2a: Vikavolt|Thunderbolt|p1a: Jellicent
|-activate|p1a: Jellicent|move: Protect
|
|-damage|p2a: Vikavolt|53/100 brn|[from] brn
|upkeep
|turn|16
|
|t:|1660506918
|move|p2a: Vikavolt|Thunderbolt|p1a: Jellicent
|-supereffective|p1a: Jellicent
|-damage|p1a: Jellicent|29/100
|move|p1a: Jellicent|Shadow Ball|p2a: Vikavolt
|-damage|p2a: Vikavolt|16/100 brn
|
|-heal|p1a: Jellicent|35/100|[from] item: Leftovers
|-damage|p2a: Vikavolt|10/100 brn|[from] brn
|upkeep
|turn|17
|
|t:|1660506927
|move|p1a: Jellicent|Protect|p1a: Jellicent
|-singleturn|p1a: Jellicent|Protect
|move|p2a: Vikavolt|Thunderbolt|p1a: Jellicent
|-activate|p1a: Jellicent|move: Protect
|
|-heal|p1a: Jellicent|42/100|[from] item: Leftovers
|-damage|p2a: Vikavolt|4/100 brn|[from] brn
|upkeep
|turn|18
|
|t:|1660506937
|move|p1a: Jellicent|Protect|p1a: Jellicent
|-singleturn|p1a: Jellicent|Protect
|move|p2a: Vikavolt|Thunderbolt|p1a: Jellicent
|-activate|p1a: Jellicent|move: Protect
|
|-heal|p1a: Jellicent|48/100|[from] item: Leftovers
|-damage|p2a: Vikavolt|0 fnt|[from] brn
|faint|p2a: Vikavolt
|upkeep
|
|t:|1660506941
|switch|p2a: Archeops|Archeops, F|100/100
|turn|19
|
|t:|1660506948
|move|p2a: Archeops|Meteor Beam||[still]
|-prepare|p2a: Archeops|Meteor Beam
|-boost|p2a: Archeops|spa|1
|-enditem|p2a: Archeops|Power Herb
|-anim|p2a: Archeops|Meteor Beam|p1a: Jellicent
|-damage|p1a: Jellicent|0 fnt
|faint|p1a: Jellicent
|
|upkeep
|
|t:|1660506962
|switch|p1a: Aggron|Aggron, F|100/100
|-damage|p1a: Aggron|94/100|[from] Stealth Rock
|turn|20
|l| toddyenescau
|
|t:|1660506972
|move|p2a: Archeops|Earth Power|p1a: Aggron
|-supereffective|p1a: Aggron
|-damage|p1a: Aggron|0 fnt
|faint|p1a: Aggron
|
|upkeep
|
|t:|1660506977
|switch|p1a: Archeops|Archeops, M|100/100
|-damage|p1a: Archeops|75/100|[from] Stealth Rock
|turn|21
|
|t:|1660506985
|move|p2a: Archeops|Air Slash|p1a: Archeops
|-resisted|p1a: Archeops
|-damage|p1a: Archeops|30/100
|cant|p1a: Archeops|flinch
|
|upkeep
|turn|22
|c|☆SammyTheManny|okay
|
|t:|1660506992
|move|p1a: Archeops|Stone Edge|p2a: Archeops
|-supereffective|p2a: Archeops
|-damage|p2a: Archeops|0 fnt
|faint|p2a: Archeops
|
|upkeep
|
|t:|1660507003
|switch|p2a: Silvally|Silvally-Fairy|100/100
|turn|23
|
|t:|1660507020
|switch|p1a: Ribombee|Ribombee, F|100/100
|-damage|p1a: Ribombee|76/100|[from] Stealth Rock
|move|p2a: Silvally|Flame Charge|p1a: Ribombee
|-supereffective|p1a: Ribombee
|-damage|p1a: Ribombee|18/100
|-boost|p2a: Silvally|spe|1
|
|upkeep
|turn|24
|
|t:|1660507032
|move|p2a: Silvally|Flame Charge|p1a: Ribombee
|-supereffective|p1a: Ribombee
|-damage|p1a: Ribombee|0 fnt
|-boost|p2a: Silvally|spe|1
|faint|p1a: Ribombee
|
|upkeep
|
|t:|1660507036
|switch|p1a: Archeops|Archeops, M|30/100
|-damage|p1a: Archeops|5/100|[from] Stealth Rock
|turn|25
|
|t:|1660507041
|move|p2a: Silvally|Flame Charge|p1a: Archeops
|-resisted|p1a: Archeops
|-damage|p1a: Archeops|0 fnt
|-boost|p2a: Silvally|spe|1
|faint|p1a: Archeops
|
|win|PULT4C1 Inder
|raw|SammyTheManny's rating: 1142 &rarr; <strong>1124</strong><br />(-18 for losing)
|raw|PULT4C1 Inder's rating: 1249 &rarr; <strong>1267</strong><br />(+18 for winning)
|l|☆SammyTheManny
|l|☆PULT4C1 Inder
