|j|☆allstarapology
|j|☆Thucydides
|player|p1|allstarapology|shelly-gen3|1481
|player|p2|Thucydides|ruinmaniac|1382
|teamsize|p1|6
|teamsize|p2|6
|gametype|singles
|gen|8
|tier|[Gen 8] PU
|rated|
|clearpoke
|poke|p1|Crustle, M|
|poke|p1|Meowstic, M|
|poke|p1|Thievul, M|
|poke|p1|Kadabra, F|
|poke|p1|Mr. Rime, F|
|poke|p1|Manectric, M|
|poke|p2|Mr. Rime, M|
|poke|p2|Bellossom, F|
|poke|p2|Stunfisk, F|
|poke|p2|Dusknoir, M|
|poke|p2|Mawile, M|
|poke|p2|Throh, M|
|rule|Sleep Clause Mod: Limit one foe put to sleep
|rule|Species Clause: Limit one of each Pokémon
|rule|OHKO Clause: OHKO moves are banned
|rule|Evasion Moves Clause: Evasion moves are banned
|rule|Endless Battle Clause: Forcing endless battles is banned
|rule|HP Percentage Mod: HP is shown in percentages
|rule|Dynamax Clause: You cannot dynamax
|teampreview
|inactive|Battle timer is ON: inactive players will automatically lose when time's up. (requested by allstarapology)
|
|start
|switch|p1a: Crustle|Crustle, M|100/100
|switch|p2a: Throh|Throh, M|100/100
|turn|1
|
|move|p1a: Crustle|Stealth Rock|p2a: Throh
|-sidestart|p2: Thucydides|move: Stealth Rock
|move|p2a: Throh|Bulk Up|p2a: Throh
|-boost|p2a: Throh|atk|1
|-boost|p2a: Throh|def|1
|
|upkeep
|turn|2
|
|move|p1a: Crustle|Knock Off|p2a: Throh
|-resisted|p2a: Throh
|-damage|p2a: Throh|92/100
|-enditem|p2a: Throh|Leftovers|[from] move: Knock Off|[of] p1a: Crustle
|move|p2a: Throh|Storm Throw|p1a: Crustle
|-crit|p1a: Crustle
|-damage|p1a: Crustle|40/100
|
|upkeep
|turn|3
|
|move|p1a: Crustle|Spikes|p2a: Throh
|-sidestart|p2: Thucydides|Spikes
|move|p2a: Throh|Storm Throw|p1a: Crustle
|-crit|p1a: Crustle
|-damage|p1a: Crustle|0 fnt
|faint|p1a: Crustle
|
|upkeep
|
|switch|p1a: Kadabra|Kadabra, F|100/100
|turn|4
|
|move|p2a: Throh|Knock Off|p1a: Kadabra
|-supereffective|p1a: Kadabra
|-enditem|p1a: Kadabra|Focus Sash
|-damage|p1a: Kadabra|1/100
|move|p1a: Kadabra|Counter|p2a: Throh
|-damage|p2a: Throh|0 fnt
|faint|p2a: Throh
|
|upkeep
|
|switch|p2a: Dusknoir|Dusknoir, M|100/100
|-damage|p2a: Dusknoir|88/100|[from] Stealth Rock
|-damage|p2a: Dusknoir|76/100|[from] Spikes
|turn|5
|
|move|p2a: Dusknoir|Shadow Sneak|p1a: Kadabra
|-supereffective|p1a: Kadabra
|-crit|p1a: Kadabra
|-damage|p1a: Kadabra|0 fnt
|faint|p1a: Kadabra
|
|upkeep
|
|switch|p1a: Manectric|Manectric, M|100/100
|turn|6
|
|move|p1a: Manectric|Switcheroo|p2a: Dusknoir
|-activate|p1a: Manectric|move: Trick|[of] p2a: Dusknoir
|-item|p2a: Dusknoir|Choice Scarf|[from] move: Switcheroo
|-item|p1a: Manectric|Assault Vest|[from] move: Switcheroo
|move|p2a: Dusknoir|Poltergeist|p1a: Manectric
|-activate|p1a: Manectric|move: Poltergeist|Assault Vest
|-damage|p1a: Manectric|0 fnt
|faint|p1a: Manectric
|
|upkeep
|
|switch|p1a: Meowstic|Meowstic, M|100/100
|turn|7
|
|move|p1a: Meowstic|Yawn|p2a: Dusknoir
|-start|p2a: Dusknoir|move: Yawn|[of] p1a: Meowstic
|move|p2a: Dusknoir|Poltergeist|p1a: Meowstic
|-activate|p1a: Meowstic|move: Poltergeist|Terrain Extender
|-supereffective|p1a: Meowstic
|-damage|p1a: Meowstic|10/100
|
|upkeep
|turn|8
|
|move|p1a: Meowstic|Psychic Terrain|p1a: Meowstic
|-fieldstart|move: Psychic Terrain
|move|p2a: Dusknoir|Poltergeist|p1a: Meowstic
|-activate|p1a: Meowstic|move: Poltergeist|Terrain Extender
|-supereffective|p1a: Meowstic
|-damage|p1a: Meowstic|0 fnt
|faint|p1a: Meowstic
|
|-end|p2a: Dusknoir|move: Yawn|[silent]
|-status|p2a: Dusknoir|slp
|upkeep
|
|switch|p1a: Thievul|Thievul, M|100/100
|-enditem|p1a: Thievul|Psychic Seed
|-boost|p1a: Thievul|spd|1|[from] item: Psychic Seed
|turn|9
|
|switch|p2a: Stunfisk|Stunfisk, F|100/100
|-damage|p2a: Stunfisk|94/100|[from] Stealth Rock
|-damage|p2a: Stunfisk|82/100|[from] Spikes
|move|p1a: Thievul|Nasty Plot|p1a: Thievul
|-boost|p1a: Thievul|spa|2
|
|-heal|p2a: Stunfisk|88/100|[from] item: Leftovers
|upkeep
|turn|10
|
|move|p1a: Thievul|Dark Pulse|p2a: Stunfisk
|-crit|p2a: Stunfisk
|-damage|p2a: Stunfisk|5/100
|move|p2a: Stunfisk|Discharge|p1a: Thievul
|-damage|p1a: Thievul|73/100
|
|-heal|p2a: Stunfisk|12/100|[from] item: Leftovers
|upkeep
|turn|11
|
|move|p1a: Thievul|Dark Pulse|p2a: Stunfisk
|-damage|p2a: Stunfisk|0 fnt
|faint|p2a: Stunfisk
|
|upkeep
|
|switch|p2a: Bellossom|Bellossom, F|100/100
|-damage|p2a: Bellossom|88/100|[from] Spikes
|-damage|p2a: Bellossom|76/100|[from] Stealth Rock
|turn|12
|
|move|p1a: Thievul|Dark Pulse|p2a: Bellossom
|-damage|p2a: Bellossom|11/100
|move|p2a: Bellossom|Giga Drain|p1a: Thievul
|-damage|p1a: Thievul|53/100
|-heal|p2a: Bellossom|19/100|[from] drain|[of] p1a: Thievul
|
|-heal|p2a: Bellossom|25/100|[from] item: Leftovers
|upkeep
|turn|13
|
|move|p1a: Thievul|Dark Pulse|p2a: Bellossom
|-damage|p2a: Bellossom|0 fnt
|faint|p2a: Bellossom
|
|upkeep
|
|switch|p2a: Mawile|Mawile, M|100/100
|-damage|p2a: Mawile|88/100|[from] Spikes
|-damage|p2a: Mawile|82/100|[from] Stealth Rock
|turn|14
|
|move|p1a: Thievul|Burning Jealousy|p2a: Mawile
|-supereffective|p2a: Mawile
|-damage|p2a: Mawile|0 fnt
|faint|p2a: Mawile
|
|upkeep
|-message|Thucydides forfeited.
|
|win|allstarapology
|l|☆Thucydides
