|raw|<div class="broadcast-blue"><strong>This battle is required to be public due to a player having a name starting with 'pult4t2'.</div>
|j|☆yassy slay
|j|☆PULT4T2 Irish
|t:|1661702314
|gametype|singles
|player|p1|yassy slay|clown|1689
|player|p2|PULT4T2 Irish|misty|1628
|teamsize|p1|6
|teamsize|p2|6
|gen|8
|tier|[Gen 8] PU
|rated|
|rule|Sleep Clause Mod: Limit one foe put to sleep
|rule|Species Clause: Limit one of each Pokémon
|rule|OHKO Clause: OHKO moves are banned
|rule|Evasion Items Clause: Evasion items are banned
|rule|Evasion Moves Clause: Evasion moves are banned
|rule|Endless Battle Clause: Forcing endless battles is banned
|rule|HP Percentage Mod: HP is shown in percentages
|rule|Dynamax Clause: You cannot dynamax
|clearpoke
|poke|p1|Flapple, M|
|poke|p1|Weezing, F|
|poke|p1|Comfey, F|
|poke|p1|Gourgeist-*, M|
|poke|p1|Gigalith, M|
|poke|p1|Sandslash, M|
|poke|p2|Scrafty, M|
|poke|p2|Weezing, F|
|poke|p2|Doublade, M|
|poke|p2|Jolteon, F|
|poke|p2|Coalossal, M|
|poke|p2|Wishiwashi, M|
|teampreview
|
|t:|1661702326
|start
|switch|p1a: Gourgeist|Gourgeist-Super, M|100/100
|switch|p2a: Weezing|Weezing, F|100/100
|turn|1
|
|t:|1661702350
|switch|p1a: Gigalith|Gigalith, M|100/100
|-weather|Sandstorm|[from] ability: Sand Stream|[of] p1a: Gigalith
|move|p2a: Weezing|Toxic Spikes|p1a: Gigalith
|-sidestart|p1: yassy slay|move: Toxic Spikes
|
|-weather|Sandstorm|[upkeep]
|-damage|p2a: Weezing|95/100|[from] Sandstorm
|upkeep
|turn|2
|
|t:|1661702354
|move|p2a: Weezing|Will-O-Wisp|p1a: Gigalith
|-status|p1a: Gigalith|brn
|move|p1a: Gigalith|Stealth Rock|p2a: Weezing
|-sidestart|p2: PULT4T2 Irish|move: Stealth Rock
|
|-weather|Sandstorm|[upkeep]
|-damage|p2a: Weezing|89/100|[from] Sandstorm
|-damage|p1a: Gigalith|94/100 brn|[from] brn
|upkeep
|turn|3
|
|t:|1661702358
|switch|p2a: Scrafty|Scrafty, M|100/100
|-damage|p2a: Scrafty|95/100|[from] Stealth Rock
|switch|p1a: Weezing|Weezing, F|100/100
|-ability|p1a: Weezing|Neutralizing Gas
|-sideend|p1: yassy slay|move: Toxic Spikes|[of] p1a: Weezing
|
|-weather|Sandstorm|[upkeep]
|-damage|p2a: Scrafty|89/100|[from] Sandstorm
|-damage|p1a: Weezing|95/100|[from] Sandstorm
|-heal|p1a: Weezing|100/100|[from] item: Black Sludge
|upkeep
|turn|4
|
|t:|1661702362
|-end|p1a: Weezing|ability: Neutralizing Gas
|switch|p1a: Comfey|Comfey, F|100/100
|move|p2a: Scrafty|Knock Off|p1a: Comfey
|-resisted|p1a: Comfey
|-damage|p1a: Comfey|69/100
|-enditem|p1a: Comfey|Choice Specs|[from] move: Knock Off|[of] p2a: Scrafty
|
|-weather|Sandstorm|[upkeep]
|-damage|p2a: Scrafty|83/100|[from] Sandstorm
|-damage|p1a: Comfey|63/100|[from] Sandstorm
|upkeep
|turn|5
|
|t:|1661702368
|switch|p2a: Coalossal|Coalossal, M|100/100
|move|p1a: Comfey|Trick|p2a: Coalossal
|-activate|p1a: Comfey|move: Trick|[of] p2a: Coalossal
|-enditem|p2a: Coalossal|Heavy-Duty Boots|[silent]|[from] move: Trick
|-item|p1a: Comfey|Heavy-Duty Boots|[from] move: Trick
|
|-weather|none
|upkeep
|turn|6
|
|t:|1661702380
|switch|p1a: Sandslash|Sandslash, M|100/100
|move|p2a: Coalossal|Stealth Rock|p1a: Sandslash
|-sidestart|p1: yassy slay|move: Stealth Rock
|
|upkeep
|turn|7
|
|t:|1661702393
|switch|p2a: Wishiwashi|Wishiwashi, M|100/100
|-damage|p2a: Wishiwashi|88/100|[from] Stealth Rock
|-formechange|p2a: Wishiwashi|Wishiwashi-School||[from] ability: Schooling
|move|p1a: Sandslash|Rapid Spin|p2a: Wishiwashi
|-damage|p2a: Wishiwashi|77/100
|-boost|p1a: Sandslash|spe|1
|-sideend|p1: yassy slay|Stealth Rock|[from] move: Rapid Spin|[of] p1a: Sandslash
|
|-heal|p2a: Wishiwashi|83/100|[from] item: Leftovers
|upkeep
|turn|8
|j| Treats & Stuff
|
|t:|1661702399
|switch|p1a: Gourgeist|Gourgeist-Super, M|100/100
|-item|p2a: Wishiwashi|Leftovers|[from] ability: Frisk|[of] p1a: Gourgeist|[identify]
|move|p2a: Wishiwashi|Scald|p1a: Gourgeist
|-resisted|p1a: Gourgeist
|-damage|p1a: Gourgeist|77/100
|-status|p1a: Gourgeist|brn
|
|-heal|p2a: Wishiwashi|89/100|[from] item: Leftovers
|-damage|p1a: Gourgeist|71/100 brn|[from] brn
|upkeep
|turn|9
|l| Treats & Stuff
|
|t:|1661702448
|switch|p2a: Weezing|Weezing, F|89/100
|-damage|p2a: Weezing|76/100|[from] Stealth Rock
|move|p1a: Gourgeist|Power Whip|p2a: Weezing
|-resisted|p2a: Weezing
|-damage|p2a: Weezing|67/100
|
|-damage|p1a: Gourgeist|65/100 brn|[from] brn
|upkeep
|turn|10
|
|t:|1661702455
|switch|p1a: Weezing|Weezing, F|100/100
|-ability|p1a: Weezing|Neutralizing Gas
|move|p2a: Weezing|Will-O-Wisp|p1a: Weezing|[miss]
|-miss|p2a: Weezing|p1a: Weezing
|
|upkeep
|turn|11
|
|t:|1661702461
|switch|p2a: Wishiwashi|Wishiwashi, M|89/100
|-damage|p2a: Wishiwashi|77/100|[from] Stealth Rock
|-formechange|p2a: Wishiwashi|Wishiwashi-School||[from] ability: Schooling
|move|p1a: Weezing|Toxic Spikes|p2a: Wishiwashi
|-sidestart|p2: PULT4T2 Irish|move: Toxic Spikes
|
|-heal|p2a: Wishiwashi|83/100|[from] item: Leftovers
|upkeep
|turn|12
|j| Carmin
|
|t:|1661702469
|-end|p1a: Weezing|ability: Neutralizing Gas
|switch|p1a: Gourgeist|Gourgeist-Super, M|65/100 brn
|-item|p2a: Wishiwashi|Leftovers|[from] ability: Frisk|[of] p1a: Gourgeist|[identify]
|move|p2a: Wishiwashi|Scald|p1a: Gourgeist
|-resisted|p1a: Gourgeist
|-damage|p1a: Gourgeist|40/100 brn
|
|-heal|p2a: Wishiwashi|89/100|[from] item: Leftovers
|-damage|p1a: Gourgeist|34/100 brn|[from] brn
|upkeep
|turn|13
|j| pult4t2 le s
|
|t:|1661702474
|move|p1a: Gourgeist|Synthesis|p1a: Gourgeist
|-heal|p1a: Gourgeist|84/100 brn
|move|p2a: Wishiwashi|Scald|p1a: Gourgeist
|-resisted|p1a: Gourgeist
|-damage|p1a: Gourgeist|59/100 brn
|
|-heal|p2a: Wishiwashi|95/100|[from] item: Leftovers
|-damage|p1a: Gourgeist|53/100 brn|[from] brn
|upkeep
|turn|14
|
|t:|1661702482
|switch|p2a: Weezing|Weezing, F|67/100
|-damage|p2a: Weezing|55/100|[from] Stealth Rock
|move|p1a: Gourgeist|Synthesis|p1a: Gourgeist
|-heal|p1a: Gourgeist|100/100 brn
|
|-damage|p1a: Gourgeist|94/100 brn|[from] brn
|upkeep
|turn|15
|
|t:|1661702489
|switch|p1a: Gigalith|Gigalith, M|94/100 brn
|-weather|Sandstorm|[from] ability: Sand Stream|[of] p1a: Gigalith
|move|p2a: Weezing|Pain Split|p1a: Gigalith
|-sethp|p1a: Gigalith|72/100 brn|[from] move: Pain Split|[silent]
|-sethp|p2a: Weezing|80/100|[from] move: Pain Split
|
|-weather|Sandstorm|[upkeep]
|-damage|p2a: Weezing|74/100|[from] Sandstorm
|-heal|p1a: Gigalith|78/100 brn|[from] item: Leftovers
|-damage|p1a: Gigalith|72/100 brn|[from] brn
|upkeep
|turn|16
|
|t:|1661702493
|switch|p2a: Doublade|Doublade, M|100/100
|-damage|p2a: Doublade|94/100|[from] Stealth Rock
|move|p1a: Gigalith|Rock Blast|p2a: Doublade
|-resisted|p2a: Doublade
|-damage|p2a: Doublade|93/100
|-resisted|p2a: Doublade
|-damage|p2a: Doublade|92/100
|-resisted|p2a: Doublade
|-damage|p2a: Doublade|90/100
|-resisted|p2a: Doublade
|-damage|p2a: Doublade|89/100
|-hitcount|p2a: Doublade|4
|
|-weather|Sandstorm|[upkeep]
|-heal|p1a: Gigalith|78/100 brn|[from] item: Leftovers
|-damage|p1a: Gigalith|72/100 brn|[from] brn
|upkeep
|turn|17
|
|t:|1661702505
|switch|p1a: Weezing|Weezing, F|100/100
|-ability|p1a: Weezing|Neutralizing Gas
|move|p2a: Doublade|Iron Head|p1a: Weezing
|-damage|p1a: Weezing|73/100
|
|-weather|Sandstorm|[upkeep]
|-damage|p1a: Weezing|67/100|[from] Sandstorm
|-heal|p1a: Weezing|73/100|[from] item: Black Sludge
|upkeep
|turn|18
|
|t:|1661702512
|switch|p2a: Wishiwashi|Wishiwashi, M|95/100
|-damage|p2a: Wishiwashi|83/100|[from] Stealth Rock
|-status|p2a: Wishiwashi|psn
|-formechange|p2a: Wishiwashi|Wishiwashi-School||[from] ability: Schooling
|move|p1a: Weezing|Flamethrower|p2a: Wishiwashi
|-resisted|p2a: Wishiwashi
|-damage|p2a: Wishiwashi|76/100 psn
|
|-weather|Sandstorm|[upkeep]
|-damage|p1a: Weezing|67/100|[from] Sandstorm
|-damage|p2a: Wishiwashi|70/100 psn|[from] Sandstorm
|-heal|p1a: Weezing|73/100|[from] item: Black Sludge
|-heal|p2a: Wishiwashi|76/100 psn|[from] item: Leftovers
|-damage|p2a: Wishiwashi|63/100 psn|[from] psn
|upkeep
|turn|19
|
|t:|1661702515
|-end|p1a: Weezing|ability: Neutralizing Gas
|switch|p1a: Flapple|Flapple, M|100/100
|move|p2a: Wishiwashi|Rest|p2a: Wishiwashi
|-status|p2a: Wishiwashi|slp|[from] move: Rest
|-heal|p2a: Wishiwashi|100/100 slp|[silent]
|
|-weather|none
|upkeep
|turn|20
|
|t:|1661702521
|switch|p2a: Doublade|Doublade, M|89/100
|-damage|p2a: Doublade|83/100|[from] Stealth Rock
|move|p1a: Flapple|Grav Apple|p2a: Doublade
|-resisted|p2a: Doublade
|-damage|p2a: Doublade|62/100
|-unboost|p2a: Doublade|def|1
|-damage|p1a: Flapple|91/100|[from] item: Life Orb
|
|upkeep
|turn|21
|
|t:|1661702528
|move|p1a: Flapple|Grav Apple|p2a: Doublade
|-resisted|p2a: Doublade
|-damage|p2a: Doublade|30/100
|-unboost|p2a: Doublade|def|1
|-damage|p1a: Flapple|81/100|[from] item: Life Orb
|move|p2a: Doublade|Iron Head|p1a: Flapple
|-damage|p1a: Flapple|19/100
|
|upkeep
|turn|22
|
|t:|1661702533
|switch|p2a: Weezing|Weezing, F|74/100
|-damage|p2a: Weezing|62/100|[from] Stealth Rock
|move|p1a: Flapple|Sucker Punch||[still]
|-fail|p1a: Flapple
|
|upkeep
|turn|23
|
|t:|1661702539
|move|p1a: Flapple|Outrage|p2a: Weezing
|-damage|p2a: Weezing|0 fnt
|faint|p2a: Weezing
|-damage|p1a: Flapple|9/100|[from] item: Life Orb
|
|upkeep
|
|t:|1661702542
|switch|p2a: Jolteon|Jolteon, F|100/100
|turn|24
|
|t:|1661702545
|move|p2a: Jolteon|Shadow Ball|p1a: Flapple
|-damage|p1a: Flapple|0 fnt
|faint|p1a: Flapple
|
|upkeep
|j| jaytop31
|
|t:|1661702558
|switch|p1a: Sandslash|Sandslash, M|100/100
|turn|25
|
|t:|1661702565
|switch|p2a: Scrafty|Scrafty, M|83/100
|-damage|p2a: Scrafty|77/100|[from] Stealth Rock
|-status|p2a: Scrafty|psn
|move|p1a: Sandslash|Earthquake|p2a: Scrafty
|-damage|p2a: Scrafty|27/100 psn
|
|-damage|p2a: Scrafty|15/100 psn|[from] psn
|upkeep
|turn|26
|
|t:|1661702572
|switch|p1a: Comfey|Comfey, F|63/100
|move|p2a: Scrafty|Close Combat|p1a: Comfey
|-resisted|p1a: Comfey
|-damage|p1a: Comfey|19/100
|-unboost|p2a: Scrafty|def|1
|-unboost|p2a: Scrafty|spd|1
|
|-damage|p2a: Scrafty|3/100 psn|[from] psn
|upkeep
|turn|27
|
|t:|1661702577
|switch|p2a: Coalossal|Coalossal, M|100/100
|-damage|p2a: Coalossal|76/100|[from] Stealth Rock
|-status|p2a: Coalossal|psn
|move|p1a: Comfey|Draining Kiss|p2a: Coalossal
|-resisted|p2a: Coalossal
|-damage|p2a: Coalossal|69/100 psn
|-heal|p1a: Comfey|27/100|[from] drain|[of] p2a: Coalossal
|
|-damage|p2a: Coalossal|57/100 psn|[from] psn
|upkeep
|turn|28
|
|t:|1661702582
|switch|p1a: Gourgeist|Gourgeist-Super, M|94/100 brn
|move|p2a: Coalossal|Flamethrower|p1a: Gourgeist
|-supereffective|p1a: Gourgeist
|-damage|p1a: Gourgeist|31/100 brn
|
|-damage|p2a: Coalossal|44/100 psn|[from] psn
|-damage|p1a: Gourgeist|24/100 brn|[from] brn
|upkeep
|turn|29
|
|t:|1661702590
|move|p1a: Gourgeist|Synthesis|p1a: Gourgeist
|-heal|p1a: Gourgeist|74/100 brn
|move|p2a: Coalossal|Stealth Rock|p1a: Gourgeist
|-sidestart|p1: yassy slay|move: Stealth Rock
|
|-damage|p2a: Coalossal|32/100 psn|[from] psn
|-damage|p1a: Gourgeist|68/100 brn|[from] brn
|upkeep
|turn|30
|
|t:|1661702601
|move|p1a: Gourgeist|Synthesis|p1a: Gourgeist
|-heal|p1a: Gourgeist|100/100 brn
|move|p2a: Coalossal|Flamethrower|p1a: Gourgeist
|-supereffective|p1a: Gourgeist
|-damage|p1a: Gourgeist|30/100 brn
|
|-damage|p2a: Coalossal|20/100 psn|[from] psn
|-damage|p1a: Gourgeist|24/100 brn|[from] brn
|upkeep
|turn|31
|
|t:|1661702606
|move|p1a: Gourgeist|Synthesis|p1a: Gourgeist
|-heal|p1a: Gourgeist|73/100 brn
|move|p2a: Coalossal|Flamethrower|p1a: Gourgeist
|-supereffective|p1a: Gourgeist
|-damage|p1a: Gourgeist|8/100 brn
|
|-damage|p2a: Coalossal|8/100 psn|[from] psn
|-damage|p1a: Gourgeist|2/100 brn|[from] brn
|upkeep
|turn|32
|
|t:|1661702615
|move|p1a: Gourgeist|Poltergeist||[still]
|-fail|p1a: Gourgeist
|move|p2a: Coalossal|Flamethrower|p1a: Gourgeist
|-supereffective|p1a: Gourgeist
|-damage|p1a: Gourgeist|0 fnt
|faint|p1a: Gourgeist
|
|-damage|p2a: Coalossal|0 fnt|[from] psn
|faint|p2a: Coalossal
|upkeep
|
|t:|1661702634
|switch|p1a: Comfey|Comfey, F|27/100
|switch|p2a: Jolteon|Jolteon, F|100/100
|turn|33
|
|t:|1661702638
|switch|p1a: Gigalith|Gigalith, M|72/100 brn
|-damage|p1a: Gigalith|59/100 brn|[from] Stealth Rock
|-weather|Sandstorm|[from] ability: Sand Stream|[of] p1a: Gigalith
|move|p2a: Jolteon|Thunderbolt|p1a: Gigalith
|-damage|p1a: Gigalith|36/100 brn
|
|-weather|Sandstorm|[upkeep]
|-damage|p2a: Jolteon|95/100|[from] Sandstorm
|-heal|p1a: Gigalith|42/100 brn|[from] item: Leftovers
|-damage|p1a: Gigalith|36/100 brn|[from] brn
|upkeep
|turn|34
|
|t:|1661702650
|switch|p1a: Sandslash|Sandslash, M|100/100
|move|p2a: Jolteon|Wish|p2a: Jolteon
|
|-weather|Sandstorm|[upkeep]
|-damage|p2a: Jolteon|89/100|[from] Sandstorm
|upkeep
|turn|35
|
|t:|1661702658
|switch|p2a: Wishiwashi|Wishiwashi, M|100/100 slp
|-damage|p2a: Wishiwashi|88/100 slp|[from] Stealth Rock
|-formechange|p2a: Wishiwashi|Wishiwashi-School||[from] ability: Schooling
|move|p1a: Sandslash|Swords Dance|p1a: Sandslash
|-boost|p1a: Sandslash|atk|2
|
|-weather|Sandstorm|[upkeep]
|-damage|p2a: Wishiwashi|82/100 slp|[from] Sandstorm
|-heal|p2a: Wishiwashi|100/100 slp|[from] move: Wish|[wisher] Jolteon
|upkeep
|turn|36
|
|t:|1661702661
|move|p1a: Sandslash|Earthquake|p2a: Wishiwashi
|-damage|p2a: Wishiwashi|33/100 slp
|cant|p2a: Wishiwashi|slp
|move|p2a: Wishiwashi|Sleep Talk|p2a: Wishiwashi
|move|p2a: Wishiwashi|U-turn|p1a: Sandslash|[from]move: Sleep Talk
|-damage|p1a: Sandslash|82/100
|
|t:|1661702666
|switch|p2a: Jolteon|Jolteon, F|89/100|[from]move: U-turn
|
|-weather|Sandstorm|[upkeep]
|-damage|p2a: Jolteon|83/100|[from] Sandstorm
|upkeep
|turn|37
|
|t:|1661702669
|switch|p2a: Scrafty|Scrafty, M|3/100 psn
|-damage|p2a: Scrafty|0 fnt|[from] Stealth Rock
|faint|p2a: Scrafty
|move|p1a: Sandslash|Earthquake|p2: Scrafty|[notarget]
|-fail|p1a: Sandslash
|
|-weather|none
|upkeep
|
|t:|1661702672
|switch|p2a: Jolteon|Jolteon, F|83/100
|turn|38
|
|t:|1661702675
|move|p2a: Jolteon|Shadow Ball|p1a: Sandslash
|-damage|p1a: Sandslash|36/100
|move|p1a: Sandslash|Earthquake|p2a: Jolteon
|-supereffective|p2a: Jolteon
|-damage|p2a: Jolteon|0 fnt
|faint|p2a: Jolteon
|
|upkeep
|
|t:|1661702678
|switch|p2a: Doublade|Doublade, M|30/100
|-damage|p2a: Doublade|24/100|[from] Stealth Rock
|turn|39
|
|t:|1661702680
|move|p2a: Doublade|Shadow Sneak|p1a: Sandslash
|-damage|p1a: Sandslash|15/100
|move|p1a: Sandslash|Earthquake|p2a: Doublade
|-supereffective|p2a: Doublade
|-damage|p2a: Doublade|0 fnt
|faint|p2a: Doublade
|
|upkeep
|c|☆PULT4T2 Irish|gg
|c|☆yassy slay|gg
|-message|PULT4T2 Irish forfeited.
|
|win|yassy slay
|raw|yassy slay's rating: 1689 &rarr; <strong>1706</strong><br />(+17 for winning)
|raw|PULT4T2 Irish's rating: 1628 &rarr; <strong>1611</strong><br />(-17 for losing)
|l|☆PULT4T2 Irish
