|j|☆ShuckleDeath
|j|☆acluh1
|t:|1653769090
|gametype|singles
|player|p1|ShuckleDeath|pokekidf-gen8|
|player|p2|acluh1|karen|
|teamsize|p1|6
|teamsize|p2|6
|gen|8
|tier|[Gen 8] PU
|rated|Tournament battle
|rule|Sleep Clause Mod: Limit one foe put to sleep
|rule|Species Clause: Limit one of each Pokémon
|rule|OHKO Clause: OHKO moves are banned
|rule|Evasion Moves Clause: Evasion moves are banned
|rule|Endless Battle Clause: Forcing endless battles is banned
|rule|HP Percentage Mod: HP is shown in percentages
|rule|Dynamax Clause: You cannot dynamax
|clearpoke
|poke|p1|Regigigas|
|poke|p1|Gallade, M|
|poke|p1|Sneasel, F|
|poke|p1|Mesprit|
|poke|p1|Unfezant, M|
|poke|p1|Rhydon, F|
|poke|p2|Charizard, M|
|poke|p2|Gigalith, M|
|poke|p2|Ribombee, M|
|poke|p2|Sandaconda, F|
|poke|p2|Scrafty, F|
|poke|p2|Trevenant, F|
|teampreview
|inactive|Battle timer is ON: inactive players will automatically lose when time's up. (requested by acluh1)
|c|☆acluh1|gl
|j| Haffling
|j| Sir DucklessEd
|l| Sir DucklessEd
|inactive|ShuckleDeath has 120 seconds left.
|
|t:|1653769123
|start
|switch|p1a: Sneasel|Sneasel, F|100/100
|switch|p2a: Trevenant|Trevenant, F, shiny|100/100
|turn|1
|
|t:|1653769134
|switch|p2a: Sandaconda|Sandaconda, F, shiny|100/100
|move|p1a: Sneasel|Triple Axel|p2a: Sandaconda
|-supereffective|p2a: Sandaconda
|-damage|p2a: Sandaconda|83/100
|-damage|p1a: Sneasel|84/100|[from] item: Rocky Helmet|[of] p2a: Sandaconda
|-supereffective|p2a: Sandaconda
|-damage|p2a: Sandaconda|49/100
|-damage|p1a: Sneasel|68/100|[from] item: Rocky Helmet|[of] p2a: Sandaconda
|-supereffective|p2a: Sandaconda
|-damage|p2a: Sandaconda|3/100
|-damage|p1a: Sneasel|51/100|[from] item: Rocky Helmet|[of] p2a: Sandaconda
|-hitcount|p2a: Sandaconda|3
|
|upkeep
|turn|2
|
|t:|1653769148
|move|p1a: Sneasel|Triple Axel|p2a: Sandaconda
|-supereffective|p2a: Sandaconda
|-crit|p2a: Sandaconda
|-damage|p2a: Sandaconda|0 fnt
|-damage|p1a: Sneasel|35/100|[from] item: Rocky Helmet|[of] p2a: Sandaconda
|faint|p2a: Sandaconda
|-hitcount|p2: Sandaconda|1
|
|upkeep
|
|t:|1653769156
|switch|p2a: Ribombee|Ribombee, M, shiny|100/100
|turn|3
|
|t:|1653769162
|switch|p1a: Regigigas|Regigigas|100/100
|-start|p1a: Regigigas|ability: Slow Start
|move|p2a: Ribombee|Moonblast|p1a: Regigigas
|-damage|p1a: Regigigas|78/100
|
|-heal|p1a: Regigigas|84/100|[from] item: Leftovers
|upkeep
|turn|4
|
|t:|1653769175
|switch|p2a: Gigalith|Gigalith, M, shiny|100/100
|-weather|Sandstorm|[from] ability: Sand Stream|[of] p2a: Gigalith
|move|p1a: Regigigas|Thunder Wave|p2a: Gigalith
|-status|p2a: Gigalith|par
|
|-weather|Sandstorm|[upkeep]
|-damage|p1a: Regigigas|78/100|[from] Sandstorm
|-heal|p1a: Regigigas|84/100|[from] item: Leftovers
|upkeep
|turn|5
|
|t:|1653769185
|-end|p1a: Regigigas|Slow Start|[silent]
|switch|p1a: Gallade|Gallade, M|100/100
|move|p2a: Gigalith|Rock Blast|p1a: Gallade
|-resisted|p1a: Gallade
|-damage|p1a: Gallade|91/100
|-resisted|p1a: Gallade
|-damage|p1a: Gallade|81/100
|-resisted|p1a: Gallade
|-damage|p1a: Gallade|71/100
|-resisted|p1a: Gallade
|-damage|p1a: Gallade|61/100
|-resisted|p1a: Gallade
|-damage|p1a: Gallade|51/100
|-hitcount|p1a: Gallade|5
|
|-weather|Sandstorm|[upkeep]
|-damage|p1a: Gallade|45/100|[from] Sandstorm
|upkeep
|turn|6
|
|t:|1653769199
|move|p1a: Gallade|Close Combat|p2a: Gigalith
|-supereffective|p2a: Gigalith
|-damage|p2a: Gigalith|17/100 par
|-unboost|p1a: Gallade|def|1
|-unboost|p1a: Gallade|spd|1
|move|p2a: Gigalith|Earthquake|p1a: Gallade
|-damage|p1a: Gallade|0 fnt
|faint|p1a: Gallade
|
|-weather|Sandstorm|[upkeep]
|-heal|p2a: Gigalith|23/100 par|[from] item: Leftovers
|upkeep
|
|t:|1653769211
|switch|p1a: Rhydon|Rhydon, F|100/100
|turn|7
|
|t:|1653769215
|switch|p1a: Sneasel|Sneasel, F|35/100
|cant|p2a: Gigalith|par
|
|-weather|Sandstorm|[upkeep]
|-damage|p1a: Sneasel|29/100|[from] Sandstorm
|-heal|p2a: Gigalith|29/100 par|[from] item: Leftovers
|upkeep
|turn|8
|
|t:|1653769225
|move|p1a: Sneasel|Triple Axel|p2a: Gigalith
|-damage|p2a: Gigalith|19/100 par
|-damage|p2a: Gigalith|1/100 par
|-damage|p2a: Gigalith|0 fnt
|faint|p2a: Gigalith
|-hitcount|p2: Gigalith|3
|
|-weather|none
|upkeep
|
|t:|1653769231
|switch|p2a: Ribombee|Ribombee, M, shiny|100/100
|turn|9
|
|t:|1653769235
|switch|p1a: Rhydon|Rhydon, F|100/100
|move|p2a: Ribombee|Moonblast|p1a: Rhydon
|-damage|p1a: Rhydon|74/100
|
|upkeep
|turn|10
|
|t:|1653769247
|switch|p1a: Unfezant|Unfezant, M|100/100
|move|p2a: Ribombee|Energy Ball|p1a: Unfezant
|-resisted|p1a: Unfezant
|-damage|p1a: Unfezant|77/100
|
|upkeep
|turn|11
|
|t:|1653769252
|switch|p2a: Charizard|Charizard, M, shiny|100/100
|move|p1a: Unfezant|Brave Bird|p2a: Charizard
|-damage|p2a: Charizard|16/100
|-damage|p1a: Unfezant|50/100|[from] Recoil
|
|upkeep
|turn|12
|
|t:|1653769259
|move|p1a: Unfezant|Brave Bird|p2a: Charizard
|-damage|p2a: Charizard|0 fnt
|faint|p2a: Charizard
|-damage|p1a: Unfezant|44/100|[from] Recoil
|
|upkeep
|
|t:|1653769269
|switch|p2a: Scrafty|Scrafty, F|100/100
|turn|13
|
|t:|1653769276
|move|p1a: Unfezant|Brave Bird|p2a: Scrafty
|-supereffective|p2a: Scrafty
|-damage|p2a: Scrafty|0 fnt
|faint|p2a: Scrafty
|-damage|p1a: Unfezant|15/100|[from] Recoil
|
|upkeep
|
|t:|1653769287
|switch|p2a: Trevenant|Trevenant, F, shiny|100/100
|turn|14
|
|t:|1653769309
|move|p1a: Unfezant|Brave Bird|p2a: Trevenant
|-supereffective|p2a: Trevenant
|-damage|p2a: Trevenant|0 fnt
|faint|p2a: Trevenant
|-damage|p1a: Unfezant|0 fnt|[from] Recoil
|faint|p1a: Unfezant
|
|upkeep
|
|t:|1653769320
|switch|p1a: Mesprit|Mesprit|100/100
|switch|p2a: Ribombee|Ribombee, M, shiny|100/100
|turn|15
|
|t:|1653769325
|move|p1a: Mesprit|Psychic|p2a: Ribombee
|-damage|p2a: Ribombee|30/100
|move|p2a: Ribombee|Quiver Dance|p2a: Ribombee
|-boost|p2a: Ribombee|spa|1
|-boost|p2a: Ribombee|spd|1
|-boost|p2a: Ribombee|spe|1
|
|upkeep
|turn|16
|
|t:|1653769331
|move|p2a: Ribombee|Bug Buzz|p1a: Mesprit
|-supereffective|p1a: Mesprit
|-damage|p1a: Mesprit|0 fnt
|faint|p1a: Mesprit
|
|upkeep
|
|t:|1653769335
|switch|p1a: Sneasel|Sneasel, F|29/100
|turn|17
|
|t:|1653769338
|move|p1a: Sneasel|Ice Shard|p2a: Ribombee
|-damage|p2a: Ribombee|0 fnt
|faint|p2a: Ribombee
|
|win|ShuckleDeath
|n|☆ShuckleDeath|shuckledeath
|n|☆acluh1|acluh1
|n| Haffling|haffling
