|j|☆PULT4C1 eifo
|j|☆pult4c1 shane
|t:|1661096843
|gametype|singles
|player|p1|PULT4C1 eifo|camper|1670
|player|p2|pult4c1 shane|veteran|1627
|teamsize|p1|6
|teamsize|p2|6
|gen|8
|tier|[Gen 8] PU
|rated|
|rule|Sleep Clause Mod: Limit one foe put to sleep
|rule|Species Clause: Limit one of each Pokémon
|rule|OHKO Clause: OHKO moves are banned
|rule|Evasion Items Clause: Evasion items are banned
|rule|Evasion Moves Clause: Evasion moves are banned
|rule|Endless Battle Clause: Forcing endless battles is banned
|rule|HP Percentage Mod: HP is shown in percentages
|rule|Dynamax Clause: You cannot dynamax
|clearpoke
|poke|p1|Scyther, M|
|poke|p1|Jellicent, F|
|poke|p1|Audino, F|
|poke|p1|Sandslash, M|
|poke|p1|Aggron, F|
|poke|p1|Comfey, M|
|poke|p2|Sandslash, F|
|poke|p2|Gigalith, M|
|poke|p2|Eldegoss, M|
|poke|p2|Basculin, F|
|poke|p2|Scyther, M|
|poke|p2|Weezing, F|
|teampreview
|inactive|Battle timer is ON: inactive players will automatically lose when time's up. (requested by pult4c1 shane)
|j| PULT4C1 Haffling
|inactive|PULT4C1 eifo has 120 seconds left.
|j| turtledoggo1
|j| PULT4C1 Gomure
|j| Strawbrity
|inactive|PULT4C1 eifo has 90 seconds left.
|j| ekelelellee
|inactive|PULT4C1 eifo has 60 seconds left.
|l| turtledoggo1
|c|☆PULT4C1 eifo|oh oops
|l|ekelelellee
|
|t:|1661096976
|start
|switch|p1a: Audino|Audino, F|100/100
|switch|p2a: Weezing|Weezing, F|100/100
|turn|1
|
|t:|1661096998
|move|p2a: Weezing|Toxic Spikes|p1a: Audino
|-sidestart|p1: PULT4C1 eifo|move: Toxic Spikes
|move|p1a: Audino|Knock Off|p2a: Weezing
|-damage|p2a: Weezing|90/100
|-enditem|p2a: Weezing|Black Sludge|[from] move: Knock Off|[of] p1a: Audino
|
|upkeep
|turn|2
|j| turtledoggo1
|
|t:|1661097007
|switch|p1a: Aggron|Aggron, F|100/100
|move|p2a: Weezing|Will-O-Wisp|p1a: Aggron|[miss]
|-miss|p2a: Weezing|p1a: Aggron
|
|upkeep
|turn|3
|inactive|PULT4C1 eifo has 90 seconds left.
|
|t:|1661097041
|switch|p1a: Jellicent|Jellicent, F|100/100
|-status|p1a: Jellicent|psn
|move|p2a: Weezing|Taunt|p1a: Jellicent
|-start|p1a: Jellicent|move: Taunt
|
|-damage|p1a: Jellicent|88/100 psn|[from] psn
|upkeep
|turn|4
|inactive|PULT4C1 eifo has 90 seconds left.
|
|t:|1661097066
|switch|p1a: Scyther|Scyther, M|100/100
|switch|p2a: Eldegoss|Eldegoss, M|100/100
|
|upkeep
|turn|5
|
|t:|1661097074
|move|p1a: Scyther|Dual Wingbeat|p2a: Eldegoss
|-supereffective|p2a: Eldegoss
|-damage|p2a: Eldegoss|56/100
|-supereffective|p2a: Eldegoss
|-damage|p2a: Eldegoss|10/100
|-hitcount|p2a: Eldegoss|2
|-enditem|p2a: Eldegoss|Eject Button
|
|t:|1661097081
|switch|p2a: Gigalith|Gigalith, M|100/100
|-weather|Sandstorm|[from] ability: Sand Stream|[of] p2a: Gigalith
|
|-weather|Sandstorm|[upkeep]
|-damage|p1a: Scyther|94/100|[from] Sandstorm
|upkeep
|turn|6
|inactive|PULT4C1 eifo has 90 seconds left.
|
|t:|1661097093
|move|p1a: Scyther|U-turn|p2a: Gigalith
|-damage|p2a: Gigalith|77/100
|inactive|PULT4C1 eifo has 90 seconds left.
|
|t:|1661097099
|switch|p1a: Sandslash|Sandslash, M|100/100|[from]move: U-turn
|-status|p1a: Sandslash|psn
|move|p2a: Gigalith|Earthquake|p1a: Sandslash
|-damage|p1a: Sandslash|79/100 psn
|
|-weather|Sandstorm|[upkeep]
|-heal|p1a: Sandslash|85/100 psn|[from] item: Leftovers
|-heal|p2a: Gigalith|83/100|[from] item: Leftovers
|-damage|p1a: Sandslash|73/100 psn|[from] psn
|upkeep
|turn|7
|
|t:|1661097112
|move|p1a: Sandslash|Spikes|p2a: Gigalith
|-sidestart|p2: pult4c1 shane|Spikes
|move|p2a: Gigalith|Stealth Rock|p1a: Sandslash
|-sidestart|p1: PULT4C1 eifo|move: Stealth Rock
|
|-weather|Sandstorm|[upkeep]
|-heal|p1a: Sandslash|79/100 psn|[from] item: Leftovers
|-heal|p2a: Gigalith|89/100|[from] item: Leftovers
|-damage|p1a: Sandslash|66/100 psn|[from] psn
|upkeep
|turn|8
|
|t:|1661097123
|move|p1a: Sandslash|Rapid Spin|p2a: Gigalith
|-resisted|p2a: Gigalith
|-damage|p2a: Gigalith|85/100
|-boost|p1a: Sandslash|spe|1
|-sideend|p1: PULT4C1 eifo|Toxic Spikes|[from] move: Rapid Spin|[of] p1a: Sandslash
|-sideend|p1: PULT4C1 eifo|Stealth Rock|[from] move: Rapid Spin|[of] p1a: Sandslash
|move|p2a: Gigalith|Earthquake|p1a: Sandslash
|-damage|p1a: Sandslash|46/100 psn
|
|-weather|Sandstorm|[upkeep]
|-heal|p1a: Sandslash|52/100 psn|[from] item: Leftovers
|-heal|p2a: Gigalith|91/100|[from] item: Leftovers
|-damage|p1a: Sandslash|39/100 psn|[from] psn
|upkeep
|turn|9
|inactive|PULT4C1 eifo has 90 seconds left.
|
|t:|1661097143
|switch|p1a: Jellicent|Jellicent, F|88/100 psn
|switch|p2a: Weezing|Weezing, F|90/100
|
|-weather|none
|-damage|p1a: Jellicent|76/100 psn|[from] psn
|upkeep
|turn|10
|inactive|pult4c1 shane has 120 seconds left.
|inactive|pult4c1 shane has 90 seconds left.
|inactive|PULT4C1 eifo has 90 seconds left.
|
|t:|1661097225
|move|p1a: Jellicent|Scald|p2a: Weezing
|-damage|p2a: Weezing|56/100
|-status|p2a: Weezing|brn
|move|p2a: Weezing|Toxic Spikes|p1a: Jellicent
|-sidestart|p1: PULT4C1 eifo|move: Toxic Spikes
|
|-damage|p1a: Jellicent|63/100 psn|[from] psn
|-damage|p2a: Weezing|50/100 brn|[from] brn
|upkeep
|turn|11
|j| yassy slay
|j| PUetro
|inactive|PULT4C1 eifo has 90 seconds left.
|inactive|pult4c1 shane has 60 seconds left.
|
|t:|1661097243
|switch|p2a: Eldegoss|Eldegoss, M|43/100
|-damage|p2a: Eldegoss|31/100|[from] Spikes
|move|p1a: Jellicent|Scald|p2a: Eldegoss
|-resisted|p2a: Eldegoss
|-damage|p2a: Eldegoss|20/100
|
|-damage|p1a: Jellicent|51/100 psn|[from] psn
|upkeep
|turn|12
|
|t:|1661097252
|switch|p1a: Scyther|Scyther, M|94/100
|move|p2a: Eldegoss|Leaf Tornado|p1a: Scyther
|-resisted|p1a: Scyther
|-damage|p1a: Scyther|88/100
|
|upkeep
|turn|13
|
|t:|1661097265
|switch|p2a: Gigalith|Gigalith, M|91/100
|-damage|p2a: Gigalith|79/100|[from] Spikes
|-weather|Sandstorm|[from] ability: Sand Stream|[of] p2a: Gigalith
|move|p1a: Scyther|Dual Wingbeat|p2a: Gigalith|[miss]
|-miss|p1a: Scyther|p2a: Gigalith
|
|-weather|Sandstorm|[upkeep]
|-damage|p1a: Scyther|82/100|[from] Sandstorm
|-heal|p2a: Gigalith|85/100|[from] item: Leftovers
|upkeep
|turn|14
|
|t:|1661097274
|move|p1a: Scyther|Knock Off|p2a: Gigalith
|-damage|p2a: Gigalith|62/100
|-enditem|p2a: Gigalith|Leftovers|[from] move: Knock Off|[of] p1a: Scyther
|move|p2a: Gigalith|Earthquake|p1a: Scyther
|-immune|p1a: Scyther
|
|-weather|Sandstorm|[upkeep]
|-damage|p1a: Scyther|76/100|[from] Sandstorm
|upkeep
|turn|15
|
|t:|1661097277
|move|p1a: Scyther|U-turn|p2a: Gigalith
|-damage|p2a: Gigalith|37/100
|
|t:|1661097281
|switch|p1a: Audino|Audino, F|100/100|[from]move: U-turn
|move|p2a: Gigalith|Earthquake|p1a: Audino
|-crit|p1a: Audino
|-damage|p1a: Audino|55/100
|
|-weather|Sandstorm|[upkeep]
|-damage|p1a: Audino|49/100|[from] Sandstorm
|upkeep
|turn|16
|inactive|pult4c1 shane has 90 seconds left.
|
|t:|1661097298
|switch|p2a: Sandslash|Sandslash, F|100/100
|-damage|p2a: Sandslash|88/100|[from] Spikes
|move|p1a: Audino|Wish|p1a: Audino
|
|-weather|Sandstorm|[upkeep]
|-damage|p1a: Audino|43/100|[from] Sandstorm
|upkeep
|turn|17
|inactive|pult4c1 shane has 90 seconds left.
|inactive|PULT4C1 eifo has 120 seconds left.
|j| PULT4C1 zoowi
|
|t:|1661097330
|switch|p1a: Jellicent|Jellicent, F|51/100 psn
|move|p2a: Sandslash|Earthquake|p1a: Jellicent
|-damage|p1a: Jellicent|0 fnt
|faint|p1a: Jellicent
|-damage|p2a: Sandslash|78/100|[from] item: Life Orb
|
|-weather|none
|upkeep
|
|t:|1661097334
|switch|p1a: Scyther|Scyther, M|76/100
|turn|18
|inactive|pult4c1 shane has 90 seconds left.
|inactive|pult4c1 shane has 60 seconds left.
|
|t:|1661097383
|switch|p2a: Gigalith|Gigalith, M|37/100
|-damage|p2a: Gigalith|25/100|[from] Spikes
|-weather|Sandstorm|[from] ability: Sand Stream|[of] p2a: Gigalith
|move|p1a: Scyther|U-turn|p2a: Gigalith
|-damage|p2a: Gigalith|1/100
|
|t:|1661097388
|switch|p1a: Sandslash|Sandslash, M|39/100 psn|[from]move: U-turn
|
|-weather|Sandstorm|[upkeep]
|-heal|p1a: Sandslash|46/100 psn|[from] item: Leftovers
|-damage|p1a: Sandslash|33/100 psn|[from] psn
|upkeep
|turn|19
|
|t:|1661097393
|switch|p2a: Eldegoss|Eldegoss, M|54/100
|-damage|p2a: Eldegoss|41/100|[from] Spikes
|move|p1a: Sandslash|Rapid Spin|p2a: Eldegoss
|-crit|p2a: Eldegoss
|-damage|p2a: Eldegoss|25/100
|-boost|p1a: Sandslash|spe|1
|-sideend|p1: PULT4C1 eifo|Toxic Spikes|[from] move: Rapid Spin|[of] p1a: Sandslash
|
|-weather|Sandstorm|[upkeep]
|-damage|p2a: Eldegoss|19/100|[from] Sandstorm
|-heal|p1a: Sandslash|39/100 psn|[from] item: Leftovers
|-damage|p1a: Sandslash|27/100 psn|[from] psn
|upkeep
|turn|20
|
|t:|1661097398
|move|p1a: Sandslash|Earthquake|p2a: Eldegoss
|-resisted|p2a: Eldegoss
|-damage|p2a: Eldegoss|5/100
|move|p2a: Eldegoss|Rapid Spin|p1a: Sandslash
|-damage|p1a: Sandslash|23/100 psn
|-boost|p2a: Eldegoss|spe|1
|-sideend|p2: pult4c1 shane|Spikes|[from] move: Rapid Spin|[of] p2a: Eldegoss
|
|-weather|Sandstorm|[upkeep]
|-damage|p2a: Eldegoss|0 fnt|[from] Sandstorm
|faint|p2a: Eldegoss
|-heal|p1a: Sandslash|29/100 psn|[from] item: Leftovers
|-damage|p1a: Sandslash|16/100 psn|[from] psn
|upkeep
|j| QiYu5
|
|t:|1661097410
|switch|p2a: Basculin|Basculin, F|100/100
|turn|21
|
|t:|1661097417
|switch|p2a: Weezing|Weezing, F|50/100 brn
|move|p1a: Sandslash|Earthquake|p2a: Weezing
|-immune|p2a: Weezing|[from] ability: Levitate
|
|-weather|Sandstorm|[upkeep]
|-damage|p2a: Weezing|45/100 brn|[from] Sandstorm
|-heal|p1a: Sandslash|23/100 psn|[from] item: Leftovers
|-damage|p1a: Sandslash|10/100 psn|[from] psn
|-damage|p2a: Weezing|39/100 brn|[from] brn
|upkeep
|turn|22
|inactive|pult4c1 shane has 90 seconds left.
|
|t:|1661097443
|move|p1a: Sandslash|Knock Off|p2a: Weezing
|-damage|p2a: Weezing|29/100 brn
|move|p2a: Weezing|Toxic Spikes|p1a: Sandslash
|-sidestart|p1: PULT4C1 eifo|move: Toxic Spikes
|
|-weather|none
|-heal|p1a: Sandslash|16/100 psn|[from] item: Leftovers
|-damage|p1a: Sandslash|4/100 psn|[from] psn
|-damage|p2a: Weezing|23/100 brn|[from] brn
|upkeep
|turn|23
|
|t:|1661097446
|move|p1a: Sandslash|Rapid Spin|p2a: Weezing
|-damage|p2a: Weezing|15/100 brn
|-boost|p1a: Sandslash|spe|1
|-sideend|p1: PULT4C1 eifo|Toxic Spikes|[from] move: Rapid Spin|[of] p1a: Sandslash
|move|p2a: Weezing|Toxic Spikes|p1a: Sandslash
|-sidestart|p1: PULT4C1 eifo|move: Toxic Spikes
|
|-heal|p1a: Sandslash|10/100 psn|[from] item: Leftovers
|-damage|p1a: Sandslash|0 fnt|[from] psn
|faint|p1a: Sandslash
|-damage|p2a: Weezing|9/100 brn|[from] brn
|upkeep
|
|t:|1661097449
|switch|p1a: Comfey|Comfey, M|100/100
|-status|p1a: Comfey|psn
|turn|24
|
|t:|1661097478
|move|p1a: Comfey|Calm Mind|p1a: Comfey
|-boost|p1a: Comfey|spa|1
|-boost|p1a: Comfey|spd|1
|move|p2a: Weezing|Taunt|p1a: Comfey
|-start|p1a: Comfey|move: Taunt
|
|-damage|p1a: Comfey|88/100 psn|[from] psn
|-damage|p2a: Weezing|3/100 brn|[from] brn
|upkeep
|turn|25
|c|☆pult4c1 shane|1 minute left
|c|☆PULT4C1 eifo|y
|c|☆pult4c1 shane|need to win this quick
|
|t:|1661097487
|move|p1a: Comfey|Draining Kiss|p2a: Weezing
|-resisted|p2a: Weezing
|-damage|p2a: Weezing|0 fnt
|-heal|p1a: Comfey|90/100 psn|[from] drain|[of] p2a: Weezing
|faint|p2a: Weezing
|-damage|p1a: Comfey|80/100 psn|[from] item: Life Orb
|
|-damage|p1a: Comfey|68/100 psn|[from] psn
|upkeep
|
|t:|1661097490
|switch|p2a: Scyther|Scyther, M|100/100
|turn|26
|j| mother mae eye
|
|t:|1661097497
|switch|p1a: Aggron|Aggron, F|100/100
|move|p2a: Scyther|Dual Wingbeat|p1a: Aggron|[miss]
|-miss|p2a: Scyther|p1a: Aggron
|
|upkeep
|turn|27
|c|☆pult4c1 shane|i can't ff or i'd be tourbanned lol
|
|t:|1661097504
|move|p2a: Scyther|U-turn|p1a: Aggron
|-resisted|p1a: Aggron
|-damage|p1a: Aggron|91/100
|
|t:|1661097506
|switch|p2a: Gigalith|Gigalith, M|1/100|[from]move: U-turn
|-weather|Sandstorm|[from] ability: Sand Stream|[of] p2a: Gigalith
|move|p1a: Aggron|Body Press|p2a: Gigalith
|-supereffective|p2a: Gigalith
|-damage|p2a: Gigalith|0 fnt
|faint|p2a: Gigalith
|
|-weather|Sandstorm|[upkeep]
|-heal|p1a: Aggron|97/100|[from] item: Leftovers
|upkeep
|
|t:|1661097508
|switch|p2a: Sandslash|Sandslash, F|78/100
|turn|28
|
|t:|1661097514
|switch|p1a: Scyther|Scyther, M|76/100
|move|p2a: Sandslash|Earthquake|p1a: Scyther
|-immune|p1a: Scyther
|
|-weather|Sandstorm|[upkeep]
|-damage|p1a: Scyther|70/100|[from] Sandstorm
|upkeep
|turn|29
|
|t:|1661097522
|switch|p1a: Audino|Audino, F|76/100
|move|p2a: Sandslash|Stone Edge|p1a: Audino
|-damage|p1a: Audino|37/100
|-damage|p2a: Sandslash|68/100|[from] item: Life Orb
|
|-weather|Sandstorm|[upkeep]
|-damage|p1a: Audino|31/100|[from] Sandstorm
|upkeep
|turn|30
|
|t:|1661097524
|move|p2a: Sandslash|Earthquake|p1a: Audino
|-damage|p1a: Audino|0 fnt
|faint|p1a: Audino
|-damage|p2a: Sandslash|58/100|[from] item: Life Orb
|
|-weather|Sandstorm|[upkeep]
|upkeep
|
|t:|1661097525
|switch|p1a: Comfey|Comfey, M|68/100 psn
|turn|31
|
|t:|1661097527
|move|p1a: Comfey|Giga Drain|p2a: Sandslash
|-supereffective|p2a: Sandslash
|-damage|p2a: Sandslash|0 fnt
|-heal|p1a: Comfey|96/100 psn|[from] drain|[of] p2a: Sandslash
|faint|p2a: Sandslash
|-damage|p1a: Comfey|86/100 psn|[from] item: Life Orb
|
|-weather|none
|-damage|p1a: Comfey|74/100 psn|[from] psn
|upkeep
|
|t:|1661097529
|switch|p2a: Scyther|Scyther, M|100/100
|turn|32
|
|t:|1661097531
|switch|p1a: Aggron|Aggron, F|97/100
|move|p2a: Scyther|U-turn|p1a: Aggron
|-resisted|p1a: Aggron
|-damage|p1a: Aggron|88/100
|
|t:|1661097533
|switch|p2a: Basculin|Basculin, F|100/100|[from]move: U-turn
|
|-heal|p1a: Aggron|94/100|[from] item: Leftovers
|upkeep
|turn|33
|
|t:|1661097538
|move|p2a: Basculin|Liquidation|p1a: Aggron
|-supereffective|p1a: Aggron
|-crit|p1a: Aggron
|-damage|p1a: Aggron|2/100
|move|p1a: Aggron|Head Smash|p2a: Basculin
|-damage|p2a: Basculin|4/100
|
|-heal|p1a: Aggron|8/100|[from] item: Leftovers
|upkeep
|turn|34
|
|t:|1661097542
|move|p2a: Basculin|Liquidation|p1a: Aggron
|-supereffective|p1a: Aggron
|-damage|p1a: Aggron|0 fnt
|faint|p1a: Aggron
|
|upkeep
|c|☆pult4c1 shane|:(
|
|t:|1661097543
|switch|p1a: Comfey|Comfey, M|74/100 psn
|turn|35
|c|☆pult4c1 shane|time
|c|☆PULT4C1 eifo|click
|
|t:|1661097551
|move|p1a: Comfey|Draining Kiss|p2a: Basculin
|-damage|p2a: Basculin|0 fnt
|-heal|p1a: Comfey|76/100 psn|[from] drain|[of] p2a: Basculin
|faint|p2a: Basculin
|-damage|p1a: Comfey|67/100 psn|[from] item: Life Orb
|
|-damage|p1a: Comfey|54/100 psn|[from] psn
|upkeep
|c|☆PULT4C1 eifo|oh
|c|☆PULT4C1 eifo|what
|c|☆PULT4C1 eifo|frick
|c|☆PULT4C1 eifo|f
|
|t:|1661097558
|switch|p2a: Scyther|Scyther, M|100/100
|turn|36
|
|t:|1661097561
|move|p1a: Comfey|Draining Kiss|p2a: Scyther
|-damage|p2a: Scyther|63/100
|-heal|p1a: Comfey|80/100 psn|[from] drain|[of] p2a: Scyther
|-damage|p1a: Comfey|70/100 psn|[from] item: Life Orb
|move|p2a: Scyther|Dual Wingbeat|p1a: Comfey
|-damage|p1a: Comfey|34/100 psn
|-damage|p1a: Comfey|0 fnt
|faint|p1a: Comfey
|-hitcount|p1: Comfey|2
|
|upkeep
|
|t:|1661097563
|switch|p1a: Scyther|Scyther, M|70/100
|turn|37
|c|☆pult4c1 shane|sorry
|c|☆PULT4C1 eifo|np
|
|t:|1661097570
|move|p2a: Scyther|Dual Wingbeat|p1a: Scyther
|-supereffective|p1a: Scyther
|-damage|p1a: Scyther|0 fnt
|faint|p1a: Scyther
|-hitcount|p1: Scyther|1
|
|win|pult4c1 shane
|raw|PULT4C1 eifo's rating: 1670 &rarr; <strong>1647</strong><br />(-23 for losing)
|raw|pult4c1 shane's rating: 1609 &rarr; <strong>1632</strong><br />(+23 for winning)
|c|☆PULT4C1 eifo|i thought i had it
|l| Strawbrity
|l| PULT4C1 zoowi
|c|☆PULT4C1 eifo|like 20 min ago
|c|☆PULT4C1 eifo|so ye
|l| yassy slay
|l| mother mae eye
|c|☆PULT4C1 eifo|frick this
|c|☆pult4c1 shane|yea
|l| PULT4C1 Gomure
|l|☆pult4c1 shane
|l| QiYu5
|l|☆PULT4C1 eifo
|j|☆pult4c1 shane
|player|p2|pult4c1 shane|veteran
||Ladder isn't responding, score probably updated but might not have (Request timeout).
