|j|☆Axrtix
|j|☆cafay sukray
|t:|1651747210
|gametype|singles
|player|p1|Axrtix|1|1576
|player|p2|cafay sukray|swimmer-gen4dp|1573
|teamsize|p1|6
|teamsize|p2|6
|gen|8
|tier|[Gen 8] PU
|rated|
|rule|Sleep Clause Mod: Limit one foe put to sleep
|rule|Species Clause: Limit one of each Pokémon
|rule|OHKO Clause: OHKO moves are banned
|rule|Evasion Moves Clause: Evasion moves are banned
|rule|Endless Battle Clause: Forcing endless battles is banned
|rule|HP Percentage Mod: HP is shown in percentages
|rule|Dynamax Clause: You cannot dynamax
|clearpoke
|poke|p1|Weezing, F|
|poke|p1|Ferroseed, F|
|poke|p1|Audino, F|
|poke|p1|Gallade, M|
|poke|p1|Jolteon, F|
|poke|p1|Ribombee, F|
|poke|p2|Jolteon, F|
|poke|p2|Gigalith, M|
|poke|p2|Shiftry, F|
|poke|p2|Comfey, F|
|poke|p2|Lurantis, M|
|poke|p2|Togedemaru, M|
|teampreview
|
|t:|1651747221
|start
|switch|p1a: Weezing|Weezing, F|100/100
|switch|p2a: Jolteon|Jolteon, F|100/100
|turn|1
|inactive|Battle timer is ON: inactive players will automatically lose when time's up. (requested by Axrtix)
|
|t:|1651747228
|switch|p1a: Jolteon|Jolteon, F|100/100
|move|p2a: Jolteon|Volt Switch|p1a: Jolteon
|-immune|p1a: Jolteon|[from] ability: Volt Absorb
|
|upkeep
|turn|2
|
|t:|1651747241
|switch|p2a: Shiftry|Shiftry, F|100/100
|move|p1a: Jolteon|Volt Switch|p2a: Shiftry
|-resisted|p2a: Shiftry
|-crit|p2a: Shiftry
|-damage|p2a: Shiftry|78/100
|
|t:|1651747248
|switch|p1a: Ribombee|Ribombee, F|100/100|[from]move: Volt Switch
|
|-heal|p2a: Shiftry|84/100|[from] item: Leftovers
|upkeep
|turn|3
|
|t:|1651747252
|switch|p2a: Gigalith|Gigalith, M|100/100
|-weather|Sandstorm|[from] ability: Sand Stream|[of] p2a: Gigalith
|move|p1a: Ribombee|U-turn|p2a: Gigalith
|-damage|p2a: Gigalith|90/100
|
|t:|1651747254
|switch|p1a: Gallade|Gallade, M|100/100|[from]move: U-turn
|
|-weather|Sandstorm|[upkeep]
|-damage|p1a: Gallade|94/100|[from] Sandstorm
|-heal|p2a: Gigalith|96/100|[from] item: Leftovers
|upkeep
|turn|4
|
|t:|1651747258
|switch|p2a: Comfey|Comfey, F|100/100
|move|p1a: Gallade|Close Combat|p2a: Comfey
|-resisted|p2a: Comfey
|-damage|p2a: Comfey|66/100
|-unboost|p1a: Gallade|def|1
|-unboost|p1a: Gallade|spd|1
|-damage|p1a: Gallade|85/100|[from] item: Life Orb
|
|-weather|Sandstorm|[upkeep]
|-damage|p1a: Gallade|78/100|[from] Sandstorm
|-damage|p2a: Comfey|60/100|[from] Sandstorm
|-heal|p2a: Comfey|66/100|[from] item: Leftovers
|upkeep
|turn|5
|
|t:|1651747267
|switch|p1a: Weezing|Weezing, F|100/100
|move|p2a: Comfey|Synthesis|p2a: Comfey
|-heal|p2a: Comfey|91/100
|
|-weather|Sandstorm|[upkeep]
|-damage|p2a: Comfey|85/100|[from] Sandstorm
|-damage|p1a: Weezing|95/100|[from] Sandstorm
|-heal|p2a: Comfey|91/100|[from] item: Leftovers
|-heal|p1a: Weezing|100/100|[from] item: Black Sludge
|upkeep
|turn|6
|
|t:|1651747274
|switch|p2a: Jolteon|Jolteon, F|100/100
|move|p1a: Weezing|Toxic Spikes|p2a: Jolteon
|-sidestart|p2: cafay sukray|move: Toxic Spikes
|
|-weather|Sandstorm|[upkeep]
|-damage|p2a: Jolteon|94/100|[from] Sandstorm
|-damage|p1a: Weezing|95/100|[from] Sandstorm
|-heal|p1a: Weezing|100/100|[from] item: Black Sludge
|upkeep
|turn|7
|
|t:|1651747278
|move|p2a: Jolteon|Volt Switch|p1a: Weezing
|-damage|p1a: Weezing|34/100
|
|t:|1651747290
|switch|p2a: Shiftry|Shiftry, F|84/100|[from]move: Volt Switch
|-status|p2a: Shiftry|psn
|move|p1a: Weezing|Sludge Bomb|p2a: Shiftry
|-supereffective|p2a: Shiftry
|-damage|p2a: Shiftry|28/100 psn
|
|-weather|none
|-heal|p2a: Shiftry|34/100 psn|[from] item: Leftovers
|-heal|p1a: Weezing|40/100|[from] item: Black Sludge
|-damage|p2a: Shiftry|21/100 psn|[from] psn
|upkeep
|turn|8
|
|t:|1651747297
|switch|p1a: Ribombee|Ribombee, F|100/100
|move|p2a: Shiftry|Knock Off|p1a: Ribombee
|-resisted|p1a: Ribombee
|-damage|p1a: Ribombee|72/100
|-enditem|p1a: Ribombee|Heavy-Duty Boots|[from] move: Knock Off|[of] p2a: Shiftry
|
|-heal|p2a: Shiftry|28/100 psn|[from] item: Leftovers
|-damage|p2a: Shiftry|15/100 psn|[from] psn
|upkeep
|turn|9
|
|t:|1651747304
|switch|p2a: Togedemaru|Togedemaru, M|100/100
|move|p1a: Ribombee|U-turn|p2a: Togedemaru
|-resisted|p2a: Togedemaru
|-damage|p2a: Togedemaru|89/100
|-damage|p1a: Ribombee|60/100|[from] ability: Iron Barbs|[of] p2a: Togedemaru
|
|t:|1651747309
|switch|p1a: Weezing|Weezing, F|40/100|[from]move: U-turn
|
|-heal|p1a: Weezing|46/100|[from] item: Black Sludge
|upkeep
|turn|10
|
|t:|1651747318
|move|p2a: Togedemaru|U-turn|p1a: Weezing
|-resisted|p1a: Weezing
|-damage|p1a: Weezing|39/100
|
|t:|1651747322
|switch|p2a: Shiftry|Shiftry, F|15/100 psn|[from]move: U-turn
|move|p1a: Weezing|Pain Split|p2a: Shiftry
|-sethp|p2a: Shiftry|25/100 psn|[from] move: Pain Split|[silent]
|-sethp|p1a: Weezing|28/100|[from] move: Pain Split
|
|-heal|p2a: Shiftry|31/100 psn|[from] item: Leftovers
|-heal|p1a: Weezing|34/100|[from] item: Black Sludge
|-damage|p2a: Shiftry|18/100 psn|[from] psn
|upkeep
|turn|11
|
|t:|1651747327
|move|p2a: Shiftry|Knock Off|p1a: Weezing
|-damage|p1a: Weezing|15/100
|-enditem|p1a: Weezing|Black Sludge|[from] move: Knock Off|[of] p2a: Shiftry
|move|p1a: Weezing|Sludge Bomb|p2a: Shiftry
|-supereffective|p2a: Shiftry
|-damage|p2a: Shiftry|0 fnt
|faint|p2a: Shiftry
|
|upkeep
|
|t:|1651747343
|switch|p2a: Jolteon|Jolteon, F|94/100
|-status|p2a: Jolteon|psn
|turn|12
|
|t:|1651747355
|switch|p1a: Jolteon|Jolteon, F|100/100
|move|p2a: Jolteon|Hyper Voice|p1a: Jolteon
|-crit|p1a: Jolteon
|-damage|p1a: Jolteon|25/100
|
|-damage|p2a: Jolteon|82/100 psn|[from] psn
|upkeep
|turn|13
|
|t:|1651747365
|switch|p1a: Ferroseed|Ferroseed, F|100/100
|move|p2a: Jolteon|Hyper Voice|p1a: Ferroseed
|-resisted|p1a: Ferroseed
|-damage|p1a: Ferroseed|87/100
|
|-damage|p2a: Jolteon|69/100 psn|[from] psn
|upkeep
|turn|14
|
|t:|1651747384
|switch|p2a: Lurantis|Lurantis, M|100/100
|-status|p2a: Lurantis|psn
|switch|p1a: Gallade|Gallade, M|78/100
|
|-damage|p2a: Lurantis|88/100 psn|[from] psn
|upkeep
|turn|15
|
|t:|1651747389
|switch|p2a: Comfey|Comfey, F|91/100
|-status|p2a: Comfey|psn
|move|p1a: Gallade|Close Combat|p2a: Comfey
|-resisted|p2a: Comfey
|-damage|p2a: Comfey|56/100 psn
|-unboost|p1a: Gallade|def|1
|-unboost|p1a: Gallade|spd|1
|-damage|p1a: Gallade|69/100|[from] item: Life Orb
|
|-heal|p2a: Comfey|62/100 psn|[from] item: Leftovers
|-damage|p2a: Comfey|50/100 psn|[from] psn
|upkeep
|turn|16
|
|t:|1651747398
|switch|p1a: Ferroseed|Ferroseed, F|87/100
|move|p2a: Comfey|Defog|p1a: Ferroseed
|-unboost|p1a: Ferroseed|evasion|1
|-sideend|p2: cafay sukray|Toxic Spikes|[from] move: Defog|[of] p2a: Comfey
|
|-heal|p2a: Comfey|56/100 psn|[from] item: Leftovers
|-damage|p2a: Comfey|43/100 psn|[from] psn
|upkeep
|turn|17
|
|t:|1651747404
|move|p2a: Comfey|Synthesis|p2a: Comfey
|-heal|p2a: Comfey|93/100 psn
|move|p1a: Ferroseed|Stealth Rock|p2a: Comfey
|-sidestart|p2: cafay sukray|move: Stealth Rock
|
|-heal|p2a: Comfey|99/100 psn|[from] item: Leftovers
|-damage|p2a: Comfey|87/100 psn|[from] psn
|upkeep
|turn|18
|
|t:|1651747409
|move|p2a: Comfey|Aromatherapy|p2a: Comfey
|-activate|p2a: Comfey|move: Aromatherapy
|-curestatus|p2a: Comfey|psn|[msg]
|-curestatus|p2: Lurantis|psn|[msg]
|-curestatus|p2: Jolteon|psn|[msg]
|move|p1a: Ferroseed|Gyro Ball|p2a: Comfey
|-supereffective|p2a: Comfey
|-damage|p2a: Comfey|34/100
|
|-heal|p2a: Comfey|40/100|[from] item: Leftovers
|upkeep
|turn|19
|
|t:|1651747412
|move|p2a: Comfey|Synthesis|p2a: Comfey
|-heal|p2a: Comfey|90/100
|move|p1a: Ferroseed|Leech Seed|p2a: Comfey
|-start|p2a: Comfey|move: Leech Seed
|
|-heal|p2a: Comfey|97/100|[from] item: Leftovers
|-damage|p2a: Comfey|84/100|[from] Leech Seed|[of] p1a: Ferroseed
|-heal|p1a: Ferroseed|100/100|[silent]
|upkeep
|turn|20
|
|t:|1651747418
|switch|p2a: Lurantis|Lurantis, M|88/100
|-damage|p2a: Lurantis|75/100|[from] Stealth Rock
|move|p1a: Ferroseed|Stealth Rock||[still]
|-fail|p1a: Ferroseed
|
|-heal|p2a: Lurantis|82/100|[from] item: Leftovers
|upkeep
|turn|21
|
|t:|1651747425
|switch|p1a: Ribombee|Ribombee, F|60/100
|move|p2a: Lurantis|Leaf Storm|p1a: Ribombee
|-resisted|p1a: Ribombee
|-damage|p1a: Ribombee|27/100
|-boost|p2a: Lurantis|spa|2
|
|-heal|p2a: Lurantis|88/100|[from] item: Leftovers
|upkeep
|turn|22
|
|t:|1651747434
|switch|p2a: Togedemaru|Togedemaru, M|89/100
|-damage|p2a: Togedemaru|83/100|[from] Stealth Rock
|move|p1a: Ribombee|Moonblast|p2a: Togedemaru
|-resisted|p2a: Togedemaru
|-damage|p2a: Togedemaru|48/100
|
|upkeep
|turn|23
|
|t:|1651747445
|switch|p1a: Ferroseed|Ferroseed, F|100/100
|move|p2a: Togedemaru|U-turn|p1a: Ferroseed
|-damage|p1a: Ferroseed|85/100
|-damage|p2a: Togedemaru|35/100|[from] ability: Iron Barbs|[of] p1a: Ferroseed
|
|t:|1651747448
|switch|p2a: Lurantis|Lurantis, M|88/100|[from]move: U-turn
|-damage|p2a: Lurantis|75/100|[from] Stealth Rock
|
|-heal|p2a: Lurantis|81/100|[from] item: Leftovers
|upkeep
|turn|24
|
|t:|1651747453
|switch|p1a: Gallade|Gallade, M|69/100
|move|p2a: Lurantis|Leaf Storm|p1a: Gallade
|-damage|p1a: Gallade|26/100
|-boost|p2a: Lurantis|spa|2
|
|-heal|p2a: Lurantis|87/100|[from] item: Leftovers
|upkeep
|turn|25
|
|t:|1651747470
|switch|p1a: Audino|Audino, F|100/100
|switch|p2a: Comfey|Comfey, F|84/100
|-damage|p2a: Comfey|72/100|[from] Stealth Rock
|
|-heal|p2a: Comfey|78/100|[from] item: Leftovers
|upkeep
|turn|26
|
|t:|1651747479
|switch|p2a: Lurantis|Lurantis, M|87/100
|-damage|p2a: Lurantis|75/100|[from] Stealth Rock
|move|p1a: Audino|Wish|p1a: Audino
|
|-heal|p2a: Lurantis|81/100|[from] item: Leftovers
|upkeep
|turn|27
|
|t:|1651747484
|move|p1a: Audino|Knock Off|p2a: Lurantis
|-damage|p2a: Lurantis|70/100
|-enditem|p2a: Lurantis|Leftovers|[from] move: Knock Off|[of] p1a: Audino
|move|p2a: Lurantis|Leaf Storm|p1a: Audino
|-damage|p1a: Audino|75/100
|-boost|p2a: Lurantis|spa|2
|
|-heal|p1a: Audino|100/100|[from] move: Wish|[wisher] Audino
|upkeep
|turn|28
|
|t:|1651747500
|move|p1a: Audino|Wish|p1a: Audino
|move|p2a: Lurantis|Superpower|p1a: Audino
|-supereffective|p1a: Audino
|-damage|p1a: Audino|51/100
|-boost|p2a: Lurantis|atk|1
|-boost|p2a: Lurantis|def|1
|
|upkeep
|turn|29
|inactive|cafay sukray has 120 seconds left.
|j| ii77
|
|t:|1651747555
|switch|p1a: Ribombee|Ribombee, F|27/100
|move|p2a: Lurantis|Leaf Storm|p1a: Ribombee
|-resisted|p1a: Ribombee
|-damage|p1a: Ribombee|0 fnt
|-boost|p2a: Lurantis|spa|2
|faint|p1a: Ribombee
|
|upkeep
|
|t:|1651747561
|switch|p1a: Weezing|Weezing, F|15/100
|turn|30
|
|t:|1651747576
|switch|p2a: Togedemaru|Togedemaru, M|35/100
|-damage|p2a: Togedemaru|29/100|[from] Stealth Rock
|move|p1a: Weezing|Sludge Bomb|p2a: Togedemaru
|-immune|p2a: Togedemaru
|
|upkeep
|turn|31
|
|t:|1651747588
|switch|p1a: Ferroseed|Ferroseed, F|85/100
|move|p2a: Togedemaru|U-turn|p1a: Ferroseed
|-damage|p1a: Ferroseed|68/100
|-damage|p2a: Togedemaru|16/100|[from] ability: Iron Barbs|[of] p1a: Ferroseed
|
|t:|1651747592
|switch|p2a: Gigalith|Gigalith, M|96/100|[from]move: U-turn
|-damage|p2a: Gigalith|84/100|[from] Stealth Rock
|-weather|Sandstorm|[from] ability: Sand Stream|[of] p2a: Gigalith
|
|-weather|Sandstorm|[upkeep]
|-heal|p2a: Gigalith|90/100|[from] item: Leftovers
|upkeep
|turn|32
|
|t:|1651747600
|switch|p1a: Weezing|Weezing, F|15/100
|move|p2a: Gigalith|Stealth Rock|p1a: Weezing
|-sidestart|p1: Axrtix|move: Stealth Rock
|
|-weather|Sandstorm|[upkeep]
|-damage|p1a: Weezing|9/100|[from] Sandstorm
|-heal|p2a: Gigalith|96/100|[from] item: Leftovers
|upkeep
|turn|33
|
|t:|1651747607
|switch|p2a: Togedemaru|Togedemaru, M|16/100
|-damage|p2a: Togedemaru|10/100|[from] Stealth Rock
|move|p1a: Weezing|Toxic Spikes|p2a: Togedemaru
|-sidestart|p2: cafay sukray|move: Toxic Spikes
|
|-weather|Sandstorm|[upkeep]
|-damage|p1a: Weezing|3/100|[from] Sandstorm
|upkeep
|turn|34
|inactive|cafay sukray has 120 seconds left.
|
|t:|1651747624
|switch|p1a: Ferroseed|Ferroseed, F|68/100
|-damage|p1a: Ferroseed|62/100|[from] Stealth Rock
|move|p2a: Togedemaru|Toxic|p1a: Ferroseed
|-immune|p1a: Ferroseed
|
|-weather|Sandstorm|[upkeep]
|upkeep
|turn|35
|inactive|cafay sukray has 120 seconds left.
|
|t:|1651747636
|switch|p2a: Comfey|Comfey, F|78/100
|-damage|p2a: Comfey|66/100|[from] Stealth Rock
|-status|p2a: Comfey|psn
|move|p1a: Ferroseed|Leech Seed|p2a: Comfey
|-start|p2a: Comfey|move: Leech Seed
|
|-weather|none
|-heal|p2a: Comfey|72/100 psn|[from] item: Leftovers
|-damage|p2a: Comfey|59/100 psn|[from] Leech Seed|[of] p1a: Ferroseed
|-heal|p1a: Ferroseed|75/100|[silent]
|-damage|p2a: Comfey|47/100 psn|[from] psn
|upkeep
|turn|36
|inactive|cafay sukray has 120 seconds left.
|
|t:|1651747649
|move|p2a: Comfey|Synthesis|p2a: Comfey
|-heal|p2a: Comfey|97/100 psn
|move|p1a: Ferroseed|Gyro Ball|p2a: Comfey
|-supereffective|p2a: Comfey
|-damage|p2a: Comfey|49/100 psn
|
|-heal|p2a: Comfey|55/100 psn|[from] item: Leftovers
|-damage|p2a: Comfey|43/100 psn|[from] Leech Seed|[of] p1a: Ferroseed
|-heal|p1a: Ferroseed|88/100|[silent]
|-damage|p2a: Comfey|31/100 psn|[from] psn
|upkeep
|turn|37
|inactive|cafay sukray has 120 seconds left.
|
|t:|1651747660
|move|p2a: Comfey|Defog|p1a: Ferroseed
|-unboost|p1a: Ferroseed|evasion|1
|-sideend|p1: Axrtix|Stealth Rock|[from] move: Defog|[of] p2a: Comfey
|-sideend|p2: cafay sukray|Toxic Spikes|[from] move: Defog|[of] p2a: Comfey
|-sideend|p2: cafay sukray|Stealth Rock|[from] move: Defog|[of] p2a: Comfey
|move|p1a: Ferroseed|Gyro Ball|p2a: Comfey
|-supereffective|p2a: Comfey
|-damage|p2a: Comfey|0 fnt
|faint|p2a: Comfey
|
|upkeep
|
|t:|1651747662
|switch|p2a: Lurantis|Lurantis, M|70/100
|turn|38
|
|t:|1651747677
|switch|p1a: Jolteon|Jolteon, F|25/100
|move|p2a: Lurantis|Superpower|p1a: Jolteon
|-crit|p1a: Jolteon
|-damage|p1a: Jolteon|0 fnt
|-boost|p2a: Lurantis|atk|1
|-boost|p2a: Lurantis|def|1
|faint|p1a: Jolteon
|
|upkeep
|
|t:|1651747679
|switch|p1a: Weezing|Weezing, F|3/100
|turn|39
|
|t:|1651747685
|switch|p2a: Togedemaru|Togedemaru, M|10/100
|move|p1a: Weezing|Sludge Bomb|p2a: Togedemaru
|-immune|p2a: Togedemaru
|
|upkeep
|turn|40
|
|t:|1651747695
|switch|p1a: Ferroseed|Ferroseed, F|88/100
|move|p2a: Togedemaru|U-turn|p1a: Ferroseed
|-damage|p1a: Ferroseed|71/100
|-damage|p2a: Togedemaru|0 fnt|[from] ability: Iron Barbs|[of] p1a: Ferroseed
|faint|p2a: Togedemaru
|
|upkeep
|
|t:|1651747697
|switch|p2a: Gigalith|Gigalith, M|96/100
|-weather|Sandstorm|[from] ability: Sand Stream|[of] p2a: Gigalith
|turn|41
|
|t:|1651747706
|move|p2a: Gigalith|Stealth Rock|p1a: Ferroseed
|-sidestart|p1: Axrtix|move: Stealth Rock
|move|p1a: Ferroseed|Leech Seed|p2a: Gigalith
|-start|p2a: Gigalith|move: Leech Seed
|
|-weather|Sandstorm|[upkeep]
|-heal|p2a: Gigalith|100/100|[from] item: Leftovers
|-damage|p2a: Gigalith|88/100|[from] Leech Seed|[of] p1a: Ferroseed
|-heal|p1a: Ferroseed|87/100|[silent]
|upkeep
|turn|42
|
|t:|1651747719
|switch|p2a: Jolteon|Jolteon, F|69/100
|switch|p1a: Gallade|Gallade, M|26/100
|-damage|p1a: Gallade|20/100|[from] Stealth Rock
|
|-weather|Sandstorm|[upkeep]
|-damage|p2a: Jolteon|63/100|[from] Sandstorm
|-damage|p1a: Gallade|14/100|[from] Sandstorm
|upkeep
|turn|43
|
|t:|1651747724
|switch|p1a: Weezing|Weezing, F|3/100
|-damage|p1a: Weezing|0 fnt|[from] Stealth Rock
|faint|p1a: Weezing
|move|p2a: Jolteon|Volt Switch|p1: Weezing|[notarget]
|-fail|p2a: Jolteon
|
|-weather|Sandstorm|[upkeep]
|-damage|p2a: Jolteon|57/100|[from] Sandstorm
|upkeep
|
|t:|1651747739
|switch|p1a: Ferroseed|Ferroseed, F|87/100
|-damage|p1a: Ferroseed|81/100|[from] Stealth Rock
|turn|44
|
|t:|1651747745
|move|p1a: Ferroseed|Protect|p1a: Ferroseed
|-singleturn|p1a: Ferroseed|Protect
|move|p2a: Jolteon|Volt Switch|p1a: Ferroseed
|-activate|p1a: Ferroseed|move: Protect
|
|-weather|Sandstorm|[upkeep]
|-damage|p2a: Jolteon|50/100|[from] Sandstorm
|upkeep
|turn|45
|
|t:|1651747747
|move|p2a: Jolteon|Volt Switch|p1a: Ferroseed
|-resisted|p1a: Ferroseed
|-crit|p1a: Ferroseed
|-damage|p1a: Ferroseed|56/100
|
|t:|1651747749
|switch|p2a: Lurantis|Lurantis, M|70/100|[from]move: Volt Switch
|move|p1a: Ferroseed|Gyro Ball|p2a: Lurantis
|-damage|p2a: Lurantis|49/100
|
|-weather|none
|upkeep
|turn|46
|
|t:|1651747758
|switch|p1a: Audino|Audino, F|84/100
|move|p2a: Lurantis|Synthesis|p2a: Lurantis
|-heal|p2a: Lurantis|99/100
|
|upkeep
|turn|47
|-message|Axrtix forfeited.
|
|win|cafay sukray
|raw|Axrtix's rating: 1576 &rarr; <strong>1556</strong><br />(-20 for losing)
|raw|cafay sukray's rating: 1573 &rarr; <strong>1593</strong><br />(+20 for winning)
|l|☆Axrtix
