|j|☆kcajwarts2
|j|☆bababi
|t:|1637839393
|gametype|singles
|player|p1|kcajwarts2|supernerd|1315
|player|p2|bababi|cress|1426
|teamsize|p1|6
|teamsize|p2|6
|gen|8
|tier|[Gen 8] PU
|rated|
|rule|Sleep Clause Mod: Limit one foe put to sleep
|rule|Species Clause: Limit one of each Pokémon
|rule|OHKO Clause: OHKO moves are banned
|rule|Evasion Moves Clause: Evasion moves are banned
|rule|Endless Battle Clause: Forcing endless battles is banned
|rule|HP Percentage Mod: HP is shown in percentages
|rule|Dynamax Clause: You cannot dynamax
|clearpoke
|poke|p1|Regirock|
|poke|p1|Regice|
|poke|p1|Druddigon, M|
|poke|p1|Tsareena, F|
|poke|p1|Sawk, M|
|poke|p1|Hitmonlee, M|
|poke|p2|Vanilluxe, F|
|poke|p2|Sandslash-Alola, F|
|poke|p2|Tsareena, F|
|poke|p2|Mesprit|
|poke|p2|Wishiwashi, M|
|poke|p2|Palossand, M|
|teampreview
|inactive|Battle timer is ON: inactive players will automatically lose when time's up. (requested by kcajwarts2)
|
|t:|1637839442
|start
|switch|p1a: Regice|Regice|100/100
|switch|p2a: Palossand|Palossand, M|100/100
|turn|1
|
|t:|1637839448
|switch|p2a: Wishiwashi|Wishiwashi, M|100/100
|-formechange|p2a: Wishiwashi|Wishiwashi-School||[from] ability: Schooling
|move|p1a: Regice|Ice Beam|p2a: Wishiwashi
|-resisted|p2a: Wishiwashi
|-damage|p2a: Wishiwashi|77/100
|
|-heal|p2a: Wishiwashi|83/100|[from] item: Leftovers
|upkeep
|turn|2
|
|t:|1637839460
|switch|p1a: Druddigon|Druddigon, M|100/100
|move|p2a: Wishiwashi|U-turn|p1a: Druddigon
|-crit|p1a: Druddigon
|-damage|p1a: Druddigon|68/100
|-damage|p2a: Wishiwashi|71/100|[from] ability: Rough Skin|[of] p1a: Druddigon
|
|t:|1637839465
|switch|p2a: Vanilluxe|Vanilluxe, F|100/100|[from]move: U-turn
|-weather|Hail|[from] ability: Snow Warning|[of] p2a: Vanilluxe
|
|-weather|Hail|[upkeep]
|-damage|p1a: Druddigon|62/100|[from] Hail
|upkeep
|turn|3
|
|t:|1637839474
|move|p1a: Druddigon|Sucker Punch|p2a: Vanilluxe
|-damage|p2a: Vanilluxe|40/100
|move|p2a: Vanilluxe|Flash Cannon|p1a: Druddigon
|-damage|p1a: Druddigon|16/100
|
|-weather|Hail|[upkeep]
|-damage|p1a: Druddigon|10/100|[from] Hail
|upkeep
|turn|4
|
|t:|1637839489
|switch|p2a: Wishiwashi|Wishiwashi, M|71/100
|-formechange|p2a: Wishiwashi|Wishiwashi-School||[from] ability: Schooling
|switch|p1a: Regirock|Regirock|100/100
|
|-weather|Hail|[upkeep]
|-damage|p1a: Regirock|94/100|[from] Hail
|-damage|p2a: Wishiwashi|65/100|[from] Hail
|-heal|p2a: Wishiwashi|71/100|[from] item: Leftovers
|upkeep
|turn|5
|
|t:|1637839501
|move|p1a: Regirock|Rock Blast|p2a: Wishiwashi
|-damage|p2a: Wishiwashi|60/100
|-damage|p2a: Wishiwashi|49/100
|-hitcount|p2a: Wishiwashi|2
|move|p2a: Wishiwashi|Scald|p1a: Regirock
|-supereffective|p1a: Regirock
|-damage|p1a: Regirock|48/100
|
|-weather|Hail|[upkeep]
|-damage|p1a: Regirock|42/100|[from] Hail
|-damage|p2a: Wishiwashi|43/100|[from] Hail
|-heal|p2a: Wishiwashi|49/100|[from] item: Leftovers
|upkeep
|turn|6
|
|t:|1637839519
|move|p1a: Regirock|Rock Blast|p2a: Wishiwashi|[miss]
|-miss|p1a: Regirock|p2a: Wishiwashi
|move|p2a: Wishiwashi|Rest|p2a: Wishiwashi
|-status|p2a: Wishiwashi|slp|[from] move: Rest
|-heal|p2a: Wishiwashi|100/100 slp|[silent]
|
|-weather|none
|upkeep
|turn|7
|
|t:|1637839528
|switch|p1a: Hitmonlee|Hitmonlee, M|100/100
|switch|p2a: Palossand|Palossand, M|100/100
|
|upkeep
|turn|8
|
|t:|1637839535
|move|p1a: Hitmonlee|Knock Off|p2a: Palossand
|-supereffective|p2a: Palossand
|-crit|p2a: Palossand
|-enditem|p2a: Palossand|Colbur Berry|[eat]
|-enditem|p2a: Palossand|Colbur Berry|[weaken]
|-damage|p2a: Palossand|48/100
|move|p2a: Palossand|Earth Power|p1a: Hitmonlee
|-damage|p1a: Hitmonlee|63/100
|
|upkeep
|turn|9
|
|t:|1637839565
|switch|p2a: Tsareena|Tsareena, F|100/100
|move|p1a: Hitmonlee|Knock Off|p2a: Tsareena
|-damage|p2a: Tsareena|36/100
|-enditem|p2a: Tsareena|Heavy-Duty Boots|[from] move: Knock Off|[of] p1a: Hitmonlee
|
|upkeep
|turn|10
|
|t:|1637839572
|move|p1a: Hitmonlee|Knock Off|p2a: Tsareena
|-damage|p2a: Tsareena|0 fnt
|faint|p2a: Tsareena
|
|upkeep
|
|t:|1637839574
|switch|p2a: Mesprit|Mesprit|100/100
|turn|11
|
|t:|1637839578
|move|p2a: Mesprit|Psychic|p1a: Hitmonlee
|-supereffective|p1a: Hitmonlee
|-damage|p1a: Hitmonlee|0 fnt
|faint|p1a: Hitmonlee
|
|upkeep
|j| EmpressoftheElite4
|
|t:|1637839587
|switch|p1a: Druddigon|Druddigon, M|10/100
|turn|12
|
|t:|1637839594
|switch|p2a: Wishiwashi|Wishiwashi, M|100/100 slp
|-formechange|p2a: Wishiwashi|Wishiwashi-School||[from] ability: Schooling
|move|p1a: Druddigon|Superpower|p2a: Wishiwashi
|-damage|p2a: Wishiwashi|45/100 slp
|-unboost|p1a: Druddigon|atk|1
|-unboost|p1a: Druddigon|def|1
|
|-heal|p2a: Wishiwashi|52/100 slp|[from] item: Leftovers
|upkeep
|turn|13
|
|t:|1637839607
|switch|p1a: Tsareena|Tsareena, F|100/100
|switch|p2a: Palossand|Palossand, M|48/100
|
|upkeep
|turn|14
|
|t:|1637839624
|move|p1a: Tsareena|Power Whip|p2a: Palossand|[miss]
|-miss|p1a: Tsareena|p2a: Palossand
|move|p2a: Palossand|Stealth Rock|p1a: Tsareena
|-sidestart|p1: kcajwarts2|move: Stealth Rock
|
|upkeep
|turn|15
|
|t:|1637839631
|move|p1a: Tsareena|Knock Off|p2a: Palossand
|-supereffective|p2a: Palossand
|-damage|p2a: Palossand|17/100
|move|p2a: Palossand|Shadow Ball|p1a: Tsareena
|-damage|p1a: Tsareena|73/100
|
|upkeep
|turn|16
|
|t:|1637839638
|move|p1a: Tsareena|Power Whip|p2a: Palossand
|-supereffective|p2a: Palossand
|-damage|p2a: Palossand|0 fnt
|faint|p2a: Palossand
|
|upkeep
|
|t:|1637839640
|switch|p2a: Vanilluxe|Vanilluxe, F|40/100
|-weather|Hail|[from] ability: Snow Warning|[of] p2a: Vanilluxe
|turn|17
|
|t:|1637839649
|switch|p1a: Regice|Regice|100/100
|-damage|p1a: Regice|76/100|[from] Stealth Rock
|move|p2a: Vanilluxe|Blizzard|p1a: Regice
|-resisted|p1a: Regice
|-damage|p1a: Regice|56/100
|
|-weather|Hail|[upkeep]
|upkeep
|turn|18
|
|t:|1637839661
|switch|p2a: Wishiwashi|Wishiwashi, M|52/100 slp
|-formechange|p2a: Wishiwashi|Wishiwashi-School||[from] ability: Schooling
|move|p1a: Regice|Thunderbolt|p2a: Wishiwashi
|-supereffective|p2a: Wishiwashi
|-damage|p2a: Wishiwashi|0 fnt
|faint|p2a: Wishiwashi
|
|-weather|Hail|[upkeep]
|upkeep
|
|t:|1637839665
|switch|p2a: Sandslash|Sandslash-Alola, F|100/100
|turn|19
|
|t:|1637839674
|move|p2a: Sandslash|Knock Off|p1a: Regice
|-damage|p1a: Regice|31/100
|-enditem|p1a: Regice|Choice Specs|[from] move: Knock Off|[of] p2a: Sandslash
|move|p1a: Regice|Thunderbolt|p2a: Sandslash
|-damage|p2a: Sandslash|52/100
|
|-weather|Hail|[upkeep]
|upkeep
|turn|20
|
|t:|1637839684
|move|p2a: Sandslash|Earthquake|p1a: Regice
|-damage|p1a: Regice|6/100
|move|p1a: Regice|Focus Blast|p2a: Sandslash
|-supereffective|p2a: Sandslash
|-damage|p2a: Sandslash|0 fnt
|faint|p2a: Sandslash
|
|-weather|Hail|[upkeep]
|upkeep
|
|t:|1637839698
|switch|p2a: Mesprit|Mesprit|100/100
|turn|21
|
|t:|1637839704
|move|p2a: Mesprit|Psychic|p1a: Regice
|-damage|p1a: Regice|0 fnt
|faint|p1a: Regice
|
|-weather|none
|upkeep
|
|t:|1637839711
|switch|p1a: Druddigon|Druddigon, M|10/100
|-damage|p1a: Druddigon|0 fnt|[from] Stealth Rock
|faint|p1a: Druddigon
|
|t:|1637839716
|switch|p1a: Tsareena|Tsareena, F|73/100
|-damage|p1a: Tsareena|61/100|[from] Stealth Rock
|turn|22
|
|t:|1637839723
|switch|p2a: Vanilluxe|Vanilluxe, F|40/100
|-weather|Hail|[from] ability: Snow Warning|[of] p2a: Vanilluxe
|move|p1a: Tsareena|Rapid Spin|p2a: Vanilluxe
|-damage|p2a: Vanilluxe|10/100
|-boost|p1a: Tsareena|spe|1
|-sideend|p1: kcajwarts2|Stealth Rock|[from] move: Rapid Spin|[of] p1a: Tsareena
|
|-weather|Hail|[upkeep]
|-damage|p1a: Tsareena|55/100|[from] Hail
|upkeep
|turn|23
|
|t:|1637839736
|move|p1a: Tsareena|Rapid Spin|p2a: Vanilluxe
|-damage|p2a: Vanilluxe|0 fnt
|-boost|p1a: Tsareena|spe|1
|faint|p2a: Vanilluxe
|
|-weather|Hail|[upkeep]
|-damage|p1a: Tsareena|49/100|[from] Hail
|-enditem|p1a: Tsareena|Sitrus Berry|[eat]
|-heal|p1a: Tsareena|74/100|[from] item: Sitrus Berry
|upkeep
|-message|bababi forfeited.
|
|win|kcajwarts2
|raw|kcajwarts2's rating: 1315 &rarr; <strong>1341</strong><br />(+26 for winning)
|raw|bababi's rating: 1426 &rarr; <strong>1400</strong><br />(-26 for losing)
|l|☆bababi
