|raw|<div class="broadcast-blue"><strong>This battle is required to be public due to a player having a name starting with 'pult4c1'.</div>
|j|☆PULT4C1 Redemption
|j|☆Parent Song
|t:|1660945405
|gametype|singles
|player|p1|PULT4C1 Redemption|#redemption|1353
|player|p2|Parent Song|dawn|1537
|teamsize|p1|6
|teamsize|p2|6
|gen|8
|tier|[Gen 8] PU
|rated|
|rule|Sleep Clause Mod: Limit one foe put to sleep
|rule|Species Clause: Limit one of each Pokémon
|rule|OHKO Clause: OHKO moves are banned
|rule|Evasion Items Clause: Evasion items are banned
|rule|Evasion Moves Clause: Evasion moves are banned
|rule|Endless Battle Clause: Forcing endless battles is banned
|rule|HP Percentage Mod: HP is shown in percentages
|rule|Dynamax Clause: You cannot dynamax
|clearpoke
|poke|p1|Archeops, F|
|poke|p1|Rapidash-Galar, F|
|poke|p1|Frosmoth, F|
|poke|p1|Doublade, F|
|poke|p1|Lycanroc, M|
|poke|p1|Charizard, F|
|poke|p2|Carracosta, M|
|poke|p2|Scrafty, F|
|poke|p2|Archeops, M|
|poke|p2|Froslass, F|
|poke|p2|Doublade, F|
|poke|p2|Thwackey, F|
|teampreview
|inactive|Battle timer is ON: inactive players will automatically lose when time's up. (requested by PULT4C1 Redemption)
|
|t:|1660945434
|start
|switch|p1a: Archeops|Archeops, F|100/100
|switch|p2a: Froslass|Froslass, F|100/100
|turn|1
|
|t:|1660945453
|move|p1a: Archeops|Stealth Rock|p2a: Froslass
|-sidestart|p2: Parent Song|move: Stealth Rock
|move|p2a: Froslass|Ice Beam|p1a: Archeops
|-supereffective|p1a: Archeops
|-enditem|p1a: Archeops|Focus Sash
|-damage|p1a: Archeops|1/100
|
|upkeep
|turn|2
|
|t:|1660945459
|move|p2a: Froslass|Ice Beam|p1a: Archeops
|-supereffective|p1a: Archeops
|-damage|p1a: Archeops|0 fnt
|faint|p1a: Archeops
|
|upkeep
|j| PULT4C1 Carmin
|inactive|PULT4C1 Redemption has 120 seconds left.
|
|t:|1660945501
|switch|p1a: Lycanroc|Lycanroc, M|100/100
|turn|3
|
|t:|1660945506
|move|p1a: Lycanroc|Accelerock|p2a: Froslass
|-supereffective|p2a: Froslass
|-damage|p2a: Froslass|22/100
|-damage|p1a: Lycanroc|91/100|[from] item: Life Orb
|move|p2a: Froslass|Spikes|p1a: Lycanroc
|-sidestart|p1: PULT4C1 Redemption|Spikes
|
|upkeep
|turn|4
|
|t:|1660945512
|move|p1a: Lycanroc|Accelerock|p2a: Froslass
|-supereffective|p2a: Froslass
|-damage|p2a: Froslass|0 fnt
|faint|p2a: Froslass
|-damage|p1a: Lycanroc|81/100|[from] item: Life Orb
|
|upkeep
|
|t:|1660945525
|switch|p2a: Doublade|Doublade, F|100/100
|-damage|p2a: Doublade|94/100|[from] Stealth Rock
|turn|5
|j| Micciu20250
|inactive|PULT4C1 Redemption has 120 seconds left.
|
|t:|1660945555
|switch|p1a: Charizard|Charizard, F|100/100
|switch|p2a: Archeops|Archeops, M|100/100
|-damage|p2a: Archeops|76/100|[from] Stealth Rock
|
|upkeep
|turn|6
|j| Axeward
|
|t:|1660945577
|move|p2a: Archeops|Meteor Beam||[still]
|-prepare|p2a: Archeops|Meteor Beam
|-boost|p2a: Archeops|spa|1
|-enditem|p2a: Archeops|Power Herb
|-anim|p2a: Archeops|Meteor Beam|p1a: Charizard
|-supereffective|p1a: Charizard
|-damage|p1a: Charizard|0 fnt
|faint|p1a: Charizard
|
|upkeep
|
|t:|1660945590
|switch|p1a: Lycanroc|Lycanroc, M|81/100
|-damage|p1a: Lycanroc|68/100|[from] Spikes
|turn|7
|
|t:|1660945592
|move|p1a: Lycanroc|Accelerock|p2a: Archeops
|-supereffective|p2a: Archeops
|-damage|p2a: Archeops|0 fnt
|faint|p2a: Archeops
|-damage|p1a: Lycanroc|58/100|[from] item: Life Orb
|
|upkeep
|j| Delysse
|
|t:|1660945602
|switch|p2a: Doublade|Doublade, F|94/100
|-damage|p2a: Doublade|88/100|[from] Stealth Rock
|turn|8
|
|t:|1660945615
|switch|p1a: Doublade|Doublade, F|100/100
|-damage|p1a: Doublade|88/100|[from] Spikes
|move|p2a: Doublade|Swords Dance|p2a: Doublade
|-boost|p2a: Doublade|atk|2
|
|upkeep
|turn|9
|
|t:|1660945619
|move|p1a: Doublade|Swords Dance|p1a: Doublade
|-boost|p1a: Doublade|atk|2
|move|p2a: Doublade|Shadow Claw|p1a: Doublade
|-supereffective|p1a: Doublade
|-damage|p1a: Doublade|12/100
|
|upkeep
|turn|10
|
|t:|1660945622
|move|p1a: Doublade|Shadow Sneak|p2a: Doublade
|-supereffective|p2a: Doublade
|-damage|p2a: Doublade|51/100
|move|p2a: Doublade|Shadow Sneak|p1a: Doublade
|-supereffective|p1a: Doublade
|-damage|p1a: Doublade|0 fnt
|faint|p1a: Doublade
|
|upkeep
|
|t:|1660945629
|switch|p1a: Frosmoth|Frosmoth, F|100/100
|turn|11
|
|t:|1660945636
|move|p2a: Doublade|Shadow Sneak|p1a: Frosmoth
|-damage|p1a: Frosmoth|27/100
|move|p1a: Frosmoth|Ice Beam|p2a: Doublade
|-resisted|p2a: Doublade
|-damage|p2a: Doublade|27/100
|
|upkeep
|turn|12
|
|t:|1660945642
|move|p2a: Doublade|Shadow Sneak|p1a: Frosmoth
|-damage|p1a: Frosmoth|0 fnt
|faint|p1a: Frosmoth
|
|upkeep
|
|t:|1660945644
|switch|p1a: Lycanroc|Lycanroc, M|58/100
|-damage|p1a: Lycanroc|46/100|[from] Spikes
|turn|13
|
|t:|1660945646
|move|p1a: Lycanroc|Accelerock|p2a: Doublade
|-resisted|p2a: Doublade
|-damage|p2a: Doublade|20/100
|-damage|p1a: Lycanroc|36/100|[from] item: Life Orb
|move|p2a: Doublade|Shadow Sneak|p1a: Lycanroc
|-damage|p1a: Lycanroc|0 fnt
|faint|p1a: Lycanroc
|
|upkeep
|
|t:|1660945648
|switch|p1a: Rapidash|Rapidash-Galar, F|100/100
|-damage|p1a: Rapidash|88/100|[from] Spikes
|turn|14
|c|☆Parent Song|gg
|
|t:|1660945652
|move|p2a: Doublade|Shadow Sneak|p1a: Rapidash
|-supereffective|p1a: Rapidash
|-damage|p1a: Rapidash|0 fnt
|faint|p1a: Rapidash
|
|win|Parent Song
|raw|PULT4C1 Redemption's rating: 1353 &rarr; <strong>1343</strong><br />(-10 for losing)
|raw|Parent Song's rating: 1537 &rarr; <strong>1547</strong><br />(+10 for winning)
