|j|☆m3p0
|j|☆PJW is dumb
|player|p1|m3p0|130|1412
|player|p2|PJW is dumb|229|1436
|teamsize|p1|6
|teamsize|p2|6
|gametype|singles
|gen|8
|tier|[Gen 8] PU
|rated|
|clearpoke
|poke|p1|Greedent, F|
|poke|p1|Wishiwashi, M|
|poke|p1|Musharna, F|
|poke|p1|Grapploct, F|
|poke|p1|Pawniard, M|
|poke|p1|Silvally-*|
|poke|p2|Koffing, F|
|poke|p2|Silvally-*|
|poke|p2|Shiinotic, F|
|poke|p2|Palpitoad, F|
|poke|p2|Pawniard, F|
|poke|p2|Glaceon, F|
|rule|Sleep Clause Mod: Limit one foe put to sleep
|rule|Species Clause: Limit one of each Pokémon
|rule|OHKO Clause: OHKO moves are banned
|rule|Evasion Moves Clause: Evasion moves are banned
|rule|Endless Battle Clause: Forcing endless battles is banned
|rule|HP Percentage Mod: HP is shown in percentages
|rule|Dynamax Clause: You cannot dynamax
|teampreview
|inactive|Battle timer is ON: inactive players will automatically lose when time's up. (requested by PJW is dumb)
|
|start
|switch|p1a: Pawniard|Pawniard, M|100/100
|switch|p2a: Silvally|Silvally-Fighting|100/100
|turn|1
|c|☆PJW is dumb|Hf
|c|☆m3p0|u2
|
|switch|p1a: Musharna|Musharna, F|100/100
|move|p2a: Silvally|U-turn|p1a: Musharna
|-supereffective|p1a: Musharna
|-damage|p1a: Musharna|67/100
|
|switch|p2a: Shiinotic|Shiinotic, F|100/100|[from]move: U-turn
|
|upkeep
|turn|2
|
|switch|p1a: Greedent|Greedent, F|100/100
|move|p2a: Shiinotic|Moonblast|p1a: Greedent
|-crit|p1a: Greedent
|-damage|p1a: Greedent|17/100
|-enditem|p1a: Greedent|Sitrus Berry|[eat]
|-heal|p1a: Greedent|42/100|[from] item: Sitrus Berry
|-heal|p1a: Greedent|75/100|[from] ability: Cheek Pouch
|
|upkeep
|turn|3
|
|switch|p1a: Silvally|Silvally-Fire|100/100
|move|p2a: Shiinotic|Moonblast|p1a: Silvally
|-resisted|p1a: Silvally
|-damage|p1a: Silvally|69/100
|
|upkeep
|turn|4
|
|switch|p2a: Palpitoad|Palpitoad, F|100/100
|move|p1a: Silvally|Parting Shot|p2a: Palpitoad
|-unboost|p2a: Palpitoad|atk|1
|-unboost|p2a: Palpitoad|spa|1
|
|switch|p1a: Grapploct|Grapploct, F|100/100|[from]move: Parting Shot
|
|upkeep
|turn|5
|
|switch|p2a: Koffing|Koffing, F|100/100
|move|p1a: Grapploct|Close Combat|p2a: Koffing
|-resisted|p2a: Koffing
|-damage|p2a: Koffing|71/100
|-unboost|p1a: Grapploct|def|1
|-unboost|p1a: Grapploct|spd|1
|
|upkeep
|turn|6
|
|switch|p1a: Silvally|Silvally-Fire|69/100
|move|p2a: Koffing|Toxic Spikes|p1a: Silvally
|-sidestart|p1: m3p0|move: Toxic Spikes
|
|upkeep
|turn|7
|
|switch|p2a: Palpitoad|Palpitoad, F|100/100
|move|p1a: Silvally|Defog|p2a: Palpitoad
|-unboost|p2a: Palpitoad|evasion|1
|-sideend|p1: m3p0|Toxic Spikes|[from] move: Defog|[of] p1a: Silvally
|
|upkeep
|turn|8
|
|move|p1a: Silvally|Parting Shot|p2a: Palpitoad
|-unboost|p2a: Palpitoad|atk|1
|-unboost|p2a: Palpitoad|spa|1
|
|switch|p1a: Grapploct|Grapploct, F|100/100|[from]move: Parting Shot
|move|p2a: Palpitoad|Stealth Rock|p1a: Grapploct
|-sidestart|p1: m3p0|move: Stealth Rock
|
|upkeep
|turn|9
|
|switch|p2a: Koffing|Koffing, F|71/100
|move|p1a: Grapploct|Close Combat|p2a: Koffing
|-resisted|p2a: Koffing
|-damage|p2a: Koffing|44/100
|-unboost|p1a: Grapploct|def|1
|-unboost|p1a: Grapploct|spd|1
|
|upkeep
|turn|10
|
|switch|p1a: Silvally|Silvally-Fire|69/100
|-damage|p1a: Silvally|45/100|[from] Stealth Rock
|move|p2a: Koffing|Sludge Bomb|p1a: Silvally
|-damage|p1a: Silvally|23/100
|
|upkeep
|turn|11
|
|move|p1a: Silvally|Defog|p2a: Koffing
|-unboost|p2a: Koffing|evasion|1
|-sideend|p1: m3p0|Stealth Rock|[from] move: Defog|[of] p1a: Silvally
|move|p2a: Koffing|Sludge Bomb|p1a: Silvally
|-crit|p1a: Silvally
|-damage|p1a: Silvally|0 fnt
|faint|p1a: Silvally
|
|upkeep
|
|switch|p1a: Pawniard|Pawniard, M|100/100
|turn|12
|
|move|p1a: Pawniard|Knock Off|p2a: Koffing
|-damage|p2a: Koffing|23/100
|-enditem|p2a: Koffing|Eviolite|[from] move: Knock Off|[of] p1a: Pawniard
|move|p2a: Koffing|Will-O-Wisp|p1a: Pawniard
|-status|p1a: Pawniard|brn
|
|-damage|p1a: Pawniard|94/100 brn|[from] brn
|upkeep
|turn|13
|
|move|p1a: Pawniard|Stealth Rock|p2a: Koffing
|-sidestart|p2: PJW is dumb|move: Stealth Rock
|move|p2a: Koffing|Toxic Spikes|p1a: Pawniard
|-sidestart|p1: m3p0|move: Toxic Spikes
|
|-damage|p1a: Pawniard|88/100 brn|[from] brn
|upkeep
|turn|14
|
|move|p1a: Pawniard|Iron Head|p2a: Koffing
|-damage|p2a: Koffing|9/100
|move|p2a: Koffing|Toxic Spikes|p1a: Pawniard
|-sidestart|p1: m3p0|move: Toxic Spikes
|
|-damage|p1a: Pawniard|82/100 brn|[from] brn
|upkeep
|turn|15
|
|move|p1a: Pawniard|Iron Head|p2a: Koffing
|-damage|p2a: Koffing|0 fnt
|faint|p2a: Koffing
|
|-damage|p1a: Pawniard|76/100 brn|[from] brn
|upkeep
|
|switch|p2a: Silvally|Silvally-Fighting|100/100
|-damage|p2a: Silvally|94/100|[from] Stealth Rock
|turn|16
|
|move|p2a: Silvally|Multi-Attack|p1a: Pawniard
|-supereffective|p1a: Pawniard
|-crit|p1a: Pawniard
|-damage|p1a: Pawniard|0 fnt
|faint|p1a: Pawniard
|
|upkeep
|
|switch|p1a: Wishiwashi|Wishiwashi, M|100/100
|-status|p1a: Wishiwashi|tox
|-formechange|p1a: Wishiwashi|Wishiwashi-School||[from] ability: Schooling
|turn|17
|
|move|p2a: Silvally|U-turn|p1a: Wishiwashi
|-damage|p1a: Wishiwashi|81/100 tox
|
|switch|p2a: Palpitoad|Palpitoad, F|100/100|[from]move: U-turn
|-damage|p2a: Palpitoad|94/100|[from] Stealth Rock
|move|p1a: Wishiwashi|Ice Beam|p2a: Palpitoad
|-damage|p2a: Palpitoad|37/100
|
|-damage|p1a: Wishiwashi|75/100 tox|[from] psn
|upkeep
|turn|18
|
|move|p2a: Palpitoad|Stealth Rock|p1a: Wishiwashi
|-sidestart|p1: m3p0|move: Stealth Rock
|move|p1a: Wishiwashi|Ice Beam|p2a: Palpitoad
|-damage|p2a: Palpitoad|0 fnt
|faint|p2a: Palpitoad
|
|-damage|p1a: Wishiwashi|63/100 tox|[from] psn
|upkeep
|
|switch|p2a: Glaceon|Glaceon, F|100/100
|turn|19
|
|switch|p1a: Greedent|Greedent, F|75/100
|-status|p1a: Greedent|tox
|-damage|p1a: Greedent|62/100 tox|[from] Stealth Rock
|move|p2a: Glaceon|Freeze-Dry|p1a: Greedent
|-damage|p1a: Greedent|34/100 tox
|
|-damage|p1a: Greedent|28/100 tox|[from] psn
|upkeep
|turn|20
|
|move|p2a: Glaceon|Protect|p2a: Glaceon
|-singleturn|p2a: Glaceon|Protect
|move|p1a: Greedent|Body Slam|p2a: Glaceon
|-activate|p2a: Glaceon|move: Protect
|
|-damage|p1a: Greedent|15/100 tox|[from] psn
|upkeep
|turn|21
|
|move|p2a: Glaceon|Freeze-Dry|p1a: Greedent
|-damage|p1a: Greedent|0 fnt
|faint|p1a: Greedent
|
|upkeep
|
|switch|p1a: Grapploct|Grapploct, F|100/100
|-damage|p1a: Grapploct|94/100|[from] Stealth Rock
|-status|p1a: Grapploct|tox
|turn|22
|
|move|p2a: Glaceon|Protect|p2a: Glaceon
|-singleturn|p2a: Glaceon|Protect
|move|p1a: Grapploct|Close Combat|p2a: Glaceon
|-activate|p2a: Glaceon|move: Protect
|
|-damage|p1a: Grapploct|88/100 tox|[from] psn
|upkeep
|turn|23
|
|switch|p2a: Shiinotic|Shiinotic, F|100/100
|-damage|p2a: Shiinotic|88/100|[from] Stealth Rock
|move|p1a: Grapploct|Close Combat|p2a: Shiinotic
|-resisted|p2a: Shiinotic
|-damage|p2a: Shiinotic|11/100
|-unboost|p1a: Grapploct|def|1
|-unboost|p1a: Grapploct|spd|1
|
|-damage|p1a: Grapploct|76/100 tox|[from] psn
|upkeep
|turn|24
|
|move|p2a: Shiinotic|Moonblast|p1a: Grapploct
|-supereffective|p1a: Grapploct
|-damage|p1a: Grapploct|0 fnt
|faint|p1a: Grapploct
|
|upkeep
|
|switch|p1a: Musharna|Musharna, F|67/100
|-status|p1a: Musharna|tox
|-damage|p1a: Musharna|54/100 tox|[from] Stealth Rock
|turn|25
|
|move|p2a: Shiinotic|Moonblast|p1a: Musharna
|-damage|p1a: Musharna|13/100 tox
|-unboost|p1a: Musharna|spa|1
|move|p1a: Musharna|Trick Room|p1a: Musharna
|-fieldstart|move: Trick Room|[of] p1a: Musharna
|
|-damage|p1a: Musharna|7/100 tox|[from] psn
|upkeep
|turn|26
|
|move|p1a: Musharna|Healing Wish|p1a: Musharna
|faint|p1a: Musharna
|move|p2a: Shiinotic|Moonblast|p1: Musharna|[notarget]
|-fail|p2a: Shiinotic
|
|upkeep
|
|switch|p1a: Wishiwashi|Wishiwashi, M|63/100 tox
|-heal|p1a: Wishiwashi|100/100|[from] move: Healing Wish
|-damage|p1a: Wishiwashi|88/100|[from] Stealth Rock
|-status|p1a: Wishiwashi|tox
|-formechange|p1a: Wishiwashi|Wishiwashi-School||[from] ability: Schooling
|turn|27
|
|move|p1a: Wishiwashi|Surf|p2a: Shiinotic
|-resisted|p2a: Shiinotic
|-damage|p2a: Shiinotic|0 fnt
|faint|p2a: Shiinotic
|
|-damage|p1a: Wishiwashi|82/100 tox|[from] psn
|upkeep
|
|switch|p2a: Glaceon|Glaceon, F|100/100
|turn|28
|
|move|p2a: Glaceon|Protect|p2a: Glaceon
|-singleturn|p2a: Glaceon|Protect
|move|p1a: Wishiwashi|Surf|p2a: Glaceon
|-activate|p2a: Glaceon|move: Protect
|
|-damage|p1a: Wishiwashi|70/100 tox|[from] psn
|upkeep
|turn|29
|
|switch|p2a: Silvally|Silvally-Fighting|94/100
|-damage|p2a: Silvally|88/100|[from] Stealth Rock
|move|p1a: Wishiwashi|Surf|p2a: Silvally
|-damage|p2a: Silvally|6/100
|
|-damage|p1a: Wishiwashi|51/100 tox|[from] psn
|-fieldend|move: Trick Room
|upkeep
|turn|30
|
|move|p2a: Silvally|Multi-Attack|p1a: Wishiwashi
|-damage|p1a: Wishiwashi|1/100 tox
|move|p1a: Wishiwashi|Surf|p2a: Silvally
|-damage|p2a: Silvally|0 fnt
|faint|p2a: Silvally
|
|-damage|p1a: Wishiwashi|0 fnt|[from] psn
|faint|p1a: Wishiwashi
|
|win|PJW is dumb
|upkeep
|c|☆PJW is dumb|gg
|c|☆m3p0|gg
|raw|m3p0's rating: 1412 &rarr; <strong>1393</strong><br />(-19 for losing)
|raw|PJW is dumb's rating: 1436 &rarr; <strong>1455</strong><br />(+19 for winning)
|l|☆m3p0
