|j|☆thinking of chu
|j|☆kurtyv
|t:|1626879410
|gametype|singles
|player|p1|thinking of chu|clown|1572
|player|p2|kurtyv|102|1536
|teamsize|p1|6
|teamsize|p2|6
|gen|8
|tier|[Gen 8] PU
|rated|
|rule|Sleep Clause Mod: Limit one foe put to sleep
|rule|Species Clause: Limit one of each Pokémon
|rule|OHKO Clause: OHKO moves are banned
|rule|Evasion Moves Clause: Evasion moves are banned
|rule|Endless Battle Clause: Forcing endless battles is banned
|rule|HP Percentage Mod: HP is shown in percentages
|rule|Dynamax Clause: You cannot dynamax
|clearpoke
|poke|p1|Gourgeist-*, M|
|poke|p1|Lunatone|
|poke|p1|Cryogonal|
|poke|p1|Poliwrath, M|
|poke|p1|Stunfisk-Galar, F|
|poke|p1|Weezing, F|
|poke|p2|Carbink|
|poke|p2|Froslass, F|
|poke|p2|Arctozolt|
|poke|p2|Arctovish|
|poke|p2|Pyukumuku, F|
|poke|p2|Eiscue, F|
|teampreview
|
|t:|1626879428
|start
|switch|p1a: Gourgeist|Gourgeist-Super, M|100/100
|switch|p2a: Carbink|Carbink|100/100
|-item|p2a: Carbink|Icy Rock|[from] ability: Frisk|[of] p1a: Gourgeist|[identify]
|turn|1
|
|t:|1626879437
|move|p1a: Gourgeist|Power Whip|p2a: Carbink
|-supereffective|p2a: Carbink
|-damage|p2a: Carbink|33/100
|move|p2a: Carbink|Hail|p2a: Carbink
|-weather|Hail
|
|-weather|Hail|[upkeep]
|-damage|p1a: Gourgeist|94/100|[from] Hail
|-damage|p2a: Carbink|27/100|[from] Hail
|upkeep
|turn|2
|
|t:|1626879442
|move|p1a: Gourgeist|Power Whip|p2a: Carbink
|-supereffective|p2a: Carbink
|-damage|p2a: Carbink|0 fnt
|faint|p2a: Carbink
|
|-weather|Hail|[upkeep]
|-damage|p1a: Gourgeist|88/100|[from] Hail
|upkeep
|
|t:|1626879453
|switch|p2a: Eiscue|Eiscue, F|100/100
|turn|3
|
|t:|1626879468
|switch|p1a: Poliwrath|Poliwrath, M|100/100
|move|p2a: Eiscue|Belly Drum|p2a: Eiscue
|-damage|p2a: Eiscue|51/100
|-setboost|p2a: Eiscue|atk|6|[from] move: Belly Drum
|
|-weather|Hail|[upkeep]
|-damage|p1a: Poliwrath|94/100|[from] Hail
|-heal|p1a: Poliwrath|100/100|[from] item: Leftovers
|upkeep
|turn|4
|
|t:|1626879474
|move|p2a: Eiscue|Ice Punch|p1a: Poliwrath
|-resisted|p1a: Poliwrath
|-damage|p1a: Poliwrath|64/100
|move|p1a: Poliwrath|Scald|p2a: Eiscue
|-damage|p2a: Eiscue|28/100
|
|-weather|Hail|[upkeep]
|-damage|p1a: Poliwrath|58/100|[from] Hail
|-heal|p1a: Poliwrath|64/100|[from] item: Leftovers
|upkeep
|turn|5
|
|t:|1626879488
|move|p2a: Eiscue|Endure|p2a: Eiscue
|-singleturn|p2a: Eiscue|move: Endure
|move|p1a: Poliwrath|Rest|p1a: Poliwrath
|-status|p1a: Poliwrath|slp|[from] move: Rest
|-heal|p1a: Poliwrath|100/100 slp|[silent]
|
|-weather|Hail|[upkeep]
|-damage|p1a: Poliwrath|94/100 slp|[from] Hail
|-heal|p1a: Poliwrath|100/100 slp|[from] item: Leftovers
|upkeep
|turn|6
|
|t:|1626879497
|move|p2a: Eiscue|Reversal|p1a: Poliwrath
|-damage|p1a: Poliwrath|47/100 slp
|cant|p1a: Poliwrath|slp
|move|p1a: Poliwrath|Sleep Talk|p1a: Poliwrath
|move|p1a: Poliwrath|Rest||[from]move: Sleep Talk|[still]
|-fail|p1a: Poliwrath
|
|-weather|Hail|[upkeep]
|-damage|p1a: Poliwrath|40/100 slp|[from] Hail
|-heal|p1a: Poliwrath|47/100 slp|[from] item: Leftovers
|upkeep
|turn|7
|
|t:|1626879511
|move|p2a: Eiscue|Reversal|p1a: Poliwrath
|-damage|p1a: Poliwrath|0 fnt
|faint|p1a: Poliwrath
|
|-weather|Hail|[upkeep]
|upkeep
|
|t:|1626879520
|switch|p1a: Weezing|Weezing, F|100/100
|-ability|p1a: Weezing|Neutralizing Gas
|turn|8
|
|t:|1626879526
|move|p2a: Eiscue|Ice Punch|p1a: Weezing
|-damage|p1a: Weezing|32/100
|-status|p1a: Weezing|frz
|cant|p1a: Weezing|frz
|
|-weather|none
|-heal|p1a: Weezing|38/100 frz|[from] item: Black Sludge
|upkeep
|turn|9
|c|☆thinking of chu|:(
|
|t:|1626879535
|move|p2a: Eiscue|Ice Punch|p1a: Weezing
|-damage|p1a: Weezing|0 fnt
|faint|p1a: Weezing
|-end|p1a: Weezing|ability: Neutralizing Gas
|
|upkeep
|j| nooo gengar
|c|☆kurtyv|;)
|c| nooo gengar|:(
|
|t:|1626879544
|switch|p1a: Cryogonal|Cryogonal|100/100
|turn|10
|
|t:|1626879548
|move|p2a: Eiscue|Endure|p2a: Eiscue
|-singleturn|p2a: Eiscue|move: Endure
|move|p1a: Cryogonal|Rapid Spin|p2a: Eiscue
|-activate|p2a: Eiscue|ability: Ice Face
|-damage|p2a: Eiscue|28/100
|-boost|p1a: Cryogonal|spe|1
|detailschange|p2a: Eiscue|Eiscue-Noice, F
|
|upkeep
|turn|11
|
|t:|1626879559
|move|p1a: Cryogonal|Ice Beam|p2a: Eiscue
|-resisted|p2a: Eiscue
|-damage|p2a: Eiscue|0 fnt
|faint|p2a: Eiscue
|
|upkeep
|c| nooo gengar|:(((
|
|t:|1626879580
|switch|p2a: Pyukumuku|Pyukumuku, F|100/100
|turn|12
|
|t:|1626879582
|move|p1a: Cryogonal|Freeze-Dry|p2a: Pyukumuku
|-supereffective|p2a: Pyukumuku
|-damage|p2a: Pyukumuku|50/100
|-status|p2a: Pyukumuku|frz
|cant|p2a: Pyukumuku|frz
|
|upkeep
|turn|13
|c| nooo gengar|i have to copy someone's team
|
|t:|1626879587
|move|p1a: Cryogonal|Freeze-Dry|p2a: Pyukumuku
|-supereffective|p2a: Pyukumuku
|-damage|p2a: Pyukumuku|0 fnt
|-damage|p1a: Cryogonal|49/100|[from] ability: Innards Out|[of] p2a: Pyukumuku
|faint|p2a: Pyukumuku
|
|upkeep
|
|t:|1626879593
|switch|p2a: Froslass|Froslass, F|100/100
|turn|14
|
|t:|1626879599
|move|p1a: Cryogonal|Recover|p1a: Cryogonal
|-heal|p1a: Cryogonal|99/100
|move|p2a: Froslass|Hail|p2a: Froslass
|-weather|Hail
|
|-weather|Hail|[upkeep]
|upkeep
|turn|15
|
|t:|1626879607
|switch|p2a: Arctovish|Arctovish|100/100
|move|p1a: Cryogonal|Ice Beam|p2a: Arctovish
|-resisted|p2a: Arctovish
|-damage|p2a: Arctovish|88/100
|
|-weather|Hail|[upkeep]
|upkeep
|turn|16
|
|t:|1626879611
|move|p1a: Cryogonal|Freeze-Dry|p2a: Arctovish
|-damage|p2a: Arctovish|49/100
|move|p2a: Arctovish|Fishious Rend|p1a: Cryogonal
|-damage|p1a: Cryogonal|0 fnt
|faint|p1a: Cryogonal
|
|-weather|Hail|[upkeep]
|upkeep
|
|t:|1626879615
|switch|p1a: Gourgeist|Gourgeist-Super, M|88/100
|-item|p2a: Arctovish|Choice Band|[from] ability: Frisk|[of] p1a: Gourgeist|[identify]
|turn|17
|
|t:|1626879628
|switch|p2a: Froslass|Froslass, F|100/100
|move|p1a: Gourgeist|Power Whip|p2a: Froslass
|-damage|p2a: Froslass|22/100
|
|-weather|Hail|[upkeep]
|-damage|p1a: Gourgeist|82/100|[from] Hail
|upkeep
|turn|18
|
|t:|1626879634
|move|p1a: Gourgeist|Shadow Sneak|p2a: Froslass
|-supereffective|p2a: Froslass
|-damage|p2a: Froslass|0 fnt
|faint|p2a: Froslass
|
|-weather|Hail|[upkeep]
|-damage|p1a: Gourgeist|76/100|[from] Hail
|upkeep
|
|t:|1626879637
|switch|p2a: Arctozolt|Arctozolt|100/100
|turn|19
|
|t:|1626879640
|switch|p1a: Stunfisk|Stunfisk-Galar, F|100/100
|move|p2a: Arctozolt|Blizzard|p1a: Stunfisk
|-damage|p1a: Stunfisk|71/100
|-status|p1a: Stunfisk|frz
|-damage|p2a: Arctozolt|91/100|[from] item: Life Orb
|
|-weather|Hail|[upkeep]
|-damage|p1a: Stunfisk|65/100 frz|[from] Hail
|-heal|p1a: Stunfisk|71/100 frz|[from] item: Leftovers
|upkeep
|turn|20
|
|t:|1626879650
|move|p2a: Arctozolt|Stomping Tantrum|p1a: Stunfisk
|-supereffective|p1a: Stunfisk
|-damage|p1a: Stunfisk|16/100 frz
|-damage|p2a: Arctozolt|81/100|[from] item: Life Orb
|cant|p1a: Stunfisk|frz
|
|-weather|Hail|[upkeep]
|-damage|p1a: Stunfisk|10/100 frz|[from] Hail
|-heal|p1a: Stunfisk|16/100 frz|[from] item: Leftovers
|upkeep
|turn|21
|
|t:|1626879654
|move|p2a: Arctozolt|Stomping Tantrum|p1a: Stunfisk
|-supereffective|p1a: Stunfisk
|-crit|p1a: Stunfisk
|-damage|p1a: Stunfisk|0 fnt
|faint|p1a: Stunfisk
|-damage|p2a: Arctozolt|71/100|[from] item: Life Orb
|
|-weather|none
|upkeep
|c| nooo gengar|so many freezes
|
|t:|1626879670
|switch|p1a: Gourgeist|Gourgeist-Super, M|76/100
|-item|p2a: Arctozolt|Life Orb|[from] ability: Frisk|[of] p1a: Gourgeist|[identify]
|turn|22
|
|t:|1626879674
|move|p2a: Arctozolt|Blizzard|p1a: Gourgeist
|-supereffective|p1a: Gourgeist
|-damage|p1a: Gourgeist|0 fnt
|faint|p1a: Gourgeist
|-damage|p2a: Arctozolt|61/100|[from] item: Life Orb
|
|upkeep
|
|t:|1626879676
|switch|p1a: Lunatone|Lunatone|100/100
|turn|23
|
|t:|1626879681
|move|p2a: Arctozolt|Bolt Beak|p1a: Lunatone
|-damage|p1a: Lunatone|0 fnt
|faint|p1a: Lunatone
|-damage|p2a: Arctozolt|51/100|[from] item: Life Orb
|
|win|kurtyv
|raw|thinking of chu's rating: 1572 &rarr; <strong>1550</strong><br />(-22 for losing)
|raw|kurtyv's rating: 1536 &rarr; <strong>1558</strong><br />(+22 for winning)
|l|☆thinking of chu
||Ladder isn't responding, score probably updated but might not have (Request timeout).
