|html|<div class="broadcast-blue"><strong>[Gen 8] PU is currently suspecting Scyther! For information on how to participate check out the <a href="https://www.smogon.com/forums/threads/np-ss-pu-stage-11-turn-turn-turn-scyther-retest.3707179/">suspect thread</a>.</strong></div>
|j|☆Pabooloo
|j|☆kingqueso141
|t:|1663094528
|gametype|singles
|player|p1|Pabooloo|cynthia-gen7|1122
|player|p2|kingqueso141|rosa|1280
|teamsize|p1|6
|teamsize|p2|6
|gen|8
|tier|[Gen 8] PU
|rated|
|rule|Sleep Clause Mod: Limit one foe put to sleep
|rule|Species Clause: Limit one of each Pokémon
|rule|OHKO Clause: OHKO moves are banned
|rule|Evasion Items Clause: Evasion items are banned
|rule|Evasion Moves Clause: Evasion moves are banned
|rule|Endless Battle Clause: Forcing endless battles is banned
|rule|HP Percentage Mod: HP is shown in percentages
|rule|Dynamax Clause: You cannot dynamax
|clearpoke
|poke|p1|Eldegoss, M|
|poke|p1|Gigalith, M|
|poke|p1|Articuno-Galar|
|poke|p1|Galvantula, F|
|poke|p1|Froslass, F|
|poke|p1|Jellicent, F|
|poke|p2|Magneton|
|poke|p2|Scrafty, M|
|poke|p2|Centiskorch, F|
|poke|p2|Cinccino, F|
|poke|p2|Shuckle, M|
|poke|p2|Articuno-Galar|
|teampreview
|
|t:|1663094549
|start
|switch|p1a: Galvantula|Galvantula, F|100/100
|switch|p2a: Cinccino|Cinccino, F|100/100
|turn|1
|
|t:|1663094555
|move|p2a: Cinccino|Rock Blast|p1a: Galvantula
|-supereffective|p1a: Galvantula
|-damage|p1a: Galvantula|58/100
|-supereffective|p1a: Galvantula
|-damage|p1a: Galvantula|19/100
|-supereffective|p1a: Galvantula
|-damage|p1a: Galvantula|0 fnt
|faint|p1a: Galvantula
|-hitcount|p1: Galvantula|3
|
|upkeep
|
|t:|1663094579
|switch|p1a: Froslass|Froslass, F|100/100
|turn|2
|c|☆Pabooloo|!dt rock blast
|raw|<ul class="utilichart"><li class="result"><span class="col movenamecol"><a href="https://dex.pokemonshowdown.com/moves/rockblast">Rock Blast</a></span> <span class="col typecol"><img src="//play.pokemonshowdown.com/sprites/types/Rock.png" alt="Rock" width="32" height="14"><img src="//play.pokemonshowdown.com/sprites/categories/Physical.png" alt="Physical" width="32" height="14"></span> <span class="col labelcol"><em>Power</em><br>25</span> <span class="col widelabelcol"><em>Accuracy</em><br>90%</span> <span class="col pplabelcol"><em>PP</em><br>16</span> <span class="col movedesccol">Hits 2-5 times in one turn.</span> </li><li style="clear:both"></li></ul>
|raw|<font size="1"><font color="#686868">Priority:</font> 0&nbsp;|&ThickSpace;<font color="#686868">Gen:</font> 3&nbsp;|&ThickSpace;&#10003; Bullet&nbsp;|&ThickSpace;<font color="#686868">Z-Power:</font> 140&nbsp;|&ThickSpace;<font color="#686868">Dynamax Power:</font> 130&nbsp;|&ThickSpace;<font color="#686868">Target:</font> One Adjacent Pokémon</font>

|
|t:|1663094603
|switch|p1a: Eldegoss|Eldegoss, M|100/100
|move|p2a: Cinccino|Rock Blast|p1a: Eldegoss|[miss]
|-miss|p2a: Cinccino|p1a: Eldegoss
|
|upkeep
|turn|3
|
|t:|1663094613
|switch|p2a: Centiskorch|Centiskorch, F|100/100
|move|p1a: Eldegoss|Rapid Spin|p2a: Centiskorch
|-damage|p2a: Centiskorch|93/100
|-boost|p1a: Eldegoss|spe|1
|
|upkeep
|turn|4
|
|t:|1663094620
|move|p1a: Eldegoss|Sleep Powder|p2a: Centiskorch|[miss]
|-miss|p1a: Eldegoss|p2a: Centiskorch
|move|p2a: Centiskorch|Fire Lash|p1a: Eldegoss
|-supereffective|p1a: Eldegoss
|-damage|p1a: Eldegoss|11/100
|-unboost|p1a: Eldegoss|def|1
|
|upkeep
|turn|5
|
|t:|1663094634
|switch|p2a: Scrafty|Scrafty, M|100/100
|move|p1a: Eldegoss|Sleep Powder|p2a: Scrafty
|-status|p2a: Scrafty|slp|[from] move: Sleep Powder
|-enditem|p2a: Scrafty|Lum Berry|[eat]
|-curestatus|p2a: Scrafty|slp|[msg]
|
|upkeep
|turn|6
|inactive|Battle timer is ON: inactive players will automatically lose when time's up. (requested by Pabooloo)
|
|t:|1663094645
|move|p1a: Eldegoss|Giga Drain|p2a: Scrafty
|-damage|p2a: Scrafty|76/100
|-heal|p1a: Eldegoss|23/100|[from] drain|[of] p2a: Scrafty
|move|p2a: Scrafty|Knock Off|p1a: Eldegoss
|-damage|p1a: Eldegoss|0 fnt
|-enditem|p1a: Eldegoss|Heavy-Duty Boots|[from] move: Knock Off|[of] p2a: Scrafty
|faint|p1a: Eldegoss
|-ability|p2a: Scrafty|Moxie|boost
|-boost|p2a: Scrafty|atk|1
|
|upkeep
|
|t:|1663094674
|switch|p1a: Articuno|Articuno-Galar, shiny|100/100
|turn|7
|
|t:|1663094679
|switch|p2a: Shuckle|Shuckle, M|100/100
|move|p1a: Articuno|Hurricane|p2a: Shuckle
|-damage|p2a: Shuckle|44/100
|
|upkeep
|turn|8
|
|t:|1663094685
|move|p1a: Articuno|Hurricane|p2a: Shuckle|[miss]
|-miss|p1a: Articuno|p2a: Shuckle
|move|p2a: Shuckle|Stealth Rock|p1a: Articuno
|-sidestart|p1: Pabooloo|move: Stealth Rock
|
|upkeep
|turn|9
|
|t:|1663094690
|move|p1a: Articuno|Hurricane|p2a: Shuckle
|-damage|p2a: Shuckle|0 fnt
|faint|p2a: Shuckle
|
|upkeep
|
|t:|1663094697
|switch|p2a: Magneton|Magneton|100/100
|turn|10
|
|t:|1663094723
|switch|p1a: Gigalith|Gigalith, M, shiny|100/100
|-damage|p1a: Gigalith|88/100|[from] Stealth Rock
|-weather|Sandstorm|[from] ability: Sand Stream|[of] p1a: Gigalith
|move|p2a: Magneton|Volt Switch|p1a: Gigalith
|-damage|p1a: Gigalith|48/100
|
|t:|1663094731
|switch|p2a: Scrafty|Scrafty, M|76/100|[from]move: Volt Switch
|
|-weather|Sandstorm|[upkeep]
|-damage|p2a: Scrafty|70/100|[from] Sandstorm
|upkeep
|turn|11
|
|t:|1663094738
|move|p2a: Scrafty|Dragon Dance|p2a: Scrafty
|-boost|p2a: Scrafty|atk|1
|-boost|p2a: Scrafty|spe|1
|move|p1a: Gigalith|Earthquake|p2a: Scrafty
|-damage|p2a: Scrafty|36/100
|
|-weather|Sandstorm|[upkeep]
|-damage|p2a: Scrafty|30/100|[from] Sandstorm
|upkeep
|turn|12
|
|t:|1663094746
|move|p2a: Scrafty|Close Combat|p1a: Gigalith
|-supereffective|p1a: Gigalith
|-damage|p1a: Gigalith|0 fnt
|-unboost|p2a: Scrafty|def|1
|-unboost|p2a: Scrafty|spd|1
|faint|p1a: Gigalith
|-ability|p2a: Scrafty|Moxie|boost
|-boost|p2a: Scrafty|atk|1
|
|-weather|Sandstorm|[upkeep]
|-damage|p2a: Scrafty|24/100|[from] Sandstorm
|upkeep
|
|t:|1663094762
|switch|p1a: Articuno|Articuno-Galar, shiny|100/100
|-damage|p1a: Articuno|76/100|[from] Stealth Rock
|turn|13
|
|t:|1663094769
|move|p2a: Scrafty|Knock Off|p1a: Articuno
|-supereffective|p1a: Articuno
|-damage|p1a: Articuno|0 fnt
|-enditem|p1a: Articuno|Choice Specs|[from] move: Knock Off|[of] p2a: Scrafty
|faint|p1a: Articuno
|-ability|p2a: Scrafty|Moxie|boost
|-boost|p2a: Scrafty|atk|1
|
|-weather|Sandstorm|[upkeep]
|-damage|p2a: Scrafty|18/100|[from] Sandstorm
|upkeep
|-message|Pabooloo forfeited.
|
|win|kingqueso141
|raw|Pabooloo's rating: 1122 &rarr; <strong>1108</strong><br />(-14 for losing)
|raw|kingqueso141's rating: 1280 &rarr; <strong>1294</strong><br />(+14 for winning)
|l|☆Pabooloo
||Ladder isn't responding, score probably updated but might not have (Request timeout).
