|j|☆kurtyv
|j|☆PULT94D Rb
|t:|1628981467
|gametype|singles
|player|p1|kurtyv|2|1511
|player|p2|PULT94D Rb|102|1569
|teamsize|p1|6
|teamsize|p2|6
|gen|8
|tier|[Gen 8] PU
|rated|
|rule|Sleep Clause Mod: Limit one foe put to sleep
|rule|Species Clause: Limit one of each Pokémon
|rule|OHKO Clause: OHKO moves are banned
|rule|Evasion Moves Clause: Evasion moves are banned
|rule|Endless Battle Clause: Forcing endless battles is banned
|rule|HP Percentage Mod: HP is shown in percentages
|rule|Dynamax Clause: You cannot dynamax
|clearpoke
|poke|p1|Weezing, M|
|poke|p1|Gigalith, M|
|poke|p1|Charizard, M|
|poke|p1|Magneton|
|poke|p1|Trevenant, F|
|poke|p1|Whimsicott, F|
|poke|p2|Gourgeist-*, M|
|poke|p2|Weezing, F|
|poke|p2|Type: Null|
|poke|p2|Charizard, F|
|poke|p2|Passimian, F|
|poke|p2|Sandaconda, M|
|teampreview
|j| im going 2 die
|
|t:|1628981490
|start
|switch|p1a: Weezing|Weezing, M|100/100
|switch|p2a: Sandaconda|Sandaconda, M|100/100
|turn|1
|
|t:|1628981495
|move|p2a: Sandaconda|Glare|p1a: Weezing
|-status|p1a: Weezing|par
|move|p1a: Weezing|Toxic Spikes|p2a: Sandaconda
|-sidestart|p2: PULT94D Rb|move: Toxic Spikes
|
|upkeep
|turn|2
|
|t:|1628981502
|switch|p1a: Trevenant|Trevenant, F|100/100
|move|p2a: Sandaconda|Stealth Rock|p1a: Trevenant
|-sidestart|p1: kurtyv|move: Stealth Rock
|
|upkeep
|turn|3
|
|t:|1628981514
|switch|p2a: Weezing|Weezing, F|100/100
|-ability|p2a: Weezing|Neutralizing Gas
|-sideend|p2: PULT94D Rb|move: Toxic Spikes|[of] p2a: Weezing
|move|p1a: Trevenant|Poltergeist|p2a: Weezing
|-activate|p2a: Weezing|move: Poltergeist|Rocky Helmet
|-damage|p2a: Weezing|44/100
|
|upkeep
|turn|4
|
|t:|1628981536
|switch|p1a: Gigalith|Gigalith, M|100/100
|-damage|p1a: Gigalith|88/100|[from] Stealth Rock
|-end|p2a: Weezing|ability: Neutralizing Gas
|-weather|Sandstorm|[from] ability: Sand Stream|[of] p1a: Gigalith
|switch|p2a: Type: Null|Type: Null|100/100
|
|-weather|Sandstorm|[upkeep]
|-damage|p2a: Type: Null|94/100|[from] Sandstorm
|-heal|p1a: Gigalith|94/100|[from] item: Leftovers
|upkeep
|turn|5
|
|t:|1628981540
|move|p2a: Type: Null|Toxic|p1a: Gigalith|[miss]
|-miss|p2a: Type: Null|p1a: Gigalith
|move|p1a: Gigalith|Stealth Rock|p2a: Type: Null
|-sidestart|p2: PULT94D Rb|move: Stealth Rock
|
|-weather|Sandstorm|[upkeep]
|-damage|p2a: Type: Null|88/100|[from] Sandstorm
|-heal|p1a: Gigalith|100/100|[from] item: Leftovers
|upkeep
|turn|6
|j| Gva
|
|t:|1628981553
|switch|p1a: Weezing|Weezing, M|100/100 par
|-damage|p1a: Weezing|88/100 par|[from] Stealth Rock
|move|p2a: Type: Null|U-turn|p1a: Weezing
|-resisted|p1a: Weezing
|-damage|p1a: Weezing|83/100 par
|-damage|p2a: Type: Null|72/100|[from] item: Rocky Helmet|[of] p1a: Weezing
|j| BigConns
|
|t:|1628981558
|switch|p2a: Weezing|Weezing, F|44/100|[from]move: U-turn
|-ability|p2a: Weezing|Neutralizing Gas
|-damage|p2a: Weezing|32/100|[from] Stealth Rock
|
|-weather|Sandstorm|[upkeep]
|-damage|p2a: Weezing|26/100|[from] Sandstorm
|-damage|p1a: Weezing|77/100 par|[from] Sandstorm
|upkeep
|turn|7
|
|t:|1628981567
|move|p2a: Weezing|Pain Split|p1a: Weezing
|-sethp|p1a: Weezing|52/100 par|[from] move: Pain Split|[silent]
|-sethp|p2a: Weezing|52/100|[from] move: Pain Split
|move|p1a: Weezing|Flamethrower|p2a: Weezing
|-damage|p2a: Weezing|27/100
|-status|p2a: Weezing|brn
|
|-weather|Sandstorm|[upkeep]
|-damage|p2a: Weezing|21/100 brn|[from] Sandstorm
|-damage|p1a: Weezing|46/100 par|[from] Sandstorm
|-damage|p2a: Weezing|15/100 brn|[from] brn
|upkeep
|turn|8
|c|☆PULT94D Rb|o.o
|
|t:|1628981580
|move|p2a: Weezing|Pain Split|p1a: Weezing
|-sethp|p1a: Weezing|30/100 par|[from] move: Pain Split|[silent]
|-sethp|p2a: Weezing|30/100 brn|[from] move: Pain Split
|cant|p1a: Weezing|par
|
|-weather|none
|-damage|p2a: Weezing|24/100 brn|[from] brn
|upkeep
|turn|9
|
|t:|1628981589
|move|p2a: Weezing|Toxic Spikes|p1a: Weezing
|-sidestart|p1: kurtyv|move: Toxic Spikes
|move|p1a: Weezing|Toxic Spikes|p2a: Weezing
|-sidestart|p2: PULT94D Rb|move: Toxic Spikes
|
|-damage|p2a: Weezing|18/100 brn|[from] brn
|upkeep
|turn|10
|
|t:|1628981601
|-end|p2a: Weezing|ability: Neutralizing Gas
|switch|p2a: Charizard|Charizard, F|100/100
|cant|p1a: Weezing|par
|
|upkeep
|turn|11
|
|t:|1628981609
|move|p2a: Charizard|Fire Blast|p1a: Weezing
|-damage|p1a: Weezing|0 fnt
|faint|p1a: Weezing
|
|upkeep
|
|t:|1628981631
|switch|p1a: Gigalith|Gigalith, M|100/100
|-status|p1a: Gigalith|psn
|-damage|p1a: Gigalith|88/100 psn|[from] Stealth Rock
|-weather|Sandstorm|[from] ability: Sand Stream|[of] p1a: Gigalith
|turn|12
|
|t:|1628981637
|switch|p2a: Sandaconda|Sandaconda, M|100/100
|-status|p2a: Sandaconda|psn
|-damage|p2a: Sandaconda|94/100 psn|[from] Stealth Rock
|switch|p1a: Trevenant|Trevenant, F|100/100
|-status|p1a: Trevenant|psn
|-damage|p1a: Trevenant|88/100 psn|[from] Stealth Rock
|
|-weather|Sandstorm|[upkeep]
|-damage|p1a: Trevenant|82/100 psn|[from] Sandstorm
|-activate|p2a: Sandaconda|ability: Shed Skin
|-curestatus|p2a: Sandaconda|psn|[msg]
|-damage|p1a: Trevenant|70/100 psn|[from] psn
|upkeep
|turn|13
|
|t:|1628981645
|switch|p2a: Weezing|Weezing, F|18/100 brn
|-ability|p2a: Weezing|Neutralizing Gas
|-sideend|p2: PULT94D Rb|move: Toxic Spikes|[of] p2a: Weezing
|-damage|p2a: Weezing|6/100 brn|[from] Stealth Rock
|move|p1a: Trevenant|Horn Leech|p2a: Weezing
|-resisted|p2a: Weezing
|-damage|p2a: Weezing|0 fnt
|-heal|p1a: Trevenant|73/100 psn|[from] drain|[of] p2a: Weezing
|-damage|p1a: Trevenant|56/100 psn|[from] item: Rocky Helmet|[of] p2a: Weezing
|faint|p2a: Weezing
|-end|p2a: Weezing|ability: Neutralizing Gas
|
|-weather|Sandstorm|[upkeep]
|-damage|p1a: Trevenant|50/100 psn|[from] Sandstorm
|-damage|p1a: Trevenant|38/100 psn|[from] psn
|upkeep
|
|t:|1628981666
|switch|p2a: Passimian|Passimian, F|100/100
|-damage|p2a: Passimian|94/100|[from] Stealth Rock
|turn|14
|
|t:|1628981674
|switch|p1a: Whimsicott|Whimsicott, F|100/100
|move|p2a: Passimian|Knock Off|p1a: Whimsicott
|-resisted|p1a: Whimsicott
|-damage|p1a: Whimsicott|77/100
|-enditem|p1a: Whimsicott|Heavy-Duty Boots|[from] move: Knock Off|[of] p2a: Passimian
|
|-weather|Sandstorm|[upkeep]
|-damage|p2a: Passimian|88/100|[from] Sandstorm
|-damage|p1a: Whimsicott|71/100|[from] Sandstorm
|upkeep
|turn|15
|
|t:|1628981685
|switch|p2a: Type: Null|Type: Null|72/100
|-damage|p2a: Type: Null|59/100|[from] Stealth Rock
|move|p1a: Whimsicott|Toxic|p2a: Type: Null
|-status|p2a: Type: Null|tox
|
|-weather|Sandstorm|[upkeep]
|-damage|p1a: Whimsicott|64/100|[from] Sandstorm
|-damage|p2a: Type: Null|53/100 tox|[from] Sandstorm
|-damage|p2a: Type: Null|47/100 tox|[from] psn
|upkeep
|turn|16
|
|t:|1628981690
|move|p1a: Whimsicott|U-turn|p2a: Type: Null
|-damage|p2a: Type: Null|41/100 tox
|
|t:|1628981693
|switch|p1a: Charizard|Charizard, M|100/100|[from]move: U-turn
|move|p2a: Type: Null|Rest|p2a: Type: Null
|-status|p2a: Type: Null|slp|[from] move: Rest
|-heal|p2a: Type: Null|100/100 slp|[silent]
|
|-weather|none
|upkeep
|turn|17
|
|t:|1628981699
|move|p1a: Charizard|Defog|p2a: Type: Null
|-unboost|p2a: Type: Null|evasion|1
|-sideend|p2: PULT94D Rb|Stealth Rock|[from] move: Defog|[of] p1a: Charizard
|-sideend|p1: kurtyv|Toxic Spikes|[from] move: Defog|[of] p1a: Charizard
|-sideend|p1: kurtyv|Stealth Rock|[from] move: Defog|[of] p1a: Charizard
|cant|p2a: Type: Null|slp
|move|p2a: Type: Null|Sleep Talk|p2a: Type: Null
|move|p2a: Type: Null|U-turn|p1a: Charizard|[from]move: Sleep Talk
|-resisted|p1a: Charizard
|-damage|p1a: Charizard|95/100
|
|t:|1628981708
|switch|p2a: Passimian|Passimian, F|88/100|[from]move: U-turn
|
|upkeep
|turn|18
|inactive|Battle timer is ON: inactive players will automatically lose when time's up. (requested by PULT94D Rb)
|
|t:|1628981725
|move|p2a: Passimian|U-turn|p1a: Charizard
|-resisted|p1a: Charizard
|-damage|p1a: Charizard|88/100
|
|t:|1628981728
|switch|p2a: Type: Null|Type: Null|100/100 slp|[from]move: U-turn
|move|p1a: Charizard|Flamethrower|p2a: Type: Null
|-damage|p2a: Type: Null|82/100 slp
|
|upkeep
|turn|19
|
|t:|1628981739
|switch|p1a: Gigalith|Gigalith, M|88/100 psn
|-weather|Sandstorm|[from] ability: Sand Stream|[of] p1a: Gigalith
|cant|p2a: Type: Null|slp
|move|p2a: Type: Null|Sleep Talk|p2a: Type: Null
|move|p2a: Type: Null|Rest||[from]move: Sleep Talk|[still]
|-fail|p2a: Type: Null
|
|-weather|Sandstorm|[upkeep]
|-damage|p2a: Type: Null|76/100 slp|[from] Sandstorm
|-heal|p1a: Gigalith|94/100 psn|[from] item: Leftovers
|-damage|p1a: Gigalith|82/100 psn|[from] psn
|upkeep
|turn|20
|
|t:|1628981744
|-curestatus|p2a: Type: Null|slp|[msg]
|move|p2a: Type: Null|U-turn|p1a: Gigalith
|-damage|p1a: Gigalith|71/100 psn
|
|t:|1628981746
|switch|p2a: Sandaconda|Sandaconda, M|94/100|[from]move: U-turn
|move|p1a: Gigalith|Stealth Rock|p2a: Sandaconda
|-sidestart|p2: PULT94D Rb|move: Stealth Rock
|
|-weather|Sandstorm|[upkeep]
|-heal|p1a: Gigalith|78/100 psn|[from] item: Leftovers
|-damage|p1a: Gigalith|65/100 psn|[from] psn
|upkeep
|turn|21
|
|t:|1628981752
|switch|p1a: Whimsicott|Whimsicott, F|64/100
|move|p2a: Sandaconda|Stealth Rock|p1a: Whimsicott
|-sidestart|p1: kurtyv|move: Stealth Rock
|
|-weather|Sandstorm|[upkeep]
|-damage|p1a: Whimsicott|58/100|[from] Sandstorm
|upkeep
|turn|22
|
|t:|1628981764
|switch|p2a: Type: Null|Type: Null|76/100
|-damage|p2a: Type: Null|63/100|[from] Stealth Rock
|move|p1a: Whimsicott|U-turn|p2a: Type: Null
|-damage|p2a: Type: Null|57/100
|
|t:|1628981772
|switch|p1a: Trevenant|Trevenant, F|38/100|[from]move: U-turn
|-damage|p1a: Trevenant|26/100|[from] Stealth Rock
|
|-weather|Sandstorm|[upkeep]
|-damage|p1a: Trevenant|20/100|[from] Sandstorm
|-damage|p2a: Type: Null|51/100|[from] Sandstorm
|upkeep
|turn|23
|
|t:|1628981778
|switch|p2a: Gourgeist|Gourgeist-Small, M|100/100
|-item|p1a: Trevenant|Choice Band|[from] ability: Frisk|[of] p2a: Gourgeist|[identify]
|move|p1a: Trevenant|Poltergeist|p2a: Gourgeist
|-activate|p2a: Gourgeist|move: Poltergeist|Heavy-Duty Boots
|-supereffective|p2a: Gourgeist
|-damage|p2a: Gourgeist|0 fnt
|faint|p2a: Gourgeist
|
|-weather|none
|upkeep
|
|t:|1628981785
|switch|p2a: Passimian|Passimian, F|88/100
|-damage|p2a: Passimian|82/100|[from] Stealth Rock
|turn|24
|
|t:|1628981796
|switch|p1a: Whimsicott|Whimsicott, F|58/100
|-damage|p1a: Whimsicott|46/100|[from] Stealth Rock
|move|p2a: Passimian|Knock Off|p1a: Whimsicott
|-resisted|p1a: Whimsicott
|-damage|p1a: Whimsicott|29/100
|
|upkeep
|turn|25
|
|t:|1628981804
|switch|p2a: Charizard|Charizard, F|100/100
|move|p1a: Whimsicott|U-turn|p2a: Charizard
|-resisted|p2a: Charizard
|-damage|p2a: Charizard|97/100
|
|t:|1628981828
|switch|p1a: Magneton|Magneton|100/100|[from]move: U-turn
|-damage|p1a: Magneton|94/100|[from] Stealth Rock
|
|upkeep
|turn|26
|
|t:|1628981838
|move|p1a: Magneton|Thunderbolt|p2a: Charizard
|-supereffective|p2a: Charizard
|-damage|p2a: Charizard|0 fnt
|faint|p2a: Charizard
|
|upkeep
|
|t:|1628981841
|switch|p2a: Sandaconda|Sandaconda, M|94/100
|-damage|p2a: Sandaconda|88/100|[from] Stealth Rock
|turn|27
|
|t:|1628981858
|switch|p2a: Passimian|Passimian, F|82/100
|-damage|p2a: Passimian|76/100|[from] Stealth Rock
|move|p1a: Magneton|Thunderbolt|p2a: Passimian
|-damage|p2a: Passimian|0 fnt
|faint|p2a: Passimian
|
|upkeep
|-message|PULT94D Rb forfeited.
|
|win|kurtyv
|raw|kurtyv's rating: 1511 &rarr; <strong>1534</strong><br />(+23 for winning)
|raw|PULT94D Rb's rating: 1569 &rarr; <strong>1546</strong><br />(-23 for losing)
|l|☆PULT94D Rb
|l| im going 2 die
||Ladder isn't responding, score probably updated but might not have (Request timeout).
