|j|☆kacj2
|j|☆shalutianwang
|t:|1639601989
|gametype|singles
|player|p1|kacj2|swimmer|1365
|player|p2|shalutianwang|pokemaniac|1620
|teamsize|p1|6
|teamsize|p2|6
|gen|8
|tier|[Gen 8] PU
|rated|
|rule|Sleep Clause Mod: Limit one foe put to sleep
|rule|Species Clause: Limit one of each Pokémon
|rule|OHKO Clause: OHKO moves are banned
|rule|Evasion Moves Clause: Evasion moves are banned
|rule|Endless Battle Clause: Forcing endless battles is banned
|rule|HP Percentage Mod: HP is shown in percentages
|rule|Dynamax Clause: You cannot dynamax
|clearpoke
|poke|p1|Tsareena, F|
|poke|p1|Flareon, M|
|poke|p1|Bouffalant, M|
|poke|p1|Spiritomb, M|
|poke|p1|Scrafty, M|
|poke|p1|Wailord, M|
|poke|p2|Audino, M|
|poke|p2|Quagsire, F|
|poke|p2|Druddigon, F|
|poke|p2|Articuno-Galar|
|poke|p2|Tsareena, F|
|poke|p2|Togedemaru, M|
|teampreview
|inactive|Battle timer is ON: inactive players will automatically lose when time's up. (requested by kacj2)
|
|t:|1639602002
|start
|switch|p1a: Spiritomb|Spiritomb, M|100/100
|switch|p2a: 窗外的麻雀在电线杆上啵嘴|Articuno-Galar|100/100
|turn|1
|
|t:|1639602010
|switch|p2a: 吾乃长衫罩子龙|Druddigon, F|100/100
|move|p1a: Spiritomb|Dark Pulse|p2a: 吾乃长衫罩子龙
|-damage|p2a: 吾乃长衫罩子龙|42/100
|
|upkeep
|turn|2
|
|t:|1639602017
|switch|p2a: 迪士尼在逃公主|Audino, M|100/100
|move|p1a: Spiritomb|Dark Pulse|p2a: 迪士尼在逃公主
|-damage|p2a: 迪士尼在逃公主|61/100
|
|-heal|p2a: 迪士尼在逃公主|67/100|[from] item: Leftovers
|upkeep
|turn|3
|
|t:|1639602030
|switch|p1a: Wailord|Wailord, M|100/100
|move|p2a: 迪士尼在逃公主|Wish|p2a: 迪士尼在逃公主
|
|-heal|p2a: 迪士尼在逃公主|74/100|[from] item: Leftovers
|upkeep
|turn|4
|
|t:|1639602040
|move|p1a: Wailord|Earthquake|p2a: 迪士尼在逃公主
|-damage|p2a: 迪士尼在逃公主|34/100
|move|p2a: 迪士尼在逃公主|Toxic|p1a: Wailord
|-status|p1a: Wailord|tox
|
|-heal|p2a: 迪士尼在逃公主|84/100|[from] move: Wish|[wisher] 迪士尼在逃公主
|-heal|p2a: 迪士尼在逃公主|90/100|[from] item: Leftovers
|-damage|p1a: Wailord|94/100 tox|[from] psn
|upkeep
|turn|5
|
|t:|1639602051
|move|p1a: Wailord|Earthquake|p2a: 迪士尼在逃公主
|-damage|p2a: 迪士尼在逃公主|51/100
|move|p2a: 迪士尼在逃公主|Wish|p2a: 迪士尼在逃公主
|
|-heal|p2a: 迪士尼在逃公主|57/100|[from] item: Leftovers
|-damage|p1a: Wailord|82/100 tox|[from] psn
|upkeep
|turn|6
|
|t:|1639602061
|switch|p1a: Bouffalant|Bouffalant, M|100/100
|switch|p2a: 吾乃长衫罩子龙|Druddigon, F|42/100
|
|-heal|p2a: 吾乃长衫罩子龙|99/100|[from] move: Wish|[wisher] 迪士尼在逃公主
|upkeep
|turn|7
|
|t:|1639602071
|move|p1a: Bouffalant|Head Charge|p2a: 吾乃长衫罩子龙
|-damage|p2a: 吾乃长衫罩子龙|47/100
|-damage|p1a: Bouffalant|88/100|[from] ability: Rough Skin|[of] p2a: 吾乃长衫罩子龙
|-damage|p1a: Bouffalant|72/100|[from] item: Rocky Helmet|[of] p2a: 吾乃长衫罩子龙
|-damage|p1a: Bouffalant|60/100|[from] Recoil
|move|p2a: 吾乃长衫罩子龙|Dragon Tail|p1a: Bouffalant
|-damage|p1a: Bouffalant|37/100
|drag|p1a: Flareon|Flareon, M|100/100
|
|-status|p1a: Flareon|tox|[from] item: Toxic Orb
|upkeep
|turn|8
|
|t:|1639602085
|move|p1a: Flareon|Facade|p2a: 吾乃长衫罩子龙
|-damage|p2a: 吾乃长衫罩子龙|0 fnt
|-damage|p1a: Flareon|88/100 tox|[from] ability: Rough Skin|[of] p2a: 吾乃长衫罩子龙
|-damage|p1a: Flareon|71/100 tox|[from] item: Rocky Helmet|[of] p2a: 吾乃长衫罩子龙
|faint|p2a: 吾乃长衫罩子龙
|
|-damage|p1a: Flareon|65/100 tox|[from] psn
|upkeep
|
|t:|1639602089
|switch|p2a: 窗外的麻雀在电线杆上啵嘴|Articuno-Galar|100/100
|turn|9
|
|t:|1639602097
|switch|p1a: Spiritomb|Spiritomb, M|100/100
|move|p2a: 窗外的麻雀在电线杆上啵嘴|Hurricane|p1a: Spiritomb
|-damage|p1a: Spiritomb|5/100
|
|upkeep
|turn|10
|
|t:|1639602104
|switch|p2a: 迪士尼在逃公主|Audino, M|90/100
|move|p1a: Spiritomb|Dark Pulse|p2a: 迪士尼在逃公主
|-damage|p2a: 迪士尼在逃公主|53/100
|
|-heal|p2a: 迪士尼在逃公主|59/100|[from] item: Leftovers
|upkeep
|turn|11
|
|t:|1639602115
|switch|p1a: Flareon|Flareon, M|65/100 tox
|move|p2a: 迪士尼在逃公主|Wish|p2a: 迪士尼在逃公主
|
|-heal|p2a: 迪士尼在逃公主|66/100|[from] item: Leftovers
|-damage|p1a: Flareon|59/100 tox|[from] psn
|upkeep
|turn|12
|
|t:|1639602125
|switch|p2a: 钓鱼不忘带头盔|Quagsire, F|100/100
|move|p1a: Flareon|Flame Charge|p2a: 钓鱼不忘带头盔
|-resisted|p2a: 钓鱼不忘带头盔
|-damage|p2a: 钓鱼不忘带头盔|86/100
|-boost|p1a: Flareon|spe|1
|
|-heal|p2a: 钓鱼不忘带头盔|100/100|[from] move: Wish|[wisher] 迪士尼在逃公主
|-damage|p1a: Flareon|46/100 tox|[from] psn
|upkeep
|turn|13
|
|t:|1639602138
|move|p1a: Flareon|Facade|p2a: 钓鱼不忘带头盔
|-damage|p2a: 钓鱼不忘带头盔|46/100
|move|p2a: 钓鱼不忘带头盔|Recover|p2a: 钓鱼不忘带头盔
|-heal|p2a: 钓鱼不忘带头盔|96/100
|
|-heal|p2a: 钓鱼不忘带头盔|100/100|[from] item: Leftovers
|-damage|p1a: Flareon|28/100 tox|[from] psn
|upkeep
|turn|14
|
|t:|1639602153
|move|p1a: Flareon|Facade|p2a: 钓鱼不忘带头盔
|-damage|p2a: 钓鱼不忘带头盔|54/100
|move|p2a: 钓鱼不忘带头盔|Curse|p2a: 钓鱼不忘带头盔
|-unboost|p2a: 钓鱼不忘带头盔|spe|1
|-boost|p2a: 钓鱼不忘带头盔|atk|1
|-boost|p2a: 钓鱼不忘带头盔|def|1
|
|-heal|p2a: 钓鱼不忘带头盔|60/100|[from] item: Leftovers
|-damage|p1a: Flareon|3/100 tox|[from] psn
|upkeep
|turn|15
|
|t:|1639602168
|move|p1a: Flareon|Facade|p2a: 钓鱼不忘带头盔
|-damage|p2a: 钓鱼不忘带头盔|24/100
|move|p2a: 钓鱼不忘带头盔|Recover|p2a: 钓鱼不忘带头盔
|-heal|p2a: 钓鱼不忘带头盔|74/100
|
|-heal|p2a: 钓鱼不忘带头盔|80/100|[from] item: Leftovers
|-damage|p1a: Flareon|0 fnt|[from] psn
|faint|p1a: Flareon
|upkeep
|
|t:|1639602179
|switch|p1a: Spiritomb|Spiritomb, M|5/100
|turn|16
|
|t:|1639602184
|switch|p2a: 迪士尼在逃公主|Audino, M|99/100
|move|p1a: Spiritomb|Dark Pulse|p2a: 迪士尼在逃公主
|-damage|p2a: 迪士尼在逃公主|61/100
|
|-heal|p2a: 迪士尼在逃公主|67/100|[from] item: Leftovers
|upkeep
|turn|17
|
|t:|1639602193
|move|p2a: 迪士尼在逃公主|Wish|p2a: 迪士尼在逃公主
|move|p1a: Spiritomb|Dark Pulse|p2a: 迪士尼在逃公主
|-damage|p2a: 迪士尼在逃公主|32/100
|
|-heal|p2a: 迪士尼在逃公主|38/100|[from] item: Leftovers
|upkeep
|turn|18
|
|t:|1639602200
|move|p2a: 迪士尼在逃公主|Protect|p2a: 迪士尼在逃公主
|-singleturn|p2a: 迪士尼在逃公主|Protect
|move|p1a: Spiritomb|Dark Pulse|p2a: 迪士尼在逃公主
|-activate|p2a: 迪士尼在逃公主|move: Protect
|
|-heal|p2a: 迪士尼在逃公主|88/100|[from] move: Wish|[wisher] 迪士尼在逃公主
|-heal|p2a: 迪士尼在逃公主|94/100|[from] item: Leftovers
|upkeep
|turn|19
|
|t:|1639602211
|switch|p1a: Scrafty|Scrafty, M|100/100
|move|p2a: 迪士尼在逃公主|Wish|p2a: 迪士尼在逃公主
|
|-heal|p2a: 迪士尼在逃公主|100/100|[from] item: Leftovers
|upkeep
|turn|20
|
|t:|1639602221
|switch|p2a: 钓鱼不忘带头盔|Quagsire, F|80/100
|move|p1a: Scrafty|Knock Off|p2a: 钓鱼不忘带头盔
|-damage|p2a: 钓鱼不忘带头盔|55/100
|-enditem|p2a: 钓鱼不忘带头盔|Leftovers|[from] move: Knock Off|[of] p1a: Scrafty
|
|-heal|p2a: 钓鱼不忘带头盔|100/100|[from] move: Wish|[wisher] 迪士尼在逃公主
|upkeep
|turn|21
|
|t:|1639602231
|switch|p1a: Tsareena|Tsareena, F|100/100
|move|p2a: 钓鱼不忘带头盔|Curse|p2a: 钓鱼不忘带头盔
|-unboost|p2a: 钓鱼不忘带头盔|spe|1
|-boost|p2a: 钓鱼不忘带头盔|atk|1
|-boost|p2a: 钓鱼不忘带头盔|def|1
|
|upkeep
|turn|22
|
|t:|1639602239
|switch|p2a: 窗外的麻雀在电线杆上啵嘴|Articuno-Galar|100/100
|move|p1a: Tsareena|Power Whip|p2a: 窗外的麻雀在电线杆上啵嘴
|-resisted|p2a: 窗外的麻雀在电线杆上啵嘴
|-crit|p2a: 窗外的麻雀在电线杆上啵嘴
|-damage|p2a: 窗外的麻雀在电线杆上啵嘴|37/100
|
|upkeep
|turn|23
|
|t:|1639602247
|move|p2a: 窗外的麻雀在电线杆上啵嘴|Air Slash|p1a: Tsareena
|-supereffective|p1a: Tsareena
|-damage|p1a: Tsareena|0 fnt
|faint|p1a: Tsareena
|
|upkeep
|
|t:|1639602255
|switch|p1a: Scrafty|Scrafty, M|100/100
|turn|24
|
|t:|1639602260
|move|p1a: Scrafty|Knock Off|p2a: 窗外的麻雀在电线杆上啵嘴
|-supereffective|p2a: 窗外的麻雀在电线杆上啵嘴
|-damage|p2a: 窗外的麻雀在电线杆上啵嘴|0 fnt
|-enditem|p2a: 窗外的麻雀在电线杆上啵嘴|Choice Specs|[from] move: Knock Off|[of] p1a: Scrafty
|faint|p2a: 窗外的麻雀在电线杆上啵嘴
|-ability|p1a: Scrafty|Moxie|boost
|-boost|p1a: Scrafty|atk|1
|
|upkeep
|
|t:|1639602269
|switch|p2a: 钓鱼不忘带头盔|Quagsire, F|100/100
|turn|25
|
|t:|1639602275
|move|p1a: Scrafty|Knock Off|p2a: 钓鱼不忘带头盔
|-damage|p2a: 钓鱼不忘带头盔|83/100
|move|p2a: 钓鱼不忘带头盔|Earthquake|p1a: Scrafty
|-damage|p1a: Scrafty|68/100
|
|upkeep
|turn|26
|
|t:|1639602283
|switch|p1a: Bouffalant|Bouffalant, M|37/100
|move|p2a: 钓鱼不忘带头盔|Earthquake|p1a: Bouffalant
|-damage|p1a: Bouffalant|10/100
|
|-heal|p1a: Bouffalant|16/100|[from] item: Leftovers
|upkeep
|turn|27
|
|t:|1639602291
|switch|p2a: 迪士尼在逃公主|Audino, M|100/100
|move|p1a: Bouffalant|Rest|p1a: Bouffalant
|-status|p1a: Bouffalant|slp|[from] move: Rest
|-heal|p1a: Bouffalant|100/100 slp|[silent]
|
|upkeep
|turn|28
|
|t:|1639602301
|cant|p1a: Bouffalant|slp
|move|p1a: Bouffalant|Sleep Talk|p1a: Bouffalant
|move|p1a: Bouffalant|Head Charge|p2a: 迪士尼在逃公主|[from]move: Sleep Talk
|-crit|p2a: 迪士尼在逃公主
|-damage|p2a: 迪士尼在逃公主|0 fnt
|faint|p2a: 迪士尼在逃公主
|-damage|p1a: Bouffalant|75/100 slp|[from] Recoil
|
|-heal|p1a: Bouffalant|81/100 slp|[from] item: Leftovers
|upkeep
|
|t:|1639602307
|switch|p2a: 姐姐好腿我好爱|Tsareena, F|100/100
|turn|29
|
|t:|1639602317
|move|p2a: 姐姐好腿我好爱|Power Whip|p1a: Bouffalant|[miss]
|-miss|p2a: 姐姐好腿我好爱|p1a: Bouffalant
|cant|p1a: Bouffalant|slp
|move|p1a: Bouffalant|Sleep Talk|p1a: Bouffalant
|move|p1a: Bouffalant|Rest||[from]move: Sleep Talk|[still]
|-fail|p1a: Bouffalant
|
|-heal|p1a: Bouffalant|87/100 slp|[from] item: Leftovers
|upkeep
|turn|30
|
|t:|1639602329
|move|p2a: 姐姐好腿我好爱|High Jump Kick|p1a: Bouffalant
|-supereffective|p1a: Bouffalant
|-damage|p1a: Bouffalant|9/100 slp
|-curestatus|p1a: Bouffalant|slp|[msg]
|move|p1a: Bouffalant|Head Charge|p2a: 姐姐好腿我好爱
|-damage|p2a: 姐姐好腿我好爱|9/100
|-damage|p1a: Bouffalant|0 fnt|[from] Recoil
|faint|p1a: Bouffalant
|
|upkeep
|
|t:|1639602340
|switch|p1a: Scrafty|Scrafty, M|68/100
|turn|31
|
|t:|1639602344
|switch|p2a: 钓鱼不忘带头盔|Quagsire, F|83/100
|move|p1a: Scrafty|Close Combat|p2a: 钓鱼不忘带头盔
|-damage|p2a: 钓鱼不忘带头盔|46/100
|-unboost|p1a: Scrafty|def|1
|-unboost|p1a: Scrafty|spd|1
|
|upkeep
|turn|32
|
|t:|1639602353
|switch|p1a: Spiritomb|Spiritomb, M|5/100
|move|p2a: 钓鱼不忘带头盔|Earthquake|p1a: Spiritomb
|-damage|p1a: Spiritomb|0 fnt
|faint|p1a: Spiritomb
|
|upkeep
|
|t:|1639602363
|switch|p1a: Scrafty|Scrafty, M|68/100
|turn|33
|
|t:|1639602368
|move|p1a: Scrafty|Close Combat|p2a: 钓鱼不忘带头盔
|-damage|p2a: 钓鱼不忘带头盔|9/100
|-unboost|p1a: Scrafty|def|1
|-unboost|p1a: Scrafty|spd|1
|move|p2a: 钓鱼不忘带头盔|Recover|p2a: 钓鱼不忘带头盔
|-heal|p2a: 钓鱼不忘带头盔|59/100
|
|upkeep
|turn|34
|
|t:|1639602376
|move|p1a: Scrafty|Close Combat|p2a: 钓鱼不忘带头盔
|-damage|p2a: 钓鱼不忘带头盔|28/100
|-unboost|p1a: Scrafty|def|1
|-unboost|p1a: Scrafty|spd|1
|move|p2a: 钓鱼不忘带头盔|Recover|p2a: 钓鱼不忘带头盔
|-heal|p2a: 钓鱼不忘带头盔|78/100
|
|upkeep
|turn|35
|
|t:|1639602384
|switch|p1a: Wailord|Wailord, M|82/100 tox
|move|p2a: 钓鱼不忘带头盔|Earthquake|p1a: Wailord
|-damage|p1a: Wailord|49/100 tox
|
|-damage|p1a: Wailord|42/100 tox|[from] psn
|upkeep
|turn|36
|
|t:|1639602394
|switch|p2a: 姐姐好腿我好爱|Tsareena, F|9/100
|move|p1a: Wailord|Self-Destruct|p2a: 姐姐好腿我好爱
|-damage|p2a: 姐姐好腿我好爱|0 fnt
|faint|p1a: Wailord
|faint|p2a: 姐姐好腿我好爱
|
|upkeep
|-message|kacj2 forfeited.
|
|win|shalutianwang
|raw|kacj2's rating: 1365 &rarr; <strong>1358</strong><br />(-7 for losing)
|raw|shalutianwang's rating: 1620 &rarr; <strong>1627</strong><br />(+7 for winning)
|l|☆kacj2
||Ladder isn't responding, score probably updated but might not have (Request timeout).
|l|☆shalutianwang
|j|☆shalutianwang
|player|p2|shalutianwang|pokemaniac
