|j|☆cafay sen sukr
|j|☆Roonie216
|t:|1615063376
|player|p1|cafay sen sukr|swimmer-gen4dp|1522
|player|p2|Roonie216|battlegirl-gen4|1369
|teamsize|p1|6
|teamsize|p2|6
|gametype|singles
|gen|8
|tier|[Gen 8] PU
|rated|
|clearpoke
|poke|p1|Silvally-*|
|poke|p1|Galvantula, M|
|poke|p1|Exeggutor, F|
|poke|p1|Archeops, M|
|poke|p1|Braviary, M|
|poke|p1|Qwilfish, M|
|poke|p2|Lilligant, F|
|poke|p2|Stunfisk, F|
|poke|p2|Cofagrigus, F|
|poke|p2|Talonflame, M|
|poke|p2|Vaporeon, M|
|poke|p2|Thievul, F|
|rule|Sleep Clause Mod: Limit one foe put to sleep
|rule|Species Clause: Limit one of each Pokémon
|rule|OHKO Clause: OHKO moves are banned
|rule|Evasion Moves Clause: Evasion moves are banned
|rule|Endless Battle Clause: Forcing endless battles is banned
|rule|HP Percentage Mod: HP is shown in percentages
|rule|Dynamax Clause: You cannot dynamax
|teampreview
|c|☆Roonie216|gl hf!
|c|☆cafay sen sukr|glhf ^^
|
|t:|1615063398
|start
|switch|p1a: Galvantula|Galvantula, M|100/100
|switch|p2a: Talonflame|Talonflame, M|100/100
|turn|1
|
|t:|1615063405
|move|p2a: Talonflame|U-turn|p1a: Galvantula
|-damage|p1a: Galvantula|76/100
|
|t:|1615063408
|switch|p2a: Stunfisk|Stunfisk, F|100/100|[from]move: U-turn
|move|p1a: Galvantula|Thunder|p2a: Stunfisk
|-immune|p2a: Stunfisk
|
|upkeep
|turn|2
|
|t:|1615063411
|move|p1a: Galvantula|Sticky Web|p2a: Stunfisk
|-sidestart|p2: Roonie216|move: Sticky Web
|move|p2a: Stunfisk|Stealth Rock|p1a: Galvantula
|-sidestart|p1: cafay sen sukr|move: Stealth Rock
|
|upkeep
|turn|3
|
|t:|1615063414
|move|p1a: Galvantula|Thunder|p2a: Stunfisk
|-immune|p2a: Stunfisk
|move|p2a: Stunfisk|Toxic|p1a: Galvantula
|-status|p1a: Galvantula|tox
|
|-damage|p1a: Galvantula|70/100 tox|[from] psn
|upkeep
|turn|4
|
|t:|1615063418
|move|p1a: Galvantula|Energy Ball|p2a: Stunfisk
|-supereffective|p2a: Stunfisk
|-damage|p2a: Stunfisk|69/100
|move|p2a: Stunfisk|Discharge|p1a: Galvantula
|-resisted|p1a: Galvantula
|-damage|p1a: Galvantula|47/100 tox
|
|-heal|p2a: Stunfisk|75/100|[from] item: Leftovers
|-damage|p1a: Galvantula|35/100 tox|[from] psn
|upkeep
|turn|5
|
|t:|1615063425
|switch|p1a: Exeggutor|Exeggutor, F|100/100
|-damage|p1a: Exeggutor|88/100|[from] Stealth Rock
|move|p2a: Stunfisk|Earth Power|p1a: Exeggutor
|-resisted|p1a: Exeggutor
|-damage|p1a: Exeggutor|72/100
|
|-heal|p2a: Stunfisk|82/100|[from] item: Leftovers
|upkeep
|turn|6
|
|t:|1615063435
|switch|p2a: Talonflame|Talonflame, M|100/100
|move|p1a: Exeggutor|Psychic|p2a: Talonflame
|-damage|p2a: Talonflame|17/100
|
|upkeep
|turn|7
|
|t:|1615063480
|switch|p1a: Archeops|Archeops, M|100/100
|move|p2a: Talonflame|Defog|p1a: Archeops
|-unboost|p1a: Archeops|evasion|1
|-sideend|p1: cafay sen sukr|Stealth Rock|[from] move: Defog|[of] p2a: Talonflame
|-sideend|p2: Roonie216|Sticky Web|[from] move: Defog|[of] p2a: Talonflame
|
|upkeep
|turn|8
|
|t:|1615063484
|move|p2a: Talonflame|U-turn|p1a: Archeops
|-resisted|p1a: Archeops
|-damage|p1a: Archeops|88/100
|
|t:|1615063488
|switch|p2a: Cofagrigus|Cofagrigus, F|100/100|[from]move: U-turn
|move|p1a: Archeops|Stealth Rock|p2a: Cofagrigus
|-sidestart|p2: Roonie216|move: Stealth Rock
|
|upkeep
|turn|9
|
|t:|1615063493
|switch|p1a: Braviary|Braviary, M|100/100
|move|p2a: Cofagrigus|Body Press|p1a: Braviary
|-damage|p1a: Braviary|59/100
|
|upkeep
|turn|10
|
|t:|1615063498
|move|p1a: Braviary|Brave Bird|p2a: Cofagrigus
|-damage|p2a: Cofagrigus|66/100
|-activate|p2a: Cofagrigus|ability: Mummy|Defiant|[of] p1a: Braviary
|-damage|p1a: Braviary|48/100|[from] Recoil
|move|p2a: Cofagrigus|Toxic|p1a: Braviary
|-status|p1a: Braviary|tox
|
|-damage|p1a: Braviary|42/100 tox|[from] psn
|upkeep
|turn|11
|
|t:|1615063524
|switch|p1a: Exeggutor|Exeggutor, F|72/100
|move|p2a: Cofagrigus|Body Press|p1a: Exeggutor
|-resisted|p1a: Exeggutor
|-damage|p1a: Exeggutor|52/100
|
|upkeep
|turn|12
|
|t:|1615063531
|move|p1a: Exeggutor|Leaf Storm|p2a: Cofagrigus
|-damage|p2a: Cofagrigus|0 fnt
|-unboost|p1a: Exeggutor|spa|2
|faint|p2a: Cofagrigus
|
|upkeep
|
|t:|1615063538
|switch|p2a: Thievul|Thievul, F|100/100
|-damage|p2a: Thievul|88/100|[from] Stealth Rock
|turn|13
|
|t:|1615063558
|switch|p1a: Galvantula|Galvantula, M|35/100 tox
|move|p2a: Thievul|Dark Pulse|p1a: Galvantula
|-damage|p1a: Galvantula|0 fnt
|faint|p1a: Galvantula
|
|upkeep
|
|t:|1615063575
|switch|p1a: Braviary|Braviary, M|42/100 tox
|turn|14
|
|t:|1615063578
|switch|p2a: Vaporeon|Vaporeon, M|100/100
|-damage|p2a: Vaporeon|88/100|[from] Stealth Rock
|move|p1a: Braviary|Facade|p2a: Vaporeon
|-damage|p2a: Vaporeon|38/100
|
|-heal|p2a: Vaporeon|44/100|[from] item: Leftovers
|-damage|p1a: Braviary|35/100 tox|[from] psn
|upkeep
|turn|15
|
|t:|1615063582
|move|p2a: Vaporeon|Protect|p2a: Vaporeon
|-singleturn|p2a: Vaporeon|Protect
|move|p1a: Braviary|Facade|p2a: Vaporeon
|-activate|p2a: Vaporeon|move: Protect
|
|-heal|p2a: Vaporeon|50/100|[from] item: Leftovers
|-damage|p1a: Braviary|23/100 tox|[from] psn
|upkeep
|turn|16
|
|t:|1615063589
|switch|p2a: Talonflame|Talonflame, M|17/100
|move|p1a: Braviary|Facade|p2a: Talonflame
|-damage|p2a: Talonflame|0 fnt
|faint|p2a: Talonflame
|
|-damage|p1a: Braviary|5/100 tox|[from] psn
|upkeep
|
|t:|1615063592
|switch|p2a: Vaporeon|Vaporeon, M|50/100
|-damage|p2a: Vaporeon|38/100|[from] Stealth Rock
|turn|17
|
|t:|1615063595
|switch|p1a: Qwilfish|Qwilfish, M|100/100
|-ability|p1a: Qwilfish|Intimidate|boost
|-unboost|p2a: Vaporeon|atk|1
|move|p2a: Vaporeon|Protect||[still]
|-fail|p2a: Vaporeon
|
|-heal|p2a: Vaporeon|44/100|[from] item: Leftovers
|upkeep
|turn|18
|
|t:|1615063599
|move|p1a: Qwilfish|Toxic Spikes|p2a: Vaporeon
|-sidestart|p2: Roonie216|move: Toxic Spikes
|move|p2a: Vaporeon|Wish|p2a: Vaporeon
|
|-heal|p2a: Vaporeon|50/100|[from] item: Leftovers
|upkeep
|turn|19
|
|t:|1615063654
|switch|p2a: Thievul|Thievul, F|88/100
|-damage|p2a: Thievul|76/100|[from] Stealth Rock
|-status|p2a: Thievul|psn
|move|p1a: Qwilfish|Spikes|p2a: Thievul
|-sidestart|p2: Roonie216|Spikes
|
|-heal|p2a: Thievul|100/100 psn|[from] move: Wish|[wisher] Vaporeon
|-damage|p2a: Thievul|88/100 psn|[from] psn
|upkeep
|turn|20
|
|t:|1615063668
|move|p2a: Thievul|Dark Pulse|p1a: Qwilfish
|-damage|p1a: Qwilfish|15/100
|move|p1a: Qwilfish|Spikes|p2a: Thievul
|-sidestart|p2: Roonie216|Spikes
|
|-damage|p2a: Thievul|76/100 psn|[from] psn
|upkeep
|turn|21
|
|t:|1615063676
|move|p2a: Thievul|Dark Pulse|p1a: Qwilfish
|-damage|p1a: Qwilfish|0 fnt
|faint|p1a: Qwilfish
|
|-damage|p2a: Thievul|63/100 psn|[from] psn
|upkeep
|
|t:|1615063685
|switch|p1a: Braviary|Braviary, M|5/100 tox
|turn|22
|
|t:|1615063694
|move|p1a: Braviary|Facade|p2a: Thievul
|-damage|p2a: Thievul|0 fnt
|faint|p2a: Thievul
|
|-damage|p1a: Braviary|0 fnt|[from] psn
|faint|p1a: Braviary
|upkeep
|
|t:|1615063700
|switch|p1a: Silvally|Silvally-Ghost|100/100
|switch|p2a: Stunfisk|Stunfisk, F|82/100
|-damage|p2a: Stunfisk|75/100|[from] Stealth Rock
|-status|p2a: Stunfisk|psn
|-damage|p2a: Stunfisk|59/100 psn|[from] Spikes
|turn|23
|
|t:|1615063724
|move|p1a: Silvally|Swords Dance|p1a: Silvally
|-boost|p1a: Silvally|atk|2
|move|p2a: Stunfisk|Discharge|p1a: Silvally
|-crit|p1a: Silvally
|-damage|p1a: Silvally|63/100
|-status|p1a: Silvally|par
|
|-heal|p2a: Stunfisk|65/100 psn|[from] item: Leftovers
|-damage|p2a: Stunfisk|53/100 psn|[from] psn
|upkeep
|turn|24
|
|t:|1615063733
|move|p1a: Silvally|Multi-Attack|p2a: Stunfisk
|-damage|p2a: Stunfisk|0 fnt
|faint|p2a: Stunfisk
|
|upkeep
|
|t:|1615063738
|switch|p2a: Vaporeon|Vaporeon, M|50/100
|-status|p2a: Vaporeon|psn
|-damage|p2a: Vaporeon|38/100 psn|[from] Stealth Rock
|-damage|p2a: Vaporeon|21/100 psn|[from] Spikes
|turn|25
|
|t:|1615063743
|move|p2a: Vaporeon|Scald|p1a: Silvally
|-damage|p1a: Silvally|32/100 par
|cant|p1a: Silvally|par
|
|-heal|p2a: Vaporeon|27/100 psn|[from] item: Leftovers
|-damage|p2a: Vaporeon|15/100 psn|[from] psn
|upkeep
|turn|26
|
|t:|1615063748
|move|p2a: Vaporeon|Scald|p1a: Silvally
|-damage|p1a: Silvally|0 fnt
|faint|p1a: Silvally
|
|-heal|p2a: Vaporeon|21/100 psn|[from] item: Leftovers
|-damage|p2a: Vaporeon|8/100 psn|[from] psn
|upkeep
|
|t:|1615063750
|switch|p1a: Archeops|Archeops, M|88/100
|turn|27
|
|t:|1615063753
|move|p1a: Archeops|Earthquake|p2a: Vaporeon
|-damage|p2a: Vaporeon|0 fnt
|faint|p2a: Vaporeon
|
|upkeep
|
|t:|1615063755
|switch|p2a: Lilligant|Lilligant, F|100/100
|-damage|p2a: Lilligant|84/100|[from] Spikes
|-damage|p2a: Lilligant|72/100|[from] Stealth Rock
|-status|p2a: Lilligant|psn
|turn|28
|
|t:|1615063756
|move|p1a: Archeops|Stone Edge|p2a: Lilligant|[miss]
|-miss|p1a: Archeops|p2a: Lilligant
|move|p2a: Lilligant|Quiver Dance|p2a: Lilligant
|-boost|p2a: Lilligant|spa|1
|-boost|p2a: Lilligant|spd|1
|-boost|p2a: Lilligant|spe|1
|
|-damage|p2a: Lilligant|59/100 psn|[from] psn
|upkeep
|turn|29
|c|☆cafay sen sukr|ah well
|
|t:|1615063760
|move|p2a: Lilligant|Giga Drain|p1a: Archeops
|-damage|p1a: Archeops|0 fnt
|-heal|p2a: Lilligant|100/100 psn|[from] drain|[of] p1a: Archeops
|-damage|p2a: Lilligant|91/100 psn|[from] item: Life Orb
|faint|p1a: Archeops
|
|-damage|p2a: Lilligant|78/100 psn|[from] psn
|upkeep
|
|t:|1615063763
|switch|p1a: Exeggutor|Exeggutor, F|52/100
|turn|30
|c|☆Roonie216|sorry
|
|t:|1615063768
|move|p2a: Lilligant|Nature Power|p1a: Exeggutor
|move|p2a: Lilligant|Tri Attack|p1a: Exeggutor|[from]move: Nature Power
|-damage|p1a: Exeggutor|0 fnt
|-damage|p2a: Lilligant|68/100 psn|[from] item: Life Orb
|faint|p1a: Exeggutor
|
|win|Roonie216
