|j|☆Steven Davis
|j|☆rdemanta
|t:|1615489773
|player|p1|Steven Davis|steven|1471
|player|p2|rdemanta|emmet|1244
|teamsize|p1|6
|teamsize|p2|6
|gametype|singles
|gen|8
|tier|[Gen 8] PU
|rated|
|clearpoke
|poke|p1|Toxicroak, M|
|poke|p1|Weezing, M|
|poke|p1|Exeggutor-Alola, M|
|poke|p1|Sandaconda, M|
|poke|p1|Mesprit|
|poke|p1|Silvally-*|
|poke|p2|Frosmoth, F|
|poke|p2|Xatu, M|
|poke|p2|Braviary, M|
|poke|p2|Avalugg, M|
|poke|p2|Articuno|
|poke|p2|Hitmontop, M|
|rule|Sleep Clause Mod: Limit one foe put to sleep
|rule|Species Clause: Limit one of each Pokémon
|rule|OHKO Clause: OHKO moves are banned
|rule|Evasion Moves Clause: Evasion moves are banned
|rule|Endless Battle Clause: Forcing endless battles is banned
|rule|HP Percentage Mod: HP is shown in percentages
|rule|Dynamax Clause: You cannot dynamax
|teampreview
|j| skourtzouflis
|l| skourtzouflis
|
|t:|1615489806
|start
|switch|p1a: Exeggutor|Exeggutor-Alola, M, shiny|100/100
|switch|p2a: Young|Avalugg, M|100/100
|-item|p2a: Young|Heavy-Duty Boots|[from] ability: Frisk|[of] p1a: Exeggutor|[identify]
|turn|1
|
|t:|1615489813
|move|p1a: Exeggutor|Draco Meteor|p2a: Young
|-ability|p2a: Young|Sturdy
|-damage|p2a: Young|1/100
|-unboost|p1a: Exeggutor|spa|2
|move|p2a: Young|Avalanche|p1a: Exeggutor
|-supereffective|p1a: Exeggutor
|-damage|p1a: Exeggutor|0 fnt
|faint|p1a: Exeggutor
|
|upkeep
|
|t:|1615489823
|switch|p1a: Mesprit|Mesprit|100/100
|turn|2
|
|t:|1615489828
|move|p1a: Mesprit|U-turn|p2a: Young
|-damage|p2a: Young|0 fnt
|faint|p2a: Young
|
|t:|1615489849
|switch|p1a: Sandaconda|Sandaconda, M|100/100|[from]move: U-turn
|
|upkeep
|
|t:|1615489861
|switch|p2a: Articuno|Articuno|100/100
|-ability|p2a: Articuno|Pressure
|turn|3
|
|t:|1615489868
|switch|p1a: Silvally|Silvally-Steel|100/100
|move|p2a: Articuno|Freeze-Dry|p1a: Silvally
|-resisted|p1a: Silvally
|-damage|p1a: Silvally|90/100
|
|upkeep
|turn|4
|
|t:|1615489879
|switch|p2a: Hitmontop|Hitmontop, M|100/100
|move|p1a: Silvally|Parting Shot|p2a: Hitmontop
|-unboost|p2a: Hitmontop|atk|1
|-unboost|p2a: Hitmontop|spa|1
|
|t:|1615489907
|switch|p1a: Sandaconda|Sandaconda, M|100/100|[from]move: Parting Shot
|
|upkeep
|turn|5
|
|t:|1615489914
|move|p1a: Sandaconda|Stone Edge|p2a: Hitmontop
|-resisted|p2a: Hitmontop
|-crit|p2a: Hitmontop
|-damage|p2a: Hitmontop|79/100
|move|p2a: Hitmontop|Triple Axel|p1a: Sandaconda
|-supereffective|p1a: Sandaconda
|-damage|p1a: Sandaconda|92/100
|-damage|p2a: Hitmontop|62/100|[from] item: Rocky Helmet|[of] p1a: Sandaconda
|-supereffective|p1a: Sandaconda
|-damage|p1a: Sandaconda|76/100
|-damage|p2a: Hitmontop|46/100|[from] item: Rocky Helmet|[of] p1a: Sandaconda
|-supereffective|p1a: Sandaconda
|-damage|p1a: Sandaconda|54/100
|-damage|p2a: Hitmontop|29/100|[from] item: Rocky Helmet|[of] p1a: Sandaconda
|-hitcount|p1a: Sandaconda|3
|
|upkeep
|turn|6
|
|t:|1615489930
|move|p1a: Sandaconda|Earthquake|p2a: Hitmontop
|-damage|p2a: Hitmontop|0 fnt
|faint|p2a: Hitmontop
|
|upkeep
|
|t:|1615489942
|switch|p2a: Articuno|Articuno|100/100
|-ability|p2a: Articuno|Pressure
|turn|7
|
|t:|1615489959
|switch|p2a: Seer|Xatu, M|100/100
|switch|p1a: Silvally|Silvally-Steel|90/100
|
|upkeep
|turn|8
|
|t:|1615489964
|move|p1a: Silvally|Multi-Attack|p2a: Seer
|-crit|p2a: Seer
|-damage|p2a: Seer|35/100
|-enditem|p2a: Seer|Sitrus Berry|[eat]
|-heal|p2a: Seer|59/100|[from] item: Sitrus Berry
|move|p2a: Seer|Heat Wave|p1a: Silvally
|-supereffective|p1a: Silvally
|-damage|p1a: Silvally|52/100
|-status|p1a: Silvally|brn
|
|-damage|p1a: Silvally|46/100 brn|[from] brn
|upkeep
|turn|9
|
|t:|1615489982
|switch|p1a: Mesprit|Mesprit|100/100
|move|p2a: Seer|Heat Wave|p1a: Mesprit
|-damage|p1a: Mesprit|76/100
|
|upkeep
|turn|10
|
|t:|1615489988
|move|p1a: Mesprit|U-turn|p2a: Seer
|-damage|p2a: Seer|44/100
|
|t:|1615489990
|switch|p1a: Sandaconda|Sandaconda, M|54/100|[from]move: U-turn
|move|p2a: Seer|Roost|p2a: Seer
|-heal|p2a: Seer|94/100
|-singleturn|p2a: Seer|move: Roost
|
|upkeep
|turn|11
|j| House99
|
|t:|1615489999
|move|p2a: Seer|Psychic|p1a: Sandaconda
|-damage|p1a: Sandaconda|18/100
|move|p1a: Sandaconda|Stone Edge|p2a: Seer
|-supereffective|p2a: Seer
|-damage|p2a: Seer|47/100
|
|upkeep
|turn|12
|
|t:|1615490006
|move|p2a: Seer|Psychic|p1a: Sandaconda
|-damage|p1a: Sandaconda|0 fnt
|faint|p1a: Sandaconda
|
|upkeep
|
|t:|1615490014
|switch|p1a: Toxicroak|Toxicroak, M, shiny|100/100
|turn|13
|
|t:|1615490018
|move|p1a: Toxicroak|Gunk Shot|p2a: Seer
|-damage|p2a: Seer|0 fnt
|-damage|p1a: Toxicroak|91/100|[from] item: Life Orb
|faint|p2a: Seer
|
|upkeep
|
|t:|1615490023
|switch|p2a: Starica|Braviary, M|100/100
|turn|14
|
|t:|1615490031
|switch|p1a: Weezing|Weezing, M|100/100
|move|p2a: Starica|Sky Attack||[still]
|-prepare|p2a: Starica|Sky Attack
|-enditem|p2a: Starica|Power Herb
|-anim|p2a: Starica|Sky Attack|p1a: Weezing
|-damage|p1a: Weezing|35/100
|
|-heal|p1a: Weezing|41/100|[from] item: Black Sludge
|upkeep
|turn|15
|
|t:|1615490038
|move|p2a: Starica|Brave Bird|p1a: Weezing
|-damage|p1a: Weezing|0 fnt
|-damage|p2a: Starica|90/100|[from] Recoil
|faint|p1a: Weezing
|
|upkeep
|
|t:|1615490056
|switch|p1a: Toxicroak|Toxicroak, M, shiny|91/100
|turn|16
|
|t:|1615490062
|move|p1a: Toxicroak|Drain Punch|p2a: Starica
|-crit|p2a: Starica
|-damage|p2a: Starica|20/100
|-heal|p1a: Toxicroak|100/100|[from] drain|[of] p2a: Starica
|-damage|p1a: Toxicroak|91/100|[from] item: Life Orb
|move|p2a: Starica|Brave Bird|p1a: Toxicroak
|-supereffective|p1a: Toxicroak
|-damage|p1a: Toxicroak|0 fnt
|-damage|p2a: Starica|0 fnt|[from] Recoil
|faint|p1a: Toxicroak
|faint|p2a: Starica
|
|upkeep
|
|t:|1615490078
|switch|p1a: Mesprit|Mesprit|76/100
|switch|p2a: Articuno|Articuno|100/100
|-ability|p2a: Articuno|Pressure
|turn|17
|
|t:|1615490084
|switch|p2a: Frosmoth|Frosmoth, F|100/100
|move|p1a: Mesprit|Healing Wish|p1a: Mesprit
|faint|p1a: Mesprit
|
|upkeep
|
|t:|1615490085
|switch|p1a: Silvally|Silvally-Steel|46/100 brn
|-heal|p1a: Silvally|100/100|[from] move: Healing Wish
|turn|18
|
|t:|1615490092
|move|p1a: Silvally|Multi-Attack|p2a: Frosmoth
|-supereffective|p2a: Frosmoth
|-damage|p2a: Frosmoth|0 fnt
|faint|p2a: Frosmoth
|
|upkeep
|
|t:|1615490096
|switch|p2a: Articuno|Articuno|100/100
|-ability|p2a: Articuno|Pressure
|turn|19
|
|t:|1615490102
|move|p1a: Silvally|Multi-Attack|p2a: Articuno
|-supereffective|p2a: Articuno
|-damage|p2a: Articuno|25/100
|move|p2a: Articuno|Freeze-Dry|p1a: Silvally
|-resisted|p1a: Silvally
|-damage|p1a: Silvally|91/100
|-status|p1a: Silvally|frz
|
|upkeep
|turn|20
|
|t:|1615490110
|cant|p1a: Silvally|frz
|move|p2a: Articuno|Roost|p2a: Articuno
|-heal|p2a: Articuno|75/100
|-singleturn|p2a: Articuno|move: Roost
|
|upkeep
|turn|21
|j| Gva
|
|t:|1615490117
|cant|p1a: Silvally|frz
|move|p2a: Articuno|Freeze-Dry|p1a: Silvally
|-resisted|p1a: Silvally
|-damage|p1a: Silvally|81/100 frz
|
|upkeep
|turn|22
|
|t:|1615490123
|cant|p1a: Silvally|frz
|move|p2a: Articuno|Freeze-Dry|p1a: Silvally
|-resisted|p1a: Silvally
|-damage|p1a: Silvally|72/100 frz
|
|upkeep
|turn|23
|
|t:|1615490129
|cant|p1a: Silvally|frz
|move|p2a: Articuno|Roost|p2a: Articuno
|-heal|p2a: Articuno|100/100
|-singleturn|p2a: Articuno|move: Roost
|
|upkeep
|turn|24
|
|t:|1615490135
|cant|p1a: Silvally|frz
|move|p2a: Articuno|Freeze-Dry|p1a: Silvally
|-resisted|p1a: Silvally
|-damage|p1a: Silvally|61/100 frz
|
|upkeep
|turn|25
|c|☆Steven Davis|Well
|c|☆Steven Davis|I suppose
|
|t:|1615490140
|cant|p1a: Silvally|frz
|move|p2a: Articuno|Freeze-Dry|p1a: Silvally
|-resisted|p1a: Silvally
|-damage|p1a: Silvally|51/100 frz
|
|upkeep
|turn|26
|c|☆Steven Davis|If luck wanted this to happen
|c|☆Steven Davis|It was meant to be
|
|t:|1615490147
|cant|p1a: Silvally|frz
|move|p2a: Articuno|Freeze-Dry|p1a: Silvally
|-resisted|p1a: Silvally
|-damage|p1a: Silvally|41/100 frz
|
|upkeep
|turn|27
|
|t:|1615490152
|cant|p1a: Silvally|frz
|move|p2a: Articuno|Freeze-Dry|p1a: Silvally
|-resisted|p1a: Silvally
|-damage|p1a: Silvally|32/100 frz
|
|upkeep
|turn|28
|c|☆rdemanta|This game sucks phat sausage
|c|☆Steven Davis|Cmon Silvally you can do it
|
|t:|1615490173
|cant|p1a: Silvally|frz
|move|p2a: Articuno|Freeze-Dry|p1a: Silvally
|-resisted|p1a: Silvally
|-damage|p1a: Silvally|23/100 frz
|
|upkeep
|turn|29
|
|t:|1615490178
|cant|p1a: Silvally|frz
|move|p2a: Articuno|Freeze-Dry|p1a: Silvally
|-resisted|p1a: Silvally
|-damage|p1a: Silvally|12/100 frz
|
|upkeep
|turn|30
|c|☆Steven Davis|Wake up silvally buddy
|c| House99|...
|
|t:|1615490184
|cant|p1a: Silvally|frz
|move|p2a: Articuno|Freeze-Dry|p1a: Silvally
|-resisted|p1a: Silvally
|-damage|p1a: Silvally|2/100 frz
|
|upkeep
|turn|31
|c|☆Steven Davis|Crit silvally
|c|☆Steven Davis|you can do it
|
|t:|1615490193
|cant|p1a: Silvally|frz
|move|p2a: Articuno|Freeze-Dry|p1a: Silvally
|-resisted|p1a: Silvally
|-damage|p1a: Silvally|0 fnt
|faint|p1a: Silvally
|
|win|rdemanta
|raw|Steven Davis's rating: 1471 &rarr; <strong>1439</strong><br />(-32 for losing)
|raw|rdemanta's rating: 1231 &rarr; <strong>1257</strong><br />(+26 for winning)
|c|☆Steven Davis|gg
|l|☆Steven Davis
|c|☆rdemanta|Wow
|l| House99
||Ladder (probably) updated, but score could not be retrieved (Request timeout).
