|j|☆Westf.-Preusse 29
|j|☆Toxicidad fuera
|t:|1620856813
|gametype|singles
|player|p1|Westf.-Preusse 29|bugcatcher|1261
|player|p2|Toxicidad fuera|argenta|1539
|teamsize|p1|6
|teamsize|p2|6
|gen|8
|tier|[Gen 8] PU
|rated|
|rule|Sleep Clause Mod: Limit one foe put to sleep
|rule|Species Clause: Limit one of each Pokémon
|rule|OHKO Clause: OHKO moves are banned
|rule|Evasion Moves Clause: Evasion moves are banned
|rule|Endless Battle Clause: Forcing endless battles is banned
|rule|HP Percentage Mod: HP is shown in percentages
|rule|Dynamax Clause: You cannot dynamax
|clearpoke
|poke|p1|Persian-Alola, F|
|poke|p1|Spiritomb, F|
|poke|p1|Thievul, F|
|poke|p1|Skuntank, F|
|poke|p1|Linoone-Galar, F|
|poke|p1|Sableye, F|
|poke|p2|Thwackey, M|
|poke|p2|Thievul, F|
|poke|p2|Gourgeist-*, M|
|poke|p2|Garbodor, M|
|poke|p2|Regirock|
|poke|p2|Xatu, M|
|teampreview
|c|☆Toxicidad fuera|i haven't seen a linoone on ladder since june lol
|
|t:|1620856858
|start
|switch|p1a: Snobilikat|Persian-Alola, F|100/100
|switch|p2a: Thwackey|Thwackey, M|100/100
|-fieldstart|move: Grassy Terrain|[from] ability: Grassy Surge|[of] p2a: Thwackey
|turn|1
|c|☆Westf.-Preusse 29|Oh.
|c|☆Westf.-Preusse 29|Interesting.
|
|t:|1620856879
|switch|p1a: Skuntank|Skuntank, F|100/100
|switch|p2a: Regirock|Regirock|100/100
|
|upkeep
|turn|2
|
|t:|1620856895
|move|p1a: Skuntank|Toxic|p2a: Regirock
|-status|p2a: Regirock|tox
|move|p2a: Regirock|Body Press|p1a: Skuntank
|-damage|p1a: Skuntank|63/100
|
|-heal|p1a: Skuntank|69/100|[from] Grassy Terrain
|-heal|p1a: Skuntank|75/100|[from] item: Black Sludge
|-damage|p2a: Regirock|94/100 tox|[from] psn
|upkeep
|turn|3
|
|t:|1620856920
|move|p1a: Skuntank|Protect|p1a: Skuntank
|-singleturn|p1a: Skuntank|Protect
|move|p2a: Regirock|Stealth Rock|p1a: Skuntank
|-sidestart|p1: Westf.-Preusse 29|move: Stealth Rock
|
|-heal|p1a: Skuntank|81/100|[from] Grassy Terrain
|-heal|p1a: Skuntank|87/100|[from] item: Black Sludge
|-heal|p2a: Regirock|100/100 tox|[from] Grassy Terrain
|-damage|p2a: Regirock|88/100 tox|[from] psn
|upkeep
|turn|4
|
|t:|1620856936
|switch|p1a: Spiritomb|Spiritomb, F|100/100
|-damage|p1a: Spiritomb|88/100|[from] Stealth Rock
|switch|p2a: Garbodor|Garbodor, M|100/100
|
|-heal|p1a: Spiritomb|94/100|[from] Grassy Terrain
|-heal|p1a: Spiritomb|100/100|[from] item: Leftovers
|upkeep
|turn|5
|
|t:|1620856959
|switch|p1a: Sableye|Sableye, F|100/100
|-damage|p1a: Sableye|88/100|[from] Stealth Rock
|move|p2a: Garbodor|Spikes|p1a: Sableye
|-sidestart|p1: Westf.-Preusse 29|Spikes
|
|-heal|p1a: Sableye|94/100|[from] Grassy Terrain
|-fieldend|move: Grassy Terrain
|upkeep
|turn|6
|
|t:|1620856975
|switch|p2a: Xatu|Xatu, M|100/100
|move|p1a: Sableye|Will-O-Wisp|p2a: Xatu
|move|p2a: Xatu|Will-O-Wisp|p1a: Sableye|[from]ability: Magic Bounce
|-status|p1a: Sableye|brn
|-enditem|p1a: Sableye|Lum Berry|[eat]
|-curestatus|p1a: Sableye|brn|[msg]
|
|upkeep
|turn|7
|
|t:|1620856999
|switch|p2a: Regirock|Regirock|88/100 tox
|move|p1a: Sableye|Power-Up Punch|p2a: Regirock
|-supereffective|p2a: Regirock
|-damage|p2a: Regirock|82/100 tox
|-boost|p1a: Sableye|atk|1
|
|-heal|p2a: Regirock|88/100 tox|[from] item: Leftovers
|-damage|p2a: Regirock|82/100 tox|[from] psn
|upkeep
|turn|8
|
|t:|1620857016
|move|p2a: Regirock|Toxic|p1a: Sableye
|-status|p1a: Sableye|tox
|move|p1a: Sableye|Power-Up Punch|p2a: Regirock
|-supereffective|p2a: Regirock
|-damage|p2a: Regirock|71/100 tox
|-boost|p1a: Sableye|atk|1
|
|-heal|p2a: Regirock|77/100 tox|[from] item: Leftovers
|-damage|p2a: Regirock|65/100 tox|[from] psn
|-damage|p1a: Sableye|88/100 tox|[from] psn
|upkeep
|turn|9
|
|t:|1620857030
|switch|p2a: Garbodor|Garbodor, M|100/100
|move|p1a: Sableye|Power-Up Punch|p2a: Garbodor
|-resisted|p2a: Garbodor
|-damage|p2a: Garbodor|93/100
|-boost|p1a: Sableye|atk|1
|
|-heal|p2a: Garbodor|99/100|[from] item: Black Sludge
|-damage|p1a: Sableye|75/100 tox|[from] psn
|upkeep
|turn|10
|
|t:|1620857050
|move|p1a: Sableye|Will-O-Wisp|p2a: Garbodor|[miss]
|-miss|p1a: Sableye|p2a: Garbodor
|move|p2a: Garbodor|Spikes|p1a: Sableye
|-sidestart|p1: Westf.-Preusse 29|Spikes
|
|-heal|p2a: Garbodor|100/100|[from] item: Black Sludge
|-damage|p1a: Sableye|57/100 tox|[from] psn
|upkeep
|turn|11
|
|t:|1620857061
|switch|p2a: Xatu|Xatu, M|100/100
|move|p1a: Sableye|Will-O-Wisp|p2a: Xatu
|move|p2a: Xatu|Will-O-Wisp||[from]ability: Magic Bounce|[still]
|-fail|p2a: Xatu
|
|-damage|p1a: Sableye|32/100 tox|[from] psn
|upkeep
|turn|12
|
|t:|1620857078
|switch|p2a: Garbodor|Garbodor, M|100/100
|move|p1a: Sableye|Shadow Sneak|p2a: Garbodor
|-crit|p2a: Garbodor
|-damage|p2a: Garbodor|55/100
|
|-heal|p2a: Garbodor|61/100|[from] item: Black Sludge
|-damage|p1a: Sableye|0 fnt|[from] psn
|faint|p1a: Sableye
|upkeep
|
|t:|1620857108
|switch|p1a: Gaunux|Thievul, F|100/100
|-damage|p1a: Gaunux|88/100|[from] Stealth Rock
|-damage|p1a: Gaunux|71/100|[from] Spikes
|turn|13
|
|t:|1620857117
|move|p1a: Gaunux|Snarl|p2a: Garbodor
|-damage|p2a: Garbodor|41/100
|-unboost|p2a: Garbodor|spa|1
|-enditem|p1a: Gaunux|Throat Spray
|-boost|p1a: Gaunux|spa|1|[from] item: Throat Spray
|move|p2a: Garbodor|Gunk Shot|p1a: Gaunux
|-damage|p1a: Gaunux|17/100
|
|-heal|p2a: Garbodor|48/100|[from] item: Black Sludge
|upkeep
|turn|14
|
|t:|1620857140
|move|p1a: Gaunux|Psychic|p2a: Garbodor
|-supereffective|p2a: Garbodor
|-damage|p2a: Garbodor|0 fnt
|faint|p2a: Garbodor
|
|upkeep
|
|t:|1620857142
|switch|p2a: Thwackey|Thwackey, M|100/100
|-fieldstart|move: Grassy Terrain|[from] ability: Grassy Surge|[of] p2a: Thwackey
|turn|15
|
|t:|1620857165
|move|p2a: Thwackey|Grassy Glide|p1a: Gaunux
|-crit|p1a: Gaunux
|-damage|p1a: Gaunux|0 fnt
|faint|p1a: Gaunux
|-damage|p2a: Thwackey|91/100|[from] item: Life Orb
|
|-heal|p2a: Thwackey|97/100|[from] Grassy Terrain
|upkeep
|
|t:|1620857180
|switch|p1a: Skuntank|Skuntank, F|87/100
|-damage|p1a: Skuntank|75/100|[from] Stealth Rock
|-damage|p1a: Skuntank|58/100|[from] Spikes
|turn|16
|
|t:|1620857198
|switch|p2a: Regirock|Regirock|65/100 tox
|move|p1a: Skuntank|Toxic|p2a: Regirock
|-fail|p2a: Regirock|tox
|
|-heal|p1a: Skuntank|64/100|[from] Grassy Terrain
|-heal|p1a: Skuntank|70/100|[from] item: Black Sludge
|-heal|p2a: Regirock|71/100 tox|[from] Grassy Terrain
|-heal|p2a: Regirock|77/100 tox|[from] item: Leftovers
|-damage|p2a: Regirock|71/100 tox|[from] psn
|upkeep
|turn|17
|
|t:|1620857218
|switch|p2a: Xatu|Xatu, M|100/100
|move|p1a: Skuntank|Protect||[still]
|-fail|p1a: Skuntank
|
|-heal|p1a: Skuntank|76/100|[from] Grassy Terrain
|-heal|p1a: Skuntank|82/100|[from] item: Black Sludge
|upkeep
|turn|18
|
|t:|1620857229
|move|p2a: Xatu|Thunder Wave|p1a: Skuntank
|-status|p1a: Skuntank|par
|move|p1a: Skuntank|Snarl|p2a: Xatu
|-supereffective|p2a: Xatu
|-damage|p2a: Xatu|64/100
|-unboost|p2a: Xatu|spa|1
|
|-heal|p1a: Skuntank|88/100 par|[from] Grassy Terrain
|-heal|p1a: Skuntank|94/100 par|[from] item: Black Sludge
|upkeep
|turn|19
|
|t:|1620857245
|move|p2a: Xatu|Heat Wave|p1a: Skuntank
|-damage|p1a: Skuntank|80/100 par
|move|p1a: Skuntank|Foul Play|p2a: Xatu
|-supereffective|p2a: Xatu
|-damage|p2a: Xatu|28/100
|
|-heal|p1a: Skuntank|86/100 par|[from] Grassy Terrain
|-heal|p1a: Skuntank|92/100 par|[from] item: Black Sludge
|-fieldend|move: Grassy Terrain
|upkeep
|turn|20
|
|t:|1620857263
|move|p2a: Xatu|Roost|p2a: Xatu
|-heal|p2a: Xatu|78/100
|-singleturn|p2a: Xatu|move: Roost
|move|p1a: Skuntank|Foul Play|p2a: Xatu
|-supereffective|p2a: Xatu
|-damage|p2a: Xatu|45/100
|
|-heal|p1a: Skuntank|98/100 par|[from] item: Black Sludge
|upkeep
|turn|21
|
|t:|1620857278
|move|p2a: Xatu|Roost|p2a: Xatu
|-heal|p2a: Xatu|95/100
|-singleturn|p2a: Xatu|move: Roost
|move|p1a: Skuntank|Snarl|p2a: Xatu
|-supereffective|p2a: Xatu
|-damage|p2a: Xatu|53/100
|-unboost|p2a: Xatu|spa|1
|
|-heal|p1a: Skuntank|100/100 par|[from] item: Black Sludge
|upkeep
|turn|22
|
|t:|1620857294
|move|p2a: Xatu|Roost|p2a: Xatu
|-heal|p2a: Xatu|100/100
|-singleturn|p2a: Xatu|move: Roost
|move|p1a: Skuntank|Snarl|p2a: Xatu|[miss]
|-miss|p1a: Skuntank|p2a: Xatu
|
|upkeep
|turn|23
|
|t:|1620857312
|switch|p2a: Thwackey|Thwackey, M|97/100
|-fieldstart|move: Grassy Terrain|[from] ability: Grassy Surge|[of] p2a: Thwackey
|move|p1a: Skuntank|Snarl|p2a: Thwackey
|-damage|p2a: Thwackey|70/100
|-unboost|p2a: Thwackey|spa|1
|
|-heal|p2a: Thwackey|76/100|[from] Grassy Terrain
|upkeep
|turn|24
|
|t:|1620857332
|switch|p2a: Thievul|Thievul, F|100/100
|-enditem|p2a: Thievul|Grassy Seed
|-boost|p2a: Thievul|def|1|[from] item: Grassy Seed
|move|p1a: Skuntank|Toxic|p2a: Thievul
|-status|p2a: Thievul|tox
|
|-damage|p2a: Thievul|94/100 tox|[from] psn
|upkeep
|turn|25
|
|t:|1620857354
|move|p2a: Thievul|Nasty Plot|p2a: Thievul
|-boost|p2a: Thievul|spa|2
|move|p1a: Skuntank|Snarl|p2a: Thievul
|-resisted|p2a: Thievul
|-damage|p2a: Thievul|85/100 tox
|-unboost|p2a: Thievul|spa|1
|
|-heal|p2a: Thievul|91/100 tox|[from] Grassy Terrain
|-damage|p2a: Thievul|79/100 tox|[from] psn
|upkeep
|turn|26
|
|t:|1620857370
|move|p2a: Thievul|Nasty Plot|p2a: Thievul
|-boost|p2a: Thievul|spa|2
|move|p1a: Skuntank|Snarl|p2a: Thievul
|-resisted|p2a: Thievul
|-damage|p2a: Thievul|70/100 tox
|-unboost|p2a: Thievul|spa|1
|
|-heal|p2a: Thievul|76/100 tox|[from] Grassy Terrain
|-damage|p2a: Thievul|58/100 tox|[from] psn
|upkeep
|turn|27
|
|t:|1620857387
|move|p2a: Thievul|Burning Jealousy|p1a: Skuntank
|-damage|p1a: Skuntank|61/100 par
|move|p1a: Skuntank|Snarl|p2a: Thievul
|-resisted|p2a: Thievul
|-damage|p2a: Thievul|49/100 tox
|-unboost|p2a: Thievul|spa|1
|
|-heal|p2a: Thievul|55/100 tox|[from] Grassy Terrain
|-heal|p1a: Skuntank|67/100 par|[from] Grassy Terrain
|-heal|p1a: Skuntank|73/100 par|[from] item: Black Sludge
|-damage|p2a: Thievul|31/100 tox|[from] psn
|-fieldend|move: Grassy Terrain
|upkeep
|turn|28
|
|t:|1620857413
|move|p2a: Thievul|Burning Jealousy|p1a: Skuntank
|-damage|p1a: Skuntank|44/100 par
|move|p1a: Skuntank|Snarl|p2a: Thievul
|-resisted|p2a: Thievul
|-damage|p2a: Thievul|21/100 tox
|-unboost|p2a: Thievul|spa|1
|
|-heal|p1a: Skuntank|50/100 par|[from] item: Black Sludge
|-damage|p2a: Thievul|0 fnt|[from] psn
|faint|p2a: Thievul
|upkeep
|
|t:|1620857421
|switch|p2a: Regirock|Regirock|71/100 tox
|turn|29
|j| Sirroppu
|
|t:|1620857438
|move|p1a: Skuntank|Protect|p1a: Skuntank
|-singleturn|p1a: Skuntank|Protect
|move|p2a: Regirock|Body Press|p1a: Skuntank
|-activate|p1a: Skuntank|move: Protect
|
|-heal|p2a: Regirock|77/100 tox|[from] item: Leftovers
|-heal|p1a: Skuntank|56/100 par|[from] item: Black Sludge
|-damage|p2a: Regirock|71/100 tox|[from] psn
|upkeep
|turn|30
|
|t:|1620857488
|switch|p1a: Spiritomb|Spiritomb, F|100/100
|-damage|p1a: Spiritomb|84/100|[from] Spikes
|-damage|p1a: Spiritomb|72/100|[from] Stealth Rock
|move|p2a: Regirock|Body Press|p1a: Spiritomb
|-immune|p1a: Spiritomb
|
|-heal|p2a: Regirock|77/100 tox|[from] item: Leftovers
|-heal|p1a: Spiritomb|78/100|[from] item: Leftovers
|-damage|p2a: Regirock|65/100 tox|[from] psn
|upkeep
|turn|31
|
|t:|1620857504
|switch|p2a: Thwackey|Thwackey, M|76/100
|-fieldstart|move: Grassy Terrain|[from] ability: Grassy Surge|[of] p2a: Thwackey
|move|p1a: Spiritomb|Imprison|p1a: Spiritomb
|-start|p1a: Spiritomb|move: Imprison
|
|-heal|p2a: Thwackey|82/100|[from] Grassy Terrain
|-heal|p1a: Spiritomb|84/100|[from] Grassy Terrain
|-heal|p1a: Spiritomb|90/100|[from] item: Leftovers
|upkeep
|turn|32
|
|t:|1620857528
|move|p2a: Thwackey|Knock Off|p1a: Spiritomb
|-damage|p1a: Spiritomb|54/100
|-enditem|p1a: Spiritomb|Leftovers|[from] move: Knock Off|[of] p2a: Thwackey
|-damage|p2a: Thwackey|72/100|[from] item: Life Orb
|move|p1a: Spiritomb|Toxic|p2a: Thwackey|[miss]
|-miss|p1a: Spiritomb|p2a: Thwackey
|
|-heal|p2a: Thwackey|78/100|[from] Grassy Terrain
|-heal|p1a: Spiritomb|60/100|[from] Grassy Terrain
|upkeep
|turn|33
|c|☆Westf.-Preusse 29|Not again ...
|
|t:|1620857573
|switch|p2a: Xatu|Xatu, M|100/100
|switch|p1a: Skuntank|Skuntank, F|56/100 par
|-damage|p1a: Skuntank|39/100 par|[from] Spikes
|-damage|p1a: Skuntank|27/100 par|[from] Stealth Rock
|
|-heal|p1a: Skuntank|33/100 par|[from] Grassy Terrain
|-heal|p1a: Skuntank|39/100 par|[from] item: Black Sludge
|upkeep
|turn|34
|
|t:|1620857627
|move|p1a: Skuntank|Protect|p1a: Skuntank
|-singleturn|p1a: Skuntank|Protect
|move|p2a: Xatu|Heat Wave|p1a: Skuntank
|-activate|p1a: Skuntank|move: Protect
|
|-heal|p1a: Skuntank|45/100 par|[from] Grassy Terrain
|-heal|p1a: Skuntank|51/100 par|[from] item: Black Sludge
|upkeep
|turn|35
|
|t:|1620857641
|move|p2a: Xatu|Heat Wave|p1a: Skuntank
|-damage|p1a: Skuntank|27/100 par
|move|p1a: Skuntank|Snarl|p2a: Xatu
|-supereffective|p2a: Xatu
|-damage|p2a: Xatu|59/100
|-unboost|p2a: Xatu|spa|1
|
|-heal|p1a: Skuntank|33/100 par|[from] Grassy Terrain
|-heal|p1a: Skuntank|39/100 par|[from] item: Black Sludge
|-fieldend|move: Grassy Terrain
|upkeep
|turn|36
|
|t:|1620857659
|cant|p1a: Skuntank|par
|move|p2a: Xatu|Heat Wave|p1a: Skuntank
|-damage|p1a: Skuntank|24/100 par
|
|-heal|p1a: Skuntank|30/100 par|[from] item: Black Sludge
|upkeep
|turn|37
|
|t:|1620857670
|cant|p1a: Skuntank|par
|move|p2a: Xatu|Heat Wave|p1a: Skuntank
|-damage|p1a: Skuntank|16/100 par
|
|-heal|p1a: Skuntank|22/100 par|[from] item: Black Sludge
|upkeep
|turn|38
|
|t:|1620857682
|switch|p2a: Gourgeist|Gourgeist-Small, M|100/100
|-item|p1a: Skuntank|Black Sludge|[from] ability: Frisk|[of] p2a: Gourgeist|[identify]
|move|p1a: Skuntank|Protect||[still]
|-fail|p1a: Skuntank
|
|-heal|p1a: Skuntank|28/100 par|[from] item: Black Sludge
|upkeep
|turn|39
|
|t:|1620857694
|move|p2a: Gourgeist|Power Whip|p1a: Skuntank|[miss]
|-miss|p2a: Gourgeist|p1a: Skuntank
|move|p1a: Skuntank|Toxic|p2a: Gourgeist
|-status|p2a: Gourgeist|tox
|
|-heal|p1a: Skuntank|34/100 par|[from] item: Black Sludge
|-damage|p2a: Gourgeist|95/100 tox|[from] psn
|upkeep
|turn|40
|
|t:|1620857708
|switch|p2a: Thwackey|Thwackey, M|78/100
|-fieldstart|move: Grassy Terrain|[from] ability: Grassy Surge|[of] p2a: Thwackey
|move|p1a: Skuntank|Protect||[still]
|-fail|p1a: Skuntank
|
|-heal|p2a: Thwackey|84/100|[from] Grassy Terrain
|-heal|p1a: Skuntank|40/100 par|[from] Grassy Terrain
|-heal|p1a: Skuntank|46/100 par|[from] item: Black Sludge
|upkeep
|turn|41
|
|t:|1620857723
|move|p2a: Thwackey|Swords Dance|p2a: Thwackey
|-boost|p2a: Thwackey|atk|2
|move|p1a: Skuntank|Toxic|p2a: Thwackey
|-status|p2a: Thwackey|tox
|
|-heal|p2a: Thwackey|90/100 tox|[from] Grassy Terrain
|-heal|p1a: Skuntank|52/100 par|[from] Grassy Terrain
|-heal|p1a: Skuntank|58/100 par|[from] item: Black Sludge
|-damage|p2a: Thwackey|84/100 tox|[from] psn
|upkeep
|turn|42
|
|t:|1620857743
|move|p2a: Thwackey|U-turn|p1a: Skuntank
|-damage|p1a: Skuntank|11/100 par
|-damage|p2a: Thwackey|74/100 tox|[from] item: Life Orb
|
|t:|1620857749
|switch|p2a: Regirock|Regirock|65/100 tox|[from]move: U-turn
|move|p1a: Skuntank|Foul Play|p2a: Regirock
|-damage|p2a: Regirock|51/100 tox
|
|-heal|p2a: Regirock|57/100 tox|[from] Grassy Terrain
|-heal|p2a: Regirock|63/100 tox|[from] item: Leftovers
|-heal|p1a: Skuntank|17/100 par|[from] Grassy Terrain
|-heal|p1a: Skuntank|23/100 par|[from] item: Black Sludge
|-damage|p2a: Regirock|57/100 tox|[from] psn
|upkeep
|turn|43
|
|t:|1620857768
|move|p1a: Skuntank|Protect|p1a: Skuntank
|-singleturn|p1a: Skuntank|Protect
|move|p2a: Regirock|Body Press|p1a: Skuntank
|-activate|p1a: Skuntank|move: Protect
|
|-heal|p2a: Regirock|63/100 tox|[from] Grassy Terrain
|-heal|p2a: Regirock|69/100 tox|[from] item: Leftovers
|-heal|p1a: Skuntank|30/100 par|[from] Grassy Terrain
|-heal|p1a: Skuntank|36/100 par|[from] item: Black Sludge
|-damage|p2a: Regirock|57/100 tox|[from] psn
|upkeep
|turn|44
|
|t:|1620857801
|switch|p2a: Gourgeist|Gourgeist-Small, M|95/100 tox
|-item|p1a: Skuntank|Black Sludge|[from] ability: Frisk|[of] p2a: Gourgeist|[identify]
|move|p1a: Skuntank|Foul Play|p2a: Gourgeist
|-supereffective|p2a: Gourgeist
|-damage|p2a: Gourgeist|15/100 tox
|
|-heal|p2a: Gourgeist|21/100 tox|[from] Grassy Terrain
|-heal|p1a: Skuntank|42/100 par|[from] Grassy Terrain
|-heal|p1a: Skuntank|48/100 par|[from] item: Black Sludge
|-damage|p2a: Gourgeist|15/100 tox|[from] psn
|-fieldend|move: Grassy Terrain
|upkeep
|turn|45
|
|t:|1620857822
|switch|p2a: Thwackey|Thwackey, M|74/100 tox
|-fieldstart|move: Grassy Terrain|[from] ability: Grassy Surge|[of] p2a: Thwackey
|cant|p1a: Skuntank|par
|
|-heal|p2a: Thwackey|80/100 tox|[from] Grassy Terrain
|-heal|p1a: Skuntank|54/100 par|[from] Grassy Terrain
|-heal|p1a: Skuntank|60/100 par|[from] item: Black Sludge
|-damage|p2a: Thwackey|74/100 tox|[from] psn
|upkeep
|turn|46
|
|t:|1620857838
|move|p2a: Thwackey|Swords Dance|p2a: Thwackey
|-boost|p2a: Thwackey|atk|2
|move|p1a: Skuntank|Foul Play|p2a: Thwackey
|-damage|p2a: Thwackey|0 fnt
|faint|p2a: Thwackey
|
|-heal|p1a: Skuntank|66/100 par|[from] Grassy Terrain
|-heal|p1a: Skuntank|72/100 par|[from] item: Black Sludge
|upkeep
|
|t:|1620857843
|switch|p2a: Gourgeist|Gourgeist-Small, M|15/100 tox
|-item|p1a: Skuntank|Black Sludge|[from] ability: Frisk|[of] p2a: Gourgeist|[identify]
|turn|47
|
|t:|1620857857
|cant|p1a: Skuntank|par
|move|p2a: Gourgeist|Power Whip|p1a: Skuntank
|-resisted|p1a: Skuntank
|-damage|p1a: Skuntank|30/100 par
|
|-heal|p2a: Gourgeist|21/100 tox|[from] Grassy Terrain
|-heal|p1a: Skuntank|36/100 par|[from] Grassy Terrain
|-heal|p1a: Skuntank|42/100 par|[from] item: Black Sludge
|-damage|p2a: Gourgeist|15/100 tox|[from] psn
|upkeep
|turn|48
|
|t:|1620857874
|cant|p1a: Skuntank|par
|move|p2a: Gourgeist|Power Whip|p1a: Skuntank
|-resisted|p1a: Skuntank
|-damage|p1a: Skuntank|0 fnt
|-damage|p2a: Gourgeist|0 fnt|[from] ability: Aftermath|[of] p1a: Skuntank
|faint|p1a: Skuntank
|faint|p2a: Gourgeist
|
|upkeep
|
|t:|1620857908
|switch|p2a: Xatu|Xatu, M|59/100
|switch|p1a: Snobilikat|Persian-Alola, F|100/100
|-damage|p1a: Snobilikat|84/100|[from] Spikes
|-damage|p1a: Snobilikat|72/100|[from] Stealth Rock
|turn|49
|
|t:|1620857918
|move|p1a: Snobilikat|Dark Pulse|p2a: Xatu
|-supereffective|p2a: Xatu
|-crit|p2a: Xatu
|-damage|p2a: Xatu|0 fnt
|faint|p2a: Xatu
|
|-heal|p1a: Snobilikat|78/100|[from] Grassy Terrain
|-fieldend|move: Grassy Terrain
|upkeep
|
|t:|1620857921
|switch|p2a: Regirock|Regirock|57/100 tox
|turn|50
|
|t:|1620857933
|move|p1a: Snobilikat|Dark Pulse|p2a: Regirock
|-damage|p2a: Regirock|27/100 tox
|move|p2a: Regirock|Body Press|p1a: Snobilikat
|-supereffective|p1a: Snobilikat
|-damage|p1a: Snobilikat|0 fnt
|faint|p1a: Snobilikat
|
|-heal|p2a: Regirock|33/100 tox|[from] item: Leftovers
|-damage|p2a: Regirock|27/100 tox|[from] psn
|upkeep
|
|t:|1620857981
|switch|p1a: Spiritomb|Spiritomb, F|60/100
|-damage|p1a: Spiritomb|44/100|[from] Spikes
|-damage|p1a: Spiritomb|31/100|[from] Stealth Rock
|turn|51
|
|t:|1620857991
|move|p1a: Spiritomb|Protect|p1a: Spiritomb
|-singleturn|p1a: Spiritomb|Protect
|move|p2a: Regirock|Rock Blast|p1a: Spiritomb
|-activate|p1a: Spiritomb|move: Protect
|
|-heal|p2a: Regirock|33/100 tox|[from] item: Leftovers
|-damage|p2a: Regirock|21/100 tox|[from] psn
|upkeep
|turn|52
|
|t:|1620858006
|move|p2a: Regirock|Rock Blast|p1a: Spiritomb
|-damage|p1a: Spiritomb|22/100
|-damage|p1a: Spiritomb|13/100
|-hitcount|p1a: Spiritomb|2
|move|p1a: Spiritomb|Hex|p2a: Regirock
|-damage|p2a: Regirock|0 fnt
|faint|p2a: Regirock
|
|win|Westf.-Preusse 29
|raw|Westf.-Preusse 29's rating: 1261 &rarr; <strong>1303</strong><br />(+42 for winning)
|raw|Toxicidad fuera's rating: 1539 &rarr; <strong>1506</strong><br />(-33 for losing)
|c|☆Westf.-Preusse 29|gg.
|l|☆Toxicidad fuera
|l| Sirroppu
||Ladder isn't responding, score probably updated but might not have (Request timeout).
