|raw|<div class="broadcast-blue"><strong>This battle is required to be public due to a player having a name starting with 'pult94d'.</div>
|j|☆muffin cupcakes
|j|☆PULT94d Mix
|t:|1628664809
|gametype|singles
|player|p1|muffin cupcakes|flannery|1172
|player|p2|PULT94d Mix|parasollady|1207
|teamsize|p1|6
|teamsize|p2|6
|gen|8
|tier|[Gen 8] PU
|rated|
|rule|Sleep Clause Mod: Limit one foe put to sleep
|rule|Species Clause: Limit one of each Pokémon
|rule|OHKO Clause: OHKO moves are banned
|rule|Evasion Moves Clause: Evasion moves are banned
|rule|Endless Battle Clause: Forcing endless battles is banned
|rule|HP Percentage Mod: HP is shown in percentages
|rule|Dynamax Clause: You cannot dynamax
|clearpoke
|poke|p1|Sandslash, F|
|poke|p1|Gigalith, M|
|poke|p1|Charizard, F|
|poke|p1|Whimsicott, F|
|poke|p1|Scrafty, M|
|poke|p1|Togedemaru, M|
|poke|p2|Articuno-Galar|
|poke|p2|Silvally-*|
|poke|p2|Lanturn, M|
|poke|p2|Stunfisk-Galar, M|
|poke|p2|Whimsicott, F|
|poke|p2|Passimian, F|
|teampreview
|
|t:|1628664832
|start
|switch|p1a: Charizard|Charizard, F|100/100
|switch|p2a: Passimian|Passimian, F|100/100
|turn|1
|
|t:|1628664856
|switch|p1a: Gigalith|Gigalith, M|100/100
|-weather|Sandstorm|[from] ability: Sand Stream|[of] p1a: Gigalith
|move|p2a: Passimian|Rock Slide|p1a: Gigalith
|-damage|p1a: Gigalith|82/100
|
|-weather|Sandstorm|[upkeep]
|-damage|p2a: Passimian|94/100|[from] Sandstorm
|upkeep
|turn|2
|
|t:|1628664877
|switch|p2a: Whimsicott|Whimsicott, F|100/100
|switch|p1a: Sandslash|Sandslash, F|100/100
|
|-weather|Sandstorm|[upkeep]
|-damage|p2a: Whimsicott|94/100|[from] Sandstorm
|upkeep
|turn|3
|j| EG Jhonx
|
|t:|1628664930
|switch|p1a: Togedemaru|Togedemaru, M|100/100
|move|p2a: Whimsicott|Toxic|p1a: Togedemaru
|-immune|p1a: Togedemaru
|
|-weather|Sandstorm|[upkeep]
|-damage|p2a: Whimsicott|88/100|[from] Sandstorm
|upkeep
|turn|4
|
|t:|1628664956
|switch|p2a: Lanturn|Lanturn, M|100/100
|switch|p1a: Sandslash|Sandslash, F|100/100
|
|-weather|Sandstorm|[upkeep]
|-damage|p2a: Lanturn|94/100|[from] Sandstorm
|-heal|p2a: Lanturn|100/100|[from] item: Leftovers
|upkeep
|turn|5
|
|t:|1628665010
|move|p1a: Sandslash|Earthquake|p2a: Lanturn
|-supereffective|p2a: Lanturn
|-damage|p2a: Lanturn|0 fnt
|faint|p2a: Lanturn
|
|-weather|Sandstorm|[upkeep]
|upkeep
|
|t:|1628665017
|switch|p2a: Articuno|Articuno-Galar|100/100
|turn|6
|
|t:|1628665046
|move|p1a: Sandslash|Knock Off|p2a: Articuno
|-supereffective|p2a: Articuno
|-damage|p2a: Articuno|21/100
|-enditem|p2a: Articuno|Heavy-Duty Boots|[from] move: Knock Off|[of] p1a: Sandslash
|move|p2a: Articuno|Hurricane|p1a: Sandslash|[miss]
|-miss|p2a: Articuno|p1a: Sandslash
|
|-weather|Sandstorm|[upkeep]
|-damage|p2a: Articuno|15/100|[from] Sandstorm
|upkeep
|turn|7
|
|t:|1628665063
|switch|p2a: Whimsicott|Whimsicott, F|88/100
|move|p1a: Sandslash|Knock Off|p2a: Whimsicott
|-resisted|p2a: Whimsicott
|-damage|p2a: Whimsicott|67/100
|-enditem|p2a: Whimsicott|Heavy-Duty Boots|[from] move: Knock Off|[of] p1a: Sandslash
|
|-weather|Sandstorm|[upkeep]
|-damage|p2a: Whimsicott|61/100|[from] Sandstorm
|upkeep
|turn|8
|
|t:|1628665108
|switch|p1a: Charizard|Charizard, F|100/100
|move|p2a: Whimsicott|Moonblast|p1a: Charizard
|-resisted|p1a: Charizard
|-damage|p1a: Charizard|78/100
|-unboost|p1a: Charizard|spa|1
|
|-weather|none
|upkeep
|turn|9
|
|t:|1628665120
|move|p2a: Whimsicott|Toxic|p1a: Charizard
|-status|p1a: Charizard|tox
|move|p1a: Charizard|Fire Blast|p2a: Whimsicott
|-supereffective|p2a: Whimsicott
|-damage|p2a: Whimsicott|0 fnt
|faint|p2a: Whimsicott
|
|-damage|p1a: Charizard|72/100 tox|[from] psn
|upkeep
|
|t:|1628665145
|switch|p2a: Silvally|Silvally-Ghost|100/100
|turn|10
|
|t:|1628665165
|move|p1a: Charizard|Fire Blast|p2a: Silvally
|-damage|p2a: Silvally|64/100
|move|p2a: Silvally|Swords Dance|p2a: Silvally
|-boost|p2a: Silvally|atk|2
|
|-damage|p1a: Charizard|60/100 tox|[from] psn
|upkeep
|turn|11
|
|t:|1628665192
|move|p1a: Charizard|Fire Blast|p2a: Silvally|[miss]
|-miss|p1a: Charizard|p2a: Silvally
|move|p2a: Silvally|Flame Charge|p1a: Charizard
|-resisted|p1a: Charizard
|-damage|p1a: Charizard|40/100 tox
|-boost|p2a: Silvally|spe|1
|
|-damage|p1a: Charizard|21/100 tox|[from] psn
|upkeep
|turn|12
|
|t:|1628665203
|move|p2a: Silvally|Flame Charge|p1a: Charizard
|-resisted|p1a: Charizard
|-damage|p1a: Charizard|2/100 tox
|-boost|p2a: Silvally|spe|1
|move|p1a: Charizard|Fire Blast|p2a: Silvally
|-damage|p2a: Silvally|7/100
|
|-damage|p1a: Charizard|0 fnt|[from] psn
|faint|p1a: Charizard
|upkeep
|
|t:|1628665210
|switch|p1a: Gigalith|Gigalith, M|82/100
|-weather|Sandstorm|[from] ability: Sand Stream|[of] p1a: Gigalith
|turn|13
|
|t:|1628665219
|switch|p1a: Scrafty|Scrafty, M|100/100
|move|p2a: Silvally|Multi-Attack|p1a: Scrafty
|-resisted|p1a: Scrafty
|-damage|p1a: Scrafty|52/100
|
|-weather|Sandstorm|[upkeep]
|-damage|p2a: Silvally|1/100|[from] Sandstorm
|-damage|p1a: Scrafty|46/100|[from] Sandstorm
|-heal|p1a: Scrafty|52/100|[from] item: Leftovers
|upkeep
|turn|14
|
|t:|1628665240
|switch|p1a: Togedemaru|Togedemaru, M|100/100
|move|p2a: Silvally|Multi-Attack|p1a: Togedemaru
|-damage|p1a: Togedemaru|0 fnt
|faint|p1a: Togedemaru
|
|-weather|Sandstorm|[upkeep]
|-damage|p2a: Silvally|0 fnt|[from] Sandstorm
|faint|p2a: Silvally
|upkeep
|
|t:|1628665265
|switch|p2a: Passimian|Passimian, F|94/100
|switch|p1a: Sandslash|Sandslash, F|100/100
|turn|15
|
|t:|1628665315
|move|p1a: Sandslash|Swords Dance|p1a: Sandslash
|-boost|p1a: Sandslash|atk|2
|move|p2a: Passimian|Close Combat|p1a: Sandslash
|-damage|p1a: Sandslash|33/100
|-unboost|p2a: Passimian|def|1
|-unboost|p2a: Passimian|spd|1
|
|-weather|Sandstorm|[upkeep]
|-damage|p2a: Passimian|88/100|[from] Sandstorm
|upkeep
|turn|16
|
|t:|1628665337
|switch|p2a: Articuno|Articuno-Galar|15/100
|move|p1a: Sandslash|Earthquake|p2a: Articuno
|-immune|p2a: Articuno
|
|-weather|Sandstorm|[upkeep]
|-damage|p2a: Articuno|9/100|[from] Sandstorm
|upkeep
|turn|17
|
|t:|1628665365
|switch|p2a: Stunfisk|Stunfisk-Galar, M|100/100
|move|p1a: Sandslash|Knock Off|p2a: Stunfisk
|-damage|p2a: Stunfisk|49/100
|-enditem|p2a: Stunfisk|Leftovers|[from] move: Knock Off|[of] p1a: Sandslash
|
|-weather|Sandstorm|[upkeep]
|upkeep
|turn|18
|
|t:|1628665374
|switch|p2a: Articuno|Articuno-Galar|9/100
|move|p1a: Sandslash|Earthquake|p2a: Articuno
|-immune|p2a: Articuno
|
|-weather|Sandstorm|[upkeep]
|-damage|p2a: Articuno|3/100|[from] Sandstorm
|upkeep
|turn|19
|
|t:|1628665395
|switch|p2a: Stunfisk|Stunfisk-Galar, M|49/100
|move|p1a: Sandslash|Knock Off|p2a: Stunfisk
|-damage|p2a: Stunfisk|14/100
|
|-weather|Sandstorm|[upkeep]
|upkeep
|turn|20
|
|t:|1628665402
|move|p1a: Sandslash|Knock Off|p2a: Stunfisk
|-damage|p2a: Stunfisk|0 fnt
|faint|p2a: Stunfisk
|
|-weather|none
|upkeep
|
|t:|1628665405
|switch|p2a: Articuno|Articuno-Galar|3/100
|turn|21
|
|t:|1628665412
|switch|p1a: Gigalith|Gigalith, M|82/100
|-weather|Sandstorm|[from] ability: Sand Stream|[of] p1a: Gigalith
|move|p2a: Articuno|Recover|p2a: Articuno
|-heal|p2a: Articuno|53/100
|
|-weather|Sandstorm|[upkeep]
|-damage|p2a: Articuno|47/100|[from] Sandstorm
|upkeep
|turn|22
|
|t:|1628665418
|switch|p2a: Passimian|Passimian, F|88/100
|move|p1a: Gigalith|Toxic|p2a: Passimian
|-status|p2a: Passimian|tox
|
|-weather|Sandstorm|[upkeep]
|-damage|p2a: Passimian|82/100 tox|[from] Sandstorm
|-damage|p2a: Passimian|76/100 tox|[from] psn
|upkeep
|turn|23
|
|t:|1628665429
|move|p2a: Passimian|Close Combat|p1a: Gigalith
|-supereffective|p1a: Gigalith
|-damage|p1a: Gigalith|0 fnt
|-unboost|p2a: Passimian|def|1
|-unboost|p2a: Passimian|spd|1
|faint|p1a: Gigalith
|
|-weather|Sandstorm|[upkeep]
|-damage|p2a: Passimian|70/100 tox|[from] Sandstorm
|-damage|p2a: Passimian|57/100 tox|[from] psn
|upkeep
|
|t:|1628665435
|switch|p1a: Whimsicott|Whimsicott, F|100/100
|turn|24
|
|t:|1628665439
|move|p2a: Passimian|Close Combat|p1a: Whimsicott
|-resisted|p1a: Whimsicott
|-damage|p1a: Whimsicott|59/100
|-unboost|p2a: Passimian|def|1
|-unboost|p2a: Passimian|spd|1
|move|p1a: Whimsicott|Moonblast|p2a: Passimian
|-supereffective|p2a: Passimian
|-damage|p2a: Passimian|0 fnt
|faint|p2a: Passimian
|
|-weather|Sandstorm|[upkeep]
|-damage|p1a: Whimsicott|53/100|[from] Sandstorm
|upkeep
|
|t:|1628665441
|switch|p2a: Articuno|Articuno-Galar|47/100
|turn|25
|
|t:|1628665446
|move|p1a: Whimsicott|Moonblast|p2a: Articuno
|-damage|p2a: Articuno|0 fnt
|faint|p2a: Articuno
|
|win|muffin cupcakes
|raw|muffin cupcakes's rating: 1172 &rarr; <strong>1200</strong><br />(+28 for winning)
|raw|PULT94d Mix's rating: 1207 &rarr; <strong>1179</strong><br />(-28 for losing)
|l|☆PULT94d Mix
