|j|☆taskr
|j|☆uult1 Somalia
|player|p1|taskr|lass-gen2|
|player|p2|uult1 Somalia|emmet|
|teamsize|p1|6
|teamsize|p2|6
|gametype|singles
|gen|8
|tier|[Gen 8] PU
|rated|Tournament battle
|clearpoke
|poke|p1|Fraxure, F|
|poke|p1|Zweilous, M|
|poke|p1|Magnemite|
|poke|p1|Shiinotic, F|
|poke|p1|Pawniard, F|
|poke|p1|Drakloak, F|
|poke|p2|Dottler, F|
|poke|p2|Marill, M|
|poke|p2|Type: Null|
|poke|p2|Stunfisk, M|
|poke|p2|Tangela, M|
|poke|p2|Togetic, F|
|rule|Sleep Clause Mod: Limit one foe put to sleep
|rule|Species Clause: Limit one of each Pokémon
|rule|OHKO Clause: OHKO moves are banned
|rule|Evasion Moves Clause: Evasion moves are banned
|rule|Endless Battle Clause: Forcing endless battles is banned
|rule|HP Percentage Mod: HP is shown in percentages
|rule|Dynamax Clause: You cannot dynamax
|teampreview
|j| Sir Pinsirlot
|c|☆uult1 Somalia|hf
|c|☆taskr|u2
|
|start
|switch|p1a: Pawniard|Pawniard, F|100/100
|switch|p2a: NELSON MANGELLA|Tangela, M|100/100
|turn|1
|
|move|p1a: Pawniard|Knock Off|p2a: NELSON MANGELLA
|-damage|p2a: NELSON MANGELLA|82/100
|-enditem|p2a: NELSON MANGELLA|Eviolite|[from] move: Knock Off|[of] p1a: Pawniard
|move|p2a: NELSON MANGELLA|Infestation|p1a: Pawniard
|-damage|p1a: Pawniard|92/100
|-activate|p1a: Pawniard|move: Infestation|[of] p2a: NELSON MANGELLA
|
|-damage|p1a: Pawniard|80/100|[from] move: Infestation|[partiallytrapped]
|upkeep
|turn|2
|
|move|p1a: Pawniard|Stealth Rock|p2a: NELSON MANGELLA
|-sidestart|p2: uult1 Somalia|move: Stealth Rock
|move|p2a: NELSON MANGELLA|Knock Off|p1a: Pawniard
|-resisted|p1a: Pawniard
|-crit|p1a: Pawniard
|-damage|p1a: Pawniard|66/100
|-enditem|p1a: Pawniard|Eviolite|[from] move: Knock Off|[of] p2a: NELSON MANGELLA
|
|-damage|p1a: Pawniard|54/100|[from] move: Infestation|[partiallytrapped]
|upkeep
|turn|3
|j| aeps23
|
|move|p1a: Pawniard|Iron Head|p2a: NELSON MANGELLA
|-damage|p2a: NELSON MANGELLA|59/100
|move|p2a: NELSON MANGELLA|Giga Drain|p1a: Pawniard
|-resisted|p1a: Pawniard
|-damage|p1a: Pawniard|17/100
|-heal|p2a: NELSON MANGELLA|72/100|[from] drain|[of] p1a: Pawniard
|
|-damage|p1a: Pawniard|4/100|[from] move: Infestation|[partiallytrapped]
|upkeep
|turn|4
|
|move|p1a: Pawniard|Knock Off|p2a: NELSON MANGELLA
|-damage|p2a: NELSON MANGELLA|53/100
|move|p2a: NELSON MANGELLA|Giga Drain|p1a: Pawniard
|-resisted|p1a: Pawniard
|-damage|p1a: Pawniard|0 fnt
|-heal|p2a: NELSON MANGELLA|54/100|[from] drain|[of] p1a: Pawniard
|faint|p1a: Pawniard
|
|upkeep
|
|switch|p1a: Magnemite|Magnemite|100/100
|turn|5
|c|☆taskr|wonder how much this does
|j| Procopius
|c| Procopius|is this PU dragmag?
|c|☆taskr|yup
|c|☆taskr|its pretty bad tho lol#
|
|switch|p2a: RISKY FISK|Stunfisk, M|100/100
|-damage|p2a: RISKY FISK|94/100|[from] Stealth Rock
|move|p1a: Magnemite|Steel Beam|p2a: RISKY FISK
|-resisted|p2a: RISKY FISK
|-damage|p2a: RISKY FISK|55/100
|-damage|p1a: Magnemite|50/100|[from] mindblown
|
|upkeep
|turn|6
|j|+Urusius
|j| professional goon
|c|☆taskr|thought it was gunna do more ngl
|c| Sir Pinsirlot|i think theres another switch in
|
|switch|p1a: Shiinotic|Shiinotic, F|100/100
|move|p2a: RISKY FISK|Stealth Rock|p1a: Shiinotic
|-sidestart|p1: taskr|move: Stealth Rock
|
|upkeep
|turn|7
|
|switch|p2a: NULLY NULL|Type: Null|100/100
|-damage|p2a: NULLY NULL|88/100|[from] Stealth Rock
|move|p1a: Shiinotic|Leech Seed|p2a: NULLY NULL
|-start|p2a: NULLY NULL|move: Leech Seed
|
|-damage|p2a: NULLY NULL|76/100|[from] Leech Seed|[of] p1a: Shiinotic
|upkeep
|turn|8
|
|move|p2a: NULLY NULL|Toxic|p1a: Shiinotic
|-status|p1a: Shiinotic|tox
|move|p1a: Shiinotic|Spore|p2a: NULLY NULL
|-status|p2a: NULLY NULL|slp|[from] move: Spore
|
|-damage|p2a: NULLY NULL|63/100 slp|[from] Leech Seed|[of] p1a: Shiinotic
|-damage|p1a: Shiinotic|94/100 tox|[from] psn
|upkeep
|turn|9
|
|switch|p2a: TICKY TOCK|Togetic, F|100/100
|-damage|p2a: TICKY TOCK|76/100|[from] Stealth Rock
|switch|p1a: Magnemite|Magnemite|50/100
|-damage|p1a: Magnemite|44/100|[from] Stealth Rock
|
|upkeep
|turn|10
|
|switch|p2a: RISKY FISK|Stunfisk, M|55/100
|-damage|p2a: RISKY FISK|49/100|[from] Stealth Rock
|move|p1a: Magnemite|Flash Cannon|p2a: RISKY FISK
|-resisted|p2a: RISKY FISK
|-damage|p2a: RISKY FISK|26/100
|
|upkeep
|turn|11
|
|move|p1a: Magnemite|Flash Cannon|p2a: RISKY FISK
|-resisted|p2a: RISKY FISK
|-damage|p2a: RISKY FISK|6/100
|move|p2a: RISKY FISK|Pain Split|p1a: Magnemite
|-sethp|p1a: Magnemite|28/100|[from] move: Pain Split|[silent]
|-sethp|p2a: RISKY FISK|13/100|[from] move: Pain Split
|
|upkeep
|turn|12
|
|move|p1a: Magnemite|Flash Cannon|p2a: RISKY FISK
|-resisted|p2a: RISKY FISK
|-damage|p2a: RISKY FISK|0 fnt
|faint|p2a: RISKY FISK
|
|upkeep
|
|switch|p2a: EENIE MEANIE|Dottler, F|100/100
|-damage|p2a: EENIE MEANIE|76/100|[from] Stealth Rock
|turn|13
|
|switch|p1a: Drakloak|Drakloak, F|100/100
|-damage|p1a: Drakloak|88/100|[from] Stealth Rock
|move|p2a: EENIE MEANIE|Recover|p2a: EENIE MEANIE
|-heal|p2a: EENIE MEANIE|100/100
|
|upkeep
|turn|14
|
|move|p1a: Drakloak|Shadow Ball|p2a: EENIE MEANIE
|-supereffective|p2a: EENIE MEANIE
|-damage|p2a: EENIE MEANIE|69/100
|-unboost|p2a: EENIE MEANIE|spd|1
|move|p2a: EENIE MEANIE|Psychic|p1a: Drakloak
|-crit|p1a: Drakloak
|-damage|p1a: Drakloak|27/100
|
|upkeep
|turn|15
|
|move|p1a: Drakloak|Shadow Ball|p2a: EENIE MEANIE
|-supereffective|p2a: EENIE MEANIE
|-damage|p2a: EENIE MEANIE|19/100
|move|p2a: EENIE MEANIE|Recover|p2a: EENIE MEANIE
|-heal|p2a: EENIE MEANIE|69/100
|
|upkeep
|turn|16
|
|switch|p1a: Magnemite|Magnemite|28/100
|-damage|p1a: Magnemite|21/100|[from] Stealth Rock
|move|p2a: EENIE MEANIE|Psychic|p1a: Magnemite
|-resisted|p1a: Magnemite
|-damage|p1a: Magnemite|0 fnt
|faint|p1a: Magnemite
|
|upkeep
|
|switch|p1a: Drakloak|Drakloak, F|27/100
|-damage|p1a: Drakloak|15/100|[from] Stealth Rock
|turn|17
|j| TanakaEmpire
|
|move|p1a: Drakloak|Shadow Ball|p2a: EENIE MEANIE
|-supereffective|p2a: EENIE MEANIE
|-damage|p2a: EENIE MEANIE|17/100
|move|p2a: EENIE MEANIE|Bug Buzz|p1a: Drakloak
|-resisted|p1a: Drakloak
|-damage|p1a: Drakloak|0 fnt
|faint|p1a: Drakloak
|
|upkeep
|
|switch|p1a: Fraxure|Fraxure, F|100/100
|-damage|p1a: Fraxure|88/100|[from] Stealth Rock
|-ability|p1a: Fraxure|Mold Breaker
|turn|18
|
|move|p1a: Fraxure|Swords Dance|p1a: Fraxure
|-boost|p1a: Fraxure|atk|2
|move|p2a: EENIE MEANIE|Bug Buzz|p1a: Fraxure
|-damage|p1a: Fraxure|52/100
|
|upkeep
|turn|19
|
|move|p1a: Fraxure|Scale Shot|p2a: EENIE MEANIE|[miss]
|-miss|p1a: Fraxure|p2a: EENIE MEANIE
|move|p2a: EENIE MEANIE|Bug Buzz|p1a: Fraxure
|-damage|p1a: Fraxure|15/100
|
|upkeep
|turn|20
|
|move|p1a: Fraxure|Stomping Tantrum|p2a: EENIE MEANIE
|-resisted|p2a: EENIE MEANIE
|-damage|p2a: EENIE MEANIE|0 fnt
|faint|p2a: EENIE MEANIE
|
|upkeep
|j| BlueWollyWog
|
|switch|p2a: NELSON MANGELLA|Tangela, M|88/100
|-damage|p2a: NELSON MANGELLA|75/100|[from] Stealth Rock
|turn|21
|j| James295
|
|move|p1a: Fraxure|Scale Shot|p2a: NELSON MANGELLA
|-damage|p2a: NELSON MANGELLA|58/100
|-damage|p2a: NELSON MANGELLA|42/100
|-hitcount|p2a: NELSON MANGELLA|2
|-unboost|p1a: Fraxure|def|1
|-boost|p1a: Fraxure|spe|1
|move|p2a: NELSON MANGELLA|Knock Off|p1a: Fraxure
|-damage|p1a: Fraxure|0 fnt
|-enditem|p1a: Fraxure|Eviolite|[from] move: Knock Off|[of] p2a: NELSON MANGELLA
|faint|p1a: Fraxure
|
|upkeep
|c|☆taskr|gg i think that miss lost me the game
|l| professional goon
|
|switch|p1a: Shiinotic|Shiinotic, F|94/100 tox
|-damage|p1a: Shiinotic|82/100 tox|[from] Stealth Rock
|turn|22
|c|☆uult1 Somalia|you're too hasty
|c|☆uult1 Somalia|but ok
|j| Iron✘Pyrite
|c|☆uult1 Somalia|you havent lost yet
|c|☆taskr|i mean im just clicking
|c|☆uult1 Somalia|and?
|c|☆uult1 Somalia|it's a battle
|l| aeps23
|
|switch|p2a: NULLY NULL|Type: Null|63/100 slp
|-damage|p2a: NULLY NULL|51/100 slp|[from] Stealth Rock
|move|p1a: Shiinotic|Moonblast|p2a: NULLY NULL
|-damage|p2a: NULLY NULL|38/100 slp
|-unboost|p2a: NULLY NULL|spa|1
|
|-damage|p1a: Shiinotic|76/100 tox|[from] psn
|upkeep
|turn|23
|j| MJ2020
|
|cant|p2a: NULLY NULL|slp
|move|p2a: NULLY NULL|Sleep Talk|p2a: NULLY NULL
|move|p2a: NULLY NULL|Toxic|p1a: Shiinotic|[from]Sleep Talk
|-fail|p1a: Shiinotic|tox
|move|p1a: Shiinotic|Leech Seed|p2a: NULLY NULL
|-start|p2a: NULLY NULL|move: Leech Seed
|
|-damage|p2a: NULLY NULL|25/100 slp|[from] Leech Seed|[of] p1a: Shiinotic
|-heal|p1a: Shiinotic|91/100 tox|[silent]
|-damage|p1a: Shiinotic|79/100 tox|[from] psn
|upkeep
|turn|24
|l| MJ2020
|
|-curestatus|p2a: NULLY NULL|slp|[msg]
|move|p2a: NULLY NULL|Rest|p2a: NULLY NULL
|-status|p2a: NULLY NULL|slp|[from] move: Rest
|-heal|p2a: NULLY NULL|100/100 slp|[silent]
|move|p1a: Shiinotic|Moonblast|p2a: NULLY NULL
|-damage|p2a: NULLY NULL|86/100 slp
|
|-damage|p2a: NULLY NULL|74/100 slp|[from] Leech Seed|[of] p1a: Shiinotic
|-heal|p1a: Shiinotic|94/100 tox|[silent]
|-damage|p1a: Shiinotic|75/100 tox|[from] psn
|upkeep
|turn|25
|
|switch|p1a: Zweilous|Zweilous, M|100/100
|-damage|p1a: Zweilous|88/100|[from] Stealth Rock
|cant|p2a: NULLY NULL|slp
|move|p2a: NULLY NULL|Sleep Talk|p2a: NULLY NULL
|move|p2a: NULLY NULL|Rest|p2a: NULLY NULL|[from]Sleep Talk
|-fail|p2a: NULLY NULL
|
|-damage|p2a: NULLY NULL|61/100 slp|[from] Leech Seed|[of] p1a: Zweilous
|-heal|p1a: Zweilous|100/100|[silent]
|upkeep
|turn|26
|
|switch|p1a: Shiinotic|Shiinotic, F|75/100 tox
|-damage|p1a: Shiinotic|63/100 tox|[from] Stealth Rock
|switch|p2a: NELSON MANGELLA|Tangela, M|75/100
|-damage|p2a: NELSON MANGELLA|62/100|[from] Stealth Rock
|
|-damage|p1a: Shiinotic|57/100 tox|[from] psn
|upkeep
|turn|27
|l| James295
|
|switch|p2a: NULLY NULL|Type: Null|61/100 slp
|-damage|p2a: NULLY NULL|49/100 slp|[from] Stealth Rock
|move|p1a: Shiinotic|Moonblast|p2a: NULLY NULL
|-damage|p2a: NULLY NULL|36/100 slp
|-unboost|p2a: NULLY NULL|spa|1
|
|-damage|p1a: Shiinotic|44/100 tox|[from] psn
|upkeep
|turn|28
|
|cant|p2a: NULLY NULL|slp
|move|p2a: NULLY NULL|Sleep Talk|p2a: NULLY NULL
|move|p2a: NULLY NULL|Crush Claw|p1a: Shiinotic|[from]Sleep Talk
|-damage|p1a: Shiinotic|22/100 tox
|-unboost|p1a: Shiinotic|def|1
|move|p1a: Shiinotic|Strength Sap|p2a: NULLY NULL
|-unboost|p2a: NULLY NULL|atk|1
|-heal|p1a: Shiinotic|92/100 tox
|
|-damage|p1a: Shiinotic|73/100 tox|[from] psn
|upkeep
|turn|29
|
|-curestatus|p2a: NULLY NULL|slp|[msg]
|move|p2a: NULLY NULL|Crush Claw|p1a: Shiinotic
|-damage|p1a: Shiinotic|53/100 tox
|-unboost|p1a: Shiinotic|def|1
|move|p1a: Shiinotic|Leech Seed|p2a: NULLY NULL
|-start|p2a: NULLY NULL|move: Leech Seed
|
|-damage|p2a: NULLY NULL|23/100|[from] Leech Seed|[of] p1a: Shiinotic
|-heal|p1a: Shiinotic|68/100 tox|[silent]
|-damage|p1a: Shiinotic|43/100 tox|[from] psn
|upkeep
|turn|30
|
|switch|p1a: Zweilous|Zweilous, M|100/100
|-damage|p1a: Zweilous|88/100|[from] Stealth Rock
|move|p2a: NULLY NULL|Rest|p2a: NULLY NULL
|-status|p2a: NULLY NULL|slp|[from] move: Rest
|-heal|p2a: NULLY NULL|100/100 slp|[silent]
|
|-damage|p2a: NULLY NULL|88/100 slp|[from] Leech Seed|[of] p1a: Zweilous
|-heal|p1a: Zweilous|100/100|[silent]
|upkeep
|turn|31
|
|switch|p2a: NELSON MANGELLA|Tangela, M|96/100
|-damage|p2a: NELSON MANGELLA|83/100|[from] Stealth Rock
|move|p1a: Zweilous|Crunch|p2a: NELSON MANGELLA|[miss]
|-miss|p1a: Zweilous|p2a: NELSON MANGELLA
|
|upkeep
|turn|32
|c|☆taskr|yea gg
|-message|taskr forfeited.
|
|win|uult1 Somalia
|l|☆taskr
|l| TanakaEmpire
|c|☆uult1 Somalia|im physically def3nsive kiss bro
|c|☆uult1 Somalia|but ok
|c|☆uult1 Somalia|blame hax
|l|☆uult1 Somalia
|l| Sir Pinsirlot
|j| Hola Soy Simp
|l| Hola Soy Simp
|j| Blue YM
|l| Blue YM
|l| Iron✘Pyrite
|l| BlueWollyWog
|l| Urusius
|l| Procopius
|j| keppy ㋛
|l| keppy ㋛
|j| pattek
