|j|☆Flamedood
|j|☆Dill Dongo67
|t:|1652653203
|gametype|singles
|player|p1|Flamedood|blue|1229
|player|p2|Dill Dongo67|marlon|1389
|teamsize|p1|6
|teamsize|p2|6
|gen|8
|tier|[Gen 8] PU
|rated|
|rule|Sleep Clause Mod: Limit one foe put to sleep
|rule|Species Clause: Limit one of each Pokémon
|rule|OHKO Clause: OHKO moves are banned
|rule|Evasion Moves Clause: Evasion moves are banned
|rule|Endless Battle Clause: Forcing endless battles is banned
|rule|HP Percentage Mod: HP is shown in percentages
|rule|Dynamax Clause: You cannot dynamax
|clearpoke
|poke|p1|Scyther, M|
|poke|p1|Morpeko, F|
|poke|p1|Lunatone|
|poke|p1|Poliwrath, M|
|poke|p1|Weezing, M|
|poke|p1|Stunfisk-Galar, M|
|poke|p2|Weezing, F|
|poke|p2|Sandslash, M|
|poke|p2|Scyther, F|
|poke|p2|Gigalith, F|
|poke|p2|Jolteon, F|
|poke|p2|Charizard, F|
|teampreview
|
|t:|1652653224
|start
|switch|p1a: Poliwrath|Poliwrath, M|100/100
|switch|p2a: Massive Attack|Scyther, F|100/100
|turn|1
|
|t:|1652653233
|switch|p1a: Weezing|Weezing, M|100/100
|move|p2a: Massive Attack|Dual Wingbeat|p1a: Weezing
|-damage|p1a: Weezing|80/100
|-damage|p1a: Weezing|63/100
|-hitcount|p1a: Weezing|2
|
|-heal|p1a: Weezing|69/100|[from] item: Black Sludge
|upkeep
|turn|2
|
|t:|1652653248
|move|p2a: Massive Attack|U-turn|p1a: Weezing
|-resisted|p1a: Weezing
|-damage|p1a: Weezing|59/100
|
|t:|1652653252
|switch|p2a: Radiohead|Charizard, F|100/100|[from]move: U-turn
|move|p1a: Weezing|Will-O-Wisp|p2a: Radiohead|[miss]
|-miss|p1a: Weezing|p2a: Radiohead
|
|-heal|p1a: Weezing|65/100|[from] item: Black Sludge
|upkeep
|turn|3
|
|t:|1652653263
|switch|p1a: Poliwrath|Poliwrath, M|100/100
|move|p2a: Radiohead|Substitute|p2a: Radiohead
|-start|p2a: Radiohead|Substitute
|-damage|p2a: Radiohead|76/100
|
|upkeep
|turn|4
|
|t:|1652653270
|move|p2a: Radiohead|Toxic|p1a: Poliwrath
|-status|p1a: Poliwrath|tox
|move|p1a: Poliwrath|Scald|p2a: Radiohead
|-supereffective|p2a: Radiohead
|-end|p2a: Radiohead|Substitute
|
|-damage|p1a: Poliwrath|94/100 tox|[from] psn
|upkeep
|turn|5
|
|t:|1652653288
|switch|p2a: Wheezer|Weezing, F, shiny|100/100
|move|p1a: Poliwrath|Scald|p2a: Wheezer
|-damage|p2a: Wheezer|75/100
|
|-heal|p1a: Poliwrath|100/100 tox|[from] item: Leftovers
|-damage|p1a: Poliwrath|88/100 tox|[from] psn
|upkeep
|turn|6
|
|t:|1652653298
|move|p2a: Wheezer|Toxic Spikes|p1a: Poliwrath
|-sidestart|p1: Flamedood|move: Toxic Spikes
|move|p1a: Poliwrath|Scald|p2a: Wheezer
|-damage|p2a: Wheezer|49/100
|
|-heal|p1a: Poliwrath|94/100 tox|[from] item: Leftovers
|-damage|p1a: Poliwrath|75/100 tox|[from] psn
|upkeep
|turn|7
|
|t:|1652653308
|move|p2a: Wheezer|Toxic Spikes|p1a: Poliwrath
|-sidestart|p1: Flamedood|move: Toxic Spikes
|move|p1a: Poliwrath|Rest|p1a: Poliwrath
|-status|p1a: Poliwrath|slp|[from] move: Rest
|-heal|p1a: Poliwrath|100/100 slp|[silent]
|
|upkeep
|turn|8
|
|t:|1652653316
|switch|p2a: Fleet Fox|Jolteon, F, shiny|100/100
|cant|p1a: Poliwrath|slp
|move|p1a: Poliwrath|Sleep Talk|p1a: Poliwrath
|move|p1a: Poliwrath|Circle Throw|p2a: Fleet Fox|[from]move: Sleep Talk
|-damage|p2a: Fleet Fox|59/100
|drag|p2a: Massive Attack|Scyther, F|100/100
|
|upkeep
|turn|9
|
|t:|1652653333
|switch|p1a: Stunfisk|Stunfisk-Galar, M|100/100
|move|p2a: Massive Attack|Knock Off|p1a: Stunfisk
|-damage|p1a: Stunfisk|76/100
|-enditem|p1a: Stunfisk|Leftovers|[from] move: Knock Off|[of] p2a: Massive Attack
|
|upkeep
|turn|10
|
|t:|1652653346
|move|p2a: Massive Attack|U-turn|p1a: Stunfisk
|-resisted|p1a: Stunfisk
|-damage|p1a: Stunfisk|61/100
|
|t:|1652653349
|switch|p2a: Wheezer|Weezing, F, shiny|49/100|[from]move: U-turn
|move|p1a: Stunfisk|Stealth Rock|p2a: Wheezer
|-sidestart|p2: Dill Dongo67|move: Stealth Rock
|
|upkeep
|turn|11
|
|t:|1652653361
|switch|p1a: Weezing|Weezing, M|65/100
|move|p2a: Wheezer|Will-O-Wisp|p1a: Weezing|[miss]
|-miss|p2a: Wheezer|p1a: Weezing
|
|-heal|p1a: Weezing|71/100|[from] item: Black Sludge
|upkeep
|turn|12
|
|t:|1652653370
|move|p2a: Wheezer|Pain Split|p1a: Weezing
|-sethp|p1a: Weezing|60/100|[from] move: Pain Split|[silent]
|-sethp|p2a: Wheezer|60/100|[from] move: Pain Split
|move|p1a: Weezing|Toxic Spikes|p2a: Wheezer
|-sidestart|p2: Dill Dongo67|move: Toxic Spikes
|
|-heal|p1a: Weezing|66/100|[from] item: Black Sludge
|upkeep
|turn|13
|
|t:|1652653379
|switch|p2a: Radiohead|Charizard, F|76/100
|move|p1a: Weezing|Toxic Spikes|p2a: Radiohead
|-sidestart|p2: Dill Dongo67|move: Toxic Spikes
|
|-heal|p1a: Weezing|72/100|[from] item: Black Sludge
|upkeep
|turn|14
|
|t:|1652653389
|switch|p1a: Poliwrath|Poliwrath, M|100/100 slp
|move|p2a: Radiohead|Flamethrower|p1a: Poliwrath
|-resisted|p1a: Poliwrath
|-damage|p1a: Poliwrath|82/100 slp
|
|-heal|p1a: Poliwrath|88/100 slp|[from] item: Leftovers
|upkeep
|turn|15
|
|t:|1652653399
|switch|p2a: Wheezer|Weezing, F, shiny|60/100
|-damage|p2a: Wheezer|48/100|[from] Stealth Rock
|cant|p1a: Poliwrath|slp
|move|p1a: Poliwrath|Sleep Talk|p1a: Poliwrath
|move|p1a: Poliwrath|Rest||[from]move: Sleep Talk|[still]
|-fail|p1a: Poliwrath
|
|-heal|p1a: Poliwrath|94/100 slp|[from] item: Leftovers
|upkeep
|turn|16
|
|t:|1652653411
|move|p2a: Wheezer|Pain Split|p1a: Poliwrath
|-sethp|p1a: Poliwrath|68/100 slp|[from] move: Pain Split|[silent]
|-sethp|p2a: Wheezer|78/100|[from] move: Pain Split
|-curestatus|p1a: Poliwrath|slp|[msg]
|move|p1a: Poliwrath|Scald|p2a: Wheezer
|-damage|p2a: Wheezer|53/100
|-status|p2a: Wheezer|brn
|
|-heal|p1a: Poliwrath|74/100|[from] item: Leftovers
|-damage|p2a: Wheezer|48/100 brn|[from] brn
|upkeep
|turn|17
|
|t:|1652653424
|move|p2a: Wheezer|Pain Split|p1a: Poliwrath
|-sethp|p1a: Poliwrath|58/100|[from] move: Pain Split|[silent]
|-sethp|p2a: Wheezer|66/100 brn|[from] move: Pain Split
|move|p1a: Poliwrath|Scald|p2a: Wheezer
|-damage|p2a: Wheezer|40/100 brn
|
|-heal|p1a: Poliwrath|64/100|[from] item: Leftovers
|-damage|p2a: Wheezer|34/100 brn|[from] brn
|upkeep
|turn|18
|
|t:|1652653437
|move|p2a: Wheezer|Pain Split|p1a: Poliwrath
|-sethp|p1a: Poliwrath|47/100|[from] move: Pain Split|[silent]
|-sethp|p2a: Wheezer|53/100 brn|[from] move: Pain Split
|move|p1a: Poliwrath|Circle Throw|p2a: Wheezer
|-resisted|p2a: Wheezer
|-damage|p2a: Wheezer|46/100 brn
|-damage|p1a: Poliwrath|30/100|[from] item: Rocky Helmet|[of] p2a: Wheezer
|drag|p2a: Tricky|Gigalith, F, shiny|100/100
|-damage|p2a: Tricky|88/100|[from] Stealth Rock
|-status|p2a: Tricky|tox
|-weather|Sandstorm|[from] ability: Sand Stream|[of] p2a: Tricky
|
|-weather|Sandstorm|[upkeep]
|-damage|p1a: Poliwrath|24/100|[from] Sandstorm
|-heal|p1a: Poliwrath|30/100|[from] item: Leftovers
|-heal|p2a: Tricky|94/100 tox|[from] item: Leftovers
|-damage|p2a: Tricky|88/100 tox|[from] psn
|upkeep
|turn|19
|
|t:|1652653458
|switch|p2a: Wheezer|Weezing, F, shiny|46/100 brn
|-damage|p2a: Wheezer|34/100 brn|[from] Stealth Rock
|move|p1a: Poliwrath|Rest|p1a: Poliwrath
|-status|p1a: Poliwrath|slp|[from] move: Rest
|-heal|p1a: Poliwrath|100/100 slp|[silent]
|
|-weather|Sandstorm|[upkeep]
|-damage|p2a: Wheezer|28/100 brn|[from] Sandstorm
|-damage|p1a: Poliwrath|94/100 slp|[from] Sandstorm
|-heal|p1a: Poliwrath|100/100 slp|[from] item: Leftovers
|-damage|p2a: Wheezer|22/100 brn|[from] brn
|upkeep
|turn|20
|
|t:|1652653473
|switch|p1a: Lunatone|Lunatone|100/100
|move|p2a: Wheezer|Pain Split|p1a: Lunatone
|-sethp|p1a: Lunatone|60/100|[from] move: Pain Split|[silent]
|-sethp|p2a: Wheezer|69/100 brn|[from] move: Pain Split
|
|-weather|Sandstorm|[upkeep]
|-damage|p2a: Wheezer|63/100 brn|[from] Sandstorm
|-heal|p1a: Lunatone|66/100|[from] item: Leftovers
|-damage|p2a: Wheezer|57/100 brn|[from] brn
|upkeep
|turn|21
|
|t:|1652653487
|switch|p2a: Tricky|Gigalith, F, shiny|88/100 tox
|-damage|p2a: Tricky|76/100 tox|[from] Stealth Rock
|move|p1a: Lunatone|Future Sight|p2a: Tricky
|-start|p1a: Lunatone|move: Future Sight
|
|-weather|Sandstorm|[upkeep]
|-heal|p1a: Lunatone|72/100|[from] item: Leftovers
|-heal|p2a: Tricky|82/100 tox|[from] item: Leftovers
|-damage|p2a: Tricky|76/100 tox|[from] psn
|upkeep
|turn|22
|
|t:|1652653498
|move|p1a: Lunatone|Earth Power|p2a: Tricky
|-supereffective|p2a: Tricky
|-damage|p2a: Tricky|46/100 tox
|move|p2a: Tricky|Stealth Rock|p1a: Lunatone
|-sidestart|p1: Flamedood|move: Stealth Rock
|
|-weather|none
|-heal|p1a: Lunatone|79/100|[from] item: Leftovers
|-heal|p2a: Tricky|52/100 tox|[from] item: Leftovers
|-damage|p2a: Tricky|40/100 tox|[from] psn
|upkeep
|turn|23
|
|t:|1652653508
|switch|p2a: Wheezer|Weezing, F, shiny|57/100 brn
|-damage|p2a: Wheezer|45/100 brn|[from] Stealth Rock
|move|p1a: Lunatone|Earth Power|p2a: Wheezer
|-immune|p2a: Wheezer|[from] ability: Levitate
|
|-end|p2a: Wheezer|move: Future Sight
|-supereffective|p2a: Wheezer
|-damage|p2a: Wheezer|0 fnt
|faint|p2a: Wheezer
|-heal|p1a: Lunatone|85/100|[from] item: Leftovers
|upkeep
|
|t:|1652653520
|switch|p2a: Fleet Fox|Jolteon, F, shiny|59/100
|-status|p2a: Fleet Fox|tox
|-damage|p2a: Fleet Fox|47/100 tox|[from] Stealth Rock
|turn|24
|
|t:|1652653528
|switch|p1a: Morpeko|Morpeko, F|100/100
|move|p2a: Fleet Fox|Shadow Ball|p1a: Morpeko
|-resisted|p1a: Morpeko
|-damage|p1a: Morpeko|58/100
|
|-damage|p2a: Fleet Fox|41/100 tox|[from] psn
|-formechange|p1a: Morpeko|Morpeko-Hangry||[from] ability: Hunger Switch
|upkeep
|turn|25
|
|t:|1652653561
|switch|p2a: Radiohead|Charizard, F|76/100
|move|p1a: Morpeko|Aura Wheel|p2a: Radiohead
|-damage|p2a: Radiohead|13/100
|-boost|p1a: Morpeko|spe|1
|
|-formechange|p1a: Morpeko|Morpeko||[from] ability: Hunger Switch
|upkeep
|turn|26
|
|t:|1652653572
|move|p1a: Morpeko|Rapid Spin|p2a: Radiohead
|-damage|p2a: Radiohead|0 fnt
|-boost|p1a: Morpeko|spe|1
|-sideend|p1: Flamedood|Toxic Spikes|[from] move: Rapid Spin|[of] p1a: Morpeko
|-sideend|p1: Flamedood|Stealth Rock|[from] move: Rapid Spin|[of] p1a: Morpeko
|faint|p2a: Radiohead
|
|-formechange|p1a: Morpeko|Morpeko-Hangry||[from] ability: Hunger Switch
|upkeep
|
|t:|1652653579
|switch|p2a: Massive Attack|Scyther, F|100/100
|turn|27
|
|t:|1652653593
|switch|p1a: Weezing|Weezing, M|72/100
|move|p2a: Massive Attack|U-turn|p1a: Weezing
|-resisted|p1a: Weezing
|-damage|p1a: Weezing|61/100
|
|t:|1652653605
|switch|p2a: Tricky|Gigalith, F, shiny|40/100 tox|[from]move: U-turn
|-damage|p2a: Tricky|28/100 tox|[from] Stealth Rock
|-weather|Sandstorm|[from] ability: Sand Stream|[of] p2a: Tricky
|
|-weather|Sandstorm|[upkeep]
|-damage|p1a: Weezing|55/100|[from] Sandstorm
|-heal|p1a: Weezing|61/100|[from] item: Black Sludge
|-heal|p2a: Tricky|34/100 tox|[from] item: Leftovers
|-damage|p2a: Tricky|28/100 tox|[from] psn
|upkeep
|turn|28
|
|t:|1652653624
|switch|p1a: Poliwrath|Poliwrath, M|100/100 slp
|move|p2a: Tricky|Stealth Rock|p1a: Poliwrath
|-sidestart|p1: Flamedood|move: Stealth Rock
|
|-weather|Sandstorm|[upkeep]
|-damage|p1a: Poliwrath|94/100 slp|[from] Sandstorm
|-heal|p1a: Poliwrath|100/100 slp|[from] item: Leftovers
|-heal|p2a: Tricky|34/100 tox|[from] item: Leftovers
|-damage|p2a: Tricky|21/100 tox|[from] psn
|upkeep
|turn|29
|
|t:|1652653647
|cant|p1a: Poliwrath|slp
|move|p1a: Poliwrath|Sleep Talk|p1a: Poliwrath
|move|p1a: Poliwrath|Rest||[from]move: Sleep Talk|[still]
|-fail|p1a: Poliwrath
|move|p2a: Tricky|Earthquake|p1a: Poliwrath
|-damage|p1a: Poliwrath|82/100 slp
|
|-weather|Sandstorm|[upkeep]
|-damage|p1a: Poliwrath|75/100 slp|[from] Sandstorm
|-heal|p1a: Poliwrath|82/100 slp|[from] item: Leftovers
|-heal|p2a: Tricky|28/100 tox|[from] item: Leftovers
|-damage|p2a: Tricky|9/100 tox|[from] psn
|upkeep
|turn|30
|
|t:|1652653662
|cant|p1a: Poliwrath|slp
|move|p1a: Poliwrath|Sleep Talk|p1a: Poliwrath
|move|p1a: Poliwrath|Rest||[from]move: Sleep Talk|[still]
|-fail|p1a: Poliwrath
|move|p2a: Tricky|Earthquake|p1a: Poliwrath
|-damage|p1a: Poliwrath|62/100 slp
|
|-weather|Sandstorm|[upkeep]
|-damage|p1a: Poliwrath|56/100 slp|[from] Sandstorm
|-heal|p1a: Poliwrath|62/100 slp|[from] item: Leftovers
|-heal|p2a: Tricky|15/100 tox|[from] item: Leftovers
|-damage|p2a: Tricky|0 fnt|[from] psn
|faint|p2a: Tricky
|upkeep
|
|t:|1652653680
|switch|p2a: Fleet Fox|Jolteon, F, shiny|41/100 tox
|-damage|p2a: Fleet Fox|29/100 tox|[from] Stealth Rock
|turn|31
|
|t:|1652653689
|switch|p1a: Stunfisk|Stunfisk-Galar, M|61/100
|-damage|p1a: Stunfisk|58/100|[from] Stealth Rock
|move|p2a: Fleet Fox|Shadow Ball|p1a: Stunfisk
|-damage|p1a: Stunfisk|31/100
|
|-weather|none
|-damage|p2a: Fleet Fox|23/100 tox|[from] psn
|upkeep
|turn|32
|
|t:|1652653703
|move|p2a: Fleet Fox|Shadow Ball|p1a: Stunfisk
|-damage|p1a: Stunfisk|6/100
|move|p1a: Stunfisk|Snap Trap|p2a: Fleet Fox
|-damage|p2a: Fleet Fox|9/100 tox
|-activate|p2a: Fleet Fox|move: Snap Trap|[of] p1a: Stunfisk
|
|-damage|p2a: Fleet Fox|0 fnt|[from] psn
|faint|p2a: Fleet Fox
|upkeep
|
|t:|1652653712
|switch|p2a: Massive Attack|Scyther, F|100/100
|turn|33
|
|t:|1652653716
|move|p2a: Massive Attack|Knock Off|p1a: Stunfisk
|-damage|p1a: Stunfisk|0 fnt
|faint|p1a: Stunfisk
|
|upkeep
|
|t:|1652653724
|switch|p1a: Weezing|Weezing, M|61/100
|-damage|p1a: Weezing|49/100|[from] Stealth Rock
|turn|34
|
|t:|1652653730
|move|p2a: Massive Attack|Dual Wingbeat|p1a: Weezing
|-damage|p1a: Weezing|30/100
|-damage|p1a: Weezing|13/100
|-hitcount|p1a: Weezing|2
|move|p1a: Weezing|Pain Split|p2a: Massive Attack
|-sethp|p2a: Massive Attack|58/100|[from] move: Pain Split|[silent]
|-sethp|p1a: Weezing|49/100|[from] move: Pain Split
|
|-heal|p1a: Weezing|55/100|[from] item: Black Sludge
|upkeep
|turn|35
|
|t:|1652653742
|move|p2a: Massive Attack|Knock Off|p1a: Weezing
|-damage|p1a: Weezing|34/100
|-enditem|p1a: Weezing|Black Sludge|[from] move: Knock Off|[of] p2a: Massive Attack
|move|p1a: Weezing|Will-O-Wisp|p2a: Massive Attack|[miss]
|-miss|p1a: Weezing|p2a: Massive Attack
|
|upkeep
|turn|36
|
|t:|1652653751
|move|p2a: Massive Attack|Dual Wingbeat|p1a: Weezing
|-damage|p1a: Weezing|15/100
|-damage|p1a: Weezing|0 fnt
|faint|p1a: Weezing
|-hitcount|p1: Weezing|2
|
|upkeep
|
|t:|1652653761
|switch|p1a: Morpeko|Morpeko, F|58/100
|turn|37
|
|t:|1652653767
|move|p2a: Massive Attack|U-turn|p1a: Morpeko
|-supereffective|p1a: Morpeko
|-damage|p1a: Morpeko|0 fnt
|faint|p1a: Morpeko
|
|t:|1652653771
|switch|p2a: Modest Mouse|Sandslash, M|100/100|[from]move: U-turn
|-status|p2a: Modest Mouse|tox
|-damage|p2a: Modest Mouse|94/100 tox|[from] Stealth Rock
|
|-damage|p2a: Modest Mouse|88/100 tox|[from] psn
|upkeep
|
|t:|1652653780
|switch|p1a: Poliwrath|Poliwrath, M|62/100 slp
|-damage|p1a: Poliwrath|56/100 slp|[from] Stealth Rock
|turn|38
|
|t:|1652653789
|move|p2a: Modest Mouse|Earthquake|p1a: Poliwrath
|-crit|p1a: Poliwrath
|-damage|p1a: Poliwrath|3/100 slp
|-curestatus|p1a: Poliwrath|slp|[msg]
|move|p1a: Poliwrath|Scald|p2a: Modest Mouse
|-supereffective|p2a: Modest Mouse
|-damage|p2a: Modest Mouse|15/100 tox
|
|-heal|p1a: Poliwrath|9/100|[from] item: Leftovers
|-damage|p2a: Modest Mouse|3/100 tox|[from] psn
|upkeep
|turn|39
|
|t:|1652653804
|switch|p1a: Scyther|Scyther, M|100/100
|move|p2a: Modest Mouse|Rock Slide|p1a: Scyther
|-supereffective|p1a: Scyther
|-damage|p1a: Scyther|0 fnt
|faint|p1a: Scyther
|
|-damage|p2a: Modest Mouse|0 fnt|[from] psn
|faint|p2a: Modest Mouse
|upkeep
|
|t:|1652653815
|switch|p1a: Lunatone|Lunatone|85/100
|switch|p2a: Massive Attack|Scyther, F|58/100
|-damage|p1a: Lunatone|72/100|[from] Stealth Rock
|turn|40
|
|t:|1652653822
|move|p2a: Massive Attack|Knock Off|p1a: Lunatone
|-supereffective|p1a: Lunatone
|-damage|p1a: Lunatone|0 fnt
|-enditem|p1a: Lunatone|Leftovers|[from] move: Knock Off|[of] p2a: Massive Attack
|faint|p1a: Lunatone
|
|upkeep
|c|☆Dill Dongo67|gg this was a weird one
|
|t:|1652653829
|switch|p1a: Poliwrath|Poliwrath, M|9/100
|-damage|p1a: Poliwrath|3/100|[from] Stealth Rock
|turn|41
|
|t:|1652653837
|move|p2a: Massive Attack|U-turn|p1a: Poliwrath
|-resisted|p1a: Poliwrath
|-damage|p1a: Poliwrath|0 fnt
|faint|p1a: Poliwrath
|
|win|Dill Dongo67
|raw|Flamedood's rating: 1229 &rarr; <strong>1215</strong><br />(-14 for losing)
|raw|Dill Dongo67's rating: 1389 &rarr; <strong>1400</strong><br />(+11 for winning)
