|j|☆broken2
|j|☆jewel mcdonie
|t:|1599597309
|player|p1|broken2|greta-gen3|
|player|p2|jewel mcdonie|169|
|teamsize|p1|6
|teamsize|p2|6
|gametype|singles
|gen|8
|tier|[Gen 8] PU
|rated|Tournament battle
|clearpoke
|poke|p1|Lapras, M|
|poke|p1|Raichu, M|
|poke|p1|Klinklang|
|poke|p1|Gourgeist-*, M|
|poke|p1|Unfezant, F|
|poke|p1|Sandslash, M|
|poke|p2|Sandslash, F|
|poke|p2|Mareanie, M|
|poke|p2|Drifblim, M|
|poke|p2|Klinklang|
|poke|p2|Leafeon, M|
|poke|p2|Morpeko, M|
|rule|Sleep Clause Mod: Limit one foe put to sleep
|rule|Species Clause: Limit one of each Pokémon
|rule|OHKO Clause: OHKO moves are banned
|rule|Evasion Moves Clause: Evasion moves are banned
|rule|Endless Battle Clause: Forcing endless battles is banned
|rule|HP Percentage Mod: HP is shown in percentages
|rule|Dynamax Clause: You cannot dynamax
|teampreview
|j| Party Gengar㋛
|c|☆jewel mcdonie|hf
|inactive|Battle timer is ON: inactive players will automatically lose when time's up. (requested by jewel mcdonie)
|c|☆broken2|u2
|
|t:|1599597330
|start
|switch|p1a: Unfezant|Unfezant, F|100/100
|switch|p2a: Mareanie|Mareanie, M|100/100
|turn|1
|
|t:|1599597333
|move|p1a: Unfezant|U-turn|p2a: Mareanie
|-resisted|p2a: Mareanie
|-damage|p2a: Mareanie|92/100
|
|t:|1599597339
|switch|p1a: Lapras|Lapras, M|100/100|[from]move: U-turn
|move|p2a: Mareanie|Toxic Spikes|p1a: Lapras
|-sidestart|p1: broken2|move: Toxic Spikes
|
|upkeep
|turn|2
|
|t:|1599597348
|switch|p2a: Klinklang|Klinklang|100/100
|move|p1a: Lapras|Freeze-Dry|p2a: Klinklang
|-resisted|p2a: Klinklang
|-damage|p2a: Klinklang|91/100
|-status|p2a: Klinklang|frz
|
|-heal|p2a: Klinklang|97/100 frz|[from] item: Leftovers
|upkeep
|turn|3
|j| icening
|
|t:|1599597370
|switch|p1a: Sandslash|Sandslash, M|100/100
|-status|p1a: Sandslash|psn
|cant|p2a: Klinklang|frz
|
|-heal|p2a: Klinklang|100/100 frz|[from] item: Leftovers
|-damage|p1a: Sandslash|88/100 psn|[from] psn
|upkeep
|turn|4
|j| telemarked
|
|t:|1599597376
|switch|p2a: Drifblim|Drifblim, M|100/100
|move|p1a: Sandslash|Stealth Rock|p2a: Drifblim
|-sidestart|p2: jewel mcdonie|move: Stealth Rock
|
|-heal|p1a: Sandslash|94/100 psn|[from] item: Leftovers
|-damage|p1a: Sandslash|82/100 psn|[from] psn
|upkeep
|turn|5
|
|t:|1599597400
|move|p2a: Drifblim|Shadow Ball|p1a: Sandslash
|-damage|p1a: Sandslash|26/100 psn
|move|p1a: Sandslash|Toxic|p2a: Drifblim
|-status|p2a: Drifblim|tox
|
|-heal|p1a: Sandslash|32/100 psn|[from] item: Leftovers
|-damage|p2a: Drifblim|94/100 tox|[from] psn
|-damage|p1a: Sandslash|19/100 psn|[from] psn
|upkeep
|turn|6
|
|t:|1599597410
|switch|p1a: Unfezant|Unfezant, F|100/100
|move|p2a: Drifblim|Shadow Ball|p1a: Unfezant
|-immune|p1a: Unfezant
|
|-damage|p2a: Drifblim|82/100 tox|[from] psn
|upkeep
|turn|7
|
|t:|1599597416
|switch|p2a: Mareanie|Mareanie, M|100/100
|-damage|p2a: Mareanie|88/100|[from] Stealth Rock
|move|p1a: Unfezant|U-turn|p2a: Mareanie
|-resisted|p2a: Mareanie
|-damage|p2a: Mareanie|80/100
|
|t:|1599597424
|switch|p1a: Raichu|Raichu, M|100/100|[from]move: U-turn
|-status|p1a: Raichu|psn
|
|-damage|p1a: Raichu|88/100 psn|[from] psn
|upkeep
|turn|8
|
|t:|1599597427
|switch|p2a: Klinklang|Klinklang|100/100 frz
|-damage|p2a: Klinklang|94/100 frz|[from] Stealth Rock
|move|p1a: Raichu|Nasty Plot|p1a: Raichu
|-boost|p1a: Raichu|spa|2
|
|-heal|p2a: Klinklang|100/100 frz|[from] item: Leftovers
|-damage|p1a: Raichu|76/100 psn|[from] psn
|upkeep
|turn|9
|
|t:|1599597433
|-curestatus|p2a: Klinklang|frz|[msg]
|move|p2a: Klinklang|Protect|p2a: Klinklang
|-singleturn|p2a: Klinklang|Protect
|move|p1a: Raichu|Focus Blast|p2a: Klinklang
|-activate|p2a: Klinklang|move: Protect
|
|-damage|p1a: Raichu|64/100 psn|[from] psn
|upkeep
|turn|10
|
|t:|1599597444
|move|p1a: Raichu|Focus Blast|p2a: Klinklang
|-supereffective|p2a: Klinklang
|-damage|p2a: Klinklang|0 fnt
|-damage|p1a: Raichu|54/100 psn|[from] item: Life Orb
|faint|p2a: Klinklang
|
|-damage|p1a: Raichu|41/100 psn|[from] psn
|upkeep
|
|t:|1599597447
|switch|p2a: Morpeko|Morpeko, M|100/100
|-damage|p2a: Morpeko|88/100|[from] Stealth Rock
|turn|11
|inactive|broken2 has 120 seconds left.
|
|t:|1599597481
|move|p2a: Morpeko|Crunch|p1a: Raichu
|-damage|p1a: Raichu|0 fnt
|faint|p1a: Raichu
|
|-formechange|p2a: Morpeko|Morpeko-Hangry||[from] ability: Hunger Switch
|upkeep
|inactive|broken2 has 120 seconds left.
|
|t:|1599597487
|switch|p1a: Unfezant|Unfezant, F|100/100
|turn|12
|
|t:|1599597500
|switch|p2a: Mareanie|Mareanie, M|100/100
|-damage|p2a: Mareanie|88/100|[from] Stealth Rock
|move|p1a: Unfezant|U-turn|p2a: Mareanie
|-resisted|p2a: Mareanie
|-damage|p2a: Mareanie|80/100
|
|t:|1599597506
|switch|p1a: Lapras|Lapras, M|100/100|[from]move: U-turn
|
|upkeep
|turn|13
|
|t:|1599597522
|switch|p2a: Drifblim|Drifblim, M|82/100 tox
|-damage|p2a: Drifblim|57/100 tox|[from] Stealth Rock
|move|p1a: Lapras|Freeze-Dry|p2a: Drifblim
|-supereffective|p2a: Drifblim
|-damage|p2a: Drifblim|3/100 tox
|
|-damage|p2a: Drifblim|0 fnt|[from] psn
|faint|p2a: Drifblim
|upkeep
|
|t:|1599597526
|switch|p2a: Leafeon|Leafeon, M|100/100
|-damage|p2a: Leafeon|88/100|[from] Stealth Rock
|turn|14
|
|t:|1599597530
|switch|p1a: Gourgeist|Gourgeist, M|100/100
|-status|p1a: Gourgeist|psn
|-item|p2a: Leafeon|Leftovers|[from] ability: Frisk|[of] p1a: Gourgeist|[identify]
|move|p2a: Leafeon|Leaf Blade|p1a: Gourgeist
|-resisted|p1a: Gourgeist
|-damage|p1a: Gourgeist|79/100 psn
|
|-heal|p2a: Leafeon|94/100|[from] item: Leftovers
|-damage|p1a: Gourgeist|67/100 psn|[from] psn
|upkeep
|turn|15
|
|t:|1599597537
|move|p2a: Leafeon|Substitute|p2a: Leafeon
|-start|p2a: Leafeon|Substitute
|-damage|p2a: Leafeon|70/100
|move|p1a: Gourgeist|Poltergeist|p2a: Leafeon
|-activate|p2a: Leafeon|move: Poltergeist|Leftovers
|-end|p2a: Leafeon|Substitute
|
|-heal|p2a: Leafeon|75/100|[from] item: Leftovers
|-damage|p1a: Gourgeist|54/100 psn|[from] psn
|upkeep
|turn|16
|
|t:|1599597540
|move|p2a: Leafeon|Substitute|p2a: Leafeon
|-start|p2a: Leafeon|Substitute
|-damage|p2a: Leafeon|51/100
|move|p1a: Gourgeist|Poltergeist|p2a: Leafeon
|-activate|p2a: Leafeon|move: Poltergeist|Leftovers
|-end|p2a: Leafeon|Substitute
|
|-heal|p2a: Leafeon|57/100|[from] item: Leftovers
|-damage|p1a: Gourgeist|42/100 psn|[from] psn
|upkeep
|turn|17
|
|t:|1599597544
|move|p2a: Leafeon|Knock Off|p1a: Gourgeist
|-supereffective|p1a: Gourgeist
|-damage|p1a: Gourgeist|0 fnt
|faint|p1a: Gourgeist
|
|-heal|p2a: Leafeon|62/100|[from] item: Leftovers
|upkeep
|
|t:|1599597546
|switch|p1a: Unfezant|Unfezant, F|100/100
|turn|18
|l| icening
|
|t:|1599597550
|switch|p2a: Sandslash|Sandslash, F|100/100
|-damage|p2a: Sandslash|94/100|[from] Stealth Rock
|move|p1a: Unfezant|U-turn|p2a: Sandslash
|-damage|p2a: Sandslash|79/100
|
|t:|1599597554
|switch|p1a: Lapras|Lapras, M|100/100|[from]move: U-turn
|
|-heal|p2a: Sandslash|85/100|[from] item: Leftovers
|upkeep
|turn|19
|
|t:|1599597559
|move|p2a: Sandslash|Knock Off|p1a: Lapras
|-damage|p1a: Lapras|82/100
|-enditem|p1a: Lapras|Heavy-Duty Boots|[from] move: Knock Off|[of] p2a: Sandslash
|move|p1a: Lapras|Freeze-Dry|p2a: Sandslash
|-supereffective|p2a: Sandslash
|-damage|p2a: Sandslash|21/100
|
|-heal|p2a: Sandslash|27/100|[from] item: Leftovers
|upkeep
|turn|20
|
|t:|1599597562
|move|p2a: Sandslash|Rapid Spin|p1a: Lapras
|-damage|p1a: Lapras|71/100
|-boost|p2a: Sandslash|spe|1
|-sideend|p2: jewel mcdonie|Stealth Rock|[from] move: Rapid Spin|[of] p2a: Sandslash
|move|p1a: Lapras|Freeze-Dry|p2a: Sandslash
|-supereffective|p2a: Sandslash
|-damage|p2a: Sandslash|0 fnt
|faint|p2a: Sandslash
|
|upkeep
|
|t:|1599597566
|switch|p2a: Leafeon|Leafeon, M|62/100
|turn|21
|
|t:|1599597569
|switch|p1a: Sandslash|Sandslash, M|19/100 psn
|move|p2a: Leafeon|Leaf Blade|p1a: Sandslash
|-supereffective|p1a: Sandslash
|-damage|p1a: Sandslash|0 fnt
|faint|p1a: Sandslash
|
|-heal|p2a: Leafeon|68/100|[from] item: Leftovers
|upkeep
|
|t:|1599597571
|switch|p1a: Unfezant|Unfezant, F|100/100
|turn|22
|
|t:|1599597574
|switch|p2a: Mareanie|Mareanie, M|100/100
|move|p1a: Unfezant|Brave Bird|p2a: Mareanie
|-damage|p2a: Mareanie|58/100
|-damage|p1a: Unfezant|86/100|[from] Recoil
|
|upkeep
|turn|23
|
|t:|1599597579
|switch|p1a: Lapras|Lapras, M|71/100
|-status|p1a: Lapras|psn
|move|p2a: Mareanie|Recover|p2a: Mareanie
|-heal|p2a: Mareanie|100/100
|
|-damage|p1a: Lapras|59/100 psn|[from] psn
|upkeep
|turn|24
|
|t:|1599597585
|move|p1a: Lapras|Freeze-Dry|p2a: Mareanie
|-supereffective|p2a: Mareanie
|-damage|p2a: Mareanie|52/100
|-status|p2a: Mareanie|frz
|-curestatus|p2a: Mareanie|frz|[msg]
|move|p2a: Mareanie|Recover|p2a: Mareanie
|-heal|p2a: Mareanie|100/100
|
|-damage|p1a: Lapras|46/100 psn|[from] psn
|upkeep
|turn|25
|
|t:|1599597592
|move|p1a: Lapras|Freeze-Dry|p2a: Mareanie
|-supereffective|p2a: Mareanie
|-damage|p2a: Mareanie|46/100
|-status|p2a: Mareanie|frz
|cant|p2a: Mareanie|frz
|
|-damage|p1a: Lapras|34/100 psn|[from] psn
|upkeep
|turn|26
|
|t:|1599597597
|switch|p2a: Morpeko|Morpeko, M|88/100
|move|p1a: Lapras|Rest|p1a: Lapras
|-status|p1a: Lapras|slp|[from] move: Rest
|-heal|p1a: Lapras|100/100 slp|[silent]
|
|-formechange|p2a: Morpeko|Morpeko-Hangry||[from] ability: Hunger Switch
|upkeep
|turn|27
|c|☆broken2|im sorry lol
|
|t:|1599597605
|switch|p1a: Klinklang|Klinklang|100/100
|move|p2a: Morpeko|Aura Wheel|p1a: Klinklang
|-damage|p1a: Klinklang|55/100
|-boost|p2a: Morpeko|spe|1
|
|-heal|p1a: Klinklang|61/100|[from] item: Leftovers
|-formechange|p2a: Morpeko|Morpeko||[from] ability: Hunger Switch
|upkeep
|turn|28
|
|t:|1599597611
|move|p2a: Morpeko|Aura Wheel|p1a: Klinklang
|-damage|p1a: Klinklang|11/100
|-boost|p2a: Morpeko|spe|1
|move|p1a: Klinklang|Gear Grind|p2a: Morpeko
|-resisted|p2a: Morpeko
|-crit|p2a: Morpeko
|-damage|p2a: Morpeko|48/100
|-resisted|p2a: Morpeko
|-damage|p2a: Morpeko|23/100
|-hitcount|p2a: Morpeko|2
|
|-heal|p1a: Klinklang|17/100|[from] item: Leftovers
|-formechange|p2a: Morpeko|Morpeko-Hangry||[from] ability: Hunger Switch
|upkeep
|turn|29
|
|t:|1599597614
|move|p2a: Morpeko|Aura Wheel|p1a: Klinklang
|-damage|p1a: Klinklang|0 fnt
|-boost|p2a: Morpeko|spe|1
|faint|p1a: Klinklang
|
|-formechange|p2a: Morpeko|Morpeko||[from] ability: Hunger Switch
|upkeep
|
|t:|1599597618
|switch|p1a: Lapras|Lapras, M|100/100 slp
|turn|30
|
|t:|1599597623
|move|p2a: Morpeko|Aura Wheel|p1a: Lapras
|-supereffective|p1a: Lapras
|-damage|p1a: Lapras|24/100 slp
|-boost|p2a: Morpeko|spe|1
|cant|p1a: Lapras|slp
|move|p1a: Lapras|Sleep Talk|p1a: Lapras
|move|p1a: Lapras|Surf|p2a: Morpeko|[from]Sleep Talk
|-damage|p2a: Morpeko|0 fnt
|faint|p2a: Morpeko
|
|upkeep
|
|t:|1599597627
|switch|p2a: Leafeon|Leafeon, M|68/100
|turn|31
|
|t:|1599597631
|move|p2a: Leafeon|Leaf Blade|p1a: Lapras
|-supereffective|p1a: Lapras
|-damage|p1a: Lapras|0 fnt
|faint|p1a: Lapras
|
|-heal|p2a: Leafeon|74/100|[from] item: Leftovers
|upkeep
|
|t:|1599597633
|switch|p1a: Unfezant|Unfezant, F|86/100
|turn|32
|
|t:|1599597636
|move|p1a: Unfezant|Brave Bird|p2a: Leafeon
|-supereffective|p2a: Leafeon
|-damage|p2a: Leafeon|0 fnt
|-damage|p1a: Unfezant|64/100|[from] Recoil
|faint|p2a: Leafeon
|
|upkeep
|
|t:|1599597638
|switch|p2a: Mareanie|Mareanie, M|80/100 frz
|turn|33
|
|t:|1599597643
|move|p1a: Unfezant|Brave Bird|p2a: Mareanie
|-damage|p2a: Mareanie|39/100 frz
|-damage|p1a: Unfezant|51/100|[from] Recoil
|-curestatus|p2a: Mareanie|frz|[from] move: Scald
|move|p2a: Mareanie|Scald|p1a: Unfezant
|-damage|p1a: Unfezant|26/100
|-status|p1a: Unfezant|brn
|
|-damage|p1a: Unfezant|20/100 brn|[from] brn
|upkeep
|turn|34
|c|☆jewel mcdonie|gg
|
|t:|1599597650
|move|p1a: Unfezant|Brave Bird|p2a: Mareanie
|-damage|p2a: Mareanie|19/100
|-damage|p1a: Unfezant|14/100 brn|[from] Recoil
|move|p2a: Mareanie|Recover|p2a: Mareanie
|-heal|p2a: Mareanie|69/100
|
|-damage|p1a: Unfezant|8/100 brn|[from] brn
|upkeep
|turn|35
|c|☆broken2|gg
|
|t:|1599597655
|move|p1a: Unfezant|Brave Bird|p2a: Mareanie
|-damage|p2a: Mareanie|50/100
|-damage|p1a: Unfezant|1/100 brn|[from] Recoil
|move|p2a: Mareanie|Scald|p1a: Unfezant
|-damage|p1a: Unfezant|0 fnt
|faint|p1a: Unfezant
|
|win|jewel mcdonie
