|j|☆fckmerunning
|j|☆QiYu5
|t:|1660958022
|gametype|singles
|player|p1|fckmerunning|zinnia|1312
|player|p2|QiYu5|drayden|1484
|teamsize|p1|6
|teamsize|p2|6
|gen|8
|tier|[Gen 8] PU
|rated|
|rule|Sleep Clause Mod: Limit one foe put to sleep
|rule|Species Clause: Limit one of each Pokémon
|rule|OHKO Clause: OHKO moves are banned
|rule|Evasion Items Clause: Evasion items are banned
|rule|Evasion Moves Clause: Evasion moves are banned
|rule|Endless Battle Clause: Forcing endless battles is banned
|rule|HP Percentage Mod: HP is shown in percentages
|rule|Dynamax Clause: You cannot dynamax
|clearpoke
|poke|p1|Basculin, M|
|poke|p1|Sandslash, F|
|poke|p1|Gigalith, M|
|poke|p1|Scyther, F|
|poke|p1|Whimsicott, M|
|poke|p1|Mesprit|
|poke|p2|Archeops, F|
|poke|p2|Basculin, F|
|poke|p2|Gigalith, F|
|poke|p2|Silvally-*|
|poke|p2|Audino, F|
|poke|p2|Gourgeist-*, M|
|teampreview
|
|t:|1660958030
|start
|switch|p1a: Basculin|Basculin, M|100/100
|switch|p2a: 河里最靓滴仔|Basculin, F|100/100
|turn|1
|
|t:|1660958033
|move|p2a: 河里最靓滴仔|Flip Turn|p1a: Basculin
|-resisted|p1a: Basculin
|-damage|p1a: Basculin|69/100
|
|t:|1660958039
|switch|p2a: 如果我是dj你会爱我吗|Silvally-Fairy|100/100|[from]move: Flip Turn
|move|p1a: Basculin|Flip Turn|p2a: 如果我是dj你会爱我吗
|-damage|p2a: 如果我是dj你会爱我吗|63/100
|
|t:|1660958044
|switch|p1a: Scyther|Scyther, F|100/100|[from]move: Flip Turn
|
|upkeep
|turn|2
|
|t:|1660958048
|move|p1a: Scyther|Knock Off|p2a: 如果我是dj你会爱我吗
|-resisted|p2a: 如果我是dj你会爱我吗
|-damage|p2a: 如果我是dj你会爱我吗|56/100
|move|p2a: 如果我是dj你会爱我吗|Parting Shot|p1a: Scyther
|-unboost|p1a: Scyther|atk|1
|-unboost|p1a: Scyther|spa|1
|
|t:|1660958052
|switch|p2a: 河里最靓滴仔|Basculin, F|100/100|[from]move: Parting Shot
|
|upkeep
|turn|3
|
|t:|1660958055
|move|p2a: 河里最靓滴仔|Flip Turn|p1a: Scyther
|-damage|p1a: Scyther|46/100
|
|t:|1660958058
|switch|p2a: 如果我是dj你会爱我吗|Silvally-Fairy|56/100|[from]move: Flip Turn
|move|p1a: Scyther|U-turn|p2a: 如果我是dj你会爱我吗
|-resisted|p2a: 如果我是dj你会爱我吗
|-damage|p2a: 如果我是dj你会爱我吗|49/100
|
|t:|1660958063
|switch|p1a: Basculin|Basculin, M|69/100|[from]move: U-turn
|
|upkeep
|turn|4
|
|t:|1660958070
|switch|p2a: 迪士尼在逃公主|Audino, F|100/100
|move|p1a: Basculin|Liquidation|p2a: 迪士尼在逃公主
|-damage|p2a: 迪士尼在逃公主|54/100
|-damage|p1a: Basculin|53/100|[from] item: Rocky Helmet|[of] p2a: 迪士尼在逃公主
|
|upkeep
|turn|5
|inactive|Battle timer is ON: inactive players will automatically lose when time's up. (requested by QiYu5)
|
|t:|1660958079
|switch|p1a: Scyther|Scyther, F|46/100
|move|p2a: 迪士尼在逃公主|Wish|p2a: 迪士尼在逃公主
|
|upkeep
|turn|6
|
|t:|1660958081
|switch|p2a: 如果我是dj你会爱我吗|Silvally-Fairy|49/100
|move|p1a: Scyther|Swords Dance|p1a: Scyther
|-boost|p1a: Scyther|atk|2
|
|-heal|p2a: 如果我是dj你会爱我吗|100/100|[from] move: Wish|[wisher] 迪士尼在逃公主
|upkeep
|turn|7
|
|t:|1660958085
|move|p1a: Scyther|U-turn|p2a: 如果我是dj你会爱我吗
|-resisted|p2a: 如果我是dj你会爱我吗
|-damage|p2a: 如果我是dj你会爱我吗|77/100
|
|t:|1660958088
|switch|p1a: Gigalith|Gigalith, M|100/100|[from]move: U-turn
|-weather|Sandstorm|[from] ability: Sand Stream|[of] p1a: Gigalith
|move|p2a: 如果我是dj你会爱我吗|Multi-Attack|p1a: Gigalith
|-damage|p1a: Gigalith|70/100
|
|-weather|Sandstorm|[upkeep]
|-damage|p2a: 如果我是dj你会爱我吗|71/100|[from] Sandstorm
|-heal|p1a: Gigalith|76/100|[from] item: Leftovers
|upkeep
|turn|8
|
|t:|1660958091
|move|p2a: 如果我是dj你会爱我吗|Parting Shot|p1a: Gigalith
|-unboost|p1a: Gigalith|atk|1
|-unboost|p1a: Gigalith|spa|1
|
|t:|1660958099
|switch|p2a: 爱情来得太快就像龙卷风|Archeops, F|100/100|[from]move: Parting Shot
|move|p1a: Gigalith|Stealth Rock|p2a: 爱情来得太快就像龙卷风
|-sidestart|p2: QiYu5|move: Stealth Rock
|
|-weather|Sandstorm|[upkeep]
|-heal|p1a: Gigalith|82/100|[from] item: Leftovers
|upkeep
|turn|9
|
|t:|1660958104
|move|p2a: 爱情来得太快就像龙卷风|Stone Edge|p1a: Gigalith|[miss]
|-miss|p2a: 爱情来得太快就像龙卷风|p1a: Gigalith
|move|p1a: Gigalith|Rock Blast|p2a: 爱情来得太快就像龙卷风
|-supereffective|p2a: 爱情来得太快就像龙卷风
|-damage|p2a: 爱情来得太快就像龙卷风|74/100
|-supereffective|p2a: 爱情来得太快就像龙卷风
|-damage|p2a: 爱情来得太快就像龙卷风|49/100
|-supereffective|p2a: 爱情来得太快就像龙卷风
|-damage|p2a: 爱情来得太快就像龙卷风|24/100
|-hitcount|p2a: 爱情来得太快就像龙卷风|3
|
|-weather|Sandstorm|[upkeep]
|-heal|p1a: Gigalith|88/100|[from] item: Leftovers
|upkeep
|turn|10
|
|t:|1660958107
|move|p2a: 爱情来得太快就像龙卷风|Stone Edge|p1a: Gigalith|[miss]
|-miss|p2a: 爱情来得太快就像龙卷风|p1a: Gigalith
|move|p1a: Gigalith|Earthquake|p2a: 爱情来得太快就像龙卷风
|-immune|p2a: 爱情来得太快就像龙卷风
|
|-weather|Sandstorm|[upkeep]
|-heal|p1a: Gigalith|95/100|[from] item: Leftovers
|upkeep
|turn|11
|
|t:|1660958112
|switch|p2a: 全集中岩之呼吸|Gigalith, F|100/100
|-damage|p2a: 全集中岩之呼吸|88/100|[from] Stealth Rock
|switch|p1a: Sandslash|Sandslash, F|100/100
|
|-weather|none
|-heal|p2a: 全集中岩之呼吸|94/100|[from] item: Leftovers
|upkeep
|turn|12
|
|t:|1660958115
|move|p2a: 全集中岩之呼吸|Protect|p2a: 全集中岩之呼吸
|-singleturn|p2a: 全集中岩之呼吸|Protect
|move|p1a: Sandslash|Spikes|p2a: 全集中岩之呼吸
|-sidestart|p2: QiYu5|Spikes
|
|-heal|p2a: 全集中岩之呼吸|100/100|[from] item: Leftovers
|upkeep
|turn|13
|
|t:|1660958119
|move|p1a: Sandslash|Knock Off|p2a: 全集中岩之呼吸
|-damage|p2a: 全集中岩之呼吸|83/100
|-enditem|p2a: 全集中岩之呼吸|Leftovers|[from] move: Knock Off|[of] p1a: Sandslash
|move|p2a: 全集中岩之呼吸|Stealth Rock|p1a: Sandslash
|-sidestart|p1: fckmerunning|move: Stealth Rock
|
|upkeep
|turn|14
|
|t:|1660958122
|switch|p2a: 南瓜一颗5万要不要|Gourgeist-Super, M|100/100
|-damage|p2a: 南瓜一颗5万要不要|88/100|[from] Stealth Rock
|-damage|p2a: 南瓜一颗5万要不要|76/100|[from] Spikes
|-item|p1a: Sandslash|Leftovers|[from] ability: Frisk|[of] p2a: 南瓜一颗5万要不要|[identify]
|move|p1a: Sandslash|Knock Off|p2a: 南瓜一颗5万要不要
|-supereffective|p2a: 南瓜一颗5万要不要
|-damage|p2a: 南瓜一颗5万要不要|38/100
|-enditem|p2a: 南瓜一颗5万要不要|Life Orb|[from] move: Knock Off|[of] p1a: Sandslash
|
|upkeep
|turn|15
|
|t:|1660958133
|move|p1a: Sandslash|Knock Off|p2a: 南瓜一颗5万要不要
|-supereffective|p2a: 南瓜一颗5万要不要
|-damage|p2a: 南瓜一颗5万要不要|13/100
|move|p2a: 南瓜一颗5万要不要|Synthesis|p2a: 南瓜一颗5万要不要
|-heal|p2a: 南瓜一颗5万要不要|63/100
|
|upkeep
|turn|16
|
|t:|1660958140
|switch|p1a: Mesprit|Mesprit|100/100
|-damage|p1a: Mesprit|88/100|[from] Stealth Rock
|move|p2a: 南瓜一颗5万要不要|Poltergeist|p1a: Mesprit
|-activate|p1a: Mesprit|move: Poltergeist|Kasib Berry
|-supereffective|p1a: Mesprit
|-enditem|p1a: Mesprit|Kasib Berry|[eat]
|-enditem|p1a: Mesprit|Kasib Berry|[weaken]
|-damage|p1a: Mesprit|27/100
|
|upkeep
|turn|17
|
|t:|1660958144
|move|p2a: 南瓜一颗5万要不要|Shadow Sneak|p1a: Mesprit
|-supereffective|p1a: Mesprit
|-damage|p1a: Mesprit|0 fnt
|faint|p1a: Mesprit
|
|upkeep
|
|t:|1660958150
|switch|p1a: Scyther|Scyther, F|46/100
|turn|18
|
|t:|1660958154
|switch|p2a: 如果我是dj你会爱我吗|Silvally-Fairy|71/100
|-damage|p2a: 如果我是dj你会爱我吗|59/100|[from] Stealth Rock
|-damage|p2a: 如果我是dj你会爱我吗|47/100|[from] Spikes
|move|p1a: Scyther|Dual Wingbeat|p2a: 如果我是dj你会爱我吗|[miss]
|-miss|p1a: Scyther|p2a: 如果我是dj你会爱我吗
|
|upkeep
|turn|19
|
|t:|1660958160
|move|p1a: Scyther|Dual Wingbeat|p2a: 如果我是dj你会爱我吗
|-damage|p2a: 如果我是dj你会爱我吗|27/100
|-damage|p2a: 如果我是dj你会爱我吗|6/100
|-hitcount|p2a: 如果我是dj你会爱我吗|2
|move|p2a: 如果我是dj你会爱我吗|Defog|p1a: Scyther
|-unboost|p1a: Scyther|evasion|1
|-sideend|p1: fckmerunning|Stealth Rock|[from] move: Defog|[of] p2a: 如果我是dj你会爱我吗
|-sideend|p2: QiYu5|Spikes|[from] move: Defog|[of] p2a: 如果我是dj你会爱我吗
|-sideend|p2: QiYu5|Stealth Rock|[from] move: Defog|[of] p2a: 如果我是dj你会爱我吗
|
|upkeep
|turn|20
|
|t:|1660958165
|switch|p2a: 全集中岩之呼吸|Gigalith, F|83/100
|-weather|Sandstorm|[from] ability: Sand Stream|[of] p2a: 全集中岩之呼吸
|move|p1a: Scyther|U-turn|p2a: 全集中岩之呼吸
|-damage|p2a: 全集中岩之呼吸|60/100
|
|t:|1660958168
|switch|p1a: Sandslash|Sandslash, F|100/100|[from]move: U-turn
|
|-weather|Sandstorm|[upkeep]
|upkeep
|turn|21
|
|t:|1660958172
|switch|p2a: 迪士尼在逃公主|Audino, F|87/100
|move|p1a: Sandslash|Spikes|p2a: 迪士尼在逃公主
|-sidestart|p2: QiYu5|Spikes
|
|-weather|Sandstorm|[upkeep]
|-damage|p2a: 迪士尼在逃公主|81/100|[from] Sandstorm
|upkeep
|turn|22
|
|t:|1660958175
|move|p1a: Sandslash|Knock Off|p2a: 迪士尼在逃公主
|-damage|p2a: 迪士尼在逃公主|65/100
|-damage|p1a: Sandslash|84/100|[from] item: Rocky Helmet|[of] p2a: 迪士尼在逃公主
|-enditem|p2a: 迪士尼在逃公主|Rocky Helmet|[from] move: Knock Off|[of] p1a: Sandslash
|move|p2a: 迪士尼在逃公主|Knock Off|p1a: Sandslash
|-damage|p1a: Sandslash|74/100
|-enditem|p1a: Sandslash|Leftovers|[from] move: Knock Off|[of] p2a: 迪士尼在逃公主
|
|-weather|Sandstorm|[upkeep]
|-damage|p2a: 迪士尼在逃公主|59/100|[from] Sandstorm
|upkeep
|turn|23
|
|t:|1660958179
|move|p1a: Sandslash|Spikes|p2a: 迪士尼在逃公主
|-sidestart|p2: QiYu5|Spikes
|move|p2a: 迪士尼在逃公主|Wish|p2a: 迪士尼在逃公主
|
|-weather|Sandstorm|[upkeep]
|-damage|p2a: 迪士尼在逃公主|53/100|[from] Sandstorm
|upkeep
|turn|24
|
|t:|1660958184
|switch|p2a: 南瓜一颗5万要不要|Gourgeist-Super, M|63/100
|-damage|p2a: 南瓜一颗5万要不要|47/100|[from] Spikes
|move|p1a: Sandslash|Spikes|p2a: 南瓜一颗5万要不要
|-sidestart|p2: QiYu5|Spikes
|
|-weather|none
|-heal|p2a: 南瓜一颗5万要不要|100/100|[from] move: Wish|[wisher] 迪士尼在逃公主
|upkeep
|turn|25
|
|t:|1660958190
|switch|p1a: Whimsicott|Whimsicott, M|100/100
|move|p2a: 南瓜一颗5万要不要|Power Whip|p1a: Whimsicott
|-resisted|p1a: Whimsicott
|-damage|p1a: Whimsicott|59/100
|
|upkeep
|turn|26
|
|t:|1660958193
|move|p1a: Whimsicott|Shadow Ball|p2a: 南瓜一颗5万要不要
|-supereffective|p2a: 南瓜一颗5万要不要
|-damage|p2a: 南瓜一颗5万要不要|52/100
|move|p2a: 南瓜一颗5万要不要|Poltergeist|p1a: Whimsicott
|-activate|p1a: Whimsicott|move: Poltergeist|Heavy-Duty Boots
|-damage|p1a: Whimsicott|0 fnt
|faint|p1a: Whimsicott
|
|upkeep
|
|t:|1660958196
|switch|p1a: Scyther|Scyther, F|46/100
|turn|27
|
|t:|1660958200
|switch|p2a: 如果我是dj你会爱我吗|Silvally-Fairy|6/100
|-damage|p2a: 如果我是dj你会爱我吗|0 fnt|[from] Spikes
|faint|p2a: 如果我是dj你会爱我吗
|move|p1a: Scyther|Swords Dance|p1a: Scyther
|-boost|p1a: Scyther|atk|2
|
|upkeep
|
|t:|1660958202
|switch|p2a: 爱情来得太快就像龙卷风|Archeops, F|24/100
|turn|28
|
|t:|1660958206
|switch|p1a: Sandslash|Sandslash, F|74/100
|move|p2a: 爱情来得太快就像龙卷风|Stone Edge|p1a: Sandslash
|-resisted|p1a: Sandslash
|-damage|p1a: Sandslash|61/100
|
|upkeep
|turn|29
|
|t:|1660958211
|switch|p2a: 迪士尼在逃公主|Audino, F|86/100
|-damage|p2a: 迪士尼在逃公主|61/100|[from] Spikes
|move|p1a: Sandslash|Knock Off|p2a: 迪士尼在逃公主
|-damage|p2a: 迪士尼在逃公主|51/100
|
|upkeep
|turn|30
|
|t:|1660958217
|move|p1a: Sandslash|Earthquake|p2a: 迪士尼在逃公主
|-damage|p2a: 迪士尼在逃公主|29/100
|move|p2a: 迪士尼在逃公主|Wish|p2a: 迪士尼在逃公主
|
|upkeep
|turn|31
|
|t:|1660958223
|move|p1a: Sandslash|Knock Off|p2a: 迪士尼在逃公主
|-damage|p2a: 迪士尼在逃公主|19/100
|move|p2a: 迪士尼在逃公主|Knock Off|p1a: Sandslash
|-damage|p1a: Sandslash|54/100
|
|-heal|p2a: 迪士尼在逃公主|69/100|[from] move: Wish|[wisher] 迪士尼在逃公主
|upkeep
|turn|32
|
|t:|1660958228
|switch|p1a: Basculin|Basculin, M|53/100
|move|p2a: 迪士尼在逃公主|Wish|p2a: 迪士尼在逃公主
|
|upkeep
|turn|33
|
|t:|1660958231
|move|p1a: Basculin|Flip Turn|p2a: 迪士尼在逃公主
|-damage|p2a: 迪士尼在逃公主|34/100
|
|t:|1660958234
|switch|p1a: Sandslash|Sandslash, F|54/100|[from]move: Flip Turn
|move|p2a: 迪士尼在逃公主|Knock Off|p1a: Sandslash
|-damage|p1a: Sandslash|48/100
|
|-heal|p2a: 迪士尼在逃公主|84/100|[from] move: Wish|[wisher] 迪士尼在逃公主
|upkeep
|turn|34
|
|t:|1660958236
|switch|p1a: Gigalith|Gigalith, M|95/100
|-weather|Sandstorm|[from] ability: Sand Stream|[of] p1a: Gigalith
|move|p2a: 迪士尼在逃公主|Wish|p2a: 迪士尼在逃公主
|
|-weather|Sandstorm|[upkeep]
|-damage|p2a: 迪士尼在逃公主|78/100|[from] Sandstorm
|-heal|p1a: Gigalith|100/100|[from] item: Leftovers
|upkeep
|turn|35
|
|t:|1660958241
|switch|p2a: 爱情来得太快就像龙卷风|Archeops, F|24/100
|move|p1a: Gigalith|Stealth Rock|p2a: 爱情来得太快就像龙卷风
|-sidestart|p2: QiYu5|move: Stealth Rock
|
|-weather|Sandstorm|[upkeep]
|-heal|p2a: 爱情来得太快就像龙卷风|94/100|[from] move: Wish|[wisher] 迪士尼在逃公主
|upkeep
|turn|36
|
|t:|1660958245
|switch|p1a: Sandslash|Sandslash, F|48/100
|move|p2a: 爱情来得太快就像龙卷风|Earthquake|p1a: Sandslash
|-damage|p1a: Sandslash|6/100
|
|-weather|Sandstorm|[upkeep]
|upkeep
|turn|37
|inactive|fckmerunning has 120 seconds left.
|
|t:|1660958289
|move|p1a: Sandslash|Knock Off|p2a: 爱情来得太快就像龙卷风
|-crit|p2a: 爱情来得太快就像龙卷风
|-damage|p2a: 爱情来得太快就像龙卷风|42/100
|-enditem|p2a: 爱情来得太快就像龙卷风|Choice Band|[from] move: Knock Off|[of] p1a: Sandslash
|move|p2a: 爱情来得太快就像龙卷风|Earthquake|p1a: Sandslash
|-damage|p1a: Sandslash|0 fnt
|faint|p1a: Sandslash
|
|-weather|Sandstorm|[upkeep]
|upkeep
|
|t:|1660958292
|switch|p1a: Basculin|Basculin, M|53/100
|turn|38
|
|t:|1660958305
|move|p1a: Basculin|Flip Turn|p2a: 爱情来得太快就像龙卷风
|-supereffective|p2a: 爱情来得太快就像龙卷风
|-damage|p2a: 爱情来得太快就像龙卷风|0 fnt
|faint|p2a: 爱情来得太快就像龙卷风
|
|t:|1660958310
|switch|p1a: Gigalith|Gigalith, M|100/100|[from]move: Flip Turn
|
|-weather|none
|upkeep
|
|t:|1660958315
|switch|p2a: 南瓜一颗5万要不要|Gourgeist-Super, M|52/100
|-damage|p2a: 南瓜一颗5万要不要|28/100|[from] Spikes
|-damage|p2a: 南瓜一颗5万要不要|15/100|[from] Stealth Rock
|-item|p1a: Gigalith|Leftovers|[from] ability: Frisk|[of] p2a: 南瓜一颗5万要不要|[identify]
|turn|39
|
|t:|1660958319
|move|p2a: 南瓜一颗5万要不要|Power Whip|p1a: Gigalith
|-supereffective|p1a: Gigalith
|-damage|p1a: Gigalith|17/100
|move|p1a: Gigalith|Rock Blast|p2a: 南瓜一颗5万要不要
|-damage|p2a: 南瓜一颗5万要不要|5/100
|-damage|p2a: 南瓜一颗5万要不要|0 fnt
|faint|p2a: 南瓜一颗5万要不要
|-hitcount|p2: 南瓜一颗5万要不要|2
|
|-heal|p1a: Gigalith|23/100|[from] item: Leftovers
|upkeep
|
|t:|1660958325
|switch|p2a: 全集中岩之呼吸|Gigalith, F|60/100
|-damage|p2a: 全集中岩之呼吸|35/100|[from] Spikes
|-damage|p2a: 全集中岩之呼吸|22/100|[from] Stealth Rock
|-weather|Sandstorm|[from] ability: Sand Stream|[of] p2a: 全集中岩之呼吸
|turn|40
|
|t:|1660958327
|move|p1a: Gigalith|Earthquake|p2a: 全集中岩之呼吸
|-supereffective|p2a: 全集中岩之呼吸
|-damage|p2a: 全集中岩之呼吸|0 fnt
|faint|p2a: 全集中岩之呼吸
|
|-weather|Sandstorm|[upkeep]
|-heal|p1a: Gigalith|29/100|[from] item: Leftovers
|upkeep
|
|t:|1660958330
|switch|p2a: 河里最靓滴仔|Basculin, F|100/100
|-damage|p2a: 河里最靓滴仔|76/100|[from] Spikes
|-damage|p2a: 河里最靓滴仔|63/100|[from] Stealth Rock
|turn|41
|
|t:|1660958335
|move|p2a: 河里最靓滴仔|Liquidation|p1a: Gigalith
|-supereffective|p1a: Gigalith
|-damage|p1a: Gigalith|0 fnt
|faint|p1a: Gigalith
|
|-weather|Sandstorm|[upkeep]
|-damage|p2a: 河里最靓滴仔|57/100|[from] Sandstorm
|upkeep
|
|t:|1660958337
|switch|p1a: Basculin|Basculin, M|53/100
|turn|42
|
|t:|1660958341
|move|p2a: 河里最靓滴仔|Liquidation|p1a: Basculin
|-resisted|p1a: Basculin
|-damage|p1a: Basculin|5/100
|move|p1a: Basculin|Superpower|p2a: 河里最靓滴仔
|-damage|p2a: 河里最靓滴仔|0 fnt
|-unboost|p1a: Basculin|atk|1
|-unboost|p1a: Basculin|def|1
|faint|p2a: 河里最靓滴仔
|
|-weather|Sandstorm|[upkeep]
|-damage|p1a: Basculin|0 fnt|[from] Sandstorm
|faint|p1a: Basculin
|upkeep
|
|t:|1660958343
|switch|p1a: Scyther|Scyther, F|46/100
|switch|p2a: 迪士尼在逃公主|Audino, F|100/100
|-damage|p2a: 迪士尼在逃公主|76/100|[from] Spikes
|-damage|p2a: 迪士尼在逃公主|63/100|[from] Stealth Rock
|turn|43
|
|t:|1660958347
|move|p1a: Scyther|Swords Dance|p1a: Scyther
|-boost|p1a: Scyther|atk|2
|move|p2a: 迪士尼在逃公主|Knock Off|p1a: Scyther
|-damage|p1a: Scyther|26/100
|-enditem|p1a: Scyther|Heavy-Duty Boots|[from] move: Knock Off|[of] p2a: 迪士尼在逃公主
|
|-weather|Sandstorm|[upkeep]
|-damage|p1a: Scyther|20/100|[from] Sandstorm
|-damage|p2a: 迪士尼在逃公主|57/100|[from] Sandstorm
|upkeep
|turn|44
|
|t:|1660958351
|move|p1a: Scyther|Dual Wingbeat|p2a: 迪士尼在逃公主
|-damage|p2a: 迪士尼在逃公主|18/100
|-damage|p2a: 迪士尼在逃公主|0 fnt
|faint|p2a: 迪士尼在逃公主
|-hitcount|p2: 迪士尼在逃公主|2
|
|win|fckmerunning
|raw|fckmerunning's rating: 1312 &rarr; <strong>1341</strong><br />(+29 for winning)
|raw|QiYu5's rating: 1484 &rarr; <strong>1455</strong><br />(-29 for losing)
|l|☆QiYu5
||Ladder isn't responding, score probably updated but might not have (Request timeout).
