|j|☆Aww Shame
|j|☆allstarapology
|player|p1|Aww Shame|beauty-gen5bw2|1609
|player|p2|allstarapology|misty|1511
|teamsize|p1|6
|teamsize|p2|6
|gametype|singles
|gen|8
|tier|[Gen 8] PU
|rated|
|clearpoke
|poke|p1|Shiinotic, M|
|poke|p1|Silvally-*|
|poke|p1|Throh, M|
|poke|p1|Pawniard, F|
|poke|p1|Palpitoad, F|
|poke|p1|Glaceon, M|
|poke|p2|Roselia, M|
|poke|p2|Pawniard, F|
|poke|p2|Pikachu, F|
|poke|p2|Silvally-*|
|poke|p2|Mr. Mime, F|
|poke|p2|Throh, M|
|rule|Sleep Clause Mod: Limit one foe put to sleep
|rule|Species Clause: Limit one of each Pokémon
|rule|OHKO Clause: OHKO moves are banned
|rule|Evasion Moves Clause: Evasion moves are banned
|rule|Endless Battle Clause: Forcing endless battles is banned
|rule|HP Percentage Mod: HP is shown in percentages
|rule|Dynamax Clause: You cannot dynamax
|teampreview
|inactive|Battle timer is ON: inactive players will automatically lose when time's up. (requested by allstarapology)
|j| royesk
|c| royesk|ptf
|c| royesk|go to sleep
|inactive|Aww Shame has 120 seconds left.
|c|☆Aww Shame|ok
|
|start
|switch|p1a: Ice Queen|Glaceon, M|100/100
|switch|p2a: Roselia|Roselia, M|100/100
|turn|1
|
|move|p1a: Ice Queen|Ice Beam|p2a: Roselia
|-supereffective|p2a: Roselia
|-enditem|p2a: Roselia|Focus Sash
|-damage|p2a: Roselia|1/100
|move|p2a: Roselia|Spikes|p1a: Ice Queen
|-sidestart|p1: Aww Shame|Spikes
|
|upkeep
|turn|2
|
|switch|p2a: Pawniard|Pawniard, F|100/100
|move|p1a: Ice Queen|Ice Beam|p2a: Pawniard
|-resisted|p2a: Pawniard
|-damage|p2a: Pawniard|64/100
|
|upkeep
|turn|3
|
|switch|p2a: Roselia|Roselia, M|1/100
|move|p1a: Ice Queen|Ice Beam|p2a: Roselia
|-supereffective|p2a: Roselia
|-damage|p2a: Roselia|0 fnt
|faint|p2a: Roselia
|
|upkeep
|
|switch|p2a: Pawniard|Pawniard, F|64/100
|turn|4
|
|move|p1a: Ice Queen|Ice Beam|p2a: Pawniard
|-resisted|p2a: Pawniard
|-damage|p2a: Pawniard|28/100
|move|p2a: Pawniard|Knock Off|p1a: Ice Queen
|-damage|p1a: Ice Queen|68/100
|-enditem|p1a: Ice Queen|Choice Scarf|[from] move: Knock Off|[of] p2a: Pawniard
|
|upkeep
|turn|5
|
|move|p1a: Ice Queen|Ice Beam|p2a: Pawniard
|-resisted|p2a: Pawniard
|-damage|p2a: Pawniard|0 fnt
|faint|p2a: Pawniard
|
|upkeep
|
|switch|p2a: Pikachu|Pikachu, F|100/100
|turn|6
|
|switch|p2a: Throh|Throh, M|100/100
|switch|p1a: Ploop|Palpitoad, F|100/100
|-damage|p1a: Ploop|88/100|[from] Spikes
|
|-status|p2a: Throh|brn|[from] item: Flame Orb
|upkeep
|turn|7
|
|switch|p1a: Silvally|Silvally-Poison|100/100
|-damage|p1a: Silvally|88/100|[from] Spikes
|move|p2a: Throh|Facade|p1a: Silvally
|-damage|p1a: Silvally|12/100
|
|-damage|p2a: Throh|94/100 brn|[from] brn
|upkeep
|turn|8
|j| Hsk050
|
|move|p1a: Silvally|Multi-Attack|p2a: Throh
|-damage|p2a: Throh|41/100 brn
|move|p2a: Throh|Facade|p1a: Silvally
|-damage|p1a: Silvally|0 fnt
|faint|p1a: Silvally
|
|-damage|p2a: Throh|35/100 brn|[from] brn
|upkeep
|j| Carkoal Basculin
|
|switch|p1a: Ice Queen|Glaceon, M|68/100
|-damage|p1a: Ice Queen|56/100|[from] Spikes
|turn|9
|
|switch|p2a: Mr. Mime|Mr. Mime, F|100/100
|move|p1a: Ice Queen|Ice Beam|p2a: Mr. Mime
|-damage|p2a: Mr. Mime|43/100
|
|upkeep
|turn|10
|
|switch|p1a: Magic Shrooms|Shiinotic, M|100/100
|-damage|p1a: Magic Shrooms|88/100|[from] Spikes
|move|p2a: Mr. Mime|Psychic|p1a: Magic Shrooms
|-damage|p1a: Magic Shrooms|47/100
|
|-heal|p1a: Magic Shrooms|53/100|[from] item: Leftovers
|upkeep
|turn|11
|
|switch|p2a: Throh|Throh, M|35/100 brn
|move|p1a: Magic Shrooms|Strength Sap|p2a: Throh
|-unboost|p2a: Throh|atk|1
|-heal|p1a: Magic Shrooms|100/100
|
|-damage|p2a: Throh|29/100 brn|[from] brn
|upkeep
|turn|12
|
|switch|p2a: Mr. Mime|Mr. Mime, F|43/100
|move|p1a: Magic Shrooms|Moonblast|p2a: Mr. Mime
|-damage|p2a: Mr. Mime|2/100
|
|upkeep
|turn|13
|
|move|p2a: Mr. Mime|Dazzling Gleam|p1a: Magic Shrooms
|-damage|p1a: Magic Shrooms|66/100
|move|p1a: Magic Shrooms|Moonblast|p2a: Mr. Mime
|-damage|p2a: Mr. Mime|0 fnt
|faint|p2a: Mr. Mime
|
|-heal|p1a: Magic Shrooms|72/100|[from] item: Leftovers
|upkeep
|
|switch|p2a: Silvally|Silvally-Dragon|100/100
|turn|14
|
|move|p2a: Silvally|Flamethrower|p1a: Magic Shrooms
|-supereffective|p1a: Magic Shrooms
|-damage|p1a: Magic Shrooms|15/100
|move|p1a: Magic Shrooms|Spore|p2a: Silvally
|-status|p2a: Silvally|slp|[from] move: Spore
|
|-heal|p1a: Magic Shrooms|21/100|[from] item: Leftovers
|upkeep
|turn|15
|
|cant|p2a: Silvally|slp
|move|p1a: Magic Shrooms|Strength Sap|p2a: Silvally
|-unboost|p2a: Silvally|atk|1
|-heal|p1a: Magic Shrooms|84/100
|
|-heal|p1a: Magic Shrooms|90/100|[from] item: Leftovers
|upkeep
|turn|16
|
|-curestatus|p2a: Silvally|slp|[msg]
|move|p2a: Silvally|Flamethrower|p1a: Magic Shrooms
|-supereffective|p1a: Magic Shrooms
|-damage|p1a: Magic Shrooms|35/100
|move|p1a: Magic Shrooms|Moonblast|p2a: Silvally
|-supereffective|p2a: Silvally
|-crit|p2a: Silvally
|-damage|p2a: Silvally|4/100
|
|-heal|p1a: Magic Shrooms|42/100|[from] item: Leftovers
|upkeep
|turn|17
|
|move|p2a: Silvally|Flamethrower|p1a: Magic Shrooms
|-supereffective|p1a: Magic Shrooms
|-damage|p1a: Magic Shrooms|0 fnt
|faint|p1a: Magic Shrooms
|
|upkeep
|
|switch|p1a: Prrrrrniard|Pawniard, F|100/100
|-damage|p1a: Prrrrrniard|88/100|[from] Spikes
|turn|18
|
|switch|p2a: Pikachu|Pikachu, F|100/100
|move|p1a: Prrrrrniard|Knock Off|p2a: Pikachu
|-damage|p2a: Pikachu|0 fnt
|-enditem|p2a: Pikachu|Light Ball|[from] move: Knock Off|[of] p1a: Prrrrrniard
|faint|p2a: Pikachu
|
|upkeep
|
|switch|p2a: Silvally|Silvally-Dragon|4/100
|turn|19
|-message|allstarapology forfeited.
|
|win|Aww Shame
|l|☆allstarapology
|c|☆Aww Shame|gg
|l| Carkoal Basculin
||Ladder (probably) updated, but score could not be retrieved (Response not received).
