|j|☆i hate today 0
|j|☆GammaGoGamma
|inactive|Battle timer is ON: inactive players will automatically lose when time's up.
|t:|1632319124
|gametype|singles
|player|p1|i hate today 0|170|
|player|p2|GammaGoGamma|giovanni|
|teamsize|p1|6
|teamsize|p2|6
|gen|8
|tier|[Gen 8] PU
|rated|Tournament battle
|rule|Sleep Clause Mod: Limit one foe put to sleep
|rule|Species Clause: Limit one of each Pokémon
|rule|OHKO Clause: OHKO moves are banned
|rule|Evasion Moves Clause: Evasion moves are banned
|rule|Endless Battle Clause: Forcing endless battles is banned
|rule|HP Percentage Mod: HP is shown in percentages
|rule|Dynamax Clause: You cannot dynamax
|clearpoke
|poke|p1|Vikavolt, M|
|poke|p1|Aggron, L42, F|
|poke|p1|Druddigon, F|
|poke|p1|Absol, M|
|poke|p1|Charizard, F|
|poke|p1|Corsola-Galar, M|
|poke|p2|Scrafty, M|
|poke|p2|Weezing, F|
|poke|p2|Togedemaru, M|
|poke|p2|Uxie|
|poke|p2|Articuno|
|poke|p2|Lanturn, M|
|teampreview
|j|*Lady Monita
|j| yz89904
|c|☆i hate today 0|semifinzl
|
|t:|1632319141
|start
|switch|p1a: Druddigon|Druddigon, F|100/100
|switch|p2a: Uxie|Uxie|100/100
|turn|1
|j| Astronautovic
|
|t:|1632319147
|move|p2a: Uxie|Stealth Rock|p1a: Druddigon
|-sidestart|p1: i hate today 0|move: Stealth Rock
|move|p1a: Druddigon|Dragon Tail|p2a: Uxie
|-damage|p2a: Uxie|87/100
|drag|p2a: Togedemaru|Togedemaru, M|100/100
|
|upkeep
|turn|2
|l| Astronautovic
|
|t:|1632319153
|move|p2a: Togedemaru|Toxic|p1a: Druddigon
|-status|p1a: Druddigon|tox
|move|p1a: Druddigon|Stealth Rock|p2a: Togedemaru
|-sidestart|p2: GammaGoGamma|move: Stealth Rock
|
|-damage|p1a: Druddigon|94/100 tox|[from] psn
|upkeep
|turn|3
|
|t:|1632319160
|switch|p2a: Uxie|Uxie|87/100
|-damage|p2a: Uxie|74/100|[from] Stealth Rock
|move|p1a: Druddigon|Earthquake|p2a: Uxie
|-immune|p2a: Uxie|[from] ability: Levitate
|
|-damage|p1a: Druddigon|82/100 tox|[from] psn
|upkeep
|turn|4
|
|t:|1632319168
|move|p2a: Uxie|Psychic|p1a: Druddigon
|-damage|p1a: Druddigon|55/100 tox
|move|p1a: Druddigon|Dragon Tail|p2a: Uxie
|-damage|p2a: Uxie|60/100
|drag|p2a: Scrafty|Scrafty, M|100/100
|-damage|p2a: Scrafty|95/100|[from] Stealth Rock
|
|-heal|p2a: Scrafty|100/100|[from] item: Leftovers
|-damage|p1a: Druddigon|37/100 tox|[from] psn
|upkeep
|turn|5
|
|t:|1632319177
|move|p2a: Scrafty|Bulk Up|p2a: Scrafty
|-boost|p2a: Scrafty|atk|1
|-boost|p2a: Scrafty|def|1
|move|p1a: Druddigon|Earthquake|p2a: Scrafty
|-damage|p2a: Scrafty|84/100
|
|-heal|p2a: Scrafty|90/100|[from] item: Leftovers
|-damage|p1a: Druddigon|12/100 tox|[from] psn
|upkeep
|turn|6
|
|t:|1632319189
|move|p2a: Scrafty|Drain Punch|p1a: Druddigon
|-damage|p1a: Druddigon|0 fnt
|-heal|p2a: Scrafty|96/100|[from] drain|[of] p1a: Druddigon
|-damage|p2a: Scrafty|84/100|[from] ability: Rough Skin|[of] p1a: Druddigon
|-damage|p2a: Scrafty|68/100|[from] item: Rocky Helmet|[of] p1a: Druddigon
|faint|p1a: Druddigon
|
|-heal|p2a: Scrafty|74/100|[from] item: Leftovers
|upkeep
|
|t:|1632319205
|switch|p1a: Corsola|Corsola-Galar, M|100/100
|-damage|p1a: Corsola|88/100|[from] Stealth Rock
|turn|7
|
|t:|1632319210
|move|p2a: Scrafty|Bulk Up|p2a: Scrafty
|-boost|p2a: Scrafty|atk|1
|-boost|p2a: Scrafty|def|1
|move|p1a: Corsola|Will-O-Wisp|p2a: Scrafty
|-status|p2a: Scrafty|brn
|
|-activate|p2a: Scrafty|ability: Shed Skin
|-curestatus|p2a: Scrafty|brn|[msg]
|-heal|p2a: Scrafty|80/100|[from] item: Leftovers
|upkeep
|turn|8
|
|t:|1632319221
|move|p2a: Scrafty|Knock Off|p1a: Corsola
|-supereffective|p1a: Corsola
|-damage|p1a: Corsola|17/100
|-enditem|p1a: Corsola|Eviolite|[from] move: Knock Off|[of] p2a: Scrafty
|move|p1a: Corsola|Night Shade|p2a: Scrafty
|-damage|p2a: Scrafty|50/100
|
|-heal|p2a: Scrafty|56/100|[from] item: Leftovers
|upkeep
|turn|9
|
|t:|1632319230
|move|p2a: Scrafty|Knock Off|p1a: Corsola
|-supereffective|p1a: Corsola
|-damage|p1a: Corsola|0 fnt
|faint|p1a: Corsola
|
|-heal|p2a: Scrafty|62/100|[from] item: Leftovers
|upkeep
|
|t:|1632319236
|switch|p1a: Aggron|Aggron, L42, F|100/100
|-damage|p1a: Aggron|95/100|[from] Stealth Rock
|turn|10
|
|t:|1632319242
|move|p2a: Scrafty|Drain Punch|p1a: Aggron
|-supereffective|p1a: Aggron
|-damage|p1a: Aggron|0 fnt
|-heal|p2a: Scrafty|77/100|[from] drain|[of] p1a: Aggron
|faint|p1a: Aggron
|
|-heal|p2a: Scrafty|83/100|[from] item: Leftovers
|upkeep
|c|☆i hate today 0|gg
|c|☆i hate today 0|i cant win
|c|☆i hate today 0|gl
|inactive|i hate today 0 has 120 seconds left.
|-message|i hate today 0 forfeited.
|
|win|GammaGoGamma
|n|☆i hate today 0|ihatetoday0
|n|☆GammaGoGamma|gammagogamma
|n|*Lady Monita|ladymonita
|n| yz89904|yz89904
|l|*Lady Monita
|l|☆i hate today 0
|c|☆GammaGoGamma|gg
