|j|☆corey2
|j|☆fixing67
|t:|1625535298
|gametype|singles
|player|p1|corey2|veteran|1448
|player|p2|fixing67|galacticgrunt|1554
|teamsize|p1|6
|teamsize|p2|6
|gen|8
|tier|[Gen 8] PU
|rated|
|rule|Sleep Clause Mod: Limit one foe put to sleep
|rule|Species Clause: Limit one of each Pokémon
|rule|OHKO Clause: OHKO moves are banned
|rule|Evasion Moves Clause: Evasion moves are banned
|rule|Endless Battle Clause: Forcing endless battles is banned
|rule|HP Percentage Mod: HP is shown in percentages
|rule|Dynamax Clause: You cannot dynamax
|clearpoke
|poke|p1|Tsareena, F|
|poke|p1|Lanturn, M|
|poke|p1|Weezing, F|
|poke|p1|Sandaconda, M|
|poke|p1|Archeops, M|
|poke|p1|Ribombee, F|
|poke|p2|Weezing, M|
|poke|p2|Froslass, F|
|poke|p2|Ditto|
|poke|p2|Aggron, F|
|poke|p2|Absol, F|
|poke|p2|Rotom|
|teampreview
|
|t:|1625535328
|start
|switch|p1a: Archeops|Archeops, M|100/100
|switch|p2a: Rotom|Rotom|100/100
|turn|1
|
|t:|1625535338
|switch|p1a: Lanturn|Lanturn, M|100/100
|move|p2a: Rotom|Volt Switch|p1a: Lanturn
|-immune|p1a: Lanturn|[from] ability: Volt Absorb
|
|upkeep
|turn|2
|
|t:|1625535345
|move|p2a: Rotom|Will-O-Wisp|p1a: Lanturn
|-status|p1a: Lanturn|brn
|move|p1a: Lanturn|Surf|p2a: Rotom
|-damage|p2a: Rotom|77/100
|
|-damage|p1a: Lanturn|94/100 brn|[from] brn
|upkeep
|turn|3
|
|t:|1625535356
|move|p2a: Rotom|Hex|p1a: Lanturn
|-damage|p1a: Lanturn|67/100 brn
|move|p1a: Lanturn|Toxic|p2a: Rotom
|-status|p2a: Rotom|tox
|
|-heal|p1a: Lanturn|73/100 brn|[from] item: Leftovers
|-damage|p2a: Rotom|71/100 tox|[from] psn
|-damage|p1a: Lanturn|67/100 brn|[from] brn
|upkeep
|turn|4
|
|t:|1625535393
|switch|p2a: Ditto|Ditto|100/100
|-transform|p2a: Ditto|p1a: Lanturn|[from] ability: Imposter
|switch|p1a: Tsareena|Tsareena, F|100/100
|
|upkeep
|turn|5
|
|t:|1625535406
|switch|p2a: Weezing|Weezing, M|100/100
|move|p1a: Tsareena|Knock Off|p2a: Weezing
|-damage|p2a: Weezing|77/100
|-damage|p1a: Tsareena|84/100|[from] item: Rocky Helmet|[of] p2a: Weezing
|-enditem|p2a: Weezing|Rocky Helmet|[from] move: Knock Off|[of] p1a: Tsareena
|
|upkeep
|turn|6
|
|t:|1625535414
|switch|p1a: Lanturn|Lanturn, M|67/100 brn
|move|p2a: Weezing|Toxic Spikes|p1a: Lanturn
|-sidestart|p1: corey2|move: Toxic Spikes
|
|-heal|p1a: Lanturn|73/100 brn|[from] item: Leftovers
|-damage|p1a: Lanturn|67/100 brn|[from] brn
|upkeep
|turn|7
|
|t:|1625535425
|switch|p2a: Absol|Absol, F|100/100
|move|p1a: Lanturn|Surf|p2a: Absol
|-damage|p2a: Absol|54/100
|
|-heal|p1a: Lanturn|73/100 brn|[from] item: Leftovers
|-damage|p1a: Lanturn|67/100 brn|[from] brn
|upkeep
|turn|8
|
|t:|1625535435
|move|p2a: Absol|Knock Off|p1a: Lanturn
|-crit|p1a: Lanturn
|-damage|p1a: Lanturn|0 fnt
|-enditem|p1a: Lanturn|Leftovers|[from] move: Knock Off|[of] p2a: Absol
|faint|p1a: Lanturn
|
|upkeep
|
|t:|1625535445
|switch|p1a: Tsareena|Tsareena, F|84/100
|-status|p1a: Tsareena|psn
|turn|9
|
|t:|1625535458
|switch|p2a: Rotom|Rotom|71/100 tox
|move|p1a: Tsareena|Rapid Spin|p2a: Rotom
|-immune|p2a: Rotom
|
|-damage|p1a: Tsareena|72/100 psn|[from] psn
|-damage|p2a: Rotom|66/100 tox|[from] psn
|upkeep
|turn|10
|
|t:|1625535468
|move|p1a: Tsareena|Knock Off|p2a: Rotom
|-supereffective|p2a: Rotom
|-enditem|p2a: Rotom|Colbur Berry|[eat]
|-enditem|p2a: Rotom|Colbur Berry|[weaken]
|-damage|p2a: Rotom|18/100 tox
|move|p2a: Rotom|Hex|p1a: Tsareena
|-damage|p1a: Tsareena|40/100 psn
|
|-damage|p1a: Tsareena|28/100 psn|[from] psn
|-damage|p2a: Rotom|6/100 tox|[from] psn
|upkeep
|turn|11
|
|t:|1625535484
|switch|p2a: Weezing|Weezing, M|77/100
|move|p1a: Tsareena|Knock Off|p2a: Weezing
|-damage|p2a: Weezing|62/100
|
|-damage|p1a: Tsareena|15/100 psn|[from] psn
|upkeep
|turn|12
|
|t:|1625535495
|move|p1a: Tsareena|Rapid Spin|p2a: Weezing
|-damage|p2a: Weezing|50/100
|-boost|p1a: Tsareena|spe|1
|-sideend|p1: corey2|Toxic Spikes|[from] move: Rapid Spin|[of] p1a: Tsareena
|move|p2a: Weezing|Toxic Spikes|p1a: Tsareena
|-sidestart|p1: corey2|move: Toxic Spikes
|
|-damage|p1a: Tsareena|3/100 psn|[from] psn
|upkeep
|turn|13
|
|t:|1625535499
|move|p1a: Tsareena|Triple Axel|p2a: Weezing
|-damage|p2a: Weezing|45/100
|-damage|p2a: Weezing|35/100
|-damage|p2a: Weezing|19/100
|-hitcount|p2a: Weezing|3
|move|p2a: Weezing|Toxic Spikes|p1a: Tsareena
|-sidestart|p1: corey2|move: Toxic Spikes
|
|-damage|p1a: Tsareena|0 fnt|[from] psn
|faint|p1a: Tsareena
|upkeep
|
|t:|1625535509
|switch|p1a: Ribombee|Ribombee, F|100/100
|-status|p1a: Ribombee|tox
|turn|14
|
|t:|1625535512
|switch|p2a: Aggron|Aggron, F|100/100
|move|p1a: Ribombee|Moonblast|p2a: Aggron
|-resisted|p2a: Aggron
|-damage|p2a: Aggron|80/100
|-unboost|p2a: Aggron|spa|1
|
|-heal|p2a: Aggron|86/100|[from] item: Leftovers
|-damage|p1a: Ribombee|94/100 tox|[from] psn
|upkeep
|turn|15
|
|t:|1625535522
|switch|p1a: Sandaconda|Sandaconda, M|100/100
|-status|p1a: Sandaconda|tox
|move|p2a: Aggron|Stealth Rock|p1a: Sandaconda
|-sidestart|p1: corey2|move: Stealth Rock
|
|-heal|p2a: Aggron|92/100|[from] item: Leftovers
|-damage|p1a: Sandaconda|94/100 tox|[from] psn
|upkeep
|turn|16
|
|t:|1625535541
|switch|p2a: Absol|Absol, F|54/100
|move|p1a: Sandaconda|Stealth Rock|p2a: Absol
|-sidestart|p2: fixing67|move: Stealth Rock
|
|-damage|p1a: Sandaconda|82/100 tox|[from] psn
|upkeep
|turn|17
|
|t:|1625535550
|move|p2a: Absol|Knock Off|p1a: Sandaconda
|-crit|p1a: Sandaconda
|-damage|p1a: Sandaconda|22/100 tox
|-damage|p2a: Absol|37/100|[from] item: Rocky Helmet|[of] p1a: Sandaconda
|-enditem|p1a: Sandaconda|Rocky Helmet|[from] move: Knock Off|[of] p2a: Absol
|move|p1a: Sandaconda|Earthquake|p2a: Absol
|-damage|p2a: Absol|0 fnt
|faint|p2a: Absol
|
|-activate|p1a: Sandaconda|ability: Shed Skin
|-curestatus|p1a: Sandaconda|tox|[msg]
|upkeep
|
|t:|1625535576
|switch|p2a: Froslass|Froslass, F|100/100
|turn|18
|
|t:|1625535582
|move|p2a: Froslass|Triple Axel|p1a: Sandaconda
|-supereffective|p1a: Sandaconda
|-damage|p1a: Sandaconda|11/100
|-supereffective|p1a: Sandaconda
|-damage|p1a: Sandaconda|0 fnt
|faint|p1a: Sandaconda
|-hitcount|p1: Sandaconda|2
|
|upkeep
|
|t:|1625535590
|switch|p1a: Archeops|Archeops, M|100/100
|-damage|p1a: Archeops|76/100|[from] Stealth Rock
|turn|19
|
|t:|1625535601
|switch|p2a: Rotom|Rotom|6/100 tox
|-damage|p2a: Rotom|0 fnt|[from] Stealth Rock
|faint|p2a: Rotom
|move|p1a: Archeops|U-turn|p2: Rotom|[notarget]
|-fail|p1a: Archeops
|
|upkeep
|
|t:|1625535609
|switch|p2a: Ditto|Ditto|100/100
|-damage|p2a: Ditto|88/100|[from] Stealth Rock
|-transform|p2a: Ditto|p1a: Archeops|[from] ability: Imposter
|turn|20
|
|t:|1625535614
|move|p2a: Ditto|Stone Edge|p1a: Archeops|[miss]
|-miss|p2a: Ditto|p1a: Archeops
|move|p1a: Archeops|U-turn|p2a: Ditto
|-resisted|p2a: Ditto
|-damage|p2a: Ditto|57/100
|
|t:|1625535617
|switch|p1a: Weezing|Weezing, F|100/100|[from]move: U-turn
|-damage|p1a: Weezing|88/100|[from] Stealth Rock
|
|-heal|p1a: Weezing|94/100|[from] item: Black Sludge
|upkeep
|turn|21
|
|t:|1625535627
|move|p2a: Ditto|Stone Edge|p1a: Weezing
|-damage|p1a: Weezing|47/100
|move|p1a: Weezing|Sludge Wave|p2a: Ditto
|-resisted|p2a: Ditto
|-damage|p2a: Ditto|23/100
|
|-heal|p1a: Weezing|53/100|[from] item: Black Sludge
|upkeep
|turn|22
|
|t:|1625535638
|switch|p2a: Aggron|Aggron, F|92/100
|-damage|p2a: Aggron|86/100|[from] Stealth Rock
|move|p1a: Weezing|Fire Blast|p2a: Aggron
|-damage|p2a: Aggron|56/100
|
|-heal|p1a: Weezing|58/100|[from] item: Black Sludge
|-heal|p2a: Aggron|62/100|[from] item: Leftovers
|upkeep
|turn|23
|
|t:|1625535644
|move|p1a: Weezing|Will-O-Wisp|p2a: Aggron
|-status|p2a: Aggron|brn
|move|p2a: Aggron|Heavy Slam|p1a: Weezing
|-damage|p1a: Weezing|38/100
|
|-heal|p1a: Weezing|44/100|[from] item: Black Sludge
|-heal|p2a: Aggron|68/100 brn|[from] item: Leftovers
|-damage|p2a: Aggron|62/100 brn|[from] brn
|upkeep
|turn|24
|
|t:|1625535666
|move|p1a: Weezing|Pain Split|p2a: Aggron
|-sethp|p2a: Aggron|48/100 brn|[from] move: Pain Split|[silent]
|-sethp|p1a: Weezing|61/100|[from] move: Pain Split
|move|p2a: Aggron|Heavy Slam|p1a: Weezing
|-damage|p1a: Weezing|43/100
|
|-heal|p1a: Weezing|49/100|[from] item: Black Sludge
|-heal|p2a: Aggron|54/100 brn|[from] item: Leftovers
|-damage|p2a: Aggron|48/100 brn|[from] brn
|upkeep
|turn|25
|
|t:|1625535672
|move|p1a: Weezing|Fire Blast|p2a: Aggron
|-damage|p2a: Aggron|17/100 brn
|move|p2a: Aggron|Heavy Slam|p1a: Weezing
|-damage|p1a: Weezing|27/100
|
|-heal|p1a: Weezing|33/100|[from] item: Black Sludge
|-heal|p2a: Aggron|23/100 brn|[from] item: Leftovers
|-damage|p2a: Aggron|17/100 brn|[from] brn
|upkeep
|turn|26
|
|t:|1625535676
|move|p1a: Weezing|Fire Blast|p2a: Aggron
|-damage|p2a: Aggron|0 fnt
|faint|p2a: Aggron
|
|-heal|p1a: Weezing|39/100|[from] item: Black Sludge
|upkeep
|
|t:|1625535681
|switch|p2a: Froslass|Froslass, F|100/100
|turn|27
|
|t:|1625535685
|move|p2a: Froslass|Triple Axel|p1a: Weezing
|-damage|p1a: Weezing|33/100
|-damage|p1a: Weezing|20/100
|-damage|p1a: Weezing|0 fnt
|faint|p1a: Weezing
|-hitcount|p1: Weezing|3
|
|upkeep
|
|t:|1625535692
|switch|p1a: Archeops|Archeops, M|76/100
|-damage|p1a: Archeops|51/100|[from] Stealth Rock
|turn|28
|
|t:|1625535737
|switch|p2a: Weezing|Weezing, M|19/100
|-damage|p2a: Weezing|7/100|[from] Stealth Rock
|move|p1a: Archeops|Stone Edge|p2a: Weezing
|-damage|p2a: Weezing|0 fnt
|faint|p2a: Weezing
|
|upkeep
|
|t:|1625535740
|switch|p2a: Ditto|Ditto|23/100
|-damage|p2a: Ditto|11/100|[from] Stealth Rock
|-transform|p2a: Ditto|p1a: Archeops|[from] ability: Imposter
|turn|29
|
|t:|1625535746
|move|p2a: Ditto|Stone Edge|p1a: Archeops
|-supereffective|p1a: Archeops
|-damage|p1a: Archeops|0 fnt
|faint|p1a: Archeops
|
|upkeep
|
|t:|1625535749
|switch|p1a: Ribombee|Ribombee, F|94/100 tox
|-damage|p1a: Ribombee|69/100 tox|[from] Stealth Rock
|turn|30
|
|t:|1625535761
|move|p2a: Ditto|Stone Edge|p1a: Ribombee
|-supereffective|p1a: Ribombee
|-crit|p1a: Ribombee
|-damage|p1a: Ribombee|0 fnt
|faint|p1a: Ribombee
|
|win|fixing67
|raw|corey2's rating: 1448 &rarr; <strong>1434</strong><br />(-14 for losing)
|raw|fixing67's rating: 1554 &rarr; <strong>1568</strong><br />(+14 for winning)
|l|☆corey2
