|html|<div class="broadcast-blue"><strong>[Gen 8] PU is currently suspecting Drampa! For information on how to participate check out the <a href="https://www.smogon.com/forums/threads/np-pu-stage-7-i-hear-hyper-voices-in-my-head-drampa-suspect-test.3692992/">suspect thread</a>.</strong></div>
|j|☆Blackberry joos
|j|☆one of the bouys
|t:|1636810029
|gametype|singles
|player|p1|Blackberry joos|marley|1359
|player|p2|one of the bouys|clown|1545
|teamsize|p1|6
|teamsize|p2|6
|gen|8
|tier|[Gen 8] PU
|rated|
|rule|Sleep Clause Mod: Limit one foe put to sleep
|rule|Species Clause: Limit one of each Pokémon
|rule|OHKO Clause: OHKO moves are banned
|rule|Evasion Moves Clause: Evasion moves are banned
|rule|Endless Battle Clause: Forcing endless battles is banned
|rule|HP Percentage Mod: HP is shown in percentages
|rule|Dynamax Clause: You cannot dynamax
|clearpoke
|poke|p1|Abomasnow, F|
|poke|p1|Jellicent, F|
|poke|p1|Regirock|
|poke|p1|Unfezant, M|
|poke|p1|Silvally-*|
|poke|p1|Magmortar, F|
|poke|p2|Flapple, F|
|poke|p2|Wishiwashi, M|
|poke|p2|Vikavolt, M|
|poke|p2|Stunfisk-Galar, M|
|poke|p2|Silvally-*|
|poke|p2|Cinccino, F|
|teampreview
|
|t:|1636810039
|start
|switch|p1a: Magmortar|Magmortar, F|100/100
|switch|p2a: Cinccino|Cinccino, F|100/100
|turn|1
|
|t:|1636810048
|switch|p2a: Wishiwashi|Wishiwashi, M|100/100
|-formechange|p2a: Wishiwashi|Wishiwashi-School||[from] ability: Schooling
|switch|p1a: Regirock|Regirock|100/100
|
|upkeep
|turn|2
|
|t:|1636810056
|switch|p1a: Jellicent|Jellicent, F|100/100
|move|p2a: Wishiwashi|U-turn|p1a: Jellicent
|-resisted|p1a: Jellicent
|-damage|p1a: Jellicent|88/100
|
|t:|1636810060
|switch|p2a: Flapple|Flapple, F|100/100|[from]move: U-turn
|
|-heal|p1a: Jellicent|94/100|[from] item: Leftovers
|upkeep
|turn|3
|
|t:|1636810068
|switch|p1a: Abomasnow|Abomasnow, F|100/100
|move|p2a: Flapple|Grav Apple|p1a: Abomasnow
|-resisted|p1a: Abomasnow
|-damage|p1a: Abomasnow|57/100
|-unboost|p1a: Abomasnow|def|1
|-damage|p2a: Flapple|91/100|[from] item: Life Orb
|
|upkeep
|turn|4
|
|t:|1636810079
|switch|p2a: Cinccino|Cinccino, F|100/100
|move|p1a: Abomasnow|Ice Shard|p2a: Cinccino
|-damage|p2a: Cinccino|56/100
|
|upkeep
|turn|5
|
|t:|1636810087
|switch|p1a: Regirock|Regirock|100/100
|move|p2a: Cinccino|U-turn|p1a: Regirock
|-damage|p1a: Regirock|88/100
|-damage|p2a: Cinccino|40/100|[from] item: Rocky Helmet|[of] p1a: Regirock
|
|t:|1636810091
|switch|p2a: Vikavolt|Vikavolt, M|100/100|[from]move: U-turn
|
|upkeep
|turn|6
|
|t:|1636810103
|switch|p1a: Silvally|Silvally-Fairy|100/100
|move|p2a: Vikavolt|Volt Switch|p1a: Silvally
|-damage|p1a: Silvally|56/100
|
|t:|1636810108
|switch|p2a: Cinccino|Cinccino, F|40/100|[from]move: Volt Switch
|
|upkeep
|turn|7
|
|t:|1636810116
|move|p2a: Cinccino|Bullet Seed|p1a: Silvally
|-damage|p1a: Silvally|40/100
|-damage|p1a: Silvally|23/100
|-hitcount|p1a: Silvally|2
|move|p1a: Silvally|Multi-Attack|p2a: Cinccino
|-damage|p2a: Cinccino|0 fnt
|faint|p2a: Cinccino
|
|upkeep
|
|t:|1636810122
|switch|p2a: Stunfisk|Stunfisk-Galar, M|100/100
|turn|8
|
|t:|1636810131
|move|p1a: Silvally|Parting Shot|p2a: Stunfisk
|-unboost|p2a: Stunfisk|atk|1
|-unboost|p2a: Stunfisk|spa|1
|j| Yati426
|
|t:|1636810135
|switch|p1a: Magmortar|Magmortar, F|100/100|[from]move: Parting Shot
|move|p2a: Stunfisk|Stealth Rock|p1a: Magmortar
|-sidestart|p1: Blackberry joos|move: Stealth Rock
|
|upkeep
|turn|9
|
|t:|1636810140
|switch|p2a: Wishiwashi|Wishiwashi, M|100/100
|-formechange|p2a: Wishiwashi|Wishiwashi-School||[from] ability: Schooling
|move|p1a: Magmortar|Fire Blast|p2a: Wishiwashi
|-resisted|p2a: Wishiwashi
|-damage|p2a: Wishiwashi|70/100
|
|-heal|p2a: Wishiwashi|76/100|[from] item: Leftovers
|upkeep
|turn|10
|
|t:|1636810149
|switch|p1a: Silvally|Silvally-Fairy|23/100
|-damage|p1a: Silvally|10/100|[from] Stealth Rock
|move|p2a: Wishiwashi|Scald|p1a: Silvally
|-damage|p1a: Silvally|0 fnt
|faint|p1a: Silvally
|
|-heal|p2a: Wishiwashi|82/100|[from] item: Leftovers
|upkeep
|
|t:|1636810158
|switch|p1a: Abomasnow|Abomasnow, F|57/100
|-damage|p1a: Abomasnow|32/100|[from] Stealth Rock
|turn|11
|
|t:|1636810161
|switch|p2a: Silvally|Silvally-Fairy|100/100
|move|p1a: Abomasnow|Wood Hammer|p2a: Silvally
|-damage|p2a: Silvally|46/100
|-damage|p1a: Abomasnow|14/100|[from] Recoil
|
|upkeep
|turn|12
|
|t:|1636810171
|switch|p1a: Regirock|Regirock|88/100
|-damage|p1a: Regirock|75/100|[from] Stealth Rock
|move|p2a: Silvally|Multi-Attack|p1a: Regirock
|-damage|p1a: Regirock|60/100
|-damage|p2a: Silvally|30/100|[from] item: Rocky Helmet|[of] p1a: Regirock
|
|upkeep
|turn|13
|
|t:|1636810179
|switch|p2a: Wishiwashi|Wishiwashi, M|82/100
|-formechange|p2a: Wishiwashi|Wishiwashi-School||[from] ability: Schooling
|move|p1a: Regirock|Stealth Rock|p2a: Wishiwashi
|-sidestart|p2: one of the bouys|move: Stealth Rock
|
|-heal|p2a: Wishiwashi|89/100|[from] item: Leftovers
|upkeep
|turn|14
|
|t:|1636810182
|switch|p1a: Abomasnow|Abomasnow, F|14/100
|-damage|p1a: Abomasnow|0 fnt|[from] Stealth Rock
|faint|p1a: Abomasnow
|move|p2a: Wishiwashi|Scald|p1: Abomasnow|[notarget]
|-fail|p2a: Wishiwashi
|
|-heal|p2a: Wishiwashi|95/100|[from] item: Leftovers
|upkeep
|
|t:|1636810193
|switch|p1a: Magmortar|Magmortar, F|100/100
|-damage|p1a: Magmortar|76/100|[from] Stealth Rock
|turn|15
|
|t:|1636810195
|move|p1a: Magmortar|Thunderbolt|p2a: Wishiwashi
|-supereffective|p2a: Wishiwashi
|-damage|p2a: Wishiwashi|33/100
|move|p2a: Wishiwashi|Scald|p1a: Magmortar
|-supereffective|p1a: Magmortar
|-damage|p1a: Magmortar|0 fnt
|faint|p1a: Magmortar
|
|-heal|p2a: Wishiwashi|39/100|[from] item: Leftovers
|upkeep
|
|t:|1636810202
|switch|p1a: Unfezant|Unfezant, M|100/100
|-damage|p1a: Unfezant|76/100|[from] Stealth Rock
|turn|16
|
|t:|1636810205
|switch|p2a: Stunfisk|Stunfisk-Galar, M|100/100
|-damage|p2a: Stunfisk|97/100|[from] Stealth Rock
|move|p1a: Unfezant|Brave Bird|p2a: Stunfisk
|-resisted|p2a: Stunfisk
|-damage|p2a: Stunfisk|74/100
|-damage|p1a: Unfezant|65/100|[from] Recoil
|
|-heal|p2a: Stunfisk|80/100|[from] item: Leftovers
|upkeep
|turn|17
|
|t:|1636810211
|switch|p1a: Jellicent|Jellicent, F|94/100
|-damage|p1a: Jellicent|81/100|[from] Stealth Rock
|move|p2a: Stunfisk|Yawn|p1a: Jellicent
|-start|p1a: Jellicent|move: Yawn|[of] p2a: Stunfisk
|
|-heal|p1a: Jellicent|88/100|[from] item: Leftovers
|-heal|p2a: Stunfisk|87/100|[from] item: Leftovers
|upkeep
|turn|18
|
|t:|1636810221
|switch|p2a: Vikavolt|Vikavolt, M|100/100
|move|p1a: Jellicent|Toxic|p2a: Vikavolt
|-status|p2a: Vikavolt|tox
|
|-heal|p1a: Jellicent|94/100|[from] item: Leftovers
|-damage|p2a: Vikavolt|94/100 tox|[from] psn
|-end|p1a: Jellicent|move: Yawn|[silent]
|-status|p1a: Jellicent|slp
|upkeep
|turn|19
|
|t:|1636810230
|move|p2a: Vikavolt|Volt Switch|p1a: Jellicent
|-supereffective|p1a: Jellicent
|-damage|p1a: Jellicent|37/100 slp
|-start|p2a: Vikavolt|Disable|Volt Switch|[from] ability: Cursed Body|[of] p1a: Jellicent
|
|t:|1636810234
|switch|p2a: Flapple|Flapple, F|91/100|[from]move: Volt Switch
|-damage|p2a: Flapple|78/100|[from] Stealth Rock
|cant|p1a: Jellicent|slp
|
|-heal|p1a: Jellicent|44/100 slp|[from] item: Leftovers
|upkeep
|turn|20
|
|t:|1636810240
|move|p2a: Flapple|Grav Apple|p1a: Jellicent
|-supereffective|p1a: Jellicent
|-damage|p1a: Jellicent|0 fnt
|-start|p2a: Flapple|Disable|Grav Apple|[from] ability: Cursed Body|[of] p1a: Jellicent
|faint|p1a: Jellicent
|-damage|p2a: Flapple|68/100|[from] item: Life Orb
|
|upkeep
|
|t:|1636810246
|switch|p1a: Regirock|Regirock|60/100
|-damage|p1a: Regirock|48/100|[from] Stealth Rock
|turn|21
|
|t:|1636810248
|move|p2a: Flapple|Draco Meteor|p1a: Regirock
|-damage|p1a: Regirock|0 fnt
|-unboost|p2a: Flapple|spa|2
|faint|p1a: Regirock
|-damage|p2a: Flapple|58/100|[from] item: Life Orb
|
|upkeep
|
|t:|1636810252
|switch|p1a: Unfezant|Unfezant, M|65/100
|-damage|p1a: Unfezant|40/100|[from] Stealth Rock
|turn|22
|
|t:|1636810254
|move|p2a: Flapple|Sucker Punch|p1a: Unfezant
|-damage|p1a: Unfezant|0 fnt
|faint|p1a: Unfezant
|-damage|p2a: Flapple|48/100|[from] item: Life Orb
|
|win|one of the bouys
|raw|Blackberry joos's rating: 1359 &rarr; <strong>1349</strong><br />(-10 for losing)
|raw|one of the bouys's rating: 1545 &rarr; <strong>1555</strong><br />(+10 for winning)
|c|☆one of the bouys|gg
|l|☆Blackberry joos
