|j|☆Trigazelli
|j|☆PULT94d Mix
|t:|1628839123
|gametype|singles
|player|p1|Trigazelli|schoolkid-gen4dp|1213
|player|p2|PULT94d Mix|parasollady|1315
|teamsize|p1|6
|teamsize|p2|6
|gen|8
|tier|[Gen 8] PU
|rated|
|rule|Sleep Clause Mod: Limit one foe put to sleep
|rule|Species Clause: Limit one of each Pokémon
|rule|OHKO Clause: OHKO moves are banned
|rule|Evasion Moves Clause: Evasion moves are banned
|rule|Endless Battle Clause: Forcing endless battles is banned
|rule|HP Percentage Mod: HP is shown in percentages
|rule|Dynamax Clause: You cannot dynamax
|clearpoke
|poke|p1|Wishiwashi, F|
|poke|p1|Archeops, F|
|poke|p1|Druddigon, M|
|poke|p1|Lycanroc, M|
|poke|p1|Gigalith, F|
|poke|p1|Hitmontop, M|
|poke|p2|Charizard, F|
|poke|p2|Scrafty, F|
|poke|p2|Gigalith, F|
|poke|p2|Weezing, M|
|poke|p2|Eldegoss, F|
|poke|p2|Poliwrath, F|
|teampreview
|c|☆Trigazelli|Gl and hf
|
|t:|1628839147
|start
|switch|p1a: Gigalith|Gigalith, F|100/100
|switch|p2a: Weezing|Weezing, M|100/100
|-ability|p2a: Weezing|Neutralizing Gas
|turn|1
|
|t:|1628839152
|move|p2a: Weezing|Will-O-Wisp|p1a: Gigalith
|-status|p1a: Gigalith|brn
|move|p1a: Gigalith|Stealth Rock|p2a: Weezing
|-sidestart|p2: PULT94d Mix|move: Stealth Rock
|
|-damage|p1a: Gigalith|94/100 brn|[from] brn
|upkeep
|turn|2
|
|t:|1628839162
|switch|p1a: Wishiwashi|Wishiwashi, F|100/100
|-formechange|p1a: Wishiwashi|Wishiwashi-School||[from] ability: Schooling
|move|p2a: Weezing|Toxic Spikes|p1a: Wishiwashi
|-sidestart|p1: Trigazelli|move: Toxic Spikes
|
|upkeep
|turn|3
|
|t:|1628839174
|-end|p2a: Weezing|ability: Neutralizing Gas
|switch|p2a: Scrafty|Scrafty, F|100/100
|-damage|p2a: Scrafty|95/100|[from] Stealth Rock
|move|p1a: Wishiwashi|Ice Beam|p2a: Scrafty
|-damage|p2a: Scrafty|56/100
|-status|p2a: Scrafty|frz
|
|-activate|p2a: Scrafty|ability: Shed Skin
|-curestatus|p2a: Scrafty|frz|[msg]
|-heal|p2a: Scrafty|62/100|[from] item: Leftovers
|upkeep
|turn|4
|
|t:|1628839184
|move|p1a: Wishiwashi|Ice Beam|p2a: Scrafty
|-damage|p2a: Scrafty|26/100
|move|p2a: Scrafty|Rest|p2a: Scrafty
|-status|p2a: Scrafty|slp|[from] move: Rest
|-heal|p2a: Scrafty|100/100 slp|[silent]
|
|-activate|p2a: Scrafty|ability: Shed Skin
|-curestatus|p2a: Scrafty|slp|[msg]
|upkeep
|turn|5
|
|t:|1628839192
|move|p1a: Wishiwashi|Ice Beam|p2a: Scrafty
|-damage|p2a: Scrafty|63/100
|move|p2a: Scrafty|Knock Off|p1a: Wishiwashi
|-damage|p1a: Wishiwashi|60/100
|-enditem|p1a: Wishiwashi|Choice Specs|[from] move: Knock Off|[of] p2a: Scrafty
|
|-heal|p2a: Scrafty|69/100|[from] item: Leftovers
|upkeep
|turn|6
|
|t:|1628839200
|move|p1a: Wishiwashi|Hydro Pump|p2a: Scrafty
|-damage|p2a: Scrafty|24/100
|move|p2a: Scrafty|Rest|p2a: Scrafty
|-status|p2a: Scrafty|slp|[from] move: Rest
|-heal|p2a: Scrafty|100/100 slp|[silent]
|
|upkeep
|turn|7
|
|t:|1628839206
|switch|p1a: Hitmontop|Hitmontop, M|100/100
|-status|p1a: Hitmontop|psn
|cant|p2a: Scrafty|slp
|
|-activate|p2a: Scrafty|ability: Shed Skin
|-curestatus|p2a: Scrafty|slp|[msg]
|-damage|p1a: Hitmontop|88/100 psn|[from] psn
|upkeep
|turn|8
|
|t:|1628839218
|switch|p2a: Weezing|Weezing, M|100/100
|-ability|p2a: Weezing|Neutralizing Gas
|-damage|p2a: Weezing|88/100|[from] Stealth Rock
|move|p1a: Hitmontop|Fake Out|p2a: Weezing
|-damage|p2a: Weezing|80/100
|
|-heal|p2a: Weezing|86/100|[from] item: Black Sludge
|-damage|p1a: Hitmontop|76/100 psn|[from] psn
|upkeep
|turn|9
|
|t:|1628839233
|switch|p1a: Wishiwashi|Wishiwashi, F|60/100
|-status|p1a: Wishiwashi|psn
|-formechange|p1a: Wishiwashi|Wishiwashi-School||[from] ability: Schooling
|move|p2a: Weezing|Sludge Bomb|p1a: Wishiwashi
|-damage|p1a: Wishiwashi|30/100 psn
|
|-heal|p2a: Weezing|92/100|[from] item: Black Sludge
|-damage|p1a: Wishiwashi|17/100 psn|[from] psn
|-formechange|p1a: Wishiwashi|Wishiwashi||[from] ability: Schooling
|upkeep
|turn|10
|
|t:|1628839243
|-end|p2a: Weezing|ability: Neutralizing Gas
|switch|p2a: Scrafty|Scrafty, F|100/100
|-damage|p2a: Scrafty|95/100|[from] Stealth Rock
|move|p1a: Wishiwashi|Hydro Pump|p2a: Scrafty
|-damage|p2a: Scrafty|76/100
|
|-heal|p2a: Scrafty|82/100|[from] item: Leftovers
|-damage|p1a: Wishiwashi|5/100 psn|[from] psn
|upkeep
|turn|11
|
|t:|1628839248
|move|p1a: Wishiwashi|Flip Turn|p2a: Scrafty
|-damage|p2a: Scrafty|76/100
|
|t:|1628839253
|switch|p1a: Hitmontop|Hitmontop, M|76/100 psn|[from]move: Flip Turn
|move|p2a: Scrafty|Drain Punch|p1a: Hitmontop
|-damage|p1a: Hitmontop|49/100 psn
|-heal|p2a: Scrafty|88/100|[from] drain|[of] p1a: Hitmontop
|
|-heal|p2a: Scrafty|94/100|[from] item: Leftovers
|-damage|p1a: Hitmontop|37/100 psn|[from] psn
|upkeep
|turn|12
|
|t:|1628839263
|switch|p2a: Weezing|Weezing, M|92/100
|-ability|p2a: Weezing|Neutralizing Gas
|-damage|p2a: Weezing|79/100|[from] Stealth Rock
|move|p1a: Hitmontop|Rapid Spin|p2a: Weezing
|-damage|p2a: Weezing|70/100
|-boost|p1a: Hitmontop|spe|1
|-sideend|p1: Trigazelli|Toxic Spikes|[from] move: Rapid Spin|[of] p1a: Hitmontop
|
|-heal|p2a: Weezing|76/100|[from] item: Black Sludge
|-damage|p1a: Hitmontop|25/100 psn|[from] psn
|upkeep
|turn|13
|
|t:|1628839277
|move|p1a: Hitmontop|Triple Axel|p2a: Weezing
|-damage|p2a: Weezing|71/100
|-damage|p2a: Weezing|63/100
|-damage|p2a: Weezing|51/100
|-hitcount|p2a: Weezing|3
|move|p2a: Weezing|Toxic Spikes|p1a: Hitmontop
|-sidestart|p1: Trigazelli|move: Toxic Spikes
|
|-heal|p2a: Weezing|57/100|[from] item: Black Sludge
|-damage|p1a: Hitmontop|12/100 psn|[from] psn
|upkeep
|turn|14
|
|t:|1628839288
|move|p1a: Hitmontop|Rapid Spin|p2a: Weezing
|-damage|p2a: Weezing|47/100
|-boost|p1a: Hitmontop|spe|1
|-sideend|p1: Trigazelli|Toxic Spikes|[from] move: Rapid Spin|[of] p1a: Hitmontop
|move|p2a: Weezing|Toxic Spikes|p1a: Hitmontop
|-sidestart|p1: Trigazelli|move: Toxic Spikes
|
|-heal|p2a: Weezing|53/100|[from] item: Black Sludge
|-damage|p1a: Hitmontop|0 fnt|[from] psn
|faint|p1a: Hitmontop
|upkeep
|
|t:|1628839297
|switch|p1a: Wishiwashi|Wishiwashi, F|5/100 psn
|turn|15
|
|t:|1628839302
|-end|p2a: Weezing|ability: Neutralizing Gas
|switch|p2a: Scrafty|Scrafty, F|94/100
|-damage|p2a: Scrafty|88/100|[from] Stealth Rock
|move|p1a: Wishiwashi|Flip Turn|p2a: Scrafty
|-damage|p2a: Scrafty|83/100
|
|t:|1628839314
|switch|p1a: Archeops|Archeops, F|100/100|[from]move: Flip Turn
|
|-heal|p2a: Scrafty|89/100|[from] item: Leftovers
|upkeep
|turn|16
|
|t:|1628839320
|switch|p2a: Gigalith|Gigalith, F|100/100
|-damage|p2a: Gigalith|88/100|[from] Stealth Rock
|-weather|Sandstorm|[from] ability: Sand Stream|[of] p2a: Gigalith
|move|p1a: Archeops|U-turn|p2a: Gigalith
|-damage|p2a: Gigalith|68/100
|
|t:|1628839334
|switch|p1a: Lycanroc|Lycanroc, M|100/100|[from]move: U-turn
|-status|p1a: Lycanroc|psn
|
|-weather|Sandstorm|[upkeep]
|-heal|p2a: Gigalith|74/100|[from] item: Leftovers
|-damage|p1a: Lycanroc|88/100 psn|[from] psn
|upkeep
|turn|17
|
|t:|1628839341
|move|p2a: Gigalith|Protect|p2a: Gigalith
|-singleturn|p2a: Gigalith|Protect
|move|p1a: Lycanroc|Stone Edge|p2a: Gigalith
|-activate|p2a: Gigalith|move: Protect
|
|-weather|Sandstorm|[upkeep]
|-heal|p2a: Gigalith|80/100|[from] item: Leftovers
|-damage|p1a: Lycanroc|76/100 psn|[from] psn
|upkeep
|turn|18
|
|t:|1628839349
|move|p1a: Lycanroc|Stone Edge|p2a: Gigalith
|-damage|p2a: Gigalith|18/100
|move|p2a: Gigalith|Stealth Rock|p1a: Lycanroc
|-sidestart|p1: Trigazelli|move: Stealth Rock
|
|-weather|Sandstorm|[upkeep]
|-heal|p2a: Gigalith|24/100|[from] item: Leftovers
|-damage|p1a: Lycanroc|63/100 psn|[from] psn
|upkeep
|turn|19
|
|t:|1628839353
|move|p2a: Gigalith|Protect|p2a: Gigalith
|-singleturn|p2a: Gigalith|Protect
|move|p1a: Lycanroc|Stone Edge|p2a: Gigalith
|-activate|p2a: Gigalith|move: Protect
|
|-weather|Sandstorm|[upkeep]
|-heal|p2a: Gigalith|31/100|[from] item: Leftovers
|-damage|p1a: Lycanroc|51/100 psn|[from] psn
|upkeep
|turn|20
|
|t:|1628839365
|switch|p2a: Scrafty|Scrafty, F|89/100
|-damage|p2a: Scrafty|83/100|[from] Stealth Rock
|move|p1a: Lycanroc|Stone Edge|p2a: Scrafty
|-resisted|p2a: Scrafty
|-damage|p2a: Scrafty|46/100
|
|-weather|none
|-heal|p2a: Scrafty|52/100|[from] item: Leftovers
|-damage|p1a: Lycanroc|39/100 psn|[from] psn
|upkeep
|turn|21
|
|t:|1628839372
|switch|p1a: Wishiwashi|Wishiwashi, F|5/100 psn
|-damage|p1a: Wishiwashi|0 fnt|[from] Stealth Rock
|faint|p1a: Wishiwashi
|move|p2a: Scrafty|Bulk Up|p2a: Scrafty
|-boost|p2a: Scrafty|atk|1
|-boost|p2a: Scrafty|def|1
|
|-heal|p2a: Scrafty|58/100|[from] item: Leftovers
|upkeep
|
|t:|1628839391
|switch|p1a: Lycanroc|Lycanroc, M|39/100 psn
|-damage|p1a: Lycanroc|26/100 psn|[from] Stealth Rock
|turn|22
|
|t:|1628839405
|switch|p2a: Charizard|Charizard, F|100/100
|move|p1a: Lycanroc|Close Combat|p2a: Charizard
|-resisted|p2a: Charizard
|-damage|p2a: Charizard|55/100
|-unboost|p1a: Lycanroc|def|1
|-unboost|p1a: Lycanroc|spd|1
|
|-damage|p1a: Lycanroc|14/100 psn|[from] psn
|upkeep
|turn|23
|
|t:|1628839412
|move|p2a: Charizard|Roost|p2a: Charizard
|-heal|p2a: Charizard|100/100
|-singleturn|p2a: Charizard|move: Roost
|move|p1a: Lycanroc|Close Combat|p2a: Charizard
|-damage|p2a: Charizard|4/100
|-unboost|p1a: Lycanroc|def|1
|-unboost|p1a: Lycanroc|spd|1
|
|-damage|p1a: Lycanroc|2/100 psn|[from] psn
|upkeep
|turn|24
|
|t:|1628839419
|move|p2a: Charizard|Flamethrower|p1a: Lycanroc
|-resisted|p1a: Lycanroc
|-crit|p1a: Lycanroc
|-damage|p1a: Lycanroc|0 fnt
|faint|p1a: Lycanroc
|
|upkeep
|
|t:|1628839424
|switch|p1a: Archeops|Archeops, F|100/100
|-damage|p1a: Archeops|76/100|[from] Stealth Rock
|turn|25
|
|t:|1628839432
|move|p1a: Archeops|Stone Edge|p2a: Charizard
|-supereffective|p2a: Charizard
|-damage|p2a: Charizard|0 fnt
|faint|p2a: Charizard
|
|upkeep
|
|t:|1628839438
|switch|p2a: Poliwrath|Poliwrath, F|100/100
|-damage|p2a: Poliwrath|94/100|[from] Stealth Rock
|turn|26
|
|t:|1628839450
|switch|p1a: Druddigon|Druddigon, M|100/100
|-damage|p1a: Druddigon|88/100|[from] Stealth Rock
|-status|p1a: Druddigon|psn
|move|p2a: Poliwrath|Liquidation|p1a: Druddigon
|-resisted|p1a: Druddigon
|-damage|p1a: Druddigon|67/100 psn
|
|-heal|p1a: Druddigon|74/100 psn|[from] item: Leftovers
|-damage|p1a: Druddigon|61/100 psn|[from] psn
|upkeep
|turn|27
|
|t:|1628839461
|switch|p2a: Weezing|Weezing, M|53/100
|-ability|p2a: Weezing|Neutralizing Gas
|-damage|p2a: Weezing|41/100|[from] Stealth Rock
|move|p1a: Druddigon|Gunk Shot|p2a: Weezing
|-resisted|p2a: Weezing
|-damage|p2a: Weezing|25/100
|
|-heal|p2a: Weezing|31/100|[from] item: Black Sludge
|-heal|p1a: Druddigon|67/100 psn|[from] item: Leftovers
|-damage|p1a: Druddigon|55/100 psn|[from] psn
|upkeep
|turn|28
|
|t:|1628839471
|move|p2a: Weezing|Pain Split|p1a: Druddigon
|-sethp|p1a: Druddigon|42/100 psn|[from] move: Pain Split|[silent]
|-sethp|p2a: Weezing|45/100|[from] move: Pain Split
|move|p1a: Druddigon|Hone Claws|p1a: Druddigon
|-boost|p1a: Druddigon|atk|1
|-boost|p1a: Druddigon|accuracy|1
|
|-heal|p2a: Weezing|51/100|[from] item: Black Sludge
|-heal|p1a: Druddigon|48/100 psn|[from] item: Leftovers
|-damage|p1a: Druddigon|36/100 psn|[from] psn
|upkeep
|turn|29
|
|t:|1628839478
|move|p2a: Weezing|Sludge Bomb|p1a: Druddigon
|-damage|p1a: Druddigon|8/100 psn
|move|p1a: Druddigon|Aqua Tail|p2a: Weezing
|-damage|p2a: Weezing|17/100
|
|-heal|p2a: Weezing|23/100|[from] item: Black Sludge
|-heal|p1a: Druddigon|14/100 psn|[from] item: Leftovers
|-damage|p1a: Druddigon|2/100 psn|[from] psn
|upkeep
|turn|30
|
|t:|1628839486
|move|p2a: Weezing|Sludge Bomb|p1a: Druddigon
|-damage|p1a: Druddigon|0 fnt
|faint|p1a: Druddigon
|
|-heal|p2a: Weezing|29/100|[from] item: Black Sludge
|upkeep
|
|t:|1628839489
|switch|p1a: Archeops|Archeops, F|76/100
|-damage|p1a: Archeops|51/100|[from] Stealth Rock
|turn|31
|
|t:|1628839496
|move|p1a: Archeops|Stone Edge|p2a: Weezing|[miss]
|-miss|p1a: Archeops|p2a: Weezing
|move|p2a: Weezing|Will-O-Wisp|p1a: Archeops|[miss]
|-miss|p2a: Weezing|p1a: Archeops
|
|-heal|p2a: Weezing|35/100|[from] item: Black Sludge
|upkeep
|turn|32
|
|t:|1628839499
|move|p1a: Archeops|Stone Edge|p2a: Weezing
|-damage|p2a: Weezing|2/100
|move|p2a: Weezing|Will-O-Wisp|p1a: Archeops
|-status|p1a: Archeops|brn
|
|-heal|p2a: Weezing|8/100|[from] item: Black Sludge
|-damage|p1a: Archeops|45/100 brn|[from] brn
|upkeep
|turn|33
|
|t:|1628839505
|move|p1a: Archeops|Stone Edge|p2a: Weezing
|-damage|p2a: Weezing|0 fnt
|faint|p2a: Weezing
|-end|p2a: Weezing|ability: Neutralizing Gas
|
|-damage|p1a: Archeops|39/100 brn|[from] brn
|upkeep
|
|t:|1628839509
|switch|p2a: Poliwrath|Poliwrath, F|94/100
|-damage|p2a: Poliwrath|88/100|[from] Stealth Rock
|turn|34
|
|t:|1628839515
|move|p1a: Archeops|Stone Edge|p2a: Poliwrath
|-resisted|p2a: Poliwrath
|-crit|p2a: Poliwrath
|-damage|p2a: Poliwrath|77/100
|move|p2a: Poliwrath|Close Combat|p1a: Archeops
|-damage|p1a: Archeops|0 fnt
|-unboost|p2a: Poliwrath|def|1
|-unboost|p2a: Poliwrath|spd|1
|faint|p1a: Archeops
|
|upkeep
|
|t:|1628839517
|switch|p1a: Gigalith|Gigalith, F|94/100 brn
|-damage|p1a: Gigalith|82/100 brn|[from] Stealth Rock
|-weather|Sandstorm|[from] ability: Sand Stream|[of] p1a: Gigalith
|turn|35
|c|☆PULT94d Mix|gg
|
|t:|1628839522
|move|p2a: Poliwrath|Close Combat|p1a: Gigalith
|-supereffective|p1a: Gigalith
|-damage|p1a: Gigalith|0 fnt
|-unboost|p2a: Poliwrath|def|1
|-unboost|p2a: Poliwrath|spd|1
|faint|p1a: Gigalith
|
|win|PULT94d Mix
|raw|Trigazelli's rating: 1213 &rarr; <strong>1195</strong><br />(-18 for losing)
|raw|PULT94d Mix's rating: 1315 &rarr; <strong>1329</strong><br />(+14 for winning)
|c|☆Trigazelli|Gg
|l|☆PULT94d Mix
