|j|‽Flamedood
|j|☆Generation10
|t:|1659107047
|gametype|singles
|player|p1|Flamedood|blue|
|player|p2|Generation10|hilbert|
|teamsize|p1|6
|teamsize|p2|6
|gen|8
|tier|[Gen 8] PU
|rated|Tournament battle
|rule|Sleep Clause Mod: Limit one foe put to sleep
|rule|Species Clause: Limit one of each Pokémon
|rule|OHKO Clause: OHKO moves are banned
|rule|Evasion Moves Clause: Evasion moves are banned
|rule|Endless Battle Clause: Forcing endless battles is banned
|rule|HP Percentage Mod: HP is shown in percentages
|rule|Dynamax Clause: You cannot dynamax
|clearpoke
|poke|p1|Scyther, M|
|poke|p1|Thwackey, M|
|poke|p1|Hitmonlee, M|
|poke|p1|Comfey, F|
|poke|p1|Flapple, F|
|poke|p1|Cradily, M|
|poke|p2|Pincurchin, F|
|poke|p2|Jolteon, F|
|poke|p2|Thievul, F|
|poke|p2|Hitmonlee, M|
|poke|p2|Aggron, F|
|poke|p2|Archeops, F|
|teampreview
|inactive|Battle timer is ON: inactive players will automatically lose when time's up. (requested by Generation10)
|
|t:|1659107052
|start
|switch|p1a: Cradily|Cradily, M|100/100
|switch|p2a: Dead Man|Archeops, F|100/100
|turn|1
|j| Snorlax Double
|
|t:|1659107063
|move|p2a: Dead Man|Stealth Rock|p1a: Cradily
|-sidestart|p1: Flamedood|move: Stealth Rock
|move|p1a: Cradily|Rock Blast|p2a: Dead Man|[miss]
|-miss|p1a: Cradily|p2a: Dead Man
|
|upkeep
|turn|2
|
|t:|1659107071
|move|p2a: Dead Man|Earthquake|p1a: Cradily
|-damage|p1a: Cradily|68/100
|move|p1a: Cradily|Stealth Rock|p2a: Dead Man
|-sidestart|p2: Generation10|move: Stealth Rock
|
|upkeep
|turn|3
|
|t:|1659107079
|move|p2a: Dead Man|Earthquake|p1a: Cradily
|-damage|p1a: Cradily|34/100
|move|p1a: Cradily|Grassy Terrain|p1a: Cradily
|-fieldstart|move: Grassy Terrain
|
|-heal|p1a: Cradily|40/100|[from] Grassy Terrain
|upkeep
|turn|4
|
|t:|1659107087
|move|p2a: Dead Man|Earthquake|p1a: Cradily
|-damage|p1a: Cradily|22/100
|move|p1a: Cradily|Rock Blast|p2a: Dead Man
|-supereffective|p2a: Dead Man
|-damage|p2a: Dead Man|76/100
|-supereffective|p2a: Dead Man
|-damage|p2a: Dead Man|51/100
|-supereffective|p2a: Dead Man
|-damage|p2a: Dead Man|26/100
|-supereffective|p2a: Dead Man
|-damage|p2a: Dead Man|0 fnt
|faint|p2a: Dead Man
|-hitcount|p2: Dead Man|4
|
|-heal|p1a: Cradily|29/100|[from] Grassy Terrain
|upkeep
|j|+Haffling
|c|☆Generation10|Glhf
|
|t:|1659107105
|switch|p2a: Pincurchin|Pincurchin, F|100/100
|-damage|p2a: Pincurchin|88/100|[from] Stealth Rock
|-fieldstart|move: Electric Terrain|[from] ability: Electric Surge|[of] p2a: Pincurchin
|turn|5
|
|t:|1659107111
|move|p2a: Pincurchin|Rising Voltage|p1a: Cradily
|-hint|Rising Voltage's BP doubled on grounded target.
|-resisted|p1a: Cradily
|-crit|p1a: Cradily
|-damage|p1a: Cradily|0 fnt
|faint|p1a: Cradily
|
|upkeep
|
|t:|1659107123
|switch|p1a: Thwackey|Thwackey, M|100/100
|-damage|p1a: Thwackey|88/100|[from] Stealth Rock
|-fieldstart|move: Grassy Terrain|[from] ability: Grassy Surge|[of] p1a: Thwackey
|turn|6
|c|☆Generation10|Lol terrain battle
|
|t:|1659107146
|move|p1a: Thwackey|Wood Hammer|p2a: Pincurchin
|-damage|p2a: Pincurchin|0 fnt
|faint|p2a: Pincurchin
|-damage|p1a: Thwackey|63/100|[from] Recoil
|
|-heal|p1a: Thwackey|70/100|[from] Grassy Terrain
|upkeep
|
|t:|1659107154
|switch|p2a: Thief|Thievul, F|100/100
|-damage|p2a: Thief|88/100|[from] Stealth Rock
|turn|7
|
|t:|1659107162
|switch|p1a: Comfey|Comfey, F|100/100
|-damage|p1a: Comfey|88/100|[from] Stealth Rock
|move|p2a: Thief|Nasty Plot|p2a: Thief
|-boost|p2a: Thief|spa|2
|
|-heal|p2a: Thief|94/100|[from] Grassy Terrain
|-heal|p1a: Comfey|94/100|[from] Grassy Terrain
|upkeep
|turn|8
|
|t:|1659107175
|move|p1a: Comfey|Draining Kiss|p2a: Thief
|-supereffective|p2a: Thief
|-damage|p2a: Thief|51/100
|-heal|p1a: Comfey|100/100|[from] drain|[of] p2a: Thief
|move|p2a: Thief|Psychic|p1a: Comfey
|-damage|p1a: Comfey|46/100
|
|-heal|p2a: Thief|57/100|[from] Grassy Terrain
|-heal|p1a: Comfey|52/100|[from] Grassy Terrain
|upkeep
|turn|9
|
|t:|1659107186
|move|p1a: Comfey|Draining Kiss|p2a: Thief
|-supereffective|p2a: Thief
|-damage|p2a: Thief|16/100
|-heal|p1a: Comfey|81/100|[from] drain|[of] p2a: Thief
|move|p2a: Thief|Psychic|p1a: Comfey
|-damage|p1a: Comfey|23/100
|
|-heal|p2a: Thief|22/100|[from] Grassy Terrain
|-heal|p1a: Comfey|30/100|[from] Grassy Terrain
|upkeep
|turn|10
|
|t:|1659107197
|move|p1a: Comfey|Draining Kiss|p2a: Thief
|-supereffective|p2a: Thief
|-damage|p2a: Thief|0 fnt
|-heal|p1a: Comfey|45/100|[from] drain|[of] p2a: Thief
|faint|p2a: Thief
|
|-heal|p1a: Comfey|51/100|[from] Grassy Terrain
|-fieldend|move: Grassy Terrain
|upkeep
|
|t:|1659107207
|switch|p2a: Bruce Lee|Hitmonlee, M|100/100
|-damage|p2a: Bruce Lee|94/100|[from] Stealth Rock
|turn|11
|
|t:|1659107211
|move|p1a: Comfey|Draining Kiss|p2a: Bruce Lee
|-supereffective|p2a: Bruce Lee
|-damage|p2a: Bruce Lee|54/100
|-heal|p1a: Comfey|75/100|[from] drain|[of] p2a: Bruce Lee
|move|p2a: Bruce Lee|Poison Jab|p1a: Comfey
|-supereffective|p1a: Comfey
|-damage|p1a: Comfey|29/100
|-status|p1a: Comfey|psn
|-enditem|p1a: Comfey|Kee Berry|[eat]
|-boost|p1a: Comfey|def|1|[from] item: Kee Berry
|
|-damage|p1a: Comfey|17/100 psn|[from] psn
|upkeep
|turn|12
|c|☆Generation10|Your going to win
|
|t:|1659107236
|move|p1a: Comfey|Draining Kiss|p2a: Bruce Lee
|-supereffective|p2a: Bruce Lee
|-damage|p2a: Bruce Lee|15/100
|-heal|p1a: Comfey|40/100 psn|[from] drain|[of] p2a: Bruce Lee
|move|p2a: Bruce Lee|Poison Jab|p1a: Comfey
|-supereffective|p1a: Comfey
|-damage|p1a: Comfey|9/100 psn
|
|-damage|p1a: Comfey|0 fnt|[from] psn
|faint|p1a: Comfey
|upkeep
|
|t:|1659107250
|switch|p1a: Thwackey|Thwackey, M|70/100
|-damage|p1a: Thwackey|57/100|[from] Stealth Rock
|-fieldstart|move: Grassy Terrain|[from] ability: Grassy Surge|[of] p1a: Thwackey
|turn|13
|
|t:|1659107257
|move|p1a: Thwackey|Grassy Glide|p2a: Bruce Lee
|-crit|p2a: Bruce Lee
|-damage|p2a: Bruce Lee|0 fnt
|faint|p2a: Bruce Lee
|
|-heal|p1a: Thwackey|63/100|[from] Grassy Terrain
|upkeep
|
|t:|1659107267
|switch|p2a: Heaviness|Aggron, F|100/100
|-damage|p2a: Heaviness|94/100|[from] Stealth Rock
|turn|14
|l| Snorlax Double
|
|t:|1659107273
|switch|p1a: Hitmonlee|Hitmonlee, M|100/100
|-damage|p1a: Hitmonlee|94/100|[from] Stealth Rock
|-enditem|p1a: Hitmonlee|Grassy Seed
|-boost|p1a: Hitmonlee|def|1|[from] item: Grassy Seed
|move|p2a: Heaviness|Avalanche|p1a: Hitmonlee
|-damage|p1a: Hitmonlee|64/100
|
|-heal|p1a: Hitmonlee|71/100|[from] Grassy Terrain
|-heal|p2a: Heaviness|100/100|[from] Grassy Terrain
|upkeep
|turn|15
|
|t:|1659107285
|move|p1a: Hitmonlee|Close Combat|p2a: Heaviness
|-supereffective|p2a: Heaviness
|-damage|p2a: Heaviness|0 fnt
|-unboost|p1a: Hitmonlee|def|1
|-unboost|p1a: Hitmonlee|spd|1
|faint|p2a: Heaviness
|
|-heal|p1a: Hitmonlee|77/100|[from] Grassy Terrain
|upkeep
|
|t:|1659107294
|switch|p2a: Jolteon|Jolteon, F|100/100
|-damage|p2a: Jolteon|88/100|[from] Stealth Rock
|turn|16
|j|+Oathkeeper
|
|t:|1659107301
|move|p1a: Hitmonlee|Close Combat|p2a: Jolteon
|-damage|p2a: Jolteon|0 fnt
|-unboost|p1a: Hitmonlee|def|1
|-unboost|p1a: Hitmonlee|spd|1
|faint|p2a: Jolteon
|
|win|Flamedood
|n|‽Flamedood|flamedood
|n|☆Generation10|generation10
|n| Haffling|haffling
|n|+Oathkeeper|oathkeeper
