|j|☆un vigoroth
|j|☆Conor3197❤☁☆
|player|p1|un vigoroth|swimmer-gen4dp|1310
|player|p2|Conor3197❤☁☆|265|1105
|teamsize|p1|6
|teamsize|p2|6
|gametype|singles
|gen|8
|tier|[Gen 8] PU
|rated|
|clearpoke
|poke|p1|Silvally-*|
|poke|p1|Throh, M|
|poke|p1|Baltoy|
|poke|p1|Mawile, M|
|poke|p1|Mr. Mime, F|
|poke|p1|Manectric, F|
|poke|p2|Stonjourner, M|
|poke|p2|Lunatone|
|poke|p2|Hippopotas, F|
|poke|p2|Munchlax, F|
|poke|p2|Gourgeist-*, F|
|poke|p2|Pawniard, M|
|rule|Sleep Clause Mod: Limit one foe put to sleep
|rule|Species Clause: Limit one of each Pokémon
|rule|OHKO Clause: OHKO moves are banned
|rule|Evasion Moves Clause: Evasion moves are banned
|rule|Endless Battle Clause: Forcing endless battles is banned
|rule|HP Percentage Mod: HP is shown in percentages
|rule|Dynamax Clause: You cannot dynamax
|teampreview
|
|start
|switch|p1a: CLAYGOD JR|Baltoy|100/100
|switch|p2a: Hippopotas|Hippopotas, F|100/100
|-weather|Sandstorm|[from] ability: Sand Stream|[of] p2a: Hippopotas
|turn|1
|
|switch|p2a: Lunatone|Lunatone|100/100
|move|p1a: CLAYGOD JR|Toxic|p2a: Lunatone
|-status|p2a: Lunatone|tox
|
|-weather|Sandstorm|[upkeep]
|-damage|p2a: Lunatone|94/100 tox|[from] psn
|upkeep
|turn|2
|
|move|p2a: Lunatone|Nasty Plot|p2a: Lunatone
|-boost|p2a: Lunatone|spa|2
|move|p1a: CLAYGOD JR|Stealth Rock|p2a: Lunatone
|-sidestart|p2: Conor3197❤☁☆|move: Stealth Rock
|
|-weather|Sandstorm|[upkeep]
|-damage|p2a: Lunatone|82/100 tox|[from] psn
|upkeep
|turn|3
|
|move|p2a: Lunatone|Rock Polish|p2a: Lunatone
|-boost|p2a: Lunatone|spe|2
|move|p1a: CLAYGOD JR|Rapid Spin|p2a: Lunatone
|-resisted|p2a: Lunatone
|-damage|p2a: Lunatone|79/100 tox
|-boost|p1a: CLAYGOD JR|spe|1
|
|-weather|Sandstorm|[upkeep]
|-damage|p2a: Lunatone|60/100 tox|[from] psn
|upkeep
|turn|4
|
|move|p2a: Lunatone|Power Gem|p1a: CLAYGOD JR
|-resisted|p1a: CLAYGOD JR
|-damage|p1a: CLAYGOD JR|62/100
|move|p1a: CLAYGOD JR|Rapid Spin|p2a: Lunatone
|-resisted|p2a: Lunatone
|-damage|p2a: Lunatone|57/100 tox
|-boost|p1a: CLAYGOD JR|spe|1
|
|-weather|Sandstorm|[upkeep]
|-damage|p2a: Lunatone|32/100 tox|[from] psn
|upkeep
|turn|5
|
|move|p2a: Lunatone|Power Gem|p1a: CLAYGOD JR
|-resisted|p1a: CLAYGOD JR
|-damage|p1a: CLAYGOD JR|29/100
|move|p1a: CLAYGOD JR|Rapid Spin|p2a: Lunatone
|-resisted|p2a: Lunatone
|-damage|p2a: Lunatone|29/100 tox
|-boost|p1a: CLAYGOD JR|spe|1
|
|-weather|none
|-damage|p2a: Lunatone|0 fnt|[from] psn
|faint|p2a: Lunatone
|upkeep
|
|switch|p2a: Pawniard|Pawniard, M|100/100
|-damage|p2a: Pawniard|94/100|[from] Stealth Rock
|turn|6
|
|move|p1a: CLAYGOD JR|Earth Power|p2a: Pawniard
|-supereffective|p2a: Pawniard
|-damage|p2a: Pawniard|34/100
|move|p2a: Pawniard|Swords Dance|p2a: Pawniard
|-boost|p2a: Pawniard|atk|2
|
|upkeep
|turn|7
|
|move|p2a: Pawniard|Sucker Punch|p1a: CLAYGOD JR
|-supereffective|p1a: CLAYGOD JR
|-damage|p1a: CLAYGOD JR|0 fnt
|faint|p1a: CLAYGOD JR
|
|upkeep
|
|switch|p1a: Throh|Throh, M|100/100
|-ability|p1a: Throh|Mold Breaker
|turn|8
|
|move|p2a: Pawniard|Iron Head|p1a: Throh
|-damage|p1a: Throh|40/100
|move|p1a: Throh|Storm Throw|p2a: Pawniard
|-supereffective|p2a: Pawniard
|-crit|p2a: Pawniard
|-damage|p2a: Pawniard|0 fnt
|faint|p2a: Pawniard
|
|-heal|p1a: Throh|46/100|[from] item: Leftovers
|upkeep
|
|switch|p2a: Gourgeist|Gourgeist, F|100/100
|-damage|p2a: Gourgeist|88/100|[from] Stealth Rock
|-item|p1a: Throh|Leftovers|[from] ability: Frisk|[of] p2a: Gourgeist|[identify]
|turn|9
|
|switch|p1a: Manectric|Manectric, F|100/100
|move|p2a: Gourgeist|Power Whip|p1a: Manectric
|-damage|p1a: Manectric|0 fnt
|-damage|p2a: Gourgeist|78/100|[from] item: Life Orb
|faint|p1a: Manectric
|
|upkeep
|
|switch|p1a: Mawile|Mawile, M|100/100
|turn|10
|
|move|p1a: Mawile|Sucker Punch|p2a: Gourgeist
|-supereffective|p2a: Gourgeist
|-damage|p2a: Gourgeist|20/100
|-damage|p1a: Mawile|91/100|[from] item: Life Orb
|move|p2a: Gourgeist|Fire Blast|p1a: Mawile
|-supereffective|p1a: Mawile
|-damage|p1a: Mawile|0 fnt
|-damage|p2a: Gourgeist|10/100|[from] item: Life Orb
|faint|p1a: Mawile
|
|upkeep
|
|switch|p1a: Silvally|Silvally-Dragon|100/100
|turn|11
|
|switch|p2a: Hippopotas|Hippopotas, F|100/100
|-damage|p2a: Hippopotas|94/100|[from] Stealth Rock
|-weather|Sandstorm|[from] ability: Sand Stream|[of] p2a: Hippopotas
|move|p1a: Silvally|Swords Dance|p1a: Silvally
|-boost|p1a: Silvally|atk|2
|
|-weather|Sandstorm|[upkeep]
|-damage|p1a: Silvally|94/100|[from] Sandstorm
|upkeep
|turn|12
|
|move|p1a: Silvally|Multi-Attack|p2a: Hippopotas
|-damage|p2a: Hippopotas|35/100
|move|p2a: Hippopotas|Roar|p1a: Silvally
|drag|p1a: Mr. Mime|Mr. Mime, F|100/100
|
|-weather|Sandstorm|[upkeep]
|-damage|p1a: Mr. Mime|95/100|[from] Sandstorm
|upkeep
|turn|13
|
|move|p1a: Mr. Mime|Trick|p2a: Hippopotas
|-activate|p1a: Mr. Mime|move: Trick|[of] p2a: Hippopotas
|-item|p2a: Hippopotas|Choice Scarf|[from] move: Trick
|-item|p1a: Mr. Mime|Eviolite|[from] move: Trick
|move|p2a: Hippopotas|Slack Off|p2a: Hippopotas
|-heal|p2a: Hippopotas|85/100
|
|-weather|Sandstorm|[upkeep]
|-damage|p1a: Mr. Mime|89/100|[from] Sandstorm
|upkeep
|turn|14
|
|switch|p2a: Munchlax|Munchlax, F|100/100
|-damage|p2a: Munchlax|88/100|[from] Stealth Rock
|move|p1a: Mr. Mime|Healing Wish|p1a: Mr. Mime
|faint|p1a: Mr. Mime
|
|-weather|Sandstorm|[upkeep]
|-damage|p2a: Munchlax|82/100|[from] Sandstorm
|upkeep
|
|switch|p1a: Throh|Throh, M|46/100
|-heal|p1a: Throh|100/100|[from] move: Healing Wish
|-ability|p1a: Throh|Mold Breaker
|turn|15
|
|move|p1a: Throh|Substitute|p1a: Throh
|-start|p1a: Throh|Substitute
|-damage|p1a: Throh|76/100
|move|p2a: Munchlax|Body Slam|p1a: Throh
|-activate|p1a: Throh|move: Substitute|[damage]
|
|-weather|none
|-heal|p1a: Throh|82/100|[from] item: Leftovers
|upkeep
|turn|16
|
|move|p1a: Throh|Bulk Up|p1a: Throh
|-boost|p1a: Throh|atk|1
|-boost|p1a: Throh|def|1
|move|p2a: Munchlax|Body Slam|p1a: Throh
|-end|p1a: Throh|Substitute
|
|-heal|p1a: Throh|88/100|[from] item: Leftovers
|upkeep
|turn|17
|
|move|p1a: Throh|Substitute|p1a: Throh
|-start|p1a: Throh|Substitute
|-damage|p1a: Throh|63/100
|move|p2a: Munchlax|Whirlwind|p1a: Throh
|drag|p1a: Silvally|Silvally-Dragon|94/100
|
|upkeep
|turn|18
|
|move|p1a: Silvally|Swords Dance|p1a: Silvally
|-boost|p1a: Silvally|atk|2
|move|p2a: Munchlax|Body Slam|p1a: Silvally
|-damage|p1a: Silvally|68/100
|-status|p1a: Silvally|par
|
|upkeep
|turn|19
|
|move|p1a: Silvally|Multi-Attack|p2a: Munchlax
|-crit|p2a: Munchlax
|-damage|p2a: Munchlax|0 fnt
|faint|p2a: Munchlax
|
|upkeep
|
|switch|p2a: Stonjourner|Stonjourner, M|100/100
|-damage|p2a: Stonjourner|88/100|[from] Stealth Rock
|turn|20
|
|move|p2a: Stonjourner|Stone Edge|p1a: Silvally
|-damage|p1a: Silvally|0 fnt
|faint|p1a: Silvally
|
|upkeep
|
|switch|p1a: Throh|Throh, M|63/100
|-ability|p1a: Throh|Mold Breaker
|turn|21
|
|move|p2a: Stonjourner|Stone Edge|p1a: Throh|[miss]
|-miss|p2a: Stonjourner|p1a: Throh
|move|p1a: Throh|Bulk Up|p1a: Throh
|-boost|p1a: Throh|atk|1
|-boost|p1a: Throh|def|1
|
|-heal|p1a: Throh|69/100|[from] item: Leftovers
|upkeep
|turn|22
|
|move|p2a: Stonjourner|Stone Edge|p1a: Throh
|-resisted|p1a: Throh
|-damage|p1a: Throh|46/100
|move|p1a: Throh|Substitute|p1a: Throh
|-start|p1a: Throh|Substitute
|-damage|p1a: Throh|21/100
|
|-heal|p1a: Throh|28/100|[from] item: Leftovers
|upkeep
|turn|23
|
|move|p2a: Stonjourner|Stone Edge|p1a: Throh
|-resisted|p1a: Throh
|-activate|p1a: Throh|move: Substitute|[damage]
|move|p1a: Throh|Storm Throw|p2a: Stonjourner
|-supereffective|p2a: Stonjourner
|-crit|p2a: Stonjourner
|-damage|p2a: Stonjourner|11/100
|
|-heal|p1a: Throh|34/100|[from] item: Leftovers
|upkeep
|turn|24
|
|move|p2a: Stonjourner|Stone Edge|p1a: Throh
|-resisted|p1a: Throh
|-end|p1a: Throh|Substitute
|move|p1a: Throh|Substitute|p1a: Throh
|-start|p1a: Throh|Substitute
|-damage|p1a: Throh|9/100
|
|-heal|p1a: Throh|15/100|[from] item: Leftovers
|upkeep
|turn|25
|
|move|p2a: Stonjourner|Stone Edge|p1a: Throh
|-resisted|p1a: Throh
|-activate|p1a: Throh|move: Substitute|[damage]
|move|p1a: Throh|Storm Throw|p2a: Stonjourner
|-supereffective|p2a: Stonjourner
|-crit|p2a: Stonjourner
|-damage|p2a: Stonjourner|0 fnt
|faint|p2a: Stonjourner
|
|-heal|p1a: Throh|21/100|[from] item: Leftovers
|upkeep
|
|switch|p2a: Hippopotas|Hippopotas, F|85/100
|-damage|p2a: Hippopotas|79/100|[from] Stealth Rock
|-weather|Sandstorm|[from] ability: Sand Stream|[of] p2a: Hippopotas
|turn|26
|
|move|p2a: Hippopotas|Earthquake|p1a: Throh
|-end|p1a: Throh|Substitute
|move|p1a: Throh|Storm Throw|p2a: Hippopotas
|-crit|p2a: Hippopotas
|-damage|p2a: Hippopotas|39/100
|
|-weather|Sandstorm|[upkeep]
|-damage|p1a: Throh|15/100|[from] Sandstorm
|-heal|p1a: Throh|21/100|[from] item: Leftovers
|upkeep
|turn|27
|
|move|p2a: Hippopotas|Earthquake|p1a: Throh
|-damage|p1a: Throh|3/100
|move|p1a: Throh|Storm Throw|p2a: Hippopotas
|-crit|p2a: Hippopotas
|-damage|p2a: Hippopotas|0 fnt
|faint|p2a: Hippopotas
|
|-weather|Sandstorm|[upkeep]
|-damage|p1a: Throh|0 fnt|[from] Sandstorm
|faint|p1a: Throh
|
|win|Conor3197❤☁☆
|upkeep
|raw|un vigoroth's rating: 1324 &rarr; <strong>1293</strong><br />(-31 for losing)
|raw|Conor3197❤☁☆'s rating: 1106 &rarr; <strong>1145</strong><br />(+39 for winning)
|l|☆un vigoroth
|c|☆Conor3197❤☁☆|Gg
