|j|☆Banda Calypso
|j|☆kingqueso141
|t:|1617902298
|gametype|singles
|player|p1|Banda Calypso|schoolkid-gen4|1187
|player|p2|kingqueso141|101|1148
|teamsize|p1|6
|teamsize|p2|6
|gen|8
|tier|[Gen 8] PU
|rated|
|clearpoke
|poke|p1|Thwackey, F|
|poke|p1|Lanturn, F|
|poke|p1|Passimian, F|
|poke|p1|Aggron, F|
|poke|p1|Articuno|
|poke|p1|Kadabra, M|
|poke|p2|Lanturn, M|
|poke|p2|Silvally-*|
|poke|p2|Druddigon, M|
|poke|p2|Archeops, M|
|poke|p2|Hitmontop, M|
|poke|p2|Whimsicott, M|
|rule|Sleep Clause Mod: Limit one foe put to sleep
|rule|Species Clause: Limit one of each Pokémon
|rule|OHKO Clause: OHKO moves are banned
|rule|Evasion Moves Clause: Evasion moves are banned
|rule|Endless Battle Clause: Forcing endless battles is banned
|rule|HP Percentage Mod: HP is shown in percentages
|rule|Dynamax Clause: You cannot dynamax
|teampreview
|
|t:|1617902333
|start
|switch|p1a: Thwackey|Thwackey, F|100/100
|switch|p2a: Druddigon|Druddigon, M|100/100
|-fieldstart|move: Grassy Terrain|[from] ability: Grassy Surge|[of] p1a: Thwackey
|turn|1
|
|t:|1617902342
|move|p1a: Thwackey|U-turn|p2a: Druddigon
|-damage|p2a: Druddigon|81/100
|-damage|p1a: Thwackey|88/100|[from] ability: Rough Skin|[of] p2a: Druddigon
|-damage|p1a: Thwackey|71/100|[from] item: Rocky Helmet|[of] p2a: Druddigon
|
|t:|1617902348
|switch|p1a: Aggron|Aggron, F|100/100|[from]move: U-turn
|move|p2a: Druddigon|Stealth Rock|p1a: Aggron
|-sidestart|p1: Banda Calypso|move: Stealth Rock
|
|-heal|p2a: Druddigon|87/100|[from] Grassy Terrain
|upkeep
|turn|2
|
|t:|1617902359
|move|p1a: Aggron|Stealth Rock|p2a: Druddigon
|-sidestart|p2: kingqueso141|move: Stealth Rock
|move|p2a: Druddigon|Earthquake|p1a: Aggron
|-supereffective|p1a: Aggron
|-damage|p1a: Aggron|68/100
|
|-heal|p1a: Aggron|74/100|[from] Grassy Terrain
|-heal|p2a: Druddigon|93/100|[from] Grassy Terrain
|upkeep
|turn|3
|
|t:|1617902369
|switch|p1a: Articuno|Articuno|100/100
|-ability|p1a: Articuno|Pressure
|move|p2a: Druddigon|Dragon Tail|p1a: Articuno
|-damage|p1a: Articuno|81/100
|drag|p1a: Passimian|Passimian, F|100/100
|-damage|p1a: Passimian|94/100|[from] Stealth Rock
|
|-heal|p1a: Passimian|100/100|[from] Grassy Terrain
|-heal|p2a: Druddigon|99/100|[from] Grassy Terrain
|upkeep
|turn|4
|
|t:|1617902381
|move|p1a: Passimian|Knock Off|p2a: Druddigon
|-damage|p2a: Druddigon|76/100
|-damage|p1a: Passimian|88/100|[from] ability: Rough Skin|[of] p2a: Druddigon
|-damage|p1a: Passimian|72/100|[from] item: Rocky Helmet|[of] p2a: Druddigon
|-enditem|p2a: Druddigon|Rocky Helmet|[from] move: Knock Off|[of] p1a: Passimian
|move|p2a: Druddigon|Toxic|p1a: Passimian
|-status|p1a: Passimian|tox
|
|-heal|p1a: Passimian|78/100 tox|[from] Grassy Terrain
|-heal|p2a: Druddigon|82/100|[from] Grassy Terrain
|-damage|p1a: Passimian|72/100 tox|[from] psn
|upkeep
|turn|5
|
|t:|1617902391
|switch|p1a: Articuno|Articuno|81/100
|-ability|p1a: Articuno|Pressure
|move|p2a: Druddigon|Dragon Tail|p1a: Articuno
|-damage|p1a: Articuno|64/100
|drag|p1a: Thwackey|Thwackey, F|71/100
|-damage|p1a: Thwackey|59/100|[from] Stealth Rock
|
|-heal|p1a: Thwackey|65/100|[from] Grassy Terrain
|-heal|p2a: Druddigon|88/100|[from] Grassy Terrain
|-fieldend|move: Grassy Terrain
|upkeep
|turn|6
|
|t:|1617902397
|switch|p1a: Articuno|Articuno|64/100
|-ability|p1a: Articuno|Pressure
|move|p2a: Druddigon|Toxic|p1a: Articuno
|-status|p1a: Articuno|tox
|
|-damage|p1a: Articuno|58/100 tox|[from] psn
|upkeep
|turn|7
|
|t:|1617902404
|switch|p2a: Silvally|Silvally-Steel|100/100
|-damage|p2a: Silvally|94/100|[from] Stealth Rock
|move|p1a: Articuno|Roost|p1a: Articuno
|-heal|p1a: Articuno|100/100 tox
|-singleturn|p1a: Articuno|move: Roost
|
|-damage|p1a: Articuno|88/100 tox|[from] psn
|upkeep
|turn|8
|
|t:|1617902409
|switch|p1a: Lanturn|Lanturn, F|100/100
|-damage|p1a: Lanturn|88/100|[from] Stealth Rock
|move|p2a: Silvally|Swords Dance|p2a: Silvally
|-boost|p2a: Silvally|atk|2
|
|-heal|p1a: Lanturn|94/100|[from] item: Leftovers
|upkeep
|turn|9
|
|t:|1617902417
|move|p2a: Silvally|Multi-Attack|p1a: Lanturn
|-resisted|p1a: Lanturn
|-damage|p1a: Lanturn|75/100
|move|p1a: Lanturn|Scald|p2a: Silvally
|-damage|p2a: Silvally|75/100
|
|-heal|p1a: Lanturn|81/100|[from] item: Leftovers
|upkeep
|turn|10
|
|t:|1617902425
|move|p2a: Silvally|Parting Shot|p1a: Lanturn
|-unboost|p1a: Lanturn|atk|1
|-unboost|p1a: Lanturn|spa|1
|
|t:|1617902431
|switch|p2a: Whimsicott|Whimsicott, M|100/100|[from]move: Parting Shot
|-damage|p2a: Whimsicott|88/100|[from] Stealth Rock
|move|p1a: Lanturn|Scald|p2a: Whimsicott
|-resisted|p2a: Whimsicott
|-damage|p2a: Whimsicott|79/100
|
|-heal|p2a: Whimsicott|85/100|[from] item: Leftovers
|-heal|p1a: Lanturn|87/100|[from] item: Leftovers
|upkeep
|turn|11
|
|t:|1617902441
|move|p2a: Whimsicott|Substitute|p2a: Whimsicott
|-start|p2a: Whimsicott|Substitute
|-damage|p2a: Whimsicott|60/100
|move|p1a: Lanturn|Volt Switch|p2a: Whimsicott
|-resisted|p2a: Whimsicott
|-activate|p2a: Whimsicott|move: Substitute|[damage]
|
|t:|1617902459
|switch|p1a: Articuno|Articuno|88/100 tox|[from]move: Volt Switch
|-ability|p1a: Articuno|Pressure
|
|-heal|p2a: Whimsicott|66/100|[from] item: Leftovers
|-damage|p1a: Articuno|82/100 tox|[from] psn
|upkeep
|turn|12
|
|t:|1617902467
|move|p2a: Whimsicott|Knock Off|p1a: Articuno
|-damage|p1a: Articuno|72/100 tox
|-enditem|p1a: Articuno|Heavy-Duty Boots|[from] move: Knock Off|[of] p2a: Whimsicott
|move|p1a: Articuno|Freeze-Dry|p2a: Whimsicott
|-supereffective|p2a: Whimsicott
|-end|p2a: Whimsicott|Substitute
|
|-heal|p2a: Whimsicott|72/100|[from] item: Leftovers
|-damage|p1a: Articuno|60/100 tox|[from] psn
|upkeep
|turn|13
|
|t:|1617902479
|switch|p2a: Silvally|Silvally-Steel|75/100
|-damage|p2a: Silvally|69/100|[from] Stealth Rock
|move|p1a: Articuno|Defog|p2a: Silvally
|-unboost|p2a: Silvally|evasion|1
|-sideend|p2: kingqueso141|Stealth Rock|[from] move: Defog|[of] p1a: Articuno
|-sideend|p1: Banda Calypso|Stealth Rock|[from] move: Defog|[of] p1a: Articuno
|
|-damage|p1a: Articuno|41/100 tox|[from] psn
|upkeep
|turn|14
|
|t:|1617902486
|switch|p1a: Lanturn|Lanturn, F|87/100
|move|p2a: Silvally|Parting Shot|p1a: Lanturn
|-unboost|p1a: Lanturn|atk|1
|-unboost|p1a: Lanturn|spa|1
|
|t:|1617902494
|switch|p2a: Druddigon|Druddigon, M|88/100|[from]move: Parting Shot
|
|-heal|p1a: Lanturn|93/100|[from] item: Leftovers
|upkeep
|turn|15
|
|t:|1617902500
|switch|p1a: Articuno|Articuno|41/100 tox
|-ability|p1a: Articuno|Pressure
|move|p2a: Druddigon|Earthquake|p1a: Articuno
|-immune|p1a: Articuno
|
|-damage|p1a: Articuno|35/100 tox|[from] psn
|upkeep
|turn|16
|
|t:|1617902508
|move|p1a: Articuno|Freeze-Dry|p2a: Druddigon
|-supereffective|p2a: Druddigon
|-damage|p2a: Druddigon|38/100
|move|p2a: Druddigon|Stealth Rock|p1a: Articuno
|-sidestart|p1: Banda Calypso|move: Stealth Rock
|
|-damage|p1a: Articuno|23/100 tox|[from] psn
|upkeep
|turn|17
|
|t:|1617902518
|switch|p2a: Silvally|Silvally-Steel|69/100
|move|p1a: Articuno|Defog|p2a: Silvally
|-unboost|p2a: Silvally|evasion|1
|-sideend|p1: Banda Calypso|Stealth Rock|[from] move: Defog|[of] p1a: Articuno
|
|-damage|p1a: Articuno|5/100 tox|[from] psn
|upkeep
|turn|18
|
|t:|1617902525
|move|p2a: Silvally|Parting Shot|p1a: Articuno
|-unboost|p1a: Articuno|atk|1
|-unboost|p1a: Articuno|spa|1
|
|t:|1617902532
|switch|p2a: Lanturn|Lanturn, M|100/100|[from]move: Parting Shot
|move|p1a: Articuno|Roost|p1a: Articuno
|-heal|p1a: Articuno|56/100 tox
|-singleturn|p1a: Articuno|move: Roost
|
|-damage|p1a: Articuno|32/100 tox|[from] psn
|upkeep
|turn|19
|
|t:|1617902540
|switch|p1a: Lanturn|Lanturn, F|93/100
|move|p2a: Lanturn|Volt Switch|p1a: Lanturn
|-heal|p1a: Lanturn|100/100|[from] ability: Volt Absorb|[of] p2a: Lanturn
|
|upkeep
|turn|20
|
|t:|1617902546
|move|p1a: Lanturn|Volt Switch|p2a: Lanturn
|-immune|p2a: Lanturn|[from] ability: Volt Absorb
|move|p2a: Lanturn|Toxic|p1a: Lanturn
|-status|p1a: Lanturn|tox
|
|-damage|p1a: Lanturn|94/100 tox|[from] psn
|upkeep
|turn|21
|
|t:|1617902557
|switch|p2a: Whimsicott|Whimsicott, M|72/100
|move|p1a: Lanturn|Volt Switch|p2a: Whimsicott
|-resisted|p2a: Whimsicott
|-damage|p2a: Whimsicott|58/100
|
|t:|1617902569
|switch|p1a: Aggron|Aggron, F|74/100|[from]move: Volt Switch
|
|-heal|p2a: Whimsicott|64/100|[from] item: Leftovers
|upkeep
|turn|22
|
|t:|1617902586
|move|p2a: Whimsicott|Substitute|p2a: Whimsicott
|-start|p2a: Whimsicott|Substitute
|-damage|p2a: Whimsicott|39/100
|move|p1a: Aggron|Heavy Slam|p2a: Whimsicott
|-supereffective|p2a: Whimsicott
|-end|p2a: Whimsicott|Substitute
|
|-heal|p2a: Whimsicott|46/100|[from] item: Leftovers
|upkeep
|turn|23
|
|t:|1617902594
|switch|p2a: Druddigon|Druddigon, M|38/100
|move|p1a: Aggron|Heavy Slam|p2a: Druddigon
|-damage|p2a: Druddigon|18/100
|-damage|p1a: Aggron|62/100|[from] ability: Rough Skin|[of] p2a: Druddigon
|
|upkeep
|turn|24
|
|t:|1617902609
|move|p1a: Aggron|Earthquake|p2a: Druddigon
|-damage|p2a: Druddigon|0 fnt
|faint|p2a: Druddigon
|
|upkeep
|
|t:|1617902621
|switch|p2a: Lanturn|Lanturn, M|100/100
|turn|25
|
|t:|1617902626
|switch|p1a: Lanturn|Lanturn, F|94/100 tox
|move|p2a: Lanturn|Scald|p1a: Lanturn
|-resisted|p1a: Lanturn
|-damage|p1a: Lanturn|86/100 tox
|
|-heal|p1a: Lanturn|92/100 tox|[from] item: Leftovers
|-damage|p1a: Lanturn|86/100 tox|[from] psn
|upkeep
|turn|26
|
|t:|1617902633
|move|p1a: Lanturn|Toxic|p2a: Lanturn
|-status|p2a: Lanturn|tox
|move|p2a: Lanturn|Scald|p1a: Lanturn
|-resisted|p1a: Lanturn
|-damage|p1a: Lanturn|77/100 tox
|
|-heal|p1a: Lanturn|83/100 tox|[from] item: Leftovers
|-damage|p1a: Lanturn|71/100 tox|[from] psn
|-damage|p2a: Lanturn|94/100 tox|[from] psn
|upkeep
|turn|27
|
|t:|1617902641
|switch|p1a: Articuno|Articuno|32/100 tox
|-ability|p1a: Articuno|Pressure
|move|p2a: Lanturn|Heal Bell|p2a: Lanturn
|-activate|p2a: Lanturn|move: Heal Bell
|-curestatus|p2a: Lanturn|tox|[msg]
|
|-heal|p2a: Lanturn|100/100|[from] item: Leftovers
|-damage|p1a: Articuno|26/100 tox|[from] psn
|upkeep
|turn|28
|
|t:|1617902648
|move|p1a: Articuno|Freeze-Dry|p2a: Lanturn
|-supereffective|p2a: Lanturn
|-damage|p2a: Lanturn|67/100
|move|p2a: Lanturn|Volt Switch|p1a: Articuno
|-supereffective|p1a: Articuno
|-damage|p1a: Articuno|0 fnt
|faint|p1a: Articuno
|
|t:|1617902659
|switch|p2a: Silvally|Silvally-Steel|69/100|[from]move: Volt Switch
|
|upkeep
|
|t:|1617902666
|switch|p1a: Aggron|Aggron, F|62/100
|turn|29
|
|t:|1617902677
|move|p2a: Silvally|Parting Shot|p1a: Aggron
|-unboost|p1a: Aggron|atk|1
|-unboost|p1a: Aggron|spa|1
|
|t:|1617902683
|switch|p2a: Hitmontop|Hitmontop, M|100/100|[from]move: Parting Shot
|move|p1a: Aggron|Head Smash|p2a: Hitmontop
|-resisted|p2a: Hitmontop
|-damage|p2a: Hitmontop|71/100
|
|upkeep
|turn|30
|
|t:|1617902693
|switch|p1a: Kadabra|Kadabra, M|100/100
|move|p2a: Hitmontop|Mach Punch|p1a: Kadabra
|-resisted|p1a: Kadabra
|-damage|p1a: Kadabra|51/100
|
|upkeep
|turn|31
|
|t:|1617902701
|move|p2a: Hitmontop|Bullet Punch|p1a: Kadabra
|-damage|p1a: Kadabra|0 fnt
|faint|p1a: Kadabra
|
|upkeep
|
|t:|1617902705
|switch|p1a: Thwackey|Thwackey, F|65/100
|-fieldstart|move: Grassy Terrain|[from] ability: Grassy Surge|[of] p1a: Thwackey
|turn|32
|
|t:|1617902715
|move|p1a: Thwackey|Wood Hammer|p2a: Hitmontop
|-damage|p2a: Hitmontop|0 fnt
|-damage|p1a: Thwackey|40/100|[from] Recoil
|faint|p2a: Hitmontop
|
|-heal|p1a: Thwackey|46/100|[from] Grassy Terrain
|upkeep
|
|t:|1617902723
|switch|p2a: Archeops|Archeops, M|100/100
|turn|33
|
|t:|1617902730
|switch|p1a: Aggron|Aggron, F|62/100
|move|p2a: Archeops|Dual Wingbeat|p1a: Aggron
|-resisted|p1a: Aggron
|-damage|p1a: Aggron|58/100
|-resisted|p1a: Aggron
|-damage|p1a: Aggron|54/100
|-hitcount|p1a: Aggron|2
|
|-heal|p1a: Aggron|60/100|[from] Grassy Terrain
|upkeep
|turn|34
|
|t:|1617902736
|move|p2a: Archeops|Earthquake|p1a: Aggron
|-supereffective|p1a: Aggron
|-damage|p1a: Aggron|11/100
|move|p1a: Aggron|Head Smash|p2a: Archeops
|-supereffective|p2a: Archeops
|-damage|p2a: Archeops|0 fnt
|faint|p2a: Archeops
|
|-heal|p1a: Aggron|17/100|[from] Grassy Terrain
|upkeep
|
|t:|1617902742
|switch|p2a: Lanturn|Lanturn, M|67/100
|turn|35
|
|t:|1617902747
|switch|p2a: Whimsicott|Whimsicott, M|46/100
|switch|p1a: Lanturn|Lanturn, F|71/100 tox
|
|-heal|p2a: Whimsicott|52/100|[from] Grassy Terrain
|-heal|p2a: Whimsicott|58/100|[from] item: Leftovers
|-heal|p1a: Lanturn|77/100 tox|[from] Grassy Terrain
|-heal|p1a: Lanturn|83/100 tox|[from] item: Leftovers
|-damage|p1a: Lanturn|77/100 tox|[from] psn
|upkeep
|turn|36
|
|t:|1617902753
|move|p2a: Whimsicott|Leech Seed|p1a: Lanturn
|-start|p1a: Lanturn|move: Leech Seed
|move|p1a: Lanturn|Volt Switch|p2a: Whimsicott
|-resisted|p2a: Whimsicott
|-damage|p2a: Whimsicott|45/100
|
|t:|1617902765
|switch|p1a: Passimian|Passimian, F|72/100 tox|[from]move: Volt Switch
|
|-heal|p1a: Passimian|78/100 tox|[from] Grassy Terrain
|-heal|p2a: Whimsicott|51/100|[from] Grassy Terrain
|-heal|p2a: Whimsicott|57/100|[from] item: Leftovers
|-fieldend|move: Grassy Terrain
|-damage|p1a: Passimian|72/100 tox|[from] psn
|upkeep
|turn|37
|
|t:|1617902773
|move|p1a: Passimian|U-turn|p2a: Whimsicott
|-damage|p2a: Whimsicott|30/100
|
|t:|1617902780
|switch|p1a: Thwackey|Thwackey, F|46/100|[from]move: U-turn
|-fieldstart|move: Grassy Terrain|[from] ability: Grassy Surge|[of] p1a: Thwackey
|move|p2a: Whimsicott|Moonblast|p1a: Thwackey
|-damage|p1a: Thwackey|0 fnt
|faint|p1a: Thwackey
|
|-heal|p2a: Whimsicott|36/100|[from] Grassy Terrain
|-heal|p2a: Whimsicott|42/100|[from] item: Leftovers
|upkeep
|
|t:|1617902790
|switch|p1a: Aggron|Aggron, F|17/100
|turn|38
|-enditem|p1a: Aggron|Custap Berry|[eat]
|-activate|p1a: Aggron|item: Custap Berry|[consumed]
|
|t:|1617902802
|move|p1a: Aggron|Heavy Slam|p2a: Whimsicott
|-supereffective|p2a: Whimsicott
|-damage|p2a: Whimsicott|0 fnt
|faint|p2a: Whimsicott
|
|-heal|p1a: Aggron|23/100|[from] Grassy Terrain
|upkeep
|
|t:|1617902812
|switch|p2a: Silvally|Silvally-Steel|69/100
|turn|39
|
|t:|1617902817
|move|p2a: Silvally|Swords Dance|p2a: Silvally
|-boost|p2a: Silvally|atk|2
|move|p1a: Aggron|Head Smash|p2a: Silvally
|-resisted|p2a: Silvally
|-damage|p2a: Silvally|36/100
|
|-heal|p2a: Silvally|42/100|[from] Grassy Terrain
|-heal|p1a: Aggron|29/100|[from] Grassy Terrain
|upkeep
|turn|40
|
|t:|1617902827
|move|p2a: Silvally|Multi-Attack|p1a: Aggron
|-damage|p1a: Aggron|0 fnt
|faint|p1a: Aggron
|
|-heal|p2a: Silvally|48/100|[from] Grassy Terrain
|upkeep
|
|t:|1617902831
|switch|p1a: Passimian|Passimian, F|72/100 tox
|turn|41
|
|t:|1617902835
|move|p1a: Passimian|Close Combat|p2a: Silvally
|-supereffective|p2a: Silvally
|-damage|p2a: Silvally|0 fnt
|-unboost|p1a: Passimian|def|1
|-unboost|p1a: Passimian|spd|1
|faint|p2a: Silvally
|
|-heal|p1a: Passimian|78/100 tox|[from] Grassy Terrain
|-fieldend|move: Grassy Terrain
|-damage|p1a: Passimian|72/100 tox|[from] psn
|upkeep
|
|t:|1617902837
|switch|p2a: Lanturn|Lanturn, M|67/100
|turn|42
|
|t:|1617902841
|switch|p1a: Lanturn|Lanturn, F|77/100 tox
|move|p2a: Lanturn|Scald|p1a: Lanturn
|-resisted|p1a: Lanturn
|-damage|p1a: Lanturn|68/100 tox
|
|-heal|p1a: Lanturn|74/100 tox|[from] item: Leftovers
|-heal|p2a: Lanturn|74/100|[from] item: Leftovers
|-damage|p1a: Lanturn|68/100 tox|[from] psn
|upkeep
|turn|43
|
|t:|1617902847
|move|p1a: Lanturn|Toxic|p2a: Lanturn|[miss]
|-miss|p1a: Lanturn|p2a: Lanturn
|move|p2a: Lanturn|Scald|p1a: Lanturn
|-resisted|p1a: Lanturn
|-damage|p1a: Lanturn|59/100 tox
|
|-heal|p1a: Lanturn|66/100 tox|[from] item: Leftovers
|-heal|p2a: Lanturn|80/100|[from] item: Leftovers
|-damage|p1a: Lanturn|53/100 tox|[from] psn
|upkeep
|turn|44
|
|t:|1617902850
|move|p1a: Lanturn|Toxic|p2a: Lanturn
|-status|p2a: Lanturn|tox
|move|p2a: Lanturn|Scald|p1a: Lanturn
|-resisted|p1a: Lanturn
|-damage|p1a: Lanturn|45/100 tox
|
|-heal|p1a: Lanturn|52/100 tox|[from] item: Leftovers
|-heal|p2a: Lanturn|86/100 tox|[from] item: Leftovers
|-damage|p1a: Lanturn|33/100 tox|[from] psn
|-damage|p2a: Lanturn|80/100 tox|[from] psn
|upkeep
|turn|45
|
|t:|1617902858
|move|p1a: Lanturn|Scald|p2a: Lanturn
|-resisted|p2a: Lanturn
|-damage|p2a: Lanturn|73/100 tox
|move|p2a: Lanturn|Heal Bell|p2a: Lanturn
|-activate|p2a: Lanturn|move: Heal Bell
|-curestatus|p2a: Lanturn|tox|[msg]
|
|-heal|p1a: Lanturn|39/100 tox|[from] item: Leftovers
|-heal|p2a: Lanturn|79/100|[from] item: Leftovers
|-damage|p1a: Lanturn|14/100 tox|[from] psn
|upkeep
|turn|46
|
|t:|1617902865
|move|p1a: Lanturn|Toxic|p2a: Lanturn
|-status|p2a: Lanturn|tox
|move|p2a: Lanturn|Scald|p1a: Lanturn
|-resisted|p1a: Lanturn
|-damage|p1a: Lanturn|5/100 tox
|
|-heal|p1a: Lanturn|11/100 tox|[from] item: Leftovers
|-heal|p2a: Lanturn|85/100 tox|[from] item: Leftovers
|-damage|p1a: Lanturn|0 fnt|[from] psn
|faint|p1a: Lanturn
|-damage|p2a: Lanturn|79/100 tox|[from] psn
|upkeep
|
|t:|1617902871
|switch|p1a: Passimian|Passimian, F|72/100 tox
|turn|47
|
|t:|1617902874
|move|p1a: Passimian|Close Combat|p2a: Lanturn
|-damage|p2a: Lanturn|8/100 tox
|-unboost|p1a: Passimian|def|1
|-unboost|p1a: Passimian|spd|1
|move|p2a: Lanturn|Scald|p1a: Passimian
|-damage|p1a: Passimian|18/100 tox
|
|-heal|p2a: Lanturn|14/100 tox|[from] item: Leftovers
|-damage|p1a: Passimian|12/100 tox|[from] psn
|-damage|p2a: Lanturn|2/100 tox|[from] psn
|upkeep
|turn|48
|c|☆Banda Calypso|gg
|c|☆kingqueso141|gg
|
|t:|1617902890
|move|p1a: Passimian|Close Combat|p2a: Lanturn
|-damage|p2a: Lanturn|0 fnt
|-unboost|p1a: Passimian|def|1
|-unboost|p1a: Passimian|spd|1
|faint|p2a: Lanturn
|
|win|Banda Calypso
|raw|Banda Calypso's rating: 1187 &rarr; <strong>1209</strong><br />(+22 for winning)
|raw|kingqueso141's rating: 1148 &rarr; <strong>1126</strong><br />(-22 for losing)
|c|☆Banda Calypso|good game friend
|l|☆kingqueso141
|c|☆Banda Calypso|i like this
||Ladder isn't responding, score probably updated but might not have (Request timeout).
