|j|☆kingqueso141
|j|☆Danzeva
|t:|1658461598
|gametype|singles
|player|p1|kingqueso141|rosa|1302
|player|p2|Danzeva|pokemonbreeder|1026
|teamsize|p1|6
|teamsize|p2|6
|gen|8
|tier|[Gen 8] PU
|rated|
|rule|Sleep Clause Mod: Limit one foe put to sleep
|rule|Species Clause: Limit one of each Pokémon
|rule|OHKO Clause: OHKO moves are banned
|rule|Evasion Moves Clause: Evasion moves are banned
|rule|Endless Battle Clause: Forcing endless battles is banned
|rule|HP Percentage Mod: HP is shown in percentages
|rule|Dynamax Clause: You cannot dynamax
|clearpoke
|poke|p1|Charizard, M|
|poke|p1|Gigalith, M|
|poke|p1|Sandslash, M|
|poke|p1|Whimsicott, M|
|poke|p1|Jellicent, F|
|poke|p1|Lycanroc, F|
|poke|p2|Scrafty, M|
|poke|p2|Charizard, M|
|poke|p2|Whimsicott, M|
|poke|p2|Cofagrigus, M|
|poke|p2|Gigalith, M|
|poke|p2|Togedemaru, M|
|teampreview
|inactive|Battle timer is ON: inactive players will automatically lose when time's up. (requested by Danzeva)
|
|t:|1658461612
|start
|switch|p1a: Jellicent|Jellicent, F|100/100
|switch|p2a: Togedemaru|Togedemaru, M|100/100
|turn|1
|
|t:|1658461618
|move|p2a: Togedemaru|Toxic|p1a: Jellicent
|-status|p1a: Jellicent|tox
|move|p1a: Jellicent|Will-O-Wisp|p2a: Togedemaru
|-status|p2a: Togedemaru|brn
|
|-damage|p1a: Jellicent|94/100 tox|[from] psn
|-damage|p2a: Togedemaru|95/100 brn|[from] brn
|upkeep
|turn|2
|
|t:|1658461635
|switch|p2a: Cofagrigus|Cofagrigus, M|100/100
|switch|p1a: Gigalith|Gigalith, M|100/100
|-weather|Sandstorm|[from] ability: Sand Stream|[of] p1a: Gigalith
|
|-weather|Sandstorm|[upkeep]
|-damage|p2a: Cofagrigus|95/100|[from] Sandstorm
|upkeep
|turn|3
|
|t:|1658461647
|move|p1a: Gigalith|Protect|p1a: Gigalith
|-singleturn|p1a: Gigalith|Protect
|move|p2a: Cofagrigus|Iron Defense|p2a: Cofagrigus
|-boost|p2a: Cofagrigus|def|2
|
|-weather|Sandstorm|[upkeep]
|-damage|p2a: Cofagrigus|89/100|[from] Sandstorm
|upkeep
|turn|4
|
|t:|1658461657
|switch|p1a: Charizard|Charizard, M|100/100
|move|p2a: Cofagrigus|Body Press|p1a: Charizard
|-resisted|p1a: Charizard
|-crit|p1a: Charizard
|-damage|p1a: Charizard|46/100
|
|-weather|Sandstorm|[upkeep]
|-damage|p1a: Charizard|40/100|[from] Sandstorm
|-damage|p2a: Cofagrigus|83/100|[from] Sandstorm
|upkeep
|turn|5
|
|t:|1658461672
|move|p1a: Charizard|Roost|p1a: Charizard
|-heal|p1a: Charizard|90/100
|-singleturn|p1a: Charizard|move: Roost
|move|p2a: Cofagrigus|Body Press|p1a: Charizard
|-crit|p1a: Charizard
|-damage|p1a: Charizard|0 fnt
|faint|p1a: Charizard
|
|-weather|Sandstorm|[upkeep]
|-damage|p2a: Cofagrigus|77/100|[from] Sandstorm
|upkeep
|c|☆kingqueso141|ok
|
|t:|1658461682
|switch|p1a: Sandslash|Sandslash, M|100/100
|turn|6
|j| pksadge
|
|t:|1658461688
|move|p1a: Sandslash|Knock Off|p2a: Cofagrigus
|-supereffective|p2a: Cofagrigus
|-damage|p2a: Cofagrigus|55/100
|-activate|p2a: Cofagrigus|ability: Mummy|Sand Rush|[of] p1a: Sandslash
|-enditem|p2a: Cofagrigus|Chesto Berry|[from] move: Knock Off|[of] p1a: Sandslash
|-damage|p1a: Sandslash|91/100|[from] item: Life Orb
|move|p2a: Cofagrigus|Body Press|p1a: Sandslash
|-damage|p1a: Sandslash|19/100
|
|-weather|none
|upkeep
|turn|7
|
|t:|1658461700
|switch|p1a: Jellicent|Jellicent, F|94/100 tox
|move|p2a: Cofagrigus|Shadow Ball|p1a: Jellicent
|-supereffective|p1a: Jellicent
|-damage|p1a: Jellicent|55/100 tox
|
|-damage|p1a: Jellicent|49/100 tox|[from] psn
|upkeep
|turn|8
|
|t:|1658461710
|move|p1a: Jellicent|Hex|p2a: Cofagrigus
|-supereffective|p2a: Cofagrigus
|-damage|p2a: Cofagrigus|15/100
|move|p2a: Cofagrigus|Shadow Ball|p1a: Jellicent
|-supereffective|p1a: Jellicent
|-damage|p1a: Jellicent|7/100 tox
|-unboost|p1a: Jellicent|spd|1
|
|-damage|p1a: Jellicent|0 fnt|[from] psn
|faint|p1a: Jellicent
|upkeep
|
|t:|1658461724
|switch|p1a: Whimsicott|Whimsicott, M|100/100
|turn|9
|
|t:|1658461728
|move|p1a: Whimsicott|Moonblast|p2a: Cofagrigus
|-damage|p2a: Cofagrigus|0 fnt
|faint|p2a: Cofagrigus
|
|upkeep
|
|t:|1658461734
|switch|p2a: Togedemaru|Togedemaru, M|95/100 brn
|turn|10
|
|t:|1658461741
|switch|p1a: Gigalith|Gigalith, M|100/100
|-weather|Sandstorm|[from] ability: Sand Stream|[of] p1a: Gigalith
|move|p2a: Togedemaru|Iron Head|p1a: Gigalith
|-supereffective|p1a: Gigalith
|-damage|p1a: Gigalith|73/100
|
|-weather|Sandstorm|[upkeep]
|-heal|p1a: Gigalith|79/100|[from] item: Leftovers
|-damage|p2a: Togedemaru|89/100 brn|[from] brn
|upkeep
|turn|11
|
|t:|1658461761
|switch|p2a: Whimsicott|Whimsicott, M|100/100
|move|p1a: Gigalith|Rock Blast|p2a: Whimsicott
|-damage|p2a: Whimsicott|82/100
|-damage|p2a: Whimsicott|64/100
|-damage|p2a: Whimsicott|47/100
|-hitcount|p2a: Whimsicott|3
|
|-weather|Sandstorm|[upkeep]
|-damage|p2a: Whimsicott|41/100|[from] Sandstorm
|-heal|p1a: Gigalith|86/100|[from] item: Leftovers
|upkeep
|turn|12
|
|t:|1658461775
|move|p2a: Whimsicott|Giga Drain|p1a: Gigalith
|-supereffective|p1a: Gigalith
|-damage|p1a: Gigalith|56/100
|-heal|p2a: Whimsicott|62/100|[from] drain|[of] p1a: Gigalith
|move|p1a: Gigalith|Rock Blast|p2a: Whimsicott|[miss]
|-miss|p1a: Gigalith|p2a: Whimsicott
|
|-weather|Sandstorm|[upkeep]
|-damage|p2a: Whimsicott|56/100|[from] Sandstorm
|-heal|p1a: Gigalith|62/100|[from] item: Leftovers
|upkeep
|turn|13
|
|t:|1658461794
|switch|p2a: Togedemaru|Togedemaru, M|89/100 brn
|move|p1a: Gigalith|Rock Blast|p2a: Togedemaru
|-resisted|p2a: Togedemaru
|-damage|p2a: Togedemaru|78/100 brn
|-resisted|p2a: Togedemaru
|-damage|p2a: Togedemaru|68/100 brn
|-resisted|p2a: Togedemaru
|-damage|p2a: Togedemaru|58/100 brn
|-hitcount|p2a: Togedemaru|3
|
|-weather|Sandstorm|[upkeep]
|-heal|p1a: Gigalith|68/100|[from] item: Leftovers
|-damage|p2a: Togedemaru|52/100 brn|[from] brn
|upkeep
|turn|14
|
|t:|1658461809
|move|p2a: Togedemaru|Iron Head|p1a: Gigalith
|-supereffective|p1a: Gigalith
|-damage|p1a: Gigalith|44/100
|cant|p1a: Gigalith|flinch
|
|-weather|none
|-heal|p1a: Gigalith|50/100|[from] item: Leftovers
|-damage|p2a: Togedemaru|46/100 brn|[from] brn
|upkeep
|turn|15
|
|t:|1658461818
|move|p2a: Togedemaru|Iron Head|p1a: Gigalith
|-supereffective|p1a: Gigalith
|-damage|p1a: Gigalith|25/100
|cant|p1a: Gigalith|flinch
|
|-heal|p1a: Gigalith|31/100|[from] item: Leftovers
|-damage|p2a: Togedemaru|40/100 brn|[from] brn
|upkeep
|turn|16
|
|t:|1658461827
|switch|p1a: Sandslash|Sandslash, M|19/100
|move|p2a: Togedemaru|Iron Head|p1a: Sandslash
|-damage|p1a: Sandslash|0 fnt
|faint|p1a: Sandslash
|
|-damage|p2a: Togedemaru|34/100 brn|[from] brn
|upkeep
|
|t:|1658461828
|switch|p1a: Gigalith|Gigalith, M|31/100
|-weather|Sandstorm|[from] ability: Sand Stream|[of] p1a: Gigalith
|turn|17
|
|t:|1658461840
|move|p2a: Togedemaru|Iron Head|p1a: Gigalith
|-supereffective|p1a: Gigalith
|-damage|p1a: Gigalith|6/100
|move|p1a: Gigalith|Earthquake|p2a: Togedemaru
|-supereffective|p2a: Togedemaru
|-damage|p2a: Togedemaru|0 fnt
|faint|p2a: Togedemaru
|
|-weather|Sandstorm|[upkeep]
|-heal|p1a: Gigalith|12/100|[from] item: Leftovers
|upkeep
|
|t:|1658461851
|switch|p2a: Whimsicott|Whimsicott, M|56/100
|turn|18
|
|t:|1658461855
|switch|p1a: Whimsicott|Whimsicott, M|100/100
|move|p2a: Whimsicott|Giga Drain|p1a: Whimsicott
|-resisted|p1a: Whimsicott
|-damage|p1a: Whimsicott|79/100
|-heal|p2a: Whimsicott|67/100|[from] drain|[of] p1a: Whimsicott
|
|-weather|Sandstorm|[upkeep]
|-damage|p1a: Whimsicott|73/100|[from] Sandstorm
|-damage|p2a: Whimsicott|61/100|[from] Sandstorm
|upkeep
|turn|19
|
|t:|1658461867
|switch|p2a: Gigalith|Gigalith, M|100/100
|move|p1a: Whimsicott|Moonblast|p2a: Gigalith
|-damage|p2a: Gigalith|72/100
|-unboost|p2a: Gigalith|spa|1
|
|-weather|Sandstorm|[upkeep]
|-damage|p1a: Whimsicott|67/100|[from] Sandstorm
|-heal|p2a: Gigalith|78/100|[from] item: Leftovers
|upkeep
|turn|20
|
|t:|1658461880
|switch|p1a: Gigalith|Gigalith, M|12/100
|move|p2a: Gigalith|Stealth Rock|p1a: Gigalith
|-sidestart|p1: kingqueso141|move: Stealth Rock
|
|-weather|Sandstorm|[upkeep]
|-heal|p2a: Gigalith|84/100|[from] item: Leftovers
|-heal|p1a: Gigalith|18/100|[from] item: Leftovers
|upkeep
|turn|21
|
|t:|1658461890
|move|p2a: Gigalith|Earthquake|p1a: Gigalith
|-supereffective|p1a: Gigalith
|-damage|p1a: Gigalith|0 fnt
|faint|p1a: Gigalith
|
|-weather|none
|-heal|p2a: Gigalith|91/100|[from] item: Leftovers
|upkeep
|
|t:|1658461894
|switch|p1a: Whimsicott|Whimsicott, M|67/100
|-damage|p1a: Whimsicott|55/100|[from] Stealth Rock
|turn|22
|
|t:|1658461904
|switch|p2a: Charizard|Charizard, M, shiny|100/100
|move|p1a: Whimsicott|Energy Ball|p2a: Charizard
|-resisted|p2a: Charizard
|-damage|p2a: Charizard|85/100
|
|upkeep
|turn|23
|
|t:|1658461920
|move|p1a: Whimsicott|Energy Ball|p2a: Charizard
|-resisted|p2a: Charizard
|-damage|p2a: Charizard|70/100
|move|p2a: Charizard|Toxic|p1a: Whimsicott
|-status|p1a: Whimsicott|tox
|
|-damage|p1a: Whimsicott|48/100 tox|[from] psn
|upkeep
|turn|24
|
|t:|1658461930
|switch|p1a: Lycanroc|Lycanroc, F|100/100
|-damage|p1a: Lycanroc|88/100|[from] Stealth Rock
|switch|p2a: Whimsicott|Whimsicott, M|61/100
|
|upkeep
|turn|25
|
|t:|1658461940
|move|p2a: Whimsicott|Giga Drain|p1a: Lycanroc
|-supereffective|p1a: Lycanroc
|-damage|p1a: Lycanroc|3/100
|-heal|p2a: Whimsicott|100/100|[from] drain|[of] p1a: Lycanroc
|move|p1a: Lycanroc|Stone Edge|p2a: Whimsicott
|-crit|p2a: Whimsicott
|-damage|p2a: Whimsicott|0 fnt
|faint|p2a: Whimsicott
|
|upkeep
|
|t:|1658461952
|switch|p2a: Gigalith|Gigalith, M|91/100
|-weather|Sandstorm|[from] ability: Sand Stream|[of] p2a: Gigalith
|turn|26
|
|t:|1658461957
|move|p1a: Lycanroc|Stone Edge|p2a: Gigalith
|-damage|p2a: Gigalith|40/100
|move|p2a: Gigalith|Earthquake|p1a: Lycanroc
|-supereffective|p1a: Lycanroc
|-damage|p1a: Lycanroc|0 fnt
|faint|p1a: Lycanroc
|
|-weather|Sandstorm|[upkeep]
|-heal|p2a: Gigalith|47/100|[from] item: Leftovers
|upkeep
|
|t:|1658461960
|switch|p1a: Whimsicott|Whimsicott, M|48/100 tox
|-damage|p1a: Whimsicott|36/100 tox|[from] Stealth Rock
|turn|27
|inactive|Danzeva has 120 seconds left.
|
|t:|1658462012
|move|p1a: Whimsicott|Moonblast|p2a: Gigalith
|-damage|p2a: Gigalith|18/100
|-unboost|p2a: Gigalith|spa|1
|move|p2a: Gigalith|Earthquake|p1a: Whimsicott
|-resisted|p1a: Whimsicott
|-damage|p1a: Whimsicott|12/100 tox
|
|-weather|Sandstorm|[upkeep]
|-damage|p1a: Whimsicott|6/100 tox|[from] Sandstorm
|-heal|p2a: Gigalith|24/100|[from] item: Leftovers
|-damage|p1a: Whimsicott|0 fnt|[from] psn
|faint|p1a: Whimsicott
|
|win|Danzeva
|upkeep
|raw|kingqueso141's rating: 1302 &rarr; <strong>1269</strong><br />(-33 for losing)
|raw|Danzeva's rating: 1026 &rarr; <strong>1086</strong><br />(+60 for winning)
|l|☆kingqueso141
