|j|☆City Planner Lee
|j|☆Joke Sets
|player|p1|City Planner Lee|veteran-gen4|1047
|player|p2|Joke Sets|beauty-gen2jp|1074
|teamsize|p1|6
|teamsize|p2|6
|gametype|singles
|gen|8
|tier|[Gen 8] PU
|rated|
|clearpoke
|poke|p1|Thievul, M|
|poke|p1|Pikachu-Partner, M|
|poke|p1|Throh, M|
|poke|p1|Glaceon, F|
|poke|p1|Ludicolo, F|
|poke|p1|Shedinja|
|poke|p2|Dubwool, F|
|poke|p2|Drakloak, M|
|poke|p2|Roselia, M|
|poke|p2|Shuckle, F|
|poke|p2|Pawniard, F|
|poke|p2|Manectric, F|
|rule|Sleep Clause Mod: Limit one foe put to sleep
|rule|Species Clause: Limit one of each Pokémon
|rule|OHKO Clause: OHKO moves are banned
|rule|Evasion Moves Clause: Evasion moves are banned
|rule|Endless Battle Clause: Forcing endless battles is banned
|rule|HP Percentage Mod: HP is shown in percentages
|rule|Dynamax Clause: You cannot dynamax
|teampreview
|
|start
|switch|p1a: Throh|Throh, M|100/100
|switch|p2a: Shuckle|Shuckle, F|100/100
|turn|1
|
|move|p1a: Throh|Storm Throw|p2a: Shuckle
|-crit|p2a: Shuckle
|-damage|p2a: Shuckle|75/100
|move|p2a: Shuckle|Encore|p1a: Throh
|-start|p1a: Throh|Encore
|
|-status|p1a: Throh|brn|[from] item: Flame Orb
|upkeep
|turn|2
|
|move|p1a: Throh|Storm Throw|p2a: Shuckle
|-crit|p2a: Shuckle
|-damage|p2a: Shuckle|41/100
|move|p2a: Shuckle|Stealth Rock|p1a: Throh
|-sidestart|p1: City Planner Lee|move: Stealth Rock
|
|-damage|p1a: Throh|94/100 brn|[from] brn
|upkeep
|turn|3
|
|move|p1a: Throh|Storm Throw|p2a: Shuckle
|-crit|p2a: Shuckle
|-damage|p2a: Shuckle|4/100
|move|p2a: Shuckle|Sticky Web|p1a: Throh
|-sidestart|p1: City Planner Lee|move: Sticky Web
|
|-damage|p1a: Throh|88/100 brn|[from] brn
|upkeep
|turn|4
|
|move|p1a: Throh|Storm Throw|p2a: Shuckle
|-crit|p2a: Shuckle
|-damage|p2a: Shuckle|0 fnt
|faint|p2a: Shuckle
|
|-damage|p1a: Throh|82/100 brn|[from] brn
|-end|p1a: Throh|Encore
|upkeep
|
|switch|p2a: Roselia|Roselia, M|100/100
|turn|5
|
|move|p2a: Roselia|Leaf Storm|p1a: Throh
|-damage|p1a: Throh|36/100 brn
|-unboost|p2a: Roselia|spa|2
|-enditem|p2a: Roselia|Eject Pack
|
|switch|p2a: Dubwool|Dubwool, F|100/100
|move|p1a: Throh|Zen Headbutt|p2a: Dubwool
|-damage|p2a: Dubwool|85/100
|
|-heal|p2a: Dubwool|91/100|[from] item: Leftovers
|-damage|p1a: Throh|30/100 brn|[from] brn
|upkeep
|turn|6
|
|move|p2a: Dubwool|Body Press|p1a: Throh
|-damage|p1a: Throh|8/100 brn
|move|p1a: Throh|Storm Throw|p2a: Dubwool
|-supereffective|p2a: Dubwool
|-crit|p2a: Dubwool
|-damage|p2a: Dubwool|39/100
|
|-heal|p2a: Dubwool|45/100|[from] item: Leftovers
|-damage|p1a: Throh|2/100 brn|[from] brn
|upkeep
|turn|7
|
|move|p2a: Dubwool|Body Press|p1a: Throh
|-damage|p1a: Throh|0 fnt
|faint|p1a: Throh
|
|-heal|p2a: Dubwool|51/100|[from] item: Leftovers
|upkeep
|
|switch|p1a: Thievul|Thievul, M, shiny|100/100
|-activate|p1a: Thievul|move: Sticky Web
|-unboost|p1a: Thievul|spe|1
|-damage|p1a: Thievul|88/100|[from] Stealth Rock
|turn|8
|
|move|p1a: Thievul|Endure|p1a: Thievul
|-singleturn|p1a: Thievul|move: Endure
|move|p2a: Dubwool|Thunder Wave|p1a: Thievul
|-status|p1a: Thievul|par
|
|-heal|p2a: Dubwool|57/100|[from] item: Leftovers
|upkeep
|turn|9
|
|move|p1a: Thievul|Endure||[still]
|-fail|p1a: Thievul
|move|p2a: Dubwool|Cotton Guard|p2a: Dubwool
|-boost|p2a: Dubwool|def|3
|
|-heal|p2a: Dubwool|63/100|[from] item: Leftovers
|upkeep
|turn|10
|-message|City Planner Lee forfeited.
|
|win|Joke Sets
|l|☆City Planner Lee
|raw|City Planner Lee's rating: 1047 &rarr; <strong>1031</strong><br />(-16 for losing)
|raw|Joke Sets's rating: 1074 &rarr; <strong>1100</strong><br />(+26 for winning)
