|raw|<div class="broadcast-blue"><strong>This battle is required to be public due to a player having a name starting with 'pult4c1'.</div>
|j|☆pult4c1 uta lord
|j|☆pult4c1 shane
|t:|1660837051
|gametype|singles
|player|p1|pult4c1 uta lord|#stt4toxicboys|1475
|player|p2|pult4c1 shane|veteran|1512
|teamsize|p1|6
|teamsize|p2|6
|gen|8
|tier|[Gen 8] PU
|rated|
|rule|Sleep Clause Mod: Limit one foe put to sleep
|rule|Species Clause: Limit one of each Pokémon
|rule|OHKO Clause: OHKO moves are banned
|rule|Evasion Items Clause: Evasion items are banned
|rule|Evasion Moves Clause: Evasion moves are banned
|rule|Endless Battle Clause: Forcing endless battles is banned
|rule|HP Percentage Mod: HP is shown in percentages
|rule|Dynamax Clause: You cannot dynamax
|clearpoke
|poke|p1|Whimsicott, M|
|poke|p1|Rhydon, F|
|poke|p1|Jellicent, F|
|poke|p1|Charizard, M|
|poke|p1|Sneasel, M|
|poke|p1|Weezing, M|
|poke|p2|Arctovish|
|poke|p2|Whimsicott, M|
|poke|p2|Sandaconda, F|
|poke|p2|Weezing, M|
|poke|p2|Togedemaru, M|
|poke|p2|Archeops, F|
|teampreview
|inactive|Battle timer is ON: inactive players will automatically lose when time's up. (requested by pult4c1 shane)
|c|☆pult4c1 shane|hello again
|c|☆pult4c1 uta lord|yo
|c|☆pult4c1 uta lord|hf
|c|☆pult4c1 shane|same
|inactive|pult4c1 shane has 120 seconds left.
|
|t:|1660837090
|start
|switch|p1a: une Polska|Weezing, M|100/100
|switch|p2a: Togedemaru|Togedemaru, M|100/100
|turn|1
|j| PULT4C1 spacial
|
|t:|1660837098
|switch|p2a: Weezing|Weezing, M|100/100
|move|p1a: une Polska|Toxic Spikes|p2a: Weezing
|-sidestart|p2: pult4c1 shane|move: Toxic Spikes
|
|upkeep
|turn|2
|c|☆pult4c1 uta lord|your set or another set ?
|
|t:|1660837108
|move|p2a: Weezing|Toxic Spikes|p1a: une Polska
|-sidestart|p1: pult4c1 uta lord|move: Toxic Spikes
|move|p1a: une Polska|Taunt|p2a: Weezing
|-start|p2a: Weezing|move: Taunt
|
|upkeep
|turn|3
|c|☆pult4c1 uta lord|ok your set
|c|☆pult4c1 uta lord|:c
|c|☆pult4c1 shane|always my set
|
|t:|1660837119
|switch|p1a: mon Booska|Jellicent, F|100/100
|switch|p2a: Togedemaru|Togedemaru, M|100/100
|
|upkeep
|turn|4
|
|t:|1660837124
|move|p2a: Togedemaru|Zing Zap|p1a: mon Booska
|-supereffective|p1a: mon Booska
|-damage|p1a: mon Booska|52/100
|cant|p1a: mon Booska|flinch
|
|upkeep
|turn|5
|j| xskelly34
|c|☆pult4c1 uta lord|and this
|
|t:|1660837130
|move|p2a: Togedemaru|U-turn|p1a: mon Booska
|-resisted|p1a: mon Booska
|-damage|p1a: mon Booska|46/100
|
|t:|1660837134
|switch|p2a: Whimsicott|Whimsicott, M|100/100|[from]move: U-turn
|move|p1a: mon Booska|Recover|p1a: mon Booska
|-heal|p1a: mon Booska|96/100
|
|upkeep
|turn|6
|
|t:|1660837143
|switch|p2a: Weezing|Weezing, M|100/100
|switch|p1a: une Polska|Weezing, M|100/100
|
|upkeep
|turn|7
|
|t:|1660837148
|move|p1a: une Polska|Flamethrower|p2a: Weezing
|-damage|p2a: Weezing|76/100
|move|p2a: Weezing|Taunt|p1a: une Polska
|-start|p1a: une Polska|move: Taunt
|
|-heal|p2a: Weezing|82/100|[from] item: Black Sludge
|upkeep
|turn|8
|c|☆pult4c1 uta lord|o
|c|☆pult4c1 uta lord|was a tie
|c|☆pult4c1 shane|oops
|c|☆pult4c1 uta lord|kekw
|
|t:|1660837165
|switch|p2a: Archeops|Archeops, F|100/100
|move|p1a: une Polska|Flamethrower|p2a: Archeops
|-resisted|p2a: Archeops
|-damage|p2a: Archeops|86/100
|
|upkeep
|turn|9
|
|t:|1660837170
|switch|p1a: Maximum jtape|Rhydon, F|100/100
|-status|p1a: Maximum jtape|psn
|move|p2a: Archeops|Knock Off|p1a: Maximum jtape
|-damage|p1a: Maximum jtape|83/100 psn
|-enditem|p1a: Maximum jtape|Eviolite|[from] move: Knock Off|[of] p2a: Archeops
|
|-damage|p1a: Maximum jtape|70/100 psn|[from] psn
|upkeep
|turn|10
|
|t:|1660837180
|move|p2a: Archeops|U-turn|p1a: Maximum jtape
|-crit|p1a: Maximum jtape
|-damage|p1a: Maximum jtape|42/100 psn
|
|t:|1660837188
|switch|p2a: Whimsicott|Whimsicott, M|100/100|[from]move: U-turn
|move|p1a: Maximum jtape|Stealth Rock|p2a: Whimsicott
|-sidestart|p2: pult4c1 shane|move: Stealth Rock
|
|-damage|p1a: Maximum jtape|30/100 psn|[from] psn
|upkeep
|turn|11
|
|t:|1660837193
|switch|p1a: une Polska|Weezing, M|100/100
|move|p2a: Whimsicott|Defog|p1a: une Polska
|-unboost|p1a: une Polska|evasion|1
|-sideend|p1: pult4c1 uta lord|Toxic Spikes|[from] move: Defog|[of] p2a: Whimsicott
|-sideend|p2: pult4c1 shane|Toxic Spikes|[from] move: Defog|[of] p2a: Whimsicott
|-sideend|p2: pult4c1 shane|Stealth Rock|[from] move: Defog|[of] p2a: Whimsicott
|
|upkeep
|turn|12
|
|t:|1660837206
|switch|p2a: Weezing|Weezing, M|82/100
|move|p1a: une Polska|Sludge Bomb|p2a: Weezing
|-resisted|p2a: Weezing
|-damage|p2a: Weezing|65/100
|
|-heal|p2a: Weezing|71/100|[from] item: Black Sludge
|upkeep
|turn|13
|
|t:|1660837212
|move|p1a: une Polska|Flamethrower|p2a: Weezing
|-damage|p2a: Weezing|48/100
|move|p2a: Weezing|Taunt|p1a: une Polska
|-start|p1a: une Polska|move: Taunt
|
|-heal|p2a: Weezing|54/100|[from] item: Black Sludge
|upkeep
|turn|14
|
|t:|1660837217
|move|p2a: Weezing|Will-O-Wisp|p1a: une Polska
|-status|p1a: une Polska|brn
|move|p1a: une Polska|Flamethrower|p2a: Weezing
|-damage|p2a: Weezing|29/100
|-status|p2a: Weezing|brn
|
|-heal|p2a: Weezing|35/100 brn|[from] item: Black Sludge
|-damage|p2a: Weezing|29/100 brn|[from] brn
|-damage|p1a: une Polska|94/100 brn|[from] brn
|upkeep
|turn|15
|c|☆pult4c1 uta lord|I have wow too
|c|☆pult4c1 uta lord|see
|
|t:|1660837229
|switch|p2a: Archeops|Archeops, F|86/100
|move|p1a: une Polska|Sludge Bomb|p2a: Archeops
|-resisted|p2a: Archeops
|-damage|p2a: Archeops|62/100
|
|-damage|p1a: une Polska|88/100 brn|[from] brn
|upkeep
|turn|16
|c|☆pult4c1 shane|broken
|
|t:|1660837235
|move|p2a: Archeops|Knock Off|p1a: une Polska
|-damage|p1a: une Polska|67/100 brn
|move|p1a: une Polska|Sludge Bomb|p2a: Archeops
|-resisted|p2a: Archeops
|-damage|p2a: Archeops|40/100
|
|-damage|p1a: une Polska|61/100 brn|[from] brn
|-end|p1a: une Polska|move: Taunt
|upkeep
|turn|17
|c|☆pult4c1 uta lord|hehe
|
|t:|1660837244
|switch|p1a: vie si j’me tape|Sneasel, M|100/100
|move|p2a: Archeops|Roost|p2a: Archeops
|-heal|p2a: Archeops|90/100
|-singleturn|p2a: Archeops|move: Roost
|
|upkeep
|turn|18
|
|t:|1660837257
|switch|p2a: Sandaconda|Sandaconda, F|100/100
|move|p1a: vie si j’me tape|Triple Axel|p2a: Sandaconda
|-supereffective|p2a: Sandaconda
|-damage|p2a: Sandaconda|90/100
|-damage|p1a: vie si j’me tape|84/100|[from] item: Rocky Helmet|[of] p2a: Sandaconda
|-supereffective|p2a: Sandaconda
|-damage|p2a: Sandaconda|65/100
|-damage|p1a: vie si j’me tape|68/100|[from] item: Rocky Helmet|[of] p2a: Sandaconda
|-supereffective|p2a: Sandaconda
|-damage|p2a: Sandaconda|34/100
|-damage|p1a: vie si j’me tape|51/100|[from] item: Rocky Helmet|[of] p2a: Sandaconda
|-hitcount|p2a: Sandaconda|3
|
|upkeep
|turn|19
|c|☆pult4c1 shane|do it again i dare u
|c|☆pult4c1 uta lord|fine
|
|t:|1660837275
|switch|p2a: Togedemaru|Togedemaru, M|100/100
|move|p1a: vie si j’me tape|Triple Axel|p2a: Togedemaru
|-resisted|p2a: Togedemaru
|-damage|p2a: Togedemaru|94/100
|-damage|p1a: vie si j’me tape|39/100|[from] ability: Iron Barbs|[of] p2a: Togedemaru
|-resisted|p2a: Togedemaru
|-damage|p2a: Togedemaru|82/100
|-damage|p1a: vie si j’me tape|27/100|[from] ability: Iron Barbs|[of] p2a: Togedemaru
|-resisted|p2a: Togedemaru
|-damage|p2a: Togedemaru|63/100
|-damage|p1a: vie si j’me tape|14/100|[from] ability: Iron Barbs|[of] p2a: Togedemaru
|-hitcount|p2a: Togedemaru|3
|
|-heal|p2a: Togedemaru|69/100|[from] item: Leftovers
|upkeep
|turn|20
|c| PULT4C1 spacial|do you triple dare them
|c|☆pult4c1 uta lord|anti sneasel
|c| PULT4C1 spacial|no triple dare needed it seems
|c|☆pult4c1 uta lord|ic
|
|t:|1660837299
|move|p1a: vie si j’me tape|Swords Dance|p1a: vie si j’me tape
|-boost|p1a: vie si j’me tape|atk|2
|move|p2a: Togedemaru|Wish|p2a: Togedemaru
|
|-heal|p2a: Togedemaru|75/100|[from] item: Leftovers
|upkeep
|turn|21
|
|t:|1660837308
|move|p2a: Togedemaru|Spiky Shield|p2a: Togedemaru
|-singleturn|p2a: Togedemaru|move: Protect
|move|p1a: vie si j’me tape|Ice Shard|p2a: Togedemaru
|-activate|p2a: Togedemaru|move: Protect
|
|-heal|p2a: Togedemaru|100/100|[from] move: Wish|[wisher] Togedemaru
|upkeep
|turn|22
|
|t:|1660837313
|switch|p2a: Sandaconda|Sandaconda, F|34/100
|move|p1a: vie si j’me tape|Knock Off|p2a: Sandaconda
|-damage|p2a: Sandaconda|0 fnt
|-damage|p1a: vie si j’me tape|0 fnt|[from] item: Rocky Helmet|[of] p2a: Sandaconda
|faint|p2a: Sandaconda
|faint|p1a: vie si j’me tape
|
|upkeep
|c|☆pult4c1 uta lord|should have kncok it aaaaaaaaaaa
|c|☆pult4c1 shane|aaaaaaaa
|c|☆pult4c1 uta lord|AAAAAAAA
|c| PULT4C1 spacial|aaaa.
|
|t:|1660837342
|switch|p1a: mon Booska|Jellicent, F|96/100
|switch|p2a: Arctovish|Arctovish|100/100
|turn|23
|
|t:|1660837351
|switch|p1a: une Polska|Weezing, M|61/100 brn
|move|p2a: Arctovish|Crunch|p1a: une Polska
|-damage|p1a: une Polska|30/100 brn
|
|-damage|p1a: une Polska|24/100 brn|[from] brn
|upkeep
|turn|24
|
|t:|1660837361
|move|p1a: une Polska|Sludge Bomb|p2a: Arctovish
|-damage|p2a: Arctovish|69/100
|-status|p2a: Arctovish|psn
|move|p2a: Arctovish|Crunch|p1a: une Polska
|-damage|p1a: une Polska|0 fnt
|faint|p1a: une Polska
|
|-damage|p2a: Arctovish|56/100 psn|[from] psn
|upkeep
|c|☆pult4c1 shane|booo
|
|t:|1660837370
|switch|p1a: Six mois|Whimsicott, M|100/100
|turn|25
|c|☆pult4c1 uta lord|hehe
|
|t:|1660837378
|switch|p1a: j’ai raté ma|Charizard, M|100/100
|move|p2a: Arctovish|Crunch|p1a: j’ai raté ma
|-damage|p1a: j’ai raté ma|51/100
|
|-damage|p2a: Arctovish|44/100 psn|[from] psn
|upkeep
|turn|26
|c|☆pult4c1 uta lord|noooooo
|c|☆pult4c1 uta lord|I forgot it was banded
|c|☆pult4c1 shane|i know my #ss3 player too well :)
|
|t:|1660837396
|switch|p2a: Archeops|Archeops, F|90/100
|move|p1a: j’ai raté ma|Flamethrower|p2a: Archeops
|-resisted|p2a: Archeops
|-damage|p2a: Archeops|54/100
|
|upkeep
|turn|27
|
|t:|1660837405
|switch|p1a: Maximum jtape|Rhydon, F|30/100 psn
|move|p2a: Archeops|Roost|p2a: Archeops
|-heal|p2a: Archeops|100/100
|-singleturn|p2a: Archeops|move: Roost
|
|-damage|p1a: Maximum jtape|18/100 psn|[from] psn
|upkeep
|turn|28
|inactive|pult4c1 shane has 120 seconds left.
|
|t:|1660837441
|move|p2a: Archeops|Stone Edge|p1a: Maximum jtape|[miss]
|-miss|p2a: Archeops|p1a: Maximum jtape
|move|p1a: Maximum jtape|Stealth Rock|p2a: Archeops
|-sidestart|p2: pult4c1 shane|move: Stealth Rock
|
|-damage|p1a: Maximum jtape|5/100 psn|[from] psn
|upkeep
|turn|29
|inactive|pult4c1 shane has 120 seconds left.
|
|t:|1660837453
|move|p2a: Archeops|Knock Off|p1a: Maximum jtape
|-damage|p1a: Maximum jtape|0 fnt
|faint|p1a: Maximum jtape
|
|upkeep
|
|t:|1660837455
|switch|p1a: Six mois|Whimsicott, M|100/100
|turn|30
|c|☆pult4c1 uta lord|okay
|c|☆pult4c1 uta lord|go six mois
|inactive|pult4c1 shane has 120 seconds left.
|
|t:|1660837472
|switch|p2a: Togedemaru|Togedemaru, M|100/100
|-damage|p2a: Togedemaru|95/100|[from] Stealth Rock
|move|p1a: Six mois|Moonblast|p2a: Togedemaru
|-resisted|p2a: Togedemaru
|-damage|p2a: Togedemaru|73/100
|-unboost|p2a: Togedemaru|spa|1
|
|-heal|p2a: Togedemaru|79/100|[from] item: Leftovers
|upkeep
|turn|31
|inactive|pult4c1 shane has 120 seconds left.
|
|t:|1660837479
|switch|p1a: j’ai raté ma|Charizard, M|51/100
|move|p2a: Togedemaru|Wish|p2a: Togedemaru
|
|-heal|p2a: Togedemaru|85/100|[from] item: Leftovers
|upkeep
|turn|32
|
|t:|1660837489
|switch|p2a: Archeops|Archeops, F|100/100
|move|p1a: j’ai raté ma|Roar|p2a: Archeops
|drag|p2a: Whimsicott|Whimsicott, M|100/100
|
|upkeep
|turn|33
|
|t:|1660837502
|switch|p2a: Archeops|Archeops, F|100/100
|switch|p1a: Six mois|Whimsicott, M|100/100
|
|upkeep
|turn|34
|j| phegba
|
|t:|1660837525
|switch|p2a: Togedemaru|Togedemaru, M|85/100
|-damage|p2a: Togedemaru|79/100|[from] Stealth Rock
|move|p1a: Six mois|Moonblast|p2a: Togedemaru
|-resisted|p2a: Togedemaru
|-damage|p2a: Togedemaru|57/100
|
|-heal|p2a: Togedemaru|63/100|[from] item: Leftovers
|upkeep
|turn|35
|l| xskelly34
|
|t:|1660837538
|switch|p1a: j’ai raté ma|Charizard, M|51/100
|move|p2a: Togedemaru|Zing Zap|p1a: j’ai raté ma
|-supereffective|p1a: j’ai raté ma
|-damage|p1a: j’ai raté ma|0 fnt
|faint|p1a: j’ai raté ma
|
|-heal|p2a: Togedemaru|69/100|[from] item: Leftovers
|upkeep
|
|t:|1660837540
|switch|p1a: mon Booska|Jellicent, F|96/100
|turn|36
|
|t:|1660837544
|move|p2a: Togedemaru|Spiky Shield|p2a: Togedemaru
|-singleturn|p2a: Togedemaru|move: Protect
|move|p1a: mon Booska|Scald|p2a: Togedemaru
|-activate|p2a: Togedemaru|move: Protect
|
|-heal|p2a: Togedemaru|75/100|[from] item: Leftovers
|upkeep
|turn|37
|
|t:|1660837554
|switch|p2a: Whimsicott|Whimsicott, M|100/100
|switch|p1a: Six mois|Whimsicott, M|100/100
|
|upkeep
|turn|38
|
|t:|1660837561
|move|p2a: Whimsicott|Defog|p1a: Six mois
|-unboost|p1a: Six mois|evasion|1
|-sideend|p2: pult4c1 shane|Stealth Rock|[from] move: Defog|[of] p2a: Whimsicott
|move|p1a: Six mois|Energy Ball|p2a: Whimsicott
|-resisted|p2a: Whimsicott
|-damage|p2a: Whimsicott|63/100
|-unboost|p2a: Whimsicott|spd|1
|
|upkeep
|turn|39
|c|☆pult4c1 uta lord|noooo not on whimsi
|c|☆pult4c1 uta lord|:c
|
|t:|1660837570
|switch|p2a: Togedemaru|Togedemaru, M|75/100
|move|p1a: Six mois|Energy Ball|p2a: Togedemaru
|-resisted|p2a: Togedemaru
|-damage|p2a: Togedemaru|54/100
|
|-heal|p2a: Togedemaru|60/100|[from] item: Leftovers
|upkeep
|turn|40
|
|t:|1660837577
|move|p1a: Six mois|Energy Ball|p2a: Togedemaru
|-resisted|p2a: Togedemaru
|-damage|p2a: Togedemaru|40/100
|-unboost|p2a: Togedemaru|spd|1
|move|p2a: Togedemaru|Wish|p2a: Togedemaru
|
|-heal|p2a: Togedemaru|46/100|[from] item: Leftovers
|upkeep
|turn|41
|
|t:|1660837585
|move|p2a: Togedemaru|Spiky Shield|p2a: Togedemaru
|-singleturn|p2a: Togedemaru|move: Protect
|move|p1a: Six mois|Energy Ball|p2a: Togedemaru
|-activate|p2a: Togedemaru|move: Protect
|
|-heal|p2a: Togedemaru|96/100|[from] move: Wish|[wisher] Togedemaru
|-heal|p2a: Togedemaru|100/100|[from] item: Leftovers
|upkeep
|turn|42
|l| phegba
|
|t:|1660837595
|move|p1a: Six mois|Energy Ball|p2a: Togedemaru
|-resisted|p2a: Togedemaru
|-damage|p2a: Togedemaru|69/100
|move|p2a: Togedemaru|Wish|p2a: Togedemaru
|
|-heal|p2a: Togedemaru|75/100|[from] item: Leftovers
|upkeep
|turn|43
|
|t:|1660837603
|switch|p1a: mon Booska|Jellicent, F|96/100
|move|p2a: Togedemaru|U-turn|p1a: mon Booska
|-resisted|p1a: mon Booska
|-damage|p1a: mon Booska|89/100
|
|t:|1660837605
|switch|p2a: Weezing|Weezing, M|29/100 brn|[from]move: U-turn
|
|-heal|p2a: Weezing|79/100 brn|[from] move: Wish|[wisher] Togedemaru
|-heal|p2a: Weezing|85/100 brn|[from] item: Black Sludge
|-damage|p2a: Weezing|79/100 brn|[from] brn
|upkeep
|turn|44
|
|t:|1660837610
|switch|p1a: Six mois|Whimsicott, M|100/100
|move|p2a: Weezing|Toxic Spikes|p1a: Six mois
|-sidestart|p1: pult4c1 uta lord|move: Toxic Spikes
|
|-heal|p2a: Weezing|85/100 brn|[from] item: Black Sludge
|-damage|p2a: Weezing|79/100 brn|[from] brn
|upkeep
|turn|45
|
|t:|1660837618
|switch|p2a: Togedemaru|Togedemaru, M|75/100
|move|p1a: Six mois|Hurricane|p2a: Togedemaru
|-resisted|p2a: Togedemaru
|-damage|p2a: Togedemaru|66/100
|
|-heal|p2a: Togedemaru|72/100|[from] item: Leftovers
|upkeep
|turn|46
|c|☆pult4c1 uta lord|gg
|c|☆pult4c1 uta lord|I hate LTs
|c|☆pult4c1 shane|gg
|-message|pult4c1 uta lord forfeited.
|
|win|pult4c1 shane
|raw|pult4c1 uta lord's rating: 1475 &rarr; <strong>1457</strong><br />(-18 for losing)
|raw|pult4c1 shane's rating: 1512 &rarr; <strong>1530</strong><br />(+18 for winning)
|l|☆pult4c1 uta lord
|j|☆pult4c1 uta lord
|player|p1|pult4c1 uta lord|#stt4toxicboys
|l|☆pult4c1 uta lord
|player|p1|
|l| PULT4C1 spacial
||Ladder isn't responding, score probably updated but might not have (Request timeout).
|j| seeplay
