|raw|<div class="broadcast-blue"><strong>This battle is required to be public due to a player having a name starting with 'pult72b'.</div>
|j|☆pult72b z
|j|☆ii77
|t:|1627819882
|gametype|singles
|player|p1|pult72b z|erika|1459
|player|p2|ii77|iris|1154
|teamsize|p1|6
|teamsize|p2|6
|gen|8
|tier|[Gen 8] PU
|rated|
|rule|Sleep Clause Mod: Limit one foe put to sleep
|rule|Species Clause: Limit one of each Pokémon
|rule|OHKO Clause: OHKO moves are banned
|rule|Evasion Moves Clause: Evasion moves are banned
|rule|Endless Battle Clause: Forcing endless battles is banned
|rule|HP Percentage Mod: HP is shown in percentages
|rule|Dynamax Clause: You cannot dynamax
|clearpoke
|poke|p1|Absol, M|
|poke|p1|Vikavolt, F|
|poke|p1|Mesprit|
|poke|p1|Tsareena, F|
|poke|p1|Silvally-*|
|poke|p1|Archeops, F|
|poke|p2|Drampa, M|
|poke|p2|Whimsicott, F|
|poke|p2|Passimian, F|
|poke|p2|Silvally-*|
|poke|p2|Altaria, F|
|poke|p2|Togedemaru, M|
|teampreview
|inactive|Battle timer is ON: inactive players will automatically lose when time's up. (requested by pult72b z)
|
|t:|1627819904
|start
|switch|p1a: Archeops|Archeops, F|100/100
|switch|p2a: Togedemaru|Togedemaru, M|100/100
|turn|1
|
|t:|1627819920
|switch|p2a: Silvally|Silvally-Fairy|100/100
|move|p1a: Archeops|Stealth Rock|p2a: Silvally
|-sidestart|p2: ii77|move: Stealth Rock
|
|upkeep
|turn|2
|
|t:|1627819942
|move|p1a: Archeops|Taunt|p2a: Silvally
|-start|p2a: Silvally|move: Taunt
|move|p2a: Silvally|Multi-Attack|p1a: Archeops
|-damage|p1a: Archeops|11/100
|
|upkeep
|turn|3
|
|t:|1627819951
|move|p1a: Archeops|Endeavor|p2a: Silvally
|-damage|p2a: Silvally|10/100
|move|p2a: Silvally|U-turn|p1a: Archeops
|-resisted|p1a: Archeops
|-damage|p1a: Archeops|0 fnt
|faint|p1a: Archeops
|
|t:|1627819976
|switch|p2a: budget bisharp|Passimian, F|100/100|[from]move: U-turn
|-damage|p2a: budget bisharp|94/100|[from] Stealth Rock
|
|upkeep
|
|t:|1627819984
|switch|p1a: Vikavolt|Vikavolt, F|100/100
|turn|4
|inactive|ii77 has 120 seconds left.
|
|t:|1627820010
|move|p2a: budget bisharp|U-turn|p1a: Vikavolt
|-damage|p1a: Vikavolt|74/100
|
|t:|1627820013
|switch|p2a: Togedemaru|Togedemaru, M|100/100|[from]move: U-turn
|move|p1a: Vikavolt|Agility|p1a: Vikavolt
|-boost|p1a: Vikavolt|spe|2
|
|upkeep
|turn|5
|
|t:|1627820018
|move|p1a: Vikavolt|Bug Buzz|p2a: Togedemaru
|-resisted|p2a: Togedemaru
|-damage|p2a: Togedemaru|75/100
|move|p2a: Togedemaru|Iron Head|p1a: Vikavolt
|-resisted|p1a: Vikavolt
|-damage|p1a: Vikavolt|57/100
|
|upkeep
|turn|6
|
|t:|1627820023
|move|p1a: Vikavolt|Bug Buzz|p2a: Togedemaru
|-resisted|p2a: Togedemaru
|-damage|p2a: Togedemaru|48/100
|move|p2a: Togedemaru|Wish|p2a: Togedemaru
|
|upkeep
|turn|7
|
|t:|1627820026
|move|p1a: Vikavolt|Bug Buzz|p2a: Togedemaru
|-resisted|p2a: Togedemaru
|-damage|p2a: Togedemaru|22/100
|move|p2a: Togedemaru|Iron Head|p1a: Vikavolt
|-resisted|p1a: Vikavolt
|-damage|p1a: Vikavolt|40/100
|
|-heal|p2a: Togedemaru|72/100|[from] move: Wish|[wisher] Togedemaru
|upkeep
|turn|8
|
|t:|1627820031
|move|p1a: Vikavolt|Bug Buzz|p2a: Togedemaru
|-resisted|p2a: Togedemaru
|-damage|p2a: Togedemaru|45/100
|move|p2a: Togedemaru|Wish|p2a: Togedemaru
|
|upkeep
|turn|9
|
|t:|1627820034
|move|p1a: Vikavolt|Bug Buzz|p2a: Togedemaru
|-resisted|p2a: Togedemaru
|-damage|p2a: Togedemaru|17/100
|move|p2a: Togedemaru|Iron Head|p1a: Vikavolt
|-resisted|p1a: Vikavolt
|-damage|p1a: Vikavolt|25/100
|
|-heal|p2a: Togedemaru|67/100|[from] move: Wish|[wisher] Togedemaru
|upkeep
|turn|10
|
|t:|1627820039
|move|p1a: Vikavolt|Bug Buzz|p2a: Togedemaru
|-resisted|p2a: Togedemaru
|-damage|p2a: Togedemaru|37/100
|move|p2a: Togedemaru|Wish|p2a: Togedemaru
|
|upkeep
|turn|11
|
|t:|1627820042
|move|p1a: Vikavolt|Roost|p1a: Vikavolt
|-heal|p1a: Vikavolt|75/100
|-singleturn|p1a: Vikavolt|move: Roost
|move|p2a: Togedemaru|Iron Head|p1a: Vikavolt
|-resisted|p1a: Vikavolt
|-damage|p1a: Vikavolt|58/100
|
|-heal|p2a: Togedemaru|87/100|[from] move: Wish|[wisher] Togedemaru
|upkeep
|turn|12
|
|t:|1627820048
|move|p1a: Vikavolt|Agility|p1a: Vikavolt
|-boost|p1a: Vikavolt|spe|2
|move|p2a: Togedemaru|Wish|p2a: Togedemaru
|
|upkeep
|turn|13
|
|t:|1627820051
|move|p1a: Vikavolt|Roost|p1a: Vikavolt
|-heal|p1a: Vikavolt|100/100
|-singleturn|p1a: Vikavolt|move: Roost
|move|p2a: Togedemaru|Iron Head|p1a: Vikavolt
|-resisted|p1a: Vikavolt
|-damage|p1a: Vikavolt|83/100
|
|-heal|p2a: Togedemaru|100/100|[from] move: Wish|[wisher] Togedemaru
|upkeep
|turn|14
|
|t:|1627820058
|move|p1a: Vikavolt|Thunderbolt|p2a: Togedemaru
|-ability|p2a: Togedemaru|Lightning Rod|boost
|-boost|p2a: Togedemaru|spa|1
|move|p2a: Togedemaru|Iron Head|p1a: Vikavolt
|-resisted|p1a: Vikavolt
|-damage|p1a: Vikavolt|67/100
|
|upkeep
|turn|15
|
|t:|1627820063
|move|p1a: Vikavolt|Agility|p1a: Vikavolt
|-boost|p1a: Vikavolt|spe|2
|move|p2a: Togedemaru|Iron Head|p1a: Vikavolt
|-resisted|p1a: Vikavolt
|-damage|p1a: Vikavolt|52/100
|
|upkeep
|turn|16
|
|t:|1627820070
|move|p1a: Vikavolt|Agility|p1a: Vikavolt
|-boost|p1a: Vikavolt|spe|0
|move|p2a: Togedemaru|Wish|p2a: Togedemaru
|
|upkeep
|turn|17
|j| Grandmaschrute
|
|t:|1627820095
|move|p1a: Vikavolt|Bug Buzz|p2a: Togedemaru
|-resisted|p2a: Togedemaru
|-damage|p2a: Togedemaru|71/100
|move|p2a: Togedemaru|U-turn|p1a: Vikavolt
|-damage|p1a: Vikavolt|30/100
|
|t:|1627820103
|switch|p2a: Whimsicott|Whimsicott, F|100/100|[from]move: U-turn
|-damage|p2a: Whimsicott|88/100|[from] Stealth Rock
|
|-heal|p2a: Whimsicott|100/100|[from] move: Wish|[wisher] Togedemaru
|upkeep
|turn|18
|
|t:|1627820112
|move|p2a: Whimsicott|Leech Seed|p1a: Vikavolt
|-start|p1a: Vikavolt|move: Leech Seed
|move|p1a: Vikavolt|Roost|p1a: Vikavolt
|-heal|p1a: Vikavolt|80/100
|-singleturn|p1a: Vikavolt|move: Roost
|
|-damage|p1a: Vikavolt|68/100|[from] Leech Seed|[of] p2a: Whimsicott
|upkeep
|turn|19
|
|t:|1627820115
|move|p2a: Whimsicott|Substitute|p2a: Whimsicott
|-start|p2a: Whimsicott|Substitute
|-damage|p2a: Whimsicott|75/100
|move|p1a: Vikavolt|Bug Buzz|p2a: Whimsicott
|-damage|p2a: Whimsicott|0 fnt
|faint|p2a: Whimsicott
|
|upkeep
|
|t:|1627820126
|switch|p2a: Togedemaru|Togedemaru, M|71/100
|turn|20
|
|t:|1627820131
|switch|p1a: Silvally|Silvally-Steel|100/100
|move|p2a: Togedemaru|Iron Head|p1a: Silvally
|-resisted|p1a: Silvally
|-damage|p1a: Silvally|85/100
|
|upkeep
|turn|21
|
|t:|1627820135
|move|p1a: Silvally|Swords Dance|p1a: Silvally
|-boost|p1a: Silvally|atk|2
|move|p2a: Togedemaru|U-turn|p1a: Silvally
|-resisted|p1a: Silvally
|-damage|p1a: Silvally|76/100
|
|t:|1627820142
|switch|p2a: budget bisharp|Passimian, F|94/100|[from]move: U-turn
|-damage|p2a: budget bisharp|88/100|[from] Stealth Rock
|
|upkeep
|turn|22
|
|t:|1627820144
|switch|p1a: Mesprit|Mesprit|100/100
|move|p2a: budget bisharp|Close Combat|p1a: Mesprit
|-resisted|p1a: Mesprit
|-damage|p1a: Mesprit|81/100
|-unboost|p2a: budget bisharp|def|1
|-unboost|p2a: budget bisharp|spd|1
|-enditem|p1a: Mesprit|Kee Berry|[eat]
|-boost|p1a: Mesprit|def|1|[from] item: Kee Berry
|
|upkeep
|turn|23
|
|t:|1627820151
|switch|p2a: Altaria|Altaria, F|100/100
|move|p1a: Mesprit|Calm Mind|p1a: Mesprit
|-boost|p1a: Mesprit|spa|1
|-boost|p1a: Mesprit|spd|1
|
|upkeep
|turn|24
|
|t:|1627820155
|move|p1a: Mesprit|Calm Mind|p1a: Mesprit
|-boost|p1a: Mesprit|spa|1
|-boost|p1a: Mesprit|spd|1
|move|p2a: Altaria|Toxic|p1a: Mesprit
|-status|p1a: Mesprit|tox
|
|-damage|p1a: Mesprit|75/100 tox|[from] psn
|upkeep
|turn|25
|
|t:|1627820164
|switch|p2a: Drampa|Drampa, M|100/100
|-damage|p2a: Drampa|88/100|[from] Stealth Rock
|move|p1a: Mesprit|Calm Mind|p1a: Mesprit
|-boost|p1a: Mesprit|spa|1
|-boost|p1a: Mesprit|spd|1
|
|-damage|p1a: Mesprit|63/100 tox|[from] psn
|upkeep
|turn|26
|
|t:|1627820168
|move|p1a: Mesprit|Stored Power|p2a: Drampa
|-damage|p2a: Drampa|0 fnt
|faint|p2a: Drampa
|
|-damage|p1a: Mesprit|45/100 tox|[from] psn
|upkeep
|
|t:|1627820180
|switch|p2a: budget bisharp|Passimian, F|88/100
|-damage|p2a: budget bisharp|82/100|[from] Stealth Rock
|turn|27
|
|t:|1627820185
|move|p2a: budget bisharp|Gunk Shot|p1a: Mesprit
|-damage|p1a: Mesprit|27/100 tox
|move|p1a: Mesprit|Draining Kiss|p2a: budget bisharp
|-supereffective|p2a: budget bisharp
|-damage|p2a: budget bisharp|0 fnt
|-heal|p1a: Mesprit|85/100 tox|[from] drain|[of] p2a: budget bisharp
|faint|p2a: budget bisharp
|
|-damage|p1a: Mesprit|61/100 tox|[from] psn
|upkeep
|-message|ii77 forfeited.
|
|win|pult72b z
|raw|pult72b z's rating: 1466 &rarr; <strong>1472</strong><br />(+6 for winning)
|raw|ii77's rating: 1154 &rarr; <strong>1147</strong><br />(-7 for losing)
