|j|☆PU grinding
|j|☆panned bomb
|t:|1643657722
|gametype|singles
|player|p1|PU grinding|bugsy|1309
|player|p2|panned bomb|102|1444
|teamsize|p1|6
|teamsize|p2|6
|gen|8
|tier|[Gen 8] PU
|rated|
|rule|Sleep Clause Mod: Limit one foe put to sleep
|rule|Species Clause: Limit one of each Pokémon
|rule|OHKO Clause: OHKO moves are banned
|rule|Evasion Moves Clause: Evasion moves are banned
|rule|Endless Battle Clause: Forcing endless battles is banned
|rule|HP Percentage Mod: HP is shown in percentages
|rule|Dynamax Clause: You cannot dynamax
|clearpoke
|poke|p1|Silvally-*|
|poke|p1|Gigalith, M|
|poke|p1|Scrafty, F|
|poke|p1|Togedemaru, M|
|poke|p1|Weezing, F|
|poke|p1|Ferroseed, F|
|poke|p2|Frosmoth, F|
|poke|p2|Lunatone|
|poke|p2|Charizard, M|
|poke|p2|Quagsire, F|
|poke|p2|Skuntank, M|
|poke|p2|Flapple, F|
|teampreview
|inactive|Battle timer is ON: inactive players will automatically lose when time's up. (requested by PU grinding)
|c|☆PU grinding|Glhf
|
|t:|1643657747
|start
|switch|p1a: Silvally|Silvally-Fairy|100/100
|switch|p2a: Flapple|Flapple, F|100/100
|turn|1
|
|t:|1643657756
|switch|p2a: Charizard|Charizard, M|100/100
|move|p1a: Silvally|Multi-Attack|p2a: Charizard
|-resisted|p2a: Charizard
|-damage|p2a: Charizard|72/100
|
|upkeep
|turn|2
|
|t:|1643657764
|switch|p2a: Quagsire|Quagsire, F|100/100
|switch|p1a: Gigalith|Gigalith, M|100/100
|-weather|Sandstorm|[from] ability: Sand Stream|[of] p1a: Gigalith
|
|-weather|Sandstorm|[upkeep]
|upkeep
|turn|3
|
|t:|1643657769
|switch|p1a: Weezing|Weezing, F|100/100
|move|p2a: Quagsire|Earthquake|p1a: Weezing
|-immune|p1a: Weezing|[from] ability: Levitate
|
|-weather|Sandstorm|[upkeep]
|-damage|p1a: Weezing|95/100|[from] Sandstorm
|upkeep
|turn|4
|
|t:|1643657773
|switch|p2a: Lunatone|Lunatone|100/100
|move|p1a: Weezing|Toxic Spikes|p2a: Lunatone
|-sidestart|p2: panned bomb|move: Toxic Spikes
|
|-weather|Sandstorm|[upkeep]
|-damage|p1a: Weezing|89/100|[from] Sandstorm
|upkeep
|turn|5
|
|t:|1643657778
|move|p2a: Lunatone|Future Sight|p1a: Weezing
|-start|p2a: Lunatone|move: Future Sight
|move|p1a: Weezing|Toxic Spikes|p2a: Lunatone
|-sidestart|p2: panned bomb|move: Toxic Spikes
|
|-weather|Sandstorm|[upkeep]
|-damage|p1a: Weezing|83/100|[from] Sandstorm
|upkeep
|turn|6
|
|t:|1643657786
|switch|p2a: Skuntank|Skuntank, M|100/100
|-sideend|p2: panned bomb|move: Toxic Spikes|[of] p2a: Skuntank
|switch|p1a: Scrafty|Scrafty, F|100/100
|
|-weather|none
|upkeep
|turn|7
|
|t:|1643657797
|move|p2a: Skuntank|Corrosive Gas|p1a: Scrafty
|-enditem|p1a: Scrafty|Leftovers|[from] move: Corrosive Gas|[of] p2a: Skuntank
|move|p1a: Scrafty|Bulk Up|p1a: Scrafty
|-boost|p1a: Scrafty|atk|1
|-boost|p1a: Scrafty|def|1
|
|-end|p1a: Scrafty|move: Future Sight
|-immune|p1a: Scrafty
|upkeep
|turn|8
|
|t:|1643657806
|switch|p2a: Quagsire|Quagsire, F|100/100
|move|p1a: Scrafty|Knock Off|p2a: Quagsire
|-damage|p2a: Quagsire|80/100
|-enditem|p2a: Quagsire|Heavy-Duty Boots|[from] move: Knock Off|[of] p1a: Scrafty
|
|upkeep
|turn|9
|
|t:|1643657813
|switch|p1a: Weezing|Weezing, F|83/100
|move|p2a: Quagsire|Earthquake|p1a: Weezing
|-immune|p1a: Weezing|[from] ability: Levitate
|
|upkeep
|turn|10
|
|t:|1643657821
|switch|p2a: Lunatone|Lunatone|100/100
|move|p1a: Weezing|Sludge Bomb|p2a: Lunatone
|-resisted|p2a: Lunatone
|-damage|p2a: Lunatone|85/100
|
|-heal|p2a: Lunatone|92/100|[from] item: Leftovers
|upkeep
|turn|11
|
|t:|1643657824
|switch|p1a: Scrafty|Scrafty, F|100/100
|move|p2a: Lunatone|Stealth Rock|p1a: Scrafty
|-sidestart|p1: PU grinding|move: Stealth Rock
|
|-heal|p2a: Lunatone|98/100|[from] item: Leftovers
|upkeep
|turn|12
|
|t:|1643657827
|switch|p2a: Quagsire|Quagsire, F|80/100
|move|p1a: Scrafty|Knock Off|p2a: Quagsire
|-damage|p2a: Quagsire|66/100
|
|upkeep
|turn|13
|
|t:|1643657830
|move|p1a: Scrafty|Drain Punch|p2a: Quagsire
|-damage|p2a: Quagsire|48/100
|move|p2a: Quagsire|Recover|p2a: Quagsire
|-heal|p2a: Quagsire|98/100
|
|upkeep
|turn|14
|
|t:|1643657836
|switch|p1a: Weezing|Weezing, F|83/100
|-damage|p1a: Weezing|70/100|[from] Stealth Rock
|move|p2a: Quagsire|Toxic|p1a: Weezing
|-immune|p1a: Weezing
|
|upkeep
|turn|15
|
|t:|1643657848
|switch|p2a: Frosmoth|Frosmoth, F|100/100
|move|p1a: Weezing|Sludge Bomb|p2a: Frosmoth
|-damage|p2a: Frosmoth|85/100
|
|upkeep
|turn|16
|
|t:|1643657857
|switch|p1a: Togedemaru|Togedemaru, M|100/100
|-damage|p1a: Togedemaru|95/100|[from] Stealth Rock
|move|p2a: Frosmoth|Ice Beam|p1a: Togedemaru
|-resisted|p1a: Togedemaru
|-damage|p1a: Togedemaru|62/100
|
|upkeep
|turn|17
|
|t:|1643657863
|switch|p2a: Quagsire|Quagsire, F|98/100
|move|p1a: Togedemaru|U-turn|p2a: Quagsire
|-damage|p2a: Quagsire|85/100
|
|t:|1643657873
|switch|p1a: Ferroseed|Ferroseed, F|100/100|[from]move: U-turn
|-damage|p1a: Ferroseed|94/100|[from] Stealth Rock
|
|upkeep
|turn|18
|
|t:|1643657877
|switch|p2a: Charizard|Charizard, M|72/100
|move|p1a: Ferroseed|Spikes|p2a: Charizard
|-sidestart|p2: panned bomb|Spikes
|
|upkeep
|turn|19
|
|t:|1643657880
|switch|p1a: Gigalith|Gigalith, M|100/100
|-damage|p1a: Gigalith|88/100|[from] Stealth Rock
|-weather|Sandstorm|[from] ability: Sand Stream|[of] p1a: Gigalith
|move|p2a: Charizard|Toxic|p1a: Gigalith
|-status|p1a: Gigalith|tox
|
|-weather|Sandstorm|[upkeep]
|-damage|p2a: Charizard|66/100|[from] Sandstorm
|-heal|p1a: Gigalith|94/100 tox|[from] item: Leftovers
|-damage|p1a: Gigalith|88/100 tox|[from] psn
|upkeep
|turn|20
|
|t:|1643657890
|switch|p2a: Flapple|Flapple, F|100/100
|-damage|p2a: Flapple|88/100|[from] Spikes
|switch|p1a: Ferroseed|Ferroseed, F|94/100
|-damage|p1a: Ferroseed|88/100|[from] Stealth Rock
|
|-weather|Sandstorm|[upkeep]
|-damage|p2a: Flapple|82/100|[from] Sandstorm
|upkeep
|turn|21
|
|t:|1643657895
|move|p2a: Flapple|U-turn|p1a: Ferroseed
|-damage|p1a: Ferroseed|58/100
|-damage|p2a: Flapple|70/100|[from] ability: Iron Barbs|[of] p1a: Ferroseed
|
|t:|1643657897
|switch|p2a: Charizard|Charizard, M|66/100|[from]move: U-turn
|move|p1a: Ferroseed|Spikes|p2a: Charizard
|-sidestart|p2: panned bomb|Spikes
|
|-weather|Sandstorm|[upkeep]
|-damage|p2a: Charizard|60/100|[from] Sandstorm
|upkeep
|turn|22
|
|t:|1643657901
|move|p1a: Ferroseed|Protect|p1a: Ferroseed
|-singleturn|p1a: Ferroseed|Protect
|move|p2a: Charizard|Defog|p1a: Ferroseed
|-activate|p1a: Ferroseed|move: Protect
|
|-weather|Sandstorm|[upkeep]
|-damage|p2a: Charizard|54/100|[from] Sandstorm
|upkeep
|turn|23
|
|t:|1643657904
|switch|p1a: Gigalith|Gigalith, M|88/100 tox
|-damage|p1a: Gigalith|76/100 tox|[from] Stealth Rock
|move|p2a: Charizard|Flamethrower|p1a: Gigalith
|-resisted|p1a: Gigalith
|-damage|p1a: Gigalith|65/100 tox
|
|-weather|none
|-heal|p1a: Gigalith|72/100 tox|[from] item: Leftovers
|-damage|p1a: Gigalith|65/100 tox|[from] psn
|upkeep
|turn|24
|
|t:|1643657908
|switch|p2a: Lunatone|Lunatone|98/100
|move|p1a: Gigalith|Stealth Rock|p2a: Lunatone
|-sidestart|p2: panned bomb|move: Stealth Rock
|
|-heal|p2a: Lunatone|100/100|[from] item: Leftovers
|-heal|p1a: Gigalith|72/100 tox|[from] item: Leftovers
|-damage|p1a: Gigalith|59/100 tox|[from] psn
|upkeep
|turn|25
|
|t:|1643657915
|switch|p1a: Scrafty|Scrafty, F|100/100
|-damage|p1a: Scrafty|95/100|[from] Stealth Rock
|move|p2a: Lunatone|Future Sight|p1a: Scrafty
|-start|p2a: Lunatone|move: Future Sight
|
|upkeep
|turn|26
|
|t:|1643657918
|switch|p2a: Quagsire|Quagsire, F|85/100
|-damage|p2a: Quagsire|78/100|[from] Stealth Rock
|-damage|p2a: Quagsire|62/100|[from] Spikes
|move|p1a: Scrafty|Drain Punch|p2a: Quagsire
|-damage|p2a: Quagsire|44/100
|-heal|p1a: Scrafty|100/100|[from] drain|[of] p2a: Quagsire
|
|upkeep
|turn|27
|
|t:|1643657925
|move|p1a: Scrafty|Drain Punch|p2a: Quagsire
|-damage|p2a: Quagsire|27/100
|move|p2a: Quagsire|Recover|p2a: Quagsire
|-heal|p2a: Quagsire|77/100
|
|-end|p1a: Scrafty|move: Future Sight
|-immune|p1a: Scrafty
|upkeep
|turn|28
|
|t:|1643657931
|switch|p1a: Ferroseed|Ferroseed, F|58/100
|-damage|p1a: Ferroseed|52/100|[from] Stealth Rock
|move|p2a: Quagsire|Recover|p2a: Quagsire
|-heal|p2a: Quagsire|100/100
|
|upkeep
|turn|29
|
|t:|1643657936
|switch|p2a: Flapple|Flapple, F|70/100
|-damage|p2a: Flapple|53/100|[from] Spikes
|-damage|p2a: Flapple|41/100|[from] Stealth Rock
|move|p1a: Ferroseed|Leech Seed|p2a: Flapple
|-immune|p2a: Flapple
|
|upkeep
|turn|30
|
|t:|1643657943
|move|p1a: Ferroseed|Protect|p1a: Ferroseed
|-singleturn|p1a: Ferroseed|Protect
|move|p2a: Flapple|U-turn|p1a: Ferroseed
|-activate|p1a: Ferroseed|move: Protect
|
|upkeep
|turn|31
|
|t:|1643657948
|switch|p1a: Weezing|Weezing, F|70/100
|-damage|p1a: Weezing|58/100|[from] Stealth Rock
|move|p2a: Flapple|U-turn|p1a: Weezing
|-resisted|p1a: Weezing
|-damage|p1a: Weezing|41/100
|-damage|p2a: Flapple|24/100|[from] item: Rocky Helmet|[of] p1a: Weezing
|j| very tiny rat
|
|t:|1643657954
|switch|p2a: Charizard|Charizard, M|54/100|[from]move: U-turn
|
|upkeep
|turn|32
|
|t:|1643657958
|move|p2a: Charizard|Defog|p1a: Weezing
|-unboost|p1a: Weezing|evasion|1
|-sideend|p1: PU grinding|Stealth Rock|[from] move: Defog|[of] p2a: Charizard
|-sideend|p2: panned bomb|Spikes|[from] move: Defog|[of] p2a: Charizard
|-sideend|p2: panned bomb|Stealth Rock|[from] move: Defog|[of] p2a: Charizard
|move|p1a: Weezing|Sludge Bomb|p2a: Charizard
|-damage|p2a: Charizard|19/100
|
|upkeep
|turn|33
|
|t:|1643657961
|move|p2a: Charizard|Roost|p2a: Charizard
|-heal|p2a: Charizard|70/100
|-singleturn|p2a: Charizard|move: Roost
|move|p1a: Weezing|Pain Split|p2a: Charizard
|-sethp|p2a: Charizard|57/100|[from] move: Pain Split|[silent]
|-sethp|p1a: Weezing|51/100|[from] move: Pain Split
|
|upkeep
|turn|34
|
|t:|1643657967
|switch|p1a: Gigalith|Gigalith, M|59/100 tox
|-weather|Sandstorm|[from] ability: Sand Stream|[of] p1a: Gigalith
|move|p2a: Charizard|Flamethrower|p1a: Gigalith
|-resisted|p1a: Gigalith
|-damage|p1a: Gigalith|49/100 tox
|
|-weather|Sandstorm|[upkeep]
|-damage|p2a: Charizard|51/100|[from] Sandstorm
|-heal|p1a: Gigalith|55/100 tox|[from] item: Leftovers
|-damage|p1a: Gigalith|49/100 tox|[from] psn
|upkeep
|turn|35
|
|t:|1643657978
|switch|p2a: Lunatone|Lunatone|100/100
|switch|p1a: Togedemaru|Togedemaru, M|62/100
|
|-weather|Sandstorm|[upkeep]
|upkeep
|turn|36
|
|t:|1643657981
|move|p1a: Togedemaru|U-turn|p2a: Lunatone
|-supereffective|p2a: Lunatone
|-damage|p2a: Lunatone|44/100
|
|t:|1643657983
|switch|p1a: Scrafty|Scrafty, F|100/100|[from]move: U-turn
|move|p2a: Lunatone|Stealth Rock|p1a: Scrafty
|-sidestart|p1: PU grinding|move: Stealth Rock
|
|-weather|Sandstorm|[upkeep]
|-damage|p1a: Scrafty|95/100|[from] Sandstorm
|-heal|p2a: Lunatone|50/100|[from] item: Leftovers
|upkeep
|turn|37
|
|t:|1643657986
|switch|p2a: Quagsire|Quagsire, F|100/100
|move|p1a: Scrafty|Knock Off|p2a: Quagsire
|-damage|p2a: Quagsire|87/100
|
|-weather|Sandstorm|[upkeep]
|-damage|p1a: Scrafty|89/100|[from] Sandstorm
|upkeep
|turn|38
|
|t:|1643657991
|switch|p1a: Ferroseed|Ferroseed, F|52/100
|-damage|p1a: Ferroseed|45/100|[from] Stealth Rock
|move|p2a: Quagsire|Earthquake|p1a: Ferroseed
|-damage|p1a: Ferroseed|26/100
|
|-weather|none
|upkeep
|turn|39
|
|t:|1643658000
|switch|p2a: Flapple|Flapple, F|24/100
|move|p1a: Ferroseed|Leech Seed|p2a: Flapple
|-immune|p2a: Flapple
|
|upkeep
|turn|40
|
|t:|1643658003
|move|p1a: Ferroseed|Protect|p1a: Ferroseed
|-singleturn|p1a: Ferroseed|Protect
|move|p2a: Flapple|Dragon Rush|p1a: Ferroseed
|-activate|p1a: Ferroseed|move: Protect
|
|upkeep
|turn|41
|-message|PU grinding forfeited.
|
|win|panned bomb
|raw|PU grinding's rating: 1309 &rarr; <strong>1296</strong><br />(-13 for losing)
|raw|panned bomb's rating: 1444 &rarr; <strong>1457</strong><br />(+13 for winning)
|l|☆PU grinding
