|j|☆Matsou
|j|☆Nelarion
|t:|1619168546
|gametype|singles
|player|p1|Matsou|grimsley|1434
|player|p2|Nelarion|koga|1444
|teamsize|p1|6
|teamsize|p2|6
|gen|8
|tier|[Gen 8] PU
|rated|
|clearpoke
|poke|p1|Tsareena, F|
|poke|p1|Absol, M|
|poke|p1|Gigalith, M|
|poke|p1|Weezing, M|
|poke|p1|Lanturn, M|
|poke|p1|Ribombee, M|
|poke|p2|Coalossal, M|
|poke|p2|Electabuzz, M|
|poke|p2|Pyukumuku, M|
|poke|p2|Wigglytuff, M|
|poke|p2|Articuno|
|poke|p2|Perrserker, M|
|rule|Sleep Clause Mod: Limit one foe put to sleep
|rule|Species Clause: Limit one of each Pokémon
|rule|OHKO Clause: OHKO moves are banned
|rule|Evasion Moves Clause: Evasion moves are banned
|rule|Endless Battle Clause: Forcing endless battles is banned
|rule|HP Percentage Mod: HP is shown in percentages
|rule|Dynamax Clause: You cannot dynamax
|teampreview
|inactive|Battle timer is ON: inactive players will automatically lose when time's up. (requested by Matsou)
|
|t:|1619168557
|start
|switch|p1a: Weezing|Weezing, M|100/100
|switch|p2a: Perrserker|Perrserker, M|100/100
|turn|1
|
|t:|1619168569
|move|p1a: Weezing|Will-O-Wisp|p2a: Perrserker|[miss]
|-miss|p1a: Weezing|p2a: Perrserker
|move|p2a: Perrserker|Iron Head|p1a: Weezing
|-damage|p1a: Weezing|46/100
|
|-heal|p1a: Weezing|52/100|[from] item: Black Sludge
|upkeep
|turn|2
|
|t:|1619168575
|move|p1a: Weezing|Pain Split|p2a: Perrserker
|-sethp|p2a: Perrserker|75/100|[from] move: Pain Split|[silent]
|-sethp|p1a: Weezing|78/100|[from] move: Pain Split
|move|p2a: Perrserker|Iron Head|p1a: Weezing
|-damage|p1a: Weezing|22/100
|
|-heal|p1a: Weezing|28/100|[from] item: Black Sludge
|upkeep
|turn|3
|
|t:|1619168579
|move|p1a: Weezing|Will-O-Wisp|p2a: Perrserker
|-status|p2a: Perrserker|brn
|move|p2a: Perrserker|Iron Head|p1a: Weezing
|-damage|p1a: Weezing|1/100
|
|-heal|p1a: Weezing|7/100|[from] item: Black Sludge
|-damage|p2a: Perrserker|69/100 brn|[from] brn
|upkeep
|turn|4
|
|t:|1619168597
|switch|p2a: Electabuzz|Electabuzz, M|100/100
|move|p1a: Weezing|Pain Split|p2a: Electabuzz
|-sethp|p2a: Electabuzz|54/100|[from] move: Pain Split|[silent]
|-sethp|p1a: Weezing|49/100|[from] move: Pain Split
|
|-heal|p1a: Weezing|55/100|[from] item: Black Sludge
|upkeep
|turn|5
|
|t:|1619168605
|switch|p1a: Gigalith|Gigalith, M|100/100
|-weather|Sandstorm|[from] ability: Sand Stream|[of] p1a: Gigalith
|move|p2a: Electabuzz|Taunt|p1a: Gigalith
|-start|p1a: Gigalith|move: Taunt
|
|-weather|Sandstorm|[upkeep]
|-damage|p2a: Electabuzz|48/100|[from] Sandstorm
|upkeep
|turn|6
|
|t:|1619168613
|move|p2a: Electabuzz|Volt Switch|p1a: Gigalith
|-damage|p1a: Gigalith|87/100
|
|t:|1619168620
|switch|p2a: Wigglytuff|Wigglytuff, M|100/100|[from]move: Volt Switch
|move|p1a: Gigalith|Earthquake|p2a: Wigglytuff
|-damage|p2a: Wigglytuff|77/100
|
|-weather|Sandstorm|[upkeep]
|-damage|p2a: Wigglytuff|71/100|[from] Sandstorm
|-heal|p1a: Gigalith|94/100|[from] item: Leftovers
|upkeep
|turn|7
|
|t:|1619168630
|move|p2a: Wigglytuff|Wish|p2a: Wigglytuff
|move|p1a: Gigalith|Rock Blast|p2a: Wigglytuff
|-damage|p2a: Wigglytuff|62/100
|-damage|p2a: Wigglytuff|52/100
|-damage|p2a: Wigglytuff|43/100
|-hitcount|p2a: Wigglytuff|3
|
|-weather|Sandstorm|[upkeep]
|-damage|p2a: Wigglytuff|36/100|[from] Sandstorm
|-heal|p1a: Gigalith|99/100|[from] item: Leftovers
|-end|p1a: Gigalith|move: Taunt
|upkeep
|turn|8
|
|t:|1619168636
|move|p2a: Wigglytuff|Protect|p2a: Wigglytuff
|-singleturn|p2a: Wigglytuff|Protect
|move|p1a: Gigalith|Earthquake|p2a: Wigglytuff
|-activate|p2a: Wigglytuff|move: Protect
|
|-weather|Sandstorm|[upkeep]
|-damage|p2a: Wigglytuff|30/100|[from] Sandstorm
|-heal|p2a: Wigglytuff|80/100|[from] move: Wish|[wisher] Wigglytuff
|-heal|p1a: Gigalith|100/100|[from] item: Leftovers
|upkeep
|turn|9
|
|t:|1619168641
|move|p2a: Wigglytuff|Wish|p2a: Wigglytuff
|move|p1a: Gigalith|Rock Blast|p2a: Wigglytuff
|-damage|p2a: Wigglytuff|71/100
|-damage|p2a: Wigglytuff|62/100
|-damage|p2a: Wigglytuff|53/100
|-hitcount|p2a: Wigglytuff|3
|
|-weather|none
|upkeep
|turn|10
|
|t:|1619168648
|move|p2a: Wigglytuff|Dazzling Gleam|p1a: Gigalith
|-damage|p1a: Gigalith|83/100
|move|p1a: Gigalith|Earthquake|p2a: Wigglytuff
|-damage|p2a: Wigglytuff|27/100
|
|-heal|p2a: Wigglytuff|77/100|[from] move: Wish|[wisher] Wigglytuff
|-heal|p1a: Gigalith|89/100|[from] item: Leftovers
|upkeep
|turn|11
|
|t:|1619168652
|move|p2a: Wigglytuff|Wish|p2a: Wigglytuff
|move|p1a: Gigalith|Stealth Rock|p2a: Wigglytuff
|-sidestart|p2: Nelarion|move: Stealth Rock
|
|-heal|p1a: Gigalith|95/100|[from] item: Leftovers
|upkeep
|turn|12
|
|t:|1619168659
|move|p1a: Gigalith|Rock Blast|p2a: Wigglytuff
|-damage|p2a: Wigglytuff|68/100
|-damage|p2a: Wigglytuff|59/100
|-damage|p2a: Wigglytuff|49/100
|-hitcount|p2a: Wigglytuff|3
|move|p2a: Wigglytuff|Teleport|p2a: Wigglytuff
|
|t:|1619168663
|switch|p2a: Electabuzz|Electabuzz, M|48/100|[from]move: Teleport
|-damage|p2a: Electabuzz|36/100|[from] Stealth Rock
|
|-heal|p2a: Electabuzz|100/100|[from] move: Wish|[wisher] Wigglytuff
|-heal|p1a: Gigalith|100/100|[from] item: Leftovers
|upkeep
|turn|13
|
|t:|1619168679
|switch|p2a: Pyukumuku|Pyukumuku, M|100/100
|-damage|p2a: Pyukumuku|88/100|[from] Stealth Rock
|switch|p1a: Lanturn|Lanturn, M|100/100
|
|-heal|p2a: Pyukumuku|94/100|[from] item: Leftovers
|upkeep
|turn|14
|
|t:|1619168688
|move|p1a: Lanturn|Toxic|p2a: Pyukumuku
|-status|p2a: Pyukumuku|tox
|move|p2a: Pyukumuku|Toxic|p1a: Lanturn
|-status|p1a: Lanturn|tox
|
|-heal|p2a: Pyukumuku|99/100 tox|[from] item: Leftovers
|-damage|p1a: Lanturn|94/100 tox|[from] psn
|-damage|p2a: Pyukumuku|94/100 tox|[from] psn
|upkeep
|turn|15
|
|t:|1619168697
|switch|p2a: Articuno|Articuno|100/100
|-ability|p2a: Articuno|Pressure
|move|p1a: Lanturn|Volt Switch|p2a: Articuno
|-supereffective|p2a: Articuno
|-damage|p2a: Articuno|80/100
|
|t:|1619168701
|switch|p1a: Gigalith|Gigalith, M|100/100|[from]move: Volt Switch
|-weather|Sandstorm|[from] ability: Sand Stream|[of] p1a: Gigalith
|
|-weather|Sandstorm|[upkeep]
|-damage|p2a: Articuno|74/100|[from] Sandstorm
|upkeep
|turn|16
|
|t:|1619168713
|move|p2a: Articuno|Roost|p2a: Articuno
|-heal|p2a: Articuno|100/100
|-singleturn|p2a: Articuno|move: Roost
|move|p1a: Gigalith|Rock Blast|p2a: Articuno
|-supereffective|p2a: Articuno
|-damage|p2a: Articuno|80/100
|-supereffective|p2a: Articuno
|-damage|p2a: Articuno|59/100
|-supereffective|p2a: Articuno
|-damage|p2a: Articuno|39/100
|-hitcount|p2a: Articuno|3
|
|-weather|Sandstorm|[upkeep]
|-damage|p2a: Articuno|32/100|[from] Sandstorm
|upkeep
|turn|17
|
|t:|1619168719
|move|p2a: Articuno|Roost|p2a: Articuno
|-heal|p2a: Articuno|82/100
|-singleturn|p2a: Articuno|move: Roost
|move|p1a: Gigalith|Rock Blast|p2a: Articuno
|-supereffective|p2a: Articuno
|-damage|p2a: Articuno|60/100
|-supereffective|p2a: Articuno
|-damage|p2a: Articuno|40/100
|-hitcount|p2a: Articuno|2
|
|-weather|Sandstorm|[upkeep]
|-damage|p2a: Articuno|33/100|[from] Sandstorm
|upkeep
|turn|18
|
|t:|1619168725
|move|p2a: Articuno|Roost|p2a: Articuno
|-heal|p2a: Articuno|83/100
|-singleturn|p2a: Articuno|move: Roost
|move|p1a: Gigalith|Rock Blast|p2a: Articuno
|-supereffective|p2a: Articuno
|-damage|p2a: Articuno|62/100
|-supereffective|p2a: Articuno
|-damage|p2a: Articuno|44/100
|-supereffective|p2a: Articuno
|-damage|p2a: Articuno|22/100
|-hitcount|p2a: Articuno|3
|
|-weather|Sandstorm|[upkeep]
|-damage|p2a: Articuno|16/100|[from] Sandstorm
|upkeep
|turn|19
|
|t:|1619168745
|move|p2a: Articuno|Roost|p2a: Articuno
|-heal|p2a: Articuno|66/100
|-singleturn|p2a: Articuno|move: Roost
|move|p1a: Gigalith|Rock Blast|p2a: Articuno|[miss]
|-miss|p1a: Gigalith|p2a: Articuno
|
|-weather|none
|upkeep
|turn|20
|
|t:|1619168754
|switch|p1a: Lanturn|Lanturn, M|94/100 tox
|move|p2a: Articuno|Roost|p2a: Articuno
|-heal|p2a: Articuno|100/100
|-singleturn|p2a: Articuno|move: Roost
|
|-heal|p1a: Lanturn|100/100 tox|[from] item: Leftovers
|-damage|p1a: Lanturn|94/100 tox|[from] psn
|upkeep
|turn|21
|
|t:|1619168758
|move|p2a: Articuno|Defog|p1a: Lanturn
|-unboost|p1a: Lanturn|evasion|1
|-sideend|p2: Nelarion|Stealth Rock|[from] move: Defog|[of] p2a: Articuno
|move|p1a: Lanturn|Toxic|p2a: Articuno
|-status|p2a: Articuno|tox
|
|-heal|p1a: Lanturn|100/100 tox|[from] item: Leftovers
|-damage|p2a: Articuno|94/100 tox|[from] psn
|-damage|p1a: Lanturn|88/100 tox|[from] psn
|upkeep
|turn|22
|
|t:|1619168763
|move|p2a: Articuno|Heal Bell|p2a: Articuno
|-activate|p2a: Articuno|move: Heal Bell
|-curestatus|p2a: Articuno|tox|[msg]
|-curestatus|p2: Perrserker|brn|[msg]
|-curestatus|p2: Pyukumuku|tox|[msg]
|move|p1a: Lanturn|Volt Switch|p2a: Articuno
|-supereffective|p2a: Articuno
|-damage|p2a: Articuno|72/100
|
|t:|1619168770
|switch|p1a: Absol|Absol, M|100/100|[from]move: Volt Switch
|
|upkeep
|turn|23
|
|t:|1619168781
|switch|p2a: Coalossal|Coalossal, M|100/100
|move|p1a: Absol|Knock Off|p2a: Coalossal
|-damage|p2a: Coalossal|60/100
|-enditem|p2a: Coalossal|Assault Vest|[from] move: Knock Off|[of] p1a: Absol
|
|upkeep
|turn|24
|
|t:|1619168790
|switch|p1a: Lanturn|Lanturn, M|88/100 tox
|move|p2a: Coalossal|Body Press|p1a: Lanturn
|-damage|p1a: Lanturn|60/100 tox
|
|-heal|p1a: Lanturn|66/100 tox|[from] item: Leftovers
|-damage|p1a: Lanturn|60/100 tox|[from] psn
|upkeep
|turn|25
|
|t:|1619168804
|switch|p2a: Electabuzz|Electabuzz, M|100/100
|move|p1a: Lanturn|Volt Switch|p2a: Electabuzz
|-resisted|p2a: Electabuzz
|-damage|p2a: Electabuzz|92/100
|
|t:|1619168814
|switch|p1a: Gigalith|Gigalith, M|100/100|[from]move: Volt Switch
|-weather|Sandstorm|[from] ability: Sand Stream|[of] p1a: Gigalith
|
|-weather|Sandstorm|[upkeep]
|-damage|p2a: Electabuzz|86/100|[from] Sandstorm
|upkeep
|turn|26
|
|t:|1619168827
|move|p2a: Electabuzz|Thunder Wave|p1a: Gigalith
|-status|p1a: Gigalith|par
|move|p1a: Gigalith|Earthquake|p2a: Electabuzz
|-supereffective|p2a: Electabuzz
|-damage|p2a: Electabuzz|11/100
|
|-weather|Sandstorm|[upkeep]
|-damage|p2a: Electabuzz|5/100|[from] Sandstorm
|upkeep
|turn|27
|
|t:|1619168837
|switch|p2a: Articuno|Articuno|72/100
|-ability|p2a: Articuno|Pressure
|move|p1a: Gigalith|Stealth Rock|p2a: Articuno
|-sidestart|p2: Nelarion|move: Stealth Rock
|
|-weather|Sandstorm|[upkeep]
|-damage|p2a: Articuno|66/100|[from] Sandstorm
|upkeep
|turn|28
|
|t:|1619168846
|switch|p1a: Absol|Absol, M|100/100
|move|p2a: Articuno|Roost|p2a: Articuno
|-heal|p2a: Articuno|100/100
|-singleturn|p2a: Articuno|move: Roost
|
|-weather|Sandstorm|[upkeep]
|-damage|p1a: Absol|95/100|[from] Sandstorm
|-damage|p2a: Articuno|94/100|[from] Sandstorm
|upkeep
|turn|29
|
|t:|1619168874
|move|p1a: Absol|Close Combat|p2a: Articuno
|-damage|p2a: Articuno|42/100
|-unboost|p1a: Absol|def|1
|-unboost|p1a: Absol|spd|1
|move|p2a: Articuno|Defog|p1a: Absol
|-unboost|p1a: Absol|evasion|1
|-sideend|p2: Nelarion|Stealth Rock|[from] move: Defog|[of] p2a: Articuno
|
|-weather|none
|upkeep
|turn|30
|inactive|Nelarion has 120 seconds left.
|
|t:|1619168893
|switch|p2a: Electabuzz|Electabuzz, M|5/100
|move|p1a: Absol|Close Combat|p2a: Electabuzz
|-damage|p2a: Electabuzz|0 fnt
|-unboost|p1a: Absol|def|1
|-unboost|p1a: Absol|spd|1
|faint|p2a: Electabuzz
|
|upkeep
|inactive|Nelarion has 120 seconds left.
|
|t:|1619168907
|switch|p2a: Wigglytuff|Wigglytuff, M|49/100
|turn|31
|
|t:|1619168917
|switch|p1a: Tsareena|Tsareena, F|100/100
|move|p2a: Wigglytuff|Dazzling Gleam|p1a: Tsareena
|-damage|p1a: Tsareena|69/100
|
|upkeep
|turn|32
|
|t:|1619168925
|move|p2a: Wigglytuff|Protect|p2a: Wigglytuff
|-singleturn|p2a: Wigglytuff|Protect
|move|p1a: Tsareena|Power Whip|p2a: Wigglytuff
|-activate|p2a: Wigglytuff|move: Protect
|
|upkeep
|turn|33
|
|t:|1619168937
|switch|p2a: Coalossal|Coalossal, M|60/100
|move|p1a: Tsareena|Power Whip|p2a: Coalossal
|-damage|p2a: Coalossal|28/100
|
|upkeep
|turn|34
|
|t:|1619168944
|move|p1a: Tsareena|Power Whip|p2a: Coalossal
|-damage|p2a: Coalossal|0 fnt
|faint|p2a: Coalossal
|
|upkeep
|
|t:|1619168949
|switch|p2a: Perrserker|Perrserker, M|69/100
|turn|35
|
|t:|1619168952
|move|p1a: Tsareena|Knock Off|p2a: Perrserker
|-damage|p2a: Perrserker|37/100
|-enditem|p2a: Perrserker|Choice Band|[from] move: Knock Off|[of] p1a: Tsareena
|move|p2a: Perrserker|U-turn|p1a: Tsareena
|-supereffective|p1a: Tsareena
|-damage|p1a: Tsareena|0 fnt
|faint|p1a: Tsareena
|
|t:|1619168964
|switch|p2a: Wigglytuff|Wigglytuff, M|49/100|[from]move: U-turn
|
|upkeep
|
|t:|1619168973
|switch|p1a: Weezing|Weezing, M|55/100
|turn|36
|
|t:|1619168983
|move|p2a: Wigglytuff|Protect|p2a: Wigglytuff
|-singleturn|p2a: Wigglytuff|Protect
|move|p1a: Weezing|Sludge Bomb|p2a: Wigglytuff
|-activate|p2a: Wigglytuff|move: Protect
|
|-heal|p1a: Weezing|61/100|[from] item: Black Sludge
|upkeep
|turn|37
|
|t:|1619168991
|switch|p2a: Articuno|Articuno|42/100
|-ability|p2a: Articuno|Pressure
|move|p1a: Weezing|Fire Blast|p2a: Articuno
|-supereffective|p2a: Articuno
|-damage|p2a: Articuno|19/100
|
|-heal|p1a: Weezing|67/100|[from] item: Black Sludge
|upkeep
|turn|38
|
|t:|1619169000
|switch|p1a: Absol|Absol, M|95/100
|move|p2a: Articuno|Roost|p2a: Articuno
|-heal|p2a: Articuno|69/100
|-singleturn|p2a: Articuno|move: Roost
|
|upkeep
|turn|39
|inactive|Nelarion has 120 seconds left.
|
|t:|1619169037
|switch|p2a: Perrserker|Perrserker, M|37/100
|move|p1a: Absol|Knock Off|p2a: Perrserker
|-damage|p2a: Perrserker|0 fnt
|faint|p2a: Perrserker
|
|upkeep
|
|t:|1619169042
|switch|p2a: Wigglytuff|Wigglytuff, M|49/100
|turn|40
|
|t:|1619169048
|switch|p1a: Weezing|Weezing, M|67/100
|move|p2a: Wigglytuff|Wish|p2a: Wigglytuff
|
|-heal|p1a: Weezing|73/100|[from] item: Black Sludge
|upkeep
|turn|41
|
|t:|1619169056
|move|p2a: Wigglytuff|Protect|p2a: Wigglytuff
|-singleturn|p2a: Wigglytuff|Protect
|move|p1a: Weezing|Sludge Bomb|p2a: Wigglytuff
|-activate|p2a: Wigglytuff|move: Protect
|
|-heal|p2a: Wigglytuff|99/100|[from] move: Wish|[wisher] Wigglytuff
|-heal|p1a: Weezing|79/100|[from] item: Black Sludge
|upkeep
|turn|42
|
|t:|1619169069
|move|p1a: Weezing|Sludge Bomb|p2a: Wigglytuff
|-supereffective|p2a: Wigglytuff
|-damage|p2a: Wigglytuff|35/100
|move|p2a: Wigglytuff|Wish|p2a: Wigglytuff
|
|-heal|p1a: Weezing|85/100|[from] item: Black Sludge
|upkeep
|turn|43
|
|t:|1619169078
|move|p2a: Wigglytuff|Protect|p2a: Wigglytuff
|-singleturn|p2a: Wigglytuff|Protect
|move|p1a: Weezing|Will-O-Wisp|p2a: Wigglytuff
|-activate|p2a: Wigglytuff|move: Protect
|
|-heal|p2a: Wigglytuff|85/100|[from] move: Wish|[wisher] Wigglytuff
|-heal|p1a: Weezing|91/100|[from] item: Black Sludge
|upkeep
|turn|44
|
|t:|1619169086
|switch|p2a: Articuno|Articuno|69/100
|-ability|p2a: Articuno|Pressure
|move|p1a: Weezing|Sludge Bomb|p2a: Articuno
|-damage|p2a: Articuno|54/100
|
|-heal|p1a: Weezing|97/100|[from] item: Black Sludge
|upkeep
|turn|45
|
|t:|1619169095
|switch|p1a: Gigalith|Gigalith, M|100/100 par
|-weather|Sandstorm|[from] ability: Sand Stream|[of] p1a: Gigalith
|move|p2a: Articuno|Roost|p2a: Articuno
|-heal|p2a: Articuno|100/100
|-singleturn|p2a: Articuno|move: Roost
|
|-weather|Sandstorm|[upkeep]
|-damage|p2a: Articuno|94/100|[from] Sandstorm
|upkeep
|turn|46
|
|t:|1619169109
|switch|p2a: Wigglytuff|Wigglytuff, M|85/100
|move|p1a: Gigalith|Rock Blast|p2a: Wigglytuff
|-damage|p2a: Wigglytuff|76/100
|-damage|p2a: Wigglytuff|66/100
|-damage|p2a: Wigglytuff|56/100
|-damage|p2a: Wigglytuff|47/100
|-hitcount|p2a: Wigglytuff|4
|
|-weather|Sandstorm|[upkeep]
|-damage|p2a: Wigglytuff|41/100|[from] Sandstorm
|upkeep
|turn|47
|
|t:|1619169116
|switch|p1a: Ribombee|Ribombee, M|100/100
|move|p2a: Wigglytuff|Wish|p2a: Wigglytuff
|
|-weather|Sandstorm|[upkeep]
|-damage|p1a: Ribombee|94/100|[from] Sandstorm
|-damage|p2a: Wigglytuff|35/100|[from] Sandstorm
|upkeep
|turn|48
|
|t:|1619169122
|move|p2a: Wigglytuff|Protect|p2a: Wigglytuff
|-singleturn|p2a: Wigglytuff|Protect
|move|p1a: Ribombee|Moonblast|p2a: Wigglytuff
|-activate|p2a: Wigglytuff|move: Protect
|
|-weather|Sandstorm|[upkeep]
|-damage|p1a: Ribombee|88/100|[from] Sandstorm
|-damage|p2a: Wigglytuff|28/100|[from] Sandstorm
|-heal|p2a: Wigglytuff|78/100|[from] move: Wish|[wisher] Wigglytuff
|upkeep
|turn|49
|
|t:|1619169133
|switch|p2a: Articuno|Articuno|94/100
|-ability|p2a: Articuno|Pressure
|move|p1a: Ribombee|Moonblast|p2a: Articuno
|-damage|p2a: Articuno|62/100
|
|-weather|none
|upkeep
|turn|50
|
|t:|1619169141
|move|p1a: Ribombee|Moonblast|p2a: Articuno
|-damage|p2a: Articuno|30/100
|move|p2a: Articuno|Roost|p2a: Articuno
|-heal|p2a: Articuno|80/100
|-singleturn|p2a: Articuno|move: Roost
|
|upkeep
|turn|51
|
|t:|1619169152
|switch|p1a: Lanturn|Lanturn, M|60/100 tox
|move|p2a: Articuno|Freeze-Dry|p1a: Lanturn
|-supereffective|p1a: Lanturn
|-damage|p1a: Lanturn|25/100 tox
|
|-heal|p1a: Lanturn|31/100 tox|[from] item: Leftovers
|-damage|p1a: Lanturn|25/100 tox|[from] psn
|upkeep
|turn|52
|
|t:|1619169163
|move|p2a: Articuno|Freeze-Dry|p1a: Lanturn
|-supereffective|p1a: Lanturn
|-damage|p1a: Lanturn|0 fnt
|faint|p1a: Lanturn
|
|upkeep
|
|t:|1619169167
|switch|p1a: Absol|Absol, M|95/100
|turn|53
|
|t:|1619169172
|move|p1a: Absol|Knock Off|p2a: Articuno
|-damage|p2a: Articuno|16/100
|-enditem|p2a: Articuno|Heavy-Duty Boots|[from] move: Knock Off|[of] p1a: Absol
|move|p2a: Articuno|Roost|p2a: Articuno
|-heal|p2a: Articuno|66/100
|-singleturn|p2a: Articuno|move: Roost
|
|upkeep
|turn|54
|
|t:|1619169180
|switch|p1a: Gigalith|Gigalith, M|100/100 par
|-weather|Sandstorm|[from] ability: Sand Stream|[of] p1a: Gigalith
|move|p2a: Articuno|Roost|p2a: Articuno
|-heal|p2a: Articuno|100/100
|-singleturn|p2a: Articuno|move: Roost
|
|-weather|Sandstorm|[upkeep]
|-damage|p2a: Articuno|94/100|[from] Sandstorm
|upkeep
|turn|55
|
|t:|1619169190
|switch|p2a: Wigglytuff|Wigglytuff, M|78/100
|move|p1a: Gigalith|Stealth Rock|p2a: Wigglytuff
|-sidestart|p2: Nelarion|move: Stealth Rock
|
|-weather|Sandstorm|[upkeep]
|-damage|p2a: Wigglytuff|72/100|[from] Sandstorm
|upkeep
|turn|56
|
|t:|1619169198
|switch|p1a: Ribombee|Ribombee, M|88/100
|move|p2a: Wigglytuff|Wish|p2a: Wigglytuff
|
|-weather|Sandstorm|[upkeep]
|-damage|p1a: Ribombee|82/100|[from] Sandstorm
|-damage|p2a: Wigglytuff|66/100|[from] Sandstorm
|upkeep
|turn|57
|
|t:|1619169204
|switch|p2a: Articuno|Articuno|94/100
|-damage|p2a: Articuno|44/100|[from] Stealth Rock
|-ability|p2a: Articuno|Pressure
|move|p1a: Ribombee|Moonblast|p2a: Articuno
|-damage|p2a: Articuno|11/100
|
|-weather|Sandstorm|[upkeep]
|-damage|p1a: Ribombee|76/100|[from] Sandstorm
|-damage|p2a: Articuno|5/100|[from] Sandstorm
|-heal|p2a: Articuno|68/100|[from] move: Wish|[wisher] Wigglytuff
|upkeep
|turn|58
|
|t:|1619169216
|move|p1a: Ribombee|Moonblast|p2a: Articuno
|-damage|p2a: Articuno|32/100
|move|p2a: Articuno|Defog|p1a: Ribombee
|-unboost|p1a: Ribombee|evasion|1
|-sideend|p2: Nelarion|Stealth Rock|[from] move: Defog|[of] p2a: Articuno
|
|-weather|none
|upkeep
|turn|59
|
|t:|1619169221
|switch|p2a: Pyukumuku|Pyukumuku, M|94/100
|move|p1a: Ribombee|Moonblast|p2a: Pyukumuku
|-damage|p2a: Pyukumuku|58/100
|
|-heal|p2a: Pyukumuku|65/100|[from] item: Leftovers
|upkeep
|turn|60
|
|t:|1619169232
|move|p1a: Ribombee|Moonblast|p2a: Pyukumuku
|-damage|p2a: Pyukumuku|28/100
|move|p2a: Pyukumuku|Recover|p2a: Pyukumuku
|-heal|p2a: Pyukumuku|78/100
|
|-heal|p2a: Pyukumuku|84/100|[from] item: Leftovers
|upkeep
|turn|61
|
|t:|1619169241
|switch|p1a: Gigalith|Gigalith, M|100/100 par
|-weather|Sandstorm|[from] ability: Sand Stream|[of] p1a: Gigalith
|move|p2a: Pyukumuku|Recover|p2a: Pyukumuku
|-heal|p2a: Pyukumuku|100/100
|
|-weather|Sandstorm|[upkeep]
|-damage|p2a: Pyukumuku|94/100|[from] Sandstorm
|-heal|p2a: Pyukumuku|100/100|[from] item: Leftovers
|upkeep
|turn|62
|
|t:|1619169245
|switch|p2a: Articuno|Articuno|32/100
|-ability|p2a: Articuno|Pressure
|cant|p1a: Gigalith|par
|
|-weather|Sandstorm|[upkeep]
|-damage|p2a: Articuno|26/100|[from] Sandstorm
|upkeep
|turn|63
|
|t:|1619169254
|move|p2a: Articuno|Roost|p2a: Articuno
|-heal|p2a: Articuno|76/100
|-singleturn|p2a: Articuno|move: Roost
|move|p1a: Gigalith|Stealth Rock|p2a: Articuno
|-sidestart|p2: Nelarion|move: Stealth Rock
|
|-weather|Sandstorm|[upkeep]
|-damage|p2a: Articuno|70/100|[from] Sandstorm
|upkeep
|turn|64
|
|t:|1619169261
|move|p2a: Articuno|Roost|p2a: Articuno
|-heal|p2a: Articuno|100/100
|-singleturn|p2a: Articuno|move: Roost
|cant|p1a: Gigalith|par
|
|-weather|Sandstorm|[upkeep]
|-damage|p2a: Articuno|94/100|[from] Sandstorm
|upkeep
|turn|65
|
|t:|1619169276
|move|p2a: Articuno|Roost|p2a: Articuno
|-heal|p2a: Articuno|100/100
|-singleturn|p2a: Articuno|move: Roost
|move|p1a: Gigalith|Rock Blast|p2a: Articuno
|-supereffective|p2a: Articuno
|-damage|p2a: Articuno|80/100
|-supereffective|p2a: Articuno
|-damage|p2a: Articuno|59/100
|-supereffective|p2a: Articuno
|-damage|p2a: Articuno|40/100
|-supereffective|p2a: Articuno
|-damage|p2a: Articuno|18/100
|-hitcount|p2a: Articuno|4
|
|-weather|none
|upkeep
|turn|66
|
|t:|1619169292
|switch|p1a: Absol|Absol, M|95/100
|move|p2a: Articuno|Roost|p2a: Articuno
|-heal|p2a: Articuno|68/100
|-singleturn|p2a: Articuno|move: Roost
|
|upkeep
|turn|67
|
|t:|1619169308
|move|p1a: Absol|Close Combat|p2a: Articuno
|-damage|p2a: Articuno|12/100
|-unboost|p1a: Absol|def|1
|-unboost|p1a: Absol|spd|1
|move|p2a: Articuno|Defog|p1a: Absol
|-unboost|p1a: Absol|evasion|1
|-sideend|p2: Nelarion|Stealth Rock|[from] move: Defog|[of] p2a: Articuno
|
|upkeep
|turn|68
|
|t:|1619169329
|switch|p2a: Pyukumuku|Pyukumuku, M|100/100
|move|p1a: Absol|Close Combat|p2a: Pyukumuku
|-damage|p2a: Pyukumuku|43/100
|-unboost|p1a: Absol|def|1
|-unboost|p1a: Absol|spd|1
|
|-heal|p2a: Pyukumuku|49/100|[from] item: Leftovers
|upkeep
|turn|69
|
|t:|1619169343
|switch|p2a: Articuno|Articuno|12/100
|-ability|p2a: Articuno|Pressure
|move|p1a: Absol|Close Combat|p2a: Articuno
|-crit|p2a: Articuno
|-damage|p2a: Articuno|0 fnt
|-unboost|p1a: Absol|def|1
|-unboost|p1a: Absol|spd|1
|faint|p2a: Articuno
|
|upkeep
|
|t:|1619169348
|switch|p2a: Wigglytuff|Wigglytuff, M|66/100
|turn|70
|
|t:|1619169352
|switch|p1a: Weezing|Weezing, M|97/100
|move|p2a: Wigglytuff|Wish|p2a: Wigglytuff
|
|-heal|p1a: Weezing|100/100|[from] item: Black Sludge
|upkeep
|turn|71
|
|t:|1619169360
|switch|p2a: Pyukumuku|Pyukumuku, M|49/100
|move|p1a: Weezing|Sludge Bomb|p2a: Pyukumuku
|-damage|p2a: Pyukumuku|30/100
|-status|p2a: Pyukumuku|psn
|
|-heal|p2a: Pyukumuku|100/100 psn|[from] move: Wish|[wisher] Wigglytuff
|-damage|p2a: Pyukumuku|88/100 psn|[from] psn
|upkeep
|turn|72
|
|t:|1619169370
|move|p1a: Weezing|Sludge Bomb|p2a: Pyukumuku
|-damage|p2a: Pyukumuku|71/100 psn
|move|p2a: Pyukumuku|Mirror Coat|p1a: Weezing
|-damage|p1a: Weezing|68/100
|
|-heal|p1a: Weezing|74/100|[from] item: Black Sludge
|-heal|p2a: Pyukumuku|77/100 psn|[from] item: Leftovers
|-damage|p2a: Pyukumuku|65/100 psn|[from] psn
|upkeep
|turn|73
|
|t:|1619169374
|switch|p1a: Absol|Absol, M|95/100
|move|p2a: Pyukumuku|Recover|p2a: Pyukumuku
|-heal|p2a: Pyukumuku|100/100 psn
|
|-damage|p2a: Pyukumuku|88/100 psn|[from] psn
|upkeep
|turn|74
|
|t:|1619169377
|move|p1a: Absol|Knock Off|p2a: Pyukumuku
|-damage|p2a: Pyukumuku|19/100 psn
|-enditem|p2a: Pyukumuku|Leftovers|[from] move: Knock Off|[of] p1a: Absol
|move|p2a: Pyukumuku|Counter|p1a: Absol
|-damage|p1a: Absol|0 fnt
|faint|p1a: Absol
|
|-damage|p2a: Pyukumuku|7/100 psn|[from] psn
|upkeep
|
|t:|1619169382
|switch|p1a: Ribombee|Ribombee, M|76/100
|turn|75
|-message|Nelarion forfeited.
|
|win|Matsou
|raw|Matsou's rating: 1434 &rarr; <strong>1455</strong><br />(+21 for winning)
|raw|Nelarion's rating: 1444 &rarr; <strong>1423</strong><br />(-21 for losing)
|l|☆Nelarion
|c|☆Matsou|Gg
