|j|☆Soucou
|j|☆Auzt
|t:|1609596192
|player|p1|Soucou|n|1405
|player|p2|Auzt|lucas|1301
|teamsize|p1|6
|teamsize|p2|6
|gametype|singles
|gen|8
|tier|[Gen 8] PU
|rated|
|clearpoke
|poke|p1|Thwackey, M|
|poke|p1|Flapple, M|
|poke|p1|Regirock|
|poke|p1|Guzzlord|
|poke|p1|Magmortar, M|
|poke|p1|Passimian, M|
|poke|p2|Gallade, M|
|poke|p2|Vaporeon, M|
|poke|p2|Indeedee-F, F|
|poke|p2|Tsareena, F|
|poke|p2|Sandaconda, F|
|poke|p2|Sandslash-Alola, M|
|rule|Sleep Clause Mod: Limit one foe put to sleep
|rule|Species Clause: Limit one of each Pokémon
|rule|OHKO Clause: OHKO moves are banned
|rule|Evasion Moves Clause: Evasion moves are banned
|rule|Endless Battle Clause: Forcing endless battles is banned
|rule|HP Percentage Mod: HP is shown in percentages
|rule|Dynamax Clause: You cannot dynamax
|teampreview
|inactive|Battle timer is ON: inactive players will automatically lose when time's up. (requested by Auzt)
|
|t:|1609596216
|start
|switch|p1a: Guzzlord|Guzzlord|100/100
|switch|p2a: Gallade|Gallade, M|100/100
|turn|1
|
|t:|1609596227
|switch|p1a: Passimian|Passimian, M|100/100
|move|p2a: Gallade|Close Combat|p1a: Passimian
|-damage|p1a: Passimian|8/100
|-unboost|p2a: Gallade|def|1
|-unboost|p2a: Gallade|spd|1
|
|upkeep
|turn|2
|
|t:|1609596239
|switch|p2a: Sandaconda|Sandaconda, F|100/100
|move|p1a: Passimian|U-turn|p2a: Sandaconda
|-damage|p2a: Sandaconda|82/100
|-damage|p1a: Passimian|0 fnt|[from] item: Rocky Helmet|[of] p2a: Sandaconda
|faint|p1a: Passimian
|
|upkeep
|
|t:|1609596247
|switch|p1a: Thwackey|Thwackey, M|100/100
|-fieldstart|move: Grassy Terrain|[from] ability: Grassy Surge|[of] p1a: Thwackey
|turn|3
|
|t:|1609596258
|switch|p1a: Flapple|Flapple, M|100/100
|switch|p2a: Sandslash|Sandslash-Alola, M|100/100
|
|upkeep
|turn|4
|
|t:|1609596265
|switch|p1a: Magmortar|Magmortar, M|100/100
|move|p2a: Sandslash|Ice Shard|p1a: Magmortar
|-resisted|p1a: Magmortar
|-damage|p1a: Magmortar|90/100
|
|-heal|p1a: Magmortar|96/100|[from] Grassy Terrain
|upkeep
|turn|5
|
|t:|1609596273
|switch|p2a: Vaporeon|Vaporeon, M|100/100
|move|p1a: Magmortar|Thunderbolt|p2a: Vaporeon
|-supereffective|p2a: Vaporeon
|-damage|p2a: Vaporeon|57/100
|
|-heal|p1a: Magmortar|100/100|[from] Grassy Terrain
|-heal|p2a: Vaporeon|63/100|[from] item: Leftovers
|-heal|p2a: Vaporeon|69/100|[from] Grassy Terrain
|upkeep
|turn|6
|
|t:|1609596277
|switch|p1a: Flapple|Flapple, M|100/100
|move|p2a: Vaporeon|Flip Turn|p1a: Flapple
|-resisted|p1a: Flapple
|-damage|p1a: Flapple|96/100
|
|t:|1609596286
|switch|p2a: Indeedee|Indeedee-F, F|100/100|[from]move: Flip Turn
|-fieldstart|move: Psychic Terrain|[from] ability: Psychic Surge|[of] p2a: Indeedee
|
|upkeep
|turn|7
|
|t:|1609596291
|switch|p1a: Guzzlord|Guzzlord|100/100
|move|p2a: Indeedee|Expanding Force|p1a: Guzzlord
|-immune|p1a: Guzzlord
|
|upkeep
|turn|8
|
|t:|1609596299
|switch|p2a: Sandslash|Sandslash-Alola, M|100/100
|move|p1a: Guzzlord|Draco Meteor|p2a: Sandslash
|-resisted|p2a: Sandslash
|-crit|p2a: Sandslash
|-damage|p2a: Sandslash|64/100
|-unboost|p1a: Guzzlord|spa|2
|
|upkeep
|turn|9
|
|t:|1609596308
|switch|p1a: Magmortar|Magmortar, M|100/100
|move|p2a: Sandslash|Earthquake|p1a: Magmortar
|-supereffective|p1a: Magmortar
|-damage|p1a: Magmortar|28/100
|
|upkeep
|turn|10
|
|t:|1609596321
|switch|p2a: Sandaconda|Sandaconda, F|82/100
|move|p1a: Magmortar|Mystical Fire|p2a: Sandaconda
|-damage|p2a: Sandaconda|49/100
|-unboost|p2a: Sandaconda|spa|1
|
|-fieldend|move: Psychic Terrain
|upkeep
|turn|11
|
|t:|1609596342
|switch|p1a: Thwackey|Thwackey, M|100/100
|-fieldstart|move: Grassy Terrain|[from] ability: Grassy Surge|[of] p1a: Thwackey
|move|p2a: Sandaconda|Stealth Rock|p1a: Thwackey
|-sidestart|p1: Soucou|move: Stealth Rock
|
|-heal|p2a: Sandaconda|55/100|[from] Grassy Terrain
|upkeep
|turn|12
|
|t:|1609596355
|switch|p2a: Tsareena|Tsareena, F|100/100
|move|p1a: Thwackey|U-turn|p2a: Tsareena
|-supereffective|p2a: Tsareena
|-crit|p2a: Tsareena
|-damage|p2a: Tsareena|46/100
|
|t:|1609596363
|switch|p1a: Magmortar|Magmortar, M|28/100|[from]move: U-turn
|
|-heal|p1a: Magmortar|35/100|[from] Grassy Terrain
|-heal|p2a: Tsareena|52/100|[from] Grassy Terrain
|upkeep
|turn|13
|
|t:|1609596370
|switch|p2a: Sandaconda|Sandaconda, F|55/100
|move|p1a: Magmortar|Mystical Fire|p2a: Sandaconda
|-damage|p2a: Sandaconda|20/100
|-unboost|p2a: Sandaconda|spa|1
|
|-heal|p1a: Magmortar|41/100|[from] Grassy Terrain
|-heal|p2a: Sandaconda|26/100|[from] Grassy Terrain
|upkeep
|turn|14
|
|t:|1609596376
|move|p1a: Magmortar|Mystical Fire|p2a: Sandaconda
|-damage|p2a: Sandaconda|0 fnt
|faint|p2a: Sandaconda
|
|-heal|p1a: Magmortar|47/100|[from] Grassy Terrain
|upkeep
|
|t:|1609596378
|switch|p2a: Vaporeon|Vaporeon, M|69/100
|turn|15
|
|t:|1609596384
|switch|p1a: Guzzlord|Guzzlord|100/100
|-damage|p1a: Guzzlord|88/100|[from] Stealth Rock
|move|p2a: Vaporeon|Flip Turn|p1a: Guzzlord
|-resisted|p1a: Guzzlord
|-damage|p1a: Guzzlord|81/100
|
|t:|1609596386
|switch|p2a: Gallade|Gallade, M|100/100|[from]move: Flip Turn
|
|-heal|p1a: Guzzlord|88/100|[from] Grassy Terrain
|upkeep
|turn|16
|
|t:|1609596402
|switch|p1a: Regirock|Regirock|100/100
|-damage|p1a: Regirock|88/100|[from] Stealth Rock
|move|p2a: Gallade|Close Combat|p1a: Regirock
|-supereffective|p1a: Regirock
|-damage|p1a: Regirock|0 fnt
|-unboost|p2a: Gallade|def|1
|-unboost|p2a: Gallade|spd|1
|faint|p1a: Regirock
|
|upkeep
|
|t:|1609596413
|switch|p1a: Flapple|Flapple, M|96/100
|-damage|p1a: Flapple|83/100|[from] Stealth Rock
|turn|17
|
|t:|1609596422
|switch|p2a: Tsareena|Tsareena, F|52/100
|move|p1a: Flapple|Grassy Glide||[still]
|cant|p2a: Tsareena|ability: Queenly Majesty|Grassy Glide|[of] p1a: Flapple
|
|-heal|p1a: Flapple|89/100|[from] Grassy Terrain
|-heal|p2a: Tsareena|58/100|[from] Grassy Terrain
|upkeep
|turn|18
|
|t:|1609596428
|switch|p1a: Guzzlord|Guzzlord|88/100
|-damage|p1a: Guzzlord|75/100|[from] Stealth Rock
|move|p2a: Tsareena|Knock Off|p1a: Guzzlord
|-resisted|p1a: Guzzlord
|-damage|p1a: Guzzlord|59/100
|-enditem|p1a: Guzzlord|Assault Vest|[from] move: Knock Off|[of] p2a: Tsareena
|
|-heal|p2a: Tsareena|64/100|[from] Grassy Terrain
|-heal|p1a: Guzzlord|65/100|[from] Grassy Terrain
|-fieldend|move: Grassy Terrain
|upkeep
|turn|19
|
|t:|1609596435
|move|p2a: Tsareena|U-turn|p1a: Guzzlord
|-supereffective|p1a: Guzzlord
|-crit|p1a: Guzzlord
|-damage|p1a: Guzzlord|0 fnt
|faint|p1a: Guzzlord
|
|t:|1609596441
|switch|p2a: Indeedee|Indeedee-F, F|100/100|[from]move: U-turn
|-fieldstart|move: Psychic Terrain|[from] ability: Psychic Surge|[of] p2a: Indeedee
|
|upkeep
|
|t:|1609596446
|switch|p1a: Thwackey|Thwackey, M|100/100
|-damage|p1a: Thwackey|88/100|[from] Stealth Rock
|-fieldstart|move: Grassy Terrain|[from] ability: Grassy Surge|[of] p1a: Thwackey
|turn|20
|
|t:|1609596456
|switch|p2a: Sandslash|Sandslash-Alola, M|64/100
|move|p1a: Thwackey|U-turn|p2a: Sandslash
|-resisted|p2a: Sandslash
|-damage|p2a: Sandslash|57/100
|
|t:|1609596459
|switch|p1a: Magmortar|Magmortar, M|47/100|[from]move: U-turn
|
|-heal|p1a: Magmortar|53/100|[from] Grassy Terrain
|-heal|p2a: Sandslash|63/100|[from] Grassy Terrain
|upkeep
|turn|21
|
|t:|1609596469
|switch|p2a: Tsareena|Tsareena, F|64/100
|move|p1a: Magmortar|Thunderbolt|p2a: Tsareena
|-resisted|p2a: Tsareena
|-damage|p2a: Tsareena|54/100
|
|-heal|p1a: Magmortar|59/100|[from] Grassy Terrain
|-heal|p2a: Tsareena|60/100|[from] Grassy Terrain
|upkeep
|turn|22
|
|t:|1609596479
|move|p1a: Magmortar|Thunderbolt|p2a: Tsareena
|-resisted|p2a: Tsareena
|-damage|p2a: Tsareena|50/100
|-status|p2a: Tsareena|par
|move|p2a: Tsareena|Knock Off|p1a: Magmortar
|-damage|p1a: Magmortar|0 fnt
|-enditem|p1a: Magmortar|Heavy-Duty Boots|[from] move: Knock Off|[of] p2a: Tsareena
|faint|p1a: Magmortar
|
|-heal|p2a: Tsareena|56/100 par|[from] Grassy Terrain
|upkeep
|-message|Soucou forfeited.
|
|win|Auzt
|l|☆Soucou
|raw|Soucou's rating: 1405 &rarr; <strong>1379</strong><br />(-26 for losing)
|raw|Auzt's rating: 1301 &rarr; <strong>1327</strong><br />(+26 for winning)
