|j|☆2turtle
|j|☆superjester5
|t:|1629489522
|gametype|singles
|player|p1|2turtle|birdkeeper|1312
|player|p2|superjester5|2|1427
|teamsize|p1|6
|teamsize|p2|6
|gen|8
|tier|[Gen 8] PU
|rated|
|rule|Sleep Clause Mod: Limit one foe put to sleep
|rule|Species Clause: Limit one of each Pokémon
|rule|OHKO Clause: OHKO moves are banned
|rule|Evasion Moves Clause: Evasion moves are banned
|rule|Endless Battle Clause: Forcing endless battles is banned
|rule|HP Percentage Mod: HP is shown in percentages
|rule|Dynamax Clause: You cannot dynamax
|clearpoke
|poke|p1|Ludicolo, F|
|poke|p1|Uxie|
|poke|p1|Kabutops, M|
|poke|p1|Wishiwashi, F|
|poke|p1|Silvally-*|
|poke|p1|Ditto|
|poke|p2|Drifblim, F|
|poke|p2|Rapidash, M|
|poke|p2|Drampa, M|
|poke|p2|Skuntank, M|
|poke|p2|Tsareena, F|
|poke|p2|Froslass, F|
|teampreview
|
|t:|1629489535
|start
|switch|p1a: Uxie|Uxie|100/100
|switch|p2a: Skuntank|Skuntank, M|100/100
|turn|1
|inactive|Battle timer is ON: inactive players will automatically lose when time's up. (requested by 2turtle)
|
|t:|1629489544
|move|p2a: Skuntank|Taunt|p1a: Uxie
|-start|p1a: Uxie|move: Taunt
|cant|p1a: Uxie|move: Taunt|Stealth Rock
|
|upkeep
|turn|2
|
|t:|1629489554
|move|p2a: Skuntank|Foul Play|p1a: Uxie
|-supereffective|p1a: Uxie
|-damage|p1a: Uxie|68/100
|move|p1a: Uxie|U-turn|p2a: Skuntank
|-damage|p2a: Skuntank|87/100
|
|t:|1629489576
|switch|p1a: Wishiwashi|Wishiwashi, F|100/100|[from]move: U-turn
|-formechange|p1a: Wishiwashi|Wishiwashi-School||[from] ability: Schooling
|
|-heal|p2a: Skuntank|93/100|[from] item: Black Sludge
|upkeep
|turn|3
|j| bond 2 forget
|
|t:|1629489602
|move|p2a: Skuntank|Protect|p2a: Skuntank
|-singleturn|p2a: Skuntank|Protect
|move|p1a: Wishiwashi|U-turn|p2a: Skuntank
|-activate|p2a: Skuntank|move: Protect
|
|-heal|p2a: Skuntank|99/100|[from] item: Black Sludge
|upkeep
|turn|4
|
|t:|1629489616
|move|p2a: Skuntank|Foul Play|p1a: Wishiwashi
|-damage|p1a: Wishiwashi|57/100
|move|p1a: Wishiwashi|U-turn|p2a: Skuntank
|-damage|p2a: Skuntank|75/100
|
|t:|1629489635
|switch|p1a: Kabutops|Kabutops, M|100/100|[from]move: U-turn
|
|-heal|p2a: Skuntank|81/100|[from] item: Black Sludge
|upkeep
|turn|5
|
|t:|1629489643
|move|p2a: Skuntank|Taunt|p1a: Kabutops
|-start|p1a: Kabutops|move: Taunt
|move|p1a: Kabutops|Rapid Spin|p2a: Skuntank
|-damage|p2a: Skuntank|55/100
|-boost|p1a: Kabutops|spe|1
|-damage|p1a: Kabutops|91/100|[from] item: Life Orb
|
|-heal|p2a: Skuntank|61/100|[from] item: Black Sludge
|upkeep
|turn|6
|
|t:|1629489652
|move|p1a: Kabutops|Liquidation|p2a: Skuntank
|-damage|p2a: Skuntank|0 fnt
|-damage|p1a: Kabutops|66/100|[from] ability: Aftermath|[of] p2a: Skuntank
|faint|p2a: Skuntank
|-damage|p1a: Kabutops|56/100|[from] item: Life Orb
|
|upkeep
|
|t:|1629489658
|switch|p2a: Froslass|Froslass, F|100/100
|turn|7
|
|t:|1629489661
|move|p1a: Kabutops|Liquidation|p2a: Froslass
|-damage|p2a: Froslass|16/100
|-start|p1a: Kabutops|Disable|Liquidation|[from] ability: Cursed Body|[of] p2a: Froslass
|-damage|p1a: Kabutops|47/100|[from] item: Life Orb
|move|p2a: Froslass|Thunder Wave|p1a: Kabutops
|-status|p1a: Kabutops|par
|
|-end|p1a: Kabutops|move: Taunt
|upkeep
|turn|8
|
|t:|1629489671
|switch|p2a: Tsareena|Tsareena, F|100/100
|move|p1a: Kabutops|Stone Edge|p2a: Tsareena
|-damage|p2a: Tsareena|25/100
|-damage|p1a: Kabutops|37/100 par|[from] item: Life Orb
|
|upkeep
|turn|9
|
|t:|1629489682
|move|p2a: Tsareena|Power Whip|p1a: Kabutops
|-supereffective|p1a: Kabutops
|-damage|p1a: Kabutops|0 fnt
|faint|p1a: Kabutops
|
|upkeep
|
|t:|1629489687
|switch|p1a: Uxie|Uxie|68/100
|turn|10
|
|t:|1629489701
|switch|p2a: Drifblim|Drifblim, F|100/100
|move|p1a: Uxie|Rain Dance|p1a: Uxie
|-weather|RainDance
|
|-weather|RainDance|[upkeep]
|upkeep
|turn|11
|
|t:|1629489706
|move|p1a: Uxie|Stealth Rock|p2a: Drifblim
|-sidestart|p2: superjester5|move: Stealth Rock
|move|p2a: Drifblim|Phantom Force||[still]
|-prepare|p2a: Drifblim|Phantom Force
|-enditem|p2a: Drifblim|Power Herb
|-anim|p2a: Drifblim|Phantom Force|p1a: Uxie
|-supereffective|p1a: Uxie
|-damage|p1a: Uxie|20/100
|
|-weather|RainDance|[upkeep]
|upkeep
|turn|12
|
|t:|1629489718
|move|p2a: Drifblim|Phantom Force||[still]
|-prepare|p2a: Drifblim|Phantom Force
|move|p1a: Uxie|U-turn|p2a: Drifblim|[miss]
|-miss|p1a: Uxie|p2a: Drifblim
|
|-weather|RainDance|[upkeep]
|upkeep
|turn|13
|
|t:|1629489722
|move|p2a: Drifblim|Phantom Force|p1a: Uxie|[from]lockedmove
|-supereffective|p1a: Uxie
|-damage|p1a: Uxie|0 fnt
|faint|p1a: Uxie
|
|-weather|RainDance|[upkeep]
|upkeep
|
|t:|1629489732
|switch|p1a: Silvally|Silvally-Fairy|100/100
|turn|14
|
|t:|1629489737
|move|p2a: Drifblim|Phantom Force||[still]
|-prepare|p2a: Drifblim|Phantom Force
|move|p1a: Silvally|Multi-Attack|p2a: Drifblim|[miss]
|-miss|p1a: Silvally|p2a: Drifblim
|
|-weather|RainDance|[upkeep]
|upkeep
|turn|15
|
|t:|1629489742
|move|p2a: Drifblim|Phantom Force|p1a: Silvally|[from]lockedmove
|-damage|p1a: Silvally|62/100
|move|p1a: Silvally|Multi-Attack|p2a: Drifblim
|-damage|p2a: Drifblim|24/100
|
|-weather|RainDance|[upkeep]
|upkeep
|turn|16
|
|t:|1629489767
|move|p2a: Drifblim|Phantom Force||[still]
|-prepare|p2a: Drifblim|Phantom Force
|move|p1a: Silvally|Swords Dance|p1a: Silvally
|-boost|p1a: Silvally|atk|2
|
|-weather|RainDance|[upkeep]
|upkeep
|turn|17
|
|t:|1629489771
|move|p2a: Drifblim|Phantom Force|p1a: Silvally|[from]lockedmove
|-damage|p1a: Silvally|21/100
|move|p1a: Silvally|Flame Charge|p2a: Drifblim
|-damage|p2a: Drifblim|3/100
|-boost|p1a: Silvally|spe|1
|
|-weather|none
|upkeep
|turn|18
|
|t:|1629489778
|move|p2a: Drifblim|Acrobatics|p1a: Silvally
|-damage|p1a: Silvally|0 fnt
|faint|p1a: Silvally
|
|upkeep
|
|t:|1629489783
|switch|p1a: Wishiwashi|Wishiwashi, F|57/100
|-formechange|p1a: Wishiwashi|Wishiwashi-School||[from] ability: Schooling
|turn|19
|
|t:|1629489797
|move|p2a: Drifblim|Explosion|p1a: Wishiwashi
|-damage|p1a: Wishiwashi|0 fnt
|faint|p2a: Drifblim
|faint|p1a: Wishiwashi
|
|upkeep
|
|t:|1629489807
|switch|p2a: Froslass|Froslass, F|16/100
|switch|p1a: Ludicolo|Ludicolo, F|100/100
|-damage|p2a: Froslass|0 fnt|[from] Stealth Rock
|faint|p2a: Froslass
|
|t:|1629489833
|switch|p2a: Tsareena|Tsareena, F|25/100
|-damage|p2a: Tsareena|12/100|[from] Stealth Rock
|turn|20
|
|t:|1629489839
|move|p2a: Tsareena|Power Whip|p1a: Ludicolo
|-damage|p1a: Ludicolo|0 fnt
|faint|p1a: Ludicolo
|
|upkeep
|
|t:|1629489842
|switch|p1a: Ditto|Ditto|100/100
|-transform|p1a: Ditto|p2a: Tsareena|[from] ability: Imposter
|turn|21
|
|t:|1629489847
|move|p1a: Ditto|High Jump Kick|p2a: Tsareena
|-damage|p2a: Tsareena|0 fnt
|faint|p2a: Tsareena
|
|upkeep
|
|t:|1629489855
|switch|p2a: Drampa|Drampa, M|100/100
|-damage|p2a: Drampa|88/100|[from] Stealth Rock
|-ability|p2a: Drampa|Cloud Nine
|turn|22
|
|t:|1629489859
|move|p1a: Ditto|High Jump Kick|p2a: Drampa
|-supereffective|p2a: Drampa
|-damage|p2a: Drampa|0 fnt
|faint|p2a: Drampa
|
|upkeep
|
|t:|1629489863
|switch|p2a: Rapidash|Rapidash, M|100/100
|turn|23
|
|t:|1629489865
|move|p1a: Ditto|High Jump Kick|p2a: Rapidash
|-damage|p2a: Rapidash|25/100
|move|p2a: Rapidash|Flare Blitz|p1a: Ditto
|-supereffective|p1a: Ditto
|-damage|p1a: Ditto|0 fnt
|faint|p1a: Ditto
|-damage|p2a: Rapidash|0 fnt|[from] Recoil
|faint|p2a: Rapidash
|
|win|superjester5
|raw|2turtle's rating: 1312 &rarr; <strong>1298</strong><br />(-14 for losing)
|raw|superjester5's rating: 1427 &rarr; <strong>1441</strong><br />(+14 for winning)
|l|☆2turtle
|l| bond 2 forget
||Ladder isn't responding, score probably updated but might not have (Request timeout).
