|j|☆N0tPokeaimMD
|j|☆Haffling test
|t:|1648817065
|gametype|singles
|player|p1|N0tPokeaimMD|whitney|
|player|p2|Haffling test|cyrus|
|teamsize|p1|6
|teamsize|p2|6
|gen|8
|tier|[Gen 8] PU
|rated|Tournament battle
|rule|Sleep Clause Mod: Limit one foe put to sleep
|rule|Species Clause: Limit one of each Pokémon
|rule|OHKO Clause: OHKO moves are banned
|rule|Evasion Moves Clause: Evasion moves are banned
|rule|Endless Battle Clause: Forcing endless battles is banned
|rule|HP Percentage Mod: HP is shown in percentages
|rule|Dynamax Clause: You cannot dynamax
|clearpoke
|poke|p1|Sandaconda, F|
|poke|p1|Archeops, M|
|poke|p1|Aggron, M|
|poke|p1|Jellicent, F|
|poke|p1|Clefairy, M|
|poke|p1|Silvally-*|
|poke|p2|Trevenant, F|
|poke|p2|Qwilfish, F|
|poke|p2|Cryogonal|
|poke|p2|Regirock|
|poke|p2|Aromatisse, F|
|poke|p2|Centiskorch, M|
|teampreview
|inactive|Battle timer is ON: inactive players will automatically lose when time's up. (requested by N0tPokeaimMD)
|
|t:|1648817094
|start
|switch|p1a: Jellicent|Jellicent, F|100/100
|switch|p2a: Regirock|Regirock|100/100
|turn|1
|
|t:|1648817099
|move|p2a: Regirock|Protect|p2a: Regirock
|-singleturn|p2a: Regirock|Protect
|move|p1a: Jellicent|Water Spout|p2a: Regirock
|-activate|p2a: Regirock|move: Protect
|
|upkeep
|turn|2
|
|t:|1648817105
|switch|p2a: Trevenant|Trevenant, F|100/100
|move|p1a: Jellicent|Water Spout|p2a: Trevenant
|-resisted|p2a: Trevenant
|-damage|p2a: Trevenant|57/100
|
|upkeep
|turn|3
|
|t:|1648817131
|switch|p1a: Silvally|Silvally-Poison|100/100
|move|p2a: Trevenant|Poltergeist|p1a: Silvally|[miss]
|-miss|p2a: Trevenant|p1a: Silvally
|
|upkeep
|turn|4
|
|t:|1648817144
|switch|p2a: Regirock|Regirock|100/100
|move|p1a: Silvally|Multi-Attack|p2a: Regirock
|-resisted|p2a: Regirock
|-damage|p2a: Regirock|92/100
|
|-heal|p2a: Regirock|98/100|[from] item: Leftovers
|upkeep
|turn|5
|
|t:|1648817148
|move|p1a: Silvally|U-turn|p2a: Regirock
|-damage|p2a: Regirock|91/100
|
|t:|1648817153
|switch|p1a: Jellicent|Jellicent, F|100/100|[from]move: U-turn
|move|p2a: Regirock|Stealth Rock|p1a: Jellicent
|-sidestart|p1: N0tPokeaimMD|move: Stealth Rock
|
|-heal|p2a: Regirock|97/100|[from] item: Leftovers
|upkeep
|turn|6
|
|t:|1648817156
|move|p2a: Regirock|Protect|p2a: Regirock
|-singleturn|p2a: Regirock|Protect
|move|p1a: Jellicent|Water Spout|p2a: Regirock
|-activate|p2a: Regirock|move: Protect
|
|-heal|p2a: Regirock|100/100|[from] item: Leftovers
|upkeep
|turn|7
|
|t:|1648817162
|switch|p2a: Qwilfish|Qwilfish, F|100/100
|-ability|p2a: Qwilfish|Intimidate|boost
|-unboost|p1a: Jellicent|atk|1
|move|p1a: Jellicent|Water Spout|p2a: Qwilfish
|-resisted|p2a: Qwilfish
|-damage|p2a: Qwilfish|21/100
|
|-heal|p2a: Qwilfish|27/100|[from] item: Black Sludge
|upkeep
|turn|8
|
|t:|1648817169
|move|p2a: Qwilfish|Spikes|p1a: Jellicent
|-sidestart|p1: N0tPokeaimMD|Spikes
|move|p1a: Jellicent|Water Spout|p2a: Qwilfish
|-resisted|p2a: Qwilfish
|-damage|p2a: Qwilfish|0 fnt
|faint|p2a: Qwilfish
|
|upkeep
|
|t:|1648817172
|switch|p2a: Trevenant|Trevenant, F|57/100
|turn|9
|
|t:|1648817188
|switch|p1a: Silvally|Silvally-Poison|100/100
|-damage|p1a: Silvally|88/100|[from] Stealth Rock
|-damage|p1a: Silvally|76/100|[from] Spikes
|move|p2a: Trevenant|Poltergeist|p1a: Silvally
|-activate|p1a: Silvally|move: Poltergeist|Poison Memory
|-damage|p1a: Silvally|28/100
|
|upkeep
|turn|10
|
|t:|1648817194
|move|p1a: Silvally|Defog|p2a: Trevenant
|-unboost|p2a: Trevenant|evasion|1
|-sideend|p1: N0tPokeaimMD|Spikes|[from] move: Defog|[of] p1a: Silvally
|-sideend|p1: N0tPokeaimMD|Stealth Rock|[from] move: Defog|[of] p1a: Silvally
|move|p2a: Trevenant|Earthquake|p1a: Silvally
|-supereffective|p1a: Silvally
|-damage|p1a: Silvally|0 fnt
|faint|p1a: Silvally
|
|upkeep
|
|t:|1648817209
|switch|p1a: Jellicent|Jellicent, F|100/100
|turn|11
|
|t:|1648817212
|switch|p2a: Centiskorch|Centiskorch, M|100/100
|move|p1a: Jellicent|Shadow Ball|p2a: Centiskorch
|-damage|p2a: Centiskorch|47/100
|-unboost|p2a: Centiskorch|spd|1
|
|upkeep
|turn|12
|
|t:|1648817241
|switch|p1a: Archeops|Archeops, M|100/100
|move|p2a: Centiskorch|Knock Off|p1a: Archeops
|-damage|p1a: Archeops|40/100
|-enditem|p1a: Archeops|Heavy-Duty Boots|[from] move: Knock Off|[of] p2a: Centiskorch
|
|upkeep
|turn|13
|
|t:|1648817248
|switch|p2a: Regirock|Regirock|100/100
|move|p1a: Archeops|Roost|p1a: Archeops
|-heal|p1a: Archeops|91/100
|-singleturn|p1a: Archeops|move: Roost
|
|upkeep
|turn|14
|
|t:|1648817253
|move|p1a: Archeops|U-turn|p2a: Regirock
|-damage|p2a: Regirock|90/100
|
|t:|1648817260
|switch|p1a: Jellicent|Jellicent, F|100/100|[from]move: U-turn
|move|p2a: Regirock|Stealth Rock|p1a: Jellicent
|-sidestart|p1: N0tPokeaimMD|move: Stealth Rock
|
|-heal|p2a: Regirock|96/100|[from] item: Leftovers
|upkeep
|turn|15
|
|t:|1648817265
|move|p2a: Regirock|Protect|p2a: Regirock
|-singleturn|p2a: Regirock|Protect
|move|p1a: Jellicent|Water Spout|p2a: Regirock
|-activate|p2a: Regirock|move: Protect
|
|-heal|p2a: Regirock|100/100|[from] item: Leftovers
|upkeep
|turn|16
|
|t:|1648817271
|switch|p2a: Centiskorch|Centiskorch, M|47/100
|move|p1a: Jellicent|Water Spout|p2a: Centiskorch
|-supereffective|p2a: Centiskorch
|-damage|p2a: Centiskorch|0 fnt
|faint|p2a: Centiskorch
|
|upkeep
|
|t:|1648817274
|switch|p2a: Trevenant|Trevenant, F|57/100
|turn|17
|
|t:|1648817296
|move|p1a: Jellicent|Water Spout|p2a: Trevenant
|-resisted|p2a: Trevenant
|-crit|p2a: Trevenant
|-damage|p2a: Trevenant|0 fnt
|faint|p2a: Trevenant
|
|upkeep
|c|☆Haffling test|Sadedge
|
|t:|1648817305
|switch|p2a: Cryogonal|Cryogonal|100/100
|turn|18
|j| Moon Rime
|c|☆N0tPokeaimMD|Sorry fren : [
|inactive|N0tPokeaimMD has 120 seconds left.
|j| gothified
|c|☆Haffling test|Nah it all good i got p licky last game
|j| bvph
|c|☆Haffling test|Lucky*
|
|t:|1648817353
|switch|p1a: Clefairy|Clefairy, M|100/100
|move|p2a: Cryogonal|Knock Off|p1a: Clefairy
|-resisted|p1a: Clefairy
|-damage|p1a: Clefairy|94/100
|-enditem|p1a: Clefairy|Eviolite|[from] move: Knock Off|[of] p2a: Cryogonal
|
|upkeep
|turn|19
|
|t:|1648817363
|move|p2a: Cryogonal|Freeze-Dry|p1a: Clefairy
|-damage|p1a: Clefairy|65/100
|move|p1a: Clefairy|Teleport|p1a: Clefairy
|
|t:|1648817371
|switch|p1a: Archeops|Archeops, M|91/100|[from]move: Teleport
|-damage|p1a: Archeops|66/100|[from] Stealth Rock
|
|upkeep
|turn|20
|
|t:|1648817375
|switch|p2a: Regirock|Regirock|100/100
|move|p1a: Archeops|U-turn|p2a: Regirock
|-damage|p2a: Regirock|90/100
|
|t:|1648817383
|switch|p1a: Jellicent|Jellicent, F|100/100|[from]move: U-turn
|-damage|p1a: Jellicent|88/100|[from] Stealth Rock
|
|-heal|p2a: Regirock|96/100|[from] item: Leftovers
|upkeep
|turn|21
|
|t:|1648817388
|move|p2a: Regirock|Protect|p2a: Regirock
|-singleturn|p2a: Regirock|Protect
|move|p1a: Jellicent|Surf|p2a: Regirock
|-activate|p2a: Regirock|move: Protect
|
|-heal|p2a: Regirock|100/100|[from] item: Leftovers
|upkeep
|turn|22
|
|t:|1648817393
|switch|p2a: Cryogonal|Cryogonal|100/100
|move|p1a: Jellicent|Surf|p2a: Cryogonal
|-damage|p2a: Cryogonal|50/100
|
|upkeep
|turn|23
|
|t:|1648817401
|move|p2a: Cryogonal|Recover|p2a: Cryogonal
|-heal|p2a: Cryogonal|99/100
|move|p1a: Jellicent|Surf|p2a: Cryogonal
|-damage|p2a: Cryogonal|47/100
|
|upkeep
|turn|24
|c| gothified|is this the real pokeaim?
|j| Serendepitys
|
|t:|1648817418
|move|p2a: Cryogonal|Freeze-Dry|p1a: Jellicent
|-supereffective|p1a: Jellicent
|-damage|p1a: Jellicent|31/100
|move|p1a: Jellicent|Surf|p2a: Cryogonal
|-damage|p2a: Cryogonal|0 fnt
|faint|p2a: Cryogonal
|
|upkeep
|
|t:|1648817422
|switch|p2a: Aromatisse|Aromatisse, F|100/100
|turn|25
|
|t:|1648817431
|switch|p1a: Aggron|Aggron, M|100/100
|-damage|p1a: Aggron|94/100|[from] Stealth Rock
|move|p2a: Aromatisse|Moonblast|p1a: Aggron
|-resisted|p1a: Aggron
|-damage|p1a: Aggron|64/100
|
|upkeep
|turn|26
|l| bvph
|
|t:|1648817442
|move|p2a: Aromatisse|Protect|p2a: Aromatisse
|-singleturn|p2a: Aromatisse|Protect
|move|p1a: Aggron|Heavy Slam|p2a: Aromatisse
|-activate|p2a: Aromatisse|move: Protect
|
|upkeep
|turn|27
|
|t:|1648817447
|switch|p2a: Regirock|Regirock|100/100
|move|p1a: Aggron|Heavy Slam|p2a: Regirock
|-supereffective|p2a: Regirock
|-crit|p2a: Regirock
|-damage|p2a: Regirock|60/100
|
|-heal|p2a: Regirock|66/100|[from] item: Leftovers
|upkeep
|turn|28
|l| Moon Rime
|c| gothified|what the hell is aromatisse why is it a lawn flamingo
|
|t:|1648817453
|switch|p1a: Sandaconda|Sandaconda, F|100/100
|-damage|p1a: Sandaconda|94/100|[from] Stealth Rock
|move|p2a: Regirock|Rock Blast|p1a: Sandaconda
|-resisted|p1a: Sandaconda
|-damage|p1a: Sandaconda|92/100
|-resisted|p1a: Sandaconda
|-damage|p1a: Sandaconda|89/100
|-resisted|p1a: Sandaconda
|-damage|p1a: Sandaconda|86/100
|-resisted|p1a: Sandaconda
|-damage|p1a: Sandaconda|84/100
|-resisted|p1a: Sandaconda
|-damage|p1a: Sandaconda|81/100
|-hitcount|p1a: Sandaconda|5
|
|-heal|p2a: Regirock|72/100|[from] item: Leftovers
|upkeep
|turn|29
|
|t:|1648817463
|move|p1a: Sandaconda|Earthquake|p2a: Regirock
|-supereffective|p2a: Regirock
|-damage|p2a: Regirock|41/100
|move|p2a: Regirock|Body Press|p1a: Sandaconda
|-damage|p1a: Sandaconda|55/100
|-damage|p2a: Regirock|25/100|[from] item: Rocky Helmet|[of] p1a: Sandaconda
|
|-heal|p2a: Regirock|31/100|[from] item: Leftovers
|upkeep
|turn|30
|
|t:|1648817470
|move|p1a: Sandaconda|Earthquake|p2a: Regirock
|-supereffective|p2a: Regirock
|-damage|p2a: Regirock|0 fnt
|faint|p2a: Regirock
|
|upkeep
|
|t:|1648817471
|switch|p2a: Aromatisse|Aromatisse, F|100/100
|turn|31
|
|t:|1648817485
|switch|p1a: Jellicent|Jellicent, F|31/100
|-damage|p1a: Jellicent|19/100|[from] Stealth Rock
|move|p2a: Aromatisse|Moonblast|p1a: Jellicent
|-damage|p1a: Jellicent|0 fnt
|faint|p1a: Jellicent
|
|upkeep
|
|t:|1648817487
|switch|p1a: Aggron|Aggron, M|64/100
|-damage|p1a: Aggron|58/100|[from] Stealth Rock
|turn|32
|
|t:|1648817489
|move|p1a: Aggron|Heavy Slam|p2a: Aromatisse
|-supereffective|p2a: Aromatisse
|-damage|p2a: Aromatisse|0 fnt
|faint|p2a: Aromatisse
|
|win|N0tPokeaimMD
|n|☆N0tPokeaimMD|n0tpokeaimmd
|n|☆Haffling test|hafflingtest
|n| gothified|gothified
|n| Serendepitys|serendepitys
