|html|<div class="broadcast-blue"><strong>[Gen 8] PU is currently suspecting Espeon! For information on how to participate check out the <a href="https://www.smogon.com/forums/threads/np-pu-stage-8-magic-bounce.3697962/">suspect thread</a>.</strong></div>
|j|☆Copper05
|j|☆MentalAdversity
|t:|1645963232
|gametype|singles
|player|p1|Copper05|bruno|1285
|player|p2|MentalAdversity|pokefanf-gen4|1435
|teamsize|p1|6
|teamsize|p2|6
|gen|8
|tier|[Gen 8] PU
|rated|
|rule|Sleep Clause Mod: Limit one foe put to sleep
|rule|Species Clause: Limit one of each Pokémon
|rule|OHKO Clause: OHKO moves are banned
|rule|Evasion Moves Clause: Evasion moves are banned
|rule|Endless Battle Clause: Forcing endless battles is banned
|rule|HP Percentage Mod: HP is shown in percentages
|rule|Dynamax Clause: You cannot dynamax
|clearpoke
|poke|p1|Swoobat, F|
|poke|p1|Crustle, M|
|poke|p1|Thwackey, M|
|poke|p1|Magmortar, F|
|poke|p1|Silvally-*|
|poke|p1|Flapple, M|
|poke|p2|Corsola-Galar, M|
|poke|p2|Articuno|
|poke|p2|Audino, F|
|poke|p2|Druddigon, F|
|poke|p2|Eldegoss, M|
|poke|p2|Quagsire, F|
|teampreview
|
|t:|1645963240
|start
|switch|p1a: Crustle|Crustle, M|100/100
|switch|p2a: Druddigon|Druddigon, F, shiny|100/100
|-ability|p2a: Druddigon|Mold Breaker
|turn|1
|
|t:|1645963245
|move|p1a: Crustle|Stealth Rock|p2a: Druddigon
|-sidestart|p2: MentalAdversity|move: Stealth Rock
|move|p2a: Druddigon|Stealth Rock|p1a: Crustle
|-sidestart|p1: Copper05|move: Stealth Rock
|
|upkeep
|turn|2
|
|t:|1645963249
|move|p1a: Crustle|Spikes|p2a: Druddigon
|-sidestart|p2: MentalAdversity|Spikes
|move|p2a: Druddigon|Glare|p1a: Crustle
|-status|p1a: Crustle|par
|
|upkeep
|turn|3
|
|t:|1645963255
|switch|p2a: COTTONBALL|Eldegoss, M, shiny|100/100
|move|p1a: Crustle|Spikes|p2a: COTTONBALL
|-sidestart|p2: MentalAdversity|Spikes
|
|upkeep
|turn|4
|
|t:|1645963258
|switch|p1a: Silvally|Silvally-Ghost|100/100
|-damage|p1a: Silvally|88/100|[from] Stealth Rock
|move|p2a: COTTONBALL|Rapid Spin|p1a: Silvally
|-immune|p1a: Silvally
|
|upkeep
|turn|5
|
|t:|1645963262
|move|p1a: Silvally|Substitute|p1a: Silvally
|-start|p1a: Silvally|Substitute
|-damage|p1a: Silvally|63/100
|move|p2a: COTTONBALL|Leech Seed||[still]
|-fail|p2a: COTTONBALL
|
|upkeep
|turn|6
|
|t:|1645963268
|switch|p2a: Perry the platypus|Quagsire, F, shiny|100/100
|-damage|p2a: Perry the platypus|84/100|[from] Spikes
|-damage|p2a: Perry the platypus|78/100|[from] Stealth Rock
|move|p1a: Silvally|Multi-Attack|p2a: Perry the platypus
|-damage|p2a: Perry the platypus|45/100
|
|-heal|p2a: Perry the platypus|51/100|[from] item: Leftovers
|upkeep
|turn|7
|
|t:|1645963270
|move|p1a: Silvally|Multi-Attack|p2a: Perry the platypus
|-damage|p2a: Perry the platypus|18/100
|move|p2a: Perry the platypus|Recover|p2a: Perry the platypus
|-heal|p2a: Perry the platypus|68/100
|
|-heal|p2a: Perry the platypus|74/100|[from] item: Leftovers
|upkeep
|turn|8
|
|t:|1645963274
|move|p1a: Silvally|Multi-Attack|p2a: Perry the platypus
|-crit|p2a: Perry the platypus
|-damage|p2a: Perry the platypus|16/100
|move|p2a: Perry the platypus|Recover|p2a: Perry the platypus
|-heal|p2a: Perry the platypus|66/100
|
|-heal|p2a: Perry the platypus|73/100|[from] item: Leftovers
|upkeep
|turn|9
|
|t:|1645963279
|switch|p2a: NURSE JOY|Audino, F, shiny|100/100
|move|p1a: Silvally|Multi-Attack|p2a: NURSE JOY
|-immune|p2a: NURSE JOY
|
|upkeep
|turn|10
|
|t:|1645963284
|move|p1a: Silvally|Swords Dance|p1a: Silvally
|-boost|p1a: Silvally|atk|2
|move|p2a: NURSE JOY|Knock Off|p1a: Silvally
|-supereffective|p1a: Silvally
|-activate|p1a: Silvally|move: Substitute|[damage]
|
|upkeep
|turn|11
|
|t:|1645963287
|move|p1a: Silvally|Flame Charge|p2a: NURSE JOY
|-damage|p2a: NURSE JOY|75/100
|-boost|p1a: Silvally|spe|1
|move|p2a: NURSE JOY|Knock Off|p1a: Silvally
|-supereffective|p1a: Silvally
|-end|p1a: Silvally|Substitute
|
|upkeep
|turn|12
|
|t:|1645963295
|move|p1a: Silvally|Substitute|p1a: Silvally
|-start|p1a: Silvally|Substitute
|-damage|p1a: Silvally|39/100
|move|p2a: NURSE JOY|Knock Off|p1a: Silvally
|-supereffective|p1a: Silvally
|-activate|p1a: Silvally|move: Substitute|[damage]
|
|upkeep
|turn|13
|
|t:|1645963298
|move|p1a: Silvally|Flame Charge|p2a: NURSE JOY
|-damage|p2a: NURSE JOY|49/100
|-boost|p1a: Silvally|spe|1
|move|p2a: NURSE JOY|Knock Off|p1a: Silvally
|-supereffective|p1a: Silvally
|-end|p1a: Silvally|Substitute
|
|upkeep
|turn|14
|
|t:|1645963307
|switch|p1a: Crustle|Crustle, M|100/100 par
|-damage|p1a: Crustle|76/100 par|[from] Stealth Rock
|move|p2a: NURSE JOY|Wish|p2a: NURSE JOY
|
|upkeep
|turn|15
|
|t:|1645963317
|switch|p2a: COTTONBALL|Eldegoss, M, shiny|100/100
|move|p1a: Crustle|Spikes|p2a: COTTONBALL
|-sidestart|p2: MentalAdversity|Spikes
|
|upkeep
|turn|16
|
|t:|1645963322
|switch|p1a: Silvally|Silvally-Ghost|39/100
|-damage|p1a: Silvally|26/100|[from] Stealth Rock
|move|p2a: COTTONBALL|Leech Seed|p1a: Silvally|[miss]
|-miss|p2a: COTTONBALL|p1a: Silvally
|
|upkeep
|turn|17
|
|t:|1645963334
|switch|p1a: Magmortar|Magmortar, F|100/100
|move|p2a: COTTONBALL|Leech Seed|p1a: Magmortar
|-start|p1a: Magmortar|move: Leech Seed
|
|-damage|p1a: Magmortar|88/100|[from] Leech Seed|[of] p2a: COTTONBALL
|upkeep
|turn|18
|
|t:|1645963338
|move|p2a: COTTONBALL|Protect|p2a: COTTONBALL
|-singleturn|p2a: COTTONBALL|Protect
|move|p1a: Magmortar|Fire Blast|p2a: COTTONBALL
|-activate|p2a: COTTONBALL|move: Protect
|
|-damage|p1a: Magmortar|76/100|[from] Leech Seed|[of] p2a: COTTONBALL
|upkeep
|turn|19
|
|t:|1645963341
|move|p1a: Magmortar|Fire Blast|p2a: COTTONBALL
|-supereffective|p2a: COTTONBALL
|-damage|p2a: COTTONBALL|20/100
|move|p2a: COTTONBALL|Rapid Spin|p1a: Magmortar
|-damage|p1a: Magmortar|65/100
|-boost|p2a: COTTONBALL|spe|1
|-sideend|p2: MentalAdversity|Spikes|[from] move: Rapid Spin|[of] p2a: COTTONBALL
|-sideend|p2: MentalAdversity|Stealth Rock|[from] move: Rapid Spin|[of] p2a: COTTONBALL
|
|-damage|p1a: Magmortar|53/100|[from] Leech Seed|[of] p2a: COTTONBALL
|-heal|p2a: COTTONBALL|31/100|[silent]
|upkeep
|turn|20
|
|t:|1645963354
|switch|p1a: Thwackey|Thwackey, M|100/100
|-damage|p1a: Thwackey|88/100|[from] Stealth Rock
|-fieldstart|move: Grassy Terrain|[from] ability: Grassy Surge|[of] p1a: Thwackey
|move|p2a: COTTONBALL|Protect||[still]
|-fail|p2a: COTTONBALL
|
|-heal|p1a: Thwackey|94/100|[from] Grassy Terrain
|-heal|p2a: COTTONBALL|38/100|[from] Grassy Terrain
|upkeep
|turn|21
|
|t:|1645963365
|switch|p2a: Druddigon|Druddigon, F, shiny|100/100
|-ability|p2a: Druddigon|Mold Breaker
|move|p1a: Thwackey|U-turn|p2a: Druddigon
|-damage|p2a: Druddigon|85/100
|
|t:|1645963377
|switch|p1a: Swoobat|Swoobat, F|100/100|[from]move: U-turn
|-damage|p1a: Swoobat|76/100|[from] Stealth Rock
|-enditem|p1a: Swoobat|Grassy Seed
|-boost|p1a: Swoobat|def|2|[from] item: Grassy Seed
|
|-heal|p2a: Druddigon|92/100|[from] Grassy Terrain
|-heal|p2a: Druddigon|98/100|[from] item: Leftovers
|upkeep
|turn|22
|
|t:|1645963381
|switch|p2a: BLUE JAYS|Articuno|100/100
|-ability|p2a: BLUE JAYS|Pressure
|move|p1a: Swoobat|Substitute|p1a: Swoobat
|-start|p1a: Swoobat|Substitute
|-damage|p1a: Swoobat|51/100
|
|upkeep
|turn|23
|
|t:|1645963385
|move|p1a: Swoobat|Calm Mind|p1a: Swoobat
|-boost|p1a: Swoobat|spa|2
|-boost|p1a: Swoobat|spd|2
|move|p2a: BLUE JAYS|Haze|p2a: BLUE JAYS
|-clearallboost
|
|upkeep
|turn|24
|
|t:|1645963392
|move|p1a: Swoobat|Calm Mind|p1a: Swoobat
|-boost|p1a: Swoobat|spa|2
|-boost|p1a: Swoobat|spd|2
|move|p2a: BLUE JAYS|Haze|p2a: BLUE JAYS
|-clearallboost
|
|upkeep
|turn|25
|
|t:|1645963396
|move|p1a: Swoobat|Calm Mind|p1a: Swoobat
|-boost|p1a: Swoobat|spa|2
|-boost|p1a: Swoobat|spd|2
|move|p2a: BLUE JAYS|Haze|p2a: BLUE JAYS
|-clearallboost
|
|upkeep
|turn|26
|
|t:|1645963399
|move|p1a: Swoobat|Heat Wave|p2a: BLUE JAYS
|-supereffective|p2a: BLUE JAYS
|-damage|p2a: BLUE JAYS|81/100
|move|p2a: BLUE JAYS|Haze|p2a: BLUE JAYS
|-clearallboost
|
|upkeep
|turn|27
|
|t:|1645963404
|move|p1a: Swoobat|Calm Mind|p1a: Swoobat
|-boost|p1a: Swoobat|spa|2
|-boost|p1a: Swoobat|spd|2
|move|p2a: BLUE JAYS|Haze|p2a: BLUE JAYS
|-clearallboost
|
|-fieldend|move: Grassy Terrain
|upkeep
|turn|28
|
|t:|1645963411
|move|p1a: Swoobat|Heat Wave|p2a: BLUE JAYS
|-supereffective|p2a: BLUE JAYS
|-damage|p2a: BLUE JAYS|62/100
|move|p2a: BLUE JAYS|Haze|p2a: BLUE JAYS
|-clearallboost
|
|upkeep
|turn|29
|
|t:|1645963415
|move|p1a: Swoobat|Heat Wave|p2a: BLUE JAYS
|-supereffective|p2a: BLUE JAYS
|-crit|p2a: BLUE JAYS
|-damage|p2a: BLUE JAYS|33/100
|move|p2a: BLUE JAYS|Roost|p2a: BLUE JAYS
|-heal|p2a: BLUE JAYS|83/100
|-singleturn|p2a: BLUE JAYS|move: Roost
|
|upkeep
|turn|30
|
|t:|1645963421
|move|p1a: Swoobat|Calm Mind|p1a: Swoobat
|-boost|p1a: Swoobat|spa|2
|-boost|p1a: Swoobat|spd|2
|move|p2a: BLUE JAYS|Haze|p2a: BLUE JAYS
|-clearallboost
|
|upkeep
|turn|31
|
|t:|1645963426
|switch|p1a: Thwackey|Thwackey, M|94/100
|-damage|p1a: Thwackey|82/100|[from] Stealth Rock
|-fieldstart|move: Grassy Terrain|[from] ability: Grassy Surge|[of] p1a: Thwackey
|move|p2a: BLUE JAYS|Haze|p2a: BLUE JAYS
|-clearallboost
|
|-heal|p1a: Thwackey|88/100|[from] Grassy Terrain
|upkeep
|turn|32
|
|t:|1645963437
|switch|p2a: Druddigon|Druddigon, F, shiny|98/100
|-ability|p2a: Druddigon|Mold Breaker
|move|p1a: Thwackey|U-turn|p2a: Druddigon
|-damage|p2a: Druddigon|83/100
|j| MeMore
|
|t:|1645963442
|switch|p1a: Flapple|Flapple, M|100/100|[from]move: U-turn
|-damage|p1a: Flapple|88/100|[from] Stealth Rock
|
|-heal|p1a: Flapple|94/100|[from] Grassy Terrain
|-heal|p2a: Druddigon|90/100|[from] Grassy Terrain
|-heal|p2a: Druddigon|96/100|[from] item: Leftovers
|upkeep
|turn|33
|
|t:|1645963446
|switch|p2a: Corsola|Corsola-Galar, M|100/100
|move|p1a: Flapple|Outrage|p2a: Corsola|[miss]
|-miss|p1a: Flapple|p2a: Corsola
|
|-heal|p1a: Flapple|99/100|[from] Grassy Terrain
|upkeep
|turn|34
|
|t:|1645963451
|move|p1a: Flapple|Outrage|p2a: Corsola
|-damage|p2a: Corsola|30/100
|move|p2a: Corsola|Will-O-Wisp|p1a: Flapple
|-status|p1a: Flapple|brn
|
|-heal|p1a: Flapple|100/100 brn|[from] Grassy Terrain
|-heal|p2a: Corsola|36/100|[from] Grassy Terrain
|-damage|p1a: Flapple|94/100 brn|[from] brn
|upkeep
|turn|35
|
|t:|1645963469
|move|p1a: Flapple|Outrage|p2a: Corsola|[from]lockedmove
|-damage|p2a: Corsola|4/100
|move|p2a: Corsola|Strength Sap|p1a: Flapple
|-unboost|p1a: Flapple|atk|1
|-heal|p2a: Corsola|100/100
|
|-heal|p1a: Flapple|100/100 brn|[from] Grassy Terrain
|-damage|p1a: Flapple|94/100 brn|[from] brn
|upkeep
|turn|36
|-message|Copper05 forfeited.
|
|win|MentalAdversity
|raw|Copper05's rating: 1285 &rarr; <strong>1270</strong><br />(-15 for losing)
|raw|MentalAdversity's rating: 1435 &rarr; <strong>1447</strong><br />(+12 for winning)
|l|☆Copper05
