|j|☆Zip-a-dee-do-da
|j|☆m3p0
|player|p1|Zip-a-dee-do-da|richboy-gen4|1308
|player|p2|m3p0|130|1347
|teamsize|p1|6
|teamsize|p2|6
|gametype|singles
|gen|8
|tier|[Gen 8] PU
|rated|
|clearpoke
|poke|p1|Mawile, F|
|poke|p1|Trapinch, M|
|poke|p1|Mr. Mime, F|
|poke|p1|Silvally-*|
|poke|p1|Vespiquen, F|
|poke|p1|Throh, M|
|poke|p2|Persian, M|
|poke|p2|Gourgeist-*, M|
|poke|p2|Lapras, M|
|poke|p2|Clefairy, M|
|poke|p2|Vibrava, F|
|poke|p2|Grapploct, M|
|rule|Sleep Clause Mod: Limit one foe put to sleep
|rule|Species Clause: Limit one of each Pokémon
|rule|OHKO Clause: OHKO moves are banned
|rule|Evasion Moves Clause: Evasion moves are banned
|rule|Endless Battle Clause: Forcing endless battles is banned
|rule|HP Percentage Mod: HP is shown in percentages
|rule|Dynamax Clause: You cannot dynamax
|teampreview
|inactive|Battle timer is ON: inactive players will automatically lose when time's up. (requested by m3p0)
|j| take20
|
|start
|switch|p1a: Mawile|Mawile, F|100/100
|switch|p2a: Gourgeist|Gourgeist-Super, M|100/100
|-item|p1a: Mawile|Leftovers|[from] ability: Frisk|[of] p2a: Gourgeist|[identify]
|-ability|p1a: Mawile|Intimidate|boost
|-unboost|p2a: Gourgeist|atk|1
|turn|1
|
|move|p2a: Gourgeist|Leech Seed|p1a: Mawile
|-start|p1a: Mawile|move: Leech Seed
|move|p1a: Mawile|Knock Off|p2a: Gourgeist
|-supereffective|p2a: Gourgeist
|-enditem|p2a: Gourgeist|Colbur Berry|[eat]
|-enditem|p2a: Gourgeist|Colbur Berry|[weaken]
|-damage|p2a: Gourgeist|89/100
|
|-damage|p1a: Mawile|88/100|[from] Leech Seed|[of] p2a: Gourgeist
|-heal|p2a: Gourgeist|99/100|[silent]
|upkeep
|turn|2
|
|switch|p2a: Vibrava|Vibrava, F|100/100
|switch|p1a: Vespiquen|Vespiquen, F|100/100
|-ability|p1a: Vespiquen|Pressure
|
|upkeep
|turn|3
|
|move|p2a: Vibrava|Toxic|p1a: Vespiquen
|-status|p1a: Vespiquen|tox
|move|p1a: Vespiquen|Toxic|p2a: Vibrava
|-status|p2a: Vibrava|tox
|
|-damage|p2a: Vibrava|95/100 tox|[from] psn
|-damage|p1a: Vespiquen|94/100 tox|[from] psn
|upkeep
|turn|4
|
|switch|p2a: Clefairy|Clefairy, M|100/100
|move|p1a: Vespiquen|U-turn|p2a: Clefairy
|-resisted|p2a: Clefairy
|-damage|p2a: Clefairy|89/100
|
|switch|p1a: Mawile|Mawile, F|88/100|[from]move: U-turn
|-ability|p1a: Mawile|Intimidate|boost
|-unboost|p2a: Clefairy|atk|1
|
|-heal|p1a: Mawile|94/100|[from] item: Leftovers
|upkeep
|turn|5
|
|switch|p2a: Lapras|Lapras, M|100/100
|move|p1a: Mawile|Knock Off|p2a: Lapras
|-damage|p2a: Lapras|80/100
|-enditem|p2a: Lapras|Choice Specs|[from] move: Knock Off|[of] p1a: Mawile
|
|-heal|p1a: Mawile|100/100|[from] item: Leftovers
|upkeep
|turn|6
|
|switch|p1a: Throh|Throh, M|100/100
|move|p2a: Lapras|Sparkling Aria|p1a: Throh
|-damage|p1a: Throh|68/100
|
|-heal|p1a: Throh|74/100|[from] item: Leftovers
|upkeep
|turn|7
|
|switch|p2a: Gourgeist|Gourgeist-Super, M|99/100
|-item|p1a: Throh|Leftovers|[from] ability: Frisk|[of] p2a: Gourgeist|[identify]
|move|p1a: Throh|Knock Off|p2a: Gourgeist
|-supereffective|p2a: Gourgeist
|-damage|p2a: Gourgeist|76/100
|
|-heal|p1a: Throh|80/100|[from] item: Leftovers
|upkeep
|turn|8
|
|switch|p1a: Mawile|Mawile, F|100/100
|-ability|p1a: Mawile|Intimidate|boost
|-unboost|p2a: Gourgeist|atk|1
|move|p2a: Gourgeist|Leech Seed|p1a: Mawile
|-start|p1a: Mawile|move: Leech Seed
|
|-damage|p1a: Mawile|88/100|[from] Leech Seed|[of] p2a: Gourgeist
|-heal|p2a: Gourgeist|86/100|[silent]
|upkeep
|turn|9
|
|switch|p2a: Lapras|Lapras, M|80/100
|move|p1a: Mawile|Toxic|p2a: Lapras
|-status|p2a: Lapras|tox
|
|-heal|p1a: Mawile|94/100|[from] item: Leftovers
|-damage|p1a: Mawile|82/100|[from] Leech Seed|[of] p2a: Lapras
|-heal|p2a: Lapras|90/100 tox|[silent]
|-damage|p2a: Lapras|84/100 tox|[from] psn
|upkeep
|turn|10
|
|switch|p1a: Vespiquen|Vespiquen, F|94/100 tox
|-ability|p1a: Vespiquen|Pressure
|move|p2a: Lapras|Sparkling Aria|p1a: Vespiquen
|-damage|p1a: Vespiquen|68/100 tox
|
|-damage|p2a: Lapras|71/100 tox|[from] psn
|-damage|p1a: Vespiquen|62/100 tox|[from] psn
|upkeep
|turn|11
|
|switch|p2a: Clefairy|Clefairy, M|89/100
|move|p1a: Vespiquen|U-turn|p2a: Clefairy
|-resisted|p2a: Clefairy
|-damage|p2a: Clefairy|78/100
|
|switch|p1a: Trapinch|Trapinch, M|100/100|[from]move: U-turn
|
|upkeep
|turn|12
|
|move|p2a: Clefairy|Stealth Rock|p1a: Trapinch
|-sidestart|p1: Zip-a-dee-do-da|move: Stealth Rock
|move|p1a: Trapinch|Earthquake|p2a: Clefairy
|-damage|p2a: Clefairy|21/100
|
|upkeep
|turn|13
|
|move|p2a: Clefairy|Heal Bell|p2a: Clefairy
|-activate|p2a: Clefairy|move: Heal Bell
|-curestatus|p2: Lapras|tox|[msg]
|-curestatus|p2: Vibrava|tox|[msg]
|move|p1a: Trapinch|Earthquake|p2a: Clefairy
|-damage|p2a: Clefairy|0 fnt
|faint|p2a: Clefairy
|
|upkeep
|
|switch|p2a: Persian|Persian, M|100/100
|turn|14
|
|switch|p1a: Mawile|Mawile, F|82/100
|-damage|p1a: Mawile|75/100|[from] Stealth Rock
|-ability|p1a: Mawile|Intimidate|boost
|-unboost|p2a: Persian|atk|1
|move|p2a: Persian|U-turn|p1a: Mawile
|-resisted|p1a: Mawile
|-damage|p1a: Mawile|73/100
|
|switch|p2a: Lapras|Lapras, M|71/100|[from]move: U-turn
|
|-heal|p1a: Mawile|79/100|[from] item: Leftovers
|upkeep
|turn|15
|
|switch|p1a: Throh|Throh, M|80/100
|-damage|p1a: Throh|74/100|[from] Stealth Rock
|move|p2a: Lapras|Sparkling Aria|p1a: Throh
|-damage|p1a: Throh|37/100
|
|-heal|p1a: Throh|43/100|[from] item: Leftovers
|upkeep
|turn|16
|
|switch|p2a: Gourgeist|Gourgeist-Super, M|86/100
|-item|p1a: Throh|Leftovers|[from] ability: Frisk|[of] p2a: Gourgeist|[identify]
|switch|p1a: Vespiquen|Vespiquen, F|62/100 tox
|-ability|p1a: Vespiquen|Pressure
|
|-damage|p1a: Vespiquen|56/100 tox|[from] psn
|upkeep
|turn|17
|
|switch|p2a: Lapras|Lapras, M|71/100
|move|p1a: Vespiquen|Defog|p2a: Lapras
|-unboost|p2a: Lapras|evasion|1
|-sideend|p1: Zip-a-dee-do-da|Stealth Rock|[from] move: Defog|[of] p1a: Vespiquen
|
|-damage|p1a: Vespiquen|43/100 tox|[from] psn
|upkeep
|turn|18
|
|move|p2a: Lapras|Freeze-Dry|p1a: Vespiquen
|-supereffective|p1a: Vespiquen
|-damage|p1a: Vespiquen|0 fnt
|faint|p1a: Vespiquen
|
|upkeep
|
|switch|p1a: Silvally|Silvally, shiny|100/100
|turn|19
|
|switch|p2a: Gourgeist|Gourgeist-Super, M|86/100
|-item|p1a: Silvally|Choice Band|[from] ability: Frisk|[of] p2a: Gourgeist|[identify]
|move|p1a: Silvally|Crunch|p2a: Gourgeist
|-supereffective|p2a: Gourgeist
|-damage|p2a: Gourgeist|46/100
|
|upkeep
|turn|20
|
|switch|p1a: Mawile|Mawile, F|79/100
|-ability|p1a: Mawile|Intimidate|boost
|-unboost|p2a: Gourgeist|atk|1
|switch|p2a: Grapploct|Grapploct, M|100/100
|
|-heal|p1a: Mawile|86/100|[from] item: Leftovers
|upkeep
|turn|21
|inactive|Zip-a-dee-do-da has 120 seconds left.
|
|switch|p1a: Mr. Mime|Mr. Mime, F|100/100
|switch|p2a: Lapras|Lapras, M|71/100
|
|upkeep
|turn|22
|inactive|Zip-a-dee-do-da has 120 seconds left.
|
|move|p1a: Mr. Mime|Mystical Fire|p2a: Lapras
|-damage|p2a: Lapras|48/100
|-unboost|p2a: Lapras|spa|1
|move|p2a: Lapras|Thunderbolt|p1a: Mr. Mime
|-damage|p1a: Mr. Mime|78/100
|
|upkeep
|turn|23
|inactive|Zip-a-dee-do-da has 120 seconds left.
|
|switch|p1a: Silvally|Silvally, shiny|100/100
|switch|p2a: Persian|Persian, M|100/100
|
|upkeep
|turn|24
|inactive|Zip-a-dee-do-da has 120 seconds left.
|
|move|p2a: Persian|Fake Out|p1a: Silvally
|-damage|p1a: Silvally|72/100
|cant|p1a: Silvally|flinch
|
|upkeep
|turn|25
|
|move|p2a: Persian|U-turn|p1a: Silvally
|-damage|p1a: Silvally|53/100
|
|switch|p2a: Grapploct|Grapploct, M|100/100|[from]move: U-turn
|move|p1a: Silvally|U-turn|p2a: Grapploct
|-resisted|p2a: Grapploct
|-damage|p2a: Grapploct|85/100
|inactive|Zip-a-dee-do-da has 120 seconds left.
|
|switch|p1a: Mr. Mime|Mr. Mime, F|78/100|[from]move: U-turn
|
|-heal|p2a: Grapploct|91/100|[from] item: Leftovers
|upkeep
|turn|26
|
|move|p2a: Grapploct|Sucker Punch|p1a: Mr. Mime
|-damage|p1a: Mr. Mime|26/100
|move|p1a: Mr. Mime|Psychic|p2a: Grapploct
|-supereffective|p2a: Grapploct
|-damage|p2a: Grapploct|0 fnt
|faint|p2a: Grapploct
|
|upkeep
|
|switch|p2a: Persian|Persian, M|100/100
|turn|27
|
|switch|p1a: Mawile|Mawile, F|86/100
|-ability|p1a: Mawile|Intimidate|boost
|-unboost|p2a: Persian|atk|1
|move|p2a: Persian|U-turn|p1a: Mawile
|-resisted|p1a: Mawile
|-damage|p1a: Mawile|83/100
|
|switch|p2a: Lapras|Lapras, M|48/100|[from]move: U-turn
|
|-heal|p1a: Mawile|90/100|[from] item: Leftovers
|upkeep
|turn|28
|inactive|Zip-a-dee-do-da has 120 seconds left.
|
|switch|p1a: Throh|Throh, M|43/100
|move|p2a: Lapras|Sparkling Aria|p1a: Throh
|-damage|p1a: Throh|6/100
|
|-heal|p1a: Throh|12/100|[from] item: Leftovers
|upkeep
|turn|29
|inactive|Zip-a-dee-do-da has 120 seconds left.
|
|move|p2a: Lapras|Freeze-Dry|p1a: Throh
|-damage|p1a: Throh|0 fnt
|faint|p1a: Throh
|
|upkeep
|
|switch|p1a: Silvally|Silvally, shiny|53/100
|turn|30
|
|switch|p2a: Gourgeist|Gourgeist-Super, M|46/100
|-item|p1a: Silvally|Choice Band|[from] ability: Frisk|[of] p2a: Gourgeist|[identify]
|move|p1a: Silvally|Crunch|p2a: Gourgeist
|-supereffective|p2a: Gourgeist
|-damage|p2a: Gourgeist|8/100
|-unboost|p2a: Gourgeist|def|1
|
|upkeep
|turn|31
|inactive|Zip-a-dee-do-da has 120 seconds left.
|
|switch|p2a: Vibrava|Vibrava, F|95/100
|move|p1a: Silvally|Crunch|p2a: Vibrava
|-damage|p2a: Vibrava|68/100
|
|upkeep
|turn|32
|inactive|Zip-a-dee-do-da has 120 seconds left.
|
|switch|p1a: Trapinch|Trapinch, M|100/100
|move|p2a: Vibrava|Earthquake|p1a: Trapinch
|-damage|p1a: Trapinch|64/100
|
|upkeep
|turn|33
|
|move|p2a: Vibrava|Earthquake|p1a: Trapinch
|-damage|p1a: Trapinch|26/100
|move|p1a: Trapinch|Toxic|p2a: Vibrava
|-status|p2a: Vibrava|tox
|
|-damage|p2a: Vibrava|62/100 tox|[from] psn
|upkeep
|turn|34
|
|move|p1a: Trapinch|Quick Attack|p2a: Vibrava
|-damage|p2a: Vibrava|51/100 tox
|move|p2a: Vibrava|Earthquake|p1a: Trapinch
|-damage|p1a: Trapinch|0 fnt
|faint|p1a: Trapinch
|
|-damage|p2a: Vibrava|39/100 tox|[from] psn
|upkeep
|inactive|Zip-a-dee-do-da has 120 seconds left.
|inactive|Zip-a-dee-do-da has 90 seconds left.
|
|switch|p1a: Mr. Mime|Mr. Mime, F|26/100
|turn|35
|inactive|Zip-a-dee-do-da has 90 seconds left.
|inactive|m3p0 has 120 seconds left.
|
|move|p1a: Mr. Mime|Healing Wish|p1a: Mr. Mime
|faint|p1a: Mr. Mime
|move|p2a: Vibrava|Earthquake|p1: Mr. Mime|[notarget]
|-fail|p2a: Vibrava
|
|-damage|p2a: Vibrava|21/100 tox|[from] psn
|upkeep
|
|switch|p1a: Silvally|Silvally, shiny|53/100
|-heal|p1a: Silvally|100/100|[from] move: Healing Wish
|turn|36
|
|move|p1a: Silvally|Crunch|p2a: Vibrava
|-damage|p2a: Vibrava|0 fnt
|faint|p2a: Vibrava
|
|upkeep
|inactive|m3p0 has 120 seconds left.
|
|switch|p2a: Persian|Persian, M|100/100
|turn|37
|inactive|Zip-a-dee-do-da has 90 seconds left.
|inactive|m3p0 has 120 seconds left.
|
|switch|p1a: Mawile|Mawile, F|90/100
|-ability|p1a: Mawile|Intimidate|boost
|-unboost|p2a: Persian|atk|1
|move|p2a: Persian|U-turn|p1a: Mawile
|-resisted|p1a: Mawile
|-damage|p1a: Mawile|87/100
|inactive|m3p0 has 120 seconds left.
|
|switch|p2a: Lapras|Lapras, M|48/100|[from]move: U-turn
|
|-heal|p1a: Mawile|93/100|[from] item: Leftovers
|upkeep
|turn|38
|inactive|m3p0 has 120 seconds left.
|
|move|p2a: Lapras|Sparkling Aria|p1a: Mawile
|-damage|p1a: Mawile|21/100
|move|p1a: Mawile|Stealth Rock|p2a: Lapras
|-sidestart|p2: m3p0|move: Stealth Rock
|
|-heal|p1a: Mawile|27/100|[from] item: Leftovers
|upkeep
|turn|39
|
|switch|p1a: Silvally|Silvally, shiny|100/100
|move|p2a: Lapras|Sparkling Aria|p1a: Silvally
|-damage|p1a: Silvally|62/100
|
|upkeep
|turn|40
|
|switch|p2a: Gourgeist|Gourgeist-Super, M|8/100
|-damage|p2a: Gourgeist|0 fnt|[from] Stealth Rock
|faint|p2a: Gourgeist
|move|p1a: Silvally|Multi-Attack|p2: Gourgeist|[notarget]
|-fail|p1a: Silvally
|
|upkeep
|
|switch|p2a: Persian|Persian, M|100/100
|-damage|p2a: Persian|88/100|[from] Stealth Rock
|turn|41
|inactive|Zip-a-dee-do-da has 120 seconds left.
|
|switch|p1a: Mawile|Mawile, F|27/100
|-ability|p1a: Mawile|Intimidate|boost
|-unboost|p2a: Persian|atk|1
|move|p2a: Persian|Fake Out|p1a: Mawile
|-resisted|p1a: Mawile
|-damage|p1a: Mawile|21/100
|
|-heal|p1a: Mawile|27/100|[from] item: Leftovers
|upkeep
|turn|42
|inactive|Zip-a-dee-do-da has 120 seconds left.
|
|switch|p1a: Silvally|Silvally, shiny|62/100
|move|p2a: Persian|Water Pulse|p1a: Silvally
|-damage|p1a: Silvally|46/100
|
|upkeep
|turn|43
|inactive|Zip-a-dee-do-da has 120 seconds left.
|
|move|p2a: Persian|U-turn|p1a: Silvally
|-damage|p1a: Silvally|33/100
|
|switch|p2a: Lapras|Lapras, M|48/100|[from]move: U-turn
|-damage|p2a: Lapras|23/100|[from] Stealth Rock
|move|p1a: Silvally|Multi-Attack|p2a: Lapras
|-damage|p2a: Lapras|0 fnt
|faint|p2a: Lapras
|
|upkeep
|
|switch|p2a: Persian|Persian, M|88/100
|-damage|p2a: Persian|76/100|[from] Stealth Rock
|turn|44
|
|switch|p1a: Mawile|Mawile, F|27/100
|-ability|p1a: Mawile|Intimidate|boost
|-unboost|p2a: Persian|atk|1
|move|p2a: Persian|Water Pulse|p1a: Mawile
|-damage|p1a: Mawile|0 fnt
|faint|p1a: Mawile
|
|upkeep
|
|switch|p1a: Silvally|Silvally, shiny|33/100
|turn|45
|inactive|m3p0 has 120 seconds left.
|
|move|p2a: Persian|Double-Edge|p1a: Silvally
|-damage|p1a: Silvally|0 fnt
|-damage|p2a: Persian|63/100|[from] Recoil
|faint|p1a: Silvally
|
|win|m3p0
|raw|Zip-a-dee-do-da's rating: 1308 &rarr; <strong>1291</strong><br />(-17 for losing)
|raw|m3p0's rating: 1347 &rarr; <strong>1365</strong><br />(+18 for winning)
|l|☆m3p0
