|j|☆Deferio
|j|☆un vigoroth
|t:|1596417412
|player|p1|Deferio|169|
|player|p2|un vigoroth|swimmer-gen4dp|
|teamsize|p1|6
|teamsize|p2|6
|gametype|singles
|gen|8
|tier|[Gen 8] PU
|rated|Tournament battle
|clearpoke
|poke|p1|Dusknoir, F|
|poke|p1|Pikachu, F|
|poke|p1|Crustle, M|
|poke|p1|Pawniard, F|
|poke|p1|Hitmonchan, M|
|poke|p1|Lopunny, M|
|poke|p2|Ludicolo, F|
|poke|p2|Kadabra, M|
|poke|p2|Stonjourner, F|
|poke|p2|Rapidash-Galar, M|
|poke|p2|Pawniard, F|
|poke|p2|Leafeon, M|
|rule|Sleep Clause Mod: Limit one foe put to sleep
|rule|Species Clause: Limit one of each Pokémon
|rule|OHKO Clause: OHKO moves are banned
|rule|Evasion Moves Clause: Evasion moves are banned
|rule|Endless Battle Clause: Forcing endless battles is banned
|rule|HP Percentage Mod: HP is shown in percentages
|rule|Dynamax Clause: You cannot dynamax
|teampreview
|j|@ShuckleDeath
|c|☆un vigoroth|hf
|c|☆Deferio|u2
|
|t:|1596417455
|start
|switch|p1a: Lopunny|Lopunny, M|100/100
|switch|p2a: Rapidash|Rapidash-Galar, M|100/100
|turn|1
|
|t:|1596417464
|switch|p2a: Stonjourner|Stonjourner, F|100/100
|move|p1a: Lopunny|Fake Out|p2a: Stonjourner
|-resisted|p2a: Stonjourner
|-crit|p2a: Stonjourner
|-damage|p2a: Stonjourner|90/100
|
|upkeep
|turn|2
|
|t:|1596417530
|move|p2a: Stonjourner|Stone Edge|p1a: Lopunny
|-damage|p1a: Lopunny|22/100
|move|p1a: Lopunny|High Jump Kick|p2a: Stonjourner
|-supereffective|p2a: Stonjourner
|-damage|p2a: Stonjourner|40/100
|
|upkeep
|turn|3
|j| Riley999
|
|t:|1596417548
|switch|p2a: Rapidash|Rapidash-Galar, M|100/100
|switch|p1a: Pawniard|Pawniard, F|100/100
|
|upkeep
|turn|4
|
|t:|1596417565
|switch|p2a: Leafeon|Leafeon, M|100/100
|move|p1a: Pawniard|Iron Head|p2a: Leafeon
|-damage|p2a: Leafeon|65/100
|
|upkeep
|turn|5
|
|t:|1596417579
|switch|p1a: Crustle|Crustle, M|100/100
|move|p2a: Leafeon|Double Kick|p1a: Crustle
|-damage|p1a: Crustle|94/100
|-ability|p1a: Crustle|Weak Armor|boost
|-unboost|p1a: Crustle|def|1
|-boost|p1a: Crustle|spe|2
|-damage|p1a: Crustle|84/100
|-ability|p1a: Crustle|Weak Armor|boost
|-unboost|p1a: Crustle|def|1
|-boost|p1a: Crustle|spe|2
|-hitcount|p1a: Crustle|2
|
|upkeep
|turn|6
|
|t:|1596417593
|move|p1a: Crustle|Stealth Rock|p2a: Leafeon
|-sidestart|p2: un vigoroth|move: Stealth Rock
|move|p2a: Leafeon|Leaf Blade|p1a: Crustle
|-damage|p1a: Crustle|27/100
|-ability|p1a: Crustle|Weak Armor|boost
|-unboost|p1a: Crustle|def|1
|-boost|p1a: Crustle|spe|2
|
|upkeep
|turn|7
|
|t:|1596417606
|move|p1a: Crustle|Spikes|p2a: Leafeon
|-sidestart|p2: un vigoroth|Spikes
|move|p2a: Leafeon|Leaf Blade|p1a: Crustle
|-damage|p1a: Crustle|0 fnt
|faint|p1a: Crustle
|
|upkeep
|
|t:|1596417619
|switch|p1a: Lopunny|Lopunny, M|22/100
|turn|8
|
|t:|1596417633
|move|p1a: Lopunny|Triple Axel|p2a: Leafeon
|-supereffective|p2a: Leafeon
|-damage|p2a: Leafeon|55/100
|-hitcount|p2a: Leafeon|1
|move|p2a: Leafeon|Leaf Blade|p1a: Lopunny
|-crit|p1a: Lopunny
|-damage|p1a: Lopunny|0 fnt
|faint|p1a: Lopunny
|
|upkeep
|c|☆Deferio|lol
|
|t:|1596417671
|switch|p1a: Pawniard|Pawniard, F|100/100
|turn|9
|
|t:|1596417678
|move|p2a: Leafeon|Double Kick|p1a: Pawniard
|-supereffective|p1a: Pawniard
|-crit|p1a: Pawniard
|-damage|p1a: Pawniard|32/100
|-supereffective|p1a: Pawniard
|-damage|p1a: Pawniard|0 fnt
|-hitcount|p1a: Pawniard|2
|faint|p1a: Pawniard
|
|upkeep
|
|t:|1596417686
|switch|p1a: Hitmonchan|Hitmonchan, M|100/100
|turn|10
|
|t:|1596417693
|move|p2a: Leafeon|Leaf Blade|p1a: Hitmonchan
|-damage|p1a: Hitmonchan|34/100
|move|p1a: Hitmonchan|Throat Chop|p2a: Leafeon
|-damage|p2a: Leafeon|23/100
|-start|p2a: Leafeon|Throat Chop|[silent]
|-damage|p1a: Hitmonchan|24/100|[from] item: Life Orb
|
|upkeep
|turn|11
|
|t:|1596417701
|switch|p2a: Rapidash|Rapidash-Galar, M|100/100
|-damage|p2a: Rapidash|88/100|[from] Spikes
|-damage|p2a: Rapidash|75/100|[from] Stealth Rock
|move|p1a: Hitmonchan|Mach Punch|p2a: Rapidash
|-resisted|p2a: Rapidash
|-damage|p2a: Rapidash|64/100
|-damage|p1a: Hitmonchan|15/100|[from] item: Life Orb
|
|upkeep
|turn|12
|
|t:|1596417713
|move|p1a: Hitmonchan|Mach Punch|p2a: Rapidash
|-resisted|p2a: Rapidash
|-damage|p2a: Rapidash|52/100
|-damage|p1a: Hitmonchan|5/100|[from] item: Life Orb
|move|p2a: Rapidash|Play Rough|p1a: Hitmonchan
|-supereffective|p1a: Hitmonchan
|-damage|p1a: Hitmonchan|0 fnt
|faint|p1a: Hitmonchan
|
|upkeep
|
|t:|1596417718
|switch|p1a: Dusknoir|Dusknoir, F|100/100
|-item|p2a: Rapidash|Lum Berry|[from] ability: Frisk|[of] p1a: Dusknoir|[identify]
|turn|13
|
|t:|1596417724
|move|p2a: Rapidash|Play Rough|p1a: Dusknoir
|-crit|p1a: Dusknoir
|-damage|p1a: Dusknoir|31/100
|move|p1a: Dusknoir|Earthquake|p2a: Rapidash
|-damage|p2a: Rapidash|0 fnt
|faint|p2a: Rapidash
|
|upkeep
|j| shedinjanjoe
|
|t:|1596417727
|switch|p2a: Pawniard|Pawniard, F|100/100
|-damage|p2a: Pawniard|88/100|[from] Spikes
|-damage|p2a: Pawniard|82/100|[from] Stealth Rock
|turn|14
|
|t:|1596417734
|move|p2a: Pawniard|Knock Off|p1a: Dusknoir
|-supereffective|p1a: Dusknoir
|-damage|p1a: Dusknoir|0 fnt
|-enditem|p1a: Dusknoir|Choice Band|[from] move: Knock Off|[of] p2a: Pawniard
|faint|p1a: Dusknoir
|
|upkeep
|c|☆Deferio|gg
|c|☆un vigoroth|gg
|-message|Deferio forfeited.
|
|win|un vigoroth
