|j|☆JoJo Reference #10
|j|☆Haffling testing
|t:|1654988203
|gametype|singles
|player|p1|JoJo Reference #10|red-gen2|1475
|player|p2|Haffling testing|cyrus|1523
|teamsize|p1|6
|teamsize|p2|6
|gen|8
|tier|[Gen 8] PU
|rated|
|rule|Sleep Clause Mod: Limit one foe put to sleep
|rule|Species Clause: Limit one of each Pokémon
|rule|OHKO Clause: OHKO moves are banned
|rule|Evasion Moves Clause: Evasion moves are banned
|rule|Endless Battle Clause: Forcing endless battles is banned
|rule|HP Percentage Mod: HP is shown in percentages
|rule|Dynamax Clause: You cannot dynamax
|clearpoke
|poke|p1|Abomasnow, M|
|poke|p1|Thwackey, F|
|poke|p1|Hitmonlee, M|
|poke|p1|Articuno-Galar|
|poke|p1|Centiskorch, F|
|poke|p1|Lycanroc, M|
|poke|p2|Arctovish|
|poke|p2|Gigalith, F|
|poke|p2|Mesprit|
|poke|p2|Eldegoss, F|
|poke|p2|Scrafty, F|
|poke|p2|Weezing, M|
|teampreview
|
|t:|1654988226
|start
|switch|p1a: Lycanroc|Lycanroc, M|100/100
|switch|p2a: Weezing|Weezing, M|100/100
|-ability|p2a: Weezing|Neutralizing Gas
|turn|1
|
|t:|1654988230
|move|p1a: Lycanroc|Taunt|p2a: Weezing
|-start|p2a: Weezing|move: Taunt
|move|p2a: Weezing|Sludge Bomb|p1a: Lycanroc
|-resisted|p1a: Lycanroc
|-damage|p1a: Lycanroc|82/100
|-status|p1a: Lycanroc|psn
|
|-damage|p1a: Lycanroc|69/100 psn|[from] psn
|upkeep
|turn|2
|
|t:|1654988235
|move|p1a: Lycanroc|Stealth Rock|p2a: Weezing
|-sidestart|p2: Haffling testing|move: Stealth Rock
|move|p2a: Weezing|Sludge Bomb|p1a: Lycanroc
|-resisted|p1a: Lycanroc
|-damage|p1a: Lycanroc|50/100 psn
|
|-damage|p1a: Lycanroc|37/100 psn|[from] psn
|upkeep
|turn|3
|
|t:|1654988240
|move|p1a: Lycanroc|Endeavor|p2a: Weezing
|-damage|p2a: Weezing|39/100
|move|p2a: Weezing|Sludge Bomb|p1a: Lycanroc
|-resisted|p1a: Lycanroc
|-damage|p1a: Lycanroc|20/100 psn
|
|-heal|p2a: Weezing|45/100|[from] item: Black Sludge
|-damage|p1a: Lycanroc|7/100 psn|[from] psn
|-end|p2a: Weezing|move: Taunt
|upkeep
|turn|4
|c|☆Haffling testing|lol
|c|☆Haffling testing|lol
|c|☆Haffling testing|lol
|
|t:|1654988249
|move|p1a: Lycanroc|Taunt|p2a: Weezing
|-start|p2a: Weezing|move: Taunt
|move|p2a: Weezing|Sludge Bomb|p1a: Lycanroc
|-resisted|p1a: Lycanroc
|-damage|p1a: Lycanroc|0 fnt
|faint|p1a: Lycanroc
|
|-heal|p2a: Weezing|51/100|[from] item: Black Sludge
|upkeep
|
|t:|1654988260
|switch|p1a: Centiskorch|Centiskorch, F|100/100
|turn|5
|
|t:|1654988267
|-end|p2a: Weezing|ability: Neutralizing Gas
|switch|p2a: Gigalith|Gigalith, F|100/100
|-damage|p2a: Gigalith|88/100|[from] Stealth Rock
|-weather|Sandstorm|[from] ability: Sand Stream|[of] p2a: Gigalith
|move|p1a: Centiskorch|Coil|p1a: Centiskorch
|-boost|p1a: Centiskorch|atk|1
|-boost|p1a: Centiskorch|def|1
|-boost|p1a: Centiskorch|accuracy|1
|
|-weather|Sandstorm|[upkeep]
|-damage|p1a: Centiskorch|94/100|[from] Sandstorm
|-heal|p2a: Gigalith|94/100|[from] item: Leftovers
|upkeep
|turn|6
|
|t:|1654988272
|move|p1a: Centiskorch|Power Whip|p2a: Gigalith
|-supereffective|p2a: Gigalith
|-damage|p2a: Gigalith|22/100
|move|p2a: Gigalith|Rock Blast|p1a: Centiskorch
|-supereffective|p1a: Centiskorch
|-damage|p1a: Centiskorch|63/100
|-supereffective|p1a: Centiskorch
|-damage|p1a: Centiskorch|35/100
|-supereffective|p1a: Centiskorch
|-damage|p1a: Centiskorch|6/100
|-supereffective|p1a: Centiskorch
|-damage|p1a: Centiskorch|0 fnt
|faint|p1a: Centiskorch
|-hitcount|p1: Centiskorch|4
|
|-weather|Sandstorm|[upkeep]
|-heal|p2a: Gigalith|28/100|[from] item: Leftovers
|upkeep
|
|t:|1654988278
|switch|p1a: Thwackey|Thwackey, F|100/100
|-fieldstart|move: Grassy Terrain|[from] ability: Grassy Surge|[of] p1a: Thwackey
|turn|7
|
|t:|1654988284
|move|p1a: Thwackey|U-turn|p2a: Gigalith
|-damage|p2a: Gigalith|15/100
|
|t:|1654988287
|switch|p1a: Articuno|Articuno-Galar|100/100|[from]move: U-turn
|-enditem|p1a: Articuno|Grassy Seed
|-boost|p1a: Articuno|def|1|[from] item: Grassy Seed
|move|p2a: Gigalith|Stealth Rock|p1a: Articuno
|-sidestart|p1: JoJo Reference #10|move: Stealth Rock
|
|-weather|Sandstorm|[upkeep]
|-damage|p1a: Articuno|94/100|[from] Sandstorm
|-heal|p2a: Gigalith|21/100|[from] Grassy Terrain
|-heal|p2a: Gigalith|27/100|[from] item: Leftovers
|upkeep
|turn|8
|
|t:|1654988294
|move|p1a: Articuno|Substitute|p1a: Articuno
|-start|p1a: Articuno|Substitute
|-damage|p1a: Articuno|69/100
|move|p2a: Gigalith|Rock Blast|p1a: Articuno
|-supereffective|p1a: Articuno
|-activate|p1a: Articuno|move: Substitute|[damage]
|-supereffective|p1a: Articuno
|-end|p1a: Articuno|Substitute
|-hitcount|p1a: Articuno|2
|
|-weather|Sandstorm|[upkeep]
|-damage|p1a: Articuno|63/100|[from] Sandstorm
|-heal|p2a: Gigalith|33/100|[from] Grassy Terrain
|-heal|p2a: Gigalith|39/100|[from] item: Leftovers
|upkeep
|turn|9
|
|t:|1654988298
|move|p1a: Articuno|Calm Mind|p1a: Articuno
|-boost|p1a: Articuno|spa|1
|-boost|p1a: Articuno|spd|1
|move|p2a: Gigalith|Rock Blast|p1a: Articuno
|-supereffective|p1a: Articuno
|-damage|p1a: Articuno|48/100
|-supereffective|p1a: Articuno
|-damage|p1a: Articuno|34/100
|-supereffective|p1a: Articuno
|-damage|p1a: Articuno|21/100
|-supereffective|p1a: Articuno
|-damage|p1a: Articuno|4/100
|-supereffective|p1a: Articuno
|-damage|p1a: Articuno|0 fnt
|faint|p1a: Articuno
|-hitcount|p1: Articuno|5
|
|-weather|none
|-heal|p2a: Gigalith|45/100|[from] Grassy Terrain
|-heal|p2a: Gigalith|52/100|[from] item: Leftovers
|upkeep
|
|t:|1654988304
|switch|p1a: Yeti-Man|Abomasnow, M, shiny|100/100
|-weather|Hail|[from] ability: Snow Warning|[of] p1a: Yeti-Man
|turn|10
|
|t:|1654988308
|move|p2a: Gigalith|Protect|p2a: Gigalith
|-singleturn|p2a: Gigalith|Protect
|move|p1a: Yeti-Man|Grassy Glide|p2a: Gigalith
|-activate|p2a: Gigalith|move: Protect
|
|-weather|Hail|[upkeep]
|-damage|p2a: Gigalith|45/100|[from] Hail
|-heal|p2a: Gigalith|52/100|[from] Grassy Terrain
|-heal|p2a: Gigalith|58/100|[from] item: Leftovers
|upkeep
|turn|11
|
|t:|1654988320
|move|p1a: Yeti-Man|Swords Dance|p1a: Yeti-Man
|-boost|p1a: Yeti-Man|atk|2
|move|p2a: Gigalith|Rock Blast|p1a: Yeti-Man
|-supereffective|p1a: Yeti-Man
|-damage|p1a: Yeti-Man|70/100
|-supereffective|p1a: Yeti-Man
|-damage|p1a: Yeti-Man|41/100
|-supereffective|p1a: Yeti-Man
|-damage|p1a: Yeti-Man|11/100
|-hitcount|p1a: Yeti-Man|3
|
|-weather|Hail|[upkeep]
|-damage|p2a: Gigalith|52/100|[from] Hail
|-heal|p1a: Yeti-Man|17/100|[from] Grassy Terrain
|-heal|p2a: Gigalith|58/100|[from] Grassy Terrain
|-heal|p2a: Gigalith|64/100|[from] item: Leftovers
|upkeep
|turn|12
|
|t:|1654988326
|switch|p2a: Weezing|Weezing, M|51/100
|-ability|p2a: Weezing|Neutralizing Gas
|-damage|p2a: Weezing|39/100|[from] Stealth Rock
|move|p1a: Yeti-Man|Stomping Tantrum|p2a: Weezing
|-supereffective|p2a: Weezing
|-damage|p2a: Weezing|0 fnt
|faint|p2a: Weezing
|-end|p2a: Weezing|ability: Neutralizing Gas
|
|-weather|Hail|[upkeep]
|-heal|p1a: Yeti-Man|23/100|[from] Grassy Terrain
|upkeep
|
|t:|1654988328
|switch|p2a: Gigalith|Gigalith, F|64/100
|-damage|p2a: Gigalith|52/100|[from] Stealth Rock
|-weather|Sandstorm|[from] ability: Sand Stream|[of] p2a: Gigalith
|turn|13
|
|t:|1654988336
|move|p2a: Gigalith|Protect|p2a: Gigalith
|-singleturn|p2a: Gigalith|Protect
|move|p1a: Yeti-Man|Grassy Glide|p2a: Gigalith
|-activate|p2a: Gigalith|move: Protect
|
|-weather|Sandstorm|[upkeep]
|-damage|p1a: Yeti-Man|17/100|[from] Sandstorm
|-heal|p1a: Yeti-Man|23/100|[from] Grassy Terrain
|-heal|p2a: Gigalith|58/100|[from] Grassy Terrain
|-heal|p2a: Gigalith|64/100|[from] item: Leftovers
|upkeep
|turn|14
|
|t:|1654988349
|move|p1a: Yeti-Man|Grassy Glide|p2a: Gigalith
|-supereffective|p2a: Gigalith
|-crit|p2a: Gigalith
|-damage|p2a: Gigalith|0 fnt
|faint|p2a: Gigalith
|
|-weather|Sandstorm|[upkeep]
|-damage|p1a: Yeti-Man|17/100|[from] Sandstorm
|-heal|p1a: Yeti-Man|23/100|[from] Grassy Terrain
|-fieldend|move: Grassy Terrain
|upkeep
|
|t:|1654988352
|switch|p2a: Mesprit|Mesprit|100/100
|-damage|p2a: Mesprit|88/100|[from] Stealth Rock
|turn|15
|
|t:|1654988365
|move|p2a: Mesprit|Psychic|p1a: Yeti-Man
|-damage|p1a: Yeti-Man|0 fnt
|faint|p1a: Yeti-Man
|
|-weather|Sandstorm|[upkeep]
|-damage|p2a: Mesprit|82/100|[from] Sandstorm
|upkeep
|
|t:|1654988367
|switch|p1a: Thwackey|Thwackey, F|100/100
|-damage|p1a: Thwackey|88/100|[from] Stealth Rock
|-fieldstart|move: Grassy Terrain|[from] ability: Grassy Surge|[of] p1a: Thwackey
|turn|16
|
|t:|1654988375
|switch|p2a: Scrafty|Scrafty, F|100/100
|-damage|p2a: Scrafty|95/100|[from] Stealth Rock
|move|p1a: Thwackey|Swords Dance|p1a: Thwackey
|-boost|p1a: Thwackey|atk|2
|
|-weather|Sandstorm|[upkeep]
|-damage|p1a: Thwackey|82/100|[from] Sandstorm
|-damage|p2a: Scrafty|89/100|[from] Sandstorm
|-heal|p1a: Thwackey|88/100|[from] Grassy Terrain
|-heal|p2a: Scrafty|95/100|[from] Grassy Terrain
|-heal|p2a: Scrafty|100/100|[from] item: Leftovers
|upkeep
|turn|17
|
|t:|1654988379
|move|p1a: Thwackey|Drain Punch|p2a: Scrafty
|-supereffective|p2a: Scrafty
|-damage|p2a: Scrafty|31/100
|-heal|p1a: Thwackey|100/100|[from] drain|[of] p2a: Scrafty
|move|p2a: Scrafty|Knock Off|p1a: Thwackey
|-damage|p1a: Thwackey|48/100
|-enditem|p1a: Thwackey|Terrain Extender|[from] move: Knock Off|[of] p2a: Scrafty
|
|-weather|none
|-heal|p1a: Thwackey|54/100|[from] Grassy Terrain
|-heal|p2a: Scrafty|37/100|[from] Grassy Terrain
|-heal|p2a: Scrafty|43/100|[from] item: Leftovers
|upkeep
|turn|18
|
|t:|1654988385
|move|p1a: Thwackey|Drain Punch|p2a: Scrafty
|-supereffective|p2a: Scrafty
|-damage|p2a: Scrafty|0 fnt
|-heal|p1a: Thwackey|80/100|[from] drain|[of] p2a: Scrafty
|faint|p2a: Scrafty
|
|-heal|p1a: Thwackey|86/100|[from] Grassy Terrain
|upkeep
|
|t:|1654988388
|switch|p2a: Eldegoss|Eldegoss, F|100/100
|turn|19
|
|t:|1654988390
|move|p1a: Thwackey|Swords Dance|p1a: Thwackey
|-boost|p1a: Thwackey|atk|2
|move|p2a: Eldegoss|Rapid Spin|p1a: Thwackey
|-damage|p1a: Thwackey|76/100
|-boost|p2a: Eldegoss|spe|1
|-sideend|p2: Haffling testing|Stealth Rock|[from] move: Rapid Spin|[of] p2a: Eldegoss
|
|-heal|p1a: Thwackey|82/100|[from] Grassy Terrain
|upkeep
|turn|20
|
|t:|1654988395
|move|p1a: Thwackey|Drain Punch|p2a: Eldegoss
|-damage|p2a: Eldegoss|50/100
|-heal|p1a: Thwackey|100/100|[from] drain|[of] p2a: Eldegoss
|move|p2a: Eldegoss|Giga Drain|p1a: Thwackey
|-resisted|p1a: Thwackey
|-damage|p1a: Thwackey|74/100
|-heal|p2a: Eldegoss|62/100|[from] drain|[of] p1a: Thwackey
|
|-heal|p1a: Thwackey|80/100|[from] Grassy Terrain
|-heal|p2a: Eldegoss|68/100|[from] Grassy Terrain
|upkeep
|turn|21
|
|t:|1654988398
|move|p1a: Thwackey|Drain Punch|p2a: Eldegoss
|-damage|p2a: Eldegoss|21/100
|-heal|p1a: Thwackey|100/100|[from] drain|[of] p2a: Eldegoss
|move|p2a: Eldegoss|Giga Drain|p1a: Thwackey
|-resisted|p1a: Thwackey
|-damage|p1a: Thwackey|76/100
|-heal|p2a: Eldegoss|32/100|[from] drain|[of] p1a: Thwackey
|
|-heal|p1a: Thwackey|82/100|[from] Grassy Terrain
|-heal|p2a: Eldegoss|38/100|[from] Grassy Terrain
|upkeep
|turn|22
|
|t:|1654988402
|move|p1a: Thwackey|Drain Punch|p2a: Eldegoss
|-damage|p2a: Eldegoss|0 fnt
|-heal|p1a: Thwackey|100/100|[from] drain|[of] p2a: Eldegoss
|faint|p2a: Eldegoss
|
|upkeep
|
|t:|1654988405
|switch|p2a: Arctovish|Arctovish|100/100
|turn|23
|
|t:|1654988408
|move|p1a: Thwackey|Grassy Glide|p2a: Arctovish
|-supereffective|p2a: Arctovish
|-damage|p2a: Arctovish|0 fnt
|faint|p2a: Arctovish
|
|-fieldend|move: Grassy Terrain
|upkeep
|
|t:|1654988410
|switch|p2a: Mesprit|Mesprit|82/100
|turn|24
|
|t:|1654988412
|move|p2a: Mesprit|Psychic|p1a: Thwackey
|-damage|p1a: Thwackey|22/100
|move|p1a: Thwackey|U-turn|p2a: Mesprit
|-supereffective|p2a: Mesprit
|-damage|p2a: Mesprit|0 fnt
|faint|p2a: Mesprit
|
|win|JoJo Reference #10
|raw|JoJo Reference #10's rating: 1475 &rarr; <strong>1498</strong><br />(+23 for winning)
|raw|Haffling testing's rating: 1523 &rarr; <strong>1500</strong><br />(-23 for losing)
|j| UnBeatableTR26
|c|☆JoJo Reference #10|gg
|c|☆Haffling testing|boo
|c|☆Haffling testing|gg
