|j|☆SpacialRendevous
|j|☆Haffling
|t:|1667687342
|gametype|singles
|player|p1|SpacialRendevous|elesa|
|player|p2|Haffling|cyrus|
|teamsize|p1|6
|teamsize|p2|6
|gen|8
|tier|[Gen 8] PU
|rated|Tournament battle
|rule|Sleep Clause Mod: Limit one foe put to sleep
|rule|Species Clause: Limit one of each Pokémon
|rule|OHKO Clause: OHKO moves are banned
|rule|Evasion Items Clause: Evasion items are banned
|rule|Evasion Moves Clause: Evasion moves are banned
|rule|Endless Battle Clause: Forcing endless battles is banned
|rule|HP Percentage Mod: HP is shown in percentages
|rule|Dynamax Clause: You cannot dynamax
|clearpoke
|poke|p1|Kabutops, F|
|poke|p1|Turtonator, M|
|poke|p1|Aurorus, F|
|poke|p1|Silvally-*|
|poke|p1|Lycanroc, F|
|poke|p1|Doublade, M|
|poke|p2|Audino, M|
|poke|p2|Eldegoss, M|
|poke|p2|Corsola, M|
|poke|p2|Duosion, M|
|poke|p2|Mareanie, M|
|poke|p2|Mienfoo, F|
|teampreview
|j|%zoowi
|c|☆Haffling|hf
|c|☆SpacialRendevous|hf
|
|t:|1667687364
|start
|switch|p1a: Doublade|Doublade, M|100/100
|switch|p2a: Eldegoss|Eldegoss, M|100/100
|turn|1
|
|t:|1667687369
|switch|p1a: Silvally|Silvally-Grass|100/100
|move|p2a: Eldegoss|Leech Seed|p1a: Silvally
|-immune|p1a: Silvally
|
|upkeep
|turn|2
|
|t:|1667687374
|switch|p2a: Mareanie|Mareanie, M|100/100
|move|p1a: Silvally|Swords Dance|p1a: Silvally
|-boost|p1a: Silvally|atk|2
|
|upkeep
|turn|3
|
|t:|1667687377
|move|p1a: Silvally|Multi-Attack|p2a: Mareanie
|-damage|p2a: Mareanie|19/100
|move|p2a: Mareanie|Haze|p2a: Mareanie
|-clearallboost
|
|upkeep
|turn|4
|
|t:|1667687384
|move|p1a: Silvally|Swords Dance|p1a: Silvally
|-boost|p1a: Silvally|atk|2
|move|p2a: Mareanie|Toxic Spikes|p1a: Silvally
|-sidestart|p1: SpacialRendevous|move: Toxic Spikes
|
|upkeep
|turn|5
|
|t:|1667687388
|move|p1a: Silvally|Multi-Attack|p2a: Mareanie
|-damage|p2a: Mareanie|0 fnt
|faint|p2a: Mareanie
|
|upkeep
|
|t:|1667687392
|switch|p2a: Mienfoo|Mienfoo, F, shiny|100/100
|turn|6
|
|t:|1667687396
|move|p1a: Silvally|Multi-Attack|p2a: Mienfoo
|-damage|p2a: Mienfoo|0 fnt
|faint|p2a: Mienfoo
|
|upkeep
|
|t:|1667687398
|switch|p2a: Corsola|Corsola, M, shiny|100/100
|turn|7
|
|t:|1667687402
|move|p1a: Silvally|Multi-Attack|p2a: Corsola
|-supereffective|p2a: Corsola
|-damage|p2a: Corsola|0 fnt
|faint|p2a: Corsola
|
|upkeep
|
|t:|1667687404
|switch|p2a: Audino|Audino, M|100/100
|turn|8
|
|t:|1667687407
|move|p1a: Silvally|Swords Dance|p1a: Silvally
|-boost|p1a: Silvally|atk|2
|move|p2a: Audino|Toxic|p1a: Silvally
|-status|p1a: Silvally|tox
|
|-damage|p1a: Silvally|94/100 tox|[from] psn
|upkeep
|turn|9
|
|t:|1667687410
|switch|p2a: Eldegoss|Eldegoss, M|100/100
|move|p1a: Silvally|Multi-Attack|p2a: Eldegoss
|-resisted|p2a: Eldegoss
|-damage|p2a: Eldegoss|35/100
|
|-damage|p1a: Silvally|82/100 tox|[from] psn
|upkeep
|turn|10
|
|t:|1667687420
|switch|p2a: Duosion|Duosion, M|100/100
|move|p1a: Silvally|Multi-Attack|p2a: Duosion
|-damage|p2a: Duosion|0 fnt
|faint|p2a: Duosion
|
|-damage|p1a: Silvally|64/100 tox|[from] psn
|upkeep
|
|t:|1667687422
|switch|p2a: Audino|Audino, M|100/100
|turn|11
|
|t:|1667687426
|move|p2a: Audino|Protect|p2a: Audino
|-singleturn|p2a: Audino|Protect
|move|p1a: Silvally|Multi-Attack|p2a: Audino
|-activate|p2a: Audino|move: Protect
|
|-damage|p1a: Silvally|40/100 tox|[from] psn
|upkeep
|turn|12
|
|t:|1667687433
|move|p2a: Audino|Protect||[still]
|-fail|p2a: Audino
|move|p1a: Silvally|Multi-Attack|p2a: Audino
|-damage|p2a: Audino|0 fnt
|faint|p2a: Audino
|
|-damage|p1a: Silvally|10/100 tox|[from] psn
|upkeep
|
|t:|1667687436
|switch|p2a: Eldegoss|Eldegoss, M|68/100
|turn|13
|
|t:|1667687442
|move|p1a: Silvally|Multi-Attack|p2a: Eldegoss
|-resisted|p2a: Eldegoss
|-damage|p2a: Eldegoss|2/100
|move|p2a: Eldegoss|Grass Knot|p1a: Silvally
|-resisted|p1a: Silvally
|-damage|p1a: Silvally|0 fnt
|faint|p1a: Silvally
|
|upkeep
|c|☆SpacialRendevous|gg
|
|t:|1667687449
|switch|p1a: Aurorus|Aurorus, F|100/100
|-status|p1a: Aurorus|psn
|-weather|Hail|[from] ability: Snow Warning|[of] p1a: Aurorus
|turn|14
|c|☆Haffling|wdym igot a goss
|
|t:|1667687457
|move|p1a: Aurorus|Blizzard|p2a: Eldegoss
|-supereffective|p2a: Eldegoss
|-damage|p2a: Eldegoss|0 fnt
|faint|p2a: Eldegoss
|
|win|SpacialRendevous
|n|☆SpacialRendevous|spacialrendevous
|n|☆Haffling|haffling
|n| zoowi|zoowi
