|j|☆Certified BoyLover
|j|☆zoowi
|t:|1629750935
|gametype|singles
|player|p1|Certified BoyLover|bruno-gen3|
|player|p2|zoowi|burglar-gen2|
|teamsize|p1|6
|teamsize|p2|6
|gen|8
|tier|[Gen 8] PU
|rule|Sleep Clause Mod: Limit one foe put to sleep
|rule|Species Clause: Limit one of each Pokémon
|rule|OHKO Clause: OHKO moves are banned
|rule|Evasion Moves Clause: Evasion moves are banned
|rule|Endless Battle Clause: Forcing endless battles is banned
|rule|HP Percentage Mod: HP is shown in percentages
|rule|Dynamax Clause: You cannot dynamax
|clearpoke
|poke|p1|Silvally-*|
|poke|p1|Archeops, M|
|poke|p1|Weezing, M|
|poke|p1|Stunfisk-Galar, F|
|poke|p1|Cofagrigus, F|
|poke|p1|Aromatisse, F|
|poke|p2|Gourgeist-*, F|
|poke|p2|Togedemaru, F|
|poke|p2|Drampa, M|
|poke|p2|Regirock|
|poke|p2|Gallade, M|
|poke|p2|Charizard, F|
|teampreview
|c|☆Certified BoyLover|hf
|inactive|Battle timer is ON: inactive players will automatically lose when time's up. (requested by Certified BoyLover)
|j| keep larping
|c|☆zoowi|u2
|j| Cope + cry + larp
|c| Cope + cry + larp|get em pattek
|j| Tlenit
|inactive|Certified BoyLover has 270 seconds left.
|c| Tlenit|pult?
|c|☆zoowi|yo we gettin this done quick
|c|☆zoowi|yes lmao
|c| Tlenit|good job
|c|☆zoowi|literally just saw it 5 mins ago
|
|t:|1629751002
|start
|switch|p1a: Stunfisk|Stunfisk-Galar, F|100/100
|switch|p2a: Gourgeist|Gourgeist-Small, F|100/100
|-item|p1a: Stunfisk|Leftovers|[from] ability: Frisk|[of] p2a: Gourgeist|[identify]
|turn|1
|c|☆zoowi|lets gooo
|j| 5cy
|j| Jascha
|
|t:|1629751015
|move|p2a: Gourgeist|Trick|p1a: Stunfisk
|-activate|p2a: Gourgeist|move: Trick|[of] p1a: Stunfisk
|-item|p1a: Stunfisk|Choice Scarf|[from] move: Trick
|-item|p2a: Gourgeist|Leftovers|[from] move: Trick
|move|p1a: Stunfisk|Stealth Rock|p2a: Gourgeist
|-sidestart|p2: zoowi|move: Stealth Rock
|
|upkeep
|turn|2
|
|t:|1629751019
|switch|p1a: Weezing|Weezing, M|100/100
|-ability|p1a: Weezing|Neutralizing Gas
|move|p2a: Gourgeist|Poltergeist|p1a: Weezing
|-activate|p1a: Weezing|move: Poltergeist|Black Sludge
|-damage|p1a: Weezing|72/100
|
|-heal|p1a: Weezing|78/100|[from] item: Black Sludge
|upkeep
|turn|3
|
|t:|1629751026
|switch|p2a: Drampa|Drampa, M|100/100
|-damage|p2a: Drampa|88/100|[from] Stealth Rock
|move|p1a: Weezing|Toxic Spikes|p2a: Drampa
|-sidestart|p2: zoowi|move: Toxic Spikes
|
|-heal|p1a: Weezing|84/100|[from] item: Black Sludge
|upkeep
|turn|4
|j| pkmn cypher 2013
|
|t:|1629751031
|-end|p1a: Weezing|ability: Neutralizing Gas
|switch|p1a: Cofagrigus|Cofagrigus, F|100/100
|move|p2a: Drampa|Hyper Voice|p1a: Cofagrigus
|-immune|p1a: Cofagrigus
|
|upkeep
|turn|5
|j| SpacialRendevous
|
|t:|1629751039
|switch|p2a: Charizard|Charizard, F|100/100
|move|p1a: Cofagrigus|Shadow Ball|p2a: Charizard
|-damage|p2a: Charizard|68/100
|
|upkeep
|turn|6
|
|t:|1629751044
|move|p2a: Charizard|Defog|p1a: Cofagrigus
|-unboost|p1a: Cofagrigus|evasion|1
|-sideend|p2: zoowi|Toxic Spikes|[from] move: Defog|[of] p2a: Charizard
|-sideend|p2: zoowi|Stealth Rock|[from] move: Defog|[of] p2a: Charizard
|move|p1a: Cofagrigus|Iron Defense|p1a: Cofagrigus
|-boost|p1a: Cofagrigus|def|2
|
|upkeep
|turn|7
|j|+Greybaum
|
|t:|1629751066
|switch|p2a: Gourgeist|Gourgeist-Small, F|100/100
|-item|p1a: Cofagrigus|Leftovers|[from] ability: Frisk|[of] p2a: Gourgeist|[identify]
|move|p1a: Cofagrigus|Shadow Ball|p2a: Gourgeist
|-supereffective|p2a: Gourgeist
|-damage|p2a: Gourgeist|2/100
|-unboost|p2a: Gourgeist|spd|1
|
|-heal|p2a: Gourgeist|8/100|[from] item: Leftovers
|upkeep
|turn|8
|j| meri berry
|
|t:|1629751071
|move|p2a: Gourgeist|Destiny Bond|p2a: Gourgeist
|-singlemove|p2a: Gourgeist|Destiny Bond
|move|p1a: Cofagrigus|Shadow Ball|p2a: Gourgeist
|-supereffective|p2a: Gourgeist
|-damage|p2a: Gourgeist|0 fnt
|faint|p2a: Gourgeist
|-activate|p2a: Gourgeist|move: Destiny Bond
|faint|p1a: Cofagrigus
|
|upkeep
|c|☆Certified BoyLover|based
|j| 72k Charmdi
|j| termiii
|c|☆zoowi|me when that worked
|l| 5cy
|inactive|zoowi has 270 seconds left.
|
|t:|1629751107
|switch|p2a: Drampa|Drampa, M|88/100
|switch|p1a: Stunfisk|Stunfisk-Galar, F|100/100
|turn|9
|
|t:|1629751115
|switch|p1a: Silvally|Silvally-Water|100/100
|move|p2a: Drampa|Flamethrower|p1a: Silvally
|-resisted|p1a: Silvally
|-damage|p1a: Silvally|70/100
|
|upkeep
|turn|10
|c|☆zoowi|what
|
|t:|1629751122
|switch|p2a: Togedemaru|Togedemaru, F|100/100
|move|p1a: Silvally|Multi-Attack|p2a: Togedemaru
|-damage|p2a: Togedemaru|11/100
|-damage|p1a: Silvally|57/100|[from] ability: Iron Barbs|[of] p2a: Togedemaru
|
|upkeep
|turn|11
|c| keep larping|This is So Sheisty
|j| hjkhj
|
|t:|1629751137
|switch|p1a: Stunfisk|Stunfisk-Galar, F|100/100
|move|p2a: Togedemaru|Zing Zap|p1a: Stunfisk
|-immune|p1a: Stunfisk
|
|upkeep
|turn|12
|j|+avarice
|c|+avarice|go pattek!
|
|t:|1629751143
|switch|p2a: Gallade|Gallade, M|100/100
|move|p1a: Stunfisk|Stealth Rock|p2a: Gallade
|-sidestart|p2: zoowi|move: Stealth Rock
|
|upkeep
|turn|13
|c|+avarice|this alt.
|c|☆Certified BoyLover|do u like it
|c| Cope + cry + larp|nice rocks dude
|c| hjkhj|Go bryann
|
|t:|1629751156
|switch|p1a: Aromatisse|Aromatisse, F|100/100
|move|p2a: Gallade|Knock Off|p1a: Aromatisse
|-resisted|p1a: Aromatisse
|-damage|p1a: Aromatisse|87/100
|-enditem|p1a: Aromatisse|Leftovers|[from] move: Knock Off|[of] p2a: Gallade
|
|upkeep
|turn|14
|
|t:|1629751161
|move|p2a: Gallade|Psycho Cut|p1a: Aromatisse
|-damage|p1a: Aromatisse|58/100
|move|p1a: Aromatisse|Moonblast|p2a: Gallade
|-supereffective|p2a: Gallade
|-damage|p2a: Gallade|54/100
|
|upkeep
|turn|15
|c| Cope + cry + larp|WOOOO
|c| Cope + cry + larp|LETS GOO
|
|t:|1629751166
|switch|p2a: Charizard|Charizard, F|68/100
|move|p1a: Aromatisse|Wish|p1a: Aromatisse
|
|upkeep
|turn|16
|c| Cope + cry + larp|OOOOOOOOOOO
|
|t:|1629751172
|move|p1a: Aromatisse|Protect|p1a: Aromatisse
|-singleturn|p1a: Aromatisse|Protect
|move|p2a: Charizard|Defog|p1a: Aromatisse
|-activate|p1a: Aromatisse|move: Protect
|
|-heal|p1a: Aromatisse|100/100|[from] move: Wish|[wisher] Aromatisse
|upkeep
|turn|17
|
|t:|1629751177
|switch|p1a: Archeops|Archeops, M|100/100
|move|p2a: Charizard|Defog|p1a: Archeops
|-unboost|p1a: Archeops|evasion|1
|-sideend|p2: zoowi|Stealth Rock|[from] move: Defog|[of] p2a: Charizard
|
|upkeep
|turn|18
|
|t:|1629751179
|switch|p1a: Silvally|Silvally-Water|57/100
|switch|p2a: Regirock|Regirock|100/100
|
|upkeep
|turn|19
|c|☆zoowi|COME ON THEN
|
|t:|1629751184
|move|p1a: Silvally|Multi-Attack|p2a: Regirock
|-supereffective|p2a: Regirock
|-damage|p2a: Regirock|60/100
|move|p2a: Regirock|Body Press|p1a: Silvally
|-damage|p1a: Silvally|8/100
|
|-heal|p2a: Regirock|66/100|[from] item: Leftovers
|upkeep
|turn|20
|
|t:|1629751191
|switch|p2a: Togedemaru|Togedemaru, F|11/100
|move|p1a: Silvally|Multi-Attack|p2a: Togedemaru
|-damage|p2a: Togedemaru|0 fnt
|-damage|p1a: Silvally|0 fnt|[from] ability: Iron Barbs|[of] p2a: Togedemaru
|faint|p2a: Togedemaru
|faint|p1a: Silvally
|
|upkeep
|
|t:|1629751212
|switch|p2a: Regirock|Regirock|66/100
|switch|p1a: Aromatisse|Aromatisse, F|100/100
|turn|21
|
|t:|1629751216
|move|p2a: Regirock|Toxic|p1a: Aromatisse
|-status|p1a: Aromatisse|tox
|move|p1a: Aromatisse|Moonblast|p2a: Regirock
|-damage|p2a: Regirock|37/100
|
|-heal|p2a: Regirock|43/100|[from] item: Leftovers
|-damage|p1a: Aromatisse|94/100 tox|[from] psn
|upkeep
|turn|22
|
|t:|1629751225
|move|p2a: Regirock|Stealth Rock|p1a: Aromatisse
|-sidestart|p1: Certified BoyLover|move: Stealth Rock
|move|p1a: Aromatisse|Aromatherapy|p1a: Aromatisse
|-activate|p1a: Aromatisse|move: Aromatherapy
|-curestatus|p1a: Aromatisse|tox|[msg]
|
|-heal|p2a: Regirock|49/100|[from] item: Leftovers
|upkeep
|turn|23
|
|t:|1629751229
|switch|p2a: Charizard|Charizard, F|68/100
|move|p1a: Aromatisse|Moonblast|p2a: Charizard
|-resisted|p2a: Charizard
|-damage|p2a: Charizard|48/100
|
|upkeep
|turn|24
|l| Jascha
|
|t:|1629751234
|switch|p1a: Archeops|Archeops, M|100/100
|move|p2a: Charizard|Flare Blitz|p1a: Archeops
|-resisted|p1a: Archeops
|-damage|p1a: Archeops|62/100
|-damage|p2a: Charizard|36/100|[from] Recoil
|
|upkeep
|turn|25
|
|t:|1629751250
|move|p1a: Archeops|Stone Edge|p2a: Charizard
|-supereffective|p2a: Charizard
|-damage|p2a: Charizard|0 fnt
|faint|p2a: Charizard
|
|upkeep
|inactive|zoowi has 270 seconds left.
|
|t:|1629751270
|switch|p2a: Gallade|Gallade, M|54/100
|turn|26
|
|t:|1629751277
|move|p2a: Gallade|Shadow Sneak|p1a: Archeops
|-damage|p1a: Archeops|38/100
|move|p1a: Archeops|Dual Wingbeat|p2a: Gallade
|-supereffective|p2a: Gallade
|-damage|p2a: Gallade|13/100
|-supereffective|p2a: Gallade
|-damage|p2a: Gallade|0 fnt
|faint|p2a: Gallade
|-hitcount|p2: Gallade|2
|
|upkeep
|
|t:|1629751281
|switch|p2a: Drampa|Drampa, M|88/100
|turn|27
|j| mom lover
|
|t:|1629751285
|move|p1a: Archeops|Dual Wingbeat|p2a: Drampa
|-damage|p2a: Drampa|73/100
|-damage|p2a: Drampa|58/100
|-hitcount|p2a: Drampa|2
|move|p2a: Drampa|Hyper Voice|p1a: Archeops
|-resisted|p1a: Archeops
|-damage|p1a: Archeops|0 fnt
|faint|p1a: Archeops
|
|upkeep
|
|t:|1629751290
|switch|p1a: Stunfisk|Stunfisk-Galar, F|100/100
|-damage|p1a: Stunfisk|97/100|[from] Stealth Rock
|turn|28
|
|t:|1629751298
|switch|p2a: Regirock|Regirock|49/100
|move|p1a: Stunfisk|Earthquake|p2a: Regirock
|-supereffective|p2a: Regirock
|-damage|p2a: Regirock|24/100
|
|-heal|p2a: Regirock|30/100|[from] item: Leftovers
|upkeep
|turn|29
|c| Cope + cry + larp|crazy eq
|l| mom lover
|j| mom lover
|
|t:|1629751319
|switch|p1a: Weezing|Weezing, M|84/100
|-ability|p1a: Weezing|Neutralizing Gas
|-damage|p1a: Weezing|72/100|[from] Stealth Rock
|switch|p2a: Drampa|Drampa, M|58/100
|
|-heal|p1a: Weezing|78/100|[from] item: Black Sludge
|upkeep
|turn|30
|inactive|Certified BoyLover has 270 seconds left.
|
|t:|1629751351
|move|p2a: Drampa|Hyper Voice|p1a: Weezing
|-damage|p1a: Weezing|0 fnt
|faint|p1a: Weezing
|-end|p1a: Weezing|ability: Neutralizing Gas
|
|upkeep
|
|t:|1629751353
|switch|p1a: Stunfisk|Stunfisk-Galar, F|97/100
|-damage|p1a: Stunfisk|94/100|[from] Stealth Rock
|turn|31
|
|t:|1629751365
|move|p2a: Drampa|Hyper Voice|p1a: Stunfisk
|-resisted|p1a: Stunfisk
|-damage|p1a: Stunfisk|69/100
|move|p1a: Stunfisk|Earthquake|p2a: Drampa
|-damage|p2a: Drampa|20/100
|
|upkeep
|turn|32
|
|t:|1629751380
|switch|p2a: Regirock|Regirock|30/100
|move|p1a: Stunfisk|Earthquake|p2a: Regirock
|-supereffective|p2a: Regirock
|-damage|p2a: Regirock|5/100
|
|-heal|p2a: Regirock|11/100|[from] item: Leftovers
|upkeep
|turn|33
|
|t:|1629751383
|move|p1a: Stunfisk|Earthquake|p2a: Regirock
|-supereffective|p2a: Regirock
|-crit|p2a: Regirock
|-damage|p2a: Regirock|0 fnt
|faint|p2a: Regirock
|
|upkeep
|
|t:|1629751387
|switch|p2a: Drampa|Drampa, M|20/100
|turn|34
|
|t:|1629751391
|move|p2a: Drampa|Flamethrower|p1a: Stunfisk
|-supereffective|p1a: Stunfisk
|-damage|p1a: Stunfisk|0 fnt
|faint|p1a: Stunfisk
|
|upkeep
|
|t:|1629751393
|switch|p1a: Aromatisse|Aromatisse, F|94/100
|-damage|p1a: Aromatisse|82/100|[from] Stealth Rock
|turn|35
|c|☆zoowi|idk do a super crit
|c| keep larping|Lets go Pattek U sexy Bitch
|
|t:|1629751395
|move|p2a: Drampa|Flamethrower|p1a: Aromatisse
|-damage|p1a: Aromatisse|31/100
|move|p1a: Aromatisse|Moonblast|p2a: Drampa
|-supereffective|p2a: Drampa
|-damage|p2a: Drampa|0 fnt
|faint|p2a: Drampa
|
|win|Certified BoyLover
|c|☆Certified BoyLover|gg
|c|☆zoowi|gg lol
|l|☆zoowi
|l|☆Certified BoyLover
|c| hjkhj|Wooo
|l| keep larping
|c| hjkhj|Bryann goat
|l| mom lover
|l| 72k Charmdi
|j| mom lover
|l| SpacialRendevous
|l|+avarice
|l| hjkhj
|l| mom lover
|l| Cope + cry + larp
|j| hjkhj
|n|+Greybaum@!|greybaum
|j|☆zoowi
|player|p2|zoowi|burglar-gen2
|l|☆zoowi
|player|p2|
|n|+Greybaum|greybaum
|l| meri berry
|l| termiii
|l| hjkhj
|j|☆zoowi
|player|p2|zoowi|burglar-gen2
|l|☆zoowi
|player|p2|
|j|☆zoowi
|player|p2|zoowi|burglar-gen2
|j| go back to mexico
