|j|☆Prof.Otaku
|j|☆HJAD
|player|p1|Prof.Otaku|bryony|
|player|p2|HJAD|lance-gen2|
|teamsize|p1|6
|teamsize|p2|6
|gametype|singles
|gen|8
|tier|[Gen 8] PU
|clearpoke
|poke|p1|Gourgeist-*, F|
|poke|p1|Pawniard, F|
|poke|p1|Silvally-*|
|poke|p1|Basculin-Blue-Striped, M|
|poke|p1|Throh, M|
|poke|p1|Pincurchin, M|
|poke|p2|Manectric, F|
|poke|p2|Shiinotic, M|
|poke|p2|Silvally-*|
|poke|p2|Darumaka, M|
|poke|p2|Mawile, F|
|poke|p2|Mr. Mime, M|
|rule|Sleep Clause Mod: Limit one foe put to sleep
|rule|Species Clause: Limit one of each Pokémon
|rule|OHKO Clause: OHKO moves are banned
|rule|Evasion Moves Clause: Evasion moves are banned
|rule|Endless Battle Clause: Forcing endless battles is banned
|rule|HP Percentage Mod: HP is shown in percentages
|rule|Dynamax Clause: You cannot dynamax
|teampreview
|c|☆HJAD|hf!
|j| abejas
|c|☆Prof.Otaku|Have fun
|j| UULT2 LM
|l| UULT2 LM
|
|start
|switch|p1a: Silvally|Silvally-Poison|100/100
|switch|p2a: Darumaka|Darumaka, M|100/100
|turn|1
|j| tlenit1
|j| laevin ㋛
|
|switch|p2a: Mawile|Mawile, F|100/100
|-ability|p2a: Mawile|Intimidate|boost
|-unboost|p1a: Silvally|atk|1
|move|p1a: Silvally|U-turn|p2a: Mawile
|-resisted|p2a: Mawile
|-damage|p2a: Mawile|96/100
|
|switch|p1a: Basculin-Blue-Stri|Basculin-Blue-Striped, M|100/100|[from]move: U-turn
|
|-heal|p2a: Mawile|100/100|[from] item: Leftovers
|upkeep
|turn|2
|
|switch|p2a: Shiinotic|Shiinotic, M|100/100
|move|p1a: Basculin-Blue-Stri|Liquidation|p2a: Shiinotic
|-resisted|p2a: Shiinotic
|-damage|p2a: Shiinotic|75/100
|-damage|p1a: Basculin-Blue-Stri|84/100|[from] item: Rocky Helmet|[of] p2a: Shiinotic
|-status|p1a: Basculin-Blue-Stri|par|[from] ability: Effect Spore|[of] p2a: Shiinotic
|-damage|p1a: Basculin-Blue-Stri|74/100 par|[from] item: Life Orb
|
|upkeep
|turn|3
|
|switch|p1a: Pincurchin|Pincurchin, M|100/100
|move|p2a: Shiinotic|Spore|p1a: Pincurchin
|-status|p1a: Pincurchin|slp|[from] move: Spore
|
|upkeep
|turn|4
|
|switch|p2a: Darumaka|Darumaka, M|100/100
|switch|p1a: Silvally|Silvally-Poison|100/100
|
|upkeep
|turn|5
|j| Ranbu No Melody
|
|switch|p2a: Mawile|Mawile, F|100/100
|-ability|p2a: Mawile|Intimidate|boost
|-unboost|p1a: Silvally|atk|1
|move|p1a: Silvally|Flamethrower|p2a: Mawile
|-supereffective|p2a: Mawile
|-damage|p2a: Mawile|60/100
|
|-heal|p2a: Mawile|66/100|[from] item: Leftovers
|upkeep
|turn|6
|
|move|p1a: Silvally|Flamethrower|p2a: Mawile
|-supereffective|p2a: Mawile
|-damage|p2a: Mawile|22/100
|move|p2a: Mawile|Pain Split|p1a: Silvally
|-sethp|p1a: Silvally|60/100|[from] move: Pain Split|[silent]
|-sethp|p2a: Mawile|66/100|[from] move: Pain Split
|
|-heal|p2a: Mawile|72/100|[from] item: Leftovers
|upkeep
|turn|7
|
|switch|p2a: Manectric|Manectric, F|100/100
|move|p1a: Silvally|Flamethrower|p2a: Manectric
|-damage|p2a: Manectric|70/100
|
|upkeep
|turn|8
|
|switch|p1a: Pincurchin|Pincurchin, M|100/100 slp
|move|p2a: Manectric|Volt Switch|p1a: Pincurchin
|-ability|p1a: Pincurchin|Lightning Rod|boost
|-boost|p1a: Pincurchin|spa|1
|
|upkeep
|turn|9
|
|switch|p2a: Darumaka|Darumaka, M|100/100
|switch|p1a: Pawniard|Pawniard, F|100/100
|
|upkeep
|turn|10
|j| AntaresLeNoo3
|
|switch|p1a: Pincurchin|Pincurchin, M|100/100 slp
|move|p2a: Darumaka|Fire Punch|p1a: Pincurchin|[miss]
|-miss|p2a: Darumaka|p1a: Pincurchin
|
|upkeep
|turn|11
|
|move|p2a: Darumaka|Fire Punch|p1a: Pincurchin
|-damage|p1a: Pincurchin|34/100 slp
|-damage|p2a: Darumaka|84/100|[from] item: Rocky Helmet|[of] p1a: Pincurchin
|cant|p1a: Pincurchin|slp
|
|upkeep
|turn|12
|
|move|p2a: Darumaka|Fire Punch|p1a: Pincurchin
|-damage|p1a: Pincurchin|0 fnt
|-damage|p2a: Darumaka|68/100|[from] item: Rocky Helmet|[of] p1a: Pincurchin
|faint|p1a: Pincurchin
|
|upkeep
|
|switch|p1a: Silvally|Silvally-Poison|60/100
|turn|13
|
|switch|p2a: Mawile|Mawile, F|72/100
|-ability|p2a: Mawile|Intimidate|boost
|-unboost|p1a: Silvally|atk|1
|move|p1a: Silvally|Multi-Attack|p2a: Mawile
|-immune|p2a: Mawile
|
|-heal|p2a: Mawile|78/100|[from] item: Leftovers
|upkeep
|turn|14
|
|switch|p2a: Manectric|Manectric, F|70/100
|move|p1a: Silvally|Flamethrower|p2a: Manectric
|-damage|p2a: Manectric|38/100
|-status|p2a: Manectric|brn
|
|-damage|p2a: Manectric|32/100 brn|[from] brn
|upkeep
|turn|15
|
|switch|p1a: Gourgeist|Gourgeist-Super, F|100/100
|move|p2a: Manectric|Volt Switch|p1a: Gourgeist
|-resisted|p1a: Gourgeist
|-damage|p1a: Gourgeist|75/100
|
|switch|p2a: Darumaka|Darumaka, M|68/100|[from]move: Volt Switch
|
|upkeep
|turn|16
|
|switch|p1a: Throh|Throh, M|100/100
|move|p2a: Darumaka|Fire Punch|p1a: Throh
|-damage|p1a: Throh|40/100
|-status|p1a: Throh|brn
|
|-heal|p1a: Throh|46/100 brn|[from] item: Leftovers
|-damage|p1a: Throh|40/100 brn|[from] brn
|upkeep
|turn|17
|
|move|p2a: Darumaka|Fire Punch|p1a: Throh
|-damage|p1a: Throh|0 fnt
|faint|p1a: Throh
|
|upkeep
|j| baga chipz
|
|switch|p1a: Silvally|Silvally-Poison|60/100
|turn|18
|
|move|p1a: Silvally|Multi-Attack|p2a: Darumaka
|-damage|p2a: Darumaka|0 fnt
|faint|p2a: Darumaka
|
|upkeep
|l| AntaresLeNoo3
|
|switch|p2a: Mawile|Mawile, F|78/100
|-ability|p2a: Mawile|Intimidate|boost
|-unboost|p1a: Silvally|atk|1
|turn|19
|
|move|p1a: Silvally|Flamethrower|p2a: Mawile
|-supereffective|p2a: Mawile
|-damage|p2a: Mawile|38/100
|move|p2a: Mawile|Stealth Rock|p1a: Silvally
|-sidestart|p1: Prof.Otaku|move: Stealth Rock
|
|-heal|p2a: Mawile|44/100|[from] item: Leftovers
|upkeep
|turn|20
|
|move|p1a: Silvally|Defog|p2a: Mawile
|-unboost|p2a: Mawile|evasion|1
|-sideend|p1: Prof.Otaku|Stealth Rock|[from] move: Defog|[of] p1a: Silvally
|move|p2a: Mawile|Pain Split|p1a: Silvally
|-sethp|p1a: Silvally|50/100|[from] move: Pain Split|[silent]
|-sethp|p2a: Mawile|55/100|[from] move: Pain Split
|
|-heal|p2a: Mawile|61/100|[from] item: Leftovers
|upkeep
|turn|21
|
|move|p1a: Silvally|Flamethrower|p2a: Mawile
|-supereffective|p2a: Mawile
|-damage|p2a: Mawile|19/100
|move|p2a: Mawile|Pain Split|p1a: Silvally
|-sethp|p1a: Silvally|34/100|[from] move: Pain Split|[silent]
|-sethp|p2a: Mawile|37/100|[from] move: Pain Split
|
|-heal|p2a: Mawile|43/100|[from] item: Leftovers
|upkeep
|turn|22
|
|move|p1a: Silvally|Flamethrower|p2a: Mawile
|-supereffective|p2a: Mawile
|-damage|p2a: Mawile|1/100
|move|p2a: Mawile|Stealth Rock|p1a: Silvally
|-sidestart|p1: Prof.Otaku|move: Stealth Rock
|
|-heal|p2a: Mawile|7/100|[from] item: Leftovers
|upkeep
|turn|23
|
|move|p1a: Silvally|Defog|p2a: Mawile
|-unboost|p2a: Mawile|evasion|1
|-sideend|p1: Prof.Otaku|Stealth Rock|[from] move: Defog|[of] p1a: Silvally
|move|p2a: Mawile|Pain Split|p1a: Silvally
|-sethp|p1a: Silvally|20/100|[from] move: Pain Split|[silent]
|-sethp|p2a: Mawile|22/100|[from] move: Pain Split
|
|-heal|p2a: Mawile|28/100|[from] item: Leftovers
|upkeep
|turn|24
|
|move|p1a: Silvally|Flamethrower|p2a: Mawile
|-supereffective|p2a: Mawile
|-damage|p2a: Mawile|0 fnt
|faint|p2a: Mawile
|
|upkeep
|
|switch|p2a: Manectric|Manectric, F|32/100 brn
|turn|25
|
|switch|p1a: Basculin-Blue-Stri|Basculin-Blue-Striped, M|74/100 par
|move|p2a: Manectric|Volt Switch|p1a: Basculin-Blue-Stri
|-supereffective|p1a: Basculin-Blue-Stri
|-damage|p1a: Basculin-Blue-Stri|0 fnt
|faint|p1a: Basculin-Blue-Stri
|
|switch|p2a: Silvally|Silvally-Bug|100/100|[from]move: Volt Switch
|
|upkeep
|
|switch|p1a: Gourgeist|Gourgeist-Super, F|75/100
|turn|26
|
|switch|p2a: Shiinotic|Shiinotic, M|75/100
|move|p1a: Gourgeist|Synthesis|p1a: Gourgeist
|-heal|p1a: Gourgeist|100/100
|
|upkeep
|turn|27
|
|move|p1a: Gourgeist|Skill Swap|p2a: Shiinotic
|-activate|p1a: Gourgeist|move: Skill Swap|Effect Spore|Insomnia|[of] p2a: Shiinotic
|move|p2a: Shiinotic|Moonblast|p1a: Gourgeist
|-damage|p1a: Gourgeist|68/100
|-unboost|p1a: Gourgeist|spa|1
|
|upkeep
|turn|28
|
|move|p1a: Gourgeist|Synthesis|p1a: Gourgeist
|-heal|p1a: Gourgeist|100/100
|move|p2a: Shiinotic|Moonblast|p1a: Gourgeist
|-damage|p1a: Gourgeist|68/100
|-unboost|p1a: Gourgeist|spa|1
|
|upkeep
|turn|29
|
|switch|p1a: Pawniard|Pawniard, F|100/100
|move|p2a: Shiinotic|Moonblast|p1a: Pawniard
|-damage|p1a: Pawniard|42/100
|
|upkeep
|turn|30
|
|move|p1a: Pawniard|Iron Head|p2a: Shiinotic
|-supereffective|p2a: Shiinotic
|-damage|p2a: Shiinotic|14/100
|-damage|p1a: Pawniard|25/100|[from] item: Rocky Helmet|[of] p2a: Shiinotic
|move|p2a: Shiinotic|Moonblast|p1a: Pawniard
|-damage|p1a: Pawniard|0 fnt
|faint|p1a: Pawniard
|
|upkeep
|
|switch|p1a: Silvally|Silvally-Poison|20/100
|turn|31
|
|switch|p2a: Silvally|Silvally-Bug|100/100
|move|p1a: Silvally|Multi-Attack|p2a: Silvally
|-damage|p2a: Silvally|49/100
|
|upkeep
|turn|32
|
|move|p1a: Silvally|Multi-Attack|p2a: Silvally
|-damage|p2a: Silvally|0 fnt
|faint|p2a: Silvally
|
|upkeep
|
|switch|p2a: Manectric|Manectric, F|32/100 brn
|turn|33
|
|switch|p1a: Gourgeist|Gourgeist-Super, F|68/100
|move|p2a: Manectric|Volt Switch|p1a: Gourgeist
|-resisted|p1a: Gourgeist
|-damage|p1a: Gourgeist|43/100
|
|switch|p2a: Mr. Mime|Mr. Mime, M|100/100|[from]move: Volt Switch
|
|upkeep
|turn|34
|
|move|p2a: Mr. Mime|Psychic|p1a: Gourgeist
|-damage|p1a: Gourgeist|0 fnt
|faint|p1a: Gourgeist
|
|upkeep
|
|switch|p1a: Silvally|Silvally-Poison|20/100
|turn|35
|
|move|p2a: Mr. Mime|Psychic|p1a: Silvally
|-supereffective|p1a: Silvally
|-damage|p1a: Silvally|0 fnt
|faint|p1a: Silvally
|
|win|HJAD
|c|☆HJAD|ggs
|l| abejas
