|j|☆panned bomb
|j|☆aog0
|t:|1643415765
|gametype|singles
|player|p1|panned bomb|clown|1448
|player|p2|aog0|preschooler|1303
|teamsize|p1|6
|teamsize|p2|6
|gen|8
|tier|[Gen 8] PU
|rated|
|rule|Sleep Clause Mod: Limit one foe put to sleep
|rule|Species Clause: Limit one of each Pokémon
|rule|OHKO Clause: OHKO moves are banned
|rule|Evasion Moves Clause: Evasion moves are banned
|rule|Endless Battle Clause: Forcing endless battles is banned
|rule|HP Percentage Mod: HP is shown in percentages
|rule|Dynamax Clause: You cannot dynamax
|clearpoke
|poke|p1|Frosmoth, M|
|poke|p1|Lunatone|
|poke|p1|Charizard, F|
|poke|p1|Quagsire, F|
|poke|p1|Magneton|
|poke|p1|Cramorant, F|
|poke|p2|Throh, M|
|poke|p2|Sawk, M|
|poke|p2|Dusknoir, M|
|poke|p2|Palossand, F|
|poke|p2|Bouffalant, M|
|poke|p2|Whimsicott, F|
|teampreview
|
|t:|1643415778
|start
|switch|p1a: Magneton|Magneton|100/100
|switch|p2a: Dusknoir|Dusknoir, M|100/100
|-item|p1a: Magneton|Eviolite|[from] ability: Frisk|[of] p2a: Dusknoir|[identify]
|turn|1
|
|t:|1643415786
|move|p1a: Magneton|Volt Switch|p2a: Dusknoir
|-damage|p2a: Dusknoir|64/100
|
|t:|1643415788
|switch|p1a: Quagsire|Quagsire, F|100/100|[from]move: Volt Switch
|move|p2a: Dusknoir|Poltergeist|p1a: Quagsire
|-activate|p1a: Quagsire|move: Poltergeist|Heavy-Duty Boots
|-damage|p1a: Quagsire|52/100
|-damage|p2a: Dusknoir|55/100|[from] item: Life Orb
|
|upkeep
|turn|2
|
|t:|1643415796
|move|p2a: Dusknoir|Poltergeist|p1a: Quagsire
|-activate|p1a: Quagsire|move: Poltergeist|Heavy-Duty Boots
|-damage|p1a: Quagsire|4/100
|-damage|p2a: Dusknoir|45/100|[from] item: Life Orb
|move|p1a: Quagsire|Recover|p1a: Quagsire
|-heal|p1a: Quagsire|54/100
|
|upkeep
|turn|3
|
|t:|1643415804
|move|p2a: Dusknoir|Poltergeist|p1a: Quagsire
|-activate|p1a: Quagsire|move: Poltergeist|Heavy-Duty Boots
|-damage|p1a: Quagsire|8/100
|-damage|p2a: Dusknoir|35/100|[from] item: Life Orb
|move|p1a: Quagsire|Recover|p1a: Quagsire
|-heal|p1a: Quagsire|58/100
|
|upkeep
|turn|4
|
|t:|1643415811
|move|p2a: Dusknoir|Poltergeist|p1a: Quagsire
|-activate|p1a: Quagsire|move: Poltergeist|Heavy-Duty Boots
|-damage|p1a: Quagsire|9/100
|-damage|p2a: Dusknoir|25/100|[from] item: Life Orb
|move|p1a: Quagsire|Recover|p1a: Quagsire
|-heal|p1a: Quagsire|59/100
|
|upkeep
|turn|5
|
|t:|1643415819
|move|p2a: Dusknoir|Poltergeist|p1a: Quagsire
|-activate|p1a: Quagsire|move: Poltergeist|Heavy-Duty Boots
|-damage|p1a: Quagsire|10/100
|-damage|p2a: Dusknoir|15/100|[from] item: Life Orb
|move|p1a: Quagsire|Recover|p1a: Quagsire
|-heal|p1a: Quagsire|60/100
|
|upkeep
|turn|6
|
|t:|1643415826
|move|p2a: Dusknoir|Pain Split|p1a: Quagsire
|-sethp|p1a: Quagsire|35/100|[from] move: Pain Split|[silent]
|-sethp|p2a: Dusknoir|49/100|[from] move: Pain Split
|move|p1a: Quagsire|Recover|p1a: Quagsire
|-heal|p1a: Quagsire|85/100
|
|upkeep
|turn|7
|
|t:|1643415833
|move|p2a: Dusknoir|Poltergeist|p1a: Quagsire|[miss]
|-miss|p2a: Dusknoir|p1a: Quagsire
|move|p1a: Quagsire|Recover|p1a: Quagsire
|-heal|p1a: Quagsire|100/100
|
|upkeep
|turn|8
|
|t:|1643415839
|switch|p2a: Whimsicott|Whimsicott, F|100/100
|move|p1a: Quagsire|Toxic|p2a: Whimsicott
|-status|p2a: Whimsicott|tox
|
|-damage|p2a: Whimsicott|94/100 tox|[from] psn
|upkeep
|turn|9
|
|t:|1643415846
|switch|p2a: Sawk|Sawk, M|100/100
|switch|p1a: Magneton|Magneton|100/100
|
|upkeep
|turn|10
|
|t:|1643415855
|move|p2a: Sawk|Close Combat|p1a: Magneton
|-supereffective|p1a: Magneton
|-damage|p1a: Magneton|0 fnt
|-unboost|p2a: Sawk|def|1
|-unboost|p2a: Sawk|spd|1
|faint|p1a: Magneton
|
|upkeep
|inactive|Battle timer is ON: inactive players will automatically lose when time's up. (requested by aog0)
|
|t:|1643415861
|switch|p1a: Cramorant|Cramorant, F|100/100
|turn|11
|
|t:|1643415864
|move|p1a: Cramorant|Surf|p2a: Sawk
|-formechange|p1a: Cramorant|Cramorant-Gulping|
|-damage|p2a: Sawk|37/100
|move|p2a: Sawk|Close Combat|p1a: Cramorant
|-resisted|p1a: Cramorant
|-damage|p1a: Cramorant|6/100
|-unboost|p2a: Sawk|def|1
|-unboost|p2a: Sawk|spd|1
|-damage|p2a: Sawk|12/100|[from] ability: Gulp Missile|[of] p1a: Cramorant
|-unboost|p2a: Sawk|def|1
|-formechange|p1a: Cramorant|Cramorant|
|
|upkeep
|turn|12
|
|t:|1643415875
|move|p2a: Sawk|Close Combat|p1a: Cramorant
|-resisted|p1a: Cramorant
|-damage|p1a: Cramorant|0 fnt
|-unboost|p2a: Sawk|def|1
|-unboost|p2a: Sawk|spd|1
|faint|p1a: Cramorant
|
|upkeep
|
|t:|1643415878
|switch|p1a: Charizard|Charizard, F|100/100
|turn|13
|
|t:|1643415887
|switch|p2a: Palossand|Palossand, F|100/100
|move|p1a: Charizard|Flamethrower|p2a: Palossand
|-damage|p2a: Palossand|52/100
|
|upkeep
|turn|14
|
|t:|1643415893
|move|p1a: Charizard|Hurricane|p2a: Palossand
|-damage|p2a: Palossand|0 fnt
|faint|p2a: Palossand
|
|upkeep
|
|t:|1643415899
|switch|p2a: Bouffalant|Bouffalant, M|100/100
|turn|15
|
|t:|1643415902
|switch|p1a: Lunatone|Lunatone|100/100
|move|p2a: Bouffalant|Head Charge|p1a: Lunatone
|-resisted|p1a: Lunatone
|-damage|p1a: Lunatone|34/100
|-damage|p2a: Bouffalant|84/100|[from] Recoil
|
|-heal|p1a: Lunatone|40/100|[from] item: Leftovers
|upkeep
|turn|16
|
|t:|1643415910
|move|p1a: Lunatone|Moonlight|p1a: Lunatone
|-heal|p1a: Lunatone|90/100
|move|p2a: Bouffalant|Head Charge|p1a: Lunatone
|-resisted|p1a: Lunatone
|-damage|p1a: Lunatone|23/100
|-damage|p2a: Bouffalant|68/100|[from] Recoil
|
|-heal|p1a: Lunatone|29/100|[from] item: Leftovers
|upkeep
|turn|17
|
|t:|1643415924
|switch|p2a: Sawk|Sawk, M|12/100
|move|p1a: Lunatone|Moonlight|p1a: Lunatone
|-heal|p1a: Lunatone|79/100
|
|-heal|p1a: Lunatone|86/100|[from] item: Leftovers
|upkeep
|turn|18
|
|t:|1643415931
|switch|p1a: Charizard|Charizard, F|100/100
|move|p2a: Sawk|Knock Off|p1a: Charizard
|-crit|p1a: Charizard
|-damage|p1a: Charizard|0 fnt
|-enditem|p1a: Charizard|Heavy-Duty Boots|[from] move: Knock Off|[of] p2a: Sawk
|faint|p1a: Charizard
|
|upkeep
|
|t:|1643415942
|switch|p1a: Quagsire|Quagsire, F|100/100
|turn|19
|
|t:|1643415946
|switch|p2a: Whimsicott|Whimsicott, F|94/100 tox
|move|p1a: Quagsire|Earthquake|p2a: Whimsicott
|-resisted|p2a: Whimsicott
|-damage|p2a: Whimsicott|72/100 tox
|
|-damage|p2a: Whimsicott|66/100 tox|[from] psn
|upkeep
|turn|20
|
|t:|1643415953
|switch|p1a: Frosmoth|Frosmoth, M|100/100
|move|p2a: Whimsicott|Moonblast|p1a: Frosmoth
|-damage|p1a: Frosmoth|79/100
|
|-damage|p2a: Whimsicott|54/100 tox|[from] psn
|upkeep
|turn|21
|
|t:|1643415961
|move|p2a: Whimsicott|Moonblast|p1a: Frosmoth
|-damage|p1a: Frosmoth|57/100
|move|p1a: Frosmoth|Quiver Dance|p1a: Frosmoth
|-boost|p1a: Frosmoth|spa|1
|-boost|p1a: Frosmoth|spd|1
|-boost|p1a: Frosmoth|spe|1
|
|-damage|p2a: Whimsicott|36/100 tox|[from] psn
|upkeep
|turn|22
|
|t:|1643415969
|move|p2a: Whimsicott|Encore|p1a: Frosmoth
|-start|p1a: Frosmoth|Encore
|move|p1a: Frosmoth|Quiver Dance|p1a: Frosmoth
|-boost|p1a: Frosmoth|spa|1
|-boost|p1a: Frosmoth|spd|1
|-boost|p1a: Frosmoth|spe|1
|
|-damage|p2a: Whimsicott|11/100 tox|[from] psn
|upkeep
|turn|23
|
|t:|1643415977
|move|p1a: Frosmoth|Quiver Dance|p1a: Frosmoth
|-boost|p1a: Frosmoth|spa|1
|-boost|p1a: Frosmoth|spd|1
|-boost|p1a: Frosmoth|spe|1
|move|p2a: Whimsicott|Moonblast|p1a: Frosmoth
|-damage|p1a: Frosmoth|49/100
|
|-damage|p2a: Whimsicott|0 fnt|[from] psn
|faint|p2a: Whimsicott
|upkeep
|
|t:|1643415986
|switch|p2a: Dusknoir|Dusknoir, M|49/100
|-item|p1a: Frosmoth|Heavy-Duty Boots|[from] ability: Frisk|[of] p2a: Dusknoir|[identify]
|turn|24
|
|t:|1643416002
|move|p1a: Frosmoth|Quiver Dance|p1a: Frosmoth
|-boost|p1a: Frosmoth|spa|1
|-boost|p1a: Frosmoth|spd|1
|-boost|p1a: Frosmoth|spe|1
|move|p2a: Dusknoir|Poltergeist|p1a: Frosmoth
|-activate|p1a: Frosmoth|move: Poltergeist|Heavy-Duty Boots
|-damage|p1a: Frosmoth|0 fnt
|faint|p1a: Frosmoth
|-damage|p2a: Dusknoir|39/100|[from] item: Life Orb
|
|upkeep
|
|t:|1643416004
|switch|p1a: Quagsire|Quagsire, F|100/100
|turn|25
|
|t:|1643416016
|move|p2a: Dusknoir|Pain Split|p1a: Quagsire
|-sethp|p1a: Quagsire|64/100|[from] move: Pain Split|[silent]
|-sethp|p2a: Dusknoir|89/100|[from] move: Pain Split
|move|p1a: Quagsire|Curse|p1a: Quagsire
|-unboost|p1a: Quagsire|spe|1
|-boost|p1a: Quagsire|atk|1
|-boost|p1a: Quagsire|def|1
|
|upkeep
|turn|26
|
|t:|1643416026
|move|p2a: Dusknoir|Poltergeist|p1a: Quagsire
|-activate|p1a: Quagsire|move: Poltergeist|Heavy-Duty Boots
|-damage|p1a: Quagsire|30/100
|-damage|p2a: Dusknoir|79/100|[from] item: Life Orb
|move|p1a: Quagsire|Recover|p1a: Quagsire
|-heal|p1a: Quagsire|80/100
|
|upkeep
|turn|27
|
|t:|1643416035
|switch|p2a: Throh|Throh, M|100/100
|move|p1a: Quagsire|Curse|p1a: Quagsire
|-unboost|p1a: Quagsire|spe|1
|-boost|p1a: Quagsire|atk|1
|-boost|p1a: Quagsire|def|1
|
|-status|p2a: Throh|brn|[from] item: Flame Orb
|upkeep
|turn|28
|
|t:|1643416043
|move|p2a: Throh|Storm Throw|p1a: Quagsire
|-crit|p1a: Quagsire
|-damage|p1a: Quagsire|34/100
|move|p1a: Quagsire|Earthquake|p2a: Throh
|-damage|p2a: Throh|47/100 brn
|
|-damage|p2a: Throh|41/100 brn|[from] brn
|upkeep
|turn|29
|
|t:|1643416062
|move|p2a: Throh|Storm Throw|p1a: Quagsire
|-crit|p1a: Quagsire
|-damage|p1a: Quagsire|0 fnt
|faint|p1a: Quagsire
|
|-damage|p2a: Throh|35/100 brn|[from] brn
|upkeep
|
|t:|1643416063
|switch|p1a: Lunatone|Lunatone|86/100
|turn|30
|
|t:|1643416070
|move|p1a: Lunatone|Future Sight|p2a: Throh
|-start|p1a: Lunatone|move: Future Sight
|move|p2a: Throh|Knock Off|p1a: Lunatone
|-supereffective|p1a: Lunatone
|-damage|p1a: Lunatone|0 fnt
|-enditem|p1a: Lunatone|Leftovers|[from] move: Knock Off|[of] p2a: Throh
|faint|p1a: Lunatone
|
|win|aog0
|raw|panned bomb's rating: 1448 &rarr; <strong>1420</strong><br />(-28 for losing)
|raw|aog0's rating: 1303 &rarr; <strong>1331</strong><br />(+28 for winning)
|c|☆panned bomb|GG
|c|☆aog0|gg
