|j|☆Crombey
|j|☆ayo bb
|t:|1620660376
|gametype|singles
|player|p1|Crombey|juggler|1331
|player|p2|ayo bb|169|1576
|teamsize|p1|6
|teamsize|p2|6
|gen|8
|tier|[Gen 8] PU
|rated|
|rule|Sleep Clause Mod: Limit one foe put to sleep
|rule|Species Clause: Limit one of each Pokémon
|rule|OHKO Clause: OHKO moves are banned
|rule|Evasion Moves Clause: Evasion moves are banned
|rule|Endless Battle Clause: Forcing endless battles is banned
|rule|HP Percentage Mod: HP is shown in percentages
|rule|Dynamax Clause: You cannot dynamax
|clearpoke
|poke|p1|Ferroseed, M|
|poke|p1|Jellicent, M|
|poke|p1|Rhydon, M|
|poke|p1|Xatu, F|
|poke|p1|Passimian, F|
|poke|p1|Guzzlord|
|poke|p2|Gigalith, F|
|poke|p2|Stunfisk-Galar, F|
|poke|p2|Scyther, M|
|poke|p2|Perrserker, F|
|poke|p2|Aromatisse, F|
|poke|p2|Flapple, F|
|teampreview
|
|t:|1620660452
|start
|switch|p1a: Guzzlord|Guzzlord|100/100
|switch|p2a: Perrserker|Perrserker, F|100/100
|turn|1
|
|t:|1620660459
|switch|p1a: Jellicent|Jellicent, M|100/100
|move|p2a: Perrserker|Iron Tail|p1a: Jellicent
|-resisted|p1a: Jellicent
|-damage|p1a: Jellicent|40/100
|
|upkeep
|turn|2
|
|t:|1620660465
|switch|p1a: Ferroseed|Ferroseed, M|100/100
|move|p2a: Perrserker|Iron Tail|p1a: Ferroseed
|-resisted|p1a: Ferroseed
|-crit|p1a: Ferroseed
|-damage|p1a: Ferroseed|30/100
|-damage|p2a: Perrserker|88/100|[from] ability: Iron Barbs|[of] p1a: Ferroseed
|
|upkeep
|turn|3
|c|☆Crombey|tf
|
|t:|1620660478
|move|p1a: Ferroseed|Protect|p1a: Ferroseed
|-singleturn|p1a: Ferroseed|Protect
|move|p2a: Perrserker|Iron Tail|p1a: Ferroseed
|-activate|p1a: Ferroseed|move: Protect
|
|upkeep
|turn|4
|
|t:|1620660496
|switch|p1a: Jellicent|Jellicent, M|40/100
|move|p2a: Perrserker|Iron Tail|p1a: Jellicent
|-resisted|p1a: Jellicent
|-damage|p1a: Jellicent|0 fnt
|faint|p1a: Jellicent
|
|upkeep
|
|t:|1620660509
|switch|p1a: Passimian|Passimian, F|100/100
|turn|5
|
|t:|1620660515
|switch|p2a: Aromatisse|Aromatisse, F|100/100
|move|p1a: Passimian|Knock Off|p2a: Aromatisse
|-resisted|p2a: Aromatisse
|-damage|p2a: Aromatisse|92/100
|
|upkeep
|turn|6
|
|t:|1620660521
|switch|p1a: Ferroseed|Ferroseed, M|30/100
|move|p2a: Aromatisse|Moonblast|p1a: Ferroseed
|-resisted|p1a: Ferroseed
|-damage|p1a: Ferroseed|21/100
|
|upkeep
|turn|7
|
|t:|1620660525
|switch|p2a: Flapple|Flapple, F|100/100
|move|p1a: Ferroseed|Spikes|p2a: Flapple
|-sidestart|p2: ayo bb|Spikes
|
|upkeep
|turn|8
|
|t:|1620660528
|move|p2a: Flapple|U-turn|p1a: Ferroseed
|-damage|p1a: Ferroseed|0 fnt
|-damage|p2a: Flapple|88/100|[from] ability: Iron Barbs|[of] p1a: Ferroseed
|faint|p1a: Ferroseed
|
|t:|1620660535
|switch|p2a: Scyther|Scyther, M|100/100|[from]move: U-turn
|
|upkeep
|
|t:|1620660540
|switch|p1a: Rhydon|Rhydon, M|100/100
|turn|9
|
|t:|1620660556
|move|p2a: Scyther|Knock Off|p1a: Rhydon
|-damage|p1a: Rhydon|85/100
|-enditem|p1a: Rhydon|Eviolite|[from] move: Knock Off|[of] p2a: Scyther
|move|p1a: Rhydon|Swords Dance|p1a: Rhydon
|-boost|p1a: Rhydon|atk|2
|
|upkeep
|turn|10
|
|t:|1620660567
|switch|p2a: Stunfisk|Stunfisk-Galar, F|100/100
|-damage|p2a: Stunfisk|88/100|[from] Spikes
|move|p1a: Rhydon|Stealth Rock|p2a: Stunfisk
|-sidestart|p2: ayo bb|move: Stealth Rock
|
|-heal|p2a: Stunfisk|94/100|[from] item: Leftovers
|upkeep
|turn|11
|
|t:|1620660573
|move|p1a: Rhydon|Earthquake|p2a: Stunfisk
|-supereffective|p2a: Stunfisk
|-damage|p2a: Stunfisk|0 fnt
|faint|p2a: Stunfisk
|
|upkeep
|
|t:|1620660575
|switch|p2a: Flapple|Flapple, F|88/100
|-damage|p2a: Flapple|76/100|[from] Stealth Rock
|-damage|p2a: Flapple|63/100|[from] Spikes
|turn|12
|
|t:|1620660590
|switch|p1a: Guzzlord|Guzzlord|100/100
|move|p2a: Flapple|Grav Apple|p1a: Guzzlord
|-resisted|p1a: Guzzlord
|-damage|p1a: Guzzlord|73/100
|-unboost|p1a: Guzzlord|def|1
|
|upkeep
|turn|13
|
|t:|1620660598
|switch|p2a: Scyther|Scyther, M|100/100
|move|p1a: Guzzlord|Sludge Bomb|p2a: Scyther
|-damage|p2a: Scyther|43/100
|
|upkeep
|turn|14
|
|t:|1620660610
|switch|p1a: Passimian|Passimian, F|100/100
|move|p2a: Scyther|Defog|p1a: Passimian
|-unboost|p1a: Passimian|evasion|1
|-ability|p1a: Passimian|Defiant
|-boost|p1a: Passimian|atk|2
|-sideend|p2: ayo bb|Spikes|[from] move: Defog|[of] p2a: Scyther
|-sideend|p2: ayo bb|Stealth Rock|[from] move: Defog|[of] p2a: Scyther
|
|upkeep
|turn|15
|
|t:|1620660615
|move|p1a: Passimian|Rock Slide|p2a: Scyther
|-supereffective|p2a: Scyther
|-damage|p2a: Scyther|0 fnt
|faint|p2a: Scyther
|
|upkeep
|
|t:|1620660618
|switch|p2a: Perrserker|Perrserker, F|88/100
|turn|16
|
|t:|1620660658
|switch|p1a: Guzzlord|Guzzlord|73/100
|move|p2a: Perrserker|Iron Head|p1a: Guzzlord
|-damage|p1a: Guzzlord|0 fnt
|faint|p1a: Guzzlord
|
|upkeep
|
|t:|1620660665
|switch|p1a: Passimian|Passimian, F|100/100
|turn|17
|
|t:|1620660670
|switch|p2a: Aromatisse|Aromatisse, F|92/100
|move|p1a: Passimian|Close Combat|p2a: Aromatisse
|-resisted|p2a: Aromatisse
|-damage|p2a: Aromatisse|70/100
|-unboost|p1a: Passimian|def|1
|-unboost|p1a: Passimian|spd|1
|
|upkeep
|turn|18
|
|t:|1620660674
|switch|p1a: Rhydon|Rhydon, M|85/100
|move|p2a: Aromatisse|Moonblast|p1a: Rhydon
|-damage|p1a: Rhydon|31/100
|
|upkeep
|turn|19
|
|t:|1620660687
|move|p1a: Rhydon|Stone Edge|p2a: Aromatisse
|-damage|p2a: Aromatisse|35/100
|move|p2a: Aromatisse|Moonblast|p1a: Rhydon
|-damage|p1a: Rhydon|0 fnt
|faint|p1a: Rhydon
|
|upkeep
|
|t:|1620660699
|switch|p1a: Passimian|Passimian, F|100/100
|turn|20
|
|t:|1620660702
|move|p2a: Aromatisse|Protect|p2a: Aromatisse
|-singleturn|p2a: Aromatisse|Protect
|move|p1a: Passimian|Rock Slide|p2a: Aromatisse
|-activate|p2a: Aromatisse|move: Protect
|
|upkeep
|turn|21
|
|t:|1620660705
|switch|p2a: Perrserker|Perrserker, F|88/100
|move|p1a: Passimian|Rock Slide|p2a: Perrserker
|-resisted|p2a: Perrserker
|-damage|p2a: Perrserker|72/100
|
|upkeep
|turn|22
|
|t:|1620660710
|move|p1a: Passimian|Rock Slide|p2a: Perrserker
|-resisted|p2a: Perrserker
|-damage|p2a: Perrserker|56/100
|move|p2a: Perrserker|Iron Head|p1a: Passimian
|-damage|p1a: Passimian|5/100
|
|upkeep
|turn|23
|
|t:|1620660713
|move|p1a: Passimian|Rock Slide|p2a: Perrserker
|-resisted|p2a: Perrserker
|-damage|p2a: Perrserker|41/100
|move|p2a: Perrserker|Iron Head|p1a: Passimian
|-damage|p1a: Passimian|0 fnt
|faint|p1a: Passimian
|
|upkeep
|-message|Crombey forfeited.
|
|win|ayo bb
|l|☆Crombey
|raw|Crombey's rating: 1331 &rarr; <strong>1323</strong><br />(-8 for losing)
|raw|ayo bb's rating: 1576 &rarr; <strong>1584</strong><br />(+8 for winning)
|j|☆Crombey
|player|p1|Crombey|juggler
||Ladder isn't responding, score probably updated but might not have (Request timeout).
