|j|☆Silver428
|j|☆YeahitsBenAgain
|t:|1651659691
|gametype|singles
|player|p1|Silver428|169|1301
|player|p2|YeahitsBenAgain|ninjaboy|1295
|teamsize|p1|6
|teamsize|p2|6
|gen|8
|tier|[Gen 8] PU
|rated|
|rule|Sleep Clause Mod: Limit one foe put to sleep
|rule|Species Clause: Limit one of each Pokémon
|rule|OHKO Clause: OHKO moves are banned
|rule|Evasion Moves Clause: Evasion moves are banned
|rule|Endless Battle Clause: Forcing endless battles is banned
|rule|HP Percentage Mod: HP is shown in percentages
|rule|Dynamax Clause: You cannot dynamax
|clearpoke
|poke|p1|Articuno-Galar|
|poke|p1|Sandaconda, F|
|poke|p1|Eldegoss, M|
|poke|p1|Lanturn, F|
|poke|p1|Lycanroc, M|
|poke|p1|Ribombee, F|
|poke|p2|Archeops, F|
|poke|p2|Cinccino, F|
|poke|p2|Comfey, F|
|poke|p2|Galvantula, F|
|poke|p2|Ribombee, F|
|poke|p2|Hitmonlee, M|
|teampreview
|inactive|Battle timer is ON: inactive players will automatically lose when time's up. (requested by Silver428)
|
|t:|1651659704
|start
|switch|p1a: Lycanroc|Lycanroc, M|100/100
|switch|p2a: Galvantula|Galvantula, F|100/100
|turn|1
|
|t:|1651659713
|move|p1a: Lycanroc|Stone Edge|p2a: Galvantula
|-supereffective|p2a: Galvantula
|-enditem|p2a: Galvantula|Focus Sash
|-damage|p2a: Galvantula|1/100
|-damage|p1a: Lycanroc|91/100|[from] item: Life Orb
|move|p2a: Galvantula|Thunder Wave|p1a: Lycanroc
|-status|p1a: Lycanroc|par
|
|upkeep
|turn|2
|
|t:|1651659724
|move|p1a: Lycanroc|Accelerock|p2a: Galvantula
|-supereffective|p2a: Galvantula
|-crit|p2a: Galvantula
|-damage|p2a: Galvantula|0 fnt
|faint|p2a: Galvantula
|-damage|p1a: Lycanroc|81/100 par|[from] item: Life Orb
|
|upkeep
|
|t:|1651659740
|switch|p2a: Hitmonlee|Hitmonlee, M|100/100
|turn|3
|
|t:|1651659746
|switch|p1a: Sandaconda|Sandaconda, F|100/100
|move|p2a: Hitmonlee|Rapid Spin|p1a: Sandaconda
|-enditem|p2a: Hitmonlee|Normal Gem|[from] gem
|-damage|p1a: Sandaconda|86/100
|-boost|p2a: Hitmonlee|spe|1
|-damage|p2a: Hitmonlee|84/100|[from] item: Rocky Helmet|[of] p1a: Sandaconda
|
|upkeep
|turn|4
|
|t:|1651659757
|move|p2a: Hitmonlee|Knock Off|p1a: Sandaconda
|-damage|p1a: Sandaconda|63/100
|-damage|p2a: Hitmonlee|68/100|[from] item: Rocky Helmet|[of] p1a: Sandaconda
|-enditem|p1a: Sandaconda|Rocky Helmet|[from] move: Knock Off|[of] p2a: Hitmonlee
|move|p1a: Sandaconda|Earthquake|p2a: Hitmonlee
|-crit|p2a: Hitmonlee
|-damage|p2a: Hitmonlee|0 fnt
|faint|p2a: Hitmonlee
|
|upkeep
|
|t:|1651659769
|switch|p2a: Cinccino|Cinccino, F|100/100
|turn|5
|
|t:|1651659774
|move|p2a: Cinccino|Triple Axel|p1a: Sandaconda
|-supereffective|p1a: Sandaconda
|-damage|p1a: Sandaconda|54/100
|-supereffective|p1a: Sandaconda
|-damage|p1a: Sandaconda|36/100
|-supereffective|p1a: Sandaconda
|-damage|p1a: Sandaconda|12/100
|-hitcount|p1a: Sandaconda|3
|move|p1a: Sandaconda|Glare|p2a: Cinccino
|-status|p2a: Cinccino|par
|
|upkeep
|turn|6
|
|t:|1651659786
|move|p1a: Sandaconda|Stealth Rock|p2a: Cinccino
|-sidestart|p2: YeahitsBenAgain|move: Stealth Rock
|cant|p2a: Cinccino|par
|
|upkeep
|turn|7
|
|t:|1651659792
|move|p1a: Sandaconda|Earthquake|p2a: Cinccino
|-damage|p2a: Cinccino|39/100 par
|move|p2a: Cinccino|Bullet Seed|p1a: Sandaconda
|-supereffective|p1a: Sandaconda
|-damage|p1a: Sandaconda|1/100
|-supereffective|p1a: Sandaconda
|-damage|p1a: Sandaconda|0 fnt
|faint|p1a: Sandaconda
|-hitcount|p1: Sandaconda|2
|
|upkeep
|
|t:|1651659805
|switch|p1a: Eldegoss|Eldegoss, M|100/100
|turn|8
|
|t:|1651659809
|switch|p2a: Comfey|Comfey, F|100/100
|-damage|p2a: Comfey|88/100|[from] Stealth Rock
|move|p1a: Eldegoss|Aromatherapy|p1a: Eldegoss
|-activate|p1a: Eldegoss|move: Aromatherapy
|-curestatus|p1: Lycanroc|par|[msg]
|
|-heal|p2a: Comfey|94/100|[from] item: Leftovers
|upkeep
|turn|9
|
|t:|1651659820
|move|p2a: Comfey|Heal Bell|p2a: Comfey
|-activate|p2a: Comfey|move: Heal Bell
|-curestatus|p2: Cinccino|par|[msg]
|move|p1a: Eldegoss|Stun Spore|p2a: Comfey
|-status|p2a: Comfey|par
|
|-heal|p2a: Comfey|100/100 par|[from] item: Leftovers
|upkeep
|turn|10
|
|t:|1651659830
|switch|p1a: Ribombee|Ribombee, F|100/100
|move|p2a: Comfey|Heal Bell|p2a: Comfey
|-activate|p2a: Comfey|move: Heal Bell
|-curestatus|p2a: Comfey|par|[msg]
|
|upkeep
|turn|11
|
|t:|1651659841
|move|p1a: Ribombee|Quiver Dance|p1a: Ribombee
|-boost|p1a: Ribombee|spa|1
|-boost|p1a: Ribombee|spd|1
|-boost|p1a: Ribombee|spe|1
|move|p2a: Comfey|Calm Mind|p2a: Comfey
|-boost|p2a: Comfey|spa|1
|-boost|p2a: Comfey|spd|1
|
|upkeep
|turn|12
|
|t:|1651659849
|move|p1a: Ribombee|Quiver Dance|p1a: Ribombee
|-boost|p1a: Ribombee|spa|1
|-boost|p1a: Ribombee|spd|1
|-boost|p1a: Ribombee|spe|1
|move|p2a: Comfey|Leech Seed|p1a: Ribombee
|-start|p1a: Ribombee|move: Leech Seed
|
|-damage|p1a: Ribombee|88/100|[from] Leech Seed|[of] p2a: Comfey
|upkeep
|turn|13
|
|t:|1651659857
|move|p1a: Ribombee|Moonblast|p2a: Comfey
|-damage|p2a: Comfey|42/100
|move|p2a: Comfey|Calm Mind|p2a: Comfey
|-boost|p2a: Comfey|spa|1
|-boost|p2a: Comfey|spd|1
|
|-heal|p2a: Comfey|49/100|[from] item: Leftovers
|-damage|p1a: Ribombee|76/100|[from] Leech Seed|[of] p2a: Comfey
|-heal|p2a: Comfey|59/100|[silent]
|upkeep
|turn|14
|
|t:|1651659869
|move|p1a: Ribombee|Moonblast|p2a: Comfey
|-damage|p2a: Comfey|14/100
|move|p2a: Comfey|Calm Mind|p2a: Comfey
|-boost|p2a: Comfey|spa|1
|-boost|p2a: Comfey|spd|1
|
|-heal|p2a: Comfey|21/100|[from] item: Leftovers
|-damage|p1a: Ribombee|64/100|[from] Leech Seed|[of] p2a: Comfey
|-heal|p2a: Comfey|31/100|[silent]
|upkeep
|turn|15
|
|t:|1651659881
|move|p2a: Comfey|Draining Kiss|p1a: Ribombee
|-damage|p1a: Ribombee|28/100
|-heal|p2a: Comfey|54/100|[from] drain|[of] p1a: Ribombee
|move|p1a: Ribombee|Moonblast|p2a: Comfey
|-damage|p2a: Comfey|21/100
|-unboost|p2a: Comfey|spa|1
|
|-heal|p2a: Comfey|27/100|[from] item: Leftovers
|-damage|p1a: Ribombee|16/100|[from] Leech Seed|[of] p2a: Comfey
|-heal|p2a: Comfey|38/100|[silent]
|upkeep
|turn|16
|
|t:|1651659895
|move|p2a: Comfey|Draining Kiss|p1a: Ribombee
|-damage|p1a: Ribombee|0 fnt
|-heal|p2a: Comfey|48/100|[from] drain|[of] p1a: Ribombee
|faint|p1a: Ribombee
|
|-heal|p2a: Comfey|54/100|[from] item: Leftovers
|upkeep
|inactive|Silver428 has 120 seconds left.
|
|t:|1651659943
|switch|p1a: Lycanroc|Lycanroc, M|81/100
|turn|17
|
|t:|1651659947
|move|p2a: Comfey|Draining Kiss|p1a: Lycanroc
|-damage|p1a: Lycanroc|30/100
|-heal|p2a: Comfey|91/100|[from] drain|[of] p1a: Lycanroc
|move|p1a: Lycanroc|Stone Edge|p2a: Comfey
|-damage|p2a: Comfey|32/100
|-damage|p1a: Lycanroc|20/100|[from] item: Life Orb
|
|-heal|p2a: Comfey|39/100|[from] item: Leftovers
|upkeep
|turn|18
|
|t:|1651659960
|move|p2a: Comfey|Draining Kiss|p1a: Lycanroc
|-damage|p1a: Lycanroc|0 fnt
|-heal|p2a: Comfey|52/100|[from] drain|[of] p1a: Lycanroc
|faint|p1a: Lycanroc
|
|-heal|p2a: Comfey|59/100|[from] item: Leftovers
|upkeep
|
|t:|1651659969
|switch|p1a: Articuno|Articuno-Galar|100/100
|turn|19
|
|t:|1651659975
|move|p1a: Articuno|Future Sight|p2a: Comfey
|-start|p1a: Articuno|move: Future Sight
|move|p2a: Comfey|Leech Seed|p1a: Articuno
|-start|p1a: Articuno|move: Leech Seed
|
|-heal|p2a: Comfey|65/100|[from] item: Leftovers
|-damage|p1a: Articuno|88/100|[from] Leech Seed|[of] p2a: Comfey
|-heal|p2a: Comfey|78/100|[silent]
|upkeep
|turn|20
|
|t:|1651659983
|move|p1a: Articuno|U-turn|p2a: Comfey
|-resisted|p2a: Comfey
|-damage|p2a: Comfey|73/100
|
|t:|1651659986
|switch|p1a: Lanturn|Lanturn, F|100/100|[from]move: U-turn
|move|p2a: Comfey|Calm Mind|p2a: Comfey
|-boost|p2a: Comfey|spa|1
|-boost|p2a: Comfey|spd|1
|
|-heal|p2a: Comfey|79/100|[from] item: Leftovers
|upkeep
|turn|21
|
|t:|1651659996
|move|p2a: Comfey|Calm Mind|p2a: Comfey
|-boost|p2a: Comfey|spa|1
|-boost|p2a: Comfey|spd|1
|move|p1a: Lanturn|Toxic|p2a: Comfey
|-status|p2a: Comfey|tox
|
|-end|p2a: Comfey|move: Future Sight
|-damage|p2a: Comfey|62/100 tox
|-heal|p2a: Comfey|68/100 tox|[from] item: Leftovers
|-damage|p2a: Comfey|62/100 tox|[from] psn
|upkeep
|turn|22
|
|t:|1651660009
|move|p2a: Comfey|Heal Bell|p2a: Comfey
|-activate|p2a: Comfey|move: Heal Bell
|-curestatus|p2a: Comfey|tox|[msg]
|move|p1a: Lanturn|Toxic|p2a: Comfey
|-status|p2a: Comfey|tox
|
|-heal|p2a: Comfey|68/100 tox|[from] item: Leftovers
|-damage|p2a: Comfey|62/100 tox|[from] psn
|upkeep
|turn|23
|
|t:|1651660021
|move|p1a: Lanturn|Protect|p1a: Lanturn
|-singleturn|p1a: Lanturn|Protect
|move|p2a: Comfey|Draining Kiss|p1a: Lanturn
|-activate|p1a: Lanturn|move: Protect
|
|-heal|p2a: Comfey|68/100 tox|[from] item: Leftovers
|-damage|p2a: Comfey|55/100 tox|[from] psn
|upkeep
|turn|24
|
|t:|1651660030
|move|p2a: Comfey|Draining Kiss|p1a: Lanturn
|-damage|p1a: Lanturn|69/100
|-heal|p2a: Comfey|91/100 tox|[from] drain|[of] p1a: Lanturn
|move|p1a: Lanturn|Toxic|p2a: Comfey
|-fail|p2a: Comfey|tox
|
|-heal|p2a: Comfey|97/100 tox|[from] item: Leftovers
|-heal|p1a: Lanturn|75/100|[from] item: Leftovers
|-damage|p2a: Comfey|78/100 tox|[from] psn
|upkeep
|turn|25
|
|t:|1651660042
|move|p2a: Comfey|Heal Bell|p2a: Comfey
|-activate|p2a: Comfey|move: Heal Bell
|-curestatus|p2a: Comfey|tox|[msg]
|move|p1a: Lanturn|Toxic|p2a: Comfey
|-status|p2a: Comfey|tox
|
|-heal|p2a: Comfey|85/100 tox|[from] item: Leftovers
|-heal|p1a: Lanturn|81/100|[from] item: Leftovers
|-damage|p2a: Comfey|78/100 tox|[from] psn
|upkeep
|turn|26
|
|t:|1651660056
|move|p1a: Lanturn|Protect|p1a: Lanturn
|-singleturn|p1a: Lanturn|Protect
|move|p2a: Comfey|Leech Seed|p1a: Lanturn
|-activate|p1a: Lanturn|move: Protect
|
|-heal|p2a: Comfey|85/100 tox|[from] item: Leftovers
|-heal|p1a: Lanturn|87/100|[from] item: Leftovers
|-damage|p2a: Comfey|72/100 tox|[from] psn
|upkeep
|turn|27
|
|t:|1651660067
|move|p2a: Comfey|Leech Seed|p1a: Lanturn
|-start|p1a: Lanturn|move: Leech Seed
|move|p1a: Lanturn|Toxic|p2a: Comfey
|-fail|p2a: Comfey|tox
|
|-heal|p2a: Comfey|78/100 tox|[from] item: Leftovers
|-heal|p1a: Lanturn|93/100|[from] item: Leftovers
|-damage|p1a: Lanturn|81/100|[from] Leech Seed|[of] p2a: Comfey
|-heal|p2a: Comfey|97/100 tox|[silent]
|-damage|p2a: Comfey|78/100 tox|[from] psn
|upkeep
|turn|28
|
|t:|1651660086
|switch|p1a: Eldegoss|Eldegoss, M|100/100
|move|p2a: Comfey|Heal Bell|p2a: Comfey
|-activate|p2a: Comfey|move: Heal Bell
|-curestatus|p2a: Comfey|tox|[msg]
|
|-heal|p2a: Comfey|84/100|[from] item: Leftovers
|upkeep
|turn|29
|
|t:|1651660097
|switch|p1a: Lanturn|Lanturn, F|81/100
|move|p2a: Comfey|Calm Mind|p2a: Comfey
|-boost|p2a: Comfey|spa|1
|-boost|p2a: Comfey|spd|1
|
|-heal|p2a: Comfey|91/100|[from] item: Leftovers
|-heal|p1a: Lanturn|87/100|[from] item: Leftovers
|upkeep
|turn|30
|
|t:|1651660107
|move|p1a: Lanturn|Protect|p1a: Lanturn
|-singleturn|p1a: Lanturn|Protect
|move|p2a: Comfey|Leech Seed|p1a: Lanturn
|-activate|p1a: Lanturn|move: Protect
|
|-heal|p2a: Comfey|97/100|[from] item: Leftovers
|-heal|p1a: Lanturn|93/100|[from] item: Leftovers
|upkeep
|turn|31
|
|t:|1651660120
|switch|p1a: Eldegoss|Eldegoss, M|100/100
|move|p2a: Comfey|Draining Kiss|p1a: Eldegoss
|-damage|p1a: Eldegoss|50/100
|-heal|p2a: Comfey|100/100|[from] drain|[of] p1a: Eldegoss
|
|upkeep
|turn|32
|
|t:|1651660129
|switch|p1a: Lanturn|Lanturn, F|93/100
|move|p2a: Comfey|Calm Mind|p2a: Comfey
|-boost|p2a: Comfey|spa|1
|-boost|p2a: Comfey|spd|0
|
|-heal|p1a: Lanturn|99/100|[from] item: Leftovers
|upkeep
|turn|33
|
|t:|1651660139
|move|p1a: Lanturn|Protect|p1a: Lanturn
|-singleturn|p1a: Lanturn|Protect
|move|p2a: Comfey|Leech Seed|p1a: Lanturn
|-activate|p1a: Lanturn|move: Protect
|
|-heal|p1a: Lanturn|100/100|[from] item: Leftovers
|upkeep
|turn|34
|
|t:|1651660148
|move|p2a: Comfey|Draining Kiss|p1a: Lanturn
|-damage|p1a: Lanturn|62/100
|move|p1a: Lanturn|Toxic|p2a: Comfey
|-status|p2a: Comfey|tox
|
|-heal|p1a: Lanturn|68/100|[from] item: Leftovers
|-damage|p2a: Comfey|94/100 tox|[from] psn
|upkeep
|turn|35
|
|t:|1651660159
|move|p2a: Comfey|Draining Kiss|p1a: Lanturn
|-crit|p1a: Lanturn
|-damage|p1a: Lanturn|2/100
|-heal|p2a: Comfey|100/100 tox|[from] drain|[of] p1a: Lanturn
|move|p1a: Lanturn|Toxic|p2a: Comfey
|-fail|p2a: Comfey|tox
|
|-heal|p1a: Lanturn|8/100|[from] item: Leftovers
|-damage|p2a: Comfey|88/100 tox|[from] psn
|upkeep
|turn|36
|
|t:|1651660173
|move|p1a: Lanturn|Protect|p1a: Lanturn
|-singleturn|p1a: Lanturn|Protect
|move|p2a: Comfey|Draining Kiss|p1a: Lanturn
|-activate|p1a: Lanturn|move: Protect
|
|-heal|p2a: Comfey|94/100 tox|[from] item: Leftovers
|-heal|p1a: Lanturn|14/100|[from] item: Leftovers
|-damage|p2a: Comfey|75/100 tox|[from] psn
|upkeep
|turn|37
|
|t:|1651660187
|switch|p1a: Eldegoss|Eldegoss, M|84/100
|move|p2a: Comfey|Draining Kiss|p1a: Eldegoss
|-damage|p1a: Eldegoss|28/100
|-heal|p2a: Comfey|100/100 tox|[from] drain|[of] p1a: Eldegoss
|
|-damage|p2a: Comfey|75/100 tox|[from] psn
|upkeep
|turn|38
|
|t:|1651660199
|switch|p1a: Lanturn|Lanturn, F|14/100
|move|p2a: Comfey|Heal Bell|p2a: Comfey
|-activate|p2a: Comfey|move: Heal Bell
|-curestatus|p2a: Comfey|tox|[msg]
|
|-heal|p2a: Comfey|82/100|[from] item: Leftovers
|-heal|p1a: Lanturn|21/100|[from] item: Leftovers
|upkeep
|turn|39
|
|t:|1651660211
|move|p1a: Lanturn|Protect|p1a: Lanturn
|-singleturn|p1a: Lanturn|Protect
|move|p2a: Comfey|Draining Kiss|p1a: Lanturn
|-activate|p1a: Lanturn|move: Protect
|
|-heal|p2a: Comfey|88/100|[from] item: Leftovers
|-heal|p1a: Lanturn|27/100|[from] item: Leftovers
|upkeep
|turn|40
|
|t:|1651660220
|switch|p1a: Eldegoss|Eldegoss, M|61/100
|move|p2a: Comfey|Draining Kiss|p1a: Eldegoss
|-damage|p1a: Eldegoss|7/100
|-heal|p2a: Comfey|100/100|[from] drain|[of] p1a: Eldegoss
|
|upkeep
|turn|41
|
|t:|1651660232
|move|p2a: Comfey|Draining Kiss|p1a: Eldegoss
|-damage|p1a: Eldegoss|0 fnt
|faint|p1a: Eldegoss
|
|upkeep
|
|t:|1651660239
|switch|p1a: Lanturn|Lanturn, F|27/100
|turn|42
|
|t:|1651660243
|move|p1a: Lanturn|Protect|p1a: Lanturn
|-singleturn|p1a: Lanturn|Protect
|move|p2a: Comfey|Leech Seed|p1a: Lanturn
|-activate|p1a: Lanturn|move: Protect
|
|-heal|p1a: Lanturn|33/100|[from] item: Leftovers
|upkeep
|turn|43
|
|t:|1651660253
|switch|p1a: Articuno|Articuno-Galar|88/100
|move|p2a: Comfey|Leech Seed|p1a: Articuno
|-start|p1a: Articuno|move: Leech Seed
|
|-damage|p1a: Articuno|76/100|[from] Leech Seed|[of] p2a: Comfey
|upkeep
|turn|44
|
|t:|1651660262
|move|p2a: Comfey|Draining Kiss|p1a: Articuno
|-damage|p1a: Articuno|5/100
|move|p1a: Articuno|U-turn|p2a: Comfey
|-resisted|p2a: Comfey
|-damage|p2a: Comfey|95/100
|
|t:|1651660267
|switch|p1a: Lanturn|Lanturn, F|33/100|[from]move: U-turn
|
|-heal|p2a: Comfey|100/100|[from] item: Leftovers
|-heal|p1a: Lanturn|39/100|[from] item: Leftovers
|upkeep
|turn|45
|
|t:|1651660275
|move|p1a: Lanturn|Protect|p1a: Lanturn
|-singleturn|p1a: Lanturn|Protect
|move|p2a: Comfey|Leech Seed|p1a: Lanturn
|-activate|p1a: Lanturn|move: Protect
|
|-heal|p1a: Lanturn|45/100|[from] item: Leftovers
|upkeep
|turn|46
|
|t:|1651660284
|move|p2a: Comfey|Draining Kiss|p1a: Lanturn
|-damage|p1a: Lanturn|3/100
|move|p1a: Lanturn|Toxic|p2a: Comfey
|-status|p2a: Comfey|tox
|
|-heal|p1a: Lanturn|9/100|[from] item: Leftovers
|-damage|p2a: Comfey|94/100 tox|[from] psn
|upkeep
|turn|47
|
|t:|1651660294
|move|p1a: Lanturn|Protect|p1a: Lanturn
|-singleturn|p1a: Lanturn|Protect
|move|p2a: Comfey|Heal Bell|p2a: Comfey
|-activate|p2a: Comfey|move: Heal Bell
|-curestatus|p2a: Comfey|tox|[msg]
|
|-heal|p2a: Comfey|100/100|[from] item: Leftovers
|-heal|p1a: Lanturn|15/100|[from] item: Leftovers
|upkeep
|turn|48
|
|t:|1651660307
|move|p2a: Comfey|Leech Seed|p1a: Lanturn
|-start|p1a: Lanturn|move: Leech Seed
|move|p1a: Lanturn|Volt Switch|p2a: Comfey
|-damage|p2a: Comfey|95/100
|
|t:|1651660312
|switch|p1a: Articuno|Articuno-Galar|5/100|[from]move: Volt Switch
|
|-heal|p2a: Comfey|100/100|[from] item: Leftovers
|upkeep
|turn|49
|c|☆YeahitsBenAgain|Even if I struggle I win
|
|t:|1651660321
|move|p1a: Articuno|Recover|p1a: Articuno
|-heal|p1a: Articuno|55/100
|move|p2a: Comfey|Leech Seed|p1a: Articuno
|-start|p1a: Articuno|move: Leech Seed
|
|-damage|p1a: Articuno|43/100|[from] Leech Seed|[of] p2a: Comfey
|upkeep
|turn|50
|
|t:|1651660336
|move|p1a: Articuno|Future Sight|p2a: Comfey
|-start|p1a: Articuno|move: Future Sight
|move|p2a: Comfey|Calm Mind|p2a: Comfey
|-boost|p2a: Comfey|spa|0
|-boost|p2a: Comfey|spd|0
|
|-damage|p1a: Articuno|30/100|[from] Leech Seed|[of] p2a: Comfey
|upkeep
|turn|51
|
|t:|1651660348
|move|p1a: Articuno|Recover|p1a: Articuno
|-heal|p1a: Articuno|81/100
|move|p2a: Comfey|Leech Seed||[still]
|-fail|p2a: Comfey
|
|-damage|p1a: Articuno|68/100|[from] Leech Seed|[of] p2a: Comfey
|upkeep
|turn|52
|
|t:|1651660357
|move|p1a: Articuno|Hurricane|p2a: Comfey
|-damage|p2a: Comfey|86/100
|-start|p2a: Comfey|confusion
|-activate|p2a: Comfey|confusion
|move|p2a: Comfey|Calm Mind|p2a: Comfey
|-boost|p2a: Comfey|spa|0
|-boost|p2a: Comfey|spd|0
|
|-end|p2a: Comfey|move: Future Sight
|-damage|p2a: Comfey|70/100
|-heal|p2a: Comfey|76/100|[from] item: Leftovers
|-damage|p1a: Articuno|56/100|[from] Leech Seed|[of] p2a: Comfey
|-heal|p2a: Comfey|89/100|[silent]
|upkeep
|turn|53
|
|t:|1651660371
|move|p1a: Articuno|Future Sight|p2a: Comfey
|-start|p1a: Articuno|move: Future Sight
|-activate|p2a: Comfey|confusion
|-damage|p2a: Comfey|85/100|[from] confusion
|
|-heal|p2a: Comfey|92/100|[from] item: Leftovers
|-damage|p1a: Articuno|43/100|[from] Leech Seed|[of] p2a: Comfey
|-heal|p2a: Comfey|100/100|[silent]
|upkeep
|turn|54
|
|t:|1651660380
|move|p1a: Articuno|Recover|p1a: Articuno
|-heal|p1a: Articuno|93/100
|-end|p2a: Comfey|confusion
|move|p2a: Comfey|Calm Mind|p2a: Comfey
|-boost|p2a: Comfey|spa|0
|-boost|p2a: Comfey|spd|0
|
|-damage|p1a: Articuno|81/100|[from] Leech Seed|[of] p2a: Comfey
|upkeep
|turn|55
|
|t:|1651660391
|move|p1a: Articuno|U-turn|p2a: Comfey
|-resisted|p2a: Comfey
|-damage|p2a: Comfey|95/100
|
|t:|1651660394
|switch|p1a: Lanturn|Lanturn, F|15/100|[from]move: U-turn
|move|p2a: Comfey|Calm Mind|p2a: Comfey
|-boost|p2a: Comfey|spa|0
|-boost|p2a: Comfey|spd|0
|
|-end|p2a: Comfey|move: Future Sight
|-damage|p2a: Comfey|78/100
|-heal|p2a: Comfey|84/100|[from] item: Leftovers
|-heal|p1a: Lanturn|21/100|[from] item: Leftovers
|upkeep
|turn|56
|
|t:|1651660408
|move|p1a: Lanturn|Protect|p1a: Lanturn
|-singleturn|p1a: Lanturn|Protect
|move|p2a: Comfey|Calm Mind|p2a: Comfey
|-boost|p2a: Comfey|spa|0
|-boost|p2a: Comfey|spd|0
|
|-heal|p2a: Comfey|91/100|[from] item: Leftovers
|-heal|p1a: Lanturn|27/100|[from] item: Leftovers
|upkeep
|turn|57
|
|t:|1651660418
|move|p2a: Comfey|Leech Seed|p1a: Lanturn
|-start|p1a: Lanturn|move: Leech Seed
|move|p1a: Lanturn|Toxic|p2a: Comfey
|-status|p2a: Comfey|tox
|
|-heal|p2a: Comfey|97/100 tox|[from] item: Leftovers
|-heal|p1a: Lanturn|34/100|[from] item: Leftovers
|-damage|p1a: Lanturn|21/100|[from] Leech Seed|[of] p2a: Comfey
|-heal|p2a: Comfey|100/100 tox|[silent]
|-damage|p2a: Comfey|94/100 tox|[from] psn
|upkeep
|turn|58
|
|t:|1651660431
|move|p2a: Comfey|Heal Bell|p2a: Comfey
|-activate|p2a: Comfey|move: Heal Bell
|-curestatus|p2a: Comfey|tox|[msg]
|move|p1a: Lanturn|Toxic|p2a: Comfey|[miss]
|-miss|p1a: Lanturn|p2a: Comfey
|
|-heal|p2a: Comfey|100/100|[from] item: Leftovers
|-heal|p1a: Lanturn|27/100|[from] item: Leftovers
|-damage|p1a: Lanturn|15/100|[from] Leech Seed|[of] p2a: Comfey
|upkeep
|turn|59
|
|t:|1651660443
|move|p2a: Comfey|Calm Mind|p2a: Comfey
|-boost|p2a: Comfey|spa|0
|-boost|p2a: Comfey|spd|0
|move|p1a: Lanturn|Volt Switch|p2a: Comfey
|-damage|p2a: Comfey|95/100
|
|t:|1651660449
|switch|p1a: Articuno|Articuno-Galar|81/100|[from]move: Volt Switch
|
|-heal|p2a: Comfey|100/100|[from] item: Leftovers
|upkeep
|turn|60
|
|t:|1651660458
|move|p1a: Articuno|Future Sight|p2a: Comfey
|-start|p1a: Articuno|move: Future Sight
|move|p2a: Comfey|Calm Mind|p2a: Comfey
|-boost|p2a: Comfey|spa|0
|-boost|p2a: Comfey|spd|0
|
|upkeep
|turn|61
|
|t:|1651660466
|move|p1a: Articuno|Hurricane|p2a: Comfey|[miss]
|-miss|p1a: Articuno|p2a: Comfey
|move|p2a: Comfey|Calm Mind|p2a: Comfey
|-boost|p2a: Comfey|spa|0
|-boost|p2a: Comfey|spd|0
|
|upkeep
|turn|62
|
|t:|1651660473
|move|p1a: Articuno|Hurricane|p2a: Comfey
|-damage|p2a: Comfey|87/100
|move|p2a: Comfey|Calm Mind|p2a: Comfey
|-boost|p2a: Comfey|spa|0
|-boost|p2a: Comfey|spd|0
|
|-end|p2a: Comfey|move: Future Sight
|-damage|p2a: Comfey|69/100
|-heal|p2a: Comfey|75/100|[from] item: Leftovers
|upkeep
|turn|63
|
|t:|1651660484
|move|p1a: Articuno|Future Sight|p2a: Comfey
|-start|p1a: Articuno|move: Future Sight
|move|p2a: Comfey|Calm Mind|p2a: Comfey
|-boost|p2a: Comfey|spa|0
|-boost|p2a: Comfey|spd|0
|
|-heal|p2a: Comfey|81/100|[from] item: Leftovers
|upkeep
|turn|64
|
|t:|1651660493
|move|p1a: Articuno|Hurricane|p2a: Comfey
|-crit|p2a: Comfey
|-damage|p2a: Comfey|0 fnt
|faint|p2a: Comfey
|
|upkeep
|
|t:|1651660499
|switch|p2a: Archeops|Archeops, F|100/100
|-damage|p2a: Archeops|76/100|[from] Stealth Rock
|turn|65
|
|t:|1651660507
|move|p2a: Archeops|Meteor Beam||[still]
|-prepare|p2a: Archeops|Meteor Beam
|-boost|p2a: Archeops|spa|1
|-enditem|p2a: Archeops|Power Herb
|-anim|p2a: Archeops|Meteor Beam|p1a: Articuno
|-supereffective|p1a: Articuno
|-damage|p1a: Articuno|0 fnt
|faint|p1a: Articuno
|
|-end|p2a: Archeops|move: Future Sight
|-damage|p2a: Archeops|0 fnt
|faint|p2a: Archeops
|upkeep
|c|☆Silver428|Gg
|
|t:|1651660531
|switch|p2a: Cinccino|Cinccino, F|39/100
|switch|p1a: Lanturn|Lanturn, F|15/100
|-damage|p2a: Cinccino|26/100|[from] Stealth Rock
|turn|66
|
|t:|1651660539
|move|p2a: Cinccino|Bullet Seed|p1a: Lanturn
|-supereffective|p1a: Lanturn
|-damage|p1a: Lanturn|0 fnt
|faint|p1a: Lanturn
|-hitcount|p1: Lanturn|1
|
|win|YeahitsBenAgain
|raw|Silver428's rating: 1301 &rarr; <strong>1281</strong><br />(-20 for losing)
|raw|YeahitsBenAgain's rating: 1295 &rarr; <strong>1320</strong><br />(+25 for winning)
|c|☆YeahitsBenAgain|Dunno what your endgame was there
|l|☆Silver428
