|html|<div class="broadcast-blue"><strong>[Gen 8] PU is currently suspecting Drampa! For information on how to participate check out the <a href="https://www.smogon.com/forums/threads/np-pu-stage-7-i-hear-hyper-voices-in-my-head-drampa-suspect-test.3692992/">suspect thread</a>.</strong></div>
|j|☆Mediocre Melvin
|j|☆one of the bouys
|t:|1635981580
|gametype|singles
|player|p1|Mediocre Melvin|fisherman-gen4|1270
|player|p2|one of the bouys|clown|1497
|teamsize|p1|6
|teamsize|p2|6
|gen|8
|tier|[Gen 8] PU
|rated|
|rule|Sleep Clause Mod: Limit one foe put to sleep
|rule|Species Clause: Limit one of each Pokémon
|rule|OHKO Clause: OHKO moves are banned
|rule|Evasion Moves Clause: Evasion moves are banned
|rule|Endless Battle Clause: Forcing endless battles is banned
|rule|HP Percentage Mod: HP is shown in percentages
|rule|Dynamax Clause: You cannot dynamax
|clearpoke
|poke|p1|Hitmontop, M|
|poke|p1|Charizard, M|
|poke|p1|Articuno-Galar|
|poke|p1|Regirock|
|poke|p1|Silvally-*|
|poke|p1|Tsareena, F|
|poke|p2|Flapple, M|
|poke|p2|Drifblim, F|
|poke|p2|Sandaconda, F|
|poke|p2|Ribombee, M|
|poke|p2|Cryogonal|
|poke|p2|Gigalith, F|
|teampreview
|
|t:|1635981627
|start
|switch|p1a: Regirock|Regirock|100/100
|switch|p2a: Flapple|Flapple, M|100/100
|turn|1
|
|t:|1635981641
|switch|p1a: Tsareena|Tsareena, F|100/100
|move|p2a: Flapple|Grav Apple|p1a: Tsareena
|-resisted|p1a: Tsareena
|-damage|p1a: Tsareena|50/100
|-unboost|p1a: Tsareena|def|1
|-damage|p2a: Flapple|91/100|[from] item: Life Orb
|
|upkeep
|turn|2
|
|t:|1635981654
|switch|p1a: Charizard|Charizard, M|100/100
|switch|p2a: Drifblim|Drifblim, F|100/100
|
|upkeep
|turn|3
|
|t:|1635981662
|switch|p2a: Gigalith|Gigalith, F|100/100
|move|p1a: Charizard|Dragon Dance|p1a: Charizard
|-boost|p1a: Charizard|atk|1
|-boost|p1a: Charizard|spe|1
|
|upkeep
|turn|4
|
|t:|1635981674
|switch|p1a: Regirock|Regirock|100/100
|move|p2a: Gigalith|Rock Blast|p1a: Regirock
|-damage|p1a: Regirock|96/100
|-damage|p1a: Regirock|91/100
|-crit|p1a: Regirock
|-damage|p1a: Regirock|84/100
|-damage|p1a: Regirock|80/100
|-damage|p1a: Regirock|75/100
|-hitcount|p1a: Regirock|5
|
|-heal|p1a: Regirock|81/100|[from] item: Leftovers
|upkeep
|turn|5
|
|t:|1635981682
|switch|p2a: Sandaconda|Sandaconda, F|100/100
|move|p1a: Regirock|Toxic|p2a: Sandaconda
|-status|p2a: Sandaconda|tox
|
|-heal|p1a: Regirock|87/100|[from] item: Leftovers
|-damage|p2a: Sandaconda|94/100 tox|[from] psn
|upkeep
|turn|6
|
|t:|1635981694
|move|p2a: Sandaconda|Stealth Rock|p1a: Regirock
|-sidestart|p1: Mediocre Melvin|move: Stealth Rock
|move|p1a: Regirock|Stealth Rock|p2a: Sandaconda
|-sidestart|p2: one of the bouys|move: Stealth Rock
|
|-activate|p2a: Sandaconda|ability: Shed Skin
|-curestatus|p2a: Sandaconda|tox|[msg]
|-heal|p1a: Regirock|93/100|[from] item: Leftovers
|upkeep
|turn|7
|
|t:|1635981706
|move|p2a: Sandaconda|Earthquake|p1a: Regirock
|-supereffective|p1a: Regirock
|-damage|p1a: Regirock|65/100
|move|p1a: Regirock|Body Press|p2a: Sandaconda
|-damage|p2a: Sandaconda|65/100
|-damage|p1a: Regirock|48/100|[from] item: Rocky Helmet|[of] p2a: Sandaconda
|
|-heal|p1a: Regirock|54/100|[from] item: Leftovers
|upkeep
|turn|8
|
|t:|1635981712
|switch|p1a: Articuno|Articuno-Galar|100/100
|-damage|p1a: Articuno|76/100|[from] Stealth Rock
|move|p2a: Sandaconda|Earthquake|p1a: Articuno
|-immune|p1a: Articuno
|
|upkeep
|turn|9
|
|t:|1635981720
|switch|p2a: Cryogonal|Cryogonal|100/100
|move|p1a: Articuno|Hurricane|p2a: Cryogonal
|-damage|p2a: Cryogonal|31/100
|-start|p2a: Cryogonal|confusion
|
|upkeep
|turn|10
|
|t:|1635981759
|switch|p1a: Regirock|Regirock|54/100
|-damage|p1a: Regirock|42/100|[from] Stealth Rock
|-activate|p2a: Cryogonal|confusion
|-damage|p2a: Cryogonal|21/100|[from] confusion
|
|-heal|p1a: Regirock|48/100|[from] item: Leftovers
|upkeep
|turn|11
|
|t:|1635981769
|switch|p2a: Sandaconda|Sandaconda, F|65/100
|-damage|p2a: Sandaconda|59/100|[from] Stealth Rock
|move|p1a: Regirock|Rock Blast|p2a: Sandaconda
|-resisted|p2a: Sandaconda
|-damage|p2a: Sandaconda|56/100
|-resisted|p2a: Sandaconda
|-damage|p2a: Sandaconda|53/100
|-resisted|p2a: Sandaconda
|-damage|p2a: Sandaconda|50/100
|-hitcount|p2a: Sandaconda|3
|
|-heal|p1a: Regirock|54/100|[from] item: Leftovers
|upkeep
|turn|12
|
|t:|1635981788
|move|p2a: Sandaconda|Glare|p1a: Regirock
|-status|p1a: Regirock|par
|cant|p1a: Regirock|par
|
|-heal|p1a: Regirock|60/100 par|[from] item: Leftovers
|upkeep
|turn|13
|
|t:|1635981794
|move|p2a: Sandaconda|Glare|p1a: Regirock
|-fail|p1a: Regirock|par
|move|p1a: Regirock|Body Press|p2a: Sandaconda
|-damage|p2a: Sandaconda|25/100
|-damage|p1a: Regirock|43/100 par|[from] item: Rocky Helmet|[of] p2a: Sandaconda
|
|-heal|p1a: Regirock|49/100 par|[from] item: Leftovers
|upkeep
|turn|14
|
|t:|1635981800
|move|p2a: Sandaconda|Rest|p2a: Sandaconda
|-status|p2a: Sandaconda|slp|[from] move: Rest
|-heal|p2a: Sandaconda|100/100 slp|[silent]
|move|p1a: Regirock|Body Press|p2a: Sandaconda
|-damage|p2a: Sandaconda|72/100 slp
|-damage|p1a: Regirock|33/100 par|[from] item: Rocky Helmet|[of] p2a: Sandaconda
|
|-heal|p1a: Regirock|39/100 par|[from] item: Leftovers
|upkeep
|turn|15
|
|t:|1635981825
|switch|p2a: Drifblim|Drifblim, F|100/100
|switch|p1a: Tsareena|Tsareena, F|50/100
|
|upkeep
|turn|16
|
|t:|1635981836
|move|p2a: Drifblim|Will-O-Wisp|p1a: Tsareena
|-status|p1a: Tsareena|brn
|move|p1a: Tsareena|Knock Off|p2a: Drifblim
|-supereffective|p2a: Drifblim
|-damage|p2a: Drifblim|58/100
|-enditem|p2a: Drifblim|Heavy-Duty Boots|[from] move: Knock Off|[of] p1a: Tsareena
|
|-damage|p1a: Tsareena|44/100 brn|[from] brn
|upkeep
|turn|17
|
|t:|1635981842
|move|p2a: Drifblim|Shadow Ball|p1a: Tsareena
|-damage|p1a: Tsareena|8/100 brn
|move|p1a: Tsareena|U-turn|p2a: Drifblim
|-resisted|p2a: Drifblim
|-damage|p2a: Drifblim|54/100
|
|t:|1635981857
|switch|p1a: Charizard|Charizard, M|100/100|[from]move: U-turn
|
|upkeep
|turn|18
|
|t:|1635981864
|switch|p2a: Gigalith|Gigalith, F|100/100
|-damage|p2a: Gigalith|88/100|[from] Stealth Rock
|move|p1a: Charizard|Flare Blitz|p2a: Gigalith
|-resisted|p2a: Gigalith
|-damage|p2a: Gigalith|71/100
|-damage|p1a: Charizard|93/100|[from] Recoil
|
|-heal|p2a: Gigalith|77/100|[from] item: Leftovers
|upkeep
|turn|19
|
|t:|1635981888
|switch|p1a: Tsareena|Tsareena, F|8/100 brn
|move|p2a: Gigalith|Rock Blast|p1a: Tsareena
|-damage|p1a: Tsareena|0 fnt
|faint|p1a: Tsareena
|-hitcount|p1: Tsareena|1
|
|-heal|p2a: Gigalith|83/100|[from] item: Leftovers
|upkeep
|
|t:|1635981896
|switch|p1a: Silvally|Silvally-Fairy|100/100
|-damage|p1a: Silvally|88/100|[from] Stealth Rock
|turn|20
|
|t:|1635981900
|move|p1a: Silvally|Swords Dance|p1a: Silvally
|-boost|p1a: Silvally|atk|2
|move|p2a: Gigalith|Toxic|p1a: Silvally
|-status|p1a: Silvally|tox
|
|-heal|p2a: Gigalith|89/100|[from] item: Leftovers
|-damage|p1a: Silvally|82/100 tox|[from] psn
|upkeep
|turn|21
|
|t:|1635981912
|move|p2a: Gigalith|Protect|p2a: Gigalith
|-singleturn|p2a: Gigalith|Protect
|move|p1a: Silvally|Multi-Attack|p2a: Gigalith
|-activate|p2a: Gigalith|move: Protect
|
|-heal|p2a: Gigalith|95/100|[from] item: Leftovers
|-damage|p1a: Silvally|70/100 tox|[from] psn
|upkeep
|turn|22
|
|t:|1635981917
|move|p1a: Silvally|Multi-Attack|p2a: Gigalith
|-damage|p2a: Gigalith|27/100
|move|p2a: Gigalith|Rock Blast|p1a: Silvally
|-damage|p1a: Silvally|57/100 tox
|-damage|p1a: Silvally|46/100 tox
|-hitcount|p1a: Silvally|2
|
|-heal|p2a: Gigalith|33/100|[from] item: Leftovers
|-damage|p1a: Silvally|28/100 tox|[from] psn
|upkeep
|turn|23
|
|t:|1635981922
|move|p1a: Silvally|Swords Dance|p1a: Silvally
|-boost|p1a: Silvally|atk|2
|move|p2a: Gigalith|Rock Blast|p1a: Silvally
|-damage|p1a: Silvally|15/100 tox
|-damage|p1a: Silvally|2/100 tox
|-damage|p1a: Silvally|0 fnt
|faint|p1a: Silvally
|-hitcount|p1: Silvally|3
|
|-heal|p2a: Gigalith|39/100|[from] item: Leftovers
|upkeep
|j| Gva
|l| Gva
|j| Gva
|
|t:|1635981981
|switch|p1a: Regirock|Regirock|39/100 par
|-damage|p1a: Regirock|27/100 par|[from] Stealth Rock
|turn|24
|
|t:|1635981991
|switch|p2a: Sandaconda|Sandaconda, F|72/100 slp
|-damage|p2a: Sandaconda|66/100 slp|[from] Stealth Rock
|move|p1a: Regirock|Body Press|p2a: Sandaconda
|-damage|p2a: Sandaconda|37/100 slp
|-damage|p1a: Regirock|10/100 par|[from] item: Rocky Helmet|[of] p2a: Sandaconda
|
|-heal|p1a: Regirock|16/100 par|[from] item: Leftovers
|upkeep
|turn|25
|
|t:|1635982000
|cant|p2a: Sandaconda|slp
|move|p1a: Regirock|Body Press|p2a: Sandaconda
|-damage|p2a: Sandaconda|11/100 slp
|-damage|p1a: Regirock|0 fnt|[from] item: Rocky Helmet|[of] p2a: Sandaconda
|faint|p1a: Regirock
|
|-activate|p2a: Sandaconda|ability: Shed Skin
|-curestatus|p2a: Sandaconda|slp|[msg]
|upkeep
|
|t:|1635982017
|switch|p1a: Charizard|Charizard, M|93/100
|turn|26
|
|t:|1635982021
|move|p1a: Charizard|Earthquake|p2a: Sandaconda
|-damage|p2a: Sandaconda|0 fnt
|faint|p2a: Sandaconda
|
|upkeep
|
|t:|1635982030
|switch|p2a: Cryogonal|Cryogonal|21/100
|turn|27
|
|t:|1635982061
|switch|p1a: Hitmontop|Hitmontop, M|100/100
|-damage|p1a: Hitmontop|95/100|[from] Stealth Rock
|move|p2a: Cryogonal|Toxic|p1a: Hitmontop|[miss]
|-miss|p2a: Cryogonal|p1a: Hitmontop
|
|upkeep
|turn|28
|
|t:|1635982079
|switch|p2a: Ribombee|Ribombee, M|100/100
|move|p1a: Hitmontop|Thief|p2a: Ribombee
|-resisted|p2a: Ribombee
|-damage|p2a: Ribombee|76/100
|
|upkeep
|turn|29
|
|t:|1635982100
|move|p2a: Ribombee|Moonblast|p1a: Hitmontop
|-supereffective|p1a: Hitmontop
|-damage|p1a: Hitmontop|28/100
|move|p1a: Hitmontop|Triple Axel|p2a: Ribombee
|-damage|p2a: Ribombee|57/100
|-damage|p2a: Ribombee|22/100
|-damage|p2a: Ribombee|0 fnt
|faint|p2a: Ribombee
|-hitcount|p2: Ribombee|3
|
|upkeep
|
|t:|1635982130
|switch|p2a: Flapple|Flapple, M|91/100
|-damage|p2a: Flapple|78/100|[from] Stealth Rock
|turn|30
|
|t:|1635982144
|move|p1a: Hitmontop|Mach Punch|p2a: Flapple
|-damage|p2a: Flapple|31/100
|move|p2a: Flapple|Draco Meteor|p1a: Hitmontop
|-damage|p1a: Hitmontop|0 fnt
|-unboost|p2a: Flapple|spa|2
|faint|p1a: Hitmontop
|-damage|p2a: Flapple|21/100|[from] item: Life Orb
|
|upkeep
|
|t:|1635982161
|switch|p1a: Articuno|Articuno-Galar|76/100
|-damage|p1a: Articuno|51/100|[from] Stealth Rock
|turn|31
|
|t:|1635982165
|move|p2a: Flapple|Sucker Punch|p1a: Articuno
|-supereffective|p1a: Articuno
|-damage|p1a: Articuno|0 fnt
|faint|p1a: Articuno
|-damage|p2a: Flapple|11/100|[from] item: Life Orb
|
|upkeep
|
|t:|1635982169
|switch|p1a: Charizard|Charizard, M|93/100
|turn|32
|
|t:|1635982177
|move|p2a: Flapple|Sucker Punch|p1a: Charizard
|-damage|p1a: Charizard|33/100
|-damage|p2a: Flapple|1/100|[from] item: Life Orb
|move|p1a: Charizard|Flare Blitz|p2a: Flapple
|-damage|p2a: Flapple|0 fnt
|faint|p2a: Flapple
|-damage|p1a: Charizard|33/100|[from] Recoil
|
|upkeep
|
|t:|1635982179
|switch|p2a: Cryogonal|Cryogonal|21/100
|turn|33
|
|t:|1635982183
|move|p2a: Cryogonal|Ice Beam|p1a: Charizard
|-damage|p1a: Charizard|0 fnt
|faint|p1a: Charizard
|
|win|one of the bouys
|raw|Mediocre Melvin's rating: 1270 &rarr; <strong>1259</strong><br />(-11 for losing)
|raw|one of the bouys's rating: 1497 &rarr; <strong>1506</strong><br />(+9 for winning)
|c|☆Mediocre Melvin|gg
|c|☆one of the bouys|GG
|l| Gva
