|j|☆srwak
|j|☆bababi
|t:|1626475024
|gametype|singles
|player|p1|srwak|pokefan-gen4|1260
|player|p2|bababi|cress|1371
|teamsize|p1|6
|teamsize|p2|6
|gen|8
|tier|[Gen 8] PU
|rated|
|rule|Sleep Clause Mod: Limit one foe put to sleep
|rule|Species Clause: Limit one of each Pokémon
|rule|OHKO Clause: OHKO moves are banned
|rule|Evasion Moves Clause: Evasion moves are banned
|rule|Endless Battle Clause: Forcing endless battles is banned
|rule|HP Percentage Mod: HP is shown in percentages
|rule|Dynamax Clause: You cannot dynamax
|clearpoke
|poke|p1|Dusknoir, F|
|poke|p1|Drampa, M|
|poke|p1|Sandaconda, F|
|poke|p1|Vikavolt, M|
|poke|p1|Wishiwashi, F|
|poke|p1|Bouffalant, F|
|poke|p2|Gigalith, F|
|poke|p2|Eldegoss, M|
|poke|p2|Manectric, F|
|poke|p2|Persian-Alola, M|
|poke|p2|Scyther, F|
|poke|p2|Wishiwashi, F|
|teampreview
|
|t:|1626475042
|start
|switch|p1a: Wishiwashi|Wishiwashi, F|100/100
|switch|p2a: Gigalith|Gigalith, F|100/100
|-formechange|p1a: Wishiwashi|Wishiwashi-School||[from] ability: Schooling
|-weather|Sandstorm|[from] ability: Sand Stream|[of] p2a: Gigalith
|turn|1
|
|t:|1626475053
|move|p2a: Gigalith|Protect|p2a: Gigalith
|-singleturn|p2a: Gigalith|Protect
|move|p1a: Wishiwashi|Toxic|p2a: Gigalith
|-activate|p2a: Gigalith|move: Protect
|
|-weather|Sandstorm|[upkeep]
|-damage|p1a: Wishiwashi|94/100|[from] Sandstorm
|-heal|p1a: Wishiwashi|100/100|[from] item: Leftovers
|upkeep
|turn|2
|
|t:|1626475065
|move|p1a: Wishiwashi|Toxic|p2a: Gigalith
|-status|p2a: Gigalith|tox
|move|p2a: Gigalith|Stealth Rock|p1a: Wishiwashi
|-sidestart|p1: srwak|move: Stealth Rock
|
|-weather|Sandstorm|[upkeep]
|-damage|p1a: Wishiwashi|94/100|[from] Sandstorm
|-heal|p1a: Wishiwashi|100/100|[from] item: Leftovers
|-damage|p2a: Gigalith|94/100 tox|[from] psn
|upkeep
|turn|3
|j| Mendinos
|
|t:|1626475073
|switch|p2a: Eldegoss|Eldegoss, M|100/100
|move|p1a: Wishiwashi|Scald|p2a: Eldegoss
|-resisted|p2a: Eldegoss
|-damage|p2a: Eldegoss|83/100
|
|-weather|Sandstorm|[upkeep]
|-damage|p2a: Eldegoss|77/100|[from] Sandstorm
|-damage|p1a: Wishiwashi|94/100|[from] Sandstorm
|-heal|p1a: Wishiwashi|100/100|[from] item: Leftovers
|upkeep
|turn|4
|
|t:|1626475083
|move|p2a: Eldegoss|Aromatherapy|p2a: Eldegoss
|-activate|p2a: Eldegoss|move: Aromatherapy
|-curestatus|p2: Gigalith|tox|[msg]
|move|p1a: Wishiwashi|Toxic|p2a: Eldegoss
|-status|p2a: Eldegoss|tox
|
|-weather|Sandstorm|[upkeep]
|-damage|p2a: Eldegoss|71/100 tox|[from] Sandstorm
|-damage|p1a: Wishiwashi|94/100|[from] Sandstorm
|-heal|p1a: Wishiwashi|100/100|[from] item: Leftovers
|-damage|p2a: Eldegoss|64/100 tox|[from] psn
|upkeep
|turn|5
|
|t:|1626475094
|move|p2a: Eldegoss|Leech Seed|p1a: Wishiwashi
|-start|p1a: Wishiwashi|move: Leech Seed
|move|p1a: Wishiwashi|Toxic|p2a: Eldegoss
|-fail|p2a: Eldegoss|tox
|
|-weather|none
|-damage|p1a: Wishiwashi|88/100|[from] Leech Seed|[of] p2a: Eldegoss
|-heal|p2a: Eldegoss|75/100 tox|[silent]
|-damage|p2a: Eldegoss|63/100 tox|[from] psn
|upkeep
|turn|6
|
|t:|1626475105
|move|p2a: Eldegoss|Giga Drain|p1a: Wishiwashi
|-supereffective|p1a: Wishiwashi
|-damage|p1a: Wishiwashi|51/100
|-heal|p2a: Eldegoss|80/100 tox|[from] drain|[of] p1a: Wishiwashi
|move|p1a: Wishiwashi|Scald|p2a: Eldegoss
|-resisted|p2a: Eldegoss
|-damage|p2a: Eldegoss|65/100 tox
|
|-heal|p1a: Wishiwashi|57/100|[from] item: Leftovers
|-damage|p1a: Wishiwashi|45/100|[from] Leech Seed|[of] p2a: Eldegoss
|-heal|p2a: Eldegoss|76/100 tox|[silent]
|-damage|p2a: Eldegoss|57/100 tox|[from] psn
|upkeep
|turn|7
|
|t:|1626475117
|move|p2a: Eldegoss|Aromatherapy|p2a: Eldegoss
|-activate|p2a: Eldegoss|move: Aromatherapy
|-curestatus|p2a: Eldegoss|tox|[msg]
|move|p1a: Wishiwashi|Rest|p1a: Wishiwashi
|-status|p1a: Wishiwashi|slp|[from] move: Rest
|-heal|p1a: Wishiwashi|100/100 slp|[silent]
|
|-damage|p1a: Wishiwashi|88/100 slp|[from] Leech Seed|[of] p2a: Eldegoss
|-heal|p2a: Eldegoss|68/100|[silent]
|upkeep
|turn|8
|l| Mendinos
|
|t:|1626475126
|switch|p2a: Scyther|Scyther, F|100/100
|cant|p1a: Wishiwashi|slp
|move|p1a: Wishiwashi|Sleep Talk|p1a: Wishiwashi
|move|p1a: Wishiwashi|Rest||[from]move: Sleep Talk|[still]
|-fail|p1a: Wishiwashi
|
|-heal|p1a: Wishiwashi|94/100 slp|[from] item: Leftovers
|-damage|p1a: Wishiwashi|82/100 slp|[from] Leech Seed|[of] p2a: Scyther
|upkeep
|turn|9
|
|t:|1626475136
|move|p2a: Scyther|Swords Dance|p2a: Scyther
|-boost|p2a: Scyther|atk|2
|cant|p1a: Wishiwashi|slp
|move|p1a: Wishiwashi|Sleep Talk|p1a: Wishiwashi
|move|p1a: Wishiwashi|Rest||[from]move: Sleep Talk|[still]
|-fail|p1a: Wishiwashi
|
|-heal|p1a: Wishiwashi|88/100 slp|[from] item: Leftovers
|-damage|p1a: Wishiwashi|76/100 slp|[from] Leech Seed|[of] p2a: Scyther
|upkeep
|turn|10
|
|t:|1626475146
|move|p2a: Scyther|Dual Wingbeat|p1a: Wishiwashi
|-damage|p1a: Wishiwashi|35/100 slp
|-damage|p1a: Wishiwashi|0 fnt
|faint|p1a: Wishiwashi
|-hitcount|p1: Wishiwashi|2
|
|upkeep
|
|t:|1626475155
|switch|p1a: Sandaconda|Sandaconda, F|100/100
|-damage|p1a: Sandaconda|94/100|[from] Stealth Rock
|turn|11
|
|t:|1626475160
|move|p2a: Scyther|U-turn|p1a: Sandaconda
|-damage|p1a: Sandaconda|57/100
|-damage|p2a: Scyther|84/100|[from] item: Rocky Helmet|[of] p1a: Sandaconda
|
|t:|1626475163
|switch|p2a: Wishiwashi|Wishiwashi, F|100/100|[from]move: U-turn
|-formechange|p2a: Wishiwashi|Wishiwashi-School||[from] ability: Schooling
|move|p1a: Sandaconda|Glare|p2a: Wishiwashi
|-status|p2a: Wishiwashi|par
|
|upkeep
|turn|12
|
|t:|1626475172
|switch|p1a: Drampa|Drampa, M|100/100
|-damage|p1a: Drampa|88/100|[from] Stealth Rock
|move|p2a: Wishiwashi|Scald|p1a: Drampa
|-resisted|p1a: Drampa
|-damage|p1a: Drampa|65/100
|-status|p1a: Drampa|brn
|
|-damage|p1a: Drampa|59/100 brn|[from] brn
|upkeep
|turn|13
|
|t:|1626475192
|switch|p2a: Eldegoss|Eldegoss, M|100/100
|move|p1a: Drampa|Hyper Voice|p2a: Eldegoss
|-damage|p2a: Eldegoss|28/100
|
|-damage|p1a: Drampa|53/100 brn|[from] brn
|upkeep
|turn|14
|
|t:|1626475199
|switch|p2a: Gigalith|Gigalith, F|94/100
|-weather|Sandstorm|[from] ability: Sand Stream|[of] p2a: Gigalith
|move|p1a: Drampa|Hyper Voice|p2a: Gigalith
|-resisted|p2a: Gigalith
|-damage|p2a: Gigalith|73/100
|
|-weather|Sandstorm|[upkeep]
|-damage|p1a: Drampa|47/100 brn|[from] Sandstorm
|-heal|p2a: Gigalith|80/100|[from] item: Leftovers
|-damage|p1a: Drampa|41/100 brn|[from] brn
|upkeep
|turn|15
|
|t:|1626475214
|switch|p1a: Sandaconda|Sandaconda, F|57/100
|-damage|p1a: Sandaconda|51/100|[from] Stealth Rock
|move|p2a: Gigalith|Earthquake|p1a: Sandaconda
|-damage|p1a: Sandaconda|33/100
|
|-weather|Sandstorm|[upkeep]
|-heal|p2a: Gigalith|86/100|[from] item: Leftovers
|upkeep
|turn|16
|
|t:|1626475222
|switch|p2a: Eldegoss|Eldegoss, M|62/100
|move|p1a: Sandaconda|Rest|p1a: Sandaconda
|-status|p1a: Sandaconda|slp|[from] move: Rest
|-heal|p1a: Sandaconda|100/100 slp|[silent]
|
|-weather|Sandstorm|[upkeep]
|-damage|p2a: Eldegoss|55/100|[from] Sandstorm
|upkeep
|turn|17
|
|t:|1626475231
|switch|p1a: Drampa|Drampa, M|41/100 brn
|-damage|p1a: Drampa|29/100 brn|[from] Stealth Rock
|move|p2a: Eldegoss|Giga Drain|p1a: Drampa
|-ability|p1a: Drampa|Sap Sipper|boost
|-boost|p1a: Drampa|atk|1
|
|-weather|Sandstorm|[upkeep]
|-damage|p2a: Eldegoss|49/100|[from] Sandstorm
|-damage|p1a: Drampa|22/100 brn|[from] Sandstorm
|-damage|p1a: Drampa|16/100 brn|[from] brn
|upkeep
|turn|18
|
|t:|1626475246
|switch|p2a: Gigalith|Gigalith, F|86/100
|move|p1a: Drampa|Draco Meteor|p2a: Gigalith
|-damage|p2a: Gigalith|23/100
|-unboost|p1a: Drampa|spa|2
|
|-weather|none
|-heal|p2a: Gigalith|29/100|[from] item: Leftovers
|-damage|p1a: Drampa|10/100 brn|[from] brn
|upkeep
|turn|19
|
|t:|1626475256
|move|p2a: Gigalith|Protect|p2a: Gigalith
|-singleturn|p2a: Gigalith|Protect
|move|p1a: Drampa|Draco Meteor|p2a: Gigalith
|-activate|p2a: Gigalith|move: Protect
|
|-heal|p2a: Gigalith|35/100|[from] item: Leftovers
|-damage|p1a: Drampa|4/100 brn|[from] brn
|upkeep
|turn|20
|
|t:|1626475263
|switch|p2a: Eldegoss|Eldegoss, M|83/100
|move|p1a: Drampa|Draco Meteor|p2a: Eldegoss
|-damage|p2a: Eldegoss|29/100
|-unboost|p1a: Drampa|spa|2
|
|-damage|p1a: Drampa|0 fnt|[from] brn
|faint|p1a: Drampa
|upkeep
|
|t:|1626475288
|switch|p1a: Bouffalant|Bouffalant, F|100/100
|-damage|p1a: Bouffalant|88/100|[from] Stealth Rock
|turn|21
|
|t:|1626475296
|switch|p2a: Persian|Persian-Alola, M|100/100
|move|p1a: Bouffalant|Head Charge|p2a: Persian
|-damage|p2a: Persian|25/100
|-damage|p1a: Bouffalant|72/100|[from] Recoil
|
|upkeep
|turn|22
|
|t:|1626475302
|move|p2a: Persian|Foul Play|p1a: Bouffalant
|-damage|p1a: Bouffalant|25/100
|move|p1a: Bouffalant|Head Charge|p2a: Persian
|-damage|p2a: Persian|0 fnt
|faint|p2a: Persian
|-damage|p1a: Bouffalant|20/100|[from] Recoil
|
|upkeep
|
|t:|1626475310
|switch|p2a: Scyther|Scyther, F|84/100
|turn|23
|
|t:|1626475314
|switch|p1a: Sandaconda|Sandaconda, F|100/100 slp
|-damage|p1a: Sandaconda|94/100 slp|[from] Stealth Rock
|move|p2a: Scyther|Knock Off|p1a: Sandaconda
|-damage|p1a: Sandaconda|77/100 slp
|-damage|p2a: Scyther|68/100|[from] item: Rocky Helmet|[of] p1a: Sandaconda
|-enditem|p1a: Sandaconda|Rocky Helmet|[from] move: Knock Off|[of] p2a: Scyther
|
|-activate|p1a: Sandaconda|ability: Shed Skin
|-curestatus|p1a: Sandaconda|slp|[msg]
|upkeep
|turn|24
|
|t:|1626475325
|move|p2a: Scyther|U-turn|p1a: Sandaconda
|-damage|p1a: Sandaconda|56/100
|
|t:|1626475328
|switch|p2a: Eldegoss|Eldegoss, M|62/100|[from]move: U-turn
|move|p1a: Sandaconda|Stealth Rock|p2a: Eldegoss
|-sidestart|p2: bababi|move: Stealth Rock
|
|upkeep
|turn|25
|
|t:|1626475336
|move|p1a: Sandaconda|Glare|p2a: Eldegoss
|-status|p2a: Eldegoss|par
|move|p2a: Eldegoss|Rapid Spin|p1a: Sandaconda
|-damage|p1a: Sandaconda|53/100
|-boost|p2a: Eldegoss|spe|1
|-sideend|p2: bababi|Stealth Rock|[from] move: Rapid Spin|[of] p2a: Eldegoss
|
|upkeep
|turn|26
|
|t:|1626475349
|switch|p1a: Vikavolt|Vikavolt, M|100/100
|-damage|p1a: Vikavolt|76/100|[from] Stealth Rock
|move|p2a: Eldegoss|Aromatherapy|p2a: Eldegoss
|-activate|p2a: Eldegoss|move: Aromatherapy
|-curestatus|p2a: Eldegoss|par|[msg]
|-curestatus|p2: Wishiwashi|par|[msg]
|
|upkeep
|turn|27
|
|t:|1626475361
|switch|p2a: Gigalith|Gigalith, F|35/100
|-weather|Sandstorm|[from] ability: Sand Stream|[of] p2a: Gigalith
|move|p1a: Vikavolt|Bug Buzz|p2a: Gigalith
|-damage|p2a: Gigalith|0 fnt
|faint|p2a: Gigalith
|
|-weather|Sandstorm|[upkeep]
|-damage|p1a: Vikavolt|69/100|[from] Sandstorm
|upkeep
|
|t:|1626475364
|switch|p2a: Manectric|Manectric, F|100/100
|turn|28
|
|t:|1626475372
|move|p2a: Manectric|Flamethrower|p1a: Vikavolt
|-supereffective|p1a: Vikavolt
|-crit|p1a: Vikavolt
|-damage|p1a: Vikavolt|0 fnt
|faint|p1a: Vikavolt
|
|-weather|Sandstorm|[upkeep]
|-damage|p2a: Manectric|94/100|[from] Sandstorm
|upkeep
|
|t:|1626475383
|switch|p1a: Dusknoir|Dusknoir, F|100/100
|-damage|p1a: Dusknoir|88/100|[from] Stealth Rock
|-ability|p1a: Dusknoir|Pressure
|turn|29
|
|t:|1626475392
|move|p2a: Manectric|Flamethrower|p1a: Dusknoir
|-damage|p1a: Dusknoir|59/100
|move|p1a: Dusknoir|Night Shade|p2a: Manectric
|-damage|p2a: Manectric|59/100
|
|-weather|Sandstorm|[upkeep]
|-damage|p2a: Manectric|53/100|[from] Sandstorm
|-damage|p1a: Dusknoir|53/100|[from] Sandstorm
|-heal|p1a: Dusknoir|59/100|[from] item: Leftovers
|upkeep
|turn|30
|
|t:|1626475401
|move|p2a: Manectric|Flamethrower|p1a: Dusknoir
|-damage|p1a: Dusknoir|29/100
|-status|p1a: Dusknoir|brn
|move|p1a: Dusknoir|Rest|p1a: Dusknoir
|-status|p1a: Dusknoir|slp|[from] move: Rest
|-heal|p1a: Dusknoir|100/100 slp|[silent]
|
|-weather|Sandstorm|[upkeep]
|-damage|p2a: Manectric|47/100|[from] Sandstorm
|-damage|p1a: Dusknoir|94/100 slp|[from] Sandstorm
|-heal|p1a: Dusknoir|100/100 slp|[from] item: Leftovers
|upkeep
|turn|31
|
|t:|1626475412
|switch|p2a: Scyther|Scyther, F|68/100
|cant|p1a: Dusknoir|slp
|move|p1a: Dusknoir|Sleep Talk|p1a: Dusknoir
|move|p1a: Dusknoir|Night Shade|p2a: Scyther|[from]move: Sleep Talk
|-damage|p2a: Scyther|32/100
|
|-weather|none
|upkeep
|turn|32
|
|t:|1626475422
|move|p2a: Scyther|Knock Off|p1a: Dusknoir
|-supereffective|p1a: Dusknoir
|-damage|p1a: Dusknoir|52/100 slp
|-enditem|p1a: Dusknoir|Leftovers|[from] move: Knock Off|[of] p2a: Scyther
|cant|p1a: Dusknoir|slp
|move|p1a: Dusknoir|Sleep Talk|p1a: Dusknoir
|move|p1a: Dusknoir|Rest||[from]move: Sleep Talk|[still]
|-fail|p1a: Dusknoir
|
|upkeep
|turn|33
|
|t:|1626475431
|move|p2a: Scyther|Swords Dance|p2a: Scyther
|-boost|p2a: Scyther|atk|2
|-curestatus|p1a: Dusknoir|slp|[msg]
|move|p1a: Dusknoir|Rest|p1a: Dusknoir
|-status|p1a: Dusknoir|slp|[from] move: Rest
|-heal|p1a: Dusknoir|100/100 slp|[silent]
|
|upkeep
|turn|34
|
|t:|1626475439
|move|p2a: Scyther|Dual Wingbeat|p1a: Dusknoir
|-damage|p1a: Dusknoir|60/100 slp
|-damage|p1a: Dusknoir|20/100 slp
|-hitcount|p1a: Dusknoir|2
|cant|p1a: Dusknoir|slp
|move|p1a: Dusknoir|Sleep Talk|p1a: Dusknoir
|move|p1a: Dusknoir|Seismic Toss|p2a: Scyther|[from]move: Sleep Talk
|-damage|p2a: Scyther|0 fnt
|faint|p2a: Scyther
|
|upkeep
|
|t:|1626475445
|switch|p2a: Manectric|Manectric, F|47/100
|turn|35
|
|t:|1626475454
|move|p2a: Manectric|Flamethrower|p1a: Dusknoir
|-damage|p1a: Dusknoir|0 fnt
|faint|p1a: Dusknoir
|
|upkeep
|
|t:|1626475459
|switch|p1a: Sandaconda|Sandaconda, F|53/100
|-damage|p1a: Sandaconda|47/100|[from] Stealth Rock
|turn|36
|
|t:|1626475467
|switch|p2a: Eldegoss|Eldegoss, M|95/100
|move|p1a: Sandaconda|Rest|p1a: Sandaconda
|-status|p1a: Sandaconda|slp|[from] move: Rest
|-heal|p1a: Sandaconda|100/100 slp|[silent]
|
|upkeep
|turn|37
|
|t:|1626475475
|cant|p1a: Sandaconda|slp
|move|p2a: Eldegoss|Giga Drain|p1a: Sandaconda
|-supereffective|p1a: Sandaconda
|-damage|p1a: Sandaconda|42/100 slp
|-heal|p2a: Eldegoss|100/100|[from] drain|[of] p1a: Sandaconda
|
|upkeep
|turn|38
|
|t:|1626475481
|cant|p1a: Sandaconda|slp
|move|p2a: Eldegoss|Giga Drain|p1a: Sandaconda
|-supereffective|p1a: Sandaconda
|-damage|p1a: Sandaconda|0 fnt
|faint|p1a: Sandaconda
|
|upkeep
|
|t:|1626475487
|switch|p1a: Bouffalant|Bouffalant, F|20/100
|-damage|p1a: Bouffalant|8/100|[from] Stealth Rock
|turn|39
|
|t:|1626475492
|move|p2a: Eldegoss|Rapid Spin|p1a: Bouffalant
|-damage|p1a: Bouffalant|3/100
|-boost|p2a: Eldegoss|spe|1
|move|p1a: Bouffalant|Head Charge|p2a: Eldegoss
|-damage|p2a: Eldegoss|4/100
|-damage|p1a: Bouffalant|0 fnt|[from] Recoil
|faint|p1a: Bouffalant
|
|win|bababi
|raw|srwak's rating: 1260 &rarr; <strong>1243</strong><br />(-17 for losing)
|raw|bababi's rating: 1371 &rarr; <strong>1385</strong><br />(+14 for winning)
|l|☆bababi
|c|☆srwak|nice team
