|j|☆sugar ovens
|j|☆asa
|t:|1631927522
|gametype|singles
|player|p1|sugar ovens|twins|
|player|p2|asa|aromalady-gen3|
|teamsize|p1|6
|teamsize|p2|6
|gen|8
|tier|[Gen 8] PU
|rated|Tournament battle
|rule|Sleep Clause Mod: Limit one foe put to sleep
|rule|Species Clause: Limit one of each Pokémon
|rule|OHKO Clause: OHKO moves are banned
|rule|Evasion Moves Clause: Evasion moves are banned
|rule|Endless Battle Clause: Forcing endless battles is banned
|rule|HP Percentage Mod: HP is shown in percentages
|rule|Dynamax Clause: You cannot dynamax
|clearpoke
|poke|p1|Charizard, F|
|poke|p1|Scrafty, F|
|poke|p1|Gigalith, F|
|poke|p1|Weezing, M|
|poke|p1|Eldegoss, F|
|poke|p1|Poliwrath, F|
|poke|p2|Unfezant, M|
|poke|p2|Magneton|
|poke|p2|Tangela, F|
|poke|p2|Gigalith, M|
|poke|p2|Scrafty, M|
|poke|p2|Haunter, F|
|teampreview
|j|+King Leo V
|c|☆asa|hf
|c|☆sugar ovens|u2
|
|t:|1631927549
|start
|switch|p1a: Weezing|Weezing, M|100/100
|switch|p2a: Magneton|Magneton|100/100
|-ability|p1a: Weezing|Neutralizing Gas
|turn|1
|j| Ceoh
|
|t:|1631927558
|move|p2a: Magneton|Volt Switch|p1a: Weezing
|-damage|p1a: Weezing|29/100
|
|t:|1631927562
|switch|p2a: Scrafty|Scrafty, M|100/100|[from]move: Volt Switch
|move|p1a: Weezing|Toxic Spikes|p2a: Scrafty
|-sidestart|p2: asa|move: Toxic Spikes
|
|-heal|p1a: Weezing|35/100|[from] item: Black Sludge
|upkeep
|turn|2
|
|t:|1631927571
|switch|p2a: Magneton|Magneton|100/100
|move|p1a: Weezing|Pain Split|p2a: Magneton
|-sethp|p2a: Magneton|74/100|[from] move: Pain Split|[silent]
|-sethp|p1a: Weezing|54/100|[from] move: Pain Split
|
|-heal|p1a: Weezing|60/100|[from] item: Black Sludge
|upkeep
|turn|3
|
|t:|1631927580
|-end|p1a: Weezing|ability: Neutralizing Gas
|switch|p1a: Scrafty|Scrafty, F|100/100
|move|p2a: Magneton|Volt Switch|p1a: Scrafty
|-damage|p1a: Scrafty|58/100
|
|t:|1631927582
|switch|p2a: Unfezant|Unfezant, M|100/100|[from]move: Volt Switch
|
|-heal|p1a: Scrafty|64/100|[from] item: Leftovers
|upkeep
|turn|4
|
|t:|1631927588
|move|p2a: Unfezant|Brave Bird|p1a: Scrafty
|-supereffective|p1a: Scrafty
|-damage|p1a: Scrafty|0 fnt
|faint|p1a: Scrafty
|-damage|p2a: Unfezant|77/100|[from] Recoil
|
|upkeep
|
|t:|1631927610
|switch|p1a: Gigalith|Gigalith, F|100/100
|-weather|Sandstorm|[from] ability: Sand Stream|[of] p1a: Gigalith
|turn|5
|
|t:|1631927616
|move|p2a: Unfezant|U-turn|p1a: Gigalith
|-damage|p1a: Gigalith|83/100
|
|t:|1631927621
|switch|p2a: Scrafty|Scrafty, M|100/100|[from]move: U-turn
|-status|p2a: Scrafty|psn
|move|p1a: Gigalith|Rock Blast|p2a: Scrafty
|-resisted|p2a: Scrafty
|-damage|p2a: Scrafty|96/100 psn
|-resisted|p2a: Scrafty
|-damage|p2a: Scrafty|91/100 psn
|-resisted|p2a: Scrafty
|-damage|p2a: Scrafty|85/100 psn
|-resisted|p2a: Scrafty
|-damage|p2a: Scrafty|80/100 psn
|-resisted|p2a: Scrafty
|-damage|p2a: Scrafty|75/100 psn
|-hitcount|p2a: Scrafty|5
|
|-weather|Sandstorm|[upkeep]
|-damage|p2a: Scrafty|69/100 psn|[from] Sandstorm
|-activate|p2a: Scrafty|ability: Shed Skin
|-curestatus|p2a: Scrafty|psn|[msg]
|-heal|p2a: Scrafty|75/100|[from] item: Leftovers
|-heal|p1a: Gigalith|90/100|[from] item: Leftovers
|upkeep
|turn|6
|
|t:|1631927631
|switch|p1a: Charizard|Charizard, F|100/100
|move|p2a: Scrafty|Knock Off|p1a: Charizard
|-damage|p1a: Charizard|61/100
|-enditem|p1a: Charizard|Heavy-Duty Boots|[from] move: Knock Off|[of] p2a: Scrafty
|
|-weather|Sandstorm|[upkeep]
|-damage|p1a: Charizard|55/100|[from] Sandstorm
|-damage|p2a: Scrafty|69/100|[from] Sandstorm
|-heal|p2a: Scrafty|75/100|[from] item: Leftovers
|upkeep
|turn|7
|j| AshKetchumReturnz
|
|t:|1631927649
|switch|p1a: Poliwrath|Poliwrath, F|100/100
|switch|p2a: Gigalith|Gigalith, M|100/100
|-status|p2a: Gigalith|psn
|
|-weather|Sandstorm|[upkeep]
|-damage|p1a: Poliwrath|94/100|[from] Sandstorm
|-damage|p2a: Gigalith|88/100 psn|[from] psn
|upkeep
|turn|8
|
|t:|1631927656
|move|p1a: Poliwrath|Close Combat|p2a: Gigalith
|-supereffective|p2a: Gigalith
|-damage|p2a: Gigalith|6/100 psn
|-unboost|p1a: Poliwrath|def|1
|-unboost|p1a: Poliwrath|spd|1
|move|p2a: Gigalith|Stealth Rock|p1a: Poliwrath
|-sidestart|p1: sugar ovens|move: Stealth Rock
|
|-weather|Sandstorm|[upkeep]
|-damage|p1a: Poliwrath|88/100|[from] Sandstorm
|-heal|p2a: Gigalith|13/100 psn|[from] item: Leftovers
|-damage|p2a: Gigalith|0 fnt|[from] psn
|faint|p2a: Gigalith
|upkeep
|
|t:|1631927666
|switch|p2a: Haunter|Haunter, F|100/100
|turn|9
|
|t:|1631927672
|switch|p2a: Magneton|Magneton|74/100
|switch|p1a: Gigalith|Gigalith, F|90/100
|-damage|p1a: Gigalith|77/100|[from] Stealth Rock
|
|-weather|none
|-heal|p1a: Gigalith|83/100|[from] item: Leftovers
|upkeep
|turn|10
|
|t:|1631927677
|move|p1a: Gigalith|Protect|p1a: Gigalith
|-singleturn|p1a: Gigalith|Protect
|move|p2a: Magneton|Flash Cannon|p1a: Gigalith
|-activate|p1a: Gigalith|move: Protect
|
|-heal|p1a: Gigalith|90/100|[from] item: Leftovers
|upkeep
|turn|11
|
|t:|1631927684
|switch|p1a: Poliwrath|Poliwrath, F|88/100
|-damage|p1a: Poliwrath|82/100|[from] Stealth Rock
|move|p2a: Magneton|Flash Cannon|p1a: Poliwrath
|-resisted|p1a: Poliwrath
|-damage|p1a: Poliwrath|45/100
|
|upkeep
|turn|12
|
|t:|1631927689
|switch|p1a: Charizard|Charizard, F|55/100
|-damage|p1a: Charizard|5/100|[from] Stealth Rock
|switch|p2a: Tangela|Tangela, F|100/100
|-status|p2a: Tangela|psn
|
|-damage|p2a: Tangela|88/100 psn|[from] psn
|upkeep
|turn|13
|
|t:|1631927703
|move|p1a: Charizard|Roost|p1a: Charizard
|-heal|p1a: Charizard|55/100
|-singleturn|p1a: Charizard|move: Roost
|move|p2a: Tangela|Sludge Bomb|p1a: Charizard
|-damage|p1a: Charizard|28/100
|
|-damage|p2a: Tangela|76/100 psn|[from] psn
|upkeep
|turn|14
|
|t:|1631927714
|move|p1a: Charizard|Flamethrower|p2a: Tangela
|-supereffective|p2a: Tangela
|-damage|p2a: Tangela|0 fnt
|faint|p2a: Tangela
|
|upkeep
|
|t:|1631927715
|switch|p2a: Haunter|Haunter, F|100/100
|turn|15
|
|t:|1631927732
|switch|p1a: Gigalith|Gigalith, F|90/100
|-damage|p1a: Gigalith|77/100|[from] Stealth Rock
|-weather|Sandstorm|[from] ability: Sand Stream|[of] p1a: Gigalith
|move|p2a: Haunter|Sludge Bomb|p1a: Gigalith
|-resisted|p1a: Gigalith
|-damage|p1a: Gigalith|67/100
|
|-weather|Sandstorm|[upkeep]
|-damage|p2a: Haunter|94/100|[from] Sandstorm
|-heal|p1a: Gigalith|73/100|[from] item: Leftovers
|upkeep
|turn|16
|
|t:|1631927750
|switch|p1a: Poliwrath|Poliwrath, F|45/100
|-damage|p1a: Poliwrath|39/100|[from] Stealth Rock
|move|p2a: Haunter|Sludge Bomb|p1a: Poliwrath
|-damage|p1a: Poliwrath|0 fnt
|faint|p1a: Poliwrath
|
|-weather|Sandstorm|[upkeep]
|-damage|p2a: Haunter|88/100|[from] Sandstorm
|upkeep
|
|t:|1631927772
|switch|p1a: Gigalith|Gigalith, F|73/100
|-damage|p1a: Gigalith|61/100|[from] Stealth Rock
|turn|17
|j| Nakatamy
|
|t:|1631927777
|switch|p2a: Scrafty|Scrafty, M|75/100
|-status|p2a: Scrafty|psn
|move|p1a: Gigalith|Rock Blast|p2a: Scrafty
|-resisted|p2a: Scrafty
|-damage|p2a: Scrafty|70/100 psn
|-resisted|p2a: Scrafty
|-damage|p2a: Scrafty|65/100 psn
|-resisted|p2a: Scrafty
|-damage|p2a: Scrafty|60/100 psn
|-hitcount|p2a: Scrafty|3
|
|-weather|Sandstorm|[upkeep]
|-damage|p2a: Scrafty|54/100 psn|[from] Sandstorm
|-heal|p2a: Scrafty|60/100 psn|[from] item: Leftovers
|-heal|p1a: Gigalith|67/100|[from] item: Leftovers
|-damage|p2a: Scrafty|48/100 psn|[from] psn
|upkeep
|turn|18
|
|t:|1631927786
|switch|p1a: Eldegoss|Eldegoss, F|100/100
|move|p2a: Scrafty|Knock Off|p1a: Eldegoss
|-damage|p1a: Eldegoss|64/100
|-enditem|p1a: Eldegoss|Heavy-Duty Boots|[from] move: Knock Off|[of] p2a: Scrafty
|
|-weather|Sandstorm|[upkeep]
|-damage|p2a: Scrafty|42/100 psn|[from] Sandstorm
|-damage|p1a: Eldegoss|58/100|[from] Sandstorm
|-heal|p2a: Scrafty|48/100 psn|[from] item: Leftovers
|-damage|p2a: Scrafty|35/100 psn|[from] psn
|upkeep
|turn|19
|
|t:|1631927791
|switch|p2a: Haunter|Haunter, F|88/100
|move|p1a: Eldegoss|Rapid Spin|p2a: Haunter
|-immune|p2a: Haunter
|
|-weather|none
|upkeep
|turn|20
|
|t:|1631927798
|switch|p1a: Gigalith|Gigalith, F|67/100
|-damage|p1a: Gigalith|55/100|[from] Stealth Rock
|-weather|Sandstorm|[from] ability: Sand Stream|[of] p1a: Gigalith
|move|p2a: Haunter|Sludge Bomb|p1a: Gigalith
|-resisted|p1a: Gigalith
|-crit|p1a: Gigalith
|-damage|p1a: Gigalith|39/100
|
|-weather|Sandstorm|[upkeep]
|-damage|p2a: Haunter|82/100|[from] Sandstorm
|-heal|p1a: Gigalith|45/100|[from] item: Leftovers
|upkeep
|turn|21
|j| forestcave
|l| forestcave
|
|t:|1631927813
|switch|p2a: Unfezant|Unfezant, M|77/100
|move|p1a: Gigalith|Rock Blast|p2a: Unfezant
|-supereffective|p2a: Unfezant
|-damage|p2a: Unfezant|45/100
|-supereffective|p2a: Unfezant
|-damage|p2a: Unfezant|15/100
|-supereffective|p2a: Unfezant
|-damage|p2a: Unfezant|0 fnt
|faint|p2a: Unfezant
|-hitcount|p2: Unfezant|3
|
|-weather|Sandstorm|[upkeep]
|-heal|p1a: Gigalith|51/100|[from] item: Leftovers
|upkeep
|
|t:|1631927821
|switch|p2a: Magneton|Magneton|74/100
|turn|22
|
|t:|1631927825
|move|p1a: Gigalith|Protect|p1a: Gigalith
|-singleturn|p1a: Gigalith|Protect
|move|p2a: Magneton|Flash Cannon|p1a: Gigalith
|-activate|p1a: Gigalith|move: Protect
|
|-weather|Sandstorm|[upkeep]
|-heal|p1a: Gigalith|57/100|[from] item: Leftovers
|upkeep
|turn|23
|
|t:|1631927843
|switch|p1a: Weezing|Weezing, M|60/100
|-ability|p1a: Weezing|Neutralizing Gas
|-damage|p1a: Weezing|48/100|[from] Stealth Rock
|move|p2a: Magneton|Flash Cannon|p1a: Weezing
|-crit|p1a: Weezing
|-damage|p1a: Weezing|0 fnt
|faint|p1a: Weezing
|-end|p1a: Weezing|ability: Neutralizing Gas
|
|-weather|Sandstorm|[upkeep]
|upkeep
|
|t:|1631927845
|switch|p1a: Eldegoss|Eldegoss, F|92/100
|-damage|p1a: Eldegoss|79/100|[from] Stealth Rock
|turn|24
|
|t:|1631927848
|switch|p2a: Haunter|Haunter, F|82/100
|move|p1a: Eldegoss|Sleep Powder|p2a: Haunter
|-status|p2a: Haunter|slp|[from] move: Sleep Powder
|
|-weather|none
|upkeep
|turn|25
|
|t:|1631927854
|cant|p2a: Haunter|slp
|move|p1a: Eldegoss|Leaf Storm|p2a: Haunter
|-resisted|p2a: Haunter
|-damage|p2a: Haunter|23/100 slp
|-unboost|p1a: Eldegoss|spa|2
|
|upkeep
|turn|26
|
|t:|1631927861
|switch|p2a: Magneton|Magneton|74/100
|move|p1a: Eldegoss|Leaf Storm|p2a: Magneton
|-resisted|p2a: Magneton
|-crit|p2a: Magneton
|-damage|p2a: Magneton|0 fnt
|-unboost|p1a: Eldegoss|spa|2
|faint|p2a: Magneton
|
|upkeep
|c|☆asa|lol
|c| Ceoh|Damn crit
|
|t:|1631927882
|switch|p2a: Haunter|Haunter, F|23/100 slp
|turn|27
|
|t:|1631927895
|switch|p2a: Scrafty|Scrafty, M|35/100 psn
|switch|p1a: Gigalith|Gigalith, F|57/100
|-damage|p1a: Gigalith|45/100|[from] Stealth Rock
|-weather|Sandstorm|[from] ability: Sand Stream|[of] p1a: Gigalith
|
|-weather|Sandstorm|[upkeep]
|-damage|p2a: Scrafty|29/100 psn|[from] Sandstorm
|-heal|p2a: Scrafty|35/100 psn|[from] item: Leftovers
|-heal|p1a: Gigalith|51/100|[from] item: Leftovers
|-damage|p2a: Scrafty|23/100 psn|[from] psn
|upkeep
|turn|28
|
|t:|1631927904
|switch|p1a: Eldegoss|Eldegoss, F|100/100
|-damage|p1a: Eldegoss|88/100|[from] Stealth Rock
|move|p2a: Scrafty|Rest|p2a: Scrafty
|-status|p2a: Scrafty|slp|[from] move: Rest
|-heal|p2a: Scrafty|100/100 slp|[silent]
|
|-weather|Sandstorm|[upkeep]
|-damage|p2a: Scrafty|95/100 slp|[from] Sandstorm
|-damage|p1a: Eldegoss|82/100|[from] Sandstorm
|-heal|p2a: Scrafty|100/100 slp|[from] item: Leftovers
|upkeep
|turn|29
|
|t:|1631927911
|cant|p2a: Scrafty|slp
|move|p1a: Eldegoss|Rapid Spin|p2a: Scrafty
|-damage|p2a: Scrafty|95/100 slp
|-boost|p1a: Eldegoss|spe|1
|-sideend|p1: sugar ovens|Stealth Rock|[from] move: Rapid Spin|[of] p1a: Eldegoss
|
|-weather|Sandstorm|[upkeep]
|-damage|p1a: Eldegoss|76/100|[from] Sandstorm
|-damage|p2a: Scrafty|89/100 slp|[from] Sandstorm
|-heal|p2a: Scrafty|95/100 slp|[from] item: Leftovers
|upkeep
|turn|30
|
|t:|1631927917
|move|p1a: Eldegoss|Leaf Storm|p2a: Scrafty
|-damage|p2a: Scrafty|56/100 slp
|-unboost|p1a: Eldegoss|spa|2
|cant|p2a: Scrafty|slp
|
|-weather|Sandstorm|[upkeep]
|-damage|p1a: Eldegoss|70/100|[from] Sandstorm
|-damage|p2a: Scrafty|50/100 slp|[from] Sandstorm
|-activate|p2a: Scrafty|ability: Shed Skin
|-curestatus|p2a: Scrafty|slp|[msg]
|-heal|p2a: Scrafty|56/100|[from] item: Leftovers
|upkeep
|turn|31
|
|t:|1631927941
|move|p1a: Eldegoss|Leaf Storm|p2a: Scrafty|[miss]
|-miss|p1a: Eldegoss|p2a: Scrafty
|move|p2a: Scrafty|Knock Off|p1a: Eldegoss
|-damage|p1a: Eldegoss|45/100
|
|-weather|none
|-heal|p2a: Scrafty|62/100|[from] item: Leftovers
|upkeep
|turn|32
|
|t:|1631927950
|move|p1a: Eldegoss|Leaf Storm|p2a: Scrafty
|-damage|p2a: Scrafty|40/100
|-unboost|p1a: Eldegoss|spa|2
|move|p2a: Scrafty|Knock Off|p1a: Eldegoss
|-damage|p1a: Eldegoss|19/100
|
|-heal|p2a: Scrafty|46/100|[from] item: Leftovers
|upkeep
|turn|33
|
|t:|1631927956
|move|p1a: Eldegoss|Leaf Storm|p2a: Scrafty
|-damage|p2a: Scrafty|32/100
|-unboost|p1a: Eldegoss|spa|2
|move|p2a: Scrafty|Bulk Up|p2a: Scrafty
|-boost|p2a: Scrafty|atk|1
|-boost|p2a: Scrafty|def|1
|
|-heal|p2a: Scrafty|38/100|[from] item: Leftovers
|upkeep
|turn|34
|
|t:|1631927960
|move|p1a: Eldegoss|Leaf Storm|p2a: Scrafty
|-damage|p2a: Scrafty|27/100
|move|p2a: Scrafty|Rest|p2a: Scrafty
|-status|p2a: Scrafty|slp|[from] move: Rest
|-heal|p2a: Scrafty|100/100 slp|[silent]
|
|upkeep
|turn|35
|
|t:|1631927964
|switch|p1a: Charizard|Charizard, F|28/100
|cant|p2a: Scrafty|slp
|
|upkeep
|turn|36
|
|t:|1631927967
|move|p1a: Charizard|Hurricane|p2a: Scrafty
|-supereffective|p2a: Scrafty
|-damage|p2a: Scrafty|20/100 slp
|cant|p2a: Scrafty|slp
|
|-heal|p2a: Scrafty|26/100 slp|[from] item: Leftovers
|upkeep
|turn|37
|
|t:|1631927976
|move|p1a: Charizard|Flamethrower|p2a: Scrafty
|-damage|p2a: Scrafty|0 fnt
|faint|p2a: Scrafty
|
|upkeep
|c| Ceoh|Rip
|c|☆asa|very radical
|c|☆asa|gg
|-message|asa forfeited.
|
|win|sugar ovens
|n|☆sugar ovens|sugarovens
|n|☆asa|asa
|n|+King Leo V|kingleov
|n| Ceoh|ceoh
|n| AshKetchumReturnz|ashketchumreturnz
|n| Nakatamy|nakatamy
