|j|☆fckmerunning
|j|☆yassy slay
|t:|1654025401
|gametype|singles
|player|p1|fckmerunning|twins-gen2|1331
|player|p2|yassy slay|102|1629
|teamsize|p1|6
|teamsize|p2|6
|gen|8
|tier|[Gen 8] PU
|rated|
|rule|Sleep Clause Mod: Limit one foe put to sleep
|rule|Species Clause: Limit one of each Pokémon
|rule|OHKO Clause: OHKO moves are banned
|rule|Evasion Moves Clause: Evasion moves are banned
|rule|Endless Battle Clause: Forcing endless battles is banned
|rule|HP Percentage Mod: HP is shown in percentages
|rule|Dynamax Clause: You cannot dynamax
|clearpoke
|poke|p1|Uxie|
|poke|p1|Jellicent, M|
|poke|p1|Abomasnow, F|
|poke|p1|Charizard, F|
|poke|p1|Manectric, F|
|poke|p1|Sawk, M|
|poke|p2|Dubwool, F|
|poke|p2|Palossand, F|
|poke|p2|Eldegoss, M|
|poke|p2|Cryogonal|
|poke|p2|Musharna, F|
|poke|p2|Magneton|
|teampreview
|j| NIN0N0
|
|t:|1654025443
|start
|switch|p1a: Jellicent|Jellicent, M|100/100
|switch|p2a: Dubwool|Dubwool, F|100/100
|turn|1
|
|t:|1654025448
|switch|p2a: Eldegoss|Eldegoss, M|100/100
|move|p1a: Jellicent|Trick|p2a: Eldegoss
|-activate|p1a: Jellicent|move: Trick|[of] p2a: Eldegoss
|-item|p2a: Eldegoss|Choice Specs|[from] move: Trick
|-item|p1a: Jellicent|Heavy-Duty Boots|[from] move: Trick
|
|upkeep
|turn|2
|
|t:|1654025456
|switch|p1a: Abomasnow|Abomasnow, F|100/100
|move|p2a: Eldegoss|Sleep Powder|p1a: Abomasnow
|-immune|p1a: Abomasnow
|
|upkeep
|turn|3
|
|t:|1654025463
|switch|p2a: Dubwool|Dubwool, F|100/100
|move|p1a: Abomasnow|Swords Dance|p1a: Abomasnow
|-boost|p1a: Abomasnow|atk|2
|
|upkeep
|turn|4
|
|t:|1654025465
|move|p2a: Dubwool|Body Press|p1a: Abomasnow
|-supereffective|p1a: Abomasnow
|-damage|p1a: Abomasnow|26/100
|move|p1a: Abomasnow|Seed Bomb|p2a: Dubwool
|-damage|p2a: Dubwool|50/100
|
|-heal|p2a: Dubwool|56/100|[from] item: Leftovers
|upkeep
|turn|5
|
|t:|1654025470
|switch|p1a: Jellicent|Jellicent, M|100/100
|move|p2a: Dubwool|Body Press|p1a: Jellicent
|-immune|p1a: Jellicent
|
|-heal|p2a: Dubwool|63/100|[from] item: Leftovers
|upkeep
|turn|6
|
|t:|1654025476
|switch|p2a: Cryogonal|Cryogonal|100/100
|move|p1a: Jellicent|Scald|p2a: Cryogonal
|-damage|p2a: Cryogonal|69/100
|
|upkeep
|turn|7
|
|t:|1654025482
|switch|p1a: Charizard|Charizard, F|100/100
|move|p2a: Cryogonal|Freeze-Dry|p1a: Charizard
|-damage|p1a: Charizard|45/100
|
|upkeep
|turn|8
|
|t:|1654025485
|move|p2a: Cryogonal|Freeze-Dry|p1a: Charizard
|-damage|p1a: Charizard|0 fnt
|faint|p1a: Charizard
|
|upkeep
|
|t:|1654025488
|switch|p1a: Manectric|Manectric, F|100/100
|turn|9
|
|t:|1654025491
|switch|p2a: Musharna|Musharna, F|100/100
|move|p1a: Manectric|Flamethrower|p2a: Musharna
|-damage|p2a: Musharna|85/100
|
|upkeep
|turn|10
|
|t:|1654025497
|switch|p1a: Jellicent|Jellicent, M|100/100
|move|p2a: Musharna|Psyshock|p1a: Jellicent
|-damage|p1a: Jellicent|61/100
|
|upkeep
|turn|11
|
|t:|1654025504
|switch|p2a: Cryogonal|Cryogonal|69/100
|move|p1a: Jellicent|Shadow Ball|p2a: Cryogonal
|-damage|p2a: Cryogonal|37/100
|
|upkeep
|turn|12
|
|t:|1654025513
|switch|p1a: Uxie|Uxie|100/100
|move|p2a: Cryogonal|Ice Beam|p1a: Uxie
|-crit|p1a: Uxie
|-damage|p1a: Uxie|39/100
|
|upkeep
|turn|13
|
|t:|1654025516
|move|p2a: Cryogonal|Ice Beam|p1a: Uxie
|-damage|p1a: Uxie|0 fnt
|faint|p1a: Uxie
|
|upkeep
|
|t:|1654025518
|switch|p1a: Sawk|Sawk, M|100/100
|-ability|p1a: Sawk|Mold Breaker
|turn|14
|
|t:|1654025521
|switch|p2a: Palossand|Palossand, F|100/100
|move|p1a: Sawk|Knock Off|p2a: Palossand
|-supereffective|p2a: Palossand
|-enditem|p2a: Palossand|Colbur Berry|[eat]
|-enditem|p2a: Palossand|Colbur Berry|[weaken]
|-damage|p2a: Palossand|58/100
|
|upkeep
|turn|15
|
|t:|1654025529
|switch|p1a: Abomasnow|Abomasnow, F|26/100
|move|p2a: Palossand|Shore Up|p2a: Palossand
|-heal|p2a: Palossand|100/100
|
|upkeep
|turn|16
|
|t:|1654025531
|switch|p2a: Dubwool|Dubwool, F|63/100
|move|p1a: Abomasnow|Swords Dance|p1a: Abomasnow
|-boost|p1a: Abomasnow|atk|2
|
|-heal|p2a: Dubwool|69/100|[from] item: Leftovers
|upkeep
|turn|17
|
|t:|1654025533
|switch|p1a: Jellicent|Jellicent, M|61/100
|move|p2a: Dubwool|Body Press|p1a: Jellicent
|-immune|p1a: Jellicent
|
|-heal|p2a: Dubwool|75/100|[from] item: Leftovers
|upkeep
|turn|18
|
|t:|1654025537
|switch|p2a: Eldegoss|Eldegoss, M|100/100
|move|p1a: Jellicent|Scald|p2a: Eldegoss
|-resisted|p2a: Eldegoss
|-damage|p2a: Eldegoss|86/100
|
|upkeep
|turn|19
|
|t:|1654025542
|switch|p1a: Abomasnow|Abomasnow, F|26/100
|move|p2a: Eldegoss|Giga Drain|p1a: Abomasnow
|-resisted|p1a: Abomasnow
|-damage|p1a: Abomasnow|0 fnt
|-heal|p2a: Eldegoss|99/100|[from] drain|[of] p1a: Abomasnow
|faint|p1a: Abomasnow
|
|upkeep
|
|t:|1654025545
|switch|p1a: Jellicent|Jellicent, M|61/100
|turn|20
|
|t:|1654025547
|move|p1a: Jellicent|Ice Beam|p2a: Eldegoss
|-supereffective|p2a: Eldegoss
|-damage|p2a: Eldegoss|52/100
|move|p2a: Eldegoss|Giga Drain|p1a: Jellicent
|-supereffective|p1a: Jellicent
|-damage|p1a: Jellicent|0 fnt
|-heal|p2a: Eldegoss|84/100|[from] drain|[of] p1a: Jellicent
|faint|p1a: Jellicent
|
|upkeep
|
|t:|1654025549
|switch|p1a: Manectric|Manectric, F|100/100
|turn|21
|-message|fckmerunning forfeited.
|
|win|yassy slay
|raw|fckmerunning's rating: 1331 &rarr; <strong>1325</strong><br />(-6 for losing)
|raw|yassy slay's rating: 1629 &rarr; <strong>1635</strong><br />(+6 for winning)
|l|☆fckmerunning
||Ladder isn't responding, score probably updated but might not have (Request timeout).
