|raw|<div class="broadcast-blue"><strong>This battle is required to be public due to a player having a name starting with 'pult4c1'.</div>
|j|☆PULT4C1 Carmin
|j|☆pult4c1 shane
|t:|1660936903
|gametype|singles
|player|p1|PULT4C1 Carmin|firebreather|1486
|player|p2|pult4c1 shane|veteran|1600
|teamsize|p1|6
|teamsize|p2|6
|gen|8
|tier|[Gen 8] PU
|rated|
|rule|Sleep Clause Mod: Limit one foe put to sleep
|rule|Species Clause: Limit one of each Pokémon
|rule|OHKO Clause: OHKO moves are banned
|rule|Evasion Items Clause: Evasion items are banned
|rule|Evasion Moves Clause: Evasion moves are banned
|rule|Endless Battle Clause: Forcing endless battles is banned
|rule|HP Percentage Mod: HP is shown in percentages
|rule|Dynamax Clause: You cannot dynamax
|clearpoke
|poke|p1|Golduck, M|
|poke|p1|Kangaskhan, F|
|poke|p1|Aromatisse, M|
|poke|p1|Avalugg, F|
|poke|p1|Doublade, F|
|poke|p1|Altaria, F|
|poke|p2|Abomasnow, M|
|poke|p2|Wishiwashi, M|
|poke|p2|Weezing, F|
|poke|p2|Gigalith, M|
|poke|p2|Ribombee, M|
|poke|p2|Charizard, M|
|teampreview
|inactive|Battle timer is ON: inactive players will automatically lose when time's up. (requested by pult4c1 shane)
|inactive|PULT4C1 Carmin also wants the timer to be on.
|c|☆PULT4C1 Carmin|smart timing
|
|t:|1660936925
|start
|switch|p1a: Golduck|Golduck, M|100/100
|switch|p2a: Abomasnow|Abomasnow, M|100/100
|-ability|p1a: Golduck|Cloud Nine
|-weather|Hail|[from] ability: Snow Warning|[of] p2a: Abomasnow
|turn|1
|
|t:|1660936943
|move|p1a: Golduck|Flip Turn|p2a: Abomasnow
|-resisted|p2a: Abomasnow
|-damage|p2a: Abomasnow|91/100
|
|t:|1660936963
|switch|p1a: Kangaskhan|Kangaskhan, F|100/100|[from]move: Flip Turn
|move|p2a: Abomasnow|Blizzard|p1a: Kangaskhan
|-damage|p1a: Kangaskhan|11/100
|
|-weather|Hail|[upkeep]
|-damage|p1a: Kangaskhan|5/100|[from] Hail
|upkeep
|turn|2
|
|t:|1660936973
|switch|p1a: Golduck|Golduck, M|100/100
|-ability|p1a: Golduck|Cloud Nine
|switch|p2a: Gigalith|Gigalith, M|100/100
|-weather|Sandstorm|[from] ability: Sand Stream|[of] p2a: Gigalith
|
|-weather|Sandstorm|[upkeep]
|upkeep
|turn|3
|
|t:|1660936978
|switch|p2a: Wishiwashi|Wishiwashi, M|100/100
|-formechange|p2a: Wishiwashi|Wishiwashi-School||[from] ability: Schooling
|move|p1a: Golduck|Surf|p2a: Wishiwashi
|-resisted|p2a: Wishiwashi
|-damage|p2a: Wishiwashi|74/100
|
|-weather|Sandstorm|[upkeep]
|-heal|p2a: Wishiwashi|80/100|[from] item: Leftovers
|upkeep
|turn|4
|
|t:|1660936983
|move|p1a: Golduck|Surf|p2a: Wishiwashi
|-resisted|p2a: Wishiwashi
|-damage|p2a: Wishiwashi|53/100
|move|p2a: Wishiwashi|U-turn|p1a: Golduck
|-damage|p1a: Golduck|69/100
|
|t:|1660936988
|switch|p2a: Abomasnow|Abomasnow, M|91/100|[from]move: U-turn
|-weather|Hail|[from] ability: Snow Warning|[of] p2a: Abomasnow
|
|-weather|Hail|[upkeep]
|upkeep
|turn|5
|
|t:|1660937012
|switch|p1a: Kangaskhan|Kangaskhan, F|5/100
|move|p2a: Abomasnow|Giga Drain|p1a: Kangaskhan
|-damage|p1a: Kangaskhan|0 fnt
|-heal|p2a: Abomasnow|93/100|[from] drain|[of] p1a: Kangaskhan
|faint|p1a: Kangaskhan
|
|-weather|Hail|[upkeep]
|upkeep
|
|t:|1660937018
|switch|p1a: Altaria|Altaria, F|100/100
|turn|6
|
|t:|1660937025
|switch|p2a: Gigalith|Gigalith, M|100/100
|-weather|Sandstorm|[from] ability: Sand Stream|[of] p2a: Gigalith
|move|p1a: Altaria|Toxic|p2a: Gigalith
|-status|p2a: Gigalith|tox
|
|-weather|Sandstorm|[upkeep]
|-damage|p1a: Altaria|94/100|[from] Sandstorm
|-damage|p2a: Gigalith|94/100 tox|[from] psn
|upkeep
|turn|7
|j| xskelly34
|
|t:|1660937032
|switch|p1a: Avalugg|Avalugg, F|100/100
|move|p2a: Gigalith|Stealth Rock|p1a: Avalugg
|-sidestart|p1: PULT4C1 Carmin|move: Stealth Rock
|
|-weather|Sandstorm|[upkeep]
|-damage|p1a: Avalugg|94/100|[from] Sandstorm
|-heal|p2a: Gigalith|100/100 tox|[from] item: Leftovers
|-damage|p2a: Gigalith|88/100 tox|[from] psn
|upkeep
|turn|8
|
|t:|1660937038
|switch|p2a: Weezing|Weezing, F|100/100
|move|p1a: Avalugg|Rapid Spin|p2a: Weezing
|-damage|p2a: Weezing|88/100
|-boost|p1a: Avalugg|spe|1
|-sideend|p1: PULT4C1 Carmin|Stealth Rock|[from] move: Rapid Spin|[of] p1a: Avalugg
|
|-weather|Sandstorm|[upkeep]
|-damage|p2a: Weezing|82/100|[from] Sandstorm
|-damage|p1a: Avalugg|88/100|[from] Sandstorm
|-heal|p2a: Weezing|88/100|[from] item: Black Sludge
|upkeep
|turn|9
|
|t:|1660937044
|switch|p1a: Golduck|Golduck, M|69/100
|-ability|p1a: Golduck|Cloud Nine
|move|p2a: Weezing|Toxic Spikes|p1a: Golduck
|-sidestart|p1: PULT4C1 Carmin|move: Toxic Spikes
|
|-weather|Sandstorm|[upkeep]
|-heal|p2a: Weezing|94/100|[from] item: Black Sludge
|upkeep
|turn|10
|
|t:|1660937060
|switch|p2a: Wishiwashi|Wishiwashi, M|53/100
|-formechange|p2a: Wishiwashi|Wishiwashi-School||[from] ability: Schooling
|move|p1a: Golduck|Surf|p2a: Wishiwashi
|-resisted|p2a: Wishiwashi
|-damage|p2a: Wishiwashi|27/100
|
|-weather|none
|-heal|p2a: Wishiwashi|33/100|[from] item: Leftovers
|upkeep
|turn|11
|
|t:|1660937066
|move|p1a: Golduck|Surf|p2a: Wishiwashi
|-resisted|p2a: Wishiwashi
|-damage|p2a: Wishiwashi|5/100
|move|p2a: Wishiwashi|Rest|p2a: Wishiwashi
|-status|p2a: Wishiwashi|slp|[from] move: Rest
|-heal|p2a: Wishiwashi|100/100 slp|[silent]
|
|upkeep
|turn|12
|
|t:|1660937071
|switch|p2a: Abomasnow|Abomasnow, M|93/100
|-weather|Hail|[from] ability: Snow Warning|[of] p2a: Abomasnow
|move|p1a: Golduck|Surf|p2a: Abomasnow
|-resisted|p2a: Abomasnow
|-damage|p2a: Abomasnow|52/100
|
|-weather|Hail|[upkeep]
|upkeep
|turn|13
|
|t:|1660937075
|switch|p1a: Doublade|Doublade, F|100/100
|move|p2a: Abomasnow|Giga Drain|p1a: Doublade
|-resisted|p1a: Doublade
|-damage|p1a: Doublade|67/100
|-heal|p2a: Abomasnow|68/100|[from] drain|[of] p1a: Doublade
|
|-weather|Hail|[upkeep]
|-damage|p1a: Doublade|60/100|[from] Hail
|upkeep
|turn|14
|
|t:|1660937086
|move|p2a: Abomasnow|Giga Drain|p1a: Doublade
|-resisted|p1a: Doublade
|-damage|p1a: Doublade|23/100
|-heal|p2a: Abomasnow|85/100|[from] drain|[of] p1a: Doublade
|move|p1a: Doublade|Iron Head|p2a: Abomasnow
|-supereffective|p2a: Abomasnow
|-damage|p2a: Abomasnow|0 fnt
|faint|p2a: Abomasnow
|
|-weather|Hail|[upkeep]
|-damage|p1a: Doublade|17/100|[from] Hail
|upkeep
|
|t:|1660937097
|switch|p2a: Charizard|Charizard, M|100/100
|turn|15
|
|t:|1660937099
|switch|p1a: Altaria|Altaria, F|94/100
|move|p2a: Charizard|Flamethrower|p1a: Altaria
|-resisted|p1a: Altaria
|-damage|p1a: Altaria|82/100
|
|-weather|Hail|[upkeep]
|-damage|p2a: Charizard|94/100|[from] Hail
|-damage|p1a: Altaria|76/100|[from] Hail
|upkeep
|turn|16
|
|t:|1660937104
|switch|p2a: Ribombee|Ribombee, M|100/100
|move|p1a: Altaria|Defog|p2a: Ribombee
|-unboost|p2a: Ribombee|evasion|1
|-sideend|p1: PULT4C1 Carmin|Toxic Spikes|[from] move: Defog|[of] p1a: Altaria
|
|-weather|none
|upkeep
|turn|17
|
|t:|1660937106
|move|p2a: Ribombee|Quiver Dance|p2a: Ribombee
|-boost|p2a: Ribombee|spa|1
|-boost|p2a: Ribombee|spd|1
|-boost|p2a: Ribombee|spe|1
|move|p1a: Altaria|Toxic|p2a: Ribombee
|-status|p2a: Ribombee|tox
|
|-damage|p2a: Ribombee|95/100 tox|[from] psn
|upkeep
|turn|18
|
|t:|1660937112
|switch|p1a: Aromatisse|Aromatisse, M|100/100
|move|p2a: Ribombee|Aromatherapy|p2a: Ribombee
|-activate|p2a: Ribombee|move: Aromatherapy
|-curestatus|p2a: Ribombee|tox|[msg]
|-curestatus|p2: Wishiwashi|slp|[msg]
|-curestatus|p2: Gigalith|tox|[msg]
|
|upkeep
|turn|19
|
|t:|1660937119
|move|p2a: Ribombee|Quiver Dance|p2a: Ribombee
|-boost|p2a: Ribombee|spa|1
|-boost|p2a: Ribombee|spd|1
|-boost|p2a: Ribombee|spe|1
|move|p1a: Aromatisse|Wish|p1a: Aromatisse
|
|upkeep
|turn|20
|
|t:|1660937126
|switch|p1a: Avalugg|Avalugg, F|88/100
|move|p2a: Ribombee|Moonblast|p1a: Avalugg
|-damage|p1a: Avalugg|0 fnt
|faint|p1a: Avalugg
|
|upkeep
|
|t:|1660937132
|switch|p1a: Doublade|Doublade, F|17/100
|turn|21
|
|t:|1660937133
|move|p2a: Ribombee|Moonblast|p1a: Doublade
|-resisted|p1a: Doublade
|-damage|p1a: Doublade|0 fnt
|faint|p1a: Doublade
|
|upkeep
|-message|PULT4C1 Carmin forfeited.
|
|win|pult4c1 shane
|raw|PULT4C1 Carmin's rating: 1486 &rarr; <strong>1470</strong><br />(-16 for losing)
|raw|pult4c1 shane's rating: 1565 &rarr; <strong>1581</strong><br />(+16 for winning)
|l|☆PULT4C1 Carmin
||Ladder isn't responding, score probably updated but might not have (Request timeout).
