|j|☆yolo gamer xd
|j|☆Firifirific
|t:|1603057704
|player|p1|yolo gamer xd|red|
|player|p2|Firifirific|artist|
|teamsize|p1|6
|teamsize|p2|6
|gametype|singles
|gen|8
|tier|[Gen 8] PU
|clearpoke
|poke|p1|Avalugg, M|
|poke|p1|Dugtrio-Alola, F|
|poke|p1|Gourgeist-*, M|
|poke|p1|Lickilicky, M|
|poke|p1|Lilligant, F|
|poke|p1|Throh, M|
|poke|p2|Lurantis, F|
|poke|p2|Grookey, F|
|poke|p2|Drifblim, F|
|poke|p2|Avalugg, M|
|poke|p2|Manectric, M|
|poke|p2|Silvally-*|
|rule|Sleep Clause Mod: Limit one foe put to sleep
|rule|Species Clause: Limit one of each Pokémon
|rule|OHKO Clause: OHKO moves are banned
|rule|Evasion Moves Clause: Evasion moves are banned
|rule|Endless Battle Clause: Forcing endless battles is banned
|rule|HP Percentage Mod: HP is shown in percentages
|rule|Dynamax Clause: You cannot dynamax
|teampreview
|c|☆yolo gamer xd|hey
|c|☆yolo gamer xd|hf
|
|t:|1603057717
|start
|switch|p1a: Lickilicky|Lickilicky, M, shiny|100/100
|switch|p2a: Grookey|Grookey, F|100/100
|-fieldstart|move: Grassy Terrain|[from] ability: Grassy Surge|[of] p2a: Grookey
|turn|1
|j| corey2
|c|☆Firifirific|U2
|
|t:|1603057730
|move|p2a: Grookey|Knock Off|p1a: Lickilicky
|-damage|p1a: Lickilicky|82/100
|-enditem|p1a: Lickilicky|Leftovers|[from] move: Knock Off|[of] p2a: Grookey
|move|p1a: Lickilicky|Knock Off|p2a: Grookey
|-damage|p2a: Grookey|57/100
|-enditem|p2a: Grookey|Terrain Extender|[from] move: Knock Off|[of] p1a: Lickilicky
|
|-heal|p2a: Grookey|63/100|[from] Grassy Terrain
|-heal|p1a: Lickilicky|88/100|[from] Grassy Terrain
|upkeep
|turn|2
|l| corey2
|
|t:|1603057748
|move|p2a: Grookey|U-turn|p1a: Lickilicky
|-damage|p1a: Lickilicky|73/100
|
|t:|1603057751
|switch|p2a: Lurantis|Lurantis, F|100/100|[from]move: U-turn
|move|p1a: Lickilicky|Toxic|p2a: Lurantis
|-status|p2a: Lurantis|tox
|
|-heal|p1a: Lickilicky|79/100|[from] Grassy Terrain
|-damage|p2a: Lurantis|94/100 tox|[from] psn
|upkeep
|turn|3
|
|t:|1603057761
|switch|p1a: Gourgeist|Gourgeist-Super, M, shiny|100/100
|-item|p2a: Lurantis|Assault Vest|[from] ability: Frisk|[of] p1a: Gourgeist|[identify]
|move|p2a: Lurantis|Superpower|p1a: Gourgeist
|-immune|p1a: Gourgeist
|
|-heal|p2a: Lurantis|100/100 tox|[from] Grassy Terrain
|-damage|p2a: Lurantis|88/100 tox|[from] psn
|upkeep
|turn|4
|
|t:|1603057778
|switch|p1a: Throh|Throh, M|100/100
|switch|p2a: Drifblim|Drifblim, F|100/100
|-enditem|p2a: Drifblim|Grassy Seed
|-boost|p2a: Drifblim|def|1|[from] item: Grassy Seed
|
|upkeep
|turn|5
|
|t:|1603057792
|switch|p1a: Lickilicky|Lickilicky, M, shiny|79/100
|move|p2a: Drifblim|Strength Sap|p1a: Lickilicky
|-unboost|p1a: Lickilicky|atk|1
|
|-heal|p1a: Lickilicky|85/100|[from] Grassy Terrain
|upkeep
|turn|6
|
|t:|1603057803
|switch|p2a: Silvally|Silvally-Poison|100/100
|move|p1a: Lickilicky|Toxic|p2a: Silvally|[miss]
|-miss|p1a: Lickilicky|p2a: Silvally
|
|-heal|p1a: Lickilicky|92/100|[from] Grassy Terrain
|upkeep
|turn|7
|
|t:|1603057811
|move|p1a: Lickilicky|Protect|p1a: Lickilicky
|-singleturn|p1a: Lickilicky|Protect
|move|p2a: Silvally|Parting Shot|p1a: Lickilicky
|-activate|p1a: Lickilicky|move: Protect
|
|-heal|p1a: Lickilicky|98/100|[from] Grassy Terrain
|upkeep
|turn|8
|
|t:|1603057819
|move|p2a: Silvally|Toxic|p1a: Lickilicky
|-status|p1a: Lickilicky|tox
|move|p1a: Lickilicky|Toxic|p2a: Silvally
|-immune|p2a: Silvally
|
|-heal|p1a: Lickilicky|100/100 tox|[from] Grassy Terrain
|-fieldend|move: Grassy Terrain
|-damage|p1a: Lickilicky|94/100 tox|[from] psn
|upkeep
|turn|9
|
|t:|1603057831
|switch|p1a: Throh|Throh, M|100/100
|move|p2a: Silvally|Surf|p1a: Throh
|-damage|p1a: Throh|88/100
|
|-heal|p1a: Throh|94/100|[from] item: Leftovers
|upkeep
|turn|10
|
|t:|1603057843
|move|p2a: Silvally|Parting Shot|p1a: Throh
|-unboost|p1a: Throh|atk|1
|-unboost|p1a: Throh|spa|1
|
|t:|1603057847
|switch|p2a: Drifblim|Drifblim, F|100/100|[from]move: Parting Shot
|move|p1a: Throh|Circle Throw|p2a: Drifblim
|-immune|p2a: Drifblim
|
|-heal|p1a: Throh|99/100|[from] item: Leftovers
|upkeep
|turn|11
|
|t:|1603057856
|switch|p1a: Dugtrio|Dugtrio-Alola, F|100/100
|move|p2a: Drifblim|Shadow Ball|p1a: Dugtrio
|-damage|p1a: Dugtrio|29/100
|
|-heal|p1a: Dugtrio|35/100|[from] item: Leftovers
|upkeep
|turn|12
|
|t:|1603057868
|switch|p2a: Avalugg|Avalugg, M, shiny|100/100
|move|p1a: Dugtrio|Toxic|p2a: Avalugg
|-status|p2a: Avalugg|tox
|
|-heal|p1a: Dugtrio|41/100|[from] item: Leftovers
|-damage|p2a: Avalugg|94/100 tox|[from] psn
|upkeep
|turn|13
|
|t:|1603057881
|switch|p1a: Throh|Throh, M|99/100
|move|p2a: Avalugg|Avalanche|p1a: Throh
|-damage|p1a: Throh|81/100
|
|-heal|p1a: Throh|87/100|[from] item: Leftovers
|-damage|p2a: Avalugg|82/100 tox|[from] psn
|upkeep
|turn|14
|
|t:|1603057893
|switch|p2a: Drifblim|Drifblim, F|100/100
|move|p1a: Throh|Knock Off|p2a: Drifblim
|-supereffective|p2a: Drifblim
|-damage|p2a: Drifblim|55/100
|
|-heal|p1a: Throh|93/100|[from] item: Leftovers
|upkeep
|turn|15
|
|t:|1603057904
|switch|p1a: Lilligant|Lilligant, F, shiny|100/100
|move|p2a: Drifblim|Strength Sap|p1a: Lilligant
|-unboost|p1a: Lilligant|atk|1
|-heal|p2a: Drifblim|81/100
|
|upkeep
|turn|16
|
|t:|1603057912
|switch|p2a: Grookey|Grookey, F|63/100
|-fieldstart|move: Grassy Terrain|[from] ability: Grassy Surge|[of] p2a: Grookey
|move|p1a: Lilligant|Sleep Powder|p2a: Grookey
|-immune|p2a: Grookey
|
|-heal|p2a: Grookey|69/100|[from] Grassy Terrain
|upkeep
|turn|17
|
|t:|1603057922
|switch|p2a: Silvally|Silvally-Poison|100/100
|move|p1a: Lilligant|Pollen Puff|p2a: Silvally
|-resisted|p2a: Silvally
|-damage|p2a: Silvally|91/100
|
|-heal|p2a: Silvally|97/100|[from] Grassy Terrain
|upkeep
|turn|18
|
|t:|1603057933
|switch|p2a: Grookey|Grookey, F|69/100
|move|p1a: Lilligant|Sleep Powder|p2a: Grookey
|-immune|p2a: Grookey
|
|-heal|p2a: Grookey|75/100|[from] Grassy Terrain
|upkeep
|turn|19
|
|t:|1603057941
|move|p1a: Lilligant|Pollen Puff|p2a: Grookey
|-supereffective|p2a: Grookey
|-damage|p2a: Grookey|0 fnt
|faint|p2a: Grookey
|
|upkeep
|
|t:|1603057956
|switch|p2a: Lurantis|Lurantis, F|88/100 tox
|turn|20
|
|t:|1603057965
|switch|p1a: Gourgeist|Gourgeist-Super, M, shiny|100/100
|-item|p2a: Lurantis|Assault Vest|[from] ability: Frisk|[of] p1a: Gourgeist|[identify]
|move|p2a: Lurantis|Leech Life|p1a: Gourgeist
|-damage|p1a: Gourgeist|84/100
|-heal|p2a: Lurantis|97/100 tox|[from] drain|[of] p1a: Gourgeist
|
|-heal|p1a: Gourgeist|91/100|[from] item: Leftovers
|-heal|p1a: Gourgeist|97/100|[from] Grassy Terrain
|-heal|p2a: Lurantis|100/100 tox|[from] Grassy Terrain
|-fieldend|move: Grassy Terrain
|-damage|p2a: Lurantis|94/100 tox|[from] psn
|upkeep
|turn|21
|
|t:|1603057979
|move|p1a: Gourgeist|Power Whip|p2a: Lurantis
|-resisted|p2a: Lurantis
|-damage|p2a: Lurantis|73/100 tox
|move|p2a: Lurantis|Knock Off|p1a: Gourgeist
|-supereffective|p1a: Gourgeist
|-damage|p1a: Gourgeist|58/100
|-enditem|p1a: Gourgeist|Leftovers|[from] move: Knock Off|[of] p2a: Lurantis
|
|-damage|p2a: Lurantis|61/100 tox|[from] psn
|upkeep
|turn|22
|
|t:|1603057990
|switch|p2a: Avalugg|Avalugg, M, shiny|82/100 tox
|move|p1a: Gourgeist|Synthesis|p1a: Gourgeist
|-heal|p1a: Gourgeist|100/100
|
|-damage|p2a: Avalugg|76/100 tox|[from] psn
|upkeep
|turn|23
|
|t:|1603058002
|switch|p1a: Avalugg|Avalugg, M, shiny|100/100
|switch|p2a: Silvally|Silvally-Poison|97/100
|
|upkeep
|turn|24
|
|t:|1603058008
|switch|p1a: Throh|Throh, M|93/100
|move|p2a: Silvally|Toxic|p1a: Throh
|-status|p1a: Throh|tox
|
|-heal|p1a: Throh|99/100 tox|[from] item: Leftovers
|-damage|p1a: Throh|93/100 tox|[from] psn
|upkeep
|turn|25
|
|t:|1603058018
|move|p2a: Silvally|Parting Shot|p1a: Throh
|-unboost|p1a: Throh|atk|1
|-unboost|p1a: Throh|spa|1
|
|t:|1603058021
|switch|p2a: Drifblim|Drifblim, F|81/100|[from]move: Parting Shot
|move|p1a: Throh|Rest|p1a: Throh
|-status|p1a: Throh|slp|[from] move: Rest
|-heal|p1a: Throh|100/100 slp|[silent]
|
|upkeep
|turn|26
|
|t:|1603058030
|switch|p1a: Lickilicky|Lickilicky, M, shiny|94/100 tox
|move|p2a: Drifblim|Calm Mind|p2a: Drifblim
|-boost|p2a: Drifblim|spa|1
|-boost|p2a: Drifblim|spd|1
|
|-damage|p1a: Lickilicky|88/100 tox|[from] psn
|upkeep
|turn|27
|
|t:|1603058038
|switch|p2a: Silvally|Silvally-Poison|97/100
|move|p1a: Lickilicky|Toxic|p2a: Silvally
|-immune|p2a: Silvally
|
|-damage|p1a: Lickilicky|76/100 tox|[from] psn
|upkeep
|turn|28
|
|t:|1603058049
|switch|p1a: Throh|Throh, M|100/100 slp
|move|p2a: Silvally|Parting Shot|p1a: Throh
|-unboost|p1a: Throh|atk|1
|-unboost|p1a: Throh|spa|1
|
|t:|1603058058
|switch|p2a: Manectric|Manectric, M|100/100|[from]move: Parting Shot
|
|upkeep
|turn|29
|
|t:|1603058076
|switch|p1a: Avalugg|Avalugg, M, shiny|100/100
|move|p2a: Manectric|Switcheroo|p1a: Avalugg
|-activate|p2a: Manectric|move: Trick|[of] p1a: Avalugg
|-item|p1a: Avalugg|Choice Scarf|[from] move: Switcheroo
|-item|p2a: Manectric|Heavy-Duty Boots|[from] move: Switcheroo
|
|upkeep
|turn|30
|
|t:|1603058085
|switch|p2a: Avalugg|Avalugg, M, shiny|76/100 tox
|move|p1a: Avalugg|Toxic|p2a: Avalugg
|-fail|p2a: Avalugg|tox
|
|-damage|p2a: Avalugg|70/100 tox|[from] psn
|upkeep
|turn|31
|
|t:|1603058096
|switch|p1a: Lilligant|Lilligant, F, shiny|100/100
|move|p2a: Avalugg|Recover|p2a: Avalugg
|-heal|p2a: Avalugg|100/100 tox
|
|-damage|p2a: Avalugg|88/100 tox|[from] psn
|upkeep
|turn|32
|
|t:|1603058107
|switch|p1a: Avalugg|Avalugg, M, shiny|100/100
|move|p2a: Avalugg|Avalanche|p1a: Avalugg
|-resisted|p1a: Avalugg
|-damage|p1a: Avalugg|96/100
|
|-damage|p2a: Avalugg|70/100 tox|[from] psn
|upkeep
|turn|33
|
|t:|1603058118
|switch|p1a: Lilligant|Lilligant, F, shiny|100/100
|switch|p2a: Drifblim|Drifblim, F|81/100
|
|upkeep
|turn|34
|
|t:|1603058130
|switch|p2a: Avalugg|Avalugg, M, shiny|70/100 tox
|move|p1a: Lilligant|Sleep Powder||[still]
|-fail|p1a: Lilligant
|
|-damage|p2a: Avalugg|64/100 tox|[from] psn
|upkeep
|turn|35
|
|t:|1603058139
|move|p1a: Lilligant|Giga Drain|p2a: Avalugg
|-damage|p2a: Avalugg|13/100 tox
|move|p2a: Avalugg|Body Press|p1a: Lilligant
|-damage|p1a: Lilligant|41/100
|
|-heal|p1a: Lilligant|47/100|[from] item: Leftovers
|-damage|p2a: Avalugg|0 fnt|[from] psn
|faint|p2a: Avalugg
|upkeep
|
|t:|1603058149
|switch|p2a: Manectric|Manectric, M|100/100
|turn|36
|
|t:|1603058157
|switch|p1a: Avalugg|Avalugg, M, shiny|96/100
|move|p2a: Manectric|Flamethrower|p1a: Avalugg
|-supereffective|p1a: Avalugg
|-damage|p1a: Avalugg|5/100
|
|upkeep
|turn|37
|
|t:|1603058166
|move|p2a: Manectric|Flamethrower|p1a: Avalugg
|-supereffective|p1a: Avalugg
|-damage|p1a: Avalugg|0 fnt
|faint|p1a: Avalugg
|
|upkeep
|
|t:|1603058168
|switch|p1a: Dugtrio|Dugtrio-Alola, F|41/100
|turn|38
|
|t:|1603058178
|switch|p2a: Lurantis|Lurantis, F|61/100 tox
|move|p1a: Dugtrio|Substitute|p1a: Dugtrio
|-start|p1a: Dugtrio|Substitute
|-damage|p1a: Dugtrio|17/100
|
|-heal|p1a: Dugtrio|23/100|[from] item: Leftovers
|-damage|p2a: Lurantis|55/100 tox|[from] psn
|upkeep
|turn|39
|
|t:|1603058187
|move|p1a: Dugtrio|Iron Head|p2a: Lurantis
|-damage|p2a: Lurantis|16/100 tox
|move|p2a: Lurantis|Superpower|p1a: Dugtrio
|-supereffective|p1a: Dugtrio
|-end|p1a: Dugtrio|Substitute
|-boost|p2a: Lurantis|atk|1
|-boost|p2a: Lurantis|def|1
|
|-heal|p1a: Dugtrio|29/100|[from] item: Leftovers
|-damage|p2a: Lurantis|4/100 tox|[from] psn
|upkeep
|turn|40
|j| corey2
|
|t:|1603058200
|move|p1a: Dugtrio|Iron Head|p2a: Lurantis
|-damage|p2a: Lurantis|0 fnt
|faint|p2a: Lurantis
|
|-heal|p1a: Dugtrio|35/100|[from] item: Leftovers
|upkeep
|
|t:|1603058210
|switch|p2a: Manectric|Manectric, M|100/100
|turn|41
|
|t:|1603058216
|move|p1a: Dugtrio|Earthquake|p2a: Manectric
|-supereffective|p2a: Manectric
|-damage|p2a: Manectric|0 fnt
|faint|p2a: Manectric
|
|-heal|p1a: Dugtrio|41/100|[from] item: Leftovers
|upkeep
|
|t:|1603058223
|switch|p2a: Drifblim|Drifblim, F|81/100
|turn|42
|
|t:|1603058235
|move|p1a: Dugtrio|Iron Head|p2a: Drifblim
|-damage|p2a: Drifblim|27/100
|cant|p2a: Drifblim|flinch
|
|-heal|p1a: Dugtrio|47/100|[from] item: Leftovers
|upkeep
|turn|43
|c|☆yolo gamer xd|gg
|
|t:|1603058244
|move|p1a: Dugtrio|Iron Head|p2a: Drifblim
|-damage|p2a: Drifblim|0 fnt
|faint|p2a: Drifblim
|
|-heal|p1a: Dugtrio|54/100|[from] item: Leftovers
|upkeep
|c|☆Firifirific|Gg
|
|t:|1603058251
|switch|p2a: Silvally|Silvally-Poison|97/100
|turn|44
|
|t:|1603058255
|move|p1a: Dugtrio|Earthquake|p2a: Silvally
|-supereffective|p2a: Silvally
|-damage|p2a: Silvally|16/100
|move|p2a: Silvally|Surf|p1a: Dugtrio
|-supereffective|p1a: Dugtrio
|-damage|p1a: Dugtrio|0 fnt
|faint|p1a: Dugtrio
|
|upkeep
|
|t:|1603058263
|switch|p1a: Lilligant|Lilligant, F, shiny|47/100
|turn|45
|
|t:|1603058267
|switch|p1a: Throh|Throh, M|100/100 slp
|move|p2a: Silvally|Multi-Attack|p1a: Throh
|-damage|p1a: Throh|70/100 slp
|
|-heal|p1a: Throh|76/100 slp|[from] item: Leftovers
|upkeep
|turn|46
|l| corey2
|
|t:|1603058276
|move|p2a: Silvally|Multi-Attack|p1a: Throh
|-damage|p1a: Throh|43/100 slp
|cant|p1a: Throh|slp
|move|p1a: Throh|Sleep Talk|p1a: Throh
|move|p1a: Throh|Knock Off|p2a: Silvally|[from]Sleep Talk
|-damage|p2a: Silvally|0 fnt
|faint|p2a: Silvally
|
|win|yolo gamer xd
|c|☆yolo gamer xd|have a good day
|c|☆Firifirific|U2
|l|☆Firifirific
