|j|☆Tintincpajouer
|j|☆CarlosSpicyweiner0
|t:|1633183183
|gametype|singles
|player|p1|Tintincpajouer|2|1306
|player|p2|CarlosSpicyweiner0|1|1358
|teamsize|p1|6
|teamsize|p2|6
|gen|8
|tier|[Gen 8] PU
|rated|
|rule|Sleep Clause Mod: Limit one foe put to sleep
|rule|Species Clause: Limit one of each Pokémon
|rule|OHKO Clause: OHKO moves are banned
|rule|Evasion Moves Clause: Evasion moves are banned
|rule|Endless Battle Clause: Forcing endless battles is banned
|rule|HP Percentage Mod: HP is shown in percentages
|rule|Dynamax Clause: You cannot dynamax
|clearpoke
|poke|p1|Flapple, M|
|poke|p1|Aggron, M|
|poke|p1|Haunter, F|
|poke|p1|Swoobat, F|
|poke|p1|Hitmonlee, M|
|poke|p1|Froslass, F|
|poke|p2|Charizard, M|
|poke|p2|Morpeko, F|
|poke|p2|Uxie|
|poke|p2|Whimsicott, M|
|poke|p2|Druddigon, F|
|poke|p2|Jolteon, F|
|teampreview
|c|☆Tintincpajouer|hf
|
|t:|1633183191
|start
|switch|p1a: Froslass|Froslass, F|100/100
|switch|p2a: Jolteon|Jolteon, F|100/100
|turn|1
|inactive|Battle timer is ON: inactive players will automatically lose when time's up. (requested by Tintincpajouer)
|inactive|CarlosSpicyweiner0 also wants the timer to be on.
|
|t:|1633183197
|move|p2a: Jolteon|Volt Switch|p1a: Froslass
|-damage|p1a: Froslass|28/100
|-start|p2a: Jolteon|Disable|Volt Switch|[from] ability: Cursed Body|[of] p1a: Froslass
|
|t:|1633183201
|switch|p2a: Druddigon|Druddigon, F|100/100|[from]move: Volt Switch
|move|p1a: Froslass|Spikes|p2a: Druddigon
|-sidestart|p2: CarlosSpicyweiner0|Spikes
|
|upkeep
|turn|2
|
|t:|1633183207
|move|p1a: Froslass|Ice Beam|p2a: Druddigon
|-supereffective|p2a: Druddigon
|-damage|p2a: Druddigon|31/100
|move|p2a: Druddigon|Dragon Tail|p1a: Froslass
|-damage|p1a: Froslass|0 fnt
|faint|p1a: Froslass
|
|upkeep
|
|t:|1633183220
|switch|p1a: Haunter|Haunter, F|100/100
|turn|3
|
|t:|1633183234
|switch|p2a: Uxie|Uxie|100/100
|move|p1a: Haunter|Sludge Wave|p2a: Uxie
|-damage|p2a: Uxie|72/100
|
|-heal|p2a: Uxie|78/100|[from] item: Leftovers
|upkeep
|turn|4
|
|t:|1633183247
|switch|p1a: Swoobat|Swoobat, F|100/100
|move|p2a: Uxie|Knock Off|p1a: Swoobat
|-supereffective|p1a: Swoobat
|-damage|p1a: Swoobat|30/100
|-enditem|p1a: Swoobat|Heavy-Duty Boots|[from] move: Knock Off|[of] p2a: Uxie
|
|-heal|p2a: Uxie|84/100|[from] item: Leftovers
|upkeep
|turn|5
|l|☆CarlosSpicyweiner0
|inactive|CarlosSpicyweiner0 disconnected and has a minute to reconnect!
|player|p2|
|inactive|CarlosSpicyweiner0 has 30 seconds to reconnect!
|j|☆CarlosSpicyweiner0
|inactive|CarlosSpicyweiner0 reconnected and has 105 seconds left.
|player|p2|CarlosSpicyweiner0|1
|
|t:|1633183301
|move|p1a: Swoobat|Air Slash|p2a: Uxie
|-damage|p2a: Uxie|68/100
|cant|p2a: Uxie|flinch
|
|-heal|p2a: Uxie|74/100|[from] item: Leftovers
|upkeep
|turn|6
|
|t:|1633183307
|move|p1a: Swoobat|Air Slash|p2a: Uxie
|-damage|p2a: Uxie|56/100
|cant|p2a: Uxie|flinch
|
|-heal|p2a: Uxie|62/100|[from] item: Leftovers
|upkeep
|turn|7
|
|t:|1633183314
|move|p1a: Swoobat|Air Slash|p2a: Uxie
|-damage|p2a: Uxie|47/100
|move|p2a: Uxie|Stealth Rock|p1a: Swoobat
|-sidestart|p1: Tintincpajouer|move: Stealth Rock
|
|-heal|p2a: Uxie|53/100|[from] item: Leftovers
|upkeep
|turn|8
|
|t:|1633183320
|move|p1a: Swoobat|Air Slash|p2a: Uxie
|-damage|p2a: Uxie|37/100
|move|p2a: Uxie|Knock Off|p1a: Swoobat
|-supereffective|p1a: Swoobat
|-damage|p1a: Swoobat|0 fnt
|faint|p1a: Swoobat
|
|-heal|p2a: Uxie|43/100|[from] item: Leftovers
|upkeep
|
|t:|1633183328
|switch|p1a: Haunter|Haunter, F|100/100
|-damage|p1a: Haunter|88/100|[from] Stealth Rock
|turn|9
|inactive|CarlosSpicyweiner0 has 120 seconds left.
|
|t:|1633183340
|move|p1a: Haunter|Shadow Ball|p2a: Uxie
|-supereffective|p2a: Uxie
|-damage|p2a: Uxie|0 fnt
|faint|p2a: Uxie
|
|upkeep
|inactive|CarlosSpicyweiner0 has 120 seconds left.
|
|t:|1633183346
|switch|p2a: Morpeko|Morpeko, F|100/100
|-damage|p2a: Morpeko|88/100|[from] Spikes
|turn|10
|
|t:|1633183350
|switch|p1a: Aggron|Aggron, M|100/100
|-damage|p1a: Aggron|94/100|[from] Stealth Rock
|move|p2a: Morpeko|Rapid Spin|p1a: Aggron
|-resisted|p1a: Aggron
|-damage|p1a: Aggron|92/100
|-boost|p2a: Morpeko|spe|1
|-sideend|p2: CarlosSpicyweiner0|Spikes|[from] move: Rapid Spin|[of] p2a: Morpeko
|
|-heal|p2a: Morpeko|94/100|[from] item: Leftovers
|-heal|p1a: Aggron|98/100|[from] item: Leftovers
|-formechange|p2a: Morpeko|Morpeko-Hangry||[from] ability: Hunger Switch
|upkeep
|turn|11
|j| ii77
|
|t:|1633183363
|move|p2a: Morpeko|Parting Shot|p1a: Aggron
|-unboost|p1a: Aggron|atk|1
|-unboost|p1a: Aggron|spa|1
|
|t:|1633183367
|switch|p2a: Druddigon|Druddigon, F|31/100|[from]move: Parting Shot
|move|p1a: Aggron|Stealth Rock|p2a: Druddigon
|-sidestart|p2: CarlosSpicyweiner0|move: Stealth Rock
|
|-heal|p1a: Aggron|100/100|[from] item: Leftovers
|upkeep
|turn|12
|
|t:|1633183374
|move|p2a: Druddigon|Rest|p2a: Druddigon
|-status|p2a: Druddigon|slp|[from] move: Rest
|-heal|p2a: Druddigon|100/100 slp|[silent]
|move|p1a: Aggron|Iron Head|p2a: Druddigon
|-damage|p2a: Druddigon|80/100 slp
|-damage|p1a: Aggron|88/100|[from] ability: Rough Skin|[of] p2a: Druddigon
|-damage|p1a: Aggron|72/100|[from] item: Rocky Helmet|[of] p2a: Druddigon
|
|-heal|p1a: Aggron|78/100|[from] item: Leftovers
|upkeep
|turn|13
|
|t:|1633183385
|switch|p1a: Flapple|Flapple, M|100/100
|-damage|p1a: Flapple|88/100|[from] Stealth Rock
|cant|p2a: Druddigon|slp
|move|p2a: Druddigon|Sleep Talk|p2a: Druddigon
|move|p2a: Druddigon|Toxic|p1a: Flapple|[from]move: Sleep Talk
|-status|p1a: Flapple|tox
|
|-damage|p1a: Flapple|82/100 tox|[from] psn
|upkeep
|turn|14
|
|t:|1633183396
|move|p1a: Flapple|Dragon Dance|p1a: Flapple
|-boost|p1a: Flapple|atk|1
|-boost|p1a: Flapple|spe|1
|cant|p2a: Druddigon|slp
|move|p2a: Druddigon|Sleep Talk|p2a: Druddigon
|move|p2a: Druddigon|Dragon Tail|p1a: Flapple|[from]move: Sleep Talk
|-supereffective|p1a: Flapple
|-damage|p1a: Flapple|17/100 tox
|drag|p1a: Haunter|Haunter, F|88/100
|-damage|p1a: Haunter|75/100|[from] Stealth Rock
|
|upkeep
|turn|15
|inactive|CarlosSpicyweiner0 has 120 seconds left.
|inactive|CarlosSpicyweiner0 has 90 seconds left.
|
|t:|1633183461
|switch|p2a: Whimsicott|Whimsicott, M|100/100
|move|p1a: Haunter|Sludge Wave|p2a: Whimsicott
|-supereffective|p2a: Whimsicott
|-damage|p2a: Whimsicott|0 fnt
|faint|p2a: Whimsicott
|
|upkeep
|
|t:|1633183474
|switch|p2a: Jolteon|Jolteon, F|100/100
|-damage|p2a: Jolteon|88/100|[from] Stealth Rock
|turn|16
|
|t:|1633183479
|move|p1a: Haunter|Sludge Wave|p2a: Jolteon
|-damage|p2a: Jolteon|26/100
|-status|p2a: Jolteon|psn
|move|p2a: Jolteon|Thunderbolt|p1a: Haunter
|-damage|p1a: Haunter|0 fnt
|faint|p1a: Haunter
|
|-damage|p2a: Jolteon|14/100 psn|[from] psn
|upkeep
|
|t:|1633183490
|switch|p1a: Flapple|Flapple, M|17/100 tox
|-damage|p1a: Flapple|5/100 tox|[from] Stealth Rock
|turn|17
|inactive|CarlosSpicyweiner0 has 90 seconds left.
|
|t:|1633183508
|switch|p2a: Druddigon|Druddigon, F|80/100 slp
|-damage|p2a: Druddigon|68/100 slp|[from] Stealth Rock
|move|p1a: Flapple|Sucker Punch||[still]
|-fail|p1a: Flapple
|
|-damage|p1a: Flapple|0 fnt|[from] psn
|faint|p1a: Flapple
|upkeep
|
|t:|1633183524
|switch|p1a: Hitmonlee|Hitmonlee, M|100/100
|-damage|p1a: Hitmonlee|94/100|[from] Stealth Rock
|turn|18
|
|t:|1633183528
|move|p1a: Hitmonlee|High Jump Kick|p2a: Druddigon
|-damage|p2a: Druddigon|0 fnt
|-damage|p1a: Hitmonlee|82/100|[from] ability: Rough Skin|[of] p2a: Druddigon
|-damage|p1a: Hitmonlee|65/100|[from] item: Rocky Helmet|[of] p2a: Druddigon
|faint|p2a: Druddigon
|
|upkeep
|
|t:|1633183538
|switch|p2a: Jolteon|Jolteon, F|14/100 psn
|-damage|p2a: Jolteon|2/100 psn|[from] Stealth Rock
|turn|19
|
|t:|1633183544
|switch|p1a: Aggron|Aggron, M|78/100
|-damage|p1a: Aggron|72/100|[from] Stealth Rock
|move|p2a: Jolteon|Thunderbolt|p1a: Aggron
|-damage|p1a: Aggron|2/100
|
|-heal|p1a: Aggron|8/100|[from] item: Leftovers
|-damage|p2a: Jolteon|0 fnt|[from] psn
|faint|p2a: Jolteon
|upkeep
|
|t:|1633183553
|switch|p2a: Morpeko|Morpeko, F|94/100
|-damage|p2a: Morpeko|82/100|[from] Stealth Rock
|turn|20
|
|t:|1633183558
|move|p2a: Morpeko|Rapid Spin|p1a: Aggron
|-resisted|p1a: Aggron
|-damage|p1a: Aggron|6/100
|-boost|p2a: Morpeko|spe|1
|-sideend|p2: CarlosSpicyweiner0|Stealth Rock|[from] move: Rapid Spin|[of] p2a: Morpeko
|move|p1a: Aggron|Earthquake|p2a: Morpeko
|-supereffective|p2a: Morpeko
|-damage|p2a: Morpeko|0 fnt
|faint|p2a: Morpeko
|
|-heal|p1a: Aggron|12/100|[from] item: Leftovers
|upkeep
|inactive|CarlosSpicyweiner0 has 120 seconds left.
|
|t:|1633183568
|switch|p2a: Charizard|Charizard, M|100/100
|turn|21
|c|☆Tintincpajouer|nice play
|
|t:|1633183576
|move|p2a: Charizard|Earthquake|p1a: Aggron
|-supereffective|p1a: Aggron
|-damage|p1a: Aggron|0 fnt
|faint|p1a: Aggron
|
|upkeep
|
|t:|1633183583
|switch|p1a: Hitmonlee|Hitmonlee, M|65/100
|-damage|p1a: Hitmonlee|59/100|[from] Stealth Rock
|turn|22
|
|t:|1633183588
|move|p2a: Charizard|Substitute|p2a: Charizard
|-start|p2a: Charizard|Substitute
|-damage|p2a: Charizard|75/100
|move|p1a: Hitmonlee|Knock Off|p2a: Charizard
|-end|p2a: Charizard|Substitute
|
|upkeep
|turn|23
|
|t:|1633183595
|move|p2a: Charizard|Substitute|p2a: Charizard
|-start|p2a: Charizard|Substitute
|-damage|p2a: Charizard|50/100
|move|p1a: Hitmonlee|Knock Off|p2a: Charizard
|-end|p2a: Charizard|Substitute
|
|upkeep
|turn|24
|
|t:|1633183601
|move|p2a: Charizard|Substitute|p2a: Charizard
|-start|p2a: Charizard|Substitute
|-damage|p2a: Charizard|25/100
|-enditem|p2a: Charizard|Salac Berry|[eat]
|-boost|p2a: Charizard|spe|1|[from] item: Salac Berry
|move|p1a: Hitmonlee|Knock Off|p2a: Charizard
|-end|p2a: Charizard|Substitute
|
|upkeep
|turn|25
|
|t:|1633183608
|move|p2a: Charizard|Fire Punch|p1a: Hitmonlee
|-damage|p1a: Hitmonlee|0 fnt
|faint|p1a: Hitmonlee
|
|win|CarlosSpicyweiner0
|raw|Tintincpajouer's rating: 1306 &rarr; <strong>1289</strong><br />(-17 for losing)
|raw|CarlosSpicyweiner0's rating: 1358 &rarr; <strong>1375</strong><br />(+17 for winning)
|c|☆CarlosSpicyweiner0|gg
|c|☆Tintincpajouer|gg
|l|☆CarlosSpicyweiner0
|l|☆Tintincpajouer
