|html|<div class="broadcast-blue"><strong>[Gen 8] PU is currently suspecting Virizion! For information on how to participate check out the <a href="https://www.smogon.com/forums/threads/np-pu-stage-4-and-justice-for-all-virizion-suspect-test.3676543/">suspect thread</a>.</strong></div>
|j|☆Vst tur
|j|☆Chinchou01
|t:|1611986154
|player|p1|Vst tur|proton|1340
|player|p2|Chinchou01|dahlia|1232
|teamsize|p1|6
|teamsize|p2|6
|gametype|singles
|gen|8
|tier|[Gen 8] PU
|rated|
|clearpoke
|poke|p1|Weezing, M|
|poke|p1|Vaporeon, F|
|poke|p1|Talonflame, M|
|poke|p1|Gigalith, F|
|poke|p1|Aromatisse, M|
|poke|p1|Rotom|
|poke|p2|Gigalith, M|
|poke|p2|Appletun, M|
|poke|p2|Vaporeon, F|
|poke|p2|Talonflame, M|
|poke|p2|Silvally-*|
|poke|p2|Weezing, F|
|rule|Sleep Clause Mod: Limit one foe put to sleep
|rule|Species Clause: Limit one of each Pokémon
|rule|OHKO Clause: OHKO moves are banned
|rule|Evasion Moves Clause: Evasion moves are banned
|rule|Endless Battle Clause: Forcing endless battles is banned
|rule|HP Percentage Mod: HP is shown in percentages
|rule|Dynamax Clause: You cannot dynamax
|teampreview
|inactive|Battle timer is ON: inactive players will automatically lose when time's up. (requested by Vst tur)
|inactive|Chinchou01 also wants the timer to be on.
|
|t:|1611986167
|start
|switch|p1a: Weezing|Weezing, M|100/100
|switch|p2a: Appletun|Appletun, M|100/100
|turn|1
|
|t:|1611986175
|switch|p1a: Aromatisse|Aromatisse, M|100/100
|move|p2a: Appletun|Draco Meteor|p1a: Aromatisse
|-immune|p1a: Aromatisse
|
|upkeep
|turn|2
|
|t:|1611986178
|switch|p2a: Silvally|Silvally-Steel|100/100
|move|p1a: Aromatisse|Moonblast|p2a: Silvally
|-resisted|p2a: Silvally
|-damage|p2a: Silvally|88/100
|-unboost|p2a: Silvally|spa|1
|
|upkeep
|turn|3
|
|t:|1611986183
|switch|p1a: Talonflame|Talonflame, M|100/100
|move|p2a: Silvally|Parting Shot|p1a: Talonflame
|-unboost|p1a: Talonflame|atk|1
|-unboost|p1a: Talonflame|spa|1
|
|t:|1611986189
|switch|p2a: Gigalith|Gigalith, M|100/100|[from]move: Parting Shot
|-weather|Sandstorm|[from] ability: Sand Stream|[of] p2a: Gigalith
|
|-weather|Sandstorm|[upkeep]
|-damage|p1a: Talonflame|94/100|[from] Sandstorm
|upkeep
|turn|4
|
|t:|1611986197
|move|p1a: Talonflame|U-turn|p2a: Gigalith
|-damage|p2a: Gigalith|93/100
|
|t:|1611986200
|switch|p1a: Vaporeon|Vaporeon, F|100/100|[from]move: U-turn
|move|p2a: Gigalith|Toxic|p1a: Vaporeon
|-status|p1a: Vaporeon|tox
|
|-weather|Sandstorm|[upkeep]
|-damage|p1a: Vaporeon|94/100 tox|[from] Sandstorm
|-heal|p1a: Vaporeon|100/100 tox|[from] item: Leftovers
|-heal|p2a: Gigalith|99/100|[from] item: Leftovers
|-damage|p1a: Vaporeon|94/100 tox|[from] psn
|upkeep
|turn|5
|
|t:|1611986204
|move|p1a: Vaporeon|Heal Bell|p1a: Vaporeon
|-activate|p1a: Vaporeon|move: Heal Bell
|-curestatus|p1a: Vaporeon|tox|[msg]
|move|p2a: Gigalith|Stealth Rock|p1a: Vaporeon
|-sidestart|p1: Vst tur|move: Stealth Rock
|
|-weather|Sandstorm|[upkeep]
|-damage|p1a: Vaporeon|88/100|[from] Sandstorm
|-heal|p1a: Vaporeon|94/100|[from] item: Leftovers
|-heal|p2a: Gigalith|100/100|[from] item: Leftovers
|upkeep
|turn|6
|
|t:|1611986208
|switch|p2a: Appletun|Appletun, M|100/100
|move|p1a: Vaporeon|Scald|p2a: Appletun
|-resisted|p2a: Appletun
|-damage|p2a: Appletun|92/100
|
|-weather|Sandstorm|[upkeep]
|-damage|p1a: Vaporeon|88/100|[from] Sandstorm
|-damage|p2a: Appletun|86/100|[from] Sandstorm
|-heal|p1a: Vaporeon|94/100|[from] item: Leftovers
|upkeep
|turn|7
|
|t:|1611986216
|move|p1a: Vaporeon|Protect|p1a: Vaporeon
|-singleturn|p1a: Vaporeon|Protect
|move|p2a: Appletun|Apple Acid|p1a: Vaporeon
|-activate|p1a: Vaporeon|move: Protect
|
|-weather|none
|-heal|p1a: Vaporeon|100/100|[from] item: Leftovers
|upkeep
|turn|8
|
|t:|1611986222
|switch|p1a: Talonflame|Talonflame, M|94/100
|switch|p2a: Silvally|Silvally-Steel|88/100
|
|upkeep
|turn|9
|
|t:|1611986227
|switch|p2a: Gigalith|Gigalith, M|100/100
|-weather|Sandstorm|[from] ability: Sand Stream|[of] p2a: Gigalith
|move|p1a: Talonflame|Will-O-Wisp|p2a: Gigalith
|-status|p2a: Gigalith|brn
|
|-weather|Sandstorm|[upkeep]
|-damage|p1a: Talonflame|88/100|[from] Sandstorm
|-damage|p2a: Gigalith|94/100 brn|[from] brn
|upkeep
|turn|10
|
|t:|1611986245
|move|p1a: Talonflame|U-turn|p2a: Gigalith
|-damage|p2a: Gigalith|84/100 brn
|inactive|Vst tur has 120 seconds left.
|
|t:|1611986269
|switch|p1a: Weezing|Weezing, M|100/100|[from]move: U-turn
|-damage|p1a: Weezing|88/100|[from] Stealth Rock
|move|p2a: Gigalith|Toxic|p1a: Weezing
|-immune|p1a: Weezing
|
|-weather|Sandstorm|[upkeep]
|-damage|p1a: Weezing|82/100|[from] Sandstorm
|-heal|p1a: Weezing|88/100|[from] item: Black Sludge
|-heal|p2a: Gigalith|90/100 brn|[from] item: Leftovers
|-damage|p2a: Gigalith|84/100 brn|[from] brn
|upkeep
|turn|11
|
|t:|1611986276
|switch|p2a: Weezing|Weezing, F|100/100
|move|p1a: Weezing|Toxic Spikes|p2a: Weezing
|-sidestart|p2: Chinchou01|move: Toxic Spikes
|
|-weather|Sandstorm|[upkeep]
|-damage|p1a: Weezing|82/100|[from] Sandstorm
|-damage|p2a: Weezing|95/100|[from] Sandstorm
|-heal|p1a: Weezing|88/100|[from] item: Black Sludge
|-heal|p2a: Weezing|100/100|[from] item: Black Sludge
|upkeep
|turn|12
|
|t:|1611986284
|switch|p1a: Rotom|Rotom|100/100
|move|p2a: Weezing|Taunt|p1a: Rotom
|-start|p1a: Rotom|move: Taunt
|
|-weather|Sandstorm|[upkeep]
|-damage|p1a: Rotom|95/100|[from] Sandstorm
|-damage|p2a: Weezing|95/100|[from] Sandstorm
|-heal|p2a: Weezing|100/100|[from] item: Black Sludge
|upkeep
|turn|13
|
|t:|1611986291
|move|p1a: Rotom|Volt Switch|p2a: Weezing
|-damage|p2a: Weezing|67/100
|
|t:|1611986294
|switch|p1a: Weezing|Weezing, M|88/100|[from]move: Volt Switch
|-damage|p1a: Weezing|76/100|[from] Stealth Rock
|move|p2a: Weezing|Sludge Bomb|p1a: Weezing
|-resisted|p1a: Weezing
|-damage|p1a: Weezing|59/100
|
|-weather|none
|-heal|p2a: Weezing|73/100|[from] item: Black Sludge
|-heal|p1a: Weezing|65/100|[from] item: Black Sludge
|upkeep
|turn|14
|
|t:|1611986297
|switch|p1a: Rotom|Rotom|95/100
|move|p2a: Weezing|Taunt|p1a: Rotom
|-start|p1a: Rotom|move: Taunt
|
|-heal|p2a: Weezing|79/100|[from] item: Black Sludge
|upkeep
|turn|15
|
|t:|1611986302
|switch|p2a: Gigalith|Gigalith, M|84/100 brn
|-weather|Sandstorm|[from] ability: Sand Stream|[of] p2a: Gigalith
|move|p1a: Rotom|Hex|p2a: Gigalith
|-damage|p2a: Gigalith|64/100 brn
|
|-weather|Sandstorm|[upkeep]
|-damage|p1a: Rotom|89/100|[from] Sandstorm
|-heal|p2a: Gigalith|70/100 brn|[from] item: Leftovers
|-damage|p2a: Gigalith|64/100 brn|[from] brn
|upkeep
|turn|16
|
|t:|1611986312
|switch|p2a: Silvally|Silvally-Steel|88/100
|move|p1a: Rotom|Volt Switch|p2a: Silvally
|-damage|p2a: Silvally|68/100
|
|t:|1611986318
|switch|p1a: Talonflame|Talonflame, M|88/100|[from]move: Volt Switch
|
|-weather|Sandstorm|[upkeep]
|-damage|p1a: Talonflame|82/100|[from] Sandstorm
|upkeep
|turn|17
|
|t:|1611986322
|switch|p2a: Vaporeon|Vaporeon, F|100/100
|-status|p2a: Vaporeon|psn
|move|p1a: Talonflame|Will-O-Wisp|p2a: Vaporeon|[miss]
|-miss|p1a: Talonflame|p2a: Vaporeon
|
|-weather|Sandstorm|[upkeep]
|-damage|p1a: Talonflame|76/100|[from] Sandstorm
|-damage|p2a: Vaporeon|94/100 psn|[from] Sandstorm
|-heal|p2a: Vaporeon|100/100 psn|[from] item: Leftovers
|-damage|p2a: Vaporeon|88/100 psn|[from] psn
|upkeep
|turn|18
|
|t:|1611986327
|move|p1a: Talonflame|Brave Bird|p2a: Vaporeon
|-damage|p2a: Vaporeon|64/100 psn
|-damage|p1a: Talonflame|66/100|[from] Recoil
|move|p2a: Vaporeon|Heal Bell|p2a: Vaporeon
|-activate|p2a: Vaporeon|move: Heal Bell
|-curestatus|p2a: Vaporeon|psn|[msg]
|-curestatus|p2: Gigalith|brn|[msg]
|
|-weather|Sandstorm|[upkeep]
|-damage|p1a: Talonflame|60/100|[from] Sandstorm
|-damage|p2a: Vaporeon|58/100|[from] Sandstorm
|-heal|p2a: Vaporeon|64/100|[from] item: Leftovers
|upkeep
|turn|19
|
|t:|1611986334
|move|p1a: Talonflame|U-turn|p2a: Vaporeon
|-crit|p2a: Vaporeon
|-damage|p2a: Vaporeon|49/100
|
|t:|1611986340
|switch|p1a: Rotom|Rotom|89/100|[from]move: U-turn
|move|p2a: Vaporeon|Wish|p2a: Vaporeon
|
|-weather|none
|-heal|p2a: Vaporeon|55/100|[from] item: Leftovers
|upkeep
|turn|20
|
|t:|1611986348
|move|p2a: Vaporeon|Protect|p2a: Vaporeon
|-singleturn|p2a: Vaporeon|Protect
|move|p1a: Rotom|Will-O-Wisp|p2a: Vaporeon
|-activate|p2a: Vaporeon|move: Protect
|
|-heal|p2a: Vaporeon|100/100|[from] move: Wish|[wisher] Vaporeon
|upkeep
|turn|21
|inactive|Chinchou01 has 120 seconds left.
|
|t:|1611986394
|move|p1a: Rotom|Volt Switch|p2a: Vaporeon
|-supereffective|p2a: Vaporeon
|-damage|p2a: Vaporeon|67/100
|
|t:|1611986408
|switch|p1a: Vaporeon|Vaporeon, F|100/100|[from]move: Volt Switch
|-damage|p1a: Vaporeon|88/100|[from] Stealth Rock
|move|p2a: Vaporeon|Wish|p2a: Vaporeon
|
|-heal|p1a: Vaporeon|94/100|[from] item: Leftovers
|-heal|p2a: Vaporeon|73/100|[from] item: Leftovers
|upkeep
|turn|22
|
|t:|1611986416
|switch|p2a: Silvally|Silvally-Steel|68/100
|move|p1a: Vaporeon|Wish|p1a: Vaporeon
|
|-heal|p2a: Silvally|100/100|[from] move: Wish|[wisher] Vaporeon
|-heal|p1a: Vaporeon|100/100|[from] item: Leftovers
|upkeep
|turn|23
|
|t:|1611986431
|move|p2a: Silvally|Defog|p1a: Vaporeon
|-unboost|p1a: Vaporeon|evasion|1
|-sideend|p1: Vst tur|Stealth Rock|[from] move: Defog|[of] p2a: Silvally
|-sideend|p2: Chinchou01|Toxic Spikes|[from] move: Defog|[of] p2a: Silvally
|move|p1a: Vaporeon|Scald|p2a: Silvally
|-damage|p2a: Silvally|76/100
|
|upkeep
|turn|24
|
|t:|1611986442
|switch|p2a: Appletun|Appletun, M|86/100
|move|p1a: Vaporeon|Wish|p1a: Vaporeon
|
|upkeep
|turn|25
|
|t:|1611986453
|switch|p1a: Aromatisse|Aromatisse, M|100/100
|move|p2a: Appletun|Apple Acid|p1a: Aromatisse
|-damage|p1a: Aromatisse|51/100
|-unboost|p1a: Aromatisse|spd|1
|
|-heal|p1a: Aromatisse|100/100|[from] move: Wish|[wisher] Vaporeon
|upkeep
|turn|26
|inactive|Chinchou01 has 120 seconds left.
|inactive|Chinchou01 has 90 seconds left.
|
|t:|1611986500
|switch|p1a: Talonflame|Talonflame, M|60/100
|move|p2a: Appletun|Apple Acid|p1a: Talonflame
|-resisted|p1a: Talonflame
|-damage|p1a: Talonflame|39/100
|-unboost|p1a: Talonflame|spd|1
|
|upkeep
|turn|27
|inactive|Chinchou01 has 90 seconds left.
|
|t:|1611986528
|switch|p2a: Vaporeon|Vaporeon, F|73/100
|move|p1a: Talonflame|Roost|p1a: Talonflame
|-heal|p1a: Talonflame|90/100
|-singleturn|p1a: Talonflame|move: Roost
|
|-heal|p2a: Vaporeon|79/100|[from] item: Leftovers
|upkeep
|turn|28
|
|t:|1611986530
|move|p1a: Talonflame|U-turn|p2a: Vaporeon
|-crit|p2a: Vaporeon
|-damage|p2a: Vaporeon|64/100
|
|t:|1611986533
|switch|p1a: Vaporeon|Vaporeon, F|100/100|[from]move: U-turn
|move|p2a: Vaporeon|Wish|p2a: Vaporeon
|
|-heal|p2a: Vaporeon|71/100|[from] item: Leftovers
|upkeep
|turn|29
|
|t:|1611986536
|switch|p2a: Gigalith|Gigalith, M|64/100
|-weather|Sandstorm|[from] ability: Sand Stream|[of] p2a: Gigalith
|move|p1a: Vaporeon|Wish|p1a: Vaporeon
|
|-weather|Sandstorm|[upkeep]
|-damage|p1a: Vaporeon|94/100|[from] Sandstorm
|-heal|p2a: Gigalith|100/100|[from] move: Wish|[wisher] Vaporeon
|-heal|p1a: Vaporeon|100/100|[from] item: Leftovers
|upkeep
|turn|30
|inactive|Chinchou01 has 120 seconds left.
|
|t:|1611986544
|switch|p1a: Weezing|Weezing, M|65/100
|move|p2a: Gigalith|Stealth Rock|p1a: Weezing
|-sidestart|p1: Vst tur|move: Stealth Rock
|
|-weather|Sandstorm|[upkeep]
|-damage|p1a: Weezing|59/100|[from] Sandstorm
|-heal|p1a: Weezing|100/100|[from] move: Wish|[wisher] Vaporeon
|upkeep
|turn|31
|inactive|Chinchou01 has 120 seconds left.
|inactive|Chinchou01 has 90 seconds left.
|inactive|Chinchou01 has 60 seconds left.
|inactive|Chinchou01 has 30 seconds left.
|
|t:|1611986644
|switch|p2a: Appletun|Appletun, M|86/100
|move|p1a: Weezing|Toxic Spikes|p2a: Appletun
|-sidestart|p2: Chinchou01|move: Toxic Spikes
|
|-weather|Sandstorm|[upkeep]
|-damage|p1a: Weezing|95/100|[from] Sandstorm
|-damage|p2a: Appletun|80/100|[from] Sandstorm
|-heal|p1a: Weezing|100/100|[from] item: Black Sludge
|upkeep
|turn|32
|
|t:|1611986674
|switch|p1a: Aromatisse|Aromatisse, M|100/100
|-damage|p1a: Aromatisse|88/100|[from] Stealth Rock
|move|p2a: Appletun|Apple Acid|p1a: Aromatisse
|-damage|p1a: Aromatisse|39/100
|-unboost|p1a: Aromatisse|spd|1
|
|-weather|Sandstorm|[upkeep]
|-damage|p2a: Appletun|74/100|[from] Sandstorm
|-damage|p1a: Aromatisse|33/100|[from] Sandstorm
|-heal|p1a: Aromatisse|39/100|[from] item: Leftovers
|upkeep
|turn|33
|
|t:|1611986681
|switch|p1a: Talonflame|Talonflame, M|90/100
|move|p2a: Appletun|Apple Acid|p1a: Talonflame
|-resisted|p1a: Talonflame
|-damage|p1a: Talonflame|72/100
|-unboost|p1a: Talonflame|spd|1
|
|-weather|none
|upkeep
|turn|34
|
|t:|1611986696
|switch|p2a: Talonflame|Talonflame, M|100/100
|move|p1a: Talonflame|Brave Bird|p2a: Talonflame
|-damage|p2a: Talonflame|47/100
|-damage|p1a: Talonflame|58/100|[from] Recoil
|
|upkeep
|turn|35
|
|t:|1611986704
|move|p2a: Talonflame|Brave Bird|p1a: Talonflame
|-damage|p1a: Talonflame|7/100
|-damage|p2a: Talonflame|27/100|[from] Recoil
|move|p1a: Talonflame|Brave Bird|p2a: Talonflame
|-damage|p2a: Talonflame|0 fnt
|-damage|p1a: Talonflame|0 fnt|[from] Recoil
|faint|p2a: Talonflame
|faint|p1a: Talonflame
|
|upkeep
|
|t:|1611986715
|switch|p2a: Gigalith|Gigalith, M|100/100
|switch|p1a: Gigalith|Gigalith, F|100/100
|-damage|p1a: Gigalith|88/100|[from] Stealth Rock
|-weather|Sandstorm|[from] ability: Sand Stream|[of] p1a: Gigalith
|-status|p2a: Gigalith|psn
|turn|36
|
|t:|1611986721
|move|p1a: Gigalith|Earthquake|p2a: Gigalith
|-supereffective|p2a: Gigalith
|-damage|p2a: Gigalith|53/100 psn
|move|p2a: Gigalith|Toxic|p1a: Gigalith|[miss]
|-miss|p2a: Gigalith|p1a: Gigalith
|
|-weather|Sandstorm|[upkeep]
|-heal|p1a: Gigalith|94/100|[from] item: Leftovers
|-heal|p2a: Gigalith|60/100 psn|[from] item: Leftovers
|-damage|p2a: Gigalith|47/100 psn|[from] psn
|upkeep
|turn|37
|inactive|Vst tur has 120 seconds left.
|
|t:|1611986759
|switch|p2a: Weezing|Weezing, F|79/100
|move|p1a: Gigalith|Earthquake|p2a: Weezing
|-immune|p2a: Weezing|[from] ability: Levitate
|
|-weather|Sandstorm|[upkeep]
|-damage|p2a: Weezing|73/100|[from] Sandstorm
|-heal|p2a: Weezing|79/100|[from] item: Black Sludge
|-heal|p1a: Gigalith|100/100|[from] item: Leftovers
|upkeep
|turn|38
|
|t:|1611986767
|switch|p1a: Weezing|Weezing, M|100/100
|-damage|p1a: Weezing|88/100|[from] Stealth Rock
|move|p2a: Weezing|Will-O-Wisp|p1a: Weezing
|-status|p1a: Weezing|brn
|
|-weather|Sandstorm|[upkeep]
|-damage|p2a: Weezing|73/100|[from] Sandstorm
|-damage|p1a: Weezing|82/100 brn|[from] Sandstorm
|-heal|p2a: Weezing|79/100|[from] item: Black Sludge
|-heal|p1a: Weezing|88/100 brn|[from] item: Black Sludge
|-damage|p1a: Weezing|82/100 brn|[from] brn
|upkeep
|turn|39
|inactive|Vst tur has 120 seconds left.
|
|t:|1611986793
|move|p2a: Weezing|Taunt|p1a: Weezing
|-start|p1a: Weezing|move: Taunt
|cant|p1a: Weezing|move: Taunt|Toxic Spikes
|
|-weather|Sandstorm|[upkeep]
|-damage|p1a: Weezing|76/100 brn|[from] Sandstorm
|-damage|p2a: Weezing|73/100|[from] Sandstorm
|-heal|p2a: Weezing|79/100|[from] item: Black Sludge
|-heal|p1a: Weezing|82/100 brn|[from] item: Black Sludge
|-damage|p1a: Weezing|76/100 brn|[from] brn
|upkeep
|turn|40
|
|t:|1611986816
|switch|p1a: Rotom|Rotom|89/100
|move|p2a: Weezing|Taunt|p1a: Rotom
|-start|p1a: Rotom|move: Taunt
|
|-weather|none
|-heal|p2a: Weezing|85/100|[from] item: Black Sludge
|upkeep
|turn|41
|
|t:|1611986821
|move|p1a: Rotom|Volt Switch|p2a: Weezing
|-damage|p2a: Weezing|52/100
|
|t:|1611986824
|switch|p1a: Weezing|Weezing, M|76/100 brn|[from]move: Volt Switch
|-damage|p1a: Weezing|64/100 brn|[from] Stealth Rock
|move|p2a: Weezing|Sludge Bomb|p1a: Weezing
|-resisted|p1a: Weezing
|-damage|p1a: Weezing|45/100 brn
|
|-heal|p2a: Weezing|58/100|[from] item: Black Sludge
|-heal|p1a: Weezing|51/100 brn|[from] item: Black Sludge
|-damage|p1a: Weezing|45/100 brn|[from] brn
|upkeep
|turn|42
|
|t:|1611986828
|switch|p1a: Rotom|Rotom|89/100
|move|p2a: Weezing|Taunt|p1a: Rotom
|-start|p1a: Rotom|move: Taunt
|
|-heal|p2a: Weezing|64/100|[from] item: Black Sludge
|upkeep
|turn|43
|
|t:|1611986840
|move|p1a: Rotom|Hex|p2a: Weezing
|-damage|p2a: Weezing|31/100
|move|p2a: Weezing|Sludge Bomb|p1a: Rotom
|-resisted|p1a: Rotom
|-damage|p1a: Rotom|68/100
|-status|p1a: Rotom|psn
|
|-heal|p2a: Weezing|37/100|[from] item: Black Sludge
|-damage|p1a: Rotom|56/100 psn|[from] psn
|upkeep
|turn|44
|inactive|Chinchou01 has 90 seconds left.
|
|t:|1611986880
|move|p1a: Rotom|Volt Switch|p2a: Weezing
|-damage|p2a: Weezing|6/100
|
|t:|1611986888
|switch|p1a: Gigalith|Gigalith, F|100/100|[from]move: Volt Switch
|-damage|p1a: Gigalith|88/100|[from] Stealth Rock
|-weather|Sandstorm|[from] ability: Sand Stream|[of] p1a: Gigalith
|move|p2a: Weezing|Pain Split|p1a: Gigalith
|-sethp|p1a: Gigalith|46/100|[from] move: Pain Split|[silent]
|-sethp|p2a: Weezing|52/100|[from] move: Pain Split
|
|-weather|Sandstorm|[upkeep]
|-damage|p2a: Weezing|46/100|[from] Sandstorm
|-heal|p2a: Weezing|52/100|[from] item: Black Sludge
|-heal|p1a: Gigalith|53/100|[from] item: Leftovers
|upkeep
|turn|45
|
|t:|1611986900
|switch|p1a: Vaporeon|Vaporeon, F|100/100
|-damage|p1a: Vaporeon|88/100|[from] Stealth Rock
|move|p2a: Weezing|Will-O-Wisp|p1a: Vaporeon
|-status|p1a: Vaporeon|brn
|
|-weather|Sandstorm|[upkeep]
|-damage|p1a: Vaporeon|82/100 brn|[from] Sandstorm
|-damage|p2a: Weezing|46/100|[from] Sandstorm
|-heal|p2a: Weezing|52/100|[from] item: Black Sludge
|-heal|p1a: Vaporeon|88/100 brn|[from] item: Leftovers
|-damage|p1a: Vaporeon|82/100 brn|[from] brn
|upkeep
|turn|46
|
|t:|1611986909
|switch|p2a: Vaporeon|Vaporeon, F|71/100
|-status|p2a: Vaporeon|psn
|move|p1a: Vaporeon|Wish|p1a: Vaporeon
|
|-weather|Sandstorm|[upkeep]
|-damage|p1a: Vaporeon|75/100 brn|[from] Sandstorm
|-damage|p2a: Vaporeon|64/100 psn|[from] Sandstorm
|-heal|p1a: Vaporeon|82/100 brn|[from] item: Leftovers
|-heal|p2a: Vaporeon|71/100 psn|[from] item: Leftovers
|-damage|p1a: Vaporeon|75/100 brn|[from] brn
|-damage|p2a: Vaporeon|58/100 psn|[from] psn
|upkeep
|turn|47
|
|t:|1611986915
|switch|p1a: Aromatisse|Aromatisse, M|39/100
|-damage|p1a: Aromatisse|26/100|[from] Stealth Rock
|move|p2a: Vaporeon|Wish|p2a: Vaporeon
|
|-weather|Sandstorm|[upkeep]
|-damage|p2a: Vaporeon|52/100 psn|[from] Sandstorm
|-damage|p1a: Aromatisse|20/100|[from] Sandstorm
|-heal|p1a: Aromatisse|77/100|[from] move: Wish|[wisher] Vaporeon
|-heal|p2a: Vaporeon|58/100 psn|[from] item: Leftovers
|-heal|p1a: Aromatisse|84/100|[from] item: Leftovers
|-damage|p2a: Vaporeon|46/100 psn|[from] psn
|upkeep
|turn|48
|inactive|Chinchou01 has 90 seconds left.
|
|t:|1611986935
|switch|p2a: Gigalith|Gigalith, M|47/100 psn
|move|p1a: Aromatisse|Moonblast|p2a: Gigalith
|-damage|p2a: Gigalith|31/100 psn
|-unboost|p2a: Gigalith|spa|1
|
|-weather|none
|-heal|p2a: Gigalith|93/100 psn|[from] move: Wish|[wisher] Vaporeon
|-heal|p1a: Aromatisse|90/100|[from] item: Leftovers
|-heal|p2a: Gigalith|99/100 psn|[from] item: Leftovers
|-damage|p2a: Gigalith|87/100 psn|[from] psn
|upkeep
|turn|49
|
|t:|1611986946
|switch|p1a: Vaporeon|Vaporeon, F|75/100 brn
|-damage|p1a: Vaporeon|63/100 brn|[from] Stealth Rock
|move|p2a: Gigalith|Rock Blast|p1a: Vaporeon
|-damage|p1a: Vaporeon|54/100 brn
|-damage|p1a: Vaporeon|46/100 brn
|-hitcount|p1a: Vaporeon|2
|
|-heal|p1a: Vaporeon|52/100 brn|[from] item: Leftovers
|-heal|p2a: Gigalith|93/100 psn|[from] item: Leftovers
|-damage|p1a: Vaporeon|46/100 brn|[from] brn
|-damage|p2a: Gigalith|81/100 psn|[from] psn
|upkeep
|turn|50
|
|t:|1611986972
|move|p1a: Vaporeon|Wish|p1a: Vaporeon
|move|p2a: Gigalith|Rock Blast|p1a: Vaporeon
|-damage|p1a: Vaporeon|38/100 brn
|-damage|p1a: Vaporeon|29/100 brn
|-hitcount|p1a: Vaporeon|2
|
|-heal|p1a: Vaporeon|35/100 brn|[from] item: Leftovers
|-heal|p2a: Gigalith|87/100 psn|[from] item: Leftovers
|-damage|p1a: Vaporeon|29/100 brn|[from] brn
|-damage|p2a: Gigalith|75/100 psn|[from] psn
|upkeep
|turn|51
|
|t:|1611986996
|switch|p2a: Silvally|Silvally-Steel|76/100
|move|p1a: Vaporeon|Protect||[still]
|-fail|p1a: Vaporeon
|
|-heal|p1a: Vaporeon|79/100 brn|[from] move: Wish|[wisher] Vaporeon
|-heal|p1a: Vaporeon|85/100 brn|[from] item: Leftovers
|-damage|p1a: Vaporeon|79/100 brn|[from] brn
|upkeep
|turn|52
|inactive|Vst tur has 120 seconds left.
|
|t:|1611987030
|move|p2a: Silvally|Multi-Attack|p1a: Vaporeon
|-resisted|p1a: Vaporeon
|-damage|p1a: Vaporeon|66/100 brn
|move|p1a: Vaporeon|Scald|p2a: Silvally
|-damage|p2a: Silvally|52/100
|
|-heal|p1a: Vaporeon|72/100 brn|[from] item: Leftovers
|-damage|p1a: Vaporeon|66/100 brn|[from] brn
|upkeep
|turn|53
|
|t:|1611987043
|move|p2a: Silvally|Parting Shot|p1a: Vaporeon
|-unboost|p1a: Vaporeon|atk|1
|-unboost|p1a: Vaporeon|spa|1
|
|t:|1611987048
|switch|p2a: Appletun|Appletun, M|74/100|[from]move: Parting Shot
|-status|p2a: Appletun|psn
|move|p1a: Vaporeon|Wish|p1a: Vaporeon
|
|-heal|p1a: Vaporeon|72/100 brn|[from] item: Leftovers
|-damage|p1a: Vaporeon|66/100 brn|[from] brn
|-damage|p2a: Appletun|62/100 psn|[from] psn
|upkeep
|turn|54
|inactive|Vst tur has 120 seconds left.
|
|t:|1611987080
|switch|p2a: Silvally|Silvally-Steel|52/100
|move|p1a: Vaporeon|Protect||[still]
|-fail|p1a: Vaporeon
|
|-heal|p1a: Vaporeon|100/100 brn|[from] move: Wish|[wisher] Vaporeon
|-damage|p1a: Vaporeon|94/100 brn|[from] brn
|upkeep
|turn|55
|
|t:|1611987089
|move|p2a: Silvally|Parting Shot|p1a: Vaporeon
|-unboost|p1a: Vaporeon|atk|1
|-unboost|p1a: Vaporeon|spa|1
|
|t:|1611987095
|switch|p2a: Weezing|Weezing, F|52/100|[from]move: Parting Shot
|move|p1a: Vaporeon|Scald|p2a: Weezing
|-damage|p2a: Weezing|32/100
|-status|p2a: Weezing|brn
|
|-heal|p1a: Vaporeon|100/100 brn|[from] item: Leftovers
|-heal|p2a: Weezing|38/100 brn|[from] item: Black Sludge
|-damage|p1a: Vaporeon|94/100 brn|[from] brn
|-damage|p2a: Weezing|32/100 brn|[from] brn
|upkeep
|turn|56
|
|t:|1611987101
|move|p2a: Weezing|Pain Split|p1a: Vaporeon
|-sethp|p1a: Vaporeon|59/100 brn|[from] move: Pain Split|[silent]
|-sethp|p2a: Weezing|81/100 brn|[from] move: Pain Split
|move|p1a: Vaporeon|Scald|p2a: Weezing
|-damage|p2a: Weezing|62/100 brn
|
|-heal|p1a: Vaporeon|65/100 brn|[from] item: Leftovers
|-heal|p2a: Weezing|68/100 brn|[from] item: Black Sludge
|-damage|p1a: Vaporeon|59/100 brn|[from] brn
|-damage|p2a: Weezing|62/100 brn|[from] brn
|upkeep
|turn|57
|-message|Vst tur forfeited.
|
|win|Chinchou01
|l|☆Vst tur
|raw|Vst tur's rating: 1340 &rarr; <strong>1314</strong><br />(-26 for losing)
|raw|Chinchou01's rating: 1232 &rarr; <strong>1265</strong><br />(+33 for winning)
