|j|☆Bugboy96
|j|☆Tbolt6slashes
|t:|1649780871
|gametype|singles
|player|p1|Bugboy96|101|1404
|player|p2|Tbolt6slashes|#somalia|1507
|teamsize|p1|6
|teamsize|p2|6
|gen|8
|tier|[Gen 8] PU
|rated|
|rule|Sleep Clause Mod: Limit one foe put to sleep
|rule|Species Clause: Limit one of each Pokémon
|rule|OHKO Clause: OHKO moves are banned
|rule|Evasion Moves Clause: Evasion moves are banned
|rule|Endless Battle Clause: Forcing endless battles is banned
|rule|HP Percentage Mod: HP is shown in percentages
|rule|Dynamax Clause: You cannot dynamax
|clearpoke
|poke|p1|Magneton|
|poke|p1|Articuno-Galar|
|poke|p1|Silvally-*|
|poke|p1|Charizard, F|
|poke|p1|Perrserker, F|
|poke|p1|Palpitoad, M|
|poke|p2|Raboot, M|
|poke|p2|Whimsicott, F|
|poke|p2|Lanturn, F|
|poke|p2|Uxie|
|poke|p2|Klinklang|
|poke|p2|Thwackey, F|
|teampreview
|
|t:|1649780892
|start
|switch|p1a: Perrserker|Perrserker, F|100/100
|switch|p2a: Lanturn|Lanturn, F|100/100
|turn|1
|
|t:|1649780897
|move|p2a: Lanturn|Scald|p1a: Perrserker
|-damage|p1a: Perrserker|83/100
|move|p1a: Perrserker|U-turn|p2a: Lanturn
|-damage|p2a: Lanturn|74/100
|
|t:|1649780902
|switch|p1a: Palpitoad|Palpitoad, M|100/100|[from]move: U-turn
|
|-heal|p2a: Lanturn|81/100|[from] item: Leftovers
|upkeep
|turn|2
|
|t:|1649780905
|move|p2a: Lanturn|Toxic|p1a: Palpitoad
|-status|p1a: Palpitoad|tox
|move|p1a: Palpitoad|Stealth Rock|p2a: Lanturn
|-sidestart|p2: Tbolt6slashes|move: Stealth Rock
|
|-heal|p2a: Lanturn|87/100|[from] item: Leftovers
|-damage|p1a: Palpitoad|94/100 tox|[from] psn
|upkeep
|turn|3
|
|t:|1649780907
|switch|p2a: Whimsicott|Whimsicott, F|100/100
|move|p1a: Palpitoad|Toxic|p2a: Whimsicott
|-status|p2a: Whimsicott|tox
|
|-damage|p2a: Whimsicott|94/100 tox|[from] psn
|-damage|p1a: Palpitoad|82/100 tox|[from] psn
|upkeep
|turn|4
|
|t:|1649780910
|switch|p1a: Perrserker|Perrserker, F|83/100
|move|p2a: Whimsicott|Knock Off|p1a: Perrserker
|-damage|p1a: Perrserker|68/100
|-enditem|p1a: Perrserker|Assault Vest|[from] move: Knock Off|[of] p2a: Whimsicott
|
|-damage|p2a: Whimsicott|82/100 tox|[from] psn
|upkeep
|turn|5
|
|t:|1649780919
|move|p2a: Whimsicott|Defog|p1a: Perrserker
|-unboost|p1a: Perrserker|evasion|1
|-sideend|p2: Tbolt6slashes|Stealth Rock|[from] move: Defog|[of] p2a: Whimsicott
|move|p1a: Perrserker|U-turn|p2a: Whimsicott
|-crit|p2a: Whimsicott
|-damage|p2a: Whimsicott|38/100 tox
|
|t:|1649780932
|switch|p1a: Magneton|Magneton|100/100|[from]move: U-turn
|
|-damage|p2a: Whimsicott|19/100 tox|[from] psn
|upkeep
|turn|6
|
|t:|1649780936
|switch|p2a: Lanturn|Lanturn, F|87/100
|switch|p1a: Palpitoad|Palpitoad, M|82/100 tox
|
|-heal|p2a: Lanturn|93/100|[from] item: Leftovers
|-damage|p1a: Palpitoad|76/100 tox|[from] psn
|upkeep
|turn|7
|
|t:|1649780956
|switch|p2a: Thwackey|Thwackey, F|100/100
|-fieldstart|move: Grassy Terrain|[from] ability: Grassy Surge|[of] p2a: Thwackey
|move|p1a: Palpitoad|Stealth Rock|p2a: Thwackey
|-sidestart|p2: Tbolt6slashes|move: Stealth Rock
|
|-heal|p1a: Palpitoad|82/100 tox|[from] Grassy Terrain
|-damage|p1a: Palpitoad|69/100 tox|[from] psn
|upkeep
|turn|8
|
|t:|1649780965
|move|p2a: Thwackey|Knock Off|p1a: Palpitoad
|-damage|p1a: Palpitoad|46/100 tox
|-enditem|p1a: Palpitoad|Eviolite|[from] move: Knock Off|[of] p2a: Thwackey
|-damage|p2a: Thwackey|91/100|[from] item: Life Orb
|move|p1a: Palpitoad|Scald|p2a: Thwackey
|-resisted|p2a: Thwackey
|-damage|p2a: Thwackey|71/100
|-status|p2a: Thwackey|brn
|
|-heal|p2a: Thwackey|77/100 brn|[from] Grassy Terrain
|-heal|p1a: Palpitoad|52/100 tox|[from] Grassy Terrain
|-damage|p1a: Palpitoad|33/100 tox|[from] psn
|-damage|p2a: Thwackey|71/100 brn|[from] brn
|upkeep
|turn|9
|
|t:|1649780969
|move|p2a: Thwackey|Knock Off|p1a: Palpitoad
|-damage|p1a: Palpitoad|21/100 tox
|-damage|p2a: Thwackey|61/100 brn|[from] item: Life Orb
|move|p1a: Palpitoad|Earth Power|p2a: Thwackey
|-resisted|p2a: Thwackey
|-damage|p2a: Thwackey|42/100 brn
|
|-heal|p2a: Thwackey|48/100 brn|[from] Grassy Terrain
|-heal|p1a: Palpitoad|28/100 tox|[from] Grassy Terrain
|-damage|p1a: Palpitoad|3/100 tox|[from] psn
|-damage|p2a: Thwackey|42/100 brn|[from] brn
|upkeep
|turn|10
|
|t:|1649780975
|move|p2a: Thwackey|Knock Off|p1a: Palpitoad
|-damage|p1a: Palpitoad|0 fnt
|faint|p1a: Palpitoad
|-damage|p2a: Thwackey|32/100 brn|[from] item: Life Orb
|
|-heal|p2a: Thwackey|38/100 brn|[from] Grassy Terrain
|-damage|p2a: Thwackey|32/100 brn|[from] brn
|upkeep
|
|t:|1649780982
|switch|p1a: Articuno|Articuno-Galar|100/100
|turn|11
|
|t:|1649780986
|move|p1a: Articuno|Freezing Glare|p2a: Thwackey
|-damage|p2a: Thwackey|0 fnt
|faint|p2a: Thwackey
|
|-fieldend|move: Grassy Terrain
|upkeep
|
|t:|1649781003
|switch|p2a: Lanturn|Lanturn, F|93/100
|-damage|p2a: Lanturn|81/100|[from] Stealth Rock
|turn|12
|
|t:|1649781012
|move|p1a: Articuno|Calm Mind|p1a: Articuno
|-boost|p1a: Articuno|spa|1
|-boost|p1a: Articuno|spd|1
|move|p2a: Lanturn|Toxic|p1a: Articuno
|-status|p1a: Articuno|tox
|
|-heal|p2a: Lanturn|87/100|[from] item: Leftovers
|-damage|p1a: Articuno|94/100 tox|[from] psn
|upkeep
|turn|13
|
|t:|1649781017
|move|p1a: Articuno|Freezing Glare|p2a: Lanturn
|-damage|p2a: Lanturn|37/100
|move|p2a: Lanturn|Volt Switch|p1a: Articuno
|-supereffective|p1a: Articuno
|-damage|p1a: Articuno|64/100 tox
|
|t:|1649781027
|switch|p2a: Whimsicott|Whimsicott, F|19/100 tox|[from]move: Volt Switch
|
|-damage|p2a: Whimsicott|13/100 tox|[from] psn
|-damage|p1a: Articuno|52/100 tox|[from] psn
|upkeep
|turn|14
|
|t:|1649781031
|move|p2a: Whimsicott|Defog|p1a: Articuno
|-unboost|p1a: Articuno|evasion|1
|-ability|p1a: Articuno|Competitive
|-boost|p1a: Articuno|spa|2
|-sideend|p2: Tbolt6slashes|Stealth Rock|[from] move: Defog|[of] p2a: Whimsicott
|move|p1a: Articuno|Freezing Glare|p2a: Whimsicott
|-damage|p2a: Whimsicott|0 fnt
|faint|p2a: Whimsicott
|
|-damage|p1a: Articuno|33/100 tox|[from] psn
|upkeep
|
|t:|1649781036
|switch|p2a: Raboot|Raboot, M|100/100
|turn|15
|
|t:|1649781039
|move|p2a: Raboot|Sucker Punch||[still]
|-fail|p2a: Raboot
|move|p1a: Articuno|Recover|p1a: Articuno
|-heal|p1a: Articuno|83/100 tox
|
|-damage|p1a: Articuno|58/100 tox|[from] psn
|upkeep
|turn|16
|
|t:|1649781045
|switch|p1a: Silvally|Silvally-Grass|100/100
|move|p2a: Raboot|Sucker Punch||[still]
|-fail|p2a: Raboot
|
|upkeep
|turn|17
|
|t:|1649781054
|switch|p1a: Charizard|Charizard, F|100/100
|move|p2a: Raboot|Gunk Shot|p1a: Charizard
|-start|p2a: Raboot|typechange|Poison|[from] ability: Libero
|-damage|p1a: Charizard|36/100
|
|upkeep
|turn|18
|
|t:|1649781062
|move|p1a: Charizard|Roost|p1a: Charizard
|-heal|p1a: Charizard|86/100
|-singleturn|p1a: Charizard|move: Roost
|move|p2a: Raboot|Gunk Shot|p1a: Charizard
|-damage|p1a: Charizard|27/100
|
|upkeep
|turn|19
|
|t:|1649781068
|switch|p2a: Lanturn|Lanturn, F|37/100
|move|p1a: Charizard|Roost|p1a: Charizard
|-heal|p1a: Charizard|77/100
|-singleturn|p1a: Charizard|move: Roost
|
|-heal|p2a: Lanturn|43/100|[from] item: Leftovers
|upkeep
|turn|20
|
|t:|1649781076
|switch|p1a: Articuno|Articuno-Galar|58/100 tox
|move|p2a: Lanturn|Volt Switch|p1a: Articuno
|-supereffective|p1a: Articuno
|-damage|p1a: Articuno|19/100 tox
|
|t:|1649781084
|switch|p2a: Uxie|Uxie|100/100|[from]move: Volt Switch
|
|-damage|p1a: Articuno|12/100 tox|[from] psn
|upkeep
|turn|21
|
|t:|1649781088
|move|p2a: Uxie|Calm Mind|p2a: Uxie
|-boost|p2a: Uxie|spa|1
|-boost|p2a: Uxie|spd|1
|move|p1a: Articuno|Hurricane|p2a: Uxie
|-damage|p2a: Uxie|71/100
|
|-damage|p1a: Articuno|0 fnt|[from] psn
|faint|p1a: Articuno
|upkeep
|
|t:|1649781099
|switch|p1a: Perrserker|Perrserker, F|68/100
|turn|22
|
|t:|1649781112
|move|p2a: Uxie|Calm Mind|p2a: Uxie
|-boost|p2a: Uxie|spa|1
|-boost|p2a: Uxie|spd|1
|move|p1a: Perrserker|Iron Head|p2a: Uxie
|-damage|p2a: Uxie|38/100
|
|upkeep
|turn|23
|
|t:|1649781117
|move|p2a: Uxie|Stored Power|p1a: Perrserker
|-resisted|p1a: Perrserker
|-damage|p1a: Perrserker|38/100
|move|p1a: Perrserker|U-turn|p2a: Uxie
|-supereffective|p2a: Uxie
|-damage|p2a: Uxie|2/100
|
|t:|1649781124
|switch|p1a: Charizard|Charizard, F|77/100|[from]move: U-turn
|
|upkeep
|turn|24
|
|t:|1649781126
|switch|p2a: Lanturn|Lanturn, F|43/100
|move|p1a: Charizard|Flamethrower|p2a: Lanturn
|-resisted|p2a: Lanturn
|-damage|p2a: Lanturn|32/100
|
|-heal|p2a: Lanturn|38/100|[from] item: Leftovers
|upkeep
|turn|25
|j| Haffling
|
|t:|1649781130
|move|p1a: Charizard|Toxic|p2a: Lanturn
|-status|p2a: Lanturn|tox
|move|p2a: Lanturn|Volt Switch|p1a: Charizard
|-supereffective|p1a: Charizard
|-damage|p1a: Charizard|35/100
|
|t:|1649781134
|switch|p2a: Raboot|Raboot, M|100/100|[from]move: Volt Switch
|
|upkeep
|turn|26
|
|t:|1649781139
|move|p1a: Charizard|Roost|p1a: Charizard
|-heal|p1a: Charizard|85/100
|-singleturn|p1a: Charizard|move: Roost
|move|p2a: Raboot|Gunk Shot|p1a: Charizard
|-start|p2a: Raboot|typechange|Poison|[from] ability: Libero
|-damage|p1a: Charizard|27/100
|
|upkeep
|turn|27
|
|t:|1649781142
|move|p1a: Charizard|Roost|p1a: Charizard
|-heal|p1a: Charizard|77/100
|-singleturn|p1a: Charizard|move: Roost
|move|p2a: Raboot|Gunk Shot|p1a: Charizard|[miss]
|-miss|p2a: Raboot|p1a: Charizard
|
|upkeep
|turn|28
|
|t:|1649781149
|move|p1a: Charizard|Flamethrower|p2a: Raboot
|-damage|p2a: Raboot|37/100
|-status|p2a: Raboot|brn
|move|p2a: Raboot|Gunk Shot|p1a: Charizard
|-damage|p1a: Charizard|47/100
|
|-damage|p2a: Raboot|31/100 brn|[from] brn
|upkeep
|turn|29
|c|☆Tbolt6slashes|lol
|
|t:|1649781157
|move|p1a: Charizard|Roost|p1a: Charizard
|-heal|p1a: Charizard|97/100
|-singleturn|p1a: Charizard|move: Roost
|move|p2a: Raboot|U-turn|p1a: Charizard
|-start|p2a: Raboot|typechange|Bug|[from] ability: Libero
|-resisted|p1a: Charizard
|-damage|p1a: Charizard|89/100
|
|t:|1649781160
|switch|p2a: Lanturn|Lanturn, F|38/100 tox|[from]move: U-turn
|
|-heal|p2a: Lanturn|44/100 tox|[from] item: Leftovers
|-damage|p2a: Lanturn|38/100 tox|[from] psn
|upkeep
|turn|30
|
|t:|1649781165
|switch|p1a: Perrserker|Perrserker, F|38/100
|move|p2a: Lanturn|Toxic|p1a: Perrserker
|-immune|p1a: Perrserker
|
|-heal|p2a: Lanturn|44/100 tox|[from] item: Leftovers
|-damage|p2a: Lanturn|32/100 tox|[from] psn
|upkeep
|turn|31
|
|t:|1649781168
|move|p2a: Lanturn|Volt Switch|p1a: Perrserker
|-damage|p1a: Perrserker|15/100
|
|t:|1649781171
|switch|p2a: Uxie|Uxie|2/100|[from]move: Volt Switch
|move|p1a: Perrserker|U-turn|p2a: Uxie
|-supereffective|p2a: Uxie
|-damage|p2a: Uxie|0 fnt
|faint|p2a: Uxie
|
|t:|1649781176
|switch|p1a: Charizard|Charizard, F|89/100|[from]move: U-turn
|
|upkeep
|
|t:|1649781180
|switch|p2a: Lanturn|Lanturn, F|32/100 tox
|turn|32
|
|t:|1649781184
|switch|p1a: Perrserker|Perrserker, F|15/100
|move|p2a: Lanturn|Scald|p1a: Perrserker
|-damage|p1a: Perrserker|0 fnt
|faint|p1a: Perrserker
|
|-heal|p2a: Lanturn|38/100 tox|[from] item: Leftovers
|-damage|p2a: Lanturn|32/100 tox|[from] psn
|upkeep
|
|t:|1649781188
|switch|p1a: Silvally|Silvally-Grass|100/100
|turn|33
|
|t:|1649781193
|move|p1a: Silvally|Multi-Attack|p2a: Lanturn
|-supereffective|p2a: Lanturn
|-damage|p2a: Lanturn|0 fnt
|faint|p2a: Lanturn
|
|upkeep
|
|t:|1649781195
|switch|p2a: Klinklang|Klinklang|100/100
|turn|34
|
|t:|1649781196
|move|p1a: Silvally|Swords Dance|p1a: Silvally
|-boost|p1a: Silvally|atk|2
|move|p2a: Klinklang|Shift Gear|p2a: Klinklang
|-boost|p2a: Klinklang|spe|2
|-boost|p2a: Klinklang|atk|1
|
|upkeep
|turn|35
|
|t:|1649781199
|move|p2a: Klinklang|Shift Gear|p2a: Klinklang
|-boost|p2a: Klinklang|spe|2
|-boost|p2a: Klinklang|atk|1
|move|p1a: Silvally|Flame Charge|p2a: Klinklang
|-supereffective|p2a: Klinklang
|-damage|p2a: Klinklang|40/100
|-boost|p1a: Silvally|spe|1
|
|-heal|p2a: Klinklang|46/100|[from] item: Leftovers
|upkeep
|turn|36
|
|t:|1649781201
|move|p2a: Klinklang|Gear Grind|p1a: Silvally
|-crit|p1a: Silvally
|-damage|p1a: Silvally|31/100
|-damage|p1a: Silvally|0 fnt
|faint|p1a: Silvally
|-hitcount|p1: Silvally|2
|
|-heal|p2a: Klinklang|52/100|[from] item: Leftovers
|upkeep
|
|t:|1649781204
|switch|p1a: Magneton|Magneton|100/100
|turn|37
|
|t:|1649781209
|move|p2a: Klinklang|Wild Charge|p1a: Magneton
|-resisted|p1a: Magneton
|-damage|p1a: Magneton|79/100
|-damage|p2a: Klinklang|47/100|[from] Recoil
|move|p1a: Magneton|Charge Beam|p2a: Klinklang
|-damage|p2a: Klinklang|12/100
|-boost|p1a: Magneton|spa|1
|
|-heal|p2a: Klinklang|18/100|[from] item: Leftovers
|upkeep
|turn|38
|
|t:|1649781215
|move|p2a: Klinklang|Wild Charge|p1a: Magneton
|-resisted|p1a: Magneton
|-damage|p1a: Magneton|58/100
|-damage|p2a: Klinklang|14/100|[from] Recoil
|move|p1a: Magneton|Flash Cannon|p2a: Klinklang
|-resisted|p2a: Klinklang
|-damage|p2a: Klinklang|0 fnt
|faint|p2a: Klinklang
|
|upkeep
|-message|Tbolt6slashes forfeited.
|
|win|Bugboy96
|raw|Bugboy96's rating: 1404 &rarr; <strong>1430</strong><br />(+26 for winning)
|raw|Tbolt6slashes's rating: 1507 &rarr; <strong>1481</strong><br />(-26 for losing)
|l|☆Tbolt6slashes
||Ladder isn't responding, score probably updated but might not have (Request timeout).
|l|☆Bugboy96
