|j|☆ertg45y45
|j|☆Persona111
|t:|1653055114
|gametype|singles
|player|p1|ertg45y45|lillie|1233
|player|p2|Persona111|byron|1458
|teamsize|p1|6
|teamsize|p2|6
|gen|8
|tier|[Gen 8] PU
|rated|
|rule|Sleep Clause Mod: Limit one foe put to sleep
|rule|Species Clause: Limit one of each Pokémon
|rule|OHKO Clause: OHKO moves are banned
|rule|Evasion Moves Clause: Evasion moves are banned
|rule|Endless Battle Clause: Forcing endless battles is banned
|rule|HP Percentage Mod: HP is shown in percentages
|rule|Dynamax Clause: You cannot dynamax
|clearpoke
|poke|p1|Sandaconda, M|
|poke|p1|Haunter, F|
|poke|p1|Centiskorch, F|
|poke|p1|Lanturn, M|
|poke|p1|Morpeko, M|
|poke|p1|Whimsicott, F|
|poke|p2|Kabutops, M|
|poke|p2|Vikavolt, F|
|poke|p2|Perrserker, M|
|poke|p2|Regirock|
|poke|p2|Charizard, F|
|poke|p2|Thwackey, F|
|teampreview
|
|t:|1653055134
|start
|switch|p1a: Centiskorch|Centiskorch, F|100/100
|switch|p2a: Kabutops|Kabutops, M|100/100
|turn|1
|
|t:|1653055141
|switch|p1a: Kaa|Sandaconda, M|100/100
|move|p2a: Kabutops|Stealth Rock|p1a: Kaa
|-sidestart|p1: ertg45y45|move: Stealth Rock
|
|upkeep
|turn|2
|
|t:|1653055146
|move|p2a: Kabutops|Liquidation|p1a: Kaa
|-supereffective|p1a: Kaa
|-damage|p1a: Kaa|41/100
|-unboost|p1a: Kaa|def|1
|-damage|p2a: Kabutops|84/100|[from] item: Rocky Helmet|[of] p1a: Kaa
|move|p1a: Kaa|Glare|p2a: Kabutops
|-status|p2a: Kabutops|par
|
|upkeep
|turn|3
|
|t:|1653055157
|switch|p1a: Puff|Whimsicott, F|100/100
|switch|p2a: Thwackey|Thwackey, F|100/100
|-fieldstart|move: Grassy Terrain|[from] ability: Grassy Surge|[of] p2a: Thwackey
|
|upkeep
|turn|4
|
|t:|1653055167
|switch|p2a: Charizard|Charizard, F|100/100
|move|p1a: Puff|Moonblast|p2a: Charizard
|-resisted|p2a: Charizard
|-damage|p2a: Charizard|78/100
|
|upkeep
|turn|5
|
|t:|1653055173
|switch|p1a: Squishy|Lanturn, M|100/100
|-damage|p1a: Squishy|88/100|[from] Stealth Rock
|move|p2a: Charizard|Hurricane|p1a: Squishy
|-resisted|p1a: Squishy
|-damage|p1a: Squishy|69/100
|-start|p1a: Squishy|confusion
|
|-heal|p1a: Squishy|75/100|[from] Grassy Terrain
|-heal|p1a: Squishy|82/100|[from] item: Leftovers
|upkeep
|turn|6
|
|t:|1653055183
|switch|p2a: Vikavolt|Vikavolt, F|100/100
|-activate|p1a: Squishy|confusion
|-damage|p1a: Squishy|77/100|[from] confusion
|
|-heal|p1a: Squishy|83/100|[from] Grassy Terrain
|-heal|p1a: Squishy|89/100|[from] item: Leftovers
|upkeep
|turn|7
|
|t:|1653055193
|switch|p1a: Centiskorch|Centiskorch, F|100/100
|move|p2a: Vikavolt|Energy Ball|p1a: Centiskorch
|-resisted|p1a: Centiskorch
|-damage|p1a: Centiskorch|90/100
|
|-heal|p1a: Centiskorch|96/100|[from] Grassy Terrain
|-fieldend|move: Grassy Terrain
|upkeep
|turn|8
|
|t:|1653055201
|switch|p2a: Kabutops|Kabutops, M|84/100 par
|move|p1a: Centiskorch|Knock Off|p2a: Kabutops
|-damage|p2a: Kabutops|43/100 par
|-ability|p2a: Kabutops|Weak Armor|boost
|-unboost|p2a: Kabutops|def|1
|-boost|p2a: Kabutops|spe|2
|-enditem|p2a: Kabutops|Focus Sash|[from] move: Knock Off|[of] p1a: Centiskorch
|
|upkeep
|turn|9
|
|t:|1653055210
|switch|p1a: Kaa|Sandaconda, M|41/100
|-damage|p1a: Kaa|35/100|[from] Stealth Rock
|cant|p2a: Kabutops|par
|
|upkeep
|turn|10
|
|t:|1653055218
|cant|p2a: Kabutops|par
|move|p1a: Kaa|Earthquake|p2a: Kabutops
|-supereffective|p2a: Kabutops
|-damage|p2a: Kabutops|0 fnt
|faint|p2a: Kabutops
|
|upkeep
|
|t:|1653055227
|switch|p2a: Charizard|Charizard, F|78/100
|turn|11
|
|t:|1653055231
|move|p2a: Charizard|Fire Blast|p1a: Kaa
|-damage|p1a: Kaa|0 fnt
|faint|p1a: Kaa
|
|upkeep
|
|t:|1653055236
|switch|p1a: Squishy|Lanturn, M|89/100
|-damage|p1a: Squishy|77/100|[from] Stealth Rock
|turn|12
|
|t:|1653055240
|switch|p2a: Vikavolt|Vikavolt, F|100/100
|move|p1a: Squishy|Volt Switch|p2a: Vikavolt
|-resisted|p2a: Vikavolt
|-damage|p2a: Vikavolt|92/100
|
|t:|1653055248
|switch|p1a: Centiskorch|Centiskorch, F|96/100|[from]move: Volt Switch
|
|upkeep
|turn|13
|
|t:|1653055264
|switch|p2a: Charizard|Charizard, F|78/100
|move|p1a: Centiskorch|Fire Lash|p2a: Charizard
|-resisted|p2a: Charizard
|-damage|p2a: Charizard|46/100
|-unboost|p2a: Charizard|def|1
|
|upkeep
|turn|14
|
|t:|1653055271
|switch|p1a: Squishy|Lanturn, M|77/100
|-damage|p1a: Squishy|64/100|[from] Stealth Rock
|move|p2a: Charizard|Hurricane|p1a: Squishy|[miss]
|-miss|p2a: Charizard|p1a: Squishy
|
|-heal|p1a: Squishy|71/100|[from] item: Leftovers
|upkeep
|turn|15
|
|t:|1653055281
|switch|p2a: Vikavolt|Vikavolt, F|92/100
|move|p1a: Squishy|Toxic|p2a: Vikavolt
|-status|p2a: Vikavolt|tox
|
|-heal|p1a: Squishy|77/100|[from] item: Leftovers
|-damage|p2a: Vikavolt|86/100 tox|[from] psn
|upkeep
|turn|16
|
|t:|1653055289
|move|p1a: Squishy|Scald|p2a: Vikavolt
|-damage|p2a: Vikavolt|68/100 tox
|move|p2a: Vikavolt|Volt Switch|p1a: Squishy
|-heal|p1a: Squishy|100/100|[from] ability: Volt Absorb|[of] p2a: Vikavolt
|
|-damage|p2a: Vikavolt|56/100 tox|[from] psn
|upkeep
|turn|17
|
|t:|1653055299
|move|p1a: Squishy|Volt Switch|p2a: Vikavolt
|-resisted|p2a: Vikavolt
|-damage|p2a: Vikavolt|48/100 tox
|
|t:|1653055302
|switch|p1a: Puff|Whimsicott, F|100/100|[from]move: Volt Switch
|move|p2a: Vikavolt|Energy Ball|p1a: Puff
|-resisted|p1a: Puff
|-damage|p1a: Puff|71/100
|
|-damage|p2a: Vikavolt|29/100 tox|[from] psn
|upkeep
|turn|18
|
|t:|1653055309
|move|p1a: Puff|Defog|p2a: Vikavolt
|-unboost|p2a: Vikavolt|evasion|1
|-sideend|p1: ertg45y45|Stealth Rock|[from] move: Defog|[of] p1a: Puff
|move|p2a: Vikavolt|Bug Buzz|p1a: Puff
|-damage|p1a: Puff|0 fnt
|faint|p1a: Puff
|
|-damage|p2a: Vikavolt|5/100 tox|[from] psn
|upkeep
|
|t:|1653055319
|switch|p1a: Morpeko|Morpeko, M|100/100
|turn|19
|
|t:|1653055323
|move|p1a: Morpeko|Aura Wheel|p2a: Vikavolt
|-resisted|p2a: Vikavolt
|-damage|p2a: Vikavolt|0 fnt
|-boost|p1a: Morpeko|spe|1
|faint|p2a: Vikavolt
|-damage|p1a: Morpeko|91/100|[from] item: Life Orb
|
|-formechange|p1a: Morpeko|Morpeko-Hangry||[from] ability: Hunger Switch
|upkeep
|
|t:|1653055333
|switch|p2a: Regirock|Regirock|100/100
|turn|20
|
|t:|1653055337
|switch|p1a: Squishy|Lanturn, M|100/100
|move|p2a: Regirock|Drain Punch|p1a: Squishy
|-damage|p1a: Squishy|73/100
|
|-heal|p1a: Squishy|79/100|[from] item: Leftovers
|upkeep
|turn|21
|
|t:|1653055346
|move|p2a: Regirock|Rock Polish|p2a: Regirock
|-boost|p2a: Regirock|spe|2
|move|p1a: Squishy|Volt Switch|p2a: Regirock
|-damage|p2a: Regirock|78/100
|
|t:|1653055351
|switch|p1a: Haunter|Haunter, F|100/100|[from]move: Volt Switch
|
|upkeep
|turn|22
|
|t:|1653055355
|move|p1a: Haunter|Trick|p2a: Regirock
|-activate|p1a: Haunter|move: Trick|[of] p2a: Regirock
|-item|p2a: Regirock|Choice Scarf|[from] move: Trick
|-item|p1a: Haunter|Weakness Policy|[from] move: Trick
|move|p2a: Regirock|Stone Edge|p1a: Haunter
|-damage|p1a: Haunter|0 fnt
|faint|p1a: Haunter
|
|upkeep
|
|t:|1653055360
|switch|p1a: Squishy|Lanturn, M|79/100
|turn|23
|
|t:|1653055363
|move|p2a: Regirock|Stone Edge|p1a: Squishy
|-damage|p1a: Squishy|26/100
|move|p1a: Squishy|Scald|p2a: Regirock
|-supereffective|p2a: Regirock
|-damage|p2a: Regirock|24/100
|-status|p2a: Regirock|brn
|
|-heal|p1a: Squishy|32/100|[from] item: Leftovers
|-damage|p2a: Regirock|18/100 brn|[from] brn
|upkeep
|turn|24
|
|t:|1653055372
|move|p2a: Regirock|Stone Edge|p1a: Squishy|[miss]
|-miss|p2a: Regirock|p1a: Squishy
|move|p1a: Squishy|Volt Switch|p2a: Regirock
|-damage|p2a: Regirock|0 fnt
|faint|p2a: Regirock
|
|t:|1653055385
|switch|p1a: Centiskorch|Centiskorch, F|96/100|[from]move: Volt Switch
|
|upkeep
|
|t:|1653055411
|switch|p2a: Thwackey|Thwackey, F|100/100
|-fieldstart|move: Grassy Terrain|[from] ability: Grassy Surge|[of] p2a: Thwackey
|turn|25
|
|t:|1653055419
|move|p2a: Thwackey|Knock Off|p1a: Centiskorch
|-damage|p1a: Centiskorch|62/100
|-enditem|p1a: Centiskorch|Heavy-Duty Boots|[from] move: Knock Off|[of] p2a: Thwackey
|move|p1a: Centiskorch|Fire Lash|p2a: Thwackey
|-supereffective|p2a: Thwackey
|-damage|p2a: Thwackey|17/100
|-unboost|p2a: Thwackey|def|1
|
|-heal|p2a: Thwackey|23/100|[from] Grassy Terrain
|-heal|p1a: Centiskorch|69/100|[from] Grassy Terrain
|upkeep
|turn|26
|
|t:|1653055438
|switch|p2a: Charizard|Charizard, F|46/100
|move|p1a: Centiskorch|Knock Off|p2a: Charizard
|-damage|p2a: Charizard|0 fnt
|-enditem|p2a: Charizard|Heavy-Duty Boots|[from] move: Knock Off|[of] p1a: Centiskorch
|faint|p2a: Charizard
|
|-heal|p1a: Centiskorch|75/100|[from] Grassy Terrain
|upkeep
|
|t:|1653055444
|switch|p2a: Perrserker|Perrserker, M|100/100
|turn|27
|
|t:|1653055448
|move|p2a: Perrserker|Crunch|p1a: Centiskorch
|-damage|p1a: Centiskorch|29/100
|move|p1a: Centiskorch|Fire Lash|p2a: Perrserker
|-supereffective|p2a: Perrserker
|-damage|p2a: Perrserker|0 fnt
|faint|p2a: Perrserker
|
|-heal|p1a: Centiskorch|35/100|[from] Grassy Terrain
|upkeep
|-message|Persona111 forfeited.
|
|win|ertg45y45
|raw|ertg45y45's rating: 1233 &rarr; <strong>1272</strong><br />(+39 for winning)
|raw|Persona111's rating: 1458 &rarr; <strong>1427</strong><br />(-31 for losing)
|l|☆Persona111
