|j|☆Silver428
|j|☆test29
|t:|1650453396
|gametype|singles
|player|p1|Silver428|2|1349
|player|p2|test29|scientist-gen4|1333
|teamsize|p1|6
|teamsize|p2|6
|gen|8
|tier|[Gen 8] PU
|rated|
|rule|Sleep Clause Mod: Limit one foe put to sleep
|rule|Species Clause: Limit one of each Pokémon
|rule|OHKO Clause: OHKO moves are banned
|rule|Evasion Moves Clause: Evasion moves are banned
|rule|Endless Battle Clause: Forcing endless battles is banned
|rule|HP Percentage Mod: HP is shown in percentages
|rule|Dynamax Clause: You cannot dynamax
|clearpoke
|poke|p1|Centiskorch, F|
|poke|p1|Palossand, F|
|poke|p1|Silvally-*|
|poke|p1|Lanturn, F|
|poke|p1|Ninjask, M|
|poke|p1|Cryogonal|
|poke|p2|Charizard, M|
|poke|p2|Eldegoss, F|
|poke|p2|Jellicent, F|
|poke|p2|Galvantula, F|
|poke|p2|Aggron, M|
|poke|p2|Leafeon, M|
|teampreview
|
|t:|1650453404
|start
|switch|p1a: Ninjask|Ninjask, M|100/100
|switch|p2a: Eldegoss|Eldegoss, F, shiny|100/100
|turn|1
|inactive|Battle timer is ON: inactive players will automatically lose when time's up. (requested by test29)
|inactive|Silver428 also wants the timer to be on.
|l|☆Silver428
|inactive|Silver428 disconnected and has a minute to reconnect!
|player|p1|
|j|☆Silver428
|inactive|Silver428 reconnected and has 135 seconds left.
|player|p1|Silver428|2
|
|t:|1650453444
|switch|p1a: Palossand|Palossand, F|100/100
|move|p2a: Eldegoss|Sunny Day|p2a: Eldegoss
|-weather|SunnyDay
|
|-weather|SunnyDay|[upkeep]
|upkeep
|turn|2
|
|t:|1650453455
|switch|p2a: Charizard|Charizard, M, shiny|100/100
|switch|p1a: Cryogonal|Cryogonal|100/100
|
|-weather|SunnyDay|[upkeep]
|-damage|p2a: Charizard|88/100|[from] ability: Solar Power|[of] p2a: Charizard
|upkeep
|turn|3
|
|t:|1650453464
|switch|p1a: Lanturn|Lanturn, F|100/100
|move|p2a: Charizard|Overheat|p1a: Lanturn
|-resisted|p1a: Lanturn
|-damage|p1a: Lanturn|30/100
|-unboost|p2a: Charizard|spa|2
|
|-weather|SunnyDay|[upkeep]
|-damage|p2a: Charizard|76/100|[from] ability: Solar Power|[of] p2a: Charizard
|-heal|p1a: Lanturn|36/100|[from] item: Leftovers
|upkeep
|turn|4
|
|t:|1650453476
|move|p1a: Lanturn|Protect|p1a: Lanturn
|-singleturn|p1a: Lanturn|Protect
|move|p2a: Charizard|Overheat|p1a: Lanturn
|-activate|p1a: Lanturn|move: Protect
|
|-weather|SunnyDay|[upkeep]
|-damage|p2a: Charizard|63/100|[from] ability: Solar Power|[of] p2a: Charizard
|-heal|p1a: Lanturn|42/100|[from] item: Leftovers
|upkeep
|turn|5
|
|t:|1650453495
|switch|p2a: Leafeon|Leafeon, M, shiny|100/100
|move|p1a: Lanturn|Volt Switch|p2a: Leafeon
|-resisted|p2a: Leafeon
|-damage|p2a: Leafeon|82/100
|
|t:|1650453505
|switch|p1a: Ninjask|Ninjask, M|100/100|[from]move: Volt Switch
|
|-weather|SunnyDay|[upkeep]
|upkeep
|turn|6
|
|t:|1650453511
|move|p1a: Ninjask|Protect|p1a: Ninjask
|-singleturn|p1a: Ninjask|Protect
|move|p2a: Leafeon|Knock Off|p1a: Ninjask
|-activate|p1a: Ninjask|move: Protect
|
|-weather|SunnyDay|[upkeep]
|-ability|p1a: Ninjask|Speed Boost|boost
|-boost|p1a: Ninjask|spe|1
|upkeep
|turn|7
|
|t:|1650453526
|switch|p2a: Aggron|Aggron, M|100/100
|move|p1a: Ninjask|Acrobatics|p2a: Aggron
|-resisted|p2a: Aggron
|-damage|p2a: Aggron|92/100
|
|-weather|SunnyDay|[upkeep]
|-ability|p1a: Ninjask|Speed Boost|boost
|-boost|p1a: Ninjask|spe|1
|upkeep
|turn|8
|
|t:|1650453537
|move|p1a: Ninjask|U-turn|p2a: Aggron
|-resisted|p2a: Aggron
|-damage|p2a: Aggron|80/100
|
|t:|1650453541
|switch|p1a: Palossand|Palossand, F|100/100|[from]move: U-turn
|move|p2a: Aggron|Head Smash|p1a: Palossand
|-resisted|p1a: Palossand
|-damage|p1a: Palossand|67/100
|
|-weather|none
|-heal|p1a: Palossand|73/100|[from] item: Leftovers
|upkeep
|turn|9
|
|t:|1650453552
|switch|p2a: Eldegoss|Eldegoss, F, shiny|100/100
|move|p1a: Palossand|Stealth Rock|p2a: Eldegoss
|-sidestart|p2: test29|move: Stealth Rock
|
|-heal|p1a: Palossand|80/100|[from] item: Leftovers
|upkeep
|turn|10
|
|t:|1650453560
|switch|p1a: Centiskorch|Centiskorch, F|100/100
|move|p2a: Eldegoss|Sleep Powder|p1a: Centiskorch
|-status|p1a: Centiskorch|slp|[from] move: Sleep Powder
|
|upkeep
|turn|11
|
|t:|1650453574
|switch|p1a: Palossand|Palossand, F|80/100
|move|p2a: Eldegoss|Rapid Spin|p1a: Palossand
|-immune|p1a: Palossand
|
|-heal|p1a: Palossand|86/100|[from] item: Leftovers
|upkeep
|turn|12
|
|t:|1650453584
|switch|p1a: Centiskorch|Centiskorch, F|100/100 slp
|move|p2a: Eldegoss|Giga Drain|p1a: Centiskorch
|-resisted|p1a: Centiskorch
|-damage|p1a: Centiskorch|95/100 slp
|
|upkeep
|turn|13
|
|t:|1650453592
|cant|p1a: Centiskorch|slp
|move|p2a: Eldegoss|Rapid Spin|p1a: Centiskorch
|-damage|p1a: Centiskorch|88/100 slp
|-boost|p2a: Eldegoss|spe|1
|-sideend|p2: test29|Stealth Rock|[from] move: Rapid Spin|[of] p2a: Eldegoss
|
|upkeep
|turn|14
|
|t:|1650453604
|move|p2a: Eldegoss|Sunny Day|p2a: Eldegoss
|-weather|SunnyDay
|cant|p1a: Centiskorch|slp
|
|-weather|SunnyDay|[upkeep]
|upkeep
|turn|15
|
|t:|1650453615
|switch|p2a: Charizard|Charizard, M, shiny|63/100
|switch|p1a: Ninjask|Ninjask, M|100/100
|
|-weather|SunnyDay|[upkeep]
|-damage|p2a: Charizard|51/100|[from] ability: Solar Power|[of] p2a: Charizard
|upkeep
|turn|16
|
|t:|1650453624
|move|p1a: Ninjask|Protect|p1a: Ninjask
|-singleturn|p1a: Ninjask|Protect
|move|p2a: Charizard|Roost|p2a: Charizard
|-heal|p2a: Charizard|100/100
|-singleturn|p2a: Charizard|move: Roost
|
|-weather|SunnyDay|[upkeep]
|-damage|p2a: Charizard|88/100|[from] ability: Solar Power|[of] p2a: Charizard
|-ability|p1a: Ninjask|Speed Boost|boost
|-boost|p1a: Ninjask|spe|1
|upkeep
|turn|17
|
|t:|1650453642
|move|p1a: Ninjask|U-turn|p2a: Charizard
|-resisted|p2a: Charizard
|-damage|p2a: Charizard|77/100
|
|t:|1650453646
|switch|p1a: Centiskorch|Centiskorch, F|88/100 slp|[from]move: U-turn
|move|p2a: Charizard|Roost|p2a: Charizard
|-heal|p2a: Charizard|100/100
|-singleturn|p2a: Charizard|move: Roost
|
|-weather|SunnyDay|[upkeep]
|-damage|p2a: Charizard|88/100|[from] ability: Solar Power|[of] p2a: Charizard
|upkeep
|turn|18
|
|t:|1650453658
|switch|p2a: Jellicent|Jellicent, F, shiny|100/100
|cant|p1a: Centiskorch|slp
|
|-weather|SunnyDay|[upkeep]
|upkeep
|turn|19
|
|t:|1650453672
|switch|p1a: Cryogonal|Cryogonal|100/100
|move|p2a: Jellicent|Hex|p1a: Cryogonal
|-damage|p1a: Cryogonal|86/100
|
|-weather|SunnyDay|[upkeep]
|upkeep
|turn|20
|
|t:|1650453691
|switch|p1a: Centiskorch|Centiskorch, F|88/100 slp
|switch|p2a: Aggron|Aggron, M|80/100
|
|-weather|SunnyDay|[upkeep]
|upkeep
|turn|21
|
|t:|1650453704
|switch|p1a: Palossand|Palossand, F|86/100
|move|p2a: Aggron|Aqua Tail|p1a: Palossand|[miss]
|-miss|p2a: Aggron|p1a: Palossand
|
|-weather|none
|-heal|p1a: Palossand|92/100|[from] item: Leftovers
|upkeep
|turn|22
|c|☆test29|sadge
|
|t:|1650453716
|switch|p2a: Leafeon|Leafeon, M, shiny|82/100
|switch|p1a: Lanturn|Lanturn, F|42/100
|
|-heal|p1a: Lanturn|48/100|[from] item: Leftovers
|upkeep
|turn|23
|
|t:|1650453728
|switch|p1a: Centiskorch|Centiskorch, F|88/100 slp
|move|p2a: Leafeon|Knock Off|p1a: Centiskorch
|-damage|p1a: Centiskorch|47/100 slp
|-enditem|p1a: Centiskorch|Heavy-Duty Boots|[from] move: Knock Off|[of] p2a: Leafeon
|-damage|p2a: Leafeon|72/100|[from] item: Life Orb
|
|upkeep
|turn|24
|
|t:|1650453745
|switch|p2a: Jellicent|Jellicent, F, shiny|100/100
|-curestatus|p1a: Centiskorch|slp|[msg]
|move|p1a: Centiskorch|Leech Life|p2a: Jellicent
|-resisted|p2a: Jellicent
|-damage|p2a: Jellicent|85/100
|-heal|p1a: Centiskorch|57/100|[from] drain|[of] p2a: Jellicent
|
|upkeep
|turn|25
|
|t:|1650453755
|switch|p1a: Lanturn|Lanturn, F|48/100
|move|p2a: Jellicent|Hex|p1a: Lanturn
|-damage|p1a: Lanturn|36/100
|
|-heal|p1a: Lanturn|42/100|[from] item: Leftovers
|upkeep
|turn|26
|
|t:|1650453763
|switch|p2a: Eldegoss|Eldegoss, F, shiny|100/100
|move|p1a: Lanturn|Volt Switch|p2a: Eldegoss
|-resisted|p2a: Eldegoss
|-damage|p2a: Eldegoss|91/100
|
|t:|1650453770
|switch|p1a: Centiskorch|Centiskorch, F|57/100|[from]move: Volt Switch
|
|upkeep
|turn|27
|
|t:|1650453783
|switch|p2a: Jellicent|Jellicent, F, shiny|85/100
|move|p1a: Centiskorch|Fire Lash|p2a: Jellicent
|-resisted|p2a: Jellicent
|-damage|p2a: Jellicent|68/100
|-unboost|p2a: Jellicent|def|1
|-start|p1a: Centiskorch|Disable|Fire Lash|[from] ability: Cursed Body|[of] p2a: Jellicent
|
|upkeep
|turn|28
|
|t:|1650453796
|switch|p2a: Aggron|Aggron, M|80/100
|move|p1a: Centiskorch|Power Whip|p2a: Aggron
|-damage|p2a: Aggron|52/100
|
|upkeep
|turn|29
|
|t:|1650453808
|switch|p1a: Palossand|Palossand, F|92/100
|move|p2a: Aggron|Aqua Tail|p1a: Palossand|[miss]
|-miss|p2a: Aggron|p1a: Palossand
|
|-heal|p1a: Palossand|98/100|[from] item: Leftovers
|upkeep
|turn|30
|c|☆test29|come on
|
|t:|1650453818
|switch|p1a: Lanturn|Lanturn, F|42/100
|move|p2a: Aggron|Aqua Tail|p1a: Lanturn
|-heal|p1a: Lanturn|67/100|[from] ability: Water Absorb|[of] p2a: Aggron
|
|-heal|p1a: Lanturn|73/100|[from] item: Leftovers
|upkeep
|turn|31
|
|t:|1650453827
|switch|p2a: Eldegoss|Eldegoss, F, shiny|100/100
|move|p1a: Lanturn|Volt Switch|p2a: Eldegoss
|-resisted|p2a: Eldegoss
|-damage|p2a: Eldegoss|92/100
|
|t:|1650453833
|switch|p1a: Centiskorch|Centiskorch, F|57/100|[from]move: Volt Switch
|
|upkeep
|turn|32
|
|t:|1650453849
|switch|p2a: Jellicent|Jellicent, F, shiny|68/100
|move|p1a: Centiskorch|Fire Lash|p2a: Jellicent
|-resisted|p2a: Jellicent
|-damage|p2a: Jellicent|52/100
|-unboost|p2a: Jellicent|def|1
|-start|p1a: Centiskorch|Disable|Fire Lash|[from] ability: Cursed Body|[of] p2a: Jellicent
|
|upkeep
|turn|33
|
|t:|1650453859
|move|p1a: Centiskorch|Power Whip|p2a: Jellicent|[miss]
|-miss|p1a: Centiskorch|p2a: Jellicent
|move|p2a: Jellicent|Recover|p2a: Jellicent
|-heal|p2a: Jellicent|100/100
|
|upkeep
|turn|34
|
|t:|1650453872
|switch|p2a: Eldegoss|Eldegoss, F, shiny|100/100
|move|p1a: Centiskorch|Power Whip|p2a: Eldegoss
|-resisted|p2a: Eldegoss
|-damage|p2a: Eldegoss|85/100
|
|upkeep
|turn|35
|
|t:|1650453880
|move|p1a: Centiskorch|Leech Life|p2a: Eldegoss
|-supereffective|p2a: Eldegoss
|-damage|p2a: Eldegoss|13/100
|-heal|p1a: Centiskorch|91/100|[from] drain|[of] p2a: Eldegoss
|move|p2a: Eldegoss|Sleep Powder|p1a: Centiskorch
|-status|p1a: Centiskorch|slp|[from] move: Sleep Powder
|
|-end|p1a: Centiskorch|Disable
|upkeep
|turn|36
|
|t:|1650453890
|cant|p1a: Centiskorch|slp
|move|p2a: Eldegoss|Sunny Day|p2a: Eldegoss
|-weather|SunnyDay
|
|-weather|SunnyDay|[upkeep]
|upkeep
|turn|37
|
|t:|1650453896
|switch|p2a: Charizard|Charizard, M, shiny|88/100
|cant|p1a: Centiskorch|slp
|
|-weather|SunnyDay|[upkeep]
|-damage|p2a: Charizard|76/100|[from] ability: Solar Power|[of] p2a: Charizard
|upkeep
|turn|38
|
|t:|1650453904
|switch|p1a: Lanturn|Lanturn, F|73/100
|move|p2a: Charizard|Overheat|p1a: Lanturn
|-resisted|p1a: Lanturn
|-crit|p1a: Lanturn
|-damage|p1a: Lanturn|0 fnt
|-unboost|p2a: Charizard|spa|2
|faint|p1a: Lanturn
|
|-weather|SunnyDay|[upkeep]
|-damage|p2a: Charizard|63/100|[from] ability: Solar Power|[of] p2a: Charizard
|upkeep
|
|t:|1650453925
|switch|p1a: Ninjask|Ninjask, M|100/100
|turn|39
|
|t:|1650453942
|switch|p2a: Aggron|Aggron, M|52/100
|move|p1a: Ninjask|Acrobatics|p2a: Aggron
|-resisted|p2a: Aggron
|-damage|p2a: Aggron|43/100
|
|-weather|SunnyDay|[upkeep]
|-ability|p1a: Ninjask|Speed Boost|boost
|-boost|p1a: Ninjask|spe|1
|upkeep
|turn|40
|
|t:|1650453952
|move|p1a: Ninjask|Protect|p1a: Ninjask
|-singleturn|p1a: Ninjask|Protect
|move|p2a: Aggron|Head Smash|p1a: Ninjask
|-activate|p1a: Ninjask|move: Protect
|
|-weather|SunnyDay|[upkeep]
|-ability|p1a: Ninjask|Speed Boost|boost
|-boost|p1a: Ninjask|spe|1
|upkeep
|turn|41
|
|t:|1650453961
|switch|p2a: Charizard|Charizard, M, shiny|63/100
|move|p1a: Ninjask|U-turn|p2a: Charizard
|-resisted|p2a: Charizard
|-damage|p2a: Charizard|53/100
|
|t:|1650453967
|switch|p1a: Centiskorch|Centiskorch, F|91/100 slp|[from]move: U-turn
|
|-weather|SunnyDay|[upkeep]
|-damage|p2a: Charizard|40/100|[from] ability: Solar Power|[of] p2a: Charizard
|upkeep
|turn|42
|
|t:|1650453975
|move|p2a: Charizard|Air Slash|p1a: Centiskorch
|-supereffective|p1a: Centiskorch
|-damage|p1a: Centiskorch|0 fnt
|faint|p1a: Centiskorch
|
|-weather|SunnyDay|[upkeep]
|-damage|p2a: Charizard|28/100|[from] ability: Solar Power|[of] p2a: Charizard
|upkeep
|
|t:|1650453983
|switch|p1a: Ninjask|Ninjask, M|100/100
|turn|43
|
|t:|1650453993
|switch|p2a: Aggron|Aggron, M|43/100
|move|p1a: Ninjask|U-turn|p2a: Aggron
|-resisted|p2a: Aggron
|-damage|p2a: Aggron|31/100
|
|t:|1650454000
|switch|p1a: Palossand|Palossand, F|98/100|[from]move: U-turn
|
|-weather|none
|-heal|p1a: Palossand|100/100|[from] item: Leftovers
|upkeep
|turn|44
|
|t:|1650454007
|switch|p2a: Eldegoss|Eldegoss, F, shiny|46/100
|move|p1a: Palossand|Scorching Sands|p2a: Eldegoss
|-resisted|p2a: Eldegoss
|-damage|p2a: Eldegoss|35/100
|
|upkeep
|turn|45
|
|t:|1650454019
|move|p2a: Eldegoss|Sleep Powder|p1a: Palossand|[miss]
|-miss|p2a: Eldegoss|p1a: Palossand
|move|p1a: Palossand|Stealth Rock|p2a: Eldegoss
|-sidestart|p2: test29|move: Stealth Rock
|
|upkeep
|turn|46
|
|t:|1650454028
|switch|p1a: Cryogonal|Cryogonal|86/100
|move|p2a: Eldegoss|Sleep Powder|p1a: Cryogonal
|-status|p1a: Cryogonal|slp|[from] move: Sleep Powder
|
|upkeep
|turn|47
|
|t:|1650454037
|switch|p1a: Palossand|Palossand, F|100/100
|move|p2a: Eldegoss|Rapid Spin|p1a: Palossand
|-immune|p1a: Palossand
|
|upkeep
|turn|48
|
|t:|1650454043
|switch|p1a: Ninjask|Ninjask, M|100/100
|move|p2a: Eldegoss|Giga Drain|p1a: Ninjask
|-resisted|p1a: Ninjask
|-damage|p1a: Ninjask|88/100
|-heal|p2a: Eldegoss|41/100|[from] drain|[of] p1a: Ninjask
|
|upkeep
|turn|49
|
|t:|1650454055
|switch|p2a: Jellicent|Jellicent, F, shiny|100/100
|move|p1a: Ninjask|U-turn|p2a: Jellicent
|-resisted|p2a: Jellicent
|-damage|p2a: Jellicent|87/100
|-start|p1a: Ninjask|Disable|U-turn|[from] ability: Cursed Body|[of] p2a: Jellicent
|
|t:|1650454063
|switch|p1a: Silvally|Silvally-Dark|100/100|[from]move: U-turn
|
|upkeep
|turn|50
|
|t:|1650454078
|move|p1a: Silvally|Multi-Attack|p2a: Jellicent
|-supereffective|p2a: Jellicent
|-damage|p2a: Jellicent|4/100
|-start|p1a: Silvally|Disable|Multi-Attack|[from] ability: Cursed Body|[of] p2a: Jellicent
|move|p2a: Jellicent|Will-O-Wisp|p1a: Silvally|[miss]
|-miss|p2a: Jellicent|p1a: Silvally
|
|upkeep
|turn|51
|c|☆test29|ffs
|
|t:|1650454087
|move|p1a: Silvally|U-turn|p2a: Jellicent
|-resisted|p2a: Jellicent
|-damage|p2a: Jellicent|0 fnt
|faint|p2a: Jellicent
|
|t:|1650454092
|switch|p1a: Ninjask|Ninjask, M|88/100|[from]move: U-turn
|
|upkeep
|
|t:|1650454103
|switch|p2a: Aggron|Aggron, M|31/100
|-damage|p2a: Aggron|25/100|[from] Stealth Rock
|turn|52
|
|t:|1650454116
|move|p1a: Ninjask|Protect|p1a: Ninjask
|-singleturn|p1a: Ninjask|Protect
|move|p2a: Aggron|Head Smash|p1a: Ninjask
|-activate|p1a: Ninjask|move: Protect
|
|-ability|p1a: Ninjask|Speed Boost|boost
|-boost|p1a: Ninjask|spe|1
|upkeep
|turn|53
|
|t:|1650454125
|move|p1a: Ninjask|U-turn|p2a: Aggron
|-resisted|p2a: Aggron
|-damage|p2a: Aggron|14/100
|
|t:|1650454130
|switch|p1a: Palossand|Palossand, F|100/100|[from]move: U-turn
|move|p2a: Aggron|Head Smash|p1a: Palossand
|-resisted|p1a: Palossand
|-damage|p1a: Palossand|65/100
|
|-heal|p1a: Palossand|71/100|[from] item: Leftovers
|upkeep
|turn|54
|
|t:|1650454143
|switch|p2a: Eldegoss|Eldegoss, F, shiny|74/100
|-damage|p2a: Eldegoss|62/100|[from] Stealth Rock
|switch|p1a: Ninjask|Ninjask, M|88/100
|
|upkeep
|turn|55
|
|t:|1650454165
|switch|p2a: Galvantula|Galvantula, F|100/100
|move|p1a: Ninjask|Acrobatics|p2a: Galvantula
|-damage|p2a: Galvantula|7/100
|
|-ability|p1a: Ninjask|Speed Boost|boost
|-boost|p1a: Ninjask|spe|1
|upkeep
|turn|56
|
|t:|1650454175
|move|p1a: Ninjask|Acrobatics|p2a: Galvantula
|-damage|p2a: Galvantula|0 fnt
|faint|p2a: Galvantula
|
|-ability|p1a: Ninjask|Speed Boost|boost
|-boost|p1a: Ninjask|spe|1
|upkeep
|
|t:|1650454186
|switch|p2a: Eldegoss|Eldegoss, F, shiny|95/100
|-damage|p2a: Eldegoss|83/100|[from] Stealth Rock
|turn|57
|
|t:|1650454191
|move|p1a: Ninjask|Acrobatics|p2a: Eldegoss
|-supereffective|p2a: Eldegoss
|-crit|p2a: Eldegoss
|-damage|p2a: Eldegoss|0 fnt
|faint|p2a: Eldegoss
|
|-ability|p1a: Ninjask|Speed Boost|boost
|-boost|p1a: Ninjask|spe|1
|upkeep
|c|☆test29|nooooo
|n|!test29|test29
|inactive|test29 has 120 seconds left.
|
|t:|1650454216
|switch|p2a: Aggron|Aggron, M|14/100
|-damage|p2a: Aggron|8/100|[from] Stealth Rock
|turn|58
|
|t:|1650454225
|move|p1a: Ninjask|U-turn|p2a: Aggron
|-resisted|p2a: Aggron
|-damage|p2a: Aggron|0 fnt
|faint|p2a: Aggron
|
|t:|1650454230
|switch|p1a: Silvally|Silvally-Dark|100/100|[from]move: U-turn
|
|upkeep
|
|t:|1650454234
|switch|p2a: Leafeon|Leafeon, M, shiny|72/100
|-damage|p2a: Leafeon|60/100|[from] Stealth Rock
|turn|59
|
|t:|1650454239
|move|p2a: Leafeon|Knock Off|p1a: Silvally
|-resisted|p1a: Silvally
|-damage|p1a: Silvally|86/100
|-damage|p2a: Leafeon|50/100|[from] item: Life Orb
|move|p1a: Silvally|U-turn|p2a: Leafeon
|-supereffective|p2a: Leafeon
|-damage|p2a: Leafeon|9/100
|j| holydaysacc
|
|t:|1650454246
|switch|p1a: Ninjask|Ninjask, M|88/100|[from]move: U-turn
|
|upkeep
|turn|60
|
|t:|1650454253
|move|p1a: Ninjask|Acrobatics|p2a: Leafeon
|-supereffective|p2a: Leafeon
|-crit|p2a: Leafeon
|-damage|p2a: Leafeon|0 fnt
|faint|p2a: Leafeon
|
|-ability|p1a: Ninjask|Speed Boost|boost
|-boost|p1a: Ninjask|spe|1
|upkeep
|
|t:|1650454255
|switch|p2a: Charizard|Charizard, M, shiny|28/100
|-damage|p2a: Charizard|0 fnt|[from] Stealth Rock
|faint|p2a: Charizard
|
|win|Silver428
|raw|Silver428's rating: 1349 &rarr; <strong>1368</strong><br />(+19 for winning)
|raw|test29's rating: 1333 &rarr; <strong>1314</strong><br />(-19 for losing)
|c|☆Silver428|Gg
|l|!test29
