|raw|<div class="broadcast-blue"><strong>This battle is required to be public due to a player having a name starting with 'pult83c'.</div>
|j|☆teddiursa talk
|j|☆PULT83c yovan
|t:|1628429712
|gametype|singles
|player|p1|teddiursa talk|swimmer-gen4|1441
|player|p2|PULT83c yovan|ghetsis|1611
|teamsize|p1|6
|teamsize|p2|6
|gen|8
|tier|[Gen 8] PU
|rated|
|rule|Sleep Clause Mod: Limit one foe put to sleep
|rule|Species Clause: Limit one of each Pokémon
|rule|OHKO Clause: OHKO moves are banned
|rule|Evasion Moves Clause: Evasion moves are banned
|rule|Endless Battle Clause: Forcing endless battles is banned
|rule|HP Percentage Mod: HP is shown in percentages
|rule|Dynamax Clause: You cannot dynamax
|clearpoke
|poke|p1|Ribombee, F|
|poke|p1|Sandaconda, F|
|poke|p1|Jellicent, M|
|poke|p1|Sandslash-Alola, F|
|poke|p1|Charizard, F|
|poke|p1|Regigigas|
|poke|p2|Ferroseed, M|
|poke|p2|Gigalith, M|
|poke|p2|Charizard, F|
|poke|p2|Ribombee, M|
|poke|p2|Weezing, F|
|poke|p2|Scrafty, F|
|teampreview
|inactive|Battle timer is ON: inactive players will automatically lose when time's up. (requested by PULT83c yovan)
|
|t:|1628429722
|start
|switch|p1a: punisher|Sandaconda, F|100/100
|switch|p2a: Giga LIT|Gigalith, M|100/100
|-weather|Sandstorm|[from] ability: Sand Stream|[of] p2a: Giga LIT
|turn|1
|
|t:|1628429726
|move|p1a: punisher|Earthquake|p2a: Giga LIT
|-supereffective|p2a: Giga LIT
|-damage|p2a: Giga LIT|43/100
|move|p2a: Giga LIT|Stealth Rock|p1a: punisher
|-sidestart|p1: teddiursa talk|move: Stealth Rock
|
|-weather|Sandstorm|[upkeep]
|-heal|p2a: Giga LIT|49/100|[from] item: Leftovers
|upkeep
|turn|2
|
|t:|1628429731
|move|p2a: Giga LIT|Protect|p2a: Giga LIT
|-singleturn|p2a: Giga LIT|Protect
|move|p1a: punisher|Stealth Rock|p2a: Giga LIT
|-sidestart|p2: PULT83c yovan|move: Stealth Rock
|
|-weather|Sandstorm|[upkeep]
|-heal|p2a: Giga LIT|55/100|[from] item: Leftovers
|upkeep
|turn|3
|j| tlenit
|
|t:|1628429735
|switch|p2a: Thuglife|Scrafty, F|100/100
|-damage|p2a: Thuglife|95/100|[from] Stealth Rock
|move|p1a: punisher|Rock Slide|p2a: Thuglife
|-resisted|p2a: Thuglife
|-damage|p2a: Thuglife|86/100
|
|-weather|Sandstorm|[upkeep]
|-damage|p2a: Thuglife|80/100|[from] Sandstorm
|-heal|p2a: Thuglife|86/100|[from] item: Leftovers
|upkeep
|turn|4
|
|t:|1628429743
|switch|p1a: kyoto|Ribombee, F|100/100
|move|p2a: Thuglife|Knock Off|p1a: kyoto
|-resisted|p1a: kyoto
|-damage|p1a: kyoto|68/100
|-enditem|p1a: kyoto|Heavy-Duty Boots|[from] move: Knock Off|[of] p2a: Thuglife
|
|-weather|Sandstorm|[upkeep]
|-damage|p1a: kyoto|62/100|[from] Sandstorm
|-damage|p2a: Thuglife|80/100|[from] Sandstorm
|-heal|p2a: Thuglife|86/100|[from] item: Leftovers
|upkeep
|turn|5
|
|t:|1628429757
|switch|p2a: Charli|Charizard, F|100/100
|move|p1a: kyoto|Roost|p1a: kyoto
|-heal|p1a: kyoto|100/100
|-singleturn|p1a: kyoto|move: Roost
|
|-weather|none
|upkeep
|turn|6
|
|t:|1628429764
|switch|p1a: i know the end|Regigigas|100/100
|-damage|p1a: i know the end|88/100|[from] Stealth Rock
|-start|p1a: i know the end|ability: Slow Start
|move|p2a: Charli|Toxic|p1a: i know the end
|-status|p1a: i know the end|tox
|
|-heal|p1a: i know the end|94/100 tox|[from] item: Leftovers
|-damage|p1a: i know the end|88/100 tox|[from] psn
|upkeep
|turn|7
|j| pult83chlo
|
|t:|1628429775
|switch|p2a: Rolling Weed|Ferroseed, M|100/100
|-damage|p2a: Rolling Weed|94/100|[from] Stealth Rock
|move|p1a: i know the end|Knock Off|p2a: Rolling Weed
|-damage|p2a: Rolling Weed|84/100
|-damage|p1a: i know the end|75/100 tox|[from] ability: Iron Barbs|[of] p2a: Rolling Weed
|-enditem|p2a: Rolling Weed|Eviolite|[from] move: Knock Off|[of] p1a: i know the end
|
|-heal|p1a: i know the end|82/100 tox|[from] item: Leftovers
|-damage|p1a: i know the end|69/100 tox|[from] psn
|upkeep
|turn|8
|j| sugar ovens
|j| zS
|
|t:|1628429780
|-end|p1a: i know the end|Slow Start|[silent]
|switch|p1a: chinese satellite|Sandslash-Alola, F|100/100
|-damage|p1a: chinese satellite|88/100|[from] Stealth Rock
|move|p2a: Rolling Weed|Spikes|p1a: chinese satellite
|-sidestart|p1: teddiursa talk|Spikes
|
|-heal|p1a: chinese satellite|94/100|[from] item: Leftovers
|upkeep
|turn|9
|
|t:|1628429787
|move|p1a: chinese satellite|Spikes|p2a: Rolling Weed
|-sidestart|p2: PULT83c yovan|Spikes
|move|p2a: Rolling Weed|Knock Off|p1a: chinese satellite
|-damage|p1a: chinese satellite|83/100
|-enditem|p1a: chinese satellite|Leftovers|[from] move: Knock Off|[of] p2a: Rolling Weed
|
|upkeep
|turn|10
|c| zS|go Dillon go
|
|t:|1628429795
|move|p1a: chinese satellite|Triple Axel|p2a: Rolling Weed
|-damage|p2a: Rolling Weed|76/100
|-damage|p1a: chinese satellite|71/100|[from] ability: Iron Barbs|[of] p2a: Rolling Weed
|-damage|p2a: Rolling Weed|62/100
|-damage|p1a: chinese satellite|58/100|[from] ability: Iron Barbs|[of] p2a: Rolling Weed
|-damage|p2a: Rolling Weed|40/100
|-damage|p1a: chinese satellite|46/100|[from] ability: Iron Barbs|[of] p2a: Rolling Weed
|-hitcount|p2a: Rolling Weed|3
|move|p2a: Rolling Weed|Leech Seed|p1a: chinese satellite
|-start|p1a: chinese satellite|move: Leech Seed
|
|-damage|p1a: chinese satellite|33/100|[from] Leech Seed|[of] p2a: Rolling Weed
|-heal|p2a: Rolling Weed|55/100|[silent]
|upkeep
|turn|11
|c| pult83chlo|go dillon i believe in u
|l| zS
|j| Codename Magnum
|j| PULT83c Hawk
|
|t:|1628429806
|move|p2a: Rolling Weed|Protect|p2a: Rolling Weed
|-singleturn|p2a: Rolling Weed|Protect
|move|p1a: chinese satellite|Rapid Spin|p2a: Rolling Weed
|-activate|p2a: Rolling Weed|move: Protect
|
|-damage|p1a: chinese satellite|21/100|[from] Leech Seed|[of] p2a: Rolling Weed
|-heal|p2a: Rolling Weed|70/100|[silent]
|upkeep
|turn|12
|
|t:|1628429809
|move|p1a: chinese satellite|Rapid Spin|p2a: Rolling Weed
|-resisted|p2a: Rolling Weed
|-damage|p2a: Rolling Weed|64/100
|-boost|p1a: chinese satellite|spe|1
|-damage|p1a: chinese satellite|8/100|[from] ability: Iron Barbs|[of] p2a: Rolling Weed
|-end|p1a: chinese satellite|Leech Seed|[from] move: Rapid Spin|[of] p1a: chinese satellite
|-sideend|p1: teddiursa talk|Spikes|[from] move: Rapid Spin|[of] p1a: chinese satellite
|-sideend|p1: teddiursa talk|Stealth Rock|[from] move: Rapid Spin|[of] p1a: chinese satellite
|move|p2a: Rolling Weed|Spikes|p1a: chinese satellite
|-sidestart|p1: teddiursa talk|Spikes
|
|upkeep
|turn|13
|
|t:|1628429818
|move|p1a: chinese satellite|Spikes|p2a: Rolling Weed
|-sidestart|p2: PULT83c yovan|Spikes
|move|p2a: Rolling Weed|Spikes|p1a: chinese satellite
|-sidestart|p1: teddiursa talk|Spikes
|
|upkeep
|turn|14
|j| zS
|j| Gva
|
|t:|1628429827
|move|p1a: chinese satellite|Spikes|p2a: Rolling Weed
|-sidestart|p2: PULT83c yovan|Spikes
|move|p2a: Rolling Weed|Spikes|p1a: chinese satellite
|-sidestart|p1: teddiursa talk|Spikes
|
|upkeep
|turn|15
|
|t:|1628429836
|switch|p1a: savior complex|Charizard, F|100/100
|move|p2a: Rolling Weed|Leech Seed|p1a: savior complex
|-start|p1a: savior complex|move: Leech Seed
|
|-damage|p1a: savior complex|88/100|[from] Leech Seed|[of] p2a: Rolling Weed
|-heal|p2a: Rolling Weed|76/100|[silent]
|upkeep
|turn|16
|
|t:|1628429841
|move|p2a: Rolling Weed|Protect|p2a: Rolling Weed
|-singleturn|p2a: Rolling Weed|Protect
|move|p1a: savior complex|Flamethrower|p2a: Rolling Weed
|-activate|p2a: Rolling Weed|move: Protect
|
|-damage|p1a: savior complex|76/100|[from] Leech Seed|[of] p2a: Rolling Weed
|-heal|p2a: Rolling Weed|89/100|[silent]
|upkeep
|turn|17
|
|t:|1628429846
|switch|p2a: Giga LIT|Gigalith, M|55/100
|-damage|p2a: Giga LIT|30/100|[from] Spikes
|-damage|p2a: Giga LIT|18/100|[from] Stealth Rock
|-weather|Sandstorm|[from] ability: Sand Stream|[of] p2a: Giga LIT
|move|p1a: savior complex|Toxic|p2a: Giga LIT
|-status|p2a: Giga LIT|tox
|
|-weather|Sandstorm|[upkeep]
|-damage|p1a: savior complex|70/100|[from] Sandstorm
|-heal|p2a: Giga LIT|24/100 tox|[from] item: Leftovers
|-damage|p1a: savior complex|57/100|[from] Leech Seed|[of] p2a: Giga LIT
|-heal|p2a: Giga LIT|34/100 tox|[silent]
|-damage|p2a: Giga LIT|28/100 tox|[from] psn
|upkeep
|turn|18
|l| zS
|
|t:|1628429855
|switch|p1a: punisher|Sandaconda, F|100/100
|-damage|p1a: punisher|75/100|[from] Spikes
|move|p2a: Giga LIT|Stealth Rock|p1a: punisher
|-sidestart|p1: teddiursa talk|move: Stealth Rock
|
|-weather|Sandstorm|[upkeep]
|-heal|p1a: punisher|82/100|[from] item: Leftovers
|-heal|p2a: Giga LIT|34/100 tox|[from] item: Leftovers
|-damage|p2a: Giga LIT|22/100 tox|[from] psn
|upkeep
|turn|19
|
|t:|1628429861
|switch|p2a: Covid Boss|Weezing, F|100/100
|-damage|p2a: Covid Boss|88/100|[from] Stealth Rock
|move|p1a: punisher|Earthquake|p2a: Covid Boss
|-immune|p2a: Covid Boss|[from] ability: Levitate
|
|-weather|Sandstorm|[upkeep]
|-damage|p2a: Covid Boss|82/100|[from] Sandstorm
|-heal|p1a: punisher|88/100|[from] item: Leftovers
|upkeep
|turn|20
|j| zS
|
|t:|1628429879
|switch|p1a: savior complex|Charizard, F|57/100
|move|p2a: Covid Boss|Will-O-Wisp|p1a: savior complex
|-immune|p1a: savior complex
|
|-weather|Sandstorm|[upkeep]
|-damage|p1a: savior complex|51/100|[from] Sandstorm
|-damage|p2a: Covid Boss|76/100|[from] Sandstorm
|upkeep
|turn|21
|
|t:|1628429888
|switch|p2a: Charli|Charizard, F|100/100
|move|p1a: savior complex|Hurricane|p2a: Charli
|-damage|p2a: Charli|35/100
|
|-weather|none
|upkeep
|turn|22
|
|t:|1628429893
|move|p1a: savior complex|Hurricane|p2a: Charli
|-damage|p2a: Charli|0 fnt
|faint|p2a: Charli
|
|upkeep
|
|t:|1628429900
|switch|p2a: Covid Boss|Weezing, F|76/100
|-damage|p2a: Covid Boss|64/100|[from] Stealth Rock
|turn|23
|
|t:|1628429906
|move|p1a: savior complex|Hurricane|p2a: Covid Boss
|-damage|p2a: Covid Boss|0 fnt
|faint|p2a: Covid Boss
|
|upkeep
|
|t:|1628429913
|switch|p2a: Thuglife|Scrafty, F|86/100
|-damage|p2a: Thuglife|61/100|[from] Spikes
|-damage|p2a: Thuglife|55/100|[from] Stealth Rock
|turn|24
|
|t:|1628429917
|move|p1a: savior complex|Hurricane|p2a: Thuglife
|-supereffective|p2a: Thuglife
|-damage|p2a: Thuglife|0 fnt
|faint|p2a: Thuglife
|
|upkeep
|
|t:|1628429922
|switch|p2a: Ribombeille|Ribombee, M|100/100
|turn|25
|c| zS|wooo
|c| zS|leggooooo
|
|t:|1628429926
|move|p2a: Ribombeille|Quiver Dance|p2a: Ribombeille
|-boost|p2a: Ribombeille|spa|1
|-boost|p2a: Ribombeille|spd|1
|-boost|p2a: Ribombeille|spe|1
|move|p1a: savior complex|Flamethrower|p2a: Ribombeille
|-supereffective|p2a: Ribombeille
|-damage|p2a: Ribombeille|8/100
|
|upkeep
|turn|26
|
|t:|1628429932
|move|p2a: Ribombeille|Psychic|p1a: savior complex
|-damage|p1a: savior complex|4/100
|move|p1a: savior complex|Flamethrower|p2a: Ribombeille
|-supereffective|p2a: Ribombeille
|-damage|p2a: Ribombeille|0 fnt
|faint|p2a: Ribombeille
|
|upkeep
|c| zS|dillon is the goat
|-message|PULT83c yovan forfeited.
|
|win|teddiursa talk
|raw|teddiursa talk's rating: 1441 &rarr; <strong>1470</strong><br />(+29 for winning)
|raw|PULT83c yovan's rating: 1611 &rarr; <strong>1582</strong><br />(-29 for losing)
|l|☆PULT83c yovan
|l| zS
