|j|☆Scout Jean-Michel
|j|☆AwesomePU
|t:|1655999107
|gametype|singles
|player|p1|Scout Jean-Michel|bugcatcher-gen4dp|1286
|player|p2|AwesomePU|brycenman|1420
|teamsize|p1|6
|teamsize|p2|6
|gen|8
|tier|[Gen 8] PU
|rated|
|rule|Sleep Clause Mod: Limit one foe put to sleep
|rule|Species Clause: Limit one of each Pokémon
|rule|OHKO Clause: OHKO moves are banned
|rule|Evasion Moves Clause: Evasion moves are banned
|rule|Endless Battle Clause: Forcing endless battles is banned
|rule|HP Percentage Mod: HP is shown in percentages
|rule|Dynamax Clause: You cannot dynamax
|clearpoke
|poke|p1|Regirock|
|poke|p1|Ribombee, M|
|poke|p1|Eldegoss, M|
|poke|p1|Gallade, M|
|poke|p1|Jellicent, F|
|poke|p1|Togedemaru, M|
|poke|p2|Frosmoth, F|
|poke|p2|Thwackey, M|
|poke|p2|Absol, M|
|poke|p2|Aggron, M|
|poke|p2|Lanturn, M|
|poke|p2|Hitmonlee, M|
|teampreview
|inactive|Battle timer is ON: inactive players will automatically lose when time's up. (requested by AwesomePU)
|
|t:|1655999122
|start
|switch|p1a: Ribombee|Ribombee, M|100/100
|switch|p2a: Louie|Thwackey, M|100/100
|-fieldstart|move: Grassy Terrain|[from] ability: Grassy Surge|[of] p2a: Louie
|turn|1
|
|t:|1655999130
|switch|p2a: A GG ron|Aggron, M|100/100
|move|p1a: Ribombee|Moonblast|p2a: A GG ron
|-resisted|p2a: A GG ron
|-damage|p2a: A GG ron|73/100
|
|-heal|p2a: A GG ron|79/100|[from] Grassy Terrain
|upkeep
|turn|2
|
|t:|1655999136
|switch|p1a: Regirock|Regirock|100/100
|move|p2a: A GG ron|Head Smash|p1a: Regirock
|-damage|p1a: Regirock|61/100
|
|-heal|p2a: A GG ron|85/100|[from] Grassy Terrain
|-heal|p1a: Regirock|67/100|[from] Grassy Terrain
|-heal|p1a: Regirock|73/100|[from] item: Leftovers
|upkeep
|turn|3
|
|t:|1655999144
|switch|p2a: Bruce|Hitmonlee, M|100/100
|-enditem|p2a: Bruce|Grassy Seed
|-boost|p2a: Bruce|def|1|[from] item: Grassy Seed
|move|p1a: Regirock|Substitute|p1a: Regirock
|-start|p1a: Regirock|Substitute
|-damage|p1a: Regirock|48/100
|
|-heal|p1a: Regirock|54/100|[from] Grassy Terrain
|-heal|p1a: Regirock|60/100|[from] item: Leftovers
|upkeep
|turn|4
|inactive|AwesomePU has 120 seconds left.
|
|t:|1655999190
|move|p2a: Bruce|Close Combat|p1a: Regirock
|-supereffective|p1a: Regirock
|-end|p1a: Regirock|Substitute
|-unboost|p2a: Bruce|def|1
|-unboost|p2a: Bruce|spd|1
|move|p1a: Regirock|Iron Defense|p1a: Regirock
|-boost|p1a: Regirock|def|2
|
|-heal|p1a: Regirock|66/100|[from] Grassy Terrain
|-heal|p1a: Regirock|72/100|[from] item: Leftovers
|upkeep
|turn|5
|
|t:|1655999201
|move|p2a: Bruce|Close Combat|p1a: Regirock
|-supereffective|p1a: Regirock
|-damage|p1a: Regirock|37/100
|-unboost|p2a: Bruce|def|1
|-unboost|p2a: Bruce|spd|1
|move|p1a: Regirock|Body Press|p2a: Bruce
|-damage|p2a: Bruce|0 fnt
|faint|p2a: Bruce
|
|-heal|p1a: Regirock|43/100|[from] Grassy Terrain
|-heal|p1a: Regirock|49/100|[from] item: Leftovers
|-fieldend|move: Grassy Terrain
|upkeep
|
|t:|1655999211
|switch|p2a: Fish God|Lanturn, M|100/100
|turn|6
|
|t:|1655999215
|switch|p1a: Togedemaru|Togedemaru, M|100/100
|move|p2a: Fish God|Scald|p1a: Togedemaru
|-damage|p1a: Togedemaru|53/100
|-status|p1a: Togedemaru|brn
|
|-damage|p1a: Togedemaru|47/100 brn|[from] brn
|upkeep
|turn|7
|
|t:|1655999220
|move|p1a: Togedemaru|Super Fang|p2a: Fish God|[miss]
|-miss|p1a: Togedemaru|p2a: Fish God
|move|p2a: Fish God|Scald|p1a: Togedemaru
|-damage|p1a: Togedemaru|1/100 brn
|
|-damage|p1a: Togedemaru|0 fnt|[from] brn
|faint|p1a: Togedemaru
|upkeep
|c|☆AwesomePU|rip
|c|☆Scout Jean-Michel|It's incredible
|inactive|Scout Jean-Michel has 120 seconds left.
|
|t:|1655999258
|switch|p1a: Eldegoss|Eldegoss, M|100/100
|turn|8
|
|t:|1655999269
|switch|p2a: IcePhoebe|Frosmoth, F|100/100
|move|p1a: Eldegoss|Sleep Powder|p2a: IcePhoebe
|-status|p2a: IcePhoebe|slp|[from] move: Sleep Powder
|
|upkeep
|turn|9
|
|t:|1655999276
|switch|p1a: Gallade|Gallade, M|100/100
|cant|p2a: IcePhoebe|slp
|
|upkeep
|turn|10
|c|☆AwesomePU|now ice phoebe is tired
|c|☆AwesomePU|rip
|
|t:|1655999284
|move|p1a: Gallade|Close Combat|p2a: IcePhoebe
|-damage|p2a: IcePhoebe|0 fnt
|-unboost|p1a: Gallade|def|1
|-unboost|p1a: Gallade|spd|1
|faint|p2a: IcePhoebe
|
|upkeep
|c|☆Scout Jean-Michel|XD
|
|t:|1655999289
|switch|p2a: Louie|Thwackey, M|100/100
|-fieldstart|move: Grassy Terrain|[from] ability: Grassy Surge|[of] p2a: Louie
|turn|11
|
|t:|1655999294
|switch|p1a: Eldegoss|Eldegoss, M|100/100
|move|p2a: Louie|U-turn|p1a: Eldegoss
|-supereffective|p1a: Eldegoss
|-damage|p1a: Eldegoss|52/100
|-enditem|p1a: Eldegoss|Eject Button
|
|t:|1655999307
|switch|p1a: Ribombee|Ribombee, M|100/100
|
|upkeep
|turn|12
|
|t:|1655999328
|move|p1a: Ribombee|Moonblast|p2a: Louie
|-damage|p2a: Louie|40/100
|move|p2a: Louie|U-turn|p1a: Ribombee
|-resisted|p1a: Ribombee
|-damage|p1a: Ribombee|79/100
|
|t:|1655999334
|switch|p2a: A GG ron|Aggron, M|85/100|[from]move: U-turn
|
|-heal|p2a: A GG ron|91/100|[from] Grassy Terrain
|-heal|p1a: Ribombee|86/100|[from] Grassy Terrain
|upkeep
|turn|13
|
|t:|1655999339
|switch|p1a: Jellicent|Jellicent, F|100/100
|move|p2a: A GG ron|Head Smash|p1a: Jellicent
|-damage|p1a: Jellicent|18/100
|-start|p2a: A GG ron|Disable|Head Smash|[from] ability: Cursed Body|[of] p1a: Jellicent
|
|-heal|p2a: A GG ron|97/100|[from] Grassy Terrain
|-heal|p1a: Jellicent|24/100|[from] Grassy Terrain
|upkeep
|turn|14
|
|t:|1655999346
|switch|p2a: Fish God|Lanturn, M|100/100
|move|p1a: Jellicent|Recover|p1a: Jellicent
|-heal|p1a: Jellicent|74/100
|
|-heal|p1a: Jellicent|80/100|[from] Grassy Terrain
|upkeep
|turn|15
|
|t:|1655999351
|move|p2a: Fish God|Volt Switch|p1a: Jellicent
|-supereffective|p1a: Jellicent
|-damage|p1a: Jellicent|51/100
|
|t:|1655999353
|switch|p2a: Reaper|Absol, M|100/100|[from]move: Volt Switch
|move|p1a: Jellicent|Toxic|p2a: Reaper|[miss]
|-miss|p1a: Jellicent|p2a: Reaper
|
|-heal|p1a: Jellicent|58/100|[from] Grassy Terrain
|-fieldend|move: Grassy Terrain
|upkeep
|turn|16
|
|t:|1655999368
|move|p2a: Reaper|Swords Dance|p2a: Reaper
|-boost|p2a: Reaper|atk|2
|move|p1a: Jellicent|Toxic|p2a: Reaper
|-status|p2a: Reaper|tox
|
|-damage|p2a: Reaper|95/100 tox|[from] psn
|upkeep
|turn|17
|
|t:|1655999375
|move|p2a: Reaper|Swords Dance|p2a: Reaper
|-boost|p2a: Reaper|atk|2
|move|p1a: Jellicent|Scald|p2a: Reaper
|-damage|p2a: Reaper|48/100 tox
|
|-damage|p2a: Reaper|36/100 tox|[from] psn
|upkeep
|turn|18
|
|t:|1655999380
|move|p2a: Reaper|Knock Off|p1a: Jellicent
|-supereffective|p1a: Jellicent
|-crit|p1a: Jellicent
|-damage|p1a: Jellicent|0 fnt
|-enditem|p1a: Jellicent|Heavy-Duty Boots|[from] move: Knock Off|[of] p2a: Reaper
|faint|p1a: Jellicent
|
|-damage|p2a: Reaper|19/100 tox|[from] psn
|upkeep
|
|t:|1655999386
|switch|p1a: Ribombee|Ribombee, M|86/100
|turn|19
|
|t:|1655999391
|switch|p1a: Regirock|Regirock|49/100
|move|p2a: Reaper|Knock Off|p1a: Regirock
|-damage|p1a: Regirock|0 fnt
|-enditem|p1a: Regirock|Leftovers|[from] move: Knock Off|[of] p2a: Reaper
|faint|p1a: Regirock
|
|-damage|p2a: Reaper|0 fnt|[from] psn
|faint|p2a: Reaper
|upkeep
|
|t:|1655999407
|switch|p2a: Fish God|Lanturn, M|100/100
|switch|p1a: Eldegoss|Eldegoss, M|85/100
|turn|20
|
|t:|1655999413
|move|p2a: Fish God|Ice Beam|p1a: Eldegoss
|-supereffective|p1a: Eldegoss
|-damage|p1a: Eldegoss|43/100
|move|p1a: Eldegoss|Giga Drain|p2a: Fish God
|-supereffective|p2a: Fish God
|-damage|p2a: Fish God|54/100
|-heal|p1a: Eldegoss|70/100|[from] drain|[of] p2a: Fish God
|
|upkeep
|turn|21
|
|t:|1655999418
|switch|p2a: A GG ron|Aggron, M|97/100
|move|p1a: Eldegoss|Sleep Powder|p2a: A GG ron
|-status|p2a: A GG ron|slp|[from] move: Sleep Powder
|
|upkeep
|turn|22
|
|t:|1655999423
|switch|p1a: Gallade|Gallade, M|100/100
|cant|p2a: A GG ron|slp
|
|upkeep
|turn|23
|c|☆AwesomePU|okay a gg ron
|c|☆AwesomePU|you arent tired
|c|☆AwesomePU|wake up
|
|t:|1655999436
|cant|p2a: A GG ron|slp
|move|p1a: Gallade|Close Combat|p2a: A GG ron
|-supereffective|p2a: A GG ron
|-damage|p2a: A GG ron|0 fnt
|-unboost|p1a: Gallade|def|1
|-unboost|p1a: Gallade|spd|1
|faint|p2a: A GG ron
|
|upkeep
|c|☆AwesomePU|rip
|c|☆AwesomePU|he was tired
|
|t:|1655999447
|switch|p2a: Louie|Thwackey, M|40/100
|-fieldstart|move: Grassy Terrain|[from] ability: Grassy Surge|[of] p2a: Louie
|turn|24
|
|t:|1655999453
|switch|p1a: Eldegoss|Eldegoss, M|100/100
|move|p2a: Louie|U-turn|p1a: Eldegoss
|-supereffective|p1a: Eldegoss
|-damage|p1a: Eldegoss|50/100
|
|t:|1655999457
|switch|p2a: Fish God|Lanturn, M|54/100|[from]move: U-turn
|
|-heal|p2a: Fish God|61/100|[from] Grassy Terrain
|-heal|p1a: Eldegoss|56/100|[from] Grassy Terrain
|upkeep
|turn|25
|
|t:|1655999460
|move|p2a: Fish God|Ice Beam|p1a: Eldegoss
|-supereffective|p1a: Eldegoss
|-damage|p1a: Eldegoss|14/100
|move|p1a: Eldegoss|Giga Drain|p2a: Fish God
|-supereffective|p2a: Fish God
|-damage|p2a: Fish God|4/100
|-heal|p1a: Eldegoss|49/100|[from] drain|[of] p2a: Fish God
|
|-heal|p2a: Fish God|10/100|[from] Grassy Terrain
|-heal|p1a: Eldegoss|55/100|[from] Grassy Terrain
|upkeep
|turn|26
|c|☆AwesomePU|gg
|
|t:|1655999464
|move|p2a: Fish God|Ice Beam|p1a: Eldegoss
|-supereffective|p1a: Eldegoss
|-damage|p1a: Eldegoss|12/100
|move|p1a: Eldegoss|Synthesis|p1a: Eldegoss
|-heal|p1a: Eldegoss|61/100
|
|-heal|p2a: Fish God|16/100|[from] Grassy Terrain
|-heal|p1a: Eldegoss|68/100|[from] Grassy Terrain
|upkeep
|turn|27
|
|t:|1655999466
|move|p2a: Fish God|Ice Beam|p1a: Eldegoss
|-supereffective|p1a: Eldegoss
|-damage|p1a: Eldegoss|31/100
|move|p1a: Eldegoss|Giga Drain|p2a: Fish God
|-supereffective|p2a: Fish God
|-damage|p2a: Fish God|0 fnt
|-heal|p1a: Eldegoss|41/100|[from] drain|[of] p2a: Fish God
|faint|p2a: Fish God
|
|-heal|p1a: Eldegoss|47/100|[from] Grassy Terrain
|upkeep
|
|t:|1655999468
|switch|p2a: Louie|Thwackey, M|40/100
|turn|28
|
|t:|1655999469
|move|p2a: Louie|Wood Hammer|p1a: Eldegoss
|-resisted|p1a: Eldegoss
|-damage|p1a: Eldegoss|9/100
|-damage|p2a: Louie|25/100|[from] Recoil
|move|p1a: Eldegoss|Giga Drain|p2a: Louie
|-resisted|p2a: Louie
|-damage|p2a: Louie|0 fnt
|-heal|p1a: Eldegoss|20/100|[from] drain|[of] p2a: Louie
|faint|p2a: Louie
|
|win|Scout Jean-Michel
|raw|Scout Jean-Michel's rating: 1286 &rarr; <strong>1320</strong><br />(+34 for winning)
|raw|AwesomePU's rating: 1420 &rarr; <strong>1393</strong><br />(-27 for losing)
|c|☆Scout Jean-Michel|Gg
|l|☆AwesomePU
|l|☆Scout Jean-Michel
|j|☆Scout Jean-Michel
|player|p1|Scout Jean-Michel|bugcatcher-gen4dp
||Ladder isn't responding, score probably updated but might not have (Request timeout).
