|j|☆KuKuKoKo
|j|☆bassy gay
|t:|1668167406
|gametype|singles
|player|p1|KuKuKoKo|169|1385
|player|p2|bassy gay|102|1654
|teamsize|p1|6
|teamsize|p2|6
|gen|8
|tier|[Gen 8] PU
|rated|
|rule|Sleep Clause Mod: Limit one foe put to sleep
|rule|Species Clause: Limit one of each Pokémon
|rule|OHKO Clause: OHKO moves are banned
|rule|Evasion Items Clause: Evasion items are banned
|rule|Evasion Moves Clause: Evasion moves are banned
|rule|Endless Battle Clause: Forcing endless battles is banned
|rule|HP Percentage Mod: HP is shown in percentages
|rule|Dynamax Clause: You cannot dynamax
|clearpoke
|poke|p1|Sandslash, F|
|poke|p1|Gigalith, M|
|poke|p1|Ribombee, F|
|poke|p1|Silvally-*|
|poke|p1|Doublade, F|
|poke|p1|Thwackey, F|
|poke|p2|Gourgeist-*, M|
|poke|p2|Comfey, M|
|poke|p2|Lunatone|
|poke|p2|Togedemaru, M|
|poke|p2|Scrafty, M|
|poke|p2|Charizard, M|
|teampreview
|inactive|Battle timer is ON: inactive players will automatically lose when time's up. (requested by KuKuKoKo)
|
|t:|1668167454
|start
|switch|p1a: Doublade|Doublade, F|100/100
|switch|p2a: Gourgeist|Gourgeist-Super, M|100/100
|-item|p1a: Doublade|Eviolite|[from] ability: Frisk|[of] p2a: Gourgeist|[identify]
|turn|1
|
|t:|1668167456
|move|p2a: Gourgeist|Poltergeist|p1a: Doublade
|-activate|p1a: Doublade|move: Poltergeist|Eviolite
|-supereffective|p1a: Doublade
|-damage|p1a: Doublade|50/100
|move|p1a: Doublade|Swords Dance|p1a: Doublade
|-boost|p1a: Doublade|atk|2
|
|upkeep
|turn|2
|
|t:|1668167461
|move|p1a: Doublade|Shadow Sneak|p2a: Gourgeist
|-supereffective|p2a: Gourgeist
|-damage|p2a: Gourgeist|34/100
|move|p2a: Gourgeist|Poltergeist|p1a: Doublade
|-activate|p1a: Doublade|move: Poltergeist|Eviolite
|-supereffective|p1a: Doublade
|-damage|p1a: Doublade|0 fnt
|faint|p1a: Doublade
|
|upkeep
|
|t:|1668167464
|switch|p1a: Ribombee|Ribombee, F|100/100
|turn|3
|
|t:|1668167468
|switch|p1a: Sandslash|Sandslash, F|100/100
|switch|p2a: Togedemaru|Togedemaru, M|100/100
|
|upkeep
|turn|4
|
|t:|1668167473
|switch|p2a: Charizard|Charizard, M|100/100
|move|p1a: Sandslash|Swords Dance|p1a: Sandslash
|-boost|p1a: Sandslash|atk|2
|
|upkeep
|turn|5
|
|t:|1668167476
|move|p2a: Charizard|Flamethrower|p1a: Sandslash
|-damage|p1a: Sandslash|23/100
|move|p1a: Sandslash|Rock Slide|p2a: Charizard
|-supereffective|p2a: Charizard
|-crit|p2a: Charizard
|-damage|p2a: Charizard|0 fnt
|faint|p2a: Charizard
|-damage|p1a: Sandslash|13/100|[from] item: Life Orb
|
|upkeep
|
|t:|1668167493
|switch|p2a: Gourgeist|Gourgeist-Super, M|34/100
|-item|p1a: Sandslash|Life Orb|[from] ability: Frisk|[of] p2a: Gourgeist|[identify]
|turn|6
|
|t:|1668167498
|switch|p1a: Thwackey|Thwackey, F|100/100
|-fieldstart|move: Grassy Terrain|[from] ability: Grassy Surge|[of] p1a: Thwackey
|move|p2a: Gourgeist|Shadow Sneak|p1a: Thwackey
|-damage|p1a: Thwackey|89/100
|
|-heal|p1a: Thwackey|95/100|[from] Grassy Terrain
|-heal|p2a: Gourgeist|41/100|[from] Grassy Terrain
|upkeep
|turn|7
|
|t:|1668167501
|move|p1a: Thwackey|Swords Dance|p1a: Thwackey
|-boost|p1a: Thwackey|atk|2
|move|p2a: Gourgeist|Synthesis|p2a: Gourgeist
|-heal|p2a: Gourgeist|90/100
|
|-heal|p1a: Thwackey|100/100|[from] Grassy Terrain
|-heal|p2a: Gourgeist|97/100|[from] Grassy Terrain
|upkeep
|turn|8
|
|t:|1668167502
|move|p1a: Thwackey|Swords Dance|p1a: Thwackey
|-boost|p1a: Thwackey|atk|2
|move|p2a: Gourgeist|Poltergeist|p1a: Thwackey
|-activate|p1a: Thwackey|move: Poltergeist|Eviolite
|-damage|p1a: Thwackey|71/100
|
|-heal|p1a: Thwackey|77/100|[from] Grassy Terrain
|-heal|p2a: Gourgeist|100/100|[from] Grassy Terrain
|upkeep
|turn|9
|
|t:|1668167505
|move|p1a: Thwackey|Swords Dance|p1a: Thwackey
|-boost|p1a: Thwackey|atk|2
|move|p2a: Gourgeist|Poltergeist|p1a: Thwackey
|-activate|p1a: Thwackey|move: Poltergeist|Eviolite
|-damage|p1a: Thwackey|46/100
|
|-heal|p1a: Thwackey|52/100|[from] Grassy Terrain
|upkeep
|turn|10
|
|t:|1668167507
|move|p1a: Thwackey|Knock Off|p2a: Gourgeist
|-supereffective|p2a: Gourgeist
|-damage|p2a: Gourgeist|8/100
|move|p2a: Gourgeist|Poltergeist|p1a: Thwackey
|-activate|p1a: Thwackey|move: Poltergeist|Eviolite
|-damage|p1a: Thwackey|22/100
|
|-heal|p1a: Thwackey|28/100|[from] Grassy Terrain
|-heal|p2a: Gourgeist|14/100|[from] Grassy Terrain
|-fieldend|move: Grassy Terrain
|upkeep
|turn|11
|
|t:|1668167522
|move|p2a: Gourgeist|Shadow Sneak|p1a: Thwackey
|-damage|p1a: Thwackey|16/100
|move|p1a: Thwackey|Knock Off|p2a: Gourgeist
|-supereffective|p2a: Gourgeist
|-damage|p2a: Gourgeist|0 fnt
|faint|p2a: Gourgeist
|
|upkeep
|
|t:|1668167537
|switch|p2a: Comfey|Comfey, M|100/100
|turn|12
|
|t:|1668167541
|switch|p1a: Silvally|Silvally-Steel|100/100
|move|p2a: Comfey|Draining Kiss|p1a: Silvally
|-resisted|p1a: Silvally
|-damage|p1a: Silvally|87/100
|-damage|p2a: Comfey|91/100|[from] item: Life Orb
|
|upkeep
|turn|13
|
|t:|1668167545
|switch|p2a: Togedemaru|Togedemaru, M|100/100
|move|p1a: Silvally|Flamethrower|p2a: Togedemaru
|-supereffective|p2a: Togedemaru
|-damage|p2a: Togedemaru|65/100
|
|upkeep
|turn|14
|
|t:|1668167550
|move|p1a: Silvally|Parting Shot|p2a: Togedemaru
|-unboost|p2a: Togedemaru|atk|1
|-unboost|p2a: Togedemaru|spa|1
|
|t:|1668167551
|switch|p1a: Gigalith|Gigalith, M|100/100|[from]move: Parting Shot
|-weather|Sandstorm|[from] ability: Sand Stream|[of] p1a: Gigalith
|move|p2a: Togedemaru|Wish|p2a: Togedemaru
|
|-weather|Sandstorm|[upkeep]
|upkeep
|turn|15
|
|t:|1668167556
|switch|p2a: Lunatone|Lunatone|100/100
|move|p1a: Gigalith|Toxic|p2a: Lunatone
|-status|p2a: Lunatone|tox
|
|-weather|Sandstorm|[upkeep]
|-damage|p2a: Lunatone|94/100 tox|[from] psn
|upkeep
|turn|16
|
|t:|1668167558
|move|p2a: Lunatone|Stealth Rock|p1a: Gigalith
|-sidestart|p1: KuKuKoKo|move: Stealth Rock
|move|p1a: Gigalith|Stealth Rock|p2a: Lunatone
|-sidestart|p2: bassy gay|move: Stealth Rock
|
|-weather|Sandstorm|[upkeep]
|-heal|p2a: Lunatone|100/100 tox|[from] item: Leftovers
|-damage|p2a: Lunatone|88/100 tox|[from] psn
|upkeep
|turn|17
|
|t:|1668167562
|switch|p1a: Silvally|Silvally-Steel|87/100
|-damage|p1a: Silvally|80/100|[from] Stealth Rock
|move|p2a: Lunatone|Future Sight|p1a: Silvally
|-start|p2a: Lunatone|move: Future Sight
|
|-weather|Sandstorm|[upkeep]
|-heal|p2a: Lunatone|94/100 tox|[from] item: Leftovers
|-damage|p2a: Lunatone|75/100 tox|[from] psn
|upkeep
|turn|18
|
|t:|1668167566
|switch|p2a: Scrafty|Scrafty, M|100/100
|-damage|p2a: Scrafty|95/100|[from] Stealth Rock
|move|p1a: Silvally|Multi-Attack|p2a: Scrafty
|-damage|p2a: Scrafty|38/100
|
|-weather|Sandstorm|[upkeep]
|-damage|p2a: Scrafty|32/100|[from] Sandstorm
|-heal|p2a: Scrafty|38/100|[from] item: Leftovers
|upkeep
|turn|19
|
|t:|1668167572
|switch|p2a: Togedemaru|Togedemaru, M|65/100
|move|p1a: Silvally|Multi-Attack|p2a: Togedemaru
|-resisted|p2a: Togedemaru
|-damage|p2a: Togedemaru|46/100
|-damage|p1a: Silvally|68/100|[from] ability: Iron Barbs|[of] p2a: Togedemaru
|
|-weather|Sandstorm|[upkeep]
|-end|p1a: Silvally|move: Future Sight
|-resisted|p1a: Silvally
|-damage|p1a: Silvally|41/100
|upkeep
|turn|20
|
|t:|1668167579
|move|p1a: Silvally|Flamethrower|p2a: Togedemaru
|-supereffective|p2a: Togedemaru
|-damage|p2a: Togedemaru|16/100
|move|p2a: Togedemaru|Wish|p2a: Togedemaru
|
|-weather|Sandstorm|[upkeep]
|upkeep
|turn|21
|
|t:|1668167584
|move|p2a: Togedemaru|Spiky Shield|p2a: Togedemaru
|-singleturn|p2a: Togedemaru|move: Protect
|move|p1a: Silvally|Multi-Attack|p2a: Togedemaru
|-activate|p2a: Togedemaru|move: Protect
|-damage|p1a: Silvally|28/100|[from] Spiky Shield|[of] p2a: Togedemaru
|
|-weather|none
|-heal|p2a: Togedemaru|66/100|[from] move: Wish|[wisher] Togedemaru
|upkeep
|turn|22
|
|t:|1668167586
|move|p1a: Silvally|Parting Shot|p2a: Togedemaru
|-unboost|p2a: Togedemaru|atk|1
|-unboost|p2a: Togedemaru|spa|1
|
|t:|1668167587
|switch|p1a: Gigalith|Gigalith, M|100/100|[from]move: Parting Shot
|-damage|p1a: Gigalith|88/100|[from] Stealth Rock
|-weather|Sandstorm|[from] ability: Sand Stream|[of] p1a: Gigalith
|move|p2a: Togedemaru|Wish|p2a: Togedemaru
|
|-weather|Sandstorm|[upkeep]
|upkeep
|turn|23
|
|t:|1668167596
|switch|p2a: Scrafty|Scrafty, M|38/100
|-damage|p2a: Scrafty|32/100|[from] Stealth Rock
|move|p1a: Gigalith|Earthquake|p2a: Scrafty
|-damage|p2a: Scrafty|0 fnt
|faint|p2a: Scrafty
|
|-weather|Sandstorm|[upkeep]
|upkeep
|
|t:|1668167607
|switch|p2a: Lunatone|Lunatone|75/100 tox
|-damage|p2a: Lunatone|63/100 tox|[from] Stealth Rock
|turn|24
|
|t:|1668167615
|move|p2a: Lunatone|Future Sight|p1a: Gigalith
|-start|p2a: Lunatone|move: Future Sight
|move|p1a: Gigalith|Rock Blast|p2a: Lunatone|[miss]
|-miss|p1a: Gigalith|p2a: Lunatone
|
|-weather|Sandstorm|[upkeep]
|-heal|p2a: Lunatone|69/100 tox|[from] item: Leftovers
|-damage|p2a: Lunatone|63/100 tox|[from] psn
|upkeep
|turn|25
|
|t:|1668167628
|move|p2a: Lunatone|Power Gem|p1a: Gigalith
|-damage|p1a: Gigalith|70/100
|move|p1a: Gigalith|Rock Blast|p2a: Lunatone
|-damage|p2a: Lunatone|48/100 tox
|-crit|p2a: Lunatone
|-damage|p2a: Lunatone|28/100 tox
|-damage|p2a: Lunatone|15/100 tox
|-damage|p2a: Lunatone|0 fnt
|faint|p2a: Lunatone
|-hitcount|p2: Lunatone|4
|
|-weather|Sandstorm|[upkeep]
|upkeep
|
|t:|1668167631
|switch|p2a: Comfey|Comfey, M|91/100
|-damage|p2a: Comfey|78/100|[from] Stealth Rock
|turn|26
|
|t:|1668167637
|switch|p1a: Thwackey|Thwackey, F|16/100
|-damage|p1a: Thwackey|3/100|[from] Stealth Rock
|-fieldstart|move: Grassy Terrain|[from] ability: Grassy Surge|[of] p1a: Thwackey
|move|p2a: Comfey|Calm Mind|p2a: Comfey
|-boost|p2a: Comfey|spa|1
|-boost|p2a: Comfey|spd|1
|
|-weather|Sandstorm|[upkeep]
|-damage|p2a: Comfey|72/100|[from] Sandstorm
|-damage|p1a: Thwackey|0 fnt|[from] Sandstorm
|faint|p1a: Thwackey
|-hint|Future Sight did not hit because the target is fainted.
|-heal|p2a: Comfey|78/100|[from] Grassy Terrain
|upkeep
|
|t:|1668167639
|switch|p1a: Silvally|Silvally-Steel|28/100
|-damage|p1a: Silvally|22/100|[from] Stealth Rock
|turn|27
|
|t:|1668167642
|switch|p2a: Togedemaru|Togedemaru, M|66/100
|move|p1a: Silvally|Multi-Attack|p2a: Togedemaru
|-resisted|p2a: Togedemaru
|-damage|p2a: Togedemaru|45/100
|-damage|p1a: Silvally|10/100|[from] ability: Iron Barbs|[of] p2a: Togedemaru
|
|-weather|Sandstorm|[upkeep]
|-heal|p1a: Silvally|16/100|[from] Grassy Terrain
|-heal|p2a: Togedemaru|51/100|[from] Grassy Terrain
|upkeep
|turn|28
|
|t:|1668167646
|move|p1a: Silvally|Defog|p2a: Togedemaru
|-unboost|p2a: Togedemaru|evasion|1
|-sideend|p2: bassy gay|Stealth Rock|[from] move: Defog|[of] p1a: Silvally
|-sideend|p1: KuKuKoKo|Stealth Rock|[from] move: Defog|[of] p1a: Silvally
|-fieldend|move: Grassy Terrain
|move|p2a: Togedemaru|Iron Head|p1a: Silvally
|-resisted|p1a: Silvally
|-damage|p1a: Silvally|3/100
|
|-weather|Sandstorm|[upkeep]
|upkeep
|turn|29
|
|t:|1668167655
|move|p1a: Silvally|Flamethrower|p2a: Togedemaru
|-supereffective|p2a: Togedemaru
|-damage|p2a: Togedemaru|18/100
|move|p2a: Togedemaru|Wish|p2a: Togedemaru
|
|-weather|none
|upkeep
|turn|30
|
|t:|1668167658
|move|p2a: Togedemaru|Spiky Shield|p2a: Togedemaru
|-singleturn|p2a: Togedemaru|move: Protect
|move|p1a: Silvally|Multi-Attack|p2a: Togedemaru
|-activate|p2a: Togedemaru|move: Protect
|-damage|p1a: Silvally|0 fnt|[from] Spiky Shield|[of] p2a: Togedemaru
|faint|p1a: Silvally
|
|-heal|p2a: Togedemaru|68/100|[from] move: Wish|[wisher] Togedemaru
|upkeep
|
|t:|1668167660
|switch|p1a: Gigalith|Gigalith, M|70/100
|-weather|Sandstorm|[from] ability: Sand Stream|[of] p1a: Gigalith
|turn|31
|
|t:|1668167665
|move|p2a: Togedemaru|Wish|p2a: Togedemaru
|move|p1a: Gigalith|Earthquake|p2a: Togedemaru
|-supereffective|p2a: Togedemaru
|-damage|p2a: Togedemaru|0 fnt
|faint|p2a: Togedemaru
|
|-weather|Sandstorm|[upkeep]
|upkeep
|
|t:|1668167666
|switch|p2a: Comfey|Comfey, M|78/100
|turn|32
|
|t:|1668167669
|move|p2a: Comfey|Calm Mind|p2a: Comfey
|-boost|p2a: Comfey|spa|1
|-boost|p2a: Comfey|spd|1
|move|p1a: Gigalith|Toxic|p2a: Comfey
|-status|p2a: Comfey|tox
|
|-weather|Sandstorm|[upkeep]
|-damage|p2a: Comfey|72/100 tox|[from] Sandstorm
|-heal|p2a: Comfey|100/100 tox|[from] move: Wish|[wisher] Togedemaru
|-damage|p2a: Comfey|94/100 tox|[from] psn
|upkeep
|turn|33
|
|t:|1668167676
|move|p2a: Comfey|Calm Mind|p2a: Comfey
|-boost|p2a: Comfey|spa|1
|-boost|p2a: Comfey|spd|1
|move|p1a: Gigalith|Rock Blast|p2a: Comfey
|-damage|p2a: Comfey|80/100 tox
|-damage|p2a: Comfey|66/100 tox
|-hitcount|p2a: Comfey|2
|
|-weather|Sandstorm|[upkeep]
|-damage|p2a: Comfey|60/100 tox|[from] Sandstorm
|-damage|p2a: Comfey|47/100 tox|[from] psn
|upkeep
|turn|34
|
|t:|1668167679
|move|p2a: Comfey|Giga Drain|p1a: Gigalith
|-supereffective|p1a: Gigalith
|-damage|p1a: Gigalith|17/100
|-heal|p2a: Comfey|84/100 tox|[from] drain|[of] p1a: Gigalith
|-damage|p2a: Comfey|74/100 tox|[from] item: Life Orb
|move|p1a: Gigalith|Rock Blast|p2a: Comfey|[miss]
|-miss|p1a: Gigalith|p2a: Comfey
|
|-weather|Sandstorm|[upkeep]
|-damage|p2a: Comfey|67/100 tox|[from] Sandstorm
|-damage|p2a: Comfey|49/100 tox|[from] psn
|upkeep
|turn|35
|
|t:|1668167682
|move|p2a: Comfey|Draining Kiss|p1a: Gigalith
|-damage|p1a: Gigalith|0 fnt
|-heal|p2a: Comfey|66/100 tox|[from] drain|[of] p1a: Gigalith
|faint|p1a: Gigalith
|-damage|p2a: Comfey|56/100 tox|[from] item: Life Orb
|
|-weather|Sandstorm|[upkeep]
|-damage|p2a: Comfey|50/100 tox|[from] Sandstorm
|-damage|p2a: Comfey|25/100 tox|[from] psn
|upkeep
|
|t:|1668167684
|switch|p1a: Ribombee|Ribombee, F|100/100
|turn|36
|
|t:|1668167686
|move|p2a: Comfey|Draining Kiss|p1a: Ribombee
|-damage|p1a: Ribombee|6/100
|-heal|p2a: Comfey|93/100 tox|[from] drain|[of] p1a: Ribombee
|-damage|p2a: Comfey|83/100 tox|[from] item: Life Orb
|move|p1a: Ribombee|Quiver Dance|p1a: Ribombee
|-boost|p1a: Ribombee|spa|1
|-boost|p1a: Ribombee|spd|1
|-boost|p1a: Ribombee|spe|1
|
|-weather|Sandstorm|[upkeep]
|-damage|p1a: Ribombee|0 fnt|[from] Sandstorm
|-damage|p2a: Comfey|77/100 tox|[from] Sandstorm
|faint|p1a: Ribombee
|-damage|p2a: Comfey|45/100 tox|[from] psn
|upkeep
|
|t:|1668167690
|switch|p1a: Sandslash|Sandslash, F|13/100
|turn|37
|
|t:|1668167691
|move|p2a: Comfey|Draining Kiss|p1a: Sandslash
|-damage|p1a: Sandslash|0 fnt
|-heal|p2a: Comfey|55/100 tox|[from] drain|[of] p1a: Sandslash
|faint|p1a: Sandslash
|-damage|p2a: Comfey|45/100 tox|[from] item: Life Orb
|
|win|bassy gay
|raw|KuKuKoKo's rating: 1385 &rarr; <strong>1378</strong><br />(-7 for losing)
|raw|bassy gay's rating: 1654 &rarr; <strong>1661</strong><br />(+7 for winning)
|c|☆bassy gay|GG
|c|☆KuKuKoKo|gg
