|j|☆Roonie217
|j|☆Axrtix
|t:|1618340109
|gametype|singles
|player|p1|Roonie217|flannery|1535
|player|p2|Axrtix|skierf-gen4dp|1601
|teamsize|p1|6
|teamsize|p2|6
|gen|8
|tier|[Gen 8] PU
|rated|
|clearpoke
|poke|p1|Trevenant, M|
|poke|p1|Togedemaru, M|
|poke|p1|Gigalith, F|
|poke|p1|Charizard, F|
|poke|p1|Alcremie, F|
|poke|p1|Poliwrath, F|
|poke|p2|Heliolisk, F|
|poke|p2|Sandaconda, F|
|poke|p2|Charizard, F|
|poke|p2|Guzzlord|
|poke|p2|Aromatisse, M|
|poke|p2|Passimian, M|
|rule|Sleep Clause Mod: Limit one foe put to sleep
|rule|Species Clause: Limit one of each Pokémon
|rule|OHKO Clause: OHKO moves are banned
|rule|Evasion Moves Clause: Evasion moves are banned
|rule|Endless Battle Clause: Forcing endless battles is banned
|rule|HP Percentage Mod: HP is shown in percentages
|rule|Dynamax Clause: You cannot dynamax
|teampreview
|c|☆Roonie217|gl hf
|c|☆Axrtix|u2
|inactive|Battle timer is ON: inactive players will automatically lose when time's up. (requested by Roonie217)
|inactive|Axrtix has 120 seconds left.
|
|t:|1618340263
|start
|switch|p1a: Togedemaru|Togedemaru, M|100/100
|switch|p2a: Guzzlord|Guzzlord, shiny|100/100
|turn|1
|
|t:|1618340269
|switch|p2a: Sandaconda|Sandaconda, F|100/100
|move|p1a: Togedemaru|U-turn|p2a: Sandaconda
|-damage|p2a: Sandaconda|88/100
|-damage|p1a: Togedemaru|84/100|[from] item: Rocky Helmet|[of] p2a: Sandaconda
|
|t:|1618340274
|switch|p1a: Trevenant|Trevenant, M|100/100|[from]move: U-turn
|
|upkeep
|turn|2
|
|t:|1618340280
|switch|p2a: Guzzlord|Guzzlord, shiny|100/100
|move|p1a: Trevenant|Drain Punch|p2a: Guzzlord
|-supereffective|p2a: Guzzlord
|-damage|p2a: Guzzlord|22/100
|
|upkeep
|turn|3
|
|t:|1618340289
|switch|p2a: Charizard|Charizard, F, shiny|100/100
|move|p1a: Trevenant|Drain Punch|p2a: Charizard
|-resisted|p2a: Charizard
|-damage|p2a: Charizard|80/100
|
|upkeep
|turn|4
|
|t:|1618340295
|switch|p2a: Heliolisk|Heliolisk, F|100/100
|switch|p1a: Gigalith|Gigalith, F|100/100
|-weather|Sandstorm|[from] ability: Sand Stream|[of] p1a: Gigalith
|
|-weather|Sandstorm|[upkeep]
|-damage|p2a: Heliolisk|94/100|[from] Sandstorm
|upkeep
|turn|5
|
|t:|1618340298
|move|p2a: Heliolisk|Volt Switch|p1a: Gigalith
|-damage|p1a: Gigalith|84/100
|
|t:|1618340302
|switch|p2a: Sandaconda|Sandaconda, F|88/100|[from]move: Volt Switch
|move|p1a: Gigalith|Stealth Rock|p2a: Sandaconda
|-sidestart|p2: Axrtix|move: Stealth Rock
|
|-weather|Sandstorm|[upkeep]
|-heal|p1a: Gigalith|90/100|[from] item: Leftovers
|upkeep
|turn|6
|
|t:|1618340306
|switch|p1a: Trevenant|Trevenant, M|100/100
|move|p2a: Sandaconda|Stealth Rock|p1a: Trevenant
|-sidestart|p1: Roonie217|move: Stealth Rock
|
|-weather|Sandstorm|[upkeep]
|-damage|p1a: Trevenant|94/100|[from] Sandstorm
|upkeep
|turn|7
|
|t:|1618340310
|switch|p2a: Charizard|Charizard, F, shiny|80/100
|move|p1a: Trevenant|Poltergeist|p2a: Charizard
|-activate|p2a: Charizard|move: Poltergeist|Heavy-Duty Boots
|-damage|p2a: Charizard|0 fnt
|faint|p2a: Charizard
|
|-weather|Sandstorm|[upkeep]
|-damage|p1a: Trevenant|88/100|[from] Sandstorm
|upkeep
|
|t:|1618340321
|switch|p2a: Passimian|Passimian, M|100/100
|-damage|p2a: Passimian|94/100|[from] Stealth Rock
|turn|8
|
|t:|1618340325
|switch|p1a: Poliwrath|Poliwrath, F|100/100
|-damage|p1a: Poliwrath|94/100|[from] Stealth Rock
|move|p2a: Passimian|Knock Off|p1a: Poliwrath
|-resisted|p1a: Poliwrath
|-damage|p1a: Poliwrath|83/100
|-enditem|p1a: Poliwrath|Leftovers|[from] move: Knock Off|[of] p2a: Passimian
|
|-weather|none
|upkeep
|turn|9
|
|t:|1618340329
|switch|p2a: Aromatisse|Aromatisse, M|100/100
|-damage|p2a: Aromatisse|88/100|[from] Stealth Rock
|move|p1a: Poliwrath|Seismic Toss|p2a: Aromatisse
|-damage|p2a: Aromatisse|64/100
|
|-heal|p2a: Aromatisse|70/100|[from] item: Leftovers
|upkeep
|turn|10
|
|t:|1618340335
|switch|p1a: Togedemaru|Togedemaru, M|84/100
|-damage|p1a: Togedemaru|78/100|[from] Stealth Rock
|move|p2a: Aromatisse|Wish|p2a: Aromatisse
|
|-heal|p2a: Aromatisse|76/100|[from] item: Leftovers
|upkeep
|turn|11
|
|t:|1618340342
|move|p1a: Togedemaru|Iron Head|p2a: Aromatisse
|-supereffective|p2a: Aromatisse
|-damage|p2a: Aromatisse|24/100
|move|p2a: Aromatisse|Moonblast|p1a: Togedemaru
|-resisted|p1a: Togedemaru
|-damage|p1a: Togedemaru|51/100
|
|-heal|p2a: Aromatisse|74/100|[from] move: Wish|[wisher] Aromatisse
|-heal|p2a: Aromatisse|80/100|[from] item: Leftovers
|upkeep
|turn|12
|
|t:|1618340354
|switch|p1a: Trevenant|Trevenant, M|88/100
|-damage|p1a: Trevenant|76/100|[from] Stealth Rock
|move|p2a: Aromatisse|Protect||[still]
|-fail|p2a: Aromatisse
|
|-heal|p2a: Aromatisse|86/100|[from] item: Leftovers
|upkeep
|turn|13
|
|t:|1618340362
|move|p2a: Aromatisse|Protect|p2a: Aromatisse
|-singleturn|p2a: Aromatisse|Protect
|move|p1a: Trevenant|Horn Leech|p2a: Aromatisse
|-activate|p2a: Aromatisse|move: Protect
|
|-heal|p2a: Aromatisse|92/100|[from] item: Leftovers
|upkeep
|turn|14
|
|t:|1618340374
|move|p1a: Trevenant|Horn Leech|p2a: Aromatisse
|-damage|p2a: Aromatisse|51/100
|-heal|p1a: Trevenant|100/100|[from] drain|[of] p2a: Aromatisse
|move|p2a: Aromatisse|Moonblast|p1a: Trevenant
|-damage|p1a: Trevenant|58/100
|-unboost|p1a: Trevenant|spa|1
|
|-heal|p2a: Aromatisse|57/100|[from] item: Leftovers
|upkeep
|turn|15
|
|t:|1618340378
|move|p1a: Trevenant|Horn Leech|p2a: Aromatisse
|-damage|p2a: Aromatisse|17/100
|-heal|p1a: Trevenant|84/100|[from] drain|[of] p2a: Aromatisse
|move|p2a: Aromatisse|Wish|p2a: Aromatisse
|
|-heal|p2a: Aromatisse|23/100|[from] item: Leftovers
|upkeep
|turn|16
|
|t:|1618340389
|move|p2a: Aromatisse|Protect|p2a: Aromatisse
|-singleturn|p2a: Aromatisse|Protect
|move|p1a: Trevenant|Horn Leech|p2a: Aromatisse
|-activate|p2a: Aromatisse|move: Protect
|
|-heal|p2a: Aromatisse|73/100|[from] move: Wish|[wisher] Aromatisse
|-heal|p2a: Aromatisse|79/100|[from] item: Leftovers
|upkeep
|turn|17
|
|t:|1618340392
|move|p1a: Trevenant|Horn Leech|p2a: Aromatisse
|-damage|p2a: Aromatisse|33/100
|-heal|p1a: Trevenant|100/100|[from] drain|[of] p2a: Aromatisse
|move|p2a: Aromatisse|Wish|p2a: Aromatisse
|
|-heal|p2a: Aromatisse|39/100|[from] item: Leftovers
|upkeep
|turn|18
|
|t:|1618340401
|switch|p1a: Alcremie|Alcremie, F|100/100
|-damage|p1a: Alcremie|88/100|[from] Stealth Rock
|move|p2a: Aromatisse|Protect||[still]
|-fail|p2a: Aromatisse
|
|-heal|p2a: Aromatisse|89/100|[from] move: Wish|[wisher] Aromatisse
|-heal|p2a: Aromatisse|96/100|[from] item: Leftovers
|upkeep
|turn|19
|
|t:|1618340405
|move|p1a: Alcremie|Calm Mind|p1a: Alcremie
|-boost|p1a: Alcremie|spa|1
|-boost|p1a: Alcremie|spd|1
|move|p2a: Aromatisse|Toxic|p1a: Alcremie
|-status|p1a: Alcremie|tox
|
|-heal|p2a: Aromatisse|100/100|[from] item: Leftovers
|-damage|p1a: Alcremie|82/100 tox|[from] psn
|upkeep
|turn|20
|
|t:|1618340412
|move|p1a: Alcremie|Calm Mind|p1a: Alcremie
|-boost|p1a: Alcremie|spa|1
|-boost|p1a: Alcremie|spd|1
|move|p2a: Aromatisse|Moonblast|p1a: Alcremie
|-damage|p1a: Alcremie|68/100 tox
|
|-damage|p1a: Alcremie|56/100 tox|[from] psn
|upkeep
|turn|21
|
|t:|1618340417
|move|p1a: Alcremie|Calm Mind|p1a: Alcremie
|-boost|p1a: Alcremie|spa|1
|-boost|p1a: Alcremie|spd|1
|move|p2a: Aromatisse|Wish|p2a: Aromatisse
|
|-damage|p1a: Alcremie|38/100 tox|[from] psn
|upkeep
|turn|22
|
|t:|1618340419
|move|p1a: Alcremie|Rest|p1a: Alcremie
|-status|p1a: Alcremie|slp|[from] move: Rest
|-heal|p1a: Alcremie|100/100 slp|[silent]
|-enditem|p1a: Alcremie|Chesto Berry|[eat]
|-curestatus|p1a: Alcremie|slp|[msg]
|move|p2a: Aromatisse|Moonblast|p1a: Alcremie
|-damage|p1a: Alcremie|88/100
|-unboost|p1a: Alcremie|spa|1
|
|upkeep
|turn|23
|
|t:|1618340422
|move|p1a: Alcremie|Stored Power|p2a: Aromatisse
|-damage|p2a: Aromatisse|48/100
|move|p2a: Aromatisse|Toxic|p1a: Alcremie
|-status|p1a: Alcremie|tox
|
|-heal|p2a: Aromatisse|54/100|[from] item: Leftovers
|-damage|p1a: Alcremie|82/100 tox|[from] psn
|upkeep
|turn|24
|
|t:|1618340427
|switch|p1a: Trevenant|Trevenant, M|100/100
|-damage|p1a: Trevenant|88/100|[from] Stealth Rock
|move|p2a: Aromatisse|Protect||[still]
|-fail|p2a: Aromatisse
|
|-heal|p2a: Aromatisse|60/100|[from] item: Leftovers
|upkeep
|turn|25
|
|t:|1618340432
|move|p2a: Aromatisse|Protect|p2a: Aromatisse
|-singleturn|p2a: Aromatisse|Protect
|move|p1a: Trevenant|Poltergeist|p2a: Aromatisse
|-activate|p2a: Aromatisse|move: Protect
|
|-heal|p2a: Aromatisse|66/100|[from] item: Leftovers
|upkeep
|turn|26
|
|t:|1618340438
|switch|p1a: Togedemaru|Togedemaru, M|51/100
|-damage|p1a: Togedemaru|45/100|[from] Stealth Rock
|switch|p2a: Heliolisk|Heliolisk, F|94/100
|
|upkeep
|turn|27
|
|t:|1618340444
|switch|p2a: Sandaconda|Sandaconda, F|88/100
|-damage|p2a: Sandaconda|82/100|[from] Stealth Rock
|move|p1a: Togedemaru|U-turn|p2a: Sandaconda
|-damage|p2a: Sandaconda|69/100
|-damage|p1a: Togedemaru|29/100|[from] item: Rocky Helmet|[of] p2a: Sandaconda
|
|t:|1618340449
|switch|p1a: Trevenant|Trevenant, M|88/100|[from]move: U-turn
|-damage|p1a: Trevenant|76/100|[from] Stealth Rock
|
|upkeep
|turn|28
|
|t:|1618340460
|move|p1a: Trevenant|Horn Leech|p2a: Sandaconda
|-supereffective|p2a: Sandaconda
|-damage|p2a: Sandaconda|1/100
|-heal|p1a: Trevenant|100/100|[from] drain|[of] p2a: Sandaconda
|-damage|p1a: Trevenant|84/100|[from] item: Rocky Helmet|[of] p2a: Sandaconda
|move|p2a: Sandaconda|Glare|p1a: Trevenant
|-status|p1a: Trevenant|par
|
|upkeep
|turn|29
|
|t:|1618340474
|switch|p1a: Charizard|Charizard, F|100/100
|move|p2a: Sandaconda|Earthquake|p1a: Charizard
|-immune|p1a: Charizard
|
|upkeep
|turn|30
|
|t:|1618340478
|move|p1a: Charizard|Flamethrower|p2a: Sandaconda
|-damage|p2a: Sandaconda|0 fnt
|faint|p2a: Sandaconda
|
|upkeep
|
|t:|1618340480
|switch|p2a: Heliolisk|Heliolisk, F|94/100
|turn|31
|
|t:|1618340483
|move|p2a: Heliolisk|Volt Switch|p1a: Charizard
|-supereffective|p1a: Charizard
|-damage|p1a: Charizard|22/100
|
|t:|1618340488
|switch|p2a: Passimian|Passimian, M|94/100|[from]move: Volt Switch
|-damage|p2a: Passimian|88/100|[from] Stealth Rock
|move|p1a: Charizard|Flamethrower|p2a: Passimian
|-damage|p2a: Passimian|0 fnt
|faint|p2a: Passimian
|
|upkeep
|
|t:|1618340492
|switch|p2a: Heliolisk|Heliolisk, F|94/100
|turn|32
|
|t:|1618340495
|switch|p1a: Togedemaru|Togedemaru, M|29/100
|-damage|p1a: Togedemaru|23/100|[from] Stealth Rock
|move|p2a: Heliolisk|Surf|p1a: Togedemaru
|-crit|p1a: Togedemaru
|-damage|p1a: Togedemaru|0 fnt
|faint|p1a: Togedemaru
|
|upkeep
|
|t:|1618340499
|switch|p1a: Gigalith|Gigalith, F|90/100
|-damage|p1a: Gigalith|78/100|[from] Stealth Rock
|-weather|Sandstorm|[from] ability: Sand Stream|[of] p1a: Gigalith
|turn|33
|
|t:|1618340502
|move|p2a: Heliolisk|Volt Switch|p1a: Gigalith
|-damage|p1a: Gigalith|60/100
|
|t:|1618340503
|switch|p2a: Aromatisse|Aromatisse, M|66/100|[from]move: Volt Switch
|-damage|p2a: Aromatisse|54/100|[from] Stealth Rock
|move|p1a: Gigalith|Earthquake|p2a: Aromatisse
|-damage|p2a: Aromatisse|31/100
|
|-weather|Sandstorm|[upkeep]
|-damage|p2a: Aromatisse|24/100|[from] Sandstorm
|-heal|p2a: Aromatisse|31/100|[from] item: Leftovers
|-heal|p1a: Gigalith|66/100|[from] item: Leftovers
|upkeep
|turn|34
|
|t:|1618340509
|move|p2a: Aromatisse|Wish|p2a: Aromatisse
|move|p1a: Gigalith|Rock Blast|p2a: Aromatisse
|-damage|p2a: Aromatisse|22/100
|-damage|p2a: Aromatisse|14/100
|-damage|p2a: Aromatisse|6/100
|-hitcount|p2a: Aromatisse|3
|
|-weather|Sandstorm|[upkeep]
|-damage|p2a: Aromatisse|0 fnt|[from] Sandstorm
|faint|p2a: Aromatisse
|-heal|p1a: Gigalith|72/100|[from] item: Leftovers
|upkeep
|j| GreenFlash725
|
|t:|1618340533
|switch|p2a: Guzzlord|Guzzlord, shiny|22/100
|-damage|p2a: Guzzlord|9/100|[from] Stealth Rock
|turn|35
|
|t:|1618340536
|move|p2a: Guzzlord|Drain Punch|p1a: Gigalith
|-supereffective|p1a: Gigalith
|-damage|p1a: Gigalith|40/100
|-heal|p2a: Guzzlord|20/100|[from] drain|[of] p1a: Gigalith
|move|p1a: Gigalith|Earthquake|p2a: Guzzlord
|-damage|p2a: Guzzlord|0 fnt
|faint|p2a: Guzzlord
|
|-weather|Sandstorm|[upkeep]
|-heal|p1a: Gigalith|46/100|[from] item: Leftovers
|upkeep
|
|t:|1618340540
|switch|p2a: Heliolisk|Heliolisk, F|94/100
|turn|36
|
|t:|1618340543
|move|p2a: Heliolisk|Surf|p1a: Gigalith
|-supereffective|p1a: Gigalith
|-damage|p1a: Gigalith|16/100
|move|p1a: Gigalith|Earthquake|p2a: Heliolisk
|-supereffective|p2a: Heliolisk
|-damage|p2a: Heliolisk|0 fnt
|faint|p2a: Heliolisk
|
|win|Roonie217
|raw|Roonie217's rating: 1534 &rarr; <strong>1558</strong><br />(+24 for winning)
|raw|Axrtix's rating: 1601 &rarr; <strong>1577</strong><br />(-24 for losing)
|c|☆Roonie217|gg
|l| GreenFlash725
