|j|☆Regi Time
|j|☆Geng8y
|t:|1622925328
|gametype|singles
|player|p1|Regi Time|2|1460
|player|p2|Geng8y|swimmerf-gen4dp|1330
|teamsize|p1|6
|teamsize|p2|6
|gen|8
|tier|[Gen 8] PU
|rated|
|rule|Sleep Clause Mod: Limit one foe put to sleep
|rule|Species Clause: Limit one of each Pokémon
|rule|OHKO Clause: OHKO moves are banned
|rule|Evasion Moves Clause: Evasion moves are banned
|rule|Endless Battle Clause: Forcing endless battles is banned
|rule|HP Percentage Mod: HP is shown in percentages
|rule|Dynamax Clause: You cannot dynamax
|clearpoke
|poke|p1|Regigigas|
|poke|p1|Scyther, F|
|poke|p1|Heliolisk, F|
|poke|p1|Thwackey, F|
|poke|p1|Silvally-*|
|poke|p1|Palossand, F|
|poke|p2|Charizard, F|
|poke|p2|Whimsicott, F|
|poke|p2|Gurdurr, M|
|poke|p2|Sandslash-Alola, F|
|poke|p2|Mesprit|
|poke|p2|Heliolisk, F|
|teampreview
|inactive|Battle timer is ON: inactive players will automatically lose when time's up. (requested by Regi Time)
|
|t:|1622925340
|start
|switch|p1a: Heliolisk|Heliolisk, F|100/100
|switch|p2a: Gurdurr|Gurdurr, M|100/100
|turn|1
|
|t:|1622925345
|move|p1a: Heliolisk|Volt Switch|p2a: Gurdurr
|-damage|p2a: Gurdurr|50/100
|
|t:|1622925350
|switch|p1a: Palossand|Palossand, F|100/100|[from]move: Volt Switch
|move|p2a: Gurdurr|Knock Off|p1a: Palossand
|-supereffective|p1a: Palossand
|-enditem|p1a: Palossand|Colbur Berry|[eat]
|-enditem|p1a: Palossand|Colbur Berry|[weaken]
|-damage|p1a: Palossand|78/100
|
|upkeep
|turn|2
|
|t:|1622925364
|move|p2a: Gurdurr|Knock Off|p1a: Palossand
|-supereffective|p1a: Palossand
|-damage|p1a: Palossand|50/100
|move|p1a: Palossand|Stealth Rock|p2a: Gurdurr
|-sidestart|p2: Geng8y|move: Stealth Rock
|
|upkeep
|turn|3
|
|t:|1622925368
|switch|p2a: Whimsicott|Whimsicott, F|100/100
|-damage|p2a: Whimsicott|88/100|[from] Stealth Rock
|move|p1a: Palossand|Shore Up|p1a: Palossand
|-heal|p1a: Palossand|100/100
|
|upkeep
|turn|4
|
|t:|1622925372
|switch|p1a: Scyther|Scyther, F|100/100
|move|p2a: Whimsicott|Encore||[still]
|-fail|p2a: Whimsicott
|
|upkeep
|turn|5
|
|t:|1622925379
|move|p2a: Whimsicott|Sunny Day|p2a: Whimsicott
|-weather|SunnyDay
|move|p1a: Scyther|U-turn|p2a: Whimsicott
|-crit|p2a: Whimsicott
|-damage|p2a: Whimsicott|17/100
|
|t:|1622925384
|switch|p1a: Heliolisk|Heliolisk, F|100/100|[from]move: U-turn
|
|-weather|SunnyDay|[upkeep]
|-damage|p1a: Heliolisk|88/100|[from] ability: Dry Skin|[of] p1a: Heliolisk
|upkeep
|turn|6
|
|t:|1622925387
|move|p2a: Whimsicott|Moonblast|p1a: Heliolisk
|-damage|p1a: Heliolisk|42/100
|move|p1a: Heliolisk|Volt Switch|p2a: Whimsicott
|-resisted|p2a: Whimsicott
|-damage|p2a: Whimsicott|0 fnt
|faint|p2a: Whimsicott
|
|t:|1622925404
|switch|p1a: Thwackey|Thwackey, F|100/100|[from]move: Volt Switch
|-fieldstart|move: Grassy Terrain|[from] ability: Grassy Surge|[of] p1a: Thwackey
|
|-weather|SunnyDay|[upkeep]
|upkeep
|
|t:|1622925407
|switch|p2a: Charizard|Charizard, F|100/100
|-damage|p2a: Charizard|51/100|[from] Stealth Rock
|turn|7
|
|t:|1622925426
|switch|p1a: Palossand|Palossand, F|100/100
|move|p2a: Charizard|Weather Ball|p1a: Palossand
|-damage|p1a: Palossand|0 fnt
|faint|p1a: Palossand
|
|-weather|SunnyDay|[upkeep]
|-damage|p2a: Charizard|38/100|[from] ability: Solar Power|[of] p2a: Charizard
|upkeep
|
|t:|1622925439
|switch|p1a: Heliolisk|Heliolisk, F|42/100
|turn|8
|
|t:|1622925451
|switch|p1a: Silvally|Silvally-Fairy|100/100
|move|p2a: Charizard|Weather Ball|p1a: Silvally
|-damage|p1a: Silvally|7/100
|
|-weather|SunnyDay|[upkeep]
|-damage|p2a: Charizard|26/100|[from] ability: Solar Power|[of] p2a: Charizard
|-heal|p1a: Silvally|13/100|[from] Grassy Terrain
|upkeep
|turn|9
|
|t:|1622925456
|move|p2a: Charizard|Weather Ball|p1a: Silvally
|-damage|p1a: Silvally|0 fnt
|faint|p1a: Silvally
|
|-weather|SunnyDay|[upkeep]
|-damage|p2a: Charizard|13/100|[from] ability: Solar Power|[of] p2a: Charizard
|upkeep
|
|t:|1622925458
|switch|p1a: Thwackey|Thwackey, F|100/100
|turn|10
|
|t:|1622925461
|move|p1a: Thwackey|Grassy Glide|p2a: Charizard
|-resisted|p2a: Charizard
|-damage|p2a: Charizard|0 fnt
|faint|p2a: Charizard
|
|-weather|SunnyDay|[upkeep]
|-fieldend|move: Grassy Terrain
|upkeep
|
|t:|1622925467
|switch|p2a: Sandslash|Sandslash-Alola, F|100/100
|turn|11
|
|t:|1622925475
|switch|p1a: Regigigas|Regigigas|100/100
|-start|p1a: Regigigas|ability: Slow Start
|move|p2a: Sandslash|Stealth Rock|p1a: Regigigas
|-sidestart|p1: Regi Time|move: Stealth Rock
|
|-weather|SunnyDay|[upkeep]
|upkeep
|turn|12
|
|t:|1622925483
|move|p2a: Sandslash|Rapid Spin|p1a: Regigigas
|-damage|p1a: Regigigas|89/100
|-boost|p2a: Sandslash|spe|1
|-sideend|p2: Geng8y|Stealth Rock|[from] move: Rapid Spin|[of] p2a: Sandslash
|move|p1a: Regigigas|Substitute|p1a: Regigigas
|-start|p1a: Regigigas|Substitute
|-damage|p1a: Regigigas|64/100
|
|-weather|none
|-heal|p1a: Regigigas|70/100|[from] item: Leftovers
|upkeep
|turn|13
|
|t:|1622925493
|move|p1a: Regigigas|Protect|p1a: Regigigas
|-singleturn|p1a: Regigigas|Protect
|move|p2a: Sandslash|Icicle Crash|p1a: Regigigas
|-activate|p1a: Regigigas|move: Protect
|
|-heal|p1a: Regigigas|77/100|[from] item: Leftovers
|upkeep
|turn|14
|
|t:|1622925499
|move|p2a: Sandslash|Icicle Crash|p1a: Regigigas
|-end|p1a: Regigigas|Substitute
|move|p1a: Regigigas|Substitute|p1a: Regigigas
|-start|p1a: Regigigas|Substitute
|-damage|p1a: Regigigas|52/100
|
|-heal|p1a: Regigigas|58/100|[from] item: Leftovers
|upkeep
|turn|15
|
|t:|1622925505
|move|p1a: Regigigas|Protect|p1a: Regigigas
|-singleturn|p1a: Regigigas|Protect
|move|p2a: Sandslash|Icicle Crash|p1a: Regigigas
|-activate|p1a: Regigigas|move: Protect
|
|-heal|p1a: Regigigas|64/100|[from] item: Leftovers
|-end|p1a: Regigigas|Slow Start
|upkeep
|turn|16
|
|t:|1622925507
|move|p2a: Sandslash|Icicle Crash|p1a: Regigigas
|-end|p1a: Regigigas|Substitute
|move|p1a: Regigigas|Knock Off|p2a: Sandslash
|-damage|p2a: Sandslash|67/100
|-enditem|p2a: Sandslash|Heavy-Duty Boots|[from] move: Knock Off|[of] p1a: Regigigas
|
|-heal|p1a: Regigigas|70/100|[from] item: Leftovers
|upkeep
|turn|17
|
|t:|1622925513
|move|p1a: Regigigas|Protect|p1a: Regigigas
|-singleturn|p1a: Regigigas|Protect
|move|p2a: Sandslash|Iron Head|p1a: Regigigas
|-activate|p1a: Regigigas|move: Protect
|
|-heal|p1a: Regigigas|76/100|[from] item: Leftovers
|upkeep
|turn|18
|
|t:|1622925518
|move|p2a: Sandslash|Iron Head|p1a: Regigigas
|-damage|p1a: Regigigas|47/100
|cant|p1a: Regigigas|flinch
|
|-heal|p1a: Regigigas|53/100|[from] item: Leftovers
|upkeep
|turn|19
|
|t:|1622925523
|switch|p2a: Gurdurr|Gurdurr, M|50/100
|move|p1a: Regigigas|Protect||[still]
|-fail|p1a: Regigigas
|
|-heal|p1a: Regigigas|60/100|[from] item: Leftovers
|upkeep
|turn|20
|
|t:|1622925527
|move|p1a: Regigigas|Body Slam|p2a: Gurdurr
|-damage|p2a: Gurdurr|10/100
|-status|p2a: Gurdurr|par
|move|p2a: Gurdurr|Drain Punch|p1a: Regigigas
|-supereffective|p1a: Regigigas
|-damage|p1a: Regigigas|0 fnt
|-heal|p2a: Gurdurr|44/100 par|[from] drain|[of] p1a: Regigigas
|faint|p1a: Regigigas
|-end|p1a: Regigigas|Slow Start|[silent]
|
|upkeep
|
|t:|1622925534
|switch|p1a: Scyther|Scyther, F|100/100
|turn|21
|
|t:|1622925542
|switch|p2a: Sandslash|Sandslash-Alola, F|67/100
|move|p1a: Scyther|Dual Wingbeat|p2a: Sandslash
|-resisted|p2a: Sandslash
|-damage|p2a: Sandslash|56/100
|-resisted|p2a: Sandslash
|-damage|p2a: Sandslash|43/100
|-hitcount|p2a: Sandslash|2
|
|upkeep
|turn|22
|
|t:|1622925547
|move|p1a: Scyther|Swords Dance|p1a: Scyther
|-boost|p1a: Scyther|atk|2
|move|p2a: Sandslash|Icicle Crash|p1a: Scyther
|-supereffective|p1a: Scyther
|-damage|p1a: Scyther|0 fnt
|faint|p1a: Scyther
|
|upkeep
|
|t:|1622925553
|switch|p1a: Thwackey|Thwackey, F|100/100
|-damage|p1a: Thwackey|88/100|[from] Stealth Rock
|-fieldstart|move: Grassy Terrain|[from] ability: Grassy Surge|[of] p1a: Thwackey
|turn|23
|
|t:|1622925557
|move|p1a: Thwackey|Wood Hammer|p2a: Sandslash
|-resisted|p2a: Sandslash
|-damage|p2a: Sandslash|1/100
|-damage|p1a: Thwackey|70/100|[from] Recoil
|move|p2a: Sandslash|Icicle Crash|p1a: Thwackey
|-supereffective|p1a: Thwackey
|-damage|p1a: Thwackey|0 fnt
|faint|p1a: Thwackey
|
|-heal|p2a: Sandslash|7/100|[from] Grassy Terrain
|upkeep
|-message|Regi Time forfeited.
|
|win|Geng8y
|raw|Regi Time's rating: 1460 &rarr; <strong>1433</strong><br />(-27 for losing)
|raw|Geng8y's rating: 1330 &rarr; <strong>1357</strong><br />(+27 for winning)
|l|☆Regi Time
