|j|☆cafay sen sukr
|j|☆Vertraeumt
|t:|1614533371
|player|p1|cafay sen sukr|swimmer-gen4dp|1485
|player|p2|Vertraeumt|102|1269
|teamsize|p1|6
|teamsize|p2|6
|gametype|singles
|gen|8
|tier|[Gen 8] PU
|rated|
|clearpoke
|poke|p1|Absol, M|
|poke|p1|Articuno|
|poke|p1|Jolteon, F|
|poke|p1|Sandaconda, F|
|poke|p1|Jellicent, M|
|poke|p1|Silvally-*|
|poke|p2|Absol, M|
|poke|p2|Galvantula, F|
|poke|p2|Talonflame, M|
|poke|p2|Lapras, F|
|poke|p2|Druddigon, F|
|poke|p2|Tsareena, F|
|rule|Sleep Clause Mod: Limit one foe put to sleep
|rule|Species Clause: Limit one of each Pokémon
|rule|OHKO Clause: OHKO moves are banned
|rule|Evasion Moves Clause: Evasion moves are banned
|rule|Endless Battle Clause: Forcing endless battles is banned
|rule|HP Percentage Mod: HP is shown in percentages
|rule|Dynamax Clause: You cannot dynamax
|teampreview
|
|t:|1614533399
|start
|switch|p1a: Jolteon|Jolteon, F|100/100
|switch|p2a: Galvantula|Galvantula, F|100/100
|turn|1
|
|t:|1614533406
|move|p1a: Jolteon|Hyper Voice|p2a: Galvantula
|-damage|p2a: Galvantula|21/100
|move|p2a: Galvantula|Bug Buzz|p1a: Jolteon
|-damage|p1a: Jolteon|38/100
|-damage|p2a: Galvantula|12/100|[from] item: Life Orb
|
|upkeep
|turn|2
|
|t:|1614533417
|move|p1a: Jolteon|Hyper Voice|p2a: Galvantula
|-damage|p2a: Galvantula|0 fnt
|faint|p2a: Galvantula
|
|upkeep
|
|t:|1614533426
|switch|p2a: Talonflame|Talonflame, M|100/100
|turn|3
|
|t:|1614533430
|switch|p1a: Sandaconda|Sandaconda, F|100/100
|move|p2a: Talonflame|Brave Bird|p1a: Sandaconda
|-damage|p1a: Sandaconda|72/100
|-damage|p2a: Talonflame|84/100|[from] item: Rocky Helmet|[of] p1a: Sandaconda
|-damage|p2a: Talonflame|73/100|[from] Recoil
|
|upkeep
|turn|4
|
|t:|1614533441
|switch|p2a: Tsareena|Tsareena, F|100/100
|move|p1a: Sandaconda|Glare|p2a: Tsareena
|-status|p2a: Tsareena|par
|
|upkeep
|turn|5
|
|t:|1614533457
|switch|p1a: Articuno|Articuno|100/100
|-ability|p1a: Articuno|Pressure
|move|p2a: Tsareena|Power Whip|p1a: Articuno
|-resisted|p1a: Articuno
|-damage|p1a: Articuno|80/100
|
|upkeep
|turn|6
|
|t:|1614533465
|switch|p2a: Lapras|Lapras, F|100/100
|move|p1a: Articuno|Freeze-Dry|p2a: Lapras
|-damage|p2a: Lapras|87/100
|
|-heal|p2a: Lapras|93/100|[from] item: Leftovers
|upkeep
|turn|7
|
|t:|1614533471
|move|p1a: Articuno|Freeze-Dry|p2a: Lapras
|-damage|p2a: Lapras|82/100
|move|p2a: Lapras|Substitute|p2a: Lapras
|-start|p2a: Lapras|Substitute
|-damage|p2a: Lapras|57/100
|
|-heal|p2a: Lapras|63/100|[from] item: Leftovers
|upkeep
|turn|8
|
|t:|1614533474
|move|p1a: Articuno|Freeze-Dry|p2a: Lapras
|-activate|p2a: Lapras|move: Substitute|[damage]
|move|p2a: Lapras|Surf|p1a: Articuno
|-damage|p1a: Articuno|62/100
|
|-heal|p2a: Lapras|69/100|[from] item: Leftovers
|upkeep
|turn|9
|
|t:|1614533480
|move|p2a: Lapras|Ice Shard|p1a: Articuno
|-damage|p1a: Articuno|54/100
|move|p1a: Articuno|Freeze-Dry|p2a: Lapras
|-activate|p2a: Lapras|move: Substitute|[damage]
|
|-heal|p2a: Lapras|75/100|[from] item: Leftovers
|upkeep
|turn|10
|
|t:|1614533486
|move|p1a: Articuno|Defog||[still]
|-fail|p1a: Articuno
|move|p2a: Lapras|Surf|p1a: Articuno
|-damage|p1a: Articuno|33/100
|
|-heal|p2a: Lapras|81/100|[from] item: Leftovers
|upkeep
|turn|11
|
|t:|1614533489
|move|p1a: Articuno|Roost|p1a: Articuno
|-heal|p1a: Articuno|83/100
|-singleturn|p1a: Articuno|move: Roost
|move|p2a: Lapras|Surf|p1a: Articuno
|-damage|p1a: Articuno|64/100
|
|-heal|p2a: Lapras|87/100|[from] item: Leftovers
|upkeep
|turn|12
|
|t:|1614533493
|move|p1a: Articuno|Freeze-Dry|p2a: Lapras
|-end|p2a: Lapras|Substitute
|move|p2a: Lapras|Surf|p1a: Articuno
|-damage|p1a: Articuno|43/100
|
|-heal|p2a: Lapras|93/100|[from] item: Leftovers
|upkeep
|turn|13
|
|t:|1614533498
|move|p1a: Articuno|Roost|p1a: Articuno
|-heal|p1a: Articuno|93/100
|-singleturn|p1a: Articuno|move: Roost
|move|p2a: Lapras|Substitute|p2a: Lapras
|-start|p2a: Lapras|Substitute
|-damage|p2a: Lapras|68/100
|
|-heal|p2a: Lapras|74/100|[from] item: Leftovers
|upkeep
|turn|14
|
|t:|1614533501
|switch|p2a: Talonflame|Talonflame, M|73/100
|move|p1a: Articuno|Freeze-Dry|p2a: Talonflame
|-damage|p2a: Talonflame|38/100
|
|upkeep
|turn|15
|
|t:|1614533506
|switch|p1a: Sandaconda|Sandaconda, F|72/100
|move|p2a: Talonflame|Roost|p2a: Talonflame
|-heal|p2a: Talonflame|88/100
|-singleturn|p2a: Talonflame|move: Roost
|
|upkeep
|turn|16
|
|t:|1614533510
|switch|p2a: Tsareena|Tsareena, F|100/100 par
|move|p1a: Sandaconda|Stealth Rock|p2a: Tsareena
|-sidestart|p2: Vertraeumt|move: Stealth Rock
|
|upkeep
|turn|17
|
|t:|1614533514
|switch|p1a: Articuno|Articuno|93/100
|-ability|p1a: Articuno|Pressure
|cant|p2a: Tsareena|par
|
|upkeep
|turn|18
|
|t:|1614533521
|move|p1a: Articuno|Freeze-Dry|p2a: Tsareena
|-supereffective|p2a: Tsareena
|-damage|p2a: Tsareena|52/100 par
|cant|p2a: Tsareena|par
|
|upkeep
|turn|19
|
|t:|1614533528
|switch|p2a: Talonflame|Talonflame, M|88/100
|move|p1a: Articuno|Freeze-Dry|p2a: Talonflame
|-damage|p2a: Talonflame|54/100
|
|upkeep
|turn|20
|
|t:|1614533534
|switch|p1a: Sandaconda|Sandaconda, F|72/100
|move|p2a: Talonflame|Roost|p2a: Talonflame
|-heal|p2a: Talonflame|100/100
|-singleturn|p2a: Talonflame|move: Roost
|
|upkeep
|turn|21
|
|t:|1614533540
|switch|p2a: Tsareena|Tsareena, F|52/100 par
|-damage|p2a: Tsareena|40/100 par|[from] Stealth Rock
|move|p1a: Sandaconda|Earthquake|p2a: Tsareena
|-resisted|p2a: Tsareena
|-damage|p2a: Tsareena|20/100 par
|-enditem|p2a: Tsareena|Aguav Berry|[eat]
|-heal|p2a: Tsareena|53/100 par|[from] item: Aguav Berry
|
|upkeep
|turn|22
|
|t:|1614533547
|switch|p1a: Articuno|Articuno|93/100
|-ability|p1a: Articuno|Pressure
|move|p2a: Tsareena|Rapid Spin|p1a: Articuno
|-damage|p1a: Articuno|81/100
|-boost|p2a: Tsareena|spe|1
|-sideend|p2: Vertraeumt|Stealth Rock|[from] move: Rapid Spin|[of] p2a: Tsareena
|
|upkeep
|turn|23
|
|t:|1614533551
|switch|p2a: Lapras|Lapras, F|74/100
|move|p1a: Articuno|Freeze-Dry|p2a: Lapras
|-damage|p2a: Lapras|62/100
|
|-heal|p2a: Lapras|68/100|[from] item: Leftovers
|upkeep
|turn|24
|
|t:|1614533557
|move|p1a: Articuno|Freeze-Dry|p2a: Lapras
|-damage|p2a: Lapras|56/100
|move|p2a: Lapras|Surf|p1a: Articuno
|-damage|p1a: Articuno|60/100
|
|-heal|p2a: Lapras|62/100|[from] item: Leftovers
|upkeep
|turn|25
|
|t:|1614533561
|move|p1a: Articuno|Roost|p1a: Articuno
|-heal|p1a: Articuno|100/100
|-singleturn|p1a: Articuno|move: Roost
|move|p2a: Lapras|Surf|p1a: Articuno
|-damage|p1a: Articuno|81/100
|
|-heal|p2a: Lapras|68/100|[from] item: Leftovers
|upkeep
|turn|26
|
|t:|1614533571
|move|p1a: Articuno|Freeze-Dry|p2a: Lapras
|-damage|p2a: Lapras|56/100
|move|p2a: Lapras|Surf|p1a: Articuno
|-damage|p1a: Articuno|60/100
|
|-heal|p2a: Lapras|62/100|[from] item: Leftovers
|upkeep
|turn|27
|
|t:|1614533583
|switch|p2a: Talonflame|Talonflame, M|100/100
|move|p1a: Articuno|Defog|p2a: Talonflame
|-unboost|p2a: Talonflame|evasion|1
|
|upkeep
|turn|28
|
|t:|1614533590
|switch|p1a: Sandaconda|Sandaconda, F|72/100
|move|p2a: Talonflame|Flare Blitz|p1a: Sandaconda
|-damage|p1a: Sandaconda|43/100
|-damage|p2a: Talonflame|84/100|[from] item: Rocky Helmet|[of] p1a: Sandaconda
|-damage|p2a: Talonflame|73/100|[from] Recoil
|
|upkeep
|turn|29
|
|t:|1614533612
|move|p2a: Talonflame|Flare Blitz|p1a: Sandaconda
|-damage|p1a: Sandaconda|17/100
|-damage|p2a: Talonflame|56/100|[from] item: Rocky Helmet|[of] p1a: Sandaconda
|-damage|p2a: Talonflame|46/100|[from] Recoil
|move|p1a: Sandaconda|Rest|p1a: Sandaconda
|-status|p1a: Sandaconda|slp|[from] move: Rest
|-heal|p1a: Sandaconda|100/100 slp|[silent]
|
|upkeep
|turn|30
|
|t:|1614533615
|move|p2a: Talonflame|Roost|p2a: Talonflame
|-heal|p2a: Talonflame|96/100
|-singleturn|p2a: Talonflame|move: Roost
|cant|p1a: Sandaconda|slp
|
|upkeep
|turn|31
|
|t:|1614533623
|switch|p2a: Tsareena|Tsareena, F|53/100 par
|cant|p1a: Sandaconda|slp
|
|upkeep
|turn|32
|
|t:|1614533628
|switch|p1a: Articuno|Articuno|60/100
|-ability|p1a: Articuno|Pressure
|cant|p2a: Tsareena|par
|
|upkeep
|turn|33
|
|t:|1614533633
|switch|p2a: Lapras|Lapras, F|62/100
|move|p1a: Articuno|Freeze-Dry|p2a: Lapras
|-damage|p2a: Lapras|51/100
|
|-heal|p2a: Lapras|57/100|[from] item: Leftovers
|upkeep
|turn|34
|
|t:|1614533639
|move|p1a: Articuno|Defog|p2a: Lapras
|-unboost|p2a: Lapras|evasion|1
|move|p2a: Lapras|Surf|p1a: Articuno
|-damage|p1a: Articuno|40/100
|
|-heal|p2a: Lapras|63/100|[from] item: Leftovers
|upkeep
|turn|35
|
|t:|1614533641
|move|p1a: Articuno|Roost|p1a: Articuno
|-heal|p1a: Articuno|90/100
|-singleturn|p1a: Articuno|move: Roost
|move|p2a: Lapras|Surf|p1a: Articuno
|-damage|p1a: Articuno|71/100
|
|-heal|p2a: Lapras|69/100|[from] item: Leftovers
|upkeep
|turn|36
|
|t:|1614533649
|switch|p2a: Absol|Absol, M|100/100
|move|p1a: Articuno|Freeze-Dry|p2a: Absol
|-damage|p2a: Absol|60/100
|
|upkeep
|turn|37
|
|t:|1614533655
|switch|p1a: Silvally|Silvally-Fairy|100/100
|move|p2a: Absol|Knock Off|p1a: Silvally
|-resisted|p1a: Silvally
|-damage|p1a: Silvally|74/100
|
|upkeep
|turn|38
|
|t:|1614533659
|switch|p2a: Talonflame|Talonflame, M|96/100
|move|p1a: Silvally|Toxic|p2a: Talonflame
|-status|p2a: Talonflame|tox
|
|-damage|p2a: Talonflame|90/100 tox|[from] psn
|upkeep
|turn|39
|
|t:|1614533664
|switch|p1a: Sandaconda|Sandaconda, F|100/100 slp
|move|p2a: Talonflame|Brave Bird|p1a: Sandaconda
|-damage|p1a: Sandaconda|72/100 slp
|-damage|p2a: Talonflame|74/100 tox|[from] item: Rocky Helmet|[of] p1a: Sandaconda
|-damage|p2a: Talonflame|63/100 tox|[from] Recoil
|
|-activate|p1a: Sandaconda|ability: Shed Skin
|-curestatus|p1a: Sandaconda|slp|[msg]
|-damage|p2a: Talonflame|51/100 tox|[from] psn
|upkeep
|turn|40
|
|t:|1614533669
|switch|p2a: Tsareena|Tsareena, F|53/100 par
|move|p1a: Sandaconda|Stealth Rock|p2a: Tsareena
|-sidestart|p2: Vertraeumt|move: Stealth Rock
|
|upkeep
|turn|41
|
|t:|1614533673
|switch|p1a: Jellicent|Jellicent, M|100/100
|move|p2a: Tsareena|Rapid Spin|p1a: Jellicent
|-immune|p1a: Jellicent
|
|upkeep
|turn|42
|
|t:|1614533679
|move|p1a: Jellicent|Shadow Ball|p2a: Tsareena
|-damage|p2a: Tsareena|5/100 par
|move|p2a: Tsareena|Power Whip|p1a: Jellicent
|-supereffective|p1a: Jellicent
|-damage|p1a: Jellicent|0 fnt
|faint|p1a: Jellicent
|
|upkeep
|
|t:|1614533692
|switch|p1a: Jolteon|Jolteon, F|38/100
|turn|43
|
|t:|1614533695
|move|p1a: Jolteon|Hyper Voice|p2a: Tsareena
|-damage|p2a: Tsareena|0 fnt
|faint|p2a: Tsareena
|
|upkeep
|
|t:|1614533703
|switch|p2a: Druddigon|Druddigon, F|100/100
|-damage|p2a: Druddigon|88/100|[from] Stealth Rock
|turn|44
|
|t:|1614533712
|switch|p1a: Articuno|Articuno|71/100
|-ability|p1a: Articuno|Pressure
|move|p2a: Druddigon|Stealth Rock|p1a: Articuno
|-sidestart|p1: cafay sen sukr|move: Stealth Rock
|
|upkeep
|turn|45
|
|t:|1614533722
|move|p1a: Articuno|Freeze-Dry|p2a: Druddigon
|-supereffective|p2a: Druddigon
|-damage|p2a: Druddigon|36/100
|move|p2a: Druddigon|Toxic|p1a: Articuno
|-status|p1a: Articuno|tox
|
|-damage|p1a: Articuno|65/100 tox|[from] psn
|upkeep
|turn|46
|
|t:|1614533730
|switch|p2a: Talonflame|Talonflame, M|51/100 tox
|move|p1a: Articuno|Freeze-Dry|p2a: Talonflame
|-damage|p2a: Talonflame|12/100 tox
|
|-damage|p2a: Talonflame|6/100 tox|[from] psn
|-damage|p1a: Articuno|53/100 tox|[from] psn
|upkeep
|turn|47
|
|t:|1614533742
|move|p2a: Talonflame|Roost|p2a: Talonflame
|-heal|p2a: Talonflame|56/100 tox
|-singleturn|p2a: Talonflame|move: Roost
|move|p1a: Articuno|Roost|p1a: Articuno
|-heal|p1a: Articuno|100/100 tox
|-singleturn|p1a: Articuno|move: Roost
|
|-damage|p2a: Talonflame|44/100 tox|[from] psn
|-damage|p1a: Articuno|82/100 tox|[from] psn
|upkeep
|turn|48
|
|t:|1614533744
|switch|p1a: Sandaconda|Sandaconda, F|72/100
|-damage|p1a: Sandaconda|66/100|[from] Stealth Rock
|move|p2a: Talonflame|Roost|p2a: Talonflame
|-heal|p2a: Talonflame|94/100 tox
|-singleturn|p2a: Talonflame|move: Roost
|
|-damage|p2a: Talonflame|76/100 tox|[from] psn
|upkeep
|turn|49
|
|t:|1614533752
|switch|p2a: Druddigon|Druddigon, F|36/100
|-damage|p2a: Druddigon|24/100|[from] Stealth Rock
|move|p1a: Sandaconda|Earthquake|p2a: Druddigon
|-damage|p2a: Druddigon|0 fnt
|faint|p2a: Druddigon
|
|upkeep
|
|t:|1614533757
|switch|p2a: Lapras|Lapras, F|69/100
|-damage|p2a: Lapras|44/100|[from] Stealth Rock
|turn|50
|
|t:|1614533764
|switch|p1a: Articuno|Articuno|82/100 tox
|-ability|p1a: Articuno|Pressure
|move|p2a: Lapras|Substitute|p2a: Lapras
|-start|p2a: Lapras|Substitute
|-damage|p2a: Lapras|19/100
|
|-heal|p2a: Lapras|25/100|[from] item: Leftovers
|-damage|p1a: Articuno|75/100 tox|[from] psn
|upkeep
|turn|51
|
|t:|1614533766
|move|p1a: Articuno|Heal Bell|p1a: Articuno
|-activate|p1a: Articuno|move: Heal Bell
|-curestatus|p1a: Articuno|tox|[msg]
|move|p2a: Lapras|Surf|p1a: Articuno
|-damage|p1a: Articuno|56/100
|
|-heal|p2a: Lapras|31/100|[from] item: Leftovers
|upkeep
|turn|52
|
|t:|1614533772
|move|p1a: Articuno|Freeze-Dry|p2a: Lapras
|-activate|p2a: Lapras|move: Substitute|[damage]
|move|p2a: Lapras|Freeze-Dry|p1a: Articuno
|-damage|p1a: Articuno|40/100
|
|-heal|p2a: Lapras|37/100|[from] item: Leftovers
|upkeep
|turn|53
|
|t:|1614533773
|move|p1a: Articuno|Roost|p1a: Articuno
|-heal|p1a: Articuno|90/100
|-singleturn|p1a: Articuno|move: Roost
|move|p2a: Lapras|Freeze-Dry|p1a: Articuno
|-resisted|p1a: Articuno
|-damage|p1a: Articuno|83/100
|
|-heal|p2a: Lapras|43/100|[from] item: Leftovers
|upkeep
|turn|54
|
|t:|1614533776
|move|p1a: Articuno|Freeze-Dry|p2a: Lapras
|-end|p2a: Lapras|Substitute
|move|p2a: Lapras|Freeze-Dry|p1a: Articuno
|-damage|p1a: Articuno|68/100
|
|-heal|p2a: Lapras|49/100|[from] item: Leftovers
|upkeep
|turn|55
|
|t:|1614533782
|switch|p1a: Jolteon|Jolteon, F|38/100
|-damage|p1a: Jolteon|26/100|[from] Stealth Rock
|move|p2a: Lapras|Freeze-Dry|p1a: Jolteon
|-damage|p1a: Jolteon|0 fnt
|faint|p1a: Jolteon
|
|-heal|p2a: Lapras|55/100|[from] item: Leftovers
|upkeep
|
|t:|1614533785
|switch|p1a: Absol|Absol, M|100/100
|-damage|p1a: Absol|88/100|[from] Stealth Rock
|turn|56
|
|t:|1614533787
|move|p1a: Absol|Knock Off|p2a: Lapras
|-damage|p2a: Lapras|0 fnt
|-enditem|p2a: Lapras|Leftovers|[from] move: Knock Off|[of] p1a: Absol
|faint|p2a: Lapras
|
|upkeep
|
|t:|1614533791
|switch|p2a: Talonflame|Talonflame, M|76/100 tox
|turn|57
|
|t:|1614533797
|move|p2a: Talonflame|Flare Blitz|p1a: Absol
|-damage|p1a: Absol|7/100
|-damage|p2a: Talonflame|52/100 tox|[from] Recoil
|move|p1a: Absol|Knock Off|p2a: Talonflame
|-damage|p2a: Talonflame|0 fnt
|-enditem|p2a: Talonflame|Heavy-Duty Boots|[from] move: Knock Off|[of] p1a: Absol
|faint|p2a: Talonflame
|
|upkeep
|
|t:|1614533801
|switch|p2a: Absol|Absol, M|60/100
|-damage|p2a: Absol|48/100|[from] Stealth Rock
|turn|58
|
|t:|1614533809
|move|p2a: Absol|Play Rough|p1a: Absol
|-supereffective|p1a: Absol
|-damage|p1a: Absol|0 fnt
|faint|p1a: Absol
|
|upkeep
|
|t:|1614533811
|switch|p1a: Silvally|Silvally-Fairy|74/100
|-damage|p1a: Silvally|61/100|[from] Stealth Rock
|turn|59
|
|t:|1614533815
|move|p1a: Silvally|Multi-Attack|p2a: Absol
|-supereffective|p2a: Absol
|-damage|p2a: Absol|0 fnt
|faint|p2a: Absol
|
|win|cafay sen sukr
|l|☆Vertraeumt
