|j|☆yassy slay
|j|☆likosta
|t:|1653950688
|gametype|singles
|player|p1|yassy slay|1|1514
|player|p2|likosta|volkner|1354
|teamsize|p1|6
|teamsize|p2|6
|gen|8
|tier|[Gen 8] PU
|rated|
|rule|Sleep Clause Mod: Limit one foe put to sleep
|rule|Species Clause: Limit one of each Pokémon
|rule|OHKO Clause: OHKO moves are banned
|rule|Evasion Moves Clause: Evasion moves are banned
|rule|Endless Battle Clause: Forcing endless battles is banned
|rule|HP Percentage Mod: HP is shown in percentages
|rule|Dynamax Clause: You cannot dynamax
|clearpoke
|poke|p1|Flapple, M|
|poke|p1|Archeops, M|
|poke|p1|Golduck, M|
|poke|p1|Ribombee, M|
|poke|p1|Sandaconda, M|
|poke|p1|Magneton|
|poke|p2|Quagsire, M|
|poke|p2|Cryogonal|
|poke|p2|Jellicent, M|
|poke|p2|Ferroseed, F|
|poke|p2|Flareon, F|
|poke|p2|Shedinja|
|teampreview
|inactive|Battle timer is ON: inactive players will automatically lose when time's up. (requested by likosta)
|
|t:|1653950706
|start
|switch|p1a: Golduck|Golduck, M|100/100
|switch|p2a: Ferroseed|Ferroseed, F|100/100
|-ability|p1a: Golduck|Cloud Nine
|turn|1
|j| SpiffySpaffy
|inactive|likosta has 120 seconds left.
|
|t:|1653950741
|move|p1a: Golduck|Substitute|p1a: Golduck
|-start|p1a: Golduck|Substitute
|-damage|p1a: Golduck|75/100
|move|p2a: Ferroseed|Stealth Rock|p1a: Golduck
|-sidestart|p1: yassy slay|move: Stealth Rock
|
|-heal|p1a: Golduck|82/100|[from] item: Leftovers
|upkeep
|turn|2
|
|t:|1653950747
|move|p1a: Golduck|Scald|p2a: Ferroseed
|-resisted|p2a: Ferroseed
|-damage|p2a: Ferroseed|90/100
|-status|p2a: Ferroseed|brn
|move|p2a: Ferroseed|Knock Off|p1a: Golduck
|-activate|p1a: Golduck|move: Substitute|[damage]
|
|-heal|p1a: Golduck|88/100|[from] item: Leftovers
|-damage|p2a: Ferroseed|84/100 brn|[from] brn
|upkeep
|turn|3
|
|t:|1653950750
|move|p1a: Golduck|Calm Mind|p1a: Golduck
|-boost|p1a: Golduck|spa|1
|-boost|p1a: Golduck|spd|1
|move|p2a: Ferroseed|Knock Off|p1a: Golduck
|-activate|p1a: Golduck|move: Substitute|[damage]
|
|-heal|p1a: Golduck|94/100|[from] item: Leftovers
|-damage|p2a: Ferroseed|78/100 brn|[from] brn
|upkeep
|turn|4
|
|t:|1653950753
|switch|p2a: Cryogonal|Cryogonal|100/100
|move|p1a: Golduck|Calm Mind|p1a: Golduck
|-boost|p1a: Golduck|spa|1
|-boost|p1a: Golduck|spd|1
|
|-heal|p1a: Golduck|99/100|[from] item: Leftovers
|upkeep
|turn|5
|
|t:|1653950755
|move|p1a: Golduck|Toxic|p2a: Cryogonal
|-status|p2a: Cryogonal|tox
|move|p2a: Cryogonal|Haze|p2a: Cryogonal
|-clearallboost
|
|-heal|p1a: Golduck|100/100|[from] item: Leftovers
|-damage|p2a: Cryogonal|94/100 tox|[from] psn
|upkeep
|turn|6
|
|t:|1653950759
|move|p1a: Golduck|Calm Mind|p1a: Golduck
|-boost|p1a: Golduck|spa|1
|-boost|p1a: Golduck|spd|1
|move|p2a: Cryogonal|Freeze-Dry|p1a: Golduck
|-supereffective|p1a: Golduck
|-end|p1a: Golduck|Substitute
|
|-damage|p2a: Cryogonal|82/100 tox|[from] psn
|upkeep
|turn|7
|
|t:|1653950770
|switch|p2a: Jellicent|Jellicent, M|100/100
|move|p1a: Golduck|Substitute|p1a: Golduck
|-start|p1a: Golduck|Substitute
|-damage|p1a: Golduck|75/100
|
|-heal|p1a: Golduck|82/100|[from] item: Leftovers
|upkeep
|turn|8
|
|t:|1653950774
|move|p1a: Golduck|Toxic|p2a: Jellicent
|-status|p2a: Jellicent|tox
|move|p2a: Jellicent|Taunt|p1a: Golduck
|-start|p1a: Golduck|move: Taunt
|
|-heal|p1a: Golduck|88/100|[from] item: Leftovers
|-damage|p2a: Jellicent|94/100 tox|[from] psn
|upkeep
|turn|9
|
|t:|1653950785
|switch|p2a: Shedinja|Shedinja|100/100
|move|p1a: Golduck|Scald|p2a: Shedinja
|-immune|p2a: Shedinja|[from] ability: Wonder Guard
|
|-heal|p1a: Golduck|94/100|[from] item: Leftovers
|upkeep
|turn|10
|
|t:|1653950789
|move|p1a: Golduck|Scald|p2a: Shedinja
|-immune|p2a: Shedinja|[from] ability: Wonder Guard
|move|p2a: Shedinja|Hex|p1a: Golduck
|-activate|p1a: Golduck|move: Substitute|[damage]
|
|-heal|p1a: Golduck|99/100|[from] item: Leftovers
|upkeep
|turn|11
|
|t:|1653950791
|move|p1a: Golduck|Scald|p2a: Shedinja
|-immune|p2a: Shedinja|[from] ability: Wonder Guard
|move|p2a: Shedinja|Hex|p1a: Golduck
|-activate|p1a: Golduck|move: Substitute|[damage]
|
|-heal|p1a: Golduck|100/100|[from] item: Leftovers
|-end|p1a: Golduck|move: Taunt
|upkeep
|turn|12
|
|t:|1653950797
|move|p2a: Shedinja|Protect|p2a: Shedinja
|-singleturn|p2a: Shedinja|Protect
|move|p1a: Golduck|Toxic|p2a: Shedinja
|-activate|p2a: Shedinja|move: Protect
|
|upkeep
|turn|13
|
|t:|1653950804
|switch|p2a: Cryogonal|Cryogonal|82/100 tox
|move|p1a: Golduck|Calm Mind|p1a: Golduck
|-boost|p1a: Golduck|spa|1
|-boost|p1a: Golduck|spd|1
|
|-damage|p2a: Cryogonal|76/100 tox|[from] psn
|upkeep
|turn|14
|
|t:|1653950806
|move|p1a: Golduck|Scald|p2a: Cryogonal
|-damage|p2a: Cryogonal|48/100 tox
|move|p2a: Cryogonal|Haze|p2a: Cryogonal
|-clearallboost
|
|-damage|p2a: Cryogonal|36/100 tox|[from] psn
|upkeep
|turn|15
|
|t:|1653950811
|move|p1a: Golduck|Calm Mind|p1a: Golduck
|-boost|p1a: Golduck|spa|1
|-boost|p1a: Golduck|spd|1
|move|p2a: Cryogonal|Recover|p2a: Cryogonal
|-heal|p2a: Cryogonal|86/100 tox
|
|-damage|p2a: Cryogonal|68/100 tox|[from] psn
|upkeep
|turn|16
|
|t:|1653950816
|switch|p2a: Jellicent|Jellicent, M|94/100 tox
|move|p1a: Golduck|Calm Mind|p1a: Golduck
|-boost|p1a: Golduck|spa|1
|-boost|p1a: Golduck|spd|1
|
|-damage|p2a: Jellicent|88/100 tox|[from] psn
|upkeep
|turn|17
|l| SpiffySpaffy
|
|t:|1653950823
|switch|p1a: Magneton|Magneton|100/100
|-damage|p1a: Magneton|95/100|[from] Stealth Rock
|move|p2a: Jellicent|Taunt|p1a: Magneton
|-start|p1a: Magneton|move: Taunt
|
|-damage|p2a: Jellicent|76/100 tox|[from] psn
|upkeep
|turn|18
|
|t:|1653950832
|switch|p1a: Sandaconda|Sandaconda, M|100/100
|-damage|p1a: Sandaconda|94/100|[from] Stealth Rock
|switch|p2a: Flareon|Flareon, F|100/100
|
|upkeep
|turn|19
|
|t:|1653950837
|move|p1a: Sandaconda|Stealth Rock|p2a: Flareon
|-sidestart|p2: likosta|move: Stealth Rock
|move|p2a: Flareon|Heal Bell|p2a: Flareon
|-activate|p2a: Flareon|move: Heal Bell
|-curestatus|p2: Ferroseed|brn|[msg]
|-curestatus|p2: Jellicent|tox|[msg]
|-curestatus|p2: Cryogonal|tox|[msg]
|
|upkeep
|turn|20
|
|t:|1653950855
|switch|p1a: Golduck|Golduck, M|100/100
|-damage|p1a: Golduck|88/100|[from] Stealth Rock
|-ability|p1a: Golduck|Cloud Nine
|switch|p2a: Ferroseed|Ferroseed, F|78/100
|-damage|p2a: Ferroseed|71/100|[from] Stealth Rock
|
|-heal|p1a: Golduck|94/100|[from] item: Leftovers
|upkeep
|turn|21
|
|t:|1653950866
|switch|p2a: Jellicent|Jellicent, M|76/100
|-damage|p2a: Jellicent|63/100|[from] Stealth Rock
|move|p1a: Golduck|Substitute|p1a: Golduck
|-start|p1a: Golduck|Substitute
|-damage|p1a: Golduck|69/100
|
|-heal|p1a: Golduck|75/100|[from] item: Leftovers
|upkeep
|turn|22
|
|t:|1653950868
|move|p1a: Golduck|Toxic|p2a: Jellicent|[miss]
|-miss|p1a: Golduck|p2a: Jellicent
|move|p2a: Jellicent|Taunt|p1a: Golduck
|-start|p1a: Golduck|move: Taunt
|
|-heal|p1a: Golduck|81/100|[from] item: Leftovers
|upkeep
|turn|23
|c|☆likosta|oof
|
|t:|1653950877
|switch|p1a: Flapple|Flapple, M|100/100
|-damage|p1a: Flapple|88/100|[from] Stealth Rock
|move|p2a: Jellicent|Hex|p1a: Flapple
|-damage|p1a: Flapple|52/100
|
|upkeep
|turn|24
|
|t:|1653950882
|switch|p2a: Shedinja|Shedinja|100/100
|move|p1a: Flapple|Grav Apple|p2a: Shedinja
|-immune|p2a: Shedinja|[from] ability: Wonder Guard
|
|upkeep
|turn|25
|
|t:|1653950888
|move|p2a: Shedinja|Protect|p2a: Shedinja
|-singleturn|p2a: Shedinja|Protect
|move|p1a: Flapple|Acrobatics|p2a: Shedinja
|-activate|p2a: Shedinja|move: Protect
|
|upkeep
|turn|26
|
|t:|1653950894
|switch|p2a: Ferroseed|Ferroseed, F|71/100
|-damage|p2a: Ferroseed|65/100|[from] Stealth Rock
|move|p1a: Flapple|Grav Apple|p2a: Ferroseed
|-resisted|p2a: Ferroseed
|-damage|p2a: Ferroseed|57/100
|-unboost|p2a: Ferroseed|def|1
|
|upkeep
|turn|27
|inactive|yassy slay has 120 seconds left.
|
|t:|1653950952
|move|p1a: Flapple|Grav Apple|p2a: Ferroseed
|-resisted|p2a: Ferroseed
|-damage|p2a: Ferroseed|44/100
|-unboost|p2a: Ferroseed|def|1
|move|p2a: Ferroseed|Spikes|p1a: Flapple
|-sidestart|p1: yassy slay|Spikes
|
|upkeep
|turn|28
|
|t:|1653950966
|switch|p2a: Flareon|Flareon, F|100/100
|move|p1a: Flapple|Dragon Dance|p1a: Flapple
|-boost|p1a: Flapple|atk|1
|-boost|p1a: Flapple|spe|1
|
|upkeep
|turn|29
|
|t:|1653950970
|move|p1a: Flapple|Substitute|p1a: Flapple
|-start|p1a: Flapple|Substitute
|-damage|p1a: Flapple|27/100
|move|p2a: Flareon|Flare Blitz|p1a: Flapple
|-end|p1a: Flapple|Substitute
|-damage|p2a: Flareon|93/100|[from] Recoil|[of] p1a: Flapple
|
|upkeep
|turn|30
|
|t:|1653950983
|move|p1a: Flapple|Substitute|p1a: Flapple
|-start|p1a: Flapple|Substitute
|-damage|p1a: Flapple|2/100
|-enditem|p1a: Flapple|Liechi Berry|[eat]
|-boost|p1a: Flapple|atk|1|[from] item: Liechi Berry
|move|p2a: Flareon|Flare Blitz|p1a: Flapple
|-end|p1a: Flapple|Substitute
|-damage|p2a: Flareon|86/100|[from] Recoil|[of] p1a: Flapple
|
|upkeep
|turn|31
|
|t:|1653950994
|switch|p2a: Ferroseed|Ferroseed, F|44/100
|-damage|p2a: Ferroseed|37/100|[from] Stealth Rock
|move|p1a: Flapple|Acrobatics|p2a: Ferroseed
|-damage|p2a: Ferroseed|0 fnt
|-damage|p1a: Flapple|0 fnt|[from] ability: Iron Barbs|[of] p2a: Ferroseed
|faint|p2a: Ferroseed
|faint|p1a: Flapple
|
|upkeep
|inactive|yassy slay has 120 seconds left.
|
|t:|1653951007
|switch|p1a: Archeops|Archeops, M|100/100
|switch|p2a: Cryogonal|Cryogonal|68/100
|turn|32
|
|t:|1653951010
|switch|p2a: Quagsire|Quagsire, M|100/100
|-damage|p2a: Quagsire|94/100|[from] Stealth Rock
|move|p1a: Archeops|Stone Edge|p2a: Quagsire|[miss]
|-miss|p1a: Archeops|p2a: Quagsire
|
|-heal|p2a: Quagsire|100/100|[from] item: Leftovers
|upkeep
|turn|33
|
|t:|1653951016
|move|p1a: Archeops|Defog|p2a: Quagsire
|-unboost|p2a: Quagsire|evasion|1
|-sideend|p2: likosta|Stealth Rock|[from] move: Defog|[of] p1a: Archeops
|-sideend|p1: yassy slay|Spikes|[from] move: Defog|[of] p1a: Archeops
|-sideend|p1: yassy slay|Stealth Rock|[from] move: Defog|[of] p1a: Archeops
|move|p2a: Quagsire|Toxic|p1a: Archeops
|-status|p1a: Archeops|tox
|
|-damage|p1a: Archeops|94/100 tox|[from] psn
|upkeep
|turn|34
|
|t:|1653951018
|switch|p1a: Ribombee|Ribombee, M|100/100
|move|p2a: Quagsire|Scald|p1a: Ribombee
|-damage|p1a: Ribombee|69/100
|
|upkeep
|turn|35
|
|t:|1653951021
|switch|p1a: Golduck|Golduck, M|81/100
|-ability|p1a: Golduck|Cloud Nine
|move|p2a: Quagsire|Toxic|p1a: Golduck
|-status|p1a: Golduck|tox
|
|-heal|p1a: Golduck|87/100 tox|[from] item: Leftovers
|-damage|p1a: Golduck|81/100 tox|[from] psn
|upkeep
|turn|36
|
|t:|1653951029
|switch|p1a: Ribombee|Ribombee, M|69/100
|switch|p2a: Jellicent|Jellicent, M|63/100
|
|upkeep
|turn|37
|
|t:|1653951031
|move|p1a: Ribombee|Aromatherapy|p1a: Ribombee
|-activate|p1a: Ribombee|move: Aromatherapy
|-curestatus|p1: Golduck|tox|[msg]
|-curestatus|p1: Archeops|tox|[msg]
|move|p2a: Jellicent|Toxic|p1a: Ribombee
|-status|p1a: Ribombee|tox
|
|-damage|p1a: Ribombee|63/100 tox|[from] psn
|upkeep
|turn|38
|
|t:|1653951036
|switch|p1a: Magneton|Magneton|95/100
|move|p2a: Jellicent|Taunt|p1a: Magneton
|-start|p1a: Magneton|move: Taunt
|
|upkeep
|turn|39
|
|t:|1653951041
|switch|p1a: Golduck|Golduck, M|81/100
|-ability|p1a: Golduck|Cloud Nine
|switch|p2a: Flareon|Flareon, F|86/100
|
|-heal|p1a: Golduck|87/100|[from] item: Leftovers
|upkeep
|turn|40
|
|t:|1653951049
|switch|p2a: Jellicent|Jellicent, M|63/100
|move|p1a: Golduck|Substitute|p1a: Golduck
|-start|p1a: Golduck|Substitute
|-damage|p1a: Golduck|62/100
|
|-heal|p1a: Golduck|68/100|[from] item: Leftovers
|upkeep
|turn|41
|
|t:|1653951051
|move|p1a: Golduck|Toxic|p2a: Jellicent
|-status|p2a: Jellicent|tox
|move|p2a: Jellicent|Taunt|p1a: Golduck
|-start|p1a: Golduck|move: Taunt
|
|-heal|p1a: Golduck|74/100|[from] item: Leftovers
|-damage|p2a: Jellicent|57/100 tox|[from] psn
|upkeep
|turn|42
|
|t:|1653951056
|switch|p1a: Sandaconda|Sandaconda, M|94/100
|move|p2a: Jellicent|Hex|p1a: Sandaconda
|-damage|p1a: Sandaconda|67/100
|
|-damage|p2a: Jellicent|45/100 tox|[from] psn
|upkeep
|turn|43
|
|t:|1653951058
|move|p1a: Sandaconda|Earthquake|p2a: Jellicent
|-damage|p2a: Jellicent|17/100 tox
|-start|p1a: Sandaconda|Disable|Earthquake|[from] ability: Cursed Body|[of] p2a: Jellicent
|move|p2a: Jellicent|Strength Sap|p1a: Sandaconda
|-unboost|p1a: Sandaconda|atk|1
|-heal|p2a: Jellicent|78/100 tox
|
|-damage|p2a: Jellicent|60/100 tox|[from] psn
|upkeep
|turn|44
|
|t:|1653951067
|switch|p2a: Quagsire|Quagsire, M|100/100
|move|p1a: Sandaconda|Stealth Rock|p2a: Quagsire
|-sidestart|p2: likosta|move: Stealth Rock
|
|upkeep
|turn|45
|
|t:|1653951076
|switch|p1a: Ribombee|Ribombee, M|63/100 tox
|move|p2a: Quagsire|Toxic|p1a: Ribombee
|-fail|p1a: Ribombee|tox
|
|-damage|p1a: Ribombee|57/100 tox|[from] psn
|upkeep
|turn|46
|
|t:|1653951081
|switch|p1a: Golduck|Golduck, M|74/100
|-ability|p1a: Golduck|Cloud Nine
|move|p2a: Quagsire|Scald|p1a: Golduck
|-resisted|p1a: Golduck
|-damage|p1a: Golduck|64/100
|-status|p1a: Golduck|brn
|
|-heal|p1a: Golduck|70/100 brn|[from] item: Leftovers
|-damage|p1a: Golduck|64/100 brn|[from] brn
|upkeep
|turn|47
|
|t:|1653951090
|switch|p2a: Jellicent|Jellicent, M|60/100 tox
|-damage|p2a: Jellicent|48/100 tox|[from] Stealth Rock
|move|p1a: Golduck|Toxic|p2a: Jellicent
|-fail|p2a: Jellicent|tox
|
|-heal|p1a: Golduck|70/100 brn|[from] item: Leftovers
|-damage|p2a: Jellicent|41/100 tox|[from] psn
|-damage|p1a: Golduck|64/100 brn|[from] brn
|upkeep
|turn|48
|
|t:|1653951100
|switch|p2a: Cryogonal|Cryogonal|68/100
|move|p1a: Golduck|Substitute|p1a: Golduck
|-start|p1a: Golduck|Substitute
|-damage|p1a: Golduck|39/100 brn
|
|-heal|p1a: Golduck|45/100 brn|[from] item: Leftovers
|-damage|p1a: Golduck|39/100 brn|[from] brn
|upkeep
|turn|49
|
|t:|1653951103
|move|p1a: Golduck|Toxic|p2a: Cryogonal
|-status|p2a: Cryogonal|tox
|move|p2a: Cryogonal|Freeze-Dry|p1a: Golduck
|-supereffective|p1a: Golduck
|-end|p1a: Golduck|Substitute
|
|-heal|p1a: Golduck|45/100 brn|[from] item: Leftovers
|-damage|p2a: Cryogonal|62/100 tox|[from] psn
|-damage|p1a: Golduck|39/100 brn|[from] brn
|upkeep
|turn|50
|
|t:|1653951108
|switch|p1a: Magneton|Magneton|95/100
|move|p2a: Cryogonal|Rapid Spin|p1a: Magneton
|-resisted|p1a: Magneton
|-damage|p1a: Magneton|92/100
|-boost|p2a: Cryogonal|spe|1
|-sideend|p2: likosta|Stealth Rock|[from] move: Rapid Spin|[of] p2a: Cryogonal
|
|-damage|p2a: Cryogonal|50/100 tox|[from] psn
|upkeep
|turn|51
|
|t:|1653951112
|switch|p2a: Flareon|Flareon, F|86/100
|move|p1a: Magneton|Flash Cannon|p2a: Flareon
|-resisted|p2a: Flareon
|-damage|p2a: Flareon|70/100
|-unboost|p2a: Flareon|spd|1
|
|upkeep
|turn|52
|
|t:|1653951117
|move|p1a: Magneton|Volt Switch|p2a: Flareon
|-damage|p2a: Flareon|37/100
|
|t:|1653951120
|switch|p1a: Archeops|Archeops, M|94/100|[from]move: Volt Switch
|move|p2a: Flareon|Heal Bell|p2a: Flareon
|-activate|p2a: Flareon|move: Heal Bell
|-curestatus|p2: Cryogonal|tox|[msg]
|-curestatus|p2: Jellicent|tox|[msg]
|
|upkeep
|turn|53
|
|t:|1653951123
|switch|p1a: Ribombee|Ribombee, M|57/100 tox
|switch|p2a: Quagsire|Quagsire, M|100/100
|
|-damage|p1a: Ribombee|51/100 tox|[from] psn
|upkeep
|turn|54
|
|t:|1653951131
|switch|p2a: Cryogonal|Cryogonal|50/100
|move|p1a: Ribombee|Aromatherapy|p1a: Ribombee
|-activate|p1a: Ribombee|move: Aromatherapy
|-curestatus|p1a: Ribombee|tox|[msg]
|-curestatus|p1: Golduck|brn|[msg]
|
|upkeep
|turn|55
|
|t:|1653951133
|switch|p1a: Magneton|Magneton|92/100
|move|p2a: Cryogonal|Recover|p2a: Cryogonal
|-heal|p2a: Cryogonal|99/100
|
|upkeep
|turn|56
|
|t:|1653951137
|switch|p2a: Quagsire|Quagsire, M|100/100
|move|p1a: Magneton|Flash Cannon|p2a: Quagsire
|-resisted|p2a: Quagsire
|-damage|p2a: Quagsire|69/100
|
|-heal|p2a: Quagsire|75/100|[from] item: Leftovers
|upkeep
|turn|57
|
|t:|1653951142
|switch|p1a: Sandaconda|Sandaconda, M|67/100
|move|p2a: Quagsire|Recover|p2a: Quagsire
|-heal|p2a: Quagsire|100/100
|
|upkeep
|turn|58
|
|t:|1653951146
|move|p1a: Sandaconda|Stealth Rock|p2a: Quagsire
|-sidestart|p2: likosta|move: Stealth Rock
|move|p2a: Quagsire|Toxic|p1a: Sandaconda
|-status|p1a: Sandaconda|tox
|
|-activate|p1a: Sandaconda|ability: Shed Skin
|-curestatus|p1a: Sandaconda|tox|[msg]
|upkeep
|turn|59
|
|t:|1653951149
|move|p1a: Sandaconda|Earthquake|p2a: Quagsire
|-damage|p2a: Quagsire|76/100
|move|p2a: Quagsire|Scald|p1a: Sandaconda
|-supereffective|p1a: Sandaconda
|-damage|p1a: Sandaconda|17/100
|
|-heal|p2a: Quagsire|82/100|[from] item: Leftovers
|upkeep
|turn|60
|
|t:|1653951152
|move|p1a: Sandaconda|Rest|p1a: Sandaconda
|-status|p1a: Sandaconda|slp|[from] move: Rest
|-heal|p1a: Sandaconda|100/100 slp|[silent]
|move|p2a: Quagsire|Toxic||[still]
|-fail|p2a: Quagsire
|
|-heal|p2a: Quagsire|88/100|[from] item: Leftovers
|upkeep
|turn|61
|
|t:|1653951155
|cant|p1a: Sandaconda|slp
|move|p2a: Quagsire|Scald|p1a: Sandaconda
|-supereffective|p1a: Sandaconda
|-damage|p1a: Sandaconda|57/100 slp
|
|-activate|p1a: Sandaconda|ability: Shed Skin
|-curestatus|p1a: Sandaconda|slp|[msg]
|-heal|p2a: Quagsire|94/100|[from] item: Leftovers
|upkeep
|turn|62
|
|t:|1653951165
|switch|p1a: Magneton|Magneton|92/100
|move|p2a: Quagsire|Toxic|p1a: Magneton
|-immune|p1a: Magneton
|
|-heal|p2a: Quagsire|100/100|[from] item: Leftovers
|upkeep
|turn|63
|
|t:|1653951168
|switch|p1a: Sandaconda|Sandaconda, M|57/100
|move|p2a: Quagsire|Earthquake|p1a: Sandaconda
|-damage|p1a: Sandaconda|35/100
|
|upkeep
|turn|64
|
|t:|1653951171
|move|p1a: Sandaconda|Rest|p1a: Sandaconda
|-status|p1a: Sandaconda|slp|[from] move: Rest
|-heal|p1a: Sandaconda|100/100 slp|[silent]
|move|p2a: Quagsire|Scald|p1a: Sandaconda
|-supereffective|p1a: Sandaconda
|-damage|p1a: Sandaconda|55/100 slp
|
|-activate|p1a: Sandaconda|ability: Shed Skin
|-curestatus|p1a: Sandaconda|slp|[msg]
|upkeep
|turn|65
|
|t:|1653951175
|switch|p1a: Ribombee|Ribombee, M|51/100
|move|p2a: Quagsire|Toxic|p1a: Ribombee
|-status|p1a: Ribombee|tox
|
|-damage|p1a: Ribombee|45/100 tox|[from] psn
|upkeep
|turn|66
|
|t:|1653951178
|move|p1a: Ribombee|Moonblast|p2a: Quagsire
|-damage|p2a: Quagsire|50/100
|-unboost|p2a: Quagsire|spa|1
|move|p2a: Quagsire|Scald|p1a: Ribombee
|-damage|p1a: Ribombee|23/100 tox
|
|-heal|p2a: Quagsire|56/100|[from] item: Leftovers
|-damage|p1a: Ribombee|10/100 tox|[from] psn
|upkeep
|turn|67
|
|t:|1653951187
|switch|p2a: Cryogonal|Cryogonal|99/100
|move|p1a: Ribombee|Roost|p1a: Ribombee
|-heal|p1a: Ribombee|61/100 tox
|-singleturn|p1a: Ribombee|move: Roost
|
|-damage|p1a: Ribombee|42/100 tox|[from] psn
|upkeep
|turn|68
|
|t:|1653951191
|switch|p1a: Magneton|Magneton|92/100
|move|p2a: Cryogonal|Rapid Spin|p1a: Magneton
|-resisted|p1a: Magneton
|-damage|p1a: Magneton|89/100
|-boost|p2a: Cryogonal|spe|1
|-sideend|p2: likosta|Stealth Rock|[from] move: Rapid Spin|[of] p2a: Cryogonal
|
|upkeep
|turn|69
|
|t:|1653951196
|switch|p2a: Shedinja|Shedinja|100/100
|switch|p1a: Golduck|Golduck, M|39/100
|-ability|p1a: Golduck|Cloud Nine
|
|-heal|p1a: Golduck|45/100|[from] item: Leftovers
|upkeep
|turn|70
|
|t:|1653951208
|move|p2a: Shedinja|Protect|p2a: Shedinja
|-singleturn|p2a: Shedinja|Protect
|move|p1a: Golduck|Toxic|p2a: Shedinja
|-activate|p2a: Shedinja|move: Protect
|
|-heal|p1a: Golduck|51/100|[from] item: Leftovers
|upkeep
|turn|71
|
|t:|1653951214
|switch|p2a: Cryogonal|Cryogonal|99/100
|move|p1a: Golduck|Toxic|p2a: Cryogonal
|-status|p2a: Cryogonal|tox
|
|-heal|p1a: Golduck|57/100|[from] item: Leftovers
|-damage|p2a: Cryogonal|94/100 tox|[from] psn
|upkeep
|turn|72
|
|t:|1653951222
|switch|p1a: Magneton|Magneton|89/100
|move|p2a: Cryogonal|Freeze-Dry|p1a: Magneton
|-resisted|p1a: Magneton
|-damage|p1a: Magneton|80/100
|
|-damage|p2a: Cryogonal|82/100 tox|[from] psn
|upkeep
|turn|73
|
|t:|1653951224
|switch|p2a: Quagsire|Quagsire, M|56/100
|switch|p1a: Golduck|Golduck, M|57/100
|-ability|p1a: Golduck|Cloud Nine
|
|-heal|p1a: Golduck|63/100|[from] item: Leftovers
|-heal|p2a: Quagsire|62/100|[from] item: Leftovers
|upkeep
|turn|74
|
|t:|1653951227
|move|p1a: Golduck|Substitute|p1a: Golduck
|-start|p1a: Golduck|Substitute
|-damage|p1a: Golduck|38/100
|move|p2a: Quagsire|Recover|p2a: Quagsire
|-heal|p2a: Quagsire|100/100
|
|-heal|p1a: Golduck|44/100|[from] item: Leftovers
|upkeep
|turn|75
|
|t:|1653951231
|switch|p2a: Jellicent|Jellicent, M|41/100
|move|p1a: Golduck|Scald|p2a: Jellicent
|-resisted|p2a: Jellicent
|-damage|p2a: Jellicent|31/100
|-status|p2a: Jellicent|brn
|
|-heal|p1a: Golduck|50/100|[from] item: Leftovers
|-damage|p2a: Jellicent|25/100 brn|[from] brn
|upkeep
|turn|76
|j| busken
|
|t:|1653951237
|move|p1a: Golduck|Calm Mind|p1a: Golduck
|-boost|p1a: Golduck|spa|1
|-boost|p1a: Golduck|spd|1
|move|p2a: Jellicent|Taunt|p1a: Golduck
|-start|p1a: Golduck|move: Taunt
|
|-heal|p1a: Golduck|56/100|[from] item: Leftovers
|-damage|p2a: Jellicent|19/100 brn|[from] brn
|upkeep
|turn|77
|
|t:|1653951240
|switch|p2a: Flareon|Flareon, F|37/100
|move|p1a: Golduck|Scald|p2a: Flareon
|-supereffective|p2a: Flareon
|-damage|p2a: Flareon|0 fnt
|faint|p2a: Flareon
|
|-heal|p1a: Golduck|62/100|[from] item: Leftovers
|upkeep
|
|t:|1653951242
|switch|p2a: Shedinja|Shedinja|100/100
|turn|78
|
|t:|1653951244
|move|p1a: Golduck|Scald|p2a: Shedinja
|-immune|p2a: Shedinja|[from] ability: Wonder Guard
|move|p2a: Shedinja|Hex|p1a: Golduck
|-activate|p1a: Golduck|move: Substitute|[damage]
|
|-heal|p1a: Golduck|68/100|[from] item: Leftovers
|upkeep
|turn|79
|
|t:|1653951247
|move|p1a: Golduck|Scald|p2a: Shedinja
|-immune|p2a: Shedinja|[from] ability: Wonder Guard
|move|p2a: Shedinja|Hex|p1a: Golduck
|-activate|p1a: Golduck|move: Substitute|[damage]
|
|-heal|p1a: Golduck|74/100|[from] item: Leftovers
|-end|p1a: Golduck|move: Taunt
|upkeep
|turn|80
|
|t:|1653951254
|move|p2a: Shedinja|Protect|p2a: Shedinja
|-singleturn|p2a: Shedinja|Protect
|move|p1a: Golduck|Calm Mind|p1a: Golduck
|-boost|p1a: Golduck|spa|1
|-boost|p1a: Golduck|spd|1
|
|-heal|p1a: Golduck|80/100|[from] item: Leftovers
|upkeep
|turn|81
|
|t:|1653951259
|switch|p2a: Cryogonal|Cryogonal|82/100 tox
|move|p1a: Golduck|Scald|p2a: Cryogonal
|-damage|p2a: Cryogonal|53/100 tox
|
|-heal|p1a: Golduck|86/100|[from] item: Leftovers
|-damage|p2a: Cryogonal|47/100 tox|[from] psn
|upkeep
|turn|82
|
|t:|1653951266
|move|p1a: Golduck|Scald|p2a: Cryogonal
|-damage|p2a: Cryogonal|15/100 tox
|move|p2a: Cryogonal|Recover|p2a: Cryogonal
|-heal|p2a: Cryogonal|65/100 tox
|
|-heal|p1a: Golduck|93/100|[from] item: Leftovers
|-damage|p2a: Cryogonal|53/100 tox|[from] psn
|upkeep
|turn|83
|
|t:|1653951270
|move|p1a: Golduck|Scald|p2a: Cryogonal
|-damage|p2a: Cryogonal|23/100 tox
|move|p2a: Cryogonal|Haze|p2a: Cryogonal
|-clearallboost
|
|-heal|p1a: Golduck|99/100|[from] item: Leftovers
|-damage|p2a: Cryogonal|5/100 tox|[from] psn
|upkeep
|turn|84
|
|t:|1653951275
|switch|p2a: Shedinja|Shedinja|100/100
|move|p1a: Golduck|Scald|p2a: Shedinja
|-immune|p2a: Shedinja|[from] ability: Wonder Guard
|
|-heal|p1a: Golduck|100/100|[from] item: Leftovers
|upkeep
|turn|85
|
|t:|1653951280
|switch|p2a: Quagsire|Quagsire, M|100/100
|move|p1a: Golduck|Calm Mind|p1a: Golduck
|-boost|p1a: Golduck|spa|1
|-boost|p1a: Golduck|spd|1
|
|upkeep
|turn|86
|
|t:|1653951283
|move|p1a: Golduck|Toxic|p2a: Quagsire
|-status|p2a: Quagsire|tox
|move|p2a: Quagsire|Earthquake|p1a: Golduck
|-end|p1a: Golduck|Substitute
|
|-damage|p2a: Quagsire|94/100 tox|[from] psn
|upkeep
|turn|87
|
|t:|1653951290
|move|p1a: Golduck|Substitute|p1a: Golduck
|-start|p1a: Golduck|Substitute
|-damage|p1a: Golduck|75/100
|move|p2a: Quagsire|Earthquake|p1a: Golduck
|-end|p1a: Golduck|Substitute
|
|-heal|p1a: Golduck|82/100|[from] item: Leftovers
|-heal|p2a: Quagsire|100/100 tox|[from] item: Leftovers
|-damage|p2a: Quagsire|88/100 tox|[from] psn
|upkeep
|turn|88
|
|t:|1653951293
|move|p1a: Golduck|Scald|p2a: Quagsire
|-damage|p2a: Quagsire|56/100 tox
|move|p2a: Quagsire|Earthquake|p1a: Golduck
|-damage|p1a: Golduck|46/100
|
|-heal|p1a: Golduck|52/100|[from] item: Leftovers
|-heal|p2a: Quagsire|62/100 tox|[from] item: Leftovers
|-damage|p2a: Quagsire|44/100 tox|[from] psn
|upkeep
|turn|89
|
|t:|1653951297
|move|p1a: Golduck|Substitute|p1a: Golduck
|-start|p1a: Golduck|Substitute
|-damage|p1a: Golduck|27/100
|move|p2a: Quagsire|Recover|p2a: Quagsire
|-heal|p2a: Quagsire|94/100 tox
|
|-heal|p1a: Golduck|33/100|[from] item: Leftovers
|-heal|p2a: Quagsire|99/100 tox|[from] item: Leftovers
|-damage|p2a: Quagsire|76/100 tox|[from] psn
|upkeep
|turn|90
|
|t:|1653951302
|move|p1a: Golduck|Scald|p2a: Quagsire
|-damage|p2a: Quagsire|46/100 tox
|move|p2a: Quagsire|Earthquake|p1a: Golduck
|-end|p1a: Golduck|Substitute
|
|-heal|p1a: Golduck|39/100|[from] item: Leftovers
|-heal|p2a: Quagsire|52/100 tox|[from] item: Leftovers
|-damage|p2a: Quagsire|21/100 tox|[from] psn
|upkeep
|turn|91
|
|t:|1653951306
|switch|p2a: Shedinja|Shedinja|100/100
|move|p1a: Golduck|Scald|p2a: Shedinja
|-immune|p2a: Shedinja|[from] ability: Wonder Guard
|
|-heal|p1a: Golduck|45/100|[from] item: Leftovers
|upkeep
|turn|92
|
|t:|1653951310
|move|p1a: Golduck|Substitute|p1a: Golduck
|-start|p1a: Golduck|Substitute
|-damage|p1a: Golduck|20/100
|move|p2a: Shedinja|Toxic||[still]
|-fail|p2a: Shedinja
|
|-heal|p1a: Golduck|26/100|[from] item: Leftovers
|upkeep
|turn|93
|
|t:|1653951315
|move|p1a: Golduck|Calm Mind|p1a: Golduck
|-boost|p1a: Golduck|spa|1
|-boost|p1a: Golduck|spd|1
|move|p2a: Shedinja|Hex|p1a: Golduck
|-activate|p1a: Golduck|move: Substitute|[damage]
|
|-heal|p1a: Golduck|32/100|[from] item: Leftovers
|upkeep
|turn|94
|
|t:|1653951318
|move|p1a: Golduck|Toxic|p2a: Shedinja
|-status|p2a: Shedinja|tox
|move|p2a: Shedinja|Hex|p1a: Golduck
|-activate|p1a: Golduck|move: Substitute|[damage]
|
|-heal|p1a: Golduck|38/100|[from] item: Leftovers
|-damage|p2a: Shedinja|0 fnt|[from] psn
|faint|p2a: Shedinja
|upkeep
|
|t:|1653951322
|switch|p2a: Quagsire|Quagsire, M|21/100 tox
|turn|95
|
|t:|1653951324
|move|p1a: Golduck|Scald|p2a: Quagsire
|-damage|p2a: Quagsire|0 fnt
|faint|p2a: Quagsire
|
|-heal|p1a: Golduck|44/100|[from] item: Leftovers
|upkeep
|-message|likosta forfeited.
|
|win|yassy slay
|raw|yassy slay's rating: 1514 &rarr; <strong>1525</strong><br />(+11 for winning)
|raw|likosta's rating: 1354 &rarr; <strong>1343</strong><br />(-11 for losing)
|l|☆likosta
