|raw|<div class="broadcast-blue"><strong>This battle is required to be public due to a player having a name starting with 'pult4t2'.</div>
|j|☆PULT4T2 Redemption
|j|☆pult4t2 ihbat
|t:|1661343452
|gametype|singles
|player|p1|PULT4T2 Redemption|170|1460
|player|p2|pult4t2 ihbat|lucas|1451
|teamsize|p1|6
|teamsize|p2|6
|gen|8
|tier|[Gen 8] PU
|rated|
|rule|Sleep Clause Mod: Limit one foe put to sleep
|rule|Species Clause: Limit one of each Pokémon
|rule|OHKO Clause: OHKO moves are banned
|rule|Evasion Items Clause: Evasion items are banned
|rule|Evasion Moves Clause: Evasion moves are banned
|rule|Endless Battle Clause: Forcing endless battles is banned
|rule|HP Percentage Mod: HP is shown in percentages
|rule|Dynamax Clause: You cannot dynamax
|clearpoke
|poke|p1|Jolteon, F|
|poke|p1|Scyther, F|
|poke|p1|Basculin, M|
|poke|p1|Eldegoss, M|
|poke|p1|Gigalith, M|
|poke|p1|Weezing, M|
|poke|p2|Gourgeist-*, M|
|poke|p2|Ferroseed, M|
|poke|p2|Garbodor, F|
|poke|p2|Aromatisse, M|
|poke|p2|Sandslash, M|
|poke|p2|Gigalith, M|
|teampreview
|
|t:|1661343480
|start
|switch|p1a: Weezing|Weezing, M|100/100
|switch|p2a: Sandslash|Sandslash, M|100/100
|-ability|p1a: Weezing|Neutralizing Gas
|turn|1
|
|t:|1661343488
|move|p2a: Sandslash|Knock Off|p1a: Weezing
|-damage|p1a: Weezing|87/100
|-enditem|p1a: Weezing|Black Sludge|[from] move: Knock Off|[of] p2a: Sandslash
|move|p1a: Weezing|Will-O-Wisp|p2a: Sandslash
|-status|p2a: Sandslash|brn
|
|-damage|p2a: Sandslash|94/100 brn|[from] brn
|upkeep
|turn|2
|
|t:|1661343500
|switch|p2a: Gigalith|Gigalith, M|100/100
|move|p1a: Weezing|Sludge Bomb|p2a: Gigalith
|-resisted|p2a: Gigalith
|-damage|p2a: Gigalith|90/100
|-status|p2a: Gigalith|psn
|
|-heal|p2a: Gigalith|96/100 psn|[from] item: Leftovers
|-damage|p2a: Gigalith|84/100 psn|[from] psn
|upkeep
|turn|3
|
|t:|1661343510
|move|p1a: Weezing|Toxic Spikes|p2a: Gigalith
|-sidestart|p2: pult4t2 ihbat|move: Toxic Spikes
|move|p2a: Gigalith|Stealth Rock|p1a: Weezing
|-sidestart|p1: PULT4T2 Redemption|move: Stealth Rock
|
|-heal|p2a: Gigalith|90/100 psn|[from] item: Leftovers
|-damage|p2a: Gigalith|78/100 psn|[from] psn
|upkeep
|turn|4
|
|t:|1661343547
|switch|p2a: Ferroseed|Ferroseed, M|100/100
|move|p1a: Weezing|Toxic Spikes|p2a: Ferroseed
|-sidestart|p2: pult4t2 ihbat|move: Toxic Spikes
|
|upkeep
|turn|5
|
|t:|1661343558
|switch|p2a: Gigalith|Gigalith, M|78/100 psn
|move|p1a: Weezing|Will-O-Wisp||[still]
|-fail|p1a: Weezing
|
|-heal|p2a: Gigalith|84/100 psn|[from] item: Leftovers
|-damage|p2a: Gigalith|71/100 psn|[from] psn
|upkeep
|turn|6
|
|t:|1661343566
|-end|p1a: Weezing|ability: Neutralizing Gas
|-weather|Sandstorm|[from] ability: Sand Stream|[of] p2a: Gigalith
|switch|p1a: Eldegoss|Eldegoss, M|100/100
|switch|p2a: Garbodor|Garbodor, F|100/100
|-sideend|p2: pult4t2 ihbat|move: Toxic Spikes|[of] p2a: Garbodor
|
|-weather|Sandstorm|[upkeep]
|-damage|p2a: Garbodor|94/100|[from] Sandstorm
|-damage|p1a: Eldegoss|94/100|[from] Sandstorm
|upkeep
|turn|7
|j| pult4t2 yan
|
|t:|1661343578
|move|p2a: Garbodor|Gunk Shot|p1a: Eldegoss
|-supereffective|p1a: Eldegoss
|-damage|p1a: Eldegoss|33/100
|-status|p1a: Eldegoss|psn
|move|p1a: Eldegoss|Sleep Powder|p2a: Garbodor
|-status|p2a: Garbodor|slp|[from] move: Sleep Powder
|
|-weather|Sandstorm|[upkeep]
|-damage|p2a: Garbodor|88/100 slp|[from] Sandstorm
|-damage|p1a: Eldegoss|27/100 psn|[from] Sandstorm
|-damage|p1a: Eldegoss|15/100 psn|[from] psn
|upkeep
|turn|8
|
|t:|1661343589
|switch|p2a: Gourgeist|Gourgeist-Super, M|100/100
|-item|p1a: Eldegoss|Heavy-Duty Boots|[from] ability: Frisk|[of] p2a: Gourgeist|[identify]
|switch|p1a: Scyther|Scyther, F|100/100
|
|-weather|Sandstorm|[upkeep]
|-damage|p1a: Scyther|94/100|[from] Sandstorm
|-damage|p2a: Gourgeist|94/100|[from] Sandstorm
|upkeep
|turn|9
|
|t:|1661343596
|switch|p2a: Gigalith|Gigalith, M|71/100 psn
|move|p1a: Scyther|U-turn|p2a: Gigalith
|-damage|p2a: Gigalith|46/100 psn
|
|t:|1661343608
|switch|p1a: Basculin|Basculin, M|100/100|[from]move: U-turn
|-damage|p1a: Basculin|88/100|[from] Stealth Rock
|
|-weather|Sandstorm|[upkeep]
|-damage|p1a: Basculin|82/100|[from] Sandstorm
|-heal|p2a: Gigalith|52/100 psn|[from] item: Leftovers
|-damage|p2a: Gigalith|40/100 psn|[from] psn
|upkeep
|turn|10
|
|t:|1661343613
|switch|p2a: Ferroseed|Ferroseed, M|100/100
|move|p1a: Basculin|Flip Turn|p2a: Ferroseed
|-resisted|p2a: Ferroseed
|-damage|p2a: Ferroseed|77/100
|-damage|p1a: Basculin|70/100|[from] ability: Iron Barbs|[of] p2a: Ferroseed
|
|t:|1661343630
|switch|p1a: Scyther|Scyther, F|94/100|[from]move: Flip Turn
|
|-weather|none
|upkeep
|turn|11
|
|t:|1661343663
|move|p1a: Scyther|Knock Off|p2a: Ferroseed
|-damage|p2a: Ferroseed|50/100
|-damage|p1a: Scyther|82/100|[from] ability: Iron Barbs|[of] p2a: Ferroseed
|-enditem|p2a: Ferroseed|Eviolite|[from] move: Knock Off|[of] p1a: Scyther
|move|p2a: Ferroseed|Toxic|p1a: Scyther
|-status|p1a: Scyther|tox
|
|-damage|p1a: Scyther|76/100 tox|[from] psn
|upkeep
|turn|12
|j| SICKO MODE INDER
|
|t:|1661343676
|switch|p2a: Garbodor|Garbodor, F|88/100 slp
|move|p1a: Scyther|U-turn|p2a: Garbodor
|-resisted|p2a: Garbodor
|-damage|p2a: Garbodor|74/100 slp
|-damage|p1a: Scyther|60/100 tox|[from] item: Rocky Helmet|[of] p2a: Garbodor
|
|t:|1661343683
|switch|p1a: Gigalith|Gigalith, M|100/100|[from]move: U-turn
|-damage|p1a: Gigalith|88/100|[from] Stealth Rock
|-weather|Sandstorm|[from] ability: Sand Stream|[of] p1a: Gigalith
|
|-weather|Sandstorm|[upkeep]
|-damage|p2a: Garbodor|68/100 slp|[from] Sandstorm
|-heal|p1a: Gigalith|94/100|[from] item: Leftovers
|upkeep
|turn|13
|
|t:|1661343694
|switch|p2a: Sandslash|Sandslash, M|94/100 brn
|move|p1a: Gigalith|Stealth Rock|p2a: Sandslash
|-sidestart|p2: pult4t2 ihbat|move: Stealth Rock
|
|-weather|Sandstorm|[upkeep]
|-heal|p2a: Sandslash|100/100 brn|[from] item: Leftovers
|-heal|p1a: Gigalith|100/100|[from] item: Leftovers
|-damage|p2a: Sandslash|94/100 brn|[from] brn
|upkeep
|turn|14
|
|t:|1661343709
|switch|p1a: Eldegoss|Eldegoss, M|48/100 psn
|move|p2a: Sandslash|Knock Off|p1a: Eldegoss
|-damage|p1a: Eldegoss|38/100 psn
|-enditem|p1a: Eldegoss|Heavy-Duty Boots|[from] move: Knock Off|[of] p2a: Sandslash
|
|-weather|Sandstorm|[upkeep]
|-damage|p1a: Eldegoss|32/100 psn|[from] Sandstorm
|-heal|p2a: Sandslash|100/100 brn|[from] item: Leftovers
|-damage|p1a: Eldegoss|20/100 psn|[from] psn
|-damage|p2a: Sandslash|94/100 brn|[from] brn
|upkeep
|turn|15
|j| PULT4T2 Carminable
|
|t:|1661343724
|switch|p2a: Gourgeist|Gourgeist-Super, M|94/100
|-damage|p2a: Gourgeist|82/100|[from] Stealth Rock
|switch|p1a: Weezing|Weezing, M|87/100
|-ability|p1a: Weezing|Neutralizing Gas
|-damage|p1a: Weezing|74/100|[from] Stealth Rock
|
|-weather|Sandstorm|[upkeep]
|-damage|p2a: Gourgeist|76/100|[from] Sandstorm
|-damage|p1a: Weezing|68/100|[from] Sandstorm
|upkeep
|turn|16
|
|t:|1661343736
|switch|p2a: Ferroseed|Ferroseed, M|50/100
|-damage|p2a: Ferroseed|44/100|[from] Stealth Rock
|move|p1a: Weezing|Will-O-Wisp|p2a: Ferroseed
|-status|p2a: Ferroseed|brn
|
|-weather|none
|-damage|p2a: Ferroseed|38/100 brn|[from] brn
|upkeep
|turn|17
|
|t:|1661343744
|-end|p1a: Weezing|ability: Neutralizing Gas
|switch|p1a: Eldegoss|Eldegoss, M|53/100 psn
|-damage|p1a: Eldegoss|41/100 psn|[from] Stealth Rock
|move|p2a: Ferroseed|Spikes|p1a: Eldegoss
|-sidestart|p1: PULT4T2 Redemption|Spikes
|
|-damage|p1a: Eldegoss|28/100 psn|[from] psn
|-damage|p2a: Ferroseed|32/100 brn|[from] brn
|upkeep
|turn|18
|
|t:|1661343754
|switch|p1a: Scyther|Scyther, F|60/100 tox
|switch|p2a: Gourgeist|Gourgeist-Super, M|76/100
|-damage|p2a: Gourgeist|64/100|[from] Stealth Rock
|-item|p1a: Scyther|Heavy-Duty Boots|[from] ability: Frisk|[of] p2a: Gourgeist|[identify]
|
|-damage|p1a: Scyther|54/100 tox|[from] psn
|upkeep
|turn|19
|
|t:|1661343765
|switch|p1a: Jolteon|Jolteon, F|100/100
|switch|p2a: Garbodor|Garbodor, F|68/100 slp
|-damage|p2a: Garbodor|55/100 slp|[from] Stealth Rock
|
|upkeep
|turn|20
|
|t:|1661343779
|switch|p2a: Aromatisse|Aromatisse, M|100/100
|move|p1a: Jolteon|Shadow Ball|p2a: Aromatisse
|-damage|p2a: Aromatisse|77/100
|
|upkeep
|turn|21
|
|t:|1661343784
|move|p1a: Jolteon|Thunderbolt|p2a: Aromatisse
|-damage|p2a: Aromatisse|36/100
|move|p2a: Aromatisse|Aromatherapy|p2a: Aromatisse
|-activate|p2a: Aromatisse|move: Aromatherapy
|-curestatus|p2: Gigalith|psn|[msg]
|-curestatus|p2: Sandslash|brn|[msg]
|-curestatus|p2: Garbodor|slp|[msg]
|-curestatus|p2: Ferroseed|brn|[msg]
|
|upkeep
|turn|22
|
|t:|1661343792
|move|p1a: Jolteon|Toxic|p2a: Aromatisse|[miss]
|-miss|p1a: Jolteon|p2a: Aromatisse
|move|p2a: Aromatisse|Wish|p2a: Aromatisse
|
|upkeep
|turn|23
|
|t:|1661343797
|move|p2a: Aromatisse|Protect|p2a: Aromatisse
|-singleturn|p2a: Aromatisse|Protect
|move|p1a: Jolteon|Thunderbolt|p2a: Aromatisse
|-activate|p2a: Aromatisse|move: Protect
|
|-heal|p2a: Aromatisse|86/100|[from] move: Wish|[wisher] Aromatisse
|upkeep
|turn|24
|
|t:|1661343803
|move|p1a: Jolteon|Toxic|p2a: Aromatisse|[miss]
|-miss|p1a: Jolteon|p2a: Aromatisse
|move|p2a: Aromatisse|Wish|p2a: Aromatisse
|
|upkeep
|turn|25
|
|t:|1661343807
|switch|p2a: Sandslash|Sandslash, M|94/100
|-damage|p2a: Sandslash|88/100|[from] Stealth Rock
|move|p1a: Jolteon|Toxic|p2a: Sandslash
|-status|p2a: Sandslash|tox
|
|-heal|p2a: Sandslash|100/100 tox|[from] move: Wish|[wisher] Aromatisse
|-damage|p2a: Sandslash|94/100 tox|[from] psn
|upkeep
|turn|26
|
|t:|1661343815
|switch|p1a: Eldegoss|Eldegoss, M|62/100 psn
|-damage|p1a: Eldegoss|49/100 psn|[from] Stealth Rock
|-damage|p1a: Eldegoss|37/100 psn|[from] Spikes
|move|p2a: Sandslash|Rapid Spin|p1a: Eldegoss
|-damage|p1a: Eldegoss|28/100 psn
|-boost|p2a: Sandslash|spe|1
|-sideend|p2: pult4t2 ihbat|Stealth Rock|[from] move: Rapid Spin|[of] p2a: Sandslash
|
|-heal|p2a: Sandslash|100/100 tox|[from] item: Leftovers
|-damage|p2a: Sandslash|88/100 tox|[from] psn
|-damage|p1a: Eldegoss|16/100 psn|[from] psn
|upkeep
|turn|27
|
|t:|1661343820
|switch|p2a: Gourgeist|Gourgeist-Super, M|64/100
|switch|p1a: Gigalith|Gigalith, M|100/100
|-damage|p1a: Gigalith|88/100|[from] Stealth Rock
|-damage|p1a: Gigalith|76/100|[from] Spikes
|-weather|Sandstorm|[from] ability: Sand Stream|[of] p1a: Gigalith
|
|-weather|Sandstorm|[upkeep]
|-damage|p2a: Gourgeist|58/100|[from] Sandstorm
|-heal|p1a: Gigalith|82/100|[from] item: Leftovers
|upkeep
|turn|28
|j| giovipat04
|
|t:|1661343824
|move|p2a: Gourgeist|Power Whip|p1a: Gigalith
|-supereffective|p1a: Gigalith
|-damage|p1a: Gigalith|0 fnt
|faint|p1a: Gigalith
|
|-weather|Sandstorm|[upkeep]
|-damage|p2a: Gourgeist|52/100|[from] Sandstorm
|upkeep
|-message|PULT4T2 Redemption forfeited.
|
|win|pult4t2 ihbat
|raw|PULT4T2 Redemption's rating: 1460 &rarr; <strong>1439</strong><br />(-21 for losing)
|raw|pult4t2 ihbat's rating: 1451 &rarr; <strong>1472</strong><br />(+21 for winning)
|l|☆PULT4T2 Redemption
|l|☆pult4t2 ihbat
|l| giovipat04
|l| pult4t2 yan
||Ladder isn't responding, score probably updated but might not have (Request timeout).
|l| PULT4T2 Carminable
