|j|☆Frogforfun
|j|☆EtymonLegomenon
|t:|1635369026
|gametype|singles
|player|p1|Frogforfun|volkner|1488
|player|p2|EtymonLegomenon|juan-gen3|1324
|teamsize|p1|6
|teamsize|p2|6
|gen|8
|tier|[Gen 8] PU
|rated|
|rule|Sleep Clause Mod: Limit one foe put to sleep
|rule|Species Clause: Limit one of each Pokémon
|rule|OHKO Clause: OHKO moves are banned
|rule|Evasion Moves Clause: Evasion moves are banned
|rule|Endless Battle Clause: Forcing endless battles is banned
|rule|HP Percentage Mod: HP is shown in percentages
|rule|Dynamax Clause: You cannot dynamax
|clearpoke
|poke|p1|Charizard, F|
|poke|p1|Liepard, M|
|poke|p1|Uxie|
|poke|p1|Shiftry, M|
|poke|p1|Leafeon, F|
|poke|p1|Exeggutor, F|
|poke|p2|Ribombee, F|
|poke|p2|Jellicent, M|
|poke|p2|Tsareena, F|
|poke|p2|Gigalith, M|
|poke|p2|Cinccino, M|
|poke|p2|Charizard, M|
|teampreview
|
|t:|1635369068
|start
|switch|p1a: Teleport|Uxie|100/100
|switch|p2a: trans Caesar|Tsareena, F|100/100
|turn|1
|
|t:|1635369078
|move|p1a: Teleport|Sunny Day|p1a: Teleport
|-weather|SunnyDay
|move|p2a: trans Caesar|Knock Off|p1a: Teleport
|-supereffective|p1a: Teleport
|-damage|p1a: Teleport|60/100
|-enditem|p1a: Teleport|Heat Rock|[from] move: Knock Off|[of] p2a: trans Caesar
|
|-weather|SunnyDay|[upkeep]
|upkeep
|turn|2
|
|t:|1635369084
|move|p1a: Teleport|U-turn|p2a: trans Caesar
|-supereffective|p2a: trans Caesar
|-damage|p2a: trans Caesar|78/100
|
|t:|1635369088
|switch|p1a: Fireblast|Charizard, F|100/100|[from]move: U-turn
|move|p2a: trans Caesar|U-turn|p1a: Fireblast
|-resisted|p1a: Fireblast
|-damage|p1a: Fireblast|91/100
|
|t:|1635369091
|switch|p2a: Laging hit|Gigalith, M|100/100|[from]move: U-turn
|-weather|Sandstorm|[from] ability: Sand Stream|[of] p2a: Laging hit
|
|-weather|Sandstorm|[upkeep]
|-damage|p1a: Fireblast|85/100|[from] Sandstorm
|upkeep
|turn|3
|
|t:|1635369102
|switch|p1a: SolarBlade|Leafeon, F|100/100
|switch|p2a: Charizard|Charizard, M|100/100
|
|-weather|Sandstorm|[upkeep]
|-damage|p2a: Charizard|94/100|[from] Sandstorm
|-damage|p1a: SolarBlade|95/100|[from] Sandstorm
|upkeep
|turn|4
|
|t:|1635369111
|switch|p1a: Swagger|Liepard, M|100/100
|move|p2a: Charizard|Flamethrower|p1a: Swagger
|-damage|p1a: Swagger|56/100
|
|-weather|Sandstorm|[upkeep]
|-damage|p2a: Charizard|88/100|[from] Sandstorm
|-damage|p1a: Swagger|50/100|[from] Sandstorm
|upkeep
|turn|5
|
|t:|1635369117
|move|p1a: Swagger|Sunny Day|p1a: Swagger
|-weather|SunnyDay
|move|p2a: Charizard|Flamethrower|p1a: Swagger
|-damage|p1a: Swagger|0 fnt
|faint|p1a: Swagger
|
|-weather|SunnyDay|[upkeep]
|upkeep
|
|t:|1635369122
|switch|p1a: Knockoff|Shiftry, M|100/100
|turn|6
|
|t:|1635369139
|move|p1a: Knockoff|Knock Off|p2a: Charizard
|-damage|p2a: Charizard|8/100
|-enditem|p2a: Charizard|Choice Scarf|[from] move: Knock Off|[of] p1a: Knockoff
|-damage|p1a: Knockoff|91/100|[from] item: Life Orb
|move|p2a: Charizard|Flamethrower|p1a: Knockoff
|-supereffective|p1a: Knockoff
|-damage|p1a: Knockoff|0 fnt
|faint|p1a: Knockoff
|
|-weather|SunnyDay|[upkeep]
|upkeep
|
|t:|1635369149
|switch|p1a: SolarBlade|Leafeon, F|95/100
|turn|7
|
|t:|1635369157
|switch|p2a: Laging hit|Gigalith, M|100/100
|-weather|Sandstorm|[from] ability: Sand Stream|[of] p2a: Laging hit
|move|p1a: SolarBlade|Bullet Seed|p2a: Laging hit
|-supereffective|p2a: Laging hit
|-damage|p2a: Laging hit|71/100
|-supereffective|p2a: Laging hit
|-damage|p2a: Laging hit|41/100
|-supereffective|p2a: Laging hit
|-damage|p2a: Laging hit|14/100
|-hitcount|p2a: Laging hit|3
|
|-weather|Sandstorm|[upkeep]
|-damage|p1a: SolarBlade|89/100|[from] Sandstorm
|-heal|p2a: Laging hit|21/100|[from] item: Leftovers
|upkeep
|turn|8
|
|t:|1635369171
|switch|p2a: Ribombee|Ribombee, F|100/100
|move|p1a: SolarBlade|Bullet Seed|p2a: Ribombee
|-resisted|p2a: Ribombee
|-damage|p2a: Ribombee|84/100
|-resisted|p2a: Ribombee
|-damage|p2a: Ribombee|66/100
|-hitcount|p2a: Ribombee|2
|
|-weather|Sandstorm|[upkeep]
|-damage|p2a: Ribombee|60/100|[from] Sandstorm
|-damage|p1a: SolarBlade|83/100|[from] Sandstorm
|upkeep
|turn|9
|
|t:|1635369181
|switch|p1a: Fireblast|Charizard, F|85/100
|move|p2a: Ribombee|Sticky Web|p1a: Fireblast
|-sidestart|p1: Frogforfun|move: Sticky Web
|
|-weather|Sandstorm|[upkeep]
|-damage|p2a: Ribombee|54/100|[from] Sandstorm
|-damage|p1a: Fireblast|79/100|[from] Sandstorm
|upkeep
|turn|10
|
|t:|1635369187
|move|p2a: Ribombee|U-turn|p1a: Fireblast
|-resisted|p1a: Fireblast
|-damage|p1a: Fireblast|74/100
|
|t:|1635369190
|switch|p2a: Pringler|Jellicent, M|100/100|[from]move: U-turn
|move|p1a: Fireblast|Weather Ball|p2a: Pringler
|-damage|p2a: Pringler|51/100
|-start|p1a: Fireblast|Disable|Weather Ball|[from] ability: Cursed Body|[of] p2a: Pringler
|
|-weather|Sandstorm|[upkeep]
|-damage|p1a: Fireblast|68/100|[from] Sandstorm
|-damage|p2a: Pringler|44/100|[from] Sandstorm
|upkeep
|turn|11
|
|t:|1635369204
|switch|p1a: Teleport|Uxie|60/100
|move|p2a: Pringler|Shadow Ball|p1a: Teleport
|-supereffective|p1a: Teleport
|-damage|p1a: Teleport|0 fnt
|faint|p1a: Teleport
|
|-weather|none
|upkeep
|
|t:|1635369209
|switch|p1a: SolarBlade|Leafeon, F|83/100
|-activate|p1a: SolarBlade|move: Sticky Web
|-unboost|p1a: SolarBlade|spe|1
|turn|12
|inactive|Battle timer is ON: inactive players will automatically lose when time's up. (requested by Frogforfun)
|
|t:|1635369225
|switch|p2a: Ribombee|Ribombee, F|54/100
|move|p1a: SolarBlade|Knock Off|p2a: Ribombee
|-resisted|p2a: Ribombee
|-damage|p2a: Ribombee|11/100
|-enditem|p2a: Ribombee|Heavy-Duty Boots|[from] move: Knock Off|[of] p1a: SolarBlade
|
|upkeep
|turn|13
|
|t:|1635369232
|switch|p1a: Fireblast|Charizard, F|68/100
|move|p2a: Ribombee|U-turn|p1a: Fireblast
|-resisted|p1a: Fireblast
|-damage|p1a: Fireblast|63/100
|
|t:|1635369245
|switch|p2a: Cincinnatus|Cinccino, M|100/100|[from]move: U-turn
|
|upkeep
|turn|14
|
|t:|1635369252
|switch|p1a: SolarBlade|Leafeon, F|83/100
|-activate|p1a: SolarBlade|move: Sticky Web
|-unboost|p1a: SolarBlade|spe|1
|move|p2a: Cincinnatus|Rock Blast|p1a: SolarBlade|[miss]
|-miss|p2a: Cincinnatus|p1a: SolarBlade
|
|upkeep
|turn|15
|inactive|EtymonLegomenon has 120 seconds left.
|
|t:|1635369287
|switch|p2a: Ribombee|Ribombee, F|11/100
|move|p1a: SolarBlade|Bullet Seed|p2a: Ribombee
|-resisted|p2a: Ribombee
|-damage|p2a: Ribombee|0 fnt
|faint|p2a: Ribombee
|-hitcount|p2: Ribombee|1
|
|upkeep
|
|t:|1635369289
|switch|p2a: trans Caesar|Tsareena, F|78/100
|turn|16
|
|t:|1635369298
|move|p1a: SolarBlade|Bullet Seed|p2a: trans Caesar
|-resisted|p2a: trans Caesar
|-damage|p2a: trans Caesar|67/100
|-resisted|p2a: trans Caesar
|-damage|p2a: trans Caesar|59/100
|-hitcount|p2a: trans Caesar|2
|move|p2a: trans Caesar|U-turn|p1a: SolarBlade
|-supereffective|p1a: SolarBlade
|-damage|p1a: SolarBlade|34/100
|
|t:|1635369304
|switch|p2a: Charizard|Charizard, M|8/100|[from]move: U-turn
|
|upkeep
|turn|17
|
|t:|1635369309
|move|p2a: Charizard|Flamethrower|p1a: SolarBlade
|-supereffective|p1a: SolarBlade
|-damage|p1a: SolarBlade|0 fnt
|faint|p1a: SolarBlade
|
|upkeep
|
|t:|1635369312
|switch|p1a: Fireblast|Charizard, F|63/100
|turn|18
|
|t:|1635369319
|switch|p2a: Laging hit|Gigalith, M|21/100
|-weather|Sandstorm|[from] ability: Sand Stream|[of] p2a: Laging hit
|move|p1a: Fireblast|Weather Ball|p2a: Laging hit
|-damage|p2a: Laging hit|0 fnt
|faint|p2a: Laging hit
|
|-weather|Sandstorm|[upkeep]
|-damage|p1a: Fireblast|57/100|[from] Sandstorm
|upkeep
|
|t:|1635369321
|switch|p2a: Cincinnatus|Cinccino, M|100/100
|turn|19
|
|t:|1635369327
|move|p2a: Cincinnatus|Tail Slap|p1a: Fireblast
|-damage|p1a: Fireblast|35/100
|-damage|p1a: Fireblast|14/100
|-damage|p1a: Fireblast|0 fnt
|faint|p1a: Fireblast
|-hitcount|p1: Fireblast|3
|
|-weather|Sandstorm|[upkeep]
|-damage|p2a: Cincinnatus|94/100|[from] Sandstorm
|upkeep
|
|t:|1635369330
|switch|p1a: EggBomb|Exeggutor, F|100/100
|-activate|p1a: EggBomb|move: Sticky Web
|-unboost|p1a: EggBomb|spe|1
|turn|20
|
|t:|1635369335
|move|p2a: Cincinnatus|Tail Slap|p1a: EggBomb
|-damage|p1a: EggBomb|83/100
|-damage|p1a: EggBomb|63/100
|-damage|p1a: EggBomb|45/100
|-damage|p1a: EggBomb|25/100
|-damage|p1a: EggBomb|7/100
|-hitcount|p1a: EggBomb|5
|move|p1a: EggBomb|Sunny Day|p1a: EggBomb
|-weather|SunnyDay
|
|-weather|SunnyDay|[upkeep]
|upkeep
|turn|21
|
|t:|1635369354
|move|p2a: Cincinnatus|Tail Slap|p1a: EggBomb
|-damage|p1a: EggBomb|0 fnt
|faint|p1a: EggBomb
|-hitcount|p1: EggBomb|1
|
|win|EtymonLegomenon
|raw|Frogforfun's rating: 1488 &rarr; <strong>1459</strong><br />(-29 for losing)
|raw|EtymonLegomenon's rating: 1324 &rarr; <strong>1353</strong><br />(+29 for winning)
|c|☆EtymonLegomenon|that was fun
||Ladder isn't responding, score probably updated but might not have (Request timeout).
|l|☆Frogforfun
