|j|☆VV13
|j|☆uult1 Somalia
|player|p1|VV13|184|
|player|p2|uult1 Somalia|pokefan-gen4|
|teamsize|p1|6
|teamsize|p2|6
|gametype|singles
|gen|8
|tier|[Gen 8] PU
|rated|Tournament battle
|clearpoke
|poke|p1|Binacle, F|
|poke|p1|Pawniard, M|
|poke|p1|Silvally-*|
|poke|p1|Throh, M|
|poke|p1|Gourgeist-*, F|
|poke|p1|Mr. Mime, M|
|poke|p2|Basculin-Blue-Striped, M|
|poke|p2|Crustle, M|
|poke|p2|Gourgeist-*, F|
|poke|p2|Pikachu, F|
|poke|p2|Gothitelle, M|
|poke|p2|Hitmontop, M|
|rule|Sleep Clause Mod: Limit one foe put to sleep
|rule|Species Clause: Limit one of each Pokémon
|rule|OHKO Clause: OHKO moves are banned
|rule|Evasion Moves Clause: Evasion moves are banned
|rule|Endless Battle Clause: Forcing endless battles is banned
|rule|HP Percentage Mod: HP is shown in percentages
|rule|Dynamax Clause: You cannot dynamax
|teampreview
|c|☆uult1 Somalia|hf
|inactive|Battle timer is ON: inactive players will automatically lose when time's up. (requested by uult1 Somalia)
|c|☆VV13|u2
|
|start
|switch|p1a: Binacle|Binacle, F|100/100
|switch|p2a: DEVIL'S LANCE|Crustle, M|100/100
|turn|1
|
|move|p1a: Binacle|Stealth Rock|p2a: DEVIL'S LANCE
|-sidestart|p2: uult1 Somalia|move: Stealth Rock
|move|p2a: DEVIL'S LANCE|Stealth Rock|p1a: Binacle
|-sidestart|p1: VV13|move: Stealth Rock
|
|upkeep
|turn|2
|
|move|p1a: Binacle|Shell Smash|p1a: Binacle
|-unboost|p1a: Binacle|def|1
|-unboost|p1a: Binacle|spd|1
|-boost|p1a: Binacle|atk|2
|-boost|p1a: Binacle|spa|2
|-boost|p1a: Binacle|spe|2
|move|p2a: DEVIL'S LANCE|Spikes|p1a: Binacle
|-sidestart|p1: VV13|Spikes
|
|upkeep
|turn|3
|
|move|p1a: Binacle|Liquidation|p2a: DEVIL'S LANCE
|-supereffective|p2a: DEVIL'S LANCE
|-enditem|p2a: DEVIL'S LANCE|Focus Sash
|-damage|p2a: DEVIL'S LANCE|1/100
|-ability|p2a: DEVIL'S LANCE|Weak Armor|boost
|-unboost|p2a: DEVIL'S LANCE|def|1
|-boost|p2a: DEVIL'S LANCE|spe|2
|move|p2a: DEVIL'S LANCE|Earthquake|p1a: Binacle
|-supereffective|p1a: Binacle
|-damage|p1a: Binacle|0 fnt
|faint|p1a: Binacle
|
|upkeep
|
|switch|p1a: Mr. Mime|Mr. Mime, M|100/100
|-damage|p1a: Mr. Mime|88/100|[from] Stealth Rock
|-damage|p1a: Mr. Mime|76/100|[from] Spikes
|turn|4
|
|move|p1a: Mr. Mime|Psychic|p2a: DEVIL'S LANCE
|-damage|p2a: DEVIL'S LANCE|0 fnt
|faint|p2a: DEVIL'S LANCE
|
|upkeep
|j| avatar kang
|inactive|uult1 Somalia has 120 seconds left.
|
|switch|p2a: HAMMER OF BURMA|Hitmontop, M|100/100
|-damage|p2a: HAMMER OF BURMA|95/100|[from] Stealth Rock
|turn|5
|
|move|p2a: HAMMER OF BURMA|Fake Out|p1a: Mr. Mime
|-damage|p1a: Mr. Mime|34/100
|cant|p1a: Mr. Mime|flinch
|
|upkeep
|turn|6
|j| AllhailLordCheezy
|inactive|uult1 Somalia has 120 seconds left.
|
|move|p1a: Mr. Mime|Psychic|p2a: HAMMER OF BURMA
|-supereffective|p2a: HAMMER OF BURMA
|-crit|p2a: HAMMER OF BURMA
|-damage|p2a: HAMMER OF BURMA|7/100
|move|p2a: HAMMER OF BURMA|Rapid Spin|p1a: Mr. Mime
|-damage|p1a: Mr. Mime|0 fnt
|-boost|p2a: HAMMER OF BURMA|spe|1
|-sideend|p2: uult1 Somalia|Stealth Rock|[from] move: Rapid Spin|[of] p2a: HAMMER OF BURMA
|faint|p1a: Mr. Mime
|
|upkeep
|
|switch|p1a: Silvally|Silvally-Electric|100/100
|-damage|p1a: Silvally|88/100|[from] Stealth Rock
|-damage|p1a: Silvally|76/100|[from] Spikes
|turn|7
|
|move|p2a: HAMMER OF BURMA|Mach Punch|p1a: Silvally
|-damage|p1a: Silvally|45/100
|move|p1a: Silvally|Defog|p2a: HAMMER OF BURMA
|-unboost|p2a: HAMMER OF BURMA|evasion|1
|-sideend|p1: VV13|Spikes|[from] move: Defog|[of] p1a: Silvally
|-sideend|p1: VV13|Stealth Rock|[from] move: Defog|[of] p1a: Silvally
|
|upkeep
|turn|8
|l| avatar kang
|
|move|p2a: HAMMER OF BURMA|Mach Punch|p1a: Silvally
|-damage|p1a: Silvally|15/100
|move|p1a: Silvally|Thunderbolt|p2a: HAMMER OF BURMA
|-damage|p2a: HAMMER OF BURMA|0 fnt
|faint|p2a: HAMMER OF BURMA
|
|upkeep
|
|switch|p2a: DEMON'S BANE|Gourgeist, F|100/100
|-item|p1a: Silvally|Electric Memory|[from] ability: Frisk|[of] p2a: DEMON'S BANE|[identify]
|turn|9
|
|move|p2a: DEMON'S BANE|Shadow Sneak|p1a: Silvally
|-damage|p1a: Silvally|0 fnt
|faint|p1a: Silvally
|
|upkeep
|
|switch|p1a: Pawniard|Pawniard, M|100/100
|turn|10
|
|move|p2a: DEMON'S BANE|Fire Blast|p1a: Pawniard
|-supereffective|p1a: Pawniard
|-damage|p1a: Pawniard|37/100
|move|p1a: Pawniard|Swords Dance|p1a: Pawniard
|-boost|p1a: Pawniard|atk|2
|
|upkeep
|turn|11
|
|move|p1a: Pawniard|Sucker Punch|p2a: DEMON'S BANE
|-supereffective|p2a: DEMON'S BANE
|-enditem|p2a: DEMON'S BANE|Colbur Berry|[eat]
|-enditem|p2a: DEMON'S BANE|Colbur Berry|[weaken]
|-damage|p2a: DEMON'S BANE|33/100
|move|p2a: DEMON'S BANE|Fire Blast|p1a: Pawniard
|-supereffective|p1a: Pawniard
|-damage|p1a: Pawniard|0 fnt
|faint|p1a: Pawniard
|
|upkeep
|j| avatar kang
|
|switch|p1a: Gourgeist|Gourgeist, F|100/100
|turn|12
|
|move|p2a: DEMON'S BANE|Shadow Sneak|p1a: Gourgeist
|-supereffective|p1a: Gourgeist
|-damage|p1a: Gourgeist|63/100
|move|p1a: Gourgeist|Shadow Ball|p2a: DEMON'S BANE
|-supereffective|p2a: DEMON'S BANE
|-damage|p2a: DEMON'S BANE|0 fnt
|faint|p2a: DEMON'S BANE
|
|upkeep
|inactive|uult1 Somalia has 120 seconds left.
|
|switch|p2a: EVOLUTION|Gothitelle, M|100/100
|turn|13
|
|move|p1a: Gourgeist|Shadow Ball|p2a: EVOLUTION
|-supereffective|p2a: EVOLUTION
|-damage|p2a: EVOLUTION|53/100
|-enditem|p2a: EVOLUTION|Weakness Policy
|-boost|p2a: EVOLUTION|atk|2|[from] item: Weakness Policy
|-boost|p2a: EVOLUTION|spa|2|[from] item: Weakness Policy
|-unboost|p2a: EVOLUTION|spd|1
|-ability|p2a: EVOLUTION|Competitive
|-boost|p2a: EVOLUTION|spa|2
|move|p2a: EVOLUTION|Cosmic Power|p2a: EVOLUTION
|-boost|p2a: EVOLUTION|def|1
|-boost|p2a: EVOLUTION|spd|1
|
|upkeep
|turn|14
|
|move|p1a: Gourgeist|Shadow Ball|p2a: EVOLUTION
|-supereffective|p2a: EVOLUTION
|-damage|p2a: EVOLUTION|4/100
|-unboost|p2a: EVOLUTION|spd|1
|-ability|p2a: EVOLUTION|Competitive
|-boost|p2a: EVOLUTION|spa|2
|move|p2a: EVOLUTION|Stored Power|p1a: Gourgeist
|-damage|p1a: Gourgeist|0 fnt
|faint|p1a: Gourgeist
|
|upkeep
|j|+royesk
|
|switch|p1a: Throh|Throh, M|100/100
|turn|15
|
|move|p1a: Throh|Knock Off|p2a: EVOLUTION
|-supereffective|p2a: EVOLUTION
|-damage|p2a: EVOLUTION|0 fnt
|faint|p2a: EVOLUTION
|
|-status|p1a: Throh|brn|[from] item: Flame Orb
|upkeep
|c|☆VV13|gg
|
|switch|p2a: DRAGON SHOT|Basculin-Blue-Striped, M|100/100
|turn|16
|inactive|VV13 has 120 seconds left.
|
|move|p2a: DRAGON SHOT|Final Gambit|p1a: Throh
|-damage|p1a: Throh|31/100 brn
|faint|p2a: DRAGON SHOT
|move|p1a: Throh|Superpower|p2: DRAGON SHOT|[notarget]
|-fail|p1a: Throh
|
|-damage|p1a: Throh|24/100 brn|[from] brn
|upkeep
|
|switch|p2a: NIKO STYLE|Pikachu, F|100/100
|turn|17
|c|☆uult1 Somalia|gg
|
|move|p2a: NIKO STYLE|Fake Out|p1a: Throh
|-damage|p1a: Throh|8/100 brn
|cant|p1a: Throh|flinch
|
|-damage|p1a: Throh|2/100 brn|[from] brn
|upkeep
|turn|18
|
|move|p2a: NIKO STYLE|Extreme Speed|p1a: Throh
|-damage|p1a: Throh|0 fnt
|faint|p1a: Throh
|
|win|uult1 Somalia
