|html|<div class="broadcast-blue"><strong>[Gen 8] PU is currently suspecting Virizion! For information on how to participate check out the <a href="https://www.smogon.com/forums/threads/np-pu-stage-4-and-justice-for-all-virizion-suspect-test.3676543/">suspect thread</a>.</strong></div>
|j|☆VST uwu
|j|☆Auzt
|t:|1611438396
|player|p1|VST uwu|#alpha|1304
|player|p2|Auzt|blue-gen1|1345
|teamsize|p1|6
|teamsize|p2|6
|gametype|singles
|gen|8
|tier|[Gen 8] PU
|rated|
|clearpoke
|poke|p1|Whimsicott, M|
|poke|p1|Mesprit|
|poke|p1|Druddigon, F|
|poke|p1|Centiskorch, F|
|poke|p1|Silvally-*|
|poke|p1|Magneton|
|poke|p2|Boltund, M|
|poke|p2|Talonflame, F|
|poke|p2|Lilligant, F|
|poke|p2|Regirock|
|poke|p2|Scrafty, F|
|poke|p2|Silvally-*|
|rule|Sleep Clause Mod: Limit one foe put to sleep
|rule|Species Clause: Limit one of each Pokémon
|rule|OHKO Clause: OHKO moves are banned
|rule|Evasion Moves Clause: Evasion moves are banned
|rule|Endless Battle Clause: Forcing endless battles is banned
|rule|HP Percentage Mod: HP is shown in percentages
|rule|Dynamax Clause: You cannot dynamax
|teampreview
|inactive|Battle timer is ON: inactive players will automatically lose when time's up. (requested by VST uwu)
|
|t:|1611438420
|start
|switch|p1a: Druddigon|Druddigon, F|100/100
|switch|p2a: Talonflame|Talonflame, F|100/100
|-ability|p1a: Druddigon|Mold Breaker
|turn|1
|
|t:|1611438429
|switch|p2a: Regirock|Regirock|100/100
|move|p1a: Druddigon|Glare|p2a: Regirock
|-status|p2a: Regirock|par
|
|upkeep
|turn|2
|
|t:|1611438441
|switch|p1a: Magneton|Magneton|100/100
|move|p2a: Regirock|Stealth Rock|p1a: Magneton
|-sidestart|p1: VST uwu|move: Stealth Rock
|
|upkeep
|turn|3
|
|t:|1611438446
|move|p1a: Magneton|Flash Cannon|p2a: Regirock
|-supereffective|p2a: Regirock
|-damage|p2a: Regirock|0 fnt
|faint|p2a: Regirock
|
|upkeep
|
|t:|1611438456
|switch|p2a: Scrafty|Scrafty, F|100/100
|turn|4
|
|t:|1611438460
|switch|p1a: Druddigon|Druddigon, F|100/100
|-damage|p1a: Druddigon|88/100|[from] Stealth Rock
|-ability|p1a: Druddigon|Mold Breaker
|move|p2a: Scrafty|Knock Off|p1a: Druddigon
|-damage|p1a: Druddigon|65/100
|-damage|p2a: Scrafty|84/100|[from] item: Rocky Helmet|[of] p1a: Druddigon
|-enditem|p1a: Druddigon|Rocky Helmet|[from] move: Knock Off|[of] p2a: Scrafty
|
|upkeep
|turn|5
|
|t:|1611438465
|move|p2a: Scrafty|Bulk Up|p2a: Scrafty
|-boost|p2a: Scrafty|atk|1
|-boost|p2a: Scrafty|def|1
|move|p1a: Druddigon|Glare|p2a: Scrafty
|-status|p2a: Scrafty|par
|
|-activate|p2a: Scrafty|ability: Shed Skin
|-curestatus|p2a: Scrafty|par|[msg]
|upkeep
|turn|6
|
|t:|1611438470
|move|p2a: Scrafty|Drain Punch|p1a: Druddigon
|-crit|p1a: Druddigon
|-damage|p1a: Druddigon|28/100
|-heal|p2a: Scrafty|100/100|[from] drain|[of] p1a: Druddigon
|move|p1a: Druddigon|Dragon Tail|p2a: Scrafty
|-damage|p2a: Scrafty|87/100
|-damage|p1a: Druddigon|11/100|[from] item: Rocky Helmet|[of] p2a: Scrafty
|drag|p2a: Talonflame|Talonflame, F|100/100
|
|upkeep
|turn|7
|
|t:|1611438476
|move|p2a: Talonflame|Brave Bird|p1a: Druddigon
|-damage|p1a: Druddigon|0 fnt
|-damage|p2a: Talonflame|96/100|[from] Recoil
|faint|p1a: Druddigon
|
|upkeep
|
|t:|1611438482
|switch|p1a: Mesprit|Mesprit|100/100
|-damage|p1a: Mesprit|88/100|[from] Stealth Rock
|turn|8
|j| giove 97
|
|t:|1611438501
|switch|p2a: Silvally|Silvally-Fairy|100/100
|move|p1a: Mesprit|Psyshock|p2a: Silvally
|-damage|p2a: Silvally|68/100
|
|upkeep
|turn|9
|
|t:|1611438510
|move|p1a: Mesprit|Psyshock|p2a: Silvally
|-damage|p2a: Silvally|36/100
|move|p2a: Silvally|U-turn|p1a: Mesprit
|-supereffective|p1a: Mesprit
|-damage|p1a: Mesprit|56/100
|
|t:|1611438520
|switch|p2a: Scrafty|Scrafty, F|87/100|[from]move: U-turn
|
|upkeep
|turn|10
|
|t:|1611438523
|switch|p1a: Whimsicott|Whimsicott, M|100/100
|move|p2a: Scrafty|Knock Off|p1a: Whimsicott
|-resisted|p1a: Whimsicott
|-damage|p1a: Whimsicott|75/100
|-enditem|p1a: Whimsicott|Heavy-Duty Boots|[from] move: Knock Off|[of] p2a: Scrafty
|
|upkeep
|turn|11
|
|t:|1611438536
|switch|p2a: Talonflame|Talonflame, F|96/100
|move|p1a: Whimsicott|Moonblast|p2a: Talonflame
|-resisted|p2a: Talonflame
|-damage|p2a: Talonflame|67/100
|
|upkeep
|turn|12
|
|t:|1611438544
|switch|p1a: Mesprit|Mesprit|56/100
|-damage|p1a: Mesprit|43/100|[from] Stealth Rock
|move|p2a: Talonflame|Roost|p2a: Talonflame
|-heal|p2a: Talonflame|100/100
|-singleturn|p2a: Talonflame|move: Roost
|
|upkeep
|turn|13
|
|t:|1611438551
|move|p2a: Talonflame|Brave Bird|p1a: Mesprit
|-damage|p1a: Mesprit|0 fnt
|-damage|p2a: Talonflame|86/100|[from] Recoil
|faint|p1a: Mesprit
|
|upkeep
|
|t:|1611438558
|switch|p1a: Silvally|Silvally-Ground|100/100
|-damage|p1a: Silvally|94/100|[from] Stealth Rock
|turn|14
|
|t:|1611438567
|switch|p2a: Lilligant|Lilligant, F|100/100
|move|p1a: Silvally|Flame Charge|p2a: Lilligant
|-supereffective|p2a: Lilligant
|-damage|p2a: Lilligant|61/100
|-boost|p1a: Silvally|spe|1
|
|upkeep
|turn|15
|
|t:|1611438576
|move|p1a: Silvally|Swords Dance|p1a: Silvally
|-boost|p1a: Silvally|atk|2
|move|p2a: Lilligant|Petal Dance|p1a: Silvally
|-supereffective|p1a: Silvally
|-damage|p1a: Silvally|0 fnt
|faint|p1a: Silvally
|
|upkeep
|
|t:|1611438579
|switch|p1a: Centiskorch|Centiskorch, F|100/100
|turn|16
|
|t:|1611438582
|move|p2a: Lilligant|Petal Dance|p1a: Centiskorch|[from]lockedmove
|-resisted|p1a: Centiskorch
|-damage|p1a: Centiskorch|87/100
|move|p1a: Centiskorch|Coil|p1a: Centiskorch
|-boost|p1a: Centiskorch|atk|1
|-boost|p1a: Centiskorch|def|1
|-boost|p1a: Centiskorch|accuracy|1
|
|upkeep
|turn|17
|
|t:|1611438587
|move|p2a: Lilligant|Petal Dance|p1a: Centiskorch|[from]lockedmove
|-resisted|p1a: Centiskorch
|-damage|p1a: Centiskorch|71/100
|move|p1a: Centiskorch|Coil|p1a: Centiskorch
|-boost|p1a: Centiskorch|atk|1
|-boost|p1a: Centiskorch|def|1
|-boost|p1a: Centiskorch|accuracy|1
|
|upkeep
|turn|18
|
|t:|1611438595
|switch|p2a: Silvally|Silvally-Fairy|36/100
|move|p1a: Centiskorch|Leech Life|p2a: Silvally
|-resisted|p2a: Silvally
|-damage|p2a: Silvally|4/100
|-heal|p1a: Centiskorch|90/100|[from] drain|[of] p2a: Silvally
|
|upkeep
|turn|19
|
|t:|1611438598
|move|p2a: Silvally|Toxic|p1a: Centiskorch
|-status|p1a: Centiskorch|tox
|move|p1a: Centiskorch|Leech Life|p2a: Silvally
|-resisted|p2a: Silvally
|-damage|p2a: Silvally|0 fnt
|-heal|p1a: Centiskorch|91/100 tox|[from] drain|[of] p2a: Silvally
|faint|p2a: Silvally
|
|-damage|p1a: Centiskorch|85/100 tox|[from] psn
|upkeep
|
|t:|1611438604
|switch|p2a: Talonflame|Talonflame, F|86/100
|turn|20
|
|t:|1611438610
|move|p2a: Talonflame|Brave Bird|p1a: Centiskorch
|-supereffective|p1a: Centiskorch
|-damage|p1a: Centiskorch|15/100 tox
|-damage|p2a: Talonflame|59/100|[from] Recoil
|move|p1a: Centiskorch|Fire Lash|p2a: Talonflame
|-resisted|p2a: Talonflame
|-damage|p2a: Talonflame|0 fnt
|faint|p2a: Talonflame
|
|-damage|p1a: Centiskorch|3/100 tox|[from] psn
|upkeep
|
|t:|1611438618
|switch|p2a: Boltund|Boltund, M|100/100
|turn|21
|
|t:|1611438627
|move|p2a: Boltund|Volt Switch|p1a: Centiskorch
|-damage|p1a: Centiskorch|0 fnt
|faint|p1a: Centiskorch
|
|t:|1611438630
|switch|p2a: Lilligant|Lilligant, F|61/100|[from]move: Volt Switch
|
|upkeep
|
|t:|1611438632
|switch|p1a: Magneton|Magneton|100/100
|-damage|p1a: Magneton|94/100|[from] Stealth Rock
|turn|22
|
|t:|1611438642
|move|p2a: Lilligant|Petal Dance|p1a: Magneton
|-resisted|p1a: Magneton
|-damage|p1a: Magneton|39/100
|move|p1a: Magneton|Flash Cannon|p2a: Lilligant
|-damage|p2a: Lilligant|0 fnt
|faint|p2a: Lilligant
|
|upkeep
|
|t:|1611438648
|switch|p2a: Scrafty|Scrafty, F|87/100
|turn|23
|
|t:|1611438660
|switch|p1a: Whimsicott|Whimsicott, M|75/100
|-damage|p1a: Whimsicott|63/100|[from] Stealth Rock
|switch|p2a: Boltund|Boltund, M|100/100
|
|upkeep
|turn|24
|
|t:|1611438670
|move|p1a: Whimsicott|Tailwind|p1a: Whimsicott
|-sidestart|p1: VST uwu|move: Tailwind
|move|p2a: Boltund|Psychic Fangs|p1a: Whimsicott
|-damage|p1a: Whimsicott|0 fnt
|faint|p1a: Whimsicott
|
|upkeep
|
|t:|1611438674
|switch|p1a: Magneton|Magneton|39/100
|-damage|p1a: Magneton|32/100|[from] Stealth Rock
|turn|25
|
|t:|1611438676
|move|p1a: Magneton|Tri Attack|p2a: Boltund
|-damage|p2a: Boltund|24/100
|move|p2a: Boltund|Psychic Fangs|p1a: Magneton
|-resisted|p1a: Magneton
|-damage|p1a: Magneton|0 fnt
|faint|p1a: Magneton
|
|win|Auzt
|c|☆VST uwu|gg
|l|☆VST uwu
|l| giove 97
|c|☆Auzt|Gg
||Ladder (probably) updated, but score could not be retrieved (Request timeout).
