|j|☆top 1 pu
|j|☆tjay
|player|p1|top 1 pu|lucas|1414
|player|p2|tjay|#tjay|1358
|teamsize|p1|6
|teamsize|p2|6
|gametype|singles
|gen|8
|tier|[Gen 8] PU
|rated|
|clearpoke
|poke|p1|Glaceon, F|
|poke|p1|Mawile, M|
|poke|p1|Mareanie, M|
|poke|p1|Shiinotic, M|
|poke|p1|Silvally-*|
|poke|p1|Ninjask, M|
|poke|p2|Meowstic, M|
|poke|p2|Lunatone|
|poke|p2|Pawniard, M|
|poke|p2|Silvally-*|
|poke|p2|Shuckle, M|
|poke|p2|Trevenant, F|
|rule|Sleep Clause Mod: Limit one foe put to sleep
|rule|Species Clause: Limit one of each Pokémon
|rule|OHKO Clause: OHKO moves are banned
|rule|Evasion Moves Clause: Evasion moves are banned
|rule|Endless Battle Clause: Forcing endless battles is banned
|rule|HP Percentage Mod: HP is shown in percentages
|rule|Dynamax Clause: You cannot dynamax
|teampreview
|j| Urusius
|c|☆top 1 pu|susina
|c|☆tjay|hf
|c|☆top 1 pu|u2
|
|start
|switch|p1a: Shiinotic|Shiinotic, M|100/100
|switch|p2a: Shuckle|Shuckle, M|100/100
|turn|1
|
|switch|p2a: Trevenant|Trevenant, F|100/100
|move|p1a: Shiinotic|Spore|p2a: Trevenant
|-immune|p2a: Trevenant
|
|upkeep
|turn|2
|inactive|Battle timer is ON: inactive players will automatically lose when time's up. (requested by tjay)
|
|move|p2a: Trevenant|Will-O-Wisp|p1a: Shiinotic
|-status|p1a: Shiinotic|brn
|move|p1a: Shiinotic|Moonblast|p2a: Trevenant
|-damage|p2a: Trevenant|66/100
|-unboost|p2a: Trevenant|spa|1
|
|-damage|p1a: Shiinotic|94/100 brn|[from] brn
|upkeep
|turn|3
|
|move|p2a: Trevenant|Horn Leech|p1a: Shiinotic
|-resisted|p1a: Shiinotic
|-damage|p1a: Shiinotic|80/100 brn
|-heal|p2a: Trevenant|72/100|[from] drain|[of] p1a: Shiinotic
|move|p1a: Shiinotic|Spore|p2a: Trevenant
|-immune|p2a: Trevenant
|
|-heal|p1a: Shiinotic|87/100 brn|[from] item: Leftovers
|-damage|p1a: Shiinotic|80/100 brn|[from] brn
|upkeep
|turn|4
|
|move|p2a: Trevenant|Horn Leech|p1a: Shiinotic
|-resisted|p1a: Shiinotic
|-damage|p1a: Shiinotic|67/100 brn
|-heal|p2a: Trevenant|78/100|[from] drain|[of] p1a: Shiinotic
|move|p1a: Shiinotic|Moonblast|p2a: Trevenant
|-damage|p2a: Trevenant|48/100
|
|-heal|p1a: Shiinotic|73/100 brn|[from] item: Leftovers
|-damage|p1a: Shiinotic|67/100 brn|[from] brn
|upkeep
|turn|5
|
|switch|p1a: Glaceon|Glaceon, F|100/100
|move|p2a: Trevenant|Horn Leech|p1a: Glaceon
|-damage|p1a: Glaceon|67/100
|-heal|p2a: Trevenant|60/100|[from] drain|[of] p1a: Glaceon
|
|upkeep
|turn|6
|
|switch|p2a: Shuckle|Shuckle, M|100/100
|move|p1a: Glaceon|Ice Beam|p2a: Shuckle
|-crit|p2a: Shuckle
|-damage|p2a: Shuckle|35/100
|
|upkeep
|turn|7
|c|☆top 1 pu|s
|
|move|p1a: Glaceon|Ice Beam|p2a: Shuckle
|-damage|p2a: Shuckle|0 fnt
|faint|p2a: Shuckle
|
|upkeep
|
|switch|p2a: Silvally|Silvally-Ground|100/100
|turn|8
|
|switch|p1a: Shiinotic|Shiinotic, M|67/100 brn
|move|p2a: Silvally|Multi-Attack|p1a: Shiinotic
|-resisted|p1a: Shiinotic
|-damage|p1a: Shiinotic|40/100 brn
|
|-heal|p1a: Shiinotic|47/100 brn|[from] item: Leftovers
|-damage|p1a: Shiinotic|40/100 brn|[from] brn
|upkeep
|turn|9
|
|switch|p2a: Pawniard|Pawniard, M|100/100
|move|p1a: Shiinotic|Strength Sap|p2a: Pawniard
|-unboost|p2a: Pawniard|atk|1
|-ability|p2a: Pawniard|Defiant
|-boost|p2a: Pawniard|atk|2
|-heal|p1a: Shiinotic|100/100 brn
|
|-damage|p1a: Shiinotic|94/100 brn|[from] brn
|upkeep
|turn|10
|
|switch|p1a: Mareanie|Mareanie, M|100/100
|move|p2a: Pawniard|Iron Head|p1a: Mareanie
|-resisted|p1a: Mareanie
|-damage|p1a: Mareanie|76/100
|
|upkeep
|turn|11
|
|move|p2a: Pawniard|Knock Off|p1a: Mareanie
|-damage|p1a: Mareanie|20/100
|-enditem|p1a: Mareanie|Eviolite|[from] move: Knock Off|[of] p2a: Pawniard
|move|p1a: Mareanie|Scald|p2a: Pawniard
|-damage|p2a: Pawniard|73/100
|-status|p2a: Pawniard|brn
|
|-damage|p2a: Pawniard|67/100 brn|[from] brn
|upkeep
|turn|12
|c|☆top 1 pu|s
|c|☆tjay|this is why i hate ladder
|
|switch|p1a: Silvally|Silvally-Ground|100/100
|move|p2a: Pawniard|Knock Off|p1a: Silvally
|-damage|p1a: Silvally|78/100
|
|-damage|p2a: Pawniard|61/100 brn|[from] brn
|upkeep
|turn|13
|
|move|p2a: Pawniard|Sucker Punch|p1a: Silvally
|-damage|p1a: Silvally|54/100
|move|p1a: Silvally|Multi-Attack|p2a: Pawniard
|-supereffective|p2a: Pawniard
|-damage|p2a: Pawniard|0 fnt
|faint|p2a: Pawniard
|
|upkeep
|c|☆top 1 pu|can happen in a tournament as well
|
|switch|p2a: Silvally|Silvally-Ground|100/100
|turn|14
|c|☆tjay|its never this bad in tournaments
|
|move|p1a: Silvally|U-turn|p2a: Silvally
|-damage|p2a: Silvally|81/100
|
|switch|p1a: Shiinotic|Shiinotic, M|94/100 brn|[from]move: U-turn
|move|p2a: Silvally|Swords Dance|p2a: Silvally
|-boost|p2a: Silvally|atk|2
|
|-heal|p1a: Shiinotic|100/100 brn|[from] item: Leftovers
|-damage|p1a: Shiinotic|94/100 brn|[from] brn
|upkeep
|turn|15
|
|move|p2a: Silvally|Rock Slide|p1a: Shiinotic
|-damage|p1a: Shiinotic|52/100 brn
|move|p1a: Shiinotic|Spore|p2a: Silvally
|-status|p2a: Silvally|slp|[from] move: Spore
|
|-heal|p1a: Shiinotic|58/100 brn|[from] item: Leftovers
|-damage|p1a: Shiinotic|52/100 brn|[from] brn
|upkeep
|turn|16
|
|cant|p2a: Silvally|slp
|move|p1a: Shiinotic|Giga Drain|p2a: Silvally
|-supereffective|p2a: Silvally
|-damage|p2a: Silvally|31/100 slp
|-heal|p1a: Shiinotic|77/100 brn|[from] drain|[of] p2a: Silvally
|
|-heal|p1a: Shiinotic|83/100 brn|[from] item: Leftovers
|-damage|p1a: Shiinotic|77/100 brn|[from] brn
|upkeep
|turn|17
|
|cant|p2a: Silvally|slp
|move|p1a: Shiinotic|Giga Drain|p2a: Silvally
|-supereffective|p2a: Silvally
|-damage|p2a: Silvally|0 fnt
|-heal|p1a: Shiinotic|93/100 brn|[from] drain|[of] p2a: Silvally
|faint|p2a: Silvally
|
|-heal|p1a: Shiinotic|99/100 brn|[from] item: Leftovers
|-damage|p1a: Shiinotic|93/100 brn|[from] brn
|upkeep
|c|☆tjay|yeah
|c|☆tjay|this was stupid
|c|☆tjay|gg
|c|☆top 1 pu|gg
|-message|tjay forfeited.
|
|win|top 1 pu
|l|☆tjay
|raw|top 1 pu's rating: 1415 &rarr; <strong>1432</strong><br />(+17 for winning)
|raw|tjay's rating: 1373 &rarr; <strong>1355</strong><br />(-18 for losing)
