|raw|<div class="broadcast-blue"><strong>This battle is required to be public due to a player having a name starting with 'pult4c1'.</div>
|j|☆gassy neigh
|j|☆PULT4C1 Inder
|t:|1660916642
|gametype|singles
|player|p1|gassy neigh|clown|1587
|player|p2|PULT4C1 Inder|lyra|1656
|teamsize|p1|6
|teamsize|p2|6
|gen|8
|tier|[Gen 8] PU
|rated|
|rule|Sleep Clause Mod: Limit one foe put to sleep
|rule|Species Clause: Limit one of each Pokémon
|rule|OHKO Clause: OHKO moves are banned
|rule|Evasion Items Clause: Evasion items are banned
|rule|Evasion Moves Clause: Evasion moves are banned
|rule|Endless Battle Clause: Forcing endless battles is banned
|rule|HP Percentage Mod: HP is shown in percentages
|rule|Dynamax Clause: You cannot dynamax
|clearpoke
|poke|p1|Golduck, M|
|poke|p1|Comfey, M|
|poke|p1|Gigalith, F|
|poke|p1|Drifblim, M|
|poke|p1|Flapple, F|
|poke|p1|Gourgeist-*, F|
|poke|p2|Doublade, F|
|poke|p2|Vikavolt, M|
|poke|p2|Archeops, F|
|poke|p2|Silvally-*|
|poke|p2|Turtonator, M|
|poke|p2|Druddigon, F|
|teampreview
|inactive|Battle timer is ON: inactive players will automatically lose when time's up. (requested by PULT4C1 Inder)
|c|☆PULT4C1 Inder|hf
|c|☆gassy neigh|u 2
|
|t:|1660916662
|start
|switch|p1a: Comfey|Comfey, M|100/100
|switch|p2a: Druddigon|Druddigon, F|100/100
|-ability|p2a: Druddigon|Mold Breaker
|turn|1
|
|t:|1660916664
|move|p1a: Comfey|Draining Kiss|p2a: Druddigon
|-supereffective|p2a: Druddigon
|-damage|p2a: Druddigon|15/100
|move|p2a: Druddigon|Stealth Rock|p1a: Comfey
|-sidestart|p1: gassy neigh|move: Stealth Rock
|
|upkeep
|turn|2
|j| PULT4C1 Haffling
|
|t:|1660916671
|switch|p2a: Doublade|Doublade, F|100/100
|move|p1a: Comfey|Draining Kiss|p2a: Doublade
|-resisted|p2a: Doublade
|-damage|p2a: Doublade|80/100
|
|upkeep
|turn|3
|j| Axeward
|
|t:|1660916674
|switch|p1a: Golduck|Golduck, M|100/100
|-damage|p1a: Golduck|88/100|[from] Stealth Rock
|-ability|p1a: Golduck|Cloud Nine
|move|p2a: Doublade|Shadow Claw|p1a: Golduck
|-damage|p1a: Golduck|48/100
|
|-heal|p1a: Golduck|54/100|[from] item: Leftovers
|upkeep
|turn|4
|
|t:|1660916683
|move|p1a: Golduck|Scald|p2a: Doublade
|-damage|p2a: Doublade|33/100
|move|p2a: Doublade|Shadow Claw|p1a: Golduck
|-damage|p1a: Golduck|15/100
|
|-heal|p1a: Golduck|21/100|[from] item: Leftovers
|upkeep
|turn|5
|j| xskelly34
|j| QiYU5
|
|t:|1660916696
|switch|p1a: Gourgeist|Gourgeist-Super, F|100/100
|-damage|p1a: Gourgeist|88/100|[from] Stealth Rock
|-item|p2a: Doublade|Eviolite|[from] ability: Frisk|[of] p1a: Gourgeist|[identify]
|move|p2a: Doublade|Shadow Sneak|p1a: Gourgeist
|-supereffective|p1a: Gourgeist
|-damage|p1a: Gourgeist|48/100
|-enditem|p1a: Gourgeist|Weakness Policy
|-boost|p1a: Gourgeist|atk|2|[from] item: Weakness Policy
|-boost|p1a: Gourgeist|spa|2|[from] item: Weakness Policy
|
|upkeep
|turn|6
|
|t:|1660916702
|switch|p2a: Druddigon|Druddigon, F|15/100
|-ability|p2a: Druddigon|Mold Breaker
|move|p1a: Gourgeist|Shadow Sneak|p2a: Druddigon
|-damage|p2a: Druddigon|0 fnt
|faint|p2a: Druddigon
|
|upkeep
|
|t:|1660916706
|switch|p2a: Silvally|Silvally-Fairy|100/100
|turn|7
|j| PULT4C1 Carmin
|
|t:|1660916729
|move|p2a: Silvally|Multi-Attack|p1a: Gourgeist
|-damage|p1a: Gourgeist|0 fnt
|faint|p1a: Gourgeist
|
|upkeep
|inactive|gassy neigh has 120 seconds left.
|
|t:|1660916745
|switch|p1a: Drifblim|Drifblim, M|100/100
|turn|8
|
|t:|1660916751
|switch|p2a: Turtonator|Turtonator, M|100/100
|move|p1a: Drifblim|Shadow Ball|p2a: Turtonator
|-damage|p2a: Turtonator|63/100
|-unboost|p2a: Turtonator|spd|1
|
|upkeep
|turn|9
|
|t:|1660916759
|move|p1a: Drifblim|Shadow Ball|p2a: Turtonator
|-damage|p2a: Turtonator|9/100
|-unboost|p2a: Turtonator|spd|1
|move|p2a: Turtonator|Shell Smash|p2a: Turtonator
|-unboost|p2a: Turtonator|def|1
|-unboost|p2a: Turtonator|spd|1
|-boost|p2a: Turtonator|atk|2
|-boost|p2a: Turtonator|spa|2
|-boost|p2a: Turtonator|spe|2
|
|upkeep
|turn|10
|inactive|gassy neigh has 120 seconds left.
|
|t:|1660916786
|switch|p1a: Golduck|Golduck, M|21/100
|-damage|p1a: Golduck|9/100|[from] Stealth Rock
|-ability|p1a: Golduck|Cloud Nine
|move|p2a: Turtonator|Draco Meteor|p1a: Golduck
|-damage|p1a: Golduck|0 fnt
|-unboost|p2a: Turtonator|spa|2
|faint|p1a: Golduck
|
|upkeep
|
|t:|1660916789
|switch|p1a: Gigalith|Gigalith, F|100/100
|-damage|p1a: Gigalith|88/100|[from] Stealth Rock
|-weather|Sandstorm|[from] ability: Sand Stream|[of] p1a: Gigalith
|turn|11
|
|t:|1660916795
|move|p2a: Turtonator|Shell Smash|p2a: Turtonator
|-unboost|p2a: Turtonator|def|1
|-unboost|p2a: Turtonator|spd|1
|-boost|p2a: Turtonator|atk|2
|-boost|p2a: Turtonator|spa|2
|-boost|p2a: Turtonator|spe|2
|move|p1a: Gigalith|Stealth Rock|p2a: Turtonator
|-sidestart|p2: PULT4C1 Inder|move: Stealth Rock
|
|-weather|Sandstorm|[upkeep]
|-damage|p2a: Turtonator|3/100|[from] Sandstorm
|-heal|p1a: Gigalith|94/100|[from] item: Leftovers
|upkeep
|turn|12
|
|t:|1660916804
|move|p2a: Turtonator|Flash Cannon|p1a: Gigalith
|-supereffective|p1a: Gigalith
|-damage|p1a: Gigalith|47/100
|move|p1a: Gigalith|Rock Blast|p2a: Turtonator
|-supereffective|p2a: Turtonator
|-damage|p2a: Turtonator|0 fnt
|faint|p2a: Turtonator
|-hitcount|p2: Turtonator|1
|
|-weather|Sandstorm|[upkeep]
|-heal|p1a: Gigalith|53/100|[from] item: Leftovers
|upkeep
|
|t:|1660916817
|switch|p2a: Silvally|Silvally-Fairy|100/100
|-damage|p2a: Silvally|88/100|[from] Stealth Rock
|turn|13
|
|t:|1660916821
|move|p2a: Silvally|Swords Dance|p2a: Silvally
|-boost|p2a: Silvally|atk|2
|move|p1a: Gigalith|Toxic|p2a: Silvally
|-status|p2a: Silvally|tox
|
|-weather|Sandstorm|[upkeep]
|-damage|p2a: Silvally|82/100 tox|[from] Sandstorm
|-heal|p1a: Gigalith|60/100|[from] item: Leftovers
|-damage|p2a: Silvally|76/100 tox|[from] psn
|upkeep
|turn|14
|
|t:|1660916826
|switch|p1a: Drifblim|Drifblim, M|100/100
|move|p2a: Silvally|Multi-Attack|p1a: Drifblim
|-damage|p1a: Drifblim|0 fnt
|-damage|p2a: Silvally|51/100 tox|[from] ability: Aftermath|[of] p1a: Drifblim
|faint|p1a: Drifblim
|
|-weather|Sandstorm|[upkeep]
|-damage|p2a: Silvally|45/100 tox|[from] Sandstorm
|-damage|p2a: Silvally|33/100 tox|[from] psn
|upkeep
|
|t:|1660916833
|switch|p1a: Flapple|Flapple, F|100/100
|-damage|p1a: Flapple|88/100|[from] Stealth Rock
|turn|15
|
|t:|1660916838
|move|p1a: Flapple|Sucker Punch|p2a: Silvally
|-resisted|p2a: Silvally
|-damage|p2a: Silvally|13/100 tox
|move|p2a: Silvally|Multi-Attack|p1a: Flapple
|-supereffective|p1a: Flapple
|-damage|p1a: Flapple|0 fnt
|faint|p1a: Flapple
|
|-weather|none
|-damage|p2a: Silvally|0 fnt|[from] psn
|faint|p2a: Silvally
|upkeep
|l| QiYU5
|
|t:|1660916857
|switch|p2a: Archeops|Archeops, F|100/100
|switch|p1a: Comfey|Comfey, M|100/100
|-damage|p2a: Archeops|76/100|[from] Stealth Rock
|-damage|p1a: Comfey|88/100|[from] Stealth Rock
|turn|16
|
|t:|1660916860
|move|p1a: Comfey|Draining Kiss|p2a: Archeops
|-damage|p2a: Archeops|22/100
|-heal|p1a: Comfey|100/100|[from] drain|[of] p2a: Archeops
|move|p2a: Archeops|Meteor Beam||[still]
|-prepare|p2a: Archeops|Meteor Beam
|-boost|p2a: Archeops|spa|1
|-enditem|p2a: Archeops|Power Herb
|-anim|p2a: Archeops|Meteor Beam|p1a: Comfey
|-damage|p1a: Comfey|49/100
|
|upkeep
|turn|17
|
|t:|1660916871
|move|p1a: Comfey|Draining Kiss|p2a: Archeops
|-damage|p2a: Archeops|0 fnt
|-heal|p1a: Comfey|66/100|[from] drain|[of] p2a: Archeops
|faint|p2a: Archeops
|
|upkeep
|j| yandaud
|
|t:|1660916889
|switch|p2a: Vikavolt|Vikavolt, M|100/100
|-damage|p2a: Vikavolt|76/100|[from] Stealth Rock
|turn|18
|
|t:|1660916893
|move|p1a: Comfey|Draining Kiss|p2a: Vikavolt
|-damage|p2a: Vikavolt|28/100
|-heal|p1a: Comfey|100/100|[from] drain|[of] p2a: Vikavolt
|move|p2a: Vikavolt|Thunderbolt|p1a: Comfey
|-damage|p1a: Comfey|38/100
|-status|p1a: Comfey|par
|
|upkeep
|turn|19
|
|t:|1660916900
|cant|p1a: Comfey|par
|move|p2a: Vikavolt|Thunderbolt|p1a: Comfey
|-damage|p1a: Comfey|0 fnt
|faint|p1a: Comfey
|
|upkeep
|
|t:|1660916903
|switch|p1a: Gigalith|Gigalith, F|60/100
|-damage|p1a: Gigalith|47/100|[from] Stealth Rock
|-weather|Sandstorm|[from] ability: Sand Stream|[of] p1a: Gigalith
|turn|20
|c|☆PULT4C1 Inder|mb
|c|☆gassy neigh|no worries
|
|t:|1660916918
|move|p2a: Vikavolt|Bug Buzz|p1a: Gigalith
|-damage|p1a: Gigalith|22/100
|-enditem|p2a: Vikavolt|Throat Spray
|-boost|p2a: Vikavolt|spa|1|[from] item: Throat Spray
|move|p1a: Gigalith|Rock Blast|p2a: Vikavolt
|-supereffective|p2a: Vikavolt
|-damage|p2a: Vikavolt|0 fnt
|faint|p2a: Vikavolt
|-hitcount|p2: Vikavolt|1
|
|-weather|Sandstorm|[upkeep]
|-heal|p1a: Gigalith|28/100|[from] item: Leftovers
|upkeep
|c|☆PULT4C1 Inder|that’s huge :(
|l| yandaud
|
|t:|1660916925
|switch|p2a: Doublade|Doublade, F|33/100
|-damage|p2a: Doublade|27/100|[from] Stealth Rock
|turn|21
|
|t:|1660916931
|move|p2a: Doublade|Close Combat|p1a: Gigalith
|-supereffective|p1a: Gigalith
|-damage|p1a: Gigalith|0 fnt
|-unboost|p2a: Doublade|def|1
|-unboost|p2a: Doublade|spd|1
|faint|p1a: Gigalith
|
|win|PULT4C1 Inder
|raw|gassy neigh's rating: 1587 &rarr; <strong>1571</strong><br />(-16 for losing)
|raw|PULT4C1 Inder's rating: 1656 &rarr; <strong>1672</strong><br />(+16 for winning)
|c|☆gassy neigh|gg
|l| PULT4C1 Carmin
|c|☆PULT4C1 Inder|gg
|l|☆gassy neigh
|l| Axeward
|l| PULT4C1 Haffling
|l|☆PULT4C1 Inder
|j|☆PULT4C1 Inder
|player|p2|PULT4C1 Inder|lyra
||Ladder isn't responding, score probably updated but might not have (Request timeout).
|l| xskelly34
