|j|☆GIVEMEURLOVETOOOH
|j|☆Silver428
|t:|1654106116
|gametype|singles
|player|p1|GIVEMEURLOVETOOOH|aetherfoundation|1165
|player|p2|Silver428|101|1430
|teamsize|p1|6
|teamsize|p2|6
|gen|8
|tier|[Gen 8] PU
|rated|
|rule|Sleep Clause Mod: Limit one foe put to sleep
|rule|Species Clause: Limit one of each Pokémon
|rule|OHKO Clause: OHKO moves are banned
|rule|Evasion Moves Clause: Evasion moves are banned
|rule|Endless Battle Clause: Forcing endless battles is banned
|rule|HP Percentage Mod: HP is shown in percentages
|rule|Dynamax Clause: You cannot dynamax
|clearpoke
|poke|p1|Gourgeist-*, F|
|poke|p1|Jellicent, F|
|poke|p1|Scrafty, F|
|poke|p1|Sandslash, F|
|poke|p1|Articuno-Galar|
|poke|p1|Galvantula, M|
|poke|p2|Arctovish|
|poke|p2|Mawile, F|
|poke|p2|Exeggutor, M|
|poke|p2|Gigalith, M|
|poke|p2|Charizard, M|
|poke|p2|Sandslash, M|
|teampreview
|
|t:|1654106155
|start
|switch|p1a: Galvantula|Galvantula, M|100/100
|switch|p2a: Charizard|Charizard, M|100/100
|turn|1
|
|t:|1654106168
|switch|p2a: Gigalith|Gigalith, M|100/100
|-weather|Sandstorm|[from] ability: Sand Stream|[of] p2a: Gigalith
|move|p1a: Galvantula|Thunder|p2a: Gigalith
|-damage|p2a: Gigalith|76/100
|
|-weather|Sandstorm|[upkeep]
|-damage|p1a: Galvantula|94/100|[from] Sandstorm
|-heal|p2a: Gigalith|82/100|[from] item: Leftovers
|upkeep
|turn|2
|
|t:|1654106188
|switch|p2a: Mawile|Mawile, F|100/100
|-ability|p2a: Mawile|Intimidate|boost
|-unboost|p1a: Galvantula|atk|1
|move|p1a: Galvantula|Sticky Web|p2a: Mawile
|-sidestart|p2: Silver428|move: Sticky Web
|
|-weather|Sandstorm|[upkeep]
|-damage|p1a: Galvantula|88/100|[from] Sandstorm
|upkeep
|turn|3
|
|t:|1654106212
|switch|p1a: Gourgeist|Gourgeist-Small, F|100/100
|-item|p2a: Mawile|Rocky Helmet|[from] ability: Frisk|[of] p1a: Gourgeist|[identify]
|switch|p2a: Gigalith|Gigalith, M|82/100
|-activate|p2a: Gigalith|move: Sticky Web
|-unboost|p2a: Gigalith|spe|1
|
|-weather|Sandstorm|[upkeep]
|-damage|p1a: Gourgeist|95/100|[from] Sandstorm
|-heal|p2a: Gigalith|88/100|[from] item: Leftovers
|upkeep
|turn|4
|
|t:|1654106227
|switch|p2a: Mawile|Mawile, F|100/100
|-activate|p2a: Mawile|move: Sticky Web
|-unboost|p2a: Mawile|spe|1
|-ability|p2a: Mawile|Intimidate|boost
|-unboost|p1a: Gourgeist|atk|1
|move|p1a: Gourgeist|Nasty Plot|p1a: Gourgeist
|-boost|p1a: Gourgeist|spa|2
|
|-weather|Sandstorm|[upkeep]
|-damage|p1a: Gourgeist|89/100|[from] Sandstorm
|upkeep
|turn|5
|
|t:|1654106250
|switch|p2a: Arctovish|Arctovish|100/100
|-activate|p2a: Arctovish|move: Sticky Web
|-unboost|p2a: Arctovish|spe|1
|move|p1a: Gourgeist|Fire Blast|p2a: Arctovish|[miss]
|-miss|p1a: Gourgeist|p2a: Arctovish
|
|-weather|none
|upkeep
|turn|6
|
|t:|1654106261
|switch|p2a: Gigalith|Gigalith, M|88/100
|-activate|p2a: Gigalith|move: Sticky Web
|-unboost|p2a: Gigalith|spe|1
|-weather|Sandstorm|[from] ability: Sand Stream|[of] p2a: Gigalith
|move|p1a: Gourgeist|Giga Drain|p2a: Gigalith
|-supereffective|p2a: Gigalith
|-damage|p2a: Gigalith|32/100
|-heal|p1a: Gourgeist|100/100|[from] drain|[of] p2a: Gigalith
|-damage|p1a: Gourgeist|91/100|[from] item: Life Orb
|
|-weather|Sandstorm|[upkeep]
|-damage|p1a: Gourgeist|85/100|[from] Sandstorm
|-heal|p2a: Gigalith|38/100|[from] item: Leftovers
|upkeep
|turn|7
|
|t:|1654106276
|switch|p2a: Charizard|Charizard, M|100/100
|move|p1a: Gourgeist|Nasty Plot|p1a: Gourgeist
|-boost|p1a: Gourgeist|spa|2
|
|-weather|Sandstorm|[upkeep]
|-damage|p2a: Charizard|94/100|[from] Sandstorm
|-damage|p1a: Gourgeist|79/100|[from] Sandstorm
|upkeep
|turn|8
|
|t:|1654106285
|move|p2a: Charizard|Fire Blast|p1a: Gourgeist|[miss]
|-miss|p2a: Charizard|p1a: Gourgeist
|move|p1a: Gourgeist|Shadow Ball|p2a: Charizard
|-damage|p2a: Charizard|0 fnt
|faint|p2a: Charizard
|-damage|p1a: Gourgeist|69/100|[from] item: Life Orb
|
|-weather|Sandstorm|[upkeep]
|-damage|p1a: Gourgeist|63/100|[from] Sandstorm
|upkeep
|
|t:|1654106297
|switch|p2a: Sandslash|Sandslash, M|100/100
|-activate|p2a: Sandslash|move: Sticky Web
|-unboost|p2a: Sandslash|spe|1
|turn|9
|
|t:|1654106334
|switch|p1a: Jellicent|Jellicent, F|100/100
|move|p2a: Sandslash|Stone Edge|p1a: Jellicent
|-damage|p1a: Jellicent|76/100
|
|-weather|Sandstorm|[upkeep]
|-damage|p1a: Jellicent|70/100|[from] Sandstorm
|upkeep
|turn|10
|
|t:|1654106356
|switch|p2a: Exeggutor|Exeggutor, M|100/100
|-activate|p2a: Exeggutor|move: Sticky Web
|-unboost|p2a: Exeggutor|spe|1
|move|p1a: Jellicent|Strength Sap|p2a: Exeggutor
|-unboost|p2a: Exeggutor|atk|1
|-heal|p1a: Jellicent|100/100
|
|-weather|none
|upkeep
|turn|11
|
|t:|1654106376
|switch|p1a: Articuno|Articuno-Galar|100/100
|switch|p2a: Mawile|Mawile, F|100/100
|-activate|p2a: Mawile|move: Sticky Web
|-unboost|p2a: Mawile|spe|1
|-ability|p2a: Mawile|Intimidate|boost
|-unboost|p1a: Articuno|atk|1
|-ability|p1a: Articuno|Competitive
|-boost|p1a: Articuno|spa|2
|
|upkeep
|turn|12
|
|t:|1654106388
|move|p1a: Articuno|Shadow Ball|p2a: Mawile
|-damage|p2a: Mawile|0 fnt
|faint|p2a: Mawile
|
|upkeep
|
|t:|1654106393
|switch|p2a: Gigalith|Gigalith, M|38/100
|-activate|p2a: Gigalith|move: Sticky Web
|-unboost|p2a: Gigalith|spe|1
|-weather|Sandstorm|[from] ability: Sand Stream|[of] p2a: Gigalith
|turn|13
|
|t:|1654106400
|move|p1a: Articuno|Shadow Ball|p2a: Gigalith
|-damage|p2a: Gigalith|0 fnt
|faint|p2a: Gigalith
|
|-weather|Sandstorm|[upkeep]
|-damage|p1a: Articuno|94/100|[from] Sandstorm
|upkeep
|
|t:|1654106407
|switch|p2a: Sandslash|Sandslash, M|100/100
|-activate|p2a: Sandslash|move: Sticky Web
|-unboost|p2a: Sandslash|spe|1
|turn|14
|
|t:|1654106413
|move|p1a: Articuno|Shadow Ball|p2a: Sandslash
|-damage|p2a: Sandslash|0 fnt
|faint|p2a: Sandslash
|
|-weather|Sandstorm|[upkeep]
|-damage|p1a: Articuno|88/100|[from] Sandstorm
|upkeep
|-message|Silver428 forfeited.
|
|win|GIVEMEURLOVETOOOH
|raw|GIVEMEURLOVETOOOH's rating: 1165 &rarr; <strong>1206</strong><br />(+41 for winning)
|raw|Silver428's rating: 1430 &rarr; <strong>1397</strong><br />(-33 for losing)
|l|☆Silver428
||Ladder isn't responding, score probably updated but might not have (Request timeout).
