|j|☆than bwackey
|j|☆Lyra SS
|player|p1|than bwackey|266|1120
|player|p2|Lyra SS|lyra|1341
|teamsize|p1|6
|teamsize|p2|6
|gametype|singles
|gen|8
|tier|[Gen 8] PU
|rated|
|clearpoke
|poke|p1|Thwackey, F|
|poke|p1|Silvally-*|
|poke|p1|Thievul, M|
|poke|p1|Crustle, M|
|poke|p1|Pawniard, F|
|poke|p1|Wartortle, F|
|poke|p2|Mr. Rime, M|
|poke|p2|Mareanie, F|
|poke|p2|Manectric, M|
|poke|p2|Falinks|
|poke|p2|Mawile, F|
|poke|p2|Gourgeist-*, F|
|rule|Sleep Clause Mod: Limit one foe put to sleep
|rule|Species Clause: Limit one of each Pokémon
|rule|OHKO Clause: OHKO moves are banned
|rule|Evasion Moves Clause: Evasion moves are banned
|rule|Endless Battle Clause: Forcing endless battles is banned
|rule|HP Percentage Mod: HP is shown in percentages
|rule|Dynamax Clause: You cannot dynamax
|teampreview
|
|start
|switch|p1a: Crustle|Crustle, M|100/100
|switch|p2a: Manectric|Manectric, M, shiny|100/100
|turn|1
|inactive|Battle timer is ON: inactive players will automatically lose when time's up. (requested by Lyra SS)
|
|move|p2a: Manectric|Volt Switch|p1a: Crustle
|-damage|p1a: Crustle|38/100
|-damage|p2a: Manectric|91/100|[from] item: Life Orb
|
|switch|p2a: Mareanie|Mareanie, F|100/100|[from]move: Volt Switch
|move|p1a: Crustle|Earthquake|p2a: Mareanie
|-supereffective|p2a: Mareanie
|-damage|p2a: Mareanie|60/100
|
|upkeep
|turn|2
|
|move|p1a: Crustle|Stealth Rock|p2a: Mareanie
|-sidestart|p2: Lyra SS|move: Stealth Rock
|move|p2a: Mareanie|Toxic Spikes|p1a: Crustle
|-sidestart|p1: than bwackey|move: Toxic Spikes
|
|upkeep
|turn|3
|
|move|p1a: Crustle|Earthquake|p2a: Mareanie
|-supereffective|p2a: Mareanie
|-damage|p2a: Mareanie|15/100
|move|p2a: Mareanie|Scald|p1a: Crustle
|-supereffective|p1a: Crustle
|-damage|p1a: Crustle|0 fnt
|faint|p1a: Crustle
|
|upkeep
|inactive|than bwackey has 120 seconds left.
|
|switch|p1a: Pawniard|Pawniard, F|100/100
|turn|4
|
|switch|p2a: Falinks|Falinks|100/100
|-damage|p2a: Falinks|95/100|[from] Stealth Rock
|move|p1a: Pawniard|Knock Off|p2a: Falinks
|-resisted|p2a: Falinks
|-crit|p2a: Falinks
|-damage|p2a: Falinks|55/100
|-enditem|p2a: Falinks|Lum Berry|[from] move: Knock Off|[of] p1a: Pawniard
|
|upkeep
|turn|5
|
|switch|p1a: Wartortle|Wartortle, F|100/100
|-status|p1a: Wartortle|psn
|move|p2a: Falinks|No Retreat|p2a: Falinks
|-boost|p2a: Falinks|atk|1
|-boost|p2a: Falinks|def|1
|-boost|p2a: Falinks|spa|1
|-boost|p2a: Falinks|spd|1
|-boost|p2a: Falinks|spe|1
|-start|p2a: Falinks|move: No Retreat
|
|-damage|p1a: Wartortle|88/100 psn|[from] psn
|upkeep
|turn|6
|
|move|p2a: Falinks|Close Combat|p1a: Wartortle
|-damage|p1a: Wartortle|5/100 psn
|-unboost|p2a: Falinks|def|1
|-unboost|p2a: Falinks|spd|1
|move|p1a: Wartortle|Rapid Spin|p2a: Falinks
|-damage|p2a: Falinks|47/100
|-boost|p1a: Wartortle|spe|1
|-sideend|p1: than bwackey|Toxic Spikes|[from] move: Rapid Spin|[of] p1a: Wartortle
|
|-damage|p1a: Wartortle|0 fnt|[from] psn
|faint|p1a: Wartortle
|upkeep
|
|switch|p1a: Thwackey|Thwackey, F|100/100
|-fieldstart|move: Grassy Terrain|[from] ability: Grassy Surge|[of] p1a: Thwackey
|turn|7
|
|move|p1a: Thwackey|Wood Hammer|p2a: Falinks
|-damage|p2a: Falinks|0 fnt
|-damage|p1a: Thwackey|86/100|[from] Recoil
|faint|p2a: Falinks
|
|-heal|p1a: Thwackey|92/100|[from] Grassy Terrain
|upkeep
|
|switch|p2a: Mawile|Mawile, F|100/100
|-damage|p2a: Mawile|95/100|[from] Stealth Rock
|turn|8
|
|switch|p1a: Silvally|Silvally-Grass|100/100
|move|p2a: Mawile|Play Rough|p1a: Silvally
|-crit|p1a: Silvally
|-damage|p1a: Silvally|15/100
|
|-heal|p1a: Silvally|21/100|[from] Grassy Terrain
|-heal|p2a: Mawile|100/100|[from] Grassy Terrain
|upkeep
|turn|9
|
|move|p2a: Mawile|Sucker Punch|p1a: Silvally
|-crit|p1a: Silvally
|-damage|p1a: Silvally|0 fnt
|-damage|p2a: Mawile|91/100|[from] item: Life Orb
|faint|p1a: Silvally
|
|-heal|p2a: Mawile|97/100|[from] Grassy Terrain
|upkeep
|
|switch|p1a: Pawniard|Pawniard, F|100/100
|turn|10
|
|move|p1a: Pawniard|Iron Head|p2a: Mawile
|-damage|p2a: Mawile|51/100
|move|p2a: Mawile|Play Rough|p1a: Pawniard
|-damage|p1a: Pawniard|19/100
|
|-heal|p1a: Pawniard|25/100|[from] Grassy Terrain
|-heal|p2a: Mawile|57/100|[from] Grassy Terrain
|upkeep
|turn|11
|
|move|p1a: Pawniard|Iron Head|p2a: Mawile
|-damage|p2a: Mawile|15/100
|move|p2a: Mawile|Play Rough|p1a: Pawniard
|-damage|p1a: Pawniard|0 fnt
|faint|p1a: Pawniard
|
|-heal|p2a: Mawile|21/100|[from] Grassy Terrain
|-fieldend|move: Grassy Terrain
|upkeep
|
|switch|p1a: Thwackey|Thwackey, F|92/100
|-fieldstart|move: Grassy Terrain|[from] ability: Grassy Surge|[of] p1a: Thwackey
|turn|12
|
|move|p2a: Mawile|Sucker Punch|p1a: Thwackey
|-damage|p1a: Thwackey|46/100
|-damage|p2a: Mawile|11/100|[from] item: Life Orb
|move|p1a: Thwackey|Wood Hammer|p2a: Mawile
|-resisted|p2a: Mawile
|-damage|p2a: Mawile|0 fnt
|-damage|p1a: Thwackey|42/100|[from] Recoil
|faint|p2a: Mawile
|
|-heal|p1a: Thwackey|49/100|[from] Grassy Terrain
|upkeep
|
|switch|p2a: Gourgeist|Gourgeist-Super, F, shiny|100/100
|-damage|p2a: Gourgeist|88/100|[from] Stealth Rock
|-item|p1a: Thwackey|Choice Scarf|[from] ability: Frisk|[of] p2a: Gourgeist|[identify]
|turn|13
|
|move|p1a: Thwackey|Wood Hammer|p2a: Gourgeist
|-resisted|p2a: Gourgeist
|-damage|p2a: Gourgeist|65/100
|-damage|p1a: Thwackey|38/100|[from] Recoil
|move|p2a: Gourgeist|Power Whip|p1a: Thwackey
|-resisted|p1a: Thwackey
|-damage|p1a: Thwackey|0 fnt
|faint|p1a: Thwackey
|
|-heal|p2a: Gourgeist|71/100|[from] item: Leftovers
|-heal|p2a: Gourgeist|77/100|[from] Grassy Terrain
|upkeep
|
|switch|p1a: Thievul|Thievul, M|100/100
|-enditem|p1a: Thievul|Grassy Seed
|-boost|p1a: Thievul|def|1|[from] item: Grassy Seed
|turn|14
|
|move|p1a: Thievul|Nasty Plot|p1a: Thievul
|-boost|p1a: Thievul|spa|2
|move|p2a: Gourgeist|Power Whip|p1a: Thievul
|-damage|p1a: Thievul|39/100
|
|-heal|p1a: Thievul|45/100|[from] Grassy Terrain
|-heal|p2a: Gourgeist|83/100|[from] item: Leftovers
|-heal|p2a: Gourgeist|90/100|[from] Grassy Terrain
|upkeep
|turn|15
|
|move|p1a: Thievul|Dark Pulse|p2a: Gourgeist
|-supereffective|p2a: Gourgeist
|-damage|p2a: Gourgeist|0 fnt
|faint|p2a: Gourgeist
|
|-heal|p1a: Thievul|51/100|[from] Grassy Terrain
|upkeep
|
|switch|p2a: Manectric|Manectric, M, shiny|91/100
|-damage|p2a: Manectric|78/100|[from] Stealth Rock
|turn|16
|
|move|p1a: Thievul|Dark Pulse|p2a: Manectric
|-damage|p2a: Manectric|0 fnt
|faint|p2a: Manectric
|
|-heal|p1a: Thievul|57/100|[from] Grassy Terrain
|-fieldend|move: Grassy Terrain
|upkeep
|
|switch|p2a: Mr. Rime|Mr. Rime, M|100/100
|turn|17
|
|move|p1a: Thievul|Dark Pulse|p2a: Mr. Rime
|-supereffective|p2a: Mr. Rime
|-damage|p2a: Mr. Rime|0 fnt
|faint|p2a: Mr. Rime
|
|upkeep
|-message|Lyra SS forfeited.
|
|win|than bwackey
|l|☆Lyra SS
|l|☆than bwackey
||Ladder (probably) updated, but score could not be retrieved (Request timeout).
|j|☆than bwackey
|player|p1|than bwackey|266
