|j|☆UberSkitty❤
|j|☆Joke Sets
|t:|1605087958
|player|p1|UberSkitty❤|preschoolerf|
|player|p2|Joke Sets|#2xthetap|
|teamsize|p1|6
|teamsize|p2|6
|gametype|singles
|gen|8
|tier|[Gen 8] PU
|rated|Tournament battle
|clearpoke
|poke|p1|Beheeyem, M|
|poke|p1|Sinistea|
|poke|p1|Sandslash, M|
|poke|p1|Liepard, F|
|poke|p1|Rapidash-Galar, M|
|poke|p1|Lilligant, F|
|poke|p2|Hitmonchan, M|
|poke|p2|Appletun, F|
|poke|p2|Drifblim, M|
|poke|p2|Cryogonal|
|poke|p2|Carracosta, M|
|poke|p2|Togedemaru, M|
|rule|Sleep Clause Mod: Limit one foe put to sleep
|rule|Species Clause: Limit one of each Pokémon
|rule|OHKO Clause: OHKO moves are banned
|rule|Evasion Moves Clause: Evasion moves are banned
|rule|Endless Battle Clause: Forcing endless battles is banned
|rule|HP Percentage Mod: HP is shown in percentages
|rule|Dynamax Clause: You cannot dynamax
|teampreview
|c|☆Joke Sets|haha
|c|☆UberSkitty❤|why did i get the one person who's seen my team r1
|j| Hoopa590
|c|☆Joke Sets|sounds about right
|
|t:|1605088001
|start
|switch|p1a: Volleyball|Sandslash, M|100/100
|switch|p2a: Drifblim|Drifblim, M|100/100
|turn|1
|
|t:|1605088015
|move|p2a: Drifblim|Stockpile|p2a: Drifblim
|-start|p2a: Drifblim|stockpile1
|-boost|p2a: Drifblim|def|1
|-boost|p2a: Drifblim|spd|1
|move|p1a: Volleyball|Knock Off|p2a: Drifblim
|-supereffective|p2a: Drifblim
|-damage|p2a: Drifblim|55/100
|-enditem|p2a: Drifblim|Weakness Policy
|-boost|p2a: Drifblim|atk|2|[from] item: Weakness Policy
|-boost|p2a: Drifblim|spa|2|[from] item: Weakness Policy
|
|upkeep
|turn|2
|
|t:|1605088026
|move|p2a: Drifblim|Shadow Ball|p1a: Volleyball
|-damage|p1a: Volleyball|4/100
|move|p1a: Volleyball|Stealth Rock|p2a: Drifblim
|-sidestart|p2: Joke Sets|move: Stealth Rock
|
|-heal|p1a: Volleyball|10/100|[from] item: Leftovers
|upkeep
|turn|3
|
|t:|1605088033
|move|p2a: Drifblim|Strength Sap|p1a: Volleyball
|-unboost|p1a: Volleyball|atk|1
|-heal|p2a: Drifblim|100/100
|move|p1a: Volleyball|Knock Off|p2a: Drifblim
|-supereffective|p2a: Drifblim
|-damage|p2a: Drifblim|81/100
|
|-heal|p1a: Volleyball|16/100|[from] item: Leftovers
|upkeep
|turn|4
|
|t:|1605088042
|move|p2a: Drifblim|Stockpile|p2a: Drifblim
|-start|p2a: Drifblim|stockpile2
|-boost|p2a: Drifblim|def|1
|-boost|p2a: Drifblim|spd|1
|move|p1a: Volleyball|Knock Off|p2a: Drifblim
|-supereffective|p2a: Drifblim
|-damage|p2a: Drifblim|66/100
|
|-heal|p1a: Volleyball|23/100|[from] item: Leftovers
|upkeep
|turn|5
|
|t:|1605088051
|move|p2a: Drifblim|Strength Sap|p1a: Volleyball
|-unboost|p1a: Volleyball|atk|1
|-heal|p2a: Drifblim|100/100
|move|p1a: Volleyball|Knock Off|p2a: Drifblim
|-supereffective|p2a: Drifblim
|-damage|p2a: Drifblim|89/100
|
|-heal|p1a: Volleyball|29/100|[from] item: Leftovers
|upkeep
|turn|6
|
|t:|1605088070
|switch|p1a: Drink Me|Sinistea|100/100
|move|p2a: Drifblim|Stockpile|p2a: Drifblim
|-start|p2a: Drifblim|stockpile3
|-boost|p2a: Drifblim|def|1
|-boost|p2a: Drifblim|spd|1
|
|upkeep
|turn|7
|
|t:|1605088078
|move|p2a: Drifblim|Shadow Ball|p1a: Drink Me
|-supereffective|p1a: Drink Me
|-enditem|p1a: Drink Me|Focus Sash
|-damage|p1a: Drink Me|1/100
|move|p1a: Drink Me|Shadow Ball|p2a: Drifblim
|-supereffective|p2a: Drifblim
|-damage|p2a: Drifblim|49/100
|-unboost|p2a: Drifblim|spd|1
|
|upkeep
|turn|8
|
|t:|1605088090
|move|p2a: Drifblim|Shadow Ball|p1a: Drink Me
|-supereffective|p1a: Drink Me
|-damage|p1a: Drink Me|0 fnt
|faint|p1a: Drink Me
|
|upkeep
|
|t:|1605088098
|switch|p1a: A Shark|Liepard, F|100/100
|turn|9
|
|t:|1605088104
|move|p2a: Drifblim|Acrobatics|p1a: A Shark
|-damage|p1a: A Shark|0 fnt
|faint|p1a: A Shark
|
|upkeep
|
|t:|1605088106
|switch|p1a: GORSE GANG|Rapidash-Galar, M|100/100
|turn|10
|
|t:|1605088119
|move|p2a: Drifblim|Shadow Ball|p1a: GORSE GANG
|-supereffective|p1a: GORSE GANG
|-damage|p1a: GORSE GANG|0 fnt
|faint|p1a: GORSE GANG
|
|upkeep
|
|t:|1605088122
|switch|p1a: Choice Band|Beheeyem, M|100/100
|turn|11
|c|☆UberSkitty❤|damn
|c|☆UberSkitty❤|gg
|c|☆Joke Sets|gg
|
|t:|1605088131
|move|p2a: Drifblim|Shadow Ball|p1a: Choice Band
|-supereffective|p1a: Choice Band
|-damage|p1a: Choice Band|0 fnt
|faint|p1a: Choice Band
|
|upkeep
|
|t:|1605088134
|switch|p1a: Flower Power|Lilligant, F|100/100
|turn|12
|
|t:|1605088137
|move|p2a: Drifblim|Acrobatics|p1a: Flower Power
|-supereffective|p1a: Flower Power
|-damage|p1a: Flower Power|0 fnt
|faint|p1a: Flower Power
|
|upkeep
|
|t:|1605088140
|switch|p1a: Volleyball|Sandslash, M|29/100
|turn|13
|
|t:|1605088144
|move|p2a: Drifblim|Strength Sap|p1a: Volleyball
|-unboost|p1a: Volleyball|atk|1
|-heal|p2a: Drifblim|100/100
|move|p1a: Volleyball|Knock Off|p2a: Drifblim
|-supereffective|p2a: Drifblim
|-damage|p2a: Drifblim|88/100
|
|-heal|p1a: Volleyball|35/100|[from] item: Leftovers
|upkeep
|turn|14
|
|t:|1605088152
|move|p2a: Drifblim|Shadow Ball|p1a: Volleyball
|-damage|p1a: Volleyball|0 fnt
|faint|p1a: Volleyball
|
|win|Joke Sets
