|j|☆fixing67
|j|☆matitelli
|t:|1625270203
|gametype|singles
|player|p1|fixing67|galacticgrunt|1367
|player|p2|matitelli|karen|1392
|teamsize|p1|6
|teamsize|p2|6
|gen|8
|tier|[Gen 8] PU
|rated|
|rule|Sleep Clause Mod: Limit one foe put to sleep
|rule|Species Clause: Limit one of each Pokémon
|rule|OHKO Clause: OHKO moves are banned
|rule|Evasion Moves Clause: Evasion moves are banned
|rule|Endless Battle Clause: Forcing endless battles is banned
|rule|HP Percentage Mod: HP is shown in percentages
|rule|Dynamax Clause: You cannot dynamax
|clearpoke
|poke|p1|Weezing, M|
|poke|p1|Froslass, F|
|poke|p1|Ditto|
|poke|p1|Aggron, F|
|poke|p1|Absol, F|
|poke|p1|Rotom|
|poke|p2|Quagsire, M|
|poke|p2|Uxie|
|poke|p2|Articuno|
|poke|p2|Aromatisse, F|
|poke|p2|Altaria, F|
|poke|p2|Togedemaru, M|
|teampreview
|
|t:|1625270228
|start
|switch|p1a: Weezing|Weezing, M|100/100
|switch|p2a: Togedemaru|Togedemaru, M|100/100
|turn|1
|
|t:|1625270241
|move|p2a: Togedemaru|U-turn|p1a: Weezing
|-resisted|p1a: Weezing
|-damage|p1a: Weezing|95/100
|-damage|p2a: Togedemaru|84/100|[from] item: Rocky Helmet|[of] p1a: Weezing
|
|t:|1625270246
|switch|p2a: Altaria|Altaria, F|100/100|[from]move: U-turn
|move|p1a: Weezing|Toxic Spikes|p2a: Altaria
|-sidestart|p2: matitelli|move: Toxic Spikes
|
|upkeep
|turn|2
|
|t:|1625270254
|switch|p1a: Rotom|Rotom|100/100
|move|p2a: Altaria|Fire Spin|p1a: Rotom
|-damage|p1a: Rotom|94/100
|-activate|p1a: Rotom|move: Fire Spin|[of] p2a: Altaria
|
|-damage|p1a: Rotom|82/100|[from] move: Fire Spin|[partiallytrapped]
|upkeep
|turn|3
|
|t:|1625270261
|move|p2a: Altaria|Protect|p2a: Altaria
|-singleturn|p2a: Altaria|Protect
|move|p1a: Rotom|Volt Switch|p2a: Altaria
|-activate|p2a: Altaria|move: Protect
|
|-damage|p1a: Rotom|69/100|[from] move: Fire Spin|[partiallytrapped]
|upkeep
|turn|4
|
|t:|1625270271
|move|p1a: Rotom|Volt Switch|p2a: Altaria
|-damage|p2a: Altaria|80/100
|
|t:|1625270279
|switch|p1a: Aggron|Aggron, F|100/100|[from]move: Volt Switch
|move|p2a: Altaria|Fire Spin|p1a: Aggron
|-damage|p1a: Aggron|94/100
|-activate|p1a: Aggron|move: Fire Spin|[of] p2a: Altaria
|
|-heal|p2a: Altaria|86/100|[from] item: Leftovers
|-heal|p1a: Aggron|99/100|[from] item: Leftovers
|-damage|p1a: Aggron|88/100|[from] move: Fire Spin|[partiallytrapped]
|upkeep
|turn|5
|
|t:|1625270291
|move|p2a: Altaria|Protect|p2a: Altaria
|-singleturn|p2a: Altaria|Protect
|move|p1a: Aggron|Head Smash|p2a: Altaria
|-activate|p2a: Altaria|move: Protect
|
|-heal|p2a: Altaria|93/100|[from] item: Leftovers
|-heal|p1a: Aggron|94/100|[from] item: Leftovers
|-damage|p1a: Aggron|82/100|[from] move: Fire Spin|[partiallytrapped]
|upkeep
|turn|6
|
|t:|1625270301
|switch|p2a: Togedemaru|Togedemaru, M|84/100
|move|p1a: Aggron|Head Smash|p2a: Togedemaru
|-resisted|p2a: Togedemaru
|-damage|p2a: Togedemaru|56/100
|-damage|p1a: Aggron|70/100|[from] ability: Iron Barbs|[of] p2a: Togedemaru
|-damage|p1a: Aggron|53/100|[from] item: Rocky Helmet|[of] p2a: Togedemaru
|
|-heal|p1a: Aggron|59/100|[from] item: Leftovers
|-end|p1a: Aggron|Fire Spin|[partiallytrapped]|[silent]
|upkeep
|turn|7
|
|t:|1625270315
|switch|p1a: Rotom|Rotom|69/100
|move|p2a: Togedemaru|U-turn|p1a: Rotom
|-resisted|p1a: Rotom
|-damage|p1a: Rotom|59/100
|
|t:|1625270323
|switch|p2a: Articuno|Articuno|100/100|[from]move: U-turn
|-ability|p2a: Articuno|Pressure
|
|upkeep
|turn|8
|
|t:|1625270328
|move|p1a: Rotom|Will-O-Wisp|p2a: Articuno
|-status|p2a: Articuno|brn
|move|p2a: Articuno|Defog|p1a: Rotom
|-unboost|p1a: Rotom|evasion|1
|-sideend|p2: matitelli|Toxic Spikes|[from] move: Defog|[of] p2a: Articuno
|
|-damage|p2a: Articuno|94/100 brn|[from] brn
|upkeep
|turn|9
|
|t:|1625270341
|switch|p2a: Togedemaru|Togedemaru, M|56/100
|move|p1a: Rotom|Volt Switch|p2a: Togedemaru
|-resisted|p2a: Togedemaru
|-damage|p2a: Togedemaru|41/100
|inactive|Battle timer is ON: inactive players will automatically lose when time's up. (requested by matitelli)
|inactive|fixing67 has 120 seconds left.
|
|t:|1625270391
|switch|p1a: Weezing|Weezing, M|95/100|[from]move: Volt Switch
|
|upkeep
|turn|10
|
|t:|1625270396
|switch|p2a: Altaria|Altaria, F|93/100
|move|p1a: Weezing|Flamethrower|p2a: Altaria
|-resisted|p2a: Altaria
|-damage|p2a: Altaria|85/100
|
|-heal|p2a: Altaria|91/100|[from] item: Leftovers
|upkeep
|turn|11
|
|t:|1625270413
|switch|p1a: Rotom|Rotom|59/100
|move|p2a: Altaria|Fire Spin|p1a: Rotom
|-damage|p1a: Rotom|52/100
|-activate|p1a: Rotom|move: Fire Spin|[of] p2a: Altaria
|
|-heal|p2a: Altaria|97/100|[from] item: Leftovers
|-damage|p1a: Rotom|40/100|[from] move: Fire Spin|[partiallytrapped]
|upkeep
|turn|12
|
|t:|1625270421
|move|p2a: Altaria|Protect|p2a: Altaria
|-singleturn|p2a: Altaria|Protect
|move|p1a: Rotom|Volt Switch|p2a: Altaria
|-activate|p2a: Altaria|move: Protect
|
|-heal|p2a: Altaria|100/100|[from] item: Leftovers
|-damage|p1a: Rotom|28/100|[from] move: Fire Spin|[partiallytrapped]
|upkeep
|turn|13
|
|t:|1625270429
|move|p1a: Rotom|Pain Split|p2a: Altaria
|-sethp|p2a: Altaria|62/100|[from] move: Pain Split|[silent]
|-sethp|p1a: Rotom|72/100|[from] move: Pain Split
|move|p2a: Altaria|Fire Spin|p1a: Rotom
|-damage|p1a: Rotom|66/100
|
|-heal|p2a: Altaria|68/100|[from] item: Leftovers
|-damage|p1a: Rotom|54/100|[from] move: Fire Spin|[partiallytrapped]
|upkeep
|turn|14
|
|t:|1625270442
|move|p2a: Altaria|Protect|p2a: Altaria
|-singleturn|p2a: Altaria|Protect
|move|p1a: Rotom|Volt Switch|p2a: Altaria
|-activate|p2a: Altaria|move: Protect
|
|-heal|p2a: Altaria|75/100|[from] item: Leftovers
|-damage|p1a: Rotom|42/100|[from] move: Fire Spin|[partiallytrapped]
|upkeep
|turn|15
|
|t:|1625270452
|switch|p2a: Togedemaru|Togedemaru, M|41/100
|move|p1a: Rotom|Volt Switch|p2a: Togedemaru
|-resisted|p2a: Togedemaru
|-damage|p2a: Togedemaru|26/100
|inactive|fixing67 has 120 seconds left.
|
|t:|1625270481
|switch|p1a: Absol|Absol, F|100/100|[from]move: Volt Switch
|
|upkeep
|turn|16
|
|t:|1625270486
|move|p2a: Togedemaru|Fake Out|p1a: Absol
|-damage|p1a: Absol|84/100
|cant|p1a: Absol|flinch
|
|upkeep
|turn|17
|
|t:|1625270491
|move|p2a: Togedemaru|Spiky Shield|p2a: Togedemaru
|-singleturn|p2a: Togedemaru|move: Protect
|move|p1a: Absol|Knock Off|p2a: Togedemaru
|-activate|p2a: Togedemaru|move: Protect
|-damage|p1a: Absol|72/100|[from] Spiky Shield|[of] p2a: Togedemaru
|
|upkeep
|turn|18
|
|t:|1625270498
|switch|p2a: Aromatisse|Aromatisse, F|100/100
|move|p1a: Absol|Knock Off|p2a: Aromatisse
|-resisted|p2a: Aromatisse
|-crit|p2a: Aromatisse
|-damage|p2a: Aromatisse|67/100
|-enditem|p2a: Aromatisse|Leftovers|[from] move: Knock Off|[of] p1a: Absol
|
|upkeep
|turn|19
|
|t:|1625270507
|switch|p2a: Altaria|Altaria, F|75/100
|move|p1a: Absol|Iron Tail|p2a: Altaria
|-damage|p2a: Altaria|47/100
|
|-heal|p2a: Altaria|53/100|[from] item: Leftovers
|upkeep
|turn|20
|
|t:|1625270516
|move|p2a: Altaria|Protect|p2a: Altaria
|-singleturn|p2a: Altaria|Protect
|move|p1a: Absol|Knock Off|p2a: Altaria
|-activate|p2a: Altaria|move: Protect
|
|-heal|p2a: Altaria|59/100|[from] item: Leftovers
|upkeep
|turn|21
|
|t:|1625270530
|switch|p2a: Togedemaru|Togedemaru, M|26/100
|move|p1a: Absol|Knock Off|p2a: Togedemaru
|-damage|p2a: Togedemaru|0 fnt
|-damage|p1a: Absol|60/100|[from] ability: Iron Barbs|[of] p2a: Togedemaru
|-damage|p1a: Absol|43/100|[from] item: Rocky Helmet|[of] p2a: Togedemaru
|-enditem|p2a: Togedemaru|Rocky Helmet|[from] move: Knock Off|[of] p1a: Absol
|faint|p2a: Togedemaru
|
|upkeep
|
|t:|1625270541
|switch|p2a: Aromatisse|Aromatisse, F|67/100
|turn|22
|
|t:|1625270547
|switch|p1a: Aggron|Aggron, F|59/100
|move|p2a: Aromatisse|Moonblast|p1a: Aggron
|-resisted|p1a: Aggron
|-damage|p1a: Aggron|43/100
|-unboost|p1a: Aggron|spa|1
|
|-heal|p1a: Aggron|49/100|[from] item: Leftovers
|upkeep
|turn|23
|
|t:|1625270556
|switch|p2a: Quagsire|Quagsire, M|100/100
|move|p1a: Aggron|Stealth Rock|p2a: Quagsire
|-sidestart|p2: matitelli|move: Stealth Rock
|
|-heal|p1a: Aggron|55/100|[from] item: Leftovers
|upkeep
|turn|24
|
|t:|1625270564
|switch|p1a: Ditto|Ditto|100/100
|-transform|p1a: Ditto|p2a: Quagsire|[from] ability: Imposter
|move|p2a: Quagsire|Scald|p1a: Ditto
|-damage|p1a: Ditto|68/100
|-status|p1a: Ditto|brn
|
|-damage|p1a: Ditto|62/100 brn|[from] brn
|upkeep
|turn|25
|
|t:|1625270577
|switch|p1a: Absol|Absol, F|43/100
|switch|p2a: Articuno|Articuno|94/100 brn
|-ability|p2a: Articuno|Pressure
|
|-damage|p2a: Articuno|88/100 brn|[from] brn
|upkeep
|turn|26
|
|t:|1625270588
|move|p1a: Absol|Knock Off|p2a: Articuno
|-damage|p2a: Articuno|50/100 brn
|-enditem|p2a: Articuno|Heavy-Duty Boots|[from] move: Knock Off|[of] p1a: Absol
|move|p2a: Articuno|Defog|p1a: Absol
|-unboost|p1a: Absol|evasion|1
|-sideend|p2: matitelli|Stealth Rock|[from] move: Defog|[of] p2a: Articuno
|
|-damage|p2a: Articuno|44/100 brn|[from] brn
|upkeep
|turn|27
|
|t:|1625270601
|switch|p2a: Quagsire|Quagsire, M|100/100
|move|p1a: Absol|Knock Off|p2a: Quagsire
|-crit|p2a: Quagsire
|-damage|p2a: Quagsire|47/100
|-enditem|p2a: Quagsire|Leftovers|[from] move: Knock Off|[of] p1a: Absol
|
|upkeep
|turn|28
|
|t:|1625270614
|switch|p1a: Weezing|Weezing, M|95/100
|move|p2a: Quagsire|Earthquake|p1a: Weezing
|-immune|p1a: Weezing|[from] ability: Levitate
|
|upkeep
|turn|29
|
|t:|1625270623
|switch|p2a: Altaria|Altaria, F|59/100
|move|p1a: Weezing|Toxic Spikes|p2a: Altaria
|-sidestart|p2: matitelli|move: Toxic Spikes
|
|-heal|p2a: Altaria|65/100|[from] item: Leftovers
|upkeep
|turn|30
|
|t:|1625270631
|switch|p1a: Rotom|Rotom|42/100
|move|p2a: Altaria|Fire Spin|p1a: Rotom
|-damage|p1a: Rotom|35/100
|-activate|p1a: Rotom|move: Fire Spin|[of] p2a: Altaria
|
|-heal|p2a: Altaria|72/100|[from] item: Leftovers
|-damage|p1a: Rotom|23/100|[from] move: Fire Spin|[partiallytrapped]
|upkeep
|turn|31
|
|t:|1625270641
|move|p2a: Altaria|Protect|p2a: Altaria
|-singleturn|p2a: Altaria|Protect
|move|p1a: Rotom|Pain Split|p2a: Altaria
|-activate|p2a: Altaria|move: Protect
|
|-heal|p2a: Altaria|78/100|[from] item: Leftovers
|-damage|p1a: Rotom|11/100|[from] move: Fire Spin|[partiallytrapped]
|upkeep
|turn|32
|
|t:|1625270663
|switch|p2a: Articuno|Articuno|44/100 brn
|-ability|p2a: Articuno|Pressure
|move|p1a: Rotom|Pain Split|p2a: Articuno
|-sethp|p2a: Articuno|26/100 brn|[from] move: Pain Split|[silent]
|-sethp|p1a: Rotom|33/100|[from] move: Pain Split
|
|-damage|p2a: Articuno|20/100 brn|[from] brn
|-end|p1a: Rotom|Fire Spin|[partiallytrapped]|[silent]
|upkeep
|turn|33
|
|t:|1625270677
|switch|p2a: Quagsire|Quagsire, M|47/100
|-status|p2a: Quagsire|psn
|move|p1a: Rotom|Volt Switch|p2a: Quagsire
|-immune|p2a: Quagsire
|
|-damage|p2a: Quagsire|35/100 psn|[from] psn
|upkeep
|turn|34
|
|t:|1625270686
|move|p1a: Rotom|Hex|p2a: Quagsire
|-damage|p2a: Quagsire|0 fnt
|faint|p2a: Quagsire
|
|upkeep
|
|t:|1625270691
|switch|p2a: Aromatisse|Aromatisse, F|67/100
|-status|p2a: Aromatisse|psn
|turn|35
|
|t:|1625270697
|move|p1a: Rotom|Volt Switch|p2a: Aromatisse
|-damage|p2a: Aromatisse|46/100 psn
|
|t:|1625270699
|switch|p1a: Aggron|Aggron, F|55/100|[from]move: Volt Switch
|move|p2a: Aromatisse|Moonblast|p1a: Aggron
|-resisted|p1a: Aggron
|-damage|p1a: Aggron|40/100
|
|-heal|p1a: Aggron|46/100|[from] item: Leftovers
|-damage|p2a: Aromatisse|34/100 psn|[from] psn
|upkeep
|turn|36
|
|t:|1625270709
|switch|p2a: Articuno|Articuno|20/100 brn
|-ability|p2a: Articuno|Pressure
|move|p1a: Aggron|Stealth Rock|p2a: Articuno
|-sidestart|p2: matitelli|move: Stealth Rock
|
|-heal|p1a: Aggron|52/100|[from] item: Leftovers
|-damage|p2a: Articuno|14/100 brn|[from] brn
|upkeep
|turn|37
|
|t:|1625270717
|move|p2a: Articuno|Defog|p1a: Aggron
|-unboost|p1a: Aggron|evasion|1
|-sideend|p2: matitelli|Toxic Spikes|[from] move: Defog|[of] p2a: Articuno
|-sideend|p2: matitelli|Stealth Rock|[from] move: Defog|[of] p2a: Articuno
|move|p1a: Aggron|Heavy Slam|p2a: Articuno
|-supereffective|p2a: Articuno
|-damage|p2a: Articuno|0 fnt
|faint|p2a: Articuno
|
|-heal|p1a: Aggron|59/100|[from] item: Leftovers
|upkeep
|
|t:|1625270727
|switch|p2a: Altaria|Altaria, F|78/100
|turn|38
|
|t:|1625270733
|move|p2a: Altaria|Fire Spin|p1a: Aggron
|-damage|p1a: Aggron|52/100
|-activate|p1a: Aggron|move: Fire Spin|[of] p2a: Altaria
|move|p1a: Aggron|Head Smash|p2a: Altaria
|-supereffective|p2a: Altaria
|-damage|p2a: Altaria|0 fnt
|faint|p2a: Altaria
|
|-heal|p1a: Aggron|58/100|[from] item: Leftovers
|-end|p1a: Aggron|Fire Spin|[partiallytrapped]|[silent]
|upkeep
|
|t:|1625270742
|switch|p2a: Uxie|Uxie|100/100
|turn|39
|
|t:|1625270746
|move|p2a: Uxie|Substitute|p2a: Uxie
|-start|p2a: Uxie|Substitute
|-damage|p2a: Uxie|76/100
|move|p1a: Aggron|Heavy Slam|p2a: Uxie
|-end|p2a: Uxie|Substitute
|
|-heal|p2a: Uxie|82/100|[from] item: Leftovers
|-heal|p1a: Aggron|64/100|[from] item: Leftovers
|upkeep
|turn|40
|-message|matitelli forfeited.
|
|win|fixing67
|raw|fixing67's rating: 1367 &rarr; <strong>1388</strong><br />(+21 for winning)
|raw|matitelli's rating: 1392 &rarr; <strong>1371</strong><br />(-21 for losing)
|l|☆matitelli
