|j|☆howsitdoin
|j|☆2turtle
|t:|1617369927
|gametype|singles
|player|p1|howsitdoin|pokemonranger-gen4|1159
|player|p2|2turtle|hilbert-dueldisk|1200
|teamsize|p1|6
|teamsize|p2|6
|gen|8
|tier|[Gen 8] PU
|rated|
|clearpoke
|poke|p1|Gourgeist-*, F|
|poke|p1|Aggron, M|
|poke|p1|Passimian, M|
|poke|p1|Charizard, F|
|poke|p1|Silvally-*|
|poke|p1|Rotom-Frost|
|poke|p2|Ludicolo, M|
|poke|p2|Heliolisk, M|
|poke|p2|Uxie|
|poke|p2|Silvally-*|
|poke|p2|Rotom-Fan|
|poke|p2|Poliwrath, F|
|rule|Sleep Clause Mod: Limit one foe put to sleep
|rule|Species Clause: Limit one of each Pokémon
|rule|OHKO Clause: OHKO moves are banned
|rule|Evasion Moves Clause: Evasion moves are banned
|rule|Endless Battle Clause: Forcing endless battles is banned
|rule|HP Percentage Mod: HP is shown in percentages
|rule|Dynamax Clause: You cannot dynamax
|teampreview
|inactive|Battle timer is ON: inactive players will automatically lose when time's up. (requested by howsitdoin)
|
|t:|1617369937
|start
|switch|p1a: Aggron|Aggron, M|100/100
|switch|p2a: Rotom|Rotom-Fan|100/100
|turn|1
|
|t:|1617369942
|move|p2a: Rotom|Trick|p1a: Aggron
|-activate|p2a: Rotom|move: Trick|[of] p1a: Aggron
|-item|p1a: Aggron|Choice Scarf|[from] move: Trick
|-item|p2a: Rotom|Leftovers|[from] move: Trick
|move|p1a: Aggron|Rock Blast|p2a: Rotom
|-supereffective|p2a: Rotom
|-damage|p2a: Rotom|80/100
|-supereffective|p2a: Rotom
|-damage|p2a: Rotom|56/100
|-supereffective|p2a: Rotom
|-damage|p2a: Rotom|32/100
|-hitcount|p2a: Rotom|3
|
|-heal|p2a: Rotom|38/100|[from] item: Leftovers
|upkeep
|turn|2
|
|t:|1617369953
|move|p2a: Rotom|Will-O-Wisp|p1a: Aggron
|-status|p1a: Aggron|brn
|move|p1a: Aggron|Rock Blast|p2a: Rotom
|-supereffective|p2a: Rotom
|-damage|p2a: Rotom|27/100
|-supereffective|p2a: Rotom
|-damage|p2a: Rotom|16/100
|-hitcount|p2a: Rotom|2
|
|-heal|p2a: Rotom|22/100|[from] item: Leftovers
|-damage|p1a: Aggron|94/100 brn|[from] brn
|upkeep
|turn|3
|
|t:|1617369962
|move|p2a: Rotom|Volt Switch|p1a: Aggron
|-damage|p1a: Aggron|64/100 brn
|
|t:|1617369965
|switch|p2a: Poliwrath|Poliwrath, F|100/100|[from]move: Volt Switch
|move|p1a: Aggron|Rock Blast|p2a: Poliwrath
|-resisted|p2a: Poliwrath
|-damage|p2a: Poliwrath|98/100
|-resisted|p2a: Poliwrath
|-damage|p2a: Poliwrath|96/100
|-hitcount|p2a: Poliwrath|2
|
|-damage|p1a: Aggron|58/100 brn|[from] brn
|upkeep
|turn|4
|
|t:|1617369977
|switch|p1a: Gourgeist|Gourgeist-Super, F|100/100
|-item|p2a: Poliwrath|Salac Berry|[from] ability: Frisk|[of] p1a: Gourgeist|[identify]
|move|p2a: Poliwrath|Substitute|p2a: Poliwrath
|-start|p2a: Poliwrath|Substitute
|-damage|p2a: Poliwrath|71/100
|
|upkeep
|turn|5
|
|t:|1617369988
|move|p2a: Poliwrath|Belly Drum|p2a: Poliwrath
|-damage|p2a: Poliwrath|21/100
|-setboost|p2a: Poliwrath|atk|6|[from] move: Belly Drum
|-enditem|p2a: Poliwrath|Salac Berry|[eat]
|-boost|p2a: Poliwrath|spe|1|[from] item: Salac Berry
|move|p1a: Gourgeist|Poltergeist||[still]
|-fail|p1a: Gourgeist
|
|upkeep
|turn|6
|
|t:|1617369997
|move|p2a: Poliwrath|Earthquake|p1a: Gourgeist
|-resisted|p1a: Gourgeist
|-damage|p1a: Gourgeist|66/100
|move|p1a: Gourgeist|Power Whip|p2a: Poliwrath
|-supereffective|p2a: Poliwrath
|-end|p2a: Poliwrath|Substitute
|
|-heal|p1a: Gourgeist|72/100|[from] item: Leftovers
|upkeep
|turn|7
|
|t:|1617370007
|move|p2a: Poliwrath|Earthquake|p1a: Gourgeist
|-resisted|p1a: Gourgeist
|-crit|p1a: Gourgeist
|-damage|p1a: Gourgeist|22/100
|move|p1a: Gourgeist|Power Whip|p2a: Poliwrath
|-supereffective|p2a: Poliwrath
|-damage|p2a: Poliwrath|0 fnt
|faint|p2a: Poliwrath
|
|-heal|p1a: Gourgeist|28/100|[from] item: Leftovers
|upkeep
|
|t:|1617370013
|switch|p2a: Rotom|Rotom-Fan|22/100
|turn|8
|
|t:|1617370021
|switch|p1a: Aggron|Aggron, M|58/100 brn
|move|p2a: Rotom|Air Slash|p1a: Aggron
|-resisted|p1a: Aggron
|-damage|p1a: Aggron|50/100 brn
|
|-heal|p2a: Rotom|28/100|[from] item: Leftovers
|-damage|p1a: Aggron|44/100 brn|[from] brn
|upkeep
|turn|9
|
|t:|1617370030
|move|p2a: Rotom|Volt Switch|p1a: Aggron
|-damage|p1a: Aggron|10/100 brn
|
|t:|1617370036
|switch|p2a: Uxie|Uxie|100/100|[from]move: Volt Switch
|move|p1a: Aggron|Rock Blast|p2a: Uxie
|-damage|p2a: Uxie|97/100
|-damage|p2a: Uxie|93/100
|-damage|p2a: Uxie|90/100
|-hitcount|p2a: Uxie|3
|
|-damage|p1a: Aggron|4/100 brn|[from] brn
|upkeep
|turn|10
|
|t:|1617370062
|switch|p1a: Gourgeist|Gourgeist-Super, F|28/100
|-item|p2a: Uxie|Damp Rock|[from] ability: Frisk|[of] p1a: Gourgeist|[identify]
|move|p2a: Uxie|Rain Dance|p2a: Uxie
|-weather|RainDance
|
|-weather|RainDance|[upkeep]
|-heal|p1a: Gourgeist|34/100|[from] item: Leftovers
|upkeep
|turn|11
|
|t:|1617370074
|move|p2a: Uxie|Yawn|p1a: Gourgeist
|-start|p1a: Gourgeist|move: Yawn|[of] p2a: Uxie
|move|p1a: Gourgeist|Leech Seed|p2a: Uxie
|-start|p2a: Uxie|move: Leech Seed
|
|-weather|RainDance|[upkeep]
|-heal|p1a: Gourgeist|40/100|[from] item: Leftovers
|-damage|p2a: Uxie|78/100|[from] Leech Seed|[of] p1a: Gourgeist
|-heal|p1a: Gourgeist|51/100|[silent]
|upkeep
|turn|12
|
|t:|1617370087
|switch|p1a: Aggron|Aggron, M|4/100 brn
|move|p2a: Uxie|U-turn|p1a: Aggron
|-resisted|p1a: Aggron
|-damage|p1a: Aggron|1/100 brn
|
|t:|1617370094
|switch|p2a: Ludicolo|Ludicolo, M|100/100|[from]move: U-turn
|
|-weather|RainDance|[upkeep]
|-damage|p1a: Aggron|0 fnt|[from] brn
|faint|p1a: Aggron
|upkeep
|
|t:|1617370103
|switch|p1a: Silvally|Silvally-Water|100/100
|turn|13
|
|t:|1617370108
|move|p2a: Ludicolo|Energy Ball|p1a: Silvally
|-supereffective|p1a: Silvally
|-damage|p1a: Silvally|24/100
|-damage|p2a: Ludicolo|91/100|[from] item: Life Orb
|move|p1a: Silvally|Toxic|p2a: Ludicolo
|-status|p2a: Ludicolo|tox
|
|-weather|RainDance|[upkeep]
|-damage|p2a: Ludicolo|85/100 tox|[from] psn
|upkeep
|turn|14
|
|t:|1617370117
|switch|p1a: Charizard|Charizard, F|100/100
|move|p2a: Ludicolo|Hydro Pump|p1a: Charizard|[miss]
|-miss|p2a: Ludicolo|p1a: Charizard
|
|-weather|RainDance|[upkeep]
|-damage|p2a: Ludicolo|73/100 tox|[from] psn
|upkeep
|turn|15
|
|t:|1617370125
|switch|p1a: Silvally|Silvally-Water|24/100
|move|p2a: Ludicolo|Hydro Pump|p1a: Silvally
|-resisted|p1a: Silvally
|-damage|p1a: Silvally|0 fnt
|-damage|p2a: Ludicolo|63/100 tox|[from] item: Life Orb
|faint|p1a: Silvally
|
|-weather|RainDance|[upkeep]
|-damage|p2a: Ludicolo|45/100 tox|[from] psn
|upkeep
|
|t:|1617370137
|switch|p1a: Gourgeist|Gourgeist-Super, F|51/100
|-item|p2a: Ludicolo|Life Orb|[from] ability: Frisk|[of] p1a: Gourgeist|[identify]
|turn|16
|
|t:|1617370141
|switch|p1a: Rotom|Rotom-Frost|100/100
|move|p2a: Ludicolo|Ice Beam|p1a: Rotom
|-resisted|p1a: Rotom
|-damage|p1a: Rotom|77/100
|-damage|p2a: Ludicolo|35/100 tox|[from] item: Life Orb
|
|-weather|RainDance|[upkeep]
|-damage|p2a: Ludicolo|11/100 tox|[from] psn
|upkeep
|turn|17
|
|t:|1617370150
|move|p2a: Ludicolo|Hydro Pump|p1a: Rotom|[miss]
|-miss|p2a: Ludicolo|p1a: Rotom
|move|p1a: Rotom|Volt Switch|p2a: Ludicolo
|-damage|p2a: Ludicolo|0 fnt
|faint|p2a: Ludicolo
|
|t:|1617370163
|switch|p1a: Charizard|Charizard, F|100/100|[from]move: Volt Switch
|
|-weather|none
|upkeep
|
|t:|1617370171
|switch|p2a: Uxie|Uxie|78/100
|turn|18
|
|t:|1617370178
|move|p1a: Charizard|Air Slash|p2a: Uxie
|-damage|p2a: Uxie|50/100
|move|p2a: Uxie|Rain Dance|p2a: Uxie
|-weather|RainDance
|
|-weather|RainDance|[upkeep]
|upkeep
|turn|19
|
|t:|1617370185
|move|p1a: Charizard|Air Slash|p2a: Uxie
|-damage|p2a: Uxie|21/100
|move|p2a: Uxie|U-turn|p1a: Charizard
|-resisted|p1a: Charizard
|-damage|p1a: Charizard|97/100
|
|t:|1617370189
|switch|p2a: Heliolisk|Heliolisk, M|100/100|[from]move: U-turn
|
|-weather|RainDance|[upkeep]
|upkeep
|turn|20
|
|t:|1617370194
|switch|p1a: Gourgeist|Gourgeist-Super, F|51/100
|-item|p2a: Heliolisk|Heavy-Duty Boots|[from] ability: Frisk|[of] p1a: Gourgeist|[identify]
|move|p2a: Heliolisk|Surf|p1a: Gourgeist
|-resisted|p1a: Gourgeist
|-damage|p1a: Gourgeist|27/100
|
|-weather|RainDance|[upkeep]
|-heal|p1a: Gourgeist|33/100|[from] item: Leftovers
|upkeep
|turn|21
|
|t:|1617370205
|move|p2a: Heliolisk|Thunder|p1a: Gourgeist
|-resisted|p1a: Gourgeist
|-damage|p1a: Gourgeist|3/100
|move|p1a: Gourgeist|Power Whip|p2a: Heliolisk
|-damage|p2a: Heliolisk|8/100
|
|-weather|RainDance|[upkeep]
|-heal|p2a: Heliolisk|21/100|[from] ability: Dry Skin
|-heal|p1a: Gourgeist|9/100|[from] item: Leftovers
|upkeep
|turn|22
|
|t:|1617370222
|move|p2a: Heliolisk|Volt Switch|p1a: Gourgeist
|-resisted|p1a: Gourgeist
|-damage|p1a: Gourgeist|0 fnt
|faint|p1a: Gourgeist
|
|t:|1617370229
|switch|p2a: Rotom|Rotom-Fan|28/100|[from]move: Volt Switch
|
|-weather|RainDance|[upkeep]
|-heal|p2a: Rotom|34/100|[from] item: Leftovers
|upkeep
|
|t:|1617370239
|switch|p1a: Rotom|Rotom-Frost|77/100
|turn|23
|
|t:|1617370243
|move|p1a: Rotom|Trick|p2a: Rotom
|-activate|p1a: Rotom|move: Trick|[of] p2a: Rotom
|-item|p2a: Rotom|Choice Scarf|[from] move: Trick
|-item|p1a: Rotom|Leftovers|[from] move: Trick
|move|p2a: Rotom|Volt Switch|p1a: Rotom
|-resisted|p1a: Rotom
|-damage|p1a: Rotom|55/100
|
|t:|1617370249
|switch|p2a: Heliolisk|Heliolisk, M|21/100|[from]move: Volt Switch
|
|-weather|RainDance|[upkeep]
|-heal|p2a: Heliolisk|33/100|[from] ability: Dry Skin
|-heal|p1a: Rotom|61/100|[from] item: Leftovers
|upkeep
|turn|24
|
|t:|1617370268
|move|p2a: Heliolisk|Surf|p1a: Rotom
|-damage|p1a: Rotom|9/100
|move|p1a: Rotom|Blizzard|p2a: Heliolisk|[miss]
|-miss|p1a: Rotom|p2a: Heliolisk
|
|-weather|RainDance|[upkeep]
|-heal|p2a: Heliolisk|46/100|[from] ability: Dry Skin
|-heal|p1a: Rotom|15/100|[from] item: Leftovers
|upkeep
|turn|25
|
|t:|1617370276
|move|p2a: Heliolisk|Surf|p1a: Rotom
|-damage|p1a: Rotom|0 fnt
|faint|p1a: Rotom
|
|-weather|none
|upkeep
|
|t:|1617370283
|switch|p1a: Passimian|Passimian, M|100/100
|turn|26
|
|t:|1617370294
|switch|p2a: Uxie|Uxie|21/100
|move|p1a: Passimian|Close Combat|p2a: Uxie
|-resisted|p2a: Uxie
|-damage|p2a: Uxie|3/100
|-unboost|p1a: Passimian|def|1
|-unboost|p1a: Passimian|spd|1
|
|upkeep
|turn|27
|
|t:|1617370301
|move|p1a: Passimian|Close Combat|p2a: Uxie
|-resisted|p2a: Uxie
|-damage|p2a: Uxie|0 fnt
|-unboost|p1a: Passimian|def|1
|-unboost|p1a: Passimian|spd|1
|faint|p2a: Uxie
|
|upkeep
|
|t:|1617370303
|switch|p2a: Silvally|Silvally-Fairy|100/100
|turn|28
|
|t:|1617370309
|switch|p1a: Charizard|Charizard, F|97/100
|move|p2a: Silvally|Flame Charge|p1a: Charizard
|-resisted|p1a: Charizard
|-damage|p1a: Charizard|87/100
|-boost|p2a: Silvally|spe|1
|
|upkeep
|turn|29
|
|t:|1617370317
|move|p2a: Silvally|Swords Dance|p2a: Silvally
|-boost|p2a: Silvally|atk|2
|move|p1a: Charizard|Flamethrower|p2a: Silvally
|-damage|p2a: Silvally|58/100
|-status|p2a: Silvally|brn
|
|-damage|p2a: Silvally|52/100 brn|[from] brn
|upkeep
|turn|30
|
|t:|1617370325
|move|p2a: Silvally|Psychic Fangs|p1a: Charizard
|-damage|p1a: Charizard|52/100
|move|p1a: Charizard|Flamethrower|p2a: Silvally
|-crit|p2a: Silvally
|-damage|p2a: Silvally|0 fnt
|faint|p2a: Silvally
|
|upkeep
|
|t:|1617370335
|switch|p2a: Heliolisk|Heliolisk, M|46/100
|turn|31
|
|t:|1617370348
|switch|p1a: Passimian|Passimian, M|100/100
|move|p2a: Heliolisk|Volt Switch|p1a: Passimian
|-damage|p1a: Passimian|49/100
|
|t:|1617370350
|switch|p2a: Rotom|Rotom-Fan|34/100|[from]move: Volt Switch
|
|upkeep
|turn|32
|
|t:|1617370358
|move|p1a: Passimian|Knock Off|p2a: Rotom
|-damage|p2a: Rotom|0 fnt
|-enditem|p2a: Rotom|Choice Scarf|[from] move: Knock Off|[of] p1a: Passimian
|faint|p2a: Rotom
|
|upkeep
|
|t:|1617370362
|switch|p2a: Heliolisk|Heliolisk, M|46/100
|turn|33
|
|t:|1617370364
|move|p1a: Passimian|Knock Off|p2a: Heliolisk
|-damage|p2a: Heliolisk|0 fnt
|-enditem|p2a: Heliolisk|Heavy-Duty Boots|[from] move: Knock Off|[of] p1a: Passimian
|faint|p2a: Heliolisk
|
|win|howsitdoin
|raw|howsitdoin's rating: 1159 &rarr; <strong>1188</strong><br />(+29 for winning)
|raw|2turtle's rating: 1221 &rarr; <strong>1192</strong><br />(-29 for losing)
|l|☆2turtle
