|j|☆tjay
|j|☆m3p0
|player|p1|tjay|#tjay|1326
|player|p2|m3p0|130|1307
|teamsize|p1|6
|teamsize|p2|6
|gametype|singles
|gen|8
|tier|[Gen 8] PU
|rated|
|clearpoke
|poke|p1|Swoobat, F|
|poke|p1|Pincurchin, F|
|poke|p1|Ninjask, F|
|poke|p1|Trapinch, F|
|poke|p1|Lapras, M|
|poke|p1|Clefairy, F|
|poke|p2|Leafeon, F|
|poke|p2|Carkol, M|
|poke|p2|Dusclops, F|
|poke|p2|Lapras, F|
|poke|p2|Silvally-*|
|poke|p2|Meowstic-F, F|
|rule|Sleep Clause Mod: Limit one foe put to sleep
|rule|Species Clause: Limit one of each Pokémon
|rule|OHKO Clause: OHKO moves are banned
|rule|Evasion Moves Clause: Evasion moves are banned
|rule|Endless Battle Clause: Forcing endless battles is banned
|rule|HP Percentage Mod: HP is shown in percentages
|rule|Dynamax Clause: You cannot dynamax
|teampreview
|
|start
|switch|p1a: Pincurchin|Pincurchin, F|100/100
|switch|p2a: Silvally|Silvally-Poison|100/100
|-fieldstart|move: Electric Terrain|[from] ability: Electric Surge|[of] p1a: Pincurchin
|turn|1
|
|move|p2a: Silvally|Multi-Attack|p1a: Pincurchin
|-damage|p1a: Pincurchin|52/100
|move|p1a: Pincurchin|Spikes|p2a: Silvally
|-sidestart|p2: m3p0|Spikes
|
|upkeep
|turn|2
|
|move|p2a: Silvally|Defog|p1a: Pincurchin
|-unboost|p1a: Pincurchin|evasion|1
|-sideend|p2: m3p0|Spikes|[from] move: Defog|[of] p2a: Silvally
|-fieldend|move: Electric Terrain
|move|p1a: Pincurchin|Spikes|p2a: Silvally
|-sidestart|p2: m3p0|Spikes
|
|upkeep
|turn|3
|
|switch|p1a: Trapinch|Trapinch, F, shiny|100/100
|move|p2a: Silvally|Multi-Attack|p1a: Trapinch
|-resisted|p1a: Trapinch
|-damage|p1a: Trapinch|78/100
|
|upkeep
|turn|4
|
|move|p2a: Silvally|U-turn|p1a: Trapinch
|-crit|p1a: Trapinch
|-damage|p1a: Trapinch|48/100
|
|switch|p2a: Leafeon|Leafeon, F|100/100|[from]move: U-turn
|-damage|p2a: Leafeon|88/100|[from] Spikes
|move|p1a: Trapinch|Toxic|p2a: Leafeon|[miss]
|-miss|p1a: Trapinch|p2a: Leafeon
|
|upkeep
|turn|5
|c|☆tjay|lol
|
|switch|p1a: Pincurchin|Pincurchin, F|52/100
|-fieldstart|move: Electric Terrain|[from] ability: Electric Surge|[of] p1a: Pincurchin
|move|p2a: Leafeon|Knock Off|p1a: Pincurchin
|-damage|p1a: Pincurchin|18/100
|-enditem|p1a: Pincurchin|Terrain Extender|[from] move: Knock Off|[of] p2a: Leafeon
|
|upkeep
|turn|6
|
|switch|p2a: Silvally|Silvally-Poison|100/100
|-damage|p2a: Silvally|88/100|[from] Spikes
|move|p1a: Pincurchin|Memento|p2a: Silvally
|-unboost|p2a: Silvally|atk|2
|-unboost|p2a: Silvally|spa|2
|faint|p1a: Pincurchin
|
|upkeep
|
|switch|p1a: Swoobat|Swoobat, F|100/100
|-enditem|p1a: Swoobat|Electric Seed
|-boost|p1a: Swoobat|def|2|[from] item: Electric Seed
|turn|7
|
|move|p1a: Swoobat|Calm Mind|p1a: Swoobat
|-boost|p1a: Swoobat|spa|2
|-boost|p1a: Swoobat|spd|2
|move|p2a: Silvally|U-turn|p1a: Swoobat
|-damage|p1a: Swoobat|94/100
|
|switch|p2a: Dusclops|Dusclops, F|100/100|[from]move: U-turn
|-damage|p2a: Dusclops|88/100|[from] Spikes
|
|upkeep
|turn|8
|
|move|p1a: Swoobat|Substitute|p1a: Swoobat
|-start|p1a: Swoobat|Substitute
|-damage|p1a: Swoobat|69/100
|move|p2a: Dusclops|Haze|p2a: Dusclops
|-clearallboost
|
|upkeep
|turn|9
|
|move|p1a: Swoobat|Calm Mind|p1a: Swoobat
|-boost|p1a: Swoobat|spa|2
|-boost|p1a: Swoobat|spd|2
|move|p2a: Dusclops|Night Shade|p1a: Swoobat
|-end|p1a: Swoobat|Substitute
|
|upkeep
|turn|10
|
|move|p1a: Swoobat|Stored Power|p2a: Dusclops
|-damage|p2a: Dusclops|60/100
|move|p2a: Dusclops|Haze|p2a: Dusclops
|-clearallboost
|
|upkeep
|turn|11
|
|move|p1a: Swoobat|Substitute|p1a: Swoobat
|-start|p1a: Swoobat|Substitute
|-damage|p1a: Swoobat|44/100
|move|p2a: Dusclops|Night Shade|p1a: Swoobat
|-end|p1a: Swoobat|Substitute
|
|upkeep
|turn|12
|
|move|p1a: Swoobat|Roost|p1a: Swoobat
|-heal|p1a: Swoobat|94/100
|-singleturn|p1a: Swoobat|move: Roost
|move|p2a: Dusclops|Night Shade|p1a: Swoobat
|-damage|p1a: Swoobat|65/100
|
|-fieldend|move: Electric Terrain
|upkeep
|turn|13
|
|move|p1a: Swoobat|Substitute|p1a: Swoobat
|-start|p1a: Swoobat|Substitute
|-damage|p1a: Swoobat|40/100
|move|p2a: Dusclops|Night Shade|p1a: Swoobat
|-end|p1a: Swoobat|Substitute
|
|upkeep
|turn|14
|
|switch|p2a: Leafeon|Leafeon, F|88/100
|-damage|p2a: Leafeon|76/100|[from] Spikes
|move|p1a: Swoobat|Roost|p1a: Swoobat
|-heal|p1a: Swoobat|90/100
|-singleturn|p1a: Swoobat|move: Roost
|
|upkeep
|turn|15
|
|move|p2a: Leafeon|Knock Off|p1a: Swoobat
|-supereffective|p1a: Swoobat
|-damage|p1a: Swoobat|29/100
|move|p1a: Swoobat|Calm Mind|p1a: Swoobat
|-boost|p1a: Swoobat|spa|2
|-boost|p1a: Swoobat|spd|2
|
|upkeep
|turn|16
|
|switch|p1a: Trapinch|Trapinch, F, shiny|48/100
|move|p2a: Leafeon|Knock Off|p1a: Trapinch
|-damage|p1a: Trapinch|15/100
|-enditem|p1a: Trapinch|Eviolite|[from] move: Knock Off|[of] p2a: Leafeon
|
|upkeep
|turn|17
|
|move|p1a: Trapinch|First Impression|p2a: Leafeon
|-supereffective|p2a: Leafeon
|-damage|p2a: Leafeon|24/100
|move|p2a: Leafeon|Knock Off|p1a: Trapinch
|-damage|p1a: Trapinch|0 fnt
|faint|p1a: Trapinch
|
|upkeep
|
|switch|p1a: Clefairy|Clefairy, F|100/100
|turn|18
|
|switch|p2a: Silvally|Silvally-Poison|88/100
|-damage|p2a: Silvally|76/100|[from] Spikes
|move|p1a: Clefairy|Stealth Rock|p2a: Silvally
|-sidestart|p2: m3p0|move: Stealth Rock
|
|upkeep
|turn|19
|
|switch|p1a: Swoobat|Swoobat, F|29/100
|move|p2a: Silvally|Defog|p1a: Swoobat
|-unboost|p1a: Swoobat|evasion|2
|-sideend|p2: m3p0|Spikes|[from] move: Defog|[of] p2a: Silvally
|-sideend|p2: m3p0|Stealth Rock|[from] move: Defog|[of] p2a: Silvally
|
|upkeep
|turn|20
|-message|tjay forfeited.
|
|win|m3p0
|l|☆tjay
|raw|tjay's rating: 1300 &rarr; <strong>1281</strong><br />(-19 for losing)
|raw|m3p0's rating: 1307 &rarr; <strong>1326</strong><br />(+19 for winning)
