|j|☆kingqueso141
|j|☆Onizuka31500
|t:|1613163982
|player|p1|kingqueso141|169|1107
|player|p2|Onizuka31500|266|1094
|teamsize|p1|6
|teamsize|p2|6
|gametype|singles
|gen|8
|tier|[Gen 8] PU
|rated|
|clearpoke
|poke|p1|Sandaconda, M|
|poke|p1|Tsareena, F|
|poke|p1|Sandslash-Alola, F|
|poke|p1|Lampent, M|
|poke|p1|Lanturn, F|
|poke|p1|Ribombee, F|
|poke|p2|Sandaconda, M|
|poke|p2|Dugtrio-Alola, M|
|poke|p2|Heliolisk, F|
|poke|p2|Gigalith, F|
|poke|p2|Omastar, F|
|poke|p2|Articuno|
|rule|Sleep Clause Mod: Limit one foe put to sleep
|rule|Species Clause: Limit one of each Pokémon
|rule|OHKO Clause: OHKO moves are banned
|rule|Evasion Moves Clause: Evasion moves are banned
|rule|Endless Battle Clause: Forcing endless battles is banned
|rule|HP Percentage Mod: HP is shown in percentages
|rule|Dynamax Clause: You cannot dynamax
|teampreview
|
|t:|1613163994
|start
|switch|p1a: Lanturn|Lanturn, F|100/100
|switch|p2a: Gigalith|Gigalith, F|100/100
|-weather|Sandstorm|[from] ability: Sand Stream|[of] p2a: Gigalith
|turn|1
|
|t:|1613164002
|move|p1a: Lanturn|Volt Switch|p2a: Gigalith
|-damage|p2a: Gigalith|91/100
|
|t:|1613164007
|switch|p1a: Sandaconda|Sandaconda, M|100/100|[from]move: Volt Switch
|move|p2a: Gigalith|Toxic|p1a: Sandaconda
|-status|p1a: Sandaconda|tox
|
|-weather|Sandstorm|[upkeep]
|-heal|p2a: Gigalith|97/100|[from] item: Leftovers
|-damage|p1a: Sandaconda|94/100 tox|[from] psn
|upkeep
|turn|2
|
|t:|1613164025
|move|p1a: Sandaconda|Earthquake|p2a: Gigalith
|-supereffective|p2a: Gigalith
|-damage|p2a: Gigalith|45/100
|move|p2a: Gigalith|Stealth Rock|p1a: Sandaconda
|-sidestart|p1: kingqueso141|move: Stealth Rock
|
|-weather|Sandstorm|[upkeep]
|-activate|p1a: Sandaconda|ability: Shed Skin
|-curestatus|p1a: Sandaconda|tox|[msg]
|-heal|p2a: Gigalith|51/100|[from] item: Leftovers
|upkeep
|turn|3
|
|t:|1613164036
|switch|p2a: Sandaconda|Sandaconda, M|100/100
|move|p1a: Sandaconda|Glare|p2a: Sandaconda
|-status|p2a: Sandaconda|par
|
|-weather|Sandstorm|[upkeep]
|upkeep
|turn|4
|
|t:|1613164044
|switch|p1a: Tsareena|Tsareena, F|100/100
|move|p2a: Sandaconda|Glare|p1a: Tsareena
|-status|p1a: Tsareena|par
|
|-weather|Sandstorm|[upkeep]
|-damage|p1a: Tsareena|95/100 par|[from] Sandstorm
|upkeep
|turn|5
|
|t:|1613164061
|switch|p2a: Dugtrio|Dugtrio-Alola, M|100/100
|move|p1a: Tsareena|Rapid Spin|p2a: Dugtrio
|-resisted|p2a: Dugtrio
|-damage|p2a: Dugtrio|80/100
|-boost|p1a: Tsareena|spe|1
|-sideend|p1: kingqueso141|Stealth Rock|[from] move: Rapid Spin|[of] p1a: Tsareena
|
|-weather|none
|upkeep
|turn|6
|
|t:|1613164071
|move|p2a: Dugtrio|Iron Head|p1a: Tsareena
|-damage|p1a: Tsareena|34/100 par
|move|p1a: Tsareena|U-turn|p2a: Dugtrio
|-resisted|p2a: Dugtrio
|-damage|p2a: Dugtrio|52/100
|
|t:|1613164085
|switch|p1a: Lanturn|Lanturn, F|100/100|[from]move: U-turn
|
|upkeep
|turn|7
|
|t:|1613164091
|switch|p2a: Gigalith|Gigalith, F|51/100
|-weather|Sandstorm|[from] ability: Sand Stream|[of] p2a: Gigalith
|move|p1a: Lanturn|Scald|p2a: Gigalith
|-supereffective|p2a: Gigalith
|-damage|p2a: Gigalith|28/100
|
|-weather|Sandstorm|[upkeep]
|-damage|p1a: Lanturn|94/100|[from] Sandstorm
|-heal|p1a: Lanturn|100/100|[from] item: Leftovers
|-heal|p2a: Gigalith|34/100|[from] item: Leftovers
|upkeep
|turn|8
|
|t:|1613164104
|move|p1a: Lanturn|Toxic|p2a: Gigalith
|-status|p2a: Gigalith|tox
|move|p2a: Gigalith|Earthquake|p1a: Lanturn
|-supereffective|p1a: Lanturn
|-damage|p1a: Lanturn|39/100
|
|-weather|Sandstorm|[upkeep]
|-damage|p1a: Lanturn|33/100|[from] Sandstorm
|-heal|p1a: Lanturn|39/100|[from] item: Leftovers
|-heal|p2a: Gigalith|41/100 tox|[from] item: Leftovers
|-damage|p2a: Gigalith|34/100 tox|[from] psn
|upkeep
|turn|9
|
|t:|1613164119
|move|p1a: Lanturn|Volt Switch|p2a: Gigalith
|-damage|p2a: Gigalith|24/100 tox
|
|t:|1613164136
|switch|p1a: Sandaconda|Sandaconda, M|94/100|[from]move: Volt Switch
|move|p2a: Gigalith|Earthquake|p1a: Sandaconda
|-damage|p1a: Sandaconda|69/100
|
|-weather|Sandstorm|[upkeep]
|-heal|p2a: Gigalith|30/100 tox|[from] item: Leftovers
|-damage|p2a: Gigalith|18/100 tox|[from] psn
|upkeep
|turn|10
|
|t:|1613164147
|switch|p2a: Sandaconda|Sandaconda, M|100/100 par
|move|p1a: Sandaconda|Earthquake|p2a: Sandaconda
|-damage|p2a: Sandaconda|77/100 par
|
|-weather|Sandstorm|[upkeep]
|-heal|p2a: Sandaconda|83/100 par|[from] item: Leftovers
|upkeep
|turn|11
|
|t:|1613164160
|move|p1a: Sandaconda|Earthquake|p2a: Sandaconda
|-damage|p2a: Sandaconda|60/100 par
|cant|p2a: Sandaconda|par
|
|-weather|none
|-heal|p2a: Sandaconda|66/100 par|[from] item: Leftovers
|upkeep
|turn|12
|
|t:|1613164172
|move|p1a: Sandaconda|Earthquake|p2a: Sandaconda
|-damage|p2a: Sandaconda|42/100 par
|-weather|Sandstorm|[from] ability: Sand Spit|[of] p2a: Sandaconda
|move|p2a: Sandaconda|Glare|p1a: Sandaconda
|-status|p1a: Sandaconda|par
|
|-weather|Sandstorm|[upkeep]
|-heal|p2a: Sandaconda|48/100 par|[from] item: Leftovers
|upkeep
|turn|13
|
|t:|1613164193
|switch|p2a: Articuno|Articuno|100/100
|-ability|p2a: Articuno|Pressure
|move|p1a: Sandaconda|Earthquake|p2a: Articuno
|-immune|p2a: Articuno
|
|-weather|Sandstorm|[upkeep]
|-damage|p2a: Articuno|94/100|[from] Sandstorm
|upkeep
|turn|14
|
|t:|1613164206
|switch|p1a: Lampent|Lampent, M|100/100
|move|p2a: Articuno|Ice Beam|p1a: Lampent
|-resisted|p1a: Lampent
|-damage|p1a: Lampent|85/100
|-status|p1a: Lampent|frz
|
|-weather|Sandstorm|[upkeep]
|-damage|p2a: Articuno|88/100|[from] Sandstorm
|-damage|p1a: Lampent|79/100 frz|[from] Sandstorm
|upkeep
|turn|15
|
|t:|1613164221
|switch|p2a: Omastar|Omastar, F|100/100
|-curestatus|p1a: Lampent|frz|[msg]
|move|p1a: Lampent|Flamethrower|p2a: Omastar
|-resisted|p2a: Omastar
|-damage|p2a: Omastar|93/100
|
|-weather|Sandstorm|[upkeep]
|-damage|p1a: Lampent|73/100|[from] Sandstorm
|upkeep
|turn|16
|
|t:|1613164247
|switch|p2a: Heliolisk|Heliolisk, F|100/100
|switch|p1a: Lanturn|Lanturn, F|39/100
|
|-weather|none
|-heal|p1a: Lanturn|45/100|[from] item: Leftovers
|upkeep
|turn|17
|
|t:|1613164257
|move|p2a: Heliolisk|Grass Knot|p1a: Lanturn
|-supereffective|p1a: Lanturn
|-damage|p1a: Lanturn|28/100
|move|p1a: Lanturn|Toxic|p2a: Heliolisk
|-status|p2a: Heliolisk|tox
|
|-heal|p1a: Lanturn|34/100|[from] item: Leftovers
|-damage|p2a: Heliolisk|94/100 tox|[from] psn
|upkeep
|turn|18
|
|t:|1613164268
|switch|p2a: Gigalith|Gigalith, F|18/100 tox
|-weather|Sandstorm|[from] ability: Sand Stream|[of] p2a: Gigalith
|move|p1a: Lanturn|Volt Switch|p2a: Gigalith
|-damage|p2a: Gigalith|8/100 tox
|
|t:|1613164285
|switch|p1a: Ribombee|Ribombee, F|100/100|[from]move: Volt Switch
|
|-weather|Sandstorm|[upkeep]
|-damage|p1a: Ribombee|94/100|[from] Sandstorm
|-heal|p2a: Gigalith|14/100 tox|[from] item: Leftovers
|-damage|p2a: Gigalith|8/100 tox|[from] psn
|upkeep
|turn|19
|
|t:|1613164295
|move|p1a: Ribombee|Moonblast|p2a: Gigalith
|-damage|p2a: Gigalith|0 fnt
|faint|p2a: Gigalith
|
|-weather|Sandstorm|[upkeep]
|-damage|p1a: Ribombee|88/100|[from] Sandstorm
|upkeep
|
|t:|1613164306
|switch|p2a: Dugtrio|Dugtrio-Alola, M|52/100
|turn|20
|
|t:|1613164314
|move|p1a: Ribombee|U-turn|p2a: Dugtrio
|-resisted|p2a: Dugtrio
|-damage|p2a: Dugtrio|36/100
|
|t:|1613164321
|switch|p1a: Tsareena|Tsareena, F|34/100 par|[from]move: U-turn
|move|p2a: Dugtrio|Stone Edge|p1a: Tsareena|[miss]
|-miss|p2a: Dugtrio|p1a: Tsareena
|
|-weather|Sandstorm|[upkeep]
|-damage|p1a: Tsareena|28/100 par|[from] Sandstorm
|upkeep
|turn|21
|
|t:|1613164334
|switch|p2a: Articuno|Articuno|88/100
|-ability|p2a: Articuno|Pressure
|cant|p1a: Tsareena|par
|
|-weather|Sandstorm|[upkeep]
|-damage|p2a: Articuno|82/100|[from] Sandstorm
|-damage|p1a: Tsareena|22/100 par|[from] Sandstorm
|upkeep
|turn|22
|
|t:|1613164346
|move|p2a: Articuno|Hurricane|p1a: Tsareena
|-supereffective|p1a: Tsareena
|-damage|p1a: Tsareena|0 fnt
|faint|p1a: Tsareena
|
|-weather|none
|upkeep
|
|t:|1613164353
|switch|p1a: Lampent|Lampent, M|73/100
|turn|23
|
|t:|1613164361
|switch|p2a: Sandaconda|Sandaconda, M|48/100 par
|move|p1a: Lampent|Toxic||[still]
|-fail|p1a: Lampent
|
|-heal|p2a: Sandaconda|55/100 par|[from] item: Leftovers
|upkeep
|turn|24
|
|t:|1613164370
|move|p1a: Lampent|Hex|p2a: Sandaconda
|-damage|p2a: Sandaconda|0 fnt
|-weather|Sandstorm|[from] ability: Sand Spit|[of] p2a: Sandaconda
|faint|p2a: Sandaconda
|
|-weather|Sandstorm|[upkeep]
|-damage|p1a: Lampent|66/100|[from] Sandstorm
|upkeep
|
|t:|1613164380
|switch|p2a: Dugtrio|Dugtrio-Alola, M|36/100
|turn|25
|
|t:|1613164389
|switch|p1a: Sandaconda|Sandaconda, M|69/100 par
|move|p2a: Dugtrio|Earthquake|p1a: Sandaconda
|-damage|p1a: Sandaconda|0 fnt
|faint|p1a: Sandaconda
|
|-weather|Sandstorm|[upkeep]
|upkeep
|
|t:|1613164392
|switch|p1a: Sandslash|Sandslash-Alola, F, shiny|100/100
|turn|26
|
|t:|1613164399
|move|p1a: Sandslash|Ice Shard|p2a: Dugtrio
|-damage|p2a: Dugtrio|0 fnt
|faint|p2a: Dugtrio
|
|-weather|Sandstorm|[upkeep]
|upkeep
|
|t:|1613164406
|switch|p2a: Heliolisk|Heliolisk, F|94/100 tox
|turn|27
|
|t:|1613164410
|switch|p1a: Lampent|Lampent, M|66/100
|move|p2a: Heliolisk|Focus Blast|p1a: Lampent
|-immune|p1a: Lampent
|
|-weather|Sandstorm|[upkeep]
|-damage|p1a: Lampent|60/100|[from] Sandstorm
|-damage|p2a: Heliolisk|88/100 tox|[from] psn
|upkeep
|turn|28
|
|t:|1613164424
|switch|p2a: Articuno|Articuno|82/100
|-ability|p2a: Articuno|Pressure
|move|p1a: Lampent|Hex|p2a: Articuno
|-damage|p2a: Articuno|66/100
|
|-weather|none
|upkeep
|turn|29
|
|t:|1613164432
|move|p2a: Articuno|Hurricane|p1a: Lampent|[miss]
|-miss|p2a: Articuno|p1a: Lampent
|move|p1a: Lampent|Flamethrower|p2a: Articuno
|-supereffective|p2a: Articuno
|-damage|p2a: Articuno|19/100
|
|upkeep
|turn|30
|
|t:|1613164440
|move|p2a: Articuno|Hurricane|p1a: Lampent
|-damage|p1a: Lampent|23/100
|move|p1a: Lampent|Flamethrower|p2a: Articuno
|-supereffective|p2a: Articuno
|-damage|p2a: Articuno|0 fnt
|faint|p2a: Articuno
|
|upkeep
|
|t:|1613164449
|switch|p2a: Omastar|Omastar, F|93/100
|turn|31
|
|t:|1613164454
|switch|p1a: Ribombee|Ribombee, F|88/100
|move|p2a: Omastar|Shell Smash|p2a: Omastar
|-unboost|p2a: Omastar|def|1
|-unboost|p2a: Omastar|spd|1
|-boost|p2a: Omastar|atk|2
|-boost|p2a: Omastar|spa|2
|-boost|p2a: Omastar|spe|2
|
|upkeep
|turn|32
|
|t:|1613164464
|move|p2a: Omastar|Ancient Power|p1a: Ribombee
|-supereffective|p1a: Ribombee
|-damage|p1a: Ribombee|0 fnt
|-boost|p2a: Omastar|atk|1
|-boost|p2a: Omastar|def|1
|-boost|p2a: Omastar|spa|1
|-boost|p2a: Omastar|spd|1
|-boost|p2a: Omastar|spe|1
|faint|p1a: Ribombee
|
|upkeep
|
|t:|1613164470
|switch|p1a: Lanturn|Lanturn, F|34/100
|turn|33
|
|t:|1613164476
|move|p2a: Omastar|Ancient Power|p1a: Lanturn
|-crit|p1a: Lanturn
|-damage|p1a: Lanturn|0 fnt
|faint|p1a: Lanturn
|
|upkeep
|
|t:|1613164485
|switch|p1a: Sandslash|Sandslash-Alola, F, shiny|100/100
|turn|34
|
|t:|1613164490
|move|p2a: Omastar|Scald|p1a: Sandslash
|-damage|p1a: Sandslash|0 fnt
|faint|p1a: Sandslash
|
|upkeep
|
|t:|1613164494
|switch|p1a: Lampent|Lampent, M|23/100
|turn|35
|
|t:|1613164498
|move|p2a: Omastar|Scald|p1a: Lampent
|-supereffective|p1a: Lampent
|-damage|p1a: Lampent|0 fnt
|faint|p1a: Lampent
|
|win|Onizuka31500
|l|☆kingqueso141
||Ladder (probably) updated, but score could not be retrieved (Request timeout).
