|html|<div class="broadcast-blue"><strong>[Gen 8] PU is currently suspecting Virizion! For information on how to participate check out the <a href="https://www.smogon.com/forums/threads/np-pu-stage-4-and-justice-for-all-virizion-suspect-test.3676543/">suspect thread</a>.</strong></div>
|j|☆Fur4nk0
|j|☆siegbackto
|t:|1612272960
|player|p1|Fur4nk0|2|1231
|player|p2|siegbackto|byron|1416
|teamsize|p1|6
|teamsize|p2|6
|gametype|singles
|gen|8
|tier|[Gen 8] PU
|rated|
|clearpoke
|poke|p1|Accelgor, M|
|poke|p1|Tsareena, F|
|poke|p1|Mesprit|
|poke|p1|Talonflame, M|
|poke|p1|Lanturn, F|
|poke|p1|Runerigus, M|
|poke|p2|Guzzlord|
|poke|p2|Sandslash-Alola, F|
|poke|p2|Charizard, M|
|poke|p2|Kabutops, F|
|poke|p2|Mesprit|
|poke|p2|Virizion|
|rule|Sleep Clause Mod: Limit one foe put to sleep
|rule|Species Clause: Limit one of each Pokémon
|rule|OHKO Clause: OHKO moves are banned
|rule|Evasion Moves Clause: Evasion moves are banned
|rule|Endless Battle Clause: Forcing endless battles is banned
|rule|HP Percentage Mod: HP is shown in percentages
|rule|Dynamax Clause: You cannot dynamax
|teampreview
|
|t:|1612272993
|start
|switch|p1a: Atorrante|Runerigus, M, shiny|100/100
|switch|p2a: Sandslash|Sandslash-Alola, F|100/100
|turn|1
|
|t:|1612273003
|move|p2a: Sandslash|Triple Axel|p1a: Atorrante|[miss]
|-miss|p2a: Sandslash|p1a: Atorrante
|move|p1a: Atorrante|Will-O-Wisp|p2a: Sandslash
|-status|p2a: Sandslash|brn
|
|-damage|p2a: Sandslash|94/100 brn|[from] brn
|upkeep
|turn|2
|
|t:|1612273010
|move|p2a: Sandslash|Spikes|p1a: Atorrante
|-sidestart|p1: Fur4nk0|Spikes
|move|p1a: Atorrante|Stealth Rock|p2a: Sandslash
|-sidestart|p2: siegbackto|move: Stealth Rock
|
|-damage|p2a: Sandslash|88/100 brn|[from] brn
|upkeep
|turn|3
|
|t:|1612273014
|switch|p2a: Virizion|Virizion|100/100
|-damage|p2a: Virizion|94/100|[from] Stealth Rock
|move|p1a: Atorrante|Earthquake|p2a: Virizion
|-resisted|p2a: Virizion
|-crit|p2a: Virizion
|-damage|p2a: Virizion|54/100
|
|upkeep
|turn|4
|
|t:|1612273020
|move|p2a: Virizion|Stone Edge|p1a: Atorrante
|-resisted|p1a: Atorrante
|-damage|p1a: Atorrante|90/100
|-damage|p2a: Virizion|44/100|[from] item: Life Orb
|move|p1a: Atorrante|Will-O-Wisp|p2a: Virizion
|-status|p2a: Virizion|brn
|
|-heal|p1a: Atorrante|96/100|[from] item: Leftovers
|-damage|p2a: Virizion|38/100 brn|[from] brn
|upkeep
|turn|5
|
|t:|1612273027
|move|p2a: Virizion|Synthesis|p2a: Virizion
|-heal|p2a: Virizion|88/100 brn
|move|p1a: Atorrante|Toxic Spikes|p2a: Virizion
|-sidestart|p2: siegbackto|move: Toxic Spikes
|
|-heal|p1a: Atorrante|100/100|[from] item: Leftovers
|-damage|p2a: Virizion|82/100 brn|[from] brn
|upkeep
|turn|6
|
|t:|1612273032
|move|p2a: Virizion|Leaf Storm|p1a: Atorrante
|-supereffective|p1a: Atorrante
|-damage|p1a: Atorrante|0 fnt
|-unboost|p2a: Virizion|spa|2
|-damage|p2a: Virizion|72/100 brn|[from] item: Life Orb
|faint|p1a: Atorrante
|
|-damage|p2a: Virizion|66/100 brn|[from] brn
|upkeep
|
|t:|1612273051
|switch|p1a: Hawkeye|Talonflame, M|100/100
|turn|7
|
|t:|1612273059
|switch|p2a: Mesprit|Mesprit|100/100
|-damage|p2a: Mesprit|88/100|[from] Stealth Rock
|move|p1a: Hawkeye|Brave Bird|p2a: Mesprit
|-damage|p2a: Mesprit|67/100
|-damage|p1a: Hawkeye|94/100|[from] Recoil
|
|upkeep
|turn|8
|
|t:|1612273080
|switch|p1a: Linterna|Lanturn, F|100/100
|-damage|p1a: Linterna|88/100|[from] Spikes
|move|p2a: Mesprit|Stealth Rock|p1a: Linterna
|-sidestart|p1: Fur4nk0|move: Stealth Rock
|
|upkeep
|turn|9
|
|t:|1612273090
|switch|p2a: Virizion|Virizion|66/100 brn
|-damage|p2a: Virizion|59/100 brn|[from] Stealth Rock
|move|p1a: Linterna|Discharge|p2a: Virizion
|-resisted|p2a: Virizion
|-damage|p2a: Virizion|45/100 brn
|
|-damage|p2a: Virizion|39/100 brn|[from] brn
|upkeep
|turn|10
|
|t:|1612273100
|switch|p1a: Hawkeye|Talonflame, M|94/100
|move|p2a: Virizion|Synthesis|p2a: Virizion
|-heal|p2a: Virizion|88/100 brn
|
|-damage|p2a: Virizion|82/100 brn|[from] brn
|upkeep
|turn|11
|
|t:|1612273115
|move|p1a: Hawkeye|Brave Bird|p2a: Virizion
|-supereffective|p2a: Virizion
|-damage|p2a: Virizion|0 fnt
|-damage|p1a: Hawkeye|69/100|[from] Recoil
|faint|p2a: Virizion
|
|upkeep
|
|t:|1612273121
|switch|p2a: Charizard|Charizard, M|100/100
|turn|12
|
|t:|1612273127
|switch|p1a: Linterna|Lanturn, F|88/100
|-damage|p1a: Linterna|76/100|[from] Spikes
|-damage|p1a: Linterna|64/100|[from] Stealth Rock
|move|p2a: Charizard|Hurricane|p1a: Linterna
|-resisted|p1a: Linterna
|-damage|p1a: Linterna|45/100
|
|upkeep
|turn|13
|
|t:|1612273139
|switch|p2a: Sandslash|Sandslash-Alola, F|88/100 brn
|move|p1a: Linterna|Discharge|p2a: Sandslash
|-damage|p2a: Sandslash|37/100 brn
|
|-damage|p2a: Sandslash|31/100 brn|[from] brn
|upkeep
|turn|14
|
|t:|1612273149
|move|p2a: Sandslash|Rapid Spin|p1a: Linterna
|-damage|p1a: Linterna|36/100
|-boost|p2a: Sandslash|spe|1
|-sideend|p2: siegbackto|Toxic Spikes|[from] move: Rapid Spin|[of] p2a: Sandslash
|-sideend|p2: siegbackto|Stealth Rock|[from] move: Rapid Spin|[of] p2a: Sandslash
|move|p1a: Linterna|Discharge|p2a: Sandslash
|-damage|p2a: Sandslash|0 fnt
|faint|p2a: Sandslash
|
|upkeep
|
|t:|1612273161
|switch|p2a: Kabutops|Kabutops, F|100/100
|turn|15
|
|t:|1612273164
|move|p2a: Kabutops|Stone Edge|p1a: Linterna|[miss]
|-miss|p2a: Kabutops|p1a: Linterna
|move|p1a: Linterna|Discharge|p2a: Kabutops
|-supereffective|p2a: Kabutops
|-damage|p2a: Kabutops|0 fnt
|faint|p2a: Kabutops
|
|upkeep
|c|☆siegbackto|skillful game
|-message|siegbackto forfeited.
|
|win|Fur4nk0
|l|☆siegbackto
||Ladder (probably) updated, but score could not be retrieved (Request timeout).
