|raw|<div class="broadcast-blue"><strong>This battle is required to be public due to a player having a name starting with 'pult4c1'.</div>
|j|☆gassy neigh
|j|☆PULT4C1 Inder
|t:|1660557731
|gametype|singles
|player|p1|gassy neigh|clown|1612
|player|p2|PULT4C1 Inder|lyra|1413
|teamsize|p1|6
|teamsize|p2|6
|gen|8
|tier|[Gen 8] PU
|rated|
|rule|Sleep Clause Mod: Limit one foe put to sleep
|rule|Species Clause: Limit one of each Pokémon
|rule|OHKO Clause: OHKO moves are banned
|rule|Evasion Items Clause: Evasion items are banned
|rule|Evasion Moves Clause: Evasion moves are banned
|rule|Endless Battle Clause: Forcing endless battles is banned
|rule|HP Percentage Mod: HP is shown in percentages
|rule|Dynamax Clause: You cannot dynamax
|clearpoke
|poke|p1|Gigalith, M|
|poke|p1|Gourgeist-*, F|
|poke|p1|Cryogonal|
|poke|p1|Comfey, M|
|poke|p1|Persian-Alola, M|
|poke|p1|Magneton|
|poke|p2|Doublade, F|
|poke|p2|Vikavolt, F|
|poke|p2|Archeops, M|
|poke|p2|Silvally-*|
|poke|p2|Turtonator, F|
|poke|p2|Druddigon, F|
|teampreview
|inactive|Battle timer is ON: inactive players will automatically lose when time's up. (requested by PULT4C1 Inder)
|j| PULT4C1 Lambo
|
|t:|1660557752
|start
|switch|p1a: Comfey|Comfey, M|100/100
|switch|p2a: Druddigon|Druddigon, F|100/100
|-ability|p2a: Druddigon|Mold Breaker
|turn|1
|
|t:|1660557756
|move|p1a: Comfey|Trick|p2a: Druddigon
|-activate|p1a: Comfey|move: Trick|[of] p2a: Druddigon
|-item|p2a: Druddigon|Choice Specs|[from] move: Trick
|-item|p1a: Comfey|Focus Sash|[from] move: Trick
|move|p2a: Druddigon|Stealth Rock|p1a: Comfey
|-sidestart|p1: gassy neigh|move: Stealth Rock
|
|upkeep
|turn|2
|j| Endrick Wagner
|j| Haffling
|
|t:|1660557780
|switch|p2a: Archeops|Archeops, M|100/100
|move|p1a: Comfey|Draining Kiss|p2a: Archeops
|-damage|p2a: Archeops|68/100
|
|upkeep
|turn|3
|
|t:|1660557784
|switch|p2a: Silvally|Silvally-Fairy|100/100
|move|p1a: Comfey|Draining Kiss|p2a: Silvally
|-damage|p2a: Silvally|79/100
|
|upkeep
|turn|4
|
|t:|1660557790
|switch|p1a: Magneton|Magneton|100/100
|-damage|p1a: Magneton|94/100|[from] Stealth Rock
|move|p2a: Silvally|Multi-Attack|p1a: Magneton
|-resisted|p1a: Magneton
|-damage|p1a: Magneton|72/100
|
|upkeep
|turn|5
|
|t:|1660557802
|switch|p2a: Druddigon|Druddigon, F|100/100
|-ability|p2a: Druddigon|Mold Breaker
|move|p1a: Magneton|Volt Switch|p2a: Druddigon
|-resisted|p2a: Druddigon
|-damage|p2a: Druddigon|71/100
|
|t:|1660557805
|switch|p1a: Persian|Persian-Alola, M|100/100|[from]move: Volt Switch
|-damage|p1a: Persian|88/100|[from] Stealth Rock
|
|-heal|p1a: Persian|94/100|[from] item: Leftovers
|upkeep
|turn|6
|
|t:|1660557810
|move|p1a: Persian|Substitute|p1a: Persian
|-start|p1a: Persian|Substitute
|-damage|p1a: Persian|70/100
|move|p2a: Druddigon|Scale Shot|p1a: Persian
|-activate|p1a: Persian|move: Substitute|[damage]
|-end|p1a: Persian|Substitute
|-hitcount|p1a: Persian|2
|-unboost|p2a: Druddigon|def|1
|-boost|p2a: Druddigon|spe|1
|
|-heal|p1a: Persian|75/100|[from] item: Leftovers
|upkeep
|turn|7
|
|t:|1660557817
|switch|p1a: Comfey|Comfey, M|100/100
|-damage|p1a: Comfey|88/100|[from] Stealth Rock
|switch|p2a: Silvally|Silvally-Fairy|79/100
|
|upkeep
|turn|8
|
|t:|1660557824
|switch|p1a: Magneton|Magneton|72/100
|-damage|p1a: Magneton|66/100|[from] Stealth Rock
|move|p2a: Silvally|Multi-Attack|p1a: Magneton
|-resisted|p1a: Magneton
|-damage|p1a: Magneton|46/100
|
|upkeep
|turn|9
|
|t:|1660557835
|switch|p2a: Turtonator|Turtonator, F|100/100
|move|p1a: Magneton|Flash Cannon|p2a: Turtonator
|-resisted|p2a: Turtonator
|-damage|p2a: Turtonator|56/100
|
|upkeep
|turn|10
|
|t:|1660557845
|move|p1a: Magneton|Volt Switch|p2a: Turtonator
|-resisted|p2a: Turtonator
|-damage|p2a: Turtonator|30/100
|
|t:|1660557849
|switch|p1a: Gigalith|Gigalith, M|100/100|[from]move: Volt Switch
|-damage|p1a: Gigalith|88/100|[from] Stealth Rock
|-weather|Sandstorm|[from] ability: Sand Stream|[of] p1a: Gigalith
|move|p2a: Turtonator|Shell Smash|p2a: Turtonator
|-unboost|p2a: Turtonator|def|1
|-unboost|p2a: Turtonator|spd|1
|-boost|p2a: Turtonator|atk|2
|-boost|p2a: Turtonator|spa|2
|-boost|p2a: Turtonator|spe|2
|
|-weather|Sandstorm|[upkeep]
|-damage|p2a: Turtonator|24/100|[from] Sandstorm
|-heal|p1a: Gigalith|94/100|[from] item: Leftovers
|upkeep
|turn|11
|
|t:|1660557853
|move|p2a: Turtonator|Flash Cannon|p1a: Gigalith
|-supereffective|p1a: Gigalith
|-damage|p1a: Gigalith|52/100
|-unboost|p1a: Gigalith|spd|1
|move|p1a: Gigalith|Earthquake|p2a: Turtonator
|-supereffective|p2a: Turtonator
|-damage|p2a: Turtonator|0 fnt
|faint|p2a: Turtonator
|
|-weather|Sandstorm|[upkeep]
|-heal|p1a: Gigalith|58/100|[from] item: Leftovers
|upkeep
|
|t:|1660557859
|switch|p2a: Archeops|Archeops, M|68/100
|turn|12
|l| Endrick Wagner
|inactive|gassy neigh has 120 seconds left.
|
|t:|1660557892
|switch|p1a: Comfey|Comfey, M|88/100
|-damage|p1a: Comfey|76/100|[from] Stealth Rock
|move|p2a: Archeops|Meteor Beam||[still]
|-prepare|p2a: Archeops|Meteor Beam
|-boost|p2a: Archeops|spa|1
|-enditem|p2a: Archeops|Power Herb
|-anim|p2a: Archeops|Meteor Beam|p1a: Comfey
|-damage|p1a: Comfey|0 fnt
|faint|p1a: Comfey
|
|-weather|Sandstorm|[upkeep]
|upkeep
|inactive|gassy neigh has 120 seconds left.
|
|t:|1660557897
|switch|p1a: Cryogonal|Cryogonal|100/100
|turn|13
|
|t:|1660557909
|switch|p2a: Doublade|Doublade, F|100/100
|move|p1a: Cryogonal|Frost Breath|p2a: Doublade
|-resisted|p2a: Doublade
|-crit|p2a: Doublade
|-damage|p2a: Doublade|79/100
|
|-weather|Sandstorm|[upkeep]
|-damage|p1a: Cryogonal|95/100|[from] Sandstorm
|upkeep
|turn|14
|
|t:|1660557920
|switch|p1a: Gourgeist|Gourgeist-Super, F|100/100
|-damage|p1a: Gourgeist|88/100|[from] Stealth Rock
|-item|p2a: Doublade|Eviolite|[from] ability: Frisk|[of] p1a: Gourgeist|[identify]
|move|p2a: Doublade|Shadow Claw|p1a: Gourgeist
|-supereffective|p1a: Gourgeist
|-damage|p1a: Gourgeist|17/100
|
|-weather|none
|upkeep
|turn|15
|
|t:|1660557927
|switch|p2a: Vikavolt|Vikavolt, F|100/100
|move|p1a: Gourgeist|Shadow Sneak|p2a: Vikavolt
|-damage|p2a: Vikavolt|76/100
|
|upkeep
|turn|16
|
|t:|1660557937
|move|p1a: Gourgeist|Poltergeist|p2a: Vikavolt
|-activate|p2a: Vikavolt|move: Poltergeist|Throat Spray
|-damage|p2a: Vikavolt|9/100
|move|p2a: Vikavolt|Agility|p2a: Vikavolt
|-boost|p2a: Vikavolt|spe|2
|
|upkeep
|turn|17
|
|t:|1660557943
|move|p1a: Gourgeist|Shadow Sneak|p2a: Vikavolt
|-damage|p2a: Vikavolt|0 fnt
|faint|p2a: Vikavolt
|
|upkeep
|
|t:|1660557947
|switch|p2a: Silvally|Silvally-Fairy|79/100
|turn|18
|
|t:|1660557952
|move|p1a: Gourgeist|Shadow Sneak|p2a: Silvally
|-damage|p2a: Silvally|58/100
|move|p2a: Silvally|Flame Charge|p1a: Gourgeist
|-supereffective|p1a: Gourgeist
|-damage|p1a: Gourgeist|0 fnt
|-boost|p2a: Silvally|spe|1
|faint|p1a: Gourgeist
|
|upkeep
|
|t:|1660557956
|switch|p1a: Magneton|Magneton|46/100
|-damage|p1a: Magneton|40/100|[from] Stealth Rock
|turn|19
|
|t:|1660557972
|switch|p2a: Druddigon|Druddigon, F|71/100
|-ability|p2a: Druddigon|Mold Breaker
|move|p1a: Magneton|Flash Cannon|p2a: Druddigon
|-damage|p2a: Druddigon|0 fnt
|faint|p2a: Druddigon
|
|upkeep
|
|t:|1660557977
|switch|p2a: Archeops|Archeops, M|68/100
|turn|20
|
|t:|1660557980
|switch|p1a: Cryogonal|Cryogonal|95/100
|move|p2a: Archeops|Earth Power|p1a: Cryogonal
|-immune|p1a: Cryogonal|[from] ability: Levitate
|
|upkeep
|turn|21
|
|t:|1660557992
|move|p2a: Archeops|Earth Power|p1a: Cryogonal
|-immune|p1a: Cryogonal|[from] ability: Levitate
|move|p1a: Cryogonal|Frost Breath|p2a: Archeops
|-supereffective|p2a: Archeops
|-crit|p2a: Archeops
|-damage|p2a: Archeops|0 fnt
|faint|p2a: Archeops
|
|upkeep
|
|t:|1660557994
|switch|p2a: Doublade|Doublade, F|79/100
|turn|22
|
|t:|1660558003
|switch|p1a: Gigalith|Gigalith, M|58/100
|-damage|p1a: Gigalith|45/100|[from] Stealth Rock
|-weather|Sandstorm|[from] ability: Sand Stream|[of] p1a: Gigalith
|move|p2a: Doublade|Swords Dance|p2a: Doublade
|-boost|p2a: Doublade|atk|2
|
|-weather|Sandstorm|[upkeep]
|-heal|p1a: Gigalith|52/100|[from] item: Leftovers
|upkeep
|turn|23
|
|t:|1660558015
|move|p2a: Doublade|Close Combat|p1a: Gigalith
|-supereffective|p1a: Gigalith
|-damage|p1a: Gigalith|0 fnt
|-unboost|p2a: Doublade|def|1
|-unboost|p2a: Doublade|spd|1
|faint|p1a: Gigalith
|
|-weather|Sandstorm|[upkeep]
|upkeep
|
|t:|1660558021
|switch|p1a: Persian|Persian-Alola, M|75/100
|-damage|p1a: Persian|63/100|[from] Stealth Rock
|turn|24
|
|t:|1660558026
|switch|p2a: Silvally|Silvally-Fairy|58/100
|move|p1a: Persian|Dark Pulse|p2a: Silvally
|-resisted|p2a: Silvally
|-damage|p2a: Silvally|42/100
|
|-weather|Sandstorm|[upkeep]
|-damage|p1a: Persian|57/100|[from] Sandstorm
|-damage|p2a: Silvally|36/100|[from] Sandstorm
|-heal|p1a: Persian|63/100|[from] item: Leftovers
|upkeep
|turn|25
|
|t:|1660558033
|move|p1a: Persian|Hypnosis|p2a: Silvally|[miss]
|-miss|p1a: Persian|p2a: Silvally
|move|p2a: Silvally|Multi-Attack|p1a: Persian
|-supereffective|p1a: Persian
|-damage|p1a: Persian|0 fnt
|faint|p1a: Persian
|
|-weather|Sandstorm|[upkeep]
|-damage|p2a: Silvally|30/100|[from] Sandstorm
|upkeep
|
|t:|1660558037
|switch|p1a: Cryogonal|Cryogonal|95/100
|turn|26
|
|t:|1660558046
|move|p1a: Cryogonal|Frost Breath|p2a: Silvally
|-crit|p2a: Silvally
|-damage|p2a: Silvally|0 fnt
|faint|p2a: Silvally
|
|-weather|none
|upkeep
|
|t:|1660558049
|switch|p2a: Doublade|Doublade, F|79/100
|turn|27
|
|t:|1660558052
|move|p1a: Cryogonal|Frost Breath|p2a: Doublade
|-resisted|p2a: Doublade
|-crit|p2a: Doublade
|-damage|p2a: Doublade|59/100
|move|p2a: Doublade|Swords Dance|p2a: Doublade
|-boost|p2a: Doublade|atk|2
|
|upkeep
|turn|28
|
|t:|1660558063
|move|p1a: Cryogonal|Frost Breath|p2a: Doublade
|-resisted|p2a: Doublade
|-crit|p2a: Doublade
|-damage|p2a: Doublade|37/100
|move|p2a: Doublade|Close Combat|p1a: Cryogonal
|-supereffective|p1a: Cryogonal
|-damage|p1a: Cryogonal|0 fnt
|-unboost|p2a: Doublade|def|1
|-unboost|p2a: Doublade|spd|1
|faint|p1a: Cryogonal
|
|upkeep
|
|t:|1660558065
|switch|p1a: Magneton|Magneton|40/100
|-damage|p1a: Magneton|34/100|[from] Stealth Rock
|turn|29
|
|t:|1660558068
|move|p2a: Doublade|Shadow Sneak|p1a: Magneton
|-damage|p1a: Magneton|0 fnt
|faint|p1a: Magneton
|
|win|PULT4C1 Inder
|raw|gassy neigh's rating: 1612 &rarr; <strong>1582</strong><br />(-30 for losing)
|raw|PULT4C1 Inder's rating: 1413 &rarr; <strong>1443</strong><br />(+30 for winning)
|c|☆gassy neigh|gg
|c|☆PULT4C1 Inder|gg
