|html|<div class="broadcast-blue"><strong>[Gen 8] PU is currently suspecting Scyther! For information on how to participate check out the <a href="https://www.smogon.com/forums/threads/np-ss-pu-stage-11-turn-turn-turn-scyther-retest.3707179/">suspect thread</a>.</strong></div>
|raw|<div class="broadcast-blue"><strong>This battle is required to be public due to a player having a name starting with 'pult4v4'.</div>
|j|☆Cyber Cop (Police)
|j|☆PULT4V4 Nindo
|t:|1662877600
|gametype|singles
|player|p1|Cyber Cop (Police)|officer-gen2|1293
|player|p2|PULT4V4 Nindo|101|1267
|teamsize|p1|6
|teamsize|p2|6
|gen|8
|tier|[Gen 8] PU
|rated|
|rule|Sleep Clause Mod: Limit one foe put to sleep
|rule|Species Clause: Limit one of each Pokémon
|rule|OHKO Clause: OHKO moves are banned
|rule|Evasion Items Clause: Evasion items are banned
|rule|Evasion Moves Clause: Evasion moves are banned
|rule|Endless Battle Clause: Forcing endless battles is banned
|rule|HP Percentage Mod: HP is shown in percentages
|rule|Dynamax Clause: You cannot dynamax
|clearpoke
|poke|p1|Charizard, F|
|poke|p1|Cradily, F|
|poke|p1|Scrafty, F|
|poke|p1|Ribombee, F|
|poke|p1|Togedemaru, M|
|poke|p1|Wishiwashi, F|
|poke|p2|Centiskorch, M|
|poke|p2|Galvantula, F|
|poke|p2|Sandslash, F|
|poke|p2|Gigalith, F|
|poke|p2|Articuno-Galar|
|poke|p2|Jellicent, M|
|teampreview
|
|t:|1662877633
|start
|switch|p1a: Cradily|Cradily, F|100/100
|switch|p2a: Articuno|Articuno-Galar|100/100
|turn|1
|
|t:|1662877671
|move|p2a: Articuno|Hurricane|p1a: Cradily
|-damage|p1a: Cradily|49/100
|-start|p1a: Cradily|confusion
|-activate|p1a: Cradily|confusion
|move|p1a: Cradily|Meteor Beam||[still]
|-prepare|p1a: Cradily|Meteor Beam
|-boost|p1a: Cradily|spa|1
|-enditem|p1a: Cradily|Power Herb
|-anim|p1a: Cradily|Meteor Beam|p2a: Articuno
|-supereffective|p2a: Articuno
|-damage|p2a: Articuno|0 fnt
|faint|p2a: Articuno
|
|upkeep
|
|t:|1662877703
|switch|p2a: Centiskorch|Centiskorch, M|100/100
|turn|2
|
|t:|1662877714
|switch|p1a: Wishiwashi|Wishiwashi, F|100/100
|-formechange|p1a: Wishiwashi|Wishiwashi-School||[from] ability: Schooling
|move|p2a: Centiskorch|Fire Lash|p1a: Wishiwashi
|-resisted|p1a: Wishiwashi
|-damage|p1a: Wishiwashi|87/100
|-unboost|p1a: Wishiwashi|def|1
|
|-heal|p1a: Wishiwashi|93/100|[from] item: Leftovers
|upkeep
|turn|3
|
|t:|1662877721
|switch|p1a: Charizard|Charizard, F|100/100
|move|p2a: Centiskorch|Power Whip|p1a: Charizard
|-resisted|p1a: Charizard
|-damage|p1a: Charizard|88/100
|
|upkeep
|turn|4
|
|t:|1662877725
|switch|p2a: Gigalith|Gigalith, F|100/100
|-weather|Sandstorm|[from] ability: Sand Stream|[of] p2a: Gigalith
|move|p1a: Charizard|Toxic|p2a: Gigalith
|-status|p2a: Gigalith|tox
|
|-weather|Sandstorm|[upkeep]
|-damage|p1a: Charizard|82/100|[from] Sandstorm
|-damage|p2a: Gigalith|94/100 tox|[from] psn
|upkeep
|turn|5
|
|t:|1662877730
|switch|p1a: Cradily|Cradily, F|49/100
|move|p2a: Gigalith|Stealth Rock|p1a: Cradily
|-sidestart|p1: Cyber Cop (Police)|move: Stealth Rock
|
|-weather|Sandstorm|[upkeep]
|-heal|p2a: Gigalith|100/100 tox|[from] item: Leftovers
|-damage|p2a: Gigalith|88/100 tox|[from] psn
|upkeep
|turn|6
|
|t:|1662877733
|switch|p2a: Centiskorch|Centiskorch, M|100/100
|move|p1a: Cradily|Recover|p1a: Cradily
|-heal|p1a: Cradily|99/100
|
|-weather|Sandstorm|[upkeep]
|-damage|p2a: Centiskorch|94/100|[from] Sandstorm
|upkeep
|turn|7
|
|t:|1662877738
|switch|p1a: Charizard|Charizard, F|82/100
|move|p2a: Centiskorch|Fire Lash|p1a: Charizard
|-resisted|p1a: Charizard
|-damage|p1a: Charizard|59/100
|-unboost|p1a: Charizard|def|1
|
|-weather|Sandstorm|[upkeep]
|-damage|p1a: Charizard|53/100|[from] Sandstorm
|-damage|p2a: Centiskorch|88/100|[from] Sandstorm
|upkeep
|turn|8
|
|t:|1662877741
|switch|p2a: Gigalith|Gigalith, F|88/100 tox
|move|p1a: Charizard|Roost|p1a: Charizard
|-heal|p1a: Charizard|100/100
|-singleturn|p1a: Charizard|move: Roost
|
|-weather|none
|-heal|p2a: Gigalith|94/100 tox|[from] item: Leftovers
|-damage|p2a: Gigalith|88/100 tox|[from] psn
|upkeep
|turn|9
|
|t:|1662877750
|switch|p1a: Cradily|Cradily, F|99/100
|-damage|p1a: Cradily|87/100|[from] Stealth Rock
|switch|p2a: Centiskorch|Centiskorch, M|88/100
|
|upkeep
|turn|10
|
|t:|1662877754
|switch|p1a: Charizard|Charizard, F|100/100
|move|p2a: Centiskorch|Knock Off|p1a: Charizard
|-damage|p1a: Charizard|58/100
|-enditem|p1a: Charizard|Heavy-Duty Boots|[from] move: Knock Off|[of] p2a: Centiskorch
|
|upkeep
|turn|11
|
|t:|1662877760
|switch|p2a: Gigalith|Gigalith, F|88/100 tox
|-weather|Sandstorm|[from] ability: Sand Stream|[of] p2a: Gigalith
|move|p1a: Charizard|Defog|p2a: Gigalith
|-unboost|p2a: Gigalith|evasion|1
|-sideend|p1: Cyber Cop (Police)|Stealth Rock|[from] move: Defog|[of] p1a: Charizard
|
|-weather|Sandstorm|[upkeep]
|-damage|p1a: Charizard|52/100|[from] Sandstorm
|-heal|p2a: Gigalith|94/100 tox|[from] item: Leftovers
|-damage|p2a: Gigalith|88/100 tox|[from] psn
|upkeep
|turn|12
|
|t:|1662877766
|switch|p1a: Scrafty|Scrafty, F|100/100
|-ability|p1a: Scrafty|Intimidate|boost
|-unboost|p2a: Gigalith|atk|1
|move|p2a: Gigalith|Stealth Rock|p1a: Scrafty
|-sidestart|p1: Cyber Cop (Police)|move: Stealth Rock
|
|-weather|Sandstorm|[upkeep]
|-damage|p1a: Scrafty|95/100|[from] Sandstorm
|-heal|p2a: Gigalith|94/100 tox|[from] item: Leftovers
|-damage|p2a: Gigalith|82/100 tox|[from] psn
|upkeep
|turn|13
|
|t:|1662877769
|switch|p2a: Centiskorch|Centiskorch, M|88/100
|move|p1a: Scrafty|Knock Off|p2a: Centiskorch
|-damage|p2a: Centiskorch|0 fnt
|-enditem|p2a: Centiskorch|Heavy-Duty Boots|[from] move: Knock Off|[of] p1a: Scrafty
|faint|p2a: Centiskorch
|
|-weather|Sandstorm|[upkeep]
|-damage|p1a: Scrafty|89/100|[from] Sandstorm
|upkeep
|
|t:|1662877776
|switch|p2a: Galvantula|Galvantula, F|100/100
|turn|14
|
|t:|1662877783
|switch|p1a: Charizard|Charizard, F|52/100
|-damage|p1a: Charizard|2/100|[from] Stealth Rock
|move|p2a: Galvantula|Sticky Web|p1a: Charizard
|-sidestart|p1: Cyber Cop (Police)|move: Sticky Web
|
|-weather|Sandstorm|[upkeep]
|-damage|p2a: Galvantula|94/100|[from] Sandstorm
|-damage|p1a: Charizard|0 fnt|[from] Sandstorm
|faint|p1a: Charizard
|upkeep
|
|t:|1662877787
|switch|p1a: Togedemaru|Togedemaru, M|100/100
|-damage|p1a: Togedemaru|95/100|[from] Stealth Rock
|-activate|p1a: Togedemaru|move: Sticky Web
|-unboost|p1a: Togedemaru|spe|1
|turn|15
|
|t:|1662877790
|switch|p2a: Sandslash|Sandslash, F|100/100
|move|p1a: Togedemaru|Iron Head|p2a: Sandslash
|-damage|p2a: Sandslash|70/100
|
|-weather|none
|-heal|p2a: Sandslash|76/100|[from] item: Leftovers
|-heal|p1a: Togedemaru|100/100|[from] item: Leftovers
|upkeep
|turn|16
|
|t:|1662877800
|switch|p1a: Wishiwashi|Wishiwashi, F|93/100
|-damage|p1a: Wishiwashi|81/100|[from] Stealth Rock
|-activate|p1a: Wishiwashi|move: Sticky Web
|-unboost|p1a: Wishiwashi|spe|1
|-formechange|p1a: Wishiwashi|Wishiwashi-School||[from] ability: Schooling
|move|p2a: Sandslash|Earthquake|p1a: Wishiwashi
|-damage|p1a: Wishiwashi|50/100
|
|-heal|p2a: Sandslash|82/100|[from] item: Leftovers
|-heal|p1a: Wishiwashi|56/100|[from] item: Leftovers
|upkeep
|turn|17
|
|t:|1662877812
|switch|p2a: Jellicent|Jellicent, M|100/100
|move|p1a: Wishiwashi|Rest|p1a: Wishiwashi
|-status|p1a: Wishiwashi|slp|[from] move: Rest
|-heal|p1a: Wishiwashi|100/100 slp|[silent]
|
|upkeep
|turn|18
|
|t:|1662877819
|move|p2a: Jellicent|Will-O-Wisp||[still]
|-fail|p2a: Jellicent
|cant|p1a: Wishiwashi|slp
|move|p1a: Wishiwashi|Sleep Talk|p1a: Wishiwashi
|move|p1a: Wishiwashi|U-turn|p2a: Jellicent|[from]move: Sleep Talk
|-resisted|p2a: Jellicent
|-damage|p2a: Jellicent|93/100
|
|t:|1662877824
|switch|p1a: Cradily|Cradily, F|87/100|[from]move: U-turn
|-damage|p1a: Cradily|75/100|[from] Stealth Rock
|-activate|p1a: Cradily|move: Sticky Web
|-unboost|p1a: Cradily|spe|1
|
|upkeep
|turn|19
|
|t:|1662877830
|switch|p2a: Galvantula|Galvantula, F|94/100
|move|p1a: Cradily|Giga Drain|p2a: Galvantula
|-resisted|p2a: Galvantula
|-damage|p2a: Galvantula|68/100
|-heal|p1a: Cradily|85/100|[from] drain|[of] p2a: Galvantula
|
|upkeep
|turn|20
|
|t:|1662877834
|switch|p1a: Togedemaru|Togedemaru, M|100/100
|-damage|p1a: Togedemaru|95/100|[from] Stealth Rock
|-activate|p1a: Togedemaru|move: Sticky Web
|-unboost|p1a: Togedemaru|spe|1
|move|p2a: Galvantula|Bug Buzz|p1a: Togedemaru
|-resisted|p1a: Togedemaru
|-damage|p1a: Togedemaru|79/100
|-unboost|p1a: Togedemaru|spd|1
|
|-heal|p1a: Togedemaru|85/100|[from] item: Leftovers
|upkeep
|turn|21
|
|t:|1662877841
|switch|p2a: Sandslash|Sandslash, F|82/100
|move|p1a: Togedemaru|U-turn|p2a: Sandslash
|-damage|p2a: Sandslash|64/100
|
|t:|1662877844
|switch|p1a: Wishiwashi|Wishiwashi, F|100/100 slp|[from]move: U-turn
|-damage|p1a: Wishiwashi|88/100 slp|[from] Stealth Rock
|-activate|p1a: Wishiwashi|move: Sticky Web
|-unboost|p1a: Wishiwashi|spe|1
|-formechange|p1a: Wishiwashi|Wishiwashi-School||[from] ability: Schooling
|
|-heal|p2a: Sandslash|70/100|[from] item: Leftovers
|-heal|p1a: Wishiwashi|94/100 slp|[from] item: Leftovers
|upkeep
|turn|22
|
|t:|1662877849
|switch|p2a: Jellicent|Jellicent, M|93/100
|cant|p1a: Wishiwashi|slp
|move|p1a: Wishiwashi|Sleep Talk|p1a: Wishiwashi
|move|p1a: Wishiwashi|Rest||[from]move: Sleep Talk|[still]
|-fail|p1a: Wishiwashi
|
|-heal|p1a: Wishiwashi|100/100 slp|[from] item: Leftovers
|upkeep
|turn|23
|
|t:|1662877856
|move|p2a: Jellicent|Hex|p1a: Wishiwashi
|-damage|p1a: Wishiwashi|65/100 slp
|-curestatus|p1a: Wishiwashi|slp|[msg]
|move|p1a: Wishiwashi|U-turn|p2a: Jellicent
|-resisted|p2a: Jellicent
|-damage|p2a: Jellicent|86/100
|-start|p1a: Wishiwashi|Disable|U-turn|[from] ability: Cursed Body|[of] p2a: Jellicent
|
|t:|1662877860
|switch|p1a: Cradily|Cradily, F|85/100|[from]move: U-turn
|-damage|p1a: Cradily|72/100|[from] Stealth Rock
|-activate|p1a: Cradily|move: Sticky Web
|-unboost|p1a: Cradily|spe|1
|
|upkeep
|turn|24
|
|t:|1662877865
|switch|p2a: Galvantula|Galvantula, F|68/100
|move|p1a: Cradily|Giga Drain|p2a: Galvantula
|-resisted|p2a: Galvantula
|-damage|p2a: Galvantula|41/100
|-heal|p1a: Cradily|83/100|[from] drain|[of] p2a: Galvantula
|
|upkeep
|turn|25
|
|t:|1662877881
|switch|p2a: Sandslash|Sandslash, F|70/100
|switch|p1a: Togedemaru|Togedemaru, M|85/100
|-damage|p1a: Togedemaru|79/100|[from] Stealth Rock
|-activate|p1a: Togedemaru|move: Sticky Web
|-unboost|p1a: Togedemaru|spe|1
|
|-heal|p2a: Sandslash|76/100|[from] item: Leftovers
|-heal|p1a: Togedemaru|85/100|[from] item: Leftovers
|upkeep
|turn|26
|
|t:|1662877887
|switch|p1a: Scrafty|Scrafty, F|89/100
|-damage|p1a: Scrafty|83/100|[from] Stealth Rock
|-activate|p1a: Scrafty|move: Sticky Web
|-unboost|p1a: Scrafty|spe|1
|-ability|p1a: Scrafty|Intimidate|boost
|-unboost|p2a: Sandslash|atk|1
|move|p2a: Sandslash|Knock Off|p1a: Scrafty
|-resisted|p1a: Scrafty
|-damage|p1a: Scrafty|78/100
|-enditem|p1a: Scrafty|Choice Band|[from] move: Knock Off|[of] p2a: Sandslash
|
|-heal|p2a: Sandslash|82/100|[from] item: Leftovers
|upkeep
|turn|27
|
|t:|1662877897
|move|p2a: Sandslash|Swords Dance|p2a: Sandslash
|-boost|p2a: Sandslash|atk|2
|move|p1a: Scrafty|Knock Off|p2a: Sandslash
|-damage|p2a: Sandslash|34/100
|-enditem|p2a: Sandslash|Leftovers|[from] move: Knock Off|[of] p1a: Scrafty
|
|upkeep
|turn|28
|
|t:|1662877906
|switch|p1a: Wishiwashi|Wishiwashi, F|65/100
|-damage|p1a: Wishiwashi|53/100|[from] Stealth Rock
|-activate|p1a: Wishiwashi|move: Sticky Web
|-unboost|p1a: Wishiwashi|spe|1
|-formechange|p1a: Wishiwashi|Wishiwashi-School||[from] ability: Schooling
|move|p2a: Sandslash|Earthquake|p1a: Wishiwashi
|-damage|p1a: Wishiwashi|2/100
|
|-heal|p1a: Wishiwashi|8/100|[from] item: Leftovers
|-formechange|p1a: Wishiwashi|Wishiwashi||[from] ability: Schooling
|upkeep
|turn|29
|
|t:|1662877913
|move|p2a: Sandslash|Rapid Spin|p1a: Wishiwashi
|-damage|p1a: Wishiwashi|0 fnt
|-boost|p2a: Sandslash|spe|1
|faint|p1a: Wishiwashi
|
|upkeep
|
|t:|1662877916
|switch|p1a: Ribombee|Ribombee, F|100/100
|turn|30
|
|t:|1662877922
|switch|p2a: Gigalith|Gigalith, F|82/100 tox
|-weather|Sandstorm|[from] ability: Sand Stream|[of] p2a: Gigalith
|move|p1a: Ribombee|Moonblast|p2a: Gigalith
|-damage|p2a: Gigalith|63/100 tox
|
|-weather|Sandstorm|[upkeep]
|-damage|p1a: Ribombee|94/100|[from] Sandstorm
|-heal|p2a: Gigalith|69/100 tox|[from] item: Leftovers
|-damage|p2a: Gigalith|63/100 tox|[from] psn
|upkeep
|turn|31
|
|t:|1662877929
|switch|p1a: Cradily|Cradily, F|83/100
|-damage|p1a: Cradily|70/100|[from] Stealth Rock
|-activate|p1a: Cradily|move: Sticky Web
|-unboost|p1a: Cradily|spe|1
|switch|p2a: Galvantula|Galvantula, F|41/100
|
|-weather|Sandstorm|[upkeep]
|-damage|p2a: Galvantula|35/100|[from] Sandstorm
|upkeep
|turn|32
|
|t:|1662877933
|switch|p1a: Togedemaru|Togedemaru, M|85/100
|-damage|p1a: Togedemaru|79/100|[from] Stealth Rock
|-activate|p1a: Togedemaru|move: Sticky Web
|-unboost|p1a: Togedemaru|spe|1
|move|p2a: Galvantula|Bug Buzz|p1a: Togedemaru
|-resisted|p1a: Togedemaru
|-damage|p1a: Togedemaru|62/100
|
|-weather|Sandstorm|[upkeep]
|-damage|p2a: Galvantula|29/100|[from] Sandstorm
|-heal|p1a: Togedemaru|68/100|[from] item: Leftovers
|upkeep
|turn|33
|
|t:|1662877937
|switch|p2a: Jellicent|Jellicent, M|86/100
|move|p1a: Togedemaru|Wish|p1a: Togedemaru
|
|-weather|Sandstorm|[upkeep]
|-damage|p2a: Jellicent|80/100|[from] Sandstorm
|-heal|p1a: Togedemaru|74/100|[from] item: Leftovers
|upkeep
|turn|34
|
|t:|1662877944
|switch|p1a: Cradily|Cradily, F|70/100
|-damage|p1a: Cradily|58/100|[from] Stealth Rock
|-activate|p1a: Cradily|move: Sticky Web
|-unboost|p1a: Cradily|spe|1
|move|p2a: Jellicent|Will-O-Wisp|p1a: Cradily
|-status|p1a: Cradily|brn
|
|-weather|none
|-heal|p1a: Cradily|100/100 brn|[from] move: Wish|[wisher] Togedemaru
|-damage|p1a: Cradily|94/100 brn|[from] brn
|upkeep
|turn|35
|
|t:|1662877958
|move|p2a: Jellicent|Hex|p1a: Cradily
|-damage|p1a: Cradily|58/100 brn
|move|p1a: Cradily|Giga Drain|p2a: Jellicent
|-supereffective|p2a: Jellicent
|-damage|p2a: Jellicent|33/100
|-heal|p1a: Cradily|84/100 brn|[from] drain|[of] p2a: Jellicent
|
|-damage|p1a: Cradily|78/100 brn|[from] brn
|upkeep
|turn|36
|
|t:|1662877968
|move|p2a: Jellicent|Recover|p2a: Jellicent
|-heal|p2a: Jellicent|83/100
|move|p1a: Cradily|Meteor Beam||[still]
|-prepare|p1a: Cradily|Meteor Beam
|-boost|p1a: Cradily|spa|1
|
|-damage|p1a: Cradily|71/100 brn|[from] brn
|upkeep
|turn|37
|
|t:|1662877973
|move|p2a: Jellicent|Hex|p1a: Cradily
|-damage|p1a: Cradily|36/100 brn
|move|p1a: Cradily|Meteor Beam|p2a: Jellicent|[from]lockedmove
|-damage|p2a: Jellicent|26/100
|-start|p1a: Cradily|Disable|Meteor Beam|[from] ability: Cursed Body|[of] p2a: Jellicent
|
|-damage|p1a: Cradily|29/100 brn|[from] brn
|upkeep
|turn|38
|
|t:|1662877981
|move|p2a: Jellicent|Hex|p1a: Cradily
|-damage|p1a: Cradily|0 fnt
|faint|p1a: Cradily
|
|upkeep
|
|t:|1662877985
|switch|p1a: Ribombee|Ribombee, F|94/100
|turn|39
|
|t:|1662877988
|switch|p2a: Gigalith|Gigalith, F|63/100 tox
|-weather|Sandstorm|[from] ability: Sand Stream|[of] p2a: Gigalith
|move|p1a: Ribombee|Moonblast|p2a: Gigalith
|-damage|p2a: Gigalith|42/100 tox
|-unboost|p2a: Gigalith|spa|1
|
|-weather|Sandstorm|[upkeep]
|-damage|p1a: Ribombee|88/100|[from] Sandstorm
|-heal|p2a: Gigalith|48/100 tox|[from] item: Leftovers
|-damage|p2a: Gigalith|42/100 tox|[from] psn
|upkeep
|turn|40
|
|t:|1662878000
|switch|p1a: Scrafty|Scrafty, F|78/100
|-damage|p1a: Scrafty|72/100|[from] Stealth Rock
|-activate|p1a: Scrafty|move: Sticky Web
|-unboost|p1a: Scrafty|spe|1
|-ability|p1a: Scrafty|Intimidate|boost
|-unboost|p2a: Gigalith|atk|1
|move|p2a: Gigalith|Rock Blast|p1a: Scrafty|[miss]
|-miss|p2a: Gigalith|p1a: Scrafty
|
|-weather|Sandstorm|[upkeep]
|-damage|p1a: Scrafty|66/100|[from] Sandstorm
|-heal|p2a: Gigalith|48/100 tox|[from] item: Leftovers
|-damage|p2a: Gigalith|36/100 tox|[from] psn
|upkeep
|turn|41
|
|t:|1662878008
|move|p2a: Gigalith|Protect|p2a: Gigalith
|-singleturn|p2a: Gigalith|Protect
|move|p1a: Scrafty|Drain Punch|p2a: Gigalith
|-activate|p2a: Gigalith|move: Protect
|
|-weather|Sandstorm|[upkeep]
|-damage|p1a: Scrafty|60/100|[from] Sandstorm
|-heal|p2a: Gigalith|42/100 tox|[from] item: Leftovers
|-damage|p2a: Gigalith|24/100 tox|[from] psn
|upkeep
|turn|42
|
|t:|1662878016
|switch|p2a: Jellicent|Jellicent, M|26/100
|move|p1a: Scrafty|Drain Punch|p2a: Jellicent
|-immune|p2a: Jellicent
|
|-weather|Sandstorm|[upkeep]
|-damage|p2a: Jellicent|20/100|[from] Sandstorm
|-damage|p1a: Scrafty|54/100|[from] Sandstorm
|upkeep
|turn|43
|
|t:|1662878020
|move|p2a: Jellicent|Recover|p2a: Jellicent
|-heal|p2a: Jellicent|70/100
|move|p1a: Scrafty|Knock Off|p2a: Jellicent
|-supereffective|p2a: Jellicent
|-enditem|p2a: Jellicent|Colbur Berry|[eat]
|-enditem|p2a: Jellicent|Colbur Berry|[weaken]
|-damage|p2a: Jellicent|38/100
|
|-weather|none
|upkeep
|turn|44
|
|t:|1662878025
|move|p2a: Jellicent|Will-O-Wisp|p1a: Scrafty
|-status|p1a: Scrafty|brn
|move|p1a: Scrafty|Knock Off|p2a: Jellicent
|-supereffective|p2a: Jellicent
|-crit|p2a: Jellicent
|-damage|p2a: Jellicent|5/100
|
|-damage|p1a: Scrafty|48/100 brn|[from] brn
|upkeep
|turn|45
|
|t:|1662878030
|switch|p1a: Ribombee|Ribombee, F|88/100
|move|p2a: Jellicent|Recover|p2a: Jellicent
|-heal|p2a: Jellicent|55/100
|
|upkeep
|turn|46
|
|t:|1662878034
|switch|p2a: Gigalith|Gigalith, F|24/100 tox
|-weather|Sandstorm|[from] ability: Sand Stream|[of] p2a: Gigalith
|move|p1a: Ribombee|Quiver Dance|p1a: Ribombee
|-boost|p1a: Ribombee|spa|1
|-boost|p1a: Ribombee|spd|1
|-boost|p1a: Ribombee|spe|1
|
|-weather|Sandstorm|[upkeep]
|-damage|p1a: Ribombee|82/100|[from] Sandstorm
|-heal|p2a: Gigalith|30/100 tox|[from] item: Leftovers
|-damage|p2a: Gigalith|24/100 tox|[from] psn
|upkeep
|turn|47
|
|t:|1662878039
|move|p1a: Ribombee|Moonblast|p2a: Gigalith
|-damage|p2a: Gigalith|0 fnt
|faint|p2a: Gigalith
|
|-weather|Sandstorm|[upkeep]
|-damage|p1a: Ribombee|76/100|[from] Sandstorm
|upkeep
|
|t:|1662878043
|switch|p2a: Sandslash|Sandslash, F|34/100
|turn|48
|
|t:|1662878045
|move|p1a: Ribombee|Moonblast|p2a: Sandslash
|-damage|p2a: Sandslash|0 fnt
|faint|p2a: Sandslash
|
|-weather|Sandstorm|[upkeep]
|-damage|p1a: Ribombee|70/100|[from] Sandstorm
|upkeep
|
|t:|1662878048
|switch|p2a: Galvantula|Galvantula, F|29/100
|turn|49
|
|t:|1662878050
|move|p1a: Ribombee|Moonblast|p2a: Galvantula
|-damage|p2a: Galvantula|0 fnt
|faint|p2a: Galvantula
|
|-weather|Sandstorm|[upkeep]
|-damage|p1a: Ribombee|64/100|[from] Sandstorm
|upkeep
|c|☆Cyber Cop (Police)|gg
|
|t:|1662878052
|switch|p2a: Jellicent|Jellicent, M|55/100
|turn|50
|
|t:|1662878054
|move|p1a: Ribombee|Moonblast|p2a: Jellicent
|-damage|p2a: Jellicent|6/100
|-unboost|p2a: Jellicent|spa|1
|move|p2a: Jellicent|Hex|p1a: Ribombee
|-damage|p1a: Ribombee|49/100
|
|-weather|none
|upkeep
|turn|51
|-message|PULT4V4 Nindo forfeited.
|
|win|Cyber Cop (Police)
|raw|Cyber Cop (Police)'s rating: 1293 &rarr; <strong>1316</strong><br />(+23 for winning)
|raw|PULT4V4 Nindo's rating: 1267 &rarr; <strong>1244</strong><br />(-23 for losing)
|l|☆PULT4V4 Nindo
|l|☆Cyber Cop (Police)
|j|☆Cyber Cop (Police)
|player|p1|Cyber Cop (Police)|officer-gen2
