|j|☆un vigoroth
|j|☆MoolTool
|player|p1|un vigoroth|swimmer-gen4dp|1413
|player|p2|MoolTool|pryce|1215
|teamsize|p1|6
|teamsize|p2|6
|gametype|singles
|gen|8
|tier|[Gen 8] PU
|rated|
|clearpoke
|poke|p1|Silvally-*|
|poke|p1|Meowstic, M|
|poke|p1|Baltoy|
|poke|p1|Bronzor|
|poke|p1|Heatmor, F|
|poke|p1|Glaceon, M|
|poke|p2|Hitmontop, M|
|poke|p2|Lapras, F|
|poke|p2|Natu, M|
|poke|p2|Stonjourner, M|
|poke|p2|Mawile, F|
|poke|p2|Silvally-*|
|rule|Sleep Clause Mod: Limit one foe put to sleep
|rule|Species Clause: Limit one of each Pokémon
|rule|OHKO Clause: OHKO moves are banned
|rule|Evasion Moves Clause: Evasion moves are banned
|rule|Endless Battle Clause: Forcing endless battles is banned
|rule|HP Percentage Mod: HP is shown in percentages
|rule|Dynamax Clause: You cannot dynamax
|teampreview
|
|start
|switch|p1a: CLAYGOD JR|Baltoy|100/100
|switch|p2a: Silvally|Silvally-Poison|100/100
|turn|1
|
|switch|p1a: Bronzor|Bronzor|100/100
|move|p2a: Silvally|U-turn|p1a: Bronzor
|-damage|p1a: Bronzor|84/100
|
|switch|p2a: Natu|Natu, M|100/100|[from]move: U-turn
|
|upkeep
|turn|2
|
|switch|p1a: Glaceon|Glaceon, M|100/100
|move|p2a: Natu|Night Shade|p1a: Glaceon
|-damage|p1a: Glaceon|64/100
|
|upkeep
|turn|3
|
|switch|p2a: Hitmontop|Hitmontop, M|100/100
|move|p1a: Glaceon|Freeze-Dry|p2a: Hitmontop
|-damage|p2a: Hitmontop|41/100
|
|upkeep
|turn|4
|
|switch|p1a: CLAYGOD JR|Baltoy|100/100
|move|p2a: Hitmontop|Mach Punch|p1a: CLAYGOD JR
|-resisted|p1a: CLAYGOD JR
|-damage|p1a: CLAYGOD JR|85/100
|-damage|p2a: Hitmontop|31/100|[from] item: Life Orb
|
|upkeep
|turn|5
|
|switch|p2a: Natu|Natu, M|100/100
|move|p1a: CLAYGOD JR|Earth Power|p2a: Natu
|-immune|p2a: Natu
|
|upkeep
|turn|6
|
|move|p2a: Natu|Toxic|p1a: CLAYGOD JR
|-status|p1a: CLAYGOD JR|tox
|move|p1a: CLAYGOD JR|Rapid Spin|p2a: Natu
|-damage|p2a: Natu|95/100
|-boost|p1a: CLAYGOD JR|spe|1
|
|-damage|p1a: CLAYGOD JR|78/100 tox|[from] psn
|upkeep
|turn|7
|
|switch|p1a: Bronzor|Bronzor|84/100
|move|p2a: Natu|Teleport|p2a: Natu
|
|switch|p2a: Stonjourner|Stonjourner, M|100/100|[from]move: Teleport
|
|upkeep
|turn|8
|
|move|p2a: Stonjourner|Heat Crash|p1a: Bronzor
|-supereffective|p1a: Bronzor
|-damage|p1a: Bronzor|16/100
|move|p1a: Bronzor|Toxic|p2a: Stonjourner
|-status|p2a: Stonjourner|tox
|
|-damage|p2a: Stonjourner|94/100 tox|[from] psn
|upkeep
|turn|9
|
|switch|p2a: Lapras|Lapras, F|100/100
|switch|p1a: Heatmor|Heatmor, F|100/100
|
|upkeep
|turn|10
|
|move|p1a: Heatmor|Knock Off|p2a: Lapras
|-damage|p2a: Lapras|71/100
|-enditem|p2a: Lapras|Leftovers|[from] move: Knock Off|[of] p1a: Heatmor
|move|p2a: Lapras|Surf|p1a: Heatmor
|-supereffective|p1a: Heatmor
|-damage|p1a: Heatmor|2/100
|
|upkeep
|turn|11
|
|move|p1a: Heatmor|Knock Off|p2a: Lapras
|-damage|p2a: Lapras|52/100
|move|p2a: Lapras|Surf|p1a: Heatmor
|-supereffective|p1a: Heatmor
|-damage|p1a: Heatmor|0 fnt
|faint|p1a: Heatmor
|
|upkeep
|
|switch|p1a: Silvally|Silvally-Fighting|100/100
|turn|12
|
|switch|p2a: Mawile|Mawile, F|100/100
|-ability|p2a: Mawile|Intimidate|boost
|-unboost|p1a: Silvally|atk|1
|move|p1a: Silvally|Multi-Attack|p2a: Mawile
|-damage|p2a: Mawile|72/100
|-damage|p1a: Silvally|84/100|[from] item: Rocky Helmet|[of] p2a: Mawile
|
|upkeep
|turn|13
|
|switch|p1a: Glaceon|Glaceon, M|64/100
|move|p2a: Mawile|Toxic|p1a: Glaceon
|-status|p1a: Glaceon|tox
|
|-damage|p1a: Glaceon|58/100 tox|[from] psn
|upkeep
|turn|14
|
|move|p1a: Glaceon|Shadow Ball|p2a: Mawile
|-damage|p2a: Mawile|0 fnt
|faint|p2a: Mawile
|
|-damage|p1a: Glaceon|46/100 tox|[from] psn
|upkeep
|
|switch|p2a: Hitmontop|Hitmontop, M|31/100
|turn|15
|
|switch|p1a: CLAYGOD JR|Baltoy|78/100 tox
|move|p2a: Hitmontop|Mach Punch|p1a: CLAYGOD JR
|-resisted|p1a: CLAYGOD JR
|-damage|p1a: CLAYGOD JR|62/100 tox
|-damage|p2a: Hitmontop|21/100|[from] item: Life Orb
|
|-damage|p1a: CLAYGOD JR|56/100 tox|[from] psn
|upkeep
|turn|16
|
|switch|p2a: Natu|Natu, M|95/100
|move|p1a: CLAYGOD JR|Rest|p1a: CLAYGOD JR
|-status|p1a: CLAYGOD JR|slp|[from] move: Rest
|-heal|p1a: CLAYGOD JR|100/100 slp|[silent]
|
|upkeep
|turn|17
|
|switch|p1a: Bronzor|Bronzor|16/100
|move|p2a: Natu|Wish|p2a: Natu
|
|upkeep
|turn|18
|
|switch|p1a: Silvally|Silvally-Fighting|84/100
|move|p2a: Natu|Night Shade|p1a: Silvally
|-damage|p1a: Silvally|54/100
|
|-heal|p2a: Natu|100/100|[from] move: Wish|[wisher] Natu
|upkeep
|turn|19
|
|move|p1a: Silvally|U-turn|p2a: Natu
|-crit|p2a: Natu
|-damage|p2a: Natu|60/100
|
|switch|p1a: Glaceon|Glaceon, M|46/100 tox|[from]move: U-turn
|move|p2a: Natu|Toxic|p1a: Glaceon
|-fail|p1a: Glaceon|tox
|
|-damage|p1a: Glaceon|40/100 tox|[from] psn
|upkeep
|turn|20
|
|switch|p2a: Lapras|Lapras, F|52/100
|move|p1a: Glaceon|Freeze-Dry|p2a: Lapras
|-damage|p2a: Lapras|18/100
|
|-damage|p1a: Glaceon|28/100 tox|[from] psn
|upkeep
|turn|21
|
|move|p1a: Glaceon|Freeze-Dry|p2a: Lapras
|-damage|p2a: Lapras|0 fnt
|faint|p2a: Lapras
|
|-damage|p1a: Glaceon|10/100 tox|[from] psn
|upkeep
|
|switch|p2a: Hitmontop|Hitmontop, M|21/100
|turn|22
|
|switch|p1a: Bronzor|Bronzor|16/100
|switch|p2a: Natu|Natu, M|60/100
|
|upkeep
|turn|23
|
|move|p2a: Natu|Wish|p2a: Natu
|move|p1a: Bronzor|Rest|p1a: Bronzor
|-status|p1a: Bronzor|slp|[from] move: Rest
|-heal|p1a: Bronzor|100/100 slp|[silent]
|
|upkeep
|turn|24
|
|switch|p1a: Meowstic|Meowstic, M|100/100
|move|p2a: Natu|Teleport|p2a: Natu
|
|switch|p2a: Hitmontop|Hitmontop, M|21/100|[from]move: Teleport
|
|-heal|p2a: Hitmontop|68/100|[from] move: Wish|[wisher] Natu
|upkeep
|turn|25
|
|switch|p2a: Natu|Natu, M|60/100
|move|p1a: Meowstic|Protect||[still]
|-fail|p1a: Meowstic
|
|upkeep
|turn|26
|
|move|p1a: Meowstic|Thunderbolt|p2a: Natu
|-supereffective|p2a: Natu
|-damage|p2a: Natu|16/100
|move|p2a: Natu|Toxic|p1a: Meowstic
|-status|p1a: Meowstic|tox
|
|-damage|p1a: Meowstic|94/100 tox|[from] psn
|upkeep
|turn|27
|
|switch|p2a: Hitmontop|Hitmontop, M|68/100
|move|p1a: Meowstic|Thunderbolt|p2a: Hitmontop
|-damage|p2a: Hitmontop|43/100
|
|-heal|p1a: Meowstic|100/100 tox|[from] item: Leftovers
|-damage|p1a: Meowstic|88/100 tox|[from] psn
|upkeep
|turn|28
|
|move|p1a: Meowstic|Protect|p1a: Meowstic
|-singleturn|p1a: Meowstic|Protect
|move|p2a: Hitmontop|Mach Punch|p1a: Meowstic
|-activate|p1a: Meowstic|move: Protect
|
|-heal|p1a: Meowstic|94/100 tox|[from] item: Leftovers
|-damage|p1a: Meowstic|76/100 tox|[from] psn
|upkeep
|turn|29
|
|switch|p2a: Natu|Natu, M|16/100
|move|p1a: Meowstic|Psychic|p2a: Natu
|-resisted|p2a: Natu
|-crit|p2a: Natu
|-damage|p2a: Natu|0 fnt
|faint|p2a: Natu
|
|-heal|p1a: Meowstic|82/100 tox|[from] item: Leftovers
|-damage|p1a: Meowstic|57/100 tox|[from] psn
|upkeep
|
|switch|p2a: Hitmontop|Hitmontop, M|43/100
|turn|30
|
|move|p2a: Hitmontop|Mach Punch|p1a: Meowstic
|-resisted|p1a: Meowstic
|-damage|p1a: Meowstic|33/100 tox
|-damage|p2a: Hitmontop|33/100|[from] item: Life Orb
|move|p1a: Meowstic|Psychic|p2a: Hitmontop
|-supereffective|p2a: Hitmontop
|-damage|p2a: Hitmontop|0 fnt
|faint|p2a: Hitmontop
|
|-heal|p1a: Meowstic|39/100 tox|[from] item: Leftovers
|-damage|p1a: Meowstic|8/100 tox|[from] psn
|upkeep
|
|switch|p2a: Stonjourner|Stonjourner, M|94/100 tox
|turn|31
|
|switch|p1a: Glaceon|Glaceon, M|10/100 tox
|move|p2a: Stonjourner|Heat Crash|p1a: Glaceon
|-supereffective|p1a: Glaceon
|-damage|p1a: Glaceon|0 fnt
|faint|p1a: Glaceon
|
|-damage|p2a: Stonjourner|88/100 tox|[from] psn
|upkeep
|
|switch|p1a: CLAYGOD JR|Baltoy|100/100 slp
|turn|32
|
|switch|p2a: Silvally|Silvally-Poison|100/100
|cant|p1a: CLAYGOD JR|slp
|
|upkeep
|turn|33
|
|move|p2a: Silvally|Flamethrower|p1a: CLAYGOD JR
|-crit|p1a: CLAYGOD JR
|-damage|p1a: CLAYGOD JR|64/100 slp
|cant|p1a: CLAYGOD JR|slp
|
|upkeep
|turn|34
|
|move|p2a: Silvally|U-turn|p1a: CLAYGOD JR
|-supereffective|p1a: CLAYGOD JR
|-damage|p1a: CLAYGOD JR|28/100 slp
|
|switch|p2a: Stonjourner|Stonjourner, M|88/100 tox|[from]move: U-turn
|-curestatus|p1a: CLAYGOD JR|slp|[msg]
|move|p1a: CLAYGOD JR|Rapid Spin|p2a: Stonjourner
|-resisted|p2a: Stonjourner
|-crit|p2a: Stonjourner
|-damage|p2a: Stonjourner|86/100 tox
|-boost|p1a: CLAYGOD JR|spe|1
|
|-damage|p2a: Stonjourner|80/100 tox|[from] psn
|upkeep
|turn|35
|
|move|p2a: Stonjourner|Stone Edge|p1a: CLAYGOD JR
|-resisted|p1a: CLAYGOD JR
|-crit|p1a: CLAYGOD JR
|-damage|p1a: CLAYGOD JR|0 fnt
|faint|p1a: CLAYGOD JR
|
|-damage|p2a: Stonjourner|67/100 tox|[from] psn
|upkeep
|c|☆un vigoroth|rly
|
|switch|p1a: Silvally|Silvally-Fighting|54/100
|turn|36
|
|switch|p2a: Silvally|Silvally-Poison|100/100
|move|p1a: Silvally|Flame Charge|p2a: Silvally
|-damage|p2a: Silvally|86/100
|-boost|p1a: Silvally|spe|1
|
|upkeep
|turn|37
|
|move|p1a: Silvally|U-turn|p2a: Silvally
|-resisted|p2a: Silvally
|-damage|p2a: Silvally|75/100
|
|switch|p1a: Bronzor|Bronzor|100/100 slp|[from]move: U-turn
|move|p2a: Silvally|Multi-Attack|p1a: Bronzor
|-immune|p1a: Bronzor
|
|upkeep
|turn|38
|
|move|p2a: Silvally|Flamethrower|p1a: Bronzor
|-supereffective|p1a: Bronzor
|-damage|p1a: Bronzor|77/100 slp
|cant|p1a: Bronzor|slp
|
|upkeep
|turn|39
|
|move|p2a: Silvally|U-turn|p1a: Bronzor
|-damage|p1a: Bronzor|62/100 slp
|
|switch|p2a: Stonjourner|Stonjourner, M|67/100 tox|[from]move: U-turn
|cant|p1a: Bronzor|slp
|
|-damage|p2a: Stonjourner|61/100 tox|[from] psn
|upkeep
|turn|40
|j| Ilikesmartazzes4
|
|move|p2a: Stonjourner|Heat Crash|p1a: Bronzor
|-supereffective|p1a: Bronzor
|-damage|p1a: Bronzor|0 fnt
|faint|p1a: Bronzor
|
|-damage|p2a: Stonjourner|49/100 tox|[from] psn
|upkeep
|
|switch|p1a: Silvally|Silvally-Fighting|54/100
|turn|41
|
|move|p2a: Stonjourner|Heat Crash|p1a: Silvally
|-damage|p1a: Silvally|4/100
|move|p1a: Silvally|U-turn|p2a: Stonjourner
|-damage|p2a: Stonjourner|35/100 tox
|
|switch|p1a: Meowstic|Meowstic, M|8/100 tox|[from]move: U-turn
|
|-heal|p1a: Meowstic|14/100 tox|[from] item: Leftovers
|-damage|p2a: Stonjourner|16/100 tox|[from] psn
|-damage|p1a: Meowstic|8/100 tox|[from] psn
|upkeep
|turn|42
|
|switch|p2a: Silvally|Silvally-Poison|75/100
|switch|p1a: Silvally|Silvally-Fighting|4/100
|
|upkeep
|turn|43
|
|move|p2a: Silvally|U-turn|p1a: Silvally
|-resisted|p1a: Silvally
|-damage|p1a: Silvally|0 fnt
|faint|p1a: Silvally
|
|switch|p2a: Stonjourner|Stonjourner, M|16/100 tox|[from]move: U-turn
|
|-damage|p2a: Stonjourner|10/100 tox|[from] psn
|upkeep
|
|switch|p1a: Meowstic|Meowstic, M|8/100 tox
|turn|44
|l| Ilikesmartazzes4
|
|move|p1a: Meowstic|Protect|p1a: Meowstic
|-singleturn|p1a: Meowstic|Protect
|move|p2a: Stonjourner|Earthquake|p1a: Meowstic
|-activate|p1a: Meowstic|move: Protect
|
|-heal|p1a: Meowstic|14/100 tox|[from] item: Leftovers
|-damage|p2a: Stonjourner|0 fnt|[from] psn
|faint|p2a: Stonjourner
|-damage|p1a: Meowstic|8/100 tox|[from] psn
|upkeep
|
|switch|p2a: Silvally|Silvally-Poison|75/100
|turn|45
|
|move|p1a: Meowstic|Psychic|p2a: Silvally
|-supereffective|p2a: Silvally
|-damage|p2a: Silvally|0 fnt
|faint|p2a: Silvally
|
|win|un vigoroth
|j| Ilikesmartazzes4
|l|☆un vigoroth
|raw|un vigoroth's rating: 1413 &rarr; <strong>1423</strong><br />(+10 for winning)
|raw|MoolTool's rating: 1215 &rarr; <strong>1203</strong><br />(-12 for losing)
|l| Ilikesmartazzes4
|j| Ilikesmartazzes4
