|j|☆Pinkie "Lucifer"
|j|☆UnbeatableTr
|player|p1|Pinkie "Lucifer"|pokemonbreederf-gen4|1445
|player|p2|UnbeatableTr|psychic-gen4|1345
|teamsize|p1|6
|teamsize|p2|6
|gametype|singles
|gen|8
|tier|[Gen 8] PU
|rated|
|clearpoke
|poke|p1|Fraxure, M|
|poke|p1|Silvally-*|
|poke|p1|Beheeyem, F|
|poke|p1|Mawile, F|
|poke|p1|Vibrava, M|
|poke|p1|Manectric, M|
|poke|p2|Dubwool, M|
|poke|p2|Mareanie, M|
|poke|p2|Manectric, F|
|poke|p2|Leafeon, M|
|poke|p2|Carkol, F|
|poke|p2|Dusknoir, M|
|rule|Sleep Clause Mod: Limit one foe put to sleep
|rule|Species Clause: Limit one of each Pokémon
|rule|OHKO Clause: OHKO moves are banned
|rule|Evasion Moves Clause: Evasion moves are banned
|rule|Endless Battle Clause: Forcing endless battles is banned
|rule|HP Percentage Mod: HP is shown in percentages
|rule|Dynamax Clause: You cannot dynamax
|teampreview
|
|start
|switch|p1a: Mawile|Mawile, F|100/100
|switch|p2a: Carkol|Carkol, F|100/100
|turn|1
|
|move|p1a: Mawile|Stealth Rock|p2a: Carkol
|-sidestart|p2: UnbeatableTr|move: Stealth Rock
|move|p2a: Carkol|Stealth Rock|p1a: Mawile
|-sidestart|p1: Pinkie "Lucifer"|move: Stealth Rock
|
|upkeep
|turn|2
|
|switch|p1a: Vibrava|Vibrava, M|100/100
|-damage|p1a: Vibrava|94/100|[from] Stealth Rock
|move|p2a: Carkol|Rapid Spin|p1a: Vibrava
|-damage|p1a: Vibrava|85/100
|-boost|p2a: Carkol|spe|1
|-sideend|p2: UnbeatableTr|Stealth Rock|[from] move: Rapid Spin|[of] p2a: Carkol
|
|upkeep
|turn|3
|
|switch|p2a: Dubwool|Dubwool, M|100/100
|move|p1a: Vibrava|Defog|p2a: Dubwool
|-unboost|p2a: Dubwool|evasion|1
|-sideend|p1: Pinkie "Lucifer"|Stealth Rock|[from] move: Defog|[of] p1a: Vibrava
|
|upkeep
|turn|4
|
|move|p2a: Dubwool|Substitute|p2a: Dubwool
|-start|p2a: Dubwool|Substitute
|-damage|p2a: Dubwool|75/100
|move|p1a: Vibrava|U-turn|p2a: Dubwool
|-activate|p2a: Dubwool|move: Substitute|[damage]
|
|switch|p1a: Manectric|Manectric, M|100/100|[from]move: U-turn
|
|-heal|p2a: Dubwool|82/100|[from] item: Leftovers
|upkeep
|turn|5
|
|move|p1a: Manectric|Volt Switch|p2a: Dubwool
|-end|p2a: Dubwool|Substitute
|-damage|p1a: Manectric|91/100|[from] item: Life Orb
|
|switch|p1a: Beheeyem|Beheeyem, F|100/100|[from]move: Volt Switch
|move|p2a: Dubwool|Substitute|p2a: Dubwool
|-start|p2a: Dubwool|Substitute
|-damage|p2a: Dubwool|57/100
|
|-heal|p2a: Dubwool|63/100|[from] item: Leftovers
|upkeep
|turn|6
|
|move|p2a: Dubwool|Payback|p1a: Beheeyem
|-supereffective|p1a: Beheeyem
|-enditem|p1a: Beheeyem|Colbur Berry|[eat]
|-enditem|p1a: Beheeyem|Colbur Berry|[weaken]
|-damage|p1a: Beheeyem|91/100
|move|p1a: Beheeyem|Psychic|p2a: Dubwool
|-end|p2a: Dubwool|Substitute
|
|-heal|p2a: Dubwool|69/100|[from] item: Leftovers
|upkeep
|turn|7
|
|switch|p2a: Carkol|Carkol, F|100/100
|move|p1a: Beheeyem|Teleport|p1a: Beheeyem
|
|switch|p1a: Vibrava|Vibrava, M|85/100|[from]move: Teleport
|
|upkeep
|turn|8
|
|move|p1a: Vibrava|U-turn|p2a: Carkol
|-resisted|p2a: Carkol
|-crit|p2a: Carkol
|-damage|p2a: Carkol|96/100
|
|switch|p1a: Beheeyem|Beheeyem, F|91/100|[from]move: U-turn
|move|p2a: Carkol|Stealth Rock|p1a: Beheeyem
|-sidestart|p1: Pinkie "Lucifer"|move: Stealth Rock
|
|upkeep
|turn|9
|
|move|p2a: Carkol|Flamethrower|p1a: Beheeyem
|-damage|p1a: Beheeyem|70/100
|move|p1a: Beheeyem|Psychic|p2a: Carkol
|-damage|p2a: Carkol|57/100
|
|upkeep
|turn|10
|
|move|p2a: Carkol|Stone Edge|p1a: Beheeyem
|-damage|p1a: Beheeyem|50/100
|move|p1a: Beheeyem|Recover|p1a: Beheeyem
|-heal|p1a: Beheeyem|99/100
|
|upkeep
|turn|11
|
|switch|p2a: Dusknoir|Dusknoir, M|100/100
|-ability|p2a: Dusknoir|Pressure
|move|p1a: Beheeyem|Psychic|p2a: Dusknoir
|-damage|p2a: Dusknoir|59/100
|
|-heal|p2a: Dusknoir|65/100|[from] item: Leftovers
|upkeep
|turn|12
|
|move|p2a: Dusknoir|Shadow Sneak|p1a: Beheeyem
|-supereffective|p1a: Beheeyem
|-damage|p1a: Beheeyem|67/100
|move|p1a: Beheeyem|Psychic|p2a: Dusknoir
|-damage|p2a: Dusknoir|23/100
|
|-heal|p2a: Dusknoir|29/100|[from] item: Leftovers
|upkeep
|turn|13
|
|move|p2a: Dusknoir|Shadow Sneak|p1a: Beheeyem
|-supereffective|p1a: Beheeyem
|-damage|p1a: Beheeyem|37/100
|move|p1a: Beheeyem|Recover|p1a: Beheeyem
|-heal|p1a: Beheeyem|87/100
|
|-heal|p2a: Dusknoir|36/100|[from] item: Leftovers
|upkeep
|turn|14
|
|move|p2a: Dusknoir|Shadow Sneak|p1a: Beheeyem
|-supereffective|p1a: Beheeyem
|-damage|p1a: Beheeyem|56/100
|move|p1a: Beheeyem|Psychic|p2a: Dusknoir
|-damage|p2a: Dusknoir|0 fnt
|faint|p2a: Dusknoir
|
|upkeep
|
|switch|p2a: Leafeon|Leafeon, M|100/100
|turn|15
|
|move|p2a: Leafeon|Leaf Blade|p1a: Beheeyem
|-damage|p1a: Beheeyem|0 fnt
|faint|p1a: Beheeyem
|
|upkeep
|
|switch|p1a: Manectric|Manectric, M|91/100
|-damage|p1a: Manectric|78/100|[from] Stealth Rock
|turn|16
|
|switch|p2a: Carkol|Carkol, F|57/100
|move|p1a: Manectric|Overheat|p2a: Carkol
|-resisted|p2a: Carkol
|-damage|p2a: Carkol|47/100
|-unboost|p1a: Manectric|spa|2
|-damage|p1a: Manectric|68/100|[from] item: Life Orb
|
|upkeep
|turn|17
|
|switch|p1a: Vibrava|Vibrava, M|85/100
|-damage|p1a: Vibrava|78/100|[from] Stealth Rock
|switch|p2a: Dubwool|Dubwool, M|69/100
|
|-heal|p2a: Dubwool|75/100|[from] item: Leftovers
|upkeep
|turn|18
|
|move|p2a: Dubwool|Substitute|p2a: Dubwool
|-start|p2a: Dubwool|Substitute
|-damage|p2a: Dubwool|50/100
|move|p1a: Vibrava|Defog|p2a: Dubwool
|-sideend|p1: Pinkie "Lucifer"|Stealth Rock|[from] move: Defog|[of] p1a: Vibrava
|
|-heal|p2a: Dubwool|56/100|[from] item: Leftovers
|upkeep
|turn|19
|
|move|p2a: Dubwool|Cotton Guard|p2a: Dubwool
|-boost|p2a: Dubwool|def|3
|move|p1a: Vibrava|U-turn|p2a: Dubwool
|-activate|p2a: Dubwool|move: Substitute|[damage]
|
|switch|p1a: Manectric|Manectric, M|68/100|[from]move: U-turn
|
|-heal|p2a: Dubwool|62/100|[from] item: Leftovers
|upkeep
|turn|20
|
|move|p1a: Manectric|Thunderbolt|p2a: Dubwool
|-crit|p2a: Dubwool
|-end|p2a: Dubwool|Substitute
|-damage|p1a: Manectric|58/100|[from] item: Life Orb
|move|p2a: Dubwool|Substitute|p2a: Dubwool
|-start|p2a: Dubwool|Substitute
|-damage|p2a: Dubwool|37/100
|
|-heal|p2a: Dubwool|43/100|[from] item: Leftovers
|upkeep
|turn|21
|
|move|p1a: Manectric|Thunderbolt|p2a: Dubwool
|-end|p2a: Dubwool|Substitute
|-damage|p1a: Manectric|48/100|[from] item: Life Orb
|move|p2a: Dubwool|Body Press|p1a: Manectric
|-damage|p1a: Manectric|0 fnt
|faint|p1a: Manectric
|
|-heal|p2a: Dubwool|49/100|[from] item: Leftovers
|upkeep
|
|switch|p1a: Silvally|Silvally-Ice|100/100
|turn|22
|
|switch|p2a: Carkol|Carkol, F|47/100
|move|p1a: Silvally|Flamethrower|p2a: Carkol
|-resisted|p2a: Carkol
|-damage|p2a: Carkol|43/100
|
|upkeep
|turn|23
|
|switch|p1a: Vibrava|Vibrava, M|78/100
|move|p2a: Carkol|Stealth Rock|p1a: Vibrava
|-sidestart|p1: Pinkie "Lucifer"|move: Stealth Rock
|
|upkeep
|turn|24
|
|switch|p2a: Dubwool|Dubwool, M|49/100
|move|p1a: Vibrava|U-turn|p2a: Dubwool
|-damage|p2a: Dubwool|43/100
|
|switch|p1a: Mawile|Mawile, F|100/100|[from]move: U-turn
|-damage|p1a: Mawile|94/100|[from] Stealth Rock
|
|-heal|p2a: Dubwool|49/100|[from] item: Leftovers
|upkeep
|turn|25
|
|move|p2a: Dubwool|Substitute|p2a: Dubwool
|-start|p2a: Dubwool|Substitute
|-damage|p2a: Dubwool|24/100
|move|p1a: Mawile|Play Rough|p2a: Dubwool
|-end|p2a: Dubwool|Substitute
|
|-heal|p2a: Dubwool|30/100|[from] item: Leftovers
|upkeep
|turn|26
|
|switch|p2a: Carkol|Carkol, F|43/100
|move|p1a: Mawile|Knock Off|p2a: Carkol
|-damage|p2a: Carkol|25/100
|-enditem|p2a: Carkol|Eviolite|[from] move: Knock Off|[of] p1a: Mawile
|-damage|p1a: Mawile|84/100|[from] item: Life Orb
|
|upkeep
|turn|27
|
|switch|p1a: Vibrava|Vibrava, M|78/100
|-damage|p1a: Vibrava|72/100|[from] Stealth Rock
|move|p2a: Carkol|Flamethrower|p1a: Vibrava
|-resisted|p1a: Vibrava
|-damage|p1a: Vibrava|64/100
|-status|p1a: Vibrava|brn
|
|-damage|p1a: Vibrava|58/100 brn|[from] brn
|upkeep
|turn|28
|
|switch|p2a: Dubwool|Dubwool, M|30/100
|move|p1a: Vibrava|Defog|p2a: Dubwool
|-unboost|p2a: Dubwool|evasion|1
|-sideend|p1: Pinkie "Lucifer"|Stealth Rock|[from] move: Defog|[of] p1a: Vibrava
|
|-heal|p2a: Dubwool|36/100|[from] item: Leftovers
|-damage|p1a: Vibrava|51/100 brn|[from] brn
|upkeep
|turn|29
|j| BoomBoomBoo
|
|move|p2a: Dubwool|Substitute|p2a: Dubwool
|-start|p2a: Dubwool|Substitute
|-damage|p2a: Dubwool|11/100
|move|p1a: Vibrava|U-turn|p2a: Dubwool
|-activate|p2a: Dubwool|move: Substitute|[damage]
|
|switch|p1a: Silvally|Silvally-Ice|100/100|[from]move: U-turn
|
|-heal|p2a: Dubwool|17/100|[from] item: Leftovers
|upkeep
|turn|30
|
|move|p1a: Silvally|Flamethrower|p2a: Dubwool
|-end|p2a: Dubwool|Substitute
|move|p2a: Dubwool|Body Press|p1a: Silvally
|-supereffective|p1a: Silvally
|-damage|p1a: Silvally|61/100
|
|-heal|p2a: Dubwool|23/100|[from] item: Leftovers
|upkeep
|turn|31
|
|move|p1a: Silvally|Flamethrower|p2a: Dubwool
|-damage|p2a: Dubwool|0 fnt
|faint|p2a: Dubwool
|
|upkeep
|
|switch|p2a: Manectric|Manectric, F|100/100
|turn|32
|
|switch|p1a: Vibrava|Vibrava, M|51/100 brn
|move|p2a: Manectric|Flamethrower|p1a: Vibrava
|-resisted|p1a: Vibrava
|-damage|p1a: Vibrava|38/100 brn
|-damage|p2a: Manectric|91/100|[from] item: Life Orb
|
|-damage|p1a: Vibrava|32/100 brn|[from] brn
|upkeep
|turn|33
|
|switch|p2a: Mareanie|Mareanie, M|100/100
|move|p1a: Vibrava|Roost|p1a: Vibrava
|-heal|p1a: Vibrava|82/100 brn
|-singleturn|p1a: Vibrava|move: Roost
|
|-damage|p1a: Vibrava|76/100 brn|[from] brn
|upkeep
|turn|34
|
|move|p1a: Vibrava|U-turn|p2a: Mareanie
|-resisted|p2a: Mareanie
|-damage|p2a: Mareanie|99/100
|
|switch|p1a: Mawile|Mawile, F|84/100|[from]move: U-turn
|move|p2a: Mareanie|Toxic Spikes|p1a: Mawile
|-sidestart|p1: Pinkie "Lucifer"|move: Toxic Spikes
|
|upkeep
|turn|35
|
|switch|p2a: Carkol|Carkol, F|25/100
|move|p1a: Mawile|Knock Off|p2a: Carkol
|-damage|p2a: Carkol|7/100
|-status|p1a: Mawile|brn|[from] ability: Flame Body|[of] p2a: Carkol
|-damage|p1a: Mawile|74/100 brn|[from] item: Life Orb
|
|-damage|p1a: Mawile|68/100 brn|[from] brn
|upkeep
|turn|36
|
|switch|p2a: Mareanie|Mareanie, M|100/100
|move|p1a: Mawile|Knock Off|p2a: Mareanie
|-damage|p2a: Mareanie|88/100
|-enditem|p2a: Mareanie|Eviolite|[from] move: Knock Off|[of] p1a: Mawile
|-damage|p1a: Mawile|58/100 brn|[from] item: Life Orb
|
|-damage|p1a: Mawile|52/100 brn|[from] brn
|upkeep
|turn|37
|
|switch|p1a: Vibrava|Vibrava, M|76/100 brn
|move|p2a: Mareanie|Knock Off|p1a: Vibrava
|-damage|p1a: Vibrava|60/100 brn
|-enditem|p1a: Vibrava|Eviolite|[from] move: Knock Off|[of] p2a: Mareanie
|
|-damage|p1a: Vibrava|53/100 brn|[from] brn
|upkeep
|turn|38
|
|switch|p2a: Leafeon|Leafeon, M|100/100
|move|p1a: Vibrava|Defog|p2a: Leafeon
|-unboost|p2a: Leafeon|evasion|1
|-sideend|p1: Pinkie "Lucifer"|Toxic Spikes|[from] move: Defog|[of] p1a: Vibrava
|
|-damage|p1a: Vibrava|47/100 brn|[from] brn
|upkeep
|turn|39
|
|switch|p2a: Mareanie|Mareanie, M|100/100
|move|p1a: Vibrava|U-turn|p2a: Mareanie
|-resisted|p2a: Mareanie
|-damage|p2a: Mareanie|97/100
|
|switch|p1a: Fraxure|Fraxure, M|100/100|[from]move: U-turn
|-ability|p1a: Fraxure|Mold Breaker
|
|upkeep
|turn|40
|
|move|p1a: Fraxure|Swords Dance|p1a: Fraxure
|-boost|p1a: Fraxure|atk|2
|move|p2a: Mareanie|Knock Off|p1a: Fraxure
|-damage|p1a: Fraxure|87/100
|-enditem|p1a: Fraxure|Eviolite|[from] move: Knock Off|[of] p2a: Mareanie
|
|upkeep
|turn|41
|
|move|p1a: Fraxure|Scale Shot|p2a: Mareanie|[miss]
|-miss|p1a: Fraxure|p2a: Mareanie
|move|p2a: Mareanie|Scald|p1a: Fraxure
|-resisted|p1a: Fraxure
|-damage|p1a: Fraxure|76/100
|-status|p1a: Fraxure|brn
|
|-damage|p1a: Fraxure|70/100 brn|[from] brn
|upkeep
|turn|42
|
|move|p1a: Fraxure|Stomping Tantrum|p2a: Mareanie
|-supereffective|p2a: Mareanie
|-damage|p2a: Mareanie|8/100
|move|p2a: Mareanie|Scald|p1a: Fraxure
|-resisted|p1a: Fraxure
|-damage|p1a: Fraxure|57/100 brn
|
|-damage|p1a: Fraxure|51/100 brn|[from] brn
|upkeep
|turn|43
|
|switch|p2a: Carkol|Carkol, F|7/100
|move|p1a: Fraxure|Scale Shot|p2a: Carkol
|-damage|p2a: Carkol|0 fnt
|-hitcount|p2a: Carkol|1
|-unboost|p1a: Fraxure|def|1
|-boost|p1a: Fraxure|spe|1
|faint|p2a: Carkol
|
|-damage|p1a: Fraxure|45/100 brn|[from] brn
|upkeep
|
|switch|p2a: Leafeon|Leafeon, M|100/100
|turn|44
|
|move|p1a: Fraxure|Poison Jab|p2a: Leafeon
|-supereffective|p2a: Leafeon
|-damage|p2a: Leafeon|49/100
|-status|p2a: Leafeon|psn
|move|p2a: Leafeon|Leaf Blade|p1a: Fraxure
|-resisted|p1a: Fraxure
|-damage|p1a: Fraxure|0 fnt
|faint|p1a: Fraxure
|
|-damage|p2a: Leafeon|37/100 psn|[from] psn
|upkeep
|
|switch|p1a: Mawile|Mawile, F|52/100 brn
|turn|45
|
|switch|p2a: Mareanie|Mareanie, M|41/100
|move|p1a: Mawile|Stealth Rock|p2a: Mareanie
|-sidestart|p2: UnbeatableTr|move: Stealth Rock
|
|-damage|p1a: Mawile|46/100 brn|[from] brn
|upkeep
|turn|46
|
|switch|p1a: Vibrava|Vibrava, M|47/100 brn
|move|p2a: Mareanie|Recover|p2a: Mareanie
|-heal|p2a: Mareanie|91/100
|
|-damage|p1a: Vibrava|41/100 brn|[from] brn
|upkeep
|turn|47
|
|move|p1a: Vibrava|Roost|p1a: Vibrava
|-heal|p1a: Vibrava|91/100 brn
|-singleturn|p1a: Vibrava|move: Roost
|move|p2a: Mareanie|Toxic Spikes|p1a: Vibrava
|-sidestart|p1: Pinkie "Lucifer"|move: Toxic Spikes
|
|-damage|p1a: Vibrava|85/100 brn|[from] brn
|upkeep
|turn|48
|
|move|p1a: Vibrava|Earthquake|p2a: Mareanie
|-supereffective|p2a: Mareanie
|-damage|p2a: Mareanie|65/100
|move|p2a: Mareanie|Scald|p1a: Vibrava
|-damage|p1a: Vibrava|70/100 brn
|
|-damage|p1a: Vibrava|63/100 brn|[from] brn
|upkeep
|turn|49
|
|move|p1a: Vibrava|Defog|p2a: Mareanie
|-unboost|p2a: Mareanie|evasion|1
|-sideend|p2: UnbeatableTr|Stealth Rock|[from] move: Defog|[of] p1a: Vibrava
|-sideend|p1: Pinkie "Lucifer"|Toxic Spikes|[from] move: Defog|[of] p1a: Vibrava
|move|p2a: Mareanie|Recover|p2a: Mareanie
|-heal|p2a: Mareanie|100/100
|
|-damage|p1a: Vibrava|57/100 brn|[from] brn
|upkeep
|turn|50
|
|move|p1a: Vibrava|U-turn|p2a: Mareanie
|-resisted|p2a: Mareanie
|-damage|p2a: Mareanie|97/100
|
|switch|p1a: Silvally|Silvally-Ice|61/100|[from]move: U-turn
|move|p2a: Mareanie|Scald|p1a: Silvally
|-damage|p1a: Silvally|47/100
|
|upkeep
|turn|51
|
|move|p1a: Silvally|Swords Dance|p1a: Silvally
|-boost|p1a: Silvally|atk|2
|move|p2a: Mareanie|Scald|p1a: Silvally
|-damage|p1a: Silvally|32/100
|
|upkeep
|turn|52
|
|move|p1a: Silvally|Multi-Attack|p2a: Mareanie
|-resisted|p2a: Mareanie
|-damage|p2a: Mareanie|41/100
|move|p2a: Mareanie|Scald|p1a: Silvally
|-damage|p1a: Silvally|18/100
|
|upkeep
|turn|53
|
|switch|p2a: Leafeon|Leafeon, M|37/100 psn
|move|p1a: Silvally|Multi-Attack|p2a: Leafeon
|-supereffective|p2a: Leafeon
|-damage|p2a: Leafeon|0 fnt
|faint|p2a: Leafeon
|
|upkeep
|
|switch|p2a: Manectric|Manectric, F|91/100
|turn|54
|
|switch|p1a: Vibrava|Vibrava, M|57/100 brn
|move|p2a: Manectric|Flamethrower|p1a: Vibrava
|-resisted|p1a: Vibrava
|-damage|p1a: Vibrava|36/100 brn
|-damage|p2a: Manectric|81/100|[from] item: Life Orb
|
|-damage|p1a: Vibrava|30/100 brn|[from] brn
|upkeep
|turn|55
|
|switch|p2a: Mareanie|Mareanie, M|75/100
|move|p1a: Vibrava|Roost|p1a: Vibrava
|-heal|p1a: Vibrava|80/100 brn
|-singleturn|p1a: Vibrava|move: Roost
|
|-damage|p1a: Vibrava|74/100 brn|[from] brn
|upkeep
|turn|56
|
|move|p1a: Vibrava|Earthquake|p2a: Mareanie
|-supereffective|p2a: Mareanie
|-damage|p2a: Mareanie|49/100
|move|p2a: Mareanie|Toxic Spikes|p1a: Vibrava
|-sidestart|p1: Pinkie "Lucifer"|move: Toxic Spikes
|
|-damage|p1a: Vibrava|67/100 brn|[from] brn
|upkeep
|turn|57
|
|move|p1a: Vibrava|Earthquake|p2a: Mareanie
|-supereffective|p2a: Mareanie
|-damage|p2a: Mareanie|21/100
|move|p2a: Mareanie|Recover|p2a: Mareanie
|-heal|p2a: Mareanie|71/100
|
|-damage|p1a: Vibrava|61/100 brn|[from] brn
|upkeep
|turn|58
|-message|Pinkie "Lucifer" forfeited.
|
|win|UnbeatableTr
|l|☆Pinkie "Lucifer"
|l|☆UnbeatableTr
||Ladder (probably) updated, but score could not be retrieved (Request timeout).
