|raw|<div class="broadcast-blue"><strong>This battle is required to be public due to a player having a name starting with 'pult4c1'.</div>
|j|☆PULT4C1 Carmin
|j|☆PULT4C1 spacial
|t:|1660744223
|gametype|singles
|player|p1|PULT4C1 Carmin|firebreather|1423
|player|p2|PULT4C1 spacial|marley|1465
|teamsize|p1|6
|teamsize|p2|6
|gen|8
|tier|[Gen 8] PU
|rated|
|rule|Sleep Clause Mod: Limit one foe put to sleep
|rule|Species Clause: Limit one of each Pokémon
|rule|OHKO Clause: OHKO moves are banned
|rule|Evasion Items Clause: Evasion items are banned
|rule|Evasion Moves Clause: Evasion moves are banned
|rule|Endless Battle Clause: Forcing endless battles is banned
|rule|HP Percentage Mod: HP is shown in percentages
|rule|Dynamax Clause: You cannot dynamax
|clearpoke
|poke|p1|Dubwool, M|
|poke|p1|Sandaconda, F|
|poke|p1|Gallade, M|
|poke|p1|Gigalith, F|
|poke|p1|Eldegoss, M|
|poke|p1|Charizard, M|
|poke|p2|Vikavolt, F|
|poke|p2|Sandslash, M|
|poke|p2|Gigalith, F|
|poke|p2|Eldegoss, M|
|poke|p2|Charizard, F|
|poke|p2|Weezing, M|
|teampreview
|inactive|Battle timer is ON: inactive players will automatically lose when time's up. (requested by PULT4C1 Carmin)
|j| PerryL'Ornitorinco
|inactive|PULT4C1 Carmin has 120 seconds left.
|j| pult4c1 uta lord
|j| PULT4C1 Haffling
|
|t:|1660744277
|start
|switch|p1a: Gallade|Gallade, M|100/100
|switch|p2a: Sandslash|Sandslash, M|100/100
|turn|1
|
|t:|1660744281
|move|p1a: Gallade|Knock Off|p2a: Sandslash
|-damage|p2a: Sandslash|77/100
|-enditem|p2a: Sandslash|Leftovers|[from] move: Knock Off|[of] p1a: Gallade
|move|p2a: Sandslash|Knock Off|p1a: Gallade
|-damage|p1a: Gallade|59/100
|-ability|p1a: Gallade|Justified|boost
|-boost|p1a: Gallade|atk|1
|-enditem|p1a: Gallade|Expert Belt|[from] move: Knock Off|[of] p2a: Sandslash
|
|upkeep
|turn|2
|
|t:|1660744287
|move|p1a: Gallade|Close Combat|p2a: Sandslash
|-damage|p2a: Sandslash|8/100
|-unboost|p1a: Gallade|def|1
|-unboost|p1a: Gallade|spd|1
|move|p2a: Sandslash|Earthquake|p1a: Gallade
|-damage|p1a: Gallade|0 fnt
|faint|p1a: Gallade
|
|upkeep
|
|t:|1660744297
|switch|p1a: Charizard|Charizard, M|100/100
|turn|3
|j| literally 1444
|
|t:|1660744301
|switch|p2a: Gigalith|Gigalith, F|100/100
|-weather|Sandstorm|[from] ability: Sand Stream|[of] p2a: Gigalith
|move|p1a: Charizard|Flamethrower|p2a: Gigalith
|-resisted|p2a: Gigalith
|-damage|p2a: Gigalith|91/100
|
|-weather|Sandstorm|[upkeep]
|-damage|p1a: Charizard|94/100|[from] Sandstorm
|-heal|p2a: Gigalith|97/100|[from] item: Leftovers
|upkeep
|turn|4
|
|t:|1660744306
|move|p1a: Charizard|Toxic|p2a: Gigalith
|-status|p2a: Gigalith|tox
|move|p2a: Gigalith|Stealth Rock|p1a: Charizard
|-sidestart|p1: PULT4C1 Carmin|move: Stealth Rock
|
|-weather|Sandstorm|[upkeep]
|-damage|p1a: Charizard|88/100|[from] Sandstorm
|-heal|p2a: Gigalith|100/100 tox|[from] item: Leftovers
|-damage|p2a: Gigalith|94/100 tox|[from] psn
|upkeep
|turn|5
|
|t:|1660744308
|switch|p1a: Eldegoss|Eldegoss, M|100/100
|move|p2a: Gigalith|Rock Blast|p1a: Eldegoss
|-damage|p1a: Eldegoss|90/100
|-damage|p1a: Eldegoss|81/100
|-damage|p1a: Eldegoss|71/100
|-hitcount|p1a: Eldegoss|3
|
|-weather|Sandstorm|[upkeep]
|-damage|p1a: Eldegoss|64/100|[from] Sandstorm
|-heal|p2a: Gigalith|100/100 tox|[from] item: Leftovers
|-damage|p2a: Gigalith|88/100 tox|[from] psn
|upkeep
|turn|6
|
|t:|1660744312
|switch|p2a: Eldegoss|Eldegoss, M|100/100
|move|p1a: Eldegoss|Rapid Spin|p2a: Eldegoss
|-damage|p2a: Eldegoss|94/100
|-boost|p1a: Eldegoss|spe|1
|-sideend|p1: PULT4C1 Carmin|Stealth Rock|[from] move: Rapid Spin|[of] p1a: Eldegoss
|
|-weather|Sandstorm|[upkeep]
|-damage|p1a: Eldegoss|58/100|[from] Sandstorm
|-damage|p2a: Eldegoss|88/100|[from] Sandstorm
|upkeep
|turn|7
|
|t:|1660744318
|switch|p1a: Charizard|Charizard, M|88/100
|move|p2a: Eldegoss|Aromatherapy|p2a: Eldegoss
|-activate|p2a: Eldegoss|move: Aromatherapy
|-curestatus|p2: Gigalith|tox|[msg]
|
|-weather|none
|upkeep
|turn|8
|
|t:|1660744324
|switch|p2a: Sandslash|Sandslash, M|8/100
|move|p1a: Charizard|Toxic|p2a: Sandslash
|-status|p2a: Sandslash|tox
|
|-damage|p2a: Sandslash|2/100 tox|[from] psn
|upkeep
|turn|9
|
|t:|1660744327
|move|p1a: Charizard|Flamethrower|p2a: Sandslash
|-damage|p2a: Sandslash|0 fnt
|faint|p2a: Sandslash
|
|upkeep
|
|t:|1660744329
|switch|p2a: Gigalith|Gigalith, F|88/100
|-weather|Sandstorm|[from] ability: Sand Stream|[of] p2a: Gigalith
|turn|10
|
|t:|1660744336
|switch|p1a: Eldegoss|Eldegoss, M|92/100
|move|p2a: Gigalith|Rock Blast|p1a: Eldegoss
|-damage|p1a: Eldegoss|82/100
|-damage|p1a: Eldegoss|73/100
|-damage|p1a: Eldegoss|63/100
|-damage|p1a: Eldegoss|53/100
|-damage|p1a: Eldegoss|43/100
|-hitcount|p1a: Eldegoss|5
|
|-weather|Sandstorm|[upkeep]
|-damage|p1a: Eldegoss|37/100|[from] Sandstorm
|-heal|p2a: Gigalith|94/100|[from] item: Leftovers
|upkeep
|turn|11
|
|t:|1660744355
|switch|p1a: Sandaconda|Sandaconda, F|100/100
|switch|p2a: Vikavolt|Vikavolt, F|100/100
|
|-weather|Sandstorm|[upkeep]
|-damage|p2a: Vikavolt|94/100|[from] Sandstorm
|upkeep
|turn|12
|
|t:|1660744361
|switch|p1a: Gigalith|Gigalith, F|100/100
|move|p2a: Vikavolt|Bug Buzz|p1a: Gigalith
|-damage|p1a: Gigalith|70/100
|
|-weather|Sandstorm|[upkeep]
|-damage|p2a: Vikavolt|88/100|[from] Sandstorm
|-heal|p1a: Gigalith|76/100|[from] item: Leftovers
|upkeep
|turn|13
|
|t:|1660744367
|move|p2a: Vikavolt|Volt Switch|p1a: Gigalith
|-damage|p1a: Gigalith|54/100
|
|t:|1660744370
|switch|p2a: Eldegoss|Eldegoss, M|100/100|[from]move: Volt Switch
|move|p1a: Gigalith|Rock Blast|p2a: Eldegoss|[miss]
|-miss|p1a: Gigalith|p2a: Eldegoss
|
|-weather|Sandstorm|[upkeep]
|-damage|p2a: Eldegoss|94/100|[from] Sandstorm
|-heal|p1a: Gigalith|60/100|[from] item: Leftovers
|upkeep
|turn|14
|
|t:|1660744376
|switch|p1a: Charizard|Charizard, M|88/100
|move|p2a: Eldegoss|Leech Seed|p1a: Charizard
|-start|p1a: Charizard|move: Leech Seed
|
|-weather|none
|-damage|p1a: Charizard|76/100|[from] Leech Seed|[of] p2a: Eldegoss
|-heal|p2a: Eldegoss|100/100|[silent]
|upkeep
|turn|15
|
|t:|1660744383
|switch|p1a: Eldegoss|Eldegoss, M|70/100
|switch|p2a: Gigalith|Gigalith, F|94/100
|-weather|Sandstorm|[from] ability: Sand Stream|[of] p2a: Gigalith
|
|-weather|Sandstorm|[upkeep]
|-damage|p1a: Eldegoss|64/100|[from] Sandstorm
|-heal|p2a: Gigalith|100/100|[from] item: Leftovers
|upkeep
|turn|16
|j| damn i got it bad
|
|t:|1660744391
|switch|p2a: Vikavolt|Vikavolt, F|88/100
|move|p1a: Eldegoss|Leech Seed|p2a: Vikavolt
|-start|p2a: Vikavolt|move: Leech Seed
|
|-weather|Sandstorm|[upkeep]
|-damage|p2a: Vikavolt|82/100|[from] Sandstorm
|-damage|p1a: Eldegoss|58/100|[from] Sandstorm
|-damage|p2a: Vikavolt|70/100|[from] Leech Seed|[of] p1a: Eldegoss
|-heal|p1a: Eldegoss|69/100|[silent]
|upkeep
|turn|17
|
|t:|1660744398
|switch|p2a: Eldegoss|Eldegoss, M|100/100
|switch|p1a: Sandaconda|Sandaconda, F|100/100
|
|-weather|Sandstorm|[upkeep]
|-damage|p2a: Eldegoss|94/100|[from] Sandstorm
|upkeep
|turn|18
|
|t:|1660744407
|switch|p1a: Charizard|Charizard, M|76/100
|move|p2a: Eldegoss|Giga Drain|p1a: Charizard
|-resisted|p1a: Charizard
|-damage|p1a: Charizard|70/100
|-heal|p2a: Eldegoss|98/100|[from] drain|[of] p1a: Charizard
|
|-weather|Sandstorm|[upkeep]
|-damage|p1a: Charizard|64/100|[from] Sandstorm
|-damage|p2a: Eldegoss|92/100|[from] Sandstorm
|upkeep
|turn|19
|
|t:|1660744412
|switch|p2a: Gigalith|Gigalith, F|100/100
|move|p1a: Charizard|Toxic|p2a: Gigalith|[miss]
|-miss|p1a: Charizard|p2a: Gigalith
|
|-weather|none
|upkeep
|turn|20
|
|t:|1660744418
|switch|p1a: Eldegoss|Eldegoss, M|100/100
|move|p2a: Gigalith|Rock Blast|p1a: Eldegoss
|-damage|p1a: Eldegoss|92/100
|-damage|p1a: Eldegoss|82/100
|-hitcount|p1a: Eldegoss|2
|
|upkeep
|turn|21
|
|t:|1660744423
|switch|p2a: Eldegoss|Eldegoss, M|100/100
|move|p1a: Eldegoss|Leech Seed|p2a: Eldegoss
|-immune|p2a: Eldegoss
|
|upkeep
|turn|22
|
|t:|1660744426
|switch|p1a: Charizard|Charizard, M|64/100
|move|p2a: Eldegoss|Leech Seed|p1a: Charizard
|-start|p1a: Charizard|move: Leech Seed
|
|-damage|p1a: Charizard|52/100|[from] Leech Seed|[of] p2a: Eldegoss
|upkeep
|turn|23
|
|t:|1660744430
|switch|p2a: Gigalith|Gigalith, F|100/100
|-weather|Sandstorm|[from] ability: Sand Stream|[of] p2a: Gigalith
|move|p1a: Charizard|Roost|p1a: Charizard
|-heal|p1a: Charizard|100/100
|-singleturn|p1a: Charizard|move: Roost
|
|-weather|Sandstorm|[upkeep]
|-damage|p1a: Charizard|94/100|[from] Sandstorm
|-damage|p1a: Charizard|82/100|[from] Leech Seed|[of] p2a: Gigalith
|upkeep
|turn|24
|
|t:|1660744436
|switch|p1a: Eldegoss|Eldegoss, M|100/100
|switch|p2a: Vikavolt|Vikavolt, F|70/100
|
|-weather|Sandstorm|[upkeep]
|-damage|p2a: Vikavolt|64/100|[from] Sandstorm
|-damage|p1a: Eldegoss|94/100|[from] Sandstorm
|upkeep
|turn|25
|
|t:|1660744446
|switch|p1a: Gigalith|Gigalith, F|60/100
|move|p2a: Vikavolt|Roost|p2a: Vikavolt
|-heal|p2a: Vikavolt|100/100
|-singleturn|p2a: Vikavolt|move: Roost
|
|-weather|Sandstorm|[upkeep]
|-damage|p2a: Vikavolt|94/100|[from] Sandstorm
|-heal|p1a: Gigalith|67/100|[from] item: Leftovers
|upkeep
|turn|26
|
|t:|1660744451
|move|p2a: Vikavolt|Volt Switch|p1a: Gigalith
|-damage|p1a: Gigalith|46/100
|
|t:|1660744454
|switch|p2a: Eldegoss|Eldegoss, M|100/100|[from]move: Volt Switch
|move|p1a: Gigalith|Stealth Rock|p2a: Eldegoss
|-sidestart|p2: PULT4C1 spacial|move: Stealth Rock
|
|-weather|Sandstorm|[upkeep]
|-damage|p2a: Eldegoss|94/100|[from] Sandstorm
|-heal|p1a: Gigalith|52/100|[from] item: Leftovers
|upkeep
|turn|27
|
|t:|1660744457
|move|p2a: Eldegoss|Rapid Spin|p1a: Gigalith
|-resisted|p1a: Gigalith
|-damage|p1a: Gigalith|49/100
|-boost|p2a: Eldegoss|spe|1
|-sideend|p2: PULT4C1 spacial|Stealth Rock|[from] move: Rapid Spin|[of] p2a: Eldegoss
|move|p1a: Gigalith|Rest|p1a: Gigalith
|-status|p1a: Gigalith|slp|[from] move: Rest
|-heal|p1a: Gigalith|100/100 slp|[silent]
|
|-weather|none
|upkeep
|turn|28
|
|t:|1660744465
|switch|p2a: Vikavolt|Vikavolt, F|94/100
|switch|p1a: Charizard|Charizard, M|82/100
|
|upkeep
|turn|29
|
|t:|1660744469
|switch|p2a: Gigalith|Gigalith, F|100/100
|-weather|Sandstorm|[from] ability: Sand Stream|[of] p2a: Gigalith
|move|p1a: Charizard|Flamethrower|p2a: Gigalith
|-resisted|p2a: Gigalith
|-damage|p2a: Gigalith|92/100
|
|-weather|Sandstorm|[upkeep]
|-damage|p1a: Charizard|76/100|[from] Sandstorm
|-heal|p2a: Gigalith|98/100|[from] item: Leftovers
|upkeep
|turn|30
|
|t:|1660744473
|switch|p1a: Eldegoss|Eldegoss, M|100/100
|move|p2a: Gigalith|Rock Blast|p1a: Eldegoss
|-damage|p1a: Eldegoss|91/100
|-damage|p1a: Eldegoss|82/100
|-damage|p1a: Eldegoss|73/100
|-damage|p1a: Eldegoss|63/100
|-damage|p1a: Eldegoss|54/100
|-hitcount|p1a: Eldegoss|5
|
|-weather|Sandstorm|[upkeep]
|-damage|p1a: Eldegoss|48/100|[from] Sandstorm
|-heal|p2a: Gigalith|100/100|[from] item: Leftovers
|upkeep
|turn|31
|
|t:|1660744479
|move|p1a: Eldegoss|Leech Seed|p2a: Gigalith
|-start|p2a: Gigalith|move: Leech Seed
|move|p2a: Gigalith|Stealth Rock|p1a: Eldegoss
|-sidestart|p1: PULT4C1 Carmin|move: Stealth Rock
|
|-weather|Sandstorm|[upkeep]
|-damage|p1a: Eldegoss|42/100|[from] Sandstorm
|-damage|p2a: Gigalith|88/100|[from] Leech Seed|[of] p1a: Eldegoss
|-heal|p1a: Eldegoss|56/100|[silent]
|upkeep
|turn|32
|
|t:|1660744483
|switch|p2a: Vikavolt|Vikavolt, F|94/100
|move|p1a: Eldegoss|Rapid Spin|p2a: Vikavolt
|-damage|p2a: Vikavolt|87/100
|-boost|p1a: Eldegoss|spe|1
|-sideend|p1: PULT4C1 Carmin|Stealth Rock|[from] move: Rapid Spin|[of] p1a: Eldegoss
|
|-weather|Sandstorm|[upkeep]
|-damage|p1a: Eldegoss|50/100|[from] Sandstorm
|-damage|p2a: Vikavolt|81/100|[from] Sandstorm
|upkeep
|turn|33
|
|t:|1660744488
|switch|p1a: Gigalith|Gigalith, F|100/100 slp
|move|p2a: Vikavolt|Volt Switch|p1a: Gigalith
|-damage|p1a: Gigalith|79/100 slp
|
|t:|1660744503
|switch|p2a: Gigalith|Gigalith, F|88/100|[from]move: Volt Switch
|
|-weather|none
|-heal|p1a: Gigalith|85/100 slp|[from] item: Leftovers
|-heal|p2a: Gigalith|94/100|[from] item: Leftovers
|upkeep
|turn|34
|
|t:|1660744507
|switch|p2a: Vikavolt|Vikavolt, F|81/100
|switch|p1a: Eldegoss|Eldegoss, M|83/100
|
|upkeep
|turn|35
|
|t:|1660744512
|switch|p1a: Gigalith|Gigalith, F|85/100 slp
|-weather|Sandstorm|[from] ability: Sand Stream|[of] p1a: Gigalith
|move|p2a: Vikavolt|Volt Switch|p1a: Gigalith
|-damage|p1a: Gigalith|64/100 slp
|
|t:|1660744517
|switch|p2a: Gigalith|Gigalith, F|94/100|[from]move: Volt Switch
|
|-weather|Sandstorm|[upkeep]
|-heal|p1a: Gigalith|70/100 slp|[from] item: Leftovers
|-heal|p2a: Gigalith|100/100|[from] item: Leftovers
|upkeep
|turn|36
|
|t:|1660744520
|switch|p1a: Eldegoss|Eldegoss, M|100/100
|move|p2a: Gigalith|Rock Blast|p1a: Eldegoss|[miss]
|-miss|p2a: Gigalith|p1a: Eldegoss
|
|-weather|Sandstorm|[upkeep]
|-damage|p1a: Eldegoss|94/100|[from] Sandstorm
|upkeep
|turn|37
|
|t:|1660744525
|switch|p1a: Charizard|Charizard, M|76/100
|move|p2a: Gigalith|Rock Blast|p1a: Charizard
|-supereffective|p1a: Charizard
|-damage|p1a: Charizard|19/100
|-supereffective|p1a: Charizard
|-damage|p1a: Charizard|0 fnt
|faint|p1a: Charizard
|-hitcount|p1: Charizard|2
|
|-weather|Sandstorm|[upkeep]
|upkeep
|
|t:|1660744533
|switch|p1a: Dubwool|Dubwool, M|100/100
|turn|38
|
|t:|1660744536
|switch|p2a: Weezing|Weezing, M|100/100
|move|p1a: Dubwool|Cotton Guard|p1a: Dubwool
|-boost|p1a: Dubwool|def|3
|
|-weather|Sandstorm|[upkeep]
|-damage|p1a: Dubwool|94/100|[from] Sandstorm
|-damage|p2a: Weezing|94/100|[from] Sandstorm
|-heal|p1a: Dubwool|100/100|[from] item: Leftovers
|upkeep
|turn|39
|
|t:|1660744539
|move|p1a: Dubwool|Cotton Guard|p1a: Dubwool
|-boost|p1a: Dubwool|def|3
|move|p2a: Weezing|Sludge Bomb|p1a: Dubwool
|-damage|p1a: Dubwool|69/100
|-status|p1a: Dubwool|psn
|
|-weather|none
|-heal|p1a: Dubwool|75/100 psn|[from] item: Leftovers
|-damage|p1a: Dubwool|63/100 psn|[from] psn
|upkeep
|turn|40
|
|t:|1660744543
|move|p1a: Dubwool|Body Press|p2a: Weezing
|-resisted|p2a: Weezing
|-damage|p2a: Weezing|61/100
|move|p2a: Weezing|Flamethrower|p1a: Dubwool
|-damage|p1a: Dubwool|23/100 psn
|
|-heal|p1a: Dubwool|30/100 psn|[from] item: Leftovers
|-damage|p1a: Dubwool|17/100 psn|[from] psn
|upkeep
|turn|41
|
|t:|1660744550
|move|p1a: Dubwool|Rest|p1a: Dubwool
|-status|p1a: Dubwool|slp|[from] move: Rest
|-heal|p1a: Dubwool|100/100 slp|[silent]
|move|p2a: Weezing|Flamethrower|p1a: Dubwool
|-damage|p1a: Dubwool|63/100 slp
|
|-heal|p1a: Dubwool|69/100 slp|[from] item: Leftovers
|upkeep
|turn|42
|
|t:|1660744557
|switch|p1a: Sandaconda|Sandaconda, F|100/100
|move|p2a: Weezing|Pain Split|p1a: Sandaconda
|-sethp|p1a: Sandaconda|80/100|[from] move: Pain Split|[silent]
|-sethp|p2a: Weezing|83/100|[from] move: Pain Split
|
|-heal|p1a: Sandaconda|86/100|[from] item: Leftovers
|upkeep
|turn|43
|
|t:|1660744572
|switch|p2a: Eldegoss|Eldegoss, M|100/100
|move|p1a: Sandaconda|Coil|p1a: Sandaconda
|-boost|p1a: Sandaconda|atk|1
|-boost|p1a: Sandaconda|def|1
|-boost|p1a: Sandaconda|accuracy|1
|
|-heal|p1a: Sandaconda|92/100|[from] item: Leftovers
|upkeep
|turn|44
|
|t:|1660744577
|switch|p1a: Eldegoss|Eldegoss, M|100/100
|move|p2a: Eldegoss|Giga Drain|p1a: Eldegoss
|-resisted|p1a: Eldegoss
|-damage|p1a: Eldegoss|91/100
|
|upkeep
|turn|45
|
|t:|1660744580
|move|p2a: Eldegoss|Giga Drain|p1a: Eldegoss
|-resisted|p1a: Eldegoss
|-damage|p1a: Eldegoss|80/100
|move|p1a: Eldegoss|Aromatherapy|p1a: Eldegoss
|-activate|p1a: Eldegoss|move: Aromatherapy
|-curestatus|p1: Dubwool|slp|[msg]
|-curestatus|p1: Gigalith|slp|[msg]
|
|upkeep
|turn|46
|
|t:|1660744585
|switch|p1a: Dubwool|Dubwool, M|69/100
|move|p2a: Eldegoss|Leech Seed|p1a: Dubwool
|-start|p1a: Dubwool|move: Leech Seed
|
|-heal|p1a: Dubwool|75/100|[from] item: Leftovers
|-damage|p1a: Dubwool|63/100|[from] Leech Seed|[of] p2a: Eldegoss
|upkeep
|turn|47
|
|t:|1660744589
|switch|p2a: Weezing|Weezing, M|83/100
|move|p1a: Dubwool|Rest|p1a: Dubwool
|-status|p1a: Dubwool|slp|[from] move: Rest
|-heal|p1a: Dubwool|100/100 slp|[silent]
|
|-damage|p1a: Dubwool|88/100 slp|[from] Leech Seed|[of] p2a: Weezing
|-heal|p2a: Weezing|96/100|[silent]
|upkeep
|turn|48
|
|t:|1660744593
|switch|p1a: Sandaconda|Sandaconda, F|92/100
|move|p2a: Weezing|Toxic Spikes|p1a: Sandaconda
|-sidestart|p1: PULT4C1 Carmin|move: Toxic Spikes
|
|-heal|p1a: Sandaconda|98/100|[from] item: Leftovers
|upkeep
|turn|49
|
|t:|1660744597
|switch|p2a: Eldegoss|Eldegoss, M|100/100
|move|p1a: Sandaconda|Coil|p1a: Sandaconda
|-boost|p1a: Sandaconda|atk|1
|-boost|p1a: Sandaconda|def|1
|-boost|p1a: Sandaconda|accuracy|1
|
|-heal|p1a: Sandaconda|100/100|[from] item: Leftovers
|upkeep
|turn|50
|
|t:|1660744601
|move|p1a: Sandaconda|Glare|p2a: Eldegoss
|-status|p2a: Eldegoss|par
|move|p2a: Eldegoss|Giga Drain|p1a: Sandaconda
|-supereffective|p1a: Sandaconda
|-damage|p1a: Sandaconda|42/100
|
|-heal|p1a: Sandaconda|48/100|[from] item: Leftovers
|upkeep
|turn|51
|
|t:|1660744605
|switch|p2a: Vikavolt|Vikavolt, F|81/100
|move|p1a: Sandaconda|Rest|p1a: Sandaconda
|-status|p1a: Sandaconda|slp|[from] move: Rest
|-heal|p1a: Sandaconda|100/100 slp|[silent]
|
|-activate|p1a: Sandaconda|ability: Shed Skin
|-curestatus|p1a: Sandaconda|slp|[msg]
|upkeep
|turn|52
|
|t:|1660744610
|switch|p1a: Gigalith|Gigalith, F|70/100
|-status|p1a: Gigalith|psn
|-weather|Sandstorm|[from] ability: Sand Stream|[of] p1a: Gigalith
|switch|p2a: Eldegoss|Eldegoss, M|100/100 par
|
|-weather|Sandstorm|[upkeep]
|-damage|p2a: Eldegoss|94/100 par|[from] Sandstorm
|-heal|p1a: Gigalith|76/100 psn|[from] item: Leftovers
|-damage|p1a: Gigalith|64/100 psn|[from] psn
|upkeep
|turn|53
|
|t:|1660744614
|move|p2a: Eldegoss|Giga Drain|p1a: Gigalith
|-supereffective|p1a: Gigalith
|-damage|p1a: Gigalith|39/100 psn
|-heal|p2a: Eldegoss|100/100 par|[from] drain|[of] p1a: Gigalith
|move|p1a: Gigalith|Rest|p1a: Gigalith
|-status|p1a: Gigalith|slp|[from] move: Rest
|-heal|p1a: Gigalith|100/100 slp|[silent]
|
|-weather|Sandstorm|[upkeep]
|-damage|p2a: Eldegoss|94/100 par|[from] Sandstorm
|upkeep
|turn|54
|
|t:|1660744619
|switch|p2a: Vikavolt|Vikavolt, F|81/100
|switch|p1a: Eldegoss|Eldegoss, M|100/100
|
|-weather|Sandstorm|[upkeep]
|-damage|p2a: Vikavolt|75/100|[from] Sandstorm
|-damage|p1a: Eldegoss|94/100|[from] Sandstorm
|upkeep
|turn|55
|
|t:|1660744622
|switch|p1a: Gigalith|Gigalith, F|100/100 slp
|move|p2a: Vikavolt|Bug Buzz|p1a: Gigalith
|-damage|p1a: Gigalith|72/100 slp
|
|-weather|Sandstorm|[upkeep]
|-damage|p2a: Vikavolt|69/100|[from] Sandstorm
|-heal|p1a: Gigalith|78/100 slp|[from] item: Leftovers
|upkeep
|turn|56
|j| Zephyyyr
|inactive|PULT4C1 Carmin has 120 seconds left.
|
|t:|1660744663
|move|p2a: Vikavolt|Roost|p2a: Vikavolt
|-heal|p2a: Vikavolt|100/100
|-singleturn|p2a: Vikavolt|move: Roost
|cant|p1a: Gigalith|slp
|
|-weather|none
|-heal|p1a: Gigalith|84/100 slp|[from] item: Leftovers
|upkeep
|turn|57
|
|t:|1660744666
|move|p2a: Vikavolt|Volt Switch|p1a: Gigalith
|-damage|p1a: Gigalith|49/100 slp
|
|t:|1660744673
|switch|p2a: Eldegoss|Eldegoss, M|100/100 par|[from]move: Volt Switch
|cant|p1a: Gigalith|slp
|
|-heal|p1a: Gigalith|55/100 slp|[from] item: Leftovers
|upkeep
|turn|58
|
|t:|1660744681
|switch|p1a: Eldegoss|Eldegoss, M|100/100
|move|p2a: Eldegoss|Giga Drain|p1a: Eldegoss
|-resisted|p1a: Eldegoss
|-damage|p1a: Eldegoss|90/100
|
|upkeep
|turn|59
|
|t:|1660744685
|switch|p2a: Vikavolt|Vikavolt, F|100/100
|move|p1a: Eldegoss|Rapid Spin|p2a: Vikavolt
|-damage|p2a: Vikavolt|93/100
|-boost|p1a: Eldegoss|spe|1
|-sideend|p1: PULT4C1 Carmin|Toxic Spikes|[from] move: Rapid Spin|[of] p1a: Eldegoss
|
|upkeep
|turn|60
|inactive|PULT4C1 Carmin has 120 seconds left.
|
|t:|1660744736
|switch|p1a: Gigalith|Gigalith, F|55/100 slp
|-weather|Sandstorm|[from] ability: Sand Stream|[of] p1a: Gigalith
|move|p2a: Vikavolt|Bug Buzz|p1a: Gigalith
|-damage|p1a: Gigalith|27/100 slp
|
|-weather|Sandstorm|[upkeep]
|-damage|p2a: Vikavolt|87/100|[from] Sandstorm
|-heal|p1a: Gigalith|33/100 slp|[from] item: Leftovers
|upkeep
|turn|61
|
|t:|1660744740
|move|p2a: Vikavolt|Volt Switch|p1a: Gigalith
|-crit|p1a: Gigalith
|-damage|p1a: Gigalith|1/100 slp
|
|t:|1660744756
|switch|p2a: Gigalith|Gigalith, F|100/100|[from]move: Volt Switch
|-curestatus|p1a: Gigalith|slp|[msg]
|move|p1a: Gigalith|Rest|p1a: Gigalith
|-status|p1a: Gigalith|slp|[from] move: Rest
|-heal|p1a: Gigalith|100/100 slp|[silent]
|
|-weather|Sandstorm|[upkeep]
|upkeep
|turn|62
|inactive|PULT4C1 Carmin has 120 seconds left.
|inactive|PULT4C1 Carmin has 90 seconds left.
|
|t:|1660744803
|switch|p1a: Eldegoss|Eldegoss, M|100/100
|move|p2a: Gigalith|Stealth Rock|p1a: Eldegoss
|-sidestart|p1: PULT4C1 Carmin|move: Stealth Rock
|
|-weather|Sandstorm|[upkeep]
|-damage|p1a: Eldegoss|94/100|[from] Sandstorm
|upkeep
|turn|63
|
|t:|1660744809
|move|p1a: Eldegoss|Rapid Spin|p2a: Gigalith
|-resisted|p2a: Gigalith
|-damage|p2a: Gigalith|98/100
|-boost|p1a: Eldegoss|spe|1
|-sideend|p1: PULT4C1 Carmin|Stealth Rock|[from] move: Rapid Spin|[of] p1a: Eldegoss
|move|p2a: Gigalith|Rock Blast|p1a: Eldegoss
|-damage|p1a: Eldegoss|84/100
|-damage|p1a: Eldegoss|75/100
|-damage|p1a: Eldegoss|65/100
|-hitcount|p1a: Eldegoss|3
|
|-weather|Sandstorm|[upkeep]
|-damage|p1a: Eldegoss|59/100|[from] Sandstorm
|-heal|p2a: Gigalith|100/100|[from] item: Leftovers
|upkeep
|turn|64
|inactive|PULT4C1 Carmin has 90 seconds left.
|
|t:|1660744830
|switch|p2a: Eldegoss|Eldegoss, M|100/100 par
|move|p1a: Eldegoss|Leech Seed|p2a: Eldegoss
|-immune|p2a: Eldegoss
|
|-weather|none
|upkeep
|turn|65
|
|t:|1660744835
|switch|p1a: Gigalith|Gigalith, F|100/100 slp
|-weather|Sandstorm|[from] ability: Sand Stream|[of] p1a: Gigalith
|move|p2a: Eldegoss|Leech Seed|p1a: Gigalith
|-start|p1a: Gigalith|move: Leech Seed
|
|-weather|Sandstorm|[upkeep]
|-damage|p2a: Eldegoss|94/100 par|[from] Sandstorm
|-damage|p1a: Gigalith|88/100 slp|[from] Leech Seed|[of] p2a: Eldegoss
|-heal|p2a: Eldegoss|100/100 par|[silent]
|upkeep
|turn|66
|
|t:|1660744843
|switch|p1a: Eldegoss|Eldegoss, M|92/100
|cant|p2a: Eldegoss|par
|
|-weather|Sandstorm|[upkeep]
|-damage|p1a: Eldegoss|86/100|[from] Sandstorm
|-damage|p2a: Eldegoss|94/100 par|[from] Sandstorm
|upkeep
|turn|67
|
|t:|1660744856
|move|p1a: Eldegoss|Aromatherapy|p1a: Eldegoss
|-activate|p1a: Eldegoss|move: Aromatherapy
|-curestatus|p1: Gigalith|slp|[msg]
|-curestatus|p1: Dubwool|slp|[msg]
|move|p2a: Eldegoss|Aromatherapy|p2a: Eldegoss
|-activate|p2a: Eldegoss|move: Aromatherapy
|-curestatus|p2a: Eldegoss|par|[msg]
|
|-weather|Sandstorm|[upkeep]
|-damage|p2a: Eldegoss|88/100|[from] Sandstorm
|-damage|p1a: Eldegoss|80/100|[from] Sandstorm
|upkeep
|turn|68
|
|t:|1660744860
|move|p2a: Eldegoss|Leech Seed|p1a: Eldegoss
|-immune|p1a: Eldegoss
|move|p1a: Eldegoss|Leech Seed|p2a: Eldegoss
|-immune|p2a: Eldegoss
|
|-weather|Sandstorm|[upkeep]
|-damage|p2a: Eldegoss|82/100|[from] Sandstorm
|-damage|p1a: Eldegoss|74/100|[from] Sandstorm
|upkeep
|turn|69
|
|t:|1660744866
|move|p2a: Eldegoss|Leech Seed|p1a: Eldegoss
|-immune|p1a: Eldegoss
|move|p1a: Eldegoss|Giga Drain|p2a: Eldegoss
|-resisted|p2a: Eldegoss
|-damage|p2a: Eldegoss|72/100
|-heal|p1a: Eldegoss|79/100|[from] drain|[of] p2a: Eldegoss
|
|-weather|none
|upkeep
|turn|70
|
|t:|1660744869
|move|p2a: Eldegoss|Giga Drain|p1a: Eldegoss
|-resisted|p1a: Eldegoss
|-damage|p1a: Eldegoss|70/100
|-heal|p2a: Eldegoss|77/100|[from] drain|[of] p1a: Eldegoss
|move|p1a: Eldegoss|Leech Seed|p2a: Eldegoss
|-immune|p2a: Eldegoss
|
|upkeep
|turn|71
|inactive|PULT4C1 Carmin has 120 seconds left.
|
|t:|1660744888
|move|p2a: Eldegoss|Leech Seed|p1a: Eldegoss
|-immune|p1a: Eldegoss
|move|p1a: Eldegoss|Giga Drain|p2a: Eldegoss
|-resisted|p2a: Eldegoss
|-damage|p2a: Eldegoss|67/100
|-heal|p1a: Eldegoss|74/100|[from] drain|[of] p2a: Eldegoss
|
|upkeep
|turn|72
|
|t:|1660744892
|move|p2a: Eldegoss|Rapid Spin|p1a: Eldegoss
|-damage|p1a: Eldegoss|69/100
|-boost|p2a: Eldegoss|spe|1
|move|p1a: Eldegoss|Giga Drain|p2a: Eldegoss
|-resisted|p2a: Eldegoss
|-damage|p2a: Eldegoss|59/100
|-heal|p1a: Eldegoss|73/100|[from] drain|[of] p2a: Eldegoss
|
|upkeep
|turn|73
|
|t:|1660744895
|move|p2a: Eldegoss|Giga Drain|p1a: Eldegoss
|-resisted|p1a: Eldegoss
|-damage|p1a: Eldegoss|64/100
|-heal|p2a: Eldegoss|64/100|[from] drain|[of] p1a: Eldegoss
|move|p1a: Eldegoss|Rapid Spin|p2a: Eldegoss
|-damage|p2a: Eldegoss|58/100
|-boost|p1a: Eldegoss|spe|1
|
|upkeep
|turn|74
|
|t:|1660744901
|switch|p2a: Vikavolt|Vikavolt, F|87/100
|move|p1a: Eldegoss|Leech Seed|p2a: Vikavolt
|-start|p2a: Vikavolt|move: Leech Seed
|
|-damage|p2a: Vikavolt|75/100|[from] Leech Seed|[of] p1a: Eldegoss
|-heal|p1a: Eldegoss|75/100|[silent]
|upkeep
|turn|75
|
|t:|1660744908
|switch|p1a: Sandaconda|Sandaconda, F|100/100
|switch|p2a: Gigalith|Gigalith, F|100/100
|-weather|Sandstorm|[from] ability: Sand Stream|[of] p2a: Gigalith
|
|-weather|Sandstorm|[upkeep]
|upkeep
|turn|76
|
|t:|1660744914
|switch|p2a: Eldegoss|Eldegoss, M|92/100
|move|p1a: Sandaconda|Earthquake|p2a: Eldegoss
|-resisted|p2a: Eldegoss
|-damage|p2a: Eldegoss|75/100
|
|-weather|Sandstorm|[upkeep]
|-damage|p2a: Eldegoss|69/100|[from] Sandstorm
|upkeep
|turn|77
|
|t:|1660744917
|switch|p1a: Eldegoss|Eldegoss, M|100/100
|move|p2a: Eldegoss|Leech Seed|p1a: Eldegoss
|-immune|p1a: Eldegoss
|
|-weather|Sandstorm|[upkeep]
|-damage|p2a: Eldegoss|63/100|[from] Sandstorm
|-damage|p1a: Eldegoss|94/100|[from] Sandstorm
|upkeep
|turn|78
|
|t:|1660744922
|switch|p2a: Weezing|Weezing, M|96/100
|move|p1a: Eldegoss|Leech Seed|p2a: Weezing|[miss]
|-miss|p1a: Eldegoss|p2a: Weezing
|
|-weather|Sandstorm|[upkeep]
|-damage|p2a: Weezing|90/100|[from] Sandstorm
|-damage|p1a: Eldegoss|88/100|[from] Sandstorm
|upkeep
|turn|79
|
|t:|1660744927
|switch|p1a: Gigalith|Gigalith, F|88/100
|move|p2a: Weezing|Sludge Bomb|p1a: Gigalith
|-resisted|p1a: Gigalith
|-damage|p1a: Gigalith|81/100
|
|-weather|none
|-heal|p1a: Gigalith|87/100|[from] item: Leftovers
|upkeep
|turn|80
|
|t:|1660744939
|switch|p2a: Eldegoss|Eldegoss, M|96/100
|move|p1a: Gigalith|Stealth Rock|p2a: Eldegoss
|-sidestart|p2: PULT4C1 spacial|move: Stealth Rock
|
|-heal|p1a: Gigalith|93/100|[from] item: Leftovers
|upkeep
|turn|81
|
|t:|1660744953
|switch|p1a: Eldegoss|Eldegoss, M|100/100
|move|p2a: Eldegoss|Rapid Spin|p1a: Eldegoss
|-damage|p1a: Eldegoss|95/100
|-boost|p2a: Eldegoss|spe|1
|-sideend|p2: PULT4C1 spacial|Stealth Rock|[from] move: Rapid Spin|[of] p2a: Eldegoss
|
|upkeep
|turn|82
|
|t:|1660744969
|move|p2a: Eldegoss|Rapid Spin|p1a: Eldegoss
|-damage|p1a: Eldegoss|90/100
|-boost|p2a: Eldegoss|spe|1
|move|p1a: Eldegoss|Rapid Spin|p2a: Eldegoss
|-damage|p2a: Eldegoss|90/100
|-boost|p1a: Eldegoss|spe|1
|
|upkeep
|turn|83
|
|t:|1660744974
|move|p2a: Eldegoss|Rapid Spin|p1a: Eldegoss
|-damage|p1a: Eldegoss|85/100
|-boost|p2a: Eldegoss|spe|1
|move|p1a: Eldegoss|Rapid Spin|p2a: Eldegoss
|-damage|p2a: Eldegoss|84/100
|-boost|p1a: Eldegoss|spe|1
|
|upkeep
|turn|84
|
|t:|1660744981
|switch|p2a: Vikavolt|Vikavolt, F|75/100
|move|p1a: Eldegoss|Leech Seed|p2a: Vikavolt
|-start|p2a: Vikavolt|move: Leech Seed
|
|-damage|p2a: Vikavolt|63/100|[from] Leech Seed|[of] p1a: Eldegoss
|-heal|p1a: Eldegoss|96/100|[silent]
|upkeep
|turn|85
|
|t:|1660744985
|switch|p1a: Sandaconda|Sandaconda, F|100/100
|move|p2a: Vikavolt|Roost|p2a: Vikavolt
|-heal|p2a: Vikavolt|100/100
|-singleturn|p2a: Vikavolt|move: Roost
|
|-damage|p2a: Vikavolt|88/100|[from] Leech Seed|[of] p1a: Sandaconda
|upkeep
|turn|86
|
|t:|1660744993
|switch|p1a: Gigalith|Gigalith, F|93/100
|-weather|Sandstorm|[from] ability: Sand Stream|[of] p1a: Gigalith
|switch|p2a: Weezing|Weezing, M|90/100
|
|-weather|Sandstorm|[upkeep]
|-damage|p2a: Weezing|84/100|[from] Sandstorm
|-heal|p1a: Gigalith|99/100|[from] item: Leftovers
|upkeep
|turn|87
|
|t:|1660745008
|move|p2a: Weezing|Toxic Spikes|p1a: Gigalith
|-sidestart|p1: PULT4C1 Carmin|move: Toxic Spikes
|move|p1a: Gigalith|Stealth Rock|p2a: Weezing
|-sidestart|p2: PULT4C1 spacial|move: Stealth Rock
|
|-weather|Sandstorm|[upkeep]
|-damage|p2a: Weezing|78/100|[from] Sandstorm
|-heal|p1a: Gigalith|100/100|[from] item: Leftovers
|upkeep
|turn|88
|
|t:|1660745013
|switch|p2a: Eldegoss|Eldegoss, M|100/100
|move|p1a: Gigalith|Rock Blast|p2a: Eldegoss|[miss]
|-miss|p1a: Gigalith|p2a: Eldegoss
|
|-weather|Sandstorm|[upkeep]
|-damage|p2a: Eldegoss|94/100|[from] Sandstorm
|upkeep
|turn|89
|
|t:|1660745017
|switch|p1a: Eldegoss|Eldegoss, M|100/100
|move|p2a: Eldegoss|Rapid Spin|p1a: Eldegoss
|-damage|p1a: Eldegoss|95/100
|-boost|p2a: Eldegoss|spe|1
|-sideend|p2: PULT4C1 spacial|Stealth Rock|[from] move: Rapid Spin|[of] p2a: Eldegoss
|
|-weather|Sandstorm|[upkeep]
|-damage|p2a: Eldegoss|88/100|[from] Sandstorm
|-damage|p1a: Eldegoss|89/100|[from] Sandstorm
|upkeep
|turn|90
|
|t:|1660745022
|switch|p2a: Vikavolt|Vikavolt, F|88/100
|move|p1a: Eldegoss|Rapid Spin|p2a: Vikavolt
|-damage|p2a: Vikavolt|81/100
|-boost|p1a: Eldegoss|spe|1
|-sideend|p1: PULT4C1 Carmin|Toxic Spikes|[from] move: Rapid Spin|[of] p1a: Eldegoss
|
|-weather|none
|upkeep
|turn|91
|
|t:|1660745026
|switch|p1a: Gigalith|Gigalith, F|100/100
|-weather|Sandstorm|[from] ability: Sand Stream|[of] p1a: Gigalith
|move|p2a: Vikavolt|Volt Switch|p1a: Gigalith
|-damage|p1a: Gigalith|80/100
|
|t:|1660745038
|switch|p2a: Gigalith|Gigalith, F|100/100|[from]move: Volt Switch
|
|-weather|Sandstorm|[upkeep]
|-heal|p1a: Gigalith|86/100|[from] item: Leftovers
|upkeep
|turn|92
|
|t:|1660745049
|move|p1a: Gigalith|Earthquake|p2a: Gigalith
|-supereffective|p2a: Gigalith
|-damage|p2a: Gigalith|59/100
|move|p2a: Gigalith|Earthquake|p1a: Gigalith
|-supereffective|p1a: Gigalith
|-damage|p1a: Gigalith|40/100
|
|-weather|Sandstorm|[upkeep]
|-heal|p2a: Gigalith|65/100|[from] item: Leftovers
|-heal|p1a: Gigalith|46/100|[from] item: Leftovers
|upkeep
|turn|93
|
|t:|1660745057
|switch|p1a: Eldegoss|Eldegoss, M|100/100
|switch|p2a: Vikavolt|Vikavolt, F|81/100
|
|-weather|Sandstorm|[upkeep]
|-damage|p2a: Vikavolt|75/100|[from] Sandstorm
|-damage|p1a: Eldegoss|94/100|[from] Sandstorm
|upkeep
|turn|94
|
|t:|1660745063
|switch|p1a: Gigalith|Gigalith, F|46/100
|move|p2a: Vikavolt|Bug Buzz|p1a: Gigalith
|-damage|p1a: Gigalith|18/100
|
|-weather|Sandstorm|[upkeep]
|-damage|p2a: Vikavolt|69/100|[from] Sandstorm
|-heal|p1a: Gigalith|24/100|[from] item: Leftovers
|upkeep
|turn|95
|
|t:|1660745082
|move|p2a: Vikavolt|Bug Buzz|p1a: Gigalith
|-damage|p1a: Gigalith|0 fnt
|faint|p1a: Gigalith
|
|-weather|none
|upkeep
|
|t:|1660745089
|switch|p1a: Sandaconda|Sandaconda, F|100/100
|turn|96
|-message|PULT4C1 Carmin forfeited.
|
|win|PULT4C1 spacial
|raw|PULT4C1 Carmin's rating: 1423 &rarr; <strong>1405</strong><br />(-18 for losing)
|raw|PULT4C1 spacial's rating: 1465 &rarr; <strong>1483</strong><br />(+18 for winning)
|l|☆PULT4C1 Carmin
|c|☆PULT4C1 spacial|gg
|l| literally 1444
|l|☆PULT4C1 spacial
|l| pult4c1 uta lord
|j| yandaud
||Ladder isn't responding, score probably updated but might not have (Request timeout).
|l| yandaud
|j|☆PULT4C1 spacial
|player|p2|PULT4C1 spacial|marley
