|j|☆Underfellbolt
|j|☆TimBasedGod
|t:|1595700749
|player|p1|Underfellbolt|volkner|1000
|player|p2|TimBasedGod|preschooler|1254
|teamsize|p1|6
|teamsize|p2|6
|gametype|singles
|gen|8
|tier|[Gen 8] PU
|rated|
|clearpoke
|poke|p1|Boltund, F|
|poke|p1|Greedent, M|
|poke|p1|Lycanroc-Midnight, M|
|poke|p1|Crustle, M|
|poke|p1|Lilligant, F|
|poke|p1|Raichu, M|
|poke|p2|Gloom, F|
|poke|p2|Sandslash, M|
|poke|p2|Raboot, F|
|poke|p2|Lickilicky, M|
|poke|p2|Lilligant, F|
|poke|p2|Boltund, M|
|rule|Sleep Clause Mod: Limit one foe put to sleep
|rule|Species Clause: Limit one of each Pokémon
|rule|OHKO Clause: OHKO moves are banned
|rule|Evasion Moves Clause: Evasion moves are banned
|rule|Endless Battle Clause: Forcing endless battles is banned
|rule|HP Percentage Mod: HP is shown in percentages
|rule|Dynamax Clause: You cannot dynamax
|teampreview
|
|t:|1595700769
|start
|switch|p1a: Death|Lycanroc-Midnight, M|100/100
|switch|p2a: Sandslash|Sandslash, M|100/100
|turn|1
|inactive|Battle timer is ON: inactive players will automatically lose when time's up. (requested by TimBasedGod)
|
|t:|1595700778
|move|p1a: Death|Stealth Rock|p2a: Sandslash
|-sidestart|p2: TimBasedGod|move: Stealth Rock
|move|p2a: Sandslash|Stealth Rock|p1a: Death
|-sidestart|p1: Underfellbolt|move: Stealth Rock
|
|upkeep
|turn|2
|
|t:|1595700786
|move|p2a: Sandslash|Rapid Spin|p1a: Death
|-resisted|p1a: Death
|-damage|p1a: Death|95/100
|-boost|p2a: Sandslash|spe|1
|-sideend|p2: TimBasedGod|Stealth Rock|[from] move: Rapid Spin|[of] p2a: Sandslash
|move|p1a: Death|Counter|p2a: Sandslash
|-damage|p2a: Sandslash|91/100
|-damage|p1a: Death|79/100|[from] item: Rocky Helmet|[of] p2a: Sandslash
|
|upkeep
|turn|3
|
|t:|1595700796
|move|p1a: Death|Sucker Punch|p2a: Sandslash
|-damage|p2a: Sandslash|75/100
|-damage|p1a: Death|62/100|[from] item: Rocky Helmet|[of] p2a: Sandslash
|move|p2a: Sandslash|Earthquake|p1a: Death
|-supereffective|p1a: Death
|-damage|p1a: Death|0 fnt
|faint|p1a: Death
|
|upkeep
|
|t:|1595700813
|switch|p1a: Madam|Lilligant, F, shiny|100/100
|-damage|p1a: Madam|88/100|[from] Stealth Rock
|turn|4
|
|t:|1595700820
|switch|p2a: Gloom|Gloom, F|100/100
|move|p1a: Madam|Sleep Powder|p2a: Gloom
|-immune|p2a: Gloom
|
|upkeep
|turn|5
|
|t:|1595700829
|move|p1a: Madam|Quiver Dance|p1a: Madam
|-boost|p1a: Madam|spa|1
|-boost|p1a: Madam|spd|1
|-boost|p1a: Madam|spe|1
|move|p2a: Gloom|Sludge Bomb|p1a: Madam
|-supereffective|p1a: Madam
|-damage|p1a: Madam|45/100
|-status|p1a: Madam|psn
|
|-damage|p1a: Madam|33/100 psn|[from] psn
|upkeep
|turn|6
|
|t:|1595700842
|move|p1a: Madam|Synthesis|p1a: Madam
|-heal|p1a: Madam|83/100 psn
|move|p2a: Gloom|Sludge Bomb|p1a: Madam
|-supereffective|p1a: Madam
|-damage|p1a: Madam|36/100 psn
|
|-damage|p1a: Madam|24/100 psn|[from] psn
|upkeep
|turn|7
|
|t:|1595700852
|move|p1a: Madam|Synthesis|p1a: Madam
|-heal|p1a: Madam|74/100 psn
|move|p2a: Gloom|Sludge Bomb|p1a: Madam
|-supereffective|p1a: Madam
|-damage|p1a: Madam|28/100 psn
|
|-damage|p1a: Madam|16/100 psn|[from] psn
|upkeep
|turn|8
|
|t:|1595700868
|switch|p1a: Rock|Crustle, M|100/100
|-damage|p1a: Rock|75/100|[from] Stealth Rock
|move|p2a: Gloom|Sludge Bomb|p1a: Rock
|-resisted|p1a: Rock
|-damage|p1a: Rock|60/100
|
|upkeep
|turn|9
|
|t:|1595700879
|move|p1a: Rock|Shell Smash|p1a: Rock
|-unboost|p1a: Rock|def|1
|-unboost|p1a: Rock|spd|1
|-boost|p1a: Rock|atk|2
|-boost|p1a: Rock|spa|2
|-boost|p1a: Rock|spe|2
|move|p2a: Gloom|Leech Seed|p1a: Rock
|-start|p1a: Rock|move: Leech Seed
|
|-damage|p1a: Rock|48/100|[from] Leech Seed|[of] p2a: Gloom
|upkeep
|turn|10
|
|t:|1595700897
|move|p1a: Rock|Earthquake|p2a: Gloom
|-damage|p2a: Gloom|64/100
|move|p2a: Gloom|Strength Sap|p1a: Rock
|-unboost|p1a: Rock|atk|1
|-heal|p2a: Gloom|100/100
|
|-damage|p1a: Rock|35/100|[from] Leech Seed|[of] p2a: Gloom
|upkeep
|turn|11
|
|t:|1595700909
|move|p1a: Rock|Shadow Claw|p2a: Gloom
|-damage|p2a: Gloom|80/100
|move|p2a: Gloom|Sludge Bomb|p1a: Rock
|-resisted|p1a: Rock
|-damage|p1a: Rock|13/100
|
|-damage|p1a: Rock|0 fnt|[from] Leech Seed|[of] p2a: Gloom
|-heal|p2a: Gloom|92/100|[silent]
|faint|p1a: Rock
|upkeep
|inactive|Underfellbolt has 120 seconds left.
|
|t:|1595700931
|switch|p1a: Bolt|Boltund, F|100/100
|-damage|p1a: Bolt|88/100|[from] Stealth Rock
|turn|12
|inactive|Underfellbolt has 120 seconds left.
|
|t:|1595700942
|move|p1a: Bolt|Psychic Fangs|p2a: Gloom
|-supereffective|p2a: Gloom
|-damage|p2a: Gloom|39/100
|move|p2a: Gloom|Strength Sap|p1a: Bolt
|-unboost|p1a: Bolt|atk|1
|-heal|p2a: Gloom|100/100
|
|upkeep
|turn|13
|inactive|Underfellbolt has 120 seconds left.
|
|t:|1595700951
|move|p1a: Bolt|Psychic Fangs|p2a: Gloom
|-supereffective|p2a: Gloom
|-damage|p2a: Gloom|65/100
|move|p2a: Gloom|Sludge Bomb|p1a: Bolt
|-damage|p1a: Bolt|48/100
|-status|p1a: Bolt|psn
|
|-damage|p1a: Bolt|35/100 psn|[from] psn
|upkeep
|turn|14
|inactive|Underfellbolt has 120 seconds left.
|
|t:|1595700964
|move|p1a: Bolt|Psychic Fangs|p2a: Gloom
|-supereffective|p2a: Gloom
|-damage|p2a: Gloom|29/100
|move|p2a: Gloom|Strength Sap|p1a: Bolt
|-unboost|p1a: Bolt|atk|1
|-heal|p2a: Gloom|91/100
|
|-damage|p1a: Bolt|23/100 psn|[from] psn
|upkeep
|turn|15
|inactive|Underfellbolt has 120 seconds left.
|
|t:|1595700975
|move|p1a: Bolt|Psychic Fangs|p2a: Gloom
|-supereffective|p2a: Gloom
|-damage|p2a: Gloom|63/100
|move|p2a: Gloom|Strength Sap|p1a: Bolt
|-unboost|p1a: Bolt|atk|1
|-heal|p2a: Gloom|100/100
|
|-damage|p1a: Bolt|10/100 psn|[from] psn
|upkeep
|turn|16
|inactive|Underfellbolt has 120 seconds left.
|
|t:|1595700992
|move|p1a: Bolt|Fire Fang|p2a: Gloom
|-supereffective|p2a: Gloom
|-damage|p2a: Gloom|84/100
|-status|p2a: Gloom|brn
|move|p2a: Gloom|Strength Sap|p1a: Bolt
|-unboost|p1a: Bolt|atk|1
|-heal|p2a: Gloom|100/100 brn
|
|-damage|p1a: Bolt|0 fnt|[from] psn
|faint|p1a: Bolt
|-damage|p2a: Gloom|94/100 brn|[from] brn
|upkeep
|
|t:|1595701007
|switch|p1a: Big chungus doe|Greedent, M|100/100
|-damage|p1a: Big chungus doe|88/100|[from] Stealth Rock
|turn|17
|
|t:|1595701022
|move|p2a: Gloom|Infestation|p1a: Big chungus doe
|-damage|p1a: Big chungus doe|84/100
|-activate|p1a: Big chungus doe|move: Infestation|[of] p2a: Gloom
|move|p1a: Big chungus doe|Super Fang|p2a: Gloom
|-damage|p2a: Gloom|47/100 brn
|
|-damage|p2a: Gloom|41/100 brn|[from] brn
|-damage|p1a: Big chungus doe|72/100|[from] move: Infestation|[partiallytrapped]
|upkeep
|turn|18
|
|t:|1595701035
|move|p2a: Gloom|Strength Sap|p1a: Big chungus doe
|-unboost|p1a: Big chungus doe|atk|1
|-heal|p2a: Gloom|100/100 brn
|move|p1a: Big chungus doe|Super Fang|p2a: Gloom
|-damage|p2a: Gloom|50/100 brn
|
|-damage|p2a: Gloom|44/100 brn|[from] brn
|-damage|p1a: Big chungus doe|60/100|[from] move: Infestation|[partiallytrapped]
|upkeep
|turn|19
|
|t:|1595701047
|move|p2a: Gloom|Leech Seed|p1a: Big chungus doe
|-start|p1a: Big chungus doe|move: Leech Seed
|move|p1a: Big chungus doe|Super Fang|p2a: Gloom
|-damage|p2a: Gloom|22/100 brn
|
|-damage|p1a: Big chungus doe|47/100|[from] Leech Seed|[of] p2a: Gloom
|-heal|p2a: Gloom|37/100 brn|[silent]
|-damage|p2a: Gloom|31/100 brn|[from] brn
|-damage|p1a: Big chungus doe|35/100|[from] move: Infestation|[partiallytrapped]
|upkeep
|-enditem|p1a: Big chungus doe|Sitrus Berry|[eat]
|-heal|p1a: Big chungus doe|60/100|[from] item: Sitrus Berry
|-heal|p1a: Big chungus doe|93/100|[from] ability: Cheek Pouch
|turn|20
|
|t:|1595701063
|move|p2a: Gloom|Sludge Bomb|p1a: Big chungus doe
|-damage|p1a: Big chungus doe|72/100
|-status|p1a: Big chungus doe|psn
|move|p1a: Big chungus doe|Super Fang|p2a: Gloom
|-damage|p2a: Gloom|16/100 brn
|
|-damage|p1a: Big chungus doe|60/100 psn|[from] Leech Seed|[of] p2a: Gloom
|-heal|p2a: Gloom|30/100 brn|[silent]
|-damage|p2a: Gloom|24/100 brn|[from] brn
|-damage|p1a: Big chungus doe|47/100 psn|[from] psn
|-damage|p1a: Big chungus doe|35/100 psn|[from] move: Infestation|[partiallytrapped]
|upkeep
|turn|21
|inactive|Underfellbolt has 90 seconds left.
|
|t:|1595701082
|move|p2a: Gloom|Strength Sap|p1a: Big chungus doe
|-unboost|p1a: Big chungus doe|atk|1
|-heal|p2a: Gloom|75/100 brn
|move|p1a: Big chungus doe|Psychic Fangs|p2a: Gloom
|-supereffective|p2a: Gloom
|-damage|p2a: Gloom|60/100 brn
|
|-damage|p1a: Big chungus doe|23/100 psn|[from] Leech Seed|[of] p2a: Gloom
|-heal|p2a: Gloom|74/100 brn|[silent]
|-damage|p2a: Gloom|68/100 brn|[from] brn
|-damage|p1a: Big chungus doe|10/100 psn|[from] psn
|-end|p1a: Big chungus doe|Infestation|[partiallytrapped]
|upkeep
|turn|22
|inactive|Underfellbolt has 90 seconds left.
|
|t:|1595701098
|move|p2a: Gloom|Sludge Bomb|p1a: Big chungus doe
|-damage|p1a: Big chungus doe|0 fnt
|faint|p1a: Big chungus doe
|
|-damage|p2a: Gloom|62/100 brn|[from] brn
|upkeep
|
|t:|1595701106
|switch|p1a: Tail|Raichu, M|100/100
|-damage|p1a: Tail|88/100|[from] Stealth Rock
|turn|23
|inactive|Underfellbolt has 90 seconds left.
|
|t:|1595701117
|move|p1a: Tail|Calm Mind|p1a: Tail
|-boost|p1a: Tail|spa|1
|-boost|p1a: Tail|spd|1
|move|p2a: Gloom|Sludge Bomb|p1a: Tail
|-damage|p1a: Tail|66/100
|-status|p1a: Tail|psn
|
|-damage|p1a: Tail|53/100 psn|[from] psn
|-damage|p2a: Gloom|56/100 brn|[from] brn
|upkeep
|turn|24
|inactive|Underfellbolt has 90 seconds left.
|
|t:|1595701132
|switch|p2a: Lickilicky|Lickilicky, M|100/100
|move|p1a: Tail|Wish|p1a: Tail
|
|-damage|p1a: Tail|41/100 psn|[from] psn
|upkeep
|turn|25
|
|t:|1595701146
|move|p1a: Tail|Reflect|p1a: Tail
|-sidestart|p1: Underfellbolt|Reflect
|move|p2a: Lickilicky|Knock Off|p1a: Tail
|-damage|p1a: Tail|27/100 psn
|-status|p2a: Lickilicky|par|[from] ability: Static|[of] p1a: Tail
|-enditem|p1a: Tail|Focus Sash|[from] move: Knock Off|[of] p2a: Lickilicky
|
|-heal|p1a: Tail|76/100 psn|[from] move: Wish|[wisher] Tail
|-damage|p1a: Tail|64/100 psn|[from] psn
|upkeep
|turn|26
|
|t:|1595701158
|switch|p2a: Sandslash|Sandslash, M|75/100
|move|p1a: Tail|Wish|p1a: Tail
|
|-damage|p1a: Tail|52/100 psn|[from] psn
|upkeep
|turn|27
|
|t:|1595701168
|switch|p1a: Madam|Lilligant, F, shiny|16/100 psn
|-damage|p1a: Madam|3/100 psn|[from] Stealth Rock
|move|p2a: Sandslash|Earthquake|p1a: Madam
|-resisted|p1a: Madam
|-damage|p1a: Madam|0 fnt
|faint|p1a: Madam
|
|upkeep
|
|t:|1595701178
|switch|p1a: Tail|Raichu, M|52/100 psn
|-damage|p1a: Tail|39/100 psn|[from] Stealth Rock
|turn|28
|
|t:|1595701184
|move|p1a: Tail|Wish|p1a: Tail
|move|p2a: Sandslash|Earthquake|p1a: Tail
|-supereffective|p1a: Tail
|-damage|p1a: Tail|0 fnt
|faint|p1a: Tail
|
|win|TimBasedGod
|l|☆Underfellbolt
|raw|Underfellbolt's rating: 1000 &rarr; <strong>1000</strong><br />(+0 for losing)
|raw|TimBasedGod's rating: 1282 &rarr; <strong>1290</strong><br />(+8 for winning)
