|j|☆Manyiot34
|j|☆PULT4C1 eifo
|t:|1660562717
|gametype|singles
|player|p1|Manyiot34|blue|1337
|player|p2|PULT4C1 eifo|youngster-gen4dp|1369
|teamsize|p1|6
|teamsize|p2|6
|gen|8
|tier|[Gen 8] PU
|rated|
|rule|Sleep Clause Mod: Limit one foe put to sleep
|rule|Species Clause: Limit one of each Pokémon
|rule|OHKO Clause: OHKO moves are banned
|rule|Evasion Items Clause: Evasion items are banned
|rule|Evasion Moves Clause: Evasion moves are banned
|rule|Endless Battle Clause: Forcing endless battles is banned
|rule|HP Percentage Mod: HP is shown in percentages
|rule|Dynamax Clause: You cannot dynamax
|clearpoke
|poke|p1|Tangela, F|
|poke|p1|Whimsicott, M|
|poke|p1|Kangaskhan, F|
|poke|p1|Aurorus, F|
|poke|p1|Electivire, M|
|poke|p1|Charizard, F|
|poke|p2|Gigalith, M|
|poke|p2|Scrafty, F|
|poke|p2|Scyther, M|
|poke|p2|Sandslash, F|
|poke|p2|Whimsicott, F|
|poke|p2|Lycanroc, M|
|teampreview
|inactive|Battle timer is ON: inactive players will automatically lose when time's up. (requested by Manyiot34)
|inactive|PULT4C1 eifo has 120 seconds left.
|j| yandaud
|inactive|PULT4C1 eifo has 90 seconds left.
|
|t:|1660562796
|start
|switch|p1a: Kangaskhan|Kangaskhan, F|100/100
|switch|p2a: Scyther|Scyther, M|100/100
|turn|1
|
|t:|1660562800
|switch|p2a: Gigalith|Gigalith, M|100/100
|-weather|Sandstorm|[from] ability: Sand Stream|[of] p2a: Gigalith
|move|p1a: Kangaskhan|Fake Out|p2a: Gigalith
|-resisted|p2a: Gigalith
|-damage|p2a: Gigalith|93/100
|
|-weather|Sandstorm|[upkeep]
|-damage|p1a: Kangaskhan|95/100|[from] Sandstorm
|upkeep
|turn|2
|
|t:|1660562805
|switch|p1a: Aurorus|Aurorus, F|100/100
|-weather|Hail|[from] ability: Snow Warning|[of] p1a: Aurorus
|switch|p2a: Scyther|Scyther, M|100/100
|
|-weather|Hail|[upkeep]
|-damage|p2a: Scyther|94/100|[from] Hail
|upkeep
|turn|3
|
|t:|1660562810
|move|p2a: Scyther|Brick Break|p1a: Aurorus
|-supereffective|p1a: Aurorus
|-damage|p1a: Aurorus|13/100
|move|p1a: Aurorus|Stealth Rock|p2a: Scyther
|-sidestart|p2: PULT4C1 eifo|move: Stealth Rock
|
|-weather|Hail|[upkeep]
|-damage|p2a: Scyther|88/100|[from] Hail
|upkeep
|turn|4
|
|t:|1660562815
|switch|p1a: Tangela|Tangela, F|100/100
|move|p2a: Scyther|Knock Off|p1a: Tangela
|-damage|p1a: Tangela|88/100
|-enditem|p1a: Tangela|Eviolite|[from] move: Knock Off|[of] p2a: Scyther
|
|-weather|Hail|[upkeep]
|-damage|p2a: Scyther|82/100|[from] Hail
|-damage|p1a: Tangela|82/100|[from] Hail
|upkeep
|turn|5
|
|t:|1660562818
|move|p2a: Scyther|Dual Wingbeat|p1a: Tangela
|-supereffective|p1a: Tangela
|-damage|p1a: Tangela|45/100
|-supereffective|p1a: Tangela
|-damage|p1a: Tangela|6/100
|-hitcount|p1a: Tangela|2
|move|p1a: Tangela|Leech Seed|p2a: Scyther
|-start|p2a: Scyther|move: Leech Seed
|
|-weather|Hail|[upkeep]
|-damage|p2a: Scyther|76/100|[from] Hail
|-damage|p1a: Tangela|0 fnt|[from] Hail
|faint|p1a: Tangela
|upkeep
|
|t:|1660562825
|switch|p1a: Charizard|Charizard, F|100/100
|turn|6
|
|t:|1660562829
|switch|p2a: Gigalith|Gigalith, M|93/100
|-damage|p2a: Gigalith|80/100|[from] Stealth Rock
|-weather|Sandstorm|[from] ability: Sand Stream|[of] p2a: Gigalith
|switch|p1a: Aurorus|Aurorus, F|13/100
|-weather|Hail|[from] ability: Snow Warning|[of] p1a: Aurorus
|
|-weather|Hail|[upkeep]
|-damage|p2a: Gigalith|74/100|[from] Hail
|upkeep
|turn|7
|j| napty
|
|t:|1660562840
|move|p1a: Aurorus|Meteor Beam||[still]
|-prepare|p1a: Aurorus|Meteor Beam
|-boost|p1a: Aurorus|spa|1
|-enditem|p1a: Aurorus|Power Herb
|-anim|p1a: Aurorus|Meteor Beam|p2a: Gigalith
|-damage|p2a: Gigalith|4/100
|move|p2a: Gigalith|Earthquake|p1a: Aurorus
|-supereffective|p1a: Aurorus
|-damage|p1a: Aurorus|0 fnt
|faint|p1a: Aurorus
|
|-weather|Hail|[upkeep]
|-damage|p2a: Gigalith|0 fnt|[from] Hail
|faint|p2a: Gigalith
|upkeep
|
|t:|1660562859
|switch|p1a: Kangaskhan|Kangaskhan, F|95/100
|switch|p2a: Scyther|Scyther, M|76/100
|turn|8
|inactive|PULT4C1 eifo has 120 seconds left.
|
|t:|1660562895
|switch|p2a: Lycanroc|Lycanroc, M|100/100
|-damage|p2a: Lycanroc|88/100|[from] Stealth Rock
|move|p1a: Kangaskhan|Fake Out|p2a: Lycanroc
|-resisted|p2a: Lycanroc
|-damage|p2a: Lycanroc|68/100
|
|-weather|Hail|[upkeep]
|-damage|p2a: Lycanroc|62/100|[from] Hail
|-damage|p1a: Kangaskhan|89/100|[from] Hail
|upkeep
|turn|9
|
|t:|1660562906
|switch|p1a: Whimsicott|Whimsicott, M|100/100
|move|p2a: Lycanroc|Close Combat|p1a: Whimsicott
|-resisted|p1a: Whimsicott
|-damage|p1a: Whimsicott|77/100
|-unboost|p2a: Lycanroc|def|1
|-unboost|p2a: Lycanroc|spd|1
|-damage|p2a: Lycanroc|52/100|[from] item: Life Orb
|
|-weather|Hail|[upkeep]
|-damage|p2a: Lycanroc|46/100|[from] Hail
|-damage|p1a: Whimsicott|71/100|[from] Hail
|-heal|p1a: Whimsicott|77/100|[from] item: Leftovers
|upkeep
|turn|10
|inactive|PULT4C1 eifo has 120 seconds left.
|
|t:|1660562917
|switch|p2a: Scyther|Scyther, M|76/100
|move|p1a: Whimsicott|Substitute|p1a: Whimsicott
|-start|p1a: Whimsicott|Substitute
|-damage|p1a: Whimsicott|53/100
|
|-weather|none
|-heal|p1a: Whimsicott|59/100|[from] item: Leftovers
|upkeep
|turn|11
|
|t:|1660562920
|move|p1a: Whimsicott|Protect|p1a: Whimsicott
|-singleturn|p1a: Whimsicott|Protect
|move|p2a: Scyther|Dual Wingbeat|p1a: Whimsicott
|-activate|p1a: Whimsicott|move: Protect
|
|-heal|p1a: Whimsicott|65/100|[from] item: Leftovers
|upkeep
|turn|12
|j| PULT4C1 riquelme
|
|t:|1660562929
|move|p1a: Whimsicott|Leech Seed|p2a: Scyther|[miss]
|-miss|p1a: Whimsicott|p2a: Scyther
|move|p2a: Scyther|Dual Wingbeat|p1a: Whimsicott
|-supereffective|p1a: Whimsicott
|-end|p1a: Whimsicott|Substitute
|-supereffective|p1a: Whimsicott
|-damage|p1a: Whimsicott|18/100
|-hitcount|p1a: Whimsicott|2
|
|-heal|p1a: Whimsicott|25/100|[from] item: Leftovers
|upkeep
|turn|13
|inactive|PULT4C1 eifo has 120 seconds left.
|
|t:|1660562973
|move|p1a: Whimsicott|Protect|p1a: Whimsicott
|-singleturn|p1a: Whimsicott|Protect
|move|p2a: Scyther|U-turn|p1a: Whimsicott
|-activate|p1a: Whimsicott|move: Protect
|
|-heal|p1a: Whimsicott|31/100|[from] item: Leftovers
|upkeep
|turn|14
|
|t:|1660562981
|move|p1a: Whimsicott|Toxic|p2a: Scyther
|-status|p2a: Scyther|tox
|move|p2a: Scyther|Dual Wingbeat|p1a: Whimsicott
|-supereffective|p1a: Whimsicott
|-damage|p1a: Whimsicott|0 fnt
|faint|p1a: Whimsicott
|-hitcount|p1: Whimsicott|1
|
|-damage|p2a: Scyther|70/100 tox|[from] psn
|upkeep
|
|t:|1660562989
|switch|p1a: Charizard|Charizard, F|100/100
|turn|15
|
|t:|1660562994
|move|p2a: Scyther|Dual Wingbeat|p1a: Charizard
|-damage|p1a: Charizard|61/100
|-damage|p1a: Charizard|22/100
|-hitcount|p1a: Charizard|2
|move|p1a: Charizard|Mystical Fire|p2a: Scyther
|-supereffective|p2a: Scyther
|-damage|p2a: Scyther|0 fnt
|faint|p2a: Scyther
|
|upkeep
|inactive|PULT4C1 eifo has 120 seconds left.
|
|t:|1660563028
|switch|p2a: Whimsicott|Whimsicott, F|100/100
|-damage|p2a: Whimsicott|88/100|[from] Stealth Rock
|turn|16
|
|t:|1660563032
|move|p2a: Whimsicott|Moonblast|p1a: Charizard
|-resisted|p1a: Charizard
|-damage|p1a: Charizard|0 fnt
|faint|p1a: Charizard
|
|upkeep
|
|t:|1660563035
|switch|p1a: Kangaskhan|Kangaskhan, F|89/100
|turn|17
|inactive|PULT4C1 eifo has 120 seconds left.
|
|t:|1660563056
|move|p1a: Kangaskhan|Fake Out|p2a: Whimsicott
|-damage|p2a: Whimsicott|53/100
|cant|p2a: Whimsicott|flinch
|
|upkeep
|turn|18
|
|t:|1660563067
|move|p2a: Whimsicott|Moonblast|p1a: Kangaskhan
|-damage|p1a: Kangaskhan|25/100
|-unboost|p1a: Kangaskhan|spa|1
|move|p1a: Kangaskhan|Last Resort|p2a: Whimsicott
|-damage|p2a: Whimsicott|0 fnt
|faint|p2a: Whimsicott
|
|upkeep
|inactive|PULT4C1 eifo has 120 seconds left.
|
|t:|1660563075
|switch|p2a: Lycanroc|Lycanroc, M|46/100
|-damage|p2a: Lycanroc|33/100|[from] Stealth Rock
|turn|19
|
|t:|1660563083
|switch|p1a: Electivire|Electivire, M|100/100
|move|p2a: Lycanroc|Close Combat|p1a: Electivire
|-crit|p1a: Electivire
|-damage|p1a: Electivire|0 fnt
|-unboost|p2a: Lycanroc|def|1
|-unboost|p2a: Lycanroc|spd|1
|faint|p1a: Electivire
|-damage|p2a: Lycanroc|24/100|[from] item: Life Orb
|
|upkeep
|
|t:|1660563089
|switch|p1a: Kangaskhan|Kangaskhan, F|25/100
|turn|20
|
|t:|1660563097
|switch|p2a: Scrafty|Scrafty, F|100/100
|-damage|p2a: Scrafty|95/100|[from] Stealth Rock
|move|p1a: Kangaskhan|Fake Out|p2a: Scrafty
|-damage|p2a: Scrafty|69/100
|
|upkeep
|turn|21
|
|t:|1660563101
|move|p1a: Kangaskhan|Last Resort|p2a: Scrafty
|-damage|p2a: Scrafty|0 fnt
|faint|p2a: Scrafty
|
|upkeep
|
|t:|1660563103
|switch|p2a: Lycanroc|Lycanroc, M|24/100
|-damage|p2a: Lycanroc|11/100|[from] Stealth Rock
|turn|22
|
|t:|1660563108
|move|p2a: Lycanroc|Close Combat|p1a: Kangaskhan
|-supereffective|p1a: Kangaskhan
|-damage|p1a: Kangaskhan|0 fnt
|-unboost|p2a: Lycanroc|def|1
|-unboost|p2a: Lycanroc|spd|1
|faint|p1a: Kangaskhan
|-damage|p2a: Lycanroc|1/100|[from] item: Life Orb
|
|win|PULT4C1 eifo
|raw|Manyiot34's rating: 1337 &rarr; <strong>1319</strong><br />(-18 for losing)
|raw|PULT4C1 eifo's rating: 1369 &rarr; <strong>1387</strong><br />(+18 for winning)
|l|☆PULT4C1 eifo
|l|☆Manyiot34
|l| napty
|l| yandaud
||Ladder isn't responding, score probably updated but might not have (Request timeout).
|l| PULT4C1 riquelme
