|j|☆acluh1
|j|☆Ho3nConfirm3d
|t:|1667180942
|gametype|singles
|player|p1|acluh1|karen|
|player|p2|Ho3nConfirm3d|#scl2foxes|
|teamsize|p1|6
|teamsize|p2|6
|gen|8
|tier|[Gen 8] PU
|rated|Tournament battle
|rule|Sleep Clause Mod: Limit one foe put to sleep
|rule|Species Clause: Limit one of each Pokémon
|rule|OHKO Clause: OHKO moves are banned
|rule|Evasion Items Clause: Evasion items are banned
|rule|Evasion Moves Clause: Evasion moves are banned
|rule|Endless Battle Clause: Forcing endless battles is banned
|rule|HP Percentage Mod: HP is shown in percentages
|rule|Dynamax Clause: You cannot dynamax
|clearpoke
|poke|p1|Doublade, M|
|poke|p1|Gigalith, M|
|poke|p1|Magneton|
|poke|p1|Ribombee, F|
|poke|p1|Sandslash, F|
|poke|p1|Charizard, F|
|poke|p2|Aggron, M|
|poke|p2|Froslass, F|
|poke|p2|Ribombee, M|
|poke|p2|Eldegoss, M|
|poke|p2|Archeops, F|
|poke|p2|Magmortar, M|
|teampreview
|inactive|Battle timer is ON: inactive players will automatically lose when time's up. (requested by acluh1)
|j| joey milktank
|
|t:|1667180953
|start
|switch|p1a: Magneton|Magneton|100/100
|switch|p2a: Aggron|Aggron, M|100/100
|turn|1
|
|t:|1667180983
|move|p1a: Magneton|Steel Beam|p2a: Aggron
|-damage|p2a: Aggron|0 fnt
|-damage|p1a: Magneton|50/100|[from] mindblown
|faint|p2a: Aggron
|
|upkeep
|
|t:|1667180993
|switch|p2a: Magmortar|Magmortar, M|100/100
|turn|2
|
|t:|1667181001
|switch|p1a: Gigalith|Gigalith, M, shiny|100/100
|-weather|Sandstorm|[from] ability: Sand Stream|[of] p1a: Gigalith
|move|p2a: Magmortar|Lava Plume|p1a: Gigalith
|-resisted|p1a: Gigalith
|-damage|p1a: Gigalith|91/100
|-status|p1a: Gigalith|brn
|
|-weather|Sandstorm|[upkeep]
|-damage|p2a: Magmortar|94/100|[from] Sandstorm
|-heal|p1a: Gigalith|97/100 brn|[from] item: Leftovers
|-damage|p1a: Gigalith|91/100 brn|[from] brn
|upkeep
|turn|3
|
|t:|1667181010
|switch|p2a: Eldegoss|Eldegoss, M|100/100
|move|p1a: Gigalith|Stealth Rock|p2a: Eldegoss
|-sidestart|p2: Ho3nConfirm3d|move: Stealth Rock
|
|-weather|Sandstorm|[upkeep]
|-damage|p2a: Eldegoss|94/100|[from] Sandstorm
|-heal|p1a: Gigalith|97/100 brn|[from] item: Leftovers
|-damage|p1a: Gigalith|91/100 brn|[from] brn
|upkeep
|turn|4
|
|t:|1667181013
|switch|p1a: Charizard|Charizard, F|100/100
|move|p2a: Eldegoss|Rapid Spin|p1a: Charizard
|-damage|p1a: Charizard|92/100
|-boost|p2a: Eldegoss|spe|1
|-sideend|p2: Ho3nConfirm3d|Stealth Rock|[from] move: Rapid Spin|[of] p2a: Eldegoss
|
|-weather|Sandstorm|[upkeep]
|-damage|p1a: Charizard|86/100|[from] Sandstorm
|-damage|p2a: Eldegoss|88/100|[from] Sandstorm
|upkeep
|turn|5
|
|t:|1667181019
|switch|p2a: Archeops|Archeops, F|100/100
|move|p1a: Charizard|Fire Blast|p2a: Archeops|[miss]
|-miss|p1a: Charizard|p2a: Archeops
|
|-weather|Sandstorm|[upkeep]
|-damage|p1a: Charizard|80/100|[from] Sandstorm
|upkeep
|turn|6
|
|t:|1667181031
|switch|p1a: Gigalith|Gigalith, M, shiny|91/100 brn
|move|p2a: Archeops|Knock Off|p1a: Gigalith
|-damage|p1a: Gigalith|65/100 brn
|-enditem|p1a: Gigalith|Leftovers|[from] move: Knock Off|[of] p2a: Archeops
|
|-weather|none
|-damage|p1a: Gigalith|59/100 brn|[from] brn
|upkeep
|turn|7
|
|t:|1667181040
|switch|p1a: Doublade|Doublade, M, shiny|100/100
|move|p2a: Archeops|Stone Edge|p1a: Doublade
|-resisted|p1a: Doublade
|-crit|p1a: Doublade
|-damage|p1a: Doublade|81/100
|
|upkeep
|turn|8
|
|t:|1667181044
|move|p2a: Archeops|U-turn|p1a: Doublade
|-resisted|p1a: Doublade
|-damage|p1a: Doublade|78/100
|
|t:|1667181046
|switch|p2a: Magmortar|Magmortar, M|94/100|[from]move: U-turn
|move|p1a: Doublade|Shadow Claw|p2a: Magmortar
|-damage|p2a: Magmortar|57/100
|-status|p1a: Doublade|brn|[from] ability: Flame Body|[of] p2a: Magmortar
|
|-damage|p1a: Doublade|72/100 brn|[from] brn
|upkeep
|turn|9
|
|t:|1667181055
|switch|p1a: Gigalith|Gigalith, M, shiny|59/100 brn
|-weather|Sandstorm|[from] ability: Sand Stream|[of] p1a: Gigalith
|move|p2a: Magmortar|Lava Plume|p1a: Gigalith
|-resisted|p1a: Gigalith
|-damage|p1a: Gigalith|49/100 brn
|
|-weather|Sandstorm|[upkeep]
|-damage|p2a: Magmortar|50/100|[from] Sandstorm
|-damage|p1a: Gigalith|43/100 brn|[from] brn
|upkeep
|turn|10
|
|t:|1667181059
|switch|p1a: Sandslash|Sandslash, F|100/100
|move|p2a: Magmortar|Rest|p2a: Magmortar
|-status|p2a: Magmortar|slp|[from] move: Rest
|-heal|p2a: Magmortar|100/100 slp|[silent]
|
|-weather|Sandstorm|[upkeep]
|-damage|p2a: Magmortar|94/100 slp|[from] Sandstorm
|upkeep
|turn|11
|
|t:|1667181063
|switch|p2a: Eldegoss|Eldegoss, M|100/100
|move|p1a: Sandslash|Swords Dance|p1a: Sandslash
|-boost|p1a: Sandslash|atk|2
|
|-weather|Sandstorm|[upkeep]
|-damage|p2a: Eldegoss|94/100|[from] Sandstorm
|upkeep
|turn|12
|
|t:|1667181066
|move|p1a: Sandslash|Knock Off|p2a: Eldegoss
|-damage|p2a: Eldegoss|44/100
|-enditem|p2a: Eldegoss|Heavy-Duty Boots|[from] move: Knock Off|[of] p1a: Sandslash
|move|p2a: Eldegoss|Leech Seed|p1a: Sandslash
|-start|p1a: Sandslash|move: Leech Seed
|
|-weather|Sandstorm|[upkeep]
|-damage|p2a: Eldegoss|38/100|[from] Sandstorm
|-damage|p1a: Sandslash|88/100|[from] Leech Seed|[of] p2a: Eldegoss
|-heal|p2a: Eldegoss|50/100|[silent]
|upkeep
|turn|13
|
|t:|1667181069
|move|p1a: Sandslash|Rapid Spin|p2a: Eldegoss
|-damage|p2a: Eldegoss|22/100
|-boost|p1a: Sandslash|spe|1
|-end|p1a: Sandslash|Leech Seed|[from] move: Rapid Spin|[of] p1a: Sandslash
|move|p2a: Eldegoss|Giga Drain|p1a: Sandslash
|-supereffective|p1a: Sandslash
|-damage|p1a: Sandslash|7/100
|-heal|p2a: Eldegoss|62/100|[from] drain|[of] p1a: Sandslash
|
|-weather|none
|-heal|p1a: Sandslash|13/100|[from] item: Leftovers
|upkeep
|turn|14
|
|t:|1667181074
|switch|p1a: Magneton|Magneton|50/100
|move|p2a: Eldegoss|Giga Drain|p1a: Magneton
|-resisted|p1a: Magneton
|-damage|p1a: Magneton|32/100
|-heal|p2a: Eldegoss|69/100|[from] drain|[of] p1a: Magneton
|
|upkeep
|turn|15
|
|t:|1667181088
|switch|p2a: Magmortar|Magmortar, M|94/100 slp
|move|p1a: Magneton|Flash Cannon|p2a: Magmortar
|-resisted|p2a: Magmortar
|-damage|p2a: Magmortar|55/100 slp
|
|upkeep
|turn|16
|
|t:|1667181092
|switch|p1a: Gigalith|Gigalith, M, shiny|43/100 brn
|-weather|Sandstorm|[from] ability: Sand Stream|[of] p1a: Gigalith
|cant|p2a: Magmortar|slp
|move|p2a: Magmortar|Sleep Talk|p2a: Magmortar
|move|p2a: Magmortar|Rest||[from]move: Sleep Talk|[still]
|-fail|p2a: Magmortar
|
|-weather|Sandstorm|[upkeep]
|-damage|p2a: Magmortar|49/100 slp|[from] Sandstorm
|-damage|p1a: Gigalith|37/100 brn|[from] brn
|upkeep
|turn|17
|
|t:|1667181095
|cant|p2a: Magmortar|slp
|move|p2a: Magmortar|Sleep Talk|p2a: Magmortar
|move|p2a: Magmortar|Thunderbolt|p1a: Gigalith|[from]move: Sleep Talk
|-damage|p1a: Gigalith|24/100 brn
|move|p1a: Gigalith|Rock Blast|p2a: Magmortar
|-supereffective|p2a: Magmortar
|-damage|p2a: Magmortar|36/100 slp
|-supereffective|p2a: Magmortar
|-damage|p2a: Magmortar|24/100 slp
|-supereffective|p2a: Magmortar
|-damage|p2a: Magmortar|10/100 slp
|-hitcount|p2a: Magmortar|3
|
|-weather|Sandstorm|[upkeep]
|-damage|p2a: Magmortar|4/100 slp|[from] Sandstorm
|-damage|p1a: Gigalith|18/100 brn|[from] brn
|upkeep
|turn|18
|
|t:|1667181098
|-curestatus|p2a: Magmortar|slp|[msg]
|move|p2a: Magmortar|Rest|p2a: Magmortar
|-status|p2a: Magmortar|slp|[from] move: Rest
|-heal|p2a: Magmortar|100/100 slp|[silent]
|move|p1a: Gigalith|Stealth Rock|p2a: Magmortar
|-sidestart|p2: Ho3nConfirm3d|move: Stealth Rock
|
|-weather|Sandstorm|[upkeep]
|-damage|p2a: Magmortar|94/100 slp|[from] Sandstorm
|-damage|p1a: Gigalith|11/100 brn|[from] brn
|upkeep
|turn|19
|
|t:|1667181103
|switch|p2a: Eldegoss|Eldegoss, M|100/100
|-damage|p2a: Eldegoss|88/100|[from] Stealth Rock
|move|p1a: Gigalith|Rock Blast|p2a: Eldegoss
|-damage|p2a: Eldegoss|84/100
|-damage|p2a: Eldegoss|79/100
|-damage|p2a: Eldegoss|74/100
|-hitcount|p2a: Eldegoss|3
|
|-weather|Sandstorm|[upkeep]
|-damage|p2a: Eldegoss|68/100|[from] Sandstorm
|-damage|p1a: Gigalith|5/100 brn|[from] brn
|upkeep
|turn|20
|
|t:|1667181107
|switch|p1a: Doublade|Doublade, M, shiny|72/100 brn
|move|p2a: Eldegoss|Rapid Spin|p1a: Doublade
|-immune|p1a: Doublade
|
|-weather|none
|-damage|p1a: Doublade|66/100 brn|[from] brn
|upkeep
|turn|21
|j| JoJo Reference #11
|
|t:|1667181110
|move|p2a: Eldegoss|Leech Seed|p1a: Doublade
|-start|p1a: Doublade|move: Leech Seed
|move|p1a: Doublade|Swords Dance|p1a: Doublade
|-boost|p1a: Doublade|atk|2
|
|-damage|p1a: Doublade|53/100 brn|[from] Leech Seed|[of] p2a: Eldegoss
|-heal|p2a: Eldegoss|80/100|[silent]
|-damage|p1a: Doublade|47/100 brn|[from] brn
|upkeep
|turn|22
|
|t:|1667181118
|move|p2a: Eldegoss|Giga Drain|p1a: Doublade
|-resisted|p1a: Doublade
|-damage|p1a: Doublade|34/100 brn
|-heal|p2a: Eldegoss|87/100|[from] drain|[of] p1a: Doublade
|move|p1a: Doublade|Shadow Claw|p2a: Eldegoss
|-damage|p2a: Eldegoss|60/100
|
|-damage|p1a: Doublade|22/100 brn|[from] Leech Seed|[of] p2a: Eldegoss
|-heal|p2a: Eldegoss|72/100|[silent]
|-damage|p1a: Doublade|15/100 brn|[from] brn
|upkeep
|turn|23
|
|t:|1667181126
|move|p2a: Eldegoss|Giga Drain|p1a: Doublade
|-resisted|p1a: Doublade
|-damage|p1a: Doublade|1/100 brn
|-heal|p2a: Eldegoss|79/100|[from] drain|[of] p1a: Doublade
|move|p1a: Doublade|Shadow Claw|p2a: Eldegoss
|-damage|p2a: Eldegoss|50/100
|
|-damage|p1a: Doublade|0 fnt|[from] Leech Seed|[of] p2a: Eldegoss
|-heal|p2a: Eldegoss|50/100|[silent]
|faint|p1a: Doublade
|upkeep
|
|t:|1667181130
|switch|p1a: Charizard|Charizard, F|80/100
|turn|24
|
|t:|1667181134
|switch|p2a: Archeops|Archeops, F|100/100
|move|p1a: Charizard|Fire Blast|p2a: Archeops
|-resisted|p2a: Archeops
|-damage|p2a: Archeops|56/100
|
|upkeep
|turn|25
|
|t:|1667181138
|switch|p1a: Magneton|Magneton|32/100
|move|p2a: Archeops|Knock Off|p1a: Magneton
|-damage|p1a: Magneton|0 fnt
|-enditem|p1a: Magneton|Choice Specs|[from] move: Knock Off|[of] p2a: Archeops
|faint|p1a: Magneton
|
|upkeep
|
|t:|1667181140
|switch|p1a: Ribombee|Ribombee, F, shiny|100/100
|turn|26
|
|t:|1667181145
|switch|p2a: Magmortar|Magmortar, M|94/100 slp
|move|p1a: Ribombee|Moonblast|p2a: Magmortar
|-resisted|p2a: Magmortar
|-damage|p2a: Magmortar|73/100 slp
|
|upkeep
|turn|27
|
|t:|1667181150
|switch|p1a: Gigalith|Gigalith, M, shiny|5/100 brn
|-weather|Sandstorm|[from] ability: Sand Stream|[of] p1a: Gigalith
|cant|p2a: Magmortar|slp
|move|p2a: Magmortar|Sleep Talk|p2a: Magmortar
|move|p2a: Magmortar|Thunderbolt|p1a: Gigalith|[from]move: Sleep Talk
|-damage|p1a: Gigalith|0 fnt
|faint|p1a: Gigalith
|
|-weather|Sandstorm|[upkeep]
|-damage|p2a: Magmortar|67/100 slp|[from] Sandstorm
|upkeep
|
|t:|1667181153
|switch|p1a: Sandslash|Sandslash, F|13/100
|turn|28
|
|t:|1667181160
|switch|p1a: Charizard|Charizard, F|80/100
|switch|p2a: Froslass|Froslass, F|100/100
|
|-weather|Sandstorm|[upkeep]
|-damage|p2a: Froslass|94/100|[from] Sandstorm
|-damage|p1a: Charizard|74/100|[from] Sandstorm
|upkeep
|turn|29
|
|t:|1667181162
|move|p2a: Froslass|Spikes|p1a: Charizard
|-sidestart|p1: acluh1|Spikes
|move|p1a: Charizard|Fire Blast|p2a: Froslass
|-supereffective|p2a: Froslass
|-damage|p2a: Froslass|0 fnt
|faint|p2a: Froslass
|
|-weather|Sandstorm|[upkeep]
|-damage|p1a: Charizard|68/100|[from] Sandstorm
|upkeep
|
|t:|1667181165
|switch|p2a: Archeops|Archeops, F|56/100
|turn|30
|
|t:|1667181171
|move|p2a: Archeops|Stone Edge|p1a: Charizard
|-supereffective|p1a: Charizard
|-crit|p1a: Charizard
|-damage|p1a: Charizard|0 fnt
|faint|p1a: Charizard
|
|-weather|Sandstorm|[upkeep]
|upkeep
|
|t:|1667181172
|switch|p1a: Sandslash|Sandslash, F|13/100
|-damage|p1a: Sandslash|0 fnt|[from] Spikes
|faint|p1a: Sandslash
|
|t:|1667181175
|switch|p1a: Ribombee|Ribombee, F, shiny|100/100
|turn|31
|
|t:|1667181179
|move|p1a: Ribombee|Moonblast|p2a: Archeops
|-damage|p2a: Archeops|7/100
|move|p2a: Archeops|Stone Edge|p1a: Ribombee
|-supereffective|p1a: Ribombee
|-damage|p1a: Ribombee|0 fnt
|faint|p1a: Ribombee
|
|win|Ho3nConfirm3d
|n|☆acluh1|acluh1
|n|☆Ho3nConfirm3d|ho3nconfirm3d
|n| joey milktank|joeymilktank
|n| JoJo Reference #11|jojoreference11
