|j|☆Its Voodoo
|j|☆panned bomb
|t:|1643745026
|gametype|singles
|player|p1|Its Voodoo|2|1472
|player|p2|panned bomb|170|1526
|teamsize|p1|6
|teamsize|p2|6
|gen|8
|tier|[Gen 8] PU
|rated|
|rule|Sleep Clause Mod: Limit one foe put to sleep
|rule|Species Clause: Limit one of each Pokémon
|rule|OHKO Clause: OHKO moves are banned
|rule|Evasion Moves Clause: Evasion moves are banned
|rule|Endless Battle Clause: Forcing endless battles is banned
|rule|HP Percentage Mod: HP is shown in percentages
|rule|Dynamax Clause: You cannot dynamax
|clearpoke
|poke|p1|Sandslash, F|
|poke|p1|Gigalith, F|
|poke|p1|Jellicent, F|
|poke|p1|Mesprit|
|poke|p1|Togedemaru, M|
|poke|p1|Hitmonlee, M|
|poke|p2|Frosmoth, F|
|poke|p2|Kabutops, F|
|poke|p2|Magneton|
|poke|p2|Palossand, M|
|poke|p2|Skuntank, F|
|poke|p2|Cramorant, M|
|teampreview
|
|t:|1643745060
|start
|switch|p1a: Gigalith|Gigalith, F|100/100
|switch|p2a: Palossand|Palossand, M|100/100
|-weather|Sandstorm|[from] ability: Sand Stream|[of] p1a: Gigalith
|turn|1
|
|t:|1643745071
|move|p2a: Palossand|Stealth Rock|p1a: Gigalith
|-sidestart|p1: Its Voodoo|move: Stealth Rock
|move|p1a: Gigalith|Toxic|p2a: Palossand
|-status|p2a: Palossand|tox
|
|-weather|Sandstorm|[upkeep]
|-damage|p2a: Palossand|94/100 tox|[from] psn
|upkeep
|turn|2
|
|t:|1643745077
|switch|p2a: Kabutops|Kabutops, F|100/100
|move|p1a: Gigalith|Stealth Rock|p2a: Kabutops
|-sidestart|p2: panned bomb|move: Stealth Rock
|
|-weather|Sandstorm|[upkeep]
|upkeep
|turn|3
|
|t:|1643745081
|move|p2a: Kabutops|Flip Turn|p1a: Gigalith
|-supereffective|p1a: Gigalith
|-damage|p1a: Gigalith|34/100
|
|t:|1643745086
|switch|p2a: Cramorant|Cramorant, M|100/100|[from]move: Flip Turn
|-damage|p2a: Cramorant|76/100|[from] Stealth Rock
|move|p1a: Gigalith|Earthquake|p2a: Cramorant
|-immune|p2a: Cramorant
|
|-weather|Sandstorm|[upkeep]
|-damage|p2a: Cramorant|70/100|[from] Sandstorm
|-heal|p1a: Gigalith|40/100|[from] item: Leftovers
|upkeep
|turn|4
|
|t:|1643745095
|move|p2a: Cramorant|Surf|p1a: Gigalith
|-formechange|p2a: Cramorant|Cramorant-Gulping|
|-supereffective|p1a: Gigalith
|-damage|p1a: Gigalith|0 fnt
|faint|p1a: Gigalith
|-damage|p2a: Cramorant|60/100|[from] item: Life Orb
|
|-weather|Sandstorm|[upkeep]
|-damage|p2a: Cramorant|54/100|[from] Sandstorm
|upkeep
|
|t:|1643745104
|switch|p1a: Sandslash|Sandslash, F|100/100
|turn|5
|
|t:|1643745108
|move|p1a: Sandslash|Knock Off|p2a: Cramorant
|-damage|p2a: Cramorant|0 fnt
|-damage|p1a: Sandslash|76/100|[from] ability: Gulp Missile|[of] p2a: Cramorant
|-unboost|p1a: Sandslash|def|1
|-formechange|p2a: Cramorant|Cramorant|
|-enditem|p2a: Cramorant|Life Orb|[from] move: Knock Off|[of] p1a: Sandslash
|faint|p2a: Cramorant
|
|-weather|none
|upkeep
|
|t:|1643745115
|switch|p2a: Kabutops|Kabutops, F|100/100
|-damage|p2a: Kabutops|88/100|[from] Stealth Rock
|turn|6
|
|t:|1643745122
|move|p2a: Kabutops|Flip Turn|p1a: Sandslash
|-supereffective|p1a: Sandslash
|-damage|p1a: Sandslash|0 fnt
|faint|p1a: Sandslash
|
|t:|1643745129
|switch|p2a: Skuntank|Skuntank, F|100/100|[from]move: Flip Turn
|-damage|p2a: Skuntank|88/100|[from] Stealth Rock
|
|-heal|p2a: Skuntank|94/100|[from] item: Leftovers
|upkeep
|
|t:|1643745135
|switch|p1a: Togedemaru|Togedemaru, M|100/100
|-damage|p1a: Togedemaru|95/100|[from] Stealth Rock
|turn|7
|
|t:|1643745141
|switch|p2a: Magneton|Magneton|100/100
|-damage|p2a: Magneton|95/100|[from] Stealth Rock
|move|p1a: Togedemaru|U-turn|p2a: Magneton
|-resisted|p2a: Magneton
|-damage|p2a: Magneton|86/100
|
|t:|1643745146
|switch|p1a: Hitmonlee|Hitmonlee, M|100/100|[from]move: U-turn
|-damage|p1a: Hitmonlee|94/100|[from] Stealth Rock
|
|upkeep
|turn|8
|
|t:|1643745150
|switch|p2a: Palossand|Palossand, M|94/100 tox
|-damage|p2a: Palossand|88/100 tox|[from] Stealth Rock
|move|p1a: Hitmonlee|Curse|p1a: Hitmonlee
|-unboost|p1a: Hitmonlee|spe|1
|-boost|p1a: Hitmonlee|atk|1
|-boost|p1a: Hitmonlee|def|1
|-enditem|p1a: Hitmonlee|White Herb
|-clearnegativeboost|p1a: Hitmonlee|[silent]
|
|-damage|p2a: Palossand|82/100 tox|[from] psn
|upkeep
|turn|9
|
|t:|1643745160
|move|p1a: Hitmonlee|Knock Off|p2a: Palossand
|-supereffective|p2a: Palossand
|-enditem|p2a: Palossand|Colbur Berry|[eat]
|-enditem|p2a: Palossand|Colbur Berry|[weaken]
|-damage|p2a: Palossand|40/100 tox
|move|p2a: Palossand|Earth Power|p1a: Hitmonlee
|-damage|p1a: Hitmonlee|40/100
|
|-damage|p2a: Palossand|27/100 tox|[from] psn
|upkeep
|turn|10
|
|t:|1643745167
|move|p1a: Hitmonlee|Knock Off|p2a: Palossand
|-supereffective|p2a: Palossand
|-damage|p2a: Palossand|0 fnt
|faint|p2a: Palossand
|
|upkeep
|
|t:|1643745175
|switch|p2a: Kabutops|Kabutops, F|88/100
|-damage|p2a: Kabutops|76/100|[from] Stealth Rock
|turn|11
|
|t:|1643745179
|move|p2a: Kabutops|Aqua Jet|p1a: Hitmonlee
|-damage|p1a: Hitmonlee|0 fnt
|faint|p1a: Hitmonlee
|
|upkeep
|
|t:|1643745185
|switch|p1a: Mesprit|Mesprit|100/100
|-damage|p1a: Mesprit|88/100|[from] Stealth Rock
|turn|12
|
|t:|1643745189
|switch|p2a: Skuntank|Skuntank, F|94/100
|-damage|p2a: Skuntank|82/100|[from] Stealth Rock
|move|p1a: Mesprit|Calm Mind|p1a: Mesprit
|-boost|p1a: Mesprit|spa|1
|-boost|p1a: Mesprit|spd|1
|
|-heal|p2a: Skuntank|88/100|[from] item: Leftovers
|-heal|p1a: Mesprit|94/100|[from] item: Leftovers
|upkeep
|turn|13
|
|t:|1643745199
|move|p2a: Skuntank|Crunch|p1a: Mesprit
|-supereffective|p1a: Mesprit
|-damage|p1a: Mesprit|24/100
|move|p1a: Mesprit|Dazzling Gleam|p2a: Skuntank
|-damage|p2a: Skuntank|40/100
|
|-heal|p2a: Skuntank|47/100|[from] item: Leftovers
|-heal|p1a: Mesprit|30/100|[from] item: Leftovers
|upkeep
|turn|14
|
|t:|1643745206
|move|p2a: Skuntank|Crunch|p1a: Mesprit
|-supereffective|p1a: Mesprit
|-damage|p1a: Mesprit|0 fnt
|faint|p1a: Mesprit
|
|-heal|p2a: Skuntank|53/100|[from] item: Leftovers
|upkeep
|
|t:|1643745212
|switch|p1a: Jellicent|Jellicent, F|100/100
|-damage|p1a: Jellicent|88/100|[from] Stealth Rock
|turn|15
|
|t:|1643745217
|move|p2a: Skuntank|Substitute|p2a: Skuntank
|-start|p2a: Skuntank|Substitute
|-damage|p2a: Skuntank|28/100
|move|p1a: Jellicent|Scald|p2a: Skuntank
|-end|p2a: Skuntank|Substitute
|
|-heal|p2a: Skuntank|34/100|[from] item: Leftovers
|upkeep
|turn|16
|
|t:|1643745224
|move|p2a: Skuntank|Crunch|p1a: Jellicent
|-supereffective|p1a: Jellicent
|-crit|p1a: Jellicent
|-enditem|p1a: Jellicent|Colbur Berry|[eat]
|-enditem|p1a: Jellicent|Colbur Berry|[weaken]
|-damage|p1a: Jellicent|52/100
|move|p1a: Jellicent|Scald|p2a: Skuntank
|-damage|p2a: Skuntank|0 fnt
|faint|p2a: Skuntank
|
|upkeep
|
|t:|1643745237
|switch|p2a: Kabutops|Kabutops, F|76/100
|-damage|p2a: Kabutops|64/100|[from] Stealth Rock
|turn|17
|
|t:|1643745241
|move|p2a: Kabutops|Stone Edge|p1a: Jellicent
|-crit|p1a: Jellicent
|-damage|p1a: Jellicent|0 fnt
|faint|p1a: Jellicent
|
|upkeep
|c|☆Its Voodoo|lol
|-message|Its Voodoo forfeited.
|
|win|panned bomb
|raw|Its Voodoo's rating: 1472 &rarr; <strong>1455</strong><br />(-17 for losing)
|raw|panned bomb's rating: 1526 &rarr; <strong>1543</strong><br />(+17 for winning)
|l|☆Its Voodoo
|c|☆panned bomb|I'm band anyway...
||Ladder isn't responding, score probably updated but might not have (Request timeout).
