|j|☆Typhlosion4
|j|☆Lambovino
|t:|1630435593
|gametype|singles
|player|p1|Typhlosion4|may-gen3rs|
|player|p2|Lambovino|psychic-gen2|
|teamsize|p1|6
|teamsize|p2|6
|gen|8
|tier|[Gen 8] PU
|rule|Sleep Clause Mod: Limit one foe put to sleep
|rule|Species Clause: Limit one of each Pokémon
|rule|OHKO Clause: OHKO moves are banned
|rule|Evasion Moves Clause: Evasion moves are banned
|rule|Endless Battle Clause: Forcing endless battles is banned
|rule|HP Percentage Mod: HP is shown in percentages
|rule|Dynamax Clause: You cannot dynamax
|clearpoke
|poke|p1|Passimian, M|
|poke|p1|Scyther, F|
|poke|p1|Lanturn, M|
|poke|p1|Charizard, F|
|poke|p1|Regirock|
|poke|p1|Oranguru, F|
|poke|p2|Sneasel, F|
|poke|p2|Quagsire, M|
|poke|p2|Druddigon, M|
|poke|p2|Ribombee, F|
|poke|p2|Tsareena, F|
|poke|p2|Togedemaru, M|
|teampreview
|c|☆Lambovino|hf
|c|☆Typhlosion4|Hf
|inactive|Battle timer is ON: inactive players will automatically lose when time's up. (requested by Typhlosion4)
|
|t:|1630435630
|start
|switch|p1a: Lanturn|Lanturn, M|100/100
|switch|p2a: Druddigon|Druddigon, M|100/100
|turn|1
|
|t:|1630435638
|move|p1a: Lanturn|Toxic|p2a: Druddigon
|-status|p2a: Druddigon|tox
|move|p2a: Druddigon|Earthquake|p1a: Lanturn
|-supereffective|p1a: Lanturn
|-damage|p1a: Lanturn|51/100
|
|-heal|p1a: Lanturn|57/100|[from] item: Leftovers
|-damage|p2a: Druddigon|94/100 tox|[from] psn
|upkeep
|turn|2
|
|t:|1630435652
|switch|p1a: Regirock|Regirock|100/100
|move|p2a: Druddigon|Stealth Rock|p1a: Regirock
|-sidestart|p1: Typhlosion4|move: Stealth Rock
|
|-heal|p2a: Druddigon|100/100 tox|[from] item: Leftovers
|-damage|p2a: Druddigon|88/100 tox|[from] psn
|upkeep
|turn|3
|
|t:|1630435656
|move|p1a: Regirock|Stealth Rock|p2a: Druddigon
|-sidestart|p2: Lambovino|move: Stealth Rock
|move|p2a: Druddigon|Toxic|p1a: Regirock
|-status|p1a: Regirock|tox
|
|-heal|p2a: Druddigon|94/100 tox|[from] item: Leftovers
|-damage|p1a: Regirock|94/100 tox|[from] psn
|-damage|p2a: Druddigon|76/100 tox|[from] psn
|upkeep
|turn|4
|
|t:|1630435669
|switch|p2a: Quagsire|Quagsire, M|100/100
|-damage|p2a: Quagsire|94/100|[from] Stealth Rock
|move|p1a: Regirock|Rock Blast|p2a: Quagsire
|-resisted|p2a: Quagsire
|-damage|p2a: Quagsire|91/100
|-resisted|p2a: Quagsire
|-damage|p2a: Quagsire|88/100
|-resisted|p2a: Quagsire
|-damage|p2a: Quagsire|85/100
|-resisted|p2a: Quagsire
|-damage|p2a: Quagsire|82/100
|-hitcount|p2a: Quagsire|4
|
|-heal|p1a: Regirock|100/100 tox|[from] item: Leftovers
|-heal|p2a: Quagsire|88/100|[from] item: Leftovers
|-damage|p1a: Regirock|88/100 tox|[from] psn
|upkeep
|turn|5
|
|t:|1630435678
|move|p1a: Regirock|Toxic|p2a: Quagsire
|-status|p2a: Quagsire|tox
|move|p2a: Quagsire|Earthquake|p1a: Regirock
|-supereffective|p1a: Regirock
|-damage|p1a: Regirock|65/100 tox
|
|-heal|p1a: Regirock|71/100 tox|[from] item: Leftovers
|-heal|p2a: Quagsire|94/100 tox|[from] item: Leftovers
|-damage|p1a: Regirock|53/100 tox|[from] psn
|-damage|p2a: Quagsire|88/100 tox|[from] psn
|upkeep
|turn|6
|
|t:|1630435693
|switch|p1a: Charizard|Charizard, F|100/100
|move|p2a: Quagsire|Toxic|p1a: Charizard
|-status|p1a: Charizard|tox
|
|-heal|p2a: Quagsire|94/100 tox|[from] item: Leftovers
|-damage|p1a: Charizard|94/100 tox|[from] psn
|-damage|p2a: Quagsire|82/100 tox|[from] psn
|upkeep
|turn|7
|
|t:|1630435698
|switch|p2a: Druddigon|Druddigon, M|76/100 tox
|-damage|p2a: Druddigon|64/100 tox|[from] Stealth Rock
|move|p1a: Charizard|Hurricane|p2a: Druddigon
|-damage|p2a: Druddigon|26/100 tox
|
|-heal|p2a: Druddigon|32/100 tox|[from] item: Leftovers
|-damage|p1a: Charizard|82/100 tox|[from] psn
|-damage|p2a: Druddigon|26/100 tox|[from] psn
|upkeep
|turn|8
|
|t:|1630435703
|move|p2a: Druddigon|Protect|p2a: Druddigon
|-singleturn|p2a: Druddigon|Protect
|move|p1a: Charizard|Hurricane|p2a: Druddigon
|-activate|p2a: Druddigon|move: Protect
|
|-heal|p2a: Druddigon|32/100 tox|[from] item: Leftovers
|-damage|p1a: Charizard|64/100 tox|[from] psn
|-damage|p2a: Druddigon|19/100 tox|[from] psn
|upkeep
|turn|9
|
|t:|1630435708
|move|p2a: Druddigon|Protect||[still]
|-fail|p2a: Druddigon
|move|p1a: Charizard|Hurricane|p2a: Druddigon
|-damage|p2a: Druddigon|0 fnt
|faint|p2a: Druddigon
|
|-damage|p1a: Charizard|40/100 tox|[from] psn
|upkeep
|
|t:|1630435710
|switch|p2a: Sneasel|Sneasel, F|100/100
|turn|10
|
|t:|1630435723
|move|p2a: Sneasel|Knock Off|p1a: Charizard
|-damage|p1a: Charizard|0 fnt
|-enditem|p1a: Charizard|Heavy-Duty Boots|[from] move: Knock Off|[of] p2a: Sneasel
|faint|p1a: Charizard
|
|upkeep
|
|t:|1630435728
|switch|p1a: Passimian|Passimian, M|100/100
|-damage|p1a: Passimian|94/100|[from] Stealth Rock
|turn|11
|
|t:|1630435735
|switch|p2a: Quagsire|Quagsire, M|82/100 tox
|-damage|p2a: Quagsire|76/100 tox|[from] Stealth Rock
|move|p1a: Passimian|Close Combat|p2a: Quagsire
|-damage|p2a: Quagsire|36/100 tox
|-unboost|p1a: Passimian|def|1
|-unboost|p1a: Passimian|spd|1
|
|-heal|p2a: Quagsire|42/100 tox|[from] item: Leftovers
|-damage|p2a: Quagsire|36/100 tox|[from] psn
|upkeep
|turn|12
|
|t:|1630435746
|switch|p2a: Ribombee|Ribombee, F|100/100
|move|p1a: Passimian|Close Combat|p2a: Ribombee
|-resisted|p2a: Ribombee
|-damage|p2a: Ribombee|70/100
|-unboost|p1a: Passimian|def|1
|-unboost|p1a: Passimian|spd|1
|
|upkeep
|turn|13
|
|t:|1630435751
|switch|p1a: Regirock|Regirock|53/100 tox
|-damage|p1a: Regirock|40/100 tox|[from] Stealth Rock
|move|p2a: Ribombee|Aromatherapy|p2a: Ribombee
|-activate|p2a: Ribombee|move: Aromatherapy
|-curestatus|p2: Quagsire|tox|[msg]
|
|-heal|p1a: Regirock|46/100 tox|[from] item: Leftovers
|-damage|p1a: Regirock|40/100 tox|[from] psn
|upkeep
|turn|14
|
|t:|1630435754
|move|p2a: Ribombee|U-turn|p1a: Regirock
|-damage|p1a: Regirock|35/100 tox
|
|t:|1630435758
|switch|p2a: Tsareena|Tsareena, F|100/100|[from]move: U-turn
|-damage|p2a: Tsareena|88/100|[from] Stealth Rock
|move|p1a: Regirock|Rock Blast|p2a: Tsareena
|-damage|p2a: Tsareena|77/100
|-damage|p2a: Tsareena|66/100
|-damage|p2a: Tsareena|55/100
|-hitcount|p2a: Tsareena|3
|
|-heal|p1a: Regirock|41/100 tox|[from] item: Leftovers
|-damage|p1a: Regirock|29/100 tox|[from] psn
|upkeep
|turn|15
|
|t:|1630435768
|move|p2a: Tsareena|Rapid Spin|p1a: Regirock
|-resisted|p1a: Regirock
|-damage|p1a: Regirock|25/100 tox
|-boost|p2a: Tsareena|spe|1
|-sideend|p2: Lambovino|Stealth Rock|[from] move: Rapid Spin|[of] p2a: Tsareena
|move|p1a: Regirock|Body Press|p2a: Tsareena
|-damage|p2a: Tsareena|1/100
|
|-heal|p1a: Regirock|31/100 tox|[from] item: Leftovers
|-damage|p1a: Regirock|13/100 tox|[from] psn
|upkeep
|turn|16
|
|t:|1630435776
|move|p2a: Tsareena|Power Whip|p1a: Regirock
|-supereffective|p1a: Regirock
|-damage|p1a: Regirock|0 fnt
|faint|p1a: Regirock
|
|upkeep
|
|t:|1630435777
|switch|p1a: Passimian|Passimian, M|94/100
|-damage|p1a: Passimian|88/100|[from] Stealth Rock
|turn|17
|
|t:|1630435780
|move|p1a: Passimian|U-turn|p2a: Tsareena
|-supereffective|p2a: Tsareena
|-damage|p2a: Tsareena|0 fnt
|faint|p2a: Tsareena
|
|t:|1630435791
|switch|p1a: Lanturn|Lanturn, M|57/100|[from]move: U-turn
|-damage|p1a: Lanturn|45/100|[from] Stealth Rock
|
|-heal|p1a: Lanturn|51/100|[from] item: Leftovers
|upkeep
|
|t:|1630435811
|switch|p2a: Quagsire|Quagsire, M|36/100
|turn|18
|
|t:|1630435816
|move|p1a: Lanturn|Scald|p2a: Quagsire
|-damage|p2a: Quagsire|7/100
|-status|p2a: Quagsire|brn
|move|p2a: Quagsire|Recover|p2a: Quagsire
|-heal|p2a: Quagsire|57/100 brn
|
|-heal|p1a: Lanturn|57/100|[from] item: Leftovers
|-heal|p2a: Quagsire|63/100 brn|[from] item: Leftovers
|-damage|p2a: Quagsire|57/100 brn|[from] brn
|upkeep
|turn|19
|
|t:|1630435831
|move|p1a: Lanturn|Scald|p2a: Quagsire
|-damage|p2a: Quagsire|30/100 brn
|move|p2a: Quagsire|Recover|p2a: Quagsire
|-heal|p2a: Quagsire|80/100 brn
|
|-heal|p1a: Lanturn|63/100|[from] item: Leftovers
|-heal|p2a: Quagsire|86/100 brn|[from] item: Leftovers
|-damage|p2a: Quagsire|80/100 brn|[from] brn
|upkeep
|turn|20
|
|t:|1630435848
|move|p1a: Lanturn|Scald|p2a: Quagsire
|-damage|p2a: Quagsire|51/100 brn
|move|p2a: Quagsire|Toxic|p1a: Lanturn
|-status|p1a: Lanturn|tox
|
|-heal|p1a: Lanturn|70/100 tox|[from] item: Leftovers
|-heal|p2a: Quagsire|57/100 brn|[from] item: Leftovers
|-damage|p1a: Lanturn|63/100 tox|[from] psn
|-damage|p2a: Quagsire|51/100 brn|[from] brn
|upkeep
|turn|21
|
|t:|1630435852
|move|p1a: Lanturn|Scald|p2a: Quagsire
|-damage|p2a: Quagsire|22/100 brn
|move|p2a: Quagsire|Recover|p2a: Quagsire
|-heal|p2a: Quagsire|72/100 brn
|
|-heal|p1a: Lanturn|70/100 tox|[from] item: Leftovers
|-heal|p2a: Quagsire|78/100 brn|[from] item: Leftovers
|-damage|p1a: Lanturn|57/100 tox|[from] psn
|-damage|p2a: Quagsire|72/100 brn|[from] brn
|upkeep
|turn|22
|
|t:|1630435856
|move|p1a: Lanturn|Scald|p2a: Quagsire
|-damage|p2a: Quagsire|45/100 brn
|move|p2a: Quagsire|Recover|p2a: Quagsire
|-heal|p2a: Quagsire|95/100 brn
|
|-heal|p1a: Lanturn|63/100 tox|[from] item: Leftovers
|-heal|p2a: Quagsire|100/100 brn|[from] item: Leftovers
|-damage|p1a: Lanturn|45/100 tox|[from] psn
|-damage|p2a: Quagsire|94/100 brn|[from] brn
|upkeep
|turn|23
|
|t:|1630435861
|move|p1a: Lanturn|Scald|p2a: Quagsire
|-damage|p2a: Quagsire|68/100 brn
|move|p2a: Quagsire|Curse|p2a: Quagsire
|-unboost|p2a: Quagsire|spe|1
|-boost|p2a: Quagsire|atk|1
|-boost|p2a: Quagsire|def|1
|
|-heal|p1a: Lanturn|51/100 tox|[from] item: Leftovers
|-heal|p2a: Quagsire|74/100 brn|[from] item: Leftovers
|-damage|p1a: Lanturn|26/100 tox|[from] psn
|-damage|p2a: Quagsire|68/100 brn|[from] brn
|upkeep
|turn|24
|
|t:|1630435868
|switch|p1a: Oranguru|Oranguru, F|100/100
|-damage|p1a: Oranguru|88/100|[from] Stealth Rock
|move|p2a: Quagsire|Recover|p2a: Quagsire
|-heal|p2a: Quagsire|100/100 brn
|
|-heal|p1a: Oranguru|94/100|[from] item: Leftovers
|-damage|p2a: Quagsire|94/100 brn|[from] brn
|upkeep
|turn|25
|
|t:|1630435870
|switch|p2a: Togedemaru|Togedemaru, M|100/100
|move|p1a: Oranguru|Calm Mind|p1a: Oranguru
|-boost|p1a: Oranguru|spa|1
|-boost|p1a: Oranguru|spd|1
|
|-heal|p1a: Oranguru|100/100|[from] item: Leftovers
|upkeep
|turn|26
|
|t:|1630435878
|move|p2a: Togedemaru|Iron Head|p1a: Oranguru
|-damage|p1a: Oranguru|64/100
|move|p1a: Oranguru|Focus Blast|p2a: Togedemaru
|-supereffective|p2a: Togedemaru
|-crit|p2a: Togedemaru
|-damage|p2a: Togedemaru|0 fnt
|faint|p2a: Togedemaru
|
|-heal|p1a: Oranguru|70/100|[from] item: Leftovers
|upkeep
|
|t:|1630435881
|switch|p2a: Sneasel|Sneasel, F|100/100
|turn|27
|
|t:|1630435889
|switch|p1a: Lanturn|Lanturn, M|26/100 tox
|-damage|p1a: Lanturn|13/100 tox|[from] Stealth Rock
|move|p2a: Sneasel|Knock Off|p1a: Lanturn
|-damage|p1a: Lanturn|0 fnt
|-enditem|p1a: Lanturn|Leftovers|[from] move: Knock Off|[of] p2a: Sneasel
|faint|p1a: Lanturn
|
|upkeep
|
|t:|1630435892
|switch|p1a: Passimian|Passimian, M|88/100
|-damage|p1a: Passimian|82/100|[from] Stealth Rock
|turn|28
|
|t:|1630435903
|switch|p2a: Quagsire|Quagsire, M|94/100 brn
|move|p1a: Passimian|U-turn|p2a: Quagsire
|-damage|p2a: Quagsire|78/100 brn
|
|t:|1630435908
|switch|p1a: Oranguru|Oranguru, F|70/100|[from]move: U-turn
|-damage|p1a: Oranguru|58/100|[from] Stealth Rock
|
|-heal|p1a: Oranguru|64/100|[from] item: Leftovers
|-heal|p2a: Quagsire|85/100 brn|[from] item: Leftovers
|-damage|p2a: Quagsire|78/100 brn|[from] brn
|upkeep
|turn|29
|
|t:|1630435917
|switch|p2a: Ribombee|Ribombee, F|70/100
|move|p1a: Oranguru|Psychic|p2a: Ribombee
|-damage|p2a: Ribombee|0 fnt
|faint|p2a: Ribombee
|
|-heal|p1a: Oranguru|70/100|[from] item: Leftovers
|upkeep
|j| Redgoop115
|
|t:|1630435921
|switch|p2a: Sneasel|Sneasel, F|100/100
|turn|30
|
|t:|1630435936
|switch|p1a: Scyther|Scyther, F|100/100
|move|p2a: Sneasel|Knock Off|p1a: Scyther
|-crit|p1a: Scyther
|-damage|p1a: Scyther|11/100
|-enditem|p1a: Scyther|Heavy-Duty Boots|[from] move: Knock Off|[of] p2a: Sneasel
|
|upkeep
|turn|31
|
|t:|1630435947
|move|p2a: Sneasel|Ice Shard|p1a: Scyther
|-supereffective|p1a: Scyther
|-damage|p1a: Scyther|0 fnt
|faint|p1a: Scyther
|
|upkeep
|
|t:|1630435950
|switch|p1a: Passimian|Passimian, M|82/100
|-damage|p1a: Passimian|76/100|[from] Stealth Rock
|turn|32
|
|t:|1630435964
|move|p1a: Passimian|Close Combat|p2a: Sneasel
|-supereffective|p2a: Sneasel
|-damage|p2a: Sneasel|0 fnt
|-unboost|p1a: Passimian|def|1
|-unboost|p1a: Passimian|spd|1
|faint|p2a: Sneasel
|
|upkeep
|
|t:|1630435966
|switch|p2a: Quagsire|Quagsire, M|78/100 brn
|turn|33
|c|☆Lambovino|gg
|c|☆Typhlosion4|Gg
|
|t:|1630435977
|move|p1a: Passimian|Close Combat|p2a: Quagsire
|-damage|p2a: Quagsire|34/100 brn
|-unboost|p1a: Passimian|def|1
|-unboost|p1a: Passimian|spd|1
|move|p2a: Quagsire|Earthquake|p1a: Passimian
|-damage|p1a: Passimian|59/100
|
|-heal|p2a: Quagsire|40/100 brn|[from] item: Leftovers
|-damage|p2a: Quagsire|34/100 brn|[from] brn
|upkeep
|turn|34
|
|t:|1630435979
|move|p1a: Passimian|Close Combat|p2a: Quagsire
|-damage|p2a: Quagsire|0 fnt
|-unboost|p1a: Passimian|def|1
|-unboost|p1a: Passimian|spd|1
|faint|p2a: Quagsire
|
|win|Typhlosion4
|l|☆Lambovino
|j|☆Lambovino
|player|p2|Lambovino|psychic-gen2
