|raw|<div class="broadcast-blue"><strong>This battle is required to be public due to a player having a name starting with 'pult4s3'.</div>
|j|☆Penton Palace
|j|☆PULT4S3 Prod
|t:|1661919373
|gametype|singles
|player|p1|Penton Palace|backpackerf|1186
|player|p2|PULT4S3 Prod|falkner-gen2|1131
|teamsize|p1|6
|teamsize|p2|6
|gen|8
|tier|[Gen 8] PU
|rated|
|rule|Sleep Clause Mod: Limit one foe put to sleep
|rule|Species Clause: Limit one of each Pokémon
|rule|OHKO Clause: OHKO moves are banned
|rule|Evasion Items Clause: Evasion items are banned
|rule|Evasion Moves Clause: Evasion moves are banned
|rule|Endless Battle Clause: Forcing endless battles is banned
|rule|HP Percentage Mod: HP is shown in percentages
|rule|Dynamax Clause: You cannot dynamax
|clearpoke
|poke|p1|Silvally-*|
|poke|p1|Ribombee, M|
|poke|p1|Charizard, F|
|poke|p1|Scrafty, M|
|poke|p1|Archeops, M|
|poke|p1|Galvantula, F|
|poke|p2|Archeops, F|
|poke|p2|Frosmoth, F|
|poke|p2|Scrafty, F|
|poke|p2|Vikavolt, M|
|poke|p2|Druddigon, F|
|poke|p2|Doublade, M|
|teampreview
|
|t:|1661919382
|start
|switch|p1a: Archeops|Archeops, M|100/100
|switch|p2a: Druddigon|Druddigon, F|100/100
|turn|1
|inactive|Battle timer is ON: inactive players will automatically lose when time's up. (requested by Penton Palace)
|
|t:|1661919388
|move|p1a: Archeops|Taunt|p2a: Druddigon
|-start|p2a: Druddigon|move: Taunt
|move|p2a: Druddigon|Scale Shot|p1a: Archeops
|-damage|p1a: Archeops|77/100
|-crit|p1a: Archeops
|-damage|p1a: Archeops|42/100
|-damage|p1a: Archeops|18/100
|-hitcount|p1a: Archeops|3
|-unboost|p2a: Druddigon|def|1
|-boost|p2a: Druddigon|spe|1
|
|upkeep
|turn|2
|
|t:|1661919401
|move|p1a: Archeops|Head Smash|p2a: Druddigon
|-damage|p2a: Druddigon|25/100
|-damage|p1a: Archeops|6/100|[from] ability: Rough Skin|[of] p2a: Druddigon
|-damage|p1a: Archeops|0 fnt|[from] Recoil
|faint|p1a: Archeops
|move|p2a: Druddigon|Scale Shot|p1: Archeops|[notarget]
|-fail|p2a: Druddigon
|
|upkeep
|
|t:|1661919422
|switch|p1a: Ribombee|Ribombee, M|100/100
|turn|3
|
|t:|1661919426
|switch|p2a: Doublade|Doublade, M|100/100
|move|p1a: Ribombee|Moonblast|p2a: Doublade
|-resisted|p2a: Doublade
|-damage|p2a: Doublade|80/100
|
|upkeep
|turn|4
|
|t:|1661919434
|switch|p1a: Charizard|Charizard, F|100/100
|move|p2a: Doublade|Swords Dance|p2a: Doublade
|-boost|p2a: Doublade|atk|2
|
|upkeep
|turn|5
|
|t:|1661919440
|switch|p2a: Archeops|Archeops, F|100/100
|move|p1a: Charizard|Flare Blitz|p2a: Archeops
|-resisted|p2a: Archeops
|-damage|p2a: Archeops|59/100
|-damage|p1a: Charizard|87/100|[from] Recoil
|
|upkeep
|turn|6
|
|t:|1661919463
|move|p2a: Archeops|Meteor Beam||[still]
|-prepare|p2a: Archeops|Meteor Beam
|-boost|p2a: Archeops|spa|1
|-enditem|p2a: Archeops|Power Herb
|-anim|p2a: Archeops|Meteor Beam|p1a: Charizard
|-supereffective|p1a: Charizard
|-damage|p1a: Charizard|0 fnt
|faint|p1a: Charizard
|
|upkeep
|
|t:|1661919472
|switch|p1a: Ribombee|Ribombee, M|100/100
|turn|7
|
|t:|1661919476
|switch|p2a: Druddigon|Druddigon, F|25/100
|move|p1a: Ribombee|Moonblast|p2a: Druddigon
|-supereffective|p2a: Druddigon
|-damage|p2a: Druddigon|0 fnt
|faint|p2a: Druddigon
|
|upkeep
|
|t:|1661919479
|switch|p2a: Frosmoth|Frosmoth, F|100/100
|turn|8
|
|t:|1661919494
|switch|p1a: Silvally|Silvally-Ghost|100/100
|move|p2a: Frosmoth|Quiver Dance|p2a: Frosmoth
|-boost|p2a: Frosmoth|spa|1
|-boost|p2a: Frosmoth|spd|1
|-boost|p2a: Frosmoth|spe|1
|
|upkeep
|turn|9
|
|t:|1661919499
|move|p2a: Frosmoth|Ice Beam|p1a: Silvally
|-damage|p1a: Silvally|30/100
|-status|p1a: Silvally|frz
|-curestatus|p1a: Silvally|frz|[msg]
|move|p1a: Silvally|Flame Charge|p2a: Frosmoth
|-supereffective|p2a: Frosmoth
|-damage|p2a: Frosmoth|0 fnt
|-boost|p1a: Silvally|spe|1
|faint|p2a: Frosmoth
|
|upkeep
|
|t:|1661919509
|switch|p2a: Doublade|Doublade, M|80/100
|turn|10
|
|t:|1661919514
|move|p2a: Doublade|Shadow Sneak|p1a: Silvally
|-supereffective|p1a: Silvally
|-damage|p1a: Silvally|0 fnt
|faint|p1a: Silvally
|
|upkeep
|
|t:|1661919517
|switch|p1a: Scrafty|Scrafty, M|100/100
|turn|11
|
|t:|1661919522
|move|p1a: Scrafty|Knock Off|p2a: Doublade
|-supereffective|p2a: Doublade
|-crit|p2a: Doublade
|-damage|p2a: Doublade|24/100
|-enditem|p2a: Doublade|Eviolite|[from] move: Knock Off|[of] p1a: Scrafty
|move|p2a: Doublade|Swords Dance|p2a: Doublade
|-boost|p2a: Doublade|atk|2
|
|upkeep
|turn|12
|
|t:|1661919537
|move|p1a: Scrafty|Knock Off|p2a: Doublade
|-supereffective|p2a: Doublade
|-damage|p2a: Doublade|0 fnt
|faint|p2a: Doublade
|-ability|p1a: Scrafty|Moxie|boost
|-boost|p1a: Scrafty|atk|1
|
|upkeep
|
|t:|1661919539
|switch|p2a: Scrafty|Scrafty, F|100/100
|turn|13
|
|t:|1661919545
|move|p1a: Scrafty|Close Combat|p2a: Scrafty
|-supereffective|p2a: Scrafty
|-damage|p2a: Scrafty|0 fnt
|-unboost|p1a: Scrafty|def|1
|-unboost|p1a: Scrafty|spd|1
|faint|p2a: Scrafty
|-ability|p1a: Scrafty|Moxie|boost
|-boost|p1a: Scrafty|atk|1
|
|upkeep
|
|t:|1661919549
|switch|p2a: Archeops|Archeops, F|59/100
|turn|14
|
|t:|1661919568
|move|p2a: Archeops|Air Slash|p1a: Scrafty
|-supereffective|p1a: Scrafty
|-damage|p1a: Scrafty|0 fnt
|faint|p1a: Scrafty
|
|upkeep
|
|t:|1661919573
|switch|p1a: Ribombee|Ribombee, M|100/100
|turn|15
|
|t:|1661919576
|move|p1a: Ribombee|Moonblast|p2a: Archeops
|-damage|p2a: Archeops|0 fnt
|faint|p2a: Archeops
|
|upkeep
|
|t:|1661919577
|switch|p2a: Vikavolt|Vikavolt, M|100/100
|turn|16
|
|t:|1661919588
|move|p1a: Ribombee|Moonblast|p2a: Vikavolt
|-damage|p2a: Vikavolt|46/100
|move|p2a: Vikavolt|Agility|p2a: Vikavolt
|-boost|p2a: Vikavolt|spe|2
|
|upkeep
|turn|17
|
|t:|1661919591
|move|p2a: Vikavolt|Thunderbolt|p1a: Ribombee
|-damage|p1a: Ribombee|19/100
|move|p1a: Ribombee|Moonblast|p2a: Vikavolt
|-damage|p2a: Vikavolt|0 fnt
|faint|p2a: Vikavolt
|
|win|Penton Palace
|raw|Penton Palace's rating: 1186 &rarr; <strong>1209</strong><br />(+23 for winning)
|raw|PULT4S3 Prod's rating: 1155 &rarr; <strong>1132</strong><br />(-23 for losing)
|l|☆PULT4S3 Prod
||Ladder isn't responding, score probably updated but might not have (Request timeout).
