|j|☆yassy slay
|j|☆Carmen Farala
|t:|1654077023
|gametype|singles
|player|p1|yassy slay|102|1595
|player|p2|Carmen Farala|aromalady|1572
|teamsize|p1|6
|teamsize|p2|6
|gen|8
|tier|[Gen 8] PU
|rated|
|rule|Sleep Clause Mod: Limit one foe put to sleep
|rule|Species Clause: Limit one of each Pokémon
|rule|OHKO Clause: OHKO moves are banned
|rule|Evasion Moves Clause: Evasion moves are banned
|rule|Endless Battle Clause: Forcing endless battles is banned
|rule|HP Percentage Mod: HP is shown in percentages
|rule|Dynamax Clause: You cannot dynamax
|clearpoke
|poke|p1|Dubwool, F|
|poke|p1|Palossand, M|
|poke|p1|Eldegoss, M|
|poke|p1|Cryogonal|
|poke|p1|Musharna, F|
|poke|p1|Magneton|
|poke|p2|Arctovish|
|poke|p2|Magneton|
|poke|p2|Weezing, F|
|poke|p2|Gigalith, M|
|poke|p2|Sandslash, F|
|poke|p2|Silvally-*|
|teampreview
|
|t:|1654077074
|start
|switch|p1a: Magneton|Magneton|100/100
|switch|p2a: Magneton|Magneton|100/100
|turn|1
|
|t:|1654077081
|move|p2a: Magneton|Thunderbolt|p1a: Magneton
|-resisted|p1a: Magneton
|-damage|p1a: Magneton|38/100
|move|p1a: Magneton|Volt Switch|p2a: Magneton
|-resisted|p2a: Magneton
|-damage|p2a: Magneton|31/100
|
|t:|1654077092
|switch|p1a: Palossand|Palossand, M|100/100|[from]move: Volt Switch
|
|upkeep
|turn|2
|
|t:|1654077094
|switch|p2a: Arctovish|Arctovish|100/100
|move|p1a: Palossand|Stealth Rock|p2a: Arctovish
|-sidestart|p2: Carmen Farala|move: Stealth Rock
|
|upkeep
|turn|3
|
|t:|1654077097
|switch|p1a: Dubwool|Dubwool, F|100/100
|move|p2a: Arctovish|Fishious Rend|p1a: Dubwool
|-damage|p1a: Dubwool|63/100
|
|-heal|p1a: Dubwool|69/100|[from] item: Leftovers
|upkeep
|turn|4
|
|t:|1654077110
|switch|p2a: Weezing|Weezing, F|100/100
|-ability|p2a: Weezing|Neutralizing Gas
|-damage|p2a: Weezing|88/100|[from] Stealth Rock
|move|p1a: Dubwool|Body Press|p2a: Weezing
|-resisted|p2a: Weezing
|-damage|p2a: Weezing|80/100
|-damage|p1a: Dubwool|53/100|[from] item: Rocky Helmet|[of] p2a: Weezing
|
|-heal|p1a: Dubwool|59/100|[from] item: Leftovers
|upkeep
|turn|5
|
|t:|1654077123
|switch|p1a: Magneton|Magneton|38/100
|move|p2a: Weezing|Toxic Spikes|p1a: Magneton
|-sidestart|p1: yassy slay|move: Toxic Spikes
|
|upkeep
|turn|6
|
|t:|1654077149
|-end|p2a: Weezing|ability: Neutralizing Gas
|switch|p2a: Magneton|Magneton|31/100
|-damage|p2a: Magneton|25/100|[from] Stealth Rock
|move|p1a: Magneton|Flash Cannon|p2a: Magneton
|-resisted|p2a: Magneton
|-damage|p2a: Magneton|0 fnt
|faint|p2a: Magneton
|
|upkeep
|
|t:|1654077191
|switch|p2a: Silvally|Silvally-Fairy|100/100
|-damage|p2a: Silvally|88/100|[from] Stealth Rock
|turn|7
|
|t:|1654077217
|switch|p2a: Arctovish|Arctovish|100/100
|-damage|p2a: Arctovish|76/100|[from] Stealth Rock
|switch|p1a: Palossand|Palossand, M|100/100
|-status|p1a: Palossand|psn
|
|-damage|p1a: Palossand|88/100 psn|[from] psn
|upkeep
|turn|8
|
|t:|1654077221
|switch|p1a: Dubwool|Dubwool, F|59/100
|-status|p1a: Dubwool|psn
|move|p2a: Arctovish|Fishious Rend|p1a: Dubwool
|-damage|p1a: Dubwool|22/100 psn
|
|-heal|p1a: Dubwool|28/100 psn|[from] item: Leftovers
|-damage|p1a: Dubwool|15/100 psn|[from] psn
|upkeep
|turn|9
|
|t:|1654077240
|switch|p2a: Silvally|Silvally-Fairy|88/100
|-damage|p2a: Silvally|76/100|[from] Stealth Rock
|move|p1a: Dubwool|Rest|p1a: Dubwool
|-status|p1a: Dubwool|slp|[from] move: Rest
|-heal|p1a: Dubwool|100/100 slp|[silent]
|
|upkeep
|turn|10
|
|t:|1654077249
|switch|p1a: Cryogonal|Cryogonal|100/100
|move|p2a: Silvally|Swords Dance|p2a: Silvally
|-boost|p2a: Silvally|atk|2
|
|upkeep
|turn|11
|
|t:|1654077252
|move|p1a: Cryogonal|Ice Beam|p2a: Silvally
|-damage|p2a: Silvally|10/100
|move|p2a: Silvally|Flame Charge|p1a: Cryogonal
|-supereffective|p1a: Cryogonal
|-damage|p1a: Cryogonal|0 fnt
|-boost|p2a: Silvally|spe|1
|faint|p1a: Cryogonal
|
|upkeep
|
|t:|1654077258
|switch|p1a: Musharna|Musharna, F|100/100
|turn|12
|
|t:|1654077263
|move|p2a: Silvally|Multi-Attack|p1a: Musharna
|-damage|p1a: Musharna|11/100
|move|p1a: Musharna|Psyshock|p2a: Silvally
|-damage|p2a: Silvally|0 fnt
|faint|p2a: Silvally
|
|upkeep
|
|t:|1654077269
|switch|p2a: Sandslash|Sandslash, F|100/100
|-damage|p2a: Sandslash|94/100|[from] Stealth Rock
|turn|13
|
|t:|1654077275
|switch|p1a: Eldegoss|Eldegoss, M|100/100
|move|p2a: Sandslash|Earthquake|p1a: Eldegoss
|-resisted|p1a: Eldegoss
|-damage|p1a: Eldegoss|69/100
|
|upkeep
|turn|14
|
|t:|1654077292
|move|p2a: Sandslash|Rapid Spin|p1a: Eldegoss
|-damage|p1a: Eldegoss|51/100
|-boost|p2a: Sandslash|spe|1
|-sideend|p2: Carmen Farala|Stealth Rock|[from] move: Rapid Spin|[of] p2a: Sandslash
|move|p1a: Eldegoss|Giga Drain|p2a: Sandslash
|-supereffective|p2a: Sandslash
|-damage|p2a: Sandslash|0 fnt
|-heal|p1a: Eldegoss|93/100|[from] drain|[of] p2a: Sandslash
|faint|p2a: Sandslash
|
|upkeep
|
|t:|1654077297
|switch|p2a: Arctovish|Arctovish|76/100
|turn|15
|
|t:|1654077309
|switch|p2a: Weezing|Weezing, F|80/100
|-ability|p2a: Weezing|Neutralizing Gas
|switch|p1a: Dubwool|Dubwool, F|100/100 slp
|
|upkeep
|turn|16
|
|t:|1654077321
|cant|p1a: Dubwool|slp
|move|p1a: Dubwool|Sleep Talk|p1a: Dubwool
|move|p1a: Dubwool|Rest||[from]move: Sleep Talk|[still]
|-fail|p1a: Dubwool
|move|p2a: Weezing|Sludge Bomb|p1a: Dubwool
|-damage|p1a: Dubwool|70/100 slp
|
|-heal|p1a: Dubwool|76/100 slp|[from] item: Leftovers
|upkeep
|turn|17
|
|t:|1654077333
|switch|p1a: Magneton|Magneton|38/100
|move|p2a: Weezing|Sludge Bomb|p1a: Magneton
|-immune|p1a: Magneton
|
|upkeep
|turn|18
|
|t:|1654077340
|-end|p2a: Weezing|ability: Neutralizing Gas
|switch|p2a: Gigalith|Gigalith, M|100/100
|-weather|Sandstorm|[from] ability: Sand Stream|[of] p2a: Gigalith
|move|p1a: Magneton|Flash Cannon|p2a: Gigalith
|-supereffective|p2a: Gigalith
|-damage|p2a: Gigalith|6/100
|
|-weather|Sandstorm|[upkeep]
|-heal|p2a: Gigalith|12/100|[from] item: Leftovers
|upkeep
|turn|19
|
|t:|1654077355
|move|p2a: Gigalith|Protect|p2a: Gigalith
|-singleturn|p2a: Gigalith|Protect
|move|p1a: Magneton|Flash Cannon|p2a: Gigalith
|-activate|p2a: Gigalith|move: Protect
|
|-weather|Sandstorm|[upkeep]
|-heal|p2a: Gigalith|18/100|[from] item: Leftovers
|upkeep
|turn|20
|
|t:|1654077361
|move|p1a: Magneton|Flash Cannon|p2a: Gigalith
|-supereffective|p2a: Gigalith
|-damage|p2a: Gigalith|0 fnt
|faint|p2a: Gigalith
|
|-weather|Sandstorm|[upkeep]
|upkeep
|
|t:|1654077362
|switch|p2a: Arctovish|Arctovish|76/100
|turn|21
|
|t:|1654077364
|move|p1a: Magneton|Flash Cannon|p2a: Arctovish
|-damage|p2a: Arctovish|0 fnt
|faint|p2a: Arctovish
|
|-weather|Sandstorm|[upkeep]
|upkeep
|
|t:|1654077368
|switch|p2a: Weezing|Weezing, F|80/100
|-ability|p2a: Weezing|Neutralizing Gas
|turn|22
|
|t:|1654077370
|move|p1a: Magneton|Flash Cannon|p2a: Weezing
|-damage|p2a: Weezing|0 fnt
|faint|p2a: Weezing
|-end|p2a: Weezing|ability: Neutralizing Gas
|
|win|yassy slay
|raw|yassy slay's rating: 1595 &rarr; <strong>1614</strong><br />(+19 for winning)
|raw|Carmen Farala's rating: 1572 &rarr; <strong>1553</strong><br />(-19 for losing)
|l|☆Carmen Farala
|c|☆yassy slay|GG
