|j|☆murica is shitty
|j|☆un vigoroth
|t:|1595799931
|player|p1|murica is shitty|maid|1424
|player|p2|un vigoroth|swimmer-gen4dp|1424
|teamsize|p1|6
|teamsize|p2|6
|gametype|singles
|gen|8
|tier|[Gen 8] PU
|rated|
|clearpoke
|poke|p1|Klinklang|
|poke|p1|Silvally-*|
|poke|p1|Rapidash-Galar, M|
|poke|p1|Appletun, F|
|poke|p1|Hitmonchan, M|
|poke|p1|Stunfisk, F|
|poke|p2|Kadabra, F|
|poke|p2|Stonjourner, M|
|poke|p2|Manectric, F|
|poke|p2|Pawniard, M|
|poke|p2|Heatmor, M|
|poke|p2|Ludicolo, F|
|rule|Sleep Clause Mod: Limit one foe put to sleep
|rule|Species Clause: Limit one of each Pokémon
|rule|OHKO Clause: OHKO moves are banned
|rule|Evasion Moves Clause: Evasion moves are banned
|rule|Endless Battle Clause: Forcing endless battles is banned
|rule|HP Percentage Mod: HP is shown in percentages
|rule|Dynamax Clause: You cannot dynamax
|teampreview
|
|t:|1595799964
|start
|switch|p1a: Hitmonchan|Hitmonchan, M|100/100
|switch|p2a: Manectric|Manectric, F|100/100
|turn|1
|
|t:|1595799971
|move|p2a: Manectric|Switcheroo|p1a: Hitmonchan
|-activate|p2a: Manectric|move: Trick|[of] p1a: Hitmonchan
|-item|p1a: Hitmonchan|Choice Specs|[from] move: Switcheroo
|-item|p2a: Manectric|Assault Vest|[from] move: Switcheroo
|move|p1a: Hitmonchan|Drain Punch|p2a: Manectric
|-damage|p2a: Manectric|33/100
|
|upkeep
|turn|2
|
|t:|1595799979
|move|p2a: Manectric|Thunderbolt|p1a: Hitmonchan
|-damage|p1a: Hitmonchan|69/100
|move|p1a: Hitmonchan|Drain Punch|p2a: Manectric
|-damage|p2a: Manectric|0 fnt
|-heal|p1a: Hitmonchan|84/100|[from] drain|[of] p2a: Manectric
|faint|p2a: Manectric
|
|upkeep
|
|t:|1595799983
|switch|p2a: Kadabra|Kadabra, F|100/100
|turn|3
|
|t:|1595799987
|switch|p1a: Klinklang|Klinklang|100/100
|move|p2a: Kadabra|Psychic|p1a: Klinklang
|-resisted|p1a: Klinklang
|-damage|p1a: Klinklang|71/100
|
|-heal|p1a: Klinklang|77/100|[from] item: Leftovers
|upkeep
|turn|4
|
|t:|1595799997
|switch|p2a: Heatmor|Heatmor, M|100/100
|move|p1a: Klinklang|Gear Grind|p2a: Heatmor
|-resisted|p2a: Heatmor
|-damage|p2a: Heatmor|82/100
|-resisted|p2a: Heatmor
|-damage|p2a: Heatmor|62/100
|-hitcount|p2a: Heatmor|2
|
|-heal|p1a: Klinklang|84/100|[from] item: Leftovers
|upkeep
|turn|5
|
|t:|1595800015
|switch|p1a: Stunfisk|Stunfisk, F|100/100
|move|p2a: Heatmor|Fire Lash|p1a: Stunfisk
|-damage|p1a: Stunfisk|75/100
|-unboost|p1a: Stunfisk|def|1
|
|-heal|p1a: Stunfisk|81/100|[from] item: Leftovers
|upkeep
|turn|6
|
|t:|1595800023
|move|p2a: Heatmor|Taunt|p1a: Stunfisk
|-start|p1a: Stunfisk|move: Taunt
|cant|p1a: Stunfisk|move: Taunt|Stealth Rock
|
|-heal|p1a: Stunfisk|87/100|[from] item: Leftovers
|upkeep
|turn|7
|
|t:|1595800029
|move|p2a: Heatmor|Knock Off|p1a: Stunfisk
|-damage|p1a: Stunfisk|60/100
|-enditem|p1a: Stunfisk|Leftovers|[from] move: Knock Off|[of] p2a: Heatmor
|move|p1a: Stunfisk|Earth Power|p2a: Heatmor
|-supereffective|p2a: Heatmor
|-crit|p2a: Heatmor
|-damage|p2a: Heatmor|0 fnt
|faint|p2a: Heatmor
|
|upkeep
|
|t:|1595800032
|switch|p2a: Ludicolo|Ludicolo, F|100/100
|turn|8
|
|t:|1595800050
|switch|p1a: Appletun|Appletun, F|100/100
|move|p2a: Ludicolo|Rain Dance|p2a: Ludicolo
|-weather|RainDance
|
|-weather|RainDance|[upkeep]
|upkeep
|turn|9
|
|t:|1595800062
|move|p2a: Ludicolo|Ice Beam|p1a: Appletun
|-supereffective|p1a: Appletun
|-damage|p1a: Appletun|29/100
|-damage|p2a: Ludicolo|91/100|[from] item: Life Orb
|move|p1a: Appletun|Apple Acid|p2a: Ludicolo
|-damage|p2a: Ludicolo|44/100
|-unboost|p2a: Ludicolo|spd|1
|
|-weather|RainDance|[upkeep]
|-heal|p1a: Appletun|35/100|[from] item: Leftovers
|upkeep
|turn|10
|
|t:|1595800076
|move|p2a: Ludicolo|Ice Beam|p1a: Appletun
|-supereffective|p1a: Appletun
|-damage|p1a: Appletun|0 fnt
|-damage|p2a: Ludicolo|34/100|[from] item: Life Orb
|faint|p1a: Appletun
|
|-weather|RainDance|[upkeep]
|upkeep
|j| Mythic Donovan
|
|t:|1595800089
|switch|p1a: Hitmonchan|Hitmonchan, M|84/100
|turn|11
|
|t:|1595800101
|switch|p2a: Stonjourner|Stonjourner, M|100/100
|move|p1a: Hitmonchan|Mach Punch|p2a: Stonjourner
|-supereffective|p2a: Stonjourner
|-damage|p2a: Stonjourner|72/100
|
|-weather|RainDance|[upkeep]
|upkeep
|turn|12
|
|t:|1595800132
|switch|p1a: Stunfisk|Stunfisk, F|60/100
|move|p2a: Stonjourner|Earthquake|p1a: Stunfisk
|-supereffective|p1a: Stunfisk
|-damage|p1a: Stunfisk|15/100
|
|-weather|none
|upkeep
|turn|13
|
|t:|1595800140
|move|p2a: Stonjourner|Earthquake|p1a: Stunfisk
|-supereffective|p1a: Stunfisk
|-damage|p1a: Stunfisk|0 fnt
|faint|p1a: Stunfisk
|
|upkeep
|
|t:|1595800143
|switch|p1a: Hitmonchan|Hitmonchan, M|84/100
|turn|14
|
|t:|1595800146
|switch|p2a: Ludicolo|Ludicolo, F|34/100
|move|p1a: Hitmonchan|Drain Punch|p2a: Ludicolo
|-damage|p2a: Ludicolo|0 fnt
|-heal|p1a: Hitmonchan|100/100|[from] drain|[of] p2a: Ludicolo
|faint|p2a: Ludicolo
|
|upkeep
|
|t:|1595800148
|switch|p2a: Kadabra|Kadabra, F|100/100
|turn|15
|
|t:|1595800151
|switch|p1a: Klinklang|Klinklang|84/100
|move|p2a: Kadabra|Psychic|p1a: Klinklang
|-resisted|p1a: Klinklang
|-damage|p1a: Klinklang|55/100
|
|-heal|p1a: Klinklang|61/100|[from] item: Leftovers
|upkeep
|turn|16
|
|t:|1595800161
|move|p2a: Kadabra|Psychic|p1a: Klinklang
|-resisted|p1a: Klinklang
|-damage|p1a: Klinklang|32/100
|move|p1a: Klinklang|Gear Grind|p2a: Kadabra
|-damage|p2a: Kadabra|9/100
|-crit|p2a: Kadabra
|-damage|p2a: Kadabra|0 fnt
|-hitcount|p2a: Kadabra|2
|faint|p2a: Kadabra
|
|-heal|p1a: Klinklang|38/100|[from] item: Leftovers
|upkeep
|
|t:|1595800164
|switch|p2a: Pawniard|Pawniard, M|100/100
|turn|17
|
|t:|1595800185
|move|p1a: Klinklang|Gear Grind|p2a: Pawniard
|-resisted|p2a: Pawniard
|-damage|p2a: Pawniard|87/100
|-resisted|p2a: Pawniard
|-damage|p2a: Pawniard|75/100
|-hitcount|p2a: Pawniard|2
|move|p2a: Pawniard|Swords Dance|p2a: Pawniard
|-boost|p2a: Pawniard|atk|2
|
|-heal|p1a: Klinklang|44/100|[from] item: Leftovers
|upkeep
|turn|18
|
|t:|1595800193
|move|p1a: Klinklang|Gear Grind|p2a: Pawniard
|-resisted|p2a: Pawniard
|-damage|p2a: Pawniard|63/100
|-resisted|p2a: Pawniard
|-damage|p2a: Pawniard|50/100
|-hitcount|p2a: Pawniard|2
|move|p2a: Pawniard|Knock Off|p1a: Klinklang
|-damage|p1a: Klinklang|0 fnt
|-enditem|p1a: Klinklang|Leftovers|[from] move: Knock Off|[of] p2a: Pawniard
|faint|p1a: Klinklang
|
|upkeep
|
|t:|1595800200
|switch|p1a: Hitmonchan|Hitmonchan, M|100/100
|turn|19
|
|t:|1595800204
|move|p1a: Hitmonchan|Mach Punch|p2a: Pawniard
|-supereffective|p2a: Pawniard
|-damage|p2a: Pawniard|0 fnt
|faint|p2a: Pawniard
|
|upkeep
|
|t:|1595800207
|switch|p2a: Stonjourner|Stonjourner, M|72/100
|turn|20
|
|t:|1595800220
|move|p1a: Hitmonchan|Mach Punch|p2a: Stonjourner
|-supereffective|p2a: Stonjourner
|-damage|p2a: Stonjourner|42/100
|move|p2a: Stonjourner|Self-Destruct|p1a: Hitmonchan
|-damage|p1a: Hitmonchan|0 fnt
|faint|p2a: Stonjourner
|faint|p1a: Hitmonchan
|
|win|murica is shitty
|l|☆un vigoroth
|c|☆murica is shitty|gg
|raw|murica is shitty's rating: 1425 &rarr; <strong>1446</strong><br />(+21 for winning)
|raw|un vigoroth's rating: 1449 &rarr; <strong>1427</strong><br />(-22 for losing)
