|j|☆falcu
|j|☆kippikpik
|t:|1647168331
|gametype|singles
|player|p1|falcu|giovanni|1194
|player|p2|kippikpik|102|1000
|teamsize|p1|6
|teamsize|p2|6
|gen|8
|tier|[Gen 8] PU
|rated|
|rule|Sleep Clause Mod: Limit one foe put to sleep
|rule|Species Clause: Limit one of each Pokémon
|rule|OHKO Clause: OHKO moves are banned
|rule|Evasion Moves Clause: Evasion moves are banned
|rule|Endless Battle Clause: Forcing endless battles is banned
|rule|HP Percentage Mod: HP is shown in percentages
|rule|Dynamax Clause: You cannot dynamax
|clearpoke
|poke|p1|Whimsicott, F|
|poke|p1|Gourgeist-*, F|
|poke|p1|Audino, F|
|poke|p1|Glastrier|
|poke|p1|Druddigon, M|
|poke|p1|Bouffalant, M|
|poke|p2|Jolteon, F|
|poke|p2|Turtonator, M|
|poke|p2|Claydol|
|poke|p2|Rapidash-Galar, M|
|poke|p2|Articuno-Galar|
|poke|p2|Qwilfish, M|
|teampreview
|inactive|Battle timer is ON: inactive players will automatically lose when time's up. (requested by falcu)
|
|t:|1647168354
|start
|switch|p1a: Audino|Audino, F|100/100
|switch|p2a: Jolteon|Jolteon, F, shiny|100/100
|turn|1
|
|t:|1647168367
|move|p2a: Jolteon|Volt Switch|p1a: Audino
|-crit|p1a: Audino
|-damage|p1a: Audino|59/100
|
|t:|1647168375
|switch|p2a: Claydol|Claydol|100/100|[from]move: Volt Switch
|move|p1a: Audino|Trick Room|p1a: Audino
|-fieldstart|move: Trick Room|[of] p1a: Audino
|
|upkeep
|turn|2
|
|t:|1647168387
|switch|p1a: Gourgeist|Gourgeist-Super, F|100/100
|-item|p2a: Claydol|Leftovers|[from] ability: Frisk|[of] p1a: Gourgeist|[identify]
|move|p2a: Claydol|Toxic|p1a: Gourgeist
|-status|p1a: Gourgeist|tox
|
|-damage|p1a: Gourgeist|94/100 tox|[from] psn
|upkeep
|turn|3
|
|t:|1647168402
|switch|p2a: Turtonator|Turtonator, M|100/100
|move|p1a: Gourgeist|Poltergeist|p2a: Turtonator
|-activate|p2a: Turtonator|move: Poltergeist|Rocky Helmet
|-damage|p2a: Turtonator|67/100
|
|-damage|p1a: Gourgeist|82/100 tox|[from] psn
|upkeep
|turn|4
|
|t:|1647168418
|move|p1a: Gourgeist|Poltergeist|p2a: Turtonator|[miss]
|-miss|p1a: Gourgeist|p2a: Turtonator
|move|p2a: Turtonator|Dragon Tail|p1a: Gourgeist
|-damage|p1a: Gourgeist|68/100 tox
|drag|p1a: Glastrier|Glastrier|100/100
|
|upkeep
|turn|5
|
|t:|1647168431
|move|p1a: Glastrier|Icicle Crash|p2a: Turtonator|[miss]
|-miss|p1a: Glastrier|p2a: Turtonator
|move|p2a: Turtonator|Flamethrower|p1a: Glastrier
|-supereffective|p1a: Glastrier
|-damage|p1a: Glastrier|53/100
|
|-fieldend|move: Trick Room
|upkeep
|turn|6
|
|t:|1647168447
|switch|p2a: Qwilfish|Qwilfish, M|100/100
|-ability|p2a: Qwilfish|Intimidate|boost
|-unboost|p1a: Glastrier|atk|1
|switch|p1a: Druddigon|Druddigon, M|100/100
|
|upkeep
|turn|7
|inactive|kippikpik has 120 seconds left.
|
|t:|1647168469
|move|p2a: Qwilfish|Spikes|p1a: Druddigon
|-sidestart|p1: falcu|Spikes
|move|p1a: Druddigon|Outrage|p2a: Qwilfish
|-damage|p2a: Qwilfish|35/100
|-damage|p1a: Druddigon|91/100|[from] item: Life Orb
|
|-heal|p2a: Qwilfish|41/100|[from] item: Leftovers
|upkeep
|turn|8
|inactive|kippikpik has 120 seconds left.
|
|t:|1647168480
|switch|p2a: Rapidash|Rapidash-Galar, M|100/100
|move|p1a: Druddigon|Outrage|p2a: Rapidash|[from]lockedmove
|-immune|p2a: Rapidash
|-start|p1a: Druddigon|confusion|[fatigue]
|
|upkeep
|turn|9
|inactive|kippikpik has 120 seconds left.
|
|t:|1647168495
|switch|p1a: Whimsicott|Whimsicott, F|100/100
|-damage|p1a: Whimsicott|88/100|[from] Spikes
|move|p2a: Rapidash|Play Rough|p1a: Whimsicott
|-damage|p1a: Whimsicott|38/100
|
|upkeep
|turn|10
|inactive|kippikpik has 120 seconds left.
|
|t:|1647168503
|move|p2a: Rapidash|Play Rough|p1a: Whimsicott
|-damage|p1a: Whimsicott|0 fnt
|faint|p1a: Whimsicott
|
|upkeep
|
|t:|1647168521
|switch|p1a: Audino|Audino, F|92/100
|turn|11
|inactive|kippikpik has 120 seconds left.
|
|t:|1647168538
|switch|p2a: Qwilfish|Qwilfish, M|41/100
|-ability|p2a: Qwilfish|Intimidate|boost
|-unboost|p1a: Audino|atk|1
|move|p1a: Audino|Trick Room|p1a: Audino
|-fieldstart|move: Trick Room|[of] p1a: Audino
|
|-heal|p2a: Qwilfish|47/100|[from] item: Leftovers
|upkeep
|turn|12
|inactive|kippikpik has 120 seconds left.
|
|t:|1647168552
|switch|p1a: Druddigon|Druddigon, M|91/100
|-damage|p1a: Druddigon|78/100|[from] Spikes
|move|p2a: Qwilfish|Toxic Spikes|p1a: Druddigon
|-sidestart|p1: falcu|move: Toxic Spikes
|
|-heal|p2a: Qwilfish|53/100|[from] item: Leftovers
|upkeep
|turn|13
|inactive|kippikpik has 120 seconds left.
|
|t:|1647168575
|switch|p2a: Claydol|Claydol|100/100
|move|p1a: Druddigon|Crunch|p2a: Claydol
|-supereffective|p2a: Claydol
|-damage|p2a: Claydol|2/100
|
|-heal|p2a: Claydol|8/100|[from] item: Leftovers
|upkeep
|turn|14
|
|t:|1647168591
|move|p1a: Druddigon|Crunch|p2a: Claydol
|-supereffective|p2a: Claydol
|-damage|p2a: Claydol|0 fnt
|faint|p2a: Claydol
|
|upkeep
|
|t:|1647168595
|switch|p2a: Qwilfish|Qwilfish, M|53/100
|-ability|p2a: Qwilfish|Intimidate|boost
|-unboost|p1a: Druddigon|atk|1
|turn|15
|
|t:|1647168603
|switch|p1a: Audino|Audino, F|100/100
|move|p2a: Qwilfish|Toxic Spikes|p1a: Audino
|-sidestart|p1: falcu|move: Toxic Spikes
|
|-heal|p2a: Qwilfish|59/100|[from] item: Leftovers
|-fieldend|move: Trick Room
|upkeep
|turn|16
|inactive|kippikpik has 120 seconds left.
|
|t:|1647168613
|move|p2a: Qwilfish|Spikes|p1a: Audino
|-sidestart|p1: falcu|Spikes
|move|p1a: Audino|Trick Room|p1a: Audino
|-fieldstart|move: Trick Room|[of] p1a: Audino
|
|-heal|p2a: Qwilfish|65/100|[from] item: Leftovers
|upkeep
|turn|17
|inactive|kippikpik has 120 seconds left.
|
|t:|1647168628
|switch|p2a: Turtonator|Turtonator, M|67/100
|move|p1a: Audino|Wish|p1a: Audino
|
|upkeep
|turn|18
|inactive|kippikpik has 120 seconds left.
|
|t:|1647168639
|switch|p1a: Bouffalant|Bouffalant, M|100/100
|-damage|p1a: Bouffalant|84/100|[from] Spikes
|-status|p1a: Bouffalant|tox
|move|p2a: Turtonator|Dragon Tail|p1a: Bouffalant
|-damage|p1a: Bouffalant|69/100 tox
|drag|p1a: Gourgeist|Gourgeist-Super, F|68/100 tox
|-damage|p1a: Gourgeist|52/100 tox|[from] Spikes
|-item|p2a: Turtonator|Rocky Helmet|[from] ability: Frisk|[of] p1a: Gourgeist|[identify]
|
|-heal|p1a: Gourgeist|100/100 tox|[from] move: Wish|[wisher] Audino
|-damage|p1a: Gourgeist|94/100 tox|[from] psn
|upkeep
|turn|19
|inactive|kippikpik has 120 seconds left.
|
|t:|1647168669
|move|p1a: Gourgeist|Explosion|p2a: Turtonator
|-damage|p2a: Turtonator|12/100
|faint|p1a: Gourgeist
|move|p2a: Turtonator|Dragon Tail|p1: Gourgeist|[notarget]
|-fail|p2a: Turtonator
|
|upkeep
|
|t:|1647168674
|switch|p1a: Bouffalant|Bouffalant, M|69/100 tox
|-damage|p1a: Bouffalant|53/100 tox|[from] Spikes
|turn|20
|
|t:|1647168681
|move|p2a: Turtonator|Rest|p2a: Turtonator
|-status|p2a: Turtonator|slp|[from] move: Rest
|-heal|p2a: Turtonator|100/100 slp|[silent]
|move|p1a: Bouffalant|Head Charge|p2a: Turtonator
|-damage|p2a: Turtonator|48/100 slp
|-damage|p1a: Bouffalant|36/100 tox|[from] item: Rocky Helmet|[of] p2a: Turtonator
|-damage|p1a: Bouffalant|25/100 tox|[from] Recoil
|
|-damage|p1a: Bouffalant|19/100 tox|[from] psn
|-fieldend|move: Trick Room
|upkeep
|turn|21
|inactive|kippikpik has 120 seconds left.
|-message|falcu forfeited.
|
|win|kippikpik
|raw|falcu's rating: 1194 &rarr; <strong>1156</strong><br />(-38 for losing)
|raw|kippikpik's rating: 1000 &rarr; <strong>1060</strong><br />(+60 for winning)
|l|☆falcu
|c|☆kippikpik|gg!
