|j|☆zSpxdes
|j|☆allstarapology
|player|p1|zSpxdes|ethan|
|player|p2|allstarapology|iris-gen5bw2|
|teamsize|p1|6
|teamsize|p2|6
|gametype|singles
|gen|8
|tier|[Gen 8] PU
|clearpoke
|poke|p1|Ludicolo, F|
|poke|p1|Mareanie, F|
|poke|p1|Mr. Rime, M|
|poke|p1|Raichu, F|
|poke|p1|Mawile, F|
|poke|p1|Type: Null|
|poke|p2|Crustle, M|
|poke|p2|Pikachu, F|
|poke|p2|Gothitelle, F|
|poke|p2|Basculin, F|
|poke|p2|Gourgeist-*, M|
|poke|p2|Pawniard, F|
|rule|Sleep Clause Mod: Limit one foe put to sleep
|rule|Species Clause: Limit one of each Pokémon
|rule|OHKO Clause: OHKO moves are banned
|rule|Evasion Moves Clause: Evasion moves are banned
|rule|Endless Battle Clause: Forcing endless battles is banned
|rule|HP Percentage Mod: HP is shown in percentages
|rule|Dynamax Clause: You cannot dynamax
|teampreview
|l|☆zSpxdes
|player|p1|
|j| Horodro
|j|☆zSpxdes
|player|p1|zSpxdes|ethan
|c|☆zSpxdes|hf
|c|☆allstarapology|u2
|j| tlenit1
|
|start
|switch|p1a: Raichu|Raichu, F|100/100
|switch|p2a: fool|Crustle, M|100/100
|turn|1
|
|move|p1a: Raichu|Volt Switch|p2a: fool
|-damage|p2a: fool|69/100
|
|switch|p1a: Ludicolo|Ludicolo, F|100/100|[from]move: Volt Switch
|move|p2a: fool|Stealth Rock|p1a: Ludicolo
|-sidestart|p1: zSpxdes|move: Stealth Rock
|
|upkeep
|turn|2
|
|switch|p2a: lovers|Gourgeist, M|100/100
|-item|p1a: Ludicolo|Life Orb|[from] ability: Frisk|[of] p2a: lovers|[identify]
|move|p1a: Ludicolo|Hydro Pump|p2a: lovers
|-resisted|p2a: lovers
|-damage|p2a: lovers|47/100
|-damage|p1a: Ludicolo|91/100|[from] item: Life Orb
|
|upkeep
|turn|3
|
|switch|p2a: justice|Pawniard, F|100/100
|switch|p1a: Type: Null|Type: Null|100/100
|-damage|p1a: Type: Null|88/100|[from] Stealth Rock
|
|upkeep
|turn|4
|j| royesk
|j| SpacialRendevous
|j| Lambovino
|
|move|p2a: justice|Knock Off|p1a: Type: Null
|-damage|p1a: Type: Null|64/100
|-enditem|p1a: Type: Null|Eviolite|[from] move: Knock Off|[of] p2a: justice
|move|p1a: Type: Null|U-turn|p2a: justice
|-damage|p2a: justice|79/100
|
|switch|p1a: Raichu|Raichu, F|100/100|[from]move: U-turn
|-damage|p1a: Raichu|88/100|[from] Stealth Rock
|
|upkeep
|turn|5
|
|switch|p2a: fool|Crustle, M|69/100
|move|p1a: Raichu|Volt Switch|p2a: fool
|-damage|p2a: fool|36/100
|
|switch|p1a: Ludicolo|Ludicolo, F|91/100|[from]move: Volt Switch
|-damage|p1a: Ludicolo|78/100|[from] Stealth Rock
|
|upkeep
|turn|6
|
|move|p1a: Ludicolo|Giga Drain|p2a: fool
|-damage|p2a: fool|0 fnt
|-heal|p1a: Ludicolo|97/100|[from] drain|[of] p2a: fool
|-damage|p1a: Ludicolo|87/100|[from] item: Life Orb
|faint|p2a: fool
|
|upkeep
|j| HaxxSel
|
|switch|p2a: magician|Pikachu, F|100/100
|turn|7
|
|switch|p1a: Mawile|Mawile, F|100/100
|-damage|p1a: Mawile|94/100|[from] Stealth Rock
|-ability|p1a: Mawile|Intimidate|boost
|-unboost|p2a: magician|atk|1
|move|p2a: magician|Volt Switch|p1a: Mawile
|-damage|p1a: Mawile|48/100
|
|switch|p2a: judgement|Basculin, F|100/100|[from]move: Volt Switch
|
|upkeep
|turn|8
|
|move|p2a: judgement|Scald|p1a: Mawile
|-damage|p1a: Mawile|0 fnt
|faint|p1a: Mawile
|
|upkeep
|
|switch|p1a: Ludicolo|Ludicolo, F|87/100
|-damage|p1a: Ludicolo|75/100|[from] Stealth Rock
|turn|9
|
|switch|p2a: justice|Pawniard, F|79/100
|move|p1a: Ludicolo|Giga Drain|p2a: justice
|-resisted|p2a: justice
|-damage|p2a: justice|36/100
|-heal|p1a: Ludicolo|92/100|[from] drain|[of] p2a: justice
|-damage|p1a: Ludicolo|82/100|[from] item: Life Orb
|
|upkeep
|turn|10
|
|move|p2a: justice|Knock Off|p1a: Ludicolo
|-damage|p1a: Ludicolo|23/100
|-enditem|p1a: Ludicolo|Life Orb|[from] move: Knock Off|[of] p2a: justice
|move|p1a: Ludicolo|Giga Drain|p2a: justice
|-resisted|p2a: justice
|-damage|p2a: justice|4/100
|-heal|p1a: Ludicolo|35/100|[from] drain|[of] p2a: justice
|
|upkeep
|turn|11
|
|switch|p1a: Type: Null|Type: Null|64/100
|-damage|p1a: Type: Null|52/100|[from] Stealth Rock
|move|p2a: justice|Knock Off|p1a: Type: Null
|-damage|p1a: Type: Null|30/100
|
|upkeep
|turn|12
|
|move|p2a: justice|Taunt|p1a: Type: Null
|-start|p1a: Type: Null|move: Taunt
|move|p1a: Type: Null|U-turn|p2a: justice
|-damage|p2a: justice|0 fnt
|faint|p2a: justice
|
|switch|p1a: Raichu|Raichu, F|88/100|[from]move: U-turn
|-damage|p1a: Raichu|76/100|[from] Stealth Rock
|
|upkeep
|
|switch|p2a: magician|Pikachu, F|100/100
|turn|13
|
|switch|p1a: Type: Null|Type: Null|30/100
|-damage|p1a: Type: Null|18/100|[from] Stealth Rock
|move|p2a: magician|Fake Out|p1a: Type: Null
|-damage|p1a: Type: Null|3/100
|
|upkeep
|turn|14
|
|move|p2a: magician|Volt Switch|p1a: Type: Null
|-damage|p1a: Type: Null|0 fnt
|faint|p1a: Type: Null
|
|switch|p2a: lovers|Gourgeist, M|47/100|[from]move: Volt Switch
|
|upkeep
|
|switch|p1a: Mr. Rime|Mr. Rime, M|100/100
|turn|15
|
|move|p2a: lovers|Explosion|p1a: Mr. Rime
|-damage|p1a: Mr. Rime|10/100
|faint|p2a: lovers
|move|p1a: Mr. Rime|Freeze-Dry|p2: lovers|[notarget]
|-fail|p1a: Mr. Rime
|
|upkeep
|
|switch|p2a: high priestess|Gothitelle, F|100/100
|turn|16
|
|move|p2a: high priestess|Psychic|p1a: Mr. Rime
|-resisted|p1a: Mr. Rime
|-damage|p1a: Mr. Rime|0 fnt
|faint|p1a: Mr. Rime
|
|upkeep
|j| Pablochu
|
|switch|p1a: Raichu|Raichu, F|76/100
|-damage|p1a: Raichu|64/100|[from] Stealth Rock
|turn|17
|
|move|p1a: Raichu|Volt Switch|p2a: high priestess
|-damage|p2a: high priestess|71/100
|
|switch|p1a: Mareanie|Mareanie, F|100/100|[from]move: Volt Switch
|-damage|p1a: Mareanie|88/100|[from] Stealth Rock
|move|p2a: high priestess|Psychic|p1a: Mareanie
|-supereffective|p1a: Mareanie
|-damage|p1a: Mareanie|0 fnt
|faint|p1a: Mareanie
|
|upkeep
|
|switch|p1a: Raichu|Raichu, F|64/100
|-damage|p1a: Raichu|51/100|[from] Stealth Rock
|turn|18
|
|switch|p2a: judgement|Basculin, F|100/100
|move|p1a: Raichu|Knock Off|p2a: judgement
|-damage|p2a: judgement|70/100
|-enditem|p2a: judgement|Choice Specs|[from] move: Knock Off|[of] p1a: Raichu
|
|upkeep
|turn|19
|
|move|p1a: Raichu|Knock Off|p2a: judgement
|-damage|p2a: judgement|47/100
|move|p2a: judgement|Ice Beam|p1a: Raichu
|-crit|p1a: Raichu
|-damage|p1a: Raichu|1/100
|
|upkeep
|turn|20
|
|move|p1a: Raichu|Knock Off|p2a: judgement
|-damage|p2a: judgement|25/100
|move|p2a: judgement|Ice Beam|p1a: Raichu
|-damage|p1a: Raichu|0 fnt
|faint|p1a: Raichu
|
|upkeep
|
|switch|p1a: Ludicolo|Ludicolo, F|35/100
|-damage|p1a: Ludicolo|22/100|[from] Stealth Rock
|turn|21
|
|move|p2a: judgement|Ice Beam|p1a: Ludicolo
|-damage|p1a: Ludicolo|0 fnt
|faint|p1a: Ludicolo
|
|win|allstarapology
|c|☆zSpxdes|ggs
|c|☆allstarapology|ggs
