|j|☆275p
|j|☆PlusC1028483
|t:|1665338811
|gametype|singles
|player|p1|275p|alder|1196
|player|p2|PlusC1028483|265|1304
|teamsize|p1|6
|teamsize|p2|6
|gen|8
|tier|[Gen 8] PU
|rated|
|rule|Sleep Clause Mod: Limit one foe put to sleep
|rule|Species Clause: Limit one of each Pokémon
|rule|OHKO Clause: OHKO moves are banned
|rule|Evasion Items Clause: Evasion items are banned
|rule|Evasion Moves Clause: Evasion moves are banned
|rule|Endless Battle Clause: Forcing endless battles is banned
|rule|HP Percentage Mod: HP is shown in percentages
|rule|Dynamax Clause: You cannot dynamax
|clearpoke
|poke|p1|Eldegoss, F|
|poke|p1|Charizard, F|
|poke|p1|Garbodor, M|
|poke|p1|Gigalith, M|
|poke|p1|Sandslash, F|
|poke|p1|Silvally-*|
|poke|p2|Weezing, F|
|poke|p2|Magneton|
|poke|p2|Silvally-*|
|poke|p2|Gigalith, M|
|poke|p2|Hitmonlee, M|
|poke|p2|Flapple, M|
|teampreview
|
|t:|1665338830
|start
|switch|p1a: Gigalith|Gigalith, M|100/100
|switch|p2a: Flapple|Flapple, M|100/100
|-weather|Sandstorm|[from] ability: Sand Stream|[of] p1a: Gigalith
|turn|1
|
|t:|1665338836
|switch|p1a: Garbodor|Garbodor, M|100/100
|move|p2a: Flapple|Grav Apple|p1a: Garbodor
|-resisted|p1a: Garbodor
|-damage|p1a: Garbodor|67/100
|-unboost|p1a: Garbodor|def|1
|-damage|p2a: Flapple|91/100|[from] item: Life Orb
|
|-weather|Sandstorm|[upkeep]
|-damage|p2a: Flapple|84/100|[from] Sandstorm
|-damage|p1a: Garbodor|61/100|[from] Sandstorm
|upkeep
|turn|2
|
|t:|1665338845
|switch|p1a: Silvally|Silvally-Fairy|100/100
|move|p2a: Flapple|U-turn|p1a: Silvally
|-resisted|p1a: Silvally
|-damage|p1a: Silvally|77/100
|-damage|p2a: Flapple|75/100|[from] item: Life Orb
|
|t:|1665338848
|switch|p2a: Magneton|Magneton|100/100|[from]move: U-turn
|
|-weather|Sandstorm|[upkeep]
|-damage|p1a: Silvally|71/100|[from] Sandstorm
|upkeep
|turn|3
|
|t:|1665338859
|switch|p1a: Charizard|Charizard, F|100/100
|move|p2a: Magneton|Flash Cannon|p1a: Charizard
|-resisted|p1a: Charizard
|-damage|p1a: Charizard|62/100
|
|-weather|Sandstorm|[upkeep]
|-damage|p1a: Charizard|56/100|[from] Sandstorm
|upkeep
|turn|4
|
|t:|1665338865
|switch|p2a: Gigalith|Gigalith, M|100/100
|move|p1a: Charizard|Fire Blast|p2a: Gigalith
|-resisted|p2a: Gigalith
|-damage|p2a: Gigalith|88/100
|
|-weather|Sandstorm|[upkeep]
|-damage|p1a: Charizard|50/100|[from] Sandstorm
|-heal|p2a: Gigalith|94/100|[from] item: Leftovers
|upkeep
|turn|5
|
|t:|1665338870
|switch|p1a: Sandslash|Sandslash, F|100/100
|move|p2a: Gigalith|Stealth Rock|p1a: Sandslash
|-sidestart|p1: 275p|move: Stealth Rock
|
|-weather|none
|-heal|p2a: Gigalith|99/100|[from] item: Leftovers
|upkeep
|turn|6
|
|t:|1665338876
|switch|p2a: Silvally|Silvally-Fairy|100/100
|move|p1a: Sandslash|Knock Off|p2a: Silvally
|-resisted|p2a: Silvally
|-damage|p2a: Silvally|90/100
|-damage|p1a: Sandslash|91/100|[from] item: Life Orb
|
|upkeep
|turn|7
|
|t:|1665338882
|switch|p1a: Gigalith|Gigalith, M|100/100
|-damage|p1a: Gigalith|88/100|[from] Stealth Rock
|-weather|Sandstorm|[from] ability: Sand Stream|[of] p1a: Gigalith
|move|p2a: Silvally|Parting Shot|p1a: Gigalith
|-unboost|p1a: Gigalith|atk|1
|-unboost|p1a: Gigalith|spa|1
|
|t:|1665338885
|switch|p2a: Flapple|Flapple, M|75/100|[from]move: Parting Shot
|
|-weather|Sandstorm|[upkeep]
|-damage|p2a: Flapple|68/100|[from] Sandstorm
|-heal|p1a: Gigalith|94/100|[from] item: Leftovers
|upkeep
|turn|8
|
|t:|1665338900
|switch|p1a: Charizard|Charizard, F|50/100
|move|p2a: Flapple|Grav Apple|p1a: Charizard
|-resisted|p1a: Charizard
|-damage|p1a: Charizard|19/100
|-unboost|p1a: Charizard|def|1
|-damage|p2a: Flapple|59/100|[from] item: Life Orb
|
|-weather|Sandstorm|[upkeep]
|-damage|p1a: Charizard|13/100|[from] Sandstorm
|-damage|p2a: Flapple|52/100|[from] Sandstorm
|upkeep
|turn|9
|
|t:|1665338909
|move|p2a: Flapple|Sucker Punch||[still]
|-fail|p2a: Flapple
|move|p1a: Charizard|Roost|p1a: Charizard
|-heal|p1a: Charizard|63/100
|-singleturn|p1a: Charizard|move: Roost
|
|-weather|Sandstorm|[upkeep]
|-damage|p1a: Charizard|57/100|[from] Sandstorm
|-damage|p2a: Flapple|46/100|[from] Sandstorm
|upkeep
|turn|10
|
|t:|1665338913
|switch|p2a: Gigalith|Gigalith, M|99/100
|move|p1a: Charizard|Roost|p1a: Charizard
|-heal|p1a: Charizard|100/100
|-singleturn|p1a: Charizard|move: Roost
|
|-weather|Sandstorm|[upkeep]
|-damage|p1a: Charizard|94/100|[from] Sandstorm
|-heal|p2a: Gigalith|100/100|[from] item: Leftovers
|upkeep
|turn|11
|
|t:|1665338919
|switch|p1a: Gigalith|Gigalith, M|94/100
|-damage|p1a: Gigalith|82/100|[from] Stealth Rock
|move|p2a: Gigalith|Toxic|p1a: Gigalith
|-status|p1a: Gigalith|tox
|
|-weather|none
|-heal|p1a: Gigalith|88/100 tox|[from] item: Leftovers
|-damage|p1a: Gigalith|82/100 tox|[from] psn
|upkeep
|turn|12
|l|☆275p
|player|p1|
|j|☆275p
|player|p1|275p|alder
|
|t:|1665338951
|switch|p2a: Hitmonlee|Hitmonlee, M|100/100
|move|p1a: Gigalith|Stealth Rock|p2a: Hitmonlee
|-sidestart|p2: PlusC1028483|move: Stealth Rock
|
|-heal|p1a: Gigalith|88/100 tox|[from] item: Leftovers
|-damage|p1a: Gigalith|76/100 tox|[from] psn
|upkeep
|turn|13
|
|t:|1665338959
|switch|p1a: Charizard|Charizard, F|94/100
|move|p2a: Hitmonlee|Knock Off|p1a: Charizard
|-damage|p1a: Charizard|46/100
|-enditem|p1a: Charizard|Heavy-Duty Boots|[from] move: Knock Off|[of] p2a: Hitmonlee
|
|upkeep
|turn|14
|
|t:|1665338965
|switch|p2a: Gigalith|Gigalith, M|100/100
|-damage|p2a: Gigalith|88/100|[from] Stealth Rock
|-weather|Sandstorm|[from] ability: Sand Stream|[of] p2a: Gigalith
|move|p1a: Charizard|Hurricane|p2a: Gigalith|[miss]
|-miss|p1a: Charizard|p2a: Gigalith
|
|-weather|Sandstorm|[upkeep]
|-damage|p1a: Charizard|40/100|[from] Sandstorm
|-heal|p2a: Gigalith|94/100|[from] item: Leftovers
|upkeep
|turn|15
|
|t:|1665338971
|switch|p1a: Eldegoss|Eldegoss, F|100/100
|move|p2a: Gigalith|Rock Blast|p1a: Eldegoss
|-damage|p1a: Eldegoss|88/100
|-damage|p1a: Eldegoss|75/100
|-damage|p1a: Eldegoss|62/100
|-damage|p1a: Eldegoss|49/100
|-hitcount|p1a: Eldegoss|4
|
|-weather|Sandstorm|[upkeep]
|-damage|p1a: Eldegoss|43/100|[from] Sandstorm
|-heal|p2a: Gigalith|100/100|[from] item: Leftovers
|upkeep
|turn|16
|
|t:|1665338977
|move|p1a: Eldegoss|Rapid Spin|p2a: Gigalith
|-resisted|p2a: Gigalith
|-damage|p2a: Gigalith|98/100
|-boost|p1a: Eldegoss|spe|1
|-sideend|p1: 275p|Stealth Rock|[from] move: Rapid Spin|[of] p1a: Eldegoss
|move|p2a: Gigalith|Rock Blast|p1a: Eldegoss
|-damage|p1a: Eldegoss|30/100
|-damage|p1a: Eldegoss|18/100
|-hitcount|p1a: Eldegoss|2
|
|-weather|Sandstorm|[upkeep]
|-damage|p1a: Eldegoss|12/100|[from] Sandstorm
|-heal|p2a: Gigalith|100/100|[from] item: Leftovers
|upkeep
|turn|17
|
|t:|1665338984
|switch|p2a: Weezing|Weezing, F|100/100
|-ability|p2a: Weezing|Neutralizing Gas
|-damage|p2a: Weezing|88/100|[from] Stealth Rock
|move|p1a: Eldegoss|Sleep Powder|p2a: Weezing
|-status|p2a: Weezing|slp|[from] move: Sleep Powder
|
|-weather|Sandstorm|[upkeep]
|-damage|p1a: Eldegoss|6/100|[from] Sandstorm
|-damage|p2a: Weezing|82/100 slp|[from] Sandstorm
|upkeep
|turn|18
|
|t:|1665338991
|switch|p1a: Charizard|Charizard, F|40/100
|cant|p2a: Weezing|slp
|
|-weather|none
|upkeep
|turn|19
|j| la petite gaterie
|l| la petite gaterie
|
|t:|1665338997
|-end|p2a: Weezing|ability: Neutralizing Gas
|switch|p2a: Gigalith|Gigalith, M|100/100
|-damage|p2a: Gigalith|88/100|[from] Stealth Rock
|-weather|Sandstorm|[from] ability: Sand Stream|[of] p2a: Gigalith
|move|p1a: Charizard|Fire Blast|p2a: Gigalith
|-resisted|p2a: Gigalith
|-damage|p2a: Gigalith|76/100
|
|-weather|Sandstorm|[upkeep]
|-damage|p1a: Charizard|34/100|[from] Sandstorm
|-heal|p2a: Gigalith|82/100|[from] item: Leftovers
|upkeep
|turn|20
|
|t:|1665339005
|switch|p1a: Eldegoss|Eldegoss, F|6/100
|move|p2a: Gigalith|Stealth Rock|p1a: Eldegoss
|-sidestart|p1: 275p|move: Stealth Rock
|
|-weather|Sandstorm|[upkeep]
|-damage|p1a: Eldegoss|0 fnt|[from] Sandstorm
|faint|p1a: Eldegoss
|-heal|p2a: Gigalith|88/100|[from] item: Leftovers
|upkeep
|
|t:|1665339011
|switch|p1a: Sandslash|Sandslash, F|91/100
|-damage|p1a: Sandslash|84/100|[from] Stealth Rock
|turn|21
|
|t:|1665339017
|switch|p2a: Silvally|Silvally-Fairy|90/100
|-damage|p2a: Silvally|78/100|[from] Stealth Rock
|move|p1a: Sandslash|Earthquake|p2a: Silvally
|-crit|p2a: Silvally
|-damage|p2a: Silvally|8/100
|-damage|p1a: Sandslash|74/100|[from] item: Life Orb
|
|-weather|Sandstorm|[upkeep]
|-damage|p2a: Silvally|2/100|[from] Sandstorm
|upkeep
|turn|22
|
|t:|1665339021
|move|p1a: Sandslash|Earthquake|p2a: Silvally
|-damage|p2a: Silvally|0 fnt
|faint|p2a: Silvally
|-damage|p1a: Sandslash|64/100|[from] item: Life Orb
|
|-weather|Sandstorm|[upkeep]
|upkeep
|
|t:|1665339036
|switch|p2a: Weezing|Weezing, F|82/100 slp
|-ability|p2a: Weezing|Neutralizing Gas
|-damage|p2a: Weezing|70/100 slp|[from] Stealth Rock
|turn|23
|
|t:|1665339053
|-end|p2a: Weezing|ability: Neutralizing Gas
|switch|p2a: Flapple|Flapple, M|46/100
|-damage|p2a: Flapple|34/100|[from] Stealth Rock
|move|p1a: Sandslash|Earthquake|p2a: Flapple
|-resisted|p2a: Flapple
|-damage|p2a: Flapple|0 fnt
|faint|p2a: Flapple
|-damage|p1a: Sandslash|54/100|[from] item: Life Orb
|
|-weather|none
|upkeep
|
|t:|1665339056
|switch|p2a: Hitmonlee|Hitmonlee, M|100/100
|-damage|p2a: Hitmonlee|94/100|[from] Stealth Rock
|turn|24
|
|t:|1665339066
|switch|p1a: Gigalith|Gigalith, M|76/100 tox
|-damage|p1a: Gigalith|64/100 tox|[from] Stealth Rock
|-weather|Sandstorm|[from] ability: Sand Stream|[of] p1a: Gigalith
|move|p2a: Hitmonlee|High Jump Kick|p1a: Gigalith
|-supereffective|p1a: Gigalith
|-damage|p1a: Gigalith|0 fnt
|faint|p1a: Gigalith
|
|-weather|Sandstorm|[upkeep]
|-damage|p2a: Hitmonlee|88/100|[from] Sandstorm
|upkeep
|
|t:|1665339072
|switch|p1a: Sandslash|Sandslash, F|54/100
|-damage|p1a: Sandslash|48/100|[from] Stealth Rock
|turn|25
|
|t:|1665339076
|move|p1a: Sandslash|Earthquake|p2a: Hitmonlee
|-damage|p2a: Hitmonlee|0 fnt
|faint|p2a: Hitmonlee
|-damage|p1a: Sandslash|38/100|[from] item: Life Orb
|
|-weather|Sandstorm|[upkeep]
|upkeep
|
|t:|1665339081
|switch|p2a: Gigalith|Gigalith, M|88/100
|-damage|p2a: Gigalith|76/100|[from] Stealth Rock
|turn|26
|
|t:|1665339086
|move|p2a: Gigalith|Protect|p2a: Gigalith
|-singleturn|p2a: Gigalith|Protect
|move|p1a: Sandslash|Earthquake|p2a: Gigalith
|-activate|p2a: Gigalith|move: Protect
|
|-weather|Sandstorm|[upkeep]
|-heal|p2a: Gigalith|82/100|[from] item: Leftovers
|upkeep
|turn|27
|
|t:|1665339099
|move|p1a: Sandslash|Earthquake|p2a: Gigalith
|-supereffective|p2a: Gigalith
|-damage|p2a: Gigalith|0 fnt
|faint|p2a: Gigalith
|-damage|p1a: Sandslash|28/100|[from] item: Life Orb
|
|-weather|Sandstorm|[upkeep]
|upkeep
|
|t:|1665339103
|switch|p2a: Weezing|Weezing, F|70/100 slp
|-ability|p2a: Weezing|Neutralizing Gas
|-damage|p2a: Weezing|58/100 slp|[from] Stealth Rock
|turn|28
|
|t:|1665339112
|move|p1a: Sandslash|Earthquake|p2a: Weezing
|-supereffective|p2a: Weezing
|-damage|p2a: Weezing|0 fnt
|faint|p2a: Weezing
|-end|p2a: Weezing|ability: Neutralizing Gas
|-damage|p1a: Sandslash|18/100|[from] item: Life Orb
|
|-weather|none
|upkeep
|
|t:|1665339114
|switch|p2a: Magneton|Magneton|100/100
|-damage|p2a: Magneton|94/100|[from] Stealth Rock
|turn|29
|
|t:|1665339116
|move|p1a: Sandslash|Earthquake|p2a: Magneton
|-supereffective|p2a: Magneton
|-damage|p2a: Magneton|0 fnt
|faint|p2a: Magneton
|-damage|p1a: Sandslash|8/100|[from] item: Life Orb
|
|win|275p
|raw|275p's rating: 1196 &rarr; <strong>1229</strong><br />(+33 for winning)
|raw|PlusC1028483's rating: 1304 &rarr; <strong>1278</strong><br />(-26 for losing)
|l|☆PlusC1028483
|c|☆275p|gg
