|j|☆Mattatat
|j|☆AwesomePU
|t:|1655176739
|gametype|singles
|player|p1|Mattatat|dragontamer|1275
|player|p2|AwesomePU|brycenman|1273
|teamsize|p1|6
|teamsize|p2|6
|gen|8
|tier|[Gen 8] PU
|rated|
|rule|Sleep Clause Mod: Limit one foe put to sleep
|rule|Species Clause: Limit one of each Pokémon
|rule|OHKO Clause: OHKO moves are banned
|rule|Evasion Moves Clause: Evasion moves are banned
|rule|Endless Battle Clause: Forcing endless battles is banned
|rule|HP Percentage Mod: HP is shown in percentages
|rule|Dynamax Clause: You cannot dynamax
|clearpoke
|poke|p1|Quagsire, F|
|poke|p1|Sandaconda, F|
|poke|p1|Exeggutor, F|
|poke|p1|Perrserker, M|
|poke|p1|Golbat, M|
|poke|p1|Munchlax, M|
|poke|p2|Cradily, F|
|poke|p2|Aromatisse, F|
|poke|p2|Pinsir, M|
|poke|p2|Claydol|
|poke|p2|Lanturn, M|
|poke|p2|Absol, M|
|teampreview
|inactive|Battle timer is ON: inactive players will automatically lose when time's up. (requested by AwesomePU)
|
|t:|1655176755
|start
|switch|p1a: Exeggutor|Exeggutor, F|100/100
|switch|p2a: Fish God|Lanturn, M|100/100
|turn|1
|
|t:|1655176765
|move|p2a: Fish God|Ice Beam|p1a: Exeggutor
|-supereffective|p1a: Exeggutor
|-damage|p1a: Exeggutor|40/100
|move|p1a: Exeggutor|Leaf Storm|p2a: Fish God
|-supereffective|p2a: Fish God
|-crit|p2a: Fish God
|-damage|p2a: Fish God|0 fnt
|-unboost|p1a: Exeggutor|spa|2
|faint|p2a: Fish God
|
|upkeep
|
|t:|1655176770
|switch|p2a: Pincer|Pinsir, M|100/100
|turn|2
|
|t:|1655176774
|switch|p1a: Quagsire|Quagsire, F|100/100
|move|p2a: Pincer|Knock Off|p1a: Quagsire
|-damage|p1a: Quagsire|76/100
|-enditem|p1a: Quagsire|Leftovers|[from] move: Knock Off|[of] p2a: Pincer
|
|upkeep
|turn|3
|
|t:|1655176782
|switch|p2a: Baedilly|Cradily, F|100/100
|move|p1a: Quagsire|Toxic|p2a: Baedilly
|-status|p2a: Baedilly|tox
|
|-damage|p2a: Baedilly|94/100 tox|[from] psn
|upkeep
|turn|4
|
|t:|1655176794
|switch|p1a: Waffles|Perrserker, M|100/100
|move|p2a: Baedilly|Stealth Rock|p1a: Waffles
|-sidestart|p1: Mattatat|move: Stealth Rock
|
|-heal|p2a: Baedilly|100/100 tox|[from] item: Leftovers
|-damage|p2a: Baedilly|88/100 tox|[from] psn
|upkeep
|turn|5
|
|t:|1655176803
|switch|p2a: Daru|Claydol|100/100
|move|p1a: Waffles|Iron Head|p2a: Daru
|-damage|p2a: Daru|14/100
|
|upkeep
|turn|6
|
|t:|1655176813
|move|p1a: Waffles|Iron Head|p2a: Daru
|-damage|p2a: Daru|0 fnt
|faint|p2a: Daru
|
|upkeep
|
|t:|1655176823
|switch|p2a: Pincer|Pinsir, M|100/100
|turn|7
|
|t:|1655176834
|switch|p1a: Golbat|Golbat, M|100/100
|-damage|p1a: Golbat|76/100|[from] Stealth Rock
|move|p2a: Pincer|Close Combat|p1a: Golbat
|-resisted|p1a: Golbat
|-damage|p1a: Golbat|69/100
|-unboost|p2a: Pincer|def|1
|-unboost|p2a: Pincer|spd|1
|
|upkeep
|turn|8
|
|t:|1655176845
|switch|p2a: Baedilly|Cradily, F|88/100 tox
|move|p1a: Golbat|Toxic|p2a: Baedilly
|-fail|p2a: Baedilly|tox
|
|-heal|p2a: Baedilly|94/100 tox|[from] item: Leftovers
|-damage|p2a: Baedilly|88/100 tox|[from] psn
|upkeep
|turn|9
|
|t:|1655176859
|switch|p1a: Waffles|Perrserker, M|100/100
|-damage|p1a: Waffles|94/100|[from] Stealth Rock
|move|p2a: Baedilly|Rock Slide|p1a: Waffles
|-resisted|p1a: Waffles
|-damage|p1a: Waffles|80/100
|
|-heal|p2a: Baedilly|94/100 tox|[from] item: Leftovers
|-damage|p2a: Baedilly|82/100 tox|[from] psn
|upkeep
|turn|10
|
|t:|1655176866
|switch|p2a: Princess|Aromatisse, F|100/100
|move|p1a: Waffles|Iron Head|p2a: Princess
|-supereffective|p2a: Princess
|-damage|p2a: Princess|0 fnt
|faint|p2a: Princess
|
|upkeep
|
|t:|1655176873
|switch|p2a: Reaper|Absol, M|100/100
|turn|11
|
|t:|1655176880
|switch|p1a: Quagsire|Quagsire, F|76/100
|-damage|p1a: Quagsire|70/100|[from] Stealth Rock
|move|p2a: Reaper|Knock Off|p1a: Quagsire
|-damage|p1a: Quagsire|40/100
|-damage|p2a: Reaper|91/100|[from] item: Life Orb
|
|upkeep
|turn|12
|
|t:|1655176886
|move|p2a: Reaper|Close Combat|p1a: Quagsire
|-damage|p1a: Quagsire|1/100
|-unboost|p2a: Reaper|def|1
|-unboost|p2a: Reaper|spd|1
|-damage|p2a: Reaper|81/100|[from] item: Life Orb
|move|p1a: Quagsire|Scald|p2a: Reaper
|-damage|p2a: Reaper|50/100
|
|upkeep
|turn|13
|
|t:|1655176895
|move|p2a: Reaper|Knock Off|p1a: Quagsire
|-damage|p1a: Quagsire|0 fnt
|faint|p1a: Quagsire
|-damage|p2a: Reaper|40/100|[from] item: Life Orb
|
|upkeep
|
|t:|1655176903
|switch|p1a: Sandaconda|Sandaconda, F|100/100
|-damage|p1a: Sandaconda|94/100|[from] Stealth Rock
|turn|14
|
|t:|1655176907
|switch|p2a: Baedilly|Cradily, F|82/100 tox
|move|p1a: Sandaconda|Earthquake|p2a: Baedilly
|-damage|p2a: Baedilly|37/100 tox
|
|-heal|p2a: Baedilly|43/100 tox|[from] item: Leftovers
|-damage|p2a: Baedilly|37/100 tox|[from] psn
|upkeep
|turn|15
|
|t:|1655176919
|move|p1a: Sandaconda|Stealth Rock|p2a: Baedilly
|-sidestart|p2: AwesomePU|move: Stealth Rock
|move|p2a: Baedilly|Giga Drain|p1a: Sandaconda
|-supereffective|p1a: Sandaconda
|-damage|p1a: Sandaconda|39/100
|-heal|p2a: Baedilly|62/100 tox|[from] drain|[of] p1a: Sandaconda
|
|-heal|p2a: Baedilly|68/100 tox|[from] item: Leftovers
|-damage|p2a: Baedilly|56/100 tox|[from] psn
|upkeep
|turn|16
|
|t:|1655176928
|switch|p1a: Ohwhale|Munchlax, M, shiny|100/100
|-damage|p1a: Ohwhale|88/100|[from] Stealth Rock
|move|p2a: Baedilly|Giga Drain|p1a: Ohwhale
|-damage|p1a: Ohwhale|79/100
|-heal|p2a: Baedilly|62/100 tox|[from] drain|[of] p1a: Ohwhale
|
|-heal|p2a: Baedilly|68/100 tox|[from] item: Leftovers
|-damage|p2a: Baedilly|50/100 tox|[from] psn
|upkeep
|turn|17
|
|t:|1655176932
|switch|p2a: Reaper|Absol, M|40/100
|-damage|p2a: Reaper|28/100|[from] Stealth Rock
|move|p1a: Ohwhale|Body Slam|p2a: Reaper
|-damage|p2a: Reaper|0 fnt
|faint|p2a: Reaper
|
|upkeep
|
|t:|1655176934
|switch|p2a: Pincer|Pinsir, M|100/100
|-damage|p2a: Pincer|76/100|[from] Stealth Rock
|turn|18
|
|t:|1655176940
|switch|p1a: Sandaconda|Sandaconda, F|39/100
|-damage|p1a: Sandaconda|33/100|[from] Stealth Rock
|move|p2a: Pincer|Knock Off|p1a: Sandaconda
|-damage|p1a: Sandaconda|8/100
|-damage|p2a: Pincer|59/100|[from] item: Rocky Helmet|[of] p1a: Sandaconda
|-enditem|p1a: Sandaconda|Rocky Helmet|[from] move: Knock Off|[of] p2a: Pincer
|
|upkeep
|turn|19
|
|t:|1655176947
|move|p2a: Pincer|Knock Off|p1a: Sandaconda
|-damage|p1a: Sandaconda|0 fnt
|faint|p1a: Sandaconda
|-ability|p2a: Pincer|Moxie|boost
|-boost|p2a: Pincer|atk|1
|
|upkeep
|
|t:|1655176952
|switch|p1a: Golbat|Golbat, M|69/100
|-damage|p1a: Golbat|45/100|[from] Stealth Rock
|turn|20
|
|t:|1655176956
|move|p2a: Pincer|Knock Off|p1a: Golbat
|-damage|p1a: Golbat|16/100
|-enditem|p1a: Golbat|Eviolite|[from] move: Knock Off|[of] p2a: Pincer
|move|p1a: Golbat|Roost|p1a: Golbat
|-heal|p1a: Golbat|66/100
|-singleturn|p1a: Golbat|move: Roost
|
|upkeep
|turn|21
|
|t:|1655176965
|move|p2a: Pincer|Knock Off|p1a: Golbat
|-damage|p1a: Golbat|40/100
|move|p1a: Golbat|Whirlwind|p2a: Pincer
|drag|p2a: Baedilly|Cradily, F|50/100 tox
|-damage|p2a: Baedilly|37/100 tox|[from] Stealth Rock
|
|-heal|p2a: Baedilly|43/100 tox|[from] item: Leftovers
|-damage|p2a: Baedilly|37/100 tox|[from] psn
|upkeep
|turn|22
|
|t:|1655176975
|move|p1a: Golbat|Roost|p1a: Golbat
|-heal|p1a: Golbat|90/100
|-singleturn|p1a: Golbat|move: Roost
|move|p2a: Baedilly|Recover|p2a: Baedilly
|-heal|p2a: Baedilly|87/100 tox
|
|-heal|p2a: Baedilly|93/100 tox|[from] item: Leftovers
|-damage|p2a: Baedilly|81/100 tox|[from] psn
|upkeep
|turn|23
|
|t:|1655176982
|move|p1a: Golbat|Taunt|p2a: Baedilly
|-start|p2a: Baedilly|move: Taunt
|move|p2a: Baedilly|Rock Slide|p1a: Golbat
|-supereffective|p1a: Golbat
|-damage|p1a: Golbat|54/100
|
|-heal|p2a: Baedilly|87/100 tox|[from] item: Leftovers
|-damage|p2a: Baedilly|69/100 tox|[from] psn
|upkeep
|turn|24
|
|t:|1655176991
|switch|p2a: Pincer|Pinsir, M|59/100
|-damage|p2a: Pincer|34/100|[from] Stealth Rock
|move|p1a: Golbat|Roost|p1a: Golbat
|-heal|p1a: Golbat|100/100
|-singleturn|p1a: Golbat|move: Roost
|
|upkeep
|turn|25
|
|t:|1655176997
|move|p2a: Pincer|Knock Off|p1a: Golbat
|-damage|p1a: Golbat|81/100
|move|p1a: Golbat|Toxic|p2a: Pincer
|-status|p2a: Pincer|tox
|
|-damage|p2a: Pincer|29/100 tox|[from] psn
|upkeep
|turn|26
|
|t:|1655177004
|move|p2a: Pincer|Knock Off|p1a: Golbat
|-damage|p1a: Golbat|63/100
|move|p1a: Golbat|Whirlwind|p2a: Pincer
|drag|p2a: Baedilly|Cradily, F|69/100 tox
|-damage|p2a: Baedilly|56/100 tox|[from] Stealth Rock
|
|-heal|p2a: Baedilly|62/100 tox|[from] item: Leftovers
|-damage|p2a: Baedilly|56/100 tox|[from] psn
|upkeep
|turn|27
|
|t:|1655177010
|move|p1a: Golbat|Taunt|p2a: Baedilly
|-start|p2a: Baedilly|move: Taunt
|cant|p2a: Baedilly|move: Taunt|Recover
|
|-heal|p2a: Baedilly|62/100 tox|[from] item: Leftovers
|-damage|p2a: Baedilly|50/100 tox|[from] psn
|upkeep
|turn|28
|-message|AwesomePU forfeited.
|
|win|Mattatat
|raw|Mattatat's rating: 1275 &rarr; <strong>1300</strong><br />(+25 for winning)
|raw|AwesomePU's rating: 1273 &rarr; <strong>1248</strong><br />(-25 for losing)
|l|☆AwesomePU
