|j|☆Karrakarra
|j|☆Boyca
|t:|1620851064
|gametype|singles
|player|p1|Karrakarra|saturn|
|player|p2|Boyca|265|
|teamsize|p1|6
|teamsize|p2|6
|gen|8
|tier|[Gen 8] PU
|rated|Tournament battle
|rule|Sleep Clause Mod: Limit one foe put to sleep
|rule|Species Clause: Limit one of each Pokémon
|rule|OHKO Clause: OHKO moves are banned
|rule|Evasion Moves Clause: Evasion moves are banned
|rule|Endless Battle Clause: Forcing endless battles is banned
|rule|HP Percentage Mod: HP is shown in percentages
|rule|Dynamax Clause: You cannot dynamax
|clearpoke
|poke|p1|Rotom|
|poke|p1|Garbodor, F|
|poke|p1|Orbeetle, F|
|poke|p1|Ditto|
|poke|p1|Liepard, F|
|poke|p1|Lycanroc-Midnight, M|
|poke|p2|Toxicroak, F|
|poke|p2|Exeggutor-Alola, F|
|poke|p2|Heliolisk, F|
|poke|p2|Aromatisse, M|
|poke|p2|Whimsicott, F|
|poke|p2|Togedemaru, F|
|teampreview
|c|☆Boyca|gl!
|
|t:|1620851072
|start
|switch|p1a: Orbeetle|Orbeetle, F|100/100
|switch|p2a: Heliolisk|Heliolisk, F|100/100
|-item|p2a: Heliolisk|Heavy-Duty Boots|[from] ability: Frisk|[of] p1a: Orbeetle|[identify]
|turn|1
|
|t:|1620851090
|move|p2a: Heliolisk|Glare|p1a: Orbeetle
|-status|p1a: Orbeetle|par
|move|p1a: Orbeetle|Mirror Coat||[still]
|-fail|p1a: Orbeetle
|
|upkeep
|turn|2
|
|t:|1620851099
|move|p2a: Heliolisk|Volt Switch|p1a: Orbeetle
|-damage|p1a: Orbeetle|79/100 par
|
|t:|1620851109
|switch|p2a: Aromatisse|Aromatisse, M|100/100|[from]move: Volt Switch
|move|p1a: Orbeetle|Sticky Web|p2a: Aromatisse
|-sidestart|p2: Boyca|move: Sticky Web
|
|upkeep
|turn|3
|inactive|Battle timer is ON: inactive players will automatically lose when time's up. (requested by Karrakarra)
|
|t:|1620851155
|move|p1a: Orbeetle|U-turn|p2a: Aromatisse
|-resisted|p2a: Aromatisse
|-damage|p2a: Aromatisse|95/100
|
|t:|1620851161
|switch|p1a: Garbodor|Garbodor, F|100/100|[from]move: U-turn
|move|p2a: Aromatisse|Moonblast|p1a: Garbodor
|-resisted|p1a: Garbodor
|-damage|p1a: Garbodor|83/100
|-unboost|p1a: Garbodor|spa|1
|
|-heal|p2a: Aromatisse|100/100|[from] item: Leftovers
|upkeep
|turn|4
|
|t:|1620851178
|switch|p2a: Heliolisk|Heliolisk, F|100/100
|move|p1a: Garbodor|Gunk Shot|p2a: Heliolisk
|-damage|p2a: Heliolisk|13/100
|
|upkeep
|turn|5
|
|t:|1620851185
|switch|p1a: Rotom|Rotom|100/100
|move|p2a: Heliolisk|Volt Switch|p1a: Rotom
|-resisted|p1a: Rotom
|-damage|p1a: Rotom|84/100
|
|t:|1620851204
|switch|p2a: Whimsicott|Whimsicott, F|100/100|[from]move: Volt Switch
|
|upkeep
|turn|6
|
|t:|1620851207
|move|p2a: Whimsicott|Defog|p1a: Rotom
|-unboost|p1a: Rotom|evasion|1
|-sideend|p2: Boyca|Sticky Web|[from] move: Defog|[of] p2a: Whimsicott
|move|p1a: Rotom|Will-O-Wisp|p2a: Whimsicott|[miss]
|-miss|p1a: Rotom|p2a: Whimsicott
|
|upkeep
|turn|7
|
|t:|1620851212
|move|p2a: Whimsicott|Moonblast|p1a: Rotom
|-damage|p1a: Rotom|60/100
|-unboost|p1a: Rotom|spa|1
|move|p1a: Rotom|Will-O-Wisp|p2a: Whimsicott
|-status|p2a: Whimsicott|brn
|
|-damage|p2a: Whimsicott|94/100 brn|[from] brn
|upkeep
|turn|8
|inactive|Boyca has 120 seconds left.
|
|t:|1620851247
|move|p2a: Whimsicott|Moonblast|p1a: Rotom
|-damage|p1a: Rotom|32/100
|move|p1a: Rotom|Volt Switch|p2a: Whimsicott
|-resisted|p2a: Whimsicott
|-damage|p2a: Whimsicott|84/100 brn
|
|t:|1620851256
|switch|p1a: Garbodor|Garbodor, F|83/100|[from]move: Volt Switch
|
|-damage|p2a: Whimsicott|78/100 brn|[from] brn
|upkeep
|turn|9
|inactive|Boyca has 120 seconds left.
|
|t:|1620851273
|switch|p2a: Togedemaru|Togedemaru, F|100/100
|move|p1a: Garbodor|Stomping Tantrum|p2a: Togedemaru
|-supereffective|p2a: Togedemaru
|-damage|p2a: Togedemaru|36/100
|-damage|p1a: Garbodor|70/100|[from] ability: Iron Barbs|[of] p2a: Togedemaru
|
|-heal|p2a: Togedemaru|42/100|[from] item: Leftovers
|upkeep
|turn|10
|
|t:|1620851281
|move|p2a: Togedemaru|Spiky Shield|p2a: Togedemaru
|-singleturn|p2a: Togedemaru|move: Protect
|move|p1a: Garbodor|Spikes|p2a: Togedemaru
|-sidestart|p2: Boyca|Spikes
|
|-heal|p2a: Togedemaru|48/100|[from] item: Leftovers
|upkeep
|turn|11
|j| Teddytom
|inactive|Boyca has 120 seconds left.
|
|t:|1620851303
|move|p2a: Togedemaru|Volt Switch|p1a: Garbodor
|-damage|p1a: Garbodor|56/100
|inactive|Boyca has 120 seconds left.
|j| TheBlaaah
|
|t:|1620851312
|switch|p2a: Exeggutor|Exeggutor-Alola, F|100/100|[from]move: Volt Switch
|-damage|p2a: Exeggutor|88/100|[from] Spikes
|-item|p1a: Garbodor|Rocky Helmet|[from] ability: Frisk|[of] p2a: Exeggutor|[identify]
|move|p1a: Garbodor|Stomping Tantrum|p2a: Exeggutor
|-resisted|p2a: Exeggutor
|-damage|p2a: Exeggutor|79/100
|
|upkeep
|turn|12
|inactive|Boyca has 120 seconds left.
|l| TheBlaaah
|
|t:|1620851335
|switch|p1a: Orbeetle|Orbeetle, F|79/100 par
|-item|p2a: Exeggutor|Choice Specs|[from] ability: Frisk|[of] p1a: Orbeetle|[identify]
|move|p2a: Exeggutor|Draco Meteor|p1a: Orbeetle
|-damage|p1a: Orbeetle|4/100 par
|-unboost|p2a: Exeggutor|spa|2
|
|upkeep
|turn|13
|
|t:|1620851348
|switch|p2a: Aromatisse|Aromatisse, M|100/100
|-damage|p2a: Aromatisse|88/100|[from] Spikes
|cant|p1a: Orbeetle|par
|
|-heal|p2a: Aromatisse|94/100|[from] item: Leftovers
|upkeep
|turn|14
|inactive|Boyca has 120 seconds left.
|
|t:|1620851362
|cant|p1a: Orbeetle|par
|move|p2a: Aromatisse|Moonblast|p1a: Orbeetle
|-damage|p1a: Orbeetle|0 fnt
|faint|p1a: Orbeetle
|
|-heal|p2a: Aromatisse|100/100|[from] item: Leftovers
|upkeep
|
|t:|1620851370
|switch|p1a: Garbodor|Garbodor, F|56/100
|turn|15
|inactive|Boyca has 120 seconds left.
|inactive|Boyca has 90 seconds left.
|
|t:|1620851411
|switch|p2a: Heliolisk|Heliolisk, F|13/100
|move|p1a: Garbodor|Gunk Shot|p2a: Heliolisk
|-damage|p2a: Heliolisk|0 fnt
|faint|p2a: Heliolisk
|
|upkeep
|inactive|Boyca has 90 seconds left.
|
|t:|1620851418
|switch|p2a: Exeggutor|Exeggutor-Alola, F|79/100
|-damage|p2a: Exeggutor|67/100|[from] Spikes
|-item|p1a: Garbodor|Rocky Helmet|[from] ability: Frisk|[of] p2a: Exeggutor|[identify]
|turn|16
|
|t:|1620851431
|move|p2a: Exeggutor|Draco Meteor|p1a: Garbodor
|-damage|p1a: Garbodor|0 fnt
|-unboost|p2a: Exeggutor|spa|2
|faint|p1a: Garbodor
|
|upkeep
|
|t:|1620851438
|switch|p1a: Lycanroc|Lycanroc-Midnight, M|100/100
|turn|17
|
|t:|1620851447
|switch|p2a: Togedemaru|Togedemaru, F|48/100
|-damage|p2a: Togedemaru|36/100|[from] Spikes
|move|p1a: Lycanroc|Swords Dance|p1a: Lycanroc
|-boost|p1a: Lycanroc|atk|2
|
|-heal|p2a: Togedemaru|42/100|[from] item: Leftovers
|upkeep
|turn|18
|
|t:|1620851451
|move|p1a: Lycanroc|Close Combat|p2a: Togedemaru
|-supereffective|p2a: Togedemaru
|-damage|p2a: Togedemaru|0 fnt
|-unboost|p1a: Lycanroc|def|1
|-unboost|p1a: Lycanroc|spd|1
|-damage|p1a: Lycanroc|88/100|[from] ability: Iron Barbs|[of] p2a: Togedemaru
|faint|p2a: Togedemaru
|
|upkeep
|
|t:|1620851456
|switch|p2a: Whimsicott|Whimsicott, F|78/100 brn
|turn|19
|
|t:|1620851465
|switch|p1a: Ditto|Ditto|100/100
|-transform|p1a: Ditto|p2a: Whimsicott|[from] ability: Imposter
|move|p2a: Whimsicott|Stun Spore|p1a: Ditto
|-immune|p1a: Ditto
|
|-damage|p2a: Whimsicott|72/100 brn|[from] brn
|upkeep
|turn|20
|inactive|Boyca has 120 seconds left.
|j| barkslow
|
|t:|1620851493
|switch|p2a: Aromatisse|Aromatisse, M|100/100
|-damage|p2a: Aromatisse|88/100|[from] Spikes
|move|p1a: Ditto|Moonblast|p2a: Aromatisse
|-damage|p2a: Aromatisse|70/100
|-unboost|p2a: Aromatisse|spa|1
|
|-heal|p2a: Aromatisse|77/100|[from] item: Leftovers
|upkeep
|turn|21
|
|t:|1620851498
|switch|p1a: Lycanroc|Lycanroc-Midnight, M|88/100
|move|p2a: Aromatisse|Moonblast|p1a: Lycanroc
|-damage|p1a: Lycanroc|61/100
|
|-heal|p2a: Aromatisse|83/100|[from] item: Leftovers
|upkeep
|turn|22
|
|t:|1620851505
|switch|p2a: Whimsicott|Whimsicott, F|72/100 brn
|move|p1a: Lycanroc|Stone Edge|p2a: Whimsicott
|-damage|p2a: Whimsicott|14/100 brn
|
|-damage|p2a: Whimsicott|8/100 brn|[from] brn
|upkeep
|turn|23
|
|t:|1620851520
|move|p2a: Whimsicott|Moonblast|p1a: Lycanroc
|-damage|p1a: Lycanroc|24/100
|-unboost|p1a: Lycanroc|spa|1
|move|p1a: Lycanroc|Stone Edge|p2a: Whimsicott
|-damage|p2a: Whimsicott|0 fnt
|faint|p2a: Whimsicott
|
|upkeep
|
|t:|1620851528
|switch|p2a: Toxicroak|Toxicroak, F|100/100
|-damage|p2a: Toxicroak|88/100|[from] Spikes
|turn|24
|
|t:|1620851532
|switch|p1a: Rotom|Rotom|32/100
|move|p2a: Toxicroak|Vacuum Wave|p1a: Rotom
|-immune|p1a: Rotom
|
|upkeep
|turn|25
|
|t:|1620851536
|switch|p2a: Aromatisse|Aromatisse, M|83/100
|-damage|p2a: Aromatisse|70/100|[from] Spikes
|move|p1a: Rotom|Pain Split|p2a: Aromatisse
|-sethp|p2a: Aromatisse|47/100|[from] move: Pain Split|[silent]
|-sethp|p1a: Rotom|63/100|[from] move: Pain Split
|
|-heal|p2a: Aromatisse|53/100|[from] item: Leftovers
|upkeep
|turn|26
|
|t:|1620851558
|move|p1a: Rotom|Will-O-Wisp|p2a: Aromatisse
|-status|p2a: Aromatisse|brn
|move|p2a: Aromatisse|Wish|p2a: Aromatisse
|
|-heal|p2a: Aromatisse|60/100 brn|[from] item: Leftovers
|-damage|p2a: Aromatisse|53/100 brn|[from] brn
|upkeep
|turn|27
|
|t:|1620851562
|move|p1a: Rotom|Volt Switch|p2a: Aromatisse
|-damage|p2a: Aromatisse|39/100 brn
|
|t:|1620851566
|switch|p1a: Ditto|Ditto|100/100|[from]move: Volt Switch
|-transform|p1a: Ditto|p2a: Aromatisse|[from] ability: Imposter
|move|p2a: Aromatisse|Moonblast|p1a: Ditto
|-damage|p1a: Ditto|72/100
|-unboost|p1a: Ditto|spa|1
|
|-heal|p2a: Aromatisse|88/100 brn|[from] move: Wish|[wisher] Aromatisse
|-heal|p2a: Aromatisse|95/100 brn|[from] item: Leftovers
|-damage|p2a: Aromatisse|88/100 brn|[from] brn
|upkeep
|turn|28
|l|☆Karrakarra
|inactive|Karrakarra disconnected and has a minute to reconnect!
|player|p1|
|j| Dark Masaki
|c|☆Boyca|oh
|inactive|Karrakarra has 30 seconds to reconnect!
|inactive|Karrakarra has 20 seconds to reconnect!
|inactive|Karrakarra has 15 seconds to reconnect!
|inactive|Karrakarra has 10 seconds to reconnect!
|j| W4T3RZZ⌐◼_◼
|inactive|Karrakarra has 5 seconds to reconnect!
|-message|Karrakarra lost due to inactivity.
|
|win|Boyca
|n|☆Boyca|boyca
|n| Teddytom|teddytom
|n| barkslow|barkslow
|n| Dark Masaki|darkmasaki
|n| W4T3RZZ⌐◼_◼|w4t3rzz
