|j|☆m3p0
|j|☆Everybo-D
|player|p1|m3p0|130|1360
|player|p2|Everybo-D|169|1509
|teamsize|p1|6
|teamsize|p2|6
|gametype|singles
|gen|8
|tier|[Gen 8] PU
|rated|
|clearpoke
|poke|p1|Bronzor|
|poke|p1|Musharna, M|
|poke|p1|Marowak, M|
|poke|p1|Trevenant, M|
|poke|p1|Dusclops, M|
|poke|p1|Silvally-*|
|poke|p2|Butterfree, M|
|poke|p2|Klinklang|
|poke|p2|Mr. Mime-Galar, F|
|poke|p2|Boltund, M|
|poke|p2|Gloom, M|
|poke|p2|Sandslash, F|
|rule|Sleep Clause Mod: Limit one foe put to sleep
|rule|Species Clause: Limit one of each Pokémon
|rule|OHKO Clause: OHKO moves are banned
|rule|Evasion Moves Clause: Evasion moves are banned
|rule|Endless Battle Clause: Forcing endless battles is banned
|rule|HP Percentage Mod: HP is shown in percentages
|rule|Dynamax Clause: You cannot dynamax
|teampreview
|
|start
|switch|p1a: Bronzor|Bronzor|100/100
|switch|p2a: Butterfree|Butterfree, M|100/100
|turn|1
|
|move|p2a: Butterfree|Sleep Powder|p1a: Bronzor
|-status|p1a: Bronzor|slp|[from] move: Sleep Powder
|cant|p1a: Bronzor|slp
|
|upkeep
|turn|2
|
|move|p2a: Butterfree|Substitute|p2a: Butterfree
|-start|p2a: Butterfree|Substitute
|-damage|p2a: Butterfree|76/100
|-curestatus|p1a: Bronzor|slp|[msg]
|move|p1a: Bronzor|Trick Room|p1a: Bronzor
|-fieldstart|move: Trick Room|[of] p1a: Bronzor
|
|-heal|p2a: Butterfree|82/100|[from] item: Leftovers
|upkeep
|turn|3
|inactive|Battle timer is ON: inactive players will automatically lose when time's up. (requested by Everybo-D)
|
|move|p1a: Bronzor|Steel Beam|p2a: Butterfree
|-end|p2a: Butterfree|Substitute
|-damage|p1a: Bronzor|50/100|[from] mindblown
|move|p2a: Butterfree|Sleep Powder|p1a: Bronzor
|-status|p1a: Bronzor|slp|[from] move: Sleep Powder
|
|-heal|p2a: Butterfree|88/100|[from] item: Leftovers
|upkeep
|turn|4
|
|switch|p1a: Marowak|Marowak, M|100/100
|move|p2a: Butterfree|Substitute|p2a: Butterfree
|-start|p2a: Butterfree|Substitute
|-damage|p2a: Butterfree|63/100
|
|-heal|p2a: Butterfree|69/100|[from] item: Leftovers
|upkeep
|turn|5
|
|move|p1a: Marowak|Knock Off|p2a: Butterfree
|-end|p2a: Butterfree|Substitute
|move|p2a: Butterfree|Substitute|p2a: Butterfree
|-start|p2a: Butterfree|Substitute
|-damage|p2a: Butterfree|44/100
|
|-heal|p2a: Butterfree|50/100|[from] item: Leftovers
|upkeep
|turn|6
|
|move|p1a: Marowak|Knock Off|p2a: Butterfree
|-end|p2a: Butterfree|Substitute
|move|p2a: Butterfree|Hurricane|p1a: Marowak
|-damage|p1a: Marowak|39/100
|
|-heal|p2a: Butterfree|56/100|[from] item: Leftovers
|-fieldend|move: Trick Room
|upkeep
|turn|7
|
|switch|p1a: Silvally|Silvally-Rock|100/100
|move|p2a: Butterfree|Hurricane|p1a: Silvally
|-resisted|p1a: Silvally
|-damage|p1a: Silvally|74/100
|-start|p1a: Silvally|confusion
|
|-heal|p2a: Butterfree|63/100|[from] item: Leftovers
|upkeep
|turn|8
|
|switch|p2a: Sandslash|Sandslash, F|100/100
|-activate|p1a: Silvally|confusion
|move|p1a: Silvally|U-turn|p2a: Sandslash
|-damage|p2a: Sandslash|79/100
|
|switch|p1a: Trevenant|Trevenant, M|100/100|[from]move: U-turn
|
|upkeep
|turn|9
|
|move|p2a: Sandslash|Knock Off|p1a: Trevenant
|-supereffective|p1a: Trevenant
|-damage|p1a: Trevenant|0 fnt
|-enditem|p1a: Trevenant|Life Orb|[from] move: Knock Off|[of] p2a: Sandslash
|faint|p1a: Trevenant
|
|upkeep
|
|switch|p1a: Dusclops|Dusclops, M|100/100
|-item|p2a: Sandslash|Choice Band|[from] ability: Frisk|[of] p1a: Dusclops|[identify]
|turn|10
|
|move|p2a: Sandslash|Knock Off|p1a: Dusclops
|-supereffective|p1a: Dusclops
|-damage|p1a: Dusclops|55/100
|-enditem|p1a: Dusclops|Eviolite|[from] move: Knock Off|[of] p2a: Sandslash
|move|p1a: Dusclops|Trick Room|p1a: Dusclops
|-fieldstart|move: Trick Room|[of] p1a: Dusclops
|
|upkeep
|turn|11
|
|switch|p2a: Mr. Mime|Mr. Mime-Galar, F|100/100
|move|p1a: Dusclops|Night Shade|p2a: Mr. Mime
|-damage|p2a: Mr. Mime|59/100
|
|upkeep
|turn|12
|
|move|p1a: Dusclops|Night Shade|p2a: Mr. Mime
|-damage|p2a: Mr. Mime|18/100
|move|p2a: Mr. Mime|Encore|p1a: Dusclops
|-start|p1a: Dusclops|Encore
|
|upkeep
|turn|13
|
|move|p1a: Dusclops|Night Shade|p2a: Mr. Mime
|-damage|p2a: Mr. Mime|0 fnt
|faint|p2a: Mr. Mime
|
|upkeep
|
|switch|p2a: Butterfree|Butterfree, M|63/100
|turn|14
|
|switch|p1a: Silvally|Silvally-Rock|74/100
|move|p2a: Butterfree|Quiver Dance|p2a: Butterfree
|-boost|p2a: Butterfree|spa|1
|-boost|p2a: Butterfree|spd|1
|-boost|p2a: Butterfree|spe|1
|
|-heal|p2a: Butterfree|69/100|[from] item: Leftovers
|-fieldend|move: Trick Room
|upkeep
|turn|15
|
|move|p2a: Butterfree|Hurricane|p1a: Silvally
|-resisted|p1a: Silvally
|-damage|p1a: Silvally|37/100
|move|p1a: Silvally|Multi-Attack|p2a: Butterfree
|-supereffective|p2a: Butterfree
|-damage|p2a: Butterfree|0 fnt
|faint|p2a: Butterfree
|
|upkeep
|inactive|Everybo-D has 120 seconds left.
|
|switch|p2a: Klinklang|Klinklang|100/100
|turn|16
|inactive|Everybo-D has 120 seconds left.
|
|move|p1a: Silvally|Flamethrower|p2a: Klinklang
|-supereffective|p2a: Klinklang
|-damage|p2a: Klinklang|47/100
|move|p2a: Klinklang|Shift Gear|p2a: Klinklang
|-boost|p2a: Klinklang|spe|2
|-boost|p2a: Klinklang|atk|1
|
|upkeep
|turn|17
|
|move|p2a: Klinklang|Gear Grind|p1a: Silvally
|-supereffective|p1a: Silvally
|-damage|p1a: Silvally|0 fnt
|-hitcount|p1a: Silvally|1
|faint|p1a: Silvally
|
|upkeep
|
|switch|p1a: Musharna|Musharna, M|100/100
|turn|18
|
|move|p2a: Klinklang|Gear Grind|p1a: Musharna
|-damage|p1a: Musharna|77/100
|-damage|p1a: Musharna|54/100
|-hitcount|p1a: Musharna|2
|move|p1a: Musharna|Trick Room|p1a: Musharna
|-fieldstart|move: Trick Room|[of] p1a: Musharna
|
|upkeep
|turn|19
|j| PUnyTest
|
|move|p1a: Musharna|Healing Wish|p1a: Musharna
|faint|p1a: Musharna
|move|p2a: Klinklang|Gear Grind|p1: Musharna|[notarget]
|-fail|p2a: Klinklang
|
|upkeep
|
|switch|p1a: Marowak|Marowak, M|39/100
|-heal|p1a: Marowak|100/100|[from] move: Healing Wish
|turn|20
|
|move|p1a: Marowak|Earthquake|p2a: Klinklang
|-supereffective|p2a: Klinklang
|-damage|p2a: Klinklang|0 fnt
|faint|p2a: Klinklang
|
|upkeep
|
|switch|p2a: Gloom|Gloom, M|100/100
|turn|21
|
|move|p1a: Marowak|Knock Off|p2a: Gloom
|-damage|p2a: Gloom|65/100
|-enditem|p2a: Gloom|Eviolite|[from] move: Knock Off|[of] p1a: Marowak
|move|p2a: Gloom|Giga Drain|p1a: Marowak
|-supereffective|p1a: Marowak
|-damage|p1a: Marowak|48/100
|-heal|p2a: Gloom|91/100|[from] drain|[of] p1a: Marowak
|
|upkeep
|turn|22
|
|move|p1a: Marowak|Earthquake|p2a: Gloom
|-damage|p2a: Gloom|13/100
|move|p2a: Gloom|Giga Drain|p1a: Marowak
|-supereffective|p1a: Marowak
|-damage|p1a: Marowak|0 fnt
|-heal|p2a: Gloom|37/100|[from] drain|[of] p1a: Marowak
|faint|p1a: Marowak
|
|-fieldend|move: Trick Room
|upkeep
|c|☆Everybo-D|gg
|
|switch|p1a: Dusclops|Dusclops, M|55/100
|turn|23
|
|move|p2a: Gloom|Giga Drain|p1a: Dusclops
|-damage|p1a: Dusclops|33/100
|-heal|p2a: Gloom|47/100|[from] drain|[of] p1a: Dusclops
|move|p1a: Dusclops|Trick Room|p1a: Dusclops
|-fieldstart|move: Trick Room|[of] p1a: Dusclops
|
|upkeep
|turn|24
|
|move|p1a: Dusclops|Night Shade|p2a: Gloom
|-damage|p2a: Gloom|16/100
|move|p2a: Gloom|Moonlight|p2a: Gloom
|-heal|p2a: Gloom|66/100
|
|upkeep
|turn|25
|c|☆m3p0|gg
|-message|m3p0 forfeited.
|
|win|Everybo-D
|l|☆m3p0
|raw|m3p0's rating: 1360 &rarr; <strong>1348</strong><br />(-12 for losing)
|raw|Everybo-D's rating: 1510 &rarr; <strong>1521</strong><br />(+11 for winning)
