|j|☆Evol NocTali
|j|☆cafay sen sukr
|t:|1604871198
|player|p1|Evol NocTali|169|1338
|player|p2|cafay sen sukr|swimmer-gen4dp|1464
|teamsize|p1|6
|teamsize|p2|6
|gametype|singles
|gen|8
|tier|[Gen 8] PU
|rated|
|clearpoke
|poke|p1|Appletun, F|
|poke|p1|Rotom-Fan|
|poke|p1|Jolteon, F|
|poke|p1|Cinccino, F|
|poke|p1|Throh, M|
|poke|p1|Lairon, M|
|poke|p2|Drifblim, M|
|poke|p2|Magmar, F|
|poke|p2|Rhydon, F|
|poke|p2|Perrserker, M|
|poke|p2|Hattrem, F|
|poke|p2|Leafeon, M|
|rule|Sleep Clause Mod: Limit one foe put to sleep
|rule|Species Clause: Limit one of each Pokémon
|rule|OHKO Clause: OHKO moves are banned
|rule|Evasion Moves Clause: Evasion moves are banned
|rule|Endless Battle Clause: Forcing endless battles is banned
|rule|HP Percentage Mod: HP is shown in percentages
|rule|Dynamax Clause: You cannot dynamax
|teampreview
|
|t:|1604871220
|start
|switch|p1a: Cinccino|Cinccino, F|100/100
|switch|p2a: Perrserker|Perrserker, M|100/100
|turn|1
|
|t:|1604871230
|move|p1a: Cinccino|U-turn|p2a: Perrserker
|-resisted|p2a: Perrserker
|-damage|p2a: Perrserker|88/100
|
|t:|1604871234
|switch|p1a: Jolteon|Jolteon, F|100/100|[from]move: U-turn
|move|p2a: Perrserker|Close Combat|p1a: Jolteon
|-damage|p1a: Jolteon|12/100
|-unboost|p2a: Perrserker|def|1
|-unboost|p2a: Perrserker|spd|1
|
|upkeep
|turn|2
|
|t:|1604871244
|switch|p2a: Rhydon|Rhydon, F|100/100
|move|p1a: Jolteon|Shadow Ball|p2a: Rhydon
|-damage|p2a: Rhydon|70/100
|-unboost|p2a: Rhydon|spd|1
|
|upkeep
|turn|3
|
|t:|1604871253
|move|p1a: Jolteon|Shadow Ball|p2a: Rhydon
|-damage|p2a: Rhydon|22/100
|move|p2a: Rhydon|Stealth Rock|p1a: Jolteon
|-sidestart|p1: Evol NocTali|move: Stealth Rock
|
|upkeep
|turn|4
|
|t:|1604871263
|switch|p2a: Perrserker|Perrserker, M|88/100
|move|p1a: Jolteon|Shadow Ball|p2a: Perrserker
|-damage|p2a: Perrserker|70/100
|
|upkeep
|turn|5
|
|t:|1604871271
|move|p1a: Jolteon|Volt Switch|p2a: Perrserker
|-damage|p2a: Perrserker|41/100
|
|t:|1604871274
|switch|p1a: Rotom|Rotom-Fan|100/100|[from]move: Volt Switch
|move|p2a: Perrserker|Iron Head|p1a: Rotom
|-resisted|p1a: Rotom
|-damage|p1a: Rotom|83/100
|
|upkeep
|turn|6
|
|t:|1604871280
|move|p1a: Rotom|Defog|p2a: Perrserker
|-unboost|p2a: Perrserker|evasion|1
|-sideend|p1: Evol NocTali|Stealth Rock|[from] move: Defog|[of] p1a: Rotom
|move|p2a: Perrserker|U-turn|p1a: Rotom
|-resisted|p1a: Rotom
|-damage|p1a: Rotom|73/100
|
|t:|1604871282
|switch|p2a: Magmar|Magmar, F|100/100|[from]move: U-turn
|
|upkeep
|turn|7
|
|t:|1604871288
|switch|p1a: Appletun|Appletun, F|100/100
|move|p2a: Magmar|Toxic|p1a: Appletun
|-status|p1a: Appletun|tox
|
|-damage|p1a: Appletun|94/100 tox|[from] psn
|upkeep
|turn|8
|
|t:|1604871298
|switch|p2a: Perrserker|Perrserker, M|41/100
|switch|p1a: Lairon|Lairon, M|100/100
|
|upkeep
|turn|9
|
|t:|1604871314
|switch|p2a: Hattrem|Hattrem, F|100/100
|move|p1a: Lairon|Head Smash|p2a: Hattrem
|-damage|p2a: Hattrem|53/100
|
|upkeep
|turn|10
|
|t:|1604871321
|move|p2a: Hattrem|Giga Drain|p1a: Lairon
|-damage|p1a: Lairon|82/100
|-heal|p2a: Hattrem|61/100|[from] drain|[of] p1a: Lairon
|move|p1a: Lairon|Head Smash|p2a: Hattrem
|-damage|p2a: Hattrem|12/100
|
|upkeep
|turn|11
|
|t:|1604871334
|move|p2a: Hattrem|Giga Drain|p1a: Lairon
|-damage|p1a: Lairon|62/100
|-heal|p2a: Hattrem|21/100|[from] drain|[of] p1a: Lairon
|move|p1a: Lairon|Iron Head|p2a: Hattrem
|-damage|p2a: Hattrem|0 fnt
|faint|p2a: Hattrem
|
|upkeep
|
|t:|1604871344
|switch|p2a: Rhydon|Rhydon, F|22/100
|turn|12
|
|t:|1604871348
|move|p2a: Rhydon|Earthquake|p1a: Lairon
|-supereffective|p1a: Lairon
|-damage|p1a: Lairon|0 fnt
|faint|p1a: Lairon
|
|upkeep
|
|t:|1604871362
|switch|p1a: Throh|Throh, M|100/100
|turn|13
|
|t:|1604871368
|move|p2a: Rhydon|Stealth Rock|p1a: Throh
|-sidestart|p1: Evol NocTali|move: Stealth Rock
|move|p1a: Throh|Knock Off|p2a: Rhydon
|-damage|p2a: Rhydon|5/100
|-enditem|p2a: Rhydon|Eviolite|[from] move: Knock Off|[of] p1a: Throh
|
|-status|p1a: Throh|brn|[from] item: Flame Orb
|upkeep
|turn|14
|
|t:|1604871382
|move|p2a: Rhydon|Earthquake|p1a: Throh
|-damage|p1a: Throh|47/100 brn
|move|p1a: Throh|Knock Off|p2a: Rhydon
|-damage|p2a: Rhydon|0 fnt
|faint|p2a: Rhydon
|
|-damage|p1a: Throh|41/100 brn|[from] brn
|upkeep
|
|t:|1604871385
|switch|p2a: Magmar|Magmar, F|100/100
|turn|15
|
|t:|1604871389
|switch|p1a: Appletun|Appletun, F|94/100 tox
|-damage|p1a: Appletun|82/100 tox|[from] Stealth Rock
|move|p2a: Magmar|Flamethrower|p1a: Appletun
|-damage|p1a: Appletun|61/100 tox
|
|-heal|p1a: Appletun|67/100 tox|[from] item: Leftovers
|-damage|p1a: Appletun|61/100 tox|[from] psn
|upkeep
|turn|16
|
|t:|1604871395
|switch|p2a: Perrserker|Perrserker, M|41/100
|move|p1a: Appletun|Leech Seed|p2a: Perrserker
|-start|p2a: Perrserker|move: Leech Seed
|
|-heal|p1a: Appletun|67/100 tox|[from] item: Leftovers
|-damage|p2a: Perrserker|29/100|[from] Leech Seed|[of] p1a: Appletun
|-heal|p1a: Appletun|77/100 tox|[silent]
|-damage|p1a: Appletun|65/100 tox|[from] psn
|upkeep
|turn|17
|
|t:|1604871404
|move|p1a: Appletun|Protect|p1a: Appletun
|-singleturn|p1a: Appletun|Protect
|move|p2a: Perrserker|U-turn|p1a: Appletun
|-activate|p1a: Appletun|move: Protect
|
|-heal|p1a: Appletun|71/100 tox|[from] item: Leftovers
|-damage|p2a: Perrserker|16/100|[from] Leech Seed|[of] p1a: Appletun
|-heal|p1a: Appletun|81/100 tox|[silent]
|-damage|p1a: Appletun|63/100 tox|[from] psn
|upkeep
|turn|18
|
|t:|1604871417
|switch|p1a: Rotom|Rotom-Fan|73/100
|move|p2a: Perrserker|U-turn|p1a: Rotom
|-resisted|p1a: Rotom
|-damage|p1a: Rotom|63/100
|
|t:|1604871423
|switch|p2a: Magmar|Magmar, F|100/100|[from]move: U-turn
|
|upkeep
|turn|19
|
|t:|1604871429
|move|p2a: Magmar|Flamethrower|p1a: Rotom
|-crit|p1a: Rotom
|-damage|p1a: Rotom|0 fnt
|faint|p1a: Rotom
|
|upkeep
|
|t:|1604871436
|switch|p1a: Cinccino|Cinccino, F|100/100
|-damage|p1a: Cinccino|88/100|[from] Stealth Rock
|turn|20
|
|t:|1604871439
|switch|p2a: Perrserker|Perrserker, M|16/100
|move|p1a: Cinccino|Tail Slap|p2a: Perrserker
|-resisted|p2a: Perrserker
|-damage|p2a: Perrserker|10/100
|-resisted|p2a: Perrserker
|-damage|p2a: Perrserker|4/100
|-resisted|p2a: Perrserker
|-damage|p2a: Perrserker|0 fnt
|-hitcount|p2a: Perrserker|3
|faint|p2a: Perrserker
|
|upkeep
|
|t:|1604871441
|switch|p2a: Drifblim|Drifblim, M|100/100
|turn|21
|
|t:|1604871451
|move|p1a: Cinccino|Triple Axel|p2a: Drifblim
|-supereffective|p2a: Drifblim
|-damage|p2a: Drifblim|85/100
|-enditem|p2a: Drifblim|Weakness Policy
|-boost|p2a: Drifblim|atk|2|[from] item: Weakness Policy
|-boost|p2a: Drifblim|spa|2|[from] item: Weakness Policy
|-supereffective|p2a: Drifblim
|-damage|p2a: Drifblim|53/100
|-supereffective|p2a: Drifblim
|-damage|p2a: Drifblim|7/100
|-hitcount|p2a: Drifblim|3
|move|p2a: Drifblim|Calm Mind|p2a: Drifblim
|-boost|p2a: Drifblim|spa|1
|-boost|p2a: Drifblim|spd|1
|
|upkeep
|turn|22
|
|t:|1604871467
|move|p2a: Drifblim|Strength Sap|p1a: Cinccino
|-unboost|p1a: Cinccino|atk|1
|-heal|p2a: Drifblim|79/100
|move|p1a: Cinccino|Bullet Seed|p2a: Drifblim
|-resisted|p2a: Drifblim
|-damage|p2a: Drifblim|76/100
|-resisted|p2a: Drifblim
|-damage|p2a: Drifblim|72/100
|-resisted|p2a: Drifblim
|-damage|p2a: Drifblim|69/100
|-resisted|p2a: Drifblim
|-damage|p2a: Drifblim|65/100
|-resisted|p2a: Drifblim
|-damage|p2a: Drifblim|62/100
|-hitcount|p2a: Drifblim|5
|
|upkeep
|turn|23
|
|t:|1604871480
|move|p2a: Drifblim|Strength Sap|p1a: Cinccino
|-unboost|p1a: Cinccino|atk|1
|-heal|p2a: Drifblim|100/100
|move|p1a: Cinccino|Triple Axel|p2a: Drifblim
|-supereffective|p2a: Drifblim
|-damage|p2a: Drifblim|93/100
|-supereffective|p2a: Drifblim
|-damage|p2a: Drifblim|78/100
|-supereffective|p2a: Drifblim
|-damage|p2a: Drifblim|53/100
|-hitcount|p2a: Drifblim|3
|
|upkeep
|turn|24
|
|t:|1604871506
|switch|p1a: Throh|Throh, M|41/100 brn
|-damage|p1a: Throh|35/100 brn|[from] Stealth Rock
|move|p2a: Drifblim|Strength Sap|p1a: Throh
|-unboost|p1a: Throh|atk|1
|-heal|p2a: Drifblim|100/100
|
|-damage|p1a: Throh|29/100 brn|[from] brn
|upkeep
|turn|25
|
|t:|1604871513
|move|p2a: Drifblim|Shadow Ball|p1a: Throh
|-damage|p1a: Throh|0 fnt
|faint|p1a: Throh
|
|upkeep
|
|t:|1604871518
|switch|p1a: Jolteon|Jolteon, F|12/100
|-damage|p1a: Jolteon|0 fnt|[from] Stealth Rock
|faint|p1a: Jolteon
|
|t:|1604871524
|switch|p1a: Appletun|Appletun, F|63/100 tox
|-damage|p1a: Appletun|50/100 tox|[from] Stealth Rock
|turn|26
|
|t:|1604871528
|move|p2a: Drifblim|Shadow Ball|p1a: Appletun
|-damage|p1a: Appletun|0 fnt
|faint|p1a: Appletun
|
|upkeep
|j| joe rogan's dmt
|-message|Evol NocTali forfeited.
|
|win|cafay sen sukr
|l|☆Evol NocTali
||Ladder (probably) updated, but score could not be retrieved (Request timeout).
