|html|<div class="broadcast-blue"><strong>[Gen 8] PU is currently suspecting Araquanid! For information on how to participate check out the <a href="https://www.smogon.com/forums/threads/np-pu-stage-9-itsy-bitsy-spider.3704256/">suspect thread</a>.</strong></div>
|j|☆Vaaanquiish
|j|☆BiscotteKouloulou
|t:|1657539009
|gametype|singles
|player|p1|Vaaanquiish|brock|1066
|player|p2|BiscotteKouloulou|unknown|1329
|teamsize|p1|6
|teamsize|p2|6
|gen|8
|tier|[Gen 8] PU
|rated|
|rule|Sleep Clause Mod: Limit one foe put to sleep
|rule|Species Clause: Limit one of each Pokémon
|rule|OHKO Clause: OHKO moves are banned
|rule|Evasion Moves Clause: Evasion moves are banned
|rule|Endless Battle Clause: Forcing endless battles is banned
|rule|HP Percentage Mod: HP is shown in percentages
|rule|Dynamax Clause: You cannot dynamax
|clearpoke
|poke|p1|Swoobat, F|
|poke|p1|Scrafty, M|
|poke|p1|Claydol|
|poke|p1|Electivire, M|
|poke|p1|Pincurchin, F|
|poke|p1|Lanturn, F|
|poke|p2|Araquanid, M|
|poke|p2|Whimsicott, F|
|poke|p2|Scrafty, M|
|poke|p2|Aggron, M|
|poke|p2|Jellicent, F|
|poke|p2|Rotom-Fan|
|teampreview
|
|t:|1657539028
|start
|switch|p1a: Electivire|Electivire, M|100/100
|switch|p2a: Aggron|Aggron, M|100/100
|turn|1
|
|t:|1657539042
|switch|p2a: Whimsicott|Whimsicott, F|100/100
|move|p1a: Electivire|Cross Chop|p2a: Whimsicott
|-resisted|p2a: Whimsicott
|-damage|p2a: Whimsicott|77/100
|
|upkeep
|turn|2
|
|t:|1657539052
|move|p2a: Whimsicott|Moonblast|p1a: Electivire
|-damage|p1a: Electivire|28/100
|move|p1a: Electivire|Ice Punch|p2a: Whimsicott
|-supereffective|p2a: Whimsicott
|-damage|p2a: Whimsicott|0 fnt
|faint|p2a: Whimsicott
|
|upkeep
|
|t:|1657539064
|switch|p2a: Scrafty|Scrafty, M|100/100
|-ability|p2a: Scrafty|Intimidate|boost
|-unboost|p1a: Electivire|atk|1
|turn|3
|
|t:|1657539070
|move|p1a: Electivire|Volt Switch|p2a: Scrafty
|-damage|p2a: Scrafty|86/100
|
|t:|1657539075
|switch|p1a: Scrafty|Scrafty, M|100/100|[from]move: Volt Switch
|-ability|p1a: Scrafty|Intimidate|boost
|-unboost|p2a: Scrafty|atk|1
|move|p2a: Scrafty|Drain Punch|p1a: Scrafty
|-supereffective|p1a: Scrafty
|-damage|p1a: Scrafty|68/100
|-heal|p2a: Scrafty|100/100|[from] drain|[of] p1a: Scrafty
|
|-heal|p1a: Scrafty|74/100|[from] item: Leftovers
|upkeep
|turn|4
|
|t:|1657539084
|switch|p2a: Rotom|Rotom-Fan|100/100
|move|p1a: Scrafty|Drain Punch|p2a: Rotom
|-resisted|p2a: Rotom
|-damage|p2a: Rotom|87/100
|-heal|p1a: Scrafty|80/100|[from] drain|[of] p2a: Rotom
|
|-heal|p1a: Scrafty|86/100|[from] item: Leftovers
|upkeep
|turn|5
|
|t:|1657539093
|switch|p1a: Lanturn|Lanturn, F|100/100
|move|p2a: Rotom|Will-O-Wisp|p1a: Lanturn
|-status|p1a: Lanturn|brn
|
|-damage|p1a: Lanturn|94/100 brn|[from] brn
|upkeep
|turn|6
|
|t:|1657539101
|switch|p2a: Aggron|Aggron, M|100/100
|move|p1a: Lanturn|Volt Switch|p2a: Aggron
|-damage|p2a: Aggron|80/100
|
|t:|1657539105
|switch|p1a: Electivire|Electivire, M|28/100|[from]move: Volt Switch
|
|-heal|p2a: Aggron|86/100|[from] item: Leftovers
|upkeep
|turn|7
|
|t:|1657539110
|switch|p2a: Jellicent|Jellicent, F|100/100
|move|p1a: Electivire|Cross Chop|p2a: Jellicent
|-immune|p2a: Jellicent
|
|upkeep
|turn|8
|
|t:|1657539116
|move|p1a: Electivire|Volt Switch|p2a: Jellicent
|-supereffective|p2a: Jellicent
|-damage|p2a: Jellicent|54/100
|
|t:|1657539122
|switch|p1a: Lanturn|Lanturn, F|94/100 brn|[from]move: Volt Switch
|move|p2a: Jellicent|Hex|p1a: Lanturn
|-damage|p1a: Lanturn|76/100 brn
|
|-damage|p1a: Lanturn|70/100 brn|[from] brn
|upkeep
|turn|9
|
|t:|1657539128
|move|p1a: Lanturn|Volt Switch|p2a: Jellicent
|-supereffective|p2a: Jellicent
|-damage|p2a: Jellicent|22/100
|
|t:|1657539138
|switch|p1a: Pincurchin|Pincurchin, F|100/100|[from]move: Volt Switch
|-fieldstart|move: Electric Terrain|[from] ability: Electric Surge|[of] p1a: Pincurchin
|move|p2a: Jellicent|Recover|p2a: Jellicent
|-heal|p2a: Jellicent|72/100
|
|upkeep
|turn|10
|
|t:|1657539148
|switch|p2a: Scrafty|Scrafty, M|100/100
|-ability|p2a: Scrafty|Intimidate|boost
|-unboost|p1a: Pincurchin|atk|1
|move|p1a: Pincurchin|Rising Voltage|p2a: Scrafty
|-hint|Rising Voltage's BP doubled on grounded target.
|-damage|p2a: Scrafty|68/100
|
|upkeep
|turn|11
|
|t:|1657539163
|switch|p1a: Scrafty|Scrafty, M|86/100
|-ability|p1a: Scrafty|Intimidate|boost
|-unboost|p2a: Scrafty|atk|1
|move|p2a: Scrafty|Drain Punch|p1a: Scrafty
|-supereffective|p1a: Scrafty
|-damage|p1a: Scrafty|51/100
|-heal|p2a: Scrafty|87/100|[from] drain|[of] p1a: Scrafty
|
|-heal|p1a: Scrafty|57/100|[from] item: Leftovers
|upkeep
|turn|12
|
|t:|1657539180
|switch|p2a: Rotom|Rotom-Fan|87/100
|move|p1a: Scrafty|Knock Off|p2a: Rotom
|-damage|p2a: Rotom|52/100
|-enditem|p2a: Rotom|Heavy-Duty Boots|[from] move: Knock Off|[of] p1a: Scrafty
|
|-heal|p1a: Scrafty|63/100|[from] item: Leftovers
|upkeep
|turn|13
|
|t:|1657539191
|switch|p2a: Aggron|Aggron, M|86/100
|switch|p1a: Lanturn|Lanturn, F|70/100 brn
|
|-heal|p2a: Aggron|92/100|[from] item: Leftovers
|-damage|p1a: Lanturn|63/100 brn|[from] brn
|upkeep
|turn|14
|
|t:|1657539198
|move|p1a: Lanturn|Scald|p2a: Aggron
|-supereffective|p2a: Aggron
|-damage|p2a: Aggron|53/100
|-status|p2a: Aggron|brn
|move|p2a: Aggron|Stealth Rock|p1a: Lanturn
|-sidestart|p1: Vaaanquiish|move: Stealth Rock
|
|-heal|p2a: Aggron|59/100 brn|[from] item: Leftovers
|-damage|p1a: Lanturn|57/100 brn|[from] brn
|-damage|p2a: Aggron|53/100 brn|[from] brn
|upkeep
|turn|15
|
|t:|1657539209
|move|p1a: Lanturn|Volt Switch|p2a: Aggron
|-damage|p2a: Aggron|27/100 brn
|
|t:|1657539212
|switch|p1a: Claydol|Claydol|100/100|[from]move: Volt Switch
|-damage|p1a: Claydol|94/100|[from] Stealth Rock
|move|p2a: Aggron|Head Smash|p1a: Claydol|[miss]
|-miss|p2a: Aggron|p1a: Claydol
|
|-heal|p1a: Claydol|100/100|[from] item: Leftovers
|-heal|p2a: Aggron|33/100 brn|[from] item: Leftovers
|-damage|p2a: Aggron|27/100 brn|[from] brn
|upkeep
|turn|16
|
|t:|1657539218
|switch|p2a: Jellicent|Jellicent, F|72/100
|move|p1a: Claydol|Rapid Spin|p2a: Jellicent
|-immune|p2a: Jellicent
|
|-fieldend|move: Electric Terrain
|upkeep
|turn|17
|
|t:|1657539228
|switch|p1a: Lanturn|Lanturn, F|57/100 brn
|-damage|p1a: Lanturn|45/100 brn|[from] Stealth Rock
|move|p2a: Jellicent|Recover|p2a: Jellicent
|-heal|p2a: Jellicent|100/100
|
|-damage|p1a: Lanturn|39/100 brn|[from] brn
|upkeep
|turn|18
|
|t:|1657539235
|move|p1a: Lanturn|Discharge|p2a: Jellicent
|-supereffective|p2a: Jellicent
|-damage|p2a: Jellicent|63/100
|-start|p1a: Lanturn|Disable|Discharge|[from] ability: Cursed Body|[of] p2a: Jellicent
|move|p2a: Jellicent|Hex|p1a: Lanturn
|-damage|p1a: Lanturn|21/100 brn
|
|-damage|p1a: Lanturn|15/100 brn|[from] brn
|upkeep
|turn|19
|
|t:|1657539242
|move|p1a: Lanturn|Volt Switch|p2a: Jellicent
|-supereffective|p2a: Jellicent
|-damage|p2a: Jellicent|30/100
|
|t:|1657539272
|switch|p1a: Pincurchin|Pincurchin, F|100/100|[from]move: Volt Switch
|-damage|p1a: Pincurchin|88/100|[from] Stealth Rock
|-fieldstart|move: Electric Terrain|[from] ability: Electric Surge|[of] p1a: Pincurchin
|move|p2a: Jellicent|Recover|p2a: Jellicent
|-heal|p2a: Jellicent|80/100
|
|upkeep
|turn|20
|
|t:|1657539285
|switch|p2a: Aggron|Aggron, M|27/100 brn
|move|p1a: Pincurchin|Rising Voltage|p2a: Aggron
|-hint|Rising Voltage's BP doubled on grounded target.
|-damage|p2a: Aggron|0 fnt
|faint|p2a: Aggron
|
|upkeep
|
|t:|1657539290
|switch|p2a: Araquanid|Araquanid, M|100/100
|turn|21
|
|t:|1657539315
|move|p2a: Araquanid|Liquidation|p1a: Pincurchin
|-damage|p1a: Pincurchin|41/100
|move|p1a: Pincurchin|Rising Voltage|p2a: Araquanid
|-hint|Rising Voltage's BP doubled on grounded target.
|-supereffective|p2a: Araquanid
|-damage|p2a: Araquanid|5/100
|
|upkeep
|turn|22
|
|t:|1657539327
|switch|p1a: Lanturn|Lanturn, F|15/100 brn
|-damage|p1a: Lanturn|2/100 brn|[from] Stealth Rock
|move|p2a: Araquanid|Liquidation|p1a: Lanturn
|-resisted|p1a: Lanturn
|-damage|p1a: Lanturn|0 fnt
|faint|p1a: Lanturn
|
|upkeep
|
|t:|1657539359
|switch|p1a: Electivire|Electivire, M|28/100
|-damage|p1a: Electivire|16/100|[from] Stealth Rock
|turn|23
|
|t:|1657539394
|move|p1a: Electivire|Darkest Lariat|p2a: Araquanid
|-damage|p2a: Araquanid|0 fnt
|faint|p2a: Araquanid
|
|upkeep
|
|t:|1657539400
|switch|p2a: Rotom|Rotom-Fan|52/100
|turn|24
|
|t:|1657539407
|move|p1a: Electivire|Ice Punch|p2a: Rotom
|-supereffective|p2a: Rotom
|-damage|p2a: Rotom|0 fnt
|faint|p2a: Rotom
|
|upkeep
|
|t:|1657539410
|switch|p2a: Scrafty|Scrafty, M|87/100
|-ability|p2a: Scrafty|Intimidate|boost
|-unboost|p1a: Electivire|atk|1
|turn|25
|
|t:|1657539420
|move|p1a: Electivire|Cross Chop|p2a: Scrafty
|-supereffective|p2a: Scrafty
|-damage|p2a: Scrafty|44/100
|move|p2a: Scrafty|Drain Punch|p1a: Electivire
|-damage|p1a: Electivire|0 fnt
|-heal|p2a: Scrafty|51/100|[from] drain|[of] p1a: Electivire
|faint|p1a: Electivire
|
|upkeep
|
|t:|1657539431
|switch|p1a: Scrafty|Scrafty, M|63/100
|-damage|p1a: Scrafty|57/100|[from] Stealth Rock
|-ability|p1a: Scrafty|Intimidate|boost
|-unboost|p2a: Scrafty|atk|1
|turn|26
|
|t:|1657539435
|switch|p2a: Jellicent|Jellicent, F|80/100
|move|p1a: Scrafty|Drain Punch|p2a: Jellicent
|-immune|p2a: Jellicent
|
|-heal|p1a: Scrafty|63/100|[from] item: Leftovers
|-fieldend|move: Electric Terrain
|upkeep
|turn|27
|
|t:|1657539439
|move|p2a: Jellicent|Will-O-Wisp|p1a: Scrafty
|-status|p1a: Scrafty|brn
|move|p1a: Scrafty|Knock Off|p2a: Jellicent
|-supereffective|p2a: Jellicent
|-enditem|p2a: Jellicent|Colbur Berry|[eat]
|-enditem|p2a: Jellicent|Colbur Berry|[weaken]
|-damage|p2a: Jellicent|67/100
|-start|p1a: Scrafty|Disable|Knock Off|[from] ability: Cursed Body|[of] p2a: Jellicent
|
|-heal|p1a: Scrafty|69/100 brn|[from] item: Leftovers
|-damage|p1a: Scrafty|63/100 brn|[from] brn
|upkeep
|turn|28
|
|t:|1657539446
|move|p2a: Jellicent|Recover|p2a: Jellicent
|-heal|p2a: Jellicent|100/100
|move|p1a: Scrafty|Bulk Up|p1a: Scrafty
|-boost|p1a: Scrafty|atk|1
|-boost|p1a: Scrafty|def|1
|
|-heal|p1a: Scrafty|69/100 brn|[from] item: Leftovers
|-damage|p1a: Scrafty|63/100 brn|[from] brn
|upkeep
|turn|29
|
|t:|1657539450
|move|p2a: Jellicent|Taunt|p1a: Scrafty
|-start|p1a: Scrafty|move: Taunt
|cant|p1a: Scrafty|move: Taunt|Bulk Up
|
|-heal|p1a: Scrafty|69/100 brn|[from] item: Leftovers
|-damage|p1a: Scrafty|63/100 brn|[from] brn
|upkeep
|turn|30
|
|t:|1657539455
|switch|p2a: Scrafty|Scrafty, M|51/100
|-ability|p2a: Scrafty|Intimidate|boost
|-unboost|p1a: Scrafty|atk|1
|move|p1a: Scrafty|Poison Jab|p2a: Scrafty
|-damage|p2a: Scrafty|44/100
|
|-heal|p1a: Scrafty|69/100 brn|[from] item: Leftovers
|-damage|p1a: Scrafty|63/100 brn|[from] brn
|-end|p1a: Scrafty|Disable
|upkeep
|turn|31
|
|t:|1657539459
|move|p2a: Scrafty|Drain Punch|p1a: Scrafty
|-supereffective|p1a: Scrafty
|-damage|p1a: Scrafty|32/100 brn
|-heal|p2a: Scrafty|61/100|[from] drain|[of] p1a: Scrafty
|move|p1a: Scrafty|Drain Punch|p2a: Scrafty
|-supereffective|p2a: Scrafty
|-damage|p2a: Scrafty|41/100
|-heal|p1a: Scrafty|42/100 brn|[from] drain|[of] p2a: Scrafty
|
|-heal|p1a: Scrafty|48/100 brn|[from] item: Leftovers
|-damage|p1a: Scrafty|42/100 brn|[from] brn
|-end|p1a: Scrafty|move: Taunt
|upkeep
|turn|32
|
|t:|1657539468
|move|p2a: Scrafty|Drain Punch|p1a: Scrafty
|-supereffective|p1a: Scrafty
|-damage|p1a: Scrafty|11/100 brn
|-heal|p2a: Scrafty|58/100|[from] drain|[of] p1a: Scrafty
|move|p1a: Scrafty|Drain Punch|p2a: Scrafty
|-supereffective|p2a: Scrafty
|-damage|p2a: Scrafty|37/100
|-heal|p1a: Scrafty|21/100 brn|[from] drain|[of] p2a: Scrafty
|
|-heal|p1a: Scrafty|27/100 brn|[from] item: Leftovers
|-damage|p1a: Scrafty|21/100 brn|[from] brn
|upkeep
|turn|33
|
|t:|1657539473
|move|p2a: Scrafty|Drain Punch|p1a: Scrafty
|-supereffective|p1a: Scrafty
|-damage|p1a: Scrafty|0 fnt
|-heal|p2a: Scrafty|48/100|[from] drain|[of] p1a: Scrafty
|faint|p1a: Scrafty
|
|upkeep
|
|t:|1657539477
|switch|p1a: Pincurchin|Pincurchin, F|41/100
|-damage|p1a: Pincurchin|29/100|[from] Stealth Rock
|-fieldstart|move: Electric Terrain|[from] ability: Electric Surge|[of] p1a: Pincurchin
|turn|34
|
|t:|1657539499
|move|p2a: Scrafty|Knock Off|p1a: Pincurchin
|-damage|p1a: Pincurchin|0 fnt
|-enditem|p1a: Pincurchin|Terrain Extender|[from] move: Knock Off|[of] p2a: Scrafty
|faint|p1a: Pincurchin
|
|upkeep
|
|t:|1657539514
|switch|p1a: Swoobat|Swoobat, F|100/100
|-damage|p1a: Swoobat|76/100|[from] Stealth Rock
|-enditem|p1a: Swoobat|Electric Seed
|-boost|p1a: Swoobat|def|2|[from] item: Electric Seed
|turn|35
|
|t:|1657539524
|move|p1a: Swoobat|Calm Mind|p1a: Swoobat
|-boost|p1a: Swoobat|spa|2
|-boost|p1a: Swoobat|spd|2
|move|p2a: Scrafty|Knock Off|p1a: Swoobat
|-supereffective|p1a: Swoobat
|-damage|p1a: Swoobat|37/100
|
|upkeep
|turn|36
|
|t:|1657539530
|move|p1a: Swoobat|Roost|p1a: Swoobat
|-heal|p1a: Swoobat|87/100
|-singleturn|p1a: Swoobat|move: Roost
|move|p2a: Scrafty|Knock Off|p1a: Swoobat
|-supereffective|p1a: Swoobat
|-damage|p1a: Swoobat|49/100
|
|upkeep
|turn|37
|
|t:|1657539536
|move|p1a: Swoobat|Roost|p1a: Swoobat
|-heal|p1a: Swoobat|99/100
|-singleturn|p1a: Swoobat|move: Roost
|move|p2a: Scrafty|Knock Off|p1a: Swoobat
|-supereffective|p1a: Swoobat
|-damage|p1a: Swoobat|61/100
|
|upkeep
|turn|38
|
|t:|1657539540
|move|p1a: Swoobat|Calm Mind|p1a: Swoobat
|-boost|p1a: Swoobat|spa|2
|-boost|p1a: Swoobat|spd|2
|move|p2a: Scrafty|Knock Off|p1a: Swoobat
|-supereffective|p1a: Swoobat
|-damage|p1a: Swoobat|22/100
|
|upkeep
|turn|39
|
|t:|1657539543
|move|p1a: Swoobat|Roost|p1a: Swoobat
|-heal|p1a: Swoobat|72/100
|-singleturn|p1a: Swoobat|move: Roost
|move|p2a: Scrafty|Knock Off|p1a: Swoobat
|-supereffective|p1a: Swoobat
|-damage|p1a: Swoobat|35/100
|
|upkeep
|turn|40
|
|t:|1657539551
|move|p1a: Swoobat|Roost|p1a: Swoobat
|-heal|p1a: Swoobat|85/100
|-singleturn|p1a: Swoobat|move: Roost
|move|p2a: Scrafty|Knock Off|p1a: Swoobat
|-supereffective|p1a: Swoobat
|-damage|p1a: Swoobat|47/100
|
|upkeep
|turn|41
|
|t:|1657539553
|move|p1a: Swoobat|Roost|p1a: Swoobat
|-heal|p1a: Swoobat|97/100
|-singleturn|p1a: Swoobat|move: Roost
|move|p2a: Scrafty|Knock Off|p1a: Swoobat
|-supereffective|p1a: Swoobat
|-crit|p1a: Swoobat
|-damage|p1a: Swoobat|0 fnt
|faint|p1a: Swoobat
|
|-fieldend|move: Electric Terrain
|upkeep
|c|☆BiscotteKouloulou|obvious
|l|☆Vaaanquiish
|player|p1|
|c|☆BiscotteKouloulou|gg
|inactive|Battle timer is ON: inactive players will automatically lose when time's up. (requested by BiscotteKouloulou)
|inactive|Vaaanquiish has 30 seconds to reconnect!
|inactive|Vaaanquiish has 20 seconds to reconnect!
|inactive|Vaaanquiish has 15 seconds to reconnect!
|inactive|Vaaanquiish has 10 seconds to reconnect!
|inactive|Vaaanquiish has 5 seconds to reconnect!
|-message|Vaaanquiish lost due to inactivity.
|
|win|BiscotteKouloulou
|raw|Vaaanquiish's rating: 1066 &rarr; <strong>1059</strong><br />(-7 for losing)
|raw|BiscotteKouloulou's rating: 1343 &rarr; <strong>1350</strong><br />(+7 for winning)
