|j|☆m3p0
|j|☆pattekjr
|player|p1|m3p0|130|1505
|player|p2|pattekjr|hilbert-dueldisk|1398
|teamsize|p1|6
|teamsize|p2|6
|gametype|singles
|gen|8
|tier|[Gen 8] PU
|rated|
|clearpoke
|poke|p1|Greedent, F|
|poke|p1|Wishiwashi, F|
|poke|p1|Musharna, F|
|poke|p1|Dusclops, F|
|poke|p1|Throh, M|
|poke|p1|Silvally-*|
|poke|p2|Stonjourner, F|
|poke|p2|Silvally-*|
|poke|p2|Wishiwashi, M|
|poke|p2|Type: Null|
|poke|p2|Mawile, F|
|poke|p2|Vibrava, M|
|rule|Sleep Clause Mod: Limit one foe put to sleep
|rule|Species Clause: Limit one of each Pokémon
|rule|OHKO Clause: OHKO moves are banned
|rule|Evasion Moves Clause: Evasion moves are banned
|rule|Endless Battle Clause: Forcing endless battles is banned
|rule|HP Percentage Mod: HP is shown in percentages
|rule|Dynamax Clause: You cannot dynamax
|teampreview
|inactive|Battle timer is ON: inactive players will automatically lose when time's up. (requested by pattekjr)
|
|start
|switch|p1a: Wishiwashi|Wishiwashi, F|100/100
|switch|p2a: Mawile|Mawile, F|100/100
|-ability|p2a: Mawile|Intimidate|boost
|-unboost|p1a: Wishiwashi|atk|1
|-formechange|p1a: Wishiwashi|Wishiwashi-School||[from] ability: Schooling
|turn|1
|
|switch|p2a: Wishiwashi|Wishiwashi, M|100/100
|-formechange|p2a: Wishiwashi|Wishiwashi-School||[from] ability: Schooling
|move|p1a: Wishiwashi|Surf|p2a: Wishiwashi
|-resisted|p2a: Wishiwashi
|-damage|p2a: Wishiwashi|62/100
|
|-heal|p2a: Wishiwashi|68/100|[from] item: Leftovers
|upkeep
|turn|2
|
|move|p2a: Wishiwashi|U-turn|p1a: Wishiwashi
|-damage|p1a: Wishiwashi|83/100
|
|switch|p2a: Type: Null|Type: Null|100/100|[from]move: U-turn
|move|p1a: Wishiwashi|Surf|p2a: Type: Null
|-damage|p2a: Type: Null|66/100
|
|upkeep
|turn|3
|
|move|p2a: Type: Null|U-turn|p1a: Wishiwashi
|-damage|p1a: Wishiwashi|69/100
|
|switch|p2a: Wishiwashi|Wishiwashi, M|68/100|[from]move: U-turn
|-formechange|p2a: Wishiwashi|Wishiwashi-School||[from] ability: Schooling
|move|p1a: Wishiwashi|Surf|p2a: Wishiwashi
|-resisted|p2a: Wishiwashi
|-damage|p2a: Wishiwashi|30/100
|
|-heal|p2a: Wishiwashi|37/100|[from] item: Leftovers
|upkeep
|turn|4
|
|move|p2a: Wishiwashi|Rest|p2a: Wishiwashi
|-status|p2a: Wishiwashi|slp|[from] move: Rest
|-heal|p2a: Wishiwashi|100/100 slp|[silent]
|move|p1a: Wishiwashi|Surf|p2a: Wishiwashi
|-resisted|p2a: Wishiwashi
|-damage|p2a: Wishiwashi|64/100 slp
|
|-heal|p2a: Wishiwashi|71/100 slp|[from] item: Leftovers
|upkeep
|turn|5
|
|cant|p2a: Wishiwashi|slp
|move|p2a: Wishiwashi|Sleep Talk|p2a: Wishiwashi
|move|p2a: Wishiwashi|U-turn|p1a: Wishiwashi|[from]Sleep Talk
|-damage|p1a: Wishiwashi|49/100
|
|switch|p2a: Type: Null|Type: Null|66/100|[from]move: U-turn
|move|p1a: Wishiwashi|Surf|p2a: Type: Null
|-damage|p2a: Type: Null|29/100
|
|upkeep
|turn|6
|
|move|p2a: Type: Null|Rest|p2a: Type: Null
|-status|p2a: Type: Null|slp|[from] move: Rest
|-heal|p2a: Type: Null|100/100 slp|[silent]
|move|p1a: Wishiwashi|Surf|p2a: Type: Null
|-damage|p2a: Type: Null|64/100 slp
|
|upkeep
|turn|7
|
|cant|p2a: Type: Null|slp
|move|p2a: Type: Null|Sleep Talk|p2a: Type: Null
|move|p2a: Type: Null|Rest|p2a: Type: Null|[from]Sleep Talk
|-fail|p2a: Type: Null
|move|p1a: Wishiwashi|Surf|p2a: Type: Null
|-damage|p2a: Type: Null|31/100 slp
|
|upkeep
|turn|8
|
|cant|p2a: Type: Null|slp
|move|p2a: Type: Null|Sleep Talk|p2a: Type: Null
|move|p2a: Type: Null|U-turn|p1a: Wishiwashi|[from]Sleep Talk
|-damage|p1a: Wishiwashi|33/100
|j| RawMelon
|
|switch|p2a: Wishiwashi|Wishiwashi, M|71/100 slp|[from]move: U-turn
|-formechange|p2a: Wishiwashi|Wishiwashi-School||[from] ability: Schooling
|move|p1a: Wishiwashi|Surf|p2a: Wishiwashi
|-resisted|p2a: Wishiwashi
|-damage|p2a: Wishiwashi|35/100 slp
|
|-heal|p2a: Wishiwashi|41/100 slp|[from] item: Leftovers
|upkeep
|turn|9
|
|cant|p2a: Wishiwashi|slp
|move|p2a: Wishiwashi|Sleep Talk|p2a: Wishiwashi
|move|p2a: Wishiwashi|Scald|p1a: Wishiwashi|[from]Sleep Talk
|-resisted|p1a: Wishiwashi
|-damage|p1a: Wishiwashi|17/100
|move|p1a: Wishiwashi|Surf|p2a: Wishiwashi
|-resisted|p2a: Wishiwashi
|-damage|p2a: Wishiwashi|2/100 slp
|
|-heal|p2a: Wishiwashi|8/100 slp|[from] item: Leftovers
|-formechange|p2a: Wishiwashi|Wishiwashi||[from] ability: Schooling
|-formechange|p1a: Wishiwashi|Wishiwashi||[from] ability: Schooling
|upkeep
|turn|10
|
|switch|p1a: Throh|Throh, M|100/100
|-curestatus|p2a: Wishiwashi|slp|[msg]
|move|p2a: Wishiwashi|Rest|p2a: Wishiwashi
|-status|p2a: Wishiwashi|slp|[from] move: Rest
|-heal|p2a: Wishiwashi|100/100 slp|[silent]
|
|-status|p1a: Throh|brn|[from] item: Flame Orb
|-formechange|p2a: Wishiwashi|Wishiwashi-School||[from] ability: Schooling
|upkeep
|turn|11
|
|switch|p2a: Silvally|Silvally-Flying|100/100
|move|p1a: Throh|Superpower|p2a: Silvally
|-resisted|p2a: Silvally
|-damage|p2a: Silvally|57/100
|-unboost|p1a: Throh|atk|1
|-unboost|p1a: Throh|def|1
|
|-damage|p1a: Throh|94/100 brn|[from] brn
|upkeep
|turn|12
|
|switch|p1a: Dusclops|Dusclops, F|100/100
|-item|p2a: Silvally|Flying Memory|[from] ability: Frisk|[of] p1a: Dusclops|[identify]
|move|p2a: Silvally|Multi-Attack|p1a: Dusclops
|-damage|p1a: Dusclops|74/100
|
|upkeep
|turn|13
|
|switch|p1a: Silvally|Silvally-Fire|100/100
|move|p2a: Silvally|U-turn|p1a: Silvally
|-resisted|p1a: Silvally
|-damage|p1a: Silvally|90/100
|
|switch|p2a: Stonjourner|Stonjourner, F|100/100|[from]move: U-turn
|
|upkeep
|turn|14
|
|switch|p1a: Dusclops|Dusclops, F|74/100
|-item|p2a: Stonjourner|Choice Band|[from] ability: Frisk|[of] p1a: Dusclops|[identify]
|move|p2a: Stonjourner|Earthquake|p1a: Dusclops
|-damage|p1a: Dusclops|46/100
|
|upkeep
|turn|15
|j| Acwise
|
|switch|p2a: Mawile|Mawile, F|100/100
|-ability|p2a: Mawile|Intimidate|boost
|-unboost|p1a: Dusclops|atk|1
|move|p1a: Dusclops|Trick Room|p1a: Dusclops
|-fieldstart|move: Trick Room|[of] p1a: Dusclops
|
|upkeep
|turn|16
|l| Acwise
|
|switch|p1a: Throh|Throh, M|94/100 brn
|move|p2a: Mawile|Stealth Rock|p1a: Throh
|-sidestart|p1: m3p0|move: Stealth Rock
|
|-damage|p1a: Throh|88/100 brn|[from] brn
|upkeep
|turn|17
|
|switch|p2a: Type: Null|Type: Null|31/100 slp
|move|p1a: Throh|Superpower|p2a: Type: Null
|-supereffective|p2a: Type: Null
|-damage|p2a: Type: Null|0 fnt
|-unboost|p1a: Throh|atk|1
|-unboost|p1a: Throh|def|1
|faint|p2a: Type: Null
|
|-damage|p1a: Throh|82/100 brn|[from] brn
|upkeep
|
|switch|p2a: Silvally|Silvally-Flying|57/100
|turn|18
|
|move|p1a: Throh|Facade|p2a: Silvally
|-damage|p2a: Silvally|10/100
|move|p2a: Silvally|Multi-Attack|p1a: Throh
|-supereffective|p1a: Throh
|-damage|p1a: Throh|0 fnt
|faint|p1a: Throh
|
|upkeep
|
|switch|p1a: Musharna|Musharna, F|100/100
|-damage|p1a: Musharna|88/100|[from] Stealth Rock
|turn|19
|
|switch|p2a: Vibrava|Vibrava, M|100/100
|move|p1a: Musharna|Moonblast|p2a: Vibrava
|-supereffective|p2a: Vibrava
|-damage|p2a: Vibrava|64/100
|
|-fieldend|move: Trick Room
|upkeep
|turn|20
|
|move|p2a: Vibrava|Toxic|p1a: Musharna
|-status|p1a: Musharna|tox
|-activate|p1a: Musharna|ability: Synchronize
|-status|p2a: Vibrava|tox
|move|p1a: Musharna|Moonblast|p2a: Vibrava
|-supereffective|p2a: Vibrava
|-damage|p2a: Vibrava|23/100 tox
|-unboost|p2a: Vibrava|spa|1
|
|-damage|p2a: Vibrava|17/100 tox|[from] psn
|-damage|p1a: Musharna|82/100 tox|[from] psn
|upkeep
|turn|21
|
|switch|p1a: Silvally|Silvally-Fire|90/100
|-damage|p1a: Silvally|65/100|[from] Stealth Rock
|move|p2a: Vibrava|Roost|p2a: Vibrava
|-heal|p2a: Vibrava|67/100 tox
|-singleturn|p2a: Vibrava|move: Roost
|
|-damage|p2a: Vibrava|56/100 tox|[from] psn
|upkeep
|turn|22
|
|switch|p2a: Wishiwashi|Wishiwashi, M|100/100 slp
|-formechange|p2a: Wishiwashi|Wishiwashi-School||[from] ability: Schooling
|move|p1a: Silvally|Defog|p2a: Wishiwashi
|-unboost|p2a: Wishiwashi|evasion|1
|-sideend|p1: m3p0|Stealth Rock|[from] move: Defog|[of] p1a: Silvally
|
|upkeep
|turn|23
|
|move|p1a: Silvally|Parting Shot|p2a: Wishiwashi
|-unboost|p2a: Wishiwashi|atk|1
|-unboost|p2a: Wishiwashi|spa|1
|j| Musharnanigans
|
|switch|p1a: Musharna|Musharna, F|82/100 tox|[from]move: Parting Shot
|cant|p2a: Wishiwashi|slp
|move|p2a: Wishiwashi|Sleep Talk|p2a: Wishiwashi
|move|p2a: Wishiwashi|Rest|p2a: Wishiwashi|[from]Sleep Talk
|-fail|p2a: Wishiwashi|heal
|
|-damage|p1a: Musharna|76/100 tox|[from] psn
|upkeep
|turn|24
|
|cant|p2a: Wishiwashi|slp
|move|p2a: Wishiwashi|Sleep Talk|p2a: Wishiwashi
|move|p2a: Wishiwashi|U-turn|p1a: Musharna|[from]Sleep Talk
|-supereffective|p1a: Musharna
|-damage|p1a: Musharna|55/100 tox
|
|switch|p2a: Mawile|Mawile, F|100/100|[from]move: U-turn
|-ability|p2a: Mawile|Intimidate|boost
|-unboost|p1a: Musharna|atk|1
|move|p1a: Musharna|Trick Room|p1a: Musharna
|-fieldstart|move: Trick Room|[of] p1a: Musharna
|
|-damage|p1a: Musharna|43/100 tox|[from] psn
|upkeep
|turn|25
|
|move|p1a: Musharna|Healing Wish|p1a: Musharna
|faint|p1a: Musharna
|move|p2a: Mawile|Stealth Rock|p1: Musharna
|-sidestart|p1: m3p0|move: Stealth Rock
|
|upkeep
|
|switch|p1a: Greedent|Greedent, F|100/100
|-damage|p1a: Greedent|88/100|[from] Stealth Rock
|turn|26
|
|move|p1a: Greedent|Belly Drum|p1a: Greedent
|-damage|p1a: Greedent|38/100
|-setboost|p1a: Greedent|atk|6|[from] move: Belly Drum
|-enditem|p1a: Greedent|Sitrus Berry|[eat]
|-heal|p1a: Greedent|63/100|[from] item: Sitrus Berry
|-heal|p1a: Greedent|96/100|[from] ability: Cheek Pouch
|move|p2a: Mawile|Toxic|p1a: Greedent
|-status|p1a: Greedent|tox
|
|-damage|p1a: Greedent|90/100 tox|[from] psn
|upkeep
|turn|27
|
|switch|p2a: Vibrava|Vibrava, M|56/100 tox
|move|p1a: Greedent|Body Slam|p2a: Vibrava
|-damage|p2a: Vibrava|0 fnt
|faint|p2a: Vibrava
|
|-damage|p1a: Greedent|78/100 tox|[from] psn
|upkeep
|
|switch|p2a: Mawile|Mawile, F|100/100
|-ability|p2a: Mawile|Intimidate|boost
|-unboost|p1a: Greedent|atk|1
|turn|28
|
|switch|p2a: Silvally|Silvally-Flying|10/100
|move|p1a: Greedent|Earthquake|p2a: Silvally
|-immune|p2a: Silvally
|
|-damage|p1a: Greedent|60/100 tox|[from] psn
|-fieldend|move: Trick Room
|upkeep
|turn|29
|
|move|p2a: Silvally|Multi-Attack|p1a: Greedent
|-damage|p1a: Greedent|17/100 tox
|move|p1a: Greedent|Crunch|p2a: Silvally
|-damage|p2a: Silvally|0 fnt
|faint|p2a: Silvally
|
|-damage|p1a: Greedent|0 fnt|[from] psn
|faint|p1a: Greedent
|upkeep
|
|switch|p2a: Stonjourner|Stonjourner, F|100/100
|switch|p1a: Silvally|Silvally-Fire|65/100
|-heal|p1a: Silvally|100/100|[from] move: Healing Wish
|-damage|p1a: Silvally|76/100|[from] Stealth Rock
|turn|30
|
|move|p1a: Silvally|Surf|p2a: Stonjourner
|-supereffective|p2a: Stonjourner
|-damage|p2a: Stonjourner|0 fnt
|faint|p2a: Stonjourner
|
|upkeep
|
|switch|p2a: Wishiwashi|Wishiwashi, M|100/100 slp
|-formechange|p2a: Wishiwashi|Wishiwashi-School||[from] ability: Schooling
|turn|31
|
|move|p1a: Silvally|Defog|p2a: Wishiwashi
|-unboost|p2a: Wishiwashi|evasion|1
|-sideend|p1: m3p0|Stealth Rock|[from] move: Defog|[of] p1a: Silvally
|-curestatus|p2a: Wishiwashi|slp|[msg]
|move|p2a: Wishiwashi|Scald|p1a: Silvally
|-supereffective|p1a: Silvally
|-damage|p1a: Silvally|0 fnt
|faint|p1a: Silvally
|
|upkeep
|
|switch|p1a: Dusclops|Dusclops, F|46/100
|-item|p2a: Wishiwashi|Leftovers|[from] ability: Frisk|[of] p1a: Dusclops|[identify]
|turn|32
|
|move|p2a: Wishiwashi|Scald|p1a: Dusclops
|-damage|p1a: Dusclops|22/100
|-status|p1a: Dusclops|brn
|move|p1a: Dusclops|Trick Room|p1a: Dusclops
|-fieldstart|move: Trick Room|[of] p1a: Dusclops
|
|-damage|p1a: Dusclops|16/100 brn|[from] brn
|upkeep
|turn|33
|
|move|p1a: Dusclops|Night Shade|p2a: Wishiwashi
|-damage|p2a: Wishiwashi|66/100
|move|p2a: Wishiwashi|U-turn|p1a: Dusclops
|-resisted|p1a: Dusclops
|-damage|p1a: Dusclops|11/100 brn
|inactiveoff|Battle timer is now OFF.
|
|switch|p2a: Mawile|Mawile, F|100/100|[from]move: U-turn
|-ability|p2a: Mawile|Intimidate|boost
|-unboost|p1a: Dusclops|atk|1
|
|-damage|p1a: Dusclops|5/100 brn|[from] brn
|upkeep
|turn|34
|
|move|p1a: Dusclops|Night Shade|p2a: Mawile
|-damage|p2a: Mawile|68/100
|move|p2a: Mawile|Stealth Rock|p1a: Dusclops
|-sidestart|p1: m3p0|move: Stealth Rock
|
|-damage|p1a: Dusclops|0 fnt|[from] brn
|faint|p1a: Dusclops
|upkeep
|
|switch|p1a: Wishiwashi|Wishiwashi, F|17/100
|-damage|p1a: Wishiwashi|4/100|[from] Stealth Rock
|turn|35
|
|move|p1a: Wishiwashi|Surf|p2a: Mawile
|-damage|p2a: Mawile|5/100
|move|p2a: Mawile|Iron Head|p1a: Wishiwashi
|-resisted|p1a: Wishiwashi
|-damage|p1a: Wishiwashi|0 fnt
|faint|p1a: Wishiwashi
|
|win|pattekjr
|l| Musharnanigans
|l|☆m3p0
||Ladder (probably) updated, but score could not be retrieved (Response not received).
