|j|☆JoJo Reference #11
|j|☆CelticDruid34
|t:|1666557868
|gametype|singles
|player|p1|JoJo Reference #11|266|1325
|player|p2|CelticDruid34|265|1271
|teamsize|p1|6
|teamsize|p2|6
|gen|8
|tier|[Gen 8] PU
|rated|
|rule|Sleep Clause Mod: Limit one foe put to sleep
|rule|Species Clause: Limit one of each Pokémon
|rule|OHKO Clause: OHKO moves are banned
|rule|Evasion Items Clause: Evasion items are banned
|rule|Evasion Moves Clause: Evasion moves are banned
|rule|Endless Battle Clause: Forcing endless battles is banned
|rule|HP Percentage Mod: HP is shown in percentages
|rule|Dynamax Clause: You cannot dynamax
|clearpoke
|poke|p1|Trevenant, F|
|poke|p1|Corsola, M|
|poke|p1|Silvally-*|
|poke|p1|Lanturn, M|
|poke|p1|Gallade, M|
|poke|p1|Cryogonal|
|poke|p2|Vikavolt, F|
|poke|p2|Accelgor, F|
|poke|p2|Comfey, F|
|poke|p2|Archeops, F|
|poke|p2|Marowak, F|
|poke|p2|Gallade, M|
|teampreview
|inactive|Battle timer is ON: inactive players will automatically lose when time's up. (requested by CelticDruid34)
|
|t:|1666557883
|start
|switch|p1a: Gallade|Gallade, M|100/100
|switch|p2a: Marowak|Marowak, F|100/100
|turn|1
|inactive|CelticDruid34 has 120 seconds left.
|inactive|JoJo Reference #11 has 120 seconds left.
|
|t:|1666557920
|move|p1a: Gallade|Trick|p2a: Marowak
|-activate|p1a: Gallade|move: Trick|[of] p2a: Marowak
|-item|p2a: Marowak|Choice Scarf|[from] move: Trick
|-item|p1a: Gallade|Thick Club|[from] move: Trick
|move|p2a: Marowak|Earthquake|p1a: Gallade
|-damage|p1a: Gallade|49/100
|
|upkeep
|turn|2
|
|t:|1666557929
|switch|p1a: Cryogonal|Cryogonal|100/100
|move|p2a: Marowak|Earthquake|p1a: Cryogonal
|-immune|p1a: Cryogonal|[from] ability: Levitate
|
|upkeep
|turn|3
|
|t:|1666557939
|switch|p2a: Gallade|Gallade, M|100/100
|move|p1a: Cryogonal|Toxic|p2a: Gallade|[miss]
|-miss|p1a: Cryogonal|p2a: Gallade
|
|upkeep
|turn|4
|
|t:|1666557947
|switch|p1a: Silvally|Silvally-Fairy|100/100
|move|p2a: Gallade|Close Combat|p1a: Silvally
|-resisted|p1a: Silvally
|-damage|p1a: Silvally|62/100
|-unboost|p2a: Gallade|def|1
|-unboost|p2a: Gallade|spd|1
|-damage|p2a: Gallade|91/100|[from] item: Life Orb
|
|upkeep
|turn|5
|
|t:|1666557968
|switch|p2a: Marowak|Marowak, F|100/100
|move|p1a: Silvally|Multi-Attack|p2a: Marowak
|-damage|p2a: Marowak|55/100
|
|upkeep
|turn|6
|
|t:|1666557975
|move|p1a: Silvally|Parting Shot|p2a: Marowak
|-unboost|p2a: Marowak|atk|1
|-unboost|p2a: Marowak|spa|1
|
|t:|1666557977
|switch|p1a: Corsola|Corsola, M|100/100|[from]move: Parting Shot
|move|p2a: Marowak|Earthquake|p1a: Corsola
|-supereffective|p1a: Corsola
|-damage|p1a: Corsola|68/100
|
|upkeep
|turn|7
|inactive|CelticDruid34 has 120 seconds left.
|
|t:|1666558014
|move|p2a: Marowak|Earthquake|p1a: Corsola
|-supereffective|p1a: Corsola
|-damage|p1a: Corsola|35/100
|move|p1a: Corsola|Stealth Rock|p2a: Marowak
|-sidestart|p2: CelticDruid34|move: Stealth Rock
|
|upkeep
|turn|8
|
|t:|1666558023
|switch|p2a: Gallade|Gallade, M|91/100
|-damage|p2a: Gallade|85/100|[from] Stealth Rock
|switch|p1a: Cryogonal|Cryogonal|100/100
|
|upkeep
|turn|9
|
|t:|1666558035
|switch|p1a: Trevenant|Trevenant, F|100/100
|move|p2a: Gallade|Close Combat|p1a: Trevenant
|-immune|p1a: Trevenant
|
|upkeep
|turn|10
|
|t:|1666558047
|switch|p2a: Marowak|Marowak, F|55/100
|-damage|p2a: Marowak|49/100|[from] Stealth Rock
|switch|p1a: Silvally|Silvally-Fairy|62/100
|
|upkeep
|turn|11
|
|t:|1666558054
|move|p1a: Silvally|Parting Shot|p2a: Marowak
|-unboost|p2a: Marowak|atk|1
|-unboost|p2a: Marowak|spa|1
|
|t:|1666558057
|switch|p1a: Corsola|Corsola, M|68/100|[from]move: Parting Shot
|move|p2a: Marowak|Knock Off|p1a: Corsola
|-damage|p1a: Corsola|59/100
|-enditem|p1a: Corsola|Heavy-Duty Boots|[from] move: Knock Off|[of] p2a: Marowak
|
|upkeep
|turn|12
|
|t:|1666558067
|switch|p2a: Gallade|Gallade, M|85/100
|-damage|p2a: Gallade|78/100|[from] Stealth Rock
|move|p1a: Corsola|Scald|p2a: Gallade
|-damage|p2a: Gallade|58/100
|
|upkeep
|turn|13
|
|t:|1666558072
|switch|p1a: Silvally|Silvally-Fairy|62/100
|move|p2a: Gallade|Fire Punch|p1a: Silvally
|-damage|p1a: Silvally|24/100
|-damage|p2a: Gallade|48/100|[from] item: Life Orb
|
|upkeep
|turn|14
|
|t:|1666558082
|move|p1a: Silvally|Multi-Attack|p2a: Gallade
|-supereffective|p2a: Gallade
|-damage|p2a: Gallade|0 fnt
|faint|p2a: Gallade
|
|upkeep
|
|t:|1666558091
|switch|p2a: Marowak|Marowak, F|49/100
|-damage|p2a: Marowak|43/100|[from] Stealth Rock
|turn|15
|
|t:|1666558096
|move|p1a: Silvally|Parting Shot|p2a: Marowak
|-unboost|p2a: Marowak|atk|1
|-unboost|p2a: Marowak|spa|1
|
|t:|1666558098
|switch|p1a: Corsola|Corsola, M|92/100|[from]move: Parting Shot
|move|p2a: Marowak|Power-Up Punch|p1a: Corsola
|-supereffective|p1a: Corsola
|-damage|p1a: Corsola|84/100
|-boost|p2a: Marowak|atk|1
|
|upkeep
|turn|16
|
|t:|1666558118
|switch|p2a: Comfey|Comfey, F|100/100
|-damage|p2a: Comfey|88/100|[from] Stealth Rock
|switch|p1a: Gallade|Gallade, M|49/100
|
|-heal|p2a: Comfey|94/100|[from] item: Leftovers
|upkeep
|turn|17
|
|t:|1666558125
|switch|p1a: Trevenant|Trevenant, F|100/100
|move|p2a: Comfey|Defog|p1a: Trevenant
|-unboost|p1a: Trevenant|evasion|1
|-sideend|p2: CelticDruid34|Stealth Rock|[from] move: Defog|[of] p2a: Comfey
|
|-heal|p2a: Comfey|100/100|[from] item: Leftovers
|upkeep
|turn|18
|
|t:|1666558135
|switch|p2a: Marowak|Marowak, F|43/100
|move|p1a: Trevenant|Poltergeist|p2a: Marowak|[miss]
|-miss|p1a: Trevenant|p2a: Marowak
|
|upkeep
|turn|19
|
|t:|1666558146
|switch|p1a: Corsola|Corsola, M|100/100
|move|p2a: Marowak|Stealth Rock|p1a: Corsola
|-sidestart|p1: JoJo Reference #11|move: Stealth Rock
|
|upkeep
|turn|20
|
|t:|1666558151
|switch|p2a: Vikavolt|Vikavolt, F|100/100
|move|p1a: Corsola|Stealth Rock|p2a: Vikavolt
|-sidestart|p2: CelticDruid34|move: Stealth Rock
|
|upkeep
|turn|21
|
|t:|1666558155
|switch|p1a: Cryogonal|Cryogonal|100/100
|move|p2a: Vikavolt|Energy Ball|p1a: Cryogonal
|-damage|p1a: Cryogonal|65/100
|
|upkeep
|turn|22
|
|t:|1666558178
|move|p1a: Cryogonal|Rapid Spin|p2a: Vikavolt
|-damage|p2a: Vikavolt|93/100
|-boost|p1a: Cryogonal|spe|1
|-sideend|p1: JoJo Reference #11|Stealth Rock|[from] move: Rapid Spin|[of] p1a: Cryogonal
|move|p2a: Vikavolt|Energy Ball|p1a: Cryogonal
|-damage|p1a: Cryogonal|26/100
|
|upkeep
|turn|23
|
|t:|1666558186
|move|p1a: Cryogonal|Recover|p1a: Cryogonal
|-heal|p1a: Cryogonal|76/100
|move|p2a: Vikavolt|Energy Ball|p1a: Cryogonal
|-damage|p1a: Cryogonal|41/100
|
|upkeep
|turn|24
|
|t:|1666558197
|switch|p2a: Comfey|Comfey, F|100/100
|-damage|p2a: Comfey|88/100|[from] Stealth Rock
|move|p1a: Cryogonal|Recover|p1a: Cryogonal
|-heal|p1a: Cryogonal|91/100
|
|-heal|p2a: Comfey|94/100|[from] item: Leftovers
|upkeep
|turn|25
|
|t:|1666558200
|move|p1a: Cryogonal|Toxic|p2a: Comfey|[miss]
|-miss|p1a: Cryogonal|p2a: Comfey
|move|p2a: Comfey|Defog|p1a: Cryogonal
|-unboost|p1a: Cryogonal|evasion|1
|-sideend|p2: CelticDruid34|Stealth Rock|[from] move: Defog|[of] p2a: Comfey
|
|-heal|p2a: Comfey|100/100|[from] item: Leftovers
|upkeep
|turn|26
|
|t:|1666558209
|switch|p2a: Marowak|Marowak, F|43/100
|move|p1a: Cryogonal|Toxic|p2a: Marowak
|-status|p2a: Marowak|tox
|
|-damage|p2a: Marowak|37/100 tox|[from] psn
|upkeep
|turn|27
|
|t:|1666558212
|move|p1a: Cryogonal|Freeze-Dry|p2a: Marowak
|-supereffective|p2a: Marowak
|-damage|p2a: Marowak|0 fnt
|faint|p2a: Marowak
|
|upkeep
|
|t:|1666558224
|switch|p2a: Accelgor|Accelgor, F|100/100
|turn|28
|
|t:|1666558231
|move|p2a: Accelgor|Toxic|p1a: Cryogonal
|-status|p1a: Cryogonal|tox
|move|p1a: Cryogonal|Toxic|p2a: Accelgor
|-status|p2a: Accelgor|tox
|
|-damage|p2a: Accelgor|94/100 tox|[from] psn
|-damage|p1a: Cryogonal|85/100 tox|[from] psn
|upkeep
|turn|29
|
|t:|1666558255
|switch|p1a: Lanturn|Lanturn, M|100/100
|move|p2a: Accelgor|Protect||[still]
|-fail|p2a: Accelgor
|
|-damage|p2a: Accelgor|82/100 tox|[from] psn
|upkeep
|turn|30
|
|t:|1666558259
|move|p2a: Accelgor|Spikes|p1a: Lanturn
|-sidestart|p1: JoJo Reference #11|Spikes
|move|p1a: Lanturn|Heal Bell|p1a: Lanturn
|-activate|p1a: Lanturn|move: Heal Bell
|-curestatus|p1: Cryogonal|tox|[msg]
|
|-damage|p2a: Accelgor|64/100 tox|[from] psn
|upkeep
|turn|31
|
|t:|1666558263
|move|p2a: Accelgor|Spikes|p1a: Lanturn
|-sidestart|p1: JoJo Reference #11|Spikes
|move|p1a: Lanturn|Volt Switch|p2a: Accelgor
|-damage|p2a: Accelgor|34/100 tox
|
|t:|1666558266
|switch|p1a: Cryogonal|Cryogonal|85/100|[from]move: Volt Switch
|
|-damage|p2a: Accelgor|10/100 tox|[from] psn
|upkeep
|turn|32
|
|t:|1666558271
|move|p2a: Accelgor|U-turn|p1a: Cryogonal
|-damage|p1a: Cryogonal|63/100
|
|t:|1666558274
|switch|p2a: Archeops|Archeops, F|100/100|[from]move: U-turn
|move|p1a: Cryogonal|Rapid Spin|p2a: Archeops
|-resisted|p2a: Archeops
|-damage|p2a: Archeops|96/100
|-boost|p1a: Cryogonal|spe|1
|-sideend|p1: JoJo Reference #11|Spikes|[from] move: Rapid Spin|[of] p1a: Cryogonal
|
|upkeep
|turn|33
|
|t:|1666558281
|move|p1a: Cryogonal|Freeze-Dry|p2a: Archeops
|-supereffective|p2a: Archeops
|-damage|p2a: Archeops|17/100
|move|p2a: Archeops|Stone Edge|p1a: Cryogonal
|-supereffective|p1a: Cryogonal
|-damage|p1a: Cryogonal|0 fnt
|faint|p1a: Cryogonal
|
|upkeep
|
|t:|1666558288
|switch|p1a: Corsola|Corsola, M|100/100
|turn|34
|
|t:|1666558294
|switch|p2a: Comfey|Comfey, F|100/100
|move|p1a: Corsola|Stealth Rock|p2a: Comfey
|-sidestart|p2: CelticDruid34|move: Stealth Rock
|
|upkeep
|turn|35
|
|t:|1666558297
|switch|p1a: Trevenant|Trevenant, F|100/100
|move|p2a: Comfey|Giga Drain|p1a: Trevenant
|-resisted|p1a: Trevenant
|-damage|p1a: Trevenant|91/100
|
|upkeep
|turn|36
|
|t:|1666558302
|move|p2a: Comfey|Defog|p1a: Trevenant
|-unboost|p1a: Trevenant|evasion|1
|-sideend|p2: CelticDruid34|Stealth Rock|[from] move: Defog|[of] p2a: Comfey
|move|p1a: Trevenant|Poltergeist|p2a: Comfey
|-activate|p2a: Comfey|move: Poltergeist|Leftovers
|-damage|p2a: Comfey|6/100
|
|-heal|p2a: Comfey|13/100|[from] item: Leftovers
|upkeep
|turn|37
|
|t:|1666558307
|switch|p2a: Accelgor|Accelgor, F|10/100 tox
|move|p1a: Trevenant|Poltergeist|p2a: Accelgor
|-activate|p2a: Accelgor|move: Poltergeist|Focus Sash
|-damage|p2a: Accelgor|0 fnt
|faint|p2a: Accelgor
|
|upkeep
|
|t:|1666558314
|switch|p2a: Archeops|Archeops, F|17/100
|turn|38
|
|t:|1666558317
|switch|p1a: Corsola|Corsola, M|100/100
|move|p2a: Archeops|Dual Wingbeat|p1a: Corsola|[miss]
|-miss|p2a: Archeops|p1a: Corsola
|
|upkeep
|turn|39
|
|t:|1666558330
|switch|p2a: Vikavolt|Vikavolt, F|93/100
|move|p1a: Corsola|Stealth Rock|p2a: Vikavolt
|-sidestart|p2: CelticDruid34|move: Stealth Rock
|
|upkeep
|turn|40
|
|t:|1666558335
|switch|p1a: Gallade|Gallade, M|49/100
|move|p2a: Vikavolt|Air Slash|p1a: Gallade
|-supereffective|p1a: Gallade
|-damage|p1a: Gallade|0 fnt
|faint|p1a: Gallade
|
|upkeep
|
|t:|1666558340
|switch|p1a: Lanturn|Lanturn, M|100/100
|turn|41
|
|t:|1666558345
|switch|p2a: Comfey|Comfey, F|13/100
|-damage|p2a: Comfey|0 fnt|[from] Stealth Rock
|faint|p2a: Comfey
|move|p1a: Lanturn|Volt Switch|p2: Comfey|[notarget]
|-fail|p1a: Lanturn
|
|upkeep
|
|t:|1666558354
|switch|p2a: Archeops|Archeops, F|17/100
|-damage|p2a: Archeops|0 fnt|[from] Stealth Rock
|faint|p2a: Archeops
|
|t:|1666558355
|switch|p2a: Vikavolt|Vikavolt, F|93/100
|-damage|p2a: Vikavolt|68/100|[from] Stealth Rock
|turn|42
|
|t:|1666558364
|switch|p1a: Corsola|Corsola, M|100/100
|move|p2a: Vikavolt|Energy Ball|p1a: Corsola
|-supereffective|p1a: Corsola
|-damage|p1a: Corsola|0 fnt
|faint|p1a: Corsola
|
|upkeep
|
|t:|1666558365
|switch|p1a: Silvally|Silvally-Fairy|24/100
|turn|43
|
|t:|1666558372
|move|p1a: Silvally|Multi-Attack|p2a: Vikavolt
|-damage|p2a: Vikavolt|6/100
|move|p2a: Vikavolt|Energy Ball|p1a: Silvally
|-damage|p1a: Silvally|0 fnt
|faint|p1a: Silvally
|
|upkeep
|
|t:|1666558375
|switch|p1a: Trevenant|Trevenant, F|91/100
|turn|44
|
|t:|1666558381
|move|p1a: Trevenant|Sucker Punch|p2a: Vikavolt
|-damage|p2a: Vikavolt|0 fnt
|faint|p2a: Vikavolt
|
|win|JoJo Reference #11
|raw|JoJo Reference #11's rating: 1325 &rarr; <strong>1342</strong><br />(+17 for winning)
|raw|CelticDruid34's rating: 1271 &rarr; <strong>1250</strong><br />(-21 for losing)
