|j|☆cafay sukray
|j|☆MAC1295
|t:|1652278676
|gametype|singles
|player|p1|cafay sukray|swimmer-gen4dp|1492
|player|p2|MAC1295|lucian|1538
|teamsize|p1|6
|teamsize|p2|6
|gen|8
|tier|[Gen 8] PU
|rated|
|rule|Sleep Clause Mod: Limit one foe put to sleep
|rule|Species Clause: Limit one of each Pokémon
|rule|OHKO Clause: OHKO moves are banned
|rule|Evasion Moves Clause: Evasion moves are banned
|rule|Endless Battle Clause: Forcing endless battles is banned
|rule|HP Percentage Mod: HP is shown in percentages
|rule|Dynamax Clause: You cannot dynamax
|clearpoke
|poke|p1|Scrafty, M|
|poke|p1|Perrserker, M|
|poke|p1|Rhydon, M|
|poke|p1|Charizard, M|
|poke|p1|Jellicent, F|
|poke|p1|Whimsicott, M|
|poke|p2|Liepard, M|
|poke|p2|Ludicolo, F|
|poke|p2|Hitmonlee, M|
|poke|p2|Claydol|
|poke|p2|Qwilfish, F|
|poke|p2|Magneton|
|teampreview
|
|t:|1652278766
|start
|switch|p1a: Perrserker|Perrserker, M|100/100
|switch|p2a: Hitmonlee|Hitmonlee, M|100/100
|turn|1
|
|t:|1652278773
|move|p2a: Hitmonlee|Knock Off|p1a: Perrserker
|-damage|p1a: Perrserker|68/100
|-enditem|p1a: Perrserker|Choice Band|[from] move: Knock Off|[of] p2a: Hitmonlee
|move|p1a: Perrserker|Iron Head|p2a: Hitmonlee
|-damage|p2a: Hitmonlee|0 fnt
|faint|p2a: Hitmonlee
|
|upkeep
|
|t:|1652278791
|switch|p2a: Magneton|Magneton|100/100
|turn|2
|
|t:|1652278794
|move|p2a: Magneton|Thunderbolt|p1a: Perrserker
|-damage|p1a: Perrserker|0 fnt
|faint|p1a: Perrserker
|
|upkeep
|
|t:|1652278796
|switch|p1a: Rhydon|Rhydon, M|100/100
|turn|3
|
|t:|1652278799
|switch|p2a: Claydol|Claydol|100/100
|move|p1a: Rhydon|Stealth Rock|p2a: Claydol
|-sidestart|p2: MAC1295|move: Stealth Rock
|
|upkeep
|turn|4
|
|t:|1652278804
|switch|p1a: Jellicent|Jellicent, F|100/100
|move|p2a: Claydol|Stealth Rock|p1a: Jellicent
|-sidestart|p1: cafay sukray|move: Stealth Rock
|
|upkeep
|turn|5
|
|t:|1652278809
|move|p2a: Claydol|Rain Dance|p2a: Claydol
|-weather|RainDance
|move|p1a: Jellicent|Shadow Ball|p2a: Claydol
|-supereffective|p2a: Claydol
|-damage|p2a: Claydol|15/100
|-unboost|p2a: Claydol|spd|1
|
|-weather|RainDance|[upkeep]
|upkeep
|turn|6
|
|t:|1652278818
|move|p1a: Jellicent|Shadow Ball|p2a: Claydol
|-supereffective|p2a: Claydol
|-damage|p2a: Claydol|0 fnt
|faint|p2a: Claydol
|
|-weather|RainDance|[upkeep]
|upkeep
|
|t:|1652278829
|switch|p2a: Ludicolo|Ludicolo, F|100/100
|-damage|p2a: Ludicolo|88/100|[from] Stealth Rock
|turn|7
|
|t:|1652278833
|switch|p1a: Charizard|Charizard, M|100/100
|move|p2a: Ludicolo|Giga Drain|p1a: Charizard
|-resisted|p1a: Charizard
|-damage|p1a: Charizard|86/100
|-heal|p2a: Ludicolo|95/100|[from] drain|[of] p1a: Charizard
|-damage|p2a: Ludicolo|85/100|[from] item: Life Orb
|
|-weather|RainDance|[upkeep]
|upkeep
|turn|8
|
|t:|1652278846
|move|p2a: Ludicolo|Weather Ball|p1a: Charizard
|-supereffective|p1a: Charizard
|-damage|p1a: Charizard|0 fnt
|faint|p1a: Charizard
|-damage|p2a: Ludicolo|76/100|[from] item: Life Orb
|
|-weather|RainDance|[upkeep]
|upkeep
|
|t:|1652278848
|switch|p1a: Scrafty|Scrafty, M|100/100
|-damage|p1a: Scrafty|95/100|[from] Stealth Rock
|turn|9
|
|t:|1652278854
|move|p2a: Ludicolo|Weather Ball|p1a: Scrafty
|-damage|p1a: Scrafty|33/100
|-damage|p2a: Ludicolo|66/100|[from] item: Life Orb
|move|p1a: Scrafty|Drain Punch|p2a: Ludicolo
|-damage|p2a: Ludicolo|29/100
|-heal|p1a: Scrafty|49/100|[from] drain|[of] p2a: Ludicolo
|
|-weather|RainDance|[upkeep]
|-heal|p1a: Scrafty|55/100|[from] item: Leftovers
|upkeep
|turn|10
|j| ClubRaptor
|l| ClubRaptor
|
|t:|1652278869
|switch|p1a: Jellicent|Jellicent, F|100/100
|-damage|p1a: Jellicent|88/100|[from] Stealth Rock
|move|p2a: Ludicolo|Giga Drain|p1a: Jellicent
|-supereffective|p1a: Jellicent
|-damage|p1a: Jellicent|1/100
|-heal|p2a: Ludicolo|79/100|[from] drain|[of] p1a: Jellicent
|-damage|p2a: Ludicolo|69/100|[from] item: Life Orb
|
|-weather|RainDance|[upkeep]
|upkeep
|turn|11
|
|t:|1652278881
|move|p2a: Ludicolo|Ice Beam|p1a: Jellicent
|-resisted|p1a: Jellicent
|-damage|p1a: Jellicent|0 fnt
|faint|p1a: Jellicent
|-damage|p2a: Ludicolo|59/100|[from] item: Life Orb
|
|-weather|RainDance|[upkeep]
|upkeep
|-message|cafay sukray forfeited.
|
|win|MAC1295
|raw|cafay sukray's rating: 1492 &rarr; <strong>1475</strong><br />(-17 for losing)
|raw|MAC1295's rating: 1538 &rarr; <strong>1555</strong><br />(+17 for winning)
|l|☆cafay sukray
||Ladder isn't responding, score probably updated but might not have (Request timeout).
