|j|☆critmonger
|j|☆yassy slay
|t:|1654019223
|gametype|singles
|player|p1|critmonger|fisherman-gen4|1439
|player|p2|yassy slay|102|1565
|teamsize|p1|6
|teamsize|p2|6
|gen|8
|tier|[Gen 8] PU
|rated|
|rule|Sleep Clause Mod: Limit one foe put to sleep
|rule|Species Clause: Limit one of each Pokémon
|rule|OHKO Clause: OHKO moves are banned
|rule|Evasion Moves Clause: Evasion moves are banned
|rule|Endless Battle Clause: Forcing endless battles is banned
|rule|HP Percentage Mod: HP is shown in percentages
|rule|Dynamax Clause: You cannot dynamax
|clearpoke
|poke|p1|Jellicent, M|
|poke|p1|Audino, F|
|poke|p1|Ferroseed, M|
|poke|p1|Regirock|
|poke|p1|Garbodor, M|
|poke|p1|Scyther, M|
|poke|p2|Dubwool, M|
|poke|p2|Palossand, F|
|poke|p2|Eldegoss, F|
|poke|p2|Golduck, F|
|poke|p2|Musharna, M|
|poke|p2|Claydol|
|teampreview
|inactive|Battle timer is ON: inactive players will automatically lose when time's up. (requested by critmonger)
|j| Haffling test
|n| Haffling|hafflingtest
|inactive|yassy slay has 120 seconds left.
|inactive|yassy slay has 90 seconds left.
|
|t:|1654019307
|start
|switch|p1a: Scyther|Scyther, M, shiny|100/100
|switch|p2a: Dubwool|Dubwool, M|100/100
|turn|1
|
|t:|1654019312
|move|p1a: Scyther|Knock Off|p2a: Dubwool
|-damage|p2a: Dubwool|90/100
|-enditem|p2a: Dubwool|Leftovers|[from] move: Knock Off|[of] p1a: Scyther
|move|p2a: Dubwool|Copycat|p2a: Dubwool
|move|p2a: Dubwool|Knock Off|p1a: Scyther|[from]move: Copycat
|-damage|p1a: Scyther|75/100
|-enditem|p1a: Scyther|Heavy-Duty Boots|[from] move: Knock Off|[of] p2a: Dubwool
|
|upkeep
|turn|2
|
|t:|1654019322
|move|p1a: Scyther|Swords Dance|p1a: Scyther
|-boost|p1a: Scyther|atk|2
|move|p2a: Dubwool|Copycat|p2a: Dubwool
|move|p2a: Dubwool|Swords Dance|p2a: Dubwool|[from]move: Copycat
|-boost|p2a: Dubwool|atk|2
|
|upkeep
|turn|3
|
|t:|1654019334
|move|p1a: Scyther|Dual Wingbeat|p2a: Dubwool
|-damage|p2a: Dubwool|70/100
|-damage|p2a: Dubwool|50/100
|-hitcount|p2a: Dubwool|2
|move|p2a: Dubwool|Copycat|p2a: Dubwool
|move|p2a: Dubwool|Dual Wingbeat|p1a: Scyther|[from]move: Copycat
|-supereffective|p1a: Scyther
|-damage|p1a: Scyther|33/100
|-supereffective|p1a: Scyther
|-damage|p1a: Scyther|0 fnt
|faint|p1a: Scyther
|-hitcount|p1: Scyther|2
|
|upkeep
|
|t:|1654019338
|switch|p1a: Garbodor|Garbodor, M|100/100
|turn|4
|
|t:|1654019344
|move|p2a: Dubwool|Body Press|p1a: Garbodor
|-resisted|p1a: Garbodor
|-damage|p1a: Garbodor|91/100
|-damage|p2a: Dubwool|34/100|[from] item: Rocky Helmet|[of] p1a: Garbodor
|move|p1a: Garbodor|Haze|p1a: Garbodor
|-clearallboost
|
|upkeep
|turn|5
|
|t:|1654019348
|move|p2a: Dubwool|Rest|p2a: Dubwool
|-status|p2a: Dubwool|slp|[from] move: Rest
|-heal|p2a: Dubwool|100/100 slp|[silent]
|move|p1a: Garbodor|Spikes|p2a: Dubwool
|-sidestart|p2: yassy slay|Spikes
|
|upkeep
|turn|6
|
|t:|1654019357
|switch|p1a: Ferroseed|Ferroseed, M|100/100
|cant|p2a: Dubwool|slp
|move|p2a: Dubwool|Sleep Talk|p2a: Dubwool
|move|p2a: Dubwool|Body Press|p1a: Ferroseed|[from]move: Sleep Talk
|-supereffective|p1a: Ferroseed
|-damage|p1a: Ferroseed|68/100
|-damage|p2a: Dubwool|88/100 slp|[from] ability: Iron Barbs|[of] p1a: Ferroseed
|
|upkeep
|turn|7
|
|t:|1654019361
|cant|p2a: Dubwool|slp
|move|p2a: Dubwool|Sleep Talk|p2a: Dubwool
|move|p2a: Dubwool|Body Press|p1a: Ferroseed|[from]move: Sleep Talk
|-supereffective|p1a: Ferroseed
|-damage|p1a: Ferroseed|37/100
|-damage|p2a: Dubwool|76/100 slp|[from] ability: Iron Barbs|[of] p1a: Ferroseed
|move|p1a: Ferroseed|Leech Seed|p2a: Dubwool
|-start|p2a: Dubwool|move: Leech Seed
|
|-damage|p2a: Dubwool|63/100 slp|[from] Leech Seed|[of] p1a: Ferroseed
|-heal|p1a: Ferroseed|51/100|[silent]
|upkeep
|turn|8
|
|t:|1654019376
|switch|p1a: Garbodor|Garbodor, M|91/100
|-curestatus|p2a: Dubwool|slp|[msg]
|move|p2a: Dubwool|Body Press|p1a: Garbodor
|-resisted|p1a: Garbodor
|-damage|p1a: Garbodor|80/100
|-damage|p2a: Dubwool|47/100|[from] item: Rocky Helmet|[of] p1a: Garbodor
|
|-damage|p2a: Dubwool|35/100|[from] Leech Seed|[of] p1a: Garbodor
|-heal|p1a: Garbodor|91/100|[silent]
|upkeep
|turn|9
|
|t:|1654019389
|move|p2a: Dubwool|Rest|p2a: Dubwool
|-status|p2a: Dubwool|slp|[from] move: Rest
|-heal|p2a: Dubwool|100/100 slp|[silent]
|move|p1a: Garbodor|Body Press|p2a: Dubwool
|-supereffective|p2a: Dubwool
|-damage|p2a: Dubwool|84/100 slp
|
|-damage|p2a: Dubwool|72/100 slp|[from] Leech Seed|[of] p1a: Garbodor
|-heal|p1a: Garbodor|100/100|[silent]
|upkeep
|turn|10
|
|t:|1654019406
|switch|p2a: Musharna|Musharna, M|100/100
|move|p1a: Garbodor|Spikes|p2a: Musharna
|-sidestart|p2: yassy slay|Spikes
|
|upkeep
|turn|11
|
|t:|1654019416
|switch|p1a: Jellicent|Jellicent, M|100/100
|move|p2a: Musharna|Calm Mind|p2a: Musharna
|-boost|p2a: Musharna|spa|1
|-boost|p2a: Musharna|spd|1
|
|upkeep
|turn|12
|
|t:|1654019420
|move|p1a: Jellicent|Shadow Ball|p2a: Musharna
|-supereffective|p2a: Musharna
|-damage|p2a: Musharna|59/100
|move|p2a: Musharna|Psyshock|p1a: Jellicent
|-damage|p1a: Jellicent|44/100
|
|upkeep
|turn|13
|
|t:|1654019428
|switch|p1a: Regirock|Regirock|100/100
|switch|p2a: Dubwool|Dubwool, M|72/100 slp
|-damage|p2a: Dubwool|55/100 slp|[from] Spikes
|
|upkeep
|turn|14
|
|t:|1654019446
|switch|p2a: Eldegoss|Eldegoss, F|100/100
|move|p1a: Regirock|Body Press|p2a: Eldegoss
|-damage|p2a: Eldegoss|50/100
|
|upkeep
|turn|15
|
|t:|1654019462
|switch|p1a: Ferroseed|Ferroseed, M|51/100
|move|p2a: Eldegoss|Giga Drain|p1a: Ferroseed
|-resisted|p1a: Ferroseed
|-crit|p1a: Ferroseed
|-damage|p1a: Ferroseed|41/100
|-heal|p2a: Eldegoss|55/100|[from] drain|[of] p1a: Ferroseed
|
|upkeep
|turn|16
|
|t:|1654019473
|move|p2a: Eldegoss|Rapid Spin|p1a: Ferroseed
|-resisted|p1a: Ferroseed
|-damage|p1a: Ferroseed|39/100
|-boost|p2a: Eldegoss|spe|1
|-damage|p2a: Eldegoss|42/100|[from] ability: Iron Barbs|[of] p1a: Ferroseed
|-sideend|p2: yassy slay|Spikes|[from] move: Rapid Spin|[of] p2a: Eldegoss
|move|p1a: Ferroseed|Knock Off|p2a: Eldegoss
|-damage|p2a: Eldegoss|28/100
|-enditem|p2a: Eldegoss|Heavy-Duty Boots|[from] move: Knock Off|[of] p1a: Ferroseed
|
|upkeep
|turn|17
|
|t:|1654019481
|switch|p2a: Golduck|Golduck, F|100/100
|-ability|p2a: Golduck|Cloud Nine
|move|p1a: Ferroseed|Spikes|p2a: Golduck
|-sidestart|p2: yassy slay|Spikes
|
|upkeep
|turn|18
|
|t:|1654019496
|switch|p1a: Audino|Audino, F|100/100
|move|p2a: Golduck|Substitute|p2a: Golduck
|-start|p2a: Golduck|Substitute
|-damage|p2a: Golduck|75/100
|
|-heal|p2a: Golduck|82/100|[from] item: Leftovers
|upkeep
|turn|19
|
|t:|1654019505
|move|p2a: Golduck|Calm Mind|p2a: Golduck
|-boost|p2a: Golduck|spa|1
|-boost|p2a: Golduck|spd|1
|move|p1a: Audino|Wish|p1a: Audino
|
|-heal|p2a: Golduck|88/100|[from] item: Leftovers
|upkeep
|turn|20
|
|t:|1654019508
|switch|p1a: Jellicent|Jellicent, M|44/100
|move|p2a: Golduck|Calm Mind|p2a: Golduck
|-boost|p2a: Golduck|spa|1
|-boost|p2a: Golduck|spd|1
|
|-heal|p1a: Jellicent|100/100|[from] move: Wish|[wisher] Audino
|-heal|p2a: Golduck|94/100|[from] item: Leftovers
|upkeep
|turn|21
|
|t:|1654019512
|move|p2a: Golduck|Toxic|p1a: Jellicent|[miss]
|-miss|p2a: Golduck|p1a: Jellicent
|move|p1a: Jellicent|Shadow Ball|p2a: Golduck
|-end|p2a: Golduck|Substitute
|
|-heal|p2a: Golduck|99/100|[from] item: Leftovers
|upkeep
|turn|22
|
|t:|1654019518
|move|p2a: Golduck|Toxic|p1a: Jellicent|[miss]
|-miss|p2a: Golduck|p1a: Jellicent
|move|p1a: Jellicent|Shadow Ball|p2a: Golduck
|-damage|p2a: Golduck|70/100
|
|-heal|p2a: Golduck|76/100|[from] item: Leftovers
|upkeep
|turn|23
|
|t:|1654019522
|switch|p1a: Garbodor|Garbodor, M|100/100
|move|p2a: Golduck|Toxic|p1a: Garbodor
|-immune|p1a: Garbodor
|
|-heal|p2a: Golduck|82/100|[from] item: Leftovers
|upkeep
|turn|24
|
|t:|1654019526
|move|p2a: Golduck|Scald|p1a: Garbodor
|-damage|p1a: Garbodor|47/100
|-status|p1a: Garbodor|brn
|move|p1a: Garbodor|Haze|p1a: Garbodor
|-clearallboost
|
|-heal|p2a: Golduck|88/100|[from] item: Leftovers
|-damage|p1a: Garbodor|41/100 brn|[from] brn
|upkeep
|turn|25
|
|t:|1654019545
|switch|p1a: Audino|Audino, F|100/100
|move|p2a: Golduck|Substitute|p2a: Golduck
|-start|p2a: Golduck|Substitute
|-damage|p2a: Golduck|63/100
|
|-heal|p2a: Golduck|69/100|[from] item: Leftovers
|upkeep
|turn|26
|
|t:|1654019548
|move|p2a: Golduck|Calm Mind|p2a: Golduck
|-boost|p2a: Golduck|spa|1
|-boost|p2a: Golduck|spd|1
|move|p1a: Audino|Heal Bell|p1a: Audino
|-activate|p1a: Audino|move: Heal Bell
|-curestatus|p1: Garbodor|brn|[msg]
|
|-heal|p2a: Golduck|75/100|[from] item: Leftovers
|upkeep
|turn|27
|
|t:|1654019555
|move|p2a: Golduck|Toxic|p1a: Audino|[miss]
|-miss|p2a: Golduck|p1a: Audino
|move|p1a: Audino|Wish|p1a: Audino
|
|-heal|p2a: Golduck|81/100|[from] item: Leftovers
|upkeep
|turn|28
|
|t:|1654019559
|switch|p1a: Garbodor|Garbodor, M|41/100
|move|p2a: Golduck|Scald|p1a: Garbodor
|-damage|p1a: Garbodor|0 fnt
|faint|p1a: Garbodor
|
|-heal|p2a: Golduck|87/100|[from] item: Leftovers
|upkeep
|
|t:|1654019564
|switch|p1a: Audino|Audino, F|100/100
|turn|29
|
|t:|1654019567
|move|p2a: Golduck|Toxic|p1a: Audino
|-status|p1a: Audino|tox
|move|p1a: Audino|Wish|p1a: Audino
|
|-heal|p2a: Golduck|93/100|[from] item: Leftovers
|-damage|p1a: Audino|94/100 tox|[from] psn
|upkeep
|turn|30
|
|t:|1654019572
|switch|p1a: Ferroseed|Ferroseed, M|39/100
|move|p2a: Golduck|Calm Mind|p2a: Golduck
|-boost|p2a: Golduck|spa|1
|-boost|p2a: Golduck|spd|1
|
|-heal|p1a: Ferroseed|100/100|[from] move: Wish|[wisher] Audino
|-heal|p2a: Golduck|99/100|[from] item: Leftovers
|upkeep
|turn|31
|
|t:|1654019576
|move|p2a: Golduck|Calm Mind|p2a: Golduck
|-boost|p2a: Golduck|spa|1
|-boost|p2a: Golduck|spd|1
|move|p1a: Ferroseed|Knock Off|p2a: Golduck
|-activate|p2a: Golduck|move: Substitute|[damage]
|
|-heal|p2a: Golduck|100/100|[from] item: Leftovers
|upkeep
|turn|32
|
|t:|1654019580
|move|p2a: Golduck|Calm Mind|p2a: Golduck
|-boost|p2a: Golduck|spa|1
|-boost|p2a: Golduck|spd|1
|move|p1a: Ferroseed|Knock Off|p2a: Golduck
|-end|p2a: Golduck|Substitute
|
|upkeep
|turn|33
|
|t:|1654019586
|switch|p1a: Jellicent|Jellicent, M|100/100
|move|p2a: Golduck|Substitute|p2a: Golduck
|-start|p2a: Golduck|Substitute
|-damage|p2a: Golduck|75/100
|
|-heal|p2a: Golduck|82/100|[from] item: Leftovers
|upkeep
|turn|34
|c|☆critmonger|Good grief, the memes
|-message|critmonger forfeited.
|
|win|yassy slay
|raw|critmonger's rating: 1439 &rarr; <strong>1426</strong><br />(-13 for losing)
|raw|yassy slay's rating: 1565 &rarr; <strong>1578</strong><br />(+13 for winning)
|l|☆critmonger
|c| Haffling|ducked
|c|☆yassy slay|golduck claims another life
