|j|☆Prismism Test
|j|☆un vigoroth
|player|p1|Prismism Test|brock|1070
|player|p2|un vigoroth|swimmer-gen4dp|1140
|teamsize|p1|6
|teamsize|p2|6
|gametype|singles
|gen|8
|tier|[Gen 8] PU
|rated|
|clearpoke
|poke|p1|Shuckle, F|
|poke|p1|Gloom, M|
|poke|p1|Roselia, M|
|poke|p1|Pyukumuku, M|
|poke|p1|Shedinja|
|poke|p1|Trevenant, M|
|poke|p2|Silvally-*|
|poke|p2|Leafeon, F|
|poke|p2|Stonjourner, F|
|poke|p2|Mawile, M|
|poke|p2|Manectric, M|
|poke|p2|Mr. Mime, F|
|rule|Sleep Clause Mod: Limit one foe put to sleep
|rule|Species Clause: Limit one of each Pokémon
|rule|OHKO Clause: OHKO moves are banned
|rule|Evasion Moves Clause: Evasion moves are banned
|rule|Endless Battle Clause: Forcing endless battles is banned
|rule|HP Percentage Mod: HP is shown in percentages
|rule|Dynamax Clause: You cannot dynamax
|teampreview
|j| Urusius
|
|start
|switch|p1a: Roselia|Roselia, M|100/100
|switch|p2a: Mawile|Mawile, M|100/100
|turn|1
|
|move|p1a: Roselia|Toxic Spikes|p2a: Mawile
|-sidestart|p2: un vigoroth|move: Toxic Spikes
|move|p2a: Mawile|Iron Head|p1a: Roselia
|-enditem|p1a: Roselia|Focus Sash
|-damage|p1a: Roselia|1/100
|
|upkeep
|turn|2
|c| Urusius|MDR
|c| Urusius|Tu m'étonnes t'es 5-0
|
|move|p2a: Mawile|Sucker Punch||[still]
|-fail|p2a: Mawile
|move|p1a: Roselia|Toxic Spikes|p2a: Mawile
|-sidestart|p2: un vigoroth|move: Toxic Spikes
|
|upkeep
|turn|3
|c| Urusius|T'as vu les teams que tu faces
|c|☆un vigoroth|mek
|c|☆un vigoroth|elles sont broke
|c| Urusius|Suicide lead Rose...
|c|☆un vigoroth|les team qu'on face
|c|☆un vigoroth|ktut s'est fait def
|
|switch|p1a: Trevenant|Trevenant, M|100/100
|move|p2a: Mawile|Iron Head|p1a: Trevenant
|-damage|p1a: Trevenant|40/100
|-enditem|p1a: Trevenant|Sitrus Berry|[eat]
|-heal|p1a: Trevenant|65/100|[from] item: Sitrus Berry
|
|upkeep
|turn|4
|
|move|p2a: Mawile|Iron Head|p1a: Trevenant
|-damage|p1a: Trevenant|4/100
|move|p1a: Trevenant|Will-O-Wisp|p2a: Mawile
|-status|p2a: Mawile|brn
|
|-damage|p2a: Mawile|94/100 brn|[from] brn
|upkeep
|turn|5
|
|move|p1a: Trevenant|Protect|p1a: Trevenant
|-singleturn|p1a: Trevenant|Protect
|move|p2a: Mawile|Iron Head|p1a: Trevenant
|-activate|p1a: Trevenant|move: Protect
|
|-damage|p2a: Mawile|88/100 brn|[from] brn
|-item|p1a: Trevenant|Sitrus Berry|[from] ability: Harvest
|upkeep
|-enditem|p1a: Trevenant|Sitrus Berry|[eat]
|-heal|p1a: Trevenant|29/100|[from] item: Sitrus Berry
|turn|6
|
|switch|p1a: Pyukumuku|Pyukumuku, M|100/100
|move|p2a: Mawile|Iron Head|p1a: Pyukumuku
|-resisted|p1a: Pyukumuku
|-damage|p1a: Pyukumuku|92/100
|-damage|p2a: Mawile|72/100 brn|[from] item: Rocky Helmet|[of] p1a: Pyukumuku
|
|-damage|p2a: Mawile|65/100 brn|[from] brn
|upkeep
|turn|7
|c| Urusius|Je rêve où tu faces stall
|
|switch|p2a: Silvally|Silvally-Ground|100/100
|-status|p2a: Silvally|tox
|move|p1a: Pyukumuku|Taunt|p2a: Silvally
|-start|p2a: Silvally|move: Taunt
|
|-damage|p2a: Silvally|94/100 tox|[from] psn
|upkeep
|turn|8
|c|☆un vigoroth|jsp mec
|
|move|p2a: Silvally|U-turn|p1a: Pyukumuku
|-damage|p1a: Pyukumuku|82/100
|-damage|p2a: Silvally|78/100 tox|[from] item: Rocky Helmet|[of] p1a: Pyukumuku
|c| Urusius|xd
|
|switch|p2a: Manectric|Manectric, M|100/100|[from]move: U-turn
|-status|p2a: Manectric|tox
|move|p1a: Pyukumuku|Counter|p2a: Manectric
|-damage|p2a: Manectric|78/100 tox
|
|-damage|p2a: Manectric|72/100 tox|[from] psn
|upkeep
|turn|9
|
|switch|p2a: Silvally|Silvally-Ground|78/100 tox
|move|p1a: Pyukumuku|Protect||[still]
|-fail|p1a: Pyukumuku
|
|-damage|p2a: Silvally|72/100 tox|[from] psn
|upkeep
|turn|10
|
|switch|p1a: Shuckle|Shuckle, F|100/100
|move|p2a: Silvally|Defog|p1a: Shuckle
|-boost|p1a: Shuckle|evasion|1
|-sideend|p2: un vigoroth|Toxic Spikes|[from] move: Defog|[of] p2a: Silvally
|
|-damage|p2a: Silvally|60/100 tox|[from] psn
|upkeep
|turn|11
|c|☆Prismism Test|:')
|
|move|p2a: Silvally|U-turn|p1a: Shuckle
|-damage|p1a: Shuckle|92/100
|-damage|p2a: Silvally|43/100 tox|[from] item: Rocky Helmet|[of] p1a: Shuckle
|c|☆un vigoroth|o-o
|c| Urusius|Nigga
|
|switch|p2a: Stonjourner|Stonjourner, F|100/100|[from]move: U-turn
|move|p1a: Shuckle|Shell Smash|p1a: Shuckle
|-boost|p1a: Shuckle|def|1
|-boost|p1a: Shuckle|spd|1
|-unboost|p1a: Shuckle|atk|2
|-unboost|p1a: Shuckle|spa|2
|-unboost|p1a: Shuckle|spe|2
|
|upkeep
|turn|12
|c|☆Prismism Test|Hahaha
|c|☆Prismism Test|Frog
|
|move|p2a: Stonjourner|Stealth Rock|p1a: Shuckle
|-sidestart|p1: Prismism Test|move: Stealth Rock
|move|p1a: Shuckle|Shell Smash|p1a: Shuckle
|-boost|p1a: Shuckle|def|1
|-boost|p1a: Shuckle|spd|1
|-unboost|p1a: Shuckle|atk|2
|-unboost|p1a: Shuckle|spa|2
|-unboost|p1a: Shuckle|spe|2
|
|upkeep
|turn|13
|c| Urusius|J'espère t'as taunt mec
|c|☆un vigoroth|nn
|
|switch|p2a: Mr. Mime|Mr. Mime, F|100/100
|move|p1a: Shuckle|Toxic|p2a: Mr. Mime
|-status|p2a: Mr. Mime|tox
|
|-damage|p2a: Mr. Mime|95/100 tox|[from] psn
|upkeep
|turn|14
|c| Urusius|Car ça va être long
|c| Urusius|Well shit
|
|move|p2a: Mr. Mime|Healing Wish|p2a: Mr. Mime
|faint|p2a: Mr. Mime
|move|p1a: Shuckle|Shell Smash|p1a: Shuckle
|-boost|p1a: Shuckle|def|1
|-boost|p1a: Shuckle|spd|1
|-unboost|p1a: Shuckle|atk|2
|-unboost|p1a: Shuckle|spa|2
|-unboost|p1a: Shuckle|spe|2
|
|upkeep
|
|switch|p2a: Mawile|Mawile, M|65/100 brn
|-heal|p2a: Mawile|100/100|[from] move: Healing Wish
|turn|15
|c| Urusius|Oo
|c|☆un vigoroth|tqt
|c| Urusius|f
|c| Urusius|Gros QI
|
|move|p2a: Mawile|Swords Dance|p2a: Mawile
|-boost|p2a: Mawile|atk|2
|move|p1a: Shuckle|Shell Smash|p1a: Shuckle
|-boost|p1a: Shuckle|def|1
|-boost|p1a: Shuckle|spd|1
|-unboost|p1a: Shuckle|atk|0
|-unboost|p1a: Shuckle|spa|0
|-unboost|p1a: Shuckle|spe|0
|
|upkeep
|turn|16
|c| Urusius|OOF
|
|move|p2a: Mawile|Swords Dance|p2a: Mawile
|-boost|p2a: Mawile|atk|2
|move|p1a: Shuckle|Shell Smash|p1a: Shuckle
|-boost|p1a: Shuckle|def|1
|-boost|p1a: Shuckle|spd|1
|-unboost|p1a: Shuckle|atk|0
|-unboost|p1a: Shuckle|spa|0
|-unboost|p1a: Shuckle|spe|0
|
|upkeep
|turn|17
|
|move|p2a: Mawile|Swords Dance|p2a: Mawile
|-boost|p2a: Mawile|atk|2
|move|p1a: Shuckle|Shell Smash|p1a: Shuckle
|-boost|p1a: Shuckle|def|1
|-boost|p1a: Shuckle|spd|1
|-unboost|p1a: Shuckle|atk|0
|-unboost|p1a: Shuckle|spa|0
|-unboost|p1a: Shuckle|spe|0
|
|upkeep
|turn|18
|
|move|p2a: Mawile|Knock Off|p1a: Shuckle
|-damage|p1a: Shuckle|74/100
|-damage|p2a: Mawile|84/100|[from] item: Rocky Helmet|[of] p1a: Shuckle
|-enditem|p1a: Shuckle|Rocky Helmet|[from] move: Knock Off|[of] p2a: Mawile
|-damage|p2a: Mawile|74/100|[from] item: Life Orb
|move|p1a: Shuckle|Rest|p1a: Shuckle
|-status|p1a: Shuckle|slp|[from] move: Rest
|-heal|p1a: Shuckle|100/100 slp|[silent]
|
|upkeep
|turn|19
|
|move|p2a: Mawile|Iron Head|p1a: Shuckle
|-supereffective|p1a: Shuckle
|-damage|p1a: Shuckle|33/100 slp
|cant|p1a: Shuckle|slp
|move|p1a: Shuckle|Sleep Talk|p1a: Shuckle
|move|p1a: Shuckle|Rest|p1a: Shuckle|[from]Sleep Talk
|-fail|p1a: Shuckle
|
|upkeep
|turn|20
|
|move|p2a: Mawile|Iron Head|p1a: Shuckle
|-supereffective|p1a: Shuckle
|-damage|p1a: Shuckle|0 fnt
|faint|p1a: Shuckle
|
|upkeep
|
|switch|p1a: Trevenant|Trevenant, M|29/100
|-damage|p1a: Trevenant|17/100|[from] Stealth Rock
|turn|21
|
|move|p2a: Mawile|Iron Head|p1a: Trevenant
|-damage|p1a: Trevenant|0 fnt
|faint|p1a: Trevenant
|
|upkeep
|
|switch|p1a: Pyukumuku|Pyukumuku, M|82/100
|-damage|p1a: Pyukumuku|69/100|[from] Stealth Rock
|turn|22
|
|switch|p2a: Leafeon|Leafeon, F|100/100
|move|p1a: Pyukumuku|Counter||[still]
|-fail|p1a: Pyukumuku
|
|upkeep
|turn|23
|c| Urusius|Palpitant
|
|move|p2a: Leafeon|Leaf Blade|p1a: Pyukumuku
|-supereffective|p1a: Pyukumuku
|-damage|p1a: Pyukumuku|17/100
|-damage|p2a: Leafeon|84/100|[from] item: Rocky Helmet|[of] p1a: Pyukumuku
|move|p1a: Pyukumuku|Taunt|p2a: Leafeon
|-start|p2a: Leafeon|move: Taunt
|
|upkeep
|turn|24
|c|☆un vigoroth|gg
|c| Urusius|,
|
|move|p2a: Leafeon|Leaf Blade|p1a: Pyukumuku
|-supereffective|p1a: Pyukumuku
|-damage|p1a: Pyukumuku|0 fnt
|-damage|p2a: Leafeon|65/100|[from] ability: Innards Out|[of] p1a: Pyukumuku
|-damage|p2a: Leafeon|48/100|[from] item: Rocky Helmet|[of] p1a: Pyukumuku
|faint|p1a: Pyukumuku
|
|upkeep
|c| Urusius|,,,,,,
|
|switch|p1a: Shedinja|Shedinja|100/100
|turn|25
|
|move|p2a: Leafeon|Knock Off|p1a: Shedinja
|-supereffective|p1a: Shedinja
|-damage|p1a: Shedinja|0 fnt
|-enditem|p1a: Shedinja|Heavy-Duty Boots|[from] move: Knock Off|[of] p2a: Leafeon
|faint|p1a: Shedinja
|
|upkeep
|c| Urusius|,
|-message|Prismism Test forfeited.
|
|win|un vigoroth
|l| Urusius
|raw|Prismism Test's rating: 1050 &rarr; <strong>1037</strong><br />(-13 for losing)
|raw|un vigoroth's rating: 1140 &rarr; <strong>1158</strong><br />(+18 for winning)
