|j|☆2turtle
|j|☆asensualmagykarp
|t:|1615806215
|player|p1|2turtle|hilbert-dueldisk|1285
|player|p2|asensualmagykarp|101|1148
|teamsize|p1|6
|teamsize|p2|6
|gametype|singles
|gen|8
|tier|[Gen 8] PU
|rated|
|clearpoke
|poke|p1|Carracosta, M|
|poke|p1|Ludicolo, F|
|poke|p1|Heliolisk, F|
|poke|p1|Uxie|
|poke|p1|Hitmonlee, M|
|poke|p1|Silvally-*|
|poke|p2|Guzzlord|
|poke|p2|Jolteon, M|
|poke|p2|Palossand, F|
|poke|p2|Scrafty, F|
|poke|p2|Scyther, M|
|poke|p2|Vaporeon, F|
|rule|Sleep Clause Mod: Limit one foe put to sleep
|rule|Species Clause: Limit one of each Pokémon
|rule|OHKO Clause: OHKO moves are banned
|rule|Evasion Moves Clause: Evasion moves are banned
|rule|Endless Battle Clause: Forcing endless battles is banned
|rule|HP Percentage Mod: HP is shown in percentages
|rule|Dynamax Clause: You cannot dynamax
|teampreview
|
|t:|1615806230
|start
|switch|p1a: Uxie|Uxie|100/100
|switch|p2a: Mother Eater|Guzzlord|100/100
|turn|1
|
|t:|1615806234
|move|p1a: Uxie|Rain Dance|p1a: Uxie
|-weather|RainDance
|move|p2a: Mother Eater|Knock Off|p1a: Uxie
|-supereffective|p1a: Uxie
|-damage|p1a: Uxie|48/100
|-enditem|p1a: Uxie|Damp Rock|[from] move: Knock Off|[of] p2a: Mother Eater
|
|-weather|RainDance|[upkeep]
|upkeep
|turn|2
|
|t:|1615806241
|move|p1a: Uxie|Thunder Wave|p2a: Mother Eater
|-status|p2a: Mother Eater|par
|move|p2a: Mother Eater|Knock Off|p1a: Uxie
|-supereffective|p1a: Uxie
|-damage|p1a: Uxie|9/100
|
|-weather|RainDance|[upkeep]
|upkeep
|turn|3
|
|t:|1615806246
|move|p1a: Uxie|U-turn|p2a: Mother Eater
|-supereffective|p2a: Mother Eater
|-damage|p2a: Mother Eater|77/100 par
|
|t:|1615806249
|switch|p1a: Silvally|Silvally-Fairy|100/100|[from]move: U-turn
|move|p2a: Mother Eater|Knock Off|p1a: Silvally
|-resisted|p1a: Silvally
|-damage|p1a: Silvally|86/100
|
|-weather|RainDance|[upkeep]
|upkeep
|turn|4
|
|t:|1615806257
|switch|p2a: Summer Shitpost|Palossand, F|100/100
|move|p1a: Silvally|Flame Charge|p2a: Summer Shitpost
|-damage|p2a: Summer Shitpost|96/100
|-boost|p1a: Silvally|spe|1
|
|-weather|RainDance|[upkeep]
|-heal|p2a: Summer Shitpost|100/100|[from] item: Leftovers
|upkeep
|turn|5
|
|t:|1615806262
|move|p1a: Silvally|Swords Dance|p1a: Silvally
|-boost|p1a: Silvally|atk|2
|move|p2a: Summer Shitpost|Stealth Rock|p1a: Silvally
|-sidestart|p1: 2turtle|move: Stealth Rock
|
|-weather|RainDance|[upkeep]
|upkeep
|turn|6
|
|t:|1615806264
|move|p1a: Silvally|Multi-Attack|p2a: Summer Shitpost
|-damage|p2a: Summer Shitpost|35/100
|move|p2a: Summer Shitpost|Scorching Sands|p1a: Silvally
|-damage|p1a: Silvally|61/100
|
|-weather|RainDance|[upkeep]
|-heal|p2a: Summer Shitpost|41/100|[from] item: Leftovers
|upkeep
|turn|7
|
|t:|1615806270
|move|p1a: Silvally|Multi-Attack|p2a: Summer Shitpost
|-damage|p2a: Summer Shitpost|0 fnt
|faint|p2a: Summer Shitpost
|
|-weather|RainDance|[upkeep]
|upkeep
|
|t:|1615806273
|switch|p2a: Volt|Jolteon, M|100/100
|turn|8
|
|t:|1615806275
|move|p1a: Silvally|Multi-Attack|p2a: Volt
|-damage|p2a: Volt|0 fnt
|faint|p2a: Volt
|
|-weather|none
|upkeep
|
|t:|1615806283
|switch|p2a: Bug Dog|Scyther, M|100/100
|turn|9
|
|t:|1615806285
|move|p1a: Silvally|Multi-Attack|p2a: Bug Dog
|-damage|p2a: Bug Dog|4/100
|move|p2a: Bug Dog|Dual Wingbeat|p1a: Silvally
|-crit|p1a: Silvally
|-damage|p1a: Silvally|7/100
|-damage|p1a: Silvally|0 fnt
|-hitcount|p1a: Silvally|2
|faint|p1a: Silvally
|
|upkeep
|
|t:|1615806297
|switch|p1a: Carracosta|Carracosta, M|100/100
|-damage|p1a: Carracosta|88/100|[from] Stealth Rock
|turn|10
|
|t:|1615806302
|move|p1a: Carracosta|Aqua Jet|p2a: Bug Dog
|-damage|p2a: Bug Dog|0 fnt
|faint|p2a: Bug Dog
|
|upkeep
|
|t:|1615806304
|switch|p2a: Ed Edd & Eddy|Scrafty, F|100/100
|turn|11
|
|t:|1615806307
|switch|p1a: Uxie|Uxie|9/100
|-damage|p1a: Uxie|0 fnt|[from] Stealth Rock
|faint|p1a: Uxie
|move|p2a: Ed Edd & Eddy|Bulk Up|p2a: Ed Edd & Eddy
|-boost|p2a: Ed Edd & Eddy|atk|1
|-boost|p2a: Ed Edd & Eddy|def|1
|
|upkeep
|
|t:|1615806310
|switch|p1a: Hitmonlee|Hitmonlee, M|100/100
|-damage|p1a: Hitmonlee|94/100|[from] Stealth Rock
|turn|12
|
|t:|1615806313
|move|p1a: Hitmonlee|Fake Out|p2a: Ed Edd & Eddy
|-enditem|p1a: Hitmonlee|Normal Gem|[from] gem
|-damage|p2a: Ed Edd & Eddy|89/100
|cant|p2a: Ed Edd & Eddy|flinch
|
|-heal|p2a: Ed Edd & Eddy|95/100|[from] item: Leftovers
|upkeep
|turn|13
|
|t:|1615806315
|move|p1a: Hitmonlee|Close Combat|p2a: Ed Edd & Eddy
|-supereffective|p2a: Ed Edd & Eddy
|-damage|p2a: Ed Edd & Eddy|23/100
|-unboost|p1a: Hitmonlee|def|1
|-unboost|p1a: Hitmonlee|spd|1
|move|p2a: Ed Edd & Eddy|Drain Punch|p1a: Hitmonlee
|-damage|p1a: Hitmonlee|0 fnt
|-heal|p2a: Ed Edd & Eddy|56/100|[from] drain|[of] p1a: Hitmonlee
|faint|p1a: Hitmonlee
|
|-heal|p2a: Ed Edd & Eddy|62/100|[from] item: Leftovers
|upkeep
|
|t:|1615806321
|switch|p1a: Ludicolo|Ludicolo, F|100/100
|-damage|p1a: Ludicolo|88/100|[from] Stealth Rock
|turn|14
|
|t:|1615806327
|move|p1a: Ludicolo|Hydro Pump|p2a: Ed Edd & Eddy
|-damage|p2a: Ed Edd & Eddy|18/100
|-damage|p1a: Ludicolo|78/100|[from] item: Life Orb
|move|p2a: Ed Edd & Eddy|Drain Punch|p1a: Ludicolo
|-damage|p1a: Ludicolo|27/100
|-heal|p2a: Ed Edd & Eddy|41/100|[from] drain|[of] p1a: Ludicolo
|
|-heal|p2a: Ed Edd & Eddy|47/100|[from] item: Leftovers
|upkeep
|turn|15
|
|t:|1615806331
|move|p1a: Ludicolo|Hydro Pump|p2a: Ed Edd & Eddy|[miss]
|-miss|p1a: Ludicolo|p2a: Ed Edd & Eddy
|move|p2a: Ed Edd & Eddy|Rest|p2a: Ed Edd & Eddy
|-status|p2a: Ed Edd & Eddy|slp|[from] move: Rest
|-heal|p2a: Ed Edd & Eddy|100/100 slp|[silent]
|
|upkeep
|turn|16
|
|t:|1615806334
|move|p1a: Ludicolo|Rain Dance|p1a: Ludicolo
|-weather|RainDance
|cant|p2a: Ed Edd & Eddy|slp
|
|-weather|RainDance|[upkeep]
|upkeep
|turn|17
|
|t:|1615806340
|move|p1a: Ludicolo|Hydro Pump|p2a: Ed Edd & Eddy|[miss]
|-miss|p1a: Ludicolo|p2a: Ed Edd & Eddy
|cant|p2a: Ed Edd & Eddy|slp
|
|-weather|RainDance|[upkeep]
|-activate|p2a: Ed Edd & Eddy|ability: Shed Skin
|-curestatus|p2a: Ed Edd & Eddy|slp|[msg]
|upkeep
|turn|18
|
|t:|1615806346
|move|p1a: Ludicolo|Hydro Pump|p2a: Ed Edd & Eddy
|-damage|p2a: Ed Edd & Eddy|33/100
|-damage|p1a: Ludicolo|17/100|[from] item: Life Orb
|move|p2a: Ed Edd & Eddy|Drain Punch|p1a: Ludicolo
|-damage|p1a: Ludicolo|0 fnt
|-heal|p2a: Ed Edd & Eddy|40/100|[from] drain|[of] p1a: Ludicolo
|faint|p1a: Ludicolo
|
|-weather|RainDance|[upkeep]
|-heal|p2a: Ed Edd & Eddy|46/100|[from] item: Leftovers
|upkeep
|
|t:|1615806350
|switch|p1a: Heliolisk|Heliolisk, F|100/100
|turn|19
|
|t:|1615806353
|move|p1a: Heliolisk|Thunder|p2a: Ed Edd & Eddy
|-damage|p2a: Ed Edd & Eddy|12/100
|move|p2a: Ed Edd & Eddy|Drain Punch|p1a: Heliolisk
|-supereffective|p1a: Heliolisk
|-damage|p1a: Heliolisk|0 fnt
|-heal|p2a: Ed Edd & Eddy|52/100|[from] drain|[of] p1a: Heliolisk
|faint|p1a: Heliolisk
|
|-weather|RainDance|[upkeep]
|-heal|p2a: Ed Edd & Eddy|58/100|[from] item: Leftovers
|upkeep
|
|t:|1615806356
|switch|p1a: Carracosta|Carracosta, M|88/100
|-damage|p1a: Carracosta|76/100|[from] Stealth Rock
|turn|20
|
|t:|1615806359
|move|p1a: Carracosta|Stone Edge|p2a: Ed Edd & Eddy|[miss]
|-miss|p1a: Carracosta|p2a: Ed Edd & Eddy
|move|p2a: Ed Edd & Eddy|Drain Punch|p1a: Carracosta
|-supereffective|p1a: Carracosta
|-damage|p1a: Carracosta|11/100
|-heal|p2a: Ed Edd & Eddy|86/100|[from] drain|[of] p1a: Carracosta
|
|-weather|none
|-heal|p2a: Ed Edd & Eddy|92/100|[from] item: Leftovers
|upkeep
|turn|21
|
|t:|1615806361
|move|p1a: Carracosta|Stone Edge|p2a: Ed Edd & Eddy
|-resisted|p2a: Ed Edd & Eddy
|-damage|p2a: Ed Edd & Eddy|78/100
|move|p2a: Ed Edd & Eddy|Drain Punch|p1a: Carracosta
|-supereffective|p1a: Carracosta
|-crit|p1a: Carracosta
|-damage|p1a: Carracosta|0 fnt
|-heal|p2a: Ed Edd & Eddy|83/100|[from] drain|[of] p1a: Carracosta
|faint|p1a: Carracosta
|
|win|asensualmagykarp
|raw|2turtle's rating: 1285 &rarr; <strong>1263</strong><br />(-22 for losing)
|raw|asensualmagykarp's rating: 1148 &rarr; <strong>1190</strong><br />(+42 for winning)
|c|☆asensualmagykarp|gg
