|j|☆aog0
|j|☆panned bomb
|t:|1643924192
|gametype|singles
|player|p1|aog0|ninjaboy|1353
|player|p2|panned bomb|169|1480
|teamsize|p1|6
|teamsize|p2|6
|gen|8
|tier|[Gen 8] PU
|rated|
|rule|Sleep Clause Mod: Limit one foe put to sleep
|rule|Species Clause: Limit one of each Pokémon
|rule|OHKO Clause: OHKO moves are banned
|rule|Evasion Moves Clause: Evasion moves are banned
|rule|Endless Battle Clause: Forcing endless battles is banned
|rule|HP Percentage Mod: HP is shown in percentages
|rule|Dynamax Clause: You cannot dynamax
|clearpoke
|poke|p1|Pincurchin, M|
|poke|p1|Jolteon, M|
|poke|p1|Aromatisse, F|
|poke|p1|Hitmonchan, M|
|poke|p1|Whimsicott, M|
|poke|p1|Archeops, M|
|poke|p2|Frosmoth, M|
|poke|p2|Lunatone|
|poke|p2|Charizard, M|
|poke|p2|Quagsire, F|
|poke|p2|Skuntank, F|
|poke|p2|Flapple, M|
|teampreview
|inactive|Battle timer is ON: inactive players will automatically lose when time's up. (requested by aog0)
|inactive|panned bomb has 120 seconds left.
|
|t:|1643924254
|start
|switch|p1a: Archeops|Archeops, M|100/100
|switch|p2a: Flapple|Flapple, M|100/100
|turn|1
|
|t:|1643924262
|move|p2a: Flapple|Grav Apple|p1a: Archeops
|-damage|p1a: Archeops|12/100
|-unboost|p1a: Archeops|def|1
|move|p1a: Archeops|U-turn|p2a: Flapple
|-supereffective|p2a: Flapple
|-damage|p2a: Flapple|54/100
|
|t:|1643924285
|switch|p1a: Hitmonchan|Hitmonchan, M|100/100|[from]move: U-turn
|
|upkeep
|turn|2
|
|t:|1643924294
|switch|p2a: Skuntank|Skuntank, F|100/100
|move|p1a: Hitmonchan|Ice Punch|p2a: Skuntank
|-damage|p2a: Skuntank|64/100
|-status|p2a: Skuntank|frz
|
|-heal|p2a: Skuntank|70/100 frz|[from] item: Leftovers
|upkeep
|turn|3
|
|t:|1643924303
|cant|p2a: Skuntank|frz
|move|p1a: Hitmonchan|Drain Punch|p2a: Skuntank
|-damage|p2a: Skuntank|14/100 frz
|
|-heal|p2a: Skuntank|20/100 frz|[from] item: Leftovers
|upkeep
|turn|4
|
|t:|1643924311
|cant|p2a: Skuntank|frz
|move|p1a: Hitmonchan|Drain Punch|p2a: Skuntank
|-damage|p2a: Skuntank|0 fnt
|-damage|p1a: Hitmonchan|75/100|[from] ability: Aftermath|[of] p2a: Skuntank
|faint|p2a: Skuntank
|
|upkeep
|
|t:|1643924325
|switch|p2a: Flapple|Flapple, M|54/100
|turn|5
|
|t:|1643924342
|move|p1a: Hitmonchan|Mach Punch|p2a: Flapple
|-damage|p2a: Flapple|19/100
|move|p2a: Flapple|Wing Attack|p1a: Hitmonchan
|-supereffective|p1a: Hitmonchan
|-crit|p1a: Hitmonchan
|-damage|p1a: Hitmonchan|0 fnt
|faint|p1a: Hitmonchan
|
|upkeep
|j| iamqueenpawg
|
|t:|1643924352
|switch|p1a: Jolteon|Jolteon, M|100/100
|turn|6
|
|t:|1643924358
|switch|p2a: Quagsire|Quagsire, F|100/100
|move|p1a: Jolteon|Shadow Ball|p2a: Quagsire
|-damage|p2a: Quagsire|58/100
|-damage|p1a: Jolteon|91/100|[from] item: Life Orb
|
|upkeep
|turn|7
|
|t:|1643924366
|switch|p1a: Archeops|Archeops, M|12/100
|move|p2a: Quagsire|Recover|p2a: Quagsire
|-heal|p2a: Quagsire|100/100
|
|upkeep
|turn|8
|
|t:|1643924374
|move|p1a: Archeops|U-turn|p2a: Quagsire
|-damage|p2a: Quagsire|92/100
|
|t:|1643924376
|switch|p1a: Aromatisse|Aromatisse, F|100/100|[from]move: U-turn
|move|p2a: Quagsire|Toxic|p1a: Aromatisse
|-status|p1a: Aromatisse|tox
|
|-damage|p1a: Aromatisse|94/100 tox|[from] psn
|upkeep
|turn|9
|
|t:|1643924386
|switch|p2a: Frosmoth|Frosmoth, M|100/100
|move|p1a: Aromatisse|Moonblast|p2a: Frosmoth
|-damage|p2a: Frosmoth|59/100
|
|-damage|p1a: Aromatisse|82/100 tox|[from] psn
|upkeep
|turn|10
|
|t:|1643924395
|move|p2a: Frosmoth|Ice Beam|p1a: Aromatisse
|-damage|p1a: Aromatisse|43/100 tox
|move|p1a: Aromatisse|Moonblast|p2a: Frosmoth
|-damage|p2a: Frosmoth|21/100
|-unboost|p2a: Frosmoth|spa|1
|
|-damage|p1a: Aromatisse|24/100 tox|[from] psn
|upkeep
|turn|11
|
|t:|1643924405
|move|p2a: Frosmoth|Ice Beam|p1a: Aromatisse
|-damage|p1a: Aromatisse|0 fnt
|faint|p1a: Aromatisse
|
|upkeep
|
|t:|1643924412
|switch|p1a: Jolteon|Jolteon, M|91/100
|turn|12
|
|t:|1643924423
|move|p1a: Jolteon|Thunderbolt|p2a: Frosmoth
|-damage|p2a: Frosmoth|0 fnt
|faint|p2a: Frosmoth
|-damage|p1a: Jolteon|81/100|[from] item: Life Orb
|
|upkeep
|
|t:|1643924427
|switch|p2a: Flapple|Flapple, M|19/100
|turn|13
|
|t:|1643924434
|switch|p1a: Whimsicott|Whimsicott, M|100/100
|move|p2a: Flapple|Grav Apple|p1a: Whimsicott
|-resisted|p1a: Whimsicott
|-damage|p1a: Whimsicott|59/100
|-unboost|p1a: Whimsicott|def|1
|
|upkeep
|turn|14
|
|t:|1643924444
|move|p2a: Flapple|Grav Apple|p1a: Whimsicott
|-resisted|p1a: Whimsicott
|-damage|p1a: Whimsicott|0 fnt
|faint|p1a: Whimsicott
|
|upkeep
|
|t:|1643924452
|switch|p1a: Archeops|Archeops, M|12/100
|turn|15
|
|t:|1643924457
|switch|p2a: Quagsire|Quagsire, F|92/100
|move|p1a: Archeops|U-turn|p2a: Quagsire
|-damage|p2a: Quagsire|83/100
|
|t:|1643924463
|switch|p1a: Pincurchin|Pincurchin, M|100/100|[from]move: U-turn
|-fieldstart|move: Electric Terrain|[from] ability: Electric Surge|[of] p1a: Pincurchin
|
|upkeep
|turn|16
|
|t:|1643924479
|switch|p2a: Lunatone|Lunatone|100/100
|move|p1a: Pincurchin|Scald|p2a: Lunatone
|-supereffective|p2a: Lunatone
|-damage|p2a: Lunatone|26/100
|
|-heal|p2a: Lunatone|33/100|[from] item: Leftovers
|upkeep
|turn|17
|
|t:|1643924488
|move|p2a: Lunatone|Stealth Rock|p1a: Pincurchin
|-sidestart|p1: aog0|move: Stealth Rock
|move|p1a: Pincurchin|Scald|p2a: Lunatone
|-supereffective|p2a: Lunatone
|-damage|p2a: Lunatone|0 fnt
|faint|p2a: Lunatone
|
|upkeep
|
|t:|1643924491
|switch|p2a: Flapple|Flapple, M|19/100
|turn|18
|
|t:|1643924498
|move|p2a: Flapple|Outrage|p1a: Pincurchin
|-damage|p1a: Pincurchin|0 fnt
|faint|p1a: Pincurchin
|
|upkeep
|
|t:|1643924503
|switch|p1a: Jolteon|Jolteon, M|81/100
|-damage|p1a: Jolteon|68/100|[from] Stealth Rock
|turn|19
|
|t:|1643924508
|move|p1a: Jolteon|Shadow Ball|p2a: Flapple
|-damage|p2a: Flapple|0 fnt
|faint|p2a: Flapple
|-damage|p1a: Jolteon|58/100|[from] item: Life Orb
|
|-fieldend|move: Electric Terrain
|upkeep
|
|t:|1643924512
|switch|p2a: Quagsire|Quagsire, F|83/100
|turn|20
|
|t:|1643924523
|move|p1a: Jolteon|Shadow Ball|p2a: Quagsire
|-damage|p2a: Quagsire|44/100
|-damage|p1a: Jolteon|48/100|[from] item: Life Orb
|move|p2a: Quagsire|Earthquake|p1a: Jolteon
|-supereffective|p1a: Jolteon
|-damage|p1a: Jolteon|0 fnt
|faint|p1a: Jolteon
|
|upkeep
|
|t:|1643924533
|switch|p1a: Archeops|Archeops, M|12/100
|-damage|p1a: Archeops|0 fnt|[from] Stealth Rock
|faint|p1a: Archeops
|
|win|panned bomb
|raw|aog0's rating: 1363 &rarr; <strong>1349</strong><br />(-14 for losing)
|raw|panned bomb's rating: 1480 &rarr; <strong>1494</strong><br />(+14 for winning)
|c|☆aog0|gg
|c|☆panned bomb|GG
|l|☆panned bomb
