|j|☆Dragon246
|j|☆sugar ovens
|inactive|Battle timer is ON: inactive players will automatically lose when time's up.
|t:|1665816494
|gametype|singles
|player|p1|Dragon246|gladion|
|player|p2|sugar ovens|twins|
|teamsize|p1|6
|teamsize|p2|6
|gen|8
|tier|[Gen 8] PU
|rated|Tournament battle
|rule|Sleep Clause Mod: Limit one foe put to sleep
|rule|Species Clause: Limit one of each Pokémon
|rule|OHKO Clause: OHKO moves are banned
|rule|Evasion Items Clause: Evasion items are banned
|rule|Evasion Moves Clause: Evasion moves are banned
|rule|Endless Battle Clause: Forcing endless battles is banned
|rule|HP Percentage Mod: HP is shown in percentages
|rule|Dynamax Clause: You cannot dynamax
|clearpoke
|poke|p1|Weezing, M|
|poke|p1|Absol, F|
|poke|p1|Charizard, M|
|poke|p1|Sandaconda, M|
|poke|p1|Gallade, M|
|poke|p1|Lanturn, F|
|poke|p2|Charizard, M|
|poke|p2|Scrafty, F|
|poke|p2|Gigalith, M|
|poke|p2|Weezing, M|
|poke|p2|Eldegoss, F|
|poke|p2|Quagsire, M|
|teampreview
|j|*Lady Monita ☽
|inactive|sugar ovens has 120 seconds left.
|
|t:|1665816540
|start
|switch|p1a: Gallade|Gallade, M|100/100
|switch|p2a: Weezing|Weezing, M|100/100
|-ability|p2a: Weezing|Neutralizing Gas
|turn|1
|inactive|Dragon246 has 120 seconds left.
|
|t:|1665816575
|switch|p1a: Sandaconda|Sandaconda, M|100/100
|move|p2a: Weezing|Will-O-Wisp|p1a: Sandaconda
|-status|p1a: Sandaconda|brn
|
|-damage|p1a: Sandaconda|94/100 brn|[from] brn
|upkeep
|turn|2
|
|t:|1665816583
|move|p1a: Sandaconda|Stealth Rock|p2a: Weezing
|-sidestart|p2: sugar ovens|move: Stealth Rock
|move|p2a: Weezing|Toxic Spikes|p1a: Sandaconda
|-sidestart|p1: Dragon246|move: Toxic Spikes
|
|-heal|p1a: Sandaconda|100/100 brn|[from] item: Leftovers
|-damage|p1a: Sandaconda|94/100 brn|[from] brn
|upkeep
|turn|3
|
|t:|1665816589
|-end|p2a: Weezing|ability: Neutralizing Gas
|switch|p2a: Eldegoss|Eldegoss, F|100/100
|move|p1a: Sandaconda|Glare|p2a: Eldegoss
|-status|p2a: Eldegoss|par
|
|-heal|p1a: Sandaconda|100/100 brn|[from] item: Leftovers
|-damage|p1a: Sandaconda|94/100 brn|[from] brn
|upkeep
|turn|4
|
|t:|1665816598
|switch|p1a: Charizard|Charizard, M|100/100
|cant|p2a: Eldegoss|par
|
|upkeep
|turn|5
|
|t:|1665816603
|switch|p2a: Gigalith|Gigalith, M|100/100
|-damage|p2a: Gigalith|88/100|[from] Stealth Rock
|-weather|Sandstorm|[from] ability: Sand Stream|[of] p2a: Gigalith
|move|p1a: Charizard|Scorching Sands|p2a: Gigalith
|-supereffective|p2a: Gigalith
|-damage|p2a: Gigalith|70/100
|-status|p2a: Gigalith|brn
|
|-weather|Sandstorm|[upkeep]
|-damage|p1a: Charizard|94/100|[from] Sandstorm
|-heal|p2a: Gigalith|77/100 brn|[from] item: Leftovers
|-damage|p2a: Gigalith|70/100 brn|[from] brn
|upkeep
|turn|6
|
|t:|1665816612
|switch|p1a: Sandaconda|Sandaconda, M|94/100 brn
|move|p2a: Gigalith|Rock Blast|p1a: Sandaconda
|-resisted|p1a: Sandaconda
|-damage|p1a: Sandaconda|92/100 brn
|-resisted|p1a: Sandaconda
|-damage|p1a: Sandaconda|90/100 brn
|-hitcount|p1a: Sandaconda|2
|
|-weather|Sandstorm|[upkeep]
|-activate|p1a: Sandaconda|ability: Shed Skin
|-curestatus|p1a: Sandaconda|brn|[msg]
|-heal|p1a: Sandaconda|96/100|[from] item: Leftovers
|-heal|p2a: Gigalith|77/100 brn|[from] item: Leftovers
|-damage|p2a: Gigalith|70/100 brn|[from] brn
|upkeep
|turn|7
|
|t:|1665816626
|switch|p2a: Eldegoss|Eldegoss, F|100/100 par
|move|p1a: Sandaconda|Earthquake|p2a: Eldegoss
|-resisted|p2a: Eldegoss
|-damage|p2a: Eldegoss|85/100 par
|
|-weather|Sandstorm|[upkeep]
|-damage|p2a: Eldegoss|79/100 par|[from] Sandstorm
|-heal|p1a: Sandaconda|100/100|[from] item: Leftovers
|upkeep
|turn|8
|
|t:|1665816635
|switch|p1a: Weezing|Weezing, M|100/100
|move|p2a: Eldegoss|Aromatherapy|p2a: Eldegoss
|-activate|p2a: Eldegoss|move: Aromatherapy
|-curestatus|p2a: Eldegoss|par|[msg]
|-curestatus|p2: Gigalith|brn|[msg]
|
|-weather|Sandstorm|[upkeep]
|-damage|p2a: Eldegoss|73/100|[from] Sandstorm
|-damage|p1a: Weezing|94/100|[from] Sandstorm
|-heal|p1a: Weezing|100/100|[from] item: Black Sludge
|upkeep
|turn|9
|
|t:|1665816652
|switch|p2a: Charizard|Charizard, M|100/100
|move|p1a: Weezing|Sludge Bomb|p2a: Charizard
|-damage|p2a: Charizard|67/100
|
|-weather|none
|upkeep
|turn|10
|
|t:|1665816659
|move|p2a: Charizard|Hurricane|p1a: Weezing
|-damage|p1a: Weezing|43/100
|move|p1a: Weezing|Sludge Bomb|p2a: Charizard
|-damage|p2a: Charizard|33/100
|
|-heal|p1a: Weezing|50/100|[from] item: Black Sludge
|upkeep
|turn|11
|
|t:|1665816669
|switch|p1a: Charizard|Charizard, M|94/100
|move|p2a: Charizard|Flamethrower|p1a: Charizard
|-resisted|p1a: Charizard
|-damage|p1a: Charizard|59/100
|
|upkeep
|turn|12
|
|t:|1665816676
|switch|p2a: Gigalith|Gigalith, M|70/100
|-damage|p2a: Gigalith|58/100|[from] Stealth Rock
|-weather|Sandstorm|[from] ability: Sand Stream|[of] p2a: Gigalith
|move|p1a: Charizard|Hurricane|p2a: Gigalith
|-resisted|p2a: Gigalith
|-damage|p2a: Gigalith|47/100
|
|-weather|Sandstorm|[upkeep]
|-damage|p1a: Charizard|52/100|[from] Sandstorm
|-heal|p2a: Gigalith|54/100|[from] item: Leftovers
|upkeep
|turn|13
|j| Jam194514
|
|t:|1665816683
|switch|p1a: Sandaconda|Sandaconda, M|100/100
|-status|p1a: Sandaconda|psn
|move|p2a: Gigalith|Stealth Rock|p1a: Sandaconda
|-sidestart|p1: Dragon246|move: Stealth Rock
|
|-weather|Sandstorm|[upkeep]
|-heal|p2a: Gigalith|60/100|[from] item: Leftovers
|-damage|p1a: Sandaconda|88/100 psn|[from] psn
|upkeep
|turn|14
|
|t:|1665816689
|switch|p2a: Eldegoss|Eldegoss, F|100/100
|move|p1a: Sandaconda|Stone Edge|p2a: Eldegoss
|-damage|p2a: Eldegoss|79/100
|
|-weather|Sandstorm|[upkeep]
|-damage|p2a: Eldegoss|73/100|[from] Sandstorm
|-heal|p1a: Sandaconda|94/100 psn|[from] item: Leftovers
|-damage|p1a: Sandaconda|82/100 psn|[from] psn
|upkeep
|turn|15
|l| Jam194514
|
|t:|1665816696
|move|p1a: Sandaconda|Glare|p2a: Eldegoss
|-status|p2a: Eldegoss|par
|move|p2a: Eldegoss|Sleep Powder||[still]
|-fail|p2a: Eldegoss
|
|-weather|Sandstorm|[upkeep]
|-damage|p2a: Eldegoss|67/100 par|[from] Sandstorm
|-activate|p1a: Sandaconda|ability: Shed Skin
|-curestatus|p1a: Sandaconda|psn|[msg]
|-heal|p1a: Sandaconda|88/100|[from] item: Leftovers
|upkeep
|turn|16
|
|t:|1665816702
|move|p1a: Sandaconda|Stone Edge|p2a: Eldegoss
|-crit|p2a: Eldegoss
|-damage|p2a: Eldegoss|34/100 par
|cant|p2a: Eldegoss|par
|
|-weather|none
|-heal|p1a: Sandaconda|94/100|[from] item: Leftovers
|upkeep
|turn|17
|
|t:|1665816711
|move|p1a: Sandaconda|Stone Edge|p2a: Eldegoss
|-damage|p2a: Eldegoss|13/100 par
|move|p2a: Eldegoss|Giga Drain|p1a: Sandaconda
|-supereffective|p1a: Sandaconda
|-damage|p1a: Sandaconda|54/100
|-heal|p2a: Eldegoss|33/100 par|[from] drain|[of] p1a: Sandaconda
|
|-heal|p1a: Sandaconda|61/100|[from] item: Leftovers
|upkeep
|turn|18
|
|t:|1665816723
|move|p1a: Sandaconda|Stone Edge|p2a: Eldegoss
|-damage|p2a: Eldegoss|12/100 par
|cant|p2a: Eldegoss|par
|
|-heal|p1a: Sandaconda|67/100|[from] item: Leftovers
|upkeep
|turn|19
|
|t:|1665816734
|switch|p2a: Quagsire|Quagsire, M|100/100
|move|p1a: Sandaconda|Earthquake|p2a: Quagsire
|-damage|p2a: Quagsire|76/100
|
|-heal|p1a: Sandaconda|73/100|[from] item: Leftovers
|upkeep
|turn|20
|
|t:|1665816743
|switch|p2a: Eldegoss|Eldegoss, F|45/100 par
|move|p1a: Sandaconda|Earthquake|p2a: Eldegoss
|-resisted|p2a: Eldegoss
|-damage|p2a: Eldegoss|31/100 par
|
|-heal|p1a: Sandaconda|79/100|[from] item: Leftovers
|upkeep
|turn|21
|
|t:|1665816748
|move|p1a: Sandaconda|Stone Edge|p2a: Eldegoss|[miss]
|-miss|p1a: Sandaconda|p2a: Eldegoss
|cant|p2a: Eldegoss|par
|
|-heal|p1a: Sandaconda|86/100|[from] item: Leftovers
|upkeep
|turn|22
|
|t:|1665816752
|move|p1a: Sandaconda|Stone Edge|p2a: Eldegoss
|-damage|p2a: Eldegoss|12/100 par
|move|p2a: Eldegoss|Giga Drain|p1a: Sandaconda
|-supereffective|p1a: Sandaconda
|-damage|p1a: Sandaconda|42/100
|-heal|p2a: Eldegoss|34/100 par|[from] drain|[of] p1a: Sandaconda
|
|-heal|p1a: Sandaconda|48/100|[from] item: Leftovers
|upkeep
|turn|23
|
|t:|1665816758
|switch|p1a: Charizard|Charizard, M|52/100
|cant|p2a: Eldegoss|par
|
|upkeep
|turn|24
|
|t:|1665816762
|switch|p2a: Gigalith|Gigalith, M|60/100
|-damage|p2a: Gigalith|47/100|[from] Stealth Rock
|-weather|Sandstorm|[from] ability: Sand Stream|[of] p2a: Gigalith
|move|p1a: Charizard|Scorching Sands|p2a: Gigalith
|-supereffective|p2a: Gigalith
|-damage|p2a: Gigalith|30/100
|
|-weather|Sandstorm|[upkeep]
|-damage|p1a: Charizard|46/100|[from] Sandstorm
|-heal|p2a: Gigalith|36/100|[from] item: Leftovers
|upkeep
|turn|25
|
|t:|1665816772
|switch|p1a: Sandaconda|Sandaconda, M|48/100
|-status|p1a: Sandaconda|psn
|-damage|p1a: Sandaconda|42/100 psn|[from] Stealth Rock
|move|p2a: Gigalith|Rock Blast|p1a: Sandaconda
|-resisted|p1a: Sandaconda
|-damage|p1a: Sandaconda|37/100 psn
|-resisted|p1a: Sandaconda
|-damage|p1a: Sandaconda|33/100 psn
|-resisted|p1a: Sandaconda
|-damage|p1a: Sandaconda|28/100 psn
|-resisted|p1a: Sandaconda
|-crit|p1a: Sandaconda
|-damage|p1a: Sandaconda|21/100 psn
|-resisted|p1a: Sandaconda
|-crit|p1a: Sandaconda
|-damage|p1a: Sandaconda|14/100 psn
|-hitcount|p1a: Sandaconda|5
|
|-weather|Sandstorm|[upkeep]
|-heal|p1a: Sandaconda|20/100 psn|[from] item: Leftovers
|-heal|p2a: Gigalith|43/100|[from] item: Leftovers
|-damage|p1a: Sandaconda|8/100 psn|[from] psn
|upkeep
|turn|26
|
|t:|1665816781
|switch|p2a: Eldegoss|Eldegoss, F|67/100 par
|move|p1a: Sandaconda|Stone Edge|p2a: Eldegoss
|-damage|p2a: Eldegoss|48/100 par
|
|-weather|Sandstorm|[upkeep]
|-damage|p2a: Eldegoss|42/100 par|[from] Sandstorm
|-heal|p1a: Sandaconda|14/100 psn|[from] item: Leftovers
|-damage|p1a: Sandaconda|2/100 psn|[from] psn
|upkeep
|turn|27
|
|t:|1665816790
|move|p1a: Sandaconda|Stone Edge|p2a: Eldegoss
|-damage|p2a: Eldegoss|22/100 par
|cant|p2a: Eldegoss|par
|
|-weather|Sandstorm|[upkeep]
|-damage|p2a: Eldegoss|16/100 par|[from] Sandstorm
|-heal|p1a: Sandaconda|8/100 psn|[from] item: Leftovers
|-damage|p1a: Sandaconda|0 fnt|[from] psn
|faint|p1a: Sandaconda
|upkeep
|
|t:|1665816793
|switch|p1a: Charizard|Charizard, M|46/100
|turn|28
|
|t:|1665816799
|switch|p2a: Gigalith|Gigalith, M|43/100
|-damage|p2a: Gigalith|30/100|[from] Stealth Rock
|move|p1a: Charizard|Scorching Sands|p2a: Gigalith
|-supereffective|p2a: Gigalith
|-damage|p2a: Gigalith|11/100
|
|-weather|none
|-heal|p2a: Gigalith|18/100|[from] item: Leftovers
|upkeep
|turn|29
|
|t:|1665816809
|switch|p2a: Charizard|Charizard, M|33/100
|move|p1a: Charizard|Scorching Sands|p2a: Charizard
|-immune|p2a: Charizard
|
|upkeep
|turn|30
|
|t:|1665816814
|switch|p2a: Gigalith|Gigalith, M|18/100
|-damage|p2a: Gigalith|5/100|[from] Stealth Rock
|-weather|Sandstorm|[from] ability: Sand Stream|[of] p2a: Gigalith
|move|p1a: Charizard|Hurricane|p2a: Gigalith|[miss]
|-miss|p1a: Charizard|p2a: Gigalith
|
|-weather|Sandstorm|[upkeep]
|-damage|p1a: Charizard|40/100|[from] Sandstorm
|-heal|p2a: Gigalith|11/100|[from] item: Leftovers
|upkeep
|turn|31
|
|t:|1665816818
|move|p1a: Charizard|Scorching Sands|p2a: Gigalith
|-supereffective|p2a: Gigalith
|-damage|p2a: Gigalith|0 fnt
|faint|p2a: Gigalith
|
|-weather|Sandstorm|[upkeep]
|-damage|p1a: Charizard|34/100|[from] Sandstorm
|upkeep
|
|t:|1665816822
|switch|p2a: Quagsire|Quagsire, M|76/100
|turn|32
|
|t:|1665816825
|move|p1a: Charizard|Defog|p2a: Quagsire
|-unboost|p2a: Quagsire|evasion|1
|-sideend|p2: sugar ovens|Stealth Rock|[from] move: Defog|[of] p1a: Charizard
|-sideend|p1: Dragon246|Toxic Spikes|[from] move: Defog|[of] p1a: Charizard
|-sideend|p1: Dragon246|Stealth Rock|[from] move: Defog|[of] p1a: Charizard
|move|p2a: Quagsire|Recover|p2a: Quagsire
|-heal|p2a: Quagsire|100/100
|
|-weather|Sandstorm|[upkeep]
|-damage|p1a: Charizard|28/100|[from] Sandstorm
|upkeep
|turn|33
|
|t:|1665816829
|move|p1a: Charizard|Hurricane|p2a: Quagsire
|-damage|p2a: Quagsire|47/100
|move|p2a: Quagsire|Toxic|p1a: Charizard
|-status|p1a: Charizard|tox
|
|-weather|Sandstorm|[upkeep]
|-damage|p1a: Charizard|22/100 tox|[from] Sandstorm
|-damage|p1a: Charizard|16/100 tox|[from] psn
|upkeep
|turn|34
|
|t:|1665816842
|switch|p2a: Weezing|Weezing, M|100/100
|-ability|p2a: Weezing|Neutralizing Gas
|move|p1a: Charizard|Hurricane|p2a: Weezing
|-damage|p2a: Weezing|44/100
|-start|p2a: Weezing|confusion
|
|-weather|none
|-heal|p2a: Weezing|50/100|[from] item: Black Sludge
|-damage|p1a: Charizard|4/100 tox|[from] psn
|upkeep
|turn|35
|j| Jam194514
|
|t:|1665816849
|-end|p2a: Weezing|ability: Neutralizing Gas
|switch|p2a: Quagsire|Quagsire, M|47/100
|move|p1a: Charizard|Flamethrower|p2a: Quagsire
|-resisted|p2a: Quagsire
|-damage|p2a: Quagsire|18/100
|
|-damage|p1a: Charizard|0 fnt|[from] psn
|faint|p1a: Charizard
|upkeep
|
|t:|1665816859
|switch|p1a: Absol|Absol, F|100/100
|turn|36
|
|t:|1665816867
|move|p1a: Absol|Knock Off|p2a: Quagsire
|-damage|p2a: Quagsire|0 fnt
|-enditem|p2a: Quagsire|Heavy-Duty Boots|[from] move: Knock Off|[of] p1a: Absol
|faint|p2a: Quagsire
|-damage|p1a: Absol|91/100|[from] item: Life Orb
|
|upkeep
|
|t:|1665816879
|switch|p2a: Weezing|Weezing, M|50/100
|-ability|p2a: Weezing|Neutralizing Gas
|turn|37
|
|t:|1665816894
|move|p1a: Absol|Knock Off|p2a: Weezing
|-damage|p2a: Weezing|7/100
|-enditem|p2a: Weezing|Black Sludge|[from] move: Knock Off|[of] p1a: Absol
|-damage|p1a: Absol|81/100|[from] item: Life Orb
|move|p2a: Weezing|Will-O-Wisp|p1a: Absol
|-status|p1a: Absol|brn
|
|-damage|p1a: Absol|75/100 brn|[from] brn
|upkeep
|turn|38
|
|t:|1665816904
|move|p1a: Absol|Knock Off|p2a: Weezing
|-damage|p2a: Weezing|0 fnt
|faint|p2a: Weezing
|-end|p2a: Weezing|ability: Neutralizing Gas
|-damage|p1a: Absol|65/100 brn|[from] item: Life Orb
|
|-damage|p1a: Absol|59/100 brn|[from] brn
|upkeep
|
|t:|1665816907
|switch|p2a: Eldegoss|Eldegoss, F|49/100 par
|turn|39
|
|t:|1665816911
|move|p1a: Absol|Knock Off|p2a: Eldegoss
|-damage|p2a: Eldegoss|24/100 par
|-enditem|p2a: Eldegoss|Heavy-Duty Boots|[from] move: Knock Off|[of] p1a: Absol
|-damage|p1a: Absol|49/100 brn|[from] item: Life Orb
|move|p2a: Eldegoss|Giga Drain|p1a: Absol
|-damage|p1a: Absol|7/100 brn
|-heal|p2a: Eldegoss|41/100 par|[from] drain|[of] p1a: Absol
|
|-damage|p1a: Absol|1/100 brn|[from] brn
|upkeep
|turn|40
|
|t:|1665816923
|move|p1a: Absol|Close Combat|p2a: Eldegoss
|-damage|p2a: Eldegoss|20/100 par
|-unboost|p1a: Absol|def|1
|-unboost|p1a: Absol|spd|1
|-damage|p1a: Absol|0 fnt|[from] item: Life Orb
|faint|p1a: Absol
|move|p2a: Eldegoss|Aromatherapy|p2a: Eldegoss
|-activate|p2a: Eldegoss|move: Aromatherapy
|-curestatus|p2a: Eldegoss|par|[msg]
|
|upkeep
|
|t:|1665816932
|switch|p1a: Gallade|Gallade, M|100/100
|turn|41
|
|t:|1665816954
|move|p1a: Gallade|Close Combat|p2a: Eldegoss
|-damage|p2a: Eldegoss|0 fnt
|-unboost|p1a: Gallade|def|1
|-unboost|p1a: Gallade|spd|1
|faint|p2a: Eldegoss
|
|upkeep
|
|t:|1665816957
|switch|p2a: Charizard|Charizard, M|33/100
|turn|42
|j| Memedose46
|
|t:|1665816980
|move|p1a: Gallade|Close Combat|p2a: Charizard
|-resisted|p2a: Charizard
|-damage|p2a: Charizard|0 fnt
|-unboost|p1a: Gallade|def|1
|-unboost|p1a: Gallade|spd|1
|faint|p2a: Charizard
|
|upkeep
|
|t:|1665816987
|switch|p2a: Scrafty|Scrafty, F|100/100
|turn|43
|
|t:|1665816991
|move|p1a: Gallade|Close Combat|p2a: Scrafty
|-supereffective|p2a: Scrafty
|-damage|p2a: Scrafty|0 fnt
|-unboost|p1a: Gallade|def|1
|-unboost|p1a: Gallade|spd|1
|faint|p2a: Scrafty
|
|win|Dragon246
|n|☆Dragon246|dragon246
|n|☆sugar ovens|sugarovens
|n|*Lady Monita ☽|ladymonita
|n| Jam194514|jam194514
|n| Memedose46|memedose46
|l|*Lady Monita ☽
|l| Memedose46
|l|☆sugar ovens
|l|☆Dragon246
|l| Jam194514
