|j|☆Tripacci
|j|☆adhadda
|player|p1|Tripacci|giovanni-gen3|
|player|p2|adhadda|101|
|teamsize|p1|6
|teamsize|p2|6
|gametype|singles
|gen|8
|tier|[Gen 8] PU
|rated|Tournament battle
|clearpoke
|poke|p1|Mawile, M|
|poke|p1|Musharna, F|
|poke|p1|Bellossom, M|
|poke|p1|Hakamo-o, F|
|poke|p1|Manectric, M|
|poke|p1|Silvally-*|
|poke|p2|Shedinja|
|poke|p2|Dubwool, M|
|poke|p2|Sandslash, M|
|poke|p2|Mareanie, F|
|poke|p2|Lickilicky, M|
|poke|p2|Pawniard, M|
|rule|Sleep Clause Mod: Limit one foe put to sleep
|rule|Species Clause: Limit one of each Pokémon
|rule|OHKO Clause: OHKO moves are banned
|rule|Evasion Moves Clause: Evasion moves are banned
|rule|Endless Battle Clause: Forcing endless battles is banned
|rule|HP Percentage Mod: HP is shown in percentages
|rule|Dynamax Clause: You cannot dynamax
|teampreview
|j| AssassinRogue ͜..
|c|☆Tripacci|r u the creator of this team?
|c|☆adhadda|yeah
|c|☆Tripacci|because i saw someone else use it awhile ago
|c|☆adhadda|that was me
|c|☆adhadda|im shedinjanjow
|c|☆Tripacci|u have many accounts?
|c|☆adhadda|shedinjanjoe
|c|☆adhadda|just two
|c|☆adhadda|i wanted to make an account to ladder with just this team
|c|☆Tripacci|i see
|c|☆adhadda|this is my main account i need to use it to talk in the chat
|c|☆Tripacci|oh the other one cant talk?
|c|☆adhadda|no, it's new
|
|start
|switch|p1a: Mawile|Mawile, M|100/100
|switch|p2a: Sandslash|Sandslash, M|100/100
|-ability|p1a: Mawile|Intimidate|boost
|-unboost|p2a: Sandslash|atk|1
|turn|1
|
|move|p2a: Sandslash|Stealth Rock|p1a: Mawile
|-sidestart|p1: Tripacci|move: Stealth Rock
|move|p1a: Mawile|Stealth Rock|p2a: Sandslash
|-sidestart|p2: adhadda|move: Stealth Rock
|
|upkeep
|turn|2
|
|move|p2a: Sandslash|Earthquake|p1a: Mawile
|-supereffective|p1a: Mawile
|-damage|p1a: Mawile|54/100
|move|p1a: Mawile|Toxic|p2a: Sandslash
|-status|p2a: Sandslash|tox
|
|-heal|p1a: Mawile|60/100|[from] item: Leftovers
|-damage|p2a: Sandslash|94/100 tox|[from] psn
|upkeep
|turn|3
|
|move|p2a: Sandslash|Earthquake|p1a: Mawile
|-supereffective|p1a: Mawile
|-damage|p1a: Mawile|12/100
|move|p1a: Mawile|Knock Off|p2a: Sandslash
|-damage|p2a: Sandslash|83/100 tox
|-enditem|p2a: Sandslash|Leftovers|[from] move: Knock Off|[of] p1a: Mawile
|
|-heal|p1a: Mawile|18/100|[from] item: Leftovers
|-damage|p2a: Sandslash|70/100 tox|[from] psn
|upkeep
|turn|4
|
|switch|p1a: Bellossom|Bellossom, M|100/100
|-damage|p1a: Bellossom|88/100|[from] Stealth Rock
|move|p2a: Sandslash|Rapid Spin|p1a: Bellossom
|-damage|p1a: Bellossom|81/100
|-boost|p2a: Sandslash|spe|1
|-sideend|p2: adhadda|Stealth Rock|[from] move: Rapid Spin|[of] p2a: Sandslash
|
|-heal|p1a: Bellossom|87/100|[from] item: Leftovers
|-damage|p2a: Sandslash|52/100 tox|[from] psn
|upkeep
|turn|5
|
|switch|p2a: Shedinja|Shedinja|100/100
|move|p1a: Bellossom|Safeguard|p1a: Bellossom
|-sidestart|p1: Tripacci|Safeguard
|
|-heal|p1a: Bellossom|93/100|[from] item: Leftovers
|upkeep
|turn|6
|
|switch|p1a: Mawile|Mawile, M|18/100
|-damage|p1a: Mawile|12/100|[from] Stealth Rock
|-ability|p1a: Mawile|Intimidate|boost
|-unboost|p2a: Shedinja|atk|1
|move|p2a: Shedinja|Poltergeist|p1a: Mawile
|-activate|p1a: Mawile|move: Poltergeist|Leftovers
|-damage|p1a: Mawile|0 fnt
|faint|p1a: Mawile
|
|upkeep
|
|switch|p1a: Hakamo-o|Hakamo-o, F|100/100
|-damage|p1a: Hakamo-o|95/100|[from] Stealth Rock
|turn|7
|
|switch|p2a: Dubwool|Dubwool, M|100/100
|move|p1a: Hakamo-o|Dragon Dance|p1a: Hakamo-o
|-boost|p1a: Hakamo-o|atk|1
|-boost|p1a: Hakamo-o|spe|1
|
|upkeep
|turn|8
|j| dontflipthepizzas
|
|move|p1a: Hakamo-o|Drain Punch|p2a: Dubwool
|-supereffective|p2a: Dubwool
|-damage|p2a: Dubwool|67/100
|-heal|p1a: Hakamo-o|100/100|[from] drain|[of] p2a: Dubwool
|move|p2a: Dubwool|Cotton Guard|p2a: Dubwool
|-boost|p2a: Dubwool|def|3
|
|-heal|p2a: Dubwool|73/100|[from] item: Leftovers
|upkeep
|turn|9
|l| AssassinRogue ͜..
|c|☆Tripacci|dubwool is pretty op as well
|c|☆adhadda|yeah
|c|☆adhadda|he was way more OP before the isle of armor
|
|switch|p1a: Musharna|Musharna, F|100/100
|-damage|p1a: Musharna|88/100|[from] Stealth Rock
|move|p2a: Dubwool|Body Press|p1a: Musharna
|-resisted|p1a: Musharna
|-damage|p1a: Musharna|65/100
|
|-heal|p2a: Dubwool|79/100|[from] item: Leftovers
|-sideend|p1: Tripacci|Safeguard
|upkeep
|turn|10
|j| Mdraa
|
|switch|p2a: Pawniard|Pawniard, M|100/100
|move|p1a: Musharna|Future Sight|p2a: Pawniard
|-start|p1a: Musharna|move: Future Sight
|
|upkeep
|turn|11
|
|switch|p1a: Hakamo-o|Hakamo-o, F|100/100
|-damage|p1a: Hakamo-o|95/100|[from] Stealth Rock
|move|p2a: Pawniard|Iron Head|p1a: Hakamo-o
|-damage|p1a: Hakamo-o|61/100
|
|upkeep
|turn|12
|l| Mdraa
|
|switch|p2a: Shedinja|Shedinja|100/100
|move|p1a: Hakamo-o|Dragon Dance|p1a: Hakamo-o
|-boost|p1a: Hakamo-o|atk|1
|-boost|p1a: Hakamo-o|spe|1
|
|-end|p2a: Shedinja|move: Future Sight
|-immune|p2a: Shedinja|[from] ability: Wonder Guard
|upkeep
|turn|13
|
|switch|p2a: Dubwool|Dubwool, M|79/100
|move|p1a: Hakamo-o|Shadow Claw|p2a: Dubwool
|-immune|p2a: Dubwool
|
|-heal|p2a: Dubwool|85/100|[from] item: Leftovers
|upkeep
|turn|14
|
|move|p1a: Hakamo-o|Drain Punch|p2a: Dubwool
|-supereffective|p2a: Dubwool
|-damage|p2a: Dubwool|51/100
|-heal|p1a: Hakamo-o|85/100|[from] drain|[of] p2a: Dubwool
|move|p2a: Dubwool|Cotton Guard|p2a: Dubwool
|-boost|p2a: Dubwool|def|3
|
|-heal|p2a: Dubwool|57/100|[from] item: Leftovers
|upkeep
|turn|15
|inactive|Battle timer is ON: inactive players will automatically lose when time's up. (requested by adhadda)
|
|switch|p1a: Musharna|Musharna, F|65/100
|-damage|p1a: Musharna|53/100|[from] Stealth Rock
|move|p2a: Dubwool|Body Press|p1a: Musharna
|-resisted|p1a: Musharna
|-damage|p1a: Musharna|28/100
|
|-heal|p2a: Dubwool|63/100|[from] item: Leftovers
|upkeep
|turn|16
|
|move|p2a: Dubwool|Body Press|p1a: Musharna
|-resisted|p1a: Musharna
|-damage|p1a: Musharna|6/100
|move|p1a: Musharna|Moonlight|p1a: Musharna
|-heal|p1a: Musharna|55/100
|
|-heal|p2a: Dubwool|69/100|[from] item: Leftovers
|upkeep
|turn|17
|
|switch|p2a: Shedinja|Shedinja|100/100
|move|p1a: Musharna|Moonlight|p1a: Musharna
|-heal|p1a: Musharna|100/100
|
|upkeep
|turn|18
|l| dontflipthepizzas
|inactive|Tripacci has 120 seconds left.
|j| BigConns
|j| TWTT
|inactive|Tripacci has 90 seconds left.
|inactive|Tripacci has 60 seconds left.
|
|switch|p2a: Pawniard|Pawniard, M|100/100
|switch|p1a: Bellossom|Bellossom, M|93/100
|-damage|p1a: Bellossom|80/100|[from] Stealth Rock
|
|-heal|p1a: Bellossom|86/100|[from] item: Leftovers
|upkeep
|turn|19
|inactive|Tripacci has 30 seconds left.
|inactive|Tripacci has 20 seconds left.
|inactive|adhadda has 120 seconds left.
|
|switch|p1a: Manectric|Manectric, M|100/100
|-damage|p1a: Manectric|88/100|[from] Stealth Rock
|switch|p2a: Shedinja|Shedinja|100/100
|
|upkeep
|turn|20
|inactive|Tripacci has 30 seconds left this turn.
|inactive|Tripacci has 20 seconds left.
|
|switch|p2a: Lickilicky|Lickilicky, M|100/100
|move|p1a: Manectric|Switcheroo|p2a: Lickilicky
|-activate|p1a: Manectric|move: Trick|[of] p2a: Lickilicky
|-item|p2a: Lickilicky|Choice Scarf|[from] move: Switcheroo
|-item|p1a: Manectric|Leftovers|[from] move: Switcheroo
|
|-heal|p1a: Manectric|94/100|[from] item: Leftovers
|upkeep
|turn|21
|inactive|Tripacci has 30 seconds left this turn.
|inactive|adhadda has 120 seconds left.
|
|move|p1a: Manectric|Volt Switch|p2a: Lickilicky
|-damage|p2a: Lickilicky|83/100
|inactive|Tripacci has 30 seconds left this turn.
|inactive|Tripacci has 20 seconds left.
|
|switch|p1a: Bellossom|Bellossom, M|86/100|[from]move: Volt Switch
|-damage|p1a: Bellossom|74/100|[from] Stealth Rock
|move|p2a: Lickilicky|Toxic|p1a: Bellossom
|-status|p1a: Bellossom|tox
|
|-heal|p1a: Bellossom|80/100 tox|[from] item: Leftovers
|-damage|p1a: Bellossom|74/100 tox|[from] psn
|upkeep
|turn|22
|inactive|Tripacci has 30 seconds left this turn.
|
|switch|p2a: Shedinja|Shedinja|100/100
|move|p1a: Bellossom|Safeguard|p1a: Bellossom
|-sidestart|p1: Tripacci|Safeguard
|
|-heal|p1a: Bellossom|80/100 tox|[from] item: Leftovers
|-damage|p1a: Bellossom|68/100 tox|[from] psn
|upkeep
|turn|23
|inactive|Tripacci has 30 seconds left.
|inactive|Tripacci has 20 seconds left.
|
|move|p1a: Bellossom|Strength Sap|p2a: Shedinja
|-unboost|p2a: Shedinja|atk|1
|-heal|p1a: Bellossom|100/100 tox
|move|p2a: Shedinja|Poltergeist|p1a: Bellossom
|-activate|p1a: Bellossom|move: Poltergeist|Leftovers
|-damage|p1a: Bellossom|68/100 tox
|
|-heal|p1a: Bellossom|74/100 tox|[from] item: Leftovers
|-damage|p1a: Bellossom|56/100 tox|[from] psn
|upkeep
|turn|24
|inactive|Tripacci has 30 seconds left this turn.
|
|switch|p1a: Hakamo-o|Hakamo-o, F|85/100
|-damage|p1a: Hakamo-o|79/100|[from] Stealth Rock
|move|p2a: Shedinja|X-Scissor|p1a: Hakamo-o
|-resisted|p1a: Hakamo-o
|-damage|p1a: Hakamo-o|67/100
|
|upkeep
|turn|25
|inactive|Tripacci has 30 seconds left.
|
|switch|p2a: Dubwool|Dubwool, M|69/100
|move|p1a: Hakamo-o|Dragon Dance|p1a: Hakamo-o
|-boost|p1a: Hakamo-o|atk|1
|-boost|p1a: Hakamo-o|spe|1
|
|-heal|p2a: Dubwool|75/100|[from] item: Leftovers
|upkeep
|turn|26
|inactive|adhadda has 120 seconds left.
|
|move|p1a: Hakamo-o|Drain Punch|p2a: Dubwool
|-supereffective|p2a: Dubwool
|-damage|p2a: Dubwool|38/100
|-heal|p1a: Hakamo-o|93/100|[from] drain|[of] p2a: Dubwool
|move|p2a: Dubwool|Cotton Guard|p2a: Dubwool
|-boost|p2a: Dubwool|def|3
|
|-heal|p2a: Dubwool|44/100|[from] item: Leftovers
|-sideend|p1: Tripacci|Safeguard
|upkeep
|turn|27
|inactive|Tripacci has 30 seconds left.
|
|switch|p1a: Musharna|Musharna, F|100/100
|-damage|p1a: Musharna|88/100|[from] Stealth Rock
|move|p2a: Dubwool|Rest|p2a: Dubwool
|-status|p2a: Dubwool|slp|[from] move: Rest
|-heal|p2a: Dubwool|100/100 slp|[silent]
|
|upkeep
|turn|28
|inactive|Tripacci has 30 seconds left.
|
|switch|p2a: Lickilicky|Lickilicky, M|83/100
|move|p1a: Musharna|Future Sight|p2a: Lickilicky
|-start|p1a: Musharna|move: Future Sight
|
|upkeep
|turn|29
|inactive|Tripacci has 30 seconds left.
|
|switch|p1a: Bellossom|Bellossom, M|56/100 tox
|-damage|p1a: Bellossom|44/100 tox|[from] Stealth Rock
|move|p2a: Lickilicky|Toxic|p1a: Bellossom
|-fail|p1a: Bellossom|tox
|
|-heal|p1a: Bellossom|50/100 tox|[from] item: Leftovers
|-damage|p1a: Bellossom|44/100 tox|[from] psn
|upkeep
|turn|30
|inactive|Tripacci has 30 seconds left.
|
|switch|p2a: Shedinja|Shedinja|100/100
|move|p1a: Bellossom|Safeguard|p1a: Bellossom
|-sidestart|p1: Tripacci|Safeguard
|
|-end|p2a: Shedinja|move: Future Sight
|-immune|p2a: Shedinja|[from] ability: Wonder Guard
|-heal|p1a: Bellossom|50/100 tox|[from] item: Leftovers
|-damage|p1a: Bellossom|38/100 tox|[from] psn
|upkeep
|turn|31
|inactive|Tripacci has 30 seconds left.
|
|move|p1a: Bellossom|Strength Sap|p2a: Shedinja
|-unboost|p2a: Shedinja|atk|1
|-heal|p1a: Bellossom|100/100 tox
|move|p2a: Shedinja|X-Scissor|p1a: Bellossom
|-supereffective|p1a: Bellossom
|-damage|p1a: Bellossom|50/100 tox
|
|-heal|p1a: Bellossom|56/100 tox|[from] item: Leftovers
|-damage|p1a: Bellossom|38/100 tox|[from] psn
|upkeep
|turn|32
|
|switch|p1a: Hakamo-o|Hakamo-o, F|93/100
|-damage|p1a: Hakamo-o|87/100|[from] Stealth Rock
|move|p2a: Shedinja|Poltergeist|p1a: Hakamo-o
|-activate|p1a: Hakamo-o|move: Poltergeist|Eviolite
|-damage|p1a: Hakamo-o|55/100
|
|upkeep
|turn|33
|
|switch|p2a: Dubwool|Dubwool, M|100/100 slp
|move|p1a: Hakamo-o|Dragon Dance|p1a: Hakamo-o
|-boost|p1a: Hakamo-o|atk|1
|-boost|p1a: Hakamo-o|spe|1
|
|upkeep
|turn|34
|
|move|p1a: Hakamo-o|Dragon Dance|p1a: Hakamo-o
|-boost|p1a: Hakamo-o|atk|1
|-boost|p1a: Hakamo-o|spe|1
|cant|p2a: Dubwool|slp
|move|p2a: Dubwool|Sleep Talk|p2a: Dubwool
|move|p2a: Dubwool|Rest|p2a: Dubwool|[from]Sleep Talk
|-fail|p2a: Dubwool|heal
|
|-sideend|p1: Tripacci|Safeguard
|upkeep
|turn|35
|
|move|p1a: Hakamo-o|Drain Punch|p2a: Dubwool
|-supereffective|p2a: Dubwool
|-damage|p2a: Dubwool|49/100 slp
|-heal|p1a: Hakamo-o|91/100|[from] drain|[of] p2a: Dubwool
|cant|p2a: Dubwool|slp
|move|p2a: Dubwool|Sleep Talk|p2a: Dubwool
|move|p2a: Dubwool|Body Press|p1a: Hakamo-o|[from]Sleep Talk
|-damage|p1a: Hakamo-o|67/100
|
|-heal|p2a: Dubwool|55/100 slp|[from] item: Leftovers
|upkeep
|turn|36
|
|move|p1a: Hakamo-o|Drain Punch|p2a: Dubwool
|-supereffective|p2a: Dubwool
|-damage|p2a: Dubwool|5/100 slp
|-heal|p1a: Hakamo-o|100/100|[from] drain|[of] p2a: Dubwool
|-curestatus|p2a: Dubwool|slp|[msg]
|move|p2a: Dubwool|Rest|p2a: Dubwool
|-status|p2a: Dubwool|slp|[from] move: Rest
|-heal|p2a: Dubwool|100/100 slp|[silent]
|
|upkeep
|turn|37
|
|move|p1a: Hakamo-o|Drain Punch|p2a: Dubwool
|-supereffective|p2a: Dubwool
|-damage|p2a: Dubwool|56/100 slp
|cant|p2a: Dubwool|slp
|move|p2a: Dubwool|Sleep Talk|p2a: Dubwool
|move|p2a: Dubwool|Rest|p2a: Dubwool|[from]Sleep Talk
|-fail|p2a: Dubwool
|
|-heal|p2a: Dubwool|62/100 slp|[from] item: Leftovers
|upkeep
|turn|38
|
|move|p1a: Hakamo-o|Drain Punch|p2a: Dubwool
|-supereffective|p2a: Dubwool
|-damage|p2a: Dubwool|15/100 slp
|cant|p2a: Dubwool|slp
|move|p2a: Dubwool|Sleep Talk|p2a: Dubwool
|move|p2a: Dubwool|Body Press|p1a: Hakamo-o|[from]Sleep Talk
|-damage|p1a: Hakamo-o|79/100
|
|-heal|p2a: Dubwool|21/100 slp|[from] item: Leftovers
|upkeep
|turn|39
|
|switch|p2a: Mareanie|Mareanie, F|100/100
|move|p1a: Hakamo-o|Drain Punch|p2a: Mareanie
|-resisted|p2a: Mareanie
|-damage|p2a: Mareanie|66/100
|-heal|p1a: Hakamo-o|99/100|[from] drain|[of] p2a: Mareanie
|
|upkeep
|turn|40
|inactive|Tripacci has 90 seconds left.
|inactive|Tripacci has 60 seconds left.
|
|move|p1a: Hakamo-o|Dragon Claw|p2a: Mareanie
|-damage|p2a: Mareanie|0 fnt
|faint|p2a: Mareanie
|
|upkeep
|
|switch|p2a: Sandslash|Sandslash, M|52/100 tox
|turn|41
|
|move|p1a: Hakamo-o|Dragon Claw|p2a: Sandslash
|-damage|p2a: Sandslash|13/100 tox
|move|p2a: Sandslash|Earthquake|p1a: Hakamo-o
|-damage|p1a: Hakamo-o|67/100
|
|-damage|p2a: Sandslash|7/100 tox|[from] psn
|upkeep
|turn|42
|
|move|p1a: Hakamo-o|Drain Punch|p2a: Sandslash
|-damage|p2a: Sandslash|0 fnt
|-heal|p1a: Hakamo-o|71/100|[from] drain|[of] p2a: Sandslash
|faint|p2a: Sandslash
|
|upkeep
|inactive|adhadda has 120 seconds left.
|c|☆Tripacci|damn
|inactive|adhadda has 90 seconds left.
|inactive|adhadda has 60 seconds left.
|j| dontflipthepizzas
|l| dontflipthepizzas
|inactive|adhadda has 30 seconds left.
|
|switch|p2a: Shedinja|Shedinja|100/100
|turn|43
|
|switch|p2a: Dubwool|Dubwool, M|21/100 slp
|move|p1a: Hakamo-o|Shadow Claw|p2a: Dubwool
|-immune|p2a: Dubwool
|
|-heal|p2a: Dubwool|27/100 slp|[from] item: Leftovers
|upkeep
|turn|44
|
|switch|p2a: Shedinja|Shedinja|100/100
|move|p1a: Hakamo-o|Drain Punch|p2a: Shedinja
|-immune|p2a: Shedinja|[from] ability: Wonder Guard
|
|upkeep
|turn|45
|
|move|p1a: Hakamo-o|Shadow Claw|p2a: Shedinja
|-supereffective|p2a: Shedinja
|-damage|p2a: Shedinja|0 fnt
|faint|p2a: Shedinja
|
|upkeep
|-message|adhadda forfeited.
|
|win|Tripacci
|l|☆adhadda
|c|☆Tripacci|gg
|c|☆Tripacci|i did it
