|raw|<div class="broadcast-blue"><strong>This battle is required to be public due to a player having a name starting with 'pult72b'.</div>
|j|☆pult72b z
|j|☆thinking of chu
|t:|1627649131
|gametype|singles
|player|p1|pult72b z|erika|1416
|player|p2|thinking of chu|clown|1671
|teamsize|p1|6
|teamsize|p2|6
|gen|8
|tier|[Gen 8] PU
|rated|
|rule|Sleep Clause Mod: Limit one foe put to sleep
|rule|Species Clause: Limit one of each Pokémon
|rule|OHKO Clause: OHKO moves are banned
|rule|Evasion Moves Clause: Evasion moves are banned
|rule|Endless Battle Clause: Forcing endless battles is banned
|rule|HP Percentage Mod: HP is shown in percentages
|rule|Dynamax Clause: You cannot dynamax
|clearpoke
|poke|p1|Silvally-*|
|poke|p1|Jellicent, F|
|poke|p1|Whimsicott, M|
|poke|p1|Piloswine, F|
|poke|p1|Passimian, F|
|poke|p1|Charizard, M|
|poke|p2|Turtonator, F|
|poke|p2|Lunatone|
|poke|p2|Poliwrath, M|
|poke|p2|Silvally-*|
|poke|p2|Stunfisk-Galar, M|
|poke|p2|Miltank, F|
|teampreview
|
|t:|1627649156
|start
|switch|p1a: Piloswine|Piloswine, F|100/100
|switch|p2a: Lunatone|Lunatone|100/100
|turn|1
|
|t:|1627649159
|move|p2a: Lunatone|Stealth Rock|p1a: Piloswine
|-sidestart|p1: pult72b z|move: Stealth Rock
|move|p1a: Piloswine|Icicle Crash|p2a: Lunatone
|-damage|p2a: Lunatone|50/100
|
|-heal|p2a: Lunatone|57/100|[from] item: Leftovers
|upkeep
|turn|2
|
|t:|1627649174
|move|p2a: Lunatone|Moonlight|p2a: Lunatone
|-heal|p2a: Lunatone|100/100
|move|p1a: Piloswine|Stealth Rock|p2a: Lunatone
|-sidestart|p2: thinking of chu|move: Stealth Rock
|
|upkeep
|turn|3
|
|t:|1627649179
|switch|p2a: Poliwrath|Poliwrath, M|100/100
|-damage|p2a: Poliwrath|94/100|[from] Stealth Rock
|move|p1a: Piloswine|Icicle Crash|p2a: Poliwrath
|-resisted|p2a: Poliwrath
|-damage|p2a: Poliwrath|81/100
|
|-heal|p2a: Poliwrath|87/100|[from] item: Leftovers
|upkeep
|turn|4
|
|t:|1627649189
|switch|p2a: Silvally|Silvally-Ghost|100/100
|-damage|p2a: Silvally|88/100|[from] Stealth Rock
|switch|p1a: Jellicent|Jellicent, F, shiny|100/100
|-damage|p1a: Jellicent|88/100|[from] Stealth Rock
|
|upkeep
|turn|5
|
|t:|1627649197
|move|p2a: Silvally|Multi-Attack|p1a: Jellicent
|-supereffective|p1a: Jellicent
|-damage|p1a: Jellicent|23/100
|move|p1a: Jellicent|Toxic|p2a: Silvally
|-status|p2a: Silvally|tox
|
|-damage|p2a: Silvally|82/100 tox|[from] psn
|upkeep
|turn|6
|
|t:|1627649208
|switch|p1a: Charizard|Charizard, M|100/100
|move|p2a: Silvally|Multi-Attack|p1a: Charizard
|-crit|p1a: Charizard
|-damage|p1a: Charizard|23/100
|
|-damage|p2a: Silvally|70/100 tox|[from] psn
|upkeep
|turn|7
|
|t:|1627649212
|switch|p2a: Lunatone|Lunatone|100/100
|-damage|p2a: Lunatone|88/100|[from] Stealth Rock
|move|p1a: Charizard|Flamethrower|p2a: Lunatone
|-resisted|p2a: Lunatone
|-damage|p2a: Lunatone|56/100
|
|-heal|p2a: Lunatone|62/100|[from] item: Leftovers
|upkeep
|turn|8
|
|t:|1627649218
|switch|p1a: Silvally|Silvally-Steel|100/100
|-damage|p1a: Silvally|94/100|[from] Stealth Rock
|move|p2a: Lunatone|Future Sight|p1a: Silvally
|-start|p2a: Lunatone|move: Future Sight
|
|-heal|p2a: Lunatone|68/100|[from] item: Leftovers
|upkeep
|turn|9
|
|t:|1627649226
|switch|p1a: Jellicent|Jellicent, F, shiny|23/100
|-damage|p1a: Jellicent|10/100|[from] Stealth Rock
|switch|p2a: Stunfisk|Stunfisk-Galar, M|100/100
|-damage|p2a: Stunfisk|97/100|[from] Stealth Rock
|
|-heal|p2a: Stunfisk|100/100|[from] item: Leftovers
|upkeep
|turn|10
|
|t:|1627649229
|move|p1a: Jellicent|Recover|p1a: Jellicent
|-heal|p1a: Jellicent|60/100
|move|p2a: Stunfisk|Earthquake|p1a: Jellicent
|-damage|p1a: Jellicent|35/100
|
|-end|p1a: Jellicent|move: Future Sight
|-damage|p1a: Jellicent|0 fnt
|faint|p1a: Jellicent
|upkeep
|
|t:|1627649233
|switch|p1a: Piloswine|Piloswine, F|100/100
|-damage|p1a: Piloswine|88/100|[from] Stealth Rock
|turn|11
|
|t:|1627649240
|switch|p2a: Poliwrath|Poliwrath, M|87/100
|-damage|p2a: Poliwrath|81/100|[from] Stealth Rock
|move|p1a: Piloswine|Earthquake|p2a: Poliwrath
|-damage|p2a: Poliwrath|50/100
|
|-heal|p2a: Poliwrath|56/100|[from] item: Leftovers
|upkeep
|turn|12
|
|t:|1627649242
|move|p2a: Poliwrath|Rest|p2a: Poliwrath
|-status|p2a: Poliwrath|slp|[from] move: Rest
|-heal|p2a: Poliwrath|100/100 slp|[silent]
|move|p1a: Piloswine|Earthquake|p2a: Poliwrath
|-damage|p2a: Poliwrath|68/100 slp
|
|-heal|p2a: Poliwrath|74/100 slp|[from] item: Leftovers
|upkeep
|turn|13
|
|t:|1627649248
|switch|p1a: Whimsicott|Whimsicott, M, shiny|100/100
|-damage|p1a: Whimsicott|88/100|[from] Stealth Rock
|cant|p2a: Poliwrath|slp
|move|p2a: Poliwrath|Sleep Talk|p2a: Poliwrath
|move|p2a: Poliwrath|Circle Throw|p1a: Whimsicott|[from]move: Sleep Talk
|-resisted|p1a: Whimsicott
|-damage|p1a: Whimsicott|74/100
|drag|p1a: Passimian|Passimian, F|100/100
|-damage|p1a: Passimian|94/100|[from] Stealth Rock
|
|-heal|p2a: Poliwrath|81/100 slp|[from] item: Leftovers
|upkeep
|turn|14
|
|t:|1627649252
|move|p1a: Passimian|Knock Off|p2a: Poliwrath
|-resisted|p2a: Poliwrath
|-damage|p2a: Poliwrath|70/100 slp
|-enditem|p2a: Poliwrath|Leftovers|[from] move: Knock Off|[of] p1a: Passimian
|cant|p2a: Poliwrath|slp
|move|p2a: Poliwrath|Sleep Talk|p2a: Poliwrath
|move|p2a: Poliwrath|Circle Throw|p1a: Passimian|[from]move: Sleep Talk
|-damage|p1a: Passimian|71/100
|drag|p1a: Silvally|Silvally-Steel|94/100
|-damage|p1a: Silvally|88/100|[from] Stealth Rock
|
|upkeep
|turn|15
|
|t:|1627649259
|switch|p1a: Passimian|Passimian, F|71/100
|-damage|p1a: Passimian|65/100|[from] Stealth Rock
|-curestatus|p2a: Poliwrath|slp|[msg]
|move|p2a: Poliwrath|Scald|p1a: Passimian
|-damage|p1a: Passimian|35/100
|
|upkeep
|turn|16
|
|t:|1627649261
|move|p1a: Passimian|U-turn|p2a: Poliwrath
|-resisted|p2a: Poliwrath
|-damage|p2a: Poliwrath|62/100
|
|t:|1627649263
|switch|p1a: Whimsicott|Whimsicott, M, shiny|74/100|[from]move: U-turn
|-damage|p1a: Whimsicott|62/100|[from] Stealth Rock
|move|p2a: Poliwrath|Rest|p2a: Poliwrath
|-status|p2a: Poliwrath|slp|[from] move: Rest
|-heal|p2a: Poliwrath|100/100 slp|[silent]
|
|upkeep
|turn|17
|
|t:|1627649266
|switch|p2a: Stunfisk|Stunfisk-Galar, M|100/100
|-damage|p2a: Stunfisk|97/100|[from] Stealth Rock
|move|p1a: Whimsicott|Knock Off|p2a: Stunfisk
|-damage|p2a: Stunfisk|86/100
|-enditem|p2a: Stunfisk|Leftovers|[from] move: Knock Off|[of] p1a: Whimsicott
|
|upkeep
|turn|18
|
|t:|1627649269
|move|p1a: Whimsicott|Energy Ball|p2a: Stunfisk
|-damage|p2a: Stunfisk|64/100
|move|p2a: Stunfisk|Snap Trap|p1a: Whimsicott
|-resisted|p1a: Whimsicott
|-crit|p1a: Whimsicott
|-damage|p1a: Whimsicott|53/100
|-activate|p1a: Whimsicott|move: Snap Trap|[of] p2a: Stunfisk
|
|-damage|p1a: Whimsicott|41/100|[from] move: Snap Trap|[partiallytrapped]
|upkeep
|turn|19
|
|t:|1627649278
|move|p1a: Whimsicott|U-turn|p2a: Stunfisk
|-resisted|p2a: Stunfisk
|-damage|p2a: Stunfisk|60/100
|
|t:|1627649279
|switch|p1a: Charizard|Charizard, M|23/100|[from]move: U-turn
|move|p2a: Stunfisk|Snap Trap|p1a: Charizard
|-resisted|p1a: Charizard
|-damage|p1a: Charizard|20/100
|-activate|p1a: Charizard|move: Snap Trap|[of] p2a: Stunfisk
|
|-damage|p1a: Charizard|8/100|[from] move: Snap Trap|[partiallytrapped]
|upkeep
|turn|20
|
|t:|1627649290
|switch|p2a: Lunatone|Lunatone|68/100
|-damage|p2a: Lunatone|56/100|[from] Stealth Rock
|move|p1a: Charizard|Roost|p1a: Charizard
|-heal|p1a: Charizard|58/100
|-singleturn|p1a: Charizard|move: Roost
|
|-heal|p2a: Lunatone|62/100|[from] item: Leftovers
|-end|p1a: Charizard|Snap Trap|[partiallytrapped]|[silent]
|upkeep
|turn|21
|
|t:|1627649294
|switch|p1a: Silvally|Silvally-Steel|88/100
|-damage|p1a: Silvally|82/100|[from] Stealth Rock
|move|p2a: Lunatone|Future Sight|p1a: Silvally
|-start|p2a: Lunatone|move: Future Sight
|
|-heal|p2a: Lunatone|68/100|[from] item: Leftovers
|upkeep
|turn|22
|
|t:|1627649299
|switch|p1a: Whimsicott|Whimsicott, M, shiny|41/100
|-damage|p1a: Whimsicott|29/100|[from] Stealth Rock
|switch|p2a: Poliwrath|Poliwrath, M|100/100 slp
|-damage|p2a: Poliwrath|94/100 slp|[from] Stealth Rock
|
|upkeep
|turn|23
|
|t:|1627649307
|move|p1a: Whimsicott|U-turn|p2a: Poliwrath
|-resisted|p2a: Poliwrath
|-damage|p2a: Poliwrath|91/100 slp
|
|t:|1627649310
|switch|p1a: Charizard|Charizard, M|58/100|[from]move: U-turn
|cant|p2a: Poliwrath|slp
|move|p2a: Poliwrath|Sleep Talk|p2a: Poliwrath
|move|p2a: Poliwrath|Scald|p1a: Charizard|[from]move: Sleep Talk
|-supereffective|p1a: Charizard
|-damage|p1a: Charizard|1/100
|
|-end|p1a: Charizard|move: Future Sight
|-damage|p1a: Charizard|0 fnt
|faint|p1a: Charizard
|upkeep
|
|t:|1627649314
|switch|p1a: Whimsicott|Whimsicott, M, shiny|29/100
|-damage|p1a: Whimsicott|17/100|[from] Stealth Rock
|turn|24
|
|t:|1627649321
|switch|p2a: Stunfisk|Stunfisk-Galar, M|60/100
|-damage|p2a: Stunfisk|57/100|[from] Stealth Rock
|move|p1a: Whimsicott|Energy Ball|p2a: Stunfisk
|-damage|p2a: Stunfisk|34/100
|
|upkeep
|turn|25
|
|t:|1627649327
|move|p1a: Whimsicott|U-turn|p2a: Stunfisk
|-resisted|p2a: Stunfisk
|-damage|p2a: Stunfisk|30/100
|
|t:|1627649328
|switch|p1a: Piloswine|Piloswine, F|88/100|[from]move: U-turn
|-damage|p1a: Piloswine|76/100|[from] Stealth Rock
|move|p2a: Stunfisk|Snap Trap|p1a: Piloswine
|-supereffective|p1a: Piloswine
|-damage|p1a: Piloswine|64/100
|-activate|p1a: Piloswine|move: Snap Trap|[of] p2a: Stunfisk
|
|-damage|p1a: Piloswine|52/100|[from] move: Snap Trap|[partiallytrapped]
|upkeep
|turn|26
|
|t:|1627649331
|move|p2a: Stunfisk|Protect|p2a: Stunfisk
|-singleturn|p2a: Stunfisk|Protect
|move|p1a: Piloswine|Earthquake|p2a: Stunfisk
|-activate|p2a: Stunfisk|move: Protect
|
|-damage|p1a: Piloswine|40/100|[from] move: Snap Trap|[partiallytrapped]
|upkeep
|turn|27
|
|t:|1627649338
|switch|p2a: Silvally|Silvally-Ghost|70/100 tox
|-damage|p2a: Silvally|57/100 tox|[from] Stealth Rock
|move|p1a: Piloswine|Earthquake|p2a: Silvally
|-damage|p2a: Silvally|29/100 tox
|
|-damage|p2a: Silvally|23/100 tox|[from] psn
|-end|p1a: Piloswine|Snap Trap|[partiallytrapped]|[silent]
|upkeep
|turn|28
|
|t:|1627649345
|move|p2a: Silvally|Rest|p2a: Silvally
|-status|p2a: Silvally|slp|[from] move: Rest
|-heal|p2a: Silvally|100/100 slp|[silent]
|move|p1a: Piloswine|Earthquake|p2a: Silvally
|-damage|p2a: Silvally|70/100 slp
|
|upkeep
|turn|29
|
|t:|1627649347
|cant|p2a: Silvally|slp
|move|p2a: Silvally|Sleep Talk|p2a: Silvally
|move|p2a: Silvally|Roar|p1a: Piloswine|[from]move: Sleep Talk
|drag|p1a: Passimian|Passimian, F|35/100
|-damage|p1a: Passimian|28/100|[from] Stealth Rock
|
|upkeep
|turn|30
|
|t:|1627649351
|move|p1a: Passimian|Knock Off|p2a: Silvally
|-supereffective|p2a: Silvally
|-damage|p2a: Silvally|41/100 slp
|cant|p2a: Silvally|slp
|move|p2a: Silvally|Sleep Talk|p2a: Silvally
|move|p2a: Silvally|Multi-Attack|p1a: Passimian|[from]move: Sleep Talk
|-damage|p1a: Passimian|0 fnt
|faint|p1a: Passimian
|
|upkeep
|
|t:|1627649356
|switch|p1a: Silvally|Silvally-Steel|82/100
|-damage|p1a: Silvally|76/100|[from] Stealth Rock
|turn|31
|
|t:|1627649360
|switch|p2a: Poliwrath|Poliwrath, M|91/100 slp
|-damage|p2a: Poliwrath|84/100 slp|[from] Stealth Rock
|move|p1a: Silvally|Swords Dance|p1a: Silvally
|-boost|p1a: Silvally|atk|2
|
|upkeep
|turn|32
|
|t:|1627649362
|move|p1a: Silvally|Multi-Attack|p2a: Poliwrath
|-resisted|p2a: Poliwrath
|-damage|p2a: Poliwrath|55/100 slp
|cant|p2a: Poliwrath|slp
|move|p2a: Poliwrath|Sleep Talk|p2a: Poliwrath
|move|p2a: Poliwrath|Circle Throw|p1a: Silvally|[from]move: Sleep Talk
|-supereffective|p1a: Silvally
|-damage|p1a: Silvally|32/100
|drag|p1a: Whimsicott|Whimsicott, M, shiny|17/100
|-damage|p1a: Whimsicott|4/100|[from] Stealth Rock
|
|upkeep
|turn|33
|
|t:|1627649370
|switch|p2a: Stunfisk|Stunfisk-Galar, M|30/100
|-damage|p2a: Stunfisk|27/100|[from] Stealth Rock
|move|p1a: Whimsicott|Moonblast|p2a: Stunfisk
|-resisted|p2a: Stunfisk
|-damage|p2a: Stunfisk|13/100
|-unboost|p2a: Stunfisk|spa|1
|
|upkeep
|turn|34
|
|t:|1627649374
|move|p1a: Whimsicott|Moonblast|p2a: Stunfisk
|-resisted|p2a: Stunfisk
|-damage|p2a: Stunfisk|0 fnt
|faint|p2a: Stunfisk
|
|upkeep
|
|t:|1627649376
|switch|p2a: Turtonator|Turtonator, F|100/100
|turn|35
|
|t:|1627649385
|move|p1a: Whimsicott|Moonblast|p2a: Turtonator
|-damage|p2a: Turtonator|35/100
|move|p2a: Turtonator|Rapid Spin|p1a: Whimsicott
|-damage|p1a: Whimsicott|0 fnt
|-boost|p2a: Turtonator|spe|1
|-sideend|p2: thinking of chu|Stealth Rock|[from] move: Rapid Spin|[of] p2a: Turtonator
|faint|p1a: Whimsicott
|
|upkeep
|
|t:|1627649391
|switch|p1a: Silvally|Silvally-Steel|32/100
|-damage|p1a: Silvally|26/100|[from] Stealth Rock
|turn|36
|
|t:|1627649394
|move|p1a: Silvally|Rock Slide|p2a: Turtonator
|-supereffective|p2a: Turtonator
|-damage|p2a: Turtonator|0 fnt
|faint|p2a: Turtonator
|
|upkeep
|
|t:|1627649399
|switch|p2a: Miltank|Miltank, F|100/100
|turn|37
|
|t:|1627649402
|move|p1a: Silvally|Swords Dance|p1a: Silvally
|-boost|p1a: Silvally|atk|2
|move|p2a: Miltank|Body Press|p1a: Silvally
|-supereffective|p1a: Silvally
|-damage|p1a: Silvally|0 fnt
|faint|p1a: Silvally
|
|upkeep
|
|t:|1627649403
|switch|p1a: Piloswine|Piloswine, F|40/100
|-damage|p1a: Piloswine|27/100|[from] Stealth Rock
|turn|38
|
|t:|1627649405
|move|p2a: Miltank|Body Press|p1a: Piloswine
|-supereffective|p1a: Piloswine
|-damage|p1a: Piloswine|0 fnt
|faint|p1a: Piloswine
|
|win|thinking of chu
|raw|pult72b z's rating: 1416 &rarr; <strong>1409</strong><br />(-7 for losing)
|raw|thinking of chu's rating: 1671 &rarr; <strong>1678</strong><br />(+7 for winning)
|c|☆thinking of chu|gg
|l|☆pult72b z
