|raw|<div class="broadcast-blue"><strong>This battle is required to be public due to a player having a name starting with 'pult4c1'.</div>
|j|☆PULT4C1 spacial
|j|☆Suluxz
|t:|1660643462
|gametype|singles
|player|p1|PULT4C1 spacial|marley|1119
|player|p2|Suluxz|hilbert|1228
|teamsize|p1|6
|teamsize|p2|6
|gen|8
|tier|[Gen 8] PU
|rated|
|rule|Sleep Clause Mod: Limit one foe put to sleep
|rule|Species Clause: Limit one of each Pokémon
|rule|OHKO Clause: OHKO moves are banned
|rule|Evasion Items Clause: Evasion items are banned
|rule|Evasion Moves Clause: Evasion moves are banned
|rule|Endless Battle Clause: Forcing endless battles is banned
|rule|HP Percentage Mod: HP is shown in percentages
|rule|Dynamax Clause: You cannot dynamax
|clearpoke
|poke|p1|Vikavolt, F|
|poke|p1|Sandslash, M|
|poke|p1|Gigalith, M|
|poke|p1|Eldegoss, M|
|poke|p1|Charizard, F|
|poke|p1|Weezing, F|
|poke|p2|Charizard, F|
|poke|p2|Lycanroc, M|
|poke|p2|Jellicent, M|
|poke|p2|Hitmonlee, M|
|poke|p2|Rotom|
|poke|p2|Gigalith, F|
|teampreview
|inactive|Battle timer is ON: inactive players will automatically lose when time's up. (requested by Suluxz)
|
|t:|1660643485
|start
|switch|p1a: Eldegoss|Eldegoss, M|100/100
|switch|p2a: Hitmonlee|Hitmonlee, M|100/100
|turn|1
|
|t:|1660643489
|switch|p1a: Weezing|Weezing, F|100/100
|move|p2a: Hitmonlee|Curse|p2a: Hitmonlee
|-unboost|p2a: Hitmonlee|spe|1
|-boost|p2a: Hitmonlee|atk|1
|-boost|p2a: Hitmonlee|def|1
|-enditem|p2a: Hitmonlee|White Herb
|-clearnegativeboost|p2a: Hitmonlee|[silent]
|
|upkeep
|turn|2
|
|t:|1660643494
|move|p2a: Hitmonlee|Knock Off|p1a: Weezing
|-damage|p1a: Weezing|75/100
|move|p1a: Weezing|Will-O-Wisp|p2a: Hitmonlee
|-status|p2a: Hitmonlee|brn
|
|-damage|p2a: Hitmonlee|94/100 brn|[from] brn
|upkeep
|turn|3
|
|t:|1660643511
|switch|p2a: Useless|Charizard, F, shiny|100/100
|move|p1a: Weezing|Pain Split|p2a: Useless
|-sethp|p2a: Useless|92/100|[from] move: Pain Split|[silent]
|-sethp|p1a: Weezing|82/100|[from] move: Pain Split
|
|upkeep
|turn|4
|
|t:|1660643514
|switch|p1a: Gigalith|Gigalith, M|100/100
|-weather|Sandstorm|[from] ability: Sand Stream|[of] p1a: Gigalith
|move|p2a: Useless|Overheat|p1a: Gigalith
|-resisted|p1a: Gigalith
|-damage|p1a: Gigalith|83/100
|-unboost|p2a: Useless|spa|2
|
|-weather|Sandstorm|[upkeep]
|-damage|p2a: Useless|86/100|[from] Sandstorm
|-heal|p1a: Gigalith|89/100|[from] item: Leftovers
|upkeep
|turn|5
|
|t:|1660643519
|switch|p2a: Gigalith|Gigalith, F, shiny|100/100
|move|p1a: Gigalith|Stealth Rock|p2a: Gigalith
|-sidestart|p2: Suluxz|move: Stealth Rock
|
|-weather|Sandstorm|[upkeep]
|-heal|p1a: Gigalith|95/100|[from] item: Leftovers
|upkeep
|turn|6
|
|t:|1660643547
|switch|p1a: Sandslash|Sandslash, M|100/100
|move|p2a: Gigalith|Stealth Rock|p1a: Sandslash
|-sidestart|p1: PULT4C1 spacial|move: Stealth Rock
|
|-weather|Sandstorm|[upkeep]
|upkeep
|turn|7
|
|t:|1660643552
|move|p2a: Gigalith|Protect|p2a: Gigalith
|-singleturn|p2a: Gigalith|Protect
|move|p1a: Sandslash|Knock Off|p2a: Gigalith
|-activate|p2a: Gigalith|move: Protect
|
|-weather|Sandstorm|[upkeep]
|upkeep
|turn|8
|
|t:|1660643557
|switch|p2a: Useless|Charizard, F, shiny|86/100
|move|p1a: Sandslash|Rapid Spin|p2a: Useless
|-damage|p2a: Useless|70/100
|-boost|p1a: Sandslash|spe|1
|-sideend|p1: PULT4C1 spacial|Stealth Rock|[from] move: Rapid Spin|[of] p1a: Sandslash
|
|-weather|none
|upkeep
|turn|9
|
|t:|1660643566
|switch|p2a: Jellicent|Jellicent, M|100/100
|switch|p1a: Gigalith|Gigalith, M|95/100
|-weather|Sandstorm|[from] ability: Sand Stream|[of] p1a: Gigalith
|
|-weather|Sandstorm|[upkeep]
|-damage|p2a: Jellicent|94/100|[from] Sandstorm
|-heal|p1a: Gigalith|100/100|[from] item: Leftovers
|upkeep
|turn|10
|
|t:|1660643571
|switch|p1a: Eldegoss|Eldegoss, M|100/100
|move|p2a: Jellicent|Toxic|p1a: Eldegoss
|-status|p1a: Eldegoss|tox
|
|-weather|Sandstorm|[upkeep]
|-damage|p1a: Eldegoss|94/100 tox|[from] Sandstorm
|-damage|p2a: Jellicent|88/100|[from] Sandstorm
|-damage|p1a: Eldegoss|88/100 tox|[from] psn
|upkeep
|turn|11
|
|t:|1660643577
|switch|p2a: Rotom|Rotom, shiny|100/100
|-damage|p2a: Rotom|88/100|[from] Stealth Rock
|move|p1a: Eldegoss|Aromatherapy|p1a: Eldegoss
|-activate|p1a: Eldegoss|move: Aromatherapy
|-curestatus|p1a: Eldegoss|tox|[msg]
|
|-weather|Sandstorm|[upkeep]
|-damage|p2a: Rotom|82/100|[from] Sandstorm
|-damage|p1a: Eldegoss|82/100|[from] Sandstorm
|upkeep
|turn|12
|
|t:|1660643583
|switch|p1a: Vikavolt|Vikavolt, F|100/100
|move|p2a: Rotom|Trick|p1a: Vikavolt
|-activate|p2a: Rotom|move: Trick|[of] p1a: Vikavolt
|-item|p1a: Vikavolt|Choice Scarf|[from] move: Trick
|-item|p2a: Rotom|Heavy-Duty Boots|[from] move: Trick
|
|-weather|Sandstorm|[upkeep]
|-damage|p2a: Rotom|76/100|[from] Sandstorm
|-damage|p1a: Vikavolt|94/100|[from] Sandstorm
|upkeep
|turn|13
|
|t:|1660643590
|move|p2a: Rotom|Volt Switch|p1a: Vikavolt
|-resisted|p1a: Vikavolt
|-damage|p1a: Vikavolt|74/100
|
|t:|1660643594
|switch|p2a: Gigalith|Gigalith, F, shiny|100/100|[from]move: Volt Switch
|-damage|p2a: Gigalith|88/100|[from] Stealth Rock
|move|p1a: Vikavolt|Volt Switch|p2a: Gigalith
|-damage|p2a: Gigalith|66/100
|
|t:|1660643600
|switch|p1a: Sandslash|Sandslash, M|100/100|[from]move: Volt Switch
|
|-weather|none
|-heal|p2a: Gigalith|72/100|[from] item: Leftovers
|upkeep
|turn|14
|
|t:|1660643609
|move|p2a: Gigalith|Protect|p2a: Gigalith
|-singleturn|p2a: Gigalith|Protect
|move|p1a: Sandslash|Spikes|p2a: Gigalith
|-sidestart|p2: Suluxz|Spikes
|
|-heal|p2a: Gigalith|79/100|[from] item: Leftovers
|upkeep
|turn|15
|
|t:|1660643616
|switch|p2a: Hitmonlee|Hitmonlee, M|94/100 brn
|-damage|p2a: Hitmonlee|88/100 brn|[from] Stealth Rock
|-damage|p2a: Hitmonlee|76/100 brn|[from] Spikes
|move|p1a: Sandslash|Knock Off|p2a: Hitmonlee
|-resisted|p2a: Hitmonlee
|-damage|p2a: Hitmonlee|57/100 brn
|
|-damage|p2a: Hitmonlee|51/100 brn|[from] brn
|upkeep
|turn|16
|
|t:|1660643619
|move|p2a: Hitmonlee|Rapid Spin|p1a: Sandslash
|-damage|p1a: Sandslash|94/100
|-boost|p2a: Hitmonlee|spe|1
|-sideend|p2: Suluxz|Spikes|[from] move: Rapid Spin|[of] p2a: Hitmonlee
|-sideend|p2: Suluxz|Stealth Rock|[from] move: Rapid Spin|[of] p2a: Hitmonlee
|move|p1a: Sandslash|Earthquake|p2a: Hitmonlee
|-damage|p2a: Hitmonlee|0 fnt
|faint|p2a: Hitmonlee
|
|-heal|p1a: Sandslash|99/100|[from] item: Leftovers
|upkeep
|
|t:|1660643630
|switch|p2a: Useless|Charizard, F, shiny|70/100
|turn|17
|
|t:|1660643634
|switch|p1a: Gigalith|Gigalith, M|100/100
|-weather|Sandstorm|[from] ability: Sand Stream|[of] p1a: Gigalith
|move|p2a: Useless|Toxic|p1a: Gigalith
|-status|p1a: Gigalith|tox
|
|-weather|Sandstorm|[upkeep]
|-damage|p2a: Useless|64/100|[from] Sandstorm
|-damage|p1a: Gigalith|94/100 tox|[from] psn
|upkeep
|turn|18
|
|t:|1660643642
|move|p2a: Useless|Roost|p2a: Useless
|-heal|p2a: Useless|100/100
|-singleturn|p2a: Useless|move: Roost
|move|p1a: Gigalith|Stealth Rock|p2a: Useless
|-sidestart|p2: Suluxz|move: Stealth Rock
|
|-weather|Sandstorm|[upkeep]
|-damage|p2a: Useless|94/100|[from] Sandstorm
|-heal|p1a: Gigalith|100/100 tox|[from] item: Leftovers
|-damage|p1a: Gigalith|88/100 tox|[from] psn
|upkeep
|turn|19
|
|t:|1660643657
|switch|p2a: Lycanroc|Lycanroc, M|100/100
|-damage|p2a: Lycanroc|88/100|[from] Stealth Rock
|move|p1a: Gigalith|Rock Blast|p2a: Lycanroc|[miss]
|-miss|p1a: Gigalith|p2a: Lycanroc
|
|-weather|Sandstorm|[upkeep]
|-heal|p1a: Gigalith|94/100 tox|[from] item: Leftovers
|-damage|p1a: Gigalith|76/100 tox|[from] psn
|upkeep
|turn|20
|
|t:|1660643666
|switch|p1a: Sandslash|Sandslash, M|99/100
|move|p2a: Lycanroc|Stone Edge|p1a: Sandslash
|-resisted|p1a: Sandslash
|-damage|p1a: Sandslash|73/100
|
|-weather|Sandstorm|[upkeep]
|-heal|p1a: Sandslash|79/100|[from] item: Leftovers
|upkeep
|turn|21
|
|t:|1660643674
|switch|p2a: Rotom|Rotom, shiny|76/100
|move|p1a: Sandslash|Earthquake|p2a: Rotom
|-immune|p2a: Rotom|[from] ability: Levitate
|
|-weather|none
|-heal|p1a: Sandslash|85/100|[from] item: Leftovers
|upkeep
|turn|22
|
|t:|1660643684
|switch|p1a: Eldegoss|Eldegoss, M|100/100
|move|p2a: Rotom|Nasty Plot|p2a: Rotom
|-boost|p2a: Rotom|spa|2
|
|upkeep
|turn|23
|
|t:|1660643693
|move|p2a: Rotom|Shadow Ball|p1a: Eldegoss
|-damage|p1a: Eldegoss|39/100
|move|p1a: Eldegoss|Giga Drain|p2a: Rotom
|-damage|p2a: Rotom|33/100
|-heal|p1a: Eldegoss|55/100|[from] drain|[of] p2a: Rotom
|
|upkeep
|turn|24
|
|t:|1660643711
|switch|p1a: Vikavolt|Vikavolt, F|74/100
|move|p2a: Rotom|Shadow Ball|p1a: Vikavolt
|-damage|p1a: Vikavolt|0 fnt
|faint|p1a: Vikavolt
|
|upkeep
|
|t:|1660643714
|switch|p1a: Charizard|Charizard, F|100/100
|turn|25
|
|t:|1660643722
|move|p1a: Charizard|Flamethrower|p2a: Rotom
|-damage|p2a: Rotom|0 fnt
|faint|p2a: Rotom
|
|upkeep
|
|t:|1660643730
|switch|p2a: Jellicent|Jellicent, M|88/100
|turn|26
|
|t:|1660643744
|switch|p1a: Eldegoss|Eldegoss, M|88/100
|move|p2a: Jellicent|Toxic|p1a: Eldegoss|[miss]
|-miss|p2a: Jellicent|p1a: Eldegoss
|
|upkeep
|turn|27
|
|t:|1660643756
|switch|p2a: Useless|Charizard, F, shiny|94/100
|move|p1a: Eldegoss|Leech Seed|p2a: Useless
|-start|p2a: Useless|move: Leech Seed
|
|-damage|p2a: Useless|82/100|[from] Leech Seed|[of] p1a: Eldegoss
|-heal|p1a: Eldegoss|99/100|[silent]
|upkeep
|turn|28
|
|t:|1660643762
|switch|p1a: Gigalith|Gigalith, M|76/100 tox
|-weather|Sandstorm|[from] ability: Sand Stream|[of] p1a: Gigalith
|move|p2a: Useless|Focus Blast|p1a: Gigalith|[miss]
|-miss|p2a: Useless|p1a: Gigalith
|
|-weather|Sandstorm|[upkeep]
|-damage|p2a: Useless|76/100|[from] Sandstorm
|-heal|p1a: Gigalith|82/100 tox|[from] item: Leftovers
|-damage|p2a: Useless|63/100|[from] Leech Seed|[of] p1a: Gigalith
|-heal|p1a: Gigalith|92/100 tox|[silent]
|-damage|p1a: Gigalith|86/100 tox|[from] psn
|upkeep
|turn|29
|
|t:|1660643775
|switch|p2a: Gigalith|Gigalith, F, shiny|79/100
|-damage|p2a: Gigalith|66/100|[from] Stealth Rock
|move|p1a: Gigalith|Rock Blast|p2a: Gigalith
|-damage|p2a: Gigalith|58/100
|-damage|p2a: Gigalith|49/100
|-damage|p2a: Gigalith|41/100
|-hitcount|p2a: Gigalith|3
|
|-weather|Sandstorm|[upkeep]
|-heal|p1a: Gigalith|92/100 tox|[from] item: Leftovers
|-heal|p2a: Gigalith|47/100|[from] item: Leftovers
|-damage|p1a: Gigalith|80/100 tox|[from] psn
|upkeep
|turn|30
|
|t:|1660643779
|switch|p1a: Sandslash|Sandslash, M|85/100
|move|p2a: Gigalith|Protect||[still]
|-fail|p2a: Gigalith
|
|-weather|Sandstorm|[upkeep]
|-heal|p1a: Sandslash|91/100|[from] item: Leftovers
|-heal|p2a: Gigalith|53/100|[from] item: Leftovers
|upkeep
|turn|31
|
|t:|1660643787
|move|p2a: Gigalith|Protect|p2a: Gigalith
|-singleturn|p2a: Gigalith|Protect
|move|p1a: Sandslash|Knock Off|p2a: Gigalith
|-activate|p2a: Gigalith|move: Protect
|
|-weather|Sandstorm|[upkeep]
|-heal|p1a: Sandslash|98/100|[from] item: Leftovers
|-heal|p2a: Gigalith|60/100|[from] item: Leftovers
|upkeep
|turn|32
|
|t:|1660643795
|move|p1a: Sandslash|Knock Off|p2a: Gigalith
|-damage|p2a: Gigalith|44/100
|-enditem|p2a: Gigalith|Leftovers|[from] move: Knock Off|[of] p1a: Sandslash
|move|p2a: Gigalith|Earthquake|p1a: Sandslash
|-damage|p1a: Sandslash|78/100
|
|-weather|none
|-heal|p1a: Sandslash|84/100|[from] item: Leftovers
|upkeep
|turn|33
|
|t:|1660643810
|switch|p2a: Useless|Charizard, F, shiny|63/100
|move|p1a: Sandslash|Earthquake|p2a: Useless
|-immune|p2a: Useless
|
|-heal|p1a: Sandslash|90/100|[from] item: Leftovers
|upkeep
|turn|34
|c|☆Suluxz|This charizard is like
|c|☆Suluxz|actually just useless
|
|t:|1660643822
|switch|p1a: Gigalith|Gigalith, M|80/100 tox
|-weather|Sandstorm|[from] ability: Sand Stream|[of] p1a: Gigalith
|move|p2a: Useless|Focus Blast|p1a: Gigalith|[miss]
|-miss|p2a: Useless|p1a: Gigalith
|
|-weather|Sandstorm|[upkeep]
|-damage|p2a: Useless|57/100|[from] Sandstorm
|-heal|p1a: Gigalith|86/100 tox|[from] item: Leftovers
|-damage|p1a: Gigalith|80/100 tox|[from] psn
|upkeep
|turn|35
|
|t:|1660643835
|move|p2a: Useless|Overheat|p1a: Gigalith
|-resisted|p1a: Gigalith
|-damage|p1a: Gigalith|64/100 tox
|-unboost|p2a: Useless|spa|2
|move|p1a: Gigalith|Rock Blast|p2a: Useless
|-supereffective|p2a: Useless
|-damage|p2a: Useless|0 fnt
|faint|p2a: Useless
|-hitcount|p2: Useless|1
|
|-weather|Sandstorm|[upkeep]
|-heal|p1a: Gigalith|70/100 tox|[from] item: Leftovers
|-damage|p1a: Gigalith|57/100 tox|[from] psn
|upkeep
|
|t:|1660643852
|switch|p2a: Lycanroc|Lycanroc, M|88/100
|-damage|p2a: Lycanroc|76/100|[from] Stealth Rock
|turn|36
|
|t:|1660643858
|move|p2a: Lycanroc|Close Combat|p1a: Gigalith
|-supereffective|p1a: Gigalith
|-damage|p1a: Gigalith|0 fnt
|-unboost|p2a: Lycanroc|def|1
|-unboost|p2a: Lycanroc|spd|1
|faint|p1a: Gigalith
|
|-weather|Sandstorm|[upkeep]
|upkeep
|
|t:|1660643862
|switch|p1a: Sandslash|Sandslash, M|90/100
|turn|37
|
|t:|1660643872
|move|p2a: Lycanroc|Close Combat|p1a: Sandslash
|-damage|p1a: Sandslash|50/100
|-unboost|p2a: Lycanroc|def|1
|-unboost|p2a: Lycanroc|spd|1
|move|p1a: Sandslash|Earthquake|p2a: Lycanroc
|-supereffective|p2a: Lycanroc
|-damage|p2a: Lycanroc|0 fnt
|faint|p2a: Lycanroc
|
|-weather|Sandstorm|[upkeep]
|-heal|p1a: Sandslash|56/100|[from] item: Leftovers
|upkeep
|
|t:|1660643876
|switch|p2a: Jellicent|Jellicent, M|88/100
|turn|38
|
|t:|1660643886
|move|p1a: Sandslash|Knock Off|p2a: Jellicent
|-supereffective|p2a: Jellicent
|-damage|p2a: Jellicent|56/100
|-enditem|p2a: Jellicent|Heavy-Duty Boots|[from] move: Knock Off|[of] p1a: Sandslash
|move|p2a: Jellicent|Scald|p1a: Sandslash
|-supereffective|p1a: Sandslash
|-damage|p1a: Sandslash|0 fnt
|faint|p1a: Sandslash
|
|-weather|none
|upkeep
|
|t:|1660643891
|switch|p1a: Eldegoss|Eldegoss, M|100/100
|turn|39
|
|t:|1660643895
|move|p1a: Eldegoss|Giga Drain|p2a: Jellicent
|-supereffective|p2a: Jellicent
|-damage|p2a: Jellicent|22/100
|move|p2a: Jellicent|Toxic|p1a: Eldegoss
|-status|p1a: Eldegoss|tox
|
|-damage|p1a: Eldegoss|94/100 tox|[from] psn
|upkeep
|turn|40
|
|t:|1660643902
|move|p1a: Eldegoss|Giga Drain|p2a: Jellicent
|-supereffective|p2a: Jellicent
|-damage|p2a: Jellicent|0 fnt
|-heal|p1a: Eldegoss|100/100 tox|[from] drain|[of] p2a: Jellicent
|faint|p2a: Jellicent
|
|-damage|p1a: Eldegoss|88/100 tox|[from] psn
|upkeep
|-message|Suluxz forfeited.
|
|win|PULT4C1 spacial
|raw|PULT4C1 spacial's rating: 1119 &rarr; <strong>1152</strong><br />(+33 for winning)
|raw|Suluxz's rating: 1228 &rarr; <strong>1195</strong><br />(-33 for losing)
