|j|☆allstarapology
|j|☆Deferio
|t:|1614573828
|player|p1|allstarapology|bianca-pwt|
|player|p2|Deferio|102|
|teamsize|p1|6
|teamsize|p2|6
|gametype|singles
|gen|8
|tier|[Gen 8] PU
|rated|Tournament battle
|clearpoke
|poke|p1|Vanilluxe, F|
|poke|p1|Arctovish|
|poke|p1|Sandslash-Alola, F|
|poke|p1|Toxicroak, F|
|poke|p1|Cofagrigus, F|
|poke|p1|Whimsicott, M|
|poke|p2|Guzzlord|
|poke|p2|Crustle, F|
|poke|p2|Passimian, M|
|poke|p2|Silvally-*|
|poke|p2|Klang|
|poke|p2|Beheeyem, F|
|rule|Sleep Clause Mod: Limit one foe put to sleep
|rule|Species Clause: Limit one of each Pokémon
|rule|OHKO Clause: OHKO moves are banned
|rule|Evasion Moves Clause: Evasion moves are banned
|rule|Endless Battle Clause: Forcing endless battles is banned
|rule|HP Percentage Mod: HP is shown in percentages
|rule|Dynamax Clause: You cannot dynamax
|teampreview
|j|%Chloe
|j| PedroGreg
|c|☆allstarapology|u2
|c|☆allstarapology|oh
|c|☆allstarapology|lol
|c|☆allstarapology|soz
|c|%Chloe|lol
|c|☆allstarapology|hf
|c|☆Deferio|u2
|j| homeboy46
|j| MR ICARDI
|
|t:|1614573886
|start
|switch|p1a: Whimsicott|Whimsicott, M|100/100
|switch|p2a: Beheeyem|Beheeyem, F|100/100
|turn|1
|
|t:|1614573894
|move|p1a: Whimsicott|U-turn|p2a: Beheeyem
|-supereffective|p2a: Beheeyem
|-crit|p2a: Beheeyem
|-damage|p2a: Beheeyem|58/100
|
|t:|1614573896
|switch|p1a: Sandslash|Sandslash-Alola, F|100/100|[from]move: U-turn
|move|p2a: Beheeyem|Psychic|p1a: Sandslash
|-resisted|p1a: Sandslash
|-damage|p1a: Sandslash|26/100
|
|upkeep
|turn|2
|
|t:|1614573903
|move|p1a: Sandslash|Knock Off|p2a: Beheeyem
|-supereffective|p2a: Beheeyem
|-damage|p2a: Beheeyem|0 fnt
|-enditem|p2a: Beheeyem|Choice Specs|[from] move: Knock Off|[of] p1a: Sandslash
|faint|p2a: Beheeyem
|
|upkeep
|
|t:|1614573906
|switch|p2a: Crustle|Crustle, F|100/100
|turn|3
|
|t:|1614573910
|switch|p1a: Whimsicott|Whimsicott, M|100/100
|move|p2a: Crustle|Stealth Rock|p1a: Whimsicott
|-sidestart|p1: allstarapology|move: Stealth Rock
|
|upkeep
|turn|4
|
|t:|1614573918
|switch|p2a: Klang|Klang|100/100
|move|p1a: Whimsicott|Moonblast|p2a: Klang
|-resisted|p2a: Klang
|-damage|p2a: Klang|89/100
|
|upkeep
|turn|5
|
|t:|1614573922
|move|p1a: Whimsicott|U-turn|p2a: Klang
|-resisted|p2a: Klang
|-damage|p2a: Klang|85/100
|
|t:|1614573923
|switch|p1a: Cofagrigus|Cofagrigus, F|100/100|[from]move: U-turn
|-damage|p1a: Cofagrigus|88/100|[from] Stealth Rock
|move|p2a: Klang|Gear Grind|p1a: Cofagrigus
|-damage|p1a: Cofagrigus|77/100
|-activate|p1a: Cofagrigus|ability: Mummy|Clear Body|[of] p2a: Klang
|-damage|p1a: Cofagrigus|65/100
|-hitcount|p1a: Cofagrigus|2
|
|upkeep
|turn|6
|
|t:|1614573929
|switch|p2a: Crustle|Crustle, F|100/100
|move|p1a: Cofagrigus|Iron Defense|p1a: Cofagrigus
|-boost|p1a: Cofagrigus|def|2
|
|upkeep
|turn|7
|
|t:|1614573935
|move|p2a: Crustle|Toxic|p1a: Cofagrigus
|-status|p1a: Cofagrigus|tox
|move|p1a: Cofagrigus|Iron Defense|p1a: Cofagrigus
|-boost|p1a: Cofagrigus|def|2
|
|-damage|p1a: Cofagrigus|59/100 tox|[from] psn
|upkeep
|turn|8
|
|t:|1614573940
|move|p2a: Crustle|Spikes|p1a: Cofagrigus
|-sidestart|p1: allstarapology|Spikes
|move|p1a: Cofagrigus|Rest|p1a: Cofagrigus
|-status|p1a: Cofagrigus|slp|[from] move: Rest
|-heal|p1a: Cofagrigus|100/100 slp|[silent]
|
|upkeep
|turn|9
|
|t:|1614573942
|switch|p1a: Whimsicott|Whimsicott, M|100/100
|move|p2a: Crustle|Spikes|p1a: Whimsicott
|-sidestart|p1: allstarapology|Spikes
|
|upkeep
|turn|10
|
|t:|1614573945
|switch|p2a: Klang|Klang|85/100
|move|p1a: Whimsicott|Defog|p2a: Klang
|-fail|p2a: Klang|unboost|[from] ability: Clear Body|[of] p2a: Klang
|-sideend|p1: allstarapology|Spikes|[from] move: Defog|[of] p1a: Whimsicott
|-sideend|p1: allstarapology|Stealth Rock|[from] move: Defog|[of] p1a: Whimsicott
|
|upkeep
|turn|11
|
|t:|1614573950
|move|p1a: Whimsicott|U-turn|p2a: Klang
|-resisted|p2a: Klang
|-damage|p2a: Klang|80/100
|
|t:|1614573952
|switch|p1a: Cofagrigus|Cofagrigus, F|100/100 slp|[from]move: U-turn
|move|p2a: Klang|Shift Gear|p2a: Klang
|-boost|p2a: Klang|spe|2
|-boost|p2a: Klang|atk|1
|
|upkeep
|turn|12
|
|t:|1614573957
|move|p2a: Klang|Gear Grind|p1a: Cofagrigus
|-damage|p1a: Cofagrigus|85/100 slp
|-activate|p1a: Cofagrigus|ability: Mummy|Clear Body|[of] p2a: Klang
|-damage|p1a: Cofagrigus|67/100 slp
|-hitcount|p1a: Cofagrigus|2
|cant|p1a: Cofagrigus|slp
|
|upkeep
|turn|13
|
|t:|1614573962
|switch|p2a: Crustle|Crustle, F|100/100
|cant|p1a: Cofagrigus|slp
|
|upkeep
|turn|14
|
|t:|1614573970
|switch|p1a: Vanilluxe|Vanilluxe, F|100/100
|-weather|Hail|[from] ability: Snow Warning|[of] p1a: Vanilluxe
|move|p2a: Crustle|Stealth Rock|p1a: Vanilluxe
|-sidestart|p1: allstarapology|move: Stealth Rock
|
|-weather|Hail|[upkeep]
|-damage|p2a: Crustle|94/100|[from] Hail
|upkeep
|turn|15
|
|t:|1614573974
|move|p1a: Vanilluxe|Blizzard|p2a: Crustle
|-damage|p2a: Crustle|26/100
|move|p2a: Crustle|Spikes|p1a: Vanilluxe
|-sidestart|p1: allstarapology|Spikes
|
|-weather|Hail|[upkeep]
|-damage|p2a: Crustle|20/100|[from] Hail
|upkeep
|turn|16
|
|t:|1614573979
|move|p1a: Vanilluxe|Blizzard|p2a: Crustle
|-damage|p2a: Crustle|0 fnt
|faint|p2a: Crustle
|
|-weather|Hail|[upkeep]
|upkeep
|
|t:|1614573981
|switch|p2a: Klang|Klang|80/100
|turn|17
|
|t:|1614573992
|move|p1a: Vanilluxe|Taunt|p2a: Klang
|-start|p2a: Klang|move: Taunt
|cant|p2a: Klang|move: Taunt|Shift Gear
|
|-weather|Hail|[upkeep]
|-damage|p2a: Klang|74/100|[from] Hail
|upkeep
|turn|18
|
|t:|1614574003
|switch|p1a: Toxicroak|Toxicroak, F|100/100
|-damage|p1a: Toxicroak|88/100|[from] Spikes
|-damage|p1a: Toxicroak|82/100|[from] Stealth Rock
|move|p2a: Klang|Gear Grind|p1a: Toxicroak
|-damage|p1a: Toxicroak|50/100
|-damage|p1a: Toxicroak|21/100
|-hitcount|p1a: Toxicroak|2
|
|-weather|none
|upkeep
|turn|19
|
|t:|1614574014
|switch|p2a: Silvally|Silvally-Ghost|100/100
|move|p1a: Toxicroak|Sludge Bomb|p2a: Silvally
|-resisted|p2a: Silvally
|-damage|p2a: Silvally|76/100
|-status|p2a: Silvally|psn
|-damage|p1a: Toxicroak|12/100|[from] item: Life Orb
|
|-damage|p2a: Silvally|64/100 psn|[from] psn
|upkeep
|turn|20
|
|t:|1614574017
|move|p1a: Toxicroak|Shadow Ball|p2a: Silvally
|-supereffective|p2a: Silvally
|-damage|p2a: Silvally|10/100 psn
|-damage|p1a: Toxicroak|2/100|[from] item: Life Orb
|move|p2a: Silvally|Flame Charge|p1a: Toxicroak
|-damage|p1a: Toxicroak|0 fnt
|-boost|p2a: Silvally|spe|1
|faint|p1a: Toxicroak
|
|-damage|p2a: Silvally|0 fnt|[from] psn
|faint|p2a: Silvally
|upkeep
|
|t:|1614574021
|switch|p1a: Whimsicott|Whimsicott, M|100/100
|switch|p2a: Klang|Klang|74/100
|turn|21
|
|t:|1614574025
|move|p1a: Whimsicott|Defog|p2a: Klang
|-fail|p2a: Klang|unboost|[from] ability: Clear Body|[of] p2a: Klang
|-sideend|p1: allstarapology|Spikes|[from] move: Defog|[of] p1a: Whimsicott
|-sideend|p1: allstarapology|Stealth Rock|[from] move: Defog|[of] p1a: Whimsicott
|move|p2a: Klang|Gear Grind|p1a: Whimsicott
|-supereffective|p1a: Whimsicott
|-damage|p1a: Whimsicott|52/100
|-supereffective|p1a: Whimsicott
|-damage|p1a: Whimsicott|5/100
|-hitcount|p1a: Whimsicott|2
|
|upkeep
|turn|22
|
|t:|1614574036
|move|p1a: Whimsicott|Moonblast|p2a: Klang
|-resisted|p2a: Klang
|-damage|p2a: Klang|62/100
|move|p2a: Klang|Shift Gear|p2a: Klang
|-boost|p2a: Klang|spe|2
|-boost|p2a: Klang|atk|1
|
|upkeep
|turn|23
|
|t:|1614574039
|switch|p2a: Passimian|Passimian, M|100/100
|move|p1a: Whimsicott|Encore||[still]
|-fail|p1a: Whimsicott
|
|upkeep
|turn|24
|
|t:|1614574043
|switch|p1a: Vanilluxe|Vanilluxe, F|100/100
|-weather|Hail|[from] ability: Snow Warning|[of] p1a: Vanilluxe
|move|p2a: Passimian|U-turn|p1a: Vanilluxe
|-damage|p1a: Vanilluxe|70/100
|
|t:|1614574045
|switch|p2a: Klang|Klang|62/100|[from]move: U-turn
|
|-weather|Hail|[upkeep]
|-damage|p2a: Klang|56/100|[from] Hail
|upkeep
|turn|25
|
|t:|1614574051
|move|p1a: Vanilluxe|Taunt|p2a: Klang
|-start|p2a: Klang|move: Taunt
|move|p2a: Klang|Gear Grind|p1a: Vanilluxe
|-supereffective|p1a: Vanilluxe
|-damage|p1a: Vanilluxe|19/100
|-supereffective|p1a: Vanilluxe
|-damage|p1a: Vanilluxe|0 fnt
|-hitcount|p1a: Vanilluxe|2
|faint|p1a: Vanilluxe
|
|-weather|Hail|[upkeep]
|-damage|p2a: Klang|50/100|[from] Hail
|upkeep
|
|t:|1614574055
|switch|p1a: Arctovish|Arctovish|100/100
|turn|26
|
|t:|1614574067
|move|p1a: Arctovish|Fishious Rend|p2a: Klang
|-damage|p2a: Klang|0 fnt
|-damage|p1a: Arctovish|91/100|[from] item: Life Orb
|faint|p2a: Klang
|
|-weather|Hail|[upkeep]
|upkeep
|
|t:|1614574069
|switch|p2a: Guzzlord|Guzzlord|100/100
|turn|27
|
|t:|1614574071
|move|p1a: Arctovish|Icicle Crash|p2a: Guzzlord
|-supereffective|p2a: Guzzlord
|-damage|p2a: Guzzlord|45/100
|-damage|p1a: Arctovish|81/100|[from] item: Life Orb
|cant|p2a: Guzzlord|flinch
|
|-weather|Hail|[upkeep]
|-damage|p2a: Guzzlord|39/100|[from] Hail
|-heal|p2a: Guzzlord|45/100|[from] item: Leftovers
|upkeep
|turn|28
|
|t:|1614574076
|move|p1a: Arctovish|Icicle Crash|p2a: Guzzlord
|-supereffective|p2a: Guzzlord
|-damage|p2a: Guzzlord|0 fnt
|-damage|p1a: Arctovish|71/100|[from] item: Life Orb
|faint|p2a: Guzzlord
|
|-weather|none
|upkeep
|
|t:|1614574078
|switch|p2a: Passimian|Passimian, M|100/100
|turn|29
|
|t:|1614574085
|move|p2a: Passimian|Rock Slide|p1a: Arctovish
|-supereffective|p1a: Arctovish
|-damage|p1a: Arctovish|9/100
|move|p1a: Arctovish|Psychic Fangs|p2a: Passimian
|-supereffective|p2a: Passimian
|-damage|p2a: Passimian|35/100
|-damage|p1a: Arctovish|0 fnt|[from] item: Life Orb
|faint|p1a: Arctovish
|
|upkeep
|
|t:|1614574090
|switch|p1a: Sandslash|Sandslash-Alola, F|26/100
|turn|30
|
|t:|1614574092
|move|p2a: Passimian|Rock Slide|p1a: Sandslash
|-damage|p1a: Sandslash|3/100
|cant|p1a: Sandslash|flinch
|
|upkeep
|turn|31
|
|t:|1614574095
|move|p2a: Passimian|Rock Slide|p1a: Sandslash
|-damage|p1a: Sandslash|0 fnt
|faint|p1a: Sandslash
|
|upkeep
|
|t:|1614574097
|switch|p1a: Whimsicott|Whimsicott, M|5/100
|turn|32
|
|t:|1614574099
|move|p2a: Passimian|Rock Slide|p1a: Whimsicott
|-damage|p1a: Whimsicott|0 fnt
|faint|p1a: Whimsicott
|
|upkeep
|
|t:|1614574101
|switch|p1a: Cofagrigus|Cofagrigus, F|67/100 slp
|turn|33
|
|t:|1614574104
|move|p2a: Passimian|Rock Slide|p1a: Cofagrigus
|-damage|p1a: Cofagrigus|52/100 slp
|-curestatus|p1a: Cofagrigus|slp|[msg]
|cant|p1a: Cofagrigus|flinch
|
|upkeep
|turn|34
|
|t:|1614574107
|move|p2a: Passimian|Rock Slide|p1a: Cofagrigus
|-damage|p1a: Cofagrigus|38/100
|move|p1a: Cofagrigus|Rest|p1a: Cofagrigus
|-status|p1a: Cofagrigus|slp|[from] move: Rest
|-heal|p1a: Cofagrigus|100/100 slp|[silent]
|
|upkeep
|turn|35
|
|t:|1614574110
|move|p2a: Passimian|Rock Slide|p1a: Cofagrigus
|-damage|p1a: Cofagrigus|85/100 slp
|cant|p1a: Cofagrigus|slp
|
|upkeep
|turn|36
|
|t:|1614574112
|move|p2a: Passimian|Rock Slide|p1a: Cofagrigus
|-damage|p1a: Cofagrigus|70/100 slp
|cant|p1a: Cofagrigus|slp
|
|upkeep
|turn|37
|
|t:|1614574115
|move|p2a: Passimian|Rock Slide|p1a: Cofagrigus
|-damage|p1a: Cofagrigus|56/100 slp
|-curestatus|p1a: Cofagrigus|slp|[msg]
|move|p1a: Cofagrigus|Iron Defense|p1a: Cofagrigus
|-boost|p1a: Cofagrigus|def|2
|
|upkeep
|turn|38
|c|☆Deferio|gg
|
|t:|1614574120
|move|p2a: Passimian|Rock Slide|p1a: Cofagrigus
|-damage|p1a: Cofagrigus|48/100
|cant|p1a: Cofagrigus|flinch
|
|upkeep
|turn|39
|c|☆allstarapology|gg
|
|t:|1614574123
|move|p2a: Passimian|Rock Slide|p1a: Cofagrigus
|-damage|p1a: Cofagrigus|41/100
|move|p1a: Cofagrigus|Rest|p1a: Cofagrigus
|-status|p1a: Cofagrigus|slp|[from] move: Rest
|-heal|p1a: Cofagrigus|100/100 slp|[silent]
|
|upkeep
|turn|40
|
|t:|1614574128
|move|p2a: Passimian|Rock Slide|p1a: Cofagrigus
|-damage|p1a: Cofagrigus|92/100 slp
|cant|p1a: Cofagrigus|slp
|
|upkeep
|turn|41
|
|t:|1614574131
|move|p2a: Passimian|Rock Slide|p1a: Cofagrigus
|-damage|p1a: Cofagrigus|84/100 slp
|cant|p1a: Cofagrigus|slp
|
|upkeep
|turn|42
|l| MR ICARDI
|
|t:|1614574133
|move|p2a: Passimian|Rock Slide|p1a: Cofagrigus
|-damage|p1a: Cofagrigus|76/100 slp
|-curestatus|p1a: Cofagrigus|slp|[msg]
|move|p1a: Cofagrigus|Toxic Spikes|p2a: Passimian
|-sidestart|p2: Deferio|move: Toxic Spikes
|
|upkeep
|turn|43
|
|t:|1614574136
|move|p2a: Passimian|Rock Slide|p1a: Cofagrigus
|-damage|p1a: Cofagrigus|68/100
|move|p1a: Cofagrigus|Toxic Spikes|p2a: Passimian
|-sidestart|p2: Deferio|move: Toxic Spikes
|
|upkeep
|turn|44
|
|t:|1614574141
|move|p2a: Passimian|Rock Slide|p1a: Cofagrigus
|-crit|p1a: Cofagrigus
|-damage|p1a: Cofagrigus|46/100
|move|p1a: Cofagrigus|Iron Defense|p1a: Cofagrigus
|-boost|p1a: Cofagrigus|def|2
|
|upkeep
|turn|45
|
|t:|1614574145
|-activate|p2a: Passimian|move: Struggle
|move|p2a: Passimian|Struggle|p1a: Cofagrigus
|-damage|p1a: Cofagrigus|43/100
|-activate|p1a: Cofagrigus|ability: Mummy|Defiant|[of] p2a: Passimian
|-damage|p2a: Passimian|10/100|[from] recoil
|move|p1a: Cofagrigus|Rest|p1a: Cofagrigus
|-status|p1a: Cofagrigus|slp|[from] move: Rest
|-heal|p1a: Cofagrigus|100/100 slp|[silent]
|
|upkeep
|turn|46
|c|☆Deferio|no move
|l| PedroGreg
|c|☆Deferio|ofense?
|
|t:|1614574167
|-activate|p2a: Passimian|move: Struggle
|move|p2a: Passimian|Struggle|p1a: Cofagrigus
|-damage|p1a: Cofagrigus|97/100 slp
|-damage|p2a: Passimian|0 fnt|[from] recoil
|faint|p2a: Passimian
|
|win|allstarapology
|n|☆allstarapology|allstarapology
|n|☆Deferio|deferio
|n|+Chloe|chloe
|n| homeboy46|homeboy46
