|j|☆AMagicalHamster
|j|☆Regi Time
|t:|1623076895
|gametype|singles
|player|p1|AMagicalHamster|marlon|1287
|player|p2|Regi Time|265|1421
|teamsize|p1|6
|teamsize|p2|6
|gen|8
|tier|[Gen 8] PU
|rated|
|rule|Sleep Clause Mod: Limit one foe put to sleep
|rule|Species Clause: Limit one of each Pokémon
|rule|OHKO Clause: OHKO moves are banned
|rule|Evasion Moves Clause: Evasion moves are banned
|rule|Endless Battle Clause: Forcing endless battles is banned
|rule|HP Percentage Mod: HP is shown in percentages
|rule|Dynamax Clause: You cannot dynamax
|clearpoke
|poke|p1|Jellicent, M|
|poke|p1|Xatu, M|
|poke|p1|Arctovish|
|poke|p1|Runerigus, F|
|poke|p1|Drampa, F|
|poke|p1|Perrserker, M|
|poke|p2|Regigigas|
|poke|p2|Scyther, M|
|poke|p2|Heliolisk, F|
|poke|p2|Thwackey, M|
|poke|p2|Silvally-*|
|poke|p2|Palossand, M|
|teampreview
|inactive|Battle timer is ON: inactive players will automatically lose when time's up. (requested by Regi Time)
|
|t:|1623076902
|start
|switch|p1a: Runerigus|Runerigus, F|100/100
|switch|p2a: Regigigas|Regigigas|100/100
|-start|p2a: Regigigas|ability: Slow Start
|turn|1
|
|t:|1623076906
|move|p2a: Regigigas|Substitute|p2a: Regigigas
|-start|p2a: Regigigas|Substitute
|-damage|p2a: Regigigas|76/100
|move|p1a: Runerigus|Toxic Spikes|p2a: Regigigas
|-sidestart|p2: Regi Time|move: Toxic Spikes
|
|-heal|p2a: Regigigas|82/100|[from] item: Leftovers
|upkeep
|turn|2
|
|t:|1623076911
|move|p2a: Regigigas|Knock Off|p1a: Runerigus
|-supereffective|p1a: Runerigus
|-damage|p1a: Runerigus|75/100
|-end|p2a: Regigigas|Slow Start|[silent]
|-activate|p1a: Runerigus|ability: Wandering Spirit|Slow Start|Wandering Spirit|[of] p2a: Regigigas
|-start|p1a: Runerigus|ability: Slow Start
|-enditem|p1a: Runerigus|Mental Herb|[from] move: Knock Off|[of] p2a: Regigigas
|move|p1a: Runerigus|Stealth Rock|p2a: Regigigas
|-sidestart|p2: Regi Time|move: Stealth Rock
|
|-heal|p2a: Regigigas|88/100|[from] item: Leftovers
|upkeep
|turn|3
|
|t:|1623076920
|move|p2a: Regigigas|Knock Off|p1a: Runerigus
|-supereffective|p1a: Runerigus
|-damage|p1a: Runerigus|42/100
|move|p1a: Runerigus|Trick Room|p1a: Runerigus
|-fieldstart|move: Trick Room|[of] p1a: Runerigus
|
|-heal|p2a: Regigigas|94/100|[from] item: Leftovers
|upkeep
|turn|4
|
|t:|1623076925
|move|p1a: Runerigus|Memento||[still]
|-fail|p1a: Runerigus
|move|p2a: Regigigas|Knock Off|p1a: Runerigus
|-supereffective|p1a: Runerigus
|-damage|p1a: Runerigus|10/100
|
|-heal|p2a: Regigigas|99/100|[from] item: Leftovers
|upkeep
|turn|5
|
|t:|1623076930
|move|p1a: Runerigus|Toxic Spikes|p2a: Regigigas
|-sidestart|p2: Regi Time|move: Toxic Spikes
|move|p2a: Regigigas|Knock Off|p1a: Runerigus
|-supereffective|p1a: Runerigus
|-damage|p1a: Runerigus|0 fnt
|faint|p1a: Runerigus
|-end|p1a: Runerigus|Slow Start|[silent]
|
|-heal|p2a: Regigigas|100/100|[from] item: Leftovers
|upkeep
|
|t:|1623076934
|switch|p1a: Arctovish|Arctovish|100/100
|turn|6
|
|t:|1623076936
|move|p2a: Regigigas|Protect|p2a: Regigigas
|-singleturn|p2a: Regigigas|Protect
|move|p1a: Arctovish|Fishious Rend|p2a: Regigigas
|-activate|p2a: Regigigas|move: Protect
|
|upkeep
|turn|7
|
|t:|1623076940
|move|p1a: Arctovish|Fishious Rend|p2a: Regigigas
|-end|p2a: Regigigas|Substitute
|move|p2a: Regigigas|Substitute|p2a: Regigigas
|-start|p2a: Regigigas|Substitute
|-damage|p2a: Regigigas|76/100
|
|-heal|p2a: Regigigas|82/100|[from] item: Leftovers
|-fieldend|move: Trick Room
|upkeep
|turn|8
|
|t:|1623076942
|move|p2a: Regigigas|Knock Off|p1a: Arctovish
|-damage|p1a: Arctovish|60/100
|-enditem|p1a: Arctovish|Choice Band|[from] move: Knock Off|[of] p2a: Regigigas
|move|p1a: Arctovish|Fishious Rend|p2a: Regigigas
|-end|p2a: Regigigas|Substitute
|
|-heal|p2a: Regigigas|88/100|[from] item: Leftovers
|upkeep
|turn|9
|
|t:|1623076951
|move|p2a: Regigigas|Body Slam|p1a: Arctovish
|-damage|p1a: Arctovish|13/100
|move|p1a: Arctovish|Fishious Rend|p2a: Regigigas
|-damage|p2a: Regigigas|60/100
|-activate|p2a: Regigigas|ability: Wandering Spirit|Water Absorb|Wandering Spirit|[of] p1a: Arctovish
|
|-heal|p2a: Regigigas|66/100|[from] item: Leftovers
|upkeep
|turn|10
|
|t:|1623076961
|move|p2a: Regigigas|Body Slam|p1a: Arctovish
|-damage|p1a: Arctovish|0 fnt
|-activate|p1a: Arctovish|ability: Wandering Spirit|Water Absorb|Wandering Spirit|[of] p2a: Regigigas
|faint|p1a: Arctovish
|
|-heal|p2a: Regigigas|72/100|[from] item: Leftovers
|upkeep
|
|t:|1623076974
|switch|p1a: Drampa|Drampa, F|100/100
|turn|11
|
|t:|1623076989
|move|p2a: Regigigas|Protect|p2a: Regigigas
|-singleturn|p2a: Regigigas|Protect
|move|p1a: Drampa|Dragon Pulse|p2a: Regigigas
|-activate|p2a: Regigigas|move: Protect
|
|-heal|p2a: Regigigas|78/100|[from] item: Leftovers
|upkeep
|turn|12
|
|t:|1623076996
|move|p2a: Regigigas|Knock Off|p1a: Drampa
|-damage|p1a: Drampa|54/100
|-enditem|p1a: Drampa|Life Orb|[from] move: Knock Off|[of] p2a: Regigigas
|move|p1a: Drampa|Dragon Pulse|p2a: Regigigas
|-damage|p2a: Regigigas|41/100
|
|-heal|p2a: Regigigas|47/100|[from] item: Leftovers
|upkeep
|turn|13
|-message|AMagicalHamster forfeited.
|
|win|Regi Time
|raw|AMagicalHamster's rating: 1287 &rarr; <strong>1271</strong><br />(-16 for losing)
|raw|Regi Time's rating: 1421 &rarr; <strong>1434</strong><br />(+13 for winning)
|l|☆AMagicalHamster
