|j|☆Malfurion l'elf
|j|☆Vishoclock
|t:|1648399009
|gametype|singles
|player|p1|Malfurion l'elf|bellelba|1205
|player|p2|Vishoclock|cyrus|1474
|teamsize|p1|6
|teamsize|p2|6
|gen|8
|tier|[Gen 8] PU
|rated|
|rule|Sleep Clause Mod: Limit one foe put to sleep
|rule|Species Clause: Limit one of each Pokémon
|rule|OHKO Clause: OHKO moves are banned
|rule|Evasion Moves Clause: Evasion moves are banned
|rule|Endless Battle Clause: Forcing endless battles is banned
|rule|HP Percentage Mod: HP is shown in percentages
|rule|Dynamax Clause: You cannot dynamax
|clearpoke
|poke|p1|Lilligant, F|
|poke|p1|Aromatisse, F|
|poke|p1|Cofagrigus, M|
|poke|p1|Shuckle, M|
|poke|p1|Cinccino, M|
|poke|p1|Claydol|
|poke|p2|Arctovish|
|poke|p2|Weezing, F|
|poke|p2|Eldegoss, M|
|poke|p2|Scrafty, F|
|poke|p2|Gigalith, F|
|poke|p2|Mesprit|
|teampreview
|c|☆Malfurion l'elf|Glhf !
|
|t:|1648399028
|start
|switch|p1a: Cinccino|Cinccino, M|100/100
|switch|p2a: Arctovish|Arctovish|100/100
|turn|1
|
|t:|1648399037
|switch|p2a: Weezing|Weezing, F|100/100
|-ability|p2a: Weezing|Neutralizing Gas
|move|p1a: Cinccino|Bullet Seed|p2a: Weezing
|-resisted|p2a: Weezing
|-damage|p2a: Weezing|98/100
|-resisted|p2a: Weezing
|-damage|p2a: Weezing|95/100
|-resisted|p2a: Weezing
|-damage|p2a: Weezing|93/100
|-resisted|p2a: Weezing
|-damage|p2a: Weezing|90/100
|-hitcount|p2a: Weezing|4
|
|-heal|p2a: Weezing|96/100|[from] item: Black Sludge
|upkeep
|turn|2
|
|t:|1648399046
|switch|p1a: Claydol|Claydol|100/100
|move|p2a: Weezing|Toxic Spikes|p1a: Claydol
|-sidestart|p1: Malfurion l'elf|move: Toxic Spikes
|
|-heal|p2a: Weezing|100/100|[from] item: Black Sludge
|upkeep
|turn|3
|
|t:|1648399050
|-end|p2a: Weezing|ability: Neutralizing Gas
|switch|p2a: Scrafty|Scrafty, F|100/100
|move|p1a: Claydol|Psychic|p2a: Scrafty
|-immune|p2a: Scrafty
|
|upkeep
|turn|4
|
|t:|1648399056
|switch|p1a: Aromatisse|Aromatisse, F|100/100
|-status|p1a: Aromatisse|psn
|move|p2a: Scrafty|Knock Off|p1a: Aromatisse
|-resisted|p1a: Aromatisse
|-damage|p1a: Aromatisse|80/100 psn
|-enditem|p1a: Aromatisse|Leftovers|[from] move: Knock Off|[of] p2a: Scrafty
|
|-damage|p1a: Aromatisse|68/100 psn|[from] psn
|upkeep
|turn|5
|
|t:|1648399060
|switch|p2a: Arctovish|Arctovish|100/100
|move|p1a: Aromatisse|Moonblast|p2a: Arctovish
|-damage|p2a: Arctovish|60/100
|
|-damage|p1a: Aromatisse|55/100 psn|[from] psn
|upkeep
|turn|6
|
|t:|1648399064
|move|p2a: Arctovish|Fishious Rend|p1a: Aromatisse
|-damage|p1a: Aromatisse|0 fnt
|faint|p1a: Aromatisse
|
|upkeep
|
|t:|1648399067
|switch|p1a: Lilligant|Lilligant, F|100/100
|-status|p1a: Lilligant|psn
|turn|7
|
|t:|1648399072
|switch|p2a: Weezing|Weezing, F|100/100
|-ability|p2a: Weezing|Neutralizing Gas
|move|p1a: Lilligant|Quiver Dance|p1a: Lilligant
|-boost|p1a: Lilligant|spa|1
|-boost|p1a: Lilligant|spd|1
|-boost|p1a: Lilligant|spe|1
|
|-damage|p1a: Lilligant|88/100 psn|[from] psn
|upkeep
|turn|8
|
|t:|1648399074
|move|p1a: Lilligant|Quiver Dance|p1a: Lilligant
|-boost|p1a: Lilligant|spa|1
|-boost|p1a: Lilligant|spd|1
|-boost|p1a: Lilligant|spe|1
|move|p2a: Weezing|Sludge Bomb|p1a: Lilligant
|-supereffective|p1a: Lilligant
|-damage|p1a: Lilligant|46/100 psn
|
|-damage|p1a: Lilligant|33/100 psn|[from] psn
|upkeep
|turn|9
|
|t:|1648399081
|move|p1a: Lilligant|Petal Dance|p2a: Weezing
|-resisted|p2a: Weezing
|-damage|p2a: Weezing|1/100
|-damage|p1a: Lilligant|23/100 psn|[from] item: Life Orb
|move|p2a: Weezing|Sludge Bomb|p1a: Lilligant
|-supereffective|p1a: Lilligant
|-damage|p1a: Lilligant|0 fnt
|faint|p1a: Lilligant
|
|-heal|p2a: Weezing|7/100|[from] item: Black Sludge
|upkeep
|c|☆Malfurion l'elf|really
|c|☆Malfurion l'elf|well
|c|☆Malfurion l'elf|that sucks
|-message|Malfurion l'elf forfeited.
|
|win|Vishoclock
|raw|Malfurion l&apos;elf's rating: 1205 &rarr; <strong>1196</strong><br />(-9 for losing)
|raw|Vishoclock's rating: 1474 &rarr; <strong>1481</strong><br />(+7 for winning)
|l|☆Malfurion l'elf
||Ladder isn't responding, score probably updated but might not have (Request timeout).
