|raw|<div class="broadcast-blue"><strong>This battle is required to be public due to a player having a name starting with 'pult4c1'.</div>
|j|☆Endrick Wagner
|j|☆PULT4C1 Inder
|t:|1660556578
|gametype|singles
|player|p1|Endrick Wagner|galacticgrunt|1309
|player|p2|PULT4C1 Inder|lyra|1335
|teamsize|p1|6
|teamsize|p2|6
|gen|8
|tier|[Gen 8] PU
|rated|
|rule|Sleep Clause Mod: Limit one foe put to sleep
|rule|Species Clause: Limit one of each Pokémon
|rule|OHKO Clause: OHKO moves are banned
|rule|Evasion Items Clause: Evasion items are banned
|rule|Evasion Moves Clause: Evasion moves are banned
|rule|Endless Battle Clause: Forcing endless battles is banned
|rule|HP Percentage Mod: HP is shown in percentages
|rule|Dynamax Clause: You cannot dynamax
|clearpoke
|poke|p1|Shuckle, M|
|poke|p1|Silvally-*|
|poke|p1|Galvantula, M|
|poke|p1|Kabutops, M|
|poke|p1|Articuno-Galar|
|poke|p1|Whimsicott, M|
|poke|p2|Doublade, F|
|poke|p2|Vikavolt, F|
|poke|p2|Archeops, F|
|poke|p2|Silvally-*|
|poke|p2|Turtonator, F|
|poke|p2|Druddigon, F|
|teampreview
|inactive|Battle timer is ON: inactive players will automatically lose when time's up. (requested by PULT4C1 Inder)
|
|t:|1660556592
|start
|switch|p1a: Shuckle|Shuckle, M|100/100
|switch|p2a: Druddigon|Druddigon, F|100/100
|-ability|p2a: Druddigon|Mold Breaker
|turn|1
|
|t:|1660556598
|move|p2a: Druddigon|Taunt|p1a: Shuckle
|-start|p1a: Shuckle|move: Taunt
|-enditem|p1a: Shuckle|Mental Herb
|-end|p1a: Shuckle|move: Taunt
|move|p1a: Shuckle|Sticky Web|p2a: Druddigon
|-sidestart|p2: PULT4C1 Inder|move: Sticky Web
|
|upkeep
|turn|2
|
|t:|1660556604
|switch|p1a: Whimsicott|Whimsicott, M|100/100
|move|p2a: Druddigon|Stealth Rock|p1a: Whimsicott
|-sidestart|p1: Endrick Wagner|move: Stealth Rock
|
|upkeep
|turn|3
|
|t:|1660556608
|switch|p2a: Doublade|Doublade, F|100/100
|-activate|p2a: Doublade|move: Sticky Web
|-unboost|p2a: Doublade|spe|1
|move|p1a: Whimsicott|Moonblast|p2a: Doublade
|-resisted|p2a: Doublade
|-damage|p2a: Doublade|80/100
|-unboost|p2a: Doublade|spa|1
|
|upkeep
|turn|4
|
|t:|1660556613
|move|p1a: Whimsicott|Taunt|p2a: Doublade
|-start|p2a: Doublade|move: Taunt
|move|p2a: Doublade|Shadow Claw|p1a: Whimsicott
|-damage|p1a: Whimsicott|49/100
|
|upkeep
|turn|5
|
|t:|1660556620
|switch|p1a: Shuckle|Shuckle, M|100/100
|-damage|p1a: Shuckle|76/100|[from] Stealth Rock
|switch|p2a: Archeops|Archeops, F|100/100
|
|upkeep
|turn|6
|
|t:|1660556623
|move|p2a: Archeops|Meteor Beam||[still]
|-prepare|p2a: Archeops|Meteor Beam
|-boost|p2a: Archeops|spa|1
|-enditem|p2a: Archeops|Power Herb
|-anim|p2a: Archeops|Meteor Beam|p1a: Shuckle
|-supereffective|p1a: Shuckle
|-damage|p1a: Shuckle|0 fnt
|faint|p1a: Shuckle
|
|upkeep
|
|t:|1660556628
|switch|p1a: Whimsicott|Whimsicott, M|49/100
|turn|7
|j| pult4c1 le s
|
|t:|1660556643
|switch|p2a: Doublade|Doublade, F|80/100
|-activate|p2a: Doublade|move: Sticky Web
|-unboost|p2a: Doublade|spe|1
|move|p1a: Whimsicott|Memento|p2a: Doublade
|-unboost|p2a: Doublade|atk|2
|-unboost|p2a: Doublade|spa|2
|faint|p1a: Whimsicott
|
|upkeep
|
|t:|1660556646
|switch|p1a: Kabutops|Kabutops, M|100/100
|-damage|p1a: Kabutops|88/100|[from] Stealth Rock
|turn|8
|
|t:|1660556653
|switch|p2a: Druddigon|Druddigon, F|100/100
|-activate|p2a: Druddigon|move: Sticky Web
|-unboost|p2a: Druddigon|spe|1
|-ability|p2a: Druddigon|Mold Breaker
|move|p1a: Kabutops|Swords Dance|p1a: Kabutops
|-boost|p1a: Kabutops|atk|2
|
|upkeep
|turn|9
|
|t:|1660556656
|move|p1a: Kabutops|Stone Edge|p2a: Druddigon
|-enditem|p2a: Druddigon|Focus Sash
|-damage|p2a: Druddigon|1/100
|-damage|p1a: Kabutops|78/100|[from] item: Life Orb
|move|p2a: Druddigon|Earthquake|p1a: Kabutops
|-supereffective|p1a: Kabutops
|-damage|p1a: Kabutops|0 fnt
|faint|p1a: Kabutops
|
|upkeep
|
|t:|1660556663
|switch|p1a: Articuno|Articuno-Galar|100/100
|-damage|p1a: Articuno|76/100|[from] Stealth Rock
|turn|10
|
|t:|1660556665
|move|p1a: Articuno|Substitute|p1a: Articuno
|-start|p1a: Articuno|Substitute
|-damage|p1a: Articuno|51/100
|move|p2a: Druddigon|Scale Shot|p1a: Articuno
|-crit|p1a: Articuno
|-activate|p1a: Articuno|move: Substitute|[damage]
|-end|p1a: Articuno|Substitute
|-damage|p1a: Articuno|35/100
|-hitcount|p1a: Articuno|3
|-unboost|p2a: Druddigon|def|1
|-boost|p2a: Druddigon|spe|1
|
|-heal|p1a: Articuno|41/100|[from] item: Leftovers
|upkeep
|turn|11
|
|t:|1660556671
|move|p1a: Articuno|Freezing Glare|p2a: Druddigon
|-damage|p2a: Druddigon|0 fnt
|faint|p2a: Druddigon
|
|-heal|p1a: Articuno|47/100|[from] item: Leftovers
|upkeep
|
|t:|1660556682
|switch|p2a: Doublade|Doublade, F|80/100
|-activate|p2a: Doublade|move: Sticky Web
|-unboost|p2a: Doublade|spe|1
|turn|12
|
|t:|1660556687
|move|p1a: Articuno|Freezing Glare|p2a: Doublade
|-resisted|p2a: Doublade
|-damage|p2a: Doublade|49/100
|move|p2a: Doublade|Swords Dance|p2a: Doublade
|-boost|p2a: Doublade|atk|2
|
|-heal|p1a: Articuno|53/100|[from] item: Leftovers
|upkeep
|turn|13
|-message|Endrick Wagner forfeited.
|
|win|PULT4C1 Inder
|raw|Endrick Wagner's rating: 1309 &rarr; <strong>1290</strong><br />(-19 for losing)
|raw|PULT4C1 Inder's rating: 1335 &rarr; <strong>1354</strong><br />(+19 for winning)
|c|☆PULT4C1 Inder|gg
|l| pult4c1 le s
|j| PULT4C1 Lambo
