|j|☆Allejo 07
|j|☆zyxxxa
|t:|1641432339
|gametype|singles
|player|p1|Allejo 07|shadowtriad|1440
|player|p2|zyxxxa|unknown|1302
|teamsize|p1|6
|teamsize|p2|6
|gen|8
|tier|[Gen 8] PU
|rated|
|rule|Sleep Clause Mod: Limit one foe put to sleep
|rule|Species Clause: Limit one of each Pokémon
|rule|OHKO Clause: OHKO moves are banned
|rule|Evasion Moves Clause: Evasion moves are banned
|rule|Endless Battle Clause: Forcing endless battles is banned
|rule|HP Percentage Mod: HP is shown in percentages
|rule|Dynamax Clause: You cannot dynamax
|clearpoke
|poke|p1|Carvanha, M|
|poke|p1|Weezing, F|
|poke|p1|Ferroseed, M|
|poke|p1|Aggron, M|
|poke|p1|Gallade, M|
|poke|p1|Jellicent, M|
|poke|p2|Carracosta, F|
|poke|p2|Ribombee, F|
|poke|p2|Aggron, F|
|poke|p2|Eldegoss, F|
|poke|p2|Charizard, F|
|poke|p2|Sawk, M|
|teampreview
|inactive|Battle timer is ON: inactive players will automatically lose when time's up. (requested by zyxxxa)
|inactive|Allejo 07 has 120 seconds left.
|inactive|Allejo 07 has 90 seconds left.
|inactive|Allejo 07 has 60 seconds left.
|
|t:|1641432461
|start
|switch|p1a: Gallade|Gallade, M|100/100
|switch|p2a: Sawk|Sawk, M|100/100
|-ability|p2a: Sawk|Mold Breaker
|turn|1
|inactive|Allejo 07 has 120 seconds left.
|
|t:|1641432482
|switch|p2a: Charizard|Charizard, F|100/100
|switch|p1a: Ferroseed|Ferroseed, M|100/100
|
|upkeep
|turn|2
|
|t:|1641432498
|switch|p1a: Jellicent|Jellicent, M|100/100
|move|p2a: Charizard|Flare Blitz|p1a: Jellicent
|-resisted|p1a: Jellicent
|-damage|p1a: Jellicent|72/100
|-damage|p2a: Charizard|88/100|[from] Recoil
|
|upkeep
|turn|3
|inactive|Allejo 07 has 120 seconds left.
|inactive|Allejo 07 has 90 seconds left.
|
|t:|1641432557
|switch|p2a: Ribombee|Ribombee, F|100/100
|move|p1a: Jellicent|Strength Sap|p2a: Ribombee
|-unboost|p2a: Ribombee|atk|1
|-heal|p1a: Jellicent|97/100
|
|upkeep
|turn|4
|
|t:|1641432567
|switch|p1a: Aggron|Aggron, M|100/100
|move|p2a: Ribombee|Sticky Web|p1a: Aggron
|-sidestart|p1: Allejo 07|move: Sticky Web
|
|upkeep
|turn|5
|inactive|Allejo 07 has 90 seconds left.
|
|t:|1641432577
|move|p2a: Ribombee|Stun Spore|p1a: Aggron
|-status|p1a: Aggron|par
|move|p1a: Aggron|Stealth Rock|p2a: Ribombee
|-sidestart|p2: zyxxxa|move: Stealth Rock
|
|upkeep
|turn|6
|
|t:|1641432583
|move|p2a: Ribombee|Moonblast|p1a: Aggron
|-resisted|p1a: Aggron
|-damage|p1a: Aggron|79/100 par
|move|p1a: Aggron|Head Smash|p2a: Ribombee
|-supereffective|p2a: Ribombee
|-enditem|p2a: Ribombee|Focus Sash
|-damage|p2a: Ribombee|1/100
|
|-heal|p1a: Aggron|85/100 par|[from] item: Leftovers
|upkeep
|turn|7
|
|t:|1641432588
|move|p1a: Aggron|Protect|p1a: Aggron
|-singleturn|p1a: Aggron|Protect
|move|p2a: Ribombee|Moonblast|p1a: Aggron
|-activate|p1a: Aggron|move: Protect
|
|-heal|p1a: Aggron|91/100 par|[from] item: Leftovers
|upkeep
|turn|8
|
|t:|1641432591
|move|p2a: Ribombee|Moonblast|p1a: Aggron
|-resisted|p1a: Aggron
|-damage|p1a: Aggron|73/100 par
|-unboost|p1a: Aggron|spa|1
|cant|p1a: Aggron|par
|
|-heal|p1a: Aggron|79/100 par|[from] item: Leftovers
|upkeep
|turn|9
|
|t:|1641432595
|switch|p1a: Ferroseed|Ferroseed, M|100/100
|-activate|p1a: Ferroseed|move: Sticky Web
|-unboost|p1a: Ferroseed|spe|1
|move|p2a: Ribombee|Moonblast|p1a: Ferroseed
|-resisted|p1a: Ferroseed
|-damage|p1a: Ferroseed|84/100
|
|upkeep
|turn|10
|
|t:|1641432602
|move|p2a: Ribombee|Light Screen|p2a: Ribombee
|-sidestart|p2: zyxxxa|move: Light Screen
|move|p1a: Ferroseed|Spikes|p2a: Ribombee
|-sidestart|p2: zyxxxa|Spikes
|
|upkeep
|turn|11
|
|t:|1641432607
|switch|p2a: Charizard|Charizard, F|88/100
|move|p1a: Ferroseed|Spikes|p2a: Charizard
|-sidestart|p2: zyxxxa|Spikes
|
|upkeep
|turn|12
|
|t:|1641432611
|move|p1a: Ferroseed|Protect|p1a: Ferroseed
|-singleturn|p1a: Ferroseed|Protect
|move|p2a: Charizard|Dragon Dance|p2a: Charizard
|-boost|p2a: Charizard|atk|1
|-boost|p2a: Charizard|spe|1
|
|upkeep
|turn|13
|
|t:|1641432619
|switch|p1a: Weezing|Weezing, F|100/100
|move|p2a: Charizard|Flare Blitz|p1a: Weezing
|-damage|p1a: Weezing|51/100
|-damage|p2a: Charizard|69/100|[from] Recoil
|
|-heal|p1a: Weezing|57/100|[from] item: Black Sludge
|upkeep
|turn|14
|
|t:|1641432626
|move|p2a: Charizard|Flare Blitz|p1a: Weezing
|-damage|p1a: Weezing|10/100
|-damage|p2a: Charizard|52/100|[from] Recoil
|move|p1a: Weezing|Pain Split|p2a: Charizard
|-sethp|p2a: Charizard|31/100|[from] move: Pain Split|[silent]
|-sethp|p1a: Weezing|28/100|[from] move: Pain Split
|
|-heal|p1a: Weezing|34/100|[from] item: Black Sludge
|-sideend|p2: zyxxxa|move: Light Screen
|upkeep
|turn|15
|
|t:|1641432640
|switch|p1a: Jellicent|Jellicent, M|97/100
|-activate|p1a: Jellicent|move: Sticky Web
|-unboost|p1a: Jellicent|spe|1
|move|p2a: Charizard|Flare Blitz|p1a: Jellicent
|-resisted|p1a: Jellicent
|-damage|p1a: Jellicent|29/100
|-start|p2a: Charizard|Disable|Flare Blitz|[from] ability: Cursed Body|[of] p1a: Jellicent
|-damage|p2a: Charizard|1/100|[from] Recoil
|
|upkeep
|turn|16
|
|t:|1641432650
|move|p2a: Charizard|Earthquake|p1a: Jellicent
|-damage|p1a: Jellicent|0 fnt
|faint|p1a: Jellicent
|
|upkeep
|
|t:|1641432661
|switch|p1a: Ferroseed|Ferroseed, M|84/100
|-activate|p1a: Ferroseed|move: Sticky Web
|-unboost|p1a: Ferroseed|spe|1
|turn|17
|
|t:|1641432664
|move|p2a: Charizard|Roost|p2a: Charizard
|-heal|p2a: Charizard|51/100
|-singleturn|p2a: Charizard|move: Roost
|move|p1a: Ferroseed|Gyro Ball|p2a: Charizard
|-resisted|p2a: Charizard
|-damage|p2a: Charizard|31/100
|
|upkeep
|turn|18
|inactive|Allejo 07 has 120 seconds left.
|
|t:|1641432698
|move|p2a: Charizard|Roost|p2a: Charizard
|-heal|p2a: Charizard|81/100
|-singleturn|p2a: Charizard|move: Roost
|move|p1a: Ferroseed|Leech Seed|p2a: Charizard
|-start|p2a: Charizard|move: Leech Seed
|
|-damage|p2a: Charizard|69/100|[from] Leech Seed|[of] p1a: Ferroseed
|-heal|p1a: Ferroseed|96/100|[silent]
|-end|p2a: Charizard|Disable
|upkeep
|turn|19
|
|t:|1641432703
|move|p1a: Ferroseed|Protect|p1a: Ferroseed
|-singleturn|p1a: Ferroseed|Protect
|move|p2a: Charizard|Flare Blitz|p1a: Ferroseed
|-activate|p1a: Ferroseed|move: Protect
|
|-damage|p2a: Charizard|56/100|[from] Leech Seed|[of] p1a: Ferroseed
|-heal|p1a: Ferroseed|100/100|[silent]
|upkeep
|turn|20
|
|t:|1641432711
|switch|p1a: Weezing|Weezing, F|34/100
|move|p2a: Charizard|Flare Blitz|p1a: Weezing
|-damage|p1a: Weezing|0 fnt
|faint|p1a: Weezing
|-damage|p2a: Charizard|44/100|[from] Recoil
|
|upkeep
|
|t:|1641432719
|switch|p1a: Aggron|Aggron, M|79/100 par
|-activate|p1a: Aggron|move: Sticky Web
|-unboost|p1a: Aggron|spe|1
|turn|21
|
|t:|1641432722
|move|p2a: Charizard|Earthquake|p1a: Aggron
|-supereffective|p1a: Aggron
|-damage|p1a: Aggron|0 fnt
|faint|p1a: Aggron
|
|upkeep
|
|t:|1641432726
|switch|p1a: Carvanha|Carvanha, M|100/100
|-activate|p1a: Carvanha|move: Sticky Web
|-unboost|p1a: Carvanha|spe|1
|turn|22
|
|t:|1641432730
|move|p1a: Carvanha|Protect|p1a: Carvanha
|-singleturn|p1a: Carvanha|Protect
|move|p2a: Charizard|Earthquake|p1a: Carvanha
|-activate|p1a: Carvanha|move: Protect
|
|-damage|p2a: Charizard|31/100|[from] Leech Seed|[of] p1a: Carvanha
|-ability|p1a: Carvanha|Speed Boost|boost
|-boost|p1a: Carvanha|spe|1
|upkeep
|turn|23
|
|t:|1641432734
|move|p1a: Carvanha|Protect||[still]
|-fail|p1a: Carvanha
|move|p2a: Charizard|Earthquake|p1a: Carvanha
|-damage|p1a: Carvanha|0 fnt
|faint|p1a: Carvanha
|
|upkeep
|-message|Allejo 07 forfeited.
|
|win|zyxxxa
|raw|Allejo 07's rating: 1440 &rarr; <strong>1412</strong><br />(-28 for losing)
|raw|zyxxxa's rating: 1302 &rarr; <strong>1330</strong><br />(+28 for winning)
|l|☆Allejo 07
