|j|☆Between the Cracks
|j|☆yassy slay
|t:|1654077538
|gametype|singles
|player|p1|Between the Cracks|unknownf|1379
|player|p2|yassy slay|102|1614
|teamsize|p1|6
|teamsize|p2|6
|gen|8
|tier|[Gen 8] PU
|rated|
|rule|Sleep Clause Mod: Limit one foe put to sleep
|rule|Species Clause: Limit one of each Pokémon
|rule|OHKO Clause: OHKO moves are banned
|rule|Evasion Moves Clause: Evasion moves are banned
|rule|Endless Battle Clause: Forcing endless battles is banned
|rule|HP Percentage Mod: HP is shown in percentages
|rule|Dynamax Clause: You cannot dynamax
|clearpoke
|poke|p1|Whimsicott, M|
|poke|p1|Runerigus, M|
|poke|p1|Ferroseed, M|
|poke|p1|Bouffalant, F|
|poke|p1|Lanturn, F|
|poke|p1|Miltank, F|
|poke|p2|Dubwool, M|
|poke|p2|Palossand, M|
|poke|p2|Eldegoss, M|
|poke|p2|Cryogonal|
|poke|p2|Musharna, M|
|poke|p2|Magneton|
|teampreview
|
|t:|1654077557
|start
|switch|p1a: Runerigus|Runerigus, M|100/100
|switch|p2a: Cryogonal|Cryogonal|100/100
|turn|1
|
|t:|1654077564
|move|p2a: Cryogonal|Ice Beam|p1a: Runerigus
|-supereffective|p1a: Runerigus
|-damage|p1a: Runerigus|0 fnt
|faint|p1a: Runerigus
|
|upkeep
|
|t:|1654077570
|switch|p1a: my head big?|Bouffalant, F, shiny|100/100
|turn|2
|
|t:|1654077577
|switch|p2a: Dubwool|Dubwool, M|100/100
|move|p1a: my head big?|Throat Chop|p2a: Dubwool
|-damage|p2a: Dubwool|93/100
|-start|p2a: Dubwool|Throat Chop|[silent]
|
|-heal|p2a: Dubwool|99/100|[from] item: Leftovers
|upkeep
|turn|3
|
|t:|1654077583
|switch|p1a: Whimsicott|Whimsicott, M|100/100
|move|p2a: Dubwool|Body Press|p1a: Whimsicott
|-resisted|p1a: Whimsicott
|-damage|p1a: Whimsicott|85/100
|
|-heal|p1a: Whimsicott|91/100|[from] item: Leftovers
|-heal|p2a: Dubwool|100/100|[from] item: Leftovers
|-end|p2a: Dubwool|Throat Chop|[silent]
|upkeep
|turn|4
|
|t:|1654077592
|switch|p2a: Cryogonal|Cryogonal|100/100
|move|p1a: Whimsicott|Encore||[still]
|-fail|p1a: Whimsicott
|
|-heal|p1a: Whimsicott|97/100|[from] item: Leftovers
|upkeep
|turn|5
|
|t:|1654077602
|switch|p1a: Miltank|Miltank, F, shiny|100/100
|move|p2a: Cryogonal|Freeze-Dry|p1a: Miltank
|-damage|p1a: Miltank|70/100
|
|upkeep
|turn|6
|
|t:|1654077615
|switch|p2a: Palossand|Palossand, M|100/100
|switch|p1a: Ferrosed|Ferroseed, M|100/100
|
|upkeep
|turn|7
|
|t:|1654077621
|move|p2a: Palossand|Stealth Rock|p1a: Ferrosed
|-sidestart|p1: Between the Cracks|move: Stealth Rock
|move|p1a: Ferrosed|Leech Seed|p2a: Palossand
|-start|p2a: Palossand|move: Leech Seed
|
|-damage|p2a: Palossand|88/100|[from] Leech Seed|[of] p1a: Ferrosed
|upkeep
|turn|8
|
|t:|1654077627
|switch|p2a: Dubwool|Dubwool, M|100/100
|move|p1a: Ferrosed|Spikes|p2a: Dubwool
|-sidestart|p2: yassy slay|Spikes
|
|upkeep
|turn|9
|
|t:|1654077637
|move|p2a: Dubwool|Copycat|p2a: Dubwool
|move|p2a: Dubwool|Spikes|p1a: Ferrosed|[from]move: Copycat
|-sidestart|p1: Between the Cracks|Spikes
|move|p1a: Ferrosed|Toxic|p2a: Dubwool
|-status|p2a: Dubwool|tox
|
|-damage|p2a: Dubwool|94/100 tox|[from] psn
|upkeep
|turn|10
|
|t:|1654077647
|move|p2a: Dubwool|Body Press|p1a: Ferrosed
|-supereffective|p1a: Ferrosed
|-damage|p1a: Ferrosed|70/100
|-damage|p2a: Dubwool|82/100 tox|[from] ability: Iron Barbs|[of] p1a: Ferrosed
|move|p1a: Ferrosed|Spikes|p2a: Dubwool
|-sidestart|p2: yassy slay|Spikes
|
|-heal|p2a: Dubwool|88/100 tox|[from] item: Leftovers
|-damage|p2a: Dubwool|76/100 tox|[from] psn
|upkeep
|turn|11
|
|t:|1654077656
|move|p2a: Dubwool|Copycat|p2a: Dubwool
|move|p2a: Dubwool|Spikes|p1a: Ferrosed|[from]move: Copycat
|-sidestart|p1: Between the Cracks|Spikes
|move|p1a: Ferrosed|Leech Seed|p2a: Dubwool
|-start|p2a: Dubwool|move: Leech Seed
|
|-heal|p2a: Dubwool|82/100 tox|[from] item: Leftovers
|-damage|p2a: Dubwool|70/100 tox|[from] Leech Seed|[of] p1a: Ferrosed
|-heal|p1a: Ferrosed|85/100|[silent]
|-damage|p2a: Dubwool|51/100 tox|[from] psn
|upkeep
|turn|12
|
|t:|1654077665
|move|p2a: Dubwool|Rest|p2a: Dubwool
|-status|p2a: Dubwool|slp|[from] move: Rest
|-heal|p2a: Dubwool|100/100 slp|[silent]
|move|p1a: Ferrosed|Spikes|p2a: Dubwool
|-sidestart|p2: yassy slay|Spikes
|
|-damage|p2a: Dubwool|88/100 slp|[from] Leech Seed|[of] p1a: Ferrosed
|-heal|p1a: Ferrosed|99/100|[silent]
|upkeep
|turn|13
|
|t:|1654077687
|switch|p2a: Eldegoss|Eldegoss, M|100/100
|switch|p1a: Whimsicott|Whimsicott, M|97/100
|-damage|p1a: Whimsicott|85/100|[from] Stealth Rock
|-damage|p1a: Whimsicott|68/100|[from] Spikes
|
|-heal|p1a: Whimsicott|75/100|[from] item: Leftovers
|upkeep
|turn|14
|
|t:|1654077701
|switch|p2a: Cryogonal|Cryogonal|100/100
|move|p1a: Whimsicott|Moonblast|p2a: Cryogonal
|-damage|p2a: Cryogonal|79/100
|
|-heal|p1a: Whimsicott|81/100|[from] item: Leftovers
|upkeep
|turn|15
|
|t:|1654077715
|switch|p1a: Miltank|Miltank, F, shiny|70/100
|-damage|p1a: Miltank|57/100|[from] Stealth Rock
|-damage|p1a: Miltank|41/100|[from] Spikes
|move|p2a: Cryogonal|Ice Beam|p1a: Miltank
|-damage|p1a: Miltank|0 fnt
|faint|p1a: Miltank
|
|upkeep
|
|t:|1654077723
|switch|p1a: my head big?|Bouffalant, F, shiny|100/100
|-damage|p1a: my head big?|88/100|[from] Stealth Rock
|-damage|p1a: my head big?|72/100|[from] Spikes
|turn|16
|
|t:|1654077732
|switch|p2a: Dubwool|Dubwool, M|88/100 slp
|-damage|p2a: Dubwool|63/100 slp|[from] Spikes
|move|p1a: my head big?|Throat Chop|p2a: Dubwool
|-damage|p2a: Dubwool|56/100 slp
|-start|p2a: Dubwool|Throat Chop|[silent]
|
|-heal|p2a: Dubwool|62/100 slp|[from] item: Leftovers
|upkeep
|turn|17
|
|t:|1654077743
|switch|p1a: lanturnmeon|Lanturn, F|100/100
|-damage|p1a: lanturnmeon|88/100|[from] Stealth Rock
|-damage|p1a: lanturnmeon|72/100|[from] Spikes
|cant|p2a: Dubwool|slp
|move|p2a: Dubwool|Sleep Talk|p2a: Dubwool
|move|p2a: Dubwool|Body Press|p1a: lanturnmeon|[from]move: Sleep Talk
|-damage|p1a: lanturnmeon|36/100
|
|-heal|p2a: Dubwool|68/100 slp|[from] item: Leftovers
|-end|p2a: Dubwool|Throat Chop|[silent]
|upkeep
|turn|18
|
|t:|1654077754
|switch|p2a: Cryogonal|Cryogonal|79/100
|move|p1a: lanturnmeon|Scald|p2a: Cryogonal
|-damage|p2a: Cryogonal|51/100
|
|upkeep
|turn|19
|-message|Between the Cracks forfeited.
|
|win|yassy slay
|raw|Between the Cracks's rating: 1379 &rarr; <strong>1371</strong><br />(-8 for losing)
|raw|yassy slay's rating: 1614 &rarr; <strong>1622</strong><br />(+8 for winning)
|l|☆Between the Cracks
