|inactive|Battle timer is ON: inactive players will automatically lose when time's up.
|t:|1624724614
|gametype|singles
|player|p1|TDK|dawn-gen4pt|
|player|p2|Ktutverde|psychicf-gen4|
|teamsize|p1|6
|teamsize|p2|6
|gen|8
|tier|[Gen 8] PU
|rule|Sleep Clause Mod: Limit one foe put to sleep
|rule|Species Clause: Limit one of each Pokémon
|rule|OHKO Clause: OHKO moves are banned
|rule|Evasion Moves Clause: Evasion moves are banned
|rule|Endless Battle Clause: Forcing endless battles is banned
|rule|HP Percentage Mod: HP is shown in percentages
|rule|Dynamax Clause: You cannot dynamax
|clearpoke
|poke|p1|Charizard, M|
|poke|p1|Mesprit|
|poke|p1|Trevenant, M|
|poke|p1|Togedemaru, F|
|poke|p1|Silvally-*|
|poke|p1|Sandaconda, M|
|poke|p2|Sandaconda, F|
|poke|p2|Garbodor, M|
|poke|p2|Silvally-*|
|poke|p2|Exeggutor-Alola, F|
|poke|p2|Archeops, F|
|poke|p2|Mesprit|
|teampreview
|c|☆Ktutverde|hf
|c|+nigel|pupl?
|c|☆TDK|yea
|c|☆TDK|hf
|inactive|TDK has 270 seconds left.
|inactive|Ktutverde has 270 seconds left.
|inactive|TDK has 240 seconds left.
|inactive|Ktutverde has 240 seconds left.
|inactive|TDK has 210 seconds left.
|inactive|Ktutverde has 210 seconds left.
|
|t:|1624724728
|start
|switch|p1a: Mesprit|Mesprit|100/100
|switch|p2a: Jah Jah plan|Mesprit|100/100
|turn|1
|inactive|TDK has 270 seconds left.
|inactive|Ktutverde has 240 seconds left.
|inactive|TDK has 240 seconds left.
|
|t:|1624724778
|switch|p2a: Poubeau|Garbodor, M|100/100
|move|p1a: Mesprit|Trick|p2a: Poubeau
|-activate|p1a: Mesprit|move: Trick|[of] p2a: Poubeau
|-item|p2a: Poubeau|Choice Scarf|[from] move: Trick
|-item|p1a: Mesprit|Rocky Helmet|[from] move: Trick
|
|upkeep
|turn|2
|inactive|Ktutverde has 210 seconds left.
|inactive|Ktutverde has 180 seconds left.
|
|t:|1624724828
|switch|p2a: Chicken Raptor|Silvally-Steel|100/100
|move|p1a: Mesprit|Psychic|p2a: Chicken Raptor
|-resisted|p2a: Chicken Raptor
|-damage|p2a: Chicken Raptor|81/100
|
|upkeep
|turn|3
|inactive|Ktutverde has 180 seconds left.
|inactive|TDK has 210 seconds left.
|inactive|TDK has 180 seconds left.
|inactive|TDK has 150 seconds left.
|
|t:|1624724922
|move|p2a: Chicken Raptor|Multi-Attack|p1a: Mesprit
|-damage|p1a: Mesprit|46/100
|-damage|p2a: Chicken Raptor|64/100|[from] item: Rocky Helmet|[of] p1a: Mesprit
|move|p1a: Mesprit|U-turn|p2a: Chicken Raptor
|-resisted|p2a: Chicken Raptor
|-damage|p2a: Chicken Raptor|56/100
|inactive|TDK has 150 seconds left.
|
|t:|1624724930
|switch|p1a: Charizard|Charizard, M|100/100|[from]move: U-turn
|
|upkeep
|turn|4
|
|t:|1624724945
|switch|p2a: Un drôle d'oiso|Archeops, F|100/100
|move|p1a: Charizard|Toxic|p2a: Un drôle d'oiso
|-status|p2a: Un drôle d'oiso|tox
|
|-damage|p2a: Un drôle d'oiso|94/100 tox|[from] psn
|upkeep
|turn|5
|c|+Ms Jisoo|basic ass charizard
|
|t:|1624724957
|move|p2a: Un drôle d'oiso|Stealth Rock|p1a: Charizard
|-sidestart|p1: TDK|move: Stealth Rock
|move|p1a: Charizard|Flamethrower|p2a: Un drôle d'oiso
|-resisted|p2a: Un drôle d'oiso
|-damage|p2a: Un drôle d'oiso|69/100 tox
|
|-damage|p2a: Un drôle d'oiso|56/100 tox|[from] psn
|upkeep
|turn|6
|
|t:|1624724971
|switch|p1a: Sandaconda|Sandaconda, M|100/100
|-damage|p1a: Sandaconda|94/100|[from] Stealth Rock
|move|p2a: Un drôle d'oiso|Stone Edge|p1a: Sandaconda
|-resisted|p1a: Sandaconda
|-damage|p1a: Sandaconda|70/100
|
|-damage|p2a: Un drôle d'oiso|38/100 tox|[from] psn
|upkeep
|turn|7
|inactive|Ktutverde has 180 seconds left.
|
|t:|1624724999
|switch|p2a: Sniff Sniff|Sandaconda, F|100/100
|move|p1a: Sandaconda|Stealth Rock|p2a: Sniff Sniff
|-sidestart|p2: Ktutverde|move: Stealth Rock
|
|upkeep
|turn|8
|
|t:|1624725028
|switch|p1a: Trevenant|Trevenant, M|100/100
|-damage|p1a: Trevenant|88/100|[from] Stealth Rock
|move|p2a: Sniff Sniff|Coil|p2a: Sniff Sniff
|-boost|p2a: Sniff Sniff|atk|1
|-boost|p2a: Sniff Sniff|def|1
|-boost|p2a: Sniff Sniff|accuracy|1
|
|upkeep
|turn|9
|inactive|Ktutverde has 150 seconds left.
|c|+Lockjaw|: 🌴
|
|t:|1624725050
|switch|p2a: Poubeau|Garbodor, M|100/100
|-damage|p2a: Poubeau|88/100|[from] Stealth Rock
|move|p1a: Trevenant|Wood Hammer|p2a: Poubeau
|-resisted|p2a: Poubeau
|-damage|p2a: Poubeau|39/100
|-damage|p1a: Trevenant|69/100|[from] Recoil
|
|upkeep
|turn|10
|inactive|Ktutverde has 150 seconds left.
|
|t:|1624725077
|switch|p1a: Togedemaru|Togedemaru, F|100/100
|-damage|p1a: Togedemaru|95/100|[from] Stealth Rock
|move|p2a: Poubeau|Explosion|p1a: Togedemaru
|-resisted|p1a: Togedemaru
|-damage|p1a: Togedemaru|46/100
|faint|p2a: Poubeau
|
|-heal|p1a: Togedemaru|52/100|[from] item: Leftovers
|upkeep
|inactive|Ktutverde has 120 seconds left.
|
|t:|1624725105
|switch|p2a: Sniff Sniff|Sandaconda, F|100/100
|-damage|p2a: Sniff Sniff|95/100|[from] Stealth Rock
|turn|11
|inactive|TDK has 150 seconds left.
|
|t:|1624725144
|switch|p1a: Mesprit|Mesprit|46/100
|-damage|p1a: Mesprit|34/100|[from] Stealth Rock
|move|p2a: Sniff Sniff|Coil|p2a: Sniff Sniff
|-boost|p2a: Sniff Sniff|atk|1
|-boost|p2a: Sniff Sniff|def|1
|-boost|p2a: Sniff Sniff|accuracy|1
|
|-heal|p2a: Sniff Sniff|100/100|[from] item: Leftovers
|upkeep
|turn|12
|
|t:|1624725162
|move|p1a: Mesprit|Psychic|p2a: Sniff Sniff
|-damage|p2a: Sniff Sniff|45/100
|move|p2a: Sniff Sniff|Scale Shot|p1a: Mesprit
|-damage|p1a: Mesprit|22/100
|-damage|p1a: Mesprit|12/100
|-hitcount|p1a: Mesprit|2
|-unboost|p2a: Sniff Sniff|def|1
|-boost|p2a: Sniff Sniff|spe|1
|
|-heal|p2a: Sniff Sniff|51/100|[from] item: Leftovers
|upkeep
|turn|13
|
|t:|1624725177
|move|p2a: Sniff Sniff|Stone Edge|p1a: Mesprit
|-damage|p1a: Mesprit|0 fnt
|faint|p1a: Mesprit
|
|-heal|p2a: Sniff Sniff|57/100|[from] item: Leftovers
|upkeep
|inactive|TDK has 150 seconds left.
|inactive|TDK has 120 seconds left.
|inactive|TDK has 90 seconds left.
|
|t:|1624725254
|switch|p1a: Sandaconda|Sandaconda, M|70/100
|-damage|p1a: Sandaconda|64/100|[from] Stealth Rock
|turn|14
|inactive|TDK has 90 seconds left.
|inactive|TDK has 60 seconds left.
|
|t:|1624725299
|move|p2a: Sniff Sniff|Earthquake|p1a: Sandaconda
|-damage|p1a: Sandaconda|8/100
|move|p1a: Sandaconda|Glare|p2a: Sniff Sniff
|-status|p2a: Sniff Sniff|par
|
|-activate|p2a: Sniff Sniff|ability: Shed Skin
|-curestatus|p2a: Sniff Sniff|par|[msg]
|-heal|p2a: Sniff Sniff|63/100|[from] item: Leftovers
|upkeep
|turn|15
|inactive|TDK has 60 seconds left.
|
|t:|1624725309
|move|p2a: Sniff Sniff|Earthquake|p1a: Sandaconda
|-damage|p1a: Sandaconda|0 fnt
|faint|p1a: Sandaconda
|
|-heal|p2a: Sniff Sniff|69/100|[from] item: Leftovers
|upkeep
|
|t:|1624725314
|switch|p1a: Trevenant|Trevenant, M|69/100
|-damage|p1a: Trevenant|57/100|[from] Stealth Rock
|turn|16
|
|t:|1624725325
|move|p2a: Sniff Sniff|Stone Edge|p1a: Trevenant
|-crit|p1a: Trevenant
|-damage|p1a: Trevenant|0 fnt
|faint|p1a: Trevenant
|
|-heal|p2a: Sniff Sniff|75/100|[from] item: Leftovers
|upkeep
|
|t:|1624725329
|switch|p1a: Charizard|Charizard, M|100/100
|turn|17
|inactive|Ktutverde has 120 seconds left.
|c|☆Ktutverde|HP invested?
|
|t:|1624725343
|switch|p1a: Togedemaru|Togedemaru, F|52/100
|-damage|p1a: Togedemaru|46/100|[from] Stealth Rock
|move|p2a: Sniff Sniff|Stone Edge|p1a: Togedemaru
|-resisted|p1a: Togedemaru
|-damage|p1a: Togedemaru|14/100
|
|-heal|p2a: Sniff Sniff|80/100|[from] item: Leftovers
|-heal|p1a: Togedemaru|20/100|[from] item: Leftovers
|upkeep
|turn|18
|inactive|Ktutverde has 120 seconds left.
|
|t:|1624725359
|move|p1a: Togedemaru|Spiky Shield|p1a: Togedemaru
|-singleturn|p1a: Togedemaru|move: Protect
|move|p2a: Sniff Sniff|Earthquake|p1a: Togedemaru
|-activate|p1a: Togedemaru|move: Protect
|
|-heal|p2a: Sniff Sniff|86/100|[from] item: Leftovers
|-heal|p1a: Togedemaru|26/100|[from] item: Leftovers
|upkeep
|turn|19
|
|t:|1624725373
|move|p1a: Togedemaru|Spiky Shield|p1a: Togedemaru
|-singleturn|p1a: Togedemaru|move: Protect
|move|p2a: Sniff Sniff|Earthquake|p1a: Togedemaru
|-activate|p1a: Togedemaru|move: Protect
|
|-heal|p2a: Sniff Sniff|92/100|[from] item: Leftovers
|-heal|p1a: Togedemaru|32/100|[from] item: Leftovers
|upkeep
|turn|20
|
|t:|1624725378
|switch|p1a: Charizard|Charizard, M|100/100
|move|p2a: Sniff Sniff|Earthquake|p1a: Charizard
|-immune|p1a: Charizard
|
|-heal|p2a: Sniff Sniff|98/100|[from] item: Leftovers
|upkeep
|turn|21
|
|t:|1624725386
|switch|p1a: Silvally|Silvally-Fairy|100/100
|-damage|p1a: Silvally|88/100|[from] Stealth Rock
|move|p2a: Sniff Sniff|Stone Edge|p1a: Silvally
|-damage|p1a: Silvally|35/100
|
|-heal|p2a: Sniff Sniff|100/100|[from] item: Leftovers
|upkeep
|turn|22
|
|t:|1624725395
|switch|p1a: Charizard|Charizard, M|100/100
|move|p2a: Sniff Sniff|Earthquake|p1a: Charizard
|-immune|p1a: Charizard
|
|upkeep
|turn|23
|inactive|TDK has 120 seconds left.
|
|t:|1624725407
|switch|p1a: Silvally|Silvally-Fairy|35/100
|-damage|p1a: Silvally|23/100|[from] Stealth Rock
|move|p2a: Sniff Sniff|Stone Edge|p1a: Silvally
|-damage|p1a: Silvally|0 fnt
|faint|p1a: Silvally
|
|upkeep
|
|t:|1624725410
|switch|p1a: Togedemaru|Togedemaru, F|32/100
|-damage|p1a: Togedemaru|26/100|[from] Stealth Rock
|turn|24
|
|t:|1624725418
|move|p1a: Togedemaru|Spiky Shield|p1a: Togedemaru
|-singleturn|p1a: Togedemaru|move: Protect
|move|p2a: Sniff Sniff|Earthquake|p1a: Togedemaru
|-activate|p1a: Togedemaru|move: Protect
|
|-heal|p1a: Togedemaru|32/100|[from] item: Leftovers
|upkeep
|turn|25
|
|t:|1624725431
|move|p1a: Togedemaru|Spiky Shield||[still]
|-fail|p1a: Togedemaru
|move|p2a: Sniff Sniff|Earthquake|p1a: Togedemaru
|-supereffective|p1a: Togedemaru
|-damage|p1a: Togedemaru|0 fnt
|faint|p1a: Togedemaru
|
|upkeep
|
|t:|1624725435
|switch|p1a: Charizard|Charizard, M|100/100
|turn|26
|c|☆TDK|gg
|c|☆Ktutverde|gg
|
|t:|1624725444
|move|p2a: Sniff Sniff|Stone Edge|p1a: Charizard
|-supereffective|p1a: Charizard
|-damage|p1a: Charizard|0 fnt
|faint|p1a: Charizard
|
|win|Ktutverde
