|inactive|Battle timer is ON: inactive players will automatically lose when time's up.
|t:|1624562920
|gametype|singles
|player|p1|ELE JOGA|swimmer-gen4dp|
|player|p2|eve simp|unknownf|
|teamsize|p1|6
|teamsize|p2|6
|gen|8
|tier|[Gen 8] PU
|rule|Sleep Clause Mod: Limit one foe put to sleep
|rule|Species Clause: Limit one of each Pokémon
|rule|OHKO Clause: OHKO moves are banned
|rule|Evasion Moves Clause: Evasion moves are banned
|rule|Endless Battle Clause: Forcing endless battles is banned
|rule|HP Percentage Mod: HP is shown in percentages
|rule|Dynamax Clause: You cannot dynamax
|clearpoke
|poke|p1|Sandaconda, M|
|poke|p1|Charizard, M|
|poke|p1|Ribombee, F|
|poke|p1|Silvally-*|
|poke|p1|Lanturn, F|
|poke|p1|Tangela, M|
|poke|p2|Garbodor, M|
|poke|p2|Lanturn, F|
|poke|p2|Mesprit|
|poke|p2|Regirock|
|poke|p2|Silvally-*|
|poke|p2|Trevenant, M|
|teampreview
|c|☆ELE JOGA|hf
|c|☆eve simp|U TOO
|inactive|ELE JOGA has 270 seconds left.
|inactive|eve simp has 270 seconds left.
|inactive|eve simp has 240 seconds left.
|inactive|eve simp has 210 seconds left.
|c|+ALlCE|why the hell did chloe give u this alt
|
|t:|1624563035
|start
|switch|p1a: Sandaconda|Sandaconda, M|100/100
|switch|p2a: Lanturn|Lanturn, F|100/100
|turn|1
|inactive|ELE JOGA has 270 seconds left.
|
|t:|1624563066
|switch|p2a: Trevenant|Trevenant, M|100/100
|move|p1a: Sandaconda|Stealth Rock|p2a: Trevenant
|-sidestart|p2: eve simp|move: Stealth Rock
|
|upkeep
|turn|2
|inactive|ELE JOGA has 270 seconds left.
|inactive|eve simp has 240 seconds left.
|
|t:|1624563105
|switch|p2a: Garbodor|Garbodor, M|100/100
|-damage|p2a: Garbodor|88/100|[from] Stealth Rock
|switch|p1a: Tangela|Tangela, M|100/100
|
|upkeep
|turn|3
|inactive|ELE JOGA has 240 seconds left.
|
|t:|1624563125
|move|p1a: Tangela|Leaf Storm|p2a: Garbodor|[miss]
|-miss|p1a: Tangela|p2a: Garbodor
|move|p2a: Garbodor|Spikes|p1a: Tangela
|-sidestart|p1: ELE JOGA|Spikes
|
|upkeep
|turn|4
|inactive|eve simp has 210 seconds left.
|
|t:|1624563166
|switch|p1a: Sandaconda|Sandaconda, M|100/100
|-damage|p1a: Sandaconda|88/100|[from] Spikes
|move|p2a: Garbodor|Spikes|p1a: Sandaconda
|-sidestart|p1: ELE JOGA|Spikes
|
|-heal|p1a: Sandaconda|94/100|[from] item: Leftovers
|upkeep
|turn|5
|inactive|ELE JOGA has 240 seconds left.
|inactive|eve simp has 180 seconds left.
|
|t:|1624563210
|move|p2a: Garbodor|Gunk Shot|p1a: Sandaconda
|-resisted|p1a: Sandaconda
|-damage|p1a: Sandaconda|83/100
|move|p1a: Sandaconda|Glare|p2a: Garbodor
|-status|p2a: Garbodor|par
|
|-heal|p1a: Sandaconda|89/100|[from] item: Leftovers
|upkeep
|turn|6
|inactive|ELE JOGA has 240 seconds left.
|
|t:|1624563236
|move|p1a: Sandaconda|Earthquake|p2a: Garbodor
|-supereffective|p2a: Garbodor
|-damage|p2a: Garbodor|7/100 par
|move|p2a: Garbodor|Gunk Shot|p1a: Sandaconda|[miss]
|-miss|p2a: Garbodor|p1a: Sandaconda
|
|-heal|p1a: Sandaconda|95/100|[from] item: Leftovers
|upkeep
|turn|7
|
|t:|1624563254
|switch|p2a: Trevenant|Trevenant, M|100/100
|-damage|p2a: Trevenant|88/100|[from] Stealth Rock
|move|p1a: Sandaconda|Earthquake|p2a: Trevenant
|-resisted|p2a: Trevenant
|-damage|p2a: Trevenant|64/100
|
|-heal|p1a: Sandaconda|100/100|[from] item: Leftovers
|upkeep
|turn|8
|
|t:|1624563269
|move|p2a: Trevenant|Poltergeist|p1a: Sandaconda
|-activate|p1a: Sandaconda|move: Poltergeist|Leftovers
|-damage|p1a: Sandaconda|48/100
|move|p1a: Sandaconda|Glare|p2a: Trevenant
|-status|p2a: Trevenant|par
|
|-heal|p1a: Sandaconda|54/100|[from] item: Leftovers
|upkeep
|turn|9
|
|t:|1624563280
|switch|p1a: Tangela|Tangela, M|100/100
|-damage|p1a: Tangela|84/100|[from] Spikes
|cant|p2a: Trevenant|par
|
|upkeep
|turn|10
|inactive|eve simp has 150 seconds left.
|
|t:|1624563310
|switch|p2a: Silvally|Silvally-Steel|100/100
|-damage|p2a: Silvally|94/100|[from] Stealth Rock
|move|p1a: Tangela|Sludge Bomb|p2a: Silvally
|-immune|p2a: Silvally
|
|upkeep
|turn|11
|inactive|eve simp has 150 seconds left.
|inactive|eve simp has 120 seconds left.
|
|t:|1624563351
|switch|p1a: Lanturn|Lanturn, F|100/100
|-damage|p1a: Lanturn|84/100|[from] Spikes
|move|p2a: Silvally|Toxic|p1a: Lanturn
|-status|p1a: Lanturn|tox
|
|-heal|p1a: Lanturn|90/100 tox|[from] item: Leftovers
|-damage|p1a: Lanturn|84/100 tox|[from] psn
|upkeep
|turn|12
|
|t:|1624563367
|move|p2a: Silvally|Parting Shot|p1a: Lanturn
|-unboost|p1a: Lanturn|atk|1
|-unboost|p1a: Lanturn|spa|1
|
|t:|1624563371
|switch|p2a: Lanturn|Lanturn, F|100/100|[from]move: Parting Shot
|-damage|p2a: Lanturn|88/100|[from] Stealth Rock
|move|p1a: Lanturn|Volt Switch|p2a: Lanturn
|-heal|p2a: Lanturn|100/100|[from] ability: Volt Absorb|[of] p1a: Lanturn
|
|-heal|p1a: Lanturn|90/100 tox|[from] item: Leftovers
|-damage|p1a: Lanturn|78/100 tox|[from] psn
|upkeep
|turn|13
|inactive|eve simp has 120 seconds left.
|c|+Enzonana|boa tarde
|inactive|eve simp has 90 seconds left.
|
|t:|1624563431
|move|p2a: Lanturn|Protect|p2a: Lanturn
|-singleturn|p2a: Lanturn|Protect
|move|p1a: Lanturn|Toxic|p2a: Lanturn
|-activate|p2a: Lanturn|move: Protect
|
|-heal|p1a: Lanturn|84/100 tox|[from] item: Leftovers
|-damage|p1a: Lanturn|65/100 tox|[from] psn
|upkeep
|turn|14
|inactive|eve simp has 90 seconds left.
|inactive|ELE JOGA has 210 seconds left.
|inactive|eve simp has 60 seconds left.
|
|t:|1624563470
|switch|p2a: Silvally|Silvally-Steel|94/100
|-damage|p2a: Silvally|88/100|[from] Stealth Rock
|move|p1a: Lanturn|Toxic|p2a: Silvally
|-immune|p2a: Silvally
|
|-heal|p1a: Lanturn|71/100 tox|[from] item: Leftovers
|-damage|p1a: Lanturn|46/100 tox|[from] psn
|upkeep
|turn|15
|inactive|ELE JOGA has 210 seconds left.
|inactive|eve simp has 60 seconds left.
|
|t:|1624563489
|switch|p1a: Charizard|Charizard, M|100/100
|move|p2a: Silvally|Parting Shot|p1a: Charizard
|-unboost|p1a: Charizard|atk|1
|-unboost|p1a: Charizard|spa|1
|
|t:|1624563494
|switch|p2a: Regirock|Regirock|100/100|[from]move: Parting Shot
|-damage|p2a: Regirock|88/100|[from] Stealth Rock
|
|-heal|p2a: Regirock|94/100|[from] item: Leftovers
|upkeep
|turn|16
|
|t:|1624563503
|switch|p1a: Sandaconda|Sandaconda, M|54/100
|-damage|p1a: Sandaconda|37/100|[from] Spikes
|move|p2a: Regirock|Stealth Rock|p1a: Sandaconda
|-sidestart|p1: ELE JOGA|move: Stealth Rock
|
|-heal|p1a: Sandaconda|43/100|[from] item: Leftovers
|-heal|p2a: Regirock|99/100|[from] item: Leftovers
|upkeep
|turn|17
|
|t:|1624563520
|switch|p2a: Trevenant|Trevenant, M|64/100
|-damage|p2a: Trevenant|51/100|[from] Stealth Rock
|move|p1a: Sandaconda|Glare|p2a: Trevenant
|-status|p2a: Trevenant|par
|
|-heal|p1a: Sandaconda|49/100|[from] item: Leftovers
|upkeep
|turn|18
|inactive|ELE JOGA has 210 seconds left.
|
|t:|1624563536
|switch|p1a: Tangela|Tangela, M|100/100
|-damage|p1a: Tangela|84/100|[from] Spikes
|-damage|p1a: Tangela|72/100|[from] Stealth Rock
|move|p2a: Trevenant|Poltergeist|p1a: Tangela
|-activate|p1a: Tangela|move: Poltergeist|Eviolite
|-damage|p1a: Tangela|7/100
|
|upkeep
|turn|19
|inactive|ELE JOGA has 210 seconds left.
|
|t:|1624563552
|-curestatus|p2a: Trevenant|par|[from] ability: Natural Cure
|switch|p2a: Silvally|Silvally-Steel|88/100
|-damage|p2a: Silvally|82/100|[from] Stealth Rock
|move|p1a: Tangela|Leaf Storm|p2a: Silvally
|-resisted|p2a: Silvally
|-damage|p2a: Silvally|58/100
|-unboost|p1a: Tangela|spa|2
|
|upkeep
|turn|20
|inactive|ELE JOGA has 210 seconds left.
|
|t:|1624563565
|switch|p1a: Charizard|Charizard, M|100/100
|move|p2a: Silvally|Multi-Attack|p1a: Charizard
|-resisted|p1a: Charizard
|-damage|p1a: Charizard|74/100
|
|upkeep
|turn|21
|inactive|ELE JOGA has 210 seconds left.
|inactive|eve simp has 60 seconds left.
|
|t:|1624563592
|switch|p2a: Lanturn|Lanturn, F|100/100
|-damage|p2a: Lanturn|88/100|[from] Stealth Rock
|move|p1a: Charizard|Defog|p2a: Lanturn
|-unboost|p2a: Lanturn|evasion|1
|-sideend|p2: eve simp|Stealth Rock|[from] move: Defog|[of] p1a: Charizard
|-sideend|p1: ELE JOGA|Spikes|[from] move: Defog|[of] p1a: Charizard
|-sideend|p1: ELE JOGA|Stealth Rock|[from] move: Defog|[of] p1a: Charizard
|
|-heal|p2a: Lanturn|94/100|[from] item: Leftovers
|upkeep
|turn|22
|inactive|eve simp has 60 seconds left.
|inactive|ELE JOGA has 210 seconds left.
|
|t:|1624563604
|switch|p1a: Tangela|Tangela, M|40/100
|move|p2a: Lanturn|Scald|p1a: Tangela
|-resisted|p1a: Tangela
|-damage|p1a: Tangela|20/100
|
|-heal|p2a: Lanturn|100/100|[from] item: Leftovers
|upkeep
|turn|23
|inactive|eve simp has 60 seconds left.
|inactive|eve simp has 30 seconds left.
|
|t:|1624563647
|move|p1a: Tangela|Synthesis|p1a: Tangela
|-heal|p1a: Tangela|70/100
|move|p2a: Lanturn|Scald|p1a: Tangela
|-resisted|p1a: Tangela
|-damage|p1a: Tangela|52/100
|-status|p1a: Tangela|brn
|
|-damage|p1a: Tangela|46/100 brn|[from] brn
|upkeep
|turn|24
|inactive|ELE JOGA has 210 seconds left.
|
|t:|1624563662
|switch|p2a: Silvally|Silvally-Steel|58/100
|move|p1a: Tangela|Leaf Storm|p2a: Silvally
|-resisted|p2a: Silvally
|-damage|p2a: Silvally|31/100
|-unboost|p1a: Tangela|spa|2
|
|-damage|p1a: Tangela|40/100 brn|[from] brn
|upkeep
|turn|25
|inactive|ELE JOGA has 210 seconds left.
|
|t:|1624563695
|switch|p1a: Charizard|Charizard, M|74/100
|move|p2a: Silvally|Parting Shot|p1a: Charizard
|-unboost|p1a: Charizard|atk|1
|-unboost|p1a: Charizard|spa|1
|
|t:|1624563699
|switch|p2a: Regirock|Regirock|99/100|[from]move: Parting Shot
|
|-heal|p2a: Regirock|100/100|[from] item: Leftovers
|upkeep
|turn|26
|
|t:|1624563709
|switch|p1a: Tangela|Tangela, M|74/100 brn
|move|p2a: Regirock|Stealth Rock|p1a: Tangela
|-sidestart|p1: ELE JOGA|move: Stealth Rock
|
|-damage|p1a: Tangela|68/100 brn|[from] brn
|upkeep
|turn|27
|inactive|eve simp has 60 seconds left.
|inactive|eve simp has 30 seconds left.
|inactive|eve simp has 20 seconds left.
|
|t:|1624563761
|switch|p2a: Trevenant|Trevenant, M|51/100
|move|p1a: Tangela|Leaf Storm|p2a: Trevenant
|-resisted|p2a: Trevenant
|-damage|p2a: Trevenant|11/100
|-unboost|p1a: Tangela|spa|2
|
|-damage|p1a: Tangela|62/100 brn|[from] brn
|upkeep
|turn|28
|inactive|eve simp has 30 seconds left this turn.
|inactive|ELE JOGA has 180 seconds left.
|
|t:|1624563791
|move|p1a: Tangela|Sludge Bomb|p2a: Trevenant
|-damage|p2a: Trevenant|0 fnt
|faint|p2a: Trevenant
|
|-damage|p1a: Tangela|56/100 brn|[from] brn
|upkeep
|inactive|eve simp has 30 seconds left this turn.
|
|t:|1624563800
|switch|p2a: Mesprit|Mesprit|100/100
|turn|29
|inactive|eve simp has 30 seconds left.
|inactive|ELE JOGA has 180 seconds left.
|
|t:|1624563815
|switch|p1a: Lanturn|Lanturn, F|46/100 tox
|-damage|p1a: Lanturn|34/100 tox|[from] Stealth Rock
|move|p2a: Mesprit|Psychic|p1a: Lanturn
|-damage|p1a: Lanturn|4/100 tox
|
|-heal|p1a: Lanturn|10/100 tox|[from] item: Leftovers
|-damage|p1a: Lanturn|4/100 tox|[from] psn
|upkeep
|turn|30
|inactive|ELE JOGA has 180 seconds left.
|
|t:|1624563832
|move|p2a: Mesprit|Psychic|p1a: Lanturn
|-damage|p1a: Lanturn|0 fnt
|faint|p1a: Lanturn
|
|upkeep
|
|t:|1624563834
|switch|p1a: Silvally|Silvally-Steel|100/100
|-damage|p1a: Silvally|94/100|[from] Stealth Rock
|turn|31
|inactive|ELE JOGA has 180 seconds left.
|
|t:|1624563848
|switch|p2a: Lanturn|Lanturn, F|100/100
|move|p1a: Silvally|Multi-Attack|p2a: Lanturn
|-resisted|p2a: Lanturn
|-damage|p2a: Lanturn|89/100
|
|-heal|p2a: Lanturn|95/100|[from] item: Leftovers
|upkeep
|turn|32
|inactive|ELE JOGA has 180 seconds left.
|
|t:|1624563863
|move|p1a: Silvally|Swords Dance|p1a: Silvally
|-boost|p1a: Silvally|atk|2
|move|p2a: Lanturn|Volt Switch|p1a: Silvally
|-damage|p1a: Silvally|75/100
|
|t:|1624563880
|switch|p2a: Mesprit|Mesprit|100/100|[from]move: Volt Switch
|
|upkeep
|turn|33
|
|t:|1624563888
|move|p2a: Mesprit|U-turn|p1a: Silvally
|-resisted|p1a: Silvally
|-damage|p1a: Silvally|67/100
|
|t:|1624563891
|switch|p2a: Garbodor|Garbodor, M|7/100 par|[from]move: U-turn
|move|p1a: Silvally|Rock Slide|p2a: Garbodor
|-damage|p2a: Garbodor|0 fnt
|faint|p2a: Garbodor
|
|upkeep
|inactive|eve simp has 60 seconds left.
|
|t:|1624563903
|switch|p2a: Lanturn|Lanturn, F|95/100
|turn|34
|
|t:|1624563922
|switch|p1a: Tangela|Tangela, M|89/100 brn
|-damage|p1a: Tangela|77/100 brn|[from] Stealth Rock
|move|p2a: Lanturn|Scald|p1a: Tangela
|-resisted|p1a: Tangela
|-damage|p1a: Tangela|58/100 brn
|
|-heal|p2a: Lanturn|100/100|[from] item: Leftovers
|-damage|p1a: Tangela|52/100 brn|[from] brn
|upkeep
|turn|35
|inactive|eve simp has 60 seconds left.
|
|t:|1624563944
|switch|p2a: Silvally|Silvally-Steel|31/100
|move|p1a: Tangela|Leaf Storm|p2a: Silvally
|-resisted|p2a: Silvally
|-damage|p2a: Silvally|4/100
|-unboost|p1a: Tangela|spa|2
|
|-damage|p1a: Tangela|46/100 brn|[from] brn
|upkeep
|turn|36
|inactive|ELE JOGA has 180 seconds left.
|
|t:|1624563969
|switch|p1a: Charizard|Charizard, M|74/100
|move|p2a: Silvally|Parting Shot|p1a: Charizard
|-unboost|p1a: Charizard|atk|1
|-unboost|p1a: Charizard|spa|1
|inactive|eve simp has 60 seconds left.
|
|t:|1624563982
|switch|p2a: Mesprit|Mesprit|100/100|[from]move: Parting Shot
|
|upkeep
|turn|37
|
|t:|1624563990
|move|p2a: Mesprit|Psychic|p1a: Charizard
|-damage|p1a: Charizard|26/100
|move|p1a: Charizard|Roost|p1a: Charizard
|-heal|p1a: Charizard|76/100
|-singleturn|p1a: Charizard|move: Roost
|
|upkeep
|turn|38
|inactive|ELE JOGA has 180 seconds left.
|
|t:|1624564028
|move|p2a: Mesprit|Psychic|p1a: Charizard
|-damage|p1a: Charizard|25/100
|-unboost|p1a: Charizard|spd|1
|move|p1a: Charizard|Roost|p1a: Charizard
|-heal|p1a: Charizard|76/100
|-singleturn|p1a: Charizard|move: Roost
|
|upkeep
|turn|39
|
|t:|1624564051
|move|p2a: Mesprit|Psychic|p1a: Charizard
|-damage|p1a: Charizard|0 fnt
|faint|p1a: Charizard
|
|upkeep
|inactive|ELE JOGA has 150 seconds left.
|
|t:|1624564066
|switch|p1a: Silvally|Silvally-Steel|67/100
|-damage|p1a: Silvally|61/100|[from] Stealth Rock
|turn|40
|inactive|ELE JOGA has 150 seconds left.
|
|t:|1624564075
|switch|p2a: Lanturn|Lanturn, F|100/100
|move|p1a: Silvally|Swords Dance|p1a: Silvally
|-boost|p1a: Silvally|atk|2
|
|upkeep
|turn|41
|
|t:|1624564080
|move|p1a: Silvally|Rock Slide|p2a: Lanturn
|-damage|p2a: Lanturn|61/100
|cant|p2a: Lanturn|flinch
|
|-heal|p2a: Lanturn|67/100|[from] item: Leftovers
|upkeep
|turn|42
|
|t:|1624564086
|move|p2a: Lanturn|Protect|p2a: Lanturn
|-singleturn|p2a: Lanturn|Protect
|move|p1a: Silvally|Rock Slide|p2a: Lanturn
|-activate|p2a: Lanturn|move: Protect
|
|-heal|p2a: Lanturn|73/100|[from] item: Leftovers
|upkeep
|turn|43
|
|t:|1624564089
|move|p1a: Silvally|Rock Slide|p2a: Lanturn
|-damage|p2a: Lanturn|29/100
|move|p2a: Lanturn|Scald|p1a: Silvally
|-damage|p1a: Silvally|35/100
|
|-heal|p2a: Lanturn|36/100|[from] item: Leftovers
|upkeep
|turn|44
|inactive|ELE JOGA has 180 seconds left.
|inactive|eve simp has 120 seconds left.
|
|t:|1624564115
|move|p2a: Lanturn|Protect|p2a: Lanturn
|-singleturn|p2a: Lanturn|Protect
|move|p1a: Silvally|Rock Slide|p2a: Lanturn
|-activate|p2a: Lanturn|move: Protect
|
|-heal|p2a: Lanturn|42/100|[from] item: Leftovers
|upkeep
|turn|45
|inactive|eve simp has 90 seconds left.
|
|t:|1624564154
|switch|p2a: Silvally|Silvally-Steel|4/100
|move|p1a: Silvally|Rock Slide|p2a: Silvally
|-resisted|p2a: Silvally
|-damage|p2a: Silvally|0 fnt
|faint|p2a: Silvally
|
|upkeep
|
|t:|1624564158
|switch|p2a: Regirock|Regirock|100/100
|turn|46
|
|t:|1624564164
|move|p1a: Silvally|Multi-Attack|p2a: Regirock
|-supereffective|p2a: Regirock
|-crit|p2a: Regirock
|-damage|p2a: Regirock|0 fnt
|faint|p2a: Regirock
|
|upkeep
|inactive|eve simp has 90 seconds left.
|
|t:|1624564184
|switch|p2a: Lanturn|Lanturn, F|42/100
|turn|47
|inactive|eve simp has 90 seconds left.
|
|t:|1624564214
|move|p2a: Lanturn|Protect|p2a: Lanturn
|-singleturn|p2a: Lanturn|Protect
|move|p1a: Silvally|Rock Slide|p2a: Lanturn
|-activate|p2a: Lanturn|move: Protect
|
|-heal|p2a: Lanturn|48/100|[from] item: Leftovers
|upkeep
|turn|48
|inactive|ELE JOGA has 180 seconds left.
|
|t:|1624564249
|move|p1a: Silvally|Rock Slide|p2a: Lanturn
|-damage|p2a: Lanturn|8/100
|move|p2a: Lanturn|Scald|p1a: Silvally
|-damage|p1a: Silvally|13/100
|-status|p1a: Silvally|brn
|
|-heal|p2a: Lanturn|14/100|[from] item: Leftovers
|-damage|p1a: Silvally|7/100 brn|[from] brn
|upkeep
|turn|49
|inactive|ELE JOGA has 180 seconds left.
|
|t:|1624564272
|move|p1a: Silvally|Rock Slide|p2a: Lanturn
|-damage|p2a: Lanturn|0 fnt
|faint|p2a: Lanturn
|
|-damage|p1a: Silvally|0 fnt|[from] brn
|faint|p1a: Silvally
|upkeep
|
|t:|1624564288
|switch|p1a: Tangela|Tangela, M|79/100 brn
|switch|p2a: Mesprit|Mesprit|100/100
|-damage|p1a: Tangela|67/100 brn|[from] Stealth Rock
|turn|50
|
|t:|1624564291
|switch|p1a: Sandaconda|Sandaconda, M|49/100
|-damage|p1a: Sandaconda|43/100|[from] Stealth Rock
|move|p2a: Mesprit|Psychic|p1a: Sandaconda
|-damage|p1a: Sandaconda|0 fnt
|faint|p1a: Sandaconda
|
|upkeep
|
|t:|1624564297
|switch|p1a: Tangela|Tangela, M|99/100 brn
|-damage|p1a: Tangela|88/100 brn|[from] Stealth Rock
|turn|51
|inactive|ELE JOGA has 180 seconds left.
|inactive|ELE JOGA has 150 seconds left.
|inactive|ELE JOGA has 120 seconds left.
|
|t:|1624564370
|move|p2a: Mesprit|Psychic|p1a: Tangela
|-damage|p1a: Tangela|14/100 brn
|move|p1a: Tangela|Leaf Storm|p2a: Mesprit
|-damage|p2a: Mesprit|36/100
|-unboost|p1a: Tangela|spa|2
|
|-damage|p1a: Tangela|8/100 brn|[from] brn
|upkeep
|turn|52
|inactive|ELE JOGA has 120 seconds left.
|
|t:|1624564376
|move|p2a: Mesprit|Psychic|p1a: Tangela
|-crit|p1a: Tangela
|-damage|p1a: Tangela|0 fnt
|faint|p1a: Tangela
|
|upkeep
|
|t:|1624564378
|switch|p1a: Ribombee|Ribombee, F, shiny|100/100
|turn|53
|
|t:|1624564381
|move|p2a: Mesprit|Psychic|p1a: Ribombee
|-damage|p1a: Ribombee|30/100
|move|p1a: Ribombee|Quiver Dance|p1a: Ribombee
|-boost|p1a: Ribombee|spa|1
|-boost|p1a: Ribombee|spd|1
|-boost|p1a: Ribombee|spe|1
|
|upkeep
|turn|54
|
|t:|1624564385
|move|p1a: Ribombee|Moonblast|p2a: Mesprit
|-damage|p2a: Mesprit|0 fnt
|faint|p2a: Mesprit
|
|win|ELE JOGA
|c|☆eve simp|gg
|c|☆ELE JOGA|gg
|player|p2|eve simp|unknownf
|player|p2|
