|inactive|Battle timer is ON: inactive players will automatically lose when time's up.
|t:|1665324151
|gametype|singles
|player|p1|Lambovino|#scl2spartans|
|player|p2|jonfilch|#scl2dynamos|
|teamsize|p1|6
|teamsize|p2|6
|gen|8
|tier|[Gen 8] PU
|rule|Sleep Clause Mod: Limit one foe put to sleep
|rule|Species Clause: Limit one of each Pokémon
|rule|OHKO Clause: OHKO moves are banned
|rule|Evasion Items Clause: Evasion items are banned
|rule|Evasion Moves Clause: Evasion moves are banned
|rule|Endless Battle Clause: Forcing endless battles is banned
|rule|HP Percentage Mod: HP is shown in percentages
|rule|Dynamax Clause: You cannot dynamax
|clearpoke
|poke|p1|Marowak, F|
|poke|p1|Carbink|
|poke|p1|Hattrem, F|
|poke|p1|Pyukumuku, F|
|poke|p1|Silvally-*|
|poke|p1|Tangela, M|
|poke|p2|Gallade, M|
|poke|p2|Qwilfish, M|
|poke|p2|Archeops, F|
|poke|p2|Doublade, F|
|poke|p2|Ribombee, F|
|poke|p2|Shiftry, M|
|teampreview
|c|☆Lambovino|hf
|c|☆jonfilch|u2
|inactive|Lambovino has 270 seconds left.
|inactive|jonfilch has 270 seconds left.
|inactive|Lambovino has 240 seconds left.
|inactive|jonfilch has 240 seconds left.
|raw|<div class="broadcast-red"><strong>Moderated chat was set to ☆!</strong><br />Only users of rank ☆ and higher can talk.</div>
|inactive|Lambovino has 210 seconds left.
|inactive|jonfilch has 210 seconds left.
|inactive|Lambovino has 180 seconds left.
|inactive|jonfilch has 180 seconds left.
|inactive|Lambovino has 150 seconds left.
|inactive|Lambovino has 120 seconds left.
|inactive|Lambovino has 90 seconds left.
|
|t:|1665324386
|start
|switch|p1a: Pyukumuku|Pyukumuku, F|100/100
|switch|p2a: PISTOL PETE|Gallade, M|100/100
|turn|1
|inactive|Lambovino has 120 seconds left.
|inactive|jonfilch has 210 seconds left.
|inactive|Lambovino has 90 seconds left.
|inactive|jonfilch has 180 seconds left.
|inactive|Lambovino has 60 seconds left.
|
|t:|1665324490
|switch|p1a: Tangela|Tangela, M|100/100
|move|p2a: PISTOL PETE|Knock Off|p1a: Tangela
|-damage|p1a: Tangela|81/100
|-enditem|p1a: Tangela|Eviolite|[from] move: Knock Off|[of] p2a: PISTOL PETE
|
|upkeep
|turn|2
|inactive|jonfilch has 150 seconds left.
|
|t:|1665324507
|switch|p2a: Ribombee|Ribombee, F|100/100
|move|p1a: Tangela|Leech Seed|p2a: Ribombee
|-start|p2a: Ribombee|move: Leech Seed
|
|-damage|p2a: Ribombee|88/100|[from] Leech Seed|[of] p1a: Tangela
|-heal|p1a: Tangela|91/100|[silent]
|upkeep
|turn|3
|inactive|jonfilch has 150 seconds left.
|inactive|Lambovino has 30 seconds left.
|inactive|Lambovino has 20 seconds left.
|inactive|Lambovino has 15 seconds left.
|inactive|Lambovino has 10 seconds left.
|inactive|Lambovino has 5 seconds left.
|
|t:|1665324552
|switch|p2a: PISTOL PETE|Gallade, M|100/100
|switch|p1a: Silvally|Silvally-Steel|100/100
|
|upkeep
|turn|4
|inactive|Lambovino has 15 seconds left this turn.
|
|t:|1665324571
|switch|p1a: Tangela|Tangela, M|100/100
|move|p2a: PISTOL PETE|Close Combat|p1a: Tangela
|-damage|p1a: Tangela|45/100
|-unboost|p2a: PISTOL PETE|def|1
|-unboost|p2a: PISTOL PETE|spd|1
|
|upkeep
|turn|5
|inactive|Lambovino has 25 seconds left this turn.
|inactive|Lambovino has 20 seconds left.
|
|t:|1665324585
|switch|p1a: Hattrem|Hattrem, F|100/100
|move|p2a: PISTOL PETE|Close Combat|p1a: Hattrem
|-resisted|p1a: Hattrem
|-damage|p1a: Hattrem|77/100
|-unboost|p2a: PISTOL PETE|def|1
|-unboost|p2a: PISTOL PETE|spd|1
|
|upkeep
|turn|6
|inactive|Lambovino has 30 seconds left this turn.
|inactive|Lambovino has 20 seconds left.
|inactive|Lambovino has 15 seconds left.
|
|t:|1665324603
|switch|p2a: Shiftry|Shiftry, M|100/100
|move|p1a: Hattrem|Psychic|p2a: Shiftry
|-immune|p2a: Shiftry
|
|upkeep
|turn|7
|inactive|Lambovino has 25 seconds left this turn.
|inactive|jonfilch has 120 seconds left.
|
|t:|1665324620
|switch|p1a: Silvally|Silvally-Steel|100/100
|move|p2a: Shiftry|Knock Off|p1a: Silvally
|-damage|p1a: Silvally|63/100
|-damage|p2a: Shiftry|91/100|[from] item: Life Orb
|
|upkeep
|turn|8
|inactive|Lambovino has 30 seconds left.
|inactive|jonfilch has 120 seconds left.
|inactive|Lambovino has 20 seconds left.
|inactive|Lambovino has 15 seconds left.
|inactive|jonfilch has 90 seconds left.
|
|t:|1665324666
|switch|p1a: Tangela|Tangela, M|78/100
|move|p2a: Shiftry|Swords Dance|p2a: Shiftry
|-boost|p2a: Shiftry|atk|2
|
|upkeep
|turn|9
|inactive|Lambovino has 25 seconds left this turn.
|inactive|jonfilch has 90 seconds left.
|inactive|Lambovino has 20 seconds left.
|inactive|Lambovino has 15 seconds left.
|
|t:|1665324691
|move|p2a: Shiftry|Knock Off|p1a: Tangela
|-damage|p1a: Tangela|19/100
|-damage|p2a: Shiftry|81/100|[from] item: Life Orb
|move|p1a: Tangela|Knock Off|p2a: Shiftry
|-resisted|p2a: Shiftry
|-damage|p2a: Shiftry|71/100
|-enditem|p2a: Shiftry|Life Orb|[from] move: Knock Off|[of] p1a: Tangela
|
|upkeep
|turn|10
|inactive|Lambovino has 25 seconds left this turn.
|inactive|Lambovino has 20 seconds left.
|inactive|jonfilch has 60 seconds left.
|
|t:|1665324717
|move|p2a: Shiftry|Knock Off|p1a: Tangela
|-damage|p1a: Tangela|0 fnt
|faint|p1a: Tangela
|
|upkeep
|inactive|Lambovino has 25 seconds left this turn.
|
|t:|1665324719
|switch|p1a: Silvally|Silvally-Steel|63/100
|turn|11
|inactive|jonfilch has 60 seconds left.
|
|t:|1665324735
|move|p2a: Shiftry|Sucker Punch||[still]
|-fail|p2a: Shiftry
|move|p1a: Silvally|Toxic|p2a: Shiftry
|-status|p2a: Shiftry|tox
|
|-damage|p2a: Shiftry|64/100 tox|[from] psn
|upkeep
|turn|12
|
|t:|1665324741
|move|p2a: Shiftry|Sucker Punch|p1a: Silvally
|-damage|p1a: Silvally|1/100
|move|p1a: Silvally|Flamethrower|p2a: Shiftry
|-supereffective|p2a: Shiftry
|-damage|p2a: Shiftry|4/100 tox
|
|-damage|p2a: Shiftry|0 fnt|[from] psn
|faint|p2a: Shiftry
|upkeep
|inactive|jonfilch has 60 seconds left.
|
|t:|1665324760
|switch|p2a: Ribombee|Ribombee, F|88/100
|turn|13
|
|t:|1665324766
|move|p2a: Ribombee|Moonblast|p1a: Silvally
|-resisted|p1a: Silvally
|-damage|p1a: Silvally|0 fnt
|faint|p1a: Silvally
|
|upkeep
|
|t:|1665324767
|switch|p1a: Carbink|Carbink|100/100
|turn|14
|
|t:|1665324792
|switch|p2a: Archeops|Archeops, F|100/100
|move|p1a: Carbink|Stealth Rock|p2a: Archeops
|-sidestart|p2: jonfilch|move: Stealth Rock
|
|upkeep
|turn|15
|inactive|Lambovino has 60 seconds left.
|
|t:|1665324812
|move|p2a: Archeops|Meteor Beam||[still]
|-prepare|p2a: Archeops|Meteor Beam
|-boost|p2a: Archeops|spa|1
|-enditem|p2a: Archeops|Power Herb
|-anim|p2a: Archeops|Meteor Beam|p1a: Carbink
|-damage|p1a: Carbink|31/100
|move|p1a: Carbink|Rock Slide|p2a: Archeops
|-supereffective|p2a: Archeops
|-damage|p2a: Archeops|52/100
|
|-heal|p1a: Carbink|37/100|[from] item: Leftovers
|upkeep
|turn|16
|inactive|Lambovino has 60 seconds left.
|
|t:|1665324826
|switch|p1a: Pyukumuku|Pyukumuku, F|100/100
|move|p2a: Archeops|Earth Power|p1a: Pyukumuku
|-damage|p1a: Pyukumuku|77/100
|
|-heal|p1a: Pyukumuku|83/100|[from] item: Leftovers
|upkeep
|turn|17
|inactive|jonfilch has 60 seconds left.
|
|t:|1665324843
|move|p2a: Archeops|Air Slash|p1a: Pyukumuku
|-damage|p1a: Pyukumuku|56/100
|move|p1a: Pyukumuku|Toxic|p2a: Archeops
|-status|p2a: Archeops|tox
|
|-heal|p1a: Pyukumuku|62/100|[from] item: Leftovers
|-damage|p2a: Archeops|46/100 tox|[from] psn
|upkeep
|turn|18
|
|t:|1665324850
|move|p2a: Archeops|Stealth Rock|p1a: Pyukumuku
|-sidestart|p1: Lambovino|move: Stealth Rock
|move|p1a: Pyukumuku|Recover|p1a: Pyukumuku
|-heal|p1a: Pyukumuku|100/100
|
|-damage|p2a: Archeops|34/100 tox|[from] psn
|upkeep
|turn|19
|
|t:|1665324865
|switch|p2a: Ribombee|Ribombee, F|88/100
|-damage|p2a: Ribombee|63/100|[from] Stealth Rock
|move|p1a: Pyukumuku|Toxic|p2a: Ribombee
|-status|p2a: Ribombee|tox
|
|-damage|p2a: Ribombee|57/100 tox|[from] psn
|upkeep
|turn|20
|
|t:|1665324873
|switch|p1a: Carbink|Carbink|37/100
|-damage|p1a: Carbink|25/100|[from] Stealth Rock
|move|p2a: Ribombee|Trick|p1a: Carbink
|-activate|p2a: Ribombee|move: Trick|[of] p1a: Carbink
|-item|p1a: Carbink|Choice Scarf|[from] move: Trick
|-item|p2a: Ribombee|Leftovers|[from] move: Trick
|
|-heal|p2a: Ribombee|63/100 tox|[from] item: Leftovers
|-damage|p2a: Ribombee|51/100 tox|[from] psn
|upkeep
|turn|21
|
|t:|1665324902
|move|p2a: Ribombee|Moonblast|p1a: Carbink
|-damage|p1a: Carbink|0 fnt
|faint|p1a: Carbink
|
|-heal|p2a: Ribombee|57/100 tox|[from] item: Leftovers
|-damage|p2a: Ribombee|39/100 tox|[from] psn
|upkeep
|
|t:|1665324908
|switch|p1a: Pyukumuku|Pyukumuku, F|100/100
|-damage|p1a: Pyukumuku|88/100|[from] Stealth Rock
|turn|22
|
|t:|1665324926
|move|p2a: Ribombee|Stun Spore|p1a: Pyukumuku
|-status|p1a: Pyukumuku|par
|move|p1a: Pyukumuku|Recover|p1a: Pyukumuku
|-heal|p1a: Pyukumuku|100/100 par
|
|-heal|p2a: Ribombee|45/100 tox|[from] item: Leftovers
|-damage|p2a: Ribombee|20/100 tox|[from] psn
|upkeep
|turn|23
|inactive|jonfilch has 60 seconds left.
|
|t:|1665324961
|move|p2a: Ribombee|Defog|p1a: Pyukumuku
|-unboost|p1a: Pyukumuku|evasion|1
|-sideend|p1: Lambovino|Stealth Rock|[from] move: Defog|[of] p2a: Ribombee
|-sideend|p2: jonfilch|Stealth Rock|[from] move: Defog|[of] p2a: Ribombee
|move|p1a: Pyukumuku|Recover||[still]
|-fail|p1a: Pyukumuku|heal
|
|-heal|p2a: Ribombee|27/100 tox|[from] item: Leftovers
|-damage|p2a: Ribombee|0 fnt|[from] psn
|faint|p2a: Ribombee
|upkeep
|inactive|jonfilch has 30 seconds left.
|
|t:|1665324992
|switch|p2a: PISTOL PETE|Gallade, M|100/100
|turn|24
|inactive|Lambovino has 90 seconds left.
|inactive|jonfilch has 30 seconds left.
|inactive|Lambovino has 60 seconds left.
|
|t:|1665325039
|switch|p1a: Marowak|Marowak, F|100/100
|move|p2a: PISTOL PETE|Knock Off|p1a: Marowak
|-damage|p1a: Marowak|52/100
|-enditem|p1a: Marowak|Thick Club|[from] move: Knock Off|[of] p2a: PISTOL PETE
|
|upkeep
|turn|25
|
|t:|1665325048
|move|p2a: PISTOL PETE|Close Combat|p1a: Marowak
|-damage|p1a: Marowak|0 fnt
|-unboost|p2a: PISTOL PETE|def|1
|-unboost|p2a: PISTOL PETE|spd|1
|faint|p1a: Marowak
|
|upkeep
|
|t:|1665325049
|switch|p1a: Hattrem|Hattrem, F|77/100
|turn|26
|
|t:|1665325065
|move|p2a: PISTOL PETE|Knock Off|p1a: Hattrem
|-supereffective|p1a: Hattrem
|-damage|p1a: Hattrem|27/100
|-enditem|p1a: Hattrem|Eviolite|[from] move: Knock Off|[of] p2a: PISTOL PETE
|move|p1a: Hattrem|Aromatherapy|p1a: Hattrem
|-activate|p1a: Hattrem|move: Aromatherapy
|-curestatus|p1: Pyukumuku|par|[msg]
|
|upkeep
|turn|27
|
|t:|1665325078
|move|p2a: PISTOL PETE|Close Combat|p1a: Hattrem
|-resisted|p1a: Hattrem
|-damage|p1a: Hattrem|0 fnt
|-unboost|p2a: PISTOL PETE|def|1
|-unboost|p2a: PISTOL PETE|spd|1
|faint|p1a: Hattrem
|
|upkeep
|
|t:|1665325079
|switch|p1a: Pyukumuku|Pyukumuku, F|100/100
|turn|28
|
|t:|1665325090
|switch|p2a: Doublade|Doublade, F|100/100
|move|p1a: Pyukumuku|Toxic|p2a: Doublade
|-immune|p2a: Doublade
|
|upkeep
|turn|29
|inactive|jonfilch has 30 seconds left.
|
|t:|1665325119
|move|p2a: Doublade|Swords Dance|p2a: Doublade
|-boost|p2a: Doublade|atk|2
|move|p1a: Pyukumuku|Spite|p2a: Doublade
|-activate|p2a: Doublade|move: Spite|Swords Dance|4
|
|upkeep
|turn|30
|inactive|jonfilch has 30 seconds left.
|inactive|jonfilch has 20 seconds left.
|
|t:|1665325138
|move|p2a: Doublade|Shadow Sneak|p1a: Pyukumuku
|-damage|p1a: Pyukumuku|87/100
|move|p1a: Pyukumuku|Spite|p2a: Doublade
|-activate|p2a: Doublade|move: Spite|Shadow Sneak|4
|
|-heal|p1a: Pyukumuku|93/100|[from] item: Leftovers
|upkeep
|turn|31
|inactive|jonfilch has 30 seconds left this turn.
|
|t:|1665325140
|switch|p2a: PISTOL PETE|Gallade, M|100/100
|move|p1a: Pyukumuku|Spite||[still]
|-fail|p1a: Pyukumuku
|
|-heal|p1a: Pyukumuku|99/100|[from] item: Leftovers
|upkeep
|turn|32
|
|t:|1665325146
|move|p2a: PISTOL PETE|Knock Off|p1a: Pyukumuku
|-damage|p1a: Pyukumuku|70/100
|-enditem|p1a: Pyukumuku|Leftovers|[from] move: Knock Off|[of] p2a: PISTOL PETE
|move|p1a: Pyukumuku|Toxic|p2a: PISTOL PETE
|-status|p2a: PISTOL PETE|tox
|
|-damage|p2a: PISTOL PETE|94/100 tox|[from] psn
|upkeep
|turn|33
|
|t:|1665325156
|switch|p2a: Qwilfish|Qwilfish, M|100/100
|-ability|p2a: Qwilfish|Intimidate|boost
|-unboost|p1a: Pyukumuku|atk|1
|move|p1a: Pyukumuku|Recover|p1a: Pyukumuku
|-heal|p1a: Pyukumuku|100/100
|
|upkeep
|turn|34
|
|t:|1665325159
|move|p2a: Qwilfish|Poison Jab|p1a: Pyukumuku
|-damage|p1a: Pyukumuku|74/100
|-status|p1a: Pyukumuku|psn
|move|p1a: Pyukumuku|Spite|p2a: Qwilfish
|-activate|p2a: Qwilfish|move: Spite|Poison Jab|4
|
|-damage|p1a: Pyukumuku|61/100 psn|[from] psn
|upkeep
|turn|35
|
|t:|1665325163
|move|p2a: Qwilfish|Liquidation|p1a: Pyukumuku
|-resisted|p1a: Pyukumuku
|-damage|p1a: Pyukumuku|46/100 psn
|move|p1a: Pyukumuku|Recover|p1a: Pyukumuku
|-heal|p1a: Pyukumuku|96/100 psn
|
|-damage|p1a: Pyukumuku|84/100 psn|[from] psn
|upkeep
|turn|36
|
|t:|1665325166
|move|p2a: Qwilfish|Liquidation|p1a: Pyukumuku
|-resisted|p1a: Pyukumuku
|-damage|p1a: Pyukumuku|69/100 psn
|move|p1a: Pyukumuku|Spite|p2a: Qwilfish
|-activate|p2a: Qwilfish|move: Spite|Liquidation|4
|
|-damage|p1a: Pyukumuku|57/100 psn|[from] psn
|upkeep
|turn|37
|
|t:|1665325170
|move|p2a: Qwilfish|Aqua Jet|p1a: Pyukumuku
|-resisted|p1a: Pyukumuku
|-damage|p1a: Pyukumuku|50/100 psn
|move|p1a: Pyukumuku|Recover|p1a: Pyukumuku
|-heal|p1a: Pyukumuku|99/100 psn
|
|-damage|p1a: Pyukumuku|87/100 psn|[from] psn
|upkeep
|turn|38
|
|t:|1665325173
|move|p2a: Qwilfish|Aqua Jet|p1a: Pyukumuku
|-resisted|p1a: Pyukumuku
|-damage|p1a: Pyukumuku|81/100 psn
|move|p1a: Pyukumuku|Spite|p2a: Qwilfish
|-activate|p2a: Qwilfish|move: Spite|Aqua Jet|4
|
|-damage|p1a: Pyukumuku|69/100 psn|[from] psn
|upkeep
|turn|39
|c|☆Lambovino|gg
|c|☆jonfilch|gg
|-message|Lambovino forfeited.
|
|win|jonfilch
