|inactive|Battle timer is ON: inactive players will automatically lose when time's up.
|player|p1|sjneider|#wcop2020uswest|
|player|p2|allstarapology|pokemonbreederf|
|teamsize|p1|6
|teamsize|p2|6
|gametype|singles
|gen|8
|tier|[Gen 8] PU
|clearpoke
|poke|p1|Grapploct, F|
|poke|p1|Glaceon, F|
|poke|p1|Natu, M|
|poke|p1|Heatmor, M|
|poke|p1|Stonjourner, F|
|poke|p1|Manectric, M|
|poke|p2|Glaceon, M|
|poke|p2|Vibrava, M|
|poke|p2|Mawile, F|
|poke|p2|Throh, M|
|poke|p2|Tangela, F|
|poke|p2|Manectric, M|
|rule|Sleep Clause Mod: Limit one foe put to sleep
|rule|Species Clause: Limit one of each Pokémon
|rule|OHKO Clause: OHKO moves are banned
|rule|Evasion Moves Clause: Evasion moves are banned
|rule|Endless Battle Clause: Forcing endless battles is banned
|rule|HP Percentage Mod: HP is shown in percentages
|rule|Dynamax Clause: You cannot dynamax
|teampreview
|c|☆sjneider|have fun
|c|☆allstarapology|u2
|inactive|allstarapology has 270 seconds left.
|inactive|allstarapology has 240 seconds left.
|c|+termiii|GO ASA
|inactive|allstarapology has 210 seconds left.
|
|start
|switch|p1a: Heatmor|Heatmor, M|100/100
|switch|p2a: Throh|Throh, M|100/100
|turn|1
|
|switch|p2a: Vibrava|Vibrava, M|100/100
|move|p1a: Heatmor|Overheat|p2a: Vibrava
|-resisted|p2a: Vibrava
|-damage|p2a: Vibrava|61/100
|-unboost|p1a: Heatmor|spa|2
|-enditem|p1a: Heatmor|Eject Pack
|
|switch|p1a: Glaceon|Glaceon, F|100/100
|
|upkeep
|turn|2
|inactive|allstarapology has 270 seconds left.
|c|+Avarice|i love allstarapology
|
|switch|p2a: Mawile|Mawile, F|100/100
|-ability|p2a: Mawile|Intimidate|boost
|-unboost|p1a: Glaceon|atk|1
|move|p1a: Glaceon|Ice Beam|p2a: Mawile
|-resisted|p2a: Mawile
|-damage|p2a: Mawile|55/100
|
|upkeep
|turn|3
|
|switch|p1a: Natu|Natu, M|100/100
|move|p2a: Mawile|Pain Split|p1a: Natu
|-sethp|p1a: Natu|80/100|[from] move: Pain Split|[silent]
|-sethp|p2a: Mawile|75/100|[from] move: Pain Split
|
|upkeep
|turn|4
|
|switch|p1a: Heatmor|Heatmor, M|100/100
|move|p2a: Mawile|Iron Head|p1a: Heatmor
|-resisted|p1a: Heatmor
|-damage|p1a: Heatmor|82/100
|
|upkeep
|turn|5
|inactive|sjneider has 270 seconds left.
|
|switch|p2a: Manectric|Manectric, M|100/100
|move|p1a: Heatmor|Recycle|p1a: Heatmor
|-item|p1a: Heatmor|Eject Pack|[from] move: Recycle
|
|upkeep
|turn|6
|inactive|sjneider has 270 seconds left.
|inactive|allstarapology has 240 seconds left.
|c|+pokemonisfun|promote whoever invented that set to pu council
|c|+pokemonisfun|tbh
|inactive|sjneider has 240 seconds left.
|c|+galbia|he's already council
|c|+tjay|they already are
|c|+pokemonisfun|then tl
|inactive|allstarapology has 210 seconds left.
|
|move|p2a: Manectric|Volt Switch|p1a: Heatmor
|-damage|p1a: Heatmor|34/100
|
|switch|p2a: Vibrava|Vibrava, M|61/100|[from]move: Volt Switch
|move|p1a: Heatmor|Overheat|p2a: Vibrava|[miss]
|-miss|p1a: Heatmor|p2a: Vibrava
|
|upkeep
|turn|7
|inactive|sjneider has 240 seconds left.
|
|move|p1a: Heatmor|Overheat|p2a: Vibrava
|-resisted|p2a: Vibrava
|-damage|p2a: Vibrava|22/100
|-unboost|p1a: Heatmor|spa|2
|-enditem|p1a: Heatmor|Eject Pack
|inactive|sjneider has 240 seconds left.
|
|switch|p1a: Glaceon|Glaceon, F|100/100
|move|p2a: Vibrava|U-turn|p1a: Glaceon
|-damage|p1a: Glaceon|89/100
|
|switch|p2a: Throh|Throh, M|100/100|[from]move: U-turn
|
|-status|p2a: Throh|brn|[from] item: Flame Orb
|upkeep
|turn|8
|inactive|sjneider has 240 seconds left.
|inactive|allstarapology has 180 seconds left.
|inactive|sjneider has 210 seconds left.
|inactive|allstarapology has 150 seconds left.
|
|switch|p1a: Grapploct|Grapploct, F|100/100
|move|p2a: Throh|Storm Throw|p1a: Grapploct
|-crit|p1a: Grapploct
|-damage|p1a: Grapploct|17/100
|
|-damage|p2a: Throh|94/100 brn|[from] brn
|upkeep
|turn|9
|
|switch|p2a: Tangela|Tangela, F|100/100
|move|p1a: Grapploct|Close Combat|p2a: Tangela
|-damage|p2a: Tangela|73/100
|-unboost|p1a: Grapploct|def|1
|-unboost|p1a: Grapploct|spd|1
|-enditem|p1a: Grapploct|Eject Pack
|
|switch|p1a: Glaceon|Glaceon, F|89/100
|
|upkeep
|turn|10
|
|switch|p2a: Glaceon|Glaceon, M|100/100
|move|p1a: Glaceon|Ice Beam|p2a: Glaceon
|-resisted|p2a: Glaceon
|-damage|p2a: Glaceon|51/100
|
|upkeep
|turn|11
|
|move|p2a: Glaceon|Ice Beam|p1a: Glaceon
|-resisted|p1a: Glaceon
|-damage|p1a: Glaceon|41/100
|move|p1a: Glaceon|Ice Beam|p2a: Glaceon
|-resisted|p2a: Glaceon
|-damage|p2a: Glaceon|2/100
|
|upkeep
|turn|12
|
|switch|p1a: Grapploct|Grapploct, F|17/100
|move|p2a: Glaceon|Ice Beam|p1a: Grapploct
|-damage|p1a: Grapploct|0 fnt
|faint|p1a: Grapploct
|
|upkeep
|
|switch|p1a: Manectric|Manectric, M|100/100
|turn|13
|inactive|allstarapology has 180 seconds left.
|
|switch|p2a: Manectric|Manectric, M|100/100
|move|p1a: Manectric|Flamethrower|p2a: Manectric
|-damage|p2a: Manectric|50/100
|
|upkeep
|turn|14
|inactive|allstarapology has 180 seconds left.
|
|move|p1a: Manectric|Flamethrower|p2a: Manectric
|-damage|p2a: Manectric|4/100
|move|p2a: Manectric|Overheat|p1a: Manectric
|-damage|p1a: Manectric|34/100
|-unboost|p2a: Manectric|spa|2
|
|upkeep
|turn|15
|inactive|allstarapology has 180 seconds left.
|
|switch|p1a: Heatmor|Heatmor, M|34/100
|switch|p2a: Glaceon|Glaceon, M|2/100
|
|upkeep
|turn|16
|
|move|p1a: Heatmor|Knock Off|p2a: Glaceon
|-damage|p2a: Glaceon|0 fnt
|-enditem|p2a: Glaceon|Choice Specs|[from] move: Knock Off|[of] p1a: Heatmor
|faint|p2a: Glaceon
|
|upkeep
|
|switch|p2a: Throh|Throh, M|94/100 brn
|turn|17
|inactive|allstarapology has 180 seconds left.
|
|move|p1a: Heatmor|Overheat|p2a: Throh
|-damage|p2a: Throh|36/100 brn
|-unboost|p1a: Heatmor|spa|2
|move|p2a: Throh|Knock Off|p1a: Heatmor
|-damage|p1a: Heatmor|0 fnt
|faint|p1a: Heatmor
|
|-damage|p2a: Throh|30/100 brn|[from] brn
|upkeep
|
|switch|p1a: Stonjourner|Stonjourner, F|100/100
|turn|18
|inactive|allstarapology has 180 seconds left.
|
|switch|p2a: Tangela|Tangela, F|100/100
|move|p1a: Stonjourner|Stealth Rock|p2a: Tangela
|-sidestart|p2: allstarapology|move: Stealth Rock
|
|upkeep
|turn|19
|
|move|p1a: Stonjourner|Superpower|p2a: Tangela
|-damage|p2a: Tangela|78/100
|-unboost|p1a: Stonjourner|atk|1
|-unboost|p1a: Stonjourner|def|1
|-enditem|p1a: Stonjourner|Eject Pack
|
|switch|p1a: Natu|Natu, M|80/100
|move|p2a: Tangela|Sleep Powder|p1a: Natu
|move|p1a: Natu|Sleep Powder|p2a: Tangela|[from]Magic Bounce
|-immune|p2a: Tangela
|
|upkeep
|turn|20
|c|☆sjneider|!calc
|html|<div class="infobox">Pok&eacute;mon Showdown! damage calculator. (Courtesy of Honko &amp; Austin)<br />- <a href="https://calc.pokemonshowdown.com/index.html">Damage Calculator</a></div>
|inactive|sjneider has 180 seconds left.
|
|move|p2a: Tangela|Knock Off|p1a: Natu
|-supereffective|p1a: Natu
|-damage|p1a: Natu|55/100
|-enditem|p1a: Natu|Eviolite|[from] move: Knock Off|[of] p2a: Tangela
|move|p1a: Natu|Teleport|p1a: Natu
|
|switch|p1a: Glaceon|Glaceon, F|41/100|[from]move: Teleport
|
|upkeep
|turn|21
|inactive|allstarapology has 210 seconds left.
|
|switch|p2a: Throh|Throh, M|30/100 brn
|-damage|p2a: Throh|24/100 brn|[from] Stealth Rock
|move|p1a: Glaceon|Ice Beam|p2a: Throh
|-damage|p2a: Throh|0 fnt
|faint|p2a: Throh
|
|upkeep
|
|switch|p2a: Mawile|Mawile, F|75/100
|-damage|p2a: Mawile|68/100|[from] Stealth Rock
|-ability|p2a: Mawile|Intimidate|boost
|-unboost|p1a: Glaceon|atk|1
|turn|22
|
|switch|p1a: Stonjourner|Stonjourner, F|100/100
|move|p2a: Mawile|Iron Head|p1a: Stonjourner
|-supereffective|p1a: Stonjourner
|-crit|p1a: Stonjourner
|-damage|p1a: Stonjourner|39/100
|
|upkeep
|turn|23
|
|switch|p2a: Tangela|Tangela, F|100/100
|-damage|p2a: Tangela|88/100|[from] Stealth Rock
|move|p1a: Stonjourner|Heat Crash|p2a: Tangela
|-supereffective|p2a: Tangela
|-damage|p2a: Tangela|49/100
|
|upkeep
|turn|24
|
|switch|p1a: Natu|Natu, M|55/100
|switch|p2a: Vibrava|Vibrava, M|22/100
|-damage|p2a: Vibrava|16/100|[from] Stealth Rock
|
|upkeep
|turn|25
|inactive|sjneider has 150 seconds left.
|
|move|p2a: Vibrava|Defog|p1a: Natu
|move|p1a: Natu|Defog|p2a: Vibrava|[from]Magic Bounce
|-unboost|p2a: Vibrava|evasion|1
|-sideend|p2: allstarapology|Stealth Rock|[from] move: Defog|[of] p1a: Natu
|move|p1a: Natu|Teleport|p1a: Natu
|inactive|sjneider has 150 seconds left.
|
|switch|p1a: Stonjourner|Stonjourner, F|39/100|[from]move: Teleport
|
|upkeep
|turn|26
|
|move|p1a: Stonjourner|Superpower|p2a: Vibrava
|-damage|p2a: Vibrava|0 fnt
|-unboost|p1a: Stonjourner|atk|1
|-unboost|p1a: Stonjourner|def|1
|faint|p2a: Vibrava
|
|upkeep
|
|switch|p2a: Manectric|Manectric, M|4/100
|turn|27
|inactive|sjneider has 150 seconds left.
|
|move|p2a: Manectric|Overheat|p1a: Stonjourner
|-resisted|p1a: Stonjourner
|-damage|p1a: Stonjourner|0 fnt
|-unboost|p2a: Manectric|spa|2
|faint|p1a: Stonjourner
|
|upkeep
|inactive|sjneider has 120 seconds left.
|
|switch|p1a: Natu|Natu, M|55/100
|turn|28
|inactive|sjneider has 90 seconds left.
|
|switch|p2a: Mawile|Mawile, F|68/100
|-ability|p2a: Mawile|Intimidate|boost
|-unboost|p1a: Natu|atk|1
|move|p1a: Natu|Night Shade|p2a: Mawile
|-damage|p2a: Mawile|35/100
|
|upkeep
|turn|29
|
|move|p1a: Natu|Tailwind|p1a: Natu
|-sidestart|p1: sjneider|move: Tailwind
|move|p2a: Mawile|Iron Head|p1a: Natu
|-damage|p1a: Natu|25/100
|
|upkeep
|turn|30
|
|switch|p2a: Tangela|Tangela, F|82/100
|move|p1a: Natu|Teleport|p1a: Natu
|
|switch|p1a: Glaceon|Glaceon, F|41/100|[from]move: Teleport
|
|upkeep
|turn|31
|inactive|allstarapology has 270 seconds left.
|
|move|p1a: Glaceon|Ice Beam|p2a: Tangela
|-supereffective|p2a: Tangela
|-damage|p2a: Tangela|0 fnt
|faint|p2a: Tangela
|
|upkeep
|
|switch|p2a: Mawile|Mawile, F|35/100
|-ability|p2a: Mawile|Intimidate|boost
|-unboost|p1a: Glaceon|atk|1
|turn|32
|inactive|allstarapology has 270 seconds left.
|
|move|p1a: Glaceon|Ice Beam|p2a: Mawile
|-resisted|p2a: Mawile
|-damage|p2a: Mawile|0 fnt
|faint|p2a: Mawile
|
|-sideend|p1: sjneider|move: Tailwind
|upkeep
|
|switch|p2a: Manectric|Manectric, M|4/100
|turn|33
|
|move|p2a: Manectric|Overheat|p1a: Glaceon
|-supereffective|p1a: Glaceon
|-damage|p1a: Glaceon|0 fnt
|-unboost|p2a: Manectric|spa|2
|faint|p1a: Glaceon
|
|upkeep
|
|switch|p1a: Natu|Natu, M|25/100
|turn|34
|
|move|p2a: Manectric|Overheat|p1a: Natu
|-damage|p1a: Natu|0 fnt
|-unboost|p2a: Manectric|spa|2
|faint|p1a: Natu
|
|upkeep
|inactive|sjneider has 120 seconds left.
|
|switch|p1a: Manectric|Manectric, M|34/100
|turn|35
|
|move|p1a: Manectric|Flamethrower|p2a: Manectric
|-damage|p2a: Manectric|0 fnt
|faint|p2a: Manectric
|
|win|sjneider
|c|☆allstarapology|gg
|c|☆sjneider|gg man
