|inactive|Battle timer is ON: inactive players will automatically lose when time's up.
|t:|1631379835
|gametype|singles
|player|p1|Lambovino|#scl1terrors|
|player|p2|AY YUH NEIDER YUH|#splxiicryonicles|
|teamsize|p1|6
|teamsize|p2|6
|gen|8
|tier|[Gen 8] PU
|rule|Sleep Clause Mod: Limit one foe put to sleep
|rule|Species Clause: Limit one of each Pokémon
|rule|OHKO Clause: OHKO moves are banned
|rule|Evasion Moves Clause: Evasion moves are banned
|rule|Endless Battle Clause: Forcing endless battles is banned
|rule|HP Percentage Mod: HP is shown in percentages
|rule|Dynamax Clause: You cannot dynamax
|clearpoke
|poke|p1|Quagsire, F|
|poke|p1|Weezing, F|
|poke|p1|Centiskorch, M|
|poke|p1|Archeops, M|
|poke|p1|Whimsicott, M|
|poke|p1|Audino, M|
|poke|p2|Druddigon, M|
|poke|p2|Scrafty, M|
|poke|p2|Tsareena, F|
|poke|p2|Archeops, F|
|poke|p2|Togedemaru, M|
|poke|p2|Charizard, M|
|teampreview
|c|☆Lambovino|hf 
|c|☆AY YUH NEIDER YUH|=
|raw|<div class="broadcast-red"><strong>Moderated chat was set to ☆!</strong><br />Only users of rank ☆ and higher can talk.</div>
|inactive|Lambovino has 270 seconds left.
|inactive|AY YUH NEIDER YUH has 270 seconds left.
|inactive|Lambovino has 240 seconds left.
|inactive|AY YUH NEIDER YUH has 240 seconds left.
|inactive|Lambovino has 210 seconds left.
|
|t:|1631379937
|start
|switch|p1a: Weezing|Weezing, F|100/100
|switch|p2a: MMMMAYBACH|Archeops, F|100/100
|-ability|p1a: Weezing|Neutralizing Gas
|turn|1
|inactive|AY YUH NEIDER YUH has 270 seconds left.
|
|t:|1631379979
|-end|p1a: Weezing|ability: Neutralizing Gas
|switch|p1a: Audino|Audino, M|100/100
|move|p2a: MMMMAYBACH|Earth Power|p1a: Audino
|-damage|p1a: Audino|83/100
|
|upkeep
|turn|2
|
|t:|1631379989
|move|p2a: MMMMAYBACH|U-turn|p1a: Audino
|-damage|p1a: Audino|64/100
|
|t:|1631379998
|switch|p2a: STRIKE TWICE|Scrafty, M|100/100|[from]move: U-turn
|move|p1a: Audino|Knock Off|p2a: STRIKE TWICE
|-resisted|p2a: STRIKE TWICE
|-damage|p2a: STRIKE TWICE|97/100
|-enditem|p2a: STRIKE TWICE|Leftovers|[from] move: Knock Off|[of] p1a: Audino
|
|upkeep
|turn|3
|inactive|Lambovino has 270 seconds left.
|
|t:|1631380019
|switch|p1a: Whimsicott|Whimsicott, M|100/100
|move|p2a: STRIKE TWICE|Knock Off|p1a: Whimsicott
|-resisted|p1a: Whimsicott
|-damage|p1a: Whimsicott|80/100
|-enditem|p1a: Whimsicott|Heavy-Duty Boots|[from] move: Knock Off|[of] p2a: STRIKE TWICE
|
|upkeep
|turn|4
|
|t:|1631380046
|switch|p2a: LIGHTNING|Togedemaru, M|100/100
|move|p1a: Whimsicott|Knock Off|p2a: LIGHTNING
|-damage|p2a: LIGHTNING|78/100
|-enditem|p2a: LIGHTNING|Heavy-Duty Boots|[from] move: Knock Off|[of] p1a: Whimsicott
|
|upkeep
|turn|5
|
|t:|1631380059
|switch|p1a: Weezing|Weezing, F|100/100
|-ability|p1a: Weezing|Neutralizing Gas
|move|p2a: LIGHTNING|U-turn|p1a: Weezing
|-resisted|p1a: Weezing
|-damage|p1a: Weezing|95/100
|inactive|AY YUH NEIDER YUH has 240 seconds left.
|
|t:|1631380093
|switch|p2a: CLB>DONDA|Charizard, M|100/100|[from]move: U-turn
|
|upkeep
|turn|6
|inactive|AY YUH NEIDER YUH has 240 seconds left.
|
|t:|1631380116
|-end|p1a: Weezing|ability: Neutralizing Gas
|switch|p1a: Archeops|Archeops, M|100/100
|move|p2a: CLB>DONDA|Flamethrower|p1a: Archeops
|-resisted|p1a: Archeops
|-damage|p1a: Archeops|67/100
|
|upkeep
|turn|7
|inactive|Lambovino has 270 seconds left.
|
|t:|1631380124
|switch|p2a: DAK ATTACK|Druddigon, M|100/100
|move|p1a: Archeops|Stealth Rock|p2a: DAK ATTACK
|-sidestart|p2: AY YUH NEIDER YUH|move: Stealth Rock
|
|upkeep
|turn|8
|inactive|Lambovino has 270 seconds left.
|
|t:|1631380149
|switch|p1a: Quagsire|Quagsire, F|100/100
|move|p2a: DAK ATTACK|Glare|p1a: Quagsire
|-status|p1a: Quagsire|par
|
|upkeep
|turn|9
|
|t:|1631380157
|switch|p1a: Weezing|Weezing, F|95/100
|-ability|p1a: Weezing|Neutralizing Gas
|move|p2a: DAK ATTACK|Stealth Rock|p1a: Weezing
|-sidestart|p1: Lambovino|move: Stealth Rock
|
|upkeep
|turn|10
|inactive|AY YUH NEIDER YUH has 240 seconds left.
|
|t:|1631380174
|switch|p2a: MMMMAYBACH|Archeops, F|100/100
|move|p1a: Weezing|Will-O-Wisp|p2a: MMMMAYBACH
|-status|p2a: MMMMAYBACH|brn
|
|-damage|p2a: MMMMAYBACH|94/100 brn|[from] brn
|upkeep
|turn|11
|inactive|Lambovino has 270 seconds left.
|
|t:|1631380190
|-end|p1a: Weezing|ability: Neutralizing Gas
|switch|p1a: Audino|Audino, M|97/100
|move|p2a: MMMMAYBACH|U-turn|p1a: Audino
|-damage|p1a: Audino|88/100
|inactive|AY YUH NEIDER YUH has 210 seconds left.
|
|t:|1631380221
|switch|p2a: DOES NOT|Tsareena, F|100/100|[from]move: U-turn
|
|upkeep
|turn|12
|inactive|Lambovino has 270 seconds left.
|inactive|AY YUH NEIDER YUH has 210 seconds left.
|inactive|Lambovino has 240 seconds left.
|
|t:|1631380257
|move|p2a: DOES NOT|Rapid Spin|p1a: Audino
|-damage|p1a: Audino|70/100
|-boost|p2a: DOES NOT|spe|1
|-sideend|p2: AY YUH NEIDER YUH|Stealth Rock|[from] move: Rapid Spin|[of] p2a: DOES NOT
|move|p1a: Audino|Knock Off|p2a: DOES NOT
|-damage|p2a: DOES NOT|82/100
|-enditem|p2a: DOES NOT|Heavy-Duty Boots|[from] move: Knock Off|[of] p1a: Audino
|
|upkeep
|turn|13
|
|t:|1631380266
|switch|p1a: Weezing|Weezing, F|95/100
|-ability|p1a: Weezing|Neutralizing Gas
|-damage|p1a: Weezing|83/100|[from] Stealth Rock
|move|p2a: DOES NOT|High Jump Kick|p1a: Weezing
|-resisted|p1a: Weezing
|-damage|p1a: Weezing|66/100
|
|upkeep
|turn|14
|
|t:|1631380273
|switch|p2a: MMMMAYBACH|Archeops, F|94/100 brn
|move|p1a: Weezing|Toxic Spikes|p2a: MMMMAYBACH
|-sidestart|p2: AY YUH NEIDER YUH|move: Toxic Spikes
|
|-damage|p2a: MMMMAYBACH|88/100 brn|[from] brn
|upkeep
|turn|15
|
|t:|1631380291
|-end|p1a: Weezing|ability: Neutralizing Gas
|switch|p1a: Audino|Audino, M|100/100
|move|p2a: MMMMAYBACH|U-turn|p1a: Audino
|-damage|p1a: Audino|91/100
|inactive|AY YUH NEIDER YUH has 210 seconds left.
|
|t:|1631380309
|switch|p2a: STRIKE TWICE|Scrafty, M|97/100|[from]move: U-turn
|-status|p2a: STRIKE TWICE|psn
|
|-damage|p2a: STRIKE TWICE|85/100 psn|[from] psn
|upkeep
|turn|16
|inactive|AY YUH NEIDER YUH has 210 seconds left.
|inactive|Lambovino has 240 seconds left.
|
|t:|1631380346
|switch|p1a: Quagsire|Quagsire, F|100/100 par
|move|p2a: STRIKE TWICE|Knock Off|p1a: Quagsire
|-damage|p1a: Quagsire|78/100 par
|-enditem|p1a: Quagsire|Heavy-Duty Boots|[from] move: Knock Off|[of] p2a: STRIKE TWICE
|
|-damage|p2a: STRIKE TWICE|72/100 psn|[from] psn
|upkeep
|turn|17
|inactive|Lambovino has 240 seconds left.
|
|t:|1631380353
|switch|p1a: Centiskorch|Centiskorch, M|100/100
|move|p2a: STRIKE TWICE|Drain Punch|p1a: Centiskorch
|-resisted|p1a: Centiskorch
|-damage|p1a: Centiskorch|84/100
|-heal|p2a: STRIKE TWICE|81/100 psn|[from] drain|[of] p1a: Centiskorch
|
|-damage|p2a: STRIKE TWICE|69/100 psn|[from] psn
|upkeep
|turn|18
|inactive|Lambovino has 240 seconds left.
|inactive|AY YUH NEIDER YUH has 180 seconds left.
|inactive|Lambovino has 210 seconds left.
|
|t:|1631380409
|move|p1a: Centiskorch|Leech Life|p2a: STRIKE TWICE
|-damage|p2a: STRIKE TWICE|32/100 psn
|-heal|p1a: Centiskorch|100/100|[from] drain|[of] p2a: STRIKE TWICE
|move|p2a: STRIKE TWICE|Knock Off|p1a: Centiskorch
|-damage|p1a: Centiskorch|58/100
|-enditem|p1a: Centiskorch|Heavy-Duty Boots|[from] move: Knock Off|[of] p2a: STRIKE TWICE
|
|-damage|p2a: STRIKE TWICE|20/100 psn|[from] psn
|upkeep
|turn|19
|inactive|AY YUH NEIDER YUH has 180 seconds left.
|
|t:|1631380418
|switch|p2a: DAK ATTACK|Druddigon, M|100/100
|-status|p2a: DAK ATTACK|psn
|move|p1a: Centiskorch|Knock Off|p2a: DAK ATTACK
|-damage|p2a: DAK ATTACK|76/100 psn
|-damage|p1a: Centiskorch|46/100|[from] ability: Rough Skin|[of] p2a: DAK ATTACK
|-damage|p1a: Centiskorch|30/100|[from] item: Rocky Helmet|[of] p2a: DAK ATTACK
|-enditem|p2a: DAK ATTACK|Rocky Helmet|[from] move: Knock Off|[of] p1a: Centiskorch
|
|-damage|p2a: DAK ATTACK|64/100 psn|[from] psn
|upkeep
|turn|20
|inactive|AY YUH NEIDER YUH has 180 seconds left.
|inactive|Lambovino has 180 seconds left.
|
|t:|1631380461
|switch|p1a: Audino|Audino, M|100/100
|move|p2a: DAK ATTACK|Glare|p1a: Audino
|-status|p1a: Audino|par
|
|-damage|p2a: DAK ATTACK|52/100 psn|[from] psn
|upkeep
|turn|21
|
|t:|1631380490
|switch|p2a: DOES NOT|Tsareena, F|82/100
|-status|p2a: DOES NOT|psn
|switch|p1a: Whimsicott|Whimsicott, M|80/100
|-damage|p1a: Whimsicott|68/100|[from] Stealth Rock
|
|-damage|p2a: DOES NOT|70/100 psn|[from] psn
|upkeep
|turn|22
|inactive|AY YUH NEIDER YUH has 180 seconds left.
|inactive|Lambovino has 150 seconds left.
|inactive|AY YUH NEIDER YUH has 150 seconds left.
|inactive|Lambovino has 120 seconds left.
|inactive|Lambovino has 90 seconds left.
|
|t:|1631380571
|switch|p2a: LIGHTNING|Togedemaru, M|78/100
|move|p1a: Whimsicott|Moonblast|p2a: LIGHTNING
|-resisted|p2a: LIGHTNING
|-damage|p2a: LIGHTNING|66/100
|
|upkeep
|turn|23
|inactive|Lambovino has 90 seconds left.
|inactive|Lambovino has 60 seconds left.
|
|t:|1631380617
|switch|p1a: Centiskorch|Centiskorch, M|30/100
|-damage|p1a: Centiskorch|0 fnt|[from] Stealth Rock
|faint|p1a: Centiskorch
|move|p2a: LIGHTNING|Wish|p2a: LIGHTNING
|
|upkeep
|
|t:|1631380620
|switch|p1a: Archeops|Archeops, M|67/100
|turn|24
|inactive|Lambovino has 60 seconds left.
|inactive|AY YUH NEIDER YUH has 150 seconds left.
|inactive|Lambovino has 30 seconds left.
|inactive|AY YUH NEIDER YUH has 120 seconds left.
|inactive|AY YUH NEIDER YUH has 90 seconds left.
|
|t:|1631380695
|switch|p2a: DAK ATTACK|Druddigon, M|52/100 psn
|move|p1a: Archeops|Stone Edge|p2a: DAK ATTACK
|-damage|p2a: DAK ATTACK|7/100 psn
|
|-heal|p2a: DAK ATTACK|54/100 psn|[from] move: Wish|[wisher] LIGHTNING
|-damage|p2a: DAK ATTACK|41/100 psn|[from] psn
|upkeep
|turn|25
|inactive|Lambovino has 30 seconds left.
|inactive|AY YUH NEIDER YUH has 90 seconds left.
|inactive|Lambovino has 20 seconds left.
|inactive|Lambovino has 15 seconds left.
|
|t:|1631380723
|move|p1a: Archeops|Stealth Rock|p2a: DAK ATTACK
|-sidestart|p2: AY YUH NEIDER YUH|move: Stealth Rock
|move|p2a: DAK ATTACK|Glare|p1a: Archeops
|-status|p1a: Archeops|par
|
|-damage|p2a: DAK ATTACK|29/100 psn|[from] psn
|upkeep
|turn|26
|inactive|Lambovino has 25 seconds left this turn.
|
|t:|1631380744
|switch|p1a: Audino|Audino, M|100/100 par
|move|p2a: DAK ATTACK|Roar|p1a: Audino
|drag|p1a: Whimsicott|Whimsicott, M|68/100
|-damage|p1a: Whimsicott|56/100|[from] Stealth Rock
|
|-damage|p2a: DAK ATTACK|17/100 psn|[from] psn
|upkeep
|turn|27
|inactive|Lambovino has 30 seconds left.
|
|t:|1631380759
|switch|p1a: Quagsire|Quagsire, F|78/100 par
|-damage|p1a: Quagsire|72/100 par|[from] Stealth Rock
|switch|p2a: LIGHTNING|Togedemaru, M|66/100
|-damage|p2a: LIGHTNING|60/100|[from] Stealth Rock
|
|upkeep
|turn|28
|inactive|Lambovino has 30 seconds left.
|
|t:|1631380770
|move|p2a: LIGHTNING|U-turn|p1a: Quagsire
|-damage|p1a: Quagsire|59/100 par
|inactive|Lambovino has 30 seconds left this turn.
|
|t:|1631380774
|switch|p2a: DOES NOT|Tsareena, F|70/100 psn|[from]move: U-turn
|-damage|p2a: DOES NOT|57/100 psn|[from] Stealth Rock
|move|p1a: Quagsire|Earthquake|p2a: DOES NOT
|-resisted|p2a: DOES NOT
|-damage|p2a: DOES NOT|38/100 psn
|
|-damage|p2a: DOES NOT|25/100 psn|[from] psn
|upkeep
|turn|29
|inactive|AY YUH NEIDER YUH has 90 seconds left.
|
|t:|1631380798
|switch|p1a: Weezing|Weezing, F|66/100
|-ability|p1a: Weezing|Neutralizing Gas
|-damage|p1a: Weezing|54/100|[from] Stealth Rock
|move|p2a: DOES NOT|Rapid Spin|p1a: Weezing
|-damage|p1a: Weezing|42/100
|-boost|p2a: DOES NOT|spe|1
|-sideend|p2: AY YUH NEIDER YUH|Toxic Spikes|[from] move: Rapid Spin|[of] p2a: DOES NOT
|-sideend|p2: AY YUH NEIDER YUH|Stealth Rock|[from] move: Rapid Spin|[of] p2a: DOES NOT
|
|-damage|p2a: DOES NOT|13/100 psn|[from] psn
|upkeep
|turn|30
|inactive|AY YUH NEIDER YUH has 60 seconds left.
|
|t:|1631380824
|move|p2a: DOES NOT|Aromatherapy|p2a: DOES NOT
|-activate|p2a: DOES NOT|move: Aromatherapy
|-curestatus|p2a: DOES NOT|psn|[msg]
|-curestatus|p2: STRIKE TWICE|psn|[msg]
|-curestatus|p2: DAK ATTACK|psn|[msg]
|-curestatus|p2: MMMMAYBACH|brn|[msg]
|move|p1a: Weezing|Pain Split|p2a: DOES NOT
|-sethp|p2a: DOES NOT|31/100|[from] move: Pain Split|[silent]
|-sethp|p1a: Weezing|26/100|[from] move: Pain Split
|
|upkeep
|turn|31
|inactive|AY YUH NEIDER YUH has 60 seconds left.
|c|☆AY YUH NEIDER YUH|holy fuck
|
|t:|1631380853
|switch|p2a: CLB>DONDA|Charizard, M|100/100
|move|p1a: Weezing|Sludge Bomb|p2a: CLB>DONDA
|-damage|p2a: CLB>DONDA|64/100
|-status|p2a: CLB>DONDA|psn
|
|-damage|p2a: CLB>DONDA|52/100 psn|[from] psn
|upkeep
|turn|32
|
|t:|1631380864
|-end|p1a: Weezing|ability: Neutralizing Gas
|switch|p1a: Audino|Audino, M|100/100 par
|move|p2a: CLB>DONDA|Flamethrower|p1a: Audino
|-damage|p1a: Audino|70/100 par
|
|-damage|p2a: CLB>DONDA|39/100 psn|[from] psn
|upkeep
|turn|33
|
|t:|1631380881
|switch|p2a: STRIKE TWICE|Scrafty, M|20/100
|move|p1a: Audino|Wish|p1a: Audino
|
|upkeep
|turn|34
|
|t:|1631380887
|switch|p1a: Weezing|Weezing, F|26/100
|-ability|p1a: Weezing|Neutralizing Gas
|-damage|p1a: Weezing|14/100|[from] Stealth Rock
|move|p2a: STRIKE TWICE|Rest|p2a: STRIKE TWICE
|-status|p2a: STRIKE TWICE|slp|[from] move: Rest
|-heal|p2a: STRIKE TWICE|100/100 slp|[silent]
|
|-heal|p1a: Weezing|75/100|[from] move: Wish|[wisher] Audino
|upkeep
|turn|35
|
|t:|1631380891
|switch|p2a: MMMMAYBACH|Archeops, F|88/100
|move|p1a: Weezing|Toxic Spikes|p2a: MMMMAYBACH
|-sidestart|p2: AY YUH NEIDER YUH|move: Toxic Spikes
|
|upkeep
|turn|36
|
|t:|1631380905
|-end|p1a: Weezing|ability: Neutralizing Gas
|switch|p1a: Audino|Audino, M|100/100 par
|move|p2a: MMMMAYBACH|Air Slash|p1a: Audino
|-damage|p1a: Audino|75/100 par
|
|upkeep
|turn|37
|
|t:|1631380910
|move|p2a: MMMMAYBACH|Air Slash|p1a: Audino
|-damage|p1a: Audino|51/100 par
|cant|p1a: Audino|par
|
|upkeep
|turn|38
|
|t:|1631380914
|move|p2a: MMMMAYBACH|Air Slash|p1a: Audino
|-damage|p1a: Audino|26/100 par
|move|p1a: Audino|Heal Bell|p1a: Audino
|-activate|p1a: Audino|move: Heal Bell
|-curestatus|p1a: Audino|par|[msg]
|-curestatus|p1: Quagsire|par|[msg]
|-curestatus|p1: Archeops|par|[msg]
|
|upkeep
|turn|39
|inactive|Lambovino has 90 seconds left.
|
|t:|1631380926
|move|p2a: MMMMAYBACH|Air Slash|p1a: Audino
|-damage|p1a: Audino|2/100
|cant|p1a: Audino|flinch
|
|upkeep
|turn|40
|inactive|AY YUH NEIDER YUH has 90 seconds left.
|inactive|Lambovino has 90 seconds left.
|
|t:|1631380941
|switch|p1a: Archeops|Archeops, M|67/100
|move|p2a: MMMMAYBACH|Air Slash|p1a: Archeops
|-resisted|p1a: Archeops
|-damage|p1a: Archeops|39/100
|
|upkeep
|turn|41
|inactive|Lambovino has 90 seconds left.
|inactive|AY YUH NEIDER YUH has 90 seconds left.
|inactive|Lambovino has 60 seconds left.
|
|t:|1631380995
|switch|p2a: STRIKE TWICE|Scrafty, M|100/100 slp
|switch|p1a: Whimsicott|Whimsicott, M|56/100
|-damage|p1a: Whimsicott|43/100|[from] Stealth Rock
|
|upkeep
|turn|42
|inactive|AY YUH NEIDER YUH has 90 seconds left.
|
|t:|1631381003
|switch|p1a: Audino|Audino, M|36/100
|switch|p2a: LIGHTNING|Togedemaru, M|60/100
|
|upkeep
|turn|43
|
|t:|1631381010
|switch|p1a: Quagsire|Quagsire, F|59/100
|-damage|p1a: Quagsire|53/100|[from] Stealth Rock
|move|p2a: LIGHTNING|Wish|p2a: LIGHTNING
|
|upkeep
|turn|44
|inactive|Lambovino has 60 seconds left.
|
|t:|1631381029
|switch|p1a: Audino|Audino, M|69/100
|move|p2a: LIGHTNING|U-turn|p1a: Audino
|-crit|p1a: Audino
|-damage|p1a: Audino|48/100
|inactive|AY YUH NEIDER YUH has 90 seconds left.
|
|t:|1631381039
|switch|p2a: DOES NOT|Tsareena, F|31/100|[from]move: U-turn
|-status|p2a: DOES NOT|psn
|
|-heal|p2a: DOES NOT|89/100 psn|[from] move: Wish|[wisher] LIGHTNING
|-damage|p2a: DOES NOT|76/100 psn|[from] psn
|upkeep
|turn|45
|
|t:|1631381047
|switch|p1a: Weezing|Weezing, F|75/100
|-ability|p1a: Weezing|Neutralizing Gas
|-damage|p1a: Weezing|63/100|[from] Stealth Rock
|move|p2a: DOES NOT|Aromatherapy|p2a: DOES NOT
|-activate|p2a: DOES NOT|move: Aromatherapy
|-curestatus|p2a: DOES NOT|psn|[msg]
|-curestatus|p2: CLB>DONDA|psn|[msg]
|-curestatus|p2: STRIKE TWICE|slp|[msg]
|
|upkeep
|turn|46
|
|t:|1631381053
|switch|p2a: MMMMAYBACH|Archeops, F|88/100
|move|p1a: Weezing|Sludge Bomb|p2a: MMMMAYBACH
|-resisted|p2a: MMMMAYBACH
|-damage|p2a: MMMMAYBACH|66/100
|
|upkeep
|turn|47
|
|t:|1631381064
|-end|p1a: Weezing|ability: Neutralizing Gas
|switch|p1a: Audino|Audino, M|81/100
|move|p2a: MMMMAYBACH|U-turn|p1a: Audino
|-damage|p1a: Audino|62/100
|
|t:|1631381077
|switch|p2a: STRIKE TWICE|Scrafty, M|100/100|[from]move: U-turn
|-status|p2a: STRIKE TWICE|psn
|
|-activate|p2a: STRIKE TWICE|ability: Shed Skin
|-curestatus|p2a: STRIKE TWICE|psn|[msg]
|upkeep
|turn|48
|inactive|AY YUH NEIDER YUH has 90 seconds left.
|
|t:|1631381106
|switch|p1a: Quagsire|Quagsire, F|53/100
|-damage|p1a: Quagsire|47/100|[from] Stealth Rock
|move|p2a: STRIKE TWICE|Drain Punch|p1a: Quagsire
|-damage|p1a: Quagsire|28/100
|
|upkeep
|turn|49
|inactive|AY YUH NEIDER YUH has 90 seconds left.
|
|t:|1631381118
|switch|p2a: DOES NOT|Tsareena, F|76/100
|-status|p2a: DOES NOT|psn
|move|p1a: Quagsire|Recover|p1a: Quagsire
|-heal|p1a: Quagsire|79/100
|
|-damage|p2a: DOES NOT|64/100 psn|[from] psn
|upkeep
|turn|50
|inactive|Lambovino has 90 seconds left.
|
|t:|1631381131
|switch|p2a: MMMMAYBACH|Archeops, F|66/100
|switch|p1a: Weezing|Weezing, F|63/100
|-ability|p1a: Weezing|Neutralizing Gas
|-damage|p1a: Weezing|50/100|[from] Stealth Rock
|
|upkeep
|turn|51
|
|t:|1631381142
|-end|p1a: Weezing|ability: Neutralizing Gas
|switch|p1a: Audino|Audino, M|95/100
|move|p2a: MMMMAYBACH|U-turn|p1a: Audino
|-damage|p1a: Audino|78/100
|
|t:|1631381147
|switch|p2a: STRIKE TWICE|Scrafty, M|100/100|[from]move: U-turn
|-status|p2a: STRIKE TWICE|psn
|
|-damage|p2a: STRIKE TWICE|88/100 psn|[from] psn
|upkeep
|turn|52
|
|t:|1631381156
|switch|p1a: Quagsire|Quagsire, F|79/100
|-damage|p1a: Quagsire|73/100|[from] Stealth Rock
|move|p2a: STRIKE TWICE|Drain Punch|p1a: Quagsire
|-damage|p1a: Quagsire|55/100
|-heal|p2a: STRIKE TWICE|98/100 psn|[from] drain|[of] p1a: Quagsire
|
|-damage|p2a: STRIKE TWICE|86/100 psn|[from] psn
|upkeep
|turn|53
|
|t:|1631381173
|move|p2a: STRIKE TWICE|Drain Punch|p1a: Quagsire
|-damage|p1a: Quagsire|35/100
|-heal|p2a: STRIKE TWICE|98/100 psn|[from] drain|[of] p1a: Quagsire
|move|p1a: Quagsire|Recover|p1a: Quagsire
|-heal|p1a: Quagsire|85/100
|
|-activate|p2a: STRIKE TWICE|ability: Shed Skin
|-curestatus|p2a: STRIKE TWICE|psn|[msg]
|upkeep
|turn|54
|
|t:|1631381182
|move|p2a: STRIKE TWICE|Bulk Up|p2a: STRIKE TWICE
|-boost|p2a: STRIKE TWICE|atk|1
|-boost|p2a: STRIKE TWICE|def|1
|move|p1a: Quagsire|Earthquake|p2a: STRIKE TWICE
|-damage|p2a: STRIKE TWICE|70/100
|
|upkeep
|turn|55
|
|t:|1631381189
|move|p2a: STRIKE TWICE|Drain Punch|p1a: Quagsire
|-damage|p1a: Quagsire|68/100
|-heal|p2a: STRIKE TWICE|81/100|[from] drain|[of] p1a: Quagsire
|move|p1a: Quagsire|Curse|p1a: Quagsire
|-unboost|p1a: Quagsire|spe|1
|-boost|p1a: Quagsire|atk|1
|-boost|p1a: Quagsire|def|1
|
|upkeep
|turn|56
|
|t:|1631381198
|switch|p2a: MMMMAYBACH|Archeops, F|66/100
|move|p1a: Quagsire|Earthquake|p2a: MMMMAYBACH
|-immune|p2a: MMMMAYBACH
|
|upkeep
|turn|57
|
|t:|1631381207
|switch|p1a: Audino|Audino, M|100/100
|move|p2a: MMMMAYBACH|Air Slash|p1a: Audino
|-damage|p1a: Audino|75/100
|
|upkeep
|turn|58
|inactive|AY YUH NEIDER YUH has 120 seconds left.
|
|t:|1631381221
|move|p2a: MMMMAYBACH|U-turn|p1a: Audino
|-damage|p1a: Audino|56/100
|
|t:|1631381232
|switch|p2a: CLB>DONDA|Charizard, M|39/100|[from]move: U-turn
|move|p1a: Audino|Wish|p1a: Audino
|
|upkeep
|turn|59
|inactive|Lambovino has 150 seconds left.
|inactive|Lambovino has 120 seconds left.
|c|☆AY YUH NEIDER YUH|!calc
|c| AY YUH NEIDER YUH|/raw <div class="infobox">Pok&eacute;mon Showdown! damage calculator. (Courtesy of Honko &amp; Austin)<br />- <a href="https://calc.pokemonshowdown.com/index.html">Damage Calculator</a></div>
|
|t:|1631381308
|move|p2a: CLB>DONDA|Toxic|p1a: Audino
|-status|p1a: Audino|tox
|move|p1a: Audino|Knock Off|p2a: CLB>DONDA
|-damage|p2a: CLB>DONDA|19/100
|-enditem|p2a: CLB>DONDA|Heavy-Duty Boots|[from] move: Knock Off|[of] p1a: Audino
|
|-heal|p1a: Audino|100/100 tox|[from] move: Wish|[wisher] Audino
|-damage|p1a: Audino|94/100 tox|[from] psn
|upkeep
|turn|60
|inactive|AY YUH NEIDER YUH has 90 seconds left.
|
|t:|1631381334
|move|p2a: CLB>DONDA|Flamethrower|p1a: Audino
|-damage|p1a: Audino|53/100 tox
|move|p1a: Audino|Wish|p1a: Audino
|
|-damage|p1a: Audino|41/100 tox|[from] psn
|upkeep
|turn|61
|inactive|Lambovino has 90 seconds left.
|
|t:|1631381386
|switch|p1a: Whimsicott|Whimsicott, M|43/100
|-damage|p1a: Whimsicott|31/100|[from] Stealth Rock
|move|p2a: CLB>DONDA|Flamethrower|p1a: Whimsicott
|-supereffective|p1a: Whimsicott
|-damage|p1a: Whimsicott|0 fnt
|faint|p1a: Whimsicott
|
|upkeep
|
|t:|1631381390
|switch|p1a: Archeops|Archeops, M|39/100
|turn|62
|inactive|AY YUH NEIDER YUH has 90 seconds left.
|
|t:|1631381419
|switch|p2a: DAK ATTACK|Druddigon, M|17/100
|-status|p2a: DAK ATTACK|psn
|move|p1a: Archeops|Roost|p1a: Archeops
|-heal|p1a: Archeops|90/100
|-singleturn|p1a: Archeops|move: Roost
|
|-damage|p2a: DAK ATTACK|4/100 psn|[from] psn
|upkeep
|turn|63
|
|t:|1631381428
|move|p1a: Archeops|Earthquake|p2a: DAK ATTACK
|-damage|p2a: DAK ATTACK|0 fnt
|faint|p2a: DAK ATTACK
|
|upkeep
|
|t:|1631381432
|switch|p2a: STRIKE TWICE|Scrafty, M|81/100
|-status|p2a: STRIKE TWICE|psn
|turn|64
|inactive|Lambovino has 90 seconds left.
|inactive|AY YUH NEIDER YUH has 90 seconds left.
|
|t:|1631381441
|switch|p1a: Quagsire|Quagsire, F|68/100
|-damage|p1a: Quagsire|62/100|[from] Stealth Rock
|move|p2a: STRIKE TWICE|Drain Punch|p1a: Quagsire
|-damage|p1a: Quagsire|44/100
|-heal|p2a: STRIKE TWICE|91/100 psn|[from] drain|[of] p1a: Quagsire
|
|-damage|p2a: STRIKE TWICE|79/100 psn|[from] psn
|upkeep
|turn|65
|inactive|AY YUH NEIDER YUH has 90 seconds left.
|inactive|AY YUH NEIDER YUH has 60 seconds left.
|
|t:|1631381510
|switch|p2a: MMMMAYBACH|Archeops, F|66/100
|move|p1a: Quagsire|Recover|p1a: Quagsire
|-heal|p1a: Quagsire|94/100
|
|upkeep
|turn|66
|inactive|Lambovino has 90 seconds left.
|
|t:|1631381541
|move|p2a: MMMMAYBACH|Air Slash|p1a: Quagsire
|-damage|p1a: Quagsire|56/100
|move|p1a: Quagsire|Scald|p2a: MMMMAYBACH
|-supereffective|p2a: MMMMAYBACH
|-damage|p2a: MMMMAYBACH|6/100
|
|upkeep
|turn|67
|
|t:|1631381555
|move|p2a: MMMMAYBACH|U-turn|p1a: Quagsire
|-damage|p1a: Quagsire|48/100
|
|t:|1631381558
|switch|p2a: DOES NOT|Tsareena, F|64/100 psn|[from]move: U-turn
|move|p1a: Quagsire|Recover|p1a: Quagsire
|-heal|p1a: Quagsire|98/100
|
|-damage|p2a: DOES NOT|52/100 psn|[from] psn
|upkeep
|turn|68
|
|t:|1631381567
|switch|p2a: CLB>DONDA|Charizard, M|19/100
|switch|p1a: Weezing|Weezing, F|50/100
|-ability|p1a: Weezing|Neutralizing Gas
|-damage|p1a: Weezing|38/100|[from] Stealth Rock
|
|upkeep
|turn|69
|inactive|AY YUH NEIDER YUH has 60 seconds left.
|
|t:|1631381583
|-end|p1a: Weezing|ability: Neutralizing Gas
|switch|p1a: Archeops|Archeops, M|90/100
|move|p2a: CLB>DONDA|Flamethrower|p1a: Archeops
|-resisted|p1a: Archeops
|-damage|p1a: Archeops|42/100
|
|upkeep
|turn|70
|
|t:|1631381596
|switch|p2a: STRIKE TWICE|Scrafty, M|79/100 psn
|move|p1a: Archeops|Stealth Rock|p2a: STRIKE TWICE
|-sidestart|p2: AY YUH NEIDER YUH|move: Stealth Rock
|
|-damage|p2a: STRIKE TWICE|67/100 psn|[from] psn
|upkeep
|turn|71
|inactive|AY YUH NEIDER YUH has 60 seconds left.
|inactive|Lambovino has 90 seconds left.
|inactive|Lambovino has 60 seconds left.
|
|t:|1631381659
|switch|p1a: Weezing|Weezing, F|38/100
|-ability|p1a: Weezing|Neutralizing Gas
|-damage|p1a: Weezing|26/100|[from] Stealth Rock
|move|p2a: STRIKE TWICE|Drain Punch|p1a: Weezing
|-resisted|p1a: Weezing
|-damage|p1a: Weezing|18/100
|-heal|p2a: STRIKE TWICE|71/100 psn|[from] drain|[of] p1a: Weezing
|
|-damage|p2a: STRIKE TWICE|58/100 psn|[from] psn
|upkeep
|turn|72
|inactive|Lambovino has 60 seconds left.
|inactive|AY YUH NEIDER YUH has 60 seconds left.
|
|t:|1631381669
|switch|p2a: MMMMAYBACH|Archeops, F|6/100
|move|p1a: Weezing|Pain Split|p2a: MMMMAYBACH
|-sethp|p2a: MMMMAYBACH|13/100|[from] move: Pain Split|[silent]
|-sethp|p1a: Weezing|12/100|[from] move: Pain Split
|
|upkeep
|turn|73
|inactive|Lambovino has 60 seconds left.
|inactive|AY YUH NEIDER YUH has 60 seconds left.
|
|t:|1631381690
|-end|p1a: Weezing|ability: Neutralizing Gas
|switch|p1a: Audino|Audino, M|74/100 tox
|move|p2a: MMMMAYBACH|U-turn|p1a: Audino
|-damage|p1a: Audino|65/100 tox
|inactive|AY YUH NEIDER YUH has 60 seconds left.
|
|t:|1631381695
|switch|p2a: STRIKE TWICE|Scrafty, M|58/100 psn|[from]move: U-turn
|-damage|p2a: STRIKE TWICE|52/100 psn|[from] Stealth Rock
|
|-activate|p2a: STRIKE TWICE|ability: Shed Skin
|-curestatus|p2a: STRIKE TWICE|psn|[msg]
|-damage|p1a: Audino|59/100 tox|[from] psn
|upkeep
|turn|74
|
|t:|1631381699
|switch|p1a: Quagsire|Quagsire, F|98/100
|-damage|p1a: Quagsire|92/100|[from] Stealth Rock
|move|p2a: STRIKE TWICE|Drain Punch|p1a: Quagsire
|-damage|p1a: Quagsire|73/100
|-heal|p2a: STRIKE TWICE|64/100|[from] drain|[of] p1a: Quagsire
|
|upkeep
|turn|75
|
|t:|1631381707
|move|p2a: STRIKE TWICE|Drain Punch|p1a: Quagsire
|-damage|p1a: Quagsire|54/100
|-heal|p2a: STRIKE TWICE|74/100|[from] drain|[of] p1a: Quagsire
|move|p1a: Quagsire|Scald|p2a: STRIKE TWICE
|-crit|p2a: STRIKE TWICE
|-damage|p2a: STRIKE TWICE|50/100
|-status|p2a: STRIKE TWICE|brn
|
|-damage|p2a: STRIKE TWICE|44/100 brn|[from] brn
|upkeep
|turn|76
|
|t:|1631381714
|move|p2a: STRIKE TWICE|Rest|p2a: STRIKE TWICE
|-status|p2a: STRIKE TWICE|slp|[from] move: Rest
|-heal|p2a: STRIKE TWICE|100/100 slp|[silent]
|move|p1a: Quagsire|Recover|p1a: Quagsire
|-heal|p1a: Quagsire|100/100
|
|upkeep
|turn|77
|
|t:|1631381724
|cant|p2a: STRIKE TWICE|slp
|move|p1a: Quagsire|Scald|p2a: STRIKE TWICE
|-damage|p2a: STRIKE TWICE|87/100 slp
|
|upkeep
|turn|78
|inactive|AY YUH NEIDER YUH has 90 seconds left.
|
|t:|1631381729
|cant|p2a: STRIKE TWICE|slp
|move|p1a: Quagsire|Curse|p1a: Quagsire
|-unboost|p1a: Quagsire|spe|1
|-boost|p1a: Quagsire|atk|1
|-boost|p1a: Quagsire|def|1
|
|upkeep
|turn|79
|
|t:|1631381734
|switch|p2a: MMMMAYBACH|Archeops, F|13/100
|move|p1a: Quagsire|Curse|p1a: Quagsire
|-unboost|p1a: Quagsire|spe|1
|-boost|p1a: Quagsire|atk|1
|-boost|p1a: Quagsire|def|1
|
|upkeep
|turn|80
|inactive|Lambovino has 90 seconds left.
|inactive|Lambovino has 60 seconds left.
|inactive|Lambovino has 30 seconds left.
|
|t:|1631381833
|move|p2a: MMMMAYBACH|Air Slash|p1a: Quagsire
|-damage|p1a: Quagsire|83/100
|cant|p1a: Quagsire|flinch
|
|upkeep
|turn|81
|inactive|Lambovino has 30 seconds left.
|
|t:|1631381839
|move|p2a: MMMMAYBACH|Roost|p2a: MMMMAYBACH
|-heal|p2a: MMMMAYBACH|63/100
|-singleturn|p2a: MMMMAYBACH|move: Roost
|move|p1a: Quagsire|Curse|p1a: Quagsire
|-unboost|p1a: Quagsire|spe|1
|-boost|p1a: Quagsire|atk|1
|-boost|p1a: Quagsire|def|1
|
|upkeep
|turn|82
|inactive|AY YUH NEIDER YUH has 120 seconds left.
|
|t:|1631381848
|move|p2a: MMMMAYBACH|Air Slash|p1a: Quagsire
|-damage|p1a: Quagsire|48/100
|move|p1a: Quagsire|Recover|p1a: Quagsire
|-heal|p1a: Quagsire|98/100
|
|upkeep
|turn|83
|
|t:|1631381852
|move|p2a: MMMMAYBACH|Air Slash|p1a: Quagsire
|-crit|p1a: Quagsire
|-damage|p1a: Quagsire|39/100
|cant|p1a: Quagsire|flinch
|
|upkeep
|turn|84
|
|t:|1631381858
|move|p2a: MMMMAYBACH|Air Slash|p1a: Quagsire
|-damage|p1a: Quagsire|2/100
|move|p1a: Quagsire|Recover|p1a: Quagsire
|-heal|p1a: Quagsire|52/100
|
|upkeep
|turn|85
|inactive|Lambovino has 60 seconds left.
|
|t:|1631381866
|switch|p1a: Audino|Audino, M|92/100 tox
|move|p2a: MMMMAYBACH|Air Slash|p1a: Audino
|-damage|p1a: Audino|68/100 tox
|
|-damage|p1a: Audino|62/100 tox|[from] psn
|upkeep
|turn|86
|inactive|AY YUH NEIDER YUH has 150 seconds left.
|
|t:|1631381890
|move|p2a: MMMMAYBACH|Air Slash|p1a: Audino
|-damage|p1a: Audino|36/100 tox
|move|p1a: Audino|Wish|p1a: Audino
|
|-damage|p1a: Audino|24/100 tox|[from] psn
|upkeep
|turn|87
|inactive|Lambovino has 60 seconds left.
|inactive|AY YUH NEIDER YUH has 120 seconds left.
|
|t:|1631381916
|switch|p2a: LIGHTNING|Togedemaru, M|60/100
|-damage|p2a: LIGHTNING|54/100|[from] Stealth Rock
|switch|p1a: Archeops|Archeops, M|42/100
|
|-heal|p1a: Archeops|100/100|[from] move: Wish|[wisher] Audino
|upkeep
|turn|88
|inactive|AY YUH NEIDER YUH has 120 seconds left.
|
|t:|1631381930
|switch|p2a: MMMMAYBACH|Archeops, F|63/100
|move|p1a: Archeops|Earthquake|p2a: MMMMAYBACH
|-immune|p2a: MMMMAYBACH
|
|upkeep
|turn|89
|inactive|AY YUH NEIDER YUH has 120 seconds left.
|
|t:|1631381956
|move|p2a: MMMMAYBACH|Air Slash|p1a: Archeops
|-resisted|p1a: Archeops
|-damage|p1a: Archeops|72/100
|move|p1a: Archeops|Stone Edge|p2a: MMMMAYBACH|[miss]
|-miss|p1a: Archeops|p2a: MMMMAYBACH
|
|upkeep
|turn|90
|
|t:|1631381965
|switch|p2a: LIGHTNING|Togedemaru, M|54/100
|-damage|p2a: LIGHTNING|48/100|[from] Stealth Rock
|move|p1a: Archeops|Roost|p1a: Archeops
|-heal|p1a: Archeops|100/100
|-singleturn|p1a: Archeops|move: Roost
|
|upkeep
|turn|91
|
|t:|1631381972
|switch|p2a: MMMMAYBACH|Archeops, F|63/100
|move|p1a: Archeops|Earthquake|p2a: MMMMAYBACH
|-immune|p2a: MMMMAYBACH
|
|upkeep
|turn|92
|inactive|AY YUH NEIDER YUH has 120 seconds left.
|
|t:|1631381979
|move|p1a: Archeops|Stone Edge|p2a: MMMMAYBACH
|-supereffective|p2a: MMMMAYBACH
|-damage|p2a: MMMMAYBACH|0 fnt
|faint|p2a: MMMMAYBACH
|
|upkeep
|
|t:|1631381982
|switch|p2a: STRIKE TWICE|Scrafty, M|87/100 slp
|-damage|p2a: STRIKE TWICE|81/100 slp|[from] Stealth Rock
|turn|93
|
|t:|1631381994
|switch|p1a: Quagsire|Quagsire, F|52/100
|-damage|p1a: Quagsire|46/100|[from] Stealth Rock
|switch|p2a: DOES NOT|Tsareena, F|52/100 psn
|-damage|p2a: DOES NOT|40/100 psn|[from] Stealth Rock
|
|-damage|p2a: DOES NOT|27/100 psn|[from] psn
|upkeep
|turn|94
|
|t:|1631382008
|switch|p1a: Weezing|Weezing, F|12/100
|-ability|p1a: Weezing|Neutralizing Gas
|-damage|p1a: Weezing|0 fnt|[from] Stealth Rock
|faint|p1a: Weezing
|-end|p1a: Weezing|ability: Neutralizing Gas
|move|p2a: DOES NOT|Aromatherapy|p2a: DOES NOT
|-activate|p2a: DOES NOT|move: Aromatherapy
|-curestatus|p2a: DOES NOT|psn|[msg]
|-curestatus|p2: STRIKE TWICE|slp|[msg]
|
|upkeep
|
|t:|1631382011
|switch|p1a: Archeops|Archeops, M|100/100
|turn|95
|inactive|Lambovino has 120 seconds left.
|inactive|AY YUH NEIDER YUH has 120 seconds left.
|inactive|Lambovino has 90 seconds left.
|inactive|AY YUH NEIDER YUH has 90 seconds left.
|
|t:|1631382078
|switch|p1a: Quagsire|Quagsire, F|46/100
|-damage|p1a: Quagsire|40/100|[from] Stealth Rock
|switch|p2a: LIGHTNING|Togedemaru, M|48/100
|-damage|p2a: LIGHTNING|42/100|[from] Stealth Rock
|
|upkeep
|turn|96
|
|t:|1631382099
|move|p2a: LIGHTNING|Wish|p2a: LIGHTNING
|move|p1a: Quagsire|Curse|p1a: Quagsire
|-unboost|p1a: Quagsire|spe|1
|-boost|p1a: Quagsire|atk|1
|-boost|p1a: Quagsire|def|1
|
|upkeep
|turn|97
|inactive|Lambovino has 60 seconds left.
|inactive|AY YUH NEIDER YUH has 60 seconds left.
|inactive|Lambovino has 30 seconds left.
|inactive|AY YUH NEIDER YUH has 30 seconds left.
|inactive|Lambovino has 20 seconds left.
|inactive|AY YUH NEIDER YUH has 20 seconds left.
|inactive|AY YUH NEIDER YUH has 15 seconds left.
|
|t:|1631382168
|switch|p2a: CLB>DONDA|Charizard, M|19/100
|-damage|p2a: CLB>DONDA|0 fnt|[from] Stealth Rock
|faint|p2a: CLB>DONDA
|move|p1a: Quagsire|Recover|p1a: Quagsire
|-heal|p1a: Quagsire|90/100
|
|upkeep
|inactive|Lambovino has 25 seconds left this turn.
|inactive|AY YUH NEIDER YUH has 20 seconds left this turn.
|
|t:|1631382171
|switch|p2a: DOES NOT|Tsareena, F|27/100
|-status|p2a: DOES NOT|psn
|-damage|p2a: DOES NOT|15/100 psn|[from] Stealth Rock
|turn|98
|inactive|AY YUH NEIDER YUH has 30 seconds left this turn.
|inactive|Lambovino has 30 seconds left.
|inactive|AY YUH NEIDER YUH has 20 seconds left.
|inactive|Lambovino has 20 seconds left.
|inactive|Lambovino disconnected and has 300 seconds to reconnect!
|player|p1|
|inactive|Lambovino reconnected and has 20 seconds left.
|player|p1|Lambovino|#scl1terrors
|inactive|Lambovino has 15 seconds left.
|
|t:|1631382204
|switch|p1a: Audino|Audino, M|57/100 tox
|move|p2a: DOES NOT|Rapid Spin|p1a: Audino
|-damage|p1a: Audino|42/100 tox
|-boost|p2a: DOES NOT|spe|1
|-sideend|p2: AY YUH NEIDER YUH|Toxic Spikes|[from] move: Rapid Spin|[of] p2a: DOES NOT
|-sideend|p2: AY YUH NEIDER YUH|Stealth Rock|[from] move: Rapid Spin|[of] p2a: DOES NOT
|
|-damage|p2a: DOES NOT|3/100 psn|[from] psn
|-damage|p1a: Audino|36/100 tox|[from] psn
|upkeep
|turn|99
|inactive|Lambovino has 25 seconds left this turn.
|inactive|AY YUH NEIDER YUH has 30 seconds left this turn.
|inactive|AY YUH NEIDER YUH has 20 seconds left.
|inactive|AY YUH NEIDER YUH has 15 seconds left.
|inactive|AY YUH NEIDER YUH has 10 seconds left.
|
|t:|1631382226
|switch|p2a: LIGHTNING|Togedemaru, M|42/100
|move|p1a: Audino|Knock Off|p2a: LIGHTNING
|-damage|p2a: LIGHTNING|28/100
|
|-damage|p1a: Audino|24/100 tox|[from] psn
|upkeep
|turn|100
|inactive|AY YUH NEIDER YUH has 20 seconds left this turn.
|inactive|AY YUH NEIDER YUH has 15 seconds left.
|inactive|Lambovino has 30 seconds left.
|inactive|AY YUH NEIDER YUH has 10 seconds left.
|
|t:|1631382237
|move|p2a: LIGHTNING|U-turn|p1a: Audino
|-damage|p1a: Audino|9/100 tox
|inactive|AY YUH NEIDER YUH has 15 seconds left this turn.
|
|t:|1631382239
|switch|p2a: STRIKE TWICE|Scrafty, M|81/100|[from]move: U-turn
|move|p1a: Audino|Wish|p1a: Audino
|
|-damage|p1a: Audino|0 fnt|[from] psn
|faint|p1a: Audino
|upkeep
|inactive|AY YUH NEIDER YUH has 20 seconds left this turn.
|
|t:|1631382243
|switch|p1a: Quagsire|Quagsire, F|90/100
|-damage|p1a: Quagsire|84/100|[from] Stealth Rock
|turn|101
|inactive|AY YUH NEIDER YUH has 30 seconds left this turn.
|inactive|AY YUH NEIDER YUH has 20 seconds left.
|
|t:|1631382256
|switch|p2a: LIGHTNING|Togedemaru, M|28/100
|move|p1a: Quagsire|Curse|p1a: Quagsire
|-unboost|p1a: Quagsire|spe|1
|-boost|p1a: Quagsire|atk|1
|-boost|p1a: Quagsire|def|1
|
|-heal|p1a: Quagsire|100/100|[from] move: Wish|[wisher] Audino
|upkeep
|turn|102
|inactive|AY YUH NEIDER YUH has 30 seconds left this turn.
|
|t:|1631382279
|switch|p1a: Archeops|Archeops, M|100/100
|move|p2a: LIGHTNING|Wish|p2a: LIGHTNING
|
|upkeep
|turn|103
|inactive|AY YUH NEIDER YUH has 30 seconds left.
|
|t:|1631382289
|switch|p2a: DOES NOT|Tsareena, F|3/100 psn
|move|p1a: Archeops|Earthquake|p2a: DOES NOT
|-resisted|p2a: DOES NOT
|-damage|p2a: DOES NOT|0 fnt
|faint|p2a: DOES NOT
|
|upkeep
|inactive|AY YUH NEIDER YUH has 30 seconds left this turn.
|
|t:|1631382294
|switch|p2a: STRIKE TWICE|Scrafty, M|81/100
|turn|104
|
|t:|1631382298
|switch|p1a: Quagsire|Quagsire, F|100/100
|-damage|p1a: Quagsire|94/100|[from] Stealth Rock
|move|p2a: STRIKE TWICE|Bulk Up|p2a: STRIKE TWICE
|-boost|p2a: STRIKE TWICE|atk|1
|-boost|p2a: STRIKE TWICE|def|1
|
|upkeep
|turn|105
|c|☆Lambovino|gg
|
|t:|1631382305
|move|p2a: STRIKE TWICE|Drain Punch|p1a: Quagsire
|-damage|p1a: Quagsire|75/100
|-heal|p2a: STRIKE TWICE|92/100|[from] drain|[of] p1a: Quagsire
|move|p1a: Quagsire|Curse|p1a: Quagsire
|-unboost|p1a: Quagsire|spe|1
|-boost|p1a: Quagsire|atk|1
|-boost|p1a: Quagsire|def|1
|
|upkeep
|turn|106
|
|t:|1631382321
|move|p2a: STRIKE TWICE|Knock Off|p1a: Quagsire
|-damage|p1a: Quagsire|65/100
|move|p1a: Quagsire|Recover|p1a: Quagsire
|-heal|p1a: Quagsire|100/100
|
|upkeep
|turn|107
|
|t:|1631382327
|move|p2a: STRIKE TWICE|Knock Off|p1a: Quagsire
|-damage|p1a: Quagsire|90/100
|move|p1a: Quagsire|Curse|p1a: Quagsire
|-unboost|p1a: Quagsire|spe|1
|-boost|p1a: Quagsire|atk|1
|-boost|p1a: Quagsire|def|1
|
|upkeep
|turn|108
|
|t:|1631382333
|move|p2a: STRIKE TWICE|Knock Off|p1a: Quagsire
|-damage|p1a: Quagsire|82/100
|move|p1a: Quagsire|Earthquake|p2a: STRIKE TWICE
|-damage|p2a: STRIKE TWICE|35/100
|
|upkeep
|turn|109
|
|t:|1631382338
|move|p2a: STRIKE TWICE|Rest|p2a: STRIKE TWICE
|-status|p2a: STRIKE TWICE|slp|[from] move: Rest
|-heal|p2a: STRIKE TWICE|100/100 slp|[silent]
|move|p1a: Quagsire|Earthquake|p2a: STRIKE TWICE
|-damage|p2a: STRIKE TWICE|42/100 slp
|
|upkeep
|turn|110
|
|t:|1631382344
|cant|p2a: STRIKE TWICE|slp
|move|p1a: Quagsire|Earthquake|p2a: STRIKE TWICE
|-damage|p2a: STRIKE TWICE|0 fnt
|faint|p2a: STRIKE TWICE
|
|upkeep
|
|t:|1631382349
|switch|p2a: LIGHTNING|Togedemaru, M|28/100
|turn|111
|
|t:|1631382354
|move|p2a: LIGHTNING|Iron Head|p1a: Quagsire
|-resisted|p1a: Quagsire
|-damage|p1a: Quagsire|77/100
|move|p1a: Quagsire|Earthquake|p2a: LIGHTNING
|-supereffective|p2a: LIGHTNING
|-damage|p2a: LIGHTNING|0 fnt
|faint|p2a: LIGHTNING
|
|win|Lambovino
|c|☆AY YUH NEIDER YUH|gg
|player|p2|AY YUH NEIDER YUH|#splxiicryonicles
