|inactive|Battle timer is ON: inactive players will automatically lose when time's up.
|t:|1658649697
|gametype|singles
|player|p1|sugar ovens|twins|
|player|p2|chlo|#chlo|
|teamsize|p1|6
|teamsize|p2|6
|gen|8
|tier|[Gen 8] PU
|rule|Sleep Clause Mod: Limit one foe put to sleep
|rule|Species Clause: Limit one of each Pokémon
|rule|OHKO Clause: OHKO moves are banned
|rule|Evasion Moves Clause: Evasion moves are banned
|rule|Endless Battle Clause: Forcing endless battles is banned
|rule|HP Percentage Mod: HP is shown in percentages
|rule|Dynamax Clause: You cannot dynamax
|clearpoke
|poke|p1|Arctovish|
|poke|p1|Scyther, F|
|poke|p1|Doublade, M|
|poke|p1|Gigalith, M|
|poke|p1|Sandslash, M|
|poke|p1|Scrafty, M|
|poke|p2|Archeops, F|
|poke|p2|Whimsicott, F|
|poke|p2|Wishiwashi, F|
|poke|p2|Sandslash, F|
|poke|p2|Doublade, M|
|poke|p2|Miltank, F|
|teampreview
|inactive|sugar ovens has 270 seconds left.
|inactive|chlo has 270 seconds left.
|c|☆sugar ovens|gl, hf
|c|+LordST|chlonk
|c|☆chlo|u2, u2
|inactive|sugar ovens has 240 seconds left.
|inactive|chlo has 240 seconds left.
|
|t:|1658649760
|start
|switch|p1a: Gigalith|Gigalith, M|100/100
|switch|p2a: Archeops|Archeops, F|100/100
|-weather|Sandstorm|[from] ability: Sand Stream|[of] p1a: Gigalith
|turn|1
|
|t:|1658649768
|move|p2a: Archeops|U-turn|p1a: Gigalith
|-damage|p1a: Gigalith|83/100
|
|t:|1658649771
|switch|p2a: Sandslash|Sandslash, F|100/100|[from]move: U-turn
|move|p1a: Gigalith|Stealth Rock|p2a: Sandslash
|-sidestart|p2: chlo|move: Stealth Rock
|
|-weather|Sandstorm|[upkeep]
|-heal|p1a: Gigalith|89/100|[from] item: Leftovers
|upkeep
|turn|2
|
|t:|1658649782
|switch|p1a: Scrafty|Scrafty, M|100/100
|move|p2a: Sandslash|Spikes|p1a: Scrafty
|-sidestart|p1: sugar ovens|Spikes
|
|-weather|Sandstorm|[upkeep]
|-damage|p1a: Scrafty|95/100|[from] Sandstorm
|-heal|p1a: Scrafty|100/100|[from] item: Leftovers
|upkeep
|turn|3
|
|t:|1658649794
|move|p2a: Sandslash|Rapid Spin|p1a: Scrafty
|-damage|p1a: Scrafty|90/100
|-boost|p2a: Sandslash|spe|1
|-sideend|p2: chlo|Stealth Rock|[from] move: Rapid Spin|[of] p2a: Sandslash
|move|p1a: Scrafty|Knock Off|p2a: Sandslash
|-damage|p2a: Sandslash|79/100
|-enditem|p2a: Sandslash|Leftovers|[from] move: Knock Off|[of] p1a: Scrafty
|
|-weather|Sandstorm|[upkeep]
|-damage|p1a: Scrafty|84/100|[from] Sandstorm
|-heal|p1a: Scrafty|90/100|[from] item: Leftovers
|upkeep
|turn|4
|inactive|chlo has 270 seconds left.
|
|t:|1658649832
|switch|p2a: Wishiwashi|Wishiwashi, F|100/100
|-formechange|p2a: Wishiwashi|Wishiwashi-School||[from] ability: Schooling
|move|p1a: Scrafty|Knock Off|p2a: Wishiwashi
|-damage|p2a: Wishiwashi|79/100
|-enditem|p2a: Wishiwashi|Leftovers|[from] move: Knock Off|[of] p1a: Scrafty
|
|-weather|Sandstorm|[upkeep]
|-damage|p1a: Scrafty|84/100|[from] Sandstorm
|-damage|p2a: Wishiwashi|73/100|[from] Sandstorm
|-heal|p1a: Scrafty|90/100|[from] item: Leftovers
|upkeep
|turn|5
|inactive|chlo has 270 seconds left.
|
|t:|1658649854
|move|p1a: Scrafty|Drain Punch|p2a: Wishiwashi
|-damage|p2a: Wishiwashi|54/100
|-heal|p1a: Scrafty|98/100|[from] drain|[of] p2a: Wishiwashi
|move|p2a: Wishiwashi|U-turn|p1a: Scrafty
|-damage|p1a: Scrafty|79/100
|
|t:|1658649861
|switch|p2a: Whimsicott|Whimsicott, F|100/100|[from]move: U-turn
|
|-weather|none
|-heal|p1a: Scrafty|85/100|[from] item: Leftovers
|upkeep
|turn|6
|inactive|chlo has 270 seconds left.
|
|t:|1658649876
|switch|p1a: Gigalith|Gigalith, M|89/100
|-damage|p1a: Gigalith|77/100|[from] Spikes
|-weather|Sandstorm|[from] ability: Sand Stream|[of] p1a: Gigalith
|move|p2a: Whimsicott|Moonblast|p1a: Gigalith
|-damage|p1a: Gigalith|52/100
|
|-weather|Sandstorm|[upkeep]
|-damage|p2a: Whimsicott|94/100|[from] Sandstorm
|-heal|p1a: Gigalith|58/100|[from] item: Leftovers
|upkeep
|turn|7
|inactive|chlo has 270 seconds left.
|inactive|sugar ovens has 270 seconds left.
|inactive|chlo has 240 seconds left.
|
|t:|1658649911
|switch|p2a: Sandslash|Sandslash, F|79/100
|move|p1a: Gigalith|Stealth Rock|p2a: Sandslash
|-sidestart|p2: chlo|move: Stealth Rock
|
|-weather|Sandstorm|[upkeep]
|-heal|p1a: Gigalith|64/100|[from] item: Leftovers
|upkeep
|turn|8
|
|t:|1658649920
|switch|p1a: Arctovish|Arctovish|100/100
|-damage|p1a: Arctovish|88/100|[from] Spikes
|move|p2a: Sandslash|Knock Off|p1a: Arctovish
|-damage|p1a: Arctovish|66/100
|-enditem|p1a: Arctovish|Leftovers|[from] move: Knock Off|[of] p2a: Sandslash
|
|-weather|Sandstorm|[upkeep]
|-damage|p1a: Arctovish|60/100|[from] Sandstorm
|upkeep
|turn|9
|inactive|chlo has 240 seconds left.
|
|t:|1658649960
|move|p2a: Sandslash|Earthquake|p1a: Arctovish
|-damage|p1a: Arctovish|23/100
|move|p1a: Arctovish|Fishious Rend|p2a: Sandslash
|-supereffective|p2a: Sandslash
|-damage|p2a: Sandslash|28/100
|
|-weather|Sandstorm|[upkeep]
|-damage|p1a: Arctovish|17/100|[from] Sandstorm
|upkeep
|turn|10
|c|+termiii|that fish weak as hell
|inactive|sugar ovens has 270 seconds left.
|inactive|chlo has 210 seconds left.
|c|+LordST|vish
|inactive|sugar ovens has 240 seconds left.
|inactive|sugar ovens has 210 seconds left.
|
|t:|1658650056
|switch|p1a: Scrafty|Scrafty, M|85/100
|-damage|p1a: Scrafty|72/100|[from] Spikes
|move|p2a: Sandslash|Earthquake|p1a: Scrafty
|-damage|p1a: Scrafty|44/100
|
|-weather|none
|-heal|p1a: Scrafty|50/100|[from] item: Leftovers
|upkeep
|turn|11
|inactive|chlo has 210 seconds left.
|
|t:|1658650063
|move|p2a: Sandslash|Rapid Spin|p1a: Scrafty
|-damage|p1a: Scrafty|39/100
|-boost|p2a: Sandslash|spe|1
|-sideend|p2: chlo|Stealth Rock|[from] move: Rapid Spin|[of] p2a: Sandslash
|move|p1a: Scrafty|Bulk Up|p1a: Scrafty
|-boost|p1a: Scrafty|atk|1
|-boost|p1a: Scrafty|def|1
|
|-heal|p1a: Scrafty|45/100|[from] item: Leftovers
|upkeep
|turn|12
|inactive|chlo has 210 seconds left.
|
|t:|1658650077
|switch|p2a: Whimsicott|Whimsicott, F|94/100
|move|p1a: Scrafty|Knock Off|p2a: Whimsicott
|-resisted|p2a: Whimsicott
|-damage|p2a: Whimsicott|63/100
|-enditem|p2a: Whimsicott|Choice Specs|[from] move: Knock Off|[of] p1a: Scrafty
|
|-heal|p1a: Scrafty|51/100|[from] item: Leftovers
|upkeep
|turn|13
|inactive|chlo has 210 seconds left.
|
|t:|1658650107
|switch|p1a: Doublade|Doublade, M|100/100
|-damage|p1a: Doublade|88/100|[from] Spikes
|move|p2a: Whimsicott|Energy Ball|p1a: Doublade
|-resisted|p1a: Doublade
|-damage|p1a: Doublade|67/100
|-unboost|p1a: Doublade|spd|1
|
|upkeep
|turn|14
|inactive|chlo has 210 seconds left.
|inactive|sugar ovens has 180 seconds left.
|
|t:|1658650145
|move|p2a: Whimsicott|Shadow Ball|p1a: Doublade
|-supereffective|p1a: Doublade
|-damage|p1a: Doublade|0 fnt
|faint|p1a: Doublade
|
|upkeep
|
|t:|1658650151
|switch|p1a: Scyther|Scyther, F|100/100
|turn|15
|inactive|chlo has 210 seconds left.
|inactive|chlo has 180 seconds left.
|
|t:|1658650189
|switch|p2a: Archeops|Archeops, F|100/100
|move|p1a: Scyther|Dual Wingbeat|p2a: Archeops
|-resisted|p2a: Archeops
|-damage|p2a: Archeops|77/100
|-resisted|p2a: Archeops
|-damage|p2a: Archeops|55/100
|-hitcount|p2a: Archeops|2
|
|upkeep
|turn|16
|inactive|chlo has 180 seconds left.
|
|t:|1658650206
|switch|p1a: Sandslash|Sandslash, M|100/100
|move|p2a: Archeops|Roost|p2a: Archeops
|-heal|p2a: Archeops|100/100
|-singleturn|p2a: Archeops|move: Roost
|
|upkeep
|turn|17
|inactive|chlo has 180 seconds left.
|
|t:|1658650237
|move|p2a: Archeops|U-turn|p1a: Sandslash
|-damage|p1a: Sandslash|84/100
|
|t:|1658650252
|switch|p2a: Whimsicott|Whimsicott, F|63/100|[from]move: U-turn
|move|p1a: Sandslash|Rapid Spin|p2a: Whimsicott
|-damage|p2a: Whimsicott|46/100
|-boost|p1a: Sandslash|spe|1
|-sideend|p1: sugar ovens|Spikes|[from] move: Rapid Spin|[of] p1a: Sandslash
|
|upkeep
|turn|18
|inactive|chlo has 150 seconds left.
|
|t:|1658650278
|switch|p1a: Scyther|Scyther, F|100/100
|move|p2a: Whimsicott|Moonblast|p1a: Scyther
|-damage|p1a: Scyther|54/100
|
|upkeep
|turn|19
|inactive|chlo has 120 seconds left.
|
|t:|1658650318
|switch|p2a: Miltank|Miltank, F|100/100
|move|p1a: Scyther|Roost|p1a: Scyther
|-heal|p1a: Scyther|100/100
|-singleturn|p1a: Scyther|move: Roost
|
|upkeep
|turn|20
|inactive|sugar ovens has 150 seconds left.
|inactive|sugar ovens has 120 seconds left.
|
|t:|1658650384
|move|p1a: Scyther|U-turn|p2a: Miltank
|-damage|p2a: Miltank|72/100
|
|t:|1658650389
|switch|p1a: Scrafty|Scrafty, M|51/100|[from]move: U-turn
|move|p2a: Miltank|Stealth Rock|p1a: Scrafty
|-sidestart|p1: sugar ovens|move: Stealth Rock
|
|-heal|p2a: Miltank|78/100|[from] item: Leftovers
|-heal|p1a: Scrafty|57/100|[from] item: Leftovers
|upkeep
|turn|21
|inactive|chlo has 120 seconds left.
|
|t:|1658650407
|switch|p2a: Wishiwashi|Wishiwashi, F|54/100
|-formechange|p2a: Wishiwashi|Wishiwashi-School||[from] ability: Schooling
|switch|p1a: Scyther|Scyther, F|100/100
|
|upkeep
|turn|22
|
|t:|1658650421
|switch|p2a: Archeops|Archeops, F|100/100
|move|p1a: Scyther|Knock Off|p2a: Archeops
|-damage|p2a: Archeops|46/100
|-enditem|p2a: Archeops|Heavy-Duty Boots|[from] move: Knock Off|[of] p1a: Scyther
|
|upkeep
|turn|23
|inactive|sugar ovens has 90 seconds left.
|
|t:|1658650456
|switch|p1a: Sandslash|Sandslash, M|84/100
|move|p2a: Archeops|U-turn|p1a: Sandslash
|-damage|p1a: Sandslash|74/100
|
|t:|1658650465
|switch|p2a: Whimsicott|Whimsicott, F|46/100|[from]move: U-turn
|
|upkeep
|turn|24
|
|t:|1658650474
|switch|p1a: Gigalith|Gigalith, M|64/100
|-damage|p1a: Gigalith|52/100|[from] Stealth Rock
|-weather|Sandstorm|[from] ability: Sand Stream|[of] p1a: Gigalith
|move|p2a: Whimsicott|Switcheroo|p1a: Gigalith
|-activate|p2a: Whimsicott|move: Trick|[of] p1a: Gigalith
|-enditem|p1a: Gigalith|Leftovers|[silent]|[from] move: Switcheroo
|-item|p2a: Whimsicott|Leftovers|[from] move: Switcheroo
|
|-weather|Sandstorm|[upkeep]
|-damage|p2a: Whimsicott|40/100|[from] Sandstorm
|-heal|p2a: Whimsicott|46/100|[from] item: Leftovers
|upkeep
|turn|25
|inactive|chlo has 120 seconds left.
|
|t:|1658650488
|switch|p2a: Sandslash|Sandslash, F|28/100
|move|p1a: Gigalith|Stealth Rock|p2a: Sandslash
|-sidestart|p2: chlo|move: Stealth Rock
|
|-weather|Sandstorm|[upkeep]
|upkeep
|turn|26
|inactive|chlo has 120 seconds left.
|
|t:|1658650500
|move|p2a: Sandslash|Earthquake|p1a: Gigalith
|-supereffective|p1a: Gigalith
|-damage|p1a: Gigalith|4/100
|move|p1a: Gigalith|Earthquake|p2a: Sandslash
|-damage|p2a: Sandslash|8/100
|
|-weather|Sandstorm|[upkeep]
|upkeep
|turn|27
|inactive|chlo has 120 seconds left.
|
|t:|1658650515
|move|p2a: Sandslash|Rapid Spin|p1a: Gigalith
|-resisted|p1a: Gigalith
|-damage|p1a: Gigalith|0 fnt
|-boost|p2a: Sandslash|spe|1
|-sideend|p2: chlo|Stealth Rock|[from] move: Rapid Spin|[of] p2a: Sandslash
|faint|p1a: Gigalith
|
|-weather|Sandstorm|[upkeep]
|upkeep
|
|t:|1658650519
|switch|p1a: Sandslash|Sandslash, M|74/100
|turn|28
|inactive|sugar ovens has 120 seconds left.
|inactive|chlo has 120 seconds left.
|inactive|chlo has 90 seconds left.
|
|t:|1658650583
|move|p2a: Sandslash|Spikes|p1a: Sandslash
|-sidestart|p1: sugar ovens|Spikes
|move|p1a: Sandslash|Earthquake|p2a: Sandslash
|-damage|p2a: Sandslash|0 fnt
|faint|p2a: Sandslash
|
|-weather|none
|upkeep
|
|t:|1658650593
|switch|p2a: Whimsicott|Whimsicott, F|46/100
|turn|29
|
|t:|1658650600
|switch|p1a: Scyther|Scyther, F|100/100
|move|p2a: Whimsicott|Energy Ball|p1a: Scyther
|-resisted|p1a: Scyther
|-damage|p1a: Scyther|88/100
|
|-heal|p2a: Whimsicott|52/100|[from] item: Leftovers
|upkeep
|turn|30
|
|t:|1658650609
|switch|p2a: Doublade|Doublade, M|100/100
|move|p1a: Scyther|Dual Wingbeat|p2a: Doublade
|-resisted|p2a: Doublade
|-damage|p2a: Doublade|94/100
|-resisted|p2a: Doublade
|-damage|p2a: Doublade|87/100
|-hitcount|p2a: Doublade|2
|
|upkeep
|turn|31
|inactive|chlo has 90 seconds left.
|
|t:|1658650623
|move|p1a: Scyther|Knock Off|p2a: Doublade
|-supereffective|p2a: Doublade
|-damage|p2a: Doublade|56/100
|-enditem|p2a: Doublade|Eviolite|[from] move: Knock Off|[of] p1a: Scyther
|move|p2a: Doublade|Shadow Claw|p1a: Scyther
|-damage|p1a: Scyther|38/100
|
|upkeep
|turn|32
|inactive|sugar ovens has 150 seconds left.
|inactive|chlo has 90 seconds left.
|
|t:|1658650636
|switch|p1a: Sandslash|Sandslash, M|74/100
|move|p2a: Doublade|Shadow Claw|p1a: Sandslash
|-damage|p1a: Sandslash|49/100
|
|upkeep
|turn|33
|inactive|chlo has 90 seconds left.
|inactive|sugar ovens has 150 seconds left.
|
|t:|1658650675
|move|p1a: Sandslash|Rapid Spin|p2a: Doublade
|-immune|p2a: Doublade
|move|p2a: Doublade|Shadow Claw|p1a: Sandslash
|-crit|p1a: Sandslash
|-damage|p1a: Sandslash|12/100
|
|upkeep
|turn|34
|c|☆sugar ovens|gg
|inactive|chlo has 90 seconds left.
|c|☆chlo|gg
|
|t:|1658650690
|move|p2a: Doublade|Shadow Sneak|p1a: Sandslash
|-damage|p1a: Sandslash|0 fnt
|faint|p1a: Sandslash
|
|upkeep
|
|t:|1658650694
|switch|p1a: Scrafty|Scrafty, M|57/100
|-damage|p1a: Scrafty|51/100|[from] Stealth Rock
|-damage|p1a: Scrafty|39/100|[from] Spikes
|turn|35
|
|t:|1658650698
|move|p1a: Scrafty|Bulk Up|p1a: Scrafty
|-boost|p1a: Scrafty|atk|1
|-boost|p1a: Scrafty|def|1
|move|p2a: Doublade|Close Combat|p1a: Scrafty
|-supereffective|p1a: Scrafty
|-damage|p1a: Scrafty|0 fnt
|-unboost|p2a: Doublade|def|1
|-unboost|p2a: Doublade|spd|1
|faint|p1a: Scrafty
|
|upkeep
|
|t:|1658650701
|switch|p1a: Scyther|Scyther, F|38/100
|turn|36
|
|t:|1658650705
|move|p1a: Scyther|Knock Off|p2a: Doublade
|-supereffective|p2a: Doublade
|-damage|p2a: Doublade|11/100
|move|p2a: Doublade|Shadow Claw|p1a: Scyther
|-damage|p1a: Scyther|0 fnt
|faint|p1a: Scyther
|
|upkeep
|
|t:|1658650708
|switch|p1a: Arctovish|Arctovish|17/100
|-damage|p1a: Arctovish|0 fnt|[from] Stealth Rock
|faint|p1a: Arctovish
|
|win|chlo
