|inactive|Battle timer is ON: inactive players will automatically lose when time's up.
|t:|1626556527
|gametype|singles
|player|p1|Expulso|chuck|
|player|p2|Ktutverde|birdkeeper-gen4dp|
|teamsize|p1|6
|teamsize|p2|6
|gen|8
|tier|[Gen 8] PU
|rule|Sleep Clause Mod: Limit one foe put to sleep
|rule|Species Clause: Limit one of each Pokémon
|rule|OHKO Clause: OHKO moves are banned
|rule|Evasion Moves Clause: Evasion moves are banned
|rule|Endless Battle Clause: Forcing endless battles is banned
|rule|HP Percentage Mod: HP is shown in percentages
|rule|Dynamax Clause: You cannot dynamax
|clearpoke
|poke|p1|Wishiwashi, F|
|poke|p1|Togedemaru, F|
|poke|p1|Weezing, M|
|poke|p1|Ludicolo, M|
|poke|p1|Archeops, F|
|poke|p1|Hitmontop, M|
|poke|p2|Silvally-*|
|poke|p2|Wishiwashi, M|
|poke|p2|Claydol|
|poke|p2|Centiskorch, M|
|poke|p2|Whimsicott, F|
|poke|p2|Aggron, F|
|teampreview
|c|☆Expulso|Gl hf
|c|☆Ktutverde|hf
|inactive|Expulso has 270 seconds left.
|inactive|Ktutverde has 270 seconds left.
|c|+SergioRules|expulsoat
|inactive|Expulso has 240 seconds left.
|inactive|Ktutverde has 240 seconds left.
|c|+ALlCE|exPUlso
|c|+ALlCE|omg??
|c|+avarice|g-go expulso >///<
|inactive|Ktutverde has 210 seconds left.
|inactive|Ktutverde has 180 seconds left.
|
|t:|1626556649
|start
|switch|p1a: Weezing|Weezing, M|100/100
|switch|p2a: Lil Guys Hangin|Wishiwashi, M|100/100
|-formechange|p2a: Lil Guys Hangin|Wishiwashi-School||[from] ability: Schooling
|turn|1
|inactive|Ktutverde has 240 seconds left.
|
|t:|1626556668
|switch|p1a: Wishiwashi|Wishiwashi, F|100/100
|-formechange|p1a: Wishiwashi|Wishiwashi-School||[from] ability: Schooling
|move|p2a: Lil Guys Hangin|Scald|p1a: Wishiwashi
|-resisted|p1a: Wishiwashi
|-damage|p1a: Wishiwashi|84/100
|
|-heal|p1a: Wishiwashi|90/100|[from] item: Leftovers
|upkeep
|turn|2
|inactive|Ktutverde has 240 seconds left.
|c|+wild drud|hi ktut i hope you win
|inactive|Ktutverde has 210 seconds left.
|
|t:|1626556704
|move|p1a: Wishiwashi|Toxic|p2a: Lil Guys Hangin|[miss]
|-miss|p1a: Wishiwashi|p2a: Lil Guys Hangin
|move|p2a: Lil Guys Hangin|Scald|p1a: Wishiwashi
|-resisted|p1a: Wishiwashi
|-damage|p1a: Wishiwashi|74/100
|
|-heal|p1a: Wishiwashi|80/100|[from] item: Leftovers
|upkeep
|turn|3
|inactive|Ktutverde has 210 seconds left.
|c|+SergioRules|f off drud
|
|t:|1626556718
|move|p1a: Wishiwashi|Toxic|p2a: Lil Guys Hangin
|-status|p2a: Lil Guys Hangin|tox
|move|p2a: Lil Guys Hangin|Scald|p1a: Wishiwashi
|-resisted|p1a: Wishiwashi
|-damage|p1a: Wishiwashi|64/100
|
|-heal|p1a: Wishiwashi|70/100|[from] item: Leftovers
|-damage|p2a: Lil Guys Hangin|94/100 tox|[from] psn
|upkeep
|turn|4
|c|+Lockjaw|Whale
|inactive|Ktutverde has 210 seconds left.
|
|t:|1626556740
|move|p1a: Wishiwashi|Scald|p2a: Lil Guys Hangin
|-resisted|p2a: Lil Guys Hangin
|-damage|p2a: Lil Guys Hangin|80/100 tox
|move|p2a: Lil Guys Hangin|U-turn|p1a: Wishiwashi
|-damage|p1a: Wishiwashi|54/100
|inactive|Ktutverde has 210 seconds left.
|
|t:|1626556769
|switch|p2a: Moving Sidewalk|Centiskorch, M|100/100|[from]move: U-turn
|
|-heal|p1a: Wishiwashi|60/100|[from] item: Leftovers
|upkeep
|turn|5
|inactive|Expulso has 270 seconds left.
|inactive|Expulso has 240 seconds left.
|
|t:|1626556827
|switch|p1a: Archeops|Archeops, F|100/100
|move|p2a: Moving Sidewalk|Knock Off|p1a: Archeops
|-damage|p1a: Archeops|43/100
|-enditem|p1a: Archeops|Heavy-Duty Boots|[from] move: Knock Off|[of] p2a: Moving Sidewalk
|
|upkeep
|turn|6
|inactive|Expulso has 240 seconds left.
|inactive|Ktutverde has 180 seconds left.
|inactive|Expulso has 210 seconds left.
|
|t:|1626556879
|switch|p2a: Métalosaure|Aggron, F|100/100
|move|p1a: Archeops|Stealth Rock|p2a: Métalosaure
|-sidestart|p2: Ktutverde|move: Stealth Rock
|
|upkeep
|turn|7
|inactive|Expulso has 210 seconds left.
|inactive|Ktutverde has 150 seconds left.
|
|t:|1626556897
|switch|p1a: Hitmontop|Hitmontop, M|100/100
|move|p2a: Métalosaure|Stealth Rock|p1a: Hitmontop
|-sidestart|p1: Expulso|move: Stealth Rock
|
|upkeep
|turn|8
|inactive|Expulso has 210 seconds left.
|inactive|Ktutverde has 150 seconds left.
|inactive|Expulso has 180 seconds left.
|
|t:|1626556954
|switch|p2a: Moving Sidewalk|Centiskorch, M|100/100
|move|p1a: Hitmontop|Triple Axel|p2a: Moving Sidewalk
|-resisted|p2a: Moving Sidewalk
|-damage|p2a: Moving Sidewalk|95/100
|-resisted|p2a: Moving Sidewalk
|-damage|p2a: Moving Sidewalk|83/100
|-resisted|p2a: Moving Sidewalk
|-damage|p2a: Moving Sidewalk|64/100
|-hitcount|p2a: Moving Sidewalk|3
|
|upkeep
|turn|9
|inactive|Expulso has 150 seconds left.
|
|t:|1626556980
|move|p1a: Hitmontop|Rapid Spin|p2a: Moving Sidewalk
|-damage|p2a: Moving Sidewalk|36/100
|-boost|p1a: Hitmontop|spe|1
|-sideend|p1: Expulso|Stealth Rock|[from] move: Rapid Spin|[of] p1a: Hitmontop
|move|p2a: Moving Sidewalk|Knock Off|p1a: Hitmontop
|-resisted|p1a: Hitmontop
|-damage|p1a: Hitmontop|76/100
|-enditem|p1a: Hitmontop|Wide Lens|[from] move: Knock Off|[of] p2a: Moving Sidewalk
|
|upkeep
|turn|10
|inactive|Expulso has 150 seconds left.
|
|t:|1626556999
|move|p1a: Hitmontop|Rapid Spin|p2a: Moving Sidewalk
|-damage|p2a: Moving Sidewalk|7/100
|-boost|p1a: Hitmontop|spe|1
|move|p2a: Moving Sidewalk|Fire Lash|p1a: Hitmontop
|-damage|p1a: Hitmontop|12/100
|-unboost|p1a: Hitmontop|def|1
|
|upkeep
|turn|11
|inactive|Expulso has 150 seconds left.
|inactive|Ktutverde has 120 seconds left.
|
|t:|1626557039
|move|p1a: Hitmontop|Close Combat|p2a: Moving Sidewalk
|-resisted|p2a: Moving Sidewalk
|-damage|p2a: Moving Sidewalk|0 fnt
|-unboost|p1a: Hitmontop|def|1
|-unboost|p1a: Hitmontop|spd|1
|faint|p2a: Moving Sidewalk
|
|upkeep
|c|☆Ktutverde|why does flamebody not work
|c|☆Ktutverde|did i miss sth
|inactive|Ktutverde has 90 seconds left.
|
|t:|1626557085
|switch|p2a: ClayGOD|Claydol|100/100
|-damage|p2a: ClayGOD|94/100|[from] Stealth Rock
|turn|12
|
|t:|1626557097
|move|p1a: Hitmontop|Triple Axel|p2a: ClayGOD
|-supereffective|p2a: ClayGOD
|-damage|p2a: ClayGOD|81/100
|-supereffective|p2a: ClayGOD
|-damage|p2a: ClayGOD|55/100
|-supereffective|p2a: ClayGOD
|-damage|p2a: ClayGOD|14/100
|-hitcount|p2a: ClayGOD|3
|move|p2a: ClayGOD|Rapid Spin|p1a: Hitmontop
|-damage|p1a: Hitmontop|0 fnt
|-boost|p2a: ClayGOD|spe|1
|-sideend|p2: Ktutverde|Stealth Rock|[from] move: Rapid Spin|[of] p2a: ClayGOD
|faint|p1a: Hitmontop
|
|-heal|p2a: ClayGOD|20/100|[from] item: Leftovers
|upkeep
|
|t:|1626557112
|switch|p1a: Togedemaru|Togedemaru, F|100/100
|turn|13
|inactive|Ktutverde has 90 seconds left.
|inactive|Expulso has 120 seconds left.
|
|t:|1626557143
|switch|p2a: Chicken Raptor|Silvally-Poison|100/100
|move|p1a: Togedemaru|U-turn|p2a: Chicken Raptor
|-resisted|p2a: Chicken Raptor
|-damage|p2a: Chicken Raptor|94/100
|inactive|Expulso has 90 seconds left.
|
|t:|1626557180
|switch|p1a: Archeops|Archeops, F|43/100|[from]move: U-turn
|
|upkeep
|turn|14
|
|t:|1626557189
|move|p1a: Archeops|Stealth Rock|p2a: Chicken Raptor
|-sidestart|p2: Ktutverde|move: Stealth Rock
|move|p2a: Chicken Raptor|Surf|p1a: Archeops
|-supereffective|p1a: Archeops
|-damage|p1a: Archeops|0 fnt
|faint|p1a: Archeops
|
|upkeep
|
|t:|1626557197
|switch|p1a: Wishiwashi|Wishiwashi, F|60/100
|-formechange|p1a: Wishiwashi|Wishiwashi-School||[from] ability: Schooling
|turn|15
|inactive|Expulso has 90 seconds left.
|
|t:|1626557226
|move|p2a: Chicken Raptor|U-turn|p1a: Wishiwashi
|-damage|p1a: Wishiwashi|48/100
|inactive|Ktutverde has 90 seconds left.
|
|t:|1626557247
|switch|p2a: 100% Cotton|Whimsicott, F|100/100|[from]move: U-turn
|-damage|p2a: 100% Cotton|88/100|[from] Stealth Rock
|move|p1a: Wishiwashi|Scald|p2a: 100% Cotton
|-resisted|p2a: 100% Cotton
|-damage|p2a: 100% Cotton|57/100
|
|-heal|p1a: Wishiwashi|55/100|[from] item: Leftovers
|upkeep
|turn|16
|inactive|Ktutverde has 90 seconds left.
|inactive|Expulso has 60 seconds left.
|
|t:|1626557279
|switch|p1a: Togedemaru|Togedemaru, F|100/100
|move|p2a: 100% Cotton|Giga Drain|p1a: Togedemaru
|-resisted|p1a: Togedemaru
|-damage|p1a: Togedemaru|68/100
|-heal|p2a: 100% Cotton|74/100|[from] drain|[of] p1a: Togedemaru
|
|upkeep
|turn|17
|inactive|Expulso has 60 seconds left.
|inactive|Ktutverde has 90 seconds left.
|inactive|Ktutverde has 60 seconds left.
|
|t:|1626557316
|move|p1a: Togedemaru|U-turn|p2a: 100% Cotton
|-damage|p2a: 100% Cotton|41/100
|
|t:|1626557331
|switch|p1a: Weezing|Weezing, M|100/100|[from]move: U-turn
|move|p2a: 100% Cotton|Giga Drain|p1a: Weezing
|-resisted|p1a: Weezing
|-damage|p1a: Weezing|72/100
|-heal|p2a: 100% Cotton|60/100|[from] drain|[of] p1a: Weezing
|
|-heal|p1a: Weezing|78/100|[from] item: Black Sludge
|upkeep
|turn|18
|inactive|Expulso has 30 seconds left.
|
|t:|1626557362
|switch|p2a: Métalosaure|Aggron, F|100/100
|-damage|p2a: Métalosaure|94/100|[from] Stealth Rock
|move|p1a: Weezing|Sludge Bomb|p2a: Métalosaure
|-immune|p2a: Métalosaure
|
|-heal|p1a: Weezing|84/100|[from] item: Black Sludge
|-heal|p2a: Métalosaure|100/100|[from] item: Leftovers
|upkeep
|turn|19
|
|t:|1626557370
|move|p1a: Weezing|Taunt|p2a: Métalosaure
|-start|p2a: Métalosaure|move: Taunt
|cant|p2a: Métalosaure|move: Taunt|Stealth Rock
|
|-heal|p1a: Weezing|90/100|[from] item: Black Sludge
|upkeep
|turn|20
|inactive|Expulso has 30 seconds left.
|
|t:|1626557396
|move|p1a: Weezing|Will-O-Wisp|p2a: Métalosaure
|-status|p2a: Métalosaure|brn
|move|p2a: Métalosaure|Head Smash|p1a: Weezing
|-damage|p1a: Weezing|68/100
|
|-heal|p1a: Weezing|75/100|[from] item: Black Sludge
|-damage|p2a: Métalosaure|94/100 brn|[from] brn
|upkeep
|turn|21
|inactive|Expulso has 30 seconds left.
|inactive|Expulso has 20 seconds left.
|
|t:|1626557415
|switch|p1a: Wishiwashi|Wishiwashi, F|55/100
|-formechange|p1a: Wishiwashi|Wishiwashi-School||[from] ability: Schooling
|switch|p2a: ClayGOD|Claydol|20/100
|-damage|p2a: ClayGOD|14/100|[from] Stealth Rock
|
|-heal|p2a: ClayGOD|20/100|[from] item: Leftovers
|-heal|p1a: Wishiwashi|61/100|[from] item: Leftovers
|upkeep
|turn|22
|inactive|Expulso has 30 seconds left this turn.
|inactive|Expulso has 20 seconds left.
|
|t:|1626557429
|move|p2a: ClayGOD|Rapid Spin|p1a: Wishiwashi
|-damage|p1a: Wishiwashi|54/100
|-boost|p2a: ClayGOD|spe|1
|-sideend|p2: Ktutverde|Stealth Rock|[from] move: Rapid Spin|[of] p2a: ClayGOD
|move|p1a: Wishiwashi|U-turn|p2a: ClayGOD
|-supereffective|p2a: ClayGOD
|-damage|p2a: ClayGOD|0 fnt
|faint|p2a: ClayGOD
|inactive|Expulso has 25 seconds left this turn.
|inactive|Expulso has 20 seconds left.
|
|t:|1626557438
|switch|p1a: Togedemaru|Togedemaru, F|68/100|[from]move: U-turn
|
|upkeep
|inactive|Expulso has 25 seconds left this turn.
|
|t:|1626557446
|switch|p2a: Métalosaure|Aggron, F|94/100 brn
|turn|23
|inactive|Expulso has 30 seconds left.
|inactive|Expulso has 20 seconds left.
|
|t:|1626557464
|move|p1a: Togedemaru|U-turn|p2a: Métalosaure
|-resisted|p2a: Métalosaure
|-damage|p2a: Métalosaure|89/100 brn
|inactive|Expulso has 25 seconds left this turn.
|
|t:|1626557469
|switch|p1a: Wishiwashi|Wishiwashi, F|54/100|[from]move: U-turn
|-formechange|p1a: Wishiwashi|Wishiwashi-School||[from] ability: Schooling
|move|p2a: Métalosaure|Stealth Rock|p1a: Wishiwashi
|-sidestart|p1: Expulso|move: Stealth Rock
|
|-heal|p2a: Métalosaure|95/100 brn|[from] item: Leftovers
|-heal|p1a: Wishiwashi|60/100|[from] item: Leftovers
|-damage|p2a: Métalosaure|89/100 brn|[from] brn
|upkeep
|turn|24
|inactive|Expulso has 30 seconds left.
|inactive|Ktutverde has 90 seconds left.
|inactive|Expulso has 20 seconds left.
|inactive|Expulso has 15 seconds left.
|c|+bagoftrixx|timer
|
|t:|1626557491
|switch|p2a: Lil Guys Hangin|Wishiwashi, M|80/100 tox
|-formechange|p2a: Lil Guys Hangin|Wishiwashi-School||[from] ability: Schooling
|move|p1a: Wishiwashi|U-turn|p2a: Lil Guys Hangin
|-damage|p2a: Lil Guys Hangin|63/100 tox
|inactive|Expulso has 20 seconds left this turn.
|
|t:|1626557493
|switch|p1a: Ludicolo|Ludicolo, M|100/100|[from]move: U-turn
|-damage|p1a: Ludicolo|88/100|[from] Stealth Rock
|
|-heal|p2a: Lil Guys Hangin|69/100 tox|[from] item: Leftovers
|-damage|p2a: Lil Guys Hangin|63/100 tox|[from] psn
|upkeep
|turn|25
|inactive|Expulso has 30 seconds left this turn.
|inactive|Expulso has 20 seconds left.
|
|t:|1626557506
|switch|p2a: Chicken Raptor|Silvally-Poison|94/100
|move|p1a: Ludicolo|Giga Drain|p2a: Chicken Raptor
|-resisted|p2a: Chicken Raptor
|-damage|p2a: Chicken Raptor|76/100
|-heal|p1a: Ludicolo|99/100|[from] drain|[of] p2a: Chicken Raptor
|-damage|p1a: Ludicolo|90/100|[from] item: Life Orb
|
|upkeep
|turn|26
|inactive|Expulso has 30 seconds left this turn.
|inactive|Expulso has 20 seconds left.
|inactive|Expulso has 15 seconds left.
|
|t:|1626557525
|switch|p1a: Weezing|Weezing, M|75/100
|-damage|p1a: Weezing|62/100|[from] Stealth Rock
|move|p2a: Chicken Raptor|U-turn|p1a: Weezing
|-resisted|p1a: Weezing
|-damage|p1a: Weezing|56/100
|inactive|Expulso has 20 seconds left this turn.
|
|t:|1626557532
|switch|p2a: Lil Guys Hangin|Wishiwashi, M|63/100 tox|[from]move: U-turn
|-formechange|p2a: Lil Guys Hangin|Wishiwashi-School||[from] ability: Schooling
|
|-heal|p1a: Weezing|62/100|[from] item: Black Sludge
|-heal|p2a: Lil Guys Hangin|69/100 tox|[from] item: Leftovers
|-damage|p2a: Lil Guys Hangin|63/100 tox|[from] psn
|upkeep
|turn|27
|inactive|Expulso has 30 seconds left this turn.
|
|t:|1626557541
|move|p1a: Weezing|Sludge Bomb|p2a: Lil Guys Hangin
|-damage|p2a: Lil Guys Hangin|42/100 tox
|move|p2a: Lil Guys Hangin|Scald|p1a: Weezing
|-damage|p1a: Weezing|7/100
|
|-heal|p1a: Weezing|13/100|[from] item: Black Sludge
|-heal|p2a: Lil Guys Hangin|48/100 tox|[from] item: Leftovers
|-damage|p2a: Lil Guys Hangin|36/100 tox|[from] psn
|upkeep
|turn|28
|inactive|Expulso has 30 seconds left.
|inactive|Ktutverde has 90 seconds left.
|inactive|Expulso has 20 seconds left.
|inactive|Expulso has 15 seconds left.
|
|t:|1626557564
|switch|p2a: Chicken Raptor|Silvally-Poison|76/100
|move|p1a: Weezing|Toxic Spikes|p2a: Chicken Raptor
|-sidestart|p2: Ktutverde|move: Toxic Spikes
|
|-heal|p1a: Weezing|19/100|[from] item: Black Sludge
|upkeep
|turn|29
|inactive|Expulso has 25 seconds left this turn.
|inactive|Expulso has 20 seconds left.
|inactive|Ktutverde has 90 seconds left.
|
|t:|1626557572
|move|p1a: Weezing|Will-O-Wisp|p2a: Chicken Raptor
|-status|p2a: Chicken Raptor|brn
|move|p2a: Chicken Raptor|Flamethrower|p1a: Weezing
|-damage|p1a: Weezing|0 fnt
|faint|p1a: Weezing
|
|-damage|p2a: Chicken Raptor|70/100 brn|[from] brn
|upkeep
|inactive|Expulso has 25 seconds left this turn.
|inactive|Expulso has 20 seconds left.
|
|t:|1626557580
|switch|p1a: Wishiwashi|Wishiwashi, F|60/100
|-damage|p1a: Wishiwashi|48/100|[from] Stealth Rock
|-formechange|p1a: Wishiwashi|Wishiwashi-School||[from] ability: Schooling
|turn|30
|inactive|Expulso has 30 seconds left this turn.
|inactive|Expulso has 20 seconds left.
|inactive|Expulso has 15 seconds left.
|inactive|Ktutverde has 90 seconds left.
|
|t:|1626557600
|move|p2a: Chicken Raptor|U-turn|p1a: Wishiwashi
|-crit|p1a: Wishiwashi
|-damage|p1a: Wishiwashi|39/100
|inactive|Expulso has 20 seconds left this turn.
|inactive|Ktutverde has 90 seconds left.
|
|t:|1626557607
|switch|p2a: Métalosaure|Aggron, F|89/100 brn|[from]move: U-turn
|move|p1a: Wishiwashi|Scald|p2a: Métalosaure
|-supereffective|p2a: Métalosaure
|-damage|p2a: Métalosaure|0 fnt
|faint|p2a: Métalosaure
|
|-heal|p1a: Wishiwashi|45/100|[from] item: Leftovers
|upkeep
|inactive|Expulso has 25 seconds left this turn.
|inactive|Ktutverde has 90 seconds left.
|
|t:|1626557623
|switch|p2a: 100% Cotton|Whimsicott, F|60/100
|-status|p2a: 100% Cotton|psn
|turn|31
|inactive|Expulso has 30 seconds left.
|inactive|Expulso has 20 seconds left.
|inactive|Expulso has 15 seconds left.
|
|t:|1626557647
|move|p2a: 100% Cotton|Giga Drain|p1a: Wishiwashi
|-supereffective|p1a: Wishiwashi
|-damage|p1a: Wishiwashi|0 fnt
|-heal|p2a: 100% Cotton|85/100 psn|[from] drain|[of] p1a: Wishiwashi
|faint|p1a: Wishiwashi
|
|-damage|p2a: 100% Cotton|73/100 psn|[from] psn
|upkeep
|inactive|Expulso has 20 seconds left this turn.
|inactive|Expulso has 15 seconds left.
|
|t:|1626557654
|switch|p1a: Ludicolo|Ludicolo, M|90/100
|-damage|p1a: Ludicolo|78/100|[from] Stealth Rock
|turn|32
|inactive|Expulso has 25 seconds left this turn.
|inactive|Expulso has 20 seconds left.
|inactive|Ktutverde has 90 seconds left.
|
|t:|1626557664
|move|p2a: 100% Cotton|Giga Drain|p1a: Ludicolo
|-damage|p1a: Ludicolo|34/100
|-heal|p2a: 100% Cotton|98/100 psn|[from] drain|[of] p1a: Ludicolo
|move|p1a: Ludicolo|Rain Dance|p1a: Ludicolo
|-weather|RainDance
|
|-weather|RainDance|[upkeep]
|-damage|p2a: 100% Cotton|86/100 psn|[from] psn
|upkeep
|turn|33
|inactive|Expulso has 30 seconds left this turn.
|inactive|Expulso has 20 seconds left.
|inactive|Ktutverde has 90 seconds left.
|
|t:|1626557687
|switch|p2a: Lil Guys Hangin|Wishiwashi, M|36/100 tox
|-formechange|p2a: Lil Guys Hangin|Wishiwashi-School||[from] ability: Schooling
|move|p1a: Ludicolo|Ice Beam|p2a: Lil Guys Hangin
|-resisted|p2a: Lil Guys Hangin
|-damage|p2a: Lil Guys Hangin|24/100 tox
|-damage|p1a: Ludicolo|24/100|[from] item: Life Orb
|
|-weather|RainDance|[upkeep]
|-heal|p2a: Lil Guys Hangin|30/100 tox|[from] item: Leftovers
|-damage|p2a: Lil Guys Hangin|24/100 tox|[from] psn
|-formechange|p2a: Lil Guys Hangin|Wishiwashi||[from] ability: Schooling
|upkeep
|turn|34
|inactive|Expulso has 30 seconds left this turn.
|
|t:|1626557715
|switch|p2a: 100% Cotton|Whimsicott, F|86/100 psn
|move|p1a: Ludicolo|Giga Drain|p2a: 100% Cotton
|-resisted|p2a: 100% Cotton
|-damage|p2a: 100% Cotton|51/100 psn
|-heal|p1a: Ludicolo|39/100|[from] drain|[of] p2a: 100% Cotton
|-damage|p1a: Ludicolo|29/100|[from] item: Life Orb
|
|-weather|RainDance|[upkeep]
|-damage|p2a: 100% Cotton|39/100 psn|[from] psn
|upkeep
|turn|35
|inactive|Expulso has 30 seconds left.
|inactive|Ktutverde has 60 seconds left.
|inactive|Expulso has 20 seconds left.
|
|t:|1626557738
|switch|p2a: Chicken Raptor|Silvally-Poison|70/100 brn
|-sideend|p2: Ktutverde|move: Toxic Spikes|[of] p2a: Chicken Raptor
|move|p1a: Ludicolo|Ice Beam|p2a: Chicken Raptor
|-damage|p2a: Chicken Raptor|39/100 brn
|-damage|p1a: Ludicolo|20/100|[from] item: Life Orb
|
|-weather|RainDance|[upkeep]
|-damage|p2a: Chicken Raptor|33/100 brn|[from] brn
|upkeep
|turn|36
|inactive|Expulso has 30 seconds left this turn.
|inactive|Ktutverde has 60 seconds left.
|inactive|Expulso has 20 seconds left.
|inactive|Expulso has 15 seconds left.
|inactive|Expulso has 10 seconds left.
|
|t:|1626557762
|switch|p2a: Lil Guys Hangin|Wishiwashi, M|24/100 tox
|move|p1a: Ludicolo|Hydro Pump|p2a: Lil Guys Hangin|[miss]
|-miss|p1a: Ludicolo|p2a: Lil Guys Hangin
|
|-weather|none
|-heal|p2a: Lil Guys Hangin|30/100 tox|[from] item: Leftovers
|-damage|p2a: Lil Guys Hangin|24/100 tox|[from] psn
|upkeep
|turn|37
|inactive|Expulso has 20 seconds left this turn.
|inactive|Expulso has 15 seconds left.
|inactive|Expulso has 10 seconds left.
|inactive|Ktutverde has 60 seconds left.
|inactive|Expulso has 5 seconds left.
|
|t:|1626557780
|move|p1a: Ludicolo|Giga Drain|p2a: Lil Guys Hangin
|-supereffective|p2a: Lil Guys Hangin
|-damage|p2a: Lil Guys Hangin|0 fnt
|-heal|p1a: Ludicolo|31/100|[from] drain|[of] p2a: Lil Guys Hangin
|faint|p2a: Lil Guys Hangin
|-damage|p1a: Ludicolo|22/100|[from] item: Life Orb
|
|upkeep
|inactive|Expulso has 10 seconds left this turn.
|
|t:|1626557783
|switch|p2a: 100% Cotton|Whimsicott, F|39/100 psn
|turn|38
|inactive|Expulso has 20 seconds left this turn.
|inactive|Expulso has 15 seconds left.
|inactive|Expulso has 10 seconds left.
|
|t:|1626557795
|switch|p1a: Togedemaru|Togedemaru, F|68/100
|-damage|p1a: Togedemaru|62/100|[from] Stealth Rock
|move|p2a: 100% Cotton|Giga Drain|p1a: Togedemaru
|-resisted|p1a: Togedemaru
|-damage|p1a: Togedemaru|30/100
|-heal|p2a: 100% Cotton|56/100 psn|[from] drain|[of] p1a: Togedemaru
|
|-damage|p2a: 100% Cotton|44/100 psn|[from] psn
|upkeep
|turn|39
|inactive|Expulso has 20 seconds left this turn.
|inactive|Expulso has 15 seconds left.
|
|t:|1626557804
|move|p1a: Togedemaru|Iron Head|p2a: 100% Cotton
|-supereffective|p2a: 100% Cotton
|-damage|p2a: 100% Cotton|0 fnt
|faint|p2a: 100% Cotton
|
|upkeep
|inactive|Expulso has 20 seconds left this turn.
|
|t:|1626557806
|switch|p2a: Chicken Raptor|Silvally-Poison|33/100 brn
|turn|40
|inactive|Expulso has 30 seconds left this turn.
|
|t:|1626557809
|move|p1a: Togedemaru|Iron Head|p2a: Chicken Raptor
|-damage|p2a: Chicken Raptor|10/100 brn
|move|p2a: Chicken Raptor|Flamethrower|p1a: Togedemaru
|-supereffective|p1a: Togedemaru
|-damage|p1a: Togedemaru|0 fnt
|faint|p1a: Togedemaru
|
|-damage|p2a: Chicken Raptor|4/100 brn|[from] brn
|upkeep
|
|t:|1626557813
|switch|p1a: Ludicolo|Ludicolo, M|22/100
|-damage|p1a: Ludicolo|9/100|[from] Stealth Rock
|turn|41
|
|t:|1626557817
|move|p1a: Ludicolo|Giga Drain|p2a: Chicken Raptor
|-resisted|p2a: Chicken Raptor
|-damage|p2a: Chicken Raptor|0 fnt
|-heal|p1a: Ludicolo|11/100|[from] drain|[of] p2a: Chicken Raptor
|faint|p2a: Chicken Raptor
|-damage|p1a: Ludicolo|2/100|[from] item: Life Orb
|
|win|Expulso
|c|☆Expulso|gg
|c|☆Ktutverde|gg
|c|☆Expulso|sorry abt flame body
