|inactive|Battle timer is ON: inactive players will automatically lose when time's up.
|t:|1661093904
|gametype|singles
|player|p1|jonfilch|#ndpl2crying|
|player|p2|Lambovino|pokemonranger-gen6|
|teamsize|p1|6
|teamsize|p2|6
|gen|8
|tier|[Gen 8] PU
|rule|Sleep Clause Mod: Limit one foe put to sleep
|rule|Species Clause: Limit one of each Pokémon
|rule|OHKO Clause: OHKO moves are banned
|rule|Evasion Moves Clause: Evasion moves are banned
|rule|Endless Battle Clause: Forcing endless battles is banned
|rule|HP Percentage Mod: HP is shown in percentages
|rule|Dynamax Clause: You cannot dynamax
|clearpoke
|poke|p1|Silvally-*|
|poke|p1|Scyther, F|
|poke|p1|Whimsicott, F|
|poke|p1|Doublade, F|
|poke|p1|Dugtrio-Alola, M|
|poke|p1|Druddigon, F|
|poke|p2|Jolteon, F|
|poke|p2|Clefairy, M|
|poke|p2|Abomasnow, F|
|poke|p2|Sandaconda, M|
|poke|p2|Doublade, M|
|poke|p2|Charizard, F|
|teampreview
|inactive|jonfilch also wants the timer to be on.
|c|☆Lambovino|hf
|c|☆jonfilch|glhf
|inactive|jonfilch has 270 seconds left.
|inactive|Lambovino has 270 seconds left.
|inactive|jonfilch has 240 seconds left.
|inactive|jonfilch has 210 seconds left.
|
|t:|1661094016
|start
|switch|p1a: Druddigon|Druddigon, F|100/100
|switch|p2a: Charizard|Charizard, F|100/100
|turn|1
|
|t:|1661094025
|move|p2a: Charizard|Toxic|p1a: Druddigon
|-status|p1a: Druddigon|tox
|move|p1a: Druddigon|Glare|p2a: Charizard
|-status|p2a: Charizard|par
|
|-damage|p1a: Druddigon|94/100 tox|[from] psn
|upkeep
|turn|2
|
|t:|1661094030
|switch|p2a: Clefairy|Clefairy, M|100/100
|move|p1a: Druddigon|Stealth Rock|p2a: Clefairy
|-sidestart|p2: Lambovino|move: Stealth Rock
|
|-damage|p1a: Druddigon|82/100 tox|[from] psn
|upkeep
|turn|3
|inactive|jonfilch has 270 seconds left.
|
|t:|1661094041
|switch|p1a: Dugtrio|Dugtrio-Alola, M|100/100
|move|p2a: Clefairy|Heal Bell|p2a: Clefairy
|-activate|p2a: Clefairy|move: Heal Bell
|-curestatus|p2: Charizard|par|[msg]
|
|upkeep
|turn|4
|inactive|jonfilch has 270 seconds left.
|
|t:|1661094063
|switch|p2a: Charizard|Charizard, F|100/100
|move|p1a: Dugtrio|Earthquake|p2a: Charizard
|-immune|p2a: Charizard
|
|upkeep
|turn|5
|inactive|jonfilch has 240 seconds left.
|
|t:|1661094089
|switch|p2a: Sandaconda|Sandaconda, M|100/100
|-damage|p2a: Sandaconda|94/100|[from] Stealth Rock
|move|p1a: Dugtrio|Rock Slide|p2a: Sandaconda
|-resisted|p2a: Sandaconda
|-damage|p2a: Sandaconda|87/100
|
|upkeep
|turn|6
|
|t:|1661094097
|switch|p1a: Whimsicott|Whimsicott, F|100/100
|move|p2a: Sandaconda|Earthquake|p1a: Whimsicott
|-resisted|p1a: Whimsicott
|-damage|p1a: Whimsicott|73/100
|
|upkeep
|turn|7
|
|t:|1661094111
|switch|p2a: Clefairy|Clefairy, M|100/100
|move|p1a: Whimsicott|Switcheroo|p2a: Clefairy
|-activate|p1a: Whimsicott|move: Trick|[of] p2a: Clefairy
|-item|p2a: Clefairy|Choice Specs|[from] move: Switcheroo
|-item|p1a: Whimsicott|Eviolite|[from] move: Switcheroo
|
|upkeep
|turn|8
|
|t:|1661094124
|switch|p1a: Doublade|Doublade, F|100/100
|move|p2a: Clefairy|Knock Off|p1a: Doublade
|-supereffective|p1a: Doublade
|-damage|p1a: Doublade|89/100
|-enditem|p1a: Doublade|Eviolite|[from] move: Knock Off|[of] p2a: Clefairy
|
|upkeep
|turn|9
|
|t:|1661094141
|switch|p1a: Whimsicott|Whimsicott, F|73/100
|switch|p2a: Sandaconda|Sandaconda, M|87/100
|-damage|p2a: Sandaconda|81/100|[from] Stealth Rock
|
|upkeep
|turn|10
|
|t:|1661094146
|switch|p2a: Clefairy|Clefairy, M|100/100
|move|p1a: Whimsicott|Energy Ball|p2a: Clefairy
|-damage|p2a: Clefairy|71/100
|
|upkeep
|turn|11
|
|t:|1661094151
|move|p1a: Whimsicott|Moonblast|p2a: Clefairy
|-damage|p2a: Clefairy|37/100
|move|p2a: Clefairy|Moonblast|p1a: Whimsicott
|-damage|p1a: Whimsicott|19/100
|
|upkeep
|turn|12
|inactive|jonfilch has 270 seconds left.
|
|t:|1661094164
|switch|p1a: Scyther|Scyther, F|100/100
|move|p2a: Clefairy|Moonblast|p1a: Scyther
|-damage|p1a: Scyther|54/100
|-unboost|p1a: Scyther|spa|1
|
|upkeep
|turn|13
|inactive|jonfilch has 270 seconds left.
|
|t:|1661094178
|move|p1a: Scyther|U-turn|p2a: Clefairy
|-resisted|p2a: Clefairy
|-damage|p2a: Clefairy|7/100
|
|t:|1661094179
|switch|p1a: Dugtrio|Dugtrio-Alola, M|100/100|[from]move: U-turn
|move|p2a: Clefairy|Moonblast|p1a: Dugtrio
|-resisted|p1a: Dugtrio
|-damage|p1a: Dugtrio|64/100
|-unboost|p1a: Dugtrio|spa|1
|
|-heal|p1a: Dugtrio|70/100|[from] item: Leftovers
|upkeep
|turn|14
|
|t:|1661094188
|move|p1a: Dugtrio|Earthquake|p2a: Clefairy
|-damage|p2a: Clefairy|0 fnt
|faint|p2a: Clefairy
|
|-heal|p1a: Dugtrio|76/100|[from] item: Leftovers
|upkeep
|
|t:|1661094205
|switch|p2a: Sandaconda|Sandaconda, M|81/100
|-damage|p2a: Sandaconda|75/100|[from] Stealth Rock
|turn|15
|
|t:|1661094226
|switch|p1a: Whimsicott|Whimsicott, F|19/100
|move|p2a: Sandaconda|Stealth Rock|p1a: Whimsicott
|-sidestart|p1: jonfilch|move: Stealth Rock
|
|upkeep
|turn|16
|
|t:|1661094243
|switch|p2a: Doublade|Doublade, M|100/100
|-damage|p2a: Doublade|94/100|[from] Stealth Rock
|move|p1a: Whimsicott|Energy Ball|p2a: Doublade
|-resisted|p2a: Doublade
|-damage|p2a: Doublade|80/100
|
|upkeep
|turn|17
|inactive|jonfilch has 270 seconds left.
|
|t:|1661094265
|switch|p1a: Druddigon|Druddigon, F|82/100 tox
|-damage|p1a: Druddigon|70/100 tox|[from] Stealth Rock
|move|p2a: Doublade|Iron Head|p1a: Druddigon
|-damage|p1a: Druddigon|48/100 tox
|-damage|p2a: Doublade|68/100|[from] ability: Rough Skin|[of] p1a: Druddigon
|-damage|p2a: Doublade|51/100|[from] item: Rocky Helmet|[of] p1a: Druddigon
|
|-damage|p1a: Druddigon|42/100 tox|[from] psn
|upkeep
|turn|18
|inactive|jonfilch has 270 seconds left.
|
|t:|1661094290
|switch|p2a: Abomasnow|Abomasnow, F|100/100
|-damage|p2a: Abomasnow|76/100|[from] Stealth Rock
|-weather|Hail|[from] ability: Snow Warning|[of] p2a: Abomasnow
|move|p1a: Druddigon|Earthquake|p2a: Abomasnow
|-resisted|p2a: Abomasnow
|-damage|p2a: Abomasnow|59/100
|
|-weather|Hail|[upkeep]
|-damage|p1a: Druddigon|36/100 tox|[from] Hail
|-damage|p1a: Druddigon|24/100 tox|[from] psn
|upkeep
|turn|19
|
|t:|1661094315
|move|p2a: Abomasnow|Blizzard|p1a: Druddigon
|-supereffective|p1a: Druddigon
|-damage|p1a: Druddigon|0 fnt
|faint|p1a: Druddigon
|
|-weather|Hail|[upkeep]
|upkeep
|inactive|jonfilch has 240 seconds left.
|
|t:|1661094328
|switch|p1a: Scyther|Scyther, F|54/100
|turn|20
|inactive|jonfilch has 240 seconds left.
|
|t:|1661094357
|switch|p2a: Doublade|Doublade, M|51/100
|-damage|p2a: Doublade|45/100|[from] Stealth Rock
|move|p1a: Scyther|Dual Wingbeat|p2a: Doublade
|-resisted|p2a: Doublade
|-damage|p2a: Doublade|38/100
|-resisted|p2a: Doublade
|-damage|p2a: Doublade|31/100
|-hitcount|p2a: Doublade|2
|
|-weather|Hail|[upkeep]
|-damage|p1a: Scyther|48/100|[from] Hail
|-damage|p2a: Doublade|24/100|[from] Hail
|upkeep
|turn|21
|
|t:|1661094368
|move|p1a: Scyther|Knock Off|p2a: Doublade
|-supereffective|p2a: Doublade
|-crit|p2a: Doublade
|-damage|p2a: Doublade|0 fnt
|-enditem|p2a: Doublade|Eviolite|[from] move: Knock Off|[of] p1a: Scyther
|faint|p2a: Doublade
|
|-weather|Hail|[upkeep]
|-damage|p1a: Scyther|42/100|[from] Hail
|upkeep
|
|t:|1661094373
|switch|p2a: Jolteon|Jolteon, F|100/100
|turn|22
|inactive|jonfilch has 240 seconds left.
|inactive|jonfilch has 210 seconds left.
|inactive|Lambovino has 270 seconds left.
|inactive|jonfilch has 180 seconds left.
|inactive|Lambovino has 240 seconds left.
|
|t:|1661094449
|switch|p2a: Charizard|Charizard, F|100/100
|move|p1a: Scyther|U-turn|p2a: Charizard
|-resisted|p2a: Charizard
|-damage|p2a: Charizard|90/100
|inactive|jonfilch has 150 seconds left.
|
|t:|1661094493
|switch|p1a: Dugtrio|Dugtrio-Alola, M|76/100|[from]move: U-turn
|-damage|p1a: Dugtrio|73/100|[from] Stealth Rock
|
|-weather|none
|-heal|p1a: Dugtrio|79/100|[from] item: Leftovers
|upkeep
|turn|23
|inactive|Lambovino has 240 seconds left.
|inactive|jonfilch has 120 seconds left.
|
|t:|1661094535
|move|p1a: Dugtrio|Rock Slide|p2a: Charizard|[miss]
|-miss|p1a: Dugtrio|p2a: Charizard
|move|p2a: Charizard|Flamethrower|p1a: Dugtrio
|-supereffective|p1a: Dugtrio
|-damage|p1a: Dugtrio|0 fnt
|faint|p1a: Dugtrio
|
|upkeep
|inactive|jonfilch has 90 seconds left.
|
|t:|1661094577
|switch|p1a: Silvally|Silvally-Water|100/100
|-damage|p1a: Silvally|88/100|[from] Stealth Rock
|turn|24
|
|t:|1661094588
|move|p2a: Charizard|Toxic|p1a: Silvally|[miss]
|-miss|p2a: Charizard|p1a: Silvally
|move|p1a: Silvally|Surf|p2a: Charizard
|-supereffective|p2a: Charizard
|-damage|p2a: Charizard|28/100
|
|upkeep
|turn|25
|
|t:|1661094595
|move|p2a: Charizard|Toxic|p1a: Silvally
|-status|p1a: Silvally|tox
|move|p1a: Silvally|Surf|p2a: Charizard
|-supereffective|p2a: Charizard
|-damage|p2a: Charizard|0 fnt
|faint|p2a: Charizard
|
|-damage|p1a: Silvally|82/100 tox|[from] psn
|upkeep
|
|t:|1661094624
|switch|p2a: Jolteon|Jolteon, F|100/100
|turn|26
|inactive|jonfilch has 90 seconds left.
|inactive|Lambovino has 210 seconds left.
|
|t:|1661094670
|move|p2a: Jolteon|Volt Switch|p1a: Silvally
|-supereffective|p1a: Silvally
|-damage|p1a: Silvally|19/100 tox
|inactive|Lambovino has 210 seconds left.
|
|t:|1661094675
|switch|p2a: Abomasnow|Abomasnow, F|59/100|[from]move: Volt Switch
|-damage|p2a: Abomasnow|34/100|[from] Stealth Rock
|-weather|Hail|[from] ability: Snow Warning|[of] p2a: Abomasnow
|move|p1a: Silvally|Surf|p2a: Abomasnow
|-resisted|p2a: Abomasnow
|-damage|p2a: Abomasnow|14/100
|
|-weather|Hail|[upkeep]
|-damage|p1a: Silvally|13/100 tox|[from] Hail
|-damage|p1a: Silvally|1/100 tox|[from] psn
|upkeep
|turn|27
|inactive|Lambovino has 210 seconds left.
|
|t:|1661094686
|move|p1a: Silvally|Surf|p2a: Abomasnow
|-resisted|p2a: Abomasnow
|-damage|p2a: Abomasnow|0 fnt
|faint|p2a: Abomasnow
|
|-weather|Hail|[upkeep]
|-damage|p1a: Silvally|0 fnt|[from] Hail
|faint|p1a: Silvally
|upkeep
|inactive|jonfilch has 60 seconds left.
|
|t:|1661094738
|switch|p1a: Doublade|Doublade, F|89/100
|switch|p2a: Jolteon|Jolteon, F|100/100
|-damage|p1a: Doublade|82/100|[from] Stealth Rock
|turn|28
|inactive|Lambovino has 210 seconds left.
|inactive|jonfilch has 30 seconds left.
|inactive|jonfilch has 20 seconds left.
|
|t:|1661094781
|switch|p1a: Whimsicott|Whimsicott, F|19/100
|-damage|p1a: Whimsicott|7/100|[from] Stealth Rock
|move|p2a: Jolteon|Volt Switch|p1a: Whimsicott
|-resisted|p1a: Whimsicott
|-damage|p1a: Whimsicott|0 fnt
|faint|p1a: Whimsicott
|inactive|jonfilch has 25 seconds left this turn.
|
|t:|1661094784
|switch|p2a: Sandaconda|Sandaconda, M|75/100|[from]move: Volt Switch
|-damage|p2a: Sandaconda|69/100|[from] Stealth Rock
|
|-weather|Hail|[upkeep]
|-damage|p2a: Sandaconda|63/100|[from] Hail
|upkeep
|inactive|jonfilch has 30 seconds left this turn.
|
|t:|1661094786
|switch|p1a: Scyther|Scyther, F|42/100
|turn|29
|inactive|jonfilch has 30 seconds left.
|
|t:|1661094803
|move|p1a: Scyther|Knock Off|p2a: Sandaconda
|-damage|p2a: Sandaconda|42/100
|-damage|p1a: Scyther|26/100|[from] item: Rocky Helmet|[of] p2a: Sandaconda
|-enditem|p2a: Sandaconda|Rocky Helmet|[from] move: Knock Off|[of] p1a: Scyther
|move|p2a: Sandaconda|Rock Slide|p1a: Scyther
|-supereffective|p1a: Scyther
|-damage|p1a: Scyther|0 fnt
|faint|p1a: Scyther
|
|-weather|Hail|[upkeep]
|-damage|p2a: Sandaconda|36/100|[from] Hail
|upkeep
|inactive|jonfilch has 30 seconds left this turn.
|
|t:|1661094805
|switch|p1a: Doublade|Doublade, F|82/100
|-damage|p1a: Doublade|76/100|[from] Stealth Rock
|turn|30
|inactive|jonfilch has 30 seconds left.
|
|t:|1661094815
|move|p2a: Sandaconda|Earthquake|p1a: Doublade
|-supereffective|p1a: Doublade
|-damage|p1a: Doublade|26/100
|move|p1a: Doublade|Swords Dance|p1a: Doublade
|-boost|p1a: Doublade|atk|2
|
|-weather|none
|upkeep
|turn|31
|
|t:|1661094821
|move|p1a: Doublade|Shadow Sneak|p2a: Sandaconda
|-damage|p2a: Sandaconda|12/100
|move|p2a: Sandaconda|Earthquake|p1a: Doublade
|-supereffective|p1a: Doublade
|-damage|p1a: Doublade|0 fnt
|faint|p1a: Doublade
|
|win|Lambovino
|c|☆Lambovino|sry gg
|player|p1|jonfilch|#ndpl2crying
|player|p1|
