|inactive|Battle timer is ON: inactive players will automatically lose when time's up.
|t:|1667152921
|gametype|singles
|player|p1|Lambovino|#scl2spartans|
|player|p2|leru|lucas|
|teamsize|p1|6
|teamsize|p2|6
|gen|8
|tier|[Gen 8] PU
|rule|Sleep Clause Mod: Limit one foe put to sleep
|rule|Species Clause: Limit one of each Pokémon
|rule|OHKO Clause: OHKO moves are banned
|rule|Evasion Items Clause: Evasion items are banned
|rule|Evasion Moves Clause: Evasion moves are banned
|rule|Endless Battle Clause: Forcing endless battles is banned
|rule|HP Percentage Mod: HP is shown in percentages
|rule|Dynamax Clause: You cannot dynamax
|clearpoke
|poke|p1|Turtonator, M|
|poke|p1|Archeops, M|
|poke|p1|Doublade, M|
|poke|p1|Qwilfish, M|
|poke|p1|Shiftry, F|
|poke|p1|Frosmoth, F|
|poke|p2|Aggron, M|
|poke|p2|Quagsire, M|
|poke|p2|Gourgeist-*, M|
|poke|p2|Silvally-*|
|poke|p2|Audino, M|
|poke|p2|Charizard, M|
|teampreview
|c|☆leru|hf
|raw|<div class="broadcast-red"><strong>Moderated chat was set to ☆!</strong><br />Only users of rank ☆ and higher can talk.</div>
|c|☆Lambovino|hf
|inactive|Lambovino has 270 seconds left.
|inactive|leru has 270 seconds left.
|inactive|Lambovino has 240 seconds left.
|inactive|leru has 240 seconds left.
|inactive|Lambovino has 210 seconds left.
|inactive|leru has 210 seconds left.
|inactive|leru has 180 seconds left.
|
|t:|1667153051
|start
|switch|p1a: Archeops|Archeops, M|100/100
|switch|p2a: Gourgeist|Gourgeist-Small, M|100/100
|-item|p1a: Archeops|Power Herb|[from] ability: Frisk|[of] p2a: Gourgeist|[identify]
|turn|1
|inactive|Lambovino has 270 seconds left.
|inactive|leru has 240 seconds left.
|inactive|leru has 210 seconds left.
|
|t:|1667153107
|switch|p1a: Turtonator|Turtonator, M|100/100
|move|p2a: Gourgeist|Power Whip|p1a: Turtonator
|-resisted|p1a: Turtonator
|-damage|p1a: Turtonator|83/100
|
|upkeep
|turn|2
|inactive|Lambovino has 240 seconds left.
|inactive|leru has 180 seconds left.
|
|t:|1667153156
|switch|p1a: Qwilfish|Qwilfish, M|100/100
|-ability|p1a: Qwilfish|Intimidate|boost
|-unboost|p2a: Gourgeist|atk|1
|move|p2a: Gourgeist|Power Whip|p1a: Qwilfish
|-damage|p1a: Qwilfish|35/100
|
|-heal|p1a: Qwilfish|41/100|[from] item: Black Sludge
|upkeep
|turn|3
|inactive|Lambovino has 240 seconds left.
|inactive|leru has 150 seconds left.
|inactive|Lambovino has 210 seconds left.
|
|t:|1667153207
|switch|p2a: Aggron|Aggron, M|100/100
|switch|p1a: Turtonator|Turtonator, M|83/100
|
|upkeep
|turn|4
|inactive|Lambovino has 180 seconds left.
|inactive|Lambovino has 150 seconds left.
|
|t:|1667153277
|move|p1a: Turtonator|Flamethrower|p2a: Aggron
|-damage|p2a: Aggron|64/100
|move|p2a: Aggron|Stealth Rock|p1a: Turtonator
|-sidestart|p1: Lambovino|move: Stealth Rock
|
|-heal|p2a: Aggron|70/100|[from] item: Leftovers
|upkeep
|turn|5
|inactive|leru has 120 seconds left.
|
|t:|1667153303
|move|p1a: Turtonator|Flamethrower|p2a: Aggron
|-damage|p2a: Aggron|35/100
|move|p2a: Aggron|Head Smash|p1a: Turtonator
|-supereffective|p1a: Turtonator
|-damage|p1a: Turtonator|0 fnt
|faint|p1a: Turtonator
|
|-heal|p2a: Aggron|41/100|[from] item: Leftovers
|upkeep
|inactive|Lambovino has 150 seconds left.
|inactive|Lambovino has 120 seconds left.
|
|t:|1667153348
|switch|p1a: Archeops|Archeops, M|100/100
|-damage|p1a: Archeops|76/100|[from] Stealth Rock
|turn|6
|inactive|leru has 120 seconds left.
|inactive|leru has 90 seconds left.
|
|t:|1667153390
|move|p1a: Archeops|Earth Power|p2a: Aggron
|-supereffective|p2a: Aggron
|-damage|p2a: Aggron|0 fnt
|faint|p2a: Aggron
|
|upkeep
|
|t:|1667153392
|switch|p2a: Quagsire|Quagsire, M|100/100
|turn|7
|
|t:|1667153405
|switch|p1a: Shiftry|Shiftry, F|100/100
|-damage|p1a: Shiftry|88/100|[from] Stealth Rock
|move|p2a: Quagsire|Scald|p1a: Shiftry
|-resisted|p1a: Shiftry
|-damage|p1a: Shiftry|71/100
|
|upkeep
|turn|8
|
|t:|1667153414
|switch|p2a: Silvally|Silvally-Fairy|100/100
|move|p1a: Shiftry|Knock Off|p2a: Silvally
|-resisted|p2a: Silvally
|-crit|p2a: Silvally
|-damage|p2a: Silvally|75/100
|-damage|p1a: Shiftry|61/100|[from] item: Life Orb
|
|upkeep
|turn|9
|inactive|leru has 90 seconds left.
|
|t:|1667153464
|switch|p1a: Qwilfish|Qwilfish, M|41/100
|-damage|p1a: Qwilfish|29/100|[from] Stealth Rock
|-ability|p1a: Qwilfish|Intimidate|boost
|-unboost|p2a: Silvally|atk|1
|move|p2a: Silvally|Flamethrower|p1a: Qwilfish
|-resisted|p1a: Qwilfish
|-damage|p1a: Qwilfish|12/100
|
|-heal|p1a: Qwilfish|18/100|[from] item: Black Sludge
|upkeep
|turn|10
|inactive|leru has 60 seconds left.
|
|t:|1667153504
|move|p2a: Silvally|Multi-Attack|p1a: Qwilfish
|-resisted|p1a: Qwilfish
|-damage|p1a: Qwilfish|0 fnt
|faint|p1a: Qwilfish
|
|upkeep
|inactive|Lambovino has 120 seconds left.
|inactive|Lambovino has 90 seconds left.
|inactive|Lambovino has 60 seconds left.
|inactive|Lambovino has 30 seconds left.
|
|t:|1667153628
|switch|p1a: Archeops|Archeops, M|76/100
|-damage|p1a: Archeops|51/100|[from] Stealth Rock
|turn|11
|inactive|leru has 60 seconds left.
|
|t:|1667153643
|switch|p2a: Quagsire|Quagsire, M|100/100
|move|p1a: Archeops|Meteor Beam||[still]
|-prepare|p1a: Archeops|Meteor Beam
|-boost|p1a: Archeops|spa|1
|-enditem|p1a: Archeops|Power Herb
|-anim|p1a: Archeops|Meteor Beam|p2a: Quagsire
|-resisted|p2a: Quagsire
|-damage|p2a: Quagsire|64/100
|
|upkeep
|turn|12
|
|t:|1667153653
|move|p1a: Archeops|Stealth Rock|p2a: Quagsire
|-sidestart|p2: leru|move: Stealth Rock
|move|p2a: Quagsire|Scald|p1a: Archeops
|-supereffective|p1a: Archeops
|-damage|p1a: Archeops|0 fnt
|faint|p1a: Archeops
|
|upkeep
|
|t:|1667153658
|switch|p1a: Frosmoth|Frosmoth, F|100/100
|turn|13
|inactive|leru has 60 seconds left.
|inactive|leru has 30 seconds left.
|
|t:|1667153699
|move|p1a: Frosmoth|Substitute|p1a: Frosmoth
|-start|p1a: Frosmoth|Substitute
|-damage|p1a: Frosmoth|76/100
|move|p2a: Quagsire|Earthquake|p1a: Frosmoth
|-resisted|p1a: Frosmoth
|-activate|p1a: Frosmoth|move: Substitute|[damage]
|
|upkeep
|turn|14
|inactive|leru has 30 seconds left.
|
|t:|1667153708
|switch|p2a: Charizard|Charizard, M|100/100
|move|p1a: Frosmoth|Quiver Dance|p1a: Frosmoth
|-boost|p1a: Frosmoth|spa|1
|-boost|p1a: Frosmoth|spd|1
|-boost|p1a: Frosmoth|spe|1
|
|upkeep
|turn|15
|inactive|leru has 30 seconds left.
|
|t:|1667153721
|move|p1a: Frosmoth|Quiver Dance|p1a: Frosmoth
|-boost|p1a: Frosmoth|spa|1
|-boost|p1a: Frosmoth|spd|1
|-boost|p1a: Frosmoth|spe|1
|move|p2a: Charizard|Flamethrower|p1a: Frosmoth
|-supereffective|p1a: Frosmoth
|-end|p1a: Frosmoth|Substitute
|
|upkeep
|turn|16
|inactive|leru has 30 seconds left.
|inactive|Lambovino has 60 seconds left.
|
|t:|1667153746
|move|p1a: Frosmoth|Ice Beam|p2a: Charizard
|-damage|p2a: Charizard|0 fnt
|faint|p2a: Charizard
|
|upkeep
|inactive|leru has 30 seconds left.
|inactive|leru has 20 seconds left.
|inactive|leru has 15 seconds left.
|inactive|leru has 10 seconds left.
|inactive|leru has 5 seconds left.
|
|t:|1667153778
|switch|p2a: Audino|Audino, M|100/100
|turn|17
|inactive|leru has 15 seconds left this turn.
|
|t:|1667153781
|move|p1a: Frosmoth|Substitute|p1a: Frosmoth
|-start|p1a: Frosmoth|Substitute
|-damage|p1a: Frosmoth|51/100
|move|p2a: Audino|Knock Off|p1a: Frosmoth
|-activate|p1a: Frosmoth|move: Substitute|[damage]
|
|upkeep
|turn|18
|inactive|leru has 25 seconds left this turn.
|
|t:|1667153799
|move|p1a: Frosmoth|Quiver Dance|p1a: Frosmoth
|-boost|p1a: Frosmoth|spa|1
|-boost|p1a: Frosmoth|spd|1
|-boost|p1a: Frosmoth|spe|1
|move|p2a: Audino|Knock Off|p1a: Frosmoth
|-end|p1a: Frosmoth|Substitute
|
|upkeep
|turn|19
|inactive|leru has 30 seconds left.
|
|t:|1667153805
|move|p1a: Frosmoth|Substitute|p1a: Frosmoth
|-start|p1a: Frosmoth|Substitute
|-damage|p1a: Frosmoth|26/100
|move|p2a: Audino|Knock Off|p1a: Frosmoth
|-activate|p1a: Frosmoth|move: Substitute|[damage]
|
|upkeep
|turn|20
|
|t:|1667153813
|move|p1a: Frosmoth|Giga Drain|p2a: Audino
|-damage|p2a: Audino|60/100
|-heal|p1a: Frosmoth|55/100|[from] drain|[of] p2a: Audino
|move|p2a: Audino|Knock Off|p1a: Frosmoth
|-end|p1a: Frosmoth|Substitute
|
|upkeep
|turn|21
|
|t:|1667153818
|move|p1a: Frosmoth|Substitute|p1a: Frosmoth
|-start|p1a: Frosmoth|Substitute
|-damage|p1a: Frosmoth|30/100
|move|p2a: Audino|Knock Off|p1a: Frosmoth
|-activate|p1a: Frosmoth|move: Substitute|[damage]
|
|upkeep
|turn|22
|
|t:|1667153841
|move|p1a: Frosmoth|Giga Drain|p2a: Audino
|-damage|p2a: Audino|25/100
|-heal|p1a: Frosmoth|56/100|[from] drain|[of] p2a: Audino
|move|p2a: Audino|Knock Off|p1a: Frosmoth
|-end|p1a: Frosmoth|Substitute
|
|upkeep
|turn|23
|
|t:|1667153847
|move|p1a: Frosmoth|Substitute|p1a: Frosmoth
|-start|p1a: Frosmoth|Substitute
|-damage|p1a: Frosmoth|31/100
|move|p2a: Audino|Knock Off|p1a: Frosmoth
|-activate|p1a: Frosmoth|move: Substitute|[damage]
|
|upkeep
|turn|24
|
|t:|1667153850
|move|p1a: Frosmoth|Giga Drain|p2a: Audino
|-damage|p2a: Audino|0 fnt
|-heal|p1a: Frosmoth|49/100|[from] drain|[of] p2a: Audino
|faint|p2a: Audino
|
|upkeep
|
|t:|1667153851
|switch|p2a: Gourgeist|Gourgeist-Small, M|100/100
|-damage|p2a: Gourgeist|88/100|[from] Stealth Rock
|-item|p1a: Frosmoth|Heavy-Duty Boots|[from] ability: Frisk|[of] p2a: Gourgeist|[identify]
|turn|25
|
|t:|1667153854
|move|p1a: Frosmoth|Ice Beam|p2a: Gourgeist
|-supereffective|p2a: Gourgeist
|-damage|p2a: Gourgeist|0 fnt
|faint|p2a: Gourgeist
|
|upkeep
|
|t:|1667153856
|switch|p2a: Silvally|Silvally-Fairy|75/100
|-damage|p2a: Silvally|63/100|[from] Stealth Rock
|turn|26
|
|t:|1667153857
|move|p1a: Frosmoth|Ice Beam|p2a: Silvally
|-damage|p2a: Silvally|0 fnt
|faint|p2a: Silvally
|
|upkeep
|
|t:|1667153859
|switch|p2a: Quagsire|Quagsire, M|64/100
|turn|27
|
|t:|1667153860
|move|p1a: Frosmoth|Giga Drain|p2a: Quagsire
|-supereffective|p2a: Quagsire
|-damage|p2a: Quagsire|0 fnt
|-heal|p1a: Frosmoth|93/100|[from] drain|[of] p2a: Quagsire
|faint|p2a: Quagsire
|
|win|Lambovino
|c|☆Lambovino|gg
|c|☆leru|gg
