|inactive|Battle timer is ON: inactive players will automatically lose when time's up.
|t:|1655338558
|gametype|singles
|player|p1|Heracross2.0|klara|
|player|p2|pkmn cypher 2013|lyra|
|teamsize|p1|6
|teamsize|p2|6
|gen|8
|tier|[Gen 8] PU
|rule|Sleep Clause Mod: Limit one foe put to sleep
|rule|Species Clause: Limit one of each Pokémon
|rule|OHKO Clause: OHKO moves are banned
|rule|Evasion Moves Clause: Evasion moves are banned
|rule|Endless Battle Clause: Forcing endless battles is banned
|rule|HP Percentage Mod: HP is shown in percentages
|rule|Dynamax Clause: You cannot dynamax
|clearpoke
|poke|p1|Manectric, M|
|poke|p1|Gigalith, M|
|poke|p1|Eldegoss, F|
|poke|p1|Togedemaru, F|
|poke|p1|Archeops, F|
|poke|p1|Quagsire, F|
|poke|p2|Ribombee, M|
|poke|p2|Gigalith, M|
|poke|p2|Ferroseed, F|
|poke|p2|Charizard, M|
|poke|p2|Jellicent, F|
|poke|p2|Scrafty, M|
|teampreview
|inactive|Heracross2.0 also wants the timer to be on.
|c|☆pkmn cypher 2013|hf
|c|☆Heracross2.0|same
|
|t:|1655338581
|start
|switch|p1a: Monolith|Gigalith, M, shiny|100/100
|switch|p2a: Scrafty|Scrafty, M|100/100
|-weather|Sandstorm|[from] ability: Sand Stream|[of] p1a: Monolith
|turn|1
|
|t:|1655338589
|switch|p1a: Sire|Quagsire, F|100/100
|move|p2a: Scrafty|Knock Off|p1a: Sire
|-damage|p1a: Sire|80/100
|-enditem|p1a: Sire|Heavy-Duty Boots|[from] move: Knock Off|[of] p2a: Scrafty
|
|-weather|Sandstorm|[upkeep]
|-damage|p2a: Scrafty|95/100|[from] Sandstorm
|-heal|p2a: Scrafty|100/100|[from] item: Leftovers
|upkeep
|turn|2
|
|t:|1655338599
|switch|p2a: Ferroseed|Ferroseed, F|100/100
|switch|p1a: Monolith|Gigalith, M, shiny|100/100
|
|-weather|Sandstorm|[upkeep]
|upkeep
|turn|3
|
|t:|1655338605
|move|p1a: Monolith|Stealth Rock|p2a: Ferroseed
|-sidestart|p2: pkmn cypher 2013|move: Stealth Rock
|move|p2a: Ferroseed|Spikes|p1a: Monolith
|-sidestart|p1: Heracross2.0|Spikes
|
|-weather|Sandstorm|[upkeep]
|upkeep
|turn|4
|
|t:|1655338609
|switch|p1a: Edelgard|Eldegoss, F, shiny|100/100
|move|p2a: Ferroseed|Spikes|p1a: Edelgard
|-sidestart|p1: Heracross2.0|Spikes
|
|-weather|Sandstorm|[upkeep]
|-damage|p1a: Edelgard|95/100|[from] Sandstorm
|upkeep
|turn|5
|
|t:|1655338616
|switch|p2a: Jellicent|Jellicent, F|100/100
|move|p1a: Edelgard|Rapid Spin|p2a: Jellicent
|-immune|p2a: Jellicent
|
|-weather|none
|upkeep
|turn|6
|
|t:|1655338621
|move|p2a: Jellicent|Will-O-Wisp|p1a: Edelgard
|-status|p1a: Edelgard|brn
|move|p1a: Edelgard|Rapid Spin|p2a: Jellicent
|-immune|p2a: Jellicent
|
|-damage|p1a: Edelgard|89/100 brn|[from] brn
|upkeep
|turn|7
|
|t:|1655338628
|move|p2a: Jellicent|Taunt|p1a: Edelgard
|-start|p1a: Edelgard|move: Taunt
|cant|p1a: Edelgard|move: Taunt|Sleep Powder
|
|-damage|p1a: Edelgard|83/100 brn|[from] brn
|upkeep
|turn|8
|
|t:|1655338634
|switch|p2a: Charizard|Charizard, M|100/100
|switch|p1a: Monolith|Gigalith, M, shiny|100/100
|-damage|p1a: Monolith|84/100|[from] Spikes
|-weather|Sandstorm|[from] ability: Sand Stream|[of] p1a: Monolith
|
|-weather|Sandstorm|[upkeep]
|-damage|p2a: Charizard|94/100|[from] Sandstorm
|-heal|p1a: Monolith|90/100|[from] item: Leftovers
|upkeep
|turn|9
|
|t:|1655338644
|switch|p2a: Scrafty|Scrafty, M|100/100
|-damage|p2a: Scrafty|95/100|[from] Stealth Rock
|move|p1a: Monolith|Rock Blast|p2a: Scrafty
|-resisted|p2a: Scrafty
|-damage|p2a: Scrafty|90/100
|-resisted|p2a: Scrafty
|-damage|p2a: Scrafty|86/100
|-hitcount|p2a: Scrafty|2
|
|-weather|Sandstorm|[upkeep]
|-damage|p2a: Scrafty|80/100|[from] Sandstorm
|-heal|p2a: Scrafty|86/100|[from] item: Leftovers
|-heal|p1a: Monolith|96/100|[from] item: Leftovers
|upkeep
|turn|10
|
|t:|1655338660
|switch|p1a: Sire|Quagsire, F|80/100
|-damage|p1a: Sire|63/100|[from] Spikes
|move|p2a: Scrafty|Knock Off|p1a: Sire
|-damage|p1a: Sire|50/100
|
|-weather|Sandstorm|[upkeep]
|-damage|p2a: Scrafty|80/100|[from] Sandstorm
|-heal|p2a: Scrafty|86/100|[from] item: Leftovers
|upkeep
|turn|11
|
|t:|1655338666
|switch|p2a: Jellicent|Jellicent, F|100/100
|move|p1a: Sire|Recover|p1a: Sire
|-heal|p1a: Sire|99/100
|
|-weather|Sandstorm|[upkeep]
|-damage|p2a: Jellicent|94/100|[from] Sandstorm
|upkeep
|turn|12
|
|t:|1655338670
|switch|p1a: Edelgard|Eldegoss, F, shiny|100/100 brn
|move|p2a: Jellicent|Taunt|p1a: Edelgard
|-start|p1a: Edelgard|move: Taunt
|
|-weather|none
|-damage|p1a: Edelgard|95/100 brn|[from] brn
|upkeep
|turn|13
|
|t:|1655338680
|switch|p2a: Charizard|Charizard, M|94/100
|move|p1a: Edelgard|Rapid Spin|p2a: Charizard
|-damage|p2a: Charizard|91/100
|-boost|p1a: Edelgard|spe|1
|-sideend|p1: Heracross2.0|Spikes|[from] move: Rapid Spin|[of] p1a: Edelgard
|
|-damage|p1a: Edelgard|89/100 brn|[from] brn
|upkeep
|turn|14
|
|t:|1655338688
|switch|p1a: blind as a bat|Archeops, F|100/100
|move|p2a: Charizard|Toxic|p1a: blind as a bat
|-status|p1a: blind as a bat|tox
|
|-damage|p1a: blind as a bat|94/100 tox|[from] psn
|upkeep
|turn|15
|
|t:|1655338703
|switch|p2a: Ferroseed|Ferroseed, F|100/100
|-damage|p2a: Ferroseed|94/100|[from] Stealth Rock
|move|p1a: blind as a bat|Knock Off|p2a: Ferroseed
|-crit|p2a: Ferroseed
|-damage|p2a: Ferroseed|61/100
|-damage|p1a: blind as a bat|82/100 tox|[from] ability: Iron Barbs|[of] p2a: Ferroseed
|-enditem|p2a: Ferroseed|Eviolite|[from] move: Knock Off|[of] p1a: blind as a bat
|
|-damage|p1a: blind as a bat|70/100 tox|[from] psn
|upkeep
|turn|16
|
|t:|1655338713
|move|p1a: blind as a bat|U-turn|p2a: Ferroseed
|-damage|p2a: Ferroseed|36/100
|-damage|p1a: blind as a bat|57/100 tox|[from] ability: Iron Barbs|[of] p2a: Ferroseed
|
|t:|1655338719
|switch|p1a: Doggo|Manectric, M, shiny|100/100|[from]move: U-turn
|move|p2a: Ferroseed|Spikes|p1a: Doggo
|-sidestart|p1: Heracross2.0|Spikes
|
|upkeep
|turn|17
|
|t:|1655338726
|move|p2a: Ferroseed|Protect|p2a: Ferroseed
|-singleturn|p2a: Ferroseed|Protect
|move|p1a: Doggo|Toxic|p2a: Ferroseed
|-activate|p2a: Ferroseed|move: Protect
|
|upkeep
|turn|18
|
|t:|1655338731
|switch|p2a: Scrafty|Scrafty, M|86/100
|-damage|p2a: Scrafty|80/100|[from] Stealth Rock
|move|p1a: Doggo|Flamethrower|p2a: Scrafty
|-damage|p2a: Scrafty|62/100
|
|-heal|p2a: Scrafty|68/100|[from] item: Leftovers
|upkeep
|turn|19
|
|t:|1655338738
|move|p1a: Doggo|Volt Switch|p2a: Scrafty
|-damage|p2a: Scrafty|46/100
|
|t:|1655338743
|switch|p1a: Sire|Quagsire, F|99/100|[from]move: Volt Switch
|-damage|p1a: Sire|87/100|[from] Spikes
|move|p2a: Scrafty|Drain Punch|p1a: Sire
|-damage|p1a: Sire|69/100
|-heal|p2a: Scrafty|57/100|[from] drain|[of] p1a: Sire
|
|-heal|p2a: Scrafty|63/100|[from] item: Leftovers
|upkeep
|turn|20
|
|t:|1655338746
|move|p2a: Scrafty|Drain Punch|p1a: Sire
|-damage|p1a: Sire|51/100
|-heal|p2a: Scrafty|73/100|[from] drain|[of] p1a: Sire
|move|p1a: Sire|Toxic|p2a: Scrafty|[miss]
|-miss|p1a: Sire|p2a: Scrafty
|
|-heal|p2a: Scrafty|79/100|[from] item: Leftovers
|upkeep
|turn|21
|inactive|pkmn cypher 2013 has 270 seconds left.
|
|t:|1655338790
|switch|p2a: Ribombee|Ribombee, M|100/100
|move|p1a: Sire|Recover|p1a: Sire
|-heal|p1a: Sire|100/100
|
|upkeep
|turn|22
|
|t:|1655338796
|switch|p2a: Scrafty|Scrafty, M|79/100
|-damage|p2a: Scrafty|73/100|[from] Stealth Rock
|switch|p1a: To Ge De Me|Togedemaru, F|100/100
|
|-heal|p2a: Scrafty|79/100|[from] item: Leftovers
|upkeep
|turn|23
|
|t:|1655338805
|move|p1a: To Ge De Me|U-turn|p2a: Scrafty
|-damage|p2a: Scrafty|66/100
|
|t:|1655338809
|switch|p1a: Sire|Quagsire, F|100/100|[from]move: U-turn
|-damage|p1a: Sire|88/100|[from] Spikes
|move|p2a: Scrafty|Knock Off|p1a: Sire
|-damage|p1a: Sire|74/100
|
|-heal|p2a: Scrafty|72/100|[from] item: Leftovers
|upkeep
|turn|24
|
|t:|1655338818
|move|p2a: Scrafty|Bulk Up|p2a: Scrafty
|-boost|p2a: Scrafty|atk|1
|-boost|p2a: Scrafty|def|1
|move|p1a: Sire|Earthquake|p2a: Scrafty
|-damage|p2a: Scrafty|45/100
|
|-heal|p2a: Scrafty|50/100|[from] item: Leftovers
|upkeep
|turn|25
|
|t:|1655338822
|move|p2a: Scrafty|Rest|p2a: Scrafty
|-status|p2a: Scrafty|slp|[from] move: Rest
|-heal|p2a: Scrafty|100/100 slp|[silent]
|move|p1a: Sire|Earthquake|p2a: Scrafty
|-damage|p2a: Scrafty|76/100 slp
|
|-activate|p2a: Scrafty|ability: Shed Skin
|-curestatus|p2a: Scrafty|slp|[msg]
|-heal|p2a: Scrafty|82/100|[from] item: Leftovers
|upkeep
|turn|26
|
|t:|1655338826
|move|p2a: Scrafty|Knock Off|p1a: Sire
|-damage|p1a: Sire|60/100
|move|p1a: Sire|Scald|p2a: Scrafty
|-crit|p2a: Scrafty
|-damage|p2a: Scrafty|63/100
|
|-heal|p2a: Scrafty|69/100|[from] item: Leftovers
|upkeep
|turn|27
|
|t:|1655338829
|move|p2a: Scrafty|Knock Off|p1a: Sire
|-damage|p1a: Sire|46/100
|move|p1a: Sire|Recover|p1a: Sire
|-heal|p1a: Sire|96/100
|
|-heal|p2a: Scrafty|75/100|[from] item: Leftovers
|upkeep
|turn|28
|
|t:|1655338839
|move|p2a: Scrafty|Bulk Up|p2a: Scrafty
|-boost|p2a: Scrafty|atk|1
|-boost|p2a: Scrafty|def|1
|move|p1a: Sire|Scald|p2a: Scrafty
|-damage|p2a: Scrafty|62/100
|-status|p2a: Scrafty|brn
|
|-heal|p2a: Scrafty|68/100 brn|[from] item: Leftovers
|-damage|p2a: Scrafty|62/100 brn|[from] brn
|upkeep
|turn|29
|
|t:|1655338843
|move|p2a: Scrafty|Knock Off|p1a: Sire
|-damage|p1a: Sire|89/100
|move|p1a: Sire|Earthquake|p2a: Scrafty
|-damage|p2a: Scrafty|38/100 brn
|
|-heal|p2a: Scrafty|44/100 brn|[from] item: Leftovers
|-damage|p2a: Scrafty|38/100 brn|[from] brn
|upkeep
|turn|30
|
|t:|1655338848
|switch|p1a: Edelgard|Eldegoss, F, shiny|100/100 brn
|move|p2a: Scrafty|Rest|p2a: Scrafty
|-status|p2a: Scrafty|slp|[from] move: Rest
|-heal|p2a: Scrafty|100/100 slp|[silent]
|
|-activate|p2a: Scrafty|ability: Shed Skin
|-curestatus|p2a: Scrafty|slp|[msg]
|-damage|p1a: Edelgard|95/100 brn|[from] brn
|upkeep
|turn|31
|
|t:|1655338850
|switch|p1a: Sire|Quagsire, F|89/100
|-damage|p1a: Sire|77/100|[from] Spikes
|move|p2a: Scrafty|Knock Off|p1a: Sire
|-damage|p1a: Sire|62/100
|
|upkeep
|turn|32
|
|t:|1655338854
|switch|p2a: Jellicent|Jellicent, F|94/100
|move|p1a: Sire|Recover|p1a: Sire
|-heal|p1a: Sire|100/100
|
|upkeep
|turn|33
|
|t:|1655338858
|switch|p1a: Edelgard|Eldegoss, F, shiny|100/100 brn
|move|p2a: Jellicent|Taunt|p1a: Edelgard
|-start|p1a: Edelgard|move: Taunt
|
|-damage|p1a: Edelgard|95/100 brn|[from] brn
|upkeep
|turn|34
|
|t:|1655338861
|switch|p1a: Doggo|Manectric, M, shiny|100/100
|move|p2a: Jellicent|Scald|p1a: Doggo
|-damage|p1a: Doggo|56/100
|-status|p1a: Doggo|brn
|
|-damage|p1a: Doggo|50/100 brn|[from] brn
|upkeep
|turn|35
|
|t:|1655338869
|switch|p2a: Gigalith|Gigalith, M|100/100
|-damage|p2a: Gigalith|88/100|[from] Stealth Rock
|-weather|Sandstorm|[from] ability: Sand Stream|[of] p2a: Gigalith
|move|p1a: Doggo|Volt Switch|p2a: Gigalith
|-damage|p2a: Gigalith|71/100
|
|t:|1655338871
|switch|p1a: Edelgard|Eldegoss, F, shiny|100/100 brn|[from]move: Volt Switch
|
|-weather|Sandstorm|[upkeep]
|-damage|p1a: Edelgard|95/100 brn|[from] Sandstorm
|-heal|p2a: Gigalith|77/100|[from] item: Leftovers
|-damage|p1a: Edelgard|89/100 brn|[from] brn
|upkeep
|turn|36
|
|t:|1655338875
|move|p2a: Gigalith|Protect|p2a: Gigalith
|-singleturn|p2a: Gigalith|Protect
|move|p1a: Edelgard|Aromatherapy|p1a: Edelgard
|-activate|p1a: Edelgard|move: Aromatherapy
|-curestatus|p1a: Edelgard|brn|[msg]
|-curestatus|p1: blind as a bat|tox|[msg]
|-curestatus|p1: Doggo|brn|[msg]
|
|-weather|Sandstorm|[upkeep]
|-damage|p1a: Edelgard|83/100|[from] Sandstorm
|-heal|p2a: Gigalith|83/100|[from] item: Leftovers
|upkeep
|turn|37
|
|t:|1655338886
|move|p1a: Edelgard|Rapid Spin|p2a: Gigalith
|-resisted|p2a: Gigalith
|-damage|p2a: Gigalith|81/100
|-boost|p1a: Edelgard|spe|1
|-sideend|p1: Heracross2.0|Spikes|[from] move: Rapid Spin|[of] p1a: Edelgard
|move|p2a: Gigalith|Rock Blast|p1a: Edelgard
|-damage|p1a: Edelgard|67/100
|-damage|p1a: Edelgard|53/100
|-damage|p1a: Edelgard|38/100
|-hitcount|p1a: Edelgard|3
|
|-weather|Sandstorm|[upkeep]
|-damage|p1a: Edelgard|32/100|[from] Sandstorm
|-heal|p2a: Gigalith|87/100|[from] item: Leftovers
|upkeep
|turn|38
|
|t:|1655338895
|switch|p1a: Sire|Quagsire, F|100/100
|move|p2a: Gigalith|Stealth Rock|p1a: Sire
|-sidestart|p1: Heracross2.0|move: Stealth Rock
|
|-weather|Sandstorm|[upkeep]
|-heal|p2a: Gigalith|93/100|[from] item: Leftovers
|upkeep
|turn|39
|
|t:|1655338903
|switch|p2a: Scrafty|Scrafty, M|100/100
|-damage|p2a: Scrafty|95/100|[from] Stealth Rock
|move|p1a: Sire|Toxic|p2a: Scrafty
|-status|p2a: Scrafty|tox
|
|-weather|none
|-heal|p2a: Scrafty|100/100 tox|[from] item: Leftovers
|-damage|p2a: Scrafty|95/100 tox|[from] psn
|upkeep
|turn|40
|
|t:|1655338914
|switch|p2a: Ribombee|Ribombee, M|100/100
|move|p1a: Sire|Earthquake|p2a: Ribombee
|-resisted|p2a: Ribombee
|-damage|p2a: Ribombee|76/100
|
|upkeep
|turn|41
|
|t:|1655338920
|switch|p2a: Charizard|Charizard, M|91/100
|switch|p1a: To Ge De Me|Togedemaru, F|100/100
|
|upkeep
|turn|42
|
|t:|1655338925
|move|p2a: Charizard|Toxic|p1a: To Ge De Me
|-immune|p1a: To Ge De Me
|move|p1a: To Ge De Me|U-turn|p2a: Charizard
|-resisted|p2a: Charizard
|-damage|p2a: Charizard|86/100
|
|t:|1655338930
|switch|p1a: Doggo|Manectric, M, shiny|50/100|[from]move: U-turn
|
|upkeep
|turn|43
|
|t:|1655338937
|switch|p2a: Gigalith|Gigalith, M|93/100
|-damage|p2a: Gigalith|81/100|[from] Stealth Rock
|-weather|Sandstorm|[from] ability: Sand Stream|[of] p2a: Gigalith
|move|p1a: Doggo|Volt Switch|p2a: Gigalith
|-damage|p2a: Gigalith|62/100
|
|t:|1655338948
|switch|p1a: Edelgard|Eldegoss, F, shiny|66/100|[from]move: Volt Switch
|
|-weather|Sandstorm|[upkeep]
|-damage|p1a: Edelgard|60/100|[from] Sandstorm
|-heal|p2a: Gigalith|68/100|[from] item: Leftovers
|upkeep
|turn|44
|
|t:|1655338952
|move|p2a: Gigalith|Protect|p2a: Gigalith
|-singleturn|p2a: Gigalith|Protect
|move|p1a: Edelgard|Giga Drain|p2a: Gigalith
|-activate|p2a: Gigalith|move: Protect
|
|-weather|Sandstorm|[upkeep]
|-damage|p1a: Edelgard|54/100|[from] Sandstorm
|-heal|p2a: Gigalith|75/100|[from] item: Leftovers
|upkeep
|turn|45
|
|t:|1655338955
|move|p1a: Edelgard|Giga Drain|p2a: Gigalith
|-supereffective|p2a: Gigalith
|-damage|p2a: Gigalith|42/100
|-heal|p1a: Edelgard|74/100|[from] drain|[of] p2a: Gigalith
|move|p2a: Gigalith|Rock Blast|p1a: Edelgard|[miss]
|-miss|p2a: Gigalith|p1a: Edelgard
|
|-weather|Sandstorm|[upkeep]
|-damage|p1a: Edelgard|68/100|[from] Sandstorm
|-heal|p2a: Gigalith|48/100|[from] item: Leftovers
|upkeep
|turn|46
|
|t:|1655338959
|move|p2a: Gigalith|Protect|p2a: Gigalith
|-singleturn|p2a: Gigalith|Protect
|move|p1a: Edelgard|Giga Drain|p2a: Gigalith
|-activate|p2a: Gigalith|move: Protect
|
|-weather|Sandstorm|[upkeep]
|-damage|p1a: Edelgard|62/100|[from] Sandstorm
|-heal|p2a: Gigalith|54/100|[from] item: Leftovers
|upkeep
|turn|47
|
|t:|1655338962
|switch|p2a: Charizard|Charizard, M|86/100
|move|p1a: Edelgard|Sleep Powder|p2a: Charizard|[miss]
|-miss|p1a: Edelgard|p2a: Charizard
|
|-weather|none
|upkeep
|turn|48
|
|t:|1655338968
|switch|p1a: Monolith|Gigalith, M, shiny|96/100
|-damage|p1a: Monolith|84/100|[from] Stealth Rock
|-weather|Sandstorm|[from] ability: Sand Stream|[of] p1a: Monolith
|move|p2a: Charizard|Toxic|p1a: Monolith
|-status|p1a: Monolith|tox
|
|-weather|Sandstorm|[upkeep]
|-damage|p2a: Charizard|80/100|[from] Sandstorm
|-heal|p1a: Monolith|90/100 tox|[from] item: Leftovers
|-damage|p1a: Monolith|84/100 tox|[from] psn
|upkeep
|turn|49
|
|t:|1655338976
|switch|p2a: Jellicent|Jellicent, F|94/100
|move|p1a: Monolith|Rock Blast|p2a: Jellicent
|-damage|p2a: Jellicent|84/100
|-crit|p2a: Jellicent
|-damage|p2a: Jellicent|68/100
|-start|p1a: Monolith|Disable|Rock Blast|[from] ability: Cursed Body|[of] p2a: Jellicent
|-hitcount|p2a: Jellicent|2
|
|-weather|Sandstorm|[upkeep]
|-damage|p2a: Jellicent|62/100|[from] Sandstorm
|-heal|p1a: Monolith|90/100 tox|[from] item: Leftovers
|-damage|p1a: Monolith|78/100 tox|[from] psn
|upkeep
|turn|50
|
|t:|1655338982
|switch|p1a: Edelgard|Eldegoss, F, shiny|95/100
|move|p2a: Jellicent|Scald|p1a: Edelgard
|-resisted|p1a: Edelgard
|-damage|p1a: Edelgard|83/100
|
|-weather|Sandstorm|[upkeep]
|-damage|p2a: Jellicent|55/100|[from] Sandstorm
|-damage|p1a: Edelgard|77/100|[from] Sandstorm
|upkeep
|turn|51
|
|t:|1655338985
|move|p2a: Jellicent|Recover|p2a: Jellicent
|-heal|p2a: Jellicent|100/100
|move|p1a: Edelgard|Giga Drain|p2a: Jellicent
|-supereffective|p2a: Jellicent
|-damage|p2a: Jellicent|51/100
|-heal|p1a: Edelgard|100/100|[from] drain|[of] p2a: Jellicent
|
|-weather|Sandstorm|[upkeep]
|-damage|p2a: Jellicent|45/100|[from] Sandstorm
|-damage|p1a: Edelgard|95/100|[from] Sandstorm
|upkeep
|turn|52
|
|t:|1655338990
|move|p2a: Jellicent|Recover|p2a: Jellicent
|-heal|p2a: Jellicent|95/100
|move|p1a: Edelgard|Aromatherapy|p1a: Edelgard
|-activate|p1a: Edelgard|move: Aromatherapy
|-curestatus|p1: Monolith|tox|[msg]
|
|-weather|none
|upkeep
|turn|53
|
|t:|1655338994
|move|p2a: Jellicent|Taunt|p1a: Edelgard
|-start|p1a: Edelgard|move: Taunt
|move|p1a: Edelgard|Giga Drain|p2a: Jellicent
|-supereffective|p2a: Jellicent
|-damage|p2a: Jellicent|41/100
|-heal|p1a: Edelgard|100/100|[from] drain|[of] p2a: Jellicent
|
|upkeep
|turn|54
|
|t:|1655338997
|move|p2a: Jellicent|Recover|p2a: Jellicent
|-heal|p2a: Jellicent|91/100
|move|p1a: Edelgard|Giga Drain|p2a: Jellicent
|-supereffective|p2a: Jellicent
|-damage|p2a: Jellicent|43/100
|
|upkeep
|turn|55
|
|t:|1655338999
|switch|p1a: Doggo|Manectric, M, shiny|50/100
|move|p2a: Jellicent|Recover|p2a: Jellicent
|-heal|p2a: Jellicent|93/100
|
|upkeep
|turn|56
|
|t:|1655339005
|switch|p2a: Scrafty|Scrafty, M|95/100 tox
|-damage|p2a: Scrafty|89/100 tox|[from] Stealth Rock
|move|p1a: Doggo|Volt Switch|p2a: Scrafty
|-damage|p2a: Scrafty|65/100 tox
|
|t:|1655339012
|switch|p1a: blind as a bat|Archeops, F|57/100|[from]move: Volt Switch
|
|-heal|p2a: Scrafty|71/100 tox|[from] item: Leftovers
|-damage|p2a: Scrafty|65/100 tox|[from] psn
|upkeep
|turn|57
|
|t:|1655339019
|switch|p2a: Jellicent|Jellicent, F|93/100
|move|p1a: blind as a bat|Knock Off|p2a: Jellicent
|-supereffective|p2a: Jellicent
|-damage|p2a: Jellicent|33/100
|-start|p1a: blind as a bat|Disable|Knock Off|[from] ability: Cursed Body|[of] p2a: Jellicent
|-enditem|p2a: Jellicent|Heavy-Duty Boots|[from] move: Knock Off|[of] p1a: blind as a bat
|
|upkeep
|turn|58
|
|t:|1655339024
|move|p1a: blind as a bat|Stone Edge|p2a: Jellicent
|-damage|p2a: Jellicent|0 fnt
|faint|p2a: Jellicent
|
|upkeep
|
|t:|1655339048
|switch|p2a: Scrafty|Scrafty, M|65/100 tox
|-damage|p2a: Scrafty|59/100 tox|[from] Stealth Rock
|turn|59
|
|t:|1655339052
|move|p1a: blind as a bat|U-turn|p2a: Scrafty
|-crit|p2a: Scrafty
|-damage|p2a: Scrafty|27/100 tox
|
|t:|1655339058
|switch|p1a: Edelgard|Eldegoss, F, shiny|100/100|[from]move: U-turn
|move|p2a: Scrafty|Rest|p2a: Scrafty
|-status|p2a: Scrafty|slp|[from] move: Rest
|-heal|p2a: Scrafty|100/100 slp|[silent]
|
|-activate|p2a: Scrafty|ability: Shed Skin
|-curestatus|p2a: Scrafty|slp|[msg]
|upkeep
|turn|60
|
|t:|1655339069
|switch|p2a: Charizard|Charizard, M|80/100
|move|p1a: Edelgard|Rapid Spin|p2a: Charizard
|-damage|p2a: Charizard|73/100
|-boost|p1a: Edelgard|spe|1
|-sideend|p1: Heracross2.0|Stealth Rock|[from] move: Rapid Spin|[of] p1a: Edelgard
|
|upkeep
|turn|61
|
|t:|1655339076
|move|p2a: Charizard|Toxic|p1a: Edelgard
|-status|p1a: Edelgard|tox
|move|p1a: Edelgard|Sleep Powder|p2a: Charizard
|-status|p2a: Charizard|slp|[from] move: Sleep Powder
|
|-damage|p1a: Edelgard|95/100 tox|[from] psn
|upkeep
|turn|62
|
|t:|1655339083
|cant|p2a: Charizard|slp
|move|p1a: Edelgard|Aromatherapy|p1a: Edelgard
|-activate|p1a: Edelgard|move: Aromatherapy
|-curestatus|p1a: Edelgard|tox|[msg]
|
|upkeep
|turn|63
|
|t:|1655339085
|switch|p1a: Monolith|Gigalith, M, shiny|78/100
|-weather|Sandstorm|[from] ability: Sand Stream|[of] p1a: Monolith
|cant|p2a: Charizard|slp
|
|-weather|Sandstorm|[upkeep]
|-damage|p2a: Charizard|67/100 slp|[from] Sandstorm
|-heal|p1a: Monolith|84/100|[from] item: Leftovers
|upkeep
|turn|64
|
|t:|1655339090
|switch|p2a: Scrafty|Scrafty, M|100/100
|-damage|p2a: Scrafty|95/100|[from] Stealth Rock
|switch|p1a: blind as a bat|Archeops, F|57/100
|
|-weather|Sandstorm|[upkeep]
|-damage|p2a: Scrafty|89/100|[from] Sandstorm
|-heal|p2a: Scrafty|95/100|[from] item: Leftovers
|upkeep
|turn|65
|
|t:|1655339094
|move|p1a: blind as a bat|Knock Off|p2a: Scrafty
|-resisted|p2a: Scrafty
|-damage|p2a: Scrafty|87/100
|-enditem|p2a: Scrafty|Leftovers|[from] move: Knock Off|[of] p1a: blind as a bat
|move|p2a: Scrafty|Knock Off|p1a: blind as a bat
|-damage|p1a: blind as a bat|5/100
|-enditem|p1a: blind as a bat|Heavy-Duty Boots|[from] move: Knock Off|[of] p2a: Scrafty
|
|-weather|Sandstorm|[upkeep]
|-damage|p2a: Scrafty|81/100|[from] Sandstorm
|upkeep
|turn|66
|
|t:|1655339097
|move|p1a: blind as a bat|U-turn|p2a: Scrafty
|-damage|p2a: Scrafty|70/100
|
|t:|1655339100
|switch|p1a: Sire|Quagsire, F|100/100|[from]move: U-turn
|move|p2a: Scrafty|Drain Punch|p1a: Sire
|-damage|p1a: Sire|83/100
|-heal|p2a: Scrafty|80/100|[from] drain|[of] p1a: Sire
|
|-weather|Sandstorm|[upkeep]
|-damage|p2a: Scrafty|74/100|[from] Sandstorm
|upkeep
|turn|67
|
|t:|1655339104
|switch|p2a: Ribombee|Ribombee, M|76/100
|move|p1a: Sire|Scald|p2a: Ribombee
|-damage|p2a: Ribombee|46/100
|
|-weather|none
|upkeep
|turn|68
|
|t:|1655339109
|switch|p1a: To Ge De Me|Togedemaru, F|100/100
|move|p2a: Ribombee|Aromatherapy|p2a: Ribombee
|-activate|p2a: Ribombee|move: Aromatherapy
|-curestatus|p2: Charizard|slp|[msg]
|
|upkeep
|turn|69
|
|t:|1655339114
|move|p2a: Ribombee|Roost|p2a: Ribombee
|-heal|p2a: Ribombee|96/100
|-singleturn|p2a: Ribombee|move: Roost
|move|p1a: To Ge De Me|U-turn|p2a: Ribombee
|-resisted|p2a: Ribombee
|-damage|p2a: Ribombee|83/100
|
|t:|1655339117
|switch|p1a: Monolith|Gigalith, M, shiny|84/100|[from]move: U-turn
|-weather|Sandstorm|[from] ability: Sand Stream|[of] p1a: Monolith
|
|-weather|Sandstorm|[upkeep]
|-damage|p2a: Ribombee|77/100|[from] Sandstorm
|-heal|p1a: Monolith|90/100|[from] item: Leftovers
|upkeep
|turn|70
|
|t:|1655339124
|switch|p2a: Scrafty|Scrafty, M|74/100
|-damage|p2a: Scrafty|68/100|[from] Stealth Rock
|move|p1a: Monolith|Rock Blast|p2a: Scrafty
|-resisted|p2a: Scrafty
|-damage|p2a: Scrafty|64/100
|-resisted|p2a: Scrafty
|-crit|p2a: Scrafty
|-damage|p2a: Scrafty|56/100
|-resisted|p2a: Scrafty
|-damage|p2a: Scrafty|51/100
|-resisted|p2a: Scrafty
|-damage|p2a: Scrafty|46/100
|-resisted|p2a: Scrafty
|-damage|p2a: Scrafty|41/100
|-hitcount|p2a: Scrafty|5
|
|-weather|Sandstorm|[upkeep]
|-damage|p2a: Scrafty|35/100|[from] Sandstorm
|-heal|p1a: Monolith|96/100|[from] item: Leftovers
|upkeep
|turn|71
|
|t:|1655339140
|switch|p1a: Sire|Quagsire, F|83/100
|move|p2a: Scrafty|Drain Punch|p1a: Sire
|-damage|p1a: Sire|67/100
|-heal|p2a: Scrafty|45/100|[from] drain|[of] p1a: Sire
|
|-weather|Sandstorm|[upkeep]
|-damage|p2a: Scrafty|39/100|[from] Sandstorm
|upkeep
|turn|72
|
|t:|1655339144
|move|p2a: Scrafty|Rest|p2a: Scrafty
|-status|p2a: Scrafty|slp|[from] move: Rest
|-heal|p2a: Scrafty|100/100 slp|[silent]
|move|p1a: Sire|Scald|p2a: Scrafty
|-damage|p2a: Scrafty|89/100 slp
|
|-weather|Sandstorm|[upkeep]
|-damage|p2a: Scrafty|83/100 slp|[from] Sandstorm
|-activate|p2a: Scrafty|ability: Shed Skin
|-curestatus|p2a: Scrafty|slp|[msg]
|upkeep
|turn|73
|
|t:|1655339147
|move|p2a: Scrafty|Bulk Up|p2a: Scrafty
|-boost|p2a: Scrafty|atk|1
|-boost|p2a: Scrafty|def|1
|move|p1a: Sire|Earthquake|p2a: Scrafty
|-damage|p2a: Scrafty|57/100
|
|-weather|none
|upkeep
|turn|74
|
|t:|1655339151
|move|p2a: Scrafty|Bulk Up|p2a: Scrafty
|-boost|p2a: Scrafty|atk|1
|-boost|p2a: Scrafty|def|1
|move|p1a: Sire|Recover|p1a: Sire
|-heal|p1a: Sire|100/100
|
|upkeep
|turn|75
|
|t:|1655339153
|move|p2a: Scrafty|Rest|p2a: Scrafty
|-status|p2a: Scrafty|slp|[from] move: Rest
|-heal|p2a: Scrafty|100/100 slp|[silent]
|move|p1a: Sire|Scald|p2a: Scrafty
|-damage|p2a: Scrafty|89/100 slp
|
|upkeep
|turn|76
|
|t:|1655339157
|switch|p1a: blind as a bat|Archeops, F|5/100
|cant|p2a: Scrafty|slp
|
|-activate|p2a: Scrafty|ability: Shed Skin
|-curestatus|p2a: Scrafty|slp|[msg]
|upkeep
|turn|77
|
|t:|1655339161
|switch|p1a: Sire|Quagsire, F|100/100
|move|p2a: Scrafty|Knock Off|p1a: Sire
|-damage|p1a: Sire|88/100
|
|upkeep
|turn|78
|
|t:|1655339164
|move|p2a: Scrafty|Bulk Up|p2a: Scrafty
|-boost|p2a: Scrafty|atk|1
|-boost|p2a: Scrafty|def|1
|move|p1a: Sire|Scald|p2a: Scrafty
|-damage|p2a: Scrafty|75/100
|-status|p2a: Scrafty|brn
|
|-damage|p2a: Scrafty|69/100 brn|[from] brn
|upkeep
|turn|79
|
|t:|1655339167
|move|p2a: Scrafty|Knock Off|p1a: Sire
|-damage|p1a: Sire|80/100
|move|p1a: Sire|Earthquake|p2a: Scrafty
|-damage|p2a: Scrafty|42/100 brn
|
|-damage|p2a: Scrafty|36/100 brn|[from] brn
|upkeep
|turn|80
|
|t:|1655339170
|switch|p1a: blind as a bat|Archeops, F|5/100
|move|p2a: Scrafty|Rest|p2a: Scrafty
|-status|p2a: Scrafty|slp|[from] move: Rest
|-heal|p2a: Scrafty|100/100 slp|[silent]
|
|upkeep
|turn|81
|
|t:|1655339172
|move|p1a: blind as a bat|Roost|p1a: blind as a bat
|-heal|p1a: blind as a bat|55/100
|-singleturn|p1a: blind as a bat|move: Roost
|cant|p2a: Scrafty|slp
|
|upkeep
|turn|82
|
|t:|1655339175
|move|p1a: blind as a bat|U-turn|p2a: Scrafty
|-damage|p2a: Scrafty|91/100 slp
|
|t:|1655339180
|switch|p1a: Doggo|Manectric, M, shiny|50/100|[from]move: U-turn
|cant|p2a: Scrafty|slp
|
|-activate|p2a: Scrafty|ability: Shed Skin
|-curestatus|p2a: Scrafty|slp|[msg]
|upkeep
|turn|83
|
|t:|1655339182
|move|p1a: Doggo|Volt Switch|p2a: Scrafty
|-damage|p2a: Scrafty|70/100
|
|t:|1655339186
|switch|p1a: Sire|Quagsire, F|80/100|[from]move: Volt Switch
|move|p2a: Scrafty|Knock Off|p1a: Sire
|-damage|p1a: Sire|65/100
|
|upkeep
|turn|84
|
|t:|1655339189
|move|p2a: Scrafty|Bulk Up|p2a: Scrafty
|-boost|p2a: Scrafty|atk|1
|-boost|p2a: Scrafty|def|1
|move|p1a: Sire|Scald|p2a: Scrafty
|-damage|p2a: Scrafty|56/100
|
|upkeep
|turn|85
|
|t:|1655339193
|move|p2a: Scrafty|Bulk Up|p2a: Scrafty
|-boost|p2a: Scrafty|atk|1
|-boost|p2a: Scrafty|def|1
|move|p1a: Sire|Earthquake|p2a: Scrafty
|-damage|p2a: Scrafty|30/100
|
|upkeep
|turn|86
|
|t:|1655339200
|move|p2a: Scrafty|Rest|p2a: Scrafty
|-status|p2a: Scrafty|slp|[from] move: Rest
|-heal|p2a: Scrafty|100/100 slp|[silent]
|move|p1a: Sire|Earthquake|p2a: Scrafty
|-damage|p2a: Scrafty|73/100 slp
|
|-activate|p2a: Scrafty|ability: Shed Skin
|-curestatus|p2a: Scrafty|slp|[msg]
|upkeep
|turn|87
|
|t:|1655339203
|move|p2a: Scrafty|Bulk Up|p2a: Scrafty
|-boost|p2a: Scrafty|atk|1
|-boost|p2a: Scrafty|def|1
|move|p1a: Sire|Scald|p2a: Scrafty
|-damage|p2a: Scrafty|60/100
|-status|p2a: Scrafty|brn
|
|-damage|p2a: Scrafty|54/100 brn|[from] brn
|upkeep
|turn|88
|
|t:|1655339206
|move|p2a: Scrafty|Knock Off|p1a: Sire
|-damage|p1a: Sire|59/100
|move|p1a: Sire|Scald|p2a: Scrafty
|-damage|p2a: Scrafty|42/100 brn
|
|-activate|p2a: Scrafty|ability: Shed Skin
|-curestatus|p2a: Scrafty|brn|[msg]
|upkeep
|turn|89
|
|t:|1655339209
|move|p2a: Scrafty|Rest|p2a: Scrafty
|-status|p2a: Scrafty|slp|[from] move: Rest
|-heal|p2a: Scrafty|100/100 slp|[silent]
|move|p1a: Sire|Scald|p2a: Scrafty
|-damage|p2a: Scrafty|88/100 slp
|
|upkeep
|turn|90
|
|t:|1655339213
|cant|p2a: Scrafty|slp
|move|p1a: Sire|Recover|p1a: Sire
|-heal|p1a: Sire|100/100
|
|upkeep
|turn|91
|
|t:|1655339218
|switch|p1a: Doggo|Manectric, M, shiny|50/100
|cant|p2a: Scrafty|slp
|
|-activate|p2a: Scrafty|ability: Shed Skin
|-curestatus|p2a: Scrafty|slp|[msg]
|upkeep
|turn|92
|
|t:|1655339221
|move|p1a: Doggo|Volt Switch|p2a: Scrafty
|-damage|p2a: Scrafty|66/100
|
|t:|1655339225
|switch|p1a: Sire|Quagsire, F|100/100|[from]move: Volt Switch
|move|p2a: Scrafty|Drain Punch|p1a: Sire
|-crit|p1a: Sire
|-damage|p1a: Sire|74/100
|-heal|p2a: Scrafty|82/100|[from] drain|[of] p1a: Sire
|
|upkeep
|turn|93
|
|t:|1655339228
|switch|p2a: Ribombee|Ribombee, M|77/100
|move|p1a: Sire|Toxic|p2a: Ribombee
|-status|p2a: Ribombee|tox
|
|-damage|p2a: Ribombee|71/100 tox|[from] psn
|upkeep
|turn|94
|
|t:|1655339232
|switch|p2a: Charizard|Charizard, M|67/100
|switch|p1a: To Ge De Me|Togedemaru, F|100/100
|
|upkeep
|turn|95
|
|t:|1655339237
|switch|p1a: Monolith|Gigalith, M, shiny|96/100
|-weather|Sandstorm|[from] ability: Sand Stream|[of] p1a: Monolith
|move|p2a: Charizard|Flamethrower|p1a: Monolith
|-resisted|p1a: Monolith
|-damage|p1a: Monolith|87/100
|
|-weather|Sandstorm|[upkeep]
|-damage|p2a: Charizard|61/100|[from] Sandstorm
|-heal|p1a: Monolith|94/100|[from] item: Leftovers
|upkeep
|turn|96
|
|t:|1655339242
|switch|p2a: Scrafty|Scrafty, M|82/100
|-damage|p2a: Scrafty|76/100|[from] Stealth Rock
|move|p1a: Monolith|Rock Blast|p2a: Scrafty
|-resisted|p2a: Scrafty
|-damage|p2a: Scrafty|72/100
|-resisted|p2a: Scrafty
|-damage|p2a: Scrafty|67/100
|-hitcount|p2a: Scrafty|2
|
|-weather|Sandstorm|[upkeep]
|-damage|p2a: Scrafty|61/100|[from] Sandstorm
|-heal|p1a: Monolith|99/100|[from] item: Leftovers
|upkeep
|turn|97
|
|t:|1655339249
|switch|p2a: Charizard|Charizard, M|61/100
|switch|p1a: Sire|Quagsire, F|74/100
|
|-weather|Sandstorm|[upkeep]
|-damage|p2a: Charizard|55/100|[from] Sandstorm
|upkeep
|turn|98
|
|t:|1655339251
|move|p2a: Charizard|Toxic|p1a: Sire
|-status|p1a: Sire|tox
|move|p1a: Sire|Scald|p2a: Charizard
|-supereffective|p2a: Charizard
|-damage|p2a: Charizard|19/100
|
|-weather|Sandstorm|[upkeep]
|-damage|p2a: Charizard|13/100|[from] Sandstorm
|-damage|p1a: Sire|67/100 tox|[from] psn
|upkeep
|turn|99
|
|t:|1655339261
|switch|p1a: Doggo|Manectric, M, shiny|50/100
|move|p2a: Charizard|Flamethrower|p1a: Doggo
|-damage|p1a: Doggo|0 fnt
|faint|p1a: Doggo
|
|-weather|none
|upkeep
|
|t:|1655339267
|switch|p1a: blind as a bat|Archeops, F|55/100
|turn|100
|
|t:|1655339270
|switch|p2a: Scrafty|Scrafty, M|61/100
|-damage|p2a: Scrafty|55/100|[from] Stealth Rock
|move|p1a: blind as a bat|Stone Edge|p2a: Scrafty
|-resisted|p2a: Scrafty
|-damage|p2a: Scrafty|33/100
|
|upkeep
|turn|101
|
|t:|1655339277
|move|p1a: blind as a bat|U-turn|p2a: Scrafty
|-damage|p2a: Scrafty|9/100
|
|t:|1655339280
|switch|p1a: Edelgard|Eldegoss, F, shiny|100/100|[from]move: U-turn
|move|p2a: Scrafty|Rest|p2a: Scrafty
|-status|p2a: Scrafty|slp|[from] move: Rest
|-heal|p2a: Scrafty|100/100 slp|[silent]
|
|upkeep
|turn|102
|
|t:|1655339283
|switch|p2a: Charizard|Charizard, M|13/100
|move|p1a: Edelgard|Aromatherapy|p1a: Edelgard
|-activate|p1a: Edelgard|move: Aromatherapy
|-curestatus|p1: Sire|tox|[msg]
|
|upkeep
|turn|103
|
|t:|1655339288
|switch|p1a: Monolith|Gigalith, M, shiny|99/100
|-weather|Sandstorm|[from] ability: Sand Stream|[of] p1a: Monolith
|move|p2a: Charizard|Toxic|p1a: Monolith
|-status|p1a: Monolith|tox
|
|-weather|Sandstorm|[upkeep]
|-damage|p2a: Charizard|7/100|[from] Sandstorm
|-heal|p1a: Monolith|100/100 tox|[from] item: Leftovers
|-damage|p1a: Monolith|94/100 tox|[from] psn
|upkeep
|turn|104
|
|t:|1655339292
|switch|p2a: Scrafty|Scrafty, M|100/100 slp
|-damage|p2a: Scrafty|95/100 slp|[from] Stealth Rock
|move|p1a: Monolith|Rock Blast|p2a: Scrafty
|-resisted|p2a: Scrafty
|-damage|p2a: Scrafty|90/100 slp
|-resisted|p2a: Scrafty
|-damage|p2a: Scrafty|85/100 slp
|-hitcount|p2a: Scrafty|2
|
|-weather|Sandstorm|[upkeep]
|-damage|p2a: Scrafty|79/100 slp|[from] Sandstorm
|-heal|p1a: Monolith|100/100 tox|[from] item: Leftovers
|-damage|p1a: Monolith|88/100 tox|[from] psn
|upkeep
|turn|105
|
|t:|1655339295
|switch|p1a: Edelgard|Eldegoss, F, shiny|100/100
|cant|p2a: Scrafty|slp
|
|-weather|Sandstorm|[upkeep]
|-damage|p1a: Edelgard|95/100|[from] Sandstorm
|-damage|p2a: Scrafty|73/100 slp|[from] Sandstorm
|-activate|p2a: Scrafty|ability: Shed Skin
|-curestatus|p2a: Scrafty|slp|[msg]
|upkeep
|turn|106
|
|t:|1655339299
|switch|p2a: Ferroseed|Ferroseed, F|36/100
|-damage|p2a: Ferroseed|30/100|[from] Stealth Rock
|move|p1a: Edelgard|Aromatherapy|p1a: Edelgard
|-activate|p1a: Edelgard|move: Aromatherapy
|-curestatus|p1: Monolith|tox|[msg]
|
|-weather|Sandstorm|[upkeep]
|-damage|p1a: Edelgard|89/100|[from] Sandstorm
|upkeep
|turn|107
|
|t:|1655339301
|move|p1a: Edelgard|Giga Drain|p2a: Ferroseed
|-resisted|p2a: Ferroseed
|-damage|p2a: Ferroseed|19/100
|-heal|p1a: Edelgard|94/100|[from] drain|[of] p2a: Ferroseed
|move|p2a: Ferroseed|Spikes|p1a: Edelgard
|-sidestart|p1: Heracross2.0|Spikes
|
|-weather|none
|upkeep
|turn|108
|
|t:|1655339307
|move|p1a: Edelgard|Giga Drain|p2a: Ferroseed
|-resisted|p2a: Ferroseed
|-damage|p2a: Ferroseed|9/100
|-heal|p1a: Edelgard|99/100|[from] drain|[of] p2a: Ferroseed
|move|p2a: Ferroseed|Gyro Ball|p1a: Edelgard
|-damage|p1a: Edelgard|60/100
|
|upkeep
|turn|109
|
|t:|1655339311
|move|p1a: Edelgard|Rapid Spin|p2a: Ferroseed
|-resisted|p2a: Ferroseed
|-damage|p2a: Ferroseed|6/100
|-boost|p1a: Edelgard|spe|1
|-damage|p1a: Edelgard|47/100|[from] ability: Iron Barbs|[of] p2a: Ferroseed
|-sideend|p1: Heracross2.0|Spikes|[from] move: Rapid Spin|[of] p1a: Edelgard
|move|p2a: Ferroseed|Gyro Ball|p1a: Edelgard
|-crit|p1a: Edelgard
|-damage|p1a: Edelgard|0 fnt
|faint|p1a: Edelgard
|
|upkeep
|
|t:|1655339321
|switch|p1a: blind as a bat|Archeops, F|55/100
|turn|110
|inactive|pkmn cypher 2013 has 270 seconds left.
|
|t:|1655339368
|switch|p2a: Scrafty|Scrafty, M|73/100
|-damage|p2a: Scrafty|67/100|[from] Stealth Rock
|move|p1a: blind as a bat|U-turn|p2a: Scrafty
|-damage|p2a: Scrafty|43/100
|
|t:|1655339374
|switch|p1a: To Ge De Me|Togedemaru, F|100/100|[from]move: U-turn
|
|upkeep
|turn|111
|
|t:|1655339377
|move|p1a: To Ge De Me|Iron Head|p2a: Scrafty
|-damage|p2a: Scrafty|20/100
|move|p2a: Scrafty|Drain Punch|p1a: To Ge De Me
|-supereffective|p1a: To Ge De Me
|-damage|p1a: To Ge De Me|26/100
|-heal|p2a: Scrafty|57/100|[from] drain|[of] p1a: To Ge De Me
|
|upkeep
|turn|112
|
|t:|1655339386
|move|p1a: To Ge De Me|U-turn|p2a: Scrafty
|-damage|p2a: Scrafty|44/100
|
|t:|1655339389
|switch|p1a: Sire|Quagsire, F|67/100|[from]move: U-turn
|move|p2a: Scrafty|Drain Punch|p1a: Sire
|-damage|p1a: Sire|50/100
|-heal|p2a: Scrafty|54/100|[from] drain|[of] p1a: Sire
|
|upkeep
|turn|113
|
|t:|1655339395
|switch|p2a: Ribombee|Ribombee, M|71/100 tox
|move|p1a: Sire|Recover|p1a: Sire
|-heal|p1a: Sire|100/100
|
|-damage|p2a: Ribombee|64/100 tox|[from] psn
|upkeep
|turn|114
|
|t:|1655339401
|switch|p1a: Monolith|Gigalith, M, shiny|88/100
|-weather|Sandstorm|[from] ability: Sand Stream|[of] p1a: Monolith
|move|p2a: Ribombee|Aromatherapy|p2a: Ribombee
|-activate|p2a: Ribombee|move: Aromatherapy
|-curestatus|p2a: Ribombee|tox|[msg]
|
|-weather|Sandstorm|[upkeep]
|-damage|p2a: Ribombee|58/100|[from] Sandstorm
|-heal|p1a: Monolith|94/100|[from] item: Leftovers
|upkeep
|turn|115
|
|t:|1655339405
|switch|p2a: Scrafty|Scrafty, M|54/100
|-damage|p2a: Scrafty|48/100|[from] Stealth Rock
|move|p1a: Monolith|Rock Blast|p2a: Scrafty
|-resisted|p2a: Scrafty
|-damage|p2a: Scrafty|43/100
|-resisted|p2a: Scrafty
|-damage|p2a: Scrafty|38/100
|-resisted|p2a: Scrafty
|-damage|p2a: Scrafty|33/100
|-hitcount|p2a: Scrafty|3
|
|-weather|Sandstorm|[upkeep]
|-damage|p2a: Scrafty|27/100|[from] Sandstorm
|-heal|p1a: Monolith|100/100|[from] item: Leftovers
|upkeep
|turn|116
|
|t:|1655339411
|switch|p1a: Sire|Quagsire, F|100/100
|move|p2a: Scrafty|Rest|p2a: Scrafty
|-status|p2a: Scrafty|slp|[from] move: Rest
|-heal|p2a: Scrafty|100/100 slp|[silent]
|
|-weather|Sandstorm|[upkeep]
|-damage|p2a: Scrafty|95/100 slp|[from] Sandstorm
|upkeep
|turn|117
|
|t:|1655339413
|switch|p1a: To Ge De Me|Togedemaru, F|26/100
|cant|p2a: Scrafty|slp
|
|-weather|Sandstorm|[upkeep]
|-damage|p2a: Scrafty|89/100 slp|[from] Sandstorm
|upkeep
|turn|118
|
|t:|1655339416
|move|p1a: To Ge De Me|Wish|p1a: To Ge De Me
|cant|p2a: Scrafty|slp
|
|-weather|none
|upkeep
|turn|119
|
|t:|1655339419
|move|p1a: To Ge De Me|Spiky Shield|p1a: To Ge De Me
|-singleturn|p1a: To Ge De Me|move: Protect
|-curestatus|p2a: Scrafty|slp|[msg]
|move|p2a: Scrafty|Bulk Up|p2a: Scrafty
|-boost|p2a: Scrafty|atk|1
|-boost|p2a: Scrafty|def|1
|
|-heal|p1a: To Ge De Me|76/100|[from] move: Wish|[wisher] To Ge De Me
|upkeep
|turn|120
|
|t:|1655339427
|move|p1a: To Ge De Me|U-turn|p2a: Scrafty
|-damage|p2a: Scrafty|80/100
|
|t:|1655339430
|switch|p1a: Sire|Quagsire, F|100/100|[from]move: U-turn
|move|p2a: Scrafty|Bulk Up|p2a: Scrafty
|-boost|p2a: Scrafty|atk|1
|-boost|p2a: Scrafty|def|1
|
|upkeep
|turn|121
|
|t:|1655339441
|switch|p2a: Ribombee|Ribombee, M|58/100
|move|p1a: Sire|Scald|p2a: Ribombee
|-damage|p2a: Ribombee|30/100
|
|upkeep
|turn|122
|
|t:|1655339446
|switch|p1a: To Ge De Me|Togedemaru, F|76/100
|move|p2a: Ribombee|Roost|p2a: Ribombee
|-heal|p2a: Ribombee|81/100
|-singleturn|p2a: Ribombee|move: Roost
|
|upkeep
|turn|123
|
|t:|1655339450
|switch|p2a: Scrafty|Scrafty, M|80/100
|-damage|p2a: Scrafty|74/100|[from] Stealth Rock
|move|p1a: To Ge De Me|Iron Head|p2a: Scrafty
|-damage|p2a: Scrafty|52/100
|
|upkeep
|turn|124
|
|t:|1655339457
|move|p1a: To Ge De Me|U-turn|p2a: Scrafty
|-damage|p2a: Scrafty|37/100
|
|t:|1655339460
|switch|p1a: Sire|Quagsire, F|100/100|[from]move: U-turn
|move|p2a: Scrafty|Rest|p2a: Scrafty
|-status|p2a: Scrafty|slp|[from] move: Rest
|-heal|p2a: Scrafty|100/100 slp|[silent]
|
|-activate|p2a: Scrafty|ability: Shed Skin
|-curestatus|p2a: Scrafty|slp|[msg]
|upkeep
|turn|125
|
|t:|1655339463
|switch|p2a: Ribombee|Ribombee, M|81/100
|move|p1a: Sire|Scald|p2a: Ribombee
|-damage|p2a: Ribombee|52/100
|
|upkeep
|turn|126
|
|t:|1655339466
|switch|p2a: Charizard|Charizard, M|7/100
|switch|p1a: To Ge De Me|Togedemaru, F|76/100
|
|upkeep
|turn|127
|
|t:|1655339473
|switch|p1a: Monolith|Gigalith, M, shiny|100/100
|-weather|Sandstorm|[from] ability: Sand Stream|[of] p1a: Monolith
|move|p2a: Charizard|Roost|p2a: Charizard
|-heal|p2a: Charizard|57/100
|-singleturn|p2a: Charizard|move: Roost
|
|-weather|Sandstorm|[upkeep]
|-damage|p2a: Charizard|51/100|[from] Sandstorm
|upkeep
|turn|128
|
|t:|1655339486
|switch|p2a: Scrafty|Scrafty, M|100/100
|-damage|p2a: Scrafty|95/100|[from] Stealth Rock
|switch|p1a: blind as a bat|Archeops, F|55/100
|
|-weather|Sandstorm|[upkeep]
|-damage|p2a: Scrafty|89/100|[from] Sandstorm
|upkeep
|turn|129
|
|t:|1655339489
|move|p1a: blind as a bat|U-turn|p2a: Scrafty
|-damage|p2a: Scrafty|67/100
|
|t:|1655339492
|switch|p1a: Sire|Quagsire, F|100/100|[from]move: U-turn
|move|p2a: Scrafty|Knock Off|p1a: Sire
|-damage|p1a: Sire|87/100
|
|-weather|Sandstorm|[upkeep]
|-damage|p2a: Scrafty|61/100|[from] Sandstorm
|upkeep
|turn|130
|
|t:|1655339500
|switch|p1a: To Ge De Me|Togedemaru, F|76/100
|move|p2a: Scrafty|Bulk Up|p2a: Scrafty
|-boost|p2a: Scrafty|atk|1
|-boost|p2a: Scrafty|def|1
|
|-weather|Sandstorm|[upkeep]
|-damage|p2a: Scrafty|55/100|[from] Sandstorm
|upkeep
|turn|131
|
|t:|1655339504
|move|p1a: To Ge De Me|U-turn|p2a: Scrafty
|-damage|p2a: Scrafty|46/100
|
|t:|1655339507
|switch|p1a: Sire|Quagsire, F|87/100|[from]move: U-turn
|move|p2a: Scrafty|Knock Off|p1a: Sire
|-damage|p1a: Sire|73/100
|
|-weather|none
|upkeep
|turn|132
|
|t:|1655339510
|move|p2a: Scrafty|Rest|p2a: Scrafty
|-status|p2a: Scrafty|slp|[from] move: Rest
|-heal|p2a: Scrafty|100/100 slp|[silent]
|move|p1a: Sire|Scald|p2a: Scrafty
|-damage|p2a: Scrafty|88/100 slp
|
|upkeep
|turn|133
|
|t:|1655339515
|cant|p2a: Scrafty|slp
|move|p1a: Sire|Recover|p1a: Sire
|-heal|p1a: Sire|100/100
|
|-activate|p2a: Scrafty|ability: Shed Skin
|-curestatus|p2a: Scrafty|slp|[msg]
|upkeep
|turn|134
|
|t:|1655339520
|switch|p2a: Charizard|Charizard, M|51/100
|move|p1a: Sire|Scald|p2a: Charizard
|-supereffective|p2a: Charizard
|-damage|p2a: Charizard|14/100
|
|upkeep
|turn|135
|
|t:|1655339526
|move|p2a: Charizard|Toxic|p1a: Sire
|-status|p1a: Sire|tox
|move|p1a: Sire|Earthquake|p2a: Charizard
|-immune|p2a: Charizard
|
|-damage|p1a: Sire|94/100 tox|[from] psn
|upkeep
|turn|136
|
|t:|1655339530
|move|p2a: Charizard|Defog|p1a: Sire
|-unboost|p1a: Sire|evasion|1
|-sideend|p2: pkmn cypher 2013|Stealth Rock|[from] move: Defog|[of] p2a: Charizard
|move|p1a: Sire|Earthquake|p2a: Charizard
|-immune|p2a: Charizard
|
|-damage|p1a: Sire|82/100 tox|[from] psn
|upkeep
|turn|137
|
|t:|1655339532
|move|p2a: Charizard|Toxic|p1a: Sire
|-fail|p1a: Sire|tox
|move|p1a: Sire|Earthquake|p2a: Charizard
|-immune|p2a: Charizard
|
|-damage|p1a: Sire|64/100 tox|[from] psn
|upkeep
|turn|138
|
|t:|1655339536
|move|p2a: Charizard|Toxic|p1a: Sire
|-fail|p1a: Sire|tox
|move|p1a: Sire|Scald|p2a: Charizard
|-supereffective|p2a: Charizard
|-damage|p2a: Charizard|0 fnt
|faint|p2a: Charizard
|
|-damage|p1a: Sire|39/100 tox|[from] psn
|upkeep
|
|t:|1655339538
|switch|p2a: Scrafty|Scrafty, M|88/100
|turn|139
|
|t:|1655339543
|switch|p1a: To Ge De Me|Togedemaru, F|76/100
|move|p2a: Scrafty|Bulk Up|p2a: Scrafty
|-boost|p2a: Scrafty|atk|1
|-boost|p2a: Scrafty|def|1
|
|upkeep
|turn|140
|
|t:|1655339545
|move|p1a: To Ge De Me|Iron Head|p2a: Scrafty
|-crit|p2a: Scrafty
|-damage|p2a: Scrafty|50/100
|cant|p2a: Scrafty|flinch
|
|upkeep
|turn|141
|
|t:|1655339547
|move|p1a: To Ge De Me|Iron Head|p2a: Scrafty
|-damage|p2a: Scrafty|35/100
|cant|p2a: Scrafty|flinch
|
|upkeep
|turn|142
|
|t:|1655339549
|move|p1a: To Ge De Me|Iron Head|p2a: Scrafty
|-damage|p2a: Scrafty|18/100
|cant|p2a: Scrafty|flinch
|
|upkeep
|turn|143
|
|t:|1655339553
|move|p1a: To Ge De Me|Iron Head|p2a: Scrafty
|-damage|p2a: Scrafty|0 fnt
|faint|p2a: Scrafty
|
|upkeep
|c|☆pkmn cypher 2013|lol
|c|☆pkmn cypher 2013|idk how u threw this ngl
|c|☆pkmn cypher 2013|gg
|inactive|pkmn cypher 2013 has 270 seconds left.
|-message|pkmn cypher 2013 forfeited.
|
|win|Heracross2.0
