|inactive|Battle timer is ON: inactive players will automatically lose when time's up.
|t:|1622581292
|gametype|singles
|player|p1|pattek|morty|
|player|p2|Decem|cheryl|
|teamsize|p1|6
|teamsize|p2|6
|gen|8
|tier|[Gen 8] PU
|rule|Sleep Clause Mod: Limit one foe put to sleep
|rule|Species Clause: Limit one of each Pokémon
|rule|OHKO Clause: OHKO moves are banned
|rule|Evasion Moves Clause: Evasion moves are banned
|rule|Endless Battle Clause: Forcing endless battles is banned
|rule|HP Percentage Mod: HP is shown in percentages
|rule|Dynamax Clause: You cannot dynamax
|clearpoke
|poke|p1|Togedemaru, F|
|poke|p1|Archeops, M|
|poke|p1|Piloswine, M|
|poke|p1|Jellicent, F|
|poke|p1|Garbodor, F|
|poke|p1|Scrafty, M|
|poke|p2|Aggron, M|
|poke|p2|Charizard, F|
|poke|p2|Sandaconda, M|
|poke|p2|Jellicent, M|
|poke|p2|Garbodor, M|
|poke|p2|Passimian, F|
|teampreview
|inactive|Decem also wants the timer to be on.
|c|☆Decem|hf
|c|☆pattek|hf
|c|+Chaitanya|open?
|c|☆Decem|yeah
|inactive|pattek has 270 seconds left.
|inactive|Decem has 270 seconds left.
|c|+PikachuZappyZap|GO PATTEK’S OPPONENT
|c|☆pattek|Dude wtf.
|inactive|pattek has 240 seconds left.
|inactive|Decem has 240 seconds left.
|c|☆Decem|omg? 
|c|+Chaitanya|gl
|
|t:|1622581364
|start
|switch|p1a: Piloswine|Piloswine, M|100/100
|switch|p2a: Passimian|Passimian, F|100/100
|turn|1
|
|t:|1622581383
|switch|p1a: Jellicent|Jellicent, F|100/100
|move|p2a: Passimian|Knock Off|p1a: Jellicent
|-supereffective|p1a: Jellicent
|-crit|p1a: Jellicent
|-enditem|p1a: Jellicent|Colbur Berry|[eat]
|-enditem|p1a: Jellicent|Colbur Berry|[weaken]
|-damage|p1a: Jellicent|62/100
|
|upkeep
|turn|2
|
|t:|1622581390
|switch|p2a: Charizard|Charizard, F|100/100
|move|p1a: Jellicent|Recover|p1a: Jellicent
|-heal|p1a: Jellicent|100/100
|
|upkeep
|turn|3
|
|t:|1622581395
|switch|p1a: Scrafty|Scrafty, M|100/100
|move|p2a: Charizard|Toxic|p1a: Scrafty
|-status|p1a: Scrafty|tox
|
|-damage|p1a: Scrafty|95/100 tox|[from] psn
|upkeep
|turn|4
|
|t:|1622581399
|switch|p1a: Archeops|Archeops, M|100/100
|move|p2a: Charizard|Hurricane|p1a: Archeops|[miss]
|-miss|p2a: Charizard|p1a: Archeops
|
|upkeep
|turn|5
|
|t:|1622581404
|switch|p1a: Piloswine|Piloswine, M|100/100
|switch|p2a: Sandaconda|Sandaconda, M|100/100
|
|upkeep
|turn|6
|
|t:|1622581410
|switch|p2a: Jellicent|Jellicent, M|100/100
|move|p1a: Piloswine|Stealth Rock|p2a: Jellicent
|-sidestart|p2: Decem|move: Stealth Rock
|
|upkeep
|turn|7
|
|t:|1622581420
|switch|p2a: Passimian|Passimian, F|100/100
|-damage|p2a: Passimian|94/100|[from] Stealth Rock
|switch|p1a: Jellicent|Jellicent, F|100/100
|
|upkeep
|turn|8
|
|t:|1622581424
|move|p2a: Passimian|U-turn|p1a: Jellicent
|-resisted|p1a: Jellicent
|-damage|p1a: Jellicent|92/100
|c|+HYDREIGON SPECS|go decem
|
|t:|1622581429
|switch|p2a: Charizard|Charizard, F|100/100|[from]move: U-turn
|move|p1a: Jellicent|Scald|p2a: Charizard
|-supereffective|p2a: Charizard
|-damage|p2a: Charizard|38/100
|
|upkeep
|turn|9
|
|t:|1622581442
|switch|p2a: Jellicent|Jellicent, M|100/100
|move|p1a: Jellicent|Scald|p2a: Jellicent
|-resisted|p2a: Jellicent
|-damage|p2a: Jellicent|91/100
|-status|p2a: Jellicent|brn
|
|-damage|p2a: Jellicent|85/100 brn|[from] brn
|upkeep
|turn|10
|
|t:|1622581446
|switch|p1a: Scrafty|Scrafty, M|95/100 tox
|move|p2a: Jellicent|Will-O-Wisp||[still]
|-fail|p2a: Jellicent
|
|-heal|p1a: Scrafty|100/100 tox|[from] item: Leftovers
|-damage|p1a: Scrafty|95/100 tox|[from] psn
|-damage|p2a: Jellicent|78/100 brn|[from] brn
|upkeep
|turn|11
|
|t:|1622581453
|switch|p2a: Garbodor|Garbodor, M|100/100
|-damage|p2a: Garbodor|88/100|[from] Stealth Rock
|switch|p1a: Jellicent|Jellicent, F|92/100
|
|upkeep
|turn|12
|
|t:|1622581459
|move|p2a: Garbodor|Toxic Spikes|p1a: Jellicent
|-sidestart|p1: pattek|move: Toxic Spikes
|move|p1a: Jellicent|Scald|p2a: Garbodor
|-damage|p2a: Garbodor|63/100
|
|upkeep
|turn|13
|
|t:|1622581463
|switch|p2a: Jellicent|Jellicent, M|78/100 brn
|move|p1a: Jellicent|Will-O-Wisp|p2a: Jellicent
|-fail|p2a: Jellicent|brn
|
|-damage|p2a: Jellicent|72/100 brn|[from] brn
|upkeep
|turn|14
|
|t:|1622581472
|switch|p1a: Garbodor|Garbodor, F|100/100
|-sideend|p1: pattek|move: Toxic Spikes|[of] p1a: Garbodor
|move|p2a: Jellicent|Recover|p2a: Jellicent
|-heal|p2a: Jellicent|100/100 brn
|
|-damage|p2a: Jellicent|94/100 brn|[from] brn
|upkeep
|turn|15
|
|t:|1622581482
|switch|p1a: Scrafty|Scrafty, M|95/100 tox
|switch|p2a: Passimian|Passimian, F|94/100
|-damage|p2a: Passimian|88/100|[from] Stealth Rock
|
|-activate|p1a: Scrafty|ability: Shed Skin
|-curestatus|p1a: Scrafty|tox|[msg]
|-heal|p1a: Scrafty|100/100|[from] item: Leftovers
|upkeep
|turn|16
|
|t:|1622581488
|switch|p1a: Garbodor|Garbodor, F|100/100
|move|p2a: Passimian|U-turn|p1a: Garbodor
|-resisted|p1a: Garbodor
|-damage|p1a: Garbodor|91/100
|-damage|p2a: Passimian|72/100|[from] item: Rocky Helmet|[of] p1a: Garbodor
|
|t:|1622581490
|switch|p2a: Garbodor|Garbodor, M|63/100|[from]move: U-turn
|-damage|p2a: Garbodor|50/100|[from] Stealth Rock
|
|upkeep
|turn|17
|
|t:|1622581495
|switch|p1a: Piloswine|Piloswine, M|100/100
|move|p2a: Garbodor|Spikes|p1a: Piloswine
|-sidestart|p1: pattek|Spikes
|
|upkeep
|turn|18
|
|t:|1622581501
|switch|p2a: Jellicent|Jellicent, M|94/100 brn
|move|p1a: Piloswine|Earthquake|p2a: Jellicent
|-damage|p2a: Jellicent|59/100 brn
|
|-damage|p2a: Jellicent|52/100 brn|[from] brn
|upkeep
|turn|19
|
|t:|1622581508
|switch|p1a: Scrafty|Scrafty, M|100/100
|-damage|p1a: Scrafty|88/100|[from] Spikes
|move|p2a: Jellicent|Recover|p2a: Jellicent
|-heal|p2a: Jellicent|100/100 brn
|
|-heal|p1a: Scrafty|94/100|[from] item: Leftovers
|-damage|p2a: Jellicent|94/100 brn|[from] brn
|upkeep
|turn|20
|
|t:|1622581511
|switch|p2a: Passimian|Passimian, F|72/100
|-damage|p2a: Passimian|66/100|[from] Stealth Rock
|move|p1a: Scrafty|Bulk Up|p1a: Scrafty
|-boost|p1a: Scrafty|atk|1
|-boost|p1a: Scrafty|def|1
|
|-heal|p1a: Scrafty|99/100|[from] item: Leftovers
|upkeep
|turn|21
|
|t:|1622581519
|switch|p1a: Garbodor|Garbodor, F|91/100
|-damage|p1a: Garbodor|79/100|[from] Spikes
|move|p2a: Passimian|Close Combat|p1a: Garbodor
|-resisted|p1a: Garbodor
|-damage|p1a: Garbodor|55/100
|-unboost|p2a: Passimian|def|1
|-unboost|p2a: Passimian|spd|1
|-damage|p2a: Passimian|49/100|[from] item: Rocky Helmet|[of] p1a: Garbodor
|
|upkeep
|turn|22
|
|t:|1622581525
|switch|p2a: Sandaconda|Sandaconda, M|100/100
|-damage|p2a: Sandaconda|94/100|[from] Stealth Rock
|move|p1a: Garbodor|Spikes|p2a: Sandaconda
|-sidestart|p2: Decem|Spikes
|
|-heal|p2a: Sandaconda|100/100|[from] item: Leftovers
|upkeep
|turn|23
|
|t:|1622581535
|move|p1a: Garbodor|Spikes|p2a: Sandaconda
|-sidestart|p2: Decem|Spikes
|move|p2a: Sandaconda|Coil|p2a: Sandaconda
|-boost|p2a: Sandaconda|atk|1
|-boost|p2a: Sandaconda|def|1
|-boost|p2a: Sandaconda|accuracy|1
|
|upkeep
|turn|24
|
|t:|1622581545
|move|p1a: Garbodor|Haze|p1a: Garbodor
|-clearallboost
|move|p2a: Sandaconda|Earthquake|p1a: Garbodor
|-supereffective|p1a: Garbodor
|-damage|p1a: Garbodor|0 fnt
|faint|p1a: Garbodor
|
|upkeep
|
|t:|1622581553
|switch|p1a: Piloswine|Piloswine, M|100/100
|-damage|p1a: Piloswine|88/100|[from] Spikes
|turn|25
|
|t:|1622581561
|switch|p2a: Jellicent|Jellicent, M|94/100 brn
|move|p1a: Piloswine|Icicle Crash|p2a: Jellicent
|-resisted|p2a: Jellicent
|-damage|p2a: Jellicent|77/100 brn
|
|-damage|p2a: Jellicent|71/100 brn|[from] brn
|upkeep
|turn|26
|
|t:|1622581567
|switch|p1a: Scrafty|Scrafty, M|99/100
|-damage|p1a: Scrafty|88/100|[from] Spikes
|move|p2a: Jellicent|Recover|p2a: Jellicent
|-heal|p2a: Jellicent|100/100 brn
|
|-heal|p1a: Scrafty|94/100|[from] item: Leftovers
|-damage|p2a: Jellicent|94/100 brn|[from] brn
|upkeep
|turn|27
|
|t:|1622581572
|switch|p2a: Garbodor|Garbodor, M|50/100
|-damage|p2a: Garbodor|38/100|[from] Stealth Rock
|-damage|p2a: Garbodor|21/100|[from] Spikes
|move|p1a: Scrafty|Knock Off|p2a: Garbodor
|-damage|p2a: Garbodor|0 fnt
|-damage|p1a: Scrafty|69/100|[from] ability: Aftermath|[of] p2a: Garbodor
|-damage|p1a: Scrafty|53/100|[from] item: Rocky Helmet|[of] p2a: Garbodor
|-enditem|p2a: Garbodor|Rocky Helmet|[from] move: Knock Off|[of] p1a: Scrafty
|faint|p2a: Garbodor
|
|-heal|p1a: Scrafty|59/100|[from] item: Leftovers
|upkeep
|
|t:|1622581579
|switch|p2a: Charizard|Charizard, F|38/100
|turn|28
|
|t:|1622581587
|move|p2a: Charizard|Roost|p2a: Charizard
|-heal|p2a: Charizard|88/100
|-singleturn|p2a: Charizard|move: Roost
|move|p1a: Scrafty|Knock Off|p2a: Charizard
|-damage|p2a: Charizard|43/100
|-enditem|p2a: Charizard|Heavy-Duty Boots|[from] move: Knock Off|[of] p1a: Scrafty
|
|-heal|p1a: Scrafty|65/100|[from] item: Leftovers
|upkeep
|turn|29
|
|t:|1622581594
|switch|p1a: Archeops|Archeops, M|100/100
|move|p2a: Charizard|Roost|p2a: Charizard
|-heal|p2a: Charizard|93/100
|-singleturn|p2a: Charizard|move: Roost
|
|upkeep
|turn|30
|
|t:|1622581600
|switch|p2a: Sandaconda|Sandaconda, M|100/100
|-damage|p2a: Sandaconda|84/100|[from] Spikes
|-damage|p2a: Sandaconda|78/100|[from] Stealth Rock
|move|p1a: Archeops|Stone Edge|p2a: Sandaconda
|-resisted|p2a: Sandaconda
|-damage|p2a: Sandaconda|54/100
|
|-heal|p2a: Sandaconda|60/100|[from] item: Leftovers
|upkeep
|turn|31
|
|t:|1622581604
|move|p1a: Archeops|Dual Wingbeat|p2a: Sandaconda
|-damage|p2a: Sandaconda|43/100
|-damage|p2a: Sandaconda|26/100
|-hitcount|p2a: Sandaconda|2
|move|p2a: Sandaconda|Coil|p2a: Sandaconda
|-boost|p2a: Sandaconda|atk|1
|-boost|p2a: Sandaconda|def|1
|-boost|p2a: Sandaconda|accuracy|1
|
|-heal|p2a: Sandaconda|32/100|[from] item: Leftovers
|upkeep
|turn|32
|
|t:|1622581611
|move|p1a: Archeops|Dual Wingbeat|p2a: Sandaconda
|-damage|p2a: Sandaconda|20/100
|-damage|p2a: Sandaconda|9/100
|-hitcount|p2a: Sandaconda|2
|move|p2a: Sandaconda|Rest|p2a: Sandaconda
|-status|p2a: Sandaconda|slp|[from] move: Rest
|-heal|p2a: Sandaconda|100/100 slp|[silent]
|
|upkeep
|turn|33
|
|t:|1622581619
|switch|p1a: Jellicent|Jellicent, F|92/100
|-damage|p1a: Jellicent|80/100|[from] Spikes
|cant|p2a: Sandaconda|slp
|
|upkeep
|turn|34
|
|t:|1622581622
|cant|p2a: Sandaconda|slp
|move|p1a: Jellicent|Scald|p2a: Sandaconda
|-supereffective|p2a: Sandaconda
|-damage|p2a: Sandaconda|56/100 slp
|
|-activate|p2a: Sandaconda|ability: Shed Skin
|-curestatus|p2a: Sandaconda|slp|[msg]
|-heal|p2a: Sandaconda|62/100|[from] item: Leftovers
|upkeep
|turn|35
|
|t:|1622581625
|move|p2a: Sandaconda|Earthquake|p1a: Jellicent
|-damage|p1a: Jellicent|35/100
|move|p1a: Jellicent|Scald|p2a: Sandaconda
|-supereffective|p2a: Sandaconda
|-damage|p2a: Sandaconda|15/100
|
|-heal|p2a: Sandaconda|21/100|[from] item: Leftovers
|upkeep
|turn|36
|c|+emma ❤|go Decem
|
|t:|1622581630
|move|p2a: Sandaconda|Earthquake|p1a: Jellicent
|-damage|p1a: Jellicent|0 fnt
|faint|p1a: Jellicent
|
|-heal|p2a: Sandaconda|27/100|[from] item: Leftovers
|upkeep
|
|t:|1622581639
|switch|p1a: Piloswine|Piloswine, M|88/100
|-damage|p1a: Piloswine|76/100|[from] Spikes
|turn|37
|
|t:|1622581652
|switch|p2a: Jellicent|Jellicent, M|94/100 brn
|move|p1a: Piloswine|Icicle Crash|p2a: Jellicent
|-resisted|p2a: Jellicent
|-damage|p2a: Jellicent|79/100 brn
|
|-damage|p2a: Jellicent|73/100 brn|[from] brn
|upkeep
|turn|38
|inactive|pattek has 270 seconds left.
|
|t:|1622581699
|switch|p1a: Scrafty|Scrafty, M|65/100
|-damage|p1a: Scrafty|52/100|[from] Spikes
|move|p2a: Jellicent|Will-O-Wisp|p1a: Scrafty
|-status|p1a: Scrafty|brn
|
|-heal|p1a: Scrafty|58/100 brn|[from] item: Leftovers
|-damage|p2a: Jellicent|67/100 brn|[from] brn
|-damage|p1a: Scrafty|52/100 brn|[from] brn
|upkeep
|turn|39
|
|t:|1622581711
|switch|p2a: Charizard|Charizard, F|93/100
|-damage|p2a: Charizard|43/100|[from] Stealth Rock
|switch|p1a: Archeops|Archeops, M|100/100
|
|upkeep
|turn|40
|
|t:|1622581716
|move|p1a: Archeops|Stone Edge|p2a: Charizard|[miss]
|-miss|p1a: Archeops|p2a: Charizard
|move|p2a: Charizard|Toxic|p1a: Archeops
|-status|p1a: Archeops|tox
|
|-damage|p1a: Archeops|94/100 tox|[from] psn
|upkeep
|turn|41
|
|t:|1622581720
|move|p1a: Archeops|Stone Edge|p2a: Charizard|[miss]
|-miss|p1a: Archeops|p2a: Charizard
|move|p2a: Charizard|Fire Blast|p1a: Archeops
|-resisted|p1a: Archeops
|-damage|p1a: Archeops|51/100 tox
|
|-damage|p1a: Archeops|39/100 tox|[from] psn
|upkeep
|turn|42
|c|☆Decem|sorry
|
|t:|1622581722
|move|p1a: Archeops|Stone Edge|p2a: Charizard|[miss]
|-miss|p1a: Archeops|p2a: Charizard
|move|p2a: Charizard|Fire Blast|p1a: Archeops
|-resisted|p1a: Archeops
|-damage|p1a: Archeops|0 fnt
|faint|p1a: Archeops
|
|upkeep
|c|☆pattek|fuck off
|
|t:|1622581728
|switch|p1a: Piloswine|Piloswine, M|76/100
|-damage|p1a: Piloswine|63/100|[from] Spikes
|turn|43
|
|t:|1622581731
|move|p2a: Charizard|Fire Blast|p1a: Piloswine
|-supereffective|p1a: Piloswine
|-damage|p1a: Piloswine|22/100
|move|p1a: Piloswine|Icicle Crash|p2a: Charizard
|-damage|p2a: Charizard|0 fnt
|faint|p2a: Charizard
|
|upkeep
|c|+Astreau|PU finals ?
|
|t:|1622581736
|switch|p2a: Passimian|Passimian, F|49/100
|-damage|p2a: Passimian|43/100|[from] Stealth Rock
|-damage|p2a: Passimian|27/100|[from] Spikes
|turn|44
|
|t:|1622581742
|move|p1a: Piloswine|Ice Shard|p2a: Passimian
|-crit|p2a: Passimian
|-damage|p2a: Passimian|0 fnt
|faint|p2a: Passimian
|
|upkeep
|
|t:|1622581746
|switch|p2a: Jellicent|Jellicent, M|67/100 brn
|turn|45
|
|t:|1622581750
|switch|p1a: Scrafty|Scrafty, M|52/100 brn
|-damage|p1a: Scrafty|40/100 brn|[from] Spikes
|move|p2a: Jellicent|Will-O-Wisp|p1a: Scrafty
|-fail|p1a: Scrafty|brn
|
|-heal|p1a: Scrafty|46/100 brn|[from] item: Leftovers
|-damage|p2a: Jellicent|61/100 brn|[from] brn
|-damage|p1a: Scrafty|40/100 brn|[from] brn
|upkeep
|turn|46
|
|t:|1622581757
|move|p2a: Jellicent|Taunt|p1a: Scrafty
|-start|p1a: Scrafty|move: Taunt
|move|p1a: Scrafty|Knock Off|p2a: Jellicent
|-supereffective|p2a: Jellicent
|-damage|p2a: Jellicent|35/100 brn
|-enditem|p2a: Jellicent|Heavy-Duty Boots|[from] move: Knock Off|[of] p1a: Scrafty
|
|-activate|p1a: Scrafty|ability: Shed Skin
|-curestatus|p1a: Scrafty|brn|[msg]
|-heal|p1a: Scrafty|46/100|[from] item: Leftovers
|-damage|p2a: Jellicent|28/100 brn|[from] brn
|upkeep
|turn|47
|
|t:|1622581759
|move|p2a: Jellicent|Recover|p2a: Jellicent
|-heal|p2a: Jellicent|78/100 brn
|move|p1a: Scrafty|Knock Off|p2a: Jellicent
|-supereffective|p2a: Jellicent
|-damage|p2a: Jellicent|45/100 brn
|-start|p1a: Scrafty|Disable|Knock Off|[from] ability: Cursed Body|[of] p2a: Jellicent
|
|-heal|p1a: Scrafty|52/100|[from] item: Leftovers
|-damage|p2a: Jellicent|39/100 brn|[from] brn
|upkeep
|turn|48
|
|t:|1622581764
|move|p2a: Jellicent|Will-O-Wisp|p1a: Scrafty
|-status|p1a: Scrafty|brn
|move|p1a: Scrafty|Drain Punch|p2a: Jellicent
|-immune|p2a: Jellicent
|
|-heal|p1a: Scrafty|58/100 brn|[from] item: Leftovers
|-damage|p2a: Jellicent|33/100 brn|[from] brn
|-damage|p1a: Scrafty|52/100 brn|[from] brn
|-end|p1a: Scrafty|move: Taunt
|upkeep
|turn|49
|
|t:|1622581767
|move|p2a: Jellicent|Taunt|p1a: Scrafty
|-start|p1a: Scrafty|move: Taunt
|move|p1a: Scrafty|Drain Punch|p2a: Jellicent
|-immune|p2a: Jellicent
|
|-heal|p1a: Scrafty|58/100 brn|[from] item: Leftovers
|-damage|p2a: Jellicent|27/100 brn|[from] brn
|-damage|p1a: Scrafty|52/100 brn|[from] brn
|upkeep
|turn|50
|
|t:|1622581769
|move|p2a: Jellicent|Recover|p2a: Jellicent
|-heal|p2a: Jellicent|77/100 brn
|move|p1a: Scrafty|Drain Punch|p2a: Jellicent
|-immune|p2a: Jellicent
|
|-heal|p1a: Scrafty|58/100 brn|[from] item: Leftovers
|-damage|p2a: Jellicent|71/100 brn|[from] brn
|-damage|p1a: Scrafty|52/100 brn|[from] brn
|-end|p1a: Scrafty|Disable
|upkeep
|turn|51
|
|t:|1622581782
|switch|p1a: Togedemaru|Togedemaru, F|100/100
|move|p2a: Jellicent|Hex|p1a: Togedemaru
|-damage|p1a: Togedemaru|83/100
|
|-damage|p2a: Jellicent|64/100 brn|[from] brn
|upkeep
|turn|52
|
|t:|1622581793
|switch|p2a: Aggron|Aggron, M|100/100
|-damage|p2a: Aggron|94/100|[from] Stealth Rock
|-damage|p2a: Aggron|78/100|[from] Spikes
|move|p1a: Togedemaru|Wish|p1a: Togedemaru
|
|-heal|p2a: Aggron|84/100|[from] item: Leftovers
|upkeep
|turn|53
|inactive|pattek has 270 seconds left.
|
|t:|1622581843
|move|p1a: Togedemaru|Spiky Shield|p1a: Togedemaru
|-singleturn|p1a: Togedemaru|move: Protect
|move|p2a: Aggron|Heavy Slam|p1a: Togedemaru
|-activate|p1a: Togedemaru|move: Protect
|-damage|p2a: Aggron|72/100|[from] Spiky Shield|[of] p1a: Togedemaru
|
|-heal|p1a: Togedemaru|100/100|[from] move: Wish|[wisher] Togedemaru
|-heal|p2a: Aggron|78/100|[from] item: Leftovers
|upkeep
|turn|54
|
|t:|1622581856
|move|p1a: Togedemaru|U-turn|p2a: Aggron
|-resisted|p2a: Aggron
|-damage|p2a: Aggron|73/100
|
|t:|1622581860
|switch|p1a: Piloswine|Piloswine, M|22/100|[from]move: U-turn
|-damage|p1a: Piloswine|9/100|[from] Spikes
|move|p2a: Aggron|Earthquake|p1a: Piloswine
|-damage|p1a: Piloswine|0 fnt
|faint|p1a: Piloswine
|
|-heal|p2a: Aggron|79/100|[from] item: Leftovers
|upkeep
|
|t:|1622581862
|switch|p1a: Scrafty|Scrafty, M|52/100 brn
|-damage|p1a: Scrafty|40/100 brn|[from] Spikes
|turn|55
|
|t:|1622581865
|move|p2a: Aggron|Heavy Slam|p1a: Scrafty
|-damage|p1a: Scrafty|0 fnt
|faint|p1a: Scrafty
|
|-heal|p2a: Aggron|85/100|[from] item: Leftovers
|upkeep
|c|☆pattek|gg
|-message|pattek forfeited.
|
|win|Decem
