|inactive|Battle timer is ON: inactive players will automatically lose when time's up.
|t:|1658090024
|gametype|singles
|player|p1|Horodro|courtney-gen3|
|player|p2|Lambovino|bugcatcher-gen3|
|teamsize|p1|6
|teamsize|p2|6
|gen|8
|tier|[Gen 8] PU
|rule|Sleep Clause Mod: Limit one foe put to sleep
|rule|Species Clause: Limit one of each Pokémon
|rule|OHKO Clause: OHKO moves are banned
|rule|Evasion Moves Clause: Evasion moves are banned
|rule|Endless Battle Clause: Forcing endless battles is banned
|rule|HP Percentage Mod: HP is shown in percentages
|rule|Dynamax Clause: You cannot dynamax
|clearpoke
|poke|p1|Palossand, M|
|poke|p1|Charizard, M|
|poke|p1|Silvally-*|
|poke|p1|Ferroseed, F|
|poke|p1|Ribombee, F|
|poke|p1|Scrafty, M|
|poke|p2|Raichu, F|
|poke|p2|Basculin-Blue-Striped, M|
|poke|p2|Doublade, F|
|poke|p2|Druddigon, F|
|poke|p2|Ribombee, M|
|poke|p2|Eldegoss, F|
|teampreview
|c|☆Lambovino|hf
|c|☆Horodro|hf
|c|+Altthiel|hl de la soirée
|c|☆Lambovino|bahaha
|inactive|Horodro has 270 seconds left.
|
|t:|1658090062
|start
|switch|p1a: Palossand|Palossand, M|100/100
|switch|p2a: Basculin|Basculin-Blue-Striped, M|100/100
|turn|1
|
|t:|1658090069
|switch|p1a: Silvally|Silvally-Water|100/100
|move|p2a: Basculin|Flip Turn|p1a: Silvally
|-resisted|p1a: Silvally
|-damage|p1a: Silvally|81/100
|
|t:|1658090072
|switch|p2a: Raichu|Raichu, F|100/100|[from]move: Flip Turn
|
|upkeep
|turn|2
|
|t:|1658090089
|switch|p1a: Ferroseed|Ferroseed, F|100/100
|move|p2a: Raichu|Grass Knot|p1a: Ferroseed
|-resisted|p1a: Ferroseed
|-damage|p1a: Ferroseed|98/100
|-damage|p2a: Raichu|88/100|[from] ability: Iron Barbs|[of] p1a: Ferroseed
|
|upkeep
|turn|3
|
|t:|1658090101
|move|p2a: Raichu|Knock Off|p1a: Ferroseed
|-damage|p1a: Ferroseed|87/100
|-damage|p2a: Raichu|76/100|[from] ability: Iron Barbs|[of] p1a: Ferroseed
|-enditem|p1a: Ferroseed|Eviolite|[from] move: Knock Off|[of] p2a: Raichu
|move|p1a: Ferroseed|Spikes|p2a: Raichu
|-sidestart|p2: Lambovino|Spikes
|
|upkeep
|turn|4
|
|t:|1658090113
|switch|p1a: Ribombee|Ribombee, F|100/100
|move|p2a: Raichu|Volt Switch|p1a: Ribombee
|-damage|p1a: Ribombee|46/100
|
|t:|1658090118
|switch|p2a: Doublade|Doublade, F|100/100|[from]move: Volt Switch
|-damage|p2a: Doublade|88/100|[from] Spikes
|
|upkeep
|turn|5
|
|t:|1658090139
|switch|p1a: Silvally|Silvally-Water|81/100
|move|p2a: Doublade|Sacred Sword|p1a: Silvally
|-damage|p1a: Silvally|63/100
|
|upkeep
|turn|6
|
|t:|1658090147
|switch|p2a: Druddigon|Druddigon, F|100/100
|-damage|p2a: Druddigon|88/100|[from] Spikes
|move|p1a: Silvally|Parting Shot|p2a: Druddigon
|-unboost|p2a: Druddigon|atk|1
|-unboost|p2a: Druddigon|spa|1
|
|t:|1658090160
|switch|p1a: Charizard|Charizard, M|100/100|[from]move: Parting Shot
|
|-heal|p2a: Druddigon|94/100|[from] item: Leftovers
|upkeep
|turn|7
|
|t:|1658090165
|move|p1a: Charizard|Hurricane|p2a: Druddigon
|-damage|p2a: Druddigon|34/100
|move|p2a: Druddigon|Glare|p1a: Charizard
|-status|p1a: Charizard|par
|
|-heal|p2a: Druddigon|40/100|[from] item: Leftovers
|upkeep
|turn|8
|c|☆Lambovino|ça fait trop mal 
|c|☆Horodro|nn ça va
|c|☆Lambovino|!showset 4
|c|+Lambovino|/raw <div class="infobox">Druddigon @ Leftovers  <br />Ability: Rough Skin  <br />EVs: 248 HP &#x2f; 228 SpD &#x2f; 32 Spe  <br />Careful Nature  <br />- Glare  <br />- Stealth Rock  <br />- Rest  <br />- Dragon Tail  <br /><br /></div>
|inactive|Lambovino has 270 seconds left.
|c|☆Horodro|comment ça
|inactive|Horodro has 270 seconds left.
|inactive|Lambovino has 240 seconds left.
|
|t:|1658090235
|switch|p2a: Doublade|Doublade, F|88/100
|-damage|p2a: Doublade|76/100|[from] Spikes
|move|p1a: Charizard|Hurricane|p2a: Doublade
|-resisted|p2a: Doublade
|-damage|p2a: Doublade|43/100
|-start|p2a: Doublade|confusion
|
|upkeep
|turn|9
|
|t:|1658090245
|switch|p1a: Silvally|Silvally-Water|63/100
|-activate|p2a: Doublade|confusion
|-damage|p2a: Doublade|35/100|[from] confusion
|
|upkeep
|turn|10
|c|☆Lambovino|oui bon
|
|t:|1658090257
|switch|p2a: Eldegoss|Eldegoss, F|100/100
|-damage|p2a: Eldegoss|88/100|[from] Spikes
|move|p1a: Silvally|Parting Shot|p2a: Eldegoss
|-unboost|p2a: Eldegoss|atk|1
|-unboost|p2a: Eldegoss|spa|1
|
|t:|1658090265
|switch|p1a: Ribombee|Ribombee, F|46/100|[from]move: Parting Shot
|
|upkeep
|turn|11
|
|t:|1658090281
|move|p1a: Ribombee|Aromatherapy|p1a: Ribombee
|-activate|p1a: Ribombee|move: Aromatherapy
|-curestatus|p1: Charizard|par|[msg]
|move|p2a: Eldegoss|Aromatherapy||[still]
|-activate|p2a: Eldegoss|move: Aromatherapy
|-fail|p2a: Eldegoss
|
|upkeep
|turn|12
|c|☆Lambovino|hein
|c|☆Horodro|oh le copieur
|inactive|Lambovino has 240 seconds left.
|c|☆Lambovino|c'est toi le copier j'ai cliqué avant
|
|t:|1658090308
|switch|p1a: Ferroseed|Ferroseed, F|87/100
|move|p2a: Eldegoss|Rapid Spin|p1a: Ferroseed
|-resisted|p1a: Ferroseed
|-damage|p1a: Ferroseed|85/100
|-boost|p2a: Eldegoss|spe|1
|-damage|p2a: Eldegoss|76/100|[from] ability: Iron Barbs|[of] p1a: Ferroseed
|-sideend|p2: Lambovino|Spikes|[from] move: Rapid Spin|[of] p2a: Eldegoss
|
|upkeep
|turn|13
|
|t:|1658090323
|switch|p2a: Druddigon|Druddigon, F|40/100
|move|p1a: Ferroseed|Leech Seed|p2a: Druddigon
|-start|p2a: Druddigon|move: Leech Seed
|
|-heal|p2a: Druddigon|46/100|[from] item: Leftovers
|-damage|p2a: Druddigon|34/100|[from] Leech Seed|[of] p1a: Ferroseed
|-heal|p1a: Ferroseed|99/100|[silent]
|upkeep
|turn|14
|
|t:|1658090330
|move|p2a: Druddigon|Stealth Rock|p1a: Ferroseed
|-sidestart|p1: Horodro|move: Stealth Rock
|move|p1a: Ferroseed|Spikes|p2a: Druddigon
|-sidestart|p2: Lambovino|Spikes
|
|-heal|p2a: Druddigon|40/100|[from] item: Leftovers
|-damage|p2a: Druddigon|27/100|[from] Leech Seed|[of] p1a: Ferroseed
|-heal|p1a: Ferroseed|100/100|[silent]
|upkeep
|turn|15
|
|t:|1658090336
|switch|p1a: Palossand|Palossand, M|100/100
|-damage|p1a: Palossand|94/100|[from] Stealth Rock
|move|p2a: Druddigon|Glare|p1a: Palossand
|-status|p1a: Palossand|par
|
|-heal|p2a: Druddigon|34/100|[from] item: Leftovers
|-damage|p2a: Druddigon|21/100|[from] Leech Seed|[of] p1a: Palossand
|-heal|p1a: Palossand|100/100 par|[silent]
|upkeep
|turn|16
|
|t:|1658090348
|move|p2a: Druddigon|Rest|p2a: Druddigon
|-status|p2a: Druddigon|slp|[from] move: Rest
|-heal|p2a: Druddigon|100/100 slp|[silent]
|move|p1a: Palossand|Stealth Rock|p2a: Druddigon
|-sidestart|p2: Lambovino|move: Stealth Rock
|
|-damage|p2a: Druddigon|88/100 slp|[from] Leech Seed|[of] p1a: Palossand
|upkeep
|turn|17
|
|t:|1658090366
|switch|p2a: Eldegoss|Eldegoss, F|100/100
|-damage|p2a: Eldegoss|88/100|[from] Spikes
|-damage|p2a: Eldegoss|76/100|[from] Stealth Rock
|switch|p1a: Ferroseed|Ferroseed, F|100/100
|-damage|p1a: Ferroseed|94/100|[from] Stealth Rock
|
|upkeep
|turn|18
|
|t:|1658090374
|move|p2a: Eldegoss|Rapid Spin|p1a: Ferroseed
|-resisted|p1a: Ferroseed
|-damage|p1a: Ferroseed|92/100
|-boost|p2a: Eldegoss|spe|1
|-damage|p2a: Eldegoss|63/100|[from] ability: Iron Barbs|[of] p1a: Ferroseed
|-sideend|p2: Lambovino|Spikes|[from] move: Rapid Spin|[of] p2a: Eldegoss
|-sideend|p2: Lambovino|Stealth Rock|[from] move: Rapid Spin|[of] p2a: Eldegoss
|move|p1a: Ferroseed|Gyro Ball|p2a: Eldegoss
|-damage|p2a: Eldegoss|32/100
|-enditem|p2a: Eldegoss|Eject Button
|
|t:|1658090381
|switch|p2a: Doublade|Doublade, F|35/100
|
|upkeep
|turn|19
|c|☆Horodro|c tout
|inactive|Horodro has 270 seconds left.
|
|t:|1658090398
|move|p2a: Doublade|Rest|p2a: Doublade
|-status|p2a: Doublade|slp|[from] move: Rest
|-heal|p2a: Doublade|100/100 slp|[silent]
|move|p1a: Ferroseed|Leech Seed|p2a: Doublade
|-start|p2a: Doublade|move: Leech Seed
|
|-damage|p2a: Doublade|88/100 slp|[from] Leech Seed|[of] p1a: Ferroseed
|-heal|p1a: Ferroseed|100/100|[silent]
|upkeep
|turn|20
|inactive|Horodro has 270 seconds left.
|
|t:|1658090406
|switch|p2a: Eldegoss|Eldegoss, F|65/100
|move|p1a: Ferroseed|Spikes|p2a: Eldegoss
|-sidestart|p2: Lambovino|Spikes
|
|upkeep
|turn|21
|
|t:|1658090409
|move|p2a: Eldegoss|Aromatherapy|p2a: Eldegoss
|-activate|p2a: Eldegoss|move: Aromatherapy
|-curestatus|p2: Druddigon|slp|[msg]
|-curestatus|p2: Doublade|slp|[msg]
|move|p1a: Ferroseed|Spikes|p2a: Eldegoss
|-sidestart|p2: Lambovino|Spikes
|
|upkeep
|turn|22
|
|t:|1658090412
|move|p2a: Eldegoss|Rapid Spin|p1a: Ferroseed
|-resisted|p1a: Ferroseed
|-damage|p1a: Ferroseed|98/100
|-boost|p2a: Eldegoss|spe|1
|-damage|p2a: Eldegoss|53/100|[from] ability: Iron Barbs|[of] p1a: Ferroseed
|-sideend|p2: Lambovino|Spikes|[from] move: Rapid Spin|[of] p2a: Eldegoss
|move|p1a: Ferroseed|Gyro Ball|p2a: Eldegoss
|-damage|p2a: Eldegoss|22/100
|
|upkeep
|turn|23
|
|t:|1658090416
|switch|p2a: Druddigon|Druddigon, F|88/100
|move|p1a: Ferroseed|Spikes|p2a: Druddigon
|-sidestart|p2: Lambovino|Spikes
|
|-heal|p2a: Druddigon|94/100|[from] item: Leftovers
|upkeep
|turn|24
|
|t:|1658090422
|move|p2a: Druddigon|Glare|p1a: Ferroseed
|-status|p1a: Ferroseed|par
|move|p1a: Ferroseed|Spikes|p2a: Druddigon
|-sidestart|p2: Lambovino|Spikes
|
|-heal|p2a: Druddigon|100/100|[from] item: Leftovers
|upkeep
|turn|25
|
|t:|1658090433
|switch|p2a: Eldegoss|Eldegoss, F|55/100
|-damage|p2a: Eldegoss|38/100|[from] Spikes
|move|p1a: Ferroseed|Spikes|p2a: Eldegoss
|-sidestart|p2: Lambovino|Spikes
|
|upkeep
|turn|26
|
|t:|1658090448
|switch|p2a: Druddigon|Druddigon, F|100/100
|-damage|p2a: Druddigon|76/100|[from] Spikes
|move|p1a: Ferroseed|Gyro Ball|p2a: Druddigon
|-damage|p2a: Druddigon|45/100
|-damage|p1a: Ferroseed|85/100 par|[from] ability: Rough Skin|[of] p2a: Druddigon
|
|-heal|p2a: Druddigon|51/100|[from] item: Leftovers
|upkeep
|turn|27
|
|t:|1658090461
|switch|p1a: Ribombee|Ribombee, F|46/100
|move|p2a: Druddigon|Dragon Tail|p1a: Ribombee
|-immune|p1a: Ribombee
|
|-heal|p2a: Druddigon|58/100|[from] item: Leftovers
|upkeep
|turn|28
|
|t:|1658090474
|switch|p2a: Doublade|Doublade, F|88/100
|-damage|p2a: Doublade|63/100|[from] Spikes
|move|p1a: Ribombee|Moonblast|p2a: Doublade
|-resisted|p2a: Doublade
|-damage|p2a: Doublade|47/100
|-unboost|p2a: Doublade|spa|1
|
|upkeep
|turn|29
|
|t:|1658090494
|switch|p1a: Scrafty|Scrafty, M|100/100
|-damage|p1a: Scrafty|95/100|[from] Stealth Rock
|move|p2a: Doublade|Rock Slide|p1a: Scrafty
|-resisted|p1a: Scrafty
|-damage|p1a: Scrafty|86/100
|
|-heal|p1a: Scrafty|92/100|[from] item: Leftovers
|upkeep
|turn|30
|
|t:|1658090511
|switch|p2a: Ribombee|Ribombee, M|100/100
|move|p1a: Scrafty|Knock Off|p2a: Ribombee
|-resisted|p2a: Ribombee
|-damage|p2a: Ribombee|74/100
|-enditem|p2a: Ribombee|Heavy-Duty Boots|[from] move: Knock Off|[of] p1a: Scrafty
|
|-heal|p1a: Scrafty|98/100|[from] item: Leftovers
|upkeep
|turn|31
|c|☆Lambovino|c'est stylé en tt cas hasard stack + specs zard + defog 
|c|☆Horodro|j'ai perdu contre rodigou avec
|inactive|Horodro has 270 seconds left.
|c|☆Lambovino|tu m'étonnes 
|
|t:|1658090535
|switch|p1a: Ferroseed|Ferroseed, F|85/100 par
|-damage|p1a: Ferroseed|79/100 par|[from] Stealth Rock
|move|p2a: Ribombee|Moonblast|p1a: Ferroseed
|-resisted|p1a: Ferroseed
|-damage|p1a: Ferroseed|52/100 par
|
|upkeep
|turn|32
|inactive|Horodro has 270 seconds left.
|
|t:|1658090549
|switch|p2a: Eldegoss|Eldegoss, F|71/100
|-damage|p2a: Eldegoss|47/100|[from] Spikes
|move|p1a: Ferroseed|Leech Seed|p2a: Eldegoss
|-immune|p2a: Eldegoss
|
|upkeep
|turn|33
|
|t:|1658090558
|move|p2a: Eldegoss|Rapid Spin|p1a: Ferroseed
|-resisted|p1a: Ferroseed
|-damage|p1a: Ferroseed|49/100 par
|-boost|p2a: Eldegoss|spe|1
|-damage|p2a: Eldegoss|34/100|[from] ability: Iron Barbs|[of] p1a: Ferroseed
|-sideend|p2: Lambovino|Spikes|[from] move: Rapid Spin|[of] p2a: Eldegoss
|move|p1a: Ferroseed|Gyro Ball|p2a: Eldegoss
|-damage|p2a: Eldegoss|0 fnt
|faint|p2a: Eldegoss
|
|upkeep
|
|t:|1658090565
|switch|p2a: Raichu|Raichu, F|76/100
|turn|34
|
|t:|1658090577
|switch|p1a: Scrafty|Scrafty, M|98/100
|-damage|p1a: Scrafty|92/100|[from] Stealth Rock
|move|p2a: Raichu|Volt Switch|p1a: Scrafty
|-damage|p1a: Scrafty|73/100
|
|t:|1658090580
|switch|p2a: Basculin|Basculin-Blue-Striped, M|100/100|[from]move: Volt Switch
|
|-heal|p1a: Scrafty|79/100|[from] item: Leftovers
|upkeep
|turn|35
|
|t:|1658090591
|move|p2a: Basculin|Flip Turn|p1a: Scrafty
|-damage|p1a: Scrafty|30/100
|
|t:|1658090594
|switch|p2a: Ribombee|Ribombee, M|74/100|[from]move: Flip Turn
|move|p1a: Scrafty|Knock Off|p2a: Ribombee
|-resisted|p2a: Ribombee
|-damage|p2a: Ribombee|57/100
|
|-heal|p1a: Scrafty|36/100|[from] item: Leftovers
|upkeep
|turn|36
|
|t:|1658090616
|move|p2a: Ribombee|Moonblast|p1a: Scrafty
|-supereffective|p1a: Scrafty
|-damage|p1a: Scrafty|0 fnt
|faint|p1a: Scrafty
|
|upkeep
|
|t:|1658090627
|switch|p1a: Ferroseed|Ferroseed, F|49/100 par
|-damage|p1a: Ferroseed|43/100 par|[from] Stealth Rock
|turn|37
|
|t:|1658090634
|move|p2a: Ribombee|U-turn|p1a: Ferroseed
|-damage|p1a: Ferroseed|32/100 par
|-damage|p2a: Ribombee|44/100|[from] ability: Iron Barbs|[of] p1a: Ferroseed
|
|t:|1658090646
|switch|p2a: Druddigon|Druddigon, F|58/100|[from]move: U-turn
|move|p1a: Ferroseed|Leech Seed|p2a: Druddigon
|-start|p2a: Druddigon|move: Leech Seed
|
|-heal|p2a: Druddigon|64/100|[from] item: Leftovers
|-damage|p2a: Druddigon|51/100|[from] Leech Seed|[of] p1a: Ferroseed
|-heal|p1a: Ferroseed|47/100 par|[silent]
|upkeep
|turn|38
|
|t:|1658090656
|switch|p2a: Basculin|Basculin-Blue-Striped, M|100/100
|switch|p1a: Silvally|Silvally-Water|63/100
|-damage|p1a: Silvally|50/100|[from] Stealth Rock
|
|upkeep
|turn|39
|
|t:|1658090660
|move|p2a: Basculin|Superpower|p1a: Silvally
|-damage|p1a: Silvally|12/100
|-unboost|p2a: Basculin|atk|1
|-unboost|p2a: Basculin|def|1
|move|p1a: Silvally|Defog|p2a: Basculin
|-unboost|p2a: Basculin|evasion|1
|-sideend|p1: Horodro|Stealth Rock|[from] move: Defog|[of] p1a: Silvally
|
|upkeep
|turn|40
|
|t:|1658090668
|switch|p2a: Druddigon|Druddigon, F|51/100
|switch|p1a: Ribombee|Ribombee, F|46/100
|
|-heal|p2a: Druddigon|58/100|[from] item: Leftovers
|upkeep
|turn|41
|
|t:|1658090676
|switch|p2a: Doublade|Doublade, F|47/100
|move|p1a: Ribombee|Roost|p1a: Ribombee
|-heal|p1a: Ribombee|97/100
|-singleturn|p1a: Ribombee|move: Roost
|
|upkeep
|turn|42
|
|t:|1658090688
|switch|p1a: Palossand|Palossand, M|100/100 par
|move|p2a: Doublade|Rock Slide|p1a: Palossand
|-resisted|p1a: Palossand
|-damage|p1a: Palossand|95/100 par
|
|upkeep
|turn|43
|
|t:|1658090706
|switch|p2a: Druddigon|Druddigon, F|58/100
|switch|p1a: Charizard|Charizard, M|100/100
|
|-heal|p2a: Druddigon|64/100|[from] item: Leftovers
|upkeep
|turn|44
|
|t:|1658090716
|move|p1a: Charizard|Air Slash|p2a: Druddigon
|-damage|p2a: Druddigon|22/100
|move|p2a: Druddigon|Stealth Rock|p1a: Charizard
|-sidestart|p1: Horodro|move: Stealth Rock
|
|-heal|p2a: Druddigon|28/100|[from] item: Leftovers
|upkeep
|turn|45
|
|t:|1658090731
|move|p1a: Charizard|Air Slash|p2a: Druddigon
|-damage|p2a: Druddigon|0 fnt
|faint|p2a: Druddigon
|
|upkeep
|inactive|Lambovino has 270 seconds left.
|
|t:|1658090761
|switch|p2a: Doublade|Doublade, F|47/100
|turn|46
|
|t:|1658090782
|switch|p1a: Silvally|Silvally-Water|12/100
|-damage|p1a: Silvally|0 fnt|[from] Stealth Rock
|faint|p1a: Silvally
|move|p2a: Doublade|Rock Slide|p1: Silvally|[notarget]
|-fail|p2a: Doublade
|
|upkeep
|
|t:|1658090790
|switch|p1a: Palossand|Palossand, M|95/100 par
|-damage|p1a: Palossand|88/100 par|[from] Stealth Rock
|turn|47
|inactive|Lambovino has 270 seconds left.
|inactive|Horodro has 270 seconds left.
|
|t:|1658090825
|switch|p2a: Basculin|Basculin-Blue-Striped, M|100/100
|move|p1a: Palossand|Stealth Rock|p2a: Basculin
|-sidestart|p2: Lambovino|move: Stealth Rock
|
|upkeep
|turn|48
|inactive|Horodro has 270 seconds left.
|inactive|Horodro has 240 seconds left.
|
|t:|1658090889
|switch|p1a: Ferroseed|Ferroseed, F|47/100 par
|-damage|p1a: Ferroseed|41/100 par|[from] Stealth Rock
|move|p2a: Basculin|Liquidation|p1a: Ferroseed
|-resisted|p1a: Ferroseed
|-crit|p1a: Ferroseed
|-damage|p1a: Ferroseed|0 fnt
|-damage|p2a: Basculin|88/100|[from] ability: Iron Barbs|[of] p1a: Ferroseed
|faint|p1a: Ferroseed
|
|upkeep
|
|t:|1658090893
|switch|p1a: Charizard|Charizard, M|100/100
|-damage|p1a: Charizard|51/100|[from] Stealth Rock
|turn|49
|
|t:|1658090906
|move|p1a: Charizard|Fire Blast|p2a: Basculin
|-resisted|p2a: Basculin
|-crit|p2a: Basculin
|-damage|p2a: Basculin|0 fnt
|faint|p2a: Basculin
|
|upkeep
|
|t:|1658090910
|switch|p2a: Raichu|Raichu, F|76/100
|turn|50
|inactive|Horodro has 210 seconds left.
|
|t:|1658090945
|move|p2a: Raichu|Volt Switch|p1a: Charizard
|-supereffective|p1a: Charizard
|-damage|p1a: Charizard|0 fnt
|faint|p1a: Charizard
|
|t:|1658090950
|switch|p2a: Doublade|Doublade, F|47/100|[from]move: Volt Switch
|-damage|p2a: Doublade|41/100|[from] Stealth Rock
|
|upkeep
|
|t:|1658090954
|switch|p1a: Palossand|Palossand, M|88/100 par
|-damage|p1a: Palossand|82/100 par|[from] Stealth Rock
|turn|51
|
|t:|1658090962
|switch|p2a: Raichu|Raichu, F|76/100
|cant|p1a: Palossand|par
|
|upkeep
|turn|52
|
|t:|1658090973
|move|p2a: Raichu|Grass Knot|p1a: Palossand
|-supereffective|p1a: Palossand
|-damage|p1a: Palossand|3/100 par
|move|p1a: Palossand|Earth Power|p2a: Raichu
|-supereffective|p2a: Raichu
|-damage|p2a: Raichu|0 fnt
|faint|p2a: Raichu
|
|upkeep
|
|t:|1658090978
|switch|p2a: Doublade|Doublade, F|41/100
|-damage|p2a: Doublade|35/100|[from] Stealth Rock
|turn|53
|
|t:|1658090988
|move|p2a: Doublade|Shadow Claw|p1a: Palossand
|-supereffective|p1a: Palossand
|-damage|p1a: Palossand|0 fnt
|faint|p1a: Palossand
|
|upkeep
|
|t:|1658090991
|switch|p1a: Ribombee|Ribombee, F|97/100
|turn|54
|inactive|Horodro has 210 seconds left.
|
|t:|1658091023
|move|p1a: Ribombee|Quiver Dance|p1a: Ribombee
|-boost|p1a: Ribombee|spa|1
|-boost|p1a: Ribombee|spd|1
|-boost|p1a: Ribombee|spe|1
|move|p2a: Doublade|Rock Slide|p1a: Ribombee
|-supereffective|p1a: Ribombee
|-damage|p1a: Ribombee|22/100
|
|upkeep
|turn|55
|
|t:|1658091028
|move|p1a: Ribombee|Moonblast|p2a: Doublade
|-resisted|p2a: Doublade
|-damage|p2a: Doublade|9/100
|move|p2a: Doublade|Shadow Claw|p1a: Ribombee
|-damage|p1a: Ribombee|0 fnt
|faint|p1a: Ribombee
|
|win|Lambovino
