|inactive|Battle timer is ON: inactive players will automatically lose when time's up.
|t:|1658696373
|gametype|singles
|player|p1|Lady Writer ❂|furisodegirl-black|
|player|p2|snaga|#scl1spartans|
|teamsize|p1|6
|teamsize|p2|6
|gen|8
|tier|[Gen 8] PU
|rule|Sleep Clause Mod: Limit one foe put to sleep
|rule|Species Clause: Limit one of each Pokémon
|rule|OHKO Clause: OHKO moves are banned
|rule|Evasion Moves Clause: Evasion moves are banned
|rule|Endless Battle Clause: Forcing endless battles is banned
|rule|HP Percentage Mod: HP is shown in percentages
|rule|Dynamax Clause: You cannot dynamax
|clearpoke
|poke|p1|Abomasnow, F|
|poke|p1|Archeops, M|
|poke|p1|Scrafty, M|
|poke|p1|Ribombee, M|
|poke|p1|Togedemaru, M|
|poke|p1|Quagsire, M|
|poke|p2|Frosmoth, M|
|poke|p2|Regirock|
|poke|p2|Wishiwashi, M|
|poke|p2|Whimsicott, F|
|poke|p2|Doublade, M|
|poke|p2|Charizard, M|
|teampreview
|inactive|Lady Writer ❂ also wants the timer to be on.
|c|☆Lady Writer ❂|glhf
|inactive|Lady Writer ❂ has 270 seconds left.
|inactive|snaga has 270 seconds left.
|c|☆snaga|u2
|inactive|Lady Writer ❂ has 240 seconds left.
|inactive|snaga has 240 seconds left.
|inactive|snaga has 210 seconds left.
|
|t:|1658696467
|start
|switch|p1a: Archeops|Archeops, M|100/100
|switch|p2a: Whimsicott|Whimsicott, F|100/100
|turn|1
|inactive|snaga has 270 seconds left.
|
|t:|1658696478
|switch|p1a: Togedemaru|Togedemaru, M|100/100
|move|p2a: Whimsicott|Stun Spore|p1a: Togedemaru|[miss]
|-miss|p2a: Whimsicott|p1a: Togedemaru
|
|upkeep
|turn|2
|inactive|snaga has 270 seconds left.
|
|t:|1658696506
|move|p2a: Whimsicott|U-turn|p1a: Togedemaru
|-resisted|p1a: Togedemaru
|-damage|p1a: Togedemaru|93/100
|-damage|p2a: Whimsicott|88/100|[from] ability: Iron Barbs|[of] p1a: Togedemaru
|
|t:|1658696519
|switch|p2a: Wishiwashi|Wishiwashi, M|100/100|[from]move: U-turn
|-formechange|p2a: Wishiwashi|Wishiwashi-School||[from] ability: Schooling
|move|p1a: Togedemaru|U-turn|p2a: Wishiwashi
|-damage|p2a: Wishiwashi|88/100
|
|t:|1658696522
|switch|p1a: Abomasnow|Abomasnow, F|100/100|[from]move: U-turn
|-weather|Hail|[from] ability: Snow Warning|[of] p1a: Abomasnow
|
|-weather|Hail|[upkeep]
|-damage|p2a: Wishiwashi|82/100|[from] Hail
|-heal|p2a: Wishiwashi|88/100|[from] item: Leftovers
|upkeep
|turn|3
|
|t:|1658696543
|switch|p2a: Charizard|Charizard, M|100/100
|move|p1a: Abomasnow|Rock Slide|p2a: Charizard
|-supereffective|p2a: Charizard
|-damage|p2a: Charizard|38/100
|
|-weather|Hail|[upkeep]
|-damage|p2a: Charizard|32/100|[from] Hail
|upkeep
|turn|4
|inactive|snaga has 270 seconds left.
|c|+Luthier|0
|inactive|Lady Writer ❂ has 270 seconds left.
|inactive|snaga has 240 seconds left.
|inactive|snaga has 210 seconds left.
|
|t:|1658696621
|switch|p1a: Archeops|Archeops, M|100/100
|move|p2a: Charizard|Roost|p2a: Charizard
|-heal|p2a: Charizard|82/100
|-singleturn|p2a: Charizard|move: Roost
|
|-weather|Hail|[upkeep]
|-damage|p1a: Archeops|94/100|[from] Hail
|-damage|p2a: Charizard|76/100|[from] Hail
|upkeep
|turn|5
|inactive|Lady Writer ❂ has 270 seconds left.
|
|t:|1658696640
|switch|p2a: Regirock|Regirock|100/100
|move|p1a: Archeops|Stealth Rock|p2a: Regirock
|-sidestart|p2: snaga|move: Stealth Rock
|
|-weather|Hail|[upkeep]
|-damage|p1a: Archeops|88/100|[from] Hail
|-damage|p2a: Regirock|94/100|[from] Hail
|-heal|p2a: Regirock|100/100|[from] item: Leftovers
|upkeep
|turn|6
|
|t:|1658696648
|move|p1a: Archeops|U-turn|p2a: Regirock
|-damage|p2a: Regirock|89/100
|inactive|Lady Writer ❂ has 270 seconds left.
|
|t:|1658696664
|switch|p1a: Quagsire|Quagsire, M|100/100|[from]move: U-turn
|move|p2a: Regirock|Stealth Rock|p1a: Quagsire
|-sidestart|p1: Lady Writer ❂|move: Stealth Rock
|
|-weather|none
|-heal|p2a: Regirock|95/100|[from] item: Leftovers
|upkeep
|turn|7
|inactive|snaga has 210 seconds left.
|
|t:|1658696669
|switch|p2a: Wishiwashi|Wishiwashi, M|88/100
|-damage|p2a: Wishiwashi|76/100|[from] Stealth Rock
|-formechange|p2a: Wishiwashi|Wishiwashi-School||[from] ability: Schooling
|move|p1a: Quagsire|Toxic|p2a: Wishiwashi
|-status|p2a: Wishiwashi|tox
|
|-heal|p2a: Wishiwashi|82/100 tox|[from] item: Leftovers
|-damage|p2a: Wishiwashi|76/100 tox|[from] psn
|upkeep
|turn|8
|inactive|Lady Writer ❂ has 270 seconds left.
|
|t:|1658696697
|move|p1a: Quagsire|Earthquake|p2a: Wishiwashi
|-damage|p2a: Wishiwashi|53/100 tox
|move|p2a: Wishiwashi|Scald|p1a: Quagsire
|-damage|p1a: Quagsire|52/100
|
|-heal|p2a: Wishiwashi|59/100 tox|[from] item: Leftovers
|-damage|p2a: Wishiwashi|46/100 tox|[from] psn
|upkeep
|turn|9
|inactive|Lady Writer ❂ has 270 seconds left.
|
|t:|1658696706
|switch|p1a: Abomasnow|Abomasnow, F|100/100
|-weather|Hail|[from] ability: Snow Warning|[of] p1a: Abomasnow
|move|p2a: Wishiwashi|Rest|p2a: Wishiwashi
|-status|p2a: Wishiwashi|slp|[from] move: Rest
|-heal|p2a: Wishiwashi|100/100 slp|[silent]
|
|-weather|Hail|[upkeep]
|-damage|p2a: Wishiwashi|94/100 slp|[from] Hail
|-heal|p2a: Wishiwashi|100/100 slp|[from] item: Leftovers
|upkeep
|turn|10
|
|t:|1658696724
|switch|p2a: Charizard|Charizard, M|76/100
|move|p1a: Abomasnow|Blizzard|p2a: Charizard
|-damage|p2a: Charizard|23/100
|
|-weather|Hail|[upkeep]
|-damage|p2a: Charizard|17/100|[from] Hail
|upkeep
|turn|11
|
|t:|1658696732
|switch|p1a: Archeops|Archeops, M|88/100
|move|p2a: Charizard|Roost|p2a: Charizard
|-heal|p2a: Charizard|67/100
|-singleturn|p2a: Charizard|move: Roost
|
|-weather|Hail|[upkeep]
|-damage|p1a: Archeops|82/100|[from] Hail
|-damage|p2a: Charizard|61/100|[from] Hail
|upkeep
|turn|12
|
|t:|1658696741
|switch|p2a: Wishiwashi|Wishiwashi, M|100/100 slp
|-damage|p2a: Wishiwashi|88/100 slp|[from] Stealth Rock
|-formechange|p2a: Wishiwashi|Wishiwashi-School||[from] ability: Schooling
|move|p1a: Archeops|U-turn|p2a: Wishiwashi
|-damage|p2a: Wishiwashi|68/100 slp
|
|t:|1658696744
|switch|p1a: Abomasnow|Abomasnow, F|100/100|[from]move: U-turn
|
|-weather|Hail|[upkeep]
|-damage|p2a: Wishiwashi|62/100 slp|[from] Hail
|-heal|p2a: Wishiwashi|68/100 slp|[from] item: Leftovers
|upkeep
|turn|13
|
|t:|1658696765
|move|p1a: Abomasnow|Blizzard|p2a: Wishiwashi
|-resisted|p2a: Wishiwashi
|-damage|p2a: Wishiwashi|47/100 slp
|cant|p2a: Wishiwashi|slp
|move|p2a: Wishiwashi|Sleep Talk|p2a: Wishiwashi
|move|p2a: Wishiwashi|Scald|p1a: Abomasnow|[from]move: Sleep Talk
|-resisted|p1a: Abomasnow
|-damage|p1a: Abomasnow|77/100
|
|-weather|none
|-heal|p2a: Wishiwashi|53/100 slp|[from] item: Leftovers
|upkeep
|turn|14
|
|t:|1658696789
|switch|p2a: Charizard|Charizard, M|61/100
|move|p1a: Abomasnow|Earth Power|p2a: Charizard
|-immune|p2a: Charizard
|
|upkeep
|turn|15
|
|t:|1658696803
|switch|p1a: Archeops|Archeops, M|82/100
|move|p2a: Charizard|Flamethrower|p1a: Archeops
|-resisted|p1a: Archeops
|-damage|p1a: Archeops|55/100
|
|upkeep
|turn|16
|
|t:|1658696820
|switch|p2a: Regirock|Regirock|95/100
|-damage|p2a: Regirock|83/100|[from] Stealth Rock
|move|p1a: Archeops|U-turn|p2a: Regirock
|-damage|p2a: Regirock|71/100
|
|t:|1658696822
|switch|p1a: Abomasnow|Abomasnow, F|77/100|[from]move: U-turn
|-weather|Hail|[from] ability: Snow Warning|[of] p1a: Abomasnow
|
|-weather|Hail|[upkeep]
|-damage|p2a: Regirock|65/100|[from] Hail
|-heal|p2a: Regirock|71/100|[from] item: Leftovers
|upkeep
|turn|17
|inactive|Lady Writer ❂ has 270 seconds left.
|
|t:|1658696849
|switch|p2a: Charizard|Charizard, M|61/100
|move|p1a: Abomasnow|Leaf Storm|p2a: Charizard
|-resisted|p2a: Charizard
|-damage|p2a: Charizard|46/100
|-unboost|p1a: Abomasnow|spa|2
|
|-weather|Hail|[upkeep]
|-damage|p2a: Charizard|40/100|[from] Hail
|upkeep
|turn|18
|
|t:|1658696858
|switch|p1a: Archeops|Archeops, M|55/100
|move|p2a: Charizard|Roost|p2a: Charizard
|-heal|p2a: Charizard|90/100
|-singleturn|p2a: Charizard|move: Roost
|
|-weather|Hail|[upkeep]
|-damage|p1a: Archeops|49/100|[from] Hail
|-damage|p2a: Charizard|84/100|[from] Hail
|upkeep
|turn|19
|inactive|Lady Writer ❂ has 270 seconds left.
|
|t:|1658696887
|switch|p2a: Doublade|Doublade, M|100/100
|-damage|p2a: Doublade|94/100|[from] Stealth Rock
|move|p1a: Archeops|Roost|p1a: Archeops
|-heal|p1a: Archeops|99/100
|-singleturn|p1a: Archeops|move: Roost
|
|-weather|Hail|[upkeep]
|-damage|p1a: Archeops|93/100|[from] Hail
|-damage|p2a: Doublade|88/100|[from] Hail
|upkeep
|turn|20
|
|t:|1658696898
|move|p1a: Archeops|U-turn|p2a: Doublade
|-resisted|p2a: Doublade
|-damage|p2a: Doublade|84/100
|
|t:|1658696913
|switch|p1a: Ribombee|Ribombee, M|100/100|[from]move: U-turn
|move|p2a: Doublade|Close Combat|p1a: Ribombee
|-resisted|p1a: Ribombee
|-crit|p1a: Ribombee
|-damage|p1a: Ribombee|71/100
|-unboost|p2a: Doublade|def|1
|-unboost|p2a: Doublade|spd|1
|
|-weather|none
|upkeep
|turn|21
|
|t:|1658696938
|switch|p2a: Frosmoth|Frosmoth, M|100/100
|move|p1a: Ribombee|Moonblast|p2a: Frosmoth
|-damage|p2a: Frosmoth|75/100
|
|upkeep
|turn|22
|
|t:|1658696952
|switch|p1a: Togedemaru|Togedemaru, M|93/100
|-damage|p1a: Togedemaru|87/100|[from] Stealth Rock
|move|p2a: Frosmoth|Ice Beam|p1a: Togedemaru
|-resisted|p1a: Togedemaru
|-damage|p1a: Togedemaru|66/100
|
|-heal|p1a: Togedemaru|72/100|[from] item: Leftovers
|upkeep
|turn|23
|inactive|snaga has 210 seconds left.
|
|t:|1658696992
|switch|p2a: Wishiwashi|Wishiwashi, M|53/100 slp
|-damage|p2a: Wishiwashi|41/100 slp|[from] Stealth Rock
|-formechange|p2a: Wishiwashi|Wishiwashi-School||[from] ability: Schooling
|move|p1a: Togedemaru|Wish|p1a: Togedemaru
|
|-heal|p1a: Togedemaru|78/100|[from] item: Leftovers
|-heal|p2a: Wishiwashi|47/100 slp|[from] item: Leftovers
|upkeep
|turn|24
|
|t:|1658696997
|move|p1a: Togedemaru|U-turn|p2a: Wishiwashi
|-damage|p2a: Wishiwashi|34/100 slp
|
|t:|1658697003
|switch|p1a: Abomasnow|Abomasnow, F|77/100|[from]move: U-turn
|-weather|Hail|[from] ability: Snow Warning|[of] p1a: Abomasnow
|cant|p2a: Wishiwashi|slp
|move|p2a: Wishiwashi|Sleep Talk|p2a: Wishiwashi
|move|p2a: Wishiwashi|Scald|p1a: Abomasnow|[from]move: Sleep Talk
|-resisted|p1a: Abomasnow
|-damage|p1a: Abomasnow|54/100
|
|-weather|Hail|[upkeep]
|-damage|p2a: Wishiwashi|28/100 slp|[from] Hail
|-heal|p1a: Abomasnow|100/100|[from] move: Wish|[wisher] Togedemaru
|-heal|p2a: Wishiwashi|34/100 slp|[from] item: Leftovers
|upkeep
|turn|25
|inactive|snaga has 210 seconds left.
|
|t:|1658697016
|switch|p2a: Charizard|Charizard, M|84/100
|move|p1a: Abomasnow|Leaf Storm|p2a: Charizard|[miss]
|-miss|p1a: Abomasnow|p2a: Charizard
|
|-weather|Hail|[upkeep]
|-damage|p2a: Charizard|78/100|[from] Hail
|upkeep
|turn|26
|inactive|Lady Writer ❂ has 270 seconds left.
|inactive|snaga has 210 seconds left.
|
|t:|1658697023
|switch|p1a: Archeops|Archeops, M|93/100
|move|p2a: Charizard|Flamethrower|p1a: Archeops
|-resisted|p1a: Archeops
|-damage|p1a: Archeops|64/100
|
|-weather|Hail|[upkeep]
|-damage|p1a: Archeops|58/100|[from] Hail
|-damage|p2a: Charizard|71/100|[from] Hail
|upkeep
|turn|27
|inactive|Lady Writer ❂ has 270 seconds left.
|inactive|snaga has 210 seconds left.
|inactive|snaga has 180 seconds left.
|
|t:|1658697077
|switch|p2a: Whimsicott|Whimsicott, F|88/100
|move|p1a: Archeops|Roost|p1a: Archeops
|-heal|p1a: Archeops|100/100
|-singleturn|p1a: Archeops|move: Roost
|
|-weather|Hail|[upkeep]
|-damage|p2a: Whimsicott|82/100|[from] Hail
|-damage|p1a: Archeops|94/100|[from] Hail
|upkeep
|turn|28
|
|t:|1658697085
|switch|p1a: Togedemaru|Togedemaru, M|78/100
|-damage|p1a: Togedemaru|72/100|[from] Stealth Rock
|move|p2a: Whimsicott|Moonblast|p1a: Togedemaru
|-resisted|p1a: Togedemaru
|-damage|p1a: Togedemaru|56/100
|
|-weather|none
|-heal|p1a: Togedemaru|62/100|[from] item: Leftovers
|upkeep
|turn|29
|inactive|snaga has 180 seconds left.
|
|t:|1658697096
|switch|p2a: Charizard|Charizard, M|71/100
|move|p1a: Togedemaru|Wish|p1a: Togedemaru
|
|-heal|p1a: Togedemaru|68/100|[from] item: Leftovers
|upkeep
|turn|30
|inactive|Lady Writer ❂ has 270 seconds left.
|inactive|snaga has 180 seconds left.
|
|t:|1658697114
|switch|p1a: Quagsire|Quagsire, M|52/100
|move|p2a: Charizard|Flamethrower|p1a: Quagsire
|-resisted|p1a: Quagsire
|-damage|p1a: Quagsire|31/100
|-status|p1a: Quagsire|brn
|
|-heal|p1a: Quagsire|73/100 brn|[from] move: Wish|[wisher] Togedemaru
|-damage|p1a: Quagsire|67/100 brn|[from] brn
|upkeep
|turn|31
|inactive|snaga has 180 seconds left.
|
|t:|1658697126
|switch|p2a: Whimsicott|Whimsicott, F|82/100
|switch|p1a: Archeops|Archeops, M|94/100
|
|upkeep
|turn|32
|inactive|Lady Writer ❂ has 270 seconds left.
|
|t:|1658697135
|switch|p1a: Togedemaru|Togedemaru, M|68/100
|-damage|p1a: Togedemaru|62/100|[from] Stealth Rock
|move|p2a: Whimsicott|Knock Off|p1a: Togedemaru
|-damage|p1a: Togedemaru|42/100
|-damage|p2a: Whimsicott|70/100|[from] ability: Iron Barbs|[of] p1a: Togedemaru
|-enditem|p1a: Togedemaru|Leftovers|[from] move: Knock Off|[of] p2a: Whimsicott
|
|upkeep
|turn|33
|
|t:|1658697148
|switch|p2a: Charizard|Charizard, M|71/100
|move|p1a: Togedemaru|Wish|p1a: Togedemaru
|
|upkeep
|turn|34
|
|t:|1658697155
|move|p1a: Togedemaru|Spiky Shield|p1a: Togedemaru
|-singleturn|p1a: Togedemaru|move: Protect
|move|p2a: Charizard|Flamethrower|p1a: Togedemaru
|-activate|p1a: Togedemaru|move: Protect
|
|-heal|p1a: Togedemaru|92/100|[from] move: Wish|[wisher] Togedemaru
|upkeep
|turn|35
|
|t:|1658697158
|switch|p1a: Archeops|Archeops, M|94/100
|move|p2a: Charizard|Flamethrower|p1a: Archeops
|-resisted|p1a: Archeops
|-damage|p1a: Archeops|67/100
|
|upkeep
|turn|36
|inactive|snaga has 210 seconds left.
|inactive|Lady Writer ❂ has 270 seconds left.
|
|t:|1658697196
|switch|p2a: Regirock|Regirock|71/100
|-damage|p2a: Regirock|59/100|[from] Stealth Rock
|move|p1a: Archeops|U-turn|p2a: Regirock
|-damage|p2a: Regirock|48/100
|inactive|Lady Writer ❂ has 270 seconds left.
|
|t:|1658697210
|switch|p1a: Abomasnow|Abomasnow, F|100/100|[from]move: U-turn
|-weather|Hail|[from] ability: Snow Warning|[of] p1a: Abomasnow
|
|-weather|Hail|[upkeep]
|-damage|p2a: Regirock|42/100|[from] Hail
|-heal|p2a: Regirock|48/100|[from] item: Leftovers
|upkeep
|turn|37
|inactive|Lady Writer ❂ has 270 seconds left.
|
|t:|1658697219
|move|p1a: Abomasnow|Blizzard|p2a: Regirock
|-damage|p2a: Regirock|0 fnt
|faint|p2a: Regirock
|
|-weather|Hail|[upkeep]
|upkeep
|
|t:|1658697221
|switch|p2a: Charizard|Charizard, M|71/100
|turn|38
|
|t:|1658697232
|switch|p1a: Archeops|Archeops, M|67/100
|move|p2a: Charizard|Flamethrower|p1a: Archeops
|-resisted|p1a: Archeops
|-damage|p1a: Archeops|38/100
|
|-weather|Hail|[upkeep]
|-damage|p1a: Archeops|32/100|[from] Hail
|-damage|p2a: Charizard|65/100|[from] Hail
|upkeep
|turn|39
|
|t:|1658697235
|move|p1a: Archeops|Roost|p1a: Archeops
|-heal|p1a: Archeops|82/100
|-singleturn|p1a: Archeops|move: Roost
|move|p2a: Charizard|Scorching Sands|p1a: Archeops
|-supereffective|p1a: Archeops
|-damage|p1a: Archeops|27/100
|
|-weather|Hail|[upkeep]
|-damage|p1a: Archeops|21/100|[from] Hail
|-damage|p2a: Charizard|59/100|[from] Hail
|upkeep
|turn|40
|inactive|snaga has 210 seconds left.
|
|t:|1658697263
|switch|p2a: Whimsicott|Whimsicott, F|70/100
|move|p1a: Archeops|Roost|p1a: Archeops
|-heal|p1a: Archeops|71/100
|-singleturn|p1a: Archeops|move: Roost
|
|-weather|none
|upkeep
|turn|41
|inactive|snaga has 210 seconds left.
|
|t:|1658697272
|switch|p2a: Charizard|Charizard, M|59/100
|switch|p1a: Togedemaru|Togedemaru, M|92/100
|-damage|p1a: Togedemaru|86/100|[from] Stealth Rock
|
|upkeep
|turn|42
|
|t:|1658697282
|switch|p1a: Archeops|Archeops, M|71/100
|move|p2a: Charizard|Flamethrower|p1a: Archeops
|-resisted|p1a: Archeops
|-damage|p1a: Archeops|42/100
|
|upkeep
|turn|43
|
|t:|1658697287
|move|p1a: Archeops|Roost|p1a: Archeops
|-heal|p1a: Archeops|93/100
|-singleturn|p1a: Archeops|move: Roost
|move|p2a: Charizard|Scorching Sands|p1a: Archeops
|-supereffective|p1a: Archeops
|-damage|p1a: Archeops|30/100
|
|upkeep
|turn|44
|
|t:|1658697298
|switch|p2a: Whimsicott|Whimsicott, F|70/100
|move|p1a: Archeops|Roost|p1a: Archeops
|-heal|p1a: Archeops|80/100
|-singleturn|p1a: Archeops|move: Roost
|
|upkeep
|turn|45
|
|t:|1658697306
|switch|p1a: Ribombee|Ribombee, M|71/100
|move|p2a: Whimsicott|U-turn|p1a: Ribombee
|-resisted|p1a: Ribombee
|-damage|p1a: Ribombee|62/100
|
|t:|1658697309
|switch|p2a: Charizard|Charizard, M|59/100|[from]move: U-turn
|
|upkeep
|turn|46
|
|t:|1658697327
|move|p1a: Ribombee|Aromatherapy|p1a: Ribombee
|-activate|p1a: Ribombee|move: Aromatherapy
|-curestatus|p1: Quagsire|brn|[msg]
|move|p2a: Charizard|Flamethrower|p1a: Ribombee
|-supereffective|p1a: Ribombee
|-damage|p1a: Ribombee|0 fnt
|faint|p1a: Ribombee
|
|upkeep
|
|t:|1658697330
|switch|p1a: Archeops|Archeops, M|80/100
|turn|47
|
|t:|1658697335
|move|p1a: Archeops|U-turn|p2a: Charizard
|-resisted|p2a: Charizard
|-damage|p2a: Charizard|52/100
|
|t:|1658697337
|switch|p1a: Quagsire|Quagsire, M|67/100|[from]move: U-turn
|move|p2a: Charizard|Roost|p2a: Charizard
|-heal|p2a: Charizard|100/100
|-singleturn|p2a: Charizard|move: Roost
|
|upkeep
|turn|48
|
|t:|1658697345
|switch|p2a: Wishiwashi|Wishiwashi, M|34/100 slp
|-damage|p2a: Wishiwashi|22/100 slp|[from] Stealth Rock
|switch|p1a: Abomasnow|Abomasnow, F|100/100
|-weather|Hail|[from] ability: Snow Warning|[of] p1a: Abomasnow
|
|-weather|Hail|[upkeep]
|-damage|p2a: Wishiwashi|16/100 slp|[from] Hail
|-heal|p2a: Wishiwashi|22/100 slp|[from] item: Leftovers
|upkeep
|turn|49
|
|t:|1658697361
|switch|p2a: Charizard|Charizard, M|100/100
|move|p1a: Abomasnow|Blizzard|p2a: Charizard
|-damage|p2a: Charizard|48/100
|
|-weather|Hail|[upkeep]
|-damage|p2a: Charizard|42/100|[from] Hail
|upkeep
|turn|50
|
|t:|1658697372
|switch|p1a: Archeops|Archeops, M|80/100
|move|p2a: Charizard|Roost|p2a: Charizard
|-heal|p2a: Charizard|92/100
|-singleturn|p2a: Charizard|move: Roost
|
|-weather|Hail|[upkeep]
|-damage|p1a: Archeops|74/100|[from] Hail
|-damage|p2a: Charizard|86/100|[from] Hail
|upkeep
|turn|51
|inactive|snaga has 270 seconds left.
|inactive|snaga has 240 seconds left.
|
|t:|1658697436
|switch|p2a: Wishiwashi|Wishiwashi, M|22/100 slp
|-damage|p2a: Wishiwashi|10/100 slp|[from] Stealth Rock
|move|p1a: Archeops|Stone Edge|p2a: Wishiwashi
|-damage|p2a: Wishiwashi|0 fnt
|faint|p2a: Wishiwashi
|
|-weather|Hail|[upkeep]
|-damage|p1a: Archeops|68/100|[from] Hail
|upkeep
|
|t:|1658697438
|switch|p2a: Whimsicott|Whimsicott, F|70/100
|turn|52
|
|t:|1658697443
|switch|p2a: Charizard|Charizard, M|86/100
|switch|p1a: Togedemaru|Togedemaru, M|86/100
|-damage|p1a: Togedemaru|80/100|[from] Stealth Rock
|
|-weather|none
|upkeep
|turn|53
|
|t:|1658697451
|switch|p1a: Quagsire|Quagsire, M|67/100
|move|p2a: Charizard|Flamethrower|p1a: Quagsire
|-resisted|p1a: Quagsire
|-damage|p1a: Quagsire|46/100
|
|upkeep
|turn|54
|
|t:|1658697461
|switch|p2a: Doublade|Doublade, M|84/100
|-damage|p2a: Doublade|78/100|[from] Stealth Rock
|move|p1a: Quagsire|Recover|p1a: Quagsire
|-heal|p1a: Quagsire|96/100
|
|upkeep
|turn|55
|
|t:|1658697472
|switch|p2a: Whimsicott|Whimsicott, F|70/100
|move|p1a: Quagsire|Scald|p2a: Whimsicott
|-resisted|p2a: Whimsicott
|-damage|p2a: Whimsicott|54/100
|
|upkeep
|turn|56
|
|t:|1658697479
|switch|p2a: Charizard|Charizard, M|86/100
|switch|p1a: Togedemaru|Togedemaru, M|80/100
|-damage|p1a: Togedemaru|74/100|[from] Stealth Rock
|
|upkeep
|turn|57
|inactive|snaga has 270 seconds left.
|
|t:|1658697486
|switch|p2a: Whimsicott|Whimsicott, F|54/100
|move|p1a: Togedemaru|Spiky Shield||[still]
|-fail|p1a: Togedemaru
|
|upkeep
|turn|58
|
|t:|1658697490
|switch|p2a: Charizard|Charizard, M|86/100
|move|p1a: Togedemaru|Wish|p1a: Togedemaru
|
|upkeep
|turn|59
|
|t:|1658697495
|switch|p1a: Archeops|Archeops, M|68/100
|move|p2a: Charizard|Flamethrower|p1a: Archeops
|-resisted|p1a: Archeops
|-damage|p1a: Archeops|42/100
|
|-heal|p1a: Archeops|99/100|[from] move: Wish|[wisher] Togedemaru
|upkeep
|turn|60
|
|t:|1658697502
|move|p1a: Archeops|Stone Edge|p2a: Charizard
|-supereffective|p2a: Charizard
|-damage|p2a: Charizard|0 fnt
|faint|p2a: Charizard
|
|upkeep
|
|t:|1658697504
|switch|p2a: Doublade|Doublade, M|78/100
|-damage|p2a: Doublade|72/100|[from] Stealth Rock
|turn|61
|
|t:|1658697510
|move|p1a: Archeops|U-turn|p2a: Doublade
|-resisted|p2a: Doublade
|-damage|p2a: Doublade|69/100
|
|t:|1658697511
|switch|p1a: Quagsire|Quagsire, M|96/100|[from]move: U-turn
|move|p2a: Doublade|Close Combat|p1a: Quagsire
|-damage|p1a: Quagsire|69/100
|-unboost|p2a: Doublade|def|1
|-unboost|p2a: Doublade|spd|1
|
|upkeep
|turn|62
|
|t:|1658697522
|move|p2a: Doublade|Rock Slide|p1a: Quagsire
|-resisted|p1a: Quagsire
|-damage|p1a: Quagsire|60/100
|cant|p1a: Quagsire|flinch
|
|upkeep
|turn|63
|c|+Luthier|1
|
|t:|1658697529
|move|p2a: Doublade|Rock Slide|p1a: Quagsire
|-resisted|p1a: Quagsire
|-damage|p1a: Quagsire|53/100
|move|p1a: Quagsire|Toxic|p2a: Doublade
|-immune|p2a: Doublade
|
|upkeep
|turn|64
|c|+Luthier|,
|
|t:|1658697535
|move|p2a: Doublade|Rock Slide|p1a: Quagsire
|-resisted|p1a: Quagsire
|-damage|p1a: Quagsire|44/100
|cant|p1a: Quagsire|flinch
|
|upkeep
|turn|65
|
|t:|1658697541
|move|p2a: Doublade|Rock Slide|p1a: Quagsire
|-resisted|p1a: Quagsire
|-damage|p1a: Quagsire|36/100
|move|p1a: Quagsire|Recover|p1a: Quagsire
|-heal|p1a: Quagsire|86/100
|
|upkeep
|turn|66
|c|+avarice|luth stfu
|
|t:|1658697549
|switch|p1a: Scrafty|Scrafty, M|100/100
|-damage|p1a: Scrafty|95/100|[from] Stealth Rock
|-ability|p1a: Scrafty|Intimidate|boost
|-unboost|p2a: Doublade|atk|1
|move|p2a: Doublade|Rock Slide|p1a: Scrafty
|-resisted|p1a: Scrafty
|-damage|p1a: Scrafty|87/100
|
|-heal|p1a: Scrafty|93/100|[from] item: Leftovers
|upkeep
|turn|67
|
|t:|1658697556
|move|p1a: Scrafty|Substitute|p1a: Scrafty
|-start|p1a: Scrafty|Substitute
|-damage|p1a: Scrafty|68/100
|move|p2a: Doublade|Close Combat|p1a: Scrafty
|-supereffective|p1a: Scrafty
|-end|p1a: Scrafty|Substitute
|-unboost|p2a: Doublade|def|1
|-unboost|p2a: Doublade|spd|1
|
|-heal|p1a: Scrafty|74/100|[from] item: Leftovers
|upkeep
|turn|68
|
|t:|1658697568
|switch|p2a: Whimsicott|Whimsicott, F|54/100
|move|p1a: Scrafty|Knock Off|p2a: Whimsicott
|-resisted|p2a: Whimsicott
|-damage|p2a: Whimsicott|25/100
|-enditem|p2a: Whimsicott|Heavy-Duty Boots|[from] move: Knock Off|[of] p1a: Scrafty
|
|-heal|p1a: Scrafty|80/100|[from] item: Leftovers
|upkeep
|turn|69
|
|t:|1658697576
|switch|p2a: Doublade|Doublade, M|69/100
|-damage|p2a: Doublade|63/100|[from] Stealth Rock
|switch|p1a: Abomasnow|Abomasnow, F|100/100
|-weather|Hail|[from] ability: Snow Warning|[of] p1a: Abomasnow
|
|-weather|Hail|[upkeep]
|-damage|p2a: Doublade|56/100|[from] Hail
|upkeep
|turn|70
|
|t:|1658697583
|move|p1a: Abomasnow|Earth Power|p2a: Doublade
|-supereffective|p2a: Doublade
|-damage|p2a: Doublade|0 fnt
|faint|p2a: Doublade
|
|-weather|Hail|[upkeep]
|upkeep
|
|t:|1658697587
|switch|p2a: Frosmoth|Frosmoth, M|75/100
|turn|71
|
|t:|1658697594
|move|p2a: Frosmoth|Quiver Dance|p2a: Frosmoth
|-boost|p2a: Frosmoth|spa|1
|-boost|p2a: Frosmoth|spd|1
|-boost|p2a: Frosmoth|spe|1
|move|p1a: Abomasnow|Rock Slide|p2a: Frosmoth
|-supereffective|p2a: Frosmoth
|-damage|p2a: Frosmoth|0 fnt
|faint|p2a: Frosmoth
|
|-weather|Hail|[upkeep]
|upkeep
|-message|snaga forfeited.
|
|win|Lady Writer ❂
|c|☆Lady Writer ❂|gg
