|inactive|Battle timer is ON: inactive players will automatically lose when time's up.
|t:|1666463422
|gametype|singles
|player|p1|Lambovino|#scl2spartans|
|player|p2|EVIL Z0MOG|#z0mog|
|teamsize|p1|6
|teamsize|p2|6
|gen|8
|tier|[Gen 8] PU
|rule|Sleep Clause Mod: Limit one foe put to sleep
|rule|Species Clause: Limit one of each Pokémon
|rule|OHKO Clause: OHKO moves are banned
|rule|Evasion Items Clause: Evasion items are banned
|rule|Evasion Moves Clause: Evasion moves are banned
|rule|Endless Battle Clause: Forcing endless battles is banned
|rule|HP Percentage Mod: HP is shown in percentages
|rule|Dynamax Clause: You cannot dynamax
|clearpoke
|poke|p1|Lapras, F|
|poke|p1|Weezing, M|
|poke|p1|Claydol|
|poke|p1|Lycanroc, F|
|poke|p1|Ribombee, F|
|poke|p1|Ferroseed, F|
|poke|p2|Shiftry, M|
|poke|p2|Qwilfish, F|
|poke|p2|Sneasel, F|
|poke|p2|Mesprit|
|poke|p2|Doublade, M|
|poke|p2|Lycanroc, M|
|teampreview
|c|☆EVIL Z0MOG|hf
|c|☆Lambovino|hf
|inactive|Lambovino has 270 seconds left.
|inactive|EVIL Z0MOG has 270 seconds left.
|inactive|Lambovino has 240 seconds left.
|inactive|EVIL Z0MOG has 240 seconds left.
|c|+Astreau|LETS GO LAMBOAT
|inactive|Lambovino has 210 seconds left.
|inactive|Lambovino has 180 seconds left.
|
|t:|1666463553
|start
|switch|p1a: Claydol|Claydol|100/100
|switch|p2a: DOGY DOG WORLD|Lycanroc, M, shiny|100/100
|turn|1
|c|+Coalette|doggy dog
|c|+Micciu20250|LAMBOOO
|inactive|Lambovino has 210 seconds left.
|
|t:|1666463584
|switch|p2a: DunkTimeWithJarv|Shiftry, M|100/100
|move|p1a: Claydol|Rapid Spin|p2a: DunkTimeWithJarv
|-damage|p2a: DunkTimeWithJarv|88/100
|-boost|p1a: Claydol|spe|1
|
|upkeep
|turn|2
|inactive|Lambovino has 210 seconds left.
|inactive|Lambovino has 180 seconds left.
|
|t:|1666463646
|move|p2a: DunkTimeWithJarv|Knock Off|p1a: Claydol
|-supereffective|p1a: Claydol
|-enditem|p1a: Claydol|Colbur Berry|[eat]
|-enditem|p1a: Claydol|Colbur Berry|[weaken]
|-damage|p1a: Claydol|59/100
|move|p1a: Claydol|Teleport|p1a: Claydol
|
|t:|1666463652
|switch|p1a: Ribombee|Ribombee, F|100/100|[from]move: Teleport
|
|upkeep
|turn|3
|
|t:|1666463673
|switch|p2a: DaStinky|Qwilfish, F|100/100
|-ability|p2a: DaStinky|Intimidate|boost
|-unboost|p1a: Ribombee|atk|1
|move|p1a: Ribombee|Switcheroo|p2a: DaStinky
|-activate|p1a: Ribombee|move: Trick|[of] p2a: DaStinky
|-item|p2a: DaStinky|Ring Target|[from] move: Switcheroo
|-item|p1a: Ribombee|Black Sludge|[from] move: Switcheroo
|
|-damage|p1a: Ribombee|88/100|[from] item: Black Sludge
|upkeep
|turn|4
|c|☆EVIL Z0MOG|i am about to get hella toxic'd.
|c|☆Lambovino|loool
|inactive|EVIL Z0MOG has 270 seconds left.
|
|t:|1666463718
|switch|p1a: Ferroseed|Ferroseed, F|100/100
|move|p2a: DaStinky|Waterfall|p1a: Ferroseed
|-resisted|p1a: Ferroseed
|-damage|p1a: Ferroseed|86/100
|-damage|p2a: DaStinky|88/100|[from] ability: Iron Barbs|[of] p1a: Ferroseed
|
|upkeep
|turn|5
|
|t:|1666463730
|switch|p2a: DunkTimeWithJarv|Shiftry, M|88/100
|move|p1a: Ferroseed|Knock Off|p2a: DunkTimeWithJarv
|-resisted|p2a: DunkTimeWithJarv
|-damage|p2a: DunkTimeWithJarv|78/100
|-enditem|p2a: DunkTimeWithJarv|Black Glasses|[from] move: Knock Off|[of] p1a: Ferroseed
|-enditem|p1a: Ferroseed|Eviolite|[silent]|[from] ability: Pickpocket|[of] p1a: Ferroseed
|-item|p2a: DunkTimeWithJarv|Eviolite|[from] ability: Pickpocket|[of] p1a: Ferroseed
|
|upkeep
|turn|6
|c|☆EVIL Z0MOG|thanks jonfilch
|c|+jonfilch|np
|
|t:|1666463748
|switch|p1a: Weezing|Weezing, M|100/100
|-ability|p1a: Weezing|Neutralizing Gas
|move|p2a: DunkTimeWithJarv|Swords Dance|p2a: DunkTimeWithJarv
|-boost|p2a: DunkTimeWithJarv|atk|2
|
|upkeep
|turn|7
|inactive|EVIL Z0MOG has 240 seconds left.
|inactive|EVIL Z0MOG has 210 seconds left.
|
|t:|1666463817
|switch|p2a: el bazingas|Mesprit|100/100
|move|p1a: Weezing|Sludge Bomb|p2a: el bazingas
|-damage|p2a: el bazingas|69/100
|-status|p2a: el bazingas|psn
|
|-damage|p2a: el bazingas|57/100 psn|[from] psn
|upkeep
|turn|8
|inactive|Lambovino has 150 seconds left.
|
|t:|1666463846
|-end|p1a: Weezing|ability: Neutralizing Gas
|switch|p1a: Ferroseed|Ferroseed, F|86/100
|move|p2a: el bazingas|U-turn|p1a: Ferroseed
|-damage|p1a: Ferroseed|67/100
|-damage|p2a: el bazingas|45/100 psn|[from] ability: Iron Barbs|[of] p1a: Ferroseed
|c|+Coalette|yo wtf theres a lapras on my screen
|raw|<div class="broadcast-red"><strong>Moderated chat was set to ☆!</strong><br />Only users of rank ☆ and higher can talk.</div>
|inactive|EVIL Z0MOG has 180 seconds left.
|
|t:|1666463883
|switch|p2a: EMPO FROM SPL|Doublade, M, shiny|100/100|[from]move: U-turn
|
|upkeep
|turn|9
|inactive|EVIL Z0MOG has 180 seconds left.
|
|t:|1666463898
|switch|p1a: Weezing|Weezing, M|100/100
|-ability|p1a: Weezing|Neutralizing Gas
|move|p2a: EMPO FROM SPL|Close Combat|p1a: Weezing
|-resisted|p1a: Weezing
|-damage|p1a: Weezing|87/100
|-unboost|p2a: EMPO FROM SPL|def|1
|-unboost|p2a: EMPO FROM SPL|spd|1
|
|upkeep
|turn|10
|inactive|Lambovino has 150 seconds left.
|inactive|Lambovino has 120 seconds left.
|
|t:|1666463949
|switch|p2a: DOGY DOG WORLD|Lycanroc, M, shiny|100/100
|move|p1a: Weezing|Toxic Spikes|p2a: DOGY DOG WORLD
|-sidestart|p2: EVIL Z0MOG|move: Toxic Spikes
|
|upkeep
|turn|11
|inactive|Lambovino has 120 seconds left.
|
|t:|1666463967
|switch|p2a: DaStinky|Qwilfish, F|88/100
|-sideend|p2: EVIL Z0MOG|move: Toxic Spikes|[of] p2a: DaStinky
|-end|p1a: Weezing|ability: Neutralizing Gas
|-ability|p2a: DaStinky|Intimidate|boost
|-unboost|p1a: Weezing|atk|1
|switch|p1a: Claydol|Claydol|59/100
|
|upkeep
|turn|12
|inactive|Lambovino has 120 seconds left.
|inactive|EVIL Z0MOG has 180 seconds left.
|inactive|Lambovino has 90 seconds left.
|
|t:|1666464008
|switch|p2a: DunkTimeWithJarv|Shiftry, M|78/100
|move|p1a: Claydol|Earth Power|p2a: DunkTimeWithJarv
|-resisted|p2a: DunkTimeWithJarv
|-damage|p2a: DunkTimeWithJarv|60/100
|
|upkeep
|turn|13
|inactive|Lambovino has 90 seconds left.
|
|t:|1666464020
|switch|p1a: Weezing|Weezing, M|87/100
|-ability|p1a: Weezing|Neutralizing Gas
|move|p2a: DunkTimeWithJarv|Swords Dance|p2a: DunkTimeWithJarv
|-boost|p2a: DunkTimeWithJarv|atk|2
|
|upkeep
|turn|14
|inactive|Lambovino has 90 seconds left.
|
|t:|1666464048
|move|p2a: DunkTimeWithJarv|Knock Off|p1a: Weezing
|-damage|p1a: Weezing|30/100
|-enditem|p1a: Weezing|Sitrus Berry|[from] move: Knock Off|[of] p2a: DunkTimeWithJarv
|move|p1a: Weezing|Sludge Bomb|p2a: DunkTimeWithJarv
|-supereffective|p2a: DunkTimeWithJarv
|-damage|p2a: DunkTimeWithJarv|0 fnt
|faint|p2a: DunkTimeWithJarv
|
|upkeep
|inactive|EVIL Z0MOG has 180 seconds left.
|
|t:|1666464077
|switch|p2a: el bazingas|Mesprit|45/100 psn
|turn|15
|inactive|Lambovino has 60 seconds left.
|
|t:|1666464125
|move|p2a: el bazingas|Psychic|p1a: Weezing
|-supereffective|p1a: Weezing
|-damage|p1a: Weezing|0 fnt
|faint|p1a: Weezing
|-end|p1a: Weezing|ability: Neutralizing Gas
|
|-damage|p2a: el bazingas|32/100 psn|[from] psn
|upkeep
|inactive|Lambovino has 30 seconds left.
|inactive|Lambovino has 20 seconds left.
|
|t:|1666464159
|switch|p1a: Claydol|Claydol|59/100
|turn|16
|inactive|Lambovino has 30 seconds left this turn.
|
|t:|1666464171
|switch|p2a: obamna SODA|Sneasel, F|100/100
|move|p1a: Claydol|Toxic|p2a: obamna SODA
|-status|p2a: obamna SODA|tox
|
|-damage|p2a: obamna SODA|95/100 tox|[from] psn
|upkeep
|turn|17
|inactive|Lambovino has 30 seconds left.
|
|t:|1666464186
|switch|p1a: Ferroseed|Ferroseed, F|67/100
|move|p2a: obamna SODA|Knock Off|p1a: Ferroseed
|-damage|p1a: Ferroseed|19/100
|-damage|p2a: obamna SODA|82/100 tox|[from] ability: Iron Barbs|[of] p1a: Ferroseed
|-damage|p2a: obamna SODA|72/100 tox|[from] item: Life Orb
|
|-damage|p2a: obamna SODA|60/100 tox|[from] psn
|upkeep
|turn|18
|inactive|Lambovino has 30 seconds left.
|inactive|EVIL Z0MOG has 180 seconds left.
|
|t:|1666464219
|move|p2a: obamna SODA|Ice Shard|p1a: Ferroseed
|-damage|p1a: Ferroseed|0 fnt
|faint|p1a: Ferroseed
|-damage|p2a: obamna SODA|50/100 tox|[from] item: Life Orb
|
|-damage|p2a: obamna SODA|32/100 tox|[from] psn
|upkeep
|
|t:|1666464224
|switch|p1a: Lycanroc|Lycanroc, F|100/100
|turn|19
|
|t:|1666464235
|move|p1a: Lycanroc|Accelerock|p2a: obamna SODA
|-supereffective|p2a: obamna SODA
|-damage|p2a: obamna SODA|0 fnt
|faint|p2a: obamna SODA
|
|upkeep
|inactive|EVIL Z0MOG has 180 seconds left.
|
|t:|1666464252
|switch|p2a: EMPO FROM SPL|Doublade, M, shiny|100/100
|turn|20
|inactive|EVIL Z0MOG has 180 seconds left.
|
|t:|1666464269
|switch|p1a: Claydol|Claydol|59/100
|move|p2a: EMPO FROM SPL|Shadow Claw|p1a: Claydol
|-supereffective|p1a: Claydol
|-damage|p1a: Claydol|8/100
|
|upkeep
|turn|21
|
|t:|1666464289
|move|p2a: EMPO FROM SPL|Shadow Sneak|p1a: Claydol
|-supereffective|p1a: Claydol
|-damage|p1a: Claydol|0 fnt
|faint|p1a: Claydol
|
|upkeep
|
|t:|1666464291
|switch|p1a: Ribombee|Ribombee, F|88/100
|turn|22
|inactive|Lambovino has 60 seconds left.
|
|t:|1666464300
|switch|p2a: DaStinky|Qwilfish, F|88/100
|-ability|p2a: DaStinky|Intimidate|boost
|-unboost|p1a: Ribombee|atk|1
|move|p1a: Ribombee|Switcheroo|p2a: DaStinky
|-activate|p1a: Ribombee|move: Trick|[of] p2a: DaStinky
|-item|p2a: DaStinky|Black Sludge|[from] move: Switcheroo
|-item|p1a: Ribombee|Ring Target|[from] move: Switcheroo
|
|-heal|p2a: DaStinky|94/100|[from] item: Black Sludge
|upkeep
|turn|23
|
|t:|1666464306
|switch|p1a: Lapras|Lapras, F|100/100
|move|p2a: DaStinky|Poison Jab|p1a: Lapras
|-damage|p1a: Lapras|68/100
|
|-heal|p2a: DaStinky|99/100|[from] item: Black Sludge
|upkeep
|turn|24
|inactive|EVIL Z0MOG has 180 seconds left.
|inactive|Lambovino has 60 seconds left.
|
|t:|1666464329
|switch|p2a: DOGY DOG WORLD|Lycanroc, M, shiny|100/100
|move|p1a: Lapras|Rain Dance|p1a: Lapras
|-weather|RainDance
|
|-weather|RainDance|[upkeep]
|upkeep
|turn|25
|inactive|EVIL Z0MOG has 180 seconds left.
|
|t:|1666464346
|switch|p1a: Lycanroc|Lycanroc, F|100/100
|move|p2a: DOGY DOG WORLD|Stealth Rock|p1a: Lycanroc
|-sidestart|p1: Lambovino|move: Stealth Rock
|
|-weather|RainDance|[upkeep]
|upkeep
|turn|26
|inactive|Lambovino has 60 seconds left.
|
|t:|1666464363
|switch|p2a: EMPO FROM SPL|Doublade, M, shiny|100/100
|move|p1a: Lycanroc|Close Combat|p2a: EMPO FROM SPL
|-immune|p2a: EMPO FROM SPL
|
|-weather|RainDance|[upkeep]
|upkeep
|turn|27
|
|t:|1666464368
|switch|p1a: Ribombee|Ribombee, F|88/100
|-damage|p1a: Ribombee|63/100|[from] Stealth Rock
|move|p2a: EMPO FROM SPL|Shadow Claw|p1a: Ribombee
|-crit|p1a: Ribombee
|-damage|p1a: Ribombee|0 fnt
|faint|p1a: Ribombee
|
|-weather|RainDance|[upkeep]
|upkeep
|
|t:|1666464370
|switch|p1a: Lapras|Lapras, F|68/100
|turn|28
|
|t:|1666464380
|switch|p2a: DOGY DOG WORLD|Lycanroc, M, shiny|100/100
|move|p1a: Lapras|Rest|p1a: Lapras
|-status|p1a: Lapras|slp|[from] move: Rest
|-heal|p1a: Lapras|100/100 slp|[silent]
|
|-weather|none
|upkeep
|turn|29
|
|t:|1666464384
|move|p2a: DOGY DOG WORLD|Accelerock|p1a: Lapras
|-supereffective|p1a: Lapras
|-crit|p1a: Lapras
|-damage|p1a: Lapras|45/100 slp
|cant|p1a: Lapras|slp
|
|upkeep
|turn|30
|
|t:|1666464386
|switch|p1a: Lycanroc|Lycanroc, F|100/100
|-damage|p1a: Lycanroc|88/100|[from] Stealth Rock
|move|p2a: DOGY DOG WORLD|Accelerock|p1a: Lycanroc
|-damage|p1a: Lycanroc|58/100
|
|upkeep
|turn|31
|
|t:|1666464390
|move|p2a: DOGY DOG WORLD|Accelerock|p1a: Lycanroc
|-damage|p1a: Lycanroc|27/100
|move|p1a: Lycanroc|Stealth Rock|p2a: DOGY DOG WORLD
|-sidestart|p2: EVIL Z0MOG|move: Stealth Rock
|
|upkeep
|turn|32
|
|t:|1666464393
|move|p2a: DOGY DOG WORLD|Accelerock|p1a: Lycanroc
|-damage|p1a: Lycanroc|0 fnt
|faint|p1a: Lycanroc
|
|upkeep
|c|☆Lambovino|gg
|c|☆EVIL Z0MOG|gg
|
|t:|1666464396
|switch|p1a: Lapras|Lapras, F|45/100 slp
|turn|33
|
|t:|1666464399
|move|p2a: DOGY DOG WORLD|Accelerock|p1a: Lapras
|-supereffective|p1a: Lapras
|-damage|p1a: Lapras|10/100 slp
|cant|p1a: Lapras|slp
|
|upkeep
|turn|34
|
|t:|1666464401
|move|p2a: DOGY DOG WORLD|Accelerock|p1a: Lapras
|-supereffective|p1a: Lapras
|-damage|p1a: Lapras|0 fnt
|faint|p1a: Lapras
|
|win|EVIL Z0MOG
