|inactive|Battle timer is ON: inactive players will automatically lose when time's up.
|t:|1627744134
|gametype|singles
|player|p1|kink¨̮|#kinguu|
|player|p2|Ktutverde|psychicf-gen4|
|teamsize|p1|6
|teamsize|p2|6
|gen|8
|tier|[Gen 8] PU
|rule|Sleep Clause Mod: Limit one foe put to sleep
|rule|Species Clause: Limit one of each Pokémon
|rule|OHKO Clause: OHKO moves are banned
|rule|Evasion Moves Clause: Evasion moves are banned
|rule|Endless Battle Clause: Forcing endless battles is banned
|rule|HP Percentage Mod: HP is shown in percentages
|rule|Dynamax Clause: You cannot dynamax
|clearpoke
|poke|p1|Tsareena, F|
|poke|p1|Silvally-*|
|poke|p1|Charizard, F|
|poke|p1|Sandaconda, F|
|poke|p1|Passimian, F|
|poke|p1|Froslass, F|
|poke|p2|Ferroseed, F|
|poke|p2|Gigalith, M|
|poke|p2|Charizard, M|
|poke|p2|Ribombee, F|
|poke|p2|Weezing, M|
|poke|p2|Scrafty, M|
|teampreview
|c|☆Ktutverde|hf
|c|☆kink¨̮|u2 man
|inactive|kink¨̮ has 270 seconds left.
|inactive|Ktutverde has 270 seconds left.
|inactive|Ktutverde has 240 seconds left.
|inactive|Ktutverde has 210 seconds left.
|
|t:|1627744236
|start
|switch|p1a: Silvally|Silvally-Steel|100/100
|switch|p2a: Thuglife|Scrafty, M|100/100
|turn|1
|inactive|kink¨̮ has 270 seconds left.
|
|t:|1627744285
|move|p1a: Silvally|Multi-Attack|p2a: Thuglife
|-damage|p2a: Thuglife|53/100
|move|p2a: Thuglife|Bulk Up|p2a: Thuglife
|-boost|p2a: Thuglife|atk|1
|-boost|p2a: Thuglife|def|1
|
|-heal|p2a: Thuglife|59/100|[from] item: Leftovers
|upkeep
|turn|2
|inactive|Ktutverde has 240 seconds left.
|
|t:|1627744311
|switch|p1a: Passimian|Passimian, F|100/100
|move|p2a: Thuglife|Drain Punch|p1a: Passimian
|-damage|p1a: Passimian|59/100
|-heal|p2a: Thuglife|80/100|[from] drain|[of] p1a: Passimian
|
|-heal|p2a: Thuglife|86/100|[from] item: Leftovers
|upkeep
|turn|3
|inactive|kink¨̮ has 270 seconds left.
|
|t:|1627744340
|move|p1a: Passimian|Close Combat|p2a: Thuglife
|-supereffective|p2a: Thuglife
|-damage|p2a: Thuglife|21/100
|-unboost|p1a: Passimian|def|1
|-unboost|p1a: Passimian|spd|1
|move|p2a: Thuglife|Drain Punch|p1a: Passimian
|-damage|p1a: Passimian|0 fnt
|-heal|p2a: Thuglife|51/100|[from] drain|[of] p1a: Passimian
|faint|p1a: Passimian
|
|-heal|p2a: Thuglife|57/100|[from] item: Leftovers
|upkeep
|
|t:|1627744364
|switch|p1a: Froslass|Froslass, F|100/100
|turn|4
|inactive|Ktutverde has 210 seconds left.
|
|t:|1627744388
|move|p1a: Froslass|Trick|p2a: Thuglife
|-activate|p1a: Froslass|move: Trick|[of] p2a: Thuglife
|-item|p2a: Thuglife|Choice Specs|[from] move: Trick
|-item|p1a: Froslass|Leftovers|[from] move: Trick
|move|p2a: Thuglife|Knock Off|p1a: Froslass
|-supereffective|p1a: Froslass
|-damage|p1a: Froslass|0 fnt
|-start|p2a: Thuglife|Disable|Knock Off|[from] ability: Cursed Body|[of] p1a: Froslass
|-enditem|p1a: Froslass|Leftovers|[from] move: Knock Off|[of] p2a: Thuglife
|faint|p1a: Froslass
|
|upkeep
|inactive|kink¨̮ has 240 seconds left.
|
|t:|1627744416
|switch|p1a: Silvally|Silvally-Steel|100/100
|turn|5
|inactive|Ktutverde has 210 seconds left.
|
|t:|1627744445
|switch|p2a: Covid Boss|Weezing, M|100/100
|move|p1a: Silvally|Swords Dance|p1a: Silvally
|-boost|p1a: Silvally|atk|2
|
|upkeep
|turn|6
|
|t:|1627744452
|move|p1a: Silvally|Multi-Attack|p2a: Covid Boss
|-damage|p2a: Covid Boss|33/100
|-damage|p1a: Silvally|84/100|[from] item: Rocky Helmet|[of] p2a: Covid Boss
|move|p2a: Covid Boss|Will-O-Wisp|p1a: Silvally
|-status|p1a: Silvally|brn
|
|-damage|p1a: Silvally|78/100 brn|[from] brn
|upkeep
|turn|7
|inactive|Ktutverde has 210 seconds left.
|
|t:|1627744482
|switch|p2a: Thuglife|Scrafty, M|57/100
|move|p1a: Silvally|Multi-Attack|p2a: Thuglife
|-damage|p2a: Thuglife|13/100
|
|-damage|p1a: Silvally|72/100 brn|[from] brn
|upkeep
|turn|8
|inactive|kink¨̮ has 240 seconds left.
|inactive|kink¨̮ has 210 seconds left.
|
|t:|1627744528
|move|p1a: Silvally|Flame Charge|p2a: Thuglife
|-damage|p2a: Thuglife|0 fnt
|-boost|p1a: Silvally|spe|1
|faint|p2a: Thuglife
|
|-damage|p1a: Silvally|66/100 brn|[from] brn
|upkeep
|inactive|Ktutverde has 180 seconds left.
|
|t:|1627744550
|switch|p2a: Rolling Weed|Ferroseed, F|100/100
|turn|9
|inactive|kink¨̮ has 210 seconds left.
|
|t:|1627744559
|move|p1a: Silvally|Flame Charge|p2a: Rolling Weed
|-supereffective|p2a: Rolling Weed
|-damage|p2a: Rolling Weed|63/100
|-boost|p1a: Silvally|spe|1
|-damage|p1a: Silvally|53/100 brn|[from] ability: Iron Barbs|[of] p2a: Rolling Weed
|move|p2a: Rolling Weed|Leech Seed|p1a: Silvally
|-start|p1a: Silvally|move: Leech Seed
|
|-damage|p1a: Silvally|41/100 brn|[from] Leech Seed|[of] p2a: Rolling Weed
|-heal|p2a: Rolling Weed|77/100|[silent]
|-damage|p1a: Silvally|35/100 brn|[from] brn
|upkeep
|turn|10
|inactive|kink¨̮ has 210 seconds left.
|inactive|Ktutverde has 180 seconds left.
|
|t:|1627744578
|switch|p1a: Sandaconda|Sandaconda, F|100/100
|move|p2a: Rolling Weed|Spikes|p1a: Sandaconda
|-sidestart|p1: kink¨̮|Spikes
|
|upkeep
|turn|11
|inactive|Ktutverde has 180 seconds left.
|
|t:|1627744603
|move|p1a: Sandaconda|Stealth Rock|p2a: Rolling Weed
|-sidestart|p2: Ktutverde|move: Stealth Rock
|move|p2a: Rolling Weed|Knock Off|p1a: Sandaconda
|-damage|p1a: Sandaconda|92/100
|-damage|p2a: Rolling Weed|61/100|[from] item: Rocky Helmet|[of] p1a: Sandaconda
|-enditem|p1a: Sandaconda|Rocky Helmet|[from] move: Knock Off|[of] p2a: Rolling Weed
|
|upkeep
|turn|12
|
|t:|1627744617
|switch|p2a: Covid Boss|Weezing, M|33/100
|-damage|p2a: Covid Boss|21/100|[from] Stealth Rock
|move|p1a: Sandaconda|Glare|p2a: Covid Boss
|-status|p2a: Covid Boss|par
|
|upkeep
|turn|13
|
|t:|1627744652
|switch|p1a: Silvally|Silvally-Steel|35/100 brn
|-damage|p1a: Silvally|23/100 brn|[from] Spikes
|move|p2a: Covid Boss|Pain Split|p1a: Silvally
|-sethp|p1a: Silvally|22/100 brn|[from] move: Pain Split|[silent]
|-sethp|p2a: Covid Boss|21/100 par|[from] move: Pain Split
|
|-damage|p1a: Silvally|16/100 brn|[from] brn
|upkeep
|turn|14
|
|t:|1627744665
|switch|p2a: Rolling Weed|Ferroseed, F|61/100
|-damage|p2a: Rolling Weed|55/100|[from] Stealth Rock
|move|p1a: Silvally|Multi-Attack|p2a: Rolling Weed
|-resisted|p2a: Rolling Weed
|-damage|p2a: Rolling Weed|48/100
|-damage|p1a: Silvally|3/100 brn|[from] ability: Iron Barbs|[of] p2a: Rolling Weed
|
|-damage|p1a: Silvally|0 fnt|[from] brn
|faint|p1a: Silvally
|upkeep
|
|t:|1627744670
|switch|p1a: Charizard|Charizard, F|100/100
|turn|15
|
|t:|1627744688
|switch|p2a: Giga LIT|Gigalith, M|100/100
|-damage|p2a: Giga LIT|88/100|[from] Stealth Rock
|-weather|Sandstorm|[from] ability: Sand Stream|[of] p2a: Giga LIT
|move|p1a: Charizard|Dragon Dance|p1a: Charizard
|-boost|p1a: Charizard|atk|1
|-boost|p1a: Charizard|spe|1
|
|-weather|Sandstorm|[upkeep]
|-damage|p1a: Charizard|94/100|[from] Sandstorm
|-heal|p2a: Giga LIT|94/100|[from] item: Leftovers
|upkeep
|turn|16
|inactive|kink¨̮ has 240 seconds left.
|
|t:|1627744704
|switch|p1a: Tsareena|Tsareena, F|100/100
|move|p2a: Giga LIT|Rock Blast|p1a: Tsareena
|-damage|p1a: Tsareena|87/100
|-damage|p1a: Tsareena|74/100
|-damage|p1a: Tsareena|61/100
|-hitcount|p1a: Tsareena|3
|
|-weather|Sandstorm|[upkeep]
|-damage|p1a: Tsareena|55/100|[from] Sandstorm
|-heal|p2a: Giga LIT|100/100|[from] item: Leftovers
|upkeep
|turn|17
|
|t:|1627744715
|move|p2a: Giga LIT|Protect|p2a: Giga LIT
|-singleturn|p2a: Giga LIT|Protect
|move|p1a: Tsareena|Rapid Spin|p2a: Giga LIT
|-activate|p2a: Giga LIT|move: Protect
|
|-weather|Sandstorm|[upkeep]
|-damage|p1a: Tsareena|49/100|[from] Sandstorm
|upkeep
|turn|18
|inactive|Ktutverde has 150 seconds left.
|
|t:|1627744731
|switch|p2a: Rolling Weed|Ferroseed, F|48/100
|-damage|p2a: Rolling Weed|41/100|[from] Stealth Rock
|move|p1a: Tsareena|Knock Off|p2a: Rolling Weed
|-damage|p2a: Rolling Weed|22/100
|-damage|p1a: Tsareena|36/100|[from] ability: Iron Barbs|[of] p2a: Rolling Weed
|-enditem|p2a: Rolling Weed|Eviolite|[from] move: Knock Off|[of] p1a: Tsareena
|
|-weather|Sandstorm|[upkeep]
|-damage|p1a: Tsareena|30/100|[from] Sandstorm
|upkeep
|turn|19
|inactive|Ktutverde has 150 seconds left.
|
|t:|1627744760
|switch|p1a: Charizard|Charizard, F|94/100
|move|p2a: Rolling Weed|Knock Off|p1a: Charizard
|-damage|p1a: Charizard|75/100
|-enditem|p1a: Charizard|Heavy-Duty Boots|[from] move: Knock Off|[of] p2a: Rolling Weed
|
|-weather|none
|upkeep
|turn|20
|
|t:|1627744774
|switch|p2a: Giga LIT|Gigalith, M|100/100
|-damage|p2a: Giga LIT|88/100|[from] Stealth Rock
|-weather|Sandstorm|[from] ability: Sand Stream|[of] p2a: Giga LIT
|move|p1a: Charizard|Dragon Dance|p1a: Charizard
|-boost|p1a: Charizard|atk|1
|-boost|p1a: Charizard|spe|1
|
|-weather|Sandstorm|[upkeep]
|-damage|p1a: Charizard|69/100|[from] Sandstorm
|-heal|p2a: Giga LIT|94/100|[from] item: Leftovers
|upkeep
|turn|21
|
|t:|1627744784
|switch|p1a: Sandaconda|Sandaconda, F|92/100
|-damage|p1a: Sandaconda|80/100|[from] Spikes
|move|p2a: Giga LIT|Rock Blast|p1a: Sandaconda
|-resisted|p1a: Sandaconda
|-damage|p1a: Sandaconda|76/100
|-resisted|p1a: Sandaconda
|-damage|p1a: Sandaconda|73/100
|-resisted|p1a: Sandaconda
|-damage|p1a: Sandaconda|69/100
|-hitcount|p1a: Sandaconda|3
|
|-weather|Sandstorm|[upkeep]
|-heal|p2a: Giga LIT|100/100|[from] item: Leftovers
|upkeep
|turn|22
|
|t:|1627744808
|switch|p1a: Charizard|Charizard, F|69/100
|switch|p2a: Ribombeille|Ribombee, F|100/100
|
|-weather|Sandstorm|[upkeep]
|-damage|p2a: Ribombeille|94/100|[from] Sandstorm
|-damage|p1a: Charizard|63/100|[from] Sandstorm
|upkeep
|turn|23
|inactive|Ktutverde has 120 seconds left.
|inactive|kink¨̮ has 240 seconds left.
|
|t:|1627744851
|switch|p2a: Giga LIT|Gigalith, M|100/100
|-damage|p2a: Giga LIT|88/100|[from] Stealth Rock
|move|p1a: Charizard|Roost|p1a: Charizard
|-heal|p1a: Charizard|100/100
|-singleturn|p1a: Charizard|move: Roost
|
|-weather|Sandstorm|[upkeep]
|-damage|p1a: Charizard|94/100|[from] Sandstorm
|-heal|p2a: Giga LIT|94/100|[from] item: Leftovers
|upkeep
|turn|24
|
|t:|1627744866
|switch|p1a: Sandaconda|Sandaconda, F|69/100
|-damage|p1a: Sandaconda|57/100|[from] Spikes
|move|p2a: Giga LIT|Stealth Rock|p1a: Sandaconda
|-sidestart|p1: kink¨̮|move: Stealth Rock
|
|-weather|none
|-heal|p2a: Giga LIT|100/100|[from] item: Leftovers
|upkeep
|turn|25
|inactive|kink¨̮ has 240 seconds left.
|inactive|Ktutverde has 90 seconds left.
|
|t:|1627744897
|switch|p2a: Rolling Weed|Ferroseed, F|22/100
|-damage|p2a: Rolling Weed|16/100|[from] Stealth Rock
|move|p1a: Sandaconda|Glare|p2a: Rolling Weed
|-status|p2a: Rolling Weed|par
|
|upkeep
|turn|26
|inactive|kink¨̮ has 240 seconds left.
|inactive|Ktutverde has 90 seconds left.
|
|t:|1627744910
|switch|p1a: Tsareena|Tsareena, F|30/100
|cant|p2a: Rolling Weed|par
|
|upkeep
|turn|27
|inactive|Ktutverde has 90 seconds left.
|
|t:|1627744921
|move|p1a: Tsareena|Rapid Spin|p2a: Rolling Weed
|-resisted|p2a: Rolling Weed
|-damage|p2a: Rolling Weed|8/100 par
|-boost|p1a: Tsareena|spe|1
|-damage|p1a: Tsareena|18/100|[from] ability: Iron Barbs|[of] p2a: Rolling Weed
|-sideend|p1: kink¨̮|Spikes|[from] move: Rapid Spin|[of] p1a: Tsareena
|-sideend|p1: kink¨̮|Stealth Rock|[from] move: Rapid Spin|[of] p1a: Tsareena
|move|p2a: Rolling Weed|Spikes|p1a: Tsareena
|-sidestart|p1: kink¨̮|Spikes
|
|upkeep
|turn|28
|inactive|Ktutverde has 90 seconds left.
|inactive|kink¨̮ has 240 seconds left.
|
|t:|1627744955
|move|p1a: Tsareena|Rapid Spin|p2a: Rolling Weed
|-resisted|p2a: Rolling Weed
|-damage|p2a: Rolling Weed|0 fnt
|-boost|p1a: Tsareena|spe|1
|-damage|p1a: Tsareena|6/100|[from] ability: Iron Barbs|[of] p2a: Rolling Weed
|-sideend|p1: kink¨̮|Spikes|[from] move: Rapid Spin|[of] p1a: Tsareena
|faint|p2a: Rolling Weed
|
|upkeep
|inactive|Ktutverde has 90 seconds left.
|
|t:|1627744967
|switch|p2a: Charli|Charizard, M|100/100
|turn|29
|inactive|kink¨̮ has 240 seconds left.
|
|t:|1627744980
|move|p1a: Tsareena|Knock Off|p2a: Charli
|-damage|p2a: Charli|49/100
|-enditem|p2a: Charli|Heavy-Duty Boots|[from] move: Knock Off|[of] p1a: Tsareena
|move|p2a: Charli|Flamethrower|p1a: Tsareena
|-supereffective|p1a: Tsareena
|-damage|p1a: Tsareena|0 fnt
|faint|p1a: Tsareena
|
|upkeep
|
|t:|1627744986
|switch|p1a: Charizard|Charizard, F|94/100
|turn|30
|inactive|kink¨̮ has 240 seconds left.
|
|t:|1627744997
|move|p1a: Charizard|Dragon Dance|p1a: Charizard
|-boost|p1a: Charizard|atk|1
|-boost|p1a: Charizard|spe|1
|move|p2a: Charli|Toxic|p1a: Charizard
|-status|p1a: Charizard|tox
|
|-damage|p1a: Charizard|88/100 tox|[from] psn
|upkeep
|turn|31
|inactive|kink¨̮ has 240 seconds left.
|
|t:|1627745020
|move|p1a: Charizard|Flare Blitz|p2a: Charli
|-resisted|p2a: Charli
|-damage|p2a: Charli|2/100
|-damage|p1a: Charizard|73/100 tox|[from] Recoil
|move|p2a: Charli|Roost|p2a: Charli
|-heal|p2a: Charli|52/100
|-singleturn|p2a: Charli|move: Roost
|
|-damage|p1a: Charizard|61/100 tox|[from] psn
|upkeep
|turn|32
|
|t:|1627745028
|switch|p1a: Sandaconda|Sandaconda, F|57/100
|move|p2a: Charli|Roost|p2a: Charli
|-heal|p2a: Charli|100/100
|-singleturn|p2a: Charli|move: Roost
|
|upkeep
|turn|33
|c|☆kink¨̮|bro how weak
|c|☆kink¨̮|can this thing be
|inactive|kink¨̮ has 240 seconds left.
|inactive|Ktutverde has 120 seconds left.
|c|☆Ktutverde|ye:(
|
|t:|1627745038
|move|p2a: Charli|Flamethrower|p1a: Sandaconda
|-damage|p1a: Sandaconda|5/100
|move|p1a: Sandaconda|Glare|p2a: Charli
|-status|p2a: Charli|par
|
|upkeep
|turn|34
|
|t:|1627745044
|move|p1a: Sandaconda|Rest|p1a: Sandaconda
|-status|p1a: Sandaconda|slp|[from] move: Rest
|-heal|p1a: Sandaconda|100/100 slp|[silent]
|move|p2a: Charli|Flamethrower|p1a: Sandaconda
|-damage|p1a: Sandaconda|47/100 slp
|
|-activate|p1a: Sandaconda|ability: Shed Skin
|-curestatus|p1a: Sandaconda|slp|[msg]
|upkeep
|turn|35
|
|t:|1627745057
|move|p1a: Sandaconda|Rest|p1a: Sandaconda
|-status|p1a: Sandaconda|slp|[from] move: Rest
|-heal|p1a: Sandaconda|100/100 slp|[silent]
|move|p2a: Charli|Flamethrower|p1a: Sandaconda
|-damage|p1a: Sandaconda|47/100 slp
|
|upkeep
|turn|36
|
|t:|1627745065
|switch|p1a: Charizard|Charizard, F|61/100 tox
|move|p2a: Charli|Flamethrower|p1a: Charizard
|-resisted|p1a: Charizard
|-damage|p1a: Charizard|36/100 tox
|
|-damage|p1a: Charizard|30/100 tox|[from] psn
|upkeep
|turn|37
|c|+ALlCE|weaker than amoonguss
|
|t:|1627745078
|move|p1a: Charizard|Roost|p1a: Charizard
|-heal|p1a: Charizard|80/100 tox
|-singleturn|p1a: Charizard|move: Roost
|cant|p2a: Charli|par
|
|-damage|p1a: Charizard|68/100 tox|[from] psn
|upkeep
|turn|38
|
|t:|1627745094
|move|p1a: Charizard|Roost|p1a: Charizard
|-heal|p1a: Charizard|100/100 tox
|-singleturn|p1a: Charizard|move: Roost
|cant|p2a: Charli|par
|
|-damage|p1a: Charizard|82/100 tox|[from] psn
|upkeep
|turn|39
|
|t:|1627745102
|switch|p1a: Sandaconda|Sandaconda, F|47/100 slp
|cant|p2a: Charli|par
|
|upkeep
|turn|40
|inactive|Ktutverde has 150 seconds left.
|
|t:|1627745107
|switch|p1a: Charizard|Charizard, F|82/100 tox
|move|p2a: Charli|Flamethrower|p1a: Charizard
|-resisted|p1a: Charizard
|-damage|p1a: Charizard|55/100 tox
|
|-damage|p1a: Charizard|49/100 tox|[from] psn
|upkeep
|turn|41
|c|+MZ|charizard is weaker than galarian ponyta
|
|t:|1627745116
|move|p1a: Charizard|Roost|p1a: Charizard
|-heal|p1a: Charizard|99/100 tox
|-singleturn|p1a: Charizard|move: Roost
|move|p2a: Charli|Flamethrower|p1a: Charizard
|-resisted|p1a: Charizard
|-crit|p1a: Charizard
|-damage|p1a: Charizard|59/100 tox
|
|-damage|p1a: Charizard|47/100 tox|[from] psn
|upkeep
|turn|42
|
|t:|1627745122
|move|p1a: Charizard|Roost|p1a: Charizard
|-heal|p1a: Charizard|97/100 tox
|-singleturn|p1a: Charizard|move: Roost
|cant|p2a: Charli|par
|
|-damage|p1a: Charizard|79/100 tox|[from] psn
|upkeep
|turn|43
|
|t:|1627745128
|switch|p1a: Sandaconda|Sandaconda, F|47/100 slp
|move|p2a: Charli|Flamethrower|p1a: Sandaconda
|-damage|p1a: Sandaconda|0 fnt
|faint|p1a: Sandaconda
|
|upkeep
|
|t:|1627745132
|switch|p1a: Charizard|Charizard, F|79/100 tox
|turn|44
|inactive|Ktutverde has 180 seconds left.
|
|t:|1627745137
|move|p1a: Charizard|Dragon Dance|p1a: Charizard
|-boost|p1a: Charizard|atk|1
|-boost|p1a: Charizard|spe|1
|move|p2a: Charli|Flamethrower|p1a: Charizard
|-resisted|p1a: Charizard
|-damage|p1a: Charizard|50/100 tox
|
|-damage|p1a: Charizard|44/100 tox|[from] psn
|upkeep
|turn|45
|
|t:|1627745145
|move|p1a: Charizard|Flare Blitz|p2a: Charli
|-resisted|p2a: Charli
|-damage|p2a: Charli|51/100 par
|-damage|p1a: Charizard|28/100 tox|[from] Recoil
|move|p2a: Charli|Flamethrower|p1a: Charizard
|-resisted|p1a: Charizard
|-damage|p1a: Charizard|1/100 tox
|
|-damage|p1a: Charizard|0 fnt|[from] psn
|faint|p1a: Charizard
|
|win|Ktutverde
|upkeep
