|inactive|Battle timer is ON: inactive players will automatically lose when time's up.
|t:|1629470435
|gametype|singles
|player|p1|sjneider|#wcop2020uswest|
|player|p2|Lambovino|#teamgapdos|
|teamsize|p1|6
|teamsize|p2|6
|gen|8
|tier|[Gen 8] PU
|rule|Sleep Clause Mod: Limit one foe put to sleep
|rule|Species Clause: Limit one of each Pokémon
|rule|OHKO Clause: OHKO moves are banned
|rule|Evasion Moves Clause: Evasion moves are banned
|rule|Endless Battle Clause: Forcing endless battles is banned
|rule|HP Percentage Mod: HP is shown in percentages
|rule|Dynamax Clause: You cannot dynamax
|clearpoke
|poke|p1|Gigalith, M|
|poke|p1|Ferroseed, M|
|poke|p1|Throh, M|
|poke|p1|Togedemaru, M|
|poke|p1|Rotom|
|poke|p1|Charizard, M|
|poke|p2|Charizard, F|
|poke|p2|Scyther, M|
|poke|p2|Ferroseed, M|
|poke|p2|Lanturn, M|
|poke|p2|Cofagrigus, M|
|poke|p2|Silvally-*|
|teampreview
|c|☆Lambovino|hf
|c|☆sjneider|hf
|inactive|sjneider has 270 seconds left.
|inactive|Lambovino has 270 seconds left.
|c|+Squash|allez lambo the lamboss
|inactive|sjneider has 240 seconds left.
|inactive|Lambovino has 240 seconds left.
|c|%Eereshkigal|gogo lambo
|
|t:|1629470520
|start
|switch|p1a: Ferroseed|Ferroseed, M, shiny|100/100
|switch|p2a: Cofagrigus|Cofagrigus, M|100/100
|turn|1
|c|+Staxi|Lambo le meilleur
|inactive|Lambovino has 270 seconds left.
|
|t:|1629470546
|move|p2a: Cofagrigus|Iron Defense|p2a: Cofagrigus
|-boost|p2a: Cofagrigus|def|2
|move|p1a: Ferroseed|Leech Seed|p2a: Cofagrigus
|-start|p2a: Cofagrigus|move: Leech Seed
|
|-damage|p2a: Cofagrigus|88/100|[from] Leech Seed|[of] p1a: Ferroseed
|upkeep
|turn|2
|c|+termiii|go neider
|inactive|Lambovino has 270 seconds left.
|
|t:|1629470552
|switch|p2a: Lanturn|Lanturn, M|100/100
|switch|p1a: Charizard|Charizard, M|100/100
|
|upkeep
|turn|3
|inactive|Lambovino has 270 seconds left.
|
|t:|1629470565
|switch|p1a: Throh|Throh, M|100/100
|move|p2a: Lanturn|Volt Switch|p1a: Throh
|-damage|p1a: Throh|88/100
|inactive|Lambovino has 270 seconds left.
|
|t:|1629470583
|switch|p2a: Scyther|Scyther, M|100/100|[from]move: Volt Switch
|
|-heal|p1a: Throh|94/100|[from] item: Leftovers
|upkeep
|turn|4
|
|t:|1629470593
|switch|p1a: Gigalith|Gigalith, M|100/100
|-weather|Sandstorm|[from] ability: Sand Stream|[of] p1a: Gigalith
|move|p2a: Scyther|Swords Dance|p2a: Scyther
|-boost|p2a: Scyther|atk|2
|
|-weather|Sandstorm|[upkeep]
|-damage|p2a: Scyther|94/100|[from] Sandstorm
|upkeep
|turn|5
|
|t:|1629470619
|move|p2a: Scyther|U-turn|p1a: Gigalith
|-damage|p1a: Gigalith|52/100
|
|t:|1629470622
|switch|p2a: Ferroseed|Ferroseed, M|100/100|[from]move: U-turn
|move|p1a: Gigalith|Stealth Rock|p2a: Ferroseed
|-sidestart|p2: Lambovino|move: Stealth Rock
|
|-weather|Sandstorm|[upkeep]
|-heal|p1a: Gigalith|58/100|[from] item: Leftovers
|upkeep
|turn|6
|c|☆sjneider|!calc
|c|+sjneider|/raw <div class="infobox">Pok&eacute;mon Showdown! damage calculator. (Courtesy of Honko &amp; Austin)<br />- <a href="https://calc.pokemonshowdown.com/index.html">Damage Calculator</a></div>
|inactive|sjneider has 270 seconds left.
|c|+McSim|Lgi Lambo
|
|t:|1629470650
|switch|p1a: Throh|Throh, M|94/100
|move|p2a: Ferroseed|Spikes|p1a: Throh
|-sidestart|p1: sjneider|Spikes
|
|-weather|Sandstorm|[upkeep]
|-damage|p1a: Throh|88/100|[from] Sandstorm
|-heal|p1a: Throh|94/100|[from] item: Leftovers
|upkeep
|turn|7
|
|t:|1629470660
|switch|p2a: Silvally|Silvally-Fairy|100/100
|-damage|p2a: Silvally|88/100|[from] Stealth Rock
|move|p1a: Throh|Knock Off|p2a: Silvally
|-resisted|p2a: Silvally
|-damage|p2a: Silvally|80/100
|
|-weather|Sandstorm|[upkeep]
|-damage|p2a: Silvally|74/100|[from] Sandstorm
|-damage|p1a: Throh|88/100|[from] Sandstorm
|-heal|p1a: Throh|94/100|[from] item: Leftovers
|upkeep
|turn|8
|inactive|sjneider has 270 seconds left.
|inactive|Lambovino has 270 seconds left.
|inactive|sjneider has 240 seconds left.
|
|t:|1629470720
|switch|p1a: Ferroseed|Ferroseed, M, shiny|100/100
|-damage|p1a: Ferroseed|88/100|[from] Spikes
|move|p2a: Silvally|Work Up|p2a: Silvally
|-boost|p2a: Silvally|atk|1
|-boost|p2a: Silvally|spa|1
|
|-weather|none
|upkeep
|turn|9
|inactive|sjneider has 240 seconds left.
|
|t:|1629470755
|switch|p1a: Charizard|Charizard, M|100/100
|move|p2a: Silvally|Flamethrower|p1a: Charizard
|-resisted|p1a: Charizard
|-damage|p1a: Charizard|80/100
|
|upkeep
|turn|10
|
|t:|1629470770
|move|p1a: Charizard|Flamethrower|p2a: Silvally
|-damage|p2a: Silvally|23/100
|move|p2a: Silvally|Surf|p1a: Charizard
|-supereffective|p1a: Charizard
|-damage|p1a: Charizard|0 fnt
|faint|p1a: Charizard
|
|upkeep
|inactive|sjneider has 210 seconds left.
|
|t:|1629470783
|switch|p1a: Togedemaru|Togedemaru, M|100/100
|-damage|p1a: Togedemaru|88/100|[from] Spikes
|turn|11
|inactive|sjneider has 210 seconds left.
|inactive|Lambovino has 270 seconds left.
|
|t:|1629470813
|move|p1a: Togedemaru|U-turn|p2a: Silvally
|-resisted|p2a: Silvally
|-damage|p2a: Silvally|13/100
|
|t:|1629470816
|switch|p1a: Gigalith|Gigalith, M|58/100|[from]move: U-turn
|-damage|p1a: Gigalith|45/100|[from] Spikes
|-weather|Sandstorm|[from] ability: Sand Stream|[of] p1a: Gigalith
|move|p2a: Silvally|Surf|p1a: Gigalith
|-supereffective|p1a: Gigalith
|-damage|p1a: Gigalith|5/100
|
|-weather|Sandstorm|[upkeep]
|-damage|p2a: Silvally|7/100|[from] Sandstorm
|-heal|p1a: Gigalith|11/100|[from] item: Leftovers
|upkeep
|turn|12
|
|t:|1629470831
|move|p1a: Gigalith|Protect|p1a: Gigalith
|-singleturn|p1a: Gigalith|Protect
|move|p2a: Silvally|Multi-Attack|p1a: Gigalith
|-activate|p1a: Gigalith|move: Protect
|
|-weather|Sandstorm|[upkeep]
|-damage|p2a: Silvally|1/100|[from] Sandstorm
|-heal|p1a: Gigalith|17/100|[from] item: Leftovers
|upkeep
|turn|13
|
|t:|1629470840
|move|p1a: Gigalith|Protect|p1a: Gigalith
|-singleturn|p1a: Gigalith|Protect
|move|p2a: Silvally|Flamethrower|p1a: Gigalith
|-activate|p1a: Gigalith|move: Protect
|
|-weather|Sandstorm|[upkeep]
|-damage|p2a: Silvally|0 fnt|[from] Sandstorm
|faint|p2a: Silvally
|-heal|p1a: Gigalith|23/100|[from] item: Leftovers
|upkeep
|
|t:|1629470842
|switch|p2a: Ferroseed|Ferroseed, M|100/100
|-damage|p2a: Ferroseed|94/100|[from] Stealth Rock
|turn|14
|inactive|sjneider has 210 seconds left.
|
|t:|1629470862
|switch|p1a: Ferroseed|Ferroseed, M, shiny|88/100
|-damage|p1a: Ferroseed|76/100|[from] Spikes
|move|p2a: Ferroseed|Leech Seed|p1a: Ferroseed
|-immune|p1a: Ferroseed
|
|-weather|Sandstorm|[upkeep]
|upkeep
|turn|15
|inactive|sjneider has 180 seconds left.
|
|t:|1629470894
|move|p1a: Ferroseed|Toxic|p2a: Ferroseed
|-immune|p2a: Ferroseed
|move|p2a: Ferroseed|Spikes|p1a: Ferroseed
|-sidestart|p1: sjneider|Spikes
|
|-weather|none
|upkeep
|turn|16
|
|t:|1629470899
|move|p1a: Ferroseed|Spikes|p2a: Ferroseed
|-sidestart|p2: Lambovino|Spikes
|move|p2a: Ferroseed|Knock Off|p1a: Ferroseed
|-damage|p1a: Ferroseed|68/100
|-damage|p2a: Ferroseed|82/100|[from] ability: Iron Barbs|[of] p1a: Ferroseed
|-enditem|p1a: Ferroseed|Eviolite|[from] move: Knock Off|[of] p2a: Ferroseed
|
|upkeep
|turn|17
|
|t:|1629470907
|move|p1a: Ferroseed|Toxic|p2a: Ferroseed
|-immune|p2a: Ferroseed
|move|p2a: Ferroseed|Spikes|p1a: Ferroseed
|-sidestart|p1: sjneider|Spikes
|
|upkeep
|turn|18
|
|t:|1629470912
|switch|p2a: Charizard|Charizard, F|100/100
|move|p1a: Ferroseed|Toxic|p2a: Charizard
|-status|p2a: Charizard|tox
|
|-damage|p2a: Charizard|94/100 tox|[from] psn
|upkeep
|turn|19
|inactive|sjneider has 210 seconds left.
|
|t:|1629470918
|move|p1a: Ferroseed|Protect|p1a: Ferroseed
|-singleturn|p1a: Ferroseed|Protect
|move|p2a: Charizard|Flamethrower|p1a: Ferroseed
|-activate|p1a: Ferroseed|move: Protect
|
|-damage|p2a: Charizard|82/100 tox|[from] psn
|upkeep
|turn|20
|
|t:|1629470930
|switch|p2a: Scyther|Scyther, M|94/100
|switch|p1a: Throh|Throh, M|94/100
|-damage|p1a: Throh|69/100|[from] Spikes
|
|-heal|p1a: Throh|75/100|[from] item: Leftovers
|upkeep
|turn|21
|inactive|sjneider has 210 seconds left.
|inactive|sjneider has 180 seconds left.
|
|t:|1629470984
|switch|p1a: Togedemaru|Togedemaru, M|88/100
|-damage|p1a: Togedemaru|64/100|[from] Spikes
|move|p2a: Scyther|Dual Wingbeat|p1a: Togedemaru
|-resisted|p1a: Togedemaru
|-damage|p1a: Togedemaru|51/100
|-damage|p2a: Scyther|82/100|[from] ability: Iron Barbs|[of] p1a: Togedemaru
|-resisted|p1a: Togedemaru
|-crit|p1a: Togedemaru
|-damage|p1a: Togedemaru|33/100
|-damage|p2a: Scyther|70/100|[from] ability: Iron Barbs|[of] p1a: Togedemaru
|-hitcount|p1a: Togedemaru|2
|
|upkeep
|turn|22
|inactive|sjneider has 180 seconds left.
|
|t:|1629471006
|switch|p1a: Throh|Throh, M|75/100
|-damage|p1a: Throh|50/100|[from] Spikes
|switch|p2a: Ferroseed|Ferroseed, M|82/100
|-damage|p2a: Ferroseed|70/100|[from] Spikes
|-damage|p2a: Ferroseed|64/100|[from] Stealth Rock
|
|-heal|p1a: Throh|56/100|[from] item: Leftovers
|upkeep
|turn|23
|
|t:|1629471022
|switch|p2a: Cofagrigus|Cofagrigus, M|88/100
|-damage|p2a: Cofagrigus|76/100|[from] Spikes
|-damage|p2a: Cofagrigus|64/100|[from] Stealth Rock
|move|p1a: Throh|Knock Off|p2a: Cofagrigus
|-supereffective|p2a: Cofagrigus
|-damage|p2a: Cofagrigus|37/100
|-activate|p2a: Cofagrigus|ability: Mummy|Guts|[of] p1a: Throh
|-enditem|p2a: Cofagrigus|Chesto Berry|[from] move: Knock Off|[of] p1a: Throh
|
|-heal|p1a: Throh|62/100|[from] item: Leftovers
|upkeep
|turn|24
|inactive|sjneider has 150 seconds left.
|
|t:|1629471043
|move|p1a: Throh|Knock Off|p2a: Cofagrigus
|-supereffective|p2a: Cofagrigus
|-damage|p2a: Cofagrigus|17/100
|move|p2a: Cofagrigus|Rest|p2a: Cofagrigus
|-status|p2a: Cofagrigus|slp|[from] move: Rest
|-heal|p2a: Cofagrigus|100/100 slp|[silent]
|
|-heal|p1a: Throh|68/100|[from] item: Leftovers
|upkeep
|turn|25
|inactive|sjneider has 150 seconds left.
|
|t:|1629471059
|switch|p1a: Rotom|Rotom, shiny|100/100
|cant|p2a: Cofagrigus|slp
|
|upkeep
|turn|26
|inactive|sjneider has 150 seconds left.
|
|t:|1629471066
|switch|p2a: Lanturn|Lanturn, M|100/100
|-damage|p2a: Lanturn|88/100|[from] Spikes
|-damage|p2a: Lanturn|75/100|[from] Stealth Rock
|move|p1a: Rotom|Shadow Ball|p2a: Lanturn
|-damage|p2a: Lanturn|52/100
|
|-heal|p2a: Lanturn|58/100|[from] item: Leftovers
|upkeep
|turn|27
|inactive|sjneider has 150 seconds left.
|inactive|sjneider has 120 seconds left.
|inactive|Lambovino has 270 seconds left.
|
|t:|1629471113
|switch|p1a: Ferroseed|Ferroseed, M, shiny|68/100
|-damage|p1a: Ferroseed|43/100|[from] Spikes
|move|p2a: Lanturn|Scald|p1a: Ferroseed
|-resisted|p1a: Ferroseed
|-damage|p1a: Ferroseed|29/100
|
|-heal|p2a: Lanturn|64/100|[from] item: Leftovers
|upkeep
|turn|28
|inactive|sjneider has 120 seconds left.
|inactive|Lambovino has 270 seconds left.
|
|t:|1629471126
|move|p2a: Lanturn|Volt Switch|p1a: Ferroseed
|-resisted|p1a: Ferroseed
|-damage|p1a: Ferroseed|15/100
|inactive|Lambovino has 270 seconds left.
|
|t:|1629471147
|switch|p2a: Charizard|Charizard, F|82/100 tox|[from]move: Volt Switch
|move|p1a: Ferroseed|Leech Seed|p2a: Charizard|[miss]
|-miss|p1a: Ferroseed|p2a: Charizard
|
|-damage|p2a: Charizard|76/100 tox|[from] psn
|upkeep
|turn|29
|inactive|sjneider has 120 seconds left.
|
|t:|1629471157
|move|p1a: Ferroseed|Protect|p1a: Ferroseed
|-singleturn|p1a: Ferroseed|Protect
|move|p2a: Charizard|Flamethrower|p1a: Ferroseed
|-activate|p1a: Ferroseed|move: Protect
|
|-damage|p2a: Charizard|64/100 tox|[from] psn
|upkeep
|turn|30
|inactive|sjneider has 120 seconds left.
|
|t:|1629471174
|move|p1a: Ferroseed|Protect|p1a: Ferroseed
|-singleturn|p1a: Ferroseed|Protect
|move|p2a: Charizard|Flamethrower|p1a: Ferroseed
|-activate|p1a: Ferroseed|move: Protect
|
|-damage|p2a: Charizard|46/100 tox|[from] psn
|upkeep
|turn|31
|inactive|sjneider has 120 seconds left.
|
|t:|1629471193
|move|p2a: Charizard|Flamethrower|p1a: Ferroseed
|-supereffective|p1a: Ferroseed
|-damage|p1a: Ferroseed|0 fnt
|faint|p1a: Ferroseed
|
|-damage|p2a: Charizard|22/100 tox|[from] psn
|upkeep
|
|t:|1629471199
|switch|p1a: Rotom|Rotom, shiny|100/100
|turn|32
|
|t:|1629471216
|switch|p1a: Gigalith|Gigalith, M|23/100
|-damage|p1a: Gigalith|0 fnt|[from] Spikes
|faint|p1a: Gigalith
|move|p2a: Charizard|Flamethrower|p1: Gigalith|[notarget]
|-fail|p2a: Charizard
|
|-damage|p2a: Charizard|0 fnt|[from] psn
|faint|p2a: Charizard
|upkeep
|inactive|sjneider has 120 seconds left.
|
|t:|1629471229
|switch|p2a: Scyther|Scyther, M|70/100
|switch|p1a: Rotom|Rotom, shiny|100/100
|turn|33
|inactive|sjneider has 120 seconds left.
|
|t:|1629471257
|move|p2a: Scyther|U-turn|p1a: Rotom
|-resisted|p1a: Rotom
|-damage|p1a: Rotom|78/100
|inactive|Lambovino has 270 seconds left.
|inactive|Lambovino has 240 seconds left.
|c|+Maxomega|go lambo
|
|t:|1629471339
|switch|p2a: Lanturn|Lanturn, M|64/100|[from]move: U-turn
|-damage|p2a: Lanturn|52/100|[from] Spikes
|-damage|p2a: Lanturn|39/100|[from] Stealth Rock
|move|p1a: Rotom|Shadow Ball|p2a: Lanturn
|-damage|p2a: Lanturn|17/100
|
|-heal|p2a: Lanturn|23/100|[from] item: Leftovers
|upkeep
|turn|34
|
|t:|1629471351
|move|p1a: Rotom|Shadow Ball|p2a: Lanturn
|-damage|p2a: Lanturn|0 fnt
|faint|p2a: Lanturn
|
|upkeep
|
|t:|1629471357
|switch|p2a: Ferroseed|Ferroseed, M|64/100
|-damage|p2a: Ferroseed|57/100|[from] Stealth Rock
|-damage|p2a: Ferroseed|45/100|[from] Spikes
|turn|35
|inactive|sjneider has 120 seconds left.
|inactive|sjneider has 90 seconds left.
|
|t:|1629471401
|move|p1a: Rotom|Volt Switch|p2a: Ferroseed
|-resisted|p2a: Ferroseed
|-damage|p2a: Ferroseed|34/100
|
|t:|1629471416
|switch|p1a: Throh|Throh, M|68/100|[from]move: Volt Switch
|-damage|p1a: Throh|43/100|[from] Spikes
|move|p2a: Ferroseed|Leech Seed|p1a: Throh
|-start|p1a: Throh|move: Leech Seed
|
|-heal|p1a: Throh|49/100|[from] item: Leftovers
|-damage|p1a: Throh|37/100|[from] Leech Seed|[of] p2a: Ferroseed
|-heal|p2a: Ferroseed|53/100|[silent]
|upkeep
|turn|36
|inactive|Lambovino has 240 seconds left.
|
|t:|1629471450
|move|p2a: Ferroseed|Protect|p2a: Ferroseed
|-singleturn|p2a: Ferroseed|Protect
|move|p1a: Throh|Knock Off|p2a: Ferroseed
|-activate|p2a: Ferroseed|move: Protect
|
|-heal|p1a: Throh|43/100|[from] item: Leftovers
|-damage|p1a: Throh|30/100|[from] Leech Seed|[of] p2a: Ferroseed
|-heal|p2a: Ferroseed|72/100|[silent]
|upkeep
|turn|37
|inactive|Lambovino has 210 seconds left.
|
|t:|1629471490
|switch|p2a: Scyther|Scyther, M|70/100
|move|p1a: Throh|Knock Off|p2a: Scyther
|-damage|p2a: Scyther|37/100
|-enditem|p2a: Scyther|Heavy-Duty Boots|[from] move: Knock Off|[of] p1a: Throh
|
|-heal|p1a: Throh|37/100|[from] item: Leftovers
|-damage|p1a: Throh|24/100|[from] Leech Seed|[of] p2a: Scyther
|-heal|p2a: Scyther|57/100|[silent]
|upkeep
|turn|38
|inactive|sjneider has 60 seconds left.
|inactive|sjneider has 30 seconds left.
|inactive|sjneider has 20 seconds left.
|inactive|sjneider has 15 seconds left.
|
|t:|1629471569
|move|p2a: Scyther|Dual Wingbeat|p1a: Throh
|-supereffective|p1a: Throh
|-damage|p1a: Throh|0 fnt
|faint|p1a: Throh
|-hitcount|p1: Throh|1
|
|upkeep
|inactive|sjneider has 20 seconds left this turn.
|
|t:|1629471572
|switch|p1a: Rotom|Rotom, shiny|78/100
|turn|39
|inactive|sjneider has 30 seconds left this turn.
|
|t:|1629471581
|move|p2a: Scyther|U-turn|p1a: Rotom
|-resisted|p1a: Rotom
|-damage|p1a: Rotom|54/100
|inactive|sjneider has 30 seconds left this turn.
|inactive|Lambovino has 180 seconds left.
|
|t:|1629471631
|switch|p2a: Cofagrigus|Cofagrigus, M|100/100 slp|[from]move: U-turn
|-damage|p2a: Cofagrigus|88/100 slp|[from] Stealth Rock
|-damage|p2a: Cofagrigus|76/100 slp|[from] Spikes
|move|p1a: Rotom|Shadow Ball|p2a: Cofagrigus
|-supereffective|p2a: Cofagrigus
|-damage|p2a: Cofagrigus|23/100 slp
|
|upkeep
|turn|40
|inactive|sjneider has 30 seconds left.
|inactive|Lambovino has 150 seconds left.
|
|t:|1629471658
|switch|p2a: Scyther|Scyther, M|57/100
|-damage|p2a: Scyther|7/100|[from] Stealth Rock
|move|p1a: Rotom|Defog|p2a: Scyther
|-unboost|p2a: Scyther|evasion|1
|-sideend|p2: Lambovino|Spikes|[from] move: Defog|[of] p1a: Rotom
|-sideend|p2: Lambovino|Stealth Rock|[from] move: Defog|[of] p1a: Rotom
|-sideend|p1: sjneider|Spikes|[from] move: Defog|[of] p1a: Rotom
|
|upkeep
|turn|41
|inactive|sjneider has 30 seconds left.
|inactive|sjneider has 20 seconds left.
|inactive|sjneider has 15 seconds left.
|
|t:|1629471681
|switch|p1a: Togedemaru|Togedemaru, M|33/100
|move|p2a: Scyther|U-turn|p1a: Togedemaru
|-resisted|p1a: Togedemaru
|-damage|p1a: Togedemaru|4/100
|-damage|p2a: Scyther|0 fnt|[from] ability: Iron Barbs|[of] p1a: Togedemaru
|faint|p2a: Scyther
|
|upkeep
|inactive|sjneider has 20 seconds left this turn.
|
|t:|1629471682
|switch|p2a: Ferroseed|Ferroseed, M|72/100
|turn|42
|inactive|sjneider has 30 seconds left this turn.
|inactive|sjneider has 20 seconds left.
|
|t:|1629471693
|move|p2a: Ferroseed|Protect|p2a: Ferroseed
|-singleturn|p2a: Ferroseed|Protect
|move|p1a: Togedemaru|Zing Zap|p2a: Ferroseed
|-activate|p2a: Ferroseed|move: Protect
|
|upkeep
|turn|43
|inactive|sjneider has 30 seconds left this turn.
|
|t:|1629471699
|move|p1a: Togedemaru|Zing Zap|p2a: Ferroseed
|-resisted|p2a: Ferroseed
|-damage|p2a: Ferroseed|61/100
|-damage|p1a: Togedemaru|0 fnt|[from] ability: Iron Barbs|[of] p2a: Ferroseed
|faint|p1a: Togedemaru
|cant|p2a: Ferroseed|flinch
|
|upkeep
|inactive|sjneider has 30 seconds left this turn.
|
|t:|1629471704
|switch|p1a: Rotom|Rotom, shiny|54/100
|turn|44
|inactive|sjneider has 30 seconds left.
|
|t:|1629471719
|move|p1a: Rotom|Shadow Ball|p2a: Ferroseed
|-damage|p2a: Ferroseed|40/100
|move|p2a: Ferroseed|Leech Seed|p1a: Rotom
|-start|p1a: Rotom|move: Leech Seed
|
|-damage|p1a: Rotom|42/100|[from] Leech Seed|[of] p2a: Ferroseed
|-heal|p2a: Ferroseed|53/100|[silent]
|upkeep
|turn|45
|inactive|sjneider has 30 seconds left.
|
|t:|1629471727
|move|p2a: Ferroseed|Protect|p2a: Ferroseed
|-singleturn|p2a: Ferroseed|Protect
|move|p1a: Rotom|Shadow Ball|p2a: Ferroseed
|-activate|p2a: Ferroseed|move: Protect
|
|-damage|p1a: Rotom|29/100|[from] Leech Seed|[of] p2a: Ferroseed
|-heal|p2a: Ferroseed|66/100|[silent]
|upkeep
|turn|46
|
|t:|1629471730
|move|p1a: Rotom|Shadow Ball|p2a: Ferroseed
|-damage|p2a: Ferroseed|43/100
|move|p2a: Ferroseed|Knock Off|p1a: Rotom
|-supereffective|p1a: Rotom
|-damage|p1a: Rotom|0 fnt
|-enditem|p1a: Rotom|Heavy-Duty Boots|[from] move: Knock Off|[of] p2a: Ferroseed
|faint|p1a: Rotom
|
|win|Lambovino
|c|☆Lambovino|gg
|c|☆sjneider|gg
