|inactive|Battle timer is ON: inactive players will automatically lose when time's up.
|t:|1622581913
|gametype|singles
|player|p1|Decem|cheryl|
|player|p2|pattek|morty|
|teamsize|p1|6
|teamsize|p2|6
|gen|8
|tier|[Gen 8] PU
|rule|Sleep Clause Mod: Limit one foe put to sleep
|rule|Species Clause: Limit one of each Pokémon
|rule|OHKO Clause: OHKO moves are banned
|rule|Evasion Moves Clause: Evasion moves are banned
|rule|Endless Battle Clause: Forcing endless battles is banned
|rule|HP Percentage Mod: HP is shown in percentages
|rule|Dynamax Clause: You cannot dynamax
|clearpoke
|poke|p1|Cinccino, F|
|poke|p1|Exeggutor-Alola, F|
|poke|p1|Gigalith, F|
|poke|p1|Gurdurr, M|
|poke|p1|Mesprit|
|poke|p1|Weezing, F|
|poke|p2|Aggron, M|
|poke|p2|Palossand, F|
|poke|p2|Audino, M|
|poke|p2|Whimsicott, M|
|poke|p2|Toxicroak, M|
|poke|p2|Wishiwashi, M|
|teampreview
|inactive|Decem also wants the timer to be on.
|c|☆Decem|gl hf
|c|+emma ❤|go Decem
|c|☆pattek|u2
|inactive|Decem has 270 seconds left.
|inactive|pattek has 270 seconds left.
|inactive|Decem has 240 seconds left.
|inactive|pattek has 240 seconds left.
|c|+PikachuZappyZap|go pattek!
|inactive|Decem has 210 seconds left.
|
|t:|1622582011
|start
|switch|p1a: Exeggutor|Exeggutor-Alola, F|100/100
|switch|p2a: Aggron|Aggron, M|100/100
|-item|p2a: Aggron|Choice Band|[from] ability: Frisk|[of] p1a: Exeggutor|[identify]
|turn|1
|c|+Jeff9400|YOU GOT THIS PATTEK
|inactive|Decem has 270 seconds left.
|c|+Jeff9400|DONT LOSE
|
|t:|1622582042
|move|p1a: Exeggutor|Leaf Storm|p2a: Aggron
|-damage|p2a: Aggron|0 fnt
|-unboost|p1a: Exeggutor|spa|2
|faint|p2a: Aggron
|
|upkeep
|c|☆pattek|since when were these timid
|inactive|pattek has 270 seconds left.
|
|t:|1622582053
|switch|p2a: Whimsicott|Whimsicott, M|100/100
|turn|2
|inactive|Decem has 240 seconds left.
|
|t:|1622582079
|switch|p1a: Gigalith|Gigalith, F|100/100
|-weather|Sandstorm|[from] ability: Sand Stream|[of] p1a: Gigalith
|move|p2a: Whimsicott|U-turn|p1a: Gigalith
|-damage|p1a: Gigalith|93/100
|c|+termiii|probably since people started being forced to creep modest eggy with every mon to not lose to it
|c|+termiii|lol
|inactive|pattek has 270 seconds left.
|
|t:|1622582095
|switch|p2a: Palossand|Palossand, F|100/100|[from]move: U-turn
|
|-weather|Sandstorm|[upkeep]
|-heal|p1a: Gigalith|99/100|[from] item: Leftovers
|upkeep
|turn|3
|
|t:|1622582105
|switch|p1a: Exeggutor|Exeggutor-Alola, F|100/100
|-item|p2a: Palossand|Colbur Berry|[from] ability: Frisk|[of] p1a: Exeggutor|[identify]
|move|p2a: Palossand|Stealth Rock|p1a: Exeggutor
|-sidestart|p1: Decem|move: Stealth Rock
|
|-weather|Sandstorm|[upkeep]
|-damage|p1a: Exeggutor|94/100|[from] Sandstorm
|upkeep
|turn|4
|
|t:|1622582110
|switch|p2a: Audino|Audino, M|100/100
|move|p1a: Exeggutor|Leaf Storm|p2a: Audino
|-damage|p2a: Audino|31/100
|-unboost|p1a: Exeggutor|spa|2
|
|-weather|Sandstorm|[upkeep]
|-damage|p1a: Exeggutor|88/100|[from] Sandstorm
|-damage|p2a: Audino|25/100|[from] Sandstorm
|upkeep
|turn|5
|
|t:|1622582117
|switch|p2a: Whimsicott|Whimsicott, M|100/100
|move|p1a: Exeggutor|Leaf Storm|p2a: Whimsicott
|-resisted|p2a: Whimsicott
|-damage|p2a: Whimsicott|60/100
|-unboost|p1a: Exeggutor|spa|2
|
|-weather|Sandstorm|[upkeep]
|-damage|p2a: Whimsicott|54/100|[from] Sandstorm
|-damage|p1a: Exeggutor|82/100|[from] Sandstorm
|upkeep
|turn|6
|
|t:|1622582130
|switch|p1a: Gigalith|Gigalith, F|99/100
|-damage|p1a: Gigalith|87/100|[from] Stealth Rock
|move|p2a: Whimsicott|U-turn|p1a: Gigalith
|-damage|p1a: Gigalith|79/100
|
|t:|1622582135
|switch|p2a: Wishiwashi|Wishiwashi, M|100/100|[from]move: U-turn
|-formechange|p2a: Wishiwashi|Wishiwashi-School||[from] ability: Schooling
|
|-weather|none
|-heal|p1a: Gigalith|85/100|[from] item: Leftovers
|upkeep
|turn|7
|inactive|Decem has 270 seconds left.
|
|t:|1622582148
|switch|p1a: Gurdurr|Gurdurr, M|100/100
|-damage|p1a: Gurdurr|94/100|[from] Stealth Rock
|move|p2a: Wishiwashi|Scald|p1a: Gurdurr
|-damage|p1a: Gurdurr|56/100
|-status|p1a: Gurdurr|brn
|
|-damage|p1a: Gurdurr|50/100 brn|[from] brn
|upkeep
|turn|8
|c|+PikachuZappyZap|school this kid pattek
|
|t:|1622582155
|move|p1a: Gurdurr|Knock Off|p2a: Wishiwashi
|-crit|p2a: Wishiwashi
|-damage|p2a: Wishiwashi|42/100
|-enditem|p2a: Wishiwashi|Leftovers|[from] move: Knock Off|[of] p1a: Gurdurr
|move|p2a: Wishiwashi|Scald|p1a: Gurdurr
|-damage|p1a: Gurdurr|13/100 brn
|
|-damage|p1a: Gurdurr|7/100 brn|[from] brn
|upkeep
|turn|9
|inactive|Decem has 270 seconds left.
|
|t:|1622582176
|switch|p2a: Whimsicott|Whimsicott, M|54/100
|move|p1a: Gurdurr|Defog|p2a: Whimsicott
|-unboost|p2a: Whimsicott|evasion|1
|-sideend|p1: Decem|Stealth Rock|[from] move: Defog|[of] p1a: Gurdurr
|
|-damage|p1a: Gurdurr|1/100 brn|[from] brn
|upkeep
|turn|10
|inactive|Decem has 270 seconds left.
|
|t:|1622582184
|switch|p1a: Gigalith|Gigalith, F|85/100
|-weather|Sandstorm|[from] ability: Sand Stream|[of] p1a: Gigalith
|move|p2a: Whimsicott|Giga Drain|p1a: Gigalith
|-supereffective|p1a: Gigalith
|-damage|p1a: Gigalith|59/100
|-heal|p2a: Whimsicott|73/100|[from] drain|[of] p1a: Gigalith
|
|-weather|Sandstorm|[upkeep]
|-damage|p2a: Whimsicott|67/100|[from] Sandstorm
|-heal|p1a: Gigalith|65/100|[from] item: Leftovers
|upkeep
|turn|11
|
|t:|1622582187
|move|p2a: Whimsicott|Giga Drain|p1a: Gigalith
|-supereffective|p1a: Gigalith
|-damage|p1a: Gigalith|36/100
|-heal|p2a: Whimsicott|88/100|[from] drain|[of] p1a: Gigalith
|move|p1a: Gigalith|Stealth Rock|p2a: Whimsicott
|-sidestart|p2: pattek|move: Stealth Rock
|
|-weather|Sandstorm|[upkeep]
|-damage|p2a: Whimsicott|82/100|[from] Sandstorm
|-heal|p1a: Gigalith|42/100|[from] item: Leftovers
|upkeep
|turn|12
|
|t:|1622582195
|move|p2a: Whimsicott|Giga Drain|p1a: Gigalith
|-supereffective|p1a: Gigalith
|-damage|p1a: Gigalith|15/100
|-heal|p2a: Whimsicott|100/100|[from] drain|[of] p1a: Gigalith
|move|p1a: Gigalith|Rock Blast|p2a: Whimsicott
|-damage|p2a: Whimsicott|83/100
|-damage|p2a: Whimsicott|65/100
|-damage|p2a: Whimsicott|48/100
|-crit|p2a: Whimsicott
|-damage|p2a: Whimsicott|22/100
|-hitcount|p2a: Whimsicott|4
|
|-weather|Sandstorm|[upkeep]
|-damage|p2a: Whimsicott|16/100|[from] Sandstorm
|-heal|p1a: Gigalith|22/100|[from] item: Leftovers
|upkeep
|turn|13
|
|t:|1622582202
|move|p1a: Gigalith|Protect|p1a: Gigalith
|-singleturn|p1a: Gigalith|Protect
|move|p2a: Whimsicott|Defog|p1a: Gigalith
|-activate|p1a: Gigalith|move: Protect
|
|-weather|Sandstorm|[upkeep]
|-damage|p2a: Whimsicott|10/100|[from] Sandstorm
|-heal|p1a: Gigalith|28/100|[from] item: Leftovers
|upkeep
|turn|14
|
|t:|1622582205
|switch|p1a: Mesprit|Mesprit|100/100
|move|p2a: Whimsicott|Defog|p1a: Mesprit
|-unboost|p1a: Mesprit|evasion|1
|-sideend|p2: pattek|Stealth Rock|[from] move: Defog|[of] p2a: Whimsicott
|
|-weather|none
|upkeep
|turn|15
|
|t:|1622582209
|switch|p2a: Audino|Audino, M|58/100
|move|p1a: Mesprit|Psychic|p2a: Audino
|-damage|p2a: Audino|33/100
|
|upkeep
|turn|16
|
|t:|1622582214
|switch|p1a: Cinccino|Cinccino, F|100/100
|move|p2a: Audino|Wish|p2a: Audino
|
|upkeep
|turn|17
|
|t:|1622582223
|move|p2a: Audino|Protect|p2a: Audino
|-singleturn|p2a: Audino|Protect
|move|p1a: Cinccino|Bullet Seed|p2a: Audino
|-activate|p2a: Audino|move: Protect
|
|-heal|p2a: Audino|83/100|[from] move: Wish|[wisher] Audino
|upkeep
|turn|18
|
|t:|1622582229
|move|p1a: Cinccino|Knock Off|p2a: Audino
|-damage|p2a: Audino|58/100
|-enditem|p2a: Audino|Heavy-Duty Boots|[from] move: Knock Off|[of] p1a: Cinccino
|move|p2a: Audino|Wish|p2a: Audino
|
|upkeep
|turn|19
|
|t:|1622582244
|switch|p2a: Toxicroak|Toxicroak, M|100/100
|move|p1a: Cinccino|U-turn|p2a: Toxicroak
|-resisted|p2a: Toxicroak
|-damage|p2a: Toxicroak|93/100
|
|t:|1622582246
|switch|p1a: Mesprit|Mesprit|100/100|[from]move: U-turn
|
|-heal|p2a: Toxicroak|100/100|[from] move: Wish|[wisher] Audino
|upkeep
|turn|20
|
|t:|1622582256
|switch|p2a: Audino|Audino, M|91/100
|move|p1a: Mesprit|Psychic|p2a: Audino
|-damage|p2a: Audino|62/100
|
|upkeep
|turn|21
|
|t:|1622582262
|move|p1a: Mesprit|Psychic|p2a: Audino
|-damage|p2a: Audino|34/100
|move|p2a: Audino|Wish|p2a: Audino
|
|upkeep
|turn|22
|
|t:|1622582268
|switch|p1a: Gigalith|Gigalith, F|28/100
|-weather|Sandstorm|[from] ability: Sand Stream|[of] p1a: Gigalith
|move|p2a: Audino|Knock Off|p1a: Gigalith
|-damage|p1a: Gigalith|17/100
|-enditem|p1a: Gigalith|Leftovers|[from] move: Knock Off|[of] p2a: Audino
|
|-weather|Sandstorm|[upkeep]
|-damage|p2a: Audino|28/100|[from] Sandstorm
|-heal|p2a: Audino|78/100|[from] move: Wish|[wisher] Audino
|upkeep
|turn|23
|
|t:|1622582272
|switch|p2a: Palossand|Palossand, F|100/100
|move|p1a: Gigalith|Stealth Rock|p2a: Palossand
|-sidestart|p2: pattek|move: Stealth Rock
|
|-weather|Sandstorm|[upkeep]
|upkeep
|turn|24
|
|t:|1622582281
|switch|p1a: Exeggutor|Exeggutor-Alola, F|82/100
|-item|p2a: Palossand|Colbur Berry|[from] ability: Frisk|[of] p1a: Exeggutor|[identify]
|move|p2a: Palossand|Stealth Rock|p1a: Exeggutor
|-sidestart|p1: Decem|move: Stealth Rock
|
|-weather|Sandstorm|[upkeep]
|-damage|p1a: Exeggutor|76/100|[from] Sandstorm
|upkeep
|turn|25
|
|t:|1622582305
|switch|p2a: Audino|Audino, M|100/100
|-damage|p2a: Audino|88/100|[from] Stealth Rock
|move|p1a: Exeggutor|Leaf Storm|p2a: Audino|[miss]
|-miss|p1a: Exeggutor|p2a: Audino
|
|-weather|Sandstorm|[upkeep]
|-damage|p1a: Exeggutor|70/100|[from] Sandstorm
|-damage|p2a: Audino|82/100|[from] Sandstorm
|upkeep
|turn|26
|
|t:|1622582319
|switch|p1a: Weezing|Weezing, F|100/100
|-ability|p1a: Weezing|Neutralizing Gas
|-damage|p1a: Weezing|88/100|[from] Stealth Rock
|move|p2a: Audino|Wish|p2a: Audino
|
|-weather|none
|-heal|p1a: Weezing|94/100|[from] item: Black Sludge
|upkeep
|turn|27
|inactive|pattek has 270 seconds left.
|
|t:|1622582372
|switch|p2a: Wishiwashi|Wishiwashi, M|42/100
|-damage|p2a: Wishiwashi|29/100|[from] Stealth Rock
|-formechange|p2a: Wishiwashi|Wishiwashi-School||[from] ability: Schooling
|move|p1a: Weezing|Toxic Spikes|p2a: Wishiwashi
|-sidestart|p2: pattek|move: Toxic Spikes
|
|-heal|p2a: Wishiwashi|99/100|[from] move: Wish|[wisher] Audino
|-heal|p1a: Weezing|99/100|[from] item: Black Sludge
|upkeep
|turn|28
|inactive|Decem has 270 seconds left.
|
|t:|1622582394
|switch|p2a: Toxicroak|Toxicroak, M|100/100
|-damage|p2a: Toxicroak|94/100|[from] Stealth Rock
|-sideend|p2: pattek|move: Toxic Spikes|[of] p2a: Toxicroak
|move|p1a: Weezing|Will-O-Wisp|p2a: Toxicroak
|-status|p2a: Toxicroak|brn
|
|-heal|p1a: Weezing|100/100|[from] item: Black Sludge
|-damage|p2a: Toxicroak|88/100 brn|[from] brn
|upkeep
|turn|29
|inactive|Decem has 270 seconds left.
|
|t:|1622582406
|move|p2a: Toxicroak|Knock Off|p1a: Weezing
|-damage|p1a: Weezing|91/100
|-enditem|p1a: Weezing|Black Sludge|[from] move: Knock Off|[of] p2a: Toxicroak
|move|p1a: Weezing|Sludge Bomb|p2a: Toxicroak
|-resisted|p2a: Toxicroak
|-damage|p2a: Toxicroak|68/100 brn
|
|-damage|p2a: Toxicroak|62/100 brn|[from] brn
|upkeep
|turn|30
|
|t:|1622582414
|switch|p2a: Palossand|Palossand, F|100/100
|-damage|p2a: Palossand|94/100|[from] Stealth Rock
|move|p1a: Weezing|Sludge Bomb|p2a: Palossand
|-resisted|p2a: Palossand
|-damage|p2a: Palossand|87/100
|
|upkeep
|turn|31
|
|t:|1622582419
|-end|p1a: Weezing|ability: Neutralizing Gas
|switch|p1a: Cinccino|Cinccino, F|100/100
|move|p2a: Palossand|Shadow Ball|p1a: Cinccino
|-immune|p1a: Cinccino
|
|upkeep
|turn|32
|inactive|pattek has 270 seconds left.
|inactive|pattek has 240 seconds left.
|c|+avarice|go decem
|inactive|pattek has 210 seconds left.
|
|t:|1622582508
|move|p1a: Cinccino|Bullet Seed|p2a: Palossand
|-supereffective|p2a: Palossand
|-damage|p2a: Palossand|78/100
|-supereffective|p2a: Palossand
|-damage|p2a: Palossand|68/100
|-supereffective|p2a: Palossand
|-damage|p2a: Palossand|58/100
|-supereffective|p2a: Palossand
|-damage|p2a: Palossand|49/100
|-supereffective|p2a: Palossand
|-damage|p2a: Palossand|40/100
|-hitcount|p2a: Palossand|5
|move|p2a: Palossand|Shore Up|p2a: Palossand
|-heal|p2a: Palossand|90/100
|
|upkeep
|turn|33
|
|t:|1622582512
|move|p1a: Cinccino|Bullet Seed|p2a: Palossand
|-supereffective|p2a: Palossand
|-damage|p2a: Palossand|82/100
|-supereffective|p2a: Palossand
|-damage|p2a: Palossand|72/100
|-supereffective|p2a: Palossand
|-damage|p2a: Palossand|62/100
|-supereffective|p2a: Palossand
|-damage|p2a: Palossand|53/100
|-supereffective|p2a: Palossand
|-damage|p2a: Palossand|45/100
|-hitcount|p2a: Palossand|5
|move|p2a: Palossand|Shore Up|p2a: Palossand
|-heal|p2a: Palossand|95/100
|
|upkeep
|turn|34
|inactive|pattek has 210 seconds left.
|
|t:|1622582544
|move|p1a: Cinccino|Bullet Seed|p2a: Palossand
|-supereffective|p2a: Palossand
|-damage|p2a: Palossand|86/100
|-supereffective|p2a: Palossand
|-damage|p2a: Palossand|78/100
|-supereffective|p2a: Palossand
|-damage|p2a: Palossand|68/100
|-supereffective|p2a: Palossand
|-damage|p2a: Palossand|59/100
|-supereffective|p2a: Palossand
|-damage|p2a: Palossand|50/100
|-hitcount|p2a: Palossand|5
|move|p2a: Palossand|Shore Up|p2a: Palossand
|-heal|p2a: Palossand|99/100
|
|upkeep
|turn|35
|inactive|pattek has 180 seconds left.
|
|t:|1622582570
|move|p1a: Cinccino|Bullet Seed|p2a: Palossand
|-supereffective|p2a: Palossand
|-damage|p2a: Palossand|91/100
|-supereffective|p2a: Palossand
|-damage|p2a: Palossand|82/100
|-supereffective|p2a: Palossand
|-crit|p2a: Palossand
|-damage|p2a: Palossand|67/100
|-supereffective|p2a: Palossand
|-damage|p2a: Palossand|58/100
|-supereffective|p2a: Palossand
|-damage|p2a: Palossand|49/100
|-hitcount|p2a: Palossand|5
|move|p2a: Palossand|Scorching Sands|p1a: Cinccino
|-damage|p1a: Cinccino|54/100
|
|upkeep
|turn|36
|
|t:|1622582575
|move|p1a: Cinccino|Bullet Seed|p2a: Palossand
|-supereffective|p2a: Palossand
|-damage|p2a: Palossand|41/100
|-supereffective|p2a: Palossand
|-damage|p2a: Palossand|32/100
|-supereffective|p2a: Palossand
|-damage|p2a: Palossand|23/100
|-supereffective|p2a: Palossand
|-damage|p2a: Palossand|14/100
|-supereffective|p2a: Palossand
|-damage|p2a: Palossand|5/100
|-hitcount|p2a: Palossand|5
|move|p2a: Palossand|Shore Up|p2a: Palossand
|-heal|p2a: Palossand|55/100
|
|upkeep
|turn|37
|
|t:|1622582578
|move|p1a: Cinccino|U-turn|p2a: Palossand
|-resisted|p2a: Palossand
|-damage|p2a: Palossand|48/100
|
|t:|1622582579
|switch|p1a: Exeggutor|Exeggutor-Alola, F|70/100|[from]move: U-turn
|-damage|p1a: Exeggutor|58/100|[from] Stealth Rock
|-item|p2a: Palossand|Colbur Berry|[from] ability: Frisk|[of] p1a: Exeggutor|[identify]
|move|p2a: Palossand|Shore Up|p2a: Palossand
|-heal|p2a: Palossand|98/100
|
|upkeep
|turn|38
|inactive|pattek has 180 seconds left.
|c|+maki|go pattek
|inactive|pattek has 150 seconds left.
|inactive|pattek has 120 seconds left.
|c|+Tuononda|go mushamu
|inactive|pattek has 90 seconds left.
|
|t:|1622582709
|switch|p2a: Toxicroak|Toxicroak, M|62/100 brn
|-damage|p2a: Toxicroak|56/100 brn|[from] Stealth Rock
|move|p1a: Exeggutor|Leaf Storm|p2a: Toxicroak
|-resisted|p2a: Toxicroak
|-damage|p2a: Toxicroak|0 fnt
|-unboost|p1a: Exeggutor|spa|2
|faint|p2a: Toxicroak
|
|upkeep
|
|t:|1622582712
|switch|p2a: Audino|Audino, M|82/100
|-damage|p2a: Audino|70/100|[from] Stealth Rock
|turn|39
|
|t:|1622582716
|switch|p1a: Weezing|Weezing, F|91/100
|-ability|p1a: Weezing|Neutralizing Gas
|-damage|p1a: Weezing|78/100|[from] Stealth Rock
|move|p2a: Audino|Wish|p2a: Audino
|
|upkeep
|turn|40
|
|t:|1622582731
|move|p1a: Weezing|Sludge Bomb|p2a: Audino
|-damage|p2a: Audino|51/100
|move|p2a: Audino|Knock Off|p1a: Weezing
|-damage|p1a: Weezing|71/100
|
|-heal|p2a: Audino|100/100|[from] move: Wish|[wisher] Audino
|upkeep
|turn|41
|
|t:|1622582736
|switch|p2a: Wishiwashi|Wishiwashi, M|99/100
|-damage|p2a: Wishiwashi|87/100|[from] Stealth Rock
|-formechange|p2a: Wishiwashi|Wishiwashi-School||[from] ability: Schooling
|move|p1a: Weezing|Toxic Spikes|p2a: Wishiwashi
|-sidestart|p2: pattek|move: Toxic Spikes
|
|upkeep
|turn|42
|inactive|Decem has 270 seconds left.
|inactive|Decem has 240 seconds left.
|
|t:|1622582806
|-end|p1a: Weezing|ability: Neutralizing Gas
|switch|p1a: Gigalith|Gigalith, F|17/100
|-damage|p1a: Gigalith|5/100|[from] Stealth Rock
|-weather|Sandstorm|[from] ability: Sand Stream|[of] p1a: Gigalith
|move|p2a: Wishiwashi|Scald|p1a: Gigalith
|-supereffective|p1a: Gigalith
|-damage|p1a: Gigalith|0 fnt
|faint|p1a: Gigalith
|
|-weather|Sandstorm|[upkeep]
|-damage|p2a: Wishiwashi|81/100|[from] Sandstorm
|upkeep
|
|t:|1622582809
|switch|p1a: Exeggutor|Exeggutor-Alola, F|58/100
|-damage|p1a: Exeggutor|46/100|[from] Stealth Rock
|turn|43
|inactive|Decem has 240 seconds left.
|inactive|pattek has 120 seconds left.
|inactive|pattek has 90 seconds left.
|inactive|pattek has 60 seconds left.
|inactive|Decem has 210 seconds left.
|
|t:|1622582881
|switch|p2a: Audino|Audino, M|100/100
|-status|p2a: Audino|psn
|-damage|p2a: Audino|88/100 psn|[from] Stealth Rock
|move|p1a: Exeggutor|Leaf Storm|p2a: Audino
|-crit|p2a: Audino
|-damage|p2a: Audino|0 fnt
|-unboost|p1a: Exeggutor|spa|2
|faint|p2a: Audino
|
|-weather|Sandstorm|[upkeep]
|-damage|p1a: Exeggutor|39/100|[from] Sandstorm
|upkeep
|
|t:|1622582891
|switch|p2a: Whimsicott|Whimsicott, M|10/100
|turn|44
|inactive|pattek has 30 seconds left.
|inactive|pattek has 20 seconds left.
|
|t:|1622582934
|switch|p2a: Palossand|Palossand, F|98/100
|-status|p2a: Palossand|psn
|-damage|p2a: Palossand|92/100 psn|[from] Stealth Rock
|switch|p1a: Gurdurr|Gurdurr, M|1/100 brn
|-damage|p1a: Gurdurr|0 fnt|[from] Stealth Rock
|faint|p1a: Gurdurr
|
|-weather|Sandstorm|[upkeep]
|-damage|p2a: Palossand|79/100 psn|[from] psn
|upkeep
|inactive|pattek has 25 seconds left this turn.
|inactive|Decem has 210 seconds left.
|inactive|Decem has 180 seconds left.
|inactive|Decem has 150 seconds left.
|
|t:|1622583029
|switch|p1a: Mesprit|Mesprit|100/100
|-damage|p1a: Mesprit|88/100|[from] Stealth Rock
|turn|45
|inactive|pattek has 30 seconds left.
|
|t:|1622583043
|move|p1a: Mesprit|Psychic|p2a: Palossand
|-damage|p2a: Palossand|37/100 psn
|-unboost|p2a: Palossand|spd|1
|move|p2a: Palossand|Shadow Ball|p1a: Mesprit
|-supereffective|p1a: Mesprit
|-damage|p1a: Mesprit|26/100
|
|-weather|Sandstorm|[upkeep]
|-damage|p1a: Mesprit|20/100|[from] Sandstorm
|-damage|p2a: Palossand|24/100 psn|[from] psn
|upkeep
|turn|46
|inactive|pattek has 30 seconds left.
|inactive|pattek has 20 seconds left.
|inactive|pattek has 15 seconds left.
|inactive|pattek has 10 seconds left.
|
|t:|1622583071
|move|p1a: Mesprit|Psychic|p2a: Palossand
|-damage|p2a: Palossand|0 fnt
|faint|p2a: Palossand
|
|-weather|none
|upkeep
|inactive|pattek has 15 seconds left this turn.
|
|t:|1622583074
|switch|p2a: Wishiwashi|Wishiwashi, M|81/100
|-damage|p2a: Wishiwashi|69/100|[from] Stealth Rock
|-status|p2a: Wishiwashi|psn
|-formechange|p2a: Wishiwashi|Wishiwashi-School||[from] ability: Schooling
|turn|47
|inactive|pattek has 25 seconds left this turn.
|inactive|pattek has 20 seconds left.
|
|t:|1622583081
|switch|p1a: Weezing|Weezing, F|71/100
|-ability|p1a: Weezing|Neutralizing Gas
|-damage|p1a: Weezing|59/100|[from] Stealth Rock
|move|p2a: Wishiwashi|U-turn|p1a: Weezing
|-resisted|p1a: Weezing
|-damage|p1a: Weezing|51/100
|inactive|pattek has 25 seconds left this turn.
|
|t:|1622583083
|switch|p2a: Whimsicott|Whimsicott, M|10/100|[from]move: U-turn
|
|upkeep
|turn|48
|
|t:|1622583086
|move|p2a: Whimsicott|U-turn|p1a: Weezing
|-resisted|p1a: Weezing
|-damage|p1a: Weezing|47/100
|
|t:|1622583087
|switch|p2a: Wishiwashi|Wishiwashi, M|69/100 psn|[from]move: U-turn
|-damage|p2a: Wishiwashi|56/100 psn|[from] Stealth Rock
|-formechange|p2a: Wishiwashi|Wishiwashi-School||[from] ability: Schooling
|move|p1a: Weezing|Sludge Bomb|p2a: Wishiwashi
|-damage|p2a: Wishiwashi|35/100 psn
|
|-damage|p2a: Wishiwashi|23/100 psn|[from] psn
|-formechange|p2a: Wishiwashi|Wishiwashi||[from] ability: Schooling
|upkeep
|turn|49
|
|t:|1622583090
|move|p1a: Weezing|Sludge Bomb|p2a: Wishiwashi
|-damage|p2a: Wishiwashi|0 fnt
|faint|p2a: Wishiwashi
|
|upkeep
|c|☆pattek|gg
|c|☆Decem|gg
|-message|pattek forfeited.
|
|win|Decem
|c|☆Decem|sorry about the g1
|c|+HYDREIGON SPECS|goat decem
