|inactive|Battle timer is ON: inactive players will automatically lose when time's up.
|player|p1|allstarapology|pokemonbreederf|
|player|p2|VQSR(2AwJ'.RNqu|102|
|teamsize|p1|6
|teamsize|p2|6
|gametype|singles
|gen|8
|tier|[Gen 8] PU
|clearpoke
|poke|p1|Thievul, F|
|poke|p1|Palpitoad, M|
|poke|p1|Throh, M|
|poke|p1|Togetic, F|
|poke|p1|Type: Null|
|poke|p1|Mr. Mime-Galar, F|
|poke|p2|Mawile, F|
|poke|p2|Vibrava, M|
|poke|p2|Mareanie, F|
|poke|p2|Falinks|
|poke|p2|Linoone-Galar, M|
|poke|p2|Heatmor, M|
|rule|Sleep Clause Mod: Limit one foe put to sleep
|rule|Species Clause: Limit one of each Pokémon
|rule|OHKO Clause: OHKO moves are banned
|rule|Evasion Moves Clause: Evasion moves are banned
|rule|Endless Battle Clause: Forcing endless battles is banned
|rule|HP Percentage Mod: HP is shown in percentages
|rule|Dynamax Clause: You cannot dynamax
|teampreview
|c|☆VQSR(2AwJ'.RNqu|hf dude
|c|☆allstarapology|u2 
|c|+Lilburr|GO ASAS
|c|+Bouff|wow go 49
|c|+Lilburr|ASA
|inactive|allstarapology has 270 seconds left.
|inactive|VQSR(2AwJ'.RNqu has 270 seconds left.
|c|@Djokra|go asa
|c|@Djokra|:3
|c|+AVERARDO|omg the 49...
|c|+termiii|go asa!!!
|inactive|allstarapology has 240 seconds left.
|inactive|allstarapology has 210 seconds left.
|
|start
|switch|p1a: Palpitoad|Palpitoad, M|100/100
|switch|p2a: Linoone|Linoone-Galar, M|100/100
|turn|1
|inactive|allstarapology has 270 seconds left.
|
|move|p2a: Linoone|Knock Off|p1a: Palpitoad
|-damage|p1a: Palpitoad|80/100
|-enditem|p1a: Palpitoad|Eviolite|[from] move: Knock Off|[of] p2a: Linoone
|move|p1a: Palpitoad|Scald|p2a: Linoone
|-damage|p2a: Linoone|82/100
|
|upkeep
|turn|2
|inactive|allstarapology has 270 seconds left.
|
|move|p2a: Linoone|Parting Shot|p1a: Palpitoad
|-unboost|p1a: Palpitoad|atk|1
|-unboost|p1a: Palpitoad|spa|1
|
|switch|p2a: Vibrava|Vibrava, M|100/100|[from]move: Parting Shot
|move|p1a: Palpitoad|Stealth Rock|p2a: Vibrava
|-sidestart|p2: VQSR(2AwJ'.RNqu|move: Stealth Rock
|
|upkeep
|turn|3
|inactive|allstarapology has 270 seconds left.
|
|switch|p1a: Throh|Throh, M|100/100
|move|p2a: Vibrava|Earthquake|p1a: Throh
|-damage|p1a: Throh|77/100
|
|-status|p1a: Throh|brn|[from] item: Flame Orb
|upkeep
|turn|4
|
|move|p2a: Vibrava|U-turn|p1a: Throh
|-resisted|p1a: Throh
|-damage|p1a: Throh|71/100 brn
|
|switch|p2a: Mareanie|Mareanie, F|100/100|[from]move: U-turn
|-damage|p2a: Mareanie|88/100|[from] Stealth Rock
|move|p1a: Throh|Knock Off|p2a: Mareanie
|-damage|p2a: Mareanie|51/100
|-enditem|p2a: Mareanie|Eviolite|[from] move: Knock Off|[of] p1a: Throh
|
|-damage|p1a: Throh|65/100 brn|[from] brn
|upkeep
|turn|5
|
|switch|p2a: Vibrava|Vibrava, M|100/100
|-damage|p2a: Vibrava|95/100|[from] Stealth Rock
|move|p1a: Throh|Facade|p2a: Vibrava
|-crit|p2a: Vibrava
|-damage|p2a: Vibrava|0 fnt
|faint|p2a: Vibrava
|
|-damage|p1a: Throh|59/100 brn|[from] brn
|upkeep
|c|☆VQSR(2AwJ'.RNqu|x
|c|☆allstarapology|sorry
|
|switch|p2a: Falinks|Falinks|100/100
|-damage|p2a: Falinks|95/100|[from] Stealth Rock
|turn|6
|c|+royesk|asa is very épique
|
|switch|p1a: Togetic|Togetic, F|100/100
|move|p2a: Falinks|Close Combat|p1a: Togetic
|-resisted|p1a: Togetic
|-damage|p1a: Togetic|86/100
|-unboost|p2a: Falinks|def|1
|-unboost|p2a: Falinks|spd|1
|
|upkeep
|turn|7
|
|switch|p2a: Heatmor|Heatmor, M|100/100
|move|p1a: Togetic|Flamethrower|p2a: Heatmor
|-start|p2a: Heatmor|ability: Flash Fire
|
|upkeep
|turn|8
|
|switch|p1a: Palpitoad|Palpitoad, M|80/100
|move|p2a: Heatmor|Fire Blast|p1a: Palpitoad
|-resisted|p1a: Palpitoad
|-damage|p1a: Palpitoad|21/100
|
|upkeep
|turn|9
|
|switch|p1a: Type: Null|Type: Null|100/100
|move|p2a: Heatmor|Fire Blast|p1a: Type: Null
|-damage|p1a: Type: Null|63/100
|
|upkeep
|turn|10
|
|move|p2a: Heatmor|Fire Blast|p1a: Type: Null|[miss]
|-miss|p2a: Heatmor|p1a: Type: Null
|move|p1a: Type: Null|Rest|p1a: Type: Null
|-status|p1a: Type: Null|slp|[from] move: Rest
|-heal|p1a: Type: Null|100/100 slp|[silent]
|
|upkeep
|turn|11
|
|-end|p2a: Heatmor|ability: Flash Fire|[silent]
|switch|p2a: Mawile|Mawile, F|100/100
|-damage|p2a: Mawile|95/100|[from] Stealth Rock
|-ability|p2a: Mawile|Intimidate|boost
|-unboost|p1a: Type: Null|atk|1
|cant|p1a: Type: Null|slp
|move|p1a: Type: Null|Sleep Talk|p1a: Type: Null
|move|p1a: Type: Null|Rest|p1a: Type: Null|[from]Sleep Talk
|-fail|p1a: Type: Null|heal
|
|-heal|p2a: Mawile|100/100|[from] item: Leftovers
|upkeep
|turn|12
|
|switch|p1a: Palpitoad|Palpitoad, M|21/100
|switch|p2a: Heatmor|Heatmor, M|100/100
|
|upkeep
|turn|13
|
|switch|p1a: Type: Null|Type: Null|100/100 slp
|move|p2a: Heatmor|Fire Blast|p1a: Type: Null
|-damage|p1a: Type: Null|78/100 slp
|
|upkeep
|turn|14
|
|switch|p2a: Mawile|Mawile, F|100/100
|-damage|p2a: Mawile|95/100|[from] Stealth Rock
|-ability|p2a: Mawile|Intimidate|boost
|-unboost|p1a: Type: Null|atk|1
|cant|p1a: Type: Null|slp
|move|p1a: Type: Null|Sleep Talk|p1a: Type: Null
|move|p1a: Type: Null|Crush Claw|p2a: Mawile|[from]Sleep Talk
|-resisted|p2a: Mawile
|-damage|p2a: Mawile|85/100
|
|-heal|p2a: Mawile|91/100|[from] item: Leftovers
|upkeep
|turn|15
|
|-curestatus|p1a: Type: Null|slp|[msg]
|move|p1a: Type: Null|U-turn|p2a: Mawile
|-resisted|p2a: Mawile
|-damage|p2a: Mawile|88/100
|
|switch|p1a: Palpitoad|Palpitoad, M|21/100|[from]move: U-turn
|move|p2a: Mawile|Stealth Rock|p1a: Palpitoad
|-sidestart|p1: allstarapology|move: Stealth Rock
|
|-heal|p2a: Mawile|94/100|[from] item: Leftovers
|upkeep
|turn|16
|
|switch|p2a: Mareanie|Mareanie, F|84/100
|-damage|p2a: Mareanie|72/100|[from] Stealth Rock
|move|p1a: Palpitoad|Earth Power|p2a: Mareanie
|-supereffective|p2a: Mareanie
|-damage|p2a: Mareanie|0 fnt
|faint|p2a: Mareanie
|
|upkeep
|
|switch|p2a: Heatmor|Heatmor, M|100/100
|turn|17
|inactive|allstarapology has 270 seconds left.
|inactive|allstarapology has 240 seconds left.
|
|switch|p1a: Type: Null|Type: Null|78/100
|-damage|p1a: Type: Null|65/100|[from] Stealth Rock
|move|p2a: Heatmor|Fire Blast|p1a: Type: Null
|-damage|p1a: Type: Null|40/100
|
|upkeep
|turn|18
|inactive|allstarapology has 240 seconds left.
|
|switch|p2a: Falinks|Falinks|95/100
|-damage|p2a: Falinks|89/100|[from] Stealth Rock
|move|p1a: Type: Null|Rest|p1a: Type: Null
|-status|p1a: Type: Null|slp|[from] move: Rest
|-heal|p1a: Type: Null|100/100 slp|[silent]
|
|upkeep
|turn|19
|
|switch|p1a: Palpitoad|Palpitoad, M|21/100
|-damage|p1a: Palpitoad|15/100|[from] Stealth Rock
|move|p2a: Falinks|Close Combat|p1a: Palpitoad
|-damage|p1a: Palpitoad|0 fnt
|-unboost|p2a: Falinks|def|1
|-unboost|p2a: Falinks|spd|1
|faint|p1a: Palpitoad
|
|upkeep
|
|switch|p1a: Mr. Mime|Mr. Mime-Galar, F|100/100
|-damage|p1a: Mr. Mime|76/100|[from] Stealth Rock
|turn|20
|inactive|allstarapology has 240 seconds left.
|
|switch|p2a: Mawile|Mawile, F|94/100
|-damage|p2a: Mawile|88/100|[from] Stealth Rock
|-ability|p2a: Mawile|Intimidate|boost
|-unboost|p1a: Mr. Mime|atk|1
|move|p1a: Mr. Mime|Ice Beam|p2a: Mawile
|-resisted|p2a: Mawile
|-damage|p2a: Mawile|66/100
|
|-heal|p2a: Mawile|72/100|[from] item: Leftovers
|upkeep
|turn|21
|inactive|allstarapology has 240 seconds left.
|
|switch|p1a: Togetic|Togetic, F|86/100
|-damage|p1a: Togetic|61/100|[from] Stealth Rock
|move|p2a: Mawile|Iron Head|p1a: Togetic
|-supereffective|p1a: Togetic
|-damage|p1a: Togetic|29/100
|
|-heal|p2a: Mawile|78/100|[from] item: Leftovers
|upkeep
|turn|22
|
|move|p1a: Togetic|Roost|p1a: Togetic
|-heal|p1a: Togetic|79/100
|-singleturn|p1a: Togetic|move: Roost
|move|p2a: Mawile|Knock Off|p1a: Togetic
|-resisted|p1a: Togetic
|-damage|p1a: Togetic|73/100
|-enditem|p1a: Togetic|Eviolite|[from] move: Knock Off|[of] p2a: Mawile
|
|-heal|p2a: Mawile|84/100|[from] item: Leftovers
|upkeep
|turn|23
|
|switch|p2a: Heatmor|Heatmor, M|100/100
|move|p1a: Togetic|Defog|p2a: Heatmor
|-unboost|p2a: Heatmor|evasion|1
|-sideend|p2: VQSR(2AwJ'.RNqu|Stealth Rock|[from] move: Defog|[of] p1a: Togetic
|-sideend|p1: allstarapology|Stealth Rock|[from] move: Defog|[of] p1a: Togetic
|
|upkeep
|turn|24
|
|switch|p2a: Mawile|Mawile, F|84/100
|-ability|p2a: Mawile|Intimidate|boost
|-unboost|p1a: Togetic|atk|1
|move|p1a: Togetic|Roost|p1a: Togetic
|-heal|p1a: Togetic|100/100
|-singleturn|p1a: Togetic|move: Roost
|
|-heal|p2a: Mawile|90/100|[from] item: Leftovers
|upkeep
|turn|25
|
|switch|p2a: Heatmor|Heatmor, M|100/100
|move|p1a: Togetic|Flamethrower|p2a: Heatmor
|-start|p2a: Heatmor|ability: Flash Fire
|
|upkeep
|turn|26
|
|switch|p1a: Type: Null|Type: Null|100/100 slp
|move|p2a: Heatmor|Fire Blast|p1a: Type: Null
|-damage|p1a: Type: Null|64/100 slp
|
|upkeep
|turn|27
|
|-end|p2a: Heatmor|ability: Flash Fire|[silent]
|switch|p2a: Falinks|Falinks|89/100
|cant|p1a: Type: Null|slp
|move|p1a: Type: Null|Sleep Talk|p1a: Type: Null
|move|p1a: Type: Null|Rest|p1a: Type: Null|[from]Sleep Talk
|-fail|p1a: Type: Null
|
|upkeep
|turn|28
|
|move|p2a: Falinks|Iron Head|p1a: Type: Null
|-damage|p1a: Type: Null|43/100 slp
|cant|p1a: Type: Null|slp
|move|p1a: Type: Null|Sleep Talk|p1a: Type: Null
|move|p1a: Type: Null|Rest|p1a: Type: Null|[from]Sleep Talk
|-fail|p1a: Type: Null
|
|upkeep
|turn|29
|inactive|allstarapology has 270 seconds left.
|
|move|p2a: Falinks|Iron Head|p1a: Type: Null
|-damage|p1a: Type: Null|21/100 slp
|-curestatus|p1a: Type: Null|slp|[msg]
|move|p1a: Type: Null|Rest|p1a: Type: Null
|-status|p1a: Type: Null|slp|[from] move: Rest
|-heal|p1a: Type: Null|100/100 slp|[silent]
|
|upkeep
|turn|30
|inactive|allstarapology has 270 seconds left.
|
|switch|p2a: Mawile|Mawile, F|90/100
|-ability|p2a: Mawile|Intimidate|boost
|-unboost|p1a: Type: Null|atk|1
|cant|p1a: Type: Null|slp
|move|p1a: Type: Null|Sleep Talk|p1a: Type: Null
|move|p1a: Type: Null|Crush Claw|p2a: Mawile|[from]Sleep Talk
|-resisted|p2a: Mawile
|-damage|p2a: Mawile|80/100
|
|-heal|p2a: Mawile|86/100|[from] item: Leftovers
|upkeep
|turn|31
|
|switch|p1a: Togetic|Togetic, F|100/100
|move|p2a: Mawile|Iron Head|p1a: Togetic
|-supereffective|p1a: Togetic
|-damage|p1a: Togetic|53/100
|
|-heal|p2a: Mawile|92/100|[from] item: Leftovers
|upkeep
|turn|32
|
|move|p1a: Togetic|Dazzling Gleam|p2a: Mawile
|-resisted|p2a: Mawile
|-damage|p2a: Mawile|79/100
|move|p2a: Mawile|Toxic|p1a: Togetic
|-status|p1a: Togetic|tox
|
|-heal|p2a: Mawile|85/100|[from] item: Leftovers
|-damage|p1a: Togetic|47/100 tox|[from] psn
|upkeep
|turn|33
|
|move|p1a: Togetic|Roost|p1a: Togetic
|-heal|p1a: Togetic|97/100 tox
|-singleturn|p1a: Togetic|move: Roost
|move|p2a: Mawile|Stealth Rock|p1a: Togetic
|-sidestart|p1: allstarapology|move: Stealth Rock
|
|-heal|p2a: Mawile|91/100|[from] item: Leftovers
|-damage|p1a: Togetic|85/100 tox|[from] psn
|upkeep
|turn|34
|
|switch|p2a: Heatmor|Heatmor, M|100/100
|move|p1a: Togetic|Defog|p2a: Heatmor
|-unboost|p2a: Heatmor|evasion|1
|-sideend|p1: allstarapology|Stealth Rock|[from] move: Defog|[of] p1a: Togetic
|
|-damage|p1a: Togetic|66/100 tox|[from] psn
|upkeep
|turn|35
|
|switch|p2a: Mawile|Mawile, F|91/100
|-ability|p2a: Mawile|Intimidate|boost
|-unboost|p1a: Togetic|atk|1
|switch|p1a: Type: Null|Type: Null|100/100 slp
|
|-heal|p2a: Mawile|97/100|[from] item: Leftovers
|upkeep
|turn|36
|
|switch|p1a: Throh|Throh, M|59/100 brn
|move|p2a: Mawile|Iron Head|p1a: Throh
|-damage|p1a: Throh|36/100 brn
|
|-heal|p2a: Mawile|100/100|[from] item: Leftovers
|-damage|p1a: Throh|30/100 brn|[from] brn
|upkeep
|turn|37
|
|switch|p2a: Linoone|Linoone-Galar, M|82/100
|move|p1a: Throh|Storm Throw|p2a: Linoone
|-supereffective|p2a: Linoone
|-crit|p2a: Linoone
|-damage|p2a: Linoone|0 fnt
|faint|p2a: Linoone
|
|-damage|p1a: Throh|24/100 brn|[from] brn
|upkeep
|
|switch|p2a: Heatmor|Heatmor, M|100/100
|turn|38
|
|switch|p1a: Type: Null|Type: Null|100/100 slp
|move|p2a: Heatmor|Sunny Day|p2a: Heatmor
|-weather|SunnyDay
|
|-weather|SunnyDay|[upkeep]
|upkeep
|turn|39
|
|move|p2a: Heatmor|Fire Blast|p1a: Type: Null
|-damage|p1a: Type: Null|64/100 slp
|cant|p1a: Type: Null|slp
|move|p1a: Type: Null|Sleep Talk|p1a: Type: Null
|move|p1a: Type: Null|Crush Claw|p2a: Heatmor|[from]Sleep Talk
|-damage|p2a: Heatmor|62/100
|
|-weather|SunnyDay|[upkeep]
|upkeep
|turn|40
|
|switch|p2a: Mawile|Mawile, F|100/100
|-ability|p2a: Mawile|Intimidate|boost
|-unboost|p1a: Type: Null|atk|1
|-curestatus|p1a: Type: Null|slp|[msg]
|move|p1a: Type: Null|Rest|p1a: Type: Null
|-status|p1a: Type: Null|slp|[from] move: Rest
|-heal|p1a: Type: Null|100/100 slp|[silent]
|
|-weather|SunnyDay|[upkeep]
|upkeep
|turn|41
|
|switch|p1a: Thievul|Thievul, F|100/100
|move|p2a: Mawile|Stealth Rock|p1a: Thievul
|-sidestart|p1: allstarapology|move: Stealth Rock
|
|-weather|SunnyDay|[upkeep]
|upkeep
|turn|42
|
|switch|p2a: Heatmor|Heatmor, M|62/100
|move|p1a: Thievul|Dark Pulse|p2a: Heatmor
|-damage|p2a: Heatmor|0 fnt
|faint|p2a: Heatmor
|
|-weather|none
|upkeep
|
|switch|p2a: Falinks|Falinks|89/100
|turn|43
|
|switch|p1a: Type: Null|Type: Null|100/100 slp
|-damage|p1a: Type: Null|88/100 slp|[from] Stealth Rock
|move|p2a: Falinks|Close Combat|p1a: Type: Null
|-supereffective|p1a: Type: Null
|-damage|p1a: Type: Null|0 fnt
|-unboost|p2a: Falinks|def|1
|-unboost|p2a: Falinks|spd|1
|faint|p1a: Type: Null
|
|upkeep
|inactive|allstarapology has 270 seconds left.
|
|switch|p1a: Thievul|Thievul, F|100/100
|-damage|p1a: Thievul|88/100|[from] Stealth Rock
|turn|44
|
|switch|p2a: Mawile|Mawile, F|100/100
|-ability|p2a: Mawile|Intimidate|boost
|-unboost|p1a: Thievul|atk|1
|move|p1a: Thievul|Psychic|p2a: Mawile
|-resisted|p2a: Mawile
|-damage|p2a: Mawile|59/100
|
|-heal|p2a: Mawile|65/100|[from] item: Leftovers
|upkeep
|turn|45
|inactive|allstarapology has 270 seconds left.
|
|switch|p1a: Throh|Throh, M|24/100 brn
|-damage|p1a: Throh|18/100 brn|[from] Stealth Rock
|move|p2a: Mawile|Iron Head|p1a: Throh
|-damage|p1a: Throh|0 fnt
|faint|p1a: Throh
|
|-heal|p2a: Mawile|71/100|[from] item: Leftovers
|upkeep
|
|switch|p1a: Thievul|Thievul, F|88/100
|-damage|p1a: Thievul|76/100|[from] Stealth Rock
|turn|46
|
|switch|p2a: Falinks|Falinks|89/100
|move|p1a: Thievul|Burning Jealousy|p2a: Falinks
|-damage|p2a: Falinks|0 fnt
|faint|p2a: Falinks
|
|upkeep
|c|☆VQSR(2AwJ'.RNqu|dang that dies?
|c|☆VQSR(2AwJ'.RNqu|golly
|c|☆VQSR(2AwJ'.RNqu|gg dude
|
|switch|p2a: Mawile|Mawile, F|71/100
|-ability|p2a: Mawile|Intimidate|boost
|-unboost|p1a: Thievul|atk|1
|turn|47
|c|☆allstarapology|gg
|
|move|p1a: Thievul|Burning Jealousy|p2a: Mawile
|-supereffective|p2a: Mawile
|-damage|p2a: Mawile|9/100
|move|p2a: Mawile|Iron Head|p1a: Thievul
|-damage|p1a: Thievul|34/100
|
|-heal|p2a: Mawile|15/100|[from] item: Leftovers
|upkeep
|turn|48
|c|+termiii|yeah we r voting on it for a reason
|c|+termiii|lol
|
|move|p1a: Thievul|Burning Jealousy|p2a: Mawile
|-supereffective|p2a: Mawile
|-damage|p2a: Mawile|0 fnt
|faint|p2a: Mawile
|
|win|allstarapology
|c|+Lilburr|wait how tf did falinks die
|c|☆VQSR(2AwJ'.RNqu|right?
|c|+Lilburr|this mons dumb
|c|+tlenit1|stakeout
|c|+SpacialRendevous|Stakeout is busted 
|c|+Lilburr|yeah but burning jealousy is just
|c|+Lilburr|so weak
|c|+MZ|it's not like falinks is bulky tbf
|c|+MZ|specially
|c|+MZ|65/60
|c|+MZ|thievul's still dumb but that's not that crazy
|player|p2|VQSR(2AwJ'.RNqu|102
|player|p2|
