|inactive|Battle timer is ON: inactive players will automatically lose when time's up.
|t:|1658091976
|gametype|singles
|player|p1|Horodro|courtney-gen3|
|player|p2|Lambovino|bugcatcher-gen3|
|teamsize|p1|6
|teamsize|p2|6
|gen|8
|tier|[Gen 8] PU
|rule|Sleep Clause Mod: Limit one foe put to sleep
|rule|Species Clause: Limit one of each Pokémon
|rule|OHKO Clause: OHKO moves are banned
|rule|Evasion Moves Clause: Evasion moves are banned
|rule|Endless Battle Clause: Forcing endless battles is banned
|rule|HP Percentage Mod: HP is shown in percentages
|rule|Dynamax Clause: You cannot dynamax
|clearpoke
|poke|p1|Aggron, M|
|poke|p1|Hitmonlee, M|
|poke|p1|Jellicent, F|
|poke|p1|Ribombee, F|
|poke|p1|Weezing, F|
|poke|p1|Charizard, F|
|poke|p2|Lycanroc, M|
|poke|p2|Wishiwashi, M|
|poke|p2|Scyther, M|
|poke|p2|Sandaconda, M|
|poke|p2|Togedemaru, F|
|poke|p2|Whimsicott, M|
|teampreview
|c|☆Lambovino|hf
|c|☆Horodro|hf
|inactive|Horodro has 270 seconds left.
|
|t:|1658092010
|start
|switch|p1a: Enkidu|Weezing, F|100/100
|switch|p2a: Wishiwashi|Wishiwashi, M|100/100
|-formechange|p2a: Wishiwashi|Wishiwashi-School||[from] ability: Schooling
|turn|1
|
|t:|1658092024
|switch|p1a: Book of Prelati|Jellicent, F|100/100
|move|p2a: Wishiwashi|Scald|p1a: Book of Prelati
|-resisted|p1a: Book of Prelati
|-damage|p1a: Book of Prelati|85/100
|
|upkeep
|turn|2
|
|t:|1658092041
|switch|p1a: Enkidu|Weezing, F|100/100
|move|p2a: Wishiwashi|Scald|p1a: Enkidu
|-damage|p1a: Enkidu|46/100
|
|-heal|p1a: Enkidu|52/100|[from] item: Black Sludge
|upkeep
|turn|3
|
|t:|1658092050
|switch|p1a: Book of Prelati|Jellicent, F|85/100
|move|p2a: Wishiwashi|Scald|p1a: Book of Prelati
|-resisted|p1a: Book of Prelati
|-damage|p1a: Book of Prelati|71/100
|-status|p1a: Book of Prelati|brn
|
|-damage|p1a: Book of Prelati|64/100 brn|[from] brn
|upkeep
|turn|4
|c|☆Lambovino|ça se voit trop là 
|
|t:|1658092058
|move|p1a: Book of Prelati|Recover|p1a: Book of Prelati
|-heal|p1a: Book of Prelati|100/100 brn
|move|p2a: Wishiwashi|U-turn|p1a: Book of Prelati
|-resisted|p1a: Book of Prelati
|-damage|p1a: Book of Prelati|92/100 brn
|
|t:|1658092061
|switch|p2a: Whimsicott|Whimsicott, M|100/100|[from]move: U-turn
|
|-damage|p1a: Book of Prelati|86/100 brn|[from] brn
|upkeep
|turn|5
|c|☆Horodro|t'es un petit malin toi
|
|t:|1658092073
|move|p2a: Whimsicott|Knock Off|p1a: Book of Prelati
|-supereffective|p1a: Book of Prelati
|-enditem|p1a: Book of Prelati|Colbur Berry|[eat]
|-enditem|p1a: Book of Prelati|Colbur Berry|[weaken]
|-damage|p1a: Book of Prelati|74/100 brn
|move|p1a: Book of Prelati|Scald|p2a: Whimsicott
|-resisted|p2a: Whimsicott
|-damage|p2a: Whimsicott|84/100
|
|-damage|p1a: Book of Prelati|68/100 brn|[from] brn
|upkeep
|turn|6
|
|t:|1658092082
|switch|p1a: Knight of Owner|Aggron, M|100/100
|move|p2a: Whimsicott|Energy Ball|p1a: Knight of Owner
|-damage|p1a: Knight of Owner|69/100
|
|-heal|p1a: Knight of Owner|75/100|[from] item: Leftovers
|upkeep
|turn|7
|
|t:|1658092089
|switch|p2a: Sandaconda|Sandaconda, M|100/100
|move|p1a: Knight of Owner|Stealth Rock|p2a: Sandaconda
|-sidestart|p2: Lambovino|move: Stealth Rock
|
|-heal|p1a: Knight of Owner|81/100|[from] item: Leftovers
|upkeep
|turn|8
|
|t:|1658092096
|switch|p1a: Enkidu|Weezing, F|52/100
|move|p2a: Sandaconda|Stealth Rock|p1a: Enkidu
|-sidestart|p1: Horodro|move: Stealth Rock
|
|-heal|p1a: Enkidu|58/100|[from] item: Black Sludge
|upkeep
|turn|9
|
|t:|1658092102
|move|p2a: Sandaconda|Glare|p1a: Enkidu
|-status|p1a: Enkidu|par
|move|p1a: Enkidu|Toxic Spikes|p2a: Sandaconda
|-sidestart|p2: Lambovino|move: Toxic Spikes
|
|-heal|p1a: Enkidu|64/100 par|[from] item: Black Sludge
|upkeep
|turn|10
|
|t:|1658092110
|switch|p2a: Wishiwashi|Wishiwashi, M|100/100
|-damage|p2a: Wishiwashi|88/100|[from] Stealth Rock
|-status|p2a: Wishiwashi|psn
|-formechange|p2a: Wishiwashi|Wishiwashi-School||[from] ability: Schooling
|move|p1a: Enkidu|Will-O-Wisp||[still]
|-fail|p1a: Enkidu
|
|-heal|p2a: Wishiwashi|94/100 psn|[from] item: Leftovers
|-heal|p1a: Enkidu|70/100 par|[from] item: Black Sludge
|-damage|p2a: Wishiwashi|82/100 psn|[from] psn
|upkeep
|turn|11
|
|t:|1658092118
|move|p2a: Wishiwashi|U-turn|p1a: Enkidu
|-resisted|p1a: Enkidu
|-damage|p1a: Enkidu|63/100 par
|
|t:|1658092122
|switch|p2a: Togedemaru|Togedemaru, F|100/100|[from]move: U-turn
|-damage|p2a: Togedemaru|95/100|[from] Stealth Rock
|cant|p1a: Enkidu|par
|
|-heal|p1a: Enkidu|69/100 par|[from] item: Black Sludge
|upkeep
|turn|12
|
|t:|1658092127
|move|p2a: Togedemaru|U-turn|p1a: Enkidu
|-resisted|p1a: Enkidu
|-damage|p1a: Enkidu|63/100 par
|
|t:|1658092129
|switch|p2a: Wishiwashi|Wishiwashi, M|82/100 psn|[from]move: U-turn
|-damage|p2a: Wishiwashi|70/100 psn|[from] Stealth Rock
|-formechange|p2a: Wishiwashi|Wishiwashi-School||[from] ability: Schooling
|move|p1a: Enkidu|Pain Split|p2a: Wishiwashi
|-sethp|p2a: Wishiwashi|71/100 psn|[from] move: Pain Split|[silent]
|-sethp|p1a: Enkidu|62/100 par|[from] move: Pain Split
|
|-heal|p2a: Wishiwashi|77/100 psn|[from] item: Leftovers
|-heal|p1a: Enkidu|68/100 par|[from] item: Black Sludge
|-damage|p2a: Wishiwashi|65/100 psn|[from] psn
|upkeep
|turn|13
|
|t:|1658092136
|switch|p1a: Book of Prelati|Jellicent, F|68/100 brn
|-damage|p1a: Book of Prelati|55/100 brn|[from] Stealth Rock
|move|p2a: Wishiwashi|Scald|p1a: Book of Prelati
|-resisted|p1a: Book of Prelati
|-damage|p1a: Book of Prelati|40/100 brn
|
|-heal|p2a: Wishiwashi|71/100 psn|[from] item: Leftovers
|-damage|p2a: Wishiwashi|59/100 psn|[from] psn
|-damage|p1a: Book of Prelati|34/100 brn|[from] brn
|upkeep
|turn|14
|
|t:|1658092143
|move|p1a: Book of Prelati|Taunt|p2a: Wishiwashi
|-start|p2a: Wishiwashi|move: Taunt
|cant|p2a: Wishiwashi|move: Taunt|Rest
|
|-heal|p2a: Wishiwashi|65/100 psn|[from] item: Leftovers
|-damage|p2a: Wishiwashi|52/100 psn|[from] psn
|-damage|p1a: Book of Prelati|28/100 brn|[from] brn
|upkeep
|turn|15
|
|t:|1658092147
|move|p1a: Book of Prelati|Recover|p1a: Book of Prelati
|-heal|p1a: Book of Prelati|78/100 brn
|move|p2a: Wishiwashi|U-turn|p1a: Book of Prelati
|-resisted|p1a: Book of Prelati
|-damage|p1a: Book of Prelati|70/100 brn
|
|t:|1658092150
|switch|p2a: Scyther|Scyther, M|100/100|[from]move: U-turn
|
|-damage|p1a: Book of Prelati|64/100 brn|[from] brn
|upkeep
|turn|16
|
|t:|1658092167
|move|p2a: Scyther|U-turn|p1a: Book of Prelati
|-resisted|p1a: Book of Prelati
|-damage|p1a: Book of Prelati|49/100 brn
|
|t:|1658092171
|switch|p2a: Whimsicott|Whimsicott, M|84/100|[from]move: U-turn
|move|p1a: Book of Prelati|Recover|p1a: Book of Prelati
|-heal|p1a: Book of Prelati|99/100 brn
|
|-damage|p1a: Book of Prelati|93/100 brn|[from] brn
|upkeep
|turn|17
|inactive|Horodro has 270 seconds left.
|
|t:|1658092211
|switch|p1a: Gáe Buidhe|Ribombee, F|100/100
|move|p2a: Whimsicott|Knock Off|p1a: Gáe Buidhe
|-resisted|p1a: Gáe Buidhe
|-damage|p1a: Gáe Buidhe|86/100
|-enditem|p1a: Gáe Buidhe|Heavy-Duty Boots|[from] move: Knock Off|[of] p2a: Whimsicott
|
|upkeep
|turn|18
|inactive|Horodro has 270 seconds left.
|
|t:|1658092226
|move|p1a: Gáe Buidhe|Moonblast|p2a: Whimsicott
|-damage|p2a: Whimsicott|22/100
|move|p2a: Whimsicott|Knock Off|p1a: Gáe Buidhe
|-resisted|p1a: Gáe Buidhe
|-damage|p1a: Gáe Buidhe|77/100
|
|upkeep
|turn|19
|inactive|Horodro has 270 seconds left.
|
|t:|1658092234
|switch|p2a: Togedemaru|Togedemaru, F|95/100
|-damage|p2a: Togedemaru|89/100|[from] Stealth Rock
|move|p1a: Gáe Buidhe|Moonblast|p2a: Togedemaru
|-resisted|p2a: Togedemaru
|-damage|p2a: Togedemaru|62/100
|-unboost|p2a: Togedemaru|spa|1
|
|upkeep
|turn|20
|inactive|Horodro has 270 seconds left.
|
|t:|1658092253
|switch|p1a: Knight of Owner|Aggron, M|81/100
|-damage|p1a: Knight of Owner|75/100|[from] Stealth Rock
|move|p2a: Togedemaru|U-turn|p1a: Knight of Owner
|-resisted|p1a: Knight of Owner
|-damage|p1a: Knight of Owner|70/100
|
|t:|1658092264
|switch|p2a: Sandaconda|Sandaconda, M|100/100|[from]move: U-turn
|-damage|p2a: Sandaconda|94/100|[from] Stealth Rock
|-status|p2a: Sandaconda|psn
|
|-heal|p1a: Knight of Owner|76/100|[from] item: Leftovers
|-damage|p2a: Sandaconda|82/100 psn|[from] psn
|upkeep
|turn|21
|
|t:|1658092272
|switch|p2a: Wishiwashi|Wishiwashi, M|52/100 psn
|-damage|p2a: Wishiwashi|40/100 psn|[from] Stealth Rock
|-formechange|p2a: Wishiwashi|Wishiwashi-School||[from] ability: Schooling
|move|p1a: Knight of Owner|Protect||[still]
|-fail|p1a: Knight of Owner
|
|-heal|p1a: Knight of Owner|82/100|[from] item: Leftovers
|-heal|p2a: Wishiwashi|46/100 psn|[from] item: Leftovers
|-damage|p2a: Wishiwashi|34/100 psn|[from] psn
|upkeep
|turn|22
|c|☆Lambovino|je vois 
|inactive|Horodro has 270 seconds left.
|
|t:|1658092294
|switch|p1a: Book of Prelati|Jellicent, F|93/100 brn
|-damage|p1a: Book of Prelati|80/100 brn|[from] Stealth Rock
|switch|p2a: Sandaconda|Sandaconda, M|82/100 psn
|-damage|p2a: Sandaconda|76/100 psn|[from] Stealth Rock
|
|-damage|p2a: Sandaconda|64/100 psn|[from] psn
|-damage|p1a: Book of Prelati|74/100 brn|[from] brn
|upkeep
|turn|23
|inactive|Horodro has 270 seconds left.
|
|t:|1658092305
|move|p2a: Sandaconda|Earthquake|p1a: Book of Prelati
|-damage|p1a: Book of Prelati|42/100 brn
|move|p1a: Book of Prelati|Scald|p2a: Sandaconda
|-supereffective|p2a: Sandaconda
|-damage|p2a: Sandaconda|0 fnt
|faint|p2a: Sandaconda
|
|-damage|p1a: Book of Prelati|35/100 brn|[from] brn
|upkeep
|
|t:|1658092311
|switch|p2a: Scyther|Scyther, M|100/100
|turn|24
|inactive|Horodro has 270 seconds left.
|
|t:|1658092356
|move|p2a: Scyther|Dual Wingbeat|p1a: Book of Prelati
|-damage|p1a: Book of Prelati|14/100 brn
|-damage|p1a: Book of Prelati|0 fnt
|-start|p2a: Scyther|Disable|Dual Wingbeat|[from] ability: Cursed Body|[of] p1a: Book of Prelati
|faint|p1a: Book of Prelati
|-hitcount|p1: Book of Prelati|2
|
|upkeep
|inactive|Horodro has 240 seconds left.
|
|t:|1658092379
|switch|p1a: Ionioi Hetairoi|Hitmonlee, M|100/100
|-damage|p1a: Ionioi Hetairoi|94/100|[from] Stealth Rock
|turn|25
|inactive|Horodro has 210 seconds left.
|
|t:|1658092411
|move|p2a: Scyther|U-turn|p1a: Ionioi Hetairoi
|-resisted|p1a: Ionioi Hetairoi
|-damage|p1a: Ionioi Hetairoi|54/100
|
|t:|1658092414
|switch|p2a: Wishiwashi|Wishiwashi, M|34/100 psn|[from]move: U-turn
|-damage|p2a: Wishiwashi|22/100 psn|[from] Stealth Rock
|move|p1a: Ionioi Hetairoi|Knock Off|p2a: Wishiwashi
|-damage|p2a: Wishiwashi|0 fnt
|-enditem|p2a: Wishiwashi|Leftovers|[from] move: Knock Off|[of] p1a: Ionioi Hetairoi
|faint|p2a: Wishiwashi
|
|upkeep
|
|t:|1658092419
|switch|p2a: Whimsicott|Whimsicott, M|22/100
|turn|26
|
|t:|1658092423
|switch|p1a: Knight of Owner|Aggron, M|82/100
|-damage|p1a: Knight of Owner|76/100|[from] Stealth Rock
|move|p2a: Whimsicott|Defog|p1a: Knight of Owner
|-unboost|p1a: Knight of Owner|evasion|1
|-sideend|p1: Horodro|Stealth Rock|[from] move: Defog|[of] p2a: Whimsicott
|-sideend|p2: Lambovino|Toxic Spikes|[from] move: Defog|[of] p2a: Whimsicott
|-sideend|p2: Lambovino|Stealth Rock|[from] move: Defog|[of] p2a: Whimsicott
|
|-heal|p1a: Knight of Owner|82/100|[from] item: Leftovers
|upkeep
|turn|27
|
|t:|1658092429
|switch|p2a: Togedemaru|Togedemaru, F|62/100
|move|p1a: Knight of Owner|Stealth Rock|p2a: Togedemaru
|-sidestart|p2: Lambovino|move: Stealth Rock
|
|-heal|p1a: Knight of Owner|89/100|[from] item: Leftovers
|upkeep
|turn|28
|
|t:|1658092435
|move|p1a: Knight of Owner|Protect|p1a: Knight of Owner
|-singleturn|p1a: Knight of Owner|Protect
|move|p2a: Togedemaru|Wish|p2a: Togedemaru
|
|-heal|p1a: Knight of Owner|95/100|[from] item: Leftovers
|upkeep
|turn|29
|inactive|Horodro has 240 seconds left.
|
|t:|1658092470
|move|p2a: Togedemaru|Iron Head|p1a: Knight of Owner
|-crit|p1a: Knight of Owner
|-damage|p1a: Knight of Owner|72/100
|move|p1a: Knight of Owner|Body Press|p2a: Togedemaru
|-supereffective|p2a: Togedemaru
|-damage|p2a: Togedemaru|0 fnt
|faint|p2a: Togedemaru
|
|-heal|p1a: Knight of Owner|78/100|[from] item: Leftovers
|upkeep
|
|t:|1658092481
|switch|p2a: Lycanroc|Lycanroc, M|100/100
|-damage|p2a: Lycanroc|88/100|[from] Stealth Rock
|turn|30
|inactive|Horodro has 210 seconds left.
|
|t:|1658092518
|move|p2a: Lycanroc|Close Combat|p1a: Knight of Owner
|-supereffective|p1a: Knight of Owner
|-damage|p1a: Knight of Owner|0 fnt
|-unboost|p2a: Lycanroc|def|1
|-unboost|p2a: Lycanroc|spd|1
|faint|p1a: Knight of Owner
|
|upkeep
|
|t:|1658092528
|switch|p1a: Enkidu|Weezing, F|68/100 par
|turn|31
|
|t:|1658092539
|switch|p2a: Whimsicott|Whimsicott, M|22/100
|move|p1a: Enkidu|Will-O-Wisp|p2a: Whimsicott
|-status|p2a: Whimsicott|brn
|
|-heal|p1a: Enkidu|74/100 par|[from] item: Black Sludge
|-damage|p2a: Whimsicott|16/100 brn|[from] brn
|upkeep
|turn|32
|inactive|Horodro has 180 seconds left.
|
|t:|1658092569
|switch|p1a: Gáe Dearg|Charizard, F|100/100
|move|p2a: Whimsicott|Knock Off|p1a: Gáe Dearg
|-damage|p1a: Gáe Dearg|93/100
|-enditem|p1a: Gáe Dearg|Heavy-Duty Boots|[from] move: Knock Off|[of] p2a: Whimsicott
|
|-damage|p2a: Whimsicott|10/100 brn|[from] brn
|upkeep
|turn|33
|inactive|Horodro has 180 seconds left.
|
|t:|1658092575
|move|p2a: Whimsicott|Moonblast|p1a: Gáe Dearg
|-resisted|p1a: Gáe Dearg
|-damage|p1a: Gáe Dearg|76/100
|move|p1a: Gáe Dearg|Flamethrower|p2a: Whimsicott
|-supereffective|p2a: Whimsicott
|-damage|p2a: Whimsicott|0 fnt
|faint|p2a: Whimsicott
|
|upkeep
|c|☆Lambovino|là par contre ça se voit de fou
|c|☆Lambovino|t'envoies vrmt le seul poké qui tenait scyther
|inactive|Lambovino has 270 seconds left.
|
|t:|1658092605
|switch|p2a: Lycanroc|Lycanroc, M|88/100
|-damage|p2a: Lycanroc|76/100|[from] Stealth Rock
|turn|34
|inactive|Horodro has 180 seconds left.
|c|☆Horodro|arrête
|inactive|Horodro has 150 seconds left.
|
|t:|1658092669
|switch|p1a: Ionioi Hetairoi|Hitmonlee, M|54/100
|move|p2a: Lycanroc|Stone Edge|p1a: Ionioi Hetairoi
|-resisted|p1a: Ionioi Hetairoi
|-damage|p1a: Ionioi Hetairoi|0 fnt
|faint|p1a: Ionioi Hetairoi
|
|upkeep
|
|t:|1658092685
|switch|p1a: Gáe Buidhe|Ribombee, F|77/100
|turn|35
|inactive|Horodro has 120 seconds left.
|
|t:|1658092727
|move|p1a: Gáe Buidhe|Moonblast|p2a: Lycanroc
|-damage|p2a: Lycanroc|8/100
|move|p2a: Lycanroc|Stone Edge|p1a: Gáe Buidhe
|-supereffective|p1a: Gáe Buidhe
|-damage|p1a: Gáe Buidhe|0 fnt
|faint|p1a: Gáe Buidhe
|
|upkeep
|c|☆Horodro|gnkengrngre
|c|☆Horodro|missclic
|inactive|Horodro has 90 seconds left.
|c|☆Horodro|j'ai e ball
|
|t:|1658092751
|switch|p1a: Gáe Dearg|Charizard, F|76/100
|turn|36
|
|t:|1658092760
|move|p2a: Lycanroc|Stone Edge|p1a: Gáe Dearg
|-supereffective|p1a: Gáe Dearg
|-damage|p1a: Gáe Dearg|0 fnt
|faint|p1a: Gáe Dearg
|
|upkeep
|
|t:|1658092762
|switch|p1a: Enkidu|Weezing, F|74/100 par
|turn|37
|
|t:|1658092765
|move|p2a: Lycanroc|Stone Edge|p1a: Enkidu
|-damage|p1a: Enkidu|27/100 par
|move|p1a: Enkidu|Sludge Bomb|p2a: Lycanroc
|-resisted|p2a: Lycanroc
|-crit|p2a: Lycanroc
|-damage|p2a: Lycanroc|0 fnt
|faint|p2a: Lycanroc
|
|-heal|p1a: Enkidu|33/100 par|[from] item: Black Sludge
|upkeep
|
|t:|1658092768
|switch|p2a: Scyther|Scyther, M|100/100
|turn|38
|c|☆Horodro|et voilà
|
|t:|1658092773
|move|p2a: Scyther|Dual Wingbeat|p1a: Enkidu|[miss]
|-miss|p2a: Scyther|p1a: Enkidu
|move|p1a: Enkidu|Pain Split|p2a: Scyther
|-sethp|p2a: Scyther|70/100|[from] move: Pain Split|[silent]
|-sethp|p1a: Enkidu|59/100 par|[from] move: Pain Split
|
|-heal|p1a: Enkidu|65/100 par|[from] item: Black Sludge
|upkeep
|turn|39
|
|t:|1658092776
|move|p2a: Scyther|Dual Wingbeat|p1a: Enkidu
|-damage|p1a: Enkidu|45/100 par
|-damage|p1a: Enkidu|27/100 par
|-hitcount|p1a: Enkidu|2
|move|p1a: Enkidu|Will-O-Wisp|p2a: Scyther
|-status|p2a: Scyther|brn
|
|-heal|p1a: Enkidu|33/100 par|[from] item: Black Sludge
|-damage|p2a: Scyther|63/100 brn|[from] brn
|upkeep
|turn|40
|
|t:|1658092783
|move|p2a: Scyther|Dual Wingbeat|p1a: Enkidu
|-damage|p1a: Enkidu|24/100 par
|-damage|p1a: Enkidu|15/100 par
|-hitcount|p1a: Enkidu|2
|move|p1a: Enkidu|Pain Split|p2a: Scyther
|-sethp|p2a: Scyther|40/100 brn|[from] move: Pain Split|[silent]
|-sethp|p1a: Enkidu|34/100 par|[from] move: Pain Split
|
|-heal|p1a: Enkidu|40/100 par|[from] item: Black Sludge
|-damage|p2a: Scyther|34/100 brn|[from] brn
|upkeep
|turn|41
|c|☆Lambovino|mdrrrrrrr
|
|t:|1658092791
|move|p2a: Scyther|Knock Off|p1a: Enkidu
|-damage|p1a: Enkidu|30/100 par
|-enditem|p1a: Enkidu|Black Sludge|[from] move: Knock Off|[of] p2a: Scyther
|cant|p1a: Enkidu|par
|
|-damage|p2a: Scyther|28/100 brn|[from] brn
|upkeep
|turn|42
|inactive|Horodro has 150 seconds left.
|c|☆Lambovino|allez encore une 
|c|☆Horodro|!showset 4
|c|+Horodro|/raw <div class="infobox">Gáe Buidhe (Ribombee) @ Heavy-Duty Boots  <br />Ability: Shield Dust  <br />EVs: 4 Def &#x2f; 252 SpA &#x2f; 252 Spe  <br />Timid Nature  <br />IVs: 0 Atk  <br />- Quiver Dance  <br />- Moonblast  <br />- Energy Ball  <br />- Roost  <br /><br /></div>
|
|t:|1658092803
|move|p2a: Scyther|Dual Wingbeat|p1a: Enkidu
|-damage|p1a: Enkidu|20/100 par
|-damage|p1a: Enkidu|11/100 par
|-hitcount|p1a: Enkidu|2
|cant|p1a: Enkidu|par
|
|-damage|p2a: Scyther|22/100 brn|[from] brn
|upkeep
|turn|43
|c|☆Horodro|hum
|inactive|Horodro has 150 seconds left.
|c|☆Lambovino|tu le fais vrmt exprès c'est gentil 
|
|t:|1658092824
|move|p2a: Scyther|Dual Wingbeat|p1a: Enkidu
|-damage|p1a: Enkidu|3/100 par
|-damage|p1a: Enkidu|0 fnt
|faint|p1a: Enkidu
|-hitcount|p1: Enkidu|2
|
|win|Lambovino
