|inactive|Battle timer is ON: inactive players will automatically lose when time's up.
|t:|1656644397
|gametype|singles
|player|p1|70to90gxe|lucas|
|player|p2|jane remover|lass-gen4dp|
|teamsize|p1|6
|teamsize|p2|6
|gen|8
|tier|[Gen 8] PU
|rule|Sleep Clause Mod: Limit one foe put to sleep
|rule|Species Clause: Limit one of each Pokémon
|rule|OHKO Clause: OHKO moves are banned
|rule|Evasion Moves Clause: Evasion moves are banned
|rule|Endless Battle Clause: Forcing endless battles is banned
|rule|HP Percentage Mod: HP is shown in percentages
|rule|Dynamax Clause: You cannot dynamax
|clearpoke
|poke|p1|Vanilluxe, M|
|poke|p1|Sandaconda, M|
|poke|p1|Wishiwashi, M|
|poke|p1|Aggron, M|
|poke|p1|Whimsicott, F|
|poke|p1|Gallade, M|
|poke|p2|Scrafty, M|
|poke|p2|Togedemaru, M|
|poke|p2|Articuno-Galar|
|poke|p2|Regirock|
|poke|p2|Silvally-*|
|poke|p2|Ribombee, M|
|teampreview
|c|☆70to90gxe|hf
|c|☆jane remover|hf
|inactive|70to90gxe has 270 seconds left.
|inactive|jane remover has 270 seconds left.
|
|t:|1656644435
|start
|switch|p1a: Wishiwashi|Wishiwashi, M|100/100
|switch|p2a: waking the witch|Articuno-Galar|100/100
|-formechange|p1a: Wishiwashi|Wishiwashi-School||[from] ability: Schooling
|turn|1
|
|t:|1656644447
|move|p2a: waking the witch|Future Sight|p1a: Wishiwashi
|-start|p2a: waking the witch|move: Future Sight
|move|p1a: Wishiwashi|Scald|p2a: waking the witch
|-damage|p2a: waking the witch|59/100
|
|upkeep
|turn|2
|
|t:|1656644462
|move|p2a: waking the witch|Recover|p2a: waking the witch
|-heal|p2a: waking the witch|100/100
|move|p1a: Wishiwashi|U-turn|p2a: waking the witch
|-damage|p2a: waking the witch|74/100
|
|t:|1656644467
|switch|p1a: Aggron|Aggron, M|100/100|[from]move: U-turn
|
|upkeep
|turn|3
|
|t:|1656644478
|switch|p2a: a deal with god|Silvally-Water|100/100
|move|p1a: Aggron|Stealth Rock|p2a: a deal with god
|-sidestart|p2: jane remover|move: Stealth Rock
|
|-end|p1a: Aggron|move: Future Sight
|-resisted|p1a: Aggron
|-damage|p1a: Aggron|72/100
|-heal|p1a: Aggron|78/100|[from] item: Leftovers
|upkeep
|turn|4
|
|t:|1656644487
|move|p1a: Aggron|Protect|p1a: Aggron
|-singleturn|p1a: Aggron|Protect
|move|p2a: a deal with god|Flamethrower|p1a: Aggron
|-activate|p1a: Aggron|move: Protect
|
|-heal|p1a: Aggron|84/100|[from] item: Leftovers
|upkeep
|turn|5
|
|t:|1656644492
|move|p2a: a deal with god|Defog|p1a: Aggron
|-unboost|p1a: Aggron|evasion|1
|-sideend|p2: jane remover|Stealth Rock|[from] move: Defog|[of] p2a: a deal with god
|move|p1a: Aggron|Head Smash|p2a: a deal with god
|-damage|p2a: a deal with god|53/100
|
|-heal|p1a: Aggron|90/100|[from] item: Leftovers
|upkeep
|turn|6
|
|t:|1656644499
|switch|p2a: hello earth|Regirock|100/100
|switch|p1a: Wishiwashi|Wishiwashi, M|100/100
|-formechange|p1a: Wishiwashi|Wishiwashi-School||[from] ability: Schooling
|
|upkeep
|turn|7
|
|t:|1656644504
|move|p2a: hello earth|Stealth Rock|p1a: Wishiwashi
|-sidestart|p1: 70to90gxe|move: Stealth Rock
|move|p1a: Wishiwashi|Scald|p2a: hello earth
|-supereffective|p2a: hello earth
|-damage|p2a: hello earth|37/100
|
|-heal|p2a: hello earth|43/100|[from] item: Leftovers
|upkeep
|turn|8
|
|t:|1656644513
|switch|p2a: a deal with god|Silvally-Water|53/100
|move|p1a: Wishiwashi|Scald|p2a: a deal with god
|-resisted|p2a: a deal with god
|-damage|p2a: a deal with god|37/100
|
|upkeep
|turn|9
|
|t:|1656644516
|move|p2a: a deal with god|Thunderbolt|p1a: Wishiwashi
|-supereffective|p1a: Wishiwashi
|-damage|p1a: Wishiwashi|64/100
|move|p1a: Wishiwashi|U-turn|p2a: a deal with god
|-damage|p2a: a deal with god|19/100
|
|t:|1656644524
|switch|p1a: Whimsicott|Whimsicott, F|100/100|[from]move: U-turn
|-damage|p1a: Whimsicott|88/100|[from] Stealth Rock
|
|upkeep
|turn|10
|
|t:|1656644527
|switch|p2a: jig of life|Togedemaru, M|100/100
|move|p1a: Whimsicott|Defog|p2a: jig of life
|-unboost|p2a: jig of life|evasion|1
|-sideend|p1: 70to90gxe|Stealth Rock|[from] move: Defog|[of] p1a: Whimsicott
|
|upkeep
|turn|11
|
|t:|1656644531
|switch|p1a: Sandaconda|Sandaconda, M|100/100
|move|p2a: jig of life|Wish|p2a: jig of life
|
|upkeep
|turn|12
|
|t:|1656644537
|switch|p2a: waking the witch|Articuno-Galar|74/100
|move|p1a: Sandaconda|Earthquake|p2a: waking the witch
|-immune|p2a: waking the witch
|
|-heal|p2a: waking the witch|100/100|[from] move: Wish|[wisher] jig of life
|upkeep
|turn|13
|
|t:|1656644542
|switch|p1a: Aggron|Aggron, M|90/100
|move|p2a: waking the witch|Hurricane|p1a: Aggron
|-resisted|p1a: Aggron
|-damage|p1a: Aggron|76/100
|
|-heal|p1a: Aggron|82/100|[from] item: Leftovers
|upkeep
|turn|14
|
|t:|1656644548
|switch|p2a: hounds of love|Scrafty, M|100/100
|-ability|p2a: hounds of love|Intimidate|boost
|-unboost|p1a: Aggron|atk|1
|move|p1a: Aggron|Stealth Rock|p2a: hounds of love
|-sidestart|p2: jane remover|move: Stealth Rock
|
|-heal|p1a: Aggron|88/100|[from] item: Leftovers
|upkeep
|turn|15
|
|t:|1656644564
|switch|p1a: Sandaconda|Sandaconda, M|100/100
|move|p2a: hounds of love|Substitute|p2a: hounds of love
|-start|p2a: hounds of love|Substitute
|-damage|p2a: hounds of love|76/100
|
|-heal|p2a: hounds of love|82/100|[from] item: Leftovers
|upkeep
|turn|16
|
|t:|1656644569
|move|p1a: Sandaconda|Earthquake|p2a: hounds of love
|-end|p2a: hounds of love|Substitute
|move|p2a: hounds of love|Knock Off|p1a: Sandaconda
|-damage|p1a: Sandaconda|64/100
|-enditem|p1a: Sandaconda|Leftovers|[from] move: Knock Off|[of] p2a: hounds of love
|
|-heal|p2a: hounds of love|88/100|[from] item: Leftovers
|upkeep
|turn|17
|inactive|jane remover has 270 seconds left.
|
|t:|1656644601
|move|p1a: Sandaconda|Coil|p1a: Sandaconda
|-boost|p1a: Sandaconda|atk|1
|-boost|p1a: Sandaconda|def|1
|-boost|p1a: Sandaconda|accuracy|1
|move|p2a: hounds of love|Knock Off|p1a: Sandaconda
|-damage|p1a: Sandaconda|48/100
|
|-heal|p2a: hounds of love|94/100|[from] item: Leftovers
|upkeep
|turn|18
|
|t:|1656644607
|move|p1a: Sandaconda|Stone Edge|p2a: hounds of love
|-resisted|p2a: hounds of love
|-damage|p2a: hounds of love|75/100
|move|p2a: hounds of love|Close Combat|p1a: Sandaconda
|-damage|p1a: Sandaconda|18/100
|-unboost|p2a: hounds of love|def|1
|-unboost|p2a: hounds of love|spd|1
|
|-heal|p2a: hounds of love|81/100|[from] item: Leftovers
|upkeep
|turn|19
|
|t:|1656644611
|switch|p2a: a deal with god|Silvally-Water|19/100
|-damage|p2a: a deal with god|7/100|[from] Stealth Rock
|move|p1a: Sandaconda|Rest|p1a: Sandaconda
|-status|p1a: Sandaconda|slp|[from] move: Rest
|-heal|p1a: Sandaconda|100/100 slp|[silent]
|
|upkeep
|turn|20
|
|t:|1656644618
|switch|p1a: Wishiwashi|Wishiwashi, M|64/100
|-formechange|p1a: Wishiwashi|Wishiwashi-School||[from] ability: Schooling
|move|p2a: a deal with god|Defog|p1a: Wishiwashi
|-unboost|p1a: Wishiwashi|evasion|1
|-sideend|p2: jane remover|Stealth Rock|[from] move: Defog|[of] p2a: a deal with god
|
|-heal|p1a: Wishiwashi|71/100|[from] item: Leftovers
|upkeep
|turn|21
|
|t:|1656644622
|switch|p2a: waking the witch|Articuno-Galar|100/100
|move|p1a: Wishiwashi|U-turn|p2a: waking the witch
|-damage|p2a: waking the witch|75/100
|
|t:|1656644628
|switch|p1a: Aggron|Aggron, M|88/100|[from]move: U-turn
|
|-heal|p1a: Aggron|94/100|[from] item: Leftovers
|upkeep
|turn|22
|
|t:|1656644635
|switch|p2a: hello earth|Regirock|43/100
|move|p1a: Aggron|Stealth Rock|p2a: hello earth
|-sidestart|p2: jane remover|move: Stealth Rock
|
|-heal|p1a: Aggron|99/100|[from] item: Leftovers
|-heal|p2a: hello earth|49/100|[from] item: Leftovers
|upkeep
|turn|23
|
|t:|1656644645
|switch|p1a: ice cream chillin|Vanilluxe, M, shiny|100/100
|-weather|Hail|[from] ability: Snow Warning|[of] p1a: ice cream chillin
|move|p2a: hello earth|Stealth Rock|p1a: ice cream chillin
|-sidestart|p1: 70to90gxe|move: Stealth Rock
|
|-weather|Hail|[upkeep]
|-damage|p2a: hello earth|43/100|[from] Hail
|-heal|p2a: hello earth|49/100|[from] item: Leftovers
|upkeep
|turn|24
|
|t:|1656644648
|switch|p2a: jig of life|Togedemaru, M|100/100
|-damage|p2a: jig of life|95/100|[from] Stealth Rock
|move|p1a: ice cream chillin|Blizzard|p2a: jig of life
|-resisted|p2a: jig of life
|-damage|p2a: jig of life|56/100
|
|-weather|Hail|[upkeep]
|-damage|p2a: jig of life|50/100|[from] Hail
|upkeep
|turn|25
|
|t:|1656644654
|move|p1a: ice cream chillin|Blizzard|p2a: jig of life
|-resisted|p2a: jig of life
|-damage|p2a: jig of life|13/100
|move|p2a: jig of life|U-turn|p1a: ice cream chillin
|-damage|p1a: ice cream chillin|76/100
|
|t:|1656644663
|switch|p2a: waking the witch|Articuno-Galar|75/100|[from]move: U-turn
|
|-weather|Hail|[upkeep]
|-damage|p2a: waking the witch|69/100|[from] Hail
|upkeep
|turn|26
|
|t:|1656644667
|switch|p1a: Aggron|Aggron, M|99/100
|-damage|p1a: Aggron|94/100|[from] Stealth Rock
|move|p2a: waking the witch|Hurricane|p1a: Aggron|[miss]
|-miss|p2a: waking the witch|p1a: Aggron
|
|-weather|Hail|[upkeep]
|-damage|p2a: waking the witch|62/100|[from] Hail
|-damage|p1a: Aggron|88/100|[from] Hail
|-heal|p1a: Aggron|94/100|[from] item: Leftovers
|upkeep
|turn|27
|
|t:|1656644673
|move|p2a: waking the witch|Future Sight|p1a: Aggron
|-start|p2a: waking the witch|move: Future Sight
|move|p1a: Aggron|Body Press|p2a: waking the witch
|-resisted|p2a: waking the witch
|-damage|p2a: waking the witch|54/100
|
|-weather|none
|-heal|p1a: Aggron|99/100|[from] item: Leftovers
|upkeep
|turn|28
|
|t:|1656644678
|move|p2a: waking the witch|U-turn|p1a: Aggron
|-resisted|p1a: Aggron
|-crit|p1a: Aggron
|-damage|p1a: Aggron|95/100
|
|t:|1656644679
|switch|p2a: hounds of love|Scrafty, M|81/100|[from]move: U-turn
|-damage|p2a: hounds of love|75/100|[from] Stealth Rock
|-ability|p2a: hounds of love|Intimidate|boost
|-unboost|p1a: Aggron|atk|1
|move|p1a: Aggron|Body Press|p2a: hounds of love
|-supereffective|p2a: hounds of love
|-damage|p2a: hounds of love|14/100
|
|-heal|p2a: hounds of love|20/100|[from] item: Leftovers
|-heal|p1a: Aggron|100/100|[from] item: Leftovers
|upkeep
|turn|29
|
|t:|1656644688
|switch|p1a: Whimsicott|Whimsicott, F|88/100
|-damage|p1a: Whimsicott|76/100|[from] Stealth Rock
|move|p2a: hounds of love|Knock Off|p1a: Whimsicott
|-resisted|p1a: Whimsicott
|-damage|p1a: Whimsicott|56/100
|-damage|p2a: hounds of love|4/100|[from] item: Rocky Helmet|[of] p1a: Whimsicott
|-enditem|p1a: Whimsicott|Rocky Helmet|[from] move: Knock Off|[of] p2a: hounds of love
|
|-end|p1a: Whimsicott|move: Future Sight
|-damage|p1a: Whimsicott|0 fnt
|faint|p1a: Whimsicott
|-heal|p2a: hounds of love|10/100|[from] item: Leftovers
|upkeep
|
|t:|1656644695
|switch|p1a: Gallade|Gallade, M|100/100
|-damage|p1a: Gallade|94/100|[from] Stealth Rock
|turn|30
|
|t:|1656644722
|switch|p2a: a deal with god|Silvally-Water|7/100
|-damage|p2a: a deal with god|0 fnt|[from] Stealth Rock
|faint|p2a: a deal with god
|move|p1a: Gallade|Rock Slide|p2: a deal with god|[notarget]
|-fail|p1a: Gallade
|
|upkeep
|
|t:|1656644732
|switch|p2a: hello earth|Regirock|49/100
|-damage|p2a: hello earth|37/100|[from] Stealth Rock
|turn|31
|
|t:|1656644737
|switch|p1a: Wishiwashi|Wishiwashi, M|71/100
|-damage|p1a: Wishiwashi|58/100|[from] Stealth Rock
|-formechange|p1a: Wishiwashi|Wishiwashi-School||[from] ability: Schooling
|move|p2a: hello earth|Body Press|p1a: Wishiwashi
|-damage|p1a: Wishiwashi|28/100
|
|-heal|p2a: hello earth|43/100|[from] item: Leftovers
|-heal|p1a: Wishiwashi|35/100|[from] item: Leftovers
|upkeep
|turn|32
|inactive|jane remover has 270 seconds left.
|
|t:|1656644780
|switch|p2a: hounds of love|Scrafty, M|10/100
|-damage|p2a: hounds of love|4/100|[from] Stealth Rock
|-ability|p2a: hounds of love|Intimidate|boost
|-unboost|p1a: Wishiwashi|atk|1
|move|p1a: Wishiwashi|Rest|p1a: Wishiwashi
|-status|p1a: Wishiwashi|slp|[from] move: Rest
|-heal|p1a: Wishiwashi|100/100 slp|[silent]
|
|-heal|p2a: hounds of love|10/100|[from] item: Leftovers
|upkeep
|turn|33
|
|t:|1656644787
|move|p2a: hounds of love|Knock Off|p1a: Wishiwashi
|-damage|p1a: Wishiwashi|66/100 slp
|-enditem|p1a: Wishiwashi|Leftovers|[from] move: Knock Off|[of] p2a: hounds of love
|cant|p1a: Wishiwashi|slp
|move|p1a: Wishiwashi|Sleep Talk|p1a: Wishiwashi
|move|p1a: Wishiwashi|Rest||[from]move: Sleep Talk|[still]
|-fail|p1a: Wishiwashi
|
|-heal|p2a: hounds of love|16/100|[from] item: Leftovers
|upkeep
|turn|34
|
|t:|1656644795
|move|p2a: hounds of love|Close Combat|p1a: Wishiwashi
|-damage|p1a: Wishiwashi|26/100 slp
|-unboost|p2a: hounds of love|def|1
|-unboost|p2a: hounds of love|spd|1
|cant|p1a: Wishiwashi|slp
|move|p1a: Wishiwashi|Sleep Talk|p1a: Wishiwashi
|move|p1a: Wishiwashi|U-turn|p2a: hounds of love|[from]move: Sleep Talk
|-damage|p2a: hounds of love|0 fnt
|faint|p2a: hounds of love
|
|t:|1656644799
|switch|p1a: Gallade|Gallade, M|94/100|[from]move: U-turn
|-damage|p1a: Gallade|88/100|[from] Stealth Rock
|
|upkeep
|inactive|jane remover has 270 seconds left.
|
|t:|1656644813
|switch|p2a: waking the witch|Articuno-Galar|54/100
|turn|35
|inactive|jane remover has 270 seconds left.
|
|t:|1656644820
|switch|p2a: hello earth|Regirock|43/100
|-damage|p2a: hello earth|31/100|[from] Stealth Rock
|move|p1a: Gallade|Knock Off|p2a: hello earth
|-damage|p2a: hello earth|16/100
|-enditem|p2a: hello earth|Leftovers|[from] move: Knock Off|[of] p1a: Gallade
|
|upkeep
|turn|36
|inactive|jane remover has 270 seconds left.
|
|t:|1656644831
|move|p1a: Gallade|Knock Off|p2a: hello earth
|-damage|p2a: hello earth|5/100
|move|p2a: hello earth|Rest|p2a: hello earth
|-status|p2a: hello earth|slp|[from] move: Rest
|-heal|p2a: hello earth|100/100 slp|[silent]
|
|upkeep
|turn|37
|
|t:|1656644839
|switch|p1a: Sandaconda|Sandaconda, M|100/100 slp
|-damage|p1a: Sandaconda|94/100 slp|[from] Stealth Rock
|switch|p2a: waking the witch|Articuno-Galar|54/100
|
|-activate|p1a: Sandaconda|ability: Shed Skin
|-curestatus|p1a: Sandaconda|slp|[msg]
|upkeep
|turn|38
|
|t:|1656644846
|move|p2a: waking the witch|U-turn|p1a: Sandaconda
|-damage|p1a: Sandaconda|83/100
|
|t:|1656644851
|switch|p2a: jig of life|Togedemaru, M|13/100|[from]move: U-turn
|-damage|p2a: jig of life|7/100|[from] Stealth Rock
|move|p1a: Sandaconda|Stone Edge|p2a: jig of life
|-resisted|p2a: jig of life
|-damage|p2a: jig of life|0 fnt
|faint|p2a: jig of life
|
|upkeep
|
|t:|1656644854
|switch|p2a: waking the witch|Articuno-Galar|54/100
|turn|39
|
|t:|1656644858
|switch|p1a: Aggron|Aggron, M|100/100
|-damage|p1a: Aggron|94/100|[from] Stealth Rock
|move|p2a: waking the witch|Hurricane|p1a: Aggron
|-resisted|p1a: Aggron
|-damage|p1a: Aggron|80/100
|-start|p1a: Aggron|confusion
|
|-heal|p1a: Aggron|86/100|[from] item: Leftovers
|upkeep
|turn|40
|
|t:|1656644863
|move|p2a: waking the witch|Future Sight|p1a: Aggron
|-start|p2a: waking the witch|move: Future Sight
|-activate|p1a: Aggron|confusion
|move|p1a: Aggron|Head Smash|p2a: waking the witch
|-supereffective|p2a: waking the witch
|-damage|p2a: waking the witch|0 fnt
|faint|p2a: waking the witch
|
|-heal|p1a: Aggron|92/100|[from] item: Leftovers
|upkeep
|
|t:|1656644868
|switch|p2a: hello earth|Regirock|100/100 slp
|-damage|p2a: hello earth|88/100 slp|[from] Stealth Rock
|turn|41
|
|t:|1656644882
|switch|p1a: Wishiwashi|Wishiwashi, M|26/100 slp
|-damage|p1a: Wishiwashi|13/100 slp|[from] Stealth Rock
|cant|p2a: hello earth|slp
|
|upkeep
|turn|42
|
|t:|1656644891
|cant|p2a: hello earth|slp
|-curestatus|p1a: Wishiwashi|slp|[msg]
|move|p1a: Wishiwashi|Rest|p1a: Wishiwashi
|-status|p1a: Wishiwashi|slp|[from] move: Rest
|-heal|p1a: Wishiwashi|100/100 slp|[silent]
|
|-end|p1a: Wishiwashi|move: Future Sight
|-damage|p1a: Wishiwashi|0 fnt
|faint|p1a: Wishiwashi
|upkeep
|
|t:|1656644895
|switch|p1a: ice cream chillin|Vanilluxe, M, shiny|76/100
|-damage|p1a: ice cream chillin|52/100|[from] Stealth Rock
|-weather|Hail|[from] ability: Snow Warning|[of] p1a: ice cream chillin
|turn|43
|
|t:|1656644897
|move|p1a: ice cream chillin|Blizzard|p2a: hello earth
|-damage|p2a: hello earth|13/100 slp
|-curestatus|p2a: hello earth|slp|[msg]
|move|p2a: hello earth|Body Press|p1a: ice cream chillin
|-supereffective|p1a: ice cream chillin
|-damage|p1a: ice cream chillin|0 fnt
|faint|p1a: ice cream chillin
|
|-weather|Hail|[upkeep]
|-damage|p2a: hello earth|7/100|[from] Hail
|upkeep
|
|t:|1656644904
|switch|p1a: Sandaconda|Sandaconda, M|83/100
|-damage|p1a: Sandaconda|77/100|[from] Stealth Rock
|turn|44
|
|t:|1656644906
|move|p1a: Sandaconda|Earthquake|p2a: hello earth
|-supereffective|p2a: hello earth
|-damage|p2a: hello earth|0 fnt
|faint|p2a: hello earth
|
|-weather|Hail|[upkeep]
|-damage|p1a: Sandaconda|71/100|[from] Hail
|upkeep
|
|t:|1656644907
|switch|p2a: cloudbusting|Ribombee, M|100/100
|turn|45
|
|t:|1656644910
|move|p2a: cloudbusting|Quiver Dance|p2a: cloudbusting
|-boost|p2a: cloudbusting|spa|1
|-boost|p2a: cloudbusting|spd|1
|-boost|p2a: cloudbusting|spe|1
|move|p1a: Sandaconda|Stone Edge|p2a: cloudbusting|[miss]
|-miss|p1a: Sandaconda|p2a: cloudbusting
|
|-weather|Hail|[upkeep]
|-damage|p2a: cloudbusting|94/100|[from] Hail
|-damage|p1a: Sandaconda|65/100|[from] Hail
|upkeep
|turn|46
|
|t:|1656644917
|move|p2a: cloudbusting|Moonblast|p1a: Sandaconda
|-damage|p1a: Sandaconda|3/100
|move|p1a: Sandaconda|Stone Edge|p2a: cloudbusting
|-supereffective|p2a: cloudbusting
|-damage|p2a: cloudbusting|0 fnt
|faint|p2a: cloudbusting
|
|win|70to90gxe
|c|☆70to90gxe|gg
|c|☆jane remover|nooo
|c|☆jane remover|gg
