|inactive|Battle timer is ON: inactive players will automatically lose when time's up.
|t:|1662838856
|gametype|singles
|player|p1|Lambovino|#scl2spartans|
|player|p2|sensei axew|#scl2terrors|
|teamsize|p1|6
|teamsize|p2|6
|gen|8
|tier|[Gen 8] PU
|rule|Sleep Clause Mod: Limit one foe put to sleep
|rule|Species Clause: Limit one of each Pokémon
|rule|OHKO Clause: OHKO moves are banned
|rule|Evasion Items Clause: Evasion items are banned
|rule|Evasion Moves Clause: Evasion moves are banned
|rule|Endless Battle Clause: Forcing endless battles is banned
|rule|HP Percentage Mod: HP is shown in percentages
|rule|Dynamax Clause: You cannot dynamax
|clearpoke
|poke|p1|Ribombee, M|
|poke|p1|Cofagrigus, F|
|poke|p1|Ferroseed, F|
|poke|p1|Quagsire, M|
|poke|p1|Charizard, F|
|poke|p1|Archeops, F|
|poke|p2|Charizard, M|
|poke|p2|Clefairy, M|
|poke|p2|Jellicent, F|
|poke|p2|Tangela, M|
|poke|p2|Togedemaru, M|
|poke|p2|Marowak, F|
|teampreview
|inactive|sensei axew also wants the timer to be on.
|c|+MANNAT|OML
|c|+Beraldinhoo|lgi sensei
|c|☆sensei axew|hf
|c|☆Lambovino|hf
|c|+z0mog|finally a real tier
|c|+Inder|LAMBO
|c|+Astreau|LAMBOOOOOO
|raw|<div class="broadcast-red"><strong>Moderated chat was set to ☆!</strong><br />Only users of rank ☆ and higher can talk.</div>
|inactive|Lambovino has 270 seconds left.
|inactive|sensei axew has 270 seconds left.
|inactive|Lambovino has 240 seconds left.
|inactive|sensei axew has 240 seconds left.
|inactive|Lambovino has 210 seconds left.
|inactive|sensei axew has 210 seconds left.
|
|t:|1662838968
|start
|switch|p1a: Ferroseed|Ferroseed, F|100/100
|switch|p2a: addiction|Jellicent, F, shiny|100/100
|turn|1
|inactive|Lambovino has 240 seconds left.
|
|t:|1662838992
|switch|p2a: streets|Charizard, M|100/100
|move|p1a: Ferroseed|Toxic|p2a: streets
|-status|p2a: streets|tox
|
|-damage|p2a: streets|94/100 tox|[from] psn
|upkeep
|turn|2
|inactive|Lambovino has 240 seconds left.
|
|t:|1662839011
|switch|p2a: addiction|Jellicent, F, shiny|100/100
|switch|p1a: Archeops|Archeops, F|100/100
|
|upkeep
|turn|3
|inactive|Lambovino has 240 seconds left.
|inactive|sensei axew has 240 seconds left.
|inactive|Lambovino has 210 seconds left.
|
|t:|1662839063
|switch|p1a: Ferroseed|Ferroseed, F|100/100
|move|p2a: addiction|Shadow Ball|p1a: Ferroseed
|-damage|p1a: Ferroseed|70/100
|
|upkeep
|turn|4
|inactive|sensei axew has 210 seconds left.
|inactive|Lambovino has 180 seconds left.
|inactive|sensei axew has 180 seconds left.
|
|t:|1662839117
|move|p2a: addiction|Shadow Ball|p1a: Ferroseed
|-damage|p1a: Ferroseed|40/100
|move|p1a: Ferroseed|Knock Off|p2a: addiction
|-supereffective|p2a: addiction
|-damage|p2a: addiction|66/100
|-enditem|p2a: addiction|Choice Specs|[from] move: Knock Off|[of] p1a: Ferroseed
|
|upkeep
|turn|5
|inactive|Lambovino has 180 seconds left.
|inactive|sensei axew has 180 seconds left.
|
|t:|1662839143
|move|p2a: addiction|Shadow Ball|p1a: Ferroseed
|-damage|p1a: Ferroseed|19/100
|move|p1a: Ferroseed|Rest|p1a: Ferroseed
|-status|p1a: Ferroseed|slp|[from] move: Rest
|-heal|p1a: Ferroseed|100/100 slp|[silent]
|
|upkeep
|turn|6
|inactive|Lambovino has 180 seconds left.
|inactive|sensei axew has 150 seconds left.
|inactive|Lambovino has 150 seconds left.
|
|t:|1662839205
|move|p2a: addiction|Shadow Ball|p1a: Ferroseed
|-damage|p1a: Ferroseed|79/100 slp
|-unboost|p1a: Ferroseed|spd|1
|cant|p1a: Ferroseed|slp
|
|upkeep
|turn|7
|inactive|sensei axew has 150 seconds left.
|inactive|Lambovino has 120 seconds left.
|
|t:|1662839252
|move|p2a: addiction|Shadow Ball|p1a: Ferroseed
|-damage|p1a: Ferroseed|45/100 slp
|cant|p1a: Ferroseed|slp
|
|upkeep
|turn|8
|
|t:|1662839266
|move|p2a: addiction|Shadow Ball|p1a: Ferroseed
|-damage|p1a: Ferroseed|12/100 slp
|-curestatus|p1a: Ferroseed|slp|[msg]
|move|p1a: Ferroseed|Rest|p1a: Ferroseed
|-status|p1a: Ferroseed|slp|[from] move: Rest
|-heal|p1a: Ferroseed|100/100 slp|[silent]
|
|upkeep
|turn|9
|inactive|Lambovino has 90 seconds left.
|inactive|sensei axew has 150 seconds left.
|inactive|Lambovino has 60 seconds left.
|
|t:|1662839318
|switch|p1a: Ribombee|Ribombee, M|100/100
|move|p2a: addiction|Shadow Ball|p1a: Ribombee
|-crit|p1a: Ribombee
|-damage|p1a: Ribombee|19/100
|
|upkeep
|turn|10
|inactive|Lambovino has 60 seconds left.
|inactive|sensei axew has 120 seconds left.
|
|t:|1662839338
|move|p1a: Ribombee|Moonblast|p2a: addiction
|-damage|p2a: addiction|28/100
|move|p2a: addiction|Water Spout|p1a: Ribombee
|-damage|p1a: Ribombee|0 fnt
|faint|p1a: Ribombee
|
|upkeep
|inactive|Lambovino has 60 seconds left.
|
|t:|1662839346
|switch|p1a: Archeops|Archeops, F|100/100
|turn|11
|inactive|sensei axew has 120 seconds left.
|
|t:|1662839362
|switch|p2a: juicy|Tangela, M|100/100
|move|p1a: Archeops|Dual Wingbeat|p2a: juicy
|-supereffective|p2a: juicy
|-damage|p2a: juicy|80/100
|-supereffective|p2a: juicy
|-damage|p2a: juicy|59/100
|-hitcount|p2a: juicy|2
|
|upkeep
|turn|12
|
|t:|1662839380
|move|p1a: Archeops|Dual Wingbeat|p2a: juicy
|-supereffective|p2a: juicy
|-damage|p2a: juicy|39/100
|-supereffective|p2a: juicy
|-crit|p2a: juicy
|-damage|p2a: juicy|8/100
|-hitcount|p2a: juicy|2
|move|p2a: juicy|Leech Seed|p1a: Archeops|[miss]
|-miss|p2a: juicy|p1a: Archeops
|
|upkeep
|turn|13
|inactive|sensei axew has 120 seconds left.
|inactive|sensei axew has 90 seconds left.
|
|t:|1662839448
|switch|p2a: streets|Charizard, M|94/100 tox
|move|p1a: Archeops|Stealth Rock|p2a: streets
|-sidestart|p2: sensei axew|move: Stealth Rock
|
|-damage|p2a: streets|88/100 tox|[from] psn
|upkeep
|turn|14
|inactive|sensei axew has 60 seconds left.
|
|t:|1662839480
|switch|p2a: better than me|Marowak, F|100/100
|-damage|p2a: better than me|94/100|[from] Stealth Rock
|move|p1a: Archeops|Aqua Tail|p2a: better than me
|-supereffective|p2a: better than me
|-damage|p2a: better than me|8/100
|
|upkeep
|turn|15
|inactive|sensei axew has 30 seconds left.
|
|t:|1662839514
|switch|p2a: addiction|Jellicent, F, shiny|28/100
|-damage|p2a: addiction|15/100|[from] Stealth Rock
|move|p1a: Archeops|Dual Wingbeat|p2a: addiction
|-damage|p2a: addiction|0 fnt
|faint|p2a: addiction
|-hitcount|p2: addiction|1
|
|upkeep
|inactive|sensei axew has 30 seconds left.
|
|t:|1662839519
|switch|p2a: say so|Togedemaru, M|100/100
|-damage|p2a: say so|95/100|[from] Stealth Rock
|turn|16
|inactive|Lambovino has 90 seconds left.
|
|t:|1662839548
|switch|p1a: Cofagrigus|Cofagrigus, F|100/100
|move|p2a: say so|U-turn|p1a: Cofagrigus
|-resisted|p1a: Cofagrigus
|-damage|p1a: Cofagrigus|94/100
|-activate|p1a: Cofagrigus|ability: Mummy|Lightning Rod|[of] p2a: say so
|
|t:|1662839557
|switch|p2a: shine|Clefairy, M|100/100|[from]move: U-turn
|
|upkeep
|turn|17
|
|t:|1662839576
|move|p1a: Cofagrigus|Iron Defense|p1a: Cofagrigus
|-boost|p1a: Cofagrigus|def|2
|move|p2a: shine|Wish|p2a: shine
|
|upkeep
|turn|18
|inactive|Lambovino has 60 seconds left.
|
|t:|1662839610
|move|p1a: Cofagrigus|Hex|p2a: shine
|-damage|p2a: shine|85/100
|move|p2a: shine|Toxic|p1a: Cofagrigus
|-status|p1a: Cofagrigus|tox
|
|-heal|p2a: shine|100/100|[from] move: Wish|[wisher] shine
|-damage|p1a: Cofagrigus|88/100 tox|[from] psn
|upkeep
|turn|19
|inactive|sensei axew has 60 seconds left.
|
|t:|1662839631
|switch|p2a: streets|Charizard, M|88/100 tox
|move|p1a: Cofagrigus|Iron Defense|p1a: Cofagrigus
|-boost|p1a: Cofagrigus|def|2
|
|-damage|p2a: streets|82/100 tox|[from] psn
|-damage|p1a: Cofagrigus|76/100 tox|[from] psn
|upkeep
|turn|20
|inactive|Lambovino has 60 seconds left.
|inactive|sensei axew has 30 seconds left.
|
|t:|1662839660
|move|p2a: streets|Flamethrower|p1a: Cofagrigus
|-damage|p1a: Cofagrigus|42/100 tox
|move|p1a: Cofagrigus|Rest|p1a: Cofagrigus
|-status|p1a: Cofagrigus|slp|[from] move: Rest
|-heal|p1a: Cofagrigus|100/100 slp|[silent]
|-enditem|p1a: Cofagrigus|Chesto Berry|[eat]
|-curestatus|p1a: Cofagrigus|slp|[msg]
|
|-damage|p2a: streets|70/100 tox|[from] psn
|upkeep
|turn|21
|inactive|Lambovino has 60 seconds left.
|inactive|sensei axew has 30 seconds left.
|inactive|sensei axew has 20 seconds left.
|inactive|sensei axew has 15 seconds left.
|
|t:|1662839688
|switch|p2a: shine|Clefairy, M|100/100
|move|p1a: Cofagrigus|Body Press|p2a: shine
|-resisted|p2a: shine
|-damage|p2a: shine|55/100
|
|upkeep
|turn|22
|inactive|sensei axew has 25 seconds left this turn.
|inactive|Lambovino has 60 seconds left.
|inactive|sensei axew has 20 seconds left.
|inactive|sensei axew has 15 seconds left.
|
|t:|1662839699
|move|p1a: Cofagrigus|Body Press|p2a: shine
|-resisted|p2a: shine
|-damage|p2a: shine|11/100
|move|p2a: shine|Toxic|p1a: Cofagrigus
|-status|p1a: Cofagrigus|tox
|
|-damage|p1a: Cofagrigus|95/100 tox|[from] psn
|upkeep
|turn|23
|inactive|sensei axew has 25 seconds left this turn.
|inactive|sensei axew has 20 seconds left.
|
|t:|1662839708
|switch|p2a: streets|Charizard, M|70/100 tox
|move|p1a: Cofagrigus|Body Press|p2a: streets
|-resisted|p2a: streets
|-damage|p2a: streets|17/100 tox
|
|-damage|p2a: streets|11/100 tox|[from] psn
|-damage|p1a: Cofagrigus|83/100 tox|[from] psn
|upkeep
|turn|24
|inactive|sensei axew has 30 seconds left this turn.
|
|t:|1662839718
|switch|p1a: Archeops|Archeops, F|100/100
|move|p2a: streets|Flamethrower|p1a: Archeops
|-resisted|p1a: Archeops
|-damage|p1a: Archeops|54/100
|
|-damage|p2a: streets|0 fnt|[from] psn
|faint|p2a: streets
|upkeep
|inactive|sensei axew has 30 seconds left this turn.
|
|t:|1662839725
|switch|p2a: say so|Togedemaru, M|95/100
|-damage|p2a: say so|89/100|[from] Stealth Rock
|turn|25
|inactive|Lambovino has 60 seconds left.
|
|t:|1662839759
|switch|p1a: Quagsire|Quagsire, M|100/100
|move|p2a: say so|U-turn|p1a: Quagsire
|-damage|p1a: Quagsire|85/100
|
|t:|1662839763
|switch|p2a: juicy|Tangela, M|42/100|[from]move: U-turn
|-damage|p2a: juicy|29/100|[from] Stealth Rock
|
|upkeep
|turn|26
|
|t:|1662839768
|switch|p2a: say so|Togedemaru, M|89/100
|-damage|p2a: say so|83/100|[from] Stealth Rock
|switch|p1a: Charizard|Charizard, F|100/100
|
|upkeep
|turn|27
|
|t:|1662839779
|switch|p1a: Quagsire|Quagsire, M|85/100
|move|p2a: say so|U-turn|p1a: Quagsire
|-damage|p1a: Quagsire|69/100
|
|t:|1662839790
|switch|p2a: juicy|Tangela, M|62/100|[from]move: U-turn
|-damage|p2a: juicy|50/100|[from] Stealth Rock
|
|upkeep
|turn|28
|
|t:|1662839799
|switch|p2a: say so|Togedemaru, M|83/100
|-damage|p2a: say so|77/100|[from] Stealth Rock
|switch|p1a: Charizard|Charizard, F|100/100
|
|upkeep
|turn|29
|inactive|Lambovino has 90 seconds left.
|
|t:|1662839826
|switch|p1a: Quagsire|Quagsire, M|69/100
|move|p2a: say so|Zing Zap|p1a: Quagsire
|-immune|p1a: Quagsire
|
|upkeep
|turn|30
|inactive|Lambovino has 90 seconds left.
|
|t:|1662839835
|switch|p2a: juicy|Tangela, M|83/100
|-damage|p2a: juicy|71/100|[from] Stealth Rock
|move|p1a: Quagsire|Toxic|p2a: juicy
|-status|p2a: juicy|tox
|
|-damage|p2a: juicy|65/100 tox|[from] psn
|upkeep
|turn|31
|inactive|Lambovino has 90 seconds left.
|
|t:|1662839855
|switch|p2a: say so|Togedemaru, M|77/100
|-damage|p2a: say so|71/100|[from] Stealth Rock
|switch|p1a: Charizard|Charizard, F|100/100
|
|upkeep
|turn|32
|inactive|sensei axew has 60 seconds left.
|
|t:|1662839860
|switch|p1a: Quagsire|Quagsire, M|69/100
|move|p2a: say so|U-turn|p1a: Quagsire
|-damage|p1a: Quagsire|53/100
|inactive|sensei axew has 60 seconds left.
|inactive|sensei axew has 30 seconds left.
|inactive|sensei axew has 20 seconds left.
|inactive|sensei axew has 15 seconds left.
|inactive|sensei axew has 10 seconds left.
|
|t:|1662839917
|switch|p2a: shine|Clefairy, M|11/100|[from]move: U-turn
|
|upkeep
|turn|33
|inactive|sensei axew has 20 seconds left this turn.
|
|t:|1662839920
|move|p1a: Quagsire|Earthquake|p2a: shine
|-damage|p2a: shine|0 fnt
|faint|p2a: shine
|
|upkeep
|inactive|sensei axew has 25 seconds left this turn.
|inactive|sensei axew has 20 seconds left.
|
|t:|1662839925
|switch|p2a: juicy|Tangela, M|98/100 tox
|-damage|p2a: juicy|86/100 tox|[from] Stealth Rock
|turn|34
|inactive|sensei axew has 30 seconds left this turn.
|inactive|Lambovino has 120 seconds left.
|
|t:|1662839933
|switch|p2a: say so|Togedemaru, M|71/100
|-damage|p2a: say so|65/100|[from] Stealth Rock
|switch|p1a: Ferroseed|Ferroseed, F|100/100 slp
|
|upkeep
|turn|35
|inactive|sensei axew has 30 seconds left.
|inactive|Lambovino has 120 seconds left.
|inactive|sensei axew has 20 seconds left.
|inactive|sensei axew has 15 seconds left.
|inactive|sensei axew has 10 seconds left.
|
|t:|1662839960
|move|p2a: say so|U-turn|p1a: Ferroseed
|-damage|p1a: Ferroseed|82/100 slp
|-damage|p2a: say so|53/100|[from] ability: Iron Barbs|[of] p1a: Ferroseed
|inactive|sensei axew has 15 seconds left this turn.
|
|t:|1662839963
|switch|p2a: juicy|Tangela, M|100/100 tox|[from]move: U-turn
|-damage|p2a: juicy|88/100 tox|[from] Stealth Rock
|cant|p1a: Ferroseed|slp
|
|-damage|p2a: juicy|82/100 tox|[from] psn
|upkeep
|turn|36
|inactive|sensei axew has 25 seconds left this turn.
|inactive|sensei axew has 20 seconds left.
|
|t:|1662839968
|switch|p2a: say so|Togedemaru, M|53/100
|-damage|p2a: say so|47/100|[from] Stealth Rock
|switch|p1a: Charizard|Charizard, F|100/100
|
|upkeep
|turn|37
|inactive|sensei axew has 30 seconds left this turn.
|inactive|sensei axew has 20 seconds left.
|
|t:|1662839979
|switch|p1a: Ferroseed|Ferroseed, F|82/100 slp
|move|p2a: say so|U-turn|p1a: Ferroseed
|-damage|p1a: Ferroseed|63/100 slp
|-damage|p2a: say so|35/100|[from] ability: Iron Barbs|[of] p1a: Ferroseed
|inactive|sensei axew has 25 seconds left this turn.
|
|t:|1662839980
|switch|p2a: better than me|Marowak, F|8/100|[from]move: U-turn
|-damage|p2a: better than me|2/100|[from] Stealth Rock
|
|upkeep
|turn|38
|inactive|sensei axew has 30 seconds left.
|
|t:|1662839989
|switch|p1a: Archeops|Archeops, F|54/100
|move|p2a: better than me|Rock Slide|p1a: Archeops
|-supereffective|p1a: Archeops
|-damage|p1a: Archeops|0 fnt
|faint|p1a: Archeops
|
|upkeep
|
|t:|1662839993
|switch|p1a: Charizard|Charizard, F|100/100
|turn|39
|
|t:|1662839995
|move|p1a: Charizard|Flamethrower|p2a: better than me
|-damage|p2a: better than me|0 fnt
|faint|p2a: better than me
|
|upkeep
|
|t:|1662839997
|switch|p2a: say so|Togedemaru, M|35/100
|-damage|p2a: say so|29/100|[from] Stealth Rock
|turn|40
|
|t:|1662840001
|switch|p2a: juicy|Tangela, M|100/100 tox
|-damage|p2a: juicy|88/100 tox|[from] Stealth Rock
|switch|p1a: Ferroseed|Ferroseed, F|63/100 slp
|
|-damage|p2a: juicy|82/100 tox|[from] psn
|upkeep
|turn|41
|c|☆sensei axew|gg
|inactive|Lambovino has 180 seconds left.
|-message|sensei axew forfeited.
|
|win|Lambovino
|c|☆Lambovino|gg
