|inactive|Battle timer is ON: inactive players will automatically lose when time's up.
|t:|1659712670
|gametype|singles
|player|p1|pinkdragontamer|#wcop2022ussouth|
|player|p2|ktutverde|blue-gen3|
|teamsize|p1|6
|teamsize|p2|6
|gen|8
|tier|[Gen 8] PU
|rule|Sleep Clause Mod: Limit one foe put to sleep
|rule|Species Clause: Limit one of each Pokémon
|rule|OHKO Clause: OHKO moves are banned
|rule|Evasion Moves Clause: Evasion moves are banned
|rule|Endless Battle Clause: Forcing endless battles is banned
|rule|HP Percentage Mod: HP is shown in percentages
|rule|Dynamax Clause: You cannot dynamax
|clearpoke
|poke|p1|Ribombee, F|
|poke|p1|Sandaconda, F|
|poke|p1|Aggron, F|
|poke|p1|Wishiwashi, F|
|poke|p1|Scyther, F|
|poke|p1|Aurorus, F|
|poke|p2|Gigalith, F|
|poke|p2|Weezing, F|
|poke|p2|Eldegoss, F|
|poke|p2|Scrafty, M|
|poke|p2|Scyther, M|
|poke|p2|Doublade, F|
|teampreview
|c|☆ktutverde|hf!
|c|☆pinkdragontamer|hf
|inactive|pinkdragontamer has 270 seconds left.
|inactive|ktutverde has 270 seconds left.
|c|☆ktutverde|im against icecream ban. Please prove aurorus is the best
|inactive|ktutverde has 240 seconds left.
|inactive|ktutverde has 210 seconds left.
|
|t:|1659712782
|start
|switch|p1a: Wishiwashi|Wishiwashi, F|100/100
|switch|p2a: Covid Boss|Weezing, F|100/100
|-ability|p2a: Covid Boss|Neutralizing Gas
|-formechange|p1a: Wishiwashi|Wishiwashi-School||[from] ability: Schooling
|turn|1
|inactive|ktutverde has 240 seconds left.
|c|+wild drud|GOOOOO PDT
|
|t:|1659712814
|-end|p2a: Covid Boss|ability: Neutralizing Gas
|switch|p2a: Thuglife|Scrafty, M|100/100
|move|p1a: Wishiwashi|Scald|p2a: Thuglife
|-damage|p2a: Thuglife|74/100
|
|-heal|p2a: Thuglife|80/100|[from] item: Leftovers
|upkeep
|turn|2
|
|t:|1659712822
|move|p2a: Thuglife|Knock Off|p1a: Wishiwashi
|-damage|p1a: Wishiwashi|78/100
|-enditem|p1a: Wishiwashi|Leftovers|[from] move: Knock Off|[of] p2a: Thuglife
|move|p1a: Wishiwashi|U-turn|p2a: Thuglife
|-damage|p2a: Thuglife|61/100
|
|t:|1659712826
|switch|p1a: Ribombee|Ribombee, F|100/100|[from]move: U-turn
|
|-heal|p2a: Thuglife|67/100|[from] item: Leftovers
|upkeep
|turn|3
|inactive|ktutverde has 240 seconds left.
|
|t:|1659712852
|switch|p1a: Aggron|Aggron, F|100/100
|switch|p2a: Covid Boss|Weezing, F|100/100
|-ability|p2a: Covid Boss|Neutralizing Gas
|
|upkeep
|turn|4
|c|+wild drud|Covid Boss
|
|t:|1659712865
|move|p2a: Covid Boss|Toxic Spikes|p1a: Aggron
|-sidestart|p1: pinkdragontamer|move: Toxic Spikes
|move|p1a: Aggron|Stealth Rock|p2a: Covid Boss
|-sidestart|p2: ktutverde|move: Stealth Rock
|
|upkeep
|turn|5
|
|t:|1659712890
|-end|p2a: Covid Boss|ability: Neutralizing Gas
|switch|p2a: Thuglife|Scrafty, M|67/100
|-damage|p2a: Thuglife|61/100|[from] Stealth Rock
|switch|p1a: Aurorus|Aurorus, F|100/100
|-weather|Hail|[from] ability: Snow Warning|[of] p1a: Aurorus
|
|-weather|Hail|[upkeep]
|-damage|p2a: Thuglife|55/100|[from] Hail
|-heal|p2a: Thuglife|61/100|[from] item: Leftovers
|upkeep
|turn|6
|inactive|ktutverde has 210 seconds left.
|
|t:|1659712923
|switch|p1a: Wishiwashi|Wishiwashi, F|78/100
|-status|p1a: Wishiwashi|psn
|-formechange|p1a: Wishiwashi|Wishiwashi-School||[from] ability: Schooling
|move|p2a: Thuglife|Drain Punch|p1a: Wishiwashi
|-damage|p1a: Wishiwashi|61/100 psn
|-heal|p2a: Thuglife|68/100|[from] drain|[of] p1a: Wishiwashi
|
|-weather|Hail|[upkeep]
|-damage|p2a: Thuglife|62/100|[from] Hail
|-damage|p1a: Wishiwashi|55/100 psn|[from] Hail
|-heal|p2a: Thuglife|68/100|[from] item: Leftovers
|-damage|p1a: Wishiwashi|43/100 psn|[from] psn
|upkeep
|turn|7
|
|t:|1659712946
|move|p2a: Thuglife|Bulk Up|p2a: Thuglife
|-boost|p2a: Thuglife|atk|1
|-boost|p2a: Thuglife|def|1
|move|p1a: Wishiwashi|U-turn|p2a: Thuglife
|-damage|p2a: Thuglife|55/100
|
|t:|1659712950
|switch|p1a: Ribombee|Ribombee, F|100/100|[from]move: U-turn
|
|-weather|Hail|[upkeep]
|-damage|p1a: Ribombee|94/100|[from] Hail
|-damage|p2a: Thuglife|49/100|[from] Hail
|-heal|p2a: Thuglife|55/100|[from] item: Leftovers
|upkeep
|turn|8
|
|t:|1659712971
|switch|p2a: giga LIT|Gigalith, F|100/100
|-damage|p2a: giga LIT|88/100|[from] Stealth Rock
|-weather|Sandstorm|[from] ability: Sand Stream|[of] p2a: giga LIT
|move|p1a: Ribombee|Moonblast|p2a: giga LIT
|-damage|p2a: giga LIT|68/100
|
|-weather|Sandstorm|[upkeep]
|-damage|p1a: Ribombee|88/100|[from] Sandstorm
|-heal|p2a: giga LIT|74/100|[from] item: Leftovers
|upkeep
|turn|9
|
|t:|1659712983
|switch|p1a: Wishiwashi|Wishiwashi, F|43/100 psn
|-formechange|p1a: Wishiwashi|Wishiwashi-School||[from] ability: Schooling
|move|p2a: giga LIT|Stealth Rock|p1a: Wishiwashi
|-sidestart|p1: pinkdragontamer|move: Stealth Rock
|
|-weather|Sandstorm|[upkeep]
|-damage|p1a: Wishiwashi|37/100 psn|[from] Sandstorm
|-heal|p2a: giga LIT|80/100|[from] item: Leftovers
|-damage|p1a: Wishiwashi|25/100 psn|[from] psn
|-formechange|p1a: Wishiwashi|Wishiwashi||[from] ability: Schooling
|upkeep
|turn|10
|inactive|ktutverde has 180 seconds left.
|
|t:|1659713013
|switch|p2a: Evil Cotton|Eldegoss, F|100/100
|move|p1a: Wishiwashi|Rest|p1a: Wishiwashi
|-status|p1a: Wishiwashi|slp|[from] move: Rest
|-heal|p1a: Wishiwashi|100/100 slp|[silent]
|
|-weather|Sandstorm|[upkeep]
|-damage|p2a: Evil Cotton|94/100|[from] Sandstorm
|-damage|p1a: Wishiwashi|94/100 slp|[from] Sandstorm
|-formechange|p1a: Wishiwashi|Wishiwashi-School||[from] ability: Schooling
|upkeep
|turn|11
|
|t:|1659713024
|move|p2a: Evil Cotton|Rapid Spin|p1a: Wishiwashi
|-damage|p1a: Wishiwashi|90/100 slp
|-boost|p2a: Evil Cotton|spe|1
|-sideend|p2: ktutverde|Stealth Rock|[from] move: Rapid Spin|[of] p2a: Evil Cotton
|cant|p1a: Wishiwashi|slp
|move|p1a: Wishiwashi|Sleep Talk|p1a: Wishiwashi
|move|p1a: Wishiwashi|Scald|p2a: Evil Cotton|[from]move: Sleep Talk
|-resisted|p2a: Evil Cotton
|-damage|p2a: Evil Cotton|79/100
|
|-weather|Sandstorm|[upkeep]
|-damage|p2a: Evil Cotton|72/100|[from] Sandstorm
|-damage|p1a: Wishiwashi|83/100 slp|[from] Sandstorm
|upkeep
|turn|12
|
|t:|1659713043
|switch|p1a: Scyther|Scyther, F|100/100
|move|p2a: Evil Cotton|Leech Seed|p1a: Scyther
|-start|p1a: Scyther|move: Leech Seed
|
|-weather|none
|-damage|p1a: Scyther|88/100|[from] Leech Seed|[of] p2a: Evil Cotton
|-heal|p2a: Evil Cotton|83/100|[silent]
|upkeep
|turn|13
|
|t:|1659713057
|switch|p2a: Covid Boss|Weezing, F|100/100
|-ability|p2a: Covid Boss|Neutralizing Gas
|move|p1a: Scyther|U-turn|p2a: Covid Boss
|-resisted|p2a: Covid Boss
|-damage|p2a: Covid Boss|90/100
|
|t:|1659713063
|switch|p1a: Aurorus|Aurorus, F|100/100|[from]move: U-turn
|
|upkeep
|turn|14
|
|t:|1659713083
|-end|p2a: Covid Boss|ability: Neutralizing Gas
|-weather|Hail|[from] ability: Snow Warning|[of] p1a: Aurorus
|switch|p2a: giga LIT|Gigalith, F|80/100
|-weather|Sandstorm|[from] ability: Sand Stream|[of] p2a: giga LIT
|move|p1a: Aurorus|Earth Power|p2a: giga LIT
|-supereffective|p2a: giga LIT
|-damage|p2a: giga LIT|50/100
|
|-weather|Sandstorm|[upkeep]
|-heal|p2a: giga LIT|56/100|[from] item: Leftovers
|upkeep
|turn|15
|inactive|ktutverde has 150 seconds left.
|
|t:|1659713108
|switch|p1a: Sandaconda|Sandaconda, F|100/100
|-status|p1a: Sandaconda|psn
|-damage|p1a: Sandaconda|94/100 psn|[from] Stealth Rock
|move|p2a: giga LIT|Rest|p2a: giga LIT
|-status|p2a: giga LIT|slp|[from] move: Rest
|-heal|p2a: giga LIT|100/100 slp|[silent]
|
|-weather|Sandstorm|[upkeep]
|-heal|p1a: Sandaconda|100/100 psn|[from] item: Leftovers
|-damage|p1a: Sandaconda|88/100 psn|[from] psn
|upkeep
|turn|16
|inactive|ktutverde has 150 seconds left.
|
|t:|1659713129
|switch|p1a: Aurorus|Aurorus, F|100/100
|-weather|Hail|[from] ability: Snow Warning|[of] p1a: Aurorus
|switch|p2a: Edward|Scyther, M|100/100
|
|-weather|Hail|[upkeep]
|-damage|p2a: Edward|94/100|[from] Hail
|upkeep
|turn|17
|
|t:|1659713147
|switch|p1a: Aggron|Aggron, F|100/100
|-damage|p1a: Aggron|94/100|[from] Stealth Rock
|move|p2a: Edward|Knock Off|p1a: Aggron
|-damage|p1a: Aggron|78/100
|-enditem|p1a: Aggron|Leftovers|[from] move: Knock Off|[of] p2a: Edward
|
|-weather|Hail|[upkeep]
|-damage|p2a: Edward|88/100|[from] Hail
|-damage|p1a: Aggron|72/100|[from] Hail
|upkeep
|turn|18
|
|t:|1659713161
|move|p2a: Edward|U-turn|p1a: Aggron
|-resisted|p1a: Aggron
|-damage|p1a: Aggron|63/100
|
|t:|1659713172
|switch|p2a: Evil Cotton|Eldegoss, F|100/100|[from]move: U-turn
|move|p1a: Aggron|Stealth Rock|p2a: Evil Cotton
|-sidestart|p2: ktutverde|move: Stealth Rock
|
|-weather|Hail|[upkeep]
|-damage|p2a: Evil Cotton|94/100|[from] Hail
|-damage|p1a: Aggron|57/100|[from] Hail
|upkeep
|turn|19
|
|t:|1659713181
|move|p2a: Evil Cotton|Rapid Spin|p1a: Aggron
|-resisted|p1a: Aggron
|-damage|p1a: Aggron|56/100
|-boost|p2a: Evil Cotton|spe|1
|-sideend|p2: ktutverde|Stealth Rock|[from] move: Rapid Spin|[of] p2a: Evil Cotton
|move|p1a: Aggron|Head Smash|p2a: Evil Cotton
|-damage|p2a: Evil Cotton|40/100
|
|-weather|Hail|[upkeep]
|-damage|p2a: Evil Cotton|34/100|[from] Hail
|-damage|p1a: Aggron|50/100|[from] Hail
|upkeep
|turn|20
|
|t:|1659713197
|switch|p2a: TBHonedge|Doublade, F|100/100
|move|p1a: Aggron|Stealth Rock|p2a: TBHonedge
|-sidestart|p2: ktutverde|move: Stealth Rock
|
|-weather|none
|upkeep
|turn|21
|
|t:|1659713216
|switch|p1a: Sandaconda|Sandaconda, F|88/100 psn
|-damage|p1a: Sandaconda|82/100 psn|[from] Stealth Rock
|move|p2a: TBHonedge|Swords Dance|p2a: TBHonedge
|-boost|p2a: TBHonedge|atk|2
|
|-activate|p1a: Sandaconda|ability: Shed Skin
|-curestatus|p1a: Sandaconda|psn|[msg]
|-heal|p1a: Sandaconda|88/100|[from] item: Leftovers
|upkeep
|turn|22
|
|t:|1659713230
|switch|p2a: Evil Cotton|Eldegoss, F|67/100
|move|p1a: Sandaconda|Coil|p1a: Sandaconda
|-boost|p1a: Sandaconda|atk|1
|-boost|p1a: Sandaconda|def|1
|-boost|p1a: Sandaconda|accuracy|1
|
|-heal|p1a: Sandaconda|94/100|[from] item: Leftovers
|upkeep
|turn|23
|
|t:|1659713240
|switch|p1a: Scyther|Scyther, F|88/100
|move|p2a: Evil Cotton|Rapid Spin|p1a: Scyther
|-damage|p1a: Scyther|79/100
|-boost|p2a: Evil Cotton|spe|1
|-sideend|p2: ktutverde|Stealth Rock|[from] move: Rapid Spin|[of] p2a: Evil Cotton
|
|upkeep
|turn|24
|
|t:|1659713254
|switch|p2a: Covid Boss|Weezing, F|90/100
|-ability|p2a: Covid Boss|Neutralizing Gas
|move|p1a: Scyther|U-turn|p2a: Covid Boss
|-resisted|p2a: Covid Boss
|-damage|p2a: Covid Boss|80/100
|
|t:|1659713257
|switch|p1a: Aurorus|Aurorus, F|100/100|[from]move: U-turn
|
|upkeep
|turn|25
|
|t:|1659713276
|-end|p2a: Covid Boss|ability: Neutralizing Gas
|-weather|Hail|[from] ability: Snow Warning|[of] p1a: Aurorus
|switch|p2a: giga LIT|Gigalith, F|100/100 slp
|-weather|Sandstorm|[from] ability: Sand Stream|[of] p2a: giga LIT
|move|p1a: Aurorus|Earth Power|p2a: giga LIT
|-supereffective|p2a: giga LIT
|-damage|p2a: giga LIT|69/100 slp
|
|-weather|Sandstorm|[upkeep]
|-heal|p2a: giga LIT|75/100 slp|[from] item: Leftovers
|upkeep
|turn|26
|
|t:|1659713295
|move|p1a: Aurorus|Earth Power|p2a: giga LIT
|-supereffective|p2a: giga LIT
|-damage|p2a: giga LIT|46/100 slp
|cant|p2a: giga LIT|slp
|
|-weather|Sandstorm|[upkeep]
|-heal|p2a: giga LIT|52/100 slp|[from] item: Leftovers
|upkeep
|turn|27
|inactive|ktutverde has 120 seconds left.
|inactive|ktutverde has 90 seconds left.
|
|t:|1659713351
|switch|p2a: TBHonedge|Doublade, F|100/100
|move|p1a: Aurorus|Blizzard|p2a: TBHonedge
|-resisted|p2a: TBHonedge
|-damage|p2a: TBHonedge|76/100
|
|-weather|Sandstorm|[upkeep]
|upkeep
|turn|28
|
|t:|1659713380
|switch|p1a: Sandaconda|Sandaconda, F|94/100
|-status|p1a: Sandaconda|psn
|-damage|p1a: Sandaconda|88/100 psn|[from] Stealth Rock
|switch|p2a: Edward|Scyther, M|88/100
|
|-weather|Sandstorm|[upkeep]
|-damage|p2a: Edward|82/100|[from] Sandstorm
|-activate|p1a: Sandaconda|ability: Shed Skin
|-curestatus|p1a: Sandaconda|psn|[msg]
|-heal|p1a: Sandaconda|94/100|[from] item: Leftovers
|upkeep
|turn|29
|inactive|ktutverde has 60 seconds left.
|
|t:|1659713398
|move|p2a: Edward|Knock Off|p1a: Sandaconda
|-damage|p1a: Sandaconda|73/100
|-enditem|p1a: Sandaconda|Leftovers|[from] move: Knock Off|[of] p2a: Edward
|move|p1a: Sandaconda|Stone Edge|p2a: Edward
|-supereffective|p2a: Edward
|-damage|p2a: Edward|0 fnt
|faint|p2a: Edward
|
|-weather|none
|upkeep
|inactive|ktutverde has 60 seconds left.
|
|t:|1659713405
|switch|p2a: Evil Cotton|Eldegoss, F|100/100
|turn|30
|inactive|ktutverde has 60 seconds left.
|
|t:|1659713421
|switch|p1a: Scyther|Scyther, F|79/100
|move|p2a: Evil Cotton|Aromatherapy|p2a: Evil Cotton
|-activate|p2a: Evil Cotton|move: Aromatherapy
|-curestatus|p2: giga LIT|slp|[msg]
|
|upkeep
|turn|31
|inactive|ktutverde has 60 seconds left.
|
|t:|1659713436
|switch|p2a: Covid Boss|Weezing, F|80/100
|-ability|p2a: Covid Boss|Neutralizing Gas
|move|p1a: Scyther|U-turn|p2a: Covid Boss
|-resisted|p2a: Covid Boss
|-damage|p2a: Covid Boss|69/100
|
|t:|1659713439
|switch|p1a: Aurorus|Aurorus, F|100/100|[from]move: U-turn
|
|upkeep
|turn|32
|inactive|ktutverde has 60 seconds left.
|
|t:|1659713462
|-end|p2a: Covid Boss|ability: Neutralizing Gas
|-weather|Hail|[from] ability: Snow Warning|[of] p1a: Aurorus
|switch|p2a: giga LIT|Gigalith, F|52/100
|-weather|Sandstorm|[from] ability: Sand Stream|[of] p2a: giga LIT
|move|p1a: Aurorus|Earth Power|p2a: giga LIT
|-supereffective|p2a: giga LIT
|-damage|p2a: giga LIT|23/100
|
|-weather|Sandstorm|[upkeep]
|-heal|p2a: giga LIT|29/100|[from] item: Leftovers
|upkeep
|turn|33
|inactive|pinkdragontamer has 270 seconds left.
|
|t:|1659713517
|move|p1a: Aurorus|Earth Power|p2a: giga LIT
|-supereffective|p2a: giga LIT
|-damage|p2a: giga LIT|0 fnt
|faint|p2a: giga LIT
|
|-weather|Sandstorm|[upkeep]
|upkeep
|
|t:|1659713523
|switch|p2a: Thuglife|Scrafty, M|55/100
|turn|34
|
|t:|1659713536
|switch|p1a: Wishiwashi|Wishiwashi, F|83/100 slp
|-damage|p1a: Wishiwashi|71/100 slp|[from] Stealth Rock
|-formechange|p1a: Wishiwashi|Wishiwashi-School||[from] ability: Schooling
|move|p2a: Thuglife|Rest|p2a: Thuglife
|-status|p2a: Thuglife|slp|[from] move: Rest
|-heal|p2a: Thuglife|100/100 slp|[silent]
|
|-weather|Sandstorm|[upkeep]
|-damage|p2a: Thuglife|95/100 slp|[from] Sandstorm
|-damage|p1a: Wishiwashi|65/100 slp|[from] Sandstorm
|-activate|p2a: Thuglife|ability: Shed Skin
|-curestatus|p2a: Thuglife|slp|[msg]
|-heal|p2a: Thuglife|100/100|[from] item: Leftovers
|upkeep
|turn|35
|
|t:|1659713553
|move|p2a: Thuglife|Bulk Up|p2a: Thuglife
|-boost|p2a: Thuglife|atk|1
|-boost|p2a: Thuglife|def|1
|cant|p1a: Wishiwashi|slp
|move|p1a: Wishiwashi|Sleep Talk|p1a: Wishiwashi
|move|p1a: Wishiwashi|Rest||[from]move: Sleep Talk|[still]
|-fail|p1a: Wishiwashi
|
|-weather|Sandstorm|[upkeep]
|-damage|p2a: Thuglife|95/100|[from] Sandstorm
|-damage|p1a: Wishiwashi|59/100 slp|[from] Sandstorm
|-heal|p2a: Thuglife|100/100|[from] item: Leftovers
|upkeep
|turn|36
|inactive|pinkdragontamer has 270 seconds left.
|
|t:|1659713564
|move|p2a: Thuglife|Drain Punch|p1a: Wishiwashi
|-damage|p1a: Wishiwashi|33/100 slp
|-curestatus|p1a: Wishiwashi|slp|[msg]
|move|p1a: Wishiwashi|U-turn|p2a: Thuglife
|-damage|p2a: Thuglife|87/100
|
|t:|1659713569
|switch|p1a: Ribombee|Ribombee, F|88/100|[from]move: U-turn
|
|-weather|none
|-heal|p2a: Thuglife|93/100|[from] item: Leftovers
|upkeep
|turn|37
|inactive|ktutverde has 60 seconds left.
|inactive|pinkdragontamer has 270 seconds left.
|inactive|ktutverde has 30 seconds left.
|inactive|ktutverde has 20 seconds left.
|inactive|ktutverde has 15 seconds left.
|inactive|ktutverde has 10 seconds left.
|inactive|ktutverde has 5 seconds left.
|c|☆pinkdragontamer|timer
|-message|ktutverde lost due to inactivity.
|
|win|pinkdragontamer
|c|☆pinkdragontamer|gg
|c|+wild drud|banned for ghosting
