|inactive|Battle timer is ON: inactive players will automatically lose when time's up.
|t:|1621200104
|gametype|singles
|player|p1|pattek|archer|
|player|p2|CDNThe3rd|#ssdivtaipans|
|teamsize|p1|6
|teamsize|p2|6
|gen|8
|tier|[Gen 8] PU
|rule|Sleep Clause Mod: Limit one foe put to sleep
|rule|Species Clause: Limit one of each Pokémon
|rule|OHKO Clause: OHKO moves are banned
|rule|Evasion Moves Clause: Evasion moves are banned
|rule|Endless Battle Clause: Forcing endless battles is banned
|rule|HP Percentage Mod: HP is shown in percentages
|rule|Dynamax Clause: You cannot dynamax
|clearpoke
|poke|p1|Passimian, M|
|poke|p1|Gigalith, M|
|poke|p1|Weezing, F|
|poke|p1|Whimsicott, F|
|poke|p1|Rotom|
|poke|p1|Silvally-*|
|poke|p2|Heliolisk, M|
|poke|p2|Scrafty, F|
|poke|p2|Silvally-*|
|poke|p2|Haunter, F|
|poke|p2|Druddigon, M|
|poke|p2|Whimsicott, M|
|teampreview
|c|☆pattek|hf
|c|☆CDNThe3rd|hf
|c|+sensei axew|pattek
|c|+sensei axew|win
|c|☆pattek|O
|c|+sensei axew|wait is this pu open
|c|☆pattek|ye
|inactive|pattek has 270 seconds left.
|c|+sensei axew|yo how are you still in
|c|☆pattek|.
|inactive|pattek has 240 seconds left.
|
|t:|1621200170
|start
|switch|p1a: Rotom|Rotom|100/100
|switch|p2a: Druddigon|Druddigon, M|100/100
|-ability|p2a: Druddigon|Mold Breaker
|turn|1
|
|t:|1621200178
|move|p1a: Rotom|Shadow Ball|p2a: Druddigon
|-damage|p2a: Druddigon|52/100
|move|p2a: Druddigon|Earthquake|p1a: Rotom
|-supereffective|p1a: Rotom
|-damage|p1a: Rotom|9/100
|
|upkeep
|turn|2
|
|t:|1621200186
|switch|p1a: Whimsicott|Whimsicott, F|100/100
|move|p2a: Druddigon|Stealth Rock|p1a: Whimsicott
|-sidestart|p1: pattek|move: Stealth Rock
|
|upkeep
|turn|3
|
|t:|1621200195
|switch|p2a: Silvally|Silvally-Steel|100/100
|move|p1a: Whimsicott|Moonblast|p2a: Silvally
|-resisted|p2a: Silvally
|-damage|p2a: Silvally|82/100
|
|upkeep
|turn|4
|
|t:|1621200199
|move|p1a: Whimsicott|U-turn|p2a: Silvally
|-resisted|p2a: Silvally
|-damage|p2a: Silvally|77/100
|inactive|pattek has 270 seconds left.
|inactive|pattek has 240 seconds left.
|
|t:|1621200264
|switch|p1a: Rotom|Rotom|9/100|[from]move: U-turn
|-damage|p1a: Rotom|0 fnt|[from] Stealth Rock
|faint|p1a: Rotom
|move|p2a: Silvally|Multi-Attack|p1: Rotom|[notarget]
|-fail|p2a: Silvally
|
|upkeep
|
|t:|1621200266
|switch|p1a: Passimian|Passimian, M|100/100
|-damage|p1a: Passimian|94/100|[from] Stealth Rock
|turn|5
|
|t:|1621200273
|switch|p2a: Whimsicott|Whimsicott, M|100/100
|move|p1a: Passimian|Close Combat|p2a: Whimsicott
|-resisted|p2a: Whimsicott
|-damage|p2a: Whimsicott|67/100
|-unboost|p1a: Passimian|def|1
|-unboost|p1a: Passimian|spd|1
|
|upkeep
|turn|6
|
|t:|1621200277
|switch|p1a: Silvally|Silvally-Steel|100/100
|-damage|p1a: Silvally|94/100|[from] Stealth Rock
|move|p2a: Whimsicott|U-turn|p1a: Silvally
|-resisted|p1a: Silvally
|-damage|p1a: Silvally|88/100
|
|t:|1621200293
|switch|p2a: Scrafty|Scrafty, F|100/100|[from]move: U-turn
|
|upkeep
|turn|7
|
|t:|1621200298
|move|p1a: Silvally|Parting Shot|p2a: Scrafty
|-unboost|p2a: Scrafty|atk|1
|-unboost|p2a: Scrafty|spa|1
|inactive|pattek has 270 seconds left.
|
|t:|1621200303
|switch|p1a: Weezing|Weezing, F|100/100|[from]move: Parting Shot
|-damage|p1a: Weezing|88/100|[from] Stealth Rock
|move|p2a: Scrafty|Close Combat|p1a: Weezing
|-resisted|p1a: Weezing
|-damage|p1a: Weezing|78/100
|-unboost|p2a: Scrafty|def|1
|-unboost|p2a: Scrafty|spd|1
|-damage|p2a: Scrafty|84/100|[from] item: Rocky Helmet|[of] p1a: Weezing
|
|upkeep
|turn|8
|
|t:|1621200310
|switch|p2a: Haunter|Haunter, F|100/100
|switch|p1a: Gigalith|Gigalith, M|100/100
|-damage|p1a: Gigalith|88/100|[from] Stealth Rock
|-weather|Sandstorm|[from] ability: Sand Stream|[of] p1a: Gigalith
|
|-weather|Sandstorm|[upkeep]
|-damage|p2a: Haunter|94/100|[from] Sandstorm
|-heal|p1a: Gigalith|94/100|[from] item: Leftovers
|upkeep
|turn|9
|
|t:|1621200315
|switch|p2a: Scrafty|Scrafty, F|84/100
|move|p1a: Gigalith|Stealth Rock|p2a: Scrafty
|-sidestart|p2: CDNThe3rd|move: Stealth Rock
|
|-weather|Sandstorm|[upkeep]
|-damage|p2a: Scrafty|78/100|[from] Sandstorm
|-heal|p1a: Gigalith|100/100|[from] item: Leftovers
|upkeep
|turn|10
|
|t:|1621200319
|switch|p1a: Weezing|Weezing, F|78/100
|-damage|p1a: Weezing|66/100|[from] Stealth Rock
|move|p2a: Scrafty|Knock Off|p1a: Weezing
|-damage|p1a: Weezing|40/100
|-damage|p2a: Scrafty|61/100|[from] item: Rocky Helmet|[of] p1a: Weezing
|-enditem|p1a: Weezing|Rocky Helmet|[from] move: Knock Off|[of] p2a: Scrafty
|
|-weather|Sandstorm|[upkeep]
|-damage|p2a: Scrafty|55/100|[from] Sandstorm
|-damage|p1a: Weezing|34/100|[from] Sandstorm
|upkeep
|turn|11
|
|t:|1621200330
|switch|p2a: Druddigon|Druddigon, M|52/100
|-damage|p2a: Druddigon|40/100|[from] Stealth Rock
|-ability|p2a: Druddigon|Mold Breaker
|move|p1a: Weezing|Pain Split|p2a: Druddigon
|-sethp|p2a: Druddigon|35/100|[from] move: Pain Split|[silent]
|-sethp|p1a: Weezing|38/100|[from] move: Pain Split
|
|-weather|Sandstorm|[upkeep]
|-damage|p1a: Weezing|32/100|[from] Sandstorm
|-damage|p2a: Druddigon|29/100|[from] Sandstorm
|upkeep
|turn|12
|
|t:|1621200337
|switch|p1a: Whimsicott|Whimsicott, F|100/100
|move|p2a: Druddigon|Earthquake|p1a: Whimsicott
|-resisted|p1a: Whimsicott
|-damage|p1a: Whimsicott|80/100
|
|-weather|none
|upkeep
|turn|13
|
|t:|1621200345
|move|p1a: Whimsicott|Moonblast|p2a: Druddigon
|-supereffective|p2a: Druddigon
|-damage|p2a: Druddigon|0 fnt
|faint|p2a: Druddigon
|
|upkeep
|
|t:|1621200346
|switch|p2a: Silvally|Silvally-Steel|77/100
|-damage|p2a: Silvally|71/100|[from] Stealth Rock
|turn|14
|
|t:|1621200364
|move|p1a: Whimsicott|U-turn|p2a: Silvally
|-resisted|p2a: Silvally
|-damage|p2a: Silvally|66/100
|
|t:|1621200371
|switch|p1a: Weezing|Weezing, F|32/100|[from]move: U-turn
|-damage|p1a: Weezing|20/100|[from] Stealth Rock
|move|p2a: Silvally|Swords Dance|p2a: Silvally
|-boost|p2a: Silvally|atk|2
|
|upkeep
|turn|15
|
|t:|1621200377
|move|p2a: Silvally|Flame Charge|p1a: Weezing
|-damage|p1a: Weezing|3/100
|-boost|p2a: Silvally|spe|1
|move|p1a: Weezing|Flamethrower|p2a: Silvally
|-supereffective|p2a: Silvally
|-damage|p2a: Silvally|29/100
|
|upkeep
|turn|16
|
|t:|1621200387
|move|p2a: Silvally|Multi-Attack|p1a: Weezing
|-damage|p1a: Weezing|0 fnt
|faint|p1a: Weezing
|
|upkeep
|
|t:|1621200394
|switch|p1a: Silvally|Silvally-Steel|88/100
|-damage|p1a: Silvally|82/100|[from] Stealth Rock
|turn|17
|
|t:|1621200405
|move|p2a: Silvally|Flame Charge|p1a: Silvally
|-supereffective|p1a: Silvally
|-damage|p1a: Silvally|9/100
|-boost|p2a: Silvally|spe|1
|move|p1a: Silvally|Flamethrower|p2a: Silvally
|-supereffective|p2a: Silvally
|-damage|p2a: Silvally|0 fnt
|faint|p2a: Silvally
|
|upkeep
|
|t:|1621200417
|switch|p2a: Haunter|Haunter, F|94/100
|-damage|p2a: Haunter|82/100|[from] Stealth Rock
|turn|18
|c|☆CDNThe3rd|oops
|
|t:|1621200426
|switch|p2a: Heliolisk|Heliolisk, M|100/100
|-damage|p2a: Heliolisk|88/100|[from] Stealth Rock
|move|p1a: Silvally|Multi-Attack|p2a: Heliolisk
|-resisted|p2a: Heliolisk
|-damage|p2a: Heliolisk|38/100
|
|upkeep
|turn|19
|
|t:|1621200433
|move|p2a: Heliolisk|Surf|p1a: Silvally
|-damage|p1a: Silvally|0 fnt
|faint|p1a: Silvally
|
|upkeep
|
|t:|1621200436
|switch|p1a: Whimsicott|Whimsicott, F|80/100
|turn|20
|
|t:|1621200443
|switch|p2a: Whimsicott|Whimsicott, M|67/100
|move|p1a: Whimsicott|Psychic|p2a: Whimsicott
|-damage|p2a: Whimsicott|35/100
|
|upkeep
|turn|21
|
|t:|1621200447
|move|p1a: Whimsicott|Moonblast|p2a: Whimsicott
|-damage|p2a: Whimsicott|0 fnt
|faint|p2a: Whimsicott
|
|upkeep
|
|t:|1621200457
|switch|p2a: Heliolisk|Heliolisk, M|38/100
|-damage|p2a: Heliolisk|26/100|[from] Stealth Rock
|turn|22
|inactive|pattek has 270 seconds left.
|
|t:|1621200508
|switch|p1a: Gigalith|Gigalith, M|100/100
|-damage|p1a: Gigalith|88/100|[from] Stealth Rock
|-weather|Sandstorm|[from] ability: Sand Stream|[of] p1a: Gigalith
|move|p2a: Heliolisk|U-turn|p1a: Gigalith
|-damage|p1a: Gigalith|82/100
|
|t:|1621200520
|switch|p2a: Scrafty|Scrafty, F|55/100|[from]move: U-turn
|-damage|p2a: Scrafty|50/100|[from] Stealth Rock
|
|-weather|Sandstorm|[upkeep]
|-damage|p2a: Scrafty|44/100|[from] Sandstorm
|-heal|p1a: Gigalith|88/100|[from] item: Leftovers
|upkeep
|turn|23
|inactive|pattek has 240 seconds left.
|inactive|pattek has 210 seconds left.
|inactive|pattek has 180 seconds left.
|
|t:|1621200608
|switch|p1a: Passimian|Passimian, M|94/100
|-damage|p1a: Passimian|88/100|[from] Stealth Rock
|move|p2a: Scrafty|Iron Head|p1a: Passimian
|-damage|p1a: Passimian|64/100
|
|-weather|Sandstorm|[upkeep]
|-damage|p1a: Passimian|58/100|[from] Sandstorm
|-damage|p2a: Scrafty|38/100|[from] Sandstorm
|upkeep
|turn|24
|inactive|pattek has 180 seconds left.
|inactive|pattek has 150 seconds left.
|
|t:|1621200663
|switch|p2a: Haunter|Haunter, F|82/100
|-damage|p2a: Haunter|70/100|[from] Stealth Rock
|move|p1a: Passimian|Close Combat|p2a: Haunter
|-immune|p2a: Haunter
|
|-weather|Sandstorm|[upkeep]
|-damage|p1a: Passimian|52/100|[from] Sandstorm
|-damage|p2a: Haunter|64/100|[from] Sandstorm
|upkeep
|turn|25
|
|t:|1621200675
|switch|p1a: Gigalith|Gigalith, M|88/100
|-damage|p1a: Gigalith|76/100|[from] Stealth Rock
|move|p2a: Haunter|Shadow Ball|p1a: Gigalith
|-damage|p1a: Gigalith|52/100
|-damage|p2a: Haunter|54/100|[from] item: Life Orb
|
|-weather|Sandstorm|[upkeep]
|-damage|p2a: Haunter|48/100|[from] Sandstorm
|-heal|p1a: Gigalith|59/100|[from] item: Leftovers
|upkeep
|turn|26
|
|t:|1621200697
|move|p2a: Haunter|Shadow Ball|p1a: Gigalith
|-damage|p1a: Gigalith|33/100
|-damage|p2a: Haunter|38/100|[from] item: Life Orb
|move|p1a: Gigalith|Stone Edge|p2a: Haunter
|-damage|p2a: Haunter|0 fnt
|faint|p2a: Haunter
|
|-weather|none
|-heal|p1a: Gigalith|39/100|[from] item: Leftovers
|upkeep
|inactive|CDNThe3rd has 270 seconds left.
|
|t:|1621200713
|switch|p2a: Scrafty|Scrafty, F|38/100
|-damage|p2a: Scrafty|32/100|[from] Stealth Rock
|turn|27
|inactive|CDNThe3rd has 270 seconds left.
|
|t:|1621200725
|move|p2a: Scrafty|Close Combat|p1a: Gigalith
|-supereffective|p1a: Gigalith
|-damage|p1a: Gigalith|0 fnt
|-unboost|p2a: Scrafty|def|1
|-unboost|p2a: Scrafty|spd|1
|faint|p1a: Gigalith
|-ability|p2a: Scrafty|Moxie|boost
|-boost|p2a: Scrafty|atk|1
|
|upkeep
|
|t:|1621200727
|switch|p1a: Passimian|Passimian, M|52/100
|-damage|p1a: Passimian|46/100|[from] Stealth Rock
|turn|28
|
|t:|1621200729
|move|p1a: Passimian|Close Combat|p2a: Scrafty
|-supereffective|p2a: Scrafty
|-enditem|p2a: Scrafty|Chople Berry|[eat]
|-enditem|p2a: Scrafty|Chople Berry|[weaken]
|-damage|p2a: Scrafty|0 fnt
|-unboost|p1a: Passimian|def|1
|-unboost|p1a: Passimian|spd|1
|faint|p2a: Scrafty
|
|upkeep
|
|t:|1621200730
|switch|p2a: Heliolisk|Heliolisk, M|26/100
|-damage|p2a: Heliolisk|13/100|[from] Stealth Rock
|turn|29
|
|t:|1621200739
|move|p2a: Heliolisk|Hyper Voice|p1a: Passimian
|-damage|p1a: Passimian|0 fnt
|faint|p1a: Passimian
|
|upkeep
|
|t:|1621200740
|switch|p1a: Whimsicott|Whimsicott, F|80/100
|turn|30
|c|☆pattek|gg
|
|t:|1621200748
|move|p2a: Heliolisk|Hyper Voice|p1a: Whimsicott
|-damage|p1a: Whimsicott|6/100
|move|p1a: Whimsicott|Moonblast|p2a: Heliolisk
|-damage|p2a: Heliolisk|0 fnt
|faint|p2a: Heliolisk
|
|win|pattek
