|inactive|Battle timer is ON: inactive players will automatically lose when time's up.
|t:|1663531520
|gametype|singles
|player|p1|Lambovino|#scl2spartans|
|player|p2|soulgazer|#wcop2022canada|
|teamsize|p1|6
|teamsize|p2|6
|gen|8
|tier|[Gen 8] PU
|rule|Sleep Clause Mod: Limit one foe put to sleep
|rule|Species Clause: Limit one of each Pokémon
|rule|OHKO Clause: OHKO moves are banned
|rule|Evasion Items Clause: Evasion items are banned
|rule|Evasion Moves Clause: Evasion moves are banned
|rule|Endless Battle Clause: Forcing endless battles is banned
|rule|HP Percentage Mod: HP is shown in percentages
|rule|Dynamax Clause: You cannot dynamax
|clearpoke
|poke|p1|Audino, M|
|poke|p1|Whimsicott, F|
|poke|p1|Archeops, F|
|poke|p1|Glastrier|
|poke|p1|Doublade, M|
|poke|p1|Quagsire, F|
|poke|p2|Centiskorch, M|
|poke|p2|Doublade, M|
|poke|p2|Weezing, M|
|poke|p2|Gigalith, M|
|poke|p2|Eldegoss, F|
|poke|p2|Ribombee, F|
|teampreview
|c|+f~~~reezai!|lets gooooooooo
|c|☆Lambovino|hf
|c|+Highways|VAMOS
|inactive|Lambovino has 270 seconds left.
|inactive|soulgazer has 270 seconds left.
|raw|<div class="broadcast-red"><strong>Moderated chat was set to ☆!</strong><br />Only users of rank ☆ and higher can talk.</div>
|inactive|soulgazer has 240 seconds left.
|inactive|soulgazer has 210 seconds left.
|
|t:|1663531615
|start
|switch|p1a: Audino|Audino, M|100/100
|switch|p2a: Queen Bitch|Ribombee, F, shiny|100/100
|turn|1
|inactive|soulgazer has 270 seconds left.
|
|t:|1663531645
|move|p2a: Queen Bitch|Switcheroo|p1a: Audino
|-activate|p2a: Queen Bitch|move: Trick|[of] p1a: Audino
|-item|p1a: Audino|Choice Specs|[from] move: Switcheroo
|-item|p2a: Queen Bitch|Heavy-Duty Boots|[from] move: Switcheroo
|move|p1a: Audino|Knock Off|p2a: Queen Bitch
|-resisted|p2a: Queen Bitch
|-damage|p2a: Queen Bitch|86/100
|-enditem|p2a: Queen Bitch|Heavy-Duty Boots|[from] move: Knock Off|[of] p1a: Audino
|
|upkeep
|turn|2
|
|t:|1663531658
|move|p2a: Queen Bitch|Moonblast|p1a: Audino
|-damage|p1a: Audino|75/100
|-unboost|p1a: Audino|spa|1
|move|p1a: Audino|Knock Off|p2a: Queen Bitch
|-resisted|p2a: Queen Bitch
|-damage|p2a: Queen Bitch|75/100
|
|upkeep
|turn|3
|
|t:|1663531666
|move|p2a: Queen Bitch|Moonblast|p1a: Audino
|-damage|p1a: Audino|50/100
|move|p1a: Audino|Knock Off|p2a: Queen Bitch
|-resisted|p2a: Queen Bitch
|-damage|p2a: Queen Bitch|65/100
|
|upkeep
|turn|4
|inactive|soulgazer has 270 seconds left.
|
|t:|1663531672
|switch|p1a: Doublade|Doublade, M|100/100
|move|p2a: Queen Bitch|Moonblast|p1a: Doublade
|-resisted|p1a: Doublade
|-damage|p1a: Doublade|76/100
|
|upkeep
|turn|5
|inactive|Lambovino has 270 seconds left.
|
|t:|1663531706
|switch|p2a: Suffragette City|Weezing, M, shiny|100/100
|switch|p1a: Audino|Audino, M|83/100
|
|upkeep
|turn|6
|
|t:|1663531718
|move|p2a: Suffragette City|Toxic Spikes|p1a: Audino
|-sidestart|p1: Lambovino|move: Toxic Spikes
|move|p1a: Audino|Knock Off|p2a: Suffragette City
|-damage|p2a: Suffragette City|90/100
|-enditem|p2a: Suffragette City|Sitrus Berry|[from] move: Knock Off|[of] p1a: Audino
|
|upkeep
|turn|7
|
|t:|1663531724
|switch|p1a: Quagsire|Quagsire, F|100/100
|move|p2a: Suffragette City|Will-O-Wisp|p1a: Quagsire
|-status|p1a: Quagsire|brn
|
|-damage|p1a: Quagsire|94/100 brn|[from] brn
|upkeep
|turn|8
|
|t:|1663531734
|move|p2a: Suffragette City|Toxic Spikes|p1a: Quagsire
|-sidestart|p1: Lambovino|move: Toxic Spikes
|move|p1a: Quagsire|Safeguard|p1a: Quagsire
|-sidestart|p1: Lambovino|Safeguard
|
|-damage|p1a: Quagsire|88/100 brn|[from] brn
|upkeep
|turn|9
|
|t:|1663531751
|switch|p2a: Tonight|Gigalith, M, shiny|100/100
|-weather|Sandstorm|[from] ability: Sand Stream|[of] p2a: Tonight
|switch|p1a: Archeops|Archeops, F|100/100
|
|-weather|Sandstorm|[upkeep]
|upkeep
|turn|10
|
|t:|1663531765
|switch|p1a: Quagsire|Quagsire, F|88/100 brn
|move|p2a: Tonight|Rock Blast|p1a: Quagsire
|-resisted|p1a: Quagsire
|-damage|p1a: Quagsire|85/100 brn
|-resisted|p1a: Quagsire
|-damage|p1a: Quagsire|81/100 brn
|-resisted|p1a: Quagsire
|-damage|p1a: Quagsire|76/100 brn
|-hitcount|p1a: Quagsire|3
|
|-weather|Sandstorm|[upkeep]
|-damage|p1a: Quagsire|70/100 brn|[from] brn
|upkeep
|turn|11
|
|t:|1663531774
|move|p1a: Quagsire|Scald|p2a: Tonight
|-supereffective|p2a: Tonight
|-damage|p2a: Tonight|81/100
|move|p2a: Tonight|Stealth Rock|p1a: Quagsire
|-sidestart|p1: Lambovino|move: Stealth Rock
|
|-weather|Sandstorm|[upkeep]
|-heal|p2a: Tonight|87/100|[from] item: Leftovers
|-damage|p1a: Quagsire|64/100 brn|[from] brn
|upkeep
|turn|12
|
|t:|1663531780
|switch|p2a: Rebel Rebel|Eldegoss, F, shiny|100/100
|move|p1a: Quagsire|Recover|p1a: Quagsire
|-heal|p1a: Quagsire|100/100 brn
|
|-weather|Sandstorm|[upkeep]
|-damage|p2a: Rebel Rebel|94/100|[from] Sandstorm
|-damage|p1a: Quagsire|94/100 brn|[from] brn
|-sideend|p1: Lambovino|Safeguard
|upkeep
|turn|13
|
|t:|1663531790
|switch|p1a: Archeops|Archeops, F|100/100
|move|p2a: Rebel Rebel|Leech Seed|p1a: Archeops
|-start|p1a: Archeops|move: Leech Seed
|
|-weather|none
|-damage|p1a: Archeops|88/100|[from] Leech Seed|[of] p2a: Rebel Rebel
|-heal|p2a: Rebel Rebel|100/100|[silent]
|upkeep
|turn|14
|
|t:|1663531800
|switch|p1a: Whimsicott|Whimsicott, F|100/100
|move|p2a: Rebel Rebel|Energy Ball|p1a: Whimsicott
|-resisted|p1a: Whimsicott
|-damage|p1a: Whimsicott|82/100
|
|upkeep
|turn|15
|
|t:|1663531812
|move|p1a: Whimsicott|Leech Seed|p2a: Rebel Rebel
|-immune|p2a: Rebel Rebel
|move|p2a: Rebel Rebel|Energy Ball|p1a: Whimsicott
|-resisted|p1a: Whimsicott
|-damage|p1a: Whimsicott|63/100
|
|upkeep
|turn|16
|
|t:|1663531815
|move|p1a: Whimsicott|Defog|p2a: Rebel Rebel
|-unboost|p2a: Rebel Rebel|evasion|1
|-sideend|p1: Lambovino|Toxic Spikes|[from] move: Defog|[of] p1a: Whimsicott
|-sideend|p1: Lambovino|Stealth Rock|[from] move: Defog|[of] p1a: Whimsicott
|move|p2a: Rebel Rebel|Energy Ball|p1a: Whimsicott
|-resisted|p1a: Whimsicott
|-damage|p1a: Whimsicott|43/100
|
|upkeep
|turn|17
|
|t:|1663531820
|switch|p1a: Audino|Audino, M|100/100
|move|p2a: Rebel Rebel|Leech Seed|p1a: Audino
|-start|p1a: Audino|move: Leech Seed
|
|-damage|p1a: Audino|88/100|[from] Leech Seed|[of] p2a: Rebel Rebel
|upkeep
|turn|18
|
|t:|1663531827
|switch|p2a: Suffragette City|Weezing, M, shiny|90/100
|move|p1a: Audino|Wish|p1a: Audino
|
|-damage|p1a: Audino|76/100|[from] Leech Seed|[of] p2a: Suffragette City
|-heal|p2a: Suffragette City|100/100|[silent]
|upkeep
|turn|19
|
|t:|1663531836
|switch|p1a: Quagsire|Quagsire, F|94/100 brn
|move|p2a: Suffragette City|Will-O-Wisp|p1a: Quagsire
|-fail|p1a: Quagsire|brn
|
|-heal|p1a: Quagsire|100/100 brn|[from] move: Wish|[wisher] Audino
|-damage|p1a: Quagsire|94/100 brn|[from] brn
|upkeep
|turn|20
|
|t:|1663531844
|move|p2a: Suffragette City|Toxic Spikes|p1a: Quagsire
|-sidestart|p1: Lambovino|move: Toxic Spikes
|move|p1a: Quagsire|Earth Power|p2a: Suffragette City
|-immune|p2a: Suffragette City|[from] ability: Levitate
|
|-damage|p1a: Quagsire|88/100 brn|[from] brn
|upkeep
|turn|21
|inactive|Lambovino has 270 seconds left.
|
|t:|1663531901
|switch|p2a: Queen Bitch|Ribombee, F, shiny|65/100
|move|p1a: Quagsire|Safeguard|p1a: Quagsire
|-sidestart|p1: Lambovino|Safeguard
|
|-damage|p1a: Quagsire|82/100 brn|[from] brn
|upkeep
|turn|22
|
|t:|1663531907
|switch|p1a: Audino|Audino, M|100/100
|move|p2a: Queen Bitch|Moonblast|p1a: Audino
|-crit|p1a: Audino
|-damage|p1a: Audino|57/100
|
|upkeep
|turn|23
|
|t:|1663531918
|switch|p2a: Ashes to Ashes|Centiskorch, M, shiny|100/100
|move|p1a: Audino|Wish|p1a: Audino
|
|upkeep
|turn|24
|
|t:|1663531925
|switch|p1a: Archeops|Archeops, F|88/100
|move|p2a: Ashes to Ashes|Knock Off|p1a: Archeops
|-damage|p1a: Archeops|36/100
|-enditem|p1a: Archeops|Heavy-Duty Boots|[from] move: Knock Off|[of] p2a: Ashes to Ashes
|
|-heal|p1a: Archeops|100/100|[from] move: Wish|[wisher] Audino
|upkeep
|turn|25
|
|t:|1663531943
|switch|p2a: Suffragette City|Weezing, M, shiny|100/100
|move|p1a: Archeops|Toxic|p2a: Suffragette City
|-immune|p2a: Suffragette City
|
|-sideend|p1: Lambovino|Safeguard
|upkeep
|turn|26
|inactive|Lambovino has 270 seconds left.
|inactive|Lambovino has 240 seconds left.
|
|t:|1663531999
|switch|p1a: Quagsire|Quagsire, F|82/100 brn
|move|p2a: Suffragette City|Will-O-Wisp|p1a: Quagsire
|-fail|p1a: Quagsire|brn
|
|-damage|p1a: Quagsire|76/100 brn|[from] brn
|upkeep
|turn|27
|
|t:|1663532015
|switch|p2a: Rebel Rebel|Eldegoss, F, shiny|100/100
|switch|p1a: Audino|Audino, M|90/100
|-status|p1a: Audino|psn
|
|-damage|p1a: Audino|78/100 psn|[from] psn
|upkeep
|turn|28
|inactive|Lambovino has 240 seconds left.
|
|t:|1663532025
|switch|p2a: Ashes to Ashes|Centiskorch, M, shiny|100/100
|move|p1a: Audino|Knock Off|p2a: Ashes to Ashes
|-damage|p2a: Ashes to Ashes|79/100
|-enditem|p2a: Ashes to Ashes|Heavy-Duty Boots|[from] move: Knock Off|[of] p1a: Audino
|
|-damage|p1a: Audino|65/100 psn|[from] psn
|upkeep
|turn|29
|
|t:|1663532033
|switch|p1a: Archeops|Archeops, F|100/100
|move|p2a: Ashes to Ashes|Power Whip|p1a: Archeops
|-damage|p1a: Archeops|31/100
|
|upkeep
|turn|30
|inactive|Lambovino has 240 seconds left.
|inactive|Lambovino has 210 seconds left.
|inactive|Lambovino has 180 seconds left.
|
|t:|1663532118
|switch|p2a: Rebel Rebel|Eldegoss, F, shiny|100/100
|move|p1a: Archeops|Stealth Rock|p2a: Rebel Rebel
|-sidestart|p2: soulgazer|move: Stealth Rock
|
|upkeep
|turn|31
|inactive|Lambovino has 180 seconds left.
|inactive|Lambovino has 150 seconds left.
|inactive|Lambovino has 120 seconds left.
|
|t:|1663532186
|switch|p1a: Glastrier|Glastrier|100/100
|move|p2a: Rebel Rebel|Energy Ball|p1a: Glastrier
|-damage|p1a: Glastrier|81/100
|
|upkeep
|turn|32
|
|t:|1663532193
|move|p2a: Rebel Rebel|Rapid Spin|p1a: Glastrier
|-damage|p1a: Glastrier|77/100
|-boost|p2a: Rebel Rebel|spe|1
|-sideend|p2: soulgazer|Stealth Rock|[from] move: Rapid Spin|[of] p2a: Rebel Rebel
|move|p1a: Glastrier|Assurance|p2a: Rebel Rebel
|-damage|p2a: Rebel Rebel|80/100
|-enditem|p2a: Rebel Rebel|Eject Button
|
|t:|1663532200
|switch|p2a: Ashes to Ashes|Centiskorch, M, shiny|79/100
|
|upkeep
|turn|33
|c|☆soulgazer|hi
|inactive|Lambovino has 120 seconds left.
|inactive|soulgazer has 270 seconds left.
|inactive|Lambovino has 90 seconds left.
|inactive|Lambovino has 60 seconds left.
|inactive|soulgazer has 240 seconds left.
|inactive|Lambovino has 30 seconds left.
|
|t:|1663532314
|switch|p1a: Whimsicott|Whimsicott, F|43/100
|move|p2a: Ashes to Ashes|Knock Off|p1a: Whimsicott
|-resisted|p1a: Whimsicott
|-damage|p1a: Whimsicott|23/100
|-enditem|p1a: Whimsicott|Heavy-Duty Boots|[from] move: Knock Off|[of] p2a: Ashes to Ashes
|
|upkeep
|turn|34
|inactive|Lambovino has 30 seconds left.
|
|t:|1663532329
|move|p1a: Whimsicott|Moonblast|p2a: Ashes to Ashes
|-resisted|p2a: Ashes to Ashes
|-damage|p2a: Ashes to Ashes|61/100
|move|p2a: Ashes to Ashes|Leech Life|p1a: Whimsicott
|-damage|p1a: Whimsicott|0 fnt
|-heal|p2a: Ashes to Ashes|71/100|[from] drain|[of] p1a: Whimsicott
|faint|p1a: Whimsicott
|
|upkeep
|
|t:|1663532331
|switch|p1a: Archeops|Archeops, F|31/100
|turn|35
|
|t:|1663532343
|move|p1a: Archeops|Roost|p1a: Archeops
|-heal|p1a: Archeops|82/100
|-singleturn|p1a: Archeops|move: Roost
|move|p2a: Ashes to Ashes|Power Whip|p1a: Archeops
|-supereffective|p1a: Archeops
|-damage|p1a: Archeops|0 fnt
|faint|p1a: Archeops
|
|upkeep
|
|t:|1663532350
|switch|p1a: Doublade|Doublade, M|76/100
|turn|36
|
|t:|1663532359
|move|p2a: Ashes to Ashes|Fire Lash|p1a: Doublade
|-supereffective|p1a: Doublade
|-damage|p1a: Doublade|38/100
|-unboost|p1a: Doublade|def|1
|move|p1a: Doublade|Shadow Claw|p2a: Ashes to Ashes
|-damage|p2a: Ashes to Ashes|22/100
|
|upkeep
|turn|37
|
|t:|1663532387
|switch|p2a: Suffragette City|Weezing, M, shiny|100/100
|move|p1a: Doublade|Shadow Sneak|p2a: Suffragette City
|-damage|p2a: Suffragette City|86/100
|
|upkeep
|turn|38
|inactive|soulgazer has 240 seconds left.
|
|t:|1663532410
|switch|p2a: Ashes to Ashes|Centiskorch, M, shiny|22/100
|switch|p1a: Audino|Audino, M|99/100 psn
|
|-damage|p1a: Audino|86/100 psn|[from] psn
|upkeep
|turn|39
|inactive|soulgazer has 240 seconds left.
|
|t:|1663532426
|move|p2a: Ashes to Ashes|Leech Life|p1a: Audino
|-damage|p1a: Audino|49/100 psn
|-heal|p2a: Ashes to Ashes|44/100|[from] drain|[of] p1a: Audino
|move|p1a: Audino|Trick Room|p1a: Audino
|-fieldstart|move: Trick Room|[of] p1a: Audino
|
|-damage|p1a: Audino|37/100 psn|[from] psn
|upkeep
|turn|40
|inactive|soulgazer has 240 seconds left.
|inactive|Lambovino has 60 seconds left.
|
|t:|1663532469
|switch|p1a: Doublade|Doublade, M|38/100
|move|p2a: Ashes to Ashes|Fire Lash|p1a: Doublade
|-supereffective|p1a: Doublade
|-damage|p1a: Doublade|3/100
|-unboost|p1a: Doublade|def|1
|
|upkeep
|turn|41
|inactive|soulgazer has 240 seconds left.
|
|t:|1663532485
|switch|p2a: Rebel Rebel|Eldegoss, F, shiny|100/100
|move|p1a: Doublade|Shadow Claw|p2a: Rebel Rebel
|-damage|p2a: Rebel Rebel|71/100
|
|upkeep
|turn|42
|inactive|soulgazer has 240 seconds left.
|
|t:|1663532490
|move|p1a: Doublade|Shadow Claw|p2a: Rebel Rebel
|-damage|p2a: Rebel Rebel|37/100
|move|p2a: Rebel Rebel|Energy Ball|p1a: Doublade
|-resisted|p1a: Doublade
|-damage|p1a: Doublade|0 fnt
|faint|p1a: Doublade
|
|upkeep
|
|t:|1663532494
|switch|p1a: Glastrier|Glastrier|77/100
|turn|43
|
|t:|1663532504
|switch|p2a: Tonight|Gigalith, M, shiny|87/100
|-weather|Sandstorm|[from] ability: Sand Stream|[of] p2a: Tonight
|move|p1a: Glastrier|Substitute|p1a: Glastrier
|-start|p1a: Glastrier|Substitute
|-damage|p1a: Glastrier|52/100
|
|-weather|Sandstorm|[upkeep]
|-damage|p1a: Glastrier|46/100|[from] Sandstorm
|-heal|p2a: Tonight|94/100|[from] item: Leftovers
|-fieldend|move: Trick Room
|upkeep
|turn|44
|
|t:|1663532510
|switch|p1a: Audino|Audino, M|70/100 psn
|move|p2a: Tonight|Rock Blast|p1a: Audino
|-damage|p1a: Audino|61/100 psn
|-damage|p1a: Audino|51/100 psn
|-damage|p1a: Audino|42/100 psn
|-damage|p1a: Audino|32/100 psn
|-damage|p1a: Audino|22/100 psn
|-hitcount|p1a: Audino|5
|
|-weather|Sandstorm|[upkeep]
|-damage|p1a: Audino|16/100 psn|[from] Sandstorm
|-heal|p2a: Tonight|99/100|[from] item: Leftovers
|-damage|p1a: Audino|4/100 psn|[from] psn
|upkeep
|turn|45
|
|t:|1663532525
|move|p1a: Audino|Wish|p1a: Audino
|move|p2a: Tonight|Stealth Rock|p1a: Audino
|-sidestart|p1: Lambovino|move: Stealth Rock
|
|-weather|Sandstorm|[upkeep]
|-damage|p1a: Audino|0 fnt|[from] Sandstorm
|faint|p1a: Audino
|-heal|p2a: Tonight|100/100|[from] item: Leftovers
|upkeep
|
|t:|1663532548
|switch|p1a: Glastrier|Glastrier|46/100
|turn|46
|
|t:|1663532555
|move|p2a: Tonight|Rock Blast|p1a: Glastrier
|-supereffective|p1a: Glastrier
|-damage|p1a: Glastrier|30/100
|-supereffective|p1a: Glastrier
|-damage|p1a: Glastrier|16/100
|-supereffective|p1a: Glastrier
|-damage|p1a: Glastrier|2/100
|-hitcount|p1a: Glastrier|3
|move|p1a: Glastrier|High Horsepower|p2a: Tonight
|-supereffective|p2a: Tonight
|-damage|p2a: Tonight|44/100
|
|-weather|Sandstorm|[upkeep]
|-damage|p1a: Glastrier|0 fnt|[from] Sandstorm
|faint|p1a: Glastrier
|-heal|p2a: Tonight|50/100|[from] item: Leftovers
|upkeep
|
|t:|1663532565
|switch|p1a: Quagsire|Quagsire, F|76/100 brn
|turn|47
|c|☆Lambovino|gg
|c|☆soulgazer|gg
|-message|Lambovino forfeited.
|
|win|soulgazer
|player|p1|Lambovino|#scl2spartans
