|inactive|Battle timer is ON: inactive players will automatically lose when time's up.
|t:|1657472433
|gametype|singles
|player|p1|ktutverde|blue-gen3|
|player|p2|lax|rosa|
|teamsize|p1|6
|teamsize|p2|6
|gen|8
|tier|[Gen 8] PU
|rule|Sleep Clause Mod: Limit one foe put to sleep
|rule|Species Clause: Limit one of each Pokémon
|rule|OHKO Clause: OHKO moves are banned
|rule|Evasion Moves Clause: Evasion moves are banned
|rule|Endless Battle Clause: Forcing endless battles is banned
|rule|HP Percentage Mod: HP is shown in percentages
|rule|Dynamax Clause: You cannot dynamax
|clearpoke
|poke|p1|Guzzlord|
|poke|p1|Charizard, F|
|poke|p1|Doublade, F|
|poke|p1|Sandslash, M|
|poke|p1|Gigalith, M|
|poke|p1|Whimsicott, M|
|poke|p2|Cinccino, F|
|poke|p2|Doublade, F|
|poke|p2|Coalossal, F|
|poke|p2|Eldegoss, F|
|poke|p2|Ribombee, M|
|poke|p2|Wishiwashi, F|
|teampreview
|c|☆ktutverde|hf!
|c|☆lax|u2
|inactive|ktutverde has 270 seconds left.
|inactive|lax has 270 seconds left.
|inactive|ktutverde has 240 seconds left.
|inactive|ktutverde has 210 seconds left.
|
|t:|1657472545
|start
|switch|p1a: Guzzlord|Guzzlord|100/100
|switch|p2a: Cutetush|Cinccino, F|100/100
|turn|1
|inactive|ktutverde has 240 seconds left.
|
|t:|1657472570
|move|p2a: Cutetush|U-turn|p1a: Guzzlord
|-supereffective|p1a: Guzzlord
|-damage|p1a: Guzzlord|62/100
|
|t:|1657472585
|switch|p2a: snagy-poo|Eldegoss, F|100/100|[from]move: U-turn
|move|p1a: Guzzlord|Knock Off|p2a: snagy-poo
|-damage|p2a: snagy-poo|31/100
|-enditem|p2a: snagy-poo|Heavy-Duty Boots|[from] move: Knock Off|[of] p1a: Guzzlord
|
|upkeep
|turn|2
|c|☆lax|termi
|c|☆lax|this might be an issue
|inactive|lax has 270 seconds left.
|inactive|lax has 240 seconds left.
|
|t:|1657472670
|switch|p2a: Starmaster|Coalossal, F|100/100
|move|p1a: Guzzlord|Knock Off|p2a: Starmaster
|-damage|p2a: Starmaster|56/100
|-status|p1a: Guzzlord|brn|[from] ability: Flame Body|[of] p2a: Starmaster
|-enditem|p2a: Starmaster|Heavy-Duty Boots|[from] move: Knock Off|[of] p1a: Guzzlord
|
|-damage|p1a: Guzzlord|56/100 brn|[from] brn
|upkeep
|turn|3
|inactive|ktutverde has 240 seconds left.
|
|t:|1657472700
|switch|p1a: Gigalith|Gigalith, M|100/100
|-weather|Sandstorm|[from] ability: Sand Stream|[of] p1a: Gigalith
|move|p2a: Starmaster|Spikes|p1a: Gigalith
|-sidestart|p1: ktutverde|Spikes
|
|-weather|Sandstorm|[upkeep]
|upkeep
|turn|4
|inactive|lax has 210 seconds left.
|
|t:|1657472725
|switch|p2a: aiko|Doublade, F|100/100
|move|p1a: Gigalith|Stealth Rock|p2a: aiko
|-sidestart|p2: lax|move: Stealth Rock
|
|-weather|Sandstorm|[upkeep]
|upkeep
|turn|5
|inactive|ktutverde has 210 seconds left.
|
|t:|1657472756
|switch|p1a: Guzzlord|Guzzlord|56/100 brn
|-damage|p1a: Guzzlord|44/100 brn|[from] Spikes
|move|p2a: aiko|Toxic||[still]
|-fail|p2a: aiko
|
|-weather|Sandstorm|[upkeep]
|-damage|p1a: Guzzlord|38/100 brn|[from] Sandstorm
|-damage|p1a: Guzzlord|32/100 brn|[from] brn
|upkeep
|turn|6
|inactive|ktutverde has 210 seconds left.
|
|t:|1657472770
|switch|p2a: ABR|Ribombee, M|100/100
|move|p1a: Guzzlord|Knock Off|p2a: ABR
|-resisted|p2a: ABR
|-crit|p2a: ABR
|-damage|p2a: ABR|55/100
|-enditem|p2a: ABR|Heavy-Duty Boots|[from] move: Knock Off|[of] p1a: Guzzlord
|
|-weather|Sandstorm|[upkeep]
|-damage|p2a: ABR|49/100|[from] Sandstorm
|-damage|p1a: Guzzlord|25/100 brn|[from] Sandstorm
|-damage|p1a: Guzzlord|19/100 brn|[from] brn
|upkeep
|turn|7
|inactive|ktutverde has 210 seconds left.
|
|t:|1657472805
|switch|p1a: Charizard|Charizard, F|100/100
|move|p2a: ABR|Roost|p2a: ABR
|-heal|p2a: ABR|99/100
|-singleturn|p2a: ABR|move: Roost
|
|-weather|none
|upkeep
|turn|8
|
|t:|1657472820
|move|p2a: ABR|U-turn|p1a: Charizard
|-resisted|p1a: Charizard
|-damage|p1a: Charizard|96/100
|
|t:|1657472825
|switch|p2a: ima (arlong parc)|Wishiwashi, F|100/100|[from]move: U-turn
|-damage|p2a: ima (arlong parc)|88/100|[from] Stealth Rock
|-formechange|p2a: ima (arlong parc)|Wishiwashi-School||[from] ability: Schooling
|move|p1a: Charizard|Hurricane|p2a: ima (arlong parc)|[miss]
|-miss|p1a: Charizard|p2a: ima (arlong parc)
|
|-heal|p2a: ima (arlong parc)|94/100|[from] item: Leftovers
|upkeep
|turn|9
|inactive|ktutverde has 180 seconds left.
|
|t:|1657472871
|switch|p1a: Guzzlord|Guzzlord|19/100 brn
|-damage|p1a: Guzzlord|7/100 brn|[from] Spikes
|move|p2a: ima (arlong parc)|U-turn|p1a: Guzzlord
|-supereffective|p1a: Guzzlord
|-damage|p1a: Guzzlord|0 fnt
|faint|p1a: Guzzlord
|
|t:|1657472886
|switch|p2a: Cutetush|Cinccino, F|100/100|[from]move: U-turn
|-damage|p2a: Cutetush|88/100|[from] Stealth Rock
|
|upkeep
|inactive|ktutverde has 150 seconds left.
|
|t:|1657472931
|switch|p1a: Whimsicott|Whimsicott, M|100/100
|turn|10
|inactive|lax has 210 seconds left.
|
|t:|1657472964
|switch|p2a: snagy-poo|Eldegoss, F|64/100
|-damage|p2a: snagy-poo|52/100|[from] Stealth Rock
|move|p1a: Whimsicott|Moonblast|p2a: snagy-poo
|-damage|p2a: snagy-poo|20/100
|
|upkeep
|turn|11
|inactive|lax has 210 seconds left.
|
|t:|1657472990
|switch|p2a: Starmaster|Coalossal, F|56/100
|-damage|p2a: Starmaster|31/100|[from] Stealth Rock
|move|p1a: Whimsicott|Moonblast|p2a: Starmaster
|-resisted|p2a: Starmaster
|-damage|p2a: Starmaster|20/100
|-unboost|p2a: Starmaster|spa|1
|
|upkeep
|turn|12
|inactive|ktutverde has 120 seconds left.
|
|t:|1657473029
|switch|p1a: Gigalith|Gigalith, M|100/100
|-damage|p1a: Gigalith|88/100|[from] Spikes
|-weather|Sandstorm|[from] ability: Sand Stream|[of] p1a: Gigalith
|move|p2a: Starmaster|Spikes|p1a: Gigalith
|-sidestart|p1: ktutverde|Spikes
|
|-weather|Sandstorm|[upkeep]
|-heal|p1a: Gigalith|94/100|[from] item: Leftovers
|upkeep
|turn|13
|
|t:|1657473048
|switch|p2a: aiko|Doublade, F|100/100
|-damage|p2a: aiko|94/100|[from] Stealth Rock
|move|p1a: Gigalith|Earthquake|p2a: aiko
|-supereffective|p2a: aiko
|-damage|p2a: aiko|71/100
|
|-weather|Sandstorm|[upkeep]
|-heal|p1a: Gigalith|100/100|[from] item: Leftovers
|upkeep
|turn|14
|inactive|ktutverde has 90 seconds left.
|
|t:|1657473067
|switch|p1a: Sandslash|Sandslash, M|100/100
|-damage|p1a: Sandslash|84/100|[from] Spikes
|move|p2a: aiko|Toxic|p1a: Sandslash
|-status|p1a: Sandslash|tox
|
|-weather|Sandstorm|[upkeep]
|-damage|p1a: Sandslash|78/100 tox|[from] psn
|upkeep
|turn|15
|inactive|ktutverde has 90 seconds left.
|
|t:|1657473078
|move|p1a: Sandslash|Spikes|p2a: aiko
|-sidestart|p2: lax|Spikes
|move|p2a: aiko|Shadow Claw|p1a: Sandslash
|-crit|p1a: Sandslash
|-damage|p1a: Sandslash|45/100 tox
|-damage|p2a: aiko|55/100|[from] item: Rocky Helmet|[of] p1a: Sandslash
|
|-weather|Sandstorm|[upkeep]
|-damage|p1a: Sandslash|33/100 tox|[from] psn
|upkeep
|turn|16
|inactive|ktutverde has 90 seconds left.
|
|t:|1657473093
|move|p1a: Sandslash|Spikes|p2a: aiko
|-sidestart|p2: lax|Spikes
|move|p2a: aiko|Rest|p2a: aiko
|-status|p2a: aiko|slp|[from] move: Rest
|-heal|p2a: aiko|100/100 slp|[silent]
|
|-weather|none
|-damage|p1a: Sandslash|14/100 tox|[from] psn
|upkeep
|turn|17
|inactive|ktutverde has 90 seconds left.
|
|t:|1657473111
|move|p1a: Sandslash|Knock Off|p2a: aiko
|-supereffective|p2a: aiko
|-damage|p2a: aiko|82/100 slp
|-enditem|p2a: aiko|Eviolite|[from] move: Knock Off|[of] p1a: Sandslash
|cant|p2a: aiko|slp
|
|-damage|p1a: Sandslash|0 fnt|[from] psn
|faint|p1a: Sandslash
|upkeep
|
|t:|1657473130
|switch|p1a: Charizard|Charizard, F|96/100
|turn|18
|
|t:|1657473145
|switch|p2a: Starmaster|Coalossal, F|20/100
|-damage|p2a: Starmaster|0 fnt|[from] Stealth Rock
|faint|p2a: Starmaster
|move|p1a: Charizard|Hurricane|p2: Starmaster|[notarget]
|-fail|p1a: Charizard
|
|upkeep
|
|t:|1657473156
|switch|p2a: ima (arlong parc)|Wishiwashi, F|94/100
|-damage|p2a: ima (arlong parc)|82/100|[from] Stealth Rock
|-damage|p2a: ima (arlong parc)|65/100|[from] Spikes
|-formechange|p2a: ima (arlong parc)|Wishiwashi-School||[from] ability: Schooling
|turn|19
|inactive|ktutverde has 60 seconds left.
|
|t:|1657473176
|switch|p1a: Whimsicott|Whimsicott, M|100/100
|move|p2a: ima (arlong parc)|Scald|p1a: Whimsicott
|-resisted|p1a: Whimsicott
|-damage|p1a: Whimsicott|69/100
|-status|p1a: Whimsicott|brn
|
|-heal|p2a: ima (arlong parc)|72/100|[from] item: Leftovers
|-damage|p1a: Whimsicott|63/100 brn|[from] brn
|upkeep
|turn|20
|inactive|ktutverde has 60 seconds left.
|
|t:|1657473202
|switch|p2a: ABR|Ribombee, M|99/100
|-damage|p2a: ABR|74/100|[from] Stealth Rock
|-damage|p2a: ABR|58/100|[from] Spikes
|move|p1a: Whimsicott|Giga Drain|p2a: ABR
|-resisted|p2a: ABR
|-damage|p2a: ABR|36/100
|-heal|p1a: Whimsicott|74/100 brn|[from] drain|[of] p2a: ABR
|
|-damage|p1a: Whimsicott|68/100 brn|[from] brn
|upkeep
|turn|21
|
|t:|1657473216
|switch|p1a: Charizard|Charizard, F|96/100
|move|p2a: ABR|U-turn|p1a: Charizard
|-resisted|p1a: Charizard
|-damage|p1a: Charizard|91/100
|
|t:|1657473221
|switch|p2a: Cutetush|Cinccino, F|88/100|[from]move: U-turn
|-damage|p2a: Cutetush|76/100|[from] Stealth Rock
|-damage|p2a: Cutetush|59/100|[from] Spikes
|
|upkeep
|turn|22
|inactive|ktutverde has 60 seconds left.
|
|t:|1657473240
|switch|p1a: Doublade|Doublade, F|100/100
|-damage|p1a: Doublade|84/100|[from] Spikes
|move|p2a: Cutetush|Knock Off|p1a: Doublade
|-supereffective|p1a: Doublade
|-damage|p1a: Doublade|59/100
|-enditem|p1a: Doublade|Eviolite|[from] move: Knock Off|[of] p2a: Cutetush
|
|upkeep
|turn|23
|
|t:|1657473267
|move|p2a: Cutetush|U-turn|p1a: Doublade
|-resisted|p1a: Doublade
|-damage|p1a: Doublade|55/100
|inactive|lax has 240 seconds left.
|
|t:|1657473280
|switch|p2a: ABR|Ribombee, M|36/100|[from]move: U-turn
|-damage|p2a: ABR|11/100|[from] Stealth Rock
|-damage|p2a: ABR|0 fnt|[from] Spikes
|faint|p2a: ABR
|move|p1a: Doublade|Sacred Sword|p2: ABR|[notarget]
|-fail|p1a: Doublade
|
|upkeep
|inactive|lax has 240 seconds left.
|
|t:|1657473286
|switch|p2a: ima (arlong parc)|Wishiwashi, F|72/100
|-damage|p2a: ima (arlong parc)|59/100|[from] Stealth Rock
|-damage|p2a: ima (arlong parc)|43/100|[from] Spikes
|-formechange|p2a: ima (arlong parc)|Wishiwashi-School||[from] ability: Schooling
|turn|24
|
|t:|1657473304
|move|p1a: Doublade|Swords Dance|p1a: Doublade
|-boost|p1a: Doublade|atk|2
|move|p2a: ima (arlong parc)|Scald|p1a: Doublade
|-crit|p1a: Doublade
|-damage|p1a: Doublade|0 fnt
|faint|p1a: Doublade
|
|-heal|p2a: ima (arlong parc)|49/100|[from] item: Leftovers
|upkeep
|
|t:|1657473311
|switch|p1a: Whimsicott|Whimsicott, M|68/100 brn
|turn|25
|inactive|lax has 240 seconds left.
|
|t:|1657473335
|switch|p2a: snagy-poo|Eldegoss, F|53/100
|-damage|p2a: snagy-poo|40/100|[from] Stealth Rock
|-damage|p2a: snagy-poo|24/100|[from] Spikes
|move|p1a: Whimsicott|Giga Drain|p2a: snagy-poo
|-resisted|p2a: snagy-poo
|-damage|p2a: snagy-poo|12/100
|-heal|p1a: Whimsicott|76/100 brn|[from] drain|[of] p2a: snagy-poo
|
|-damage|p1a: Whimsicott|70/100 brn|[from] brn
|upkeep
|turn|26
|inactive|lax has 240 seconds left.
|
|t:|1657473358
|move|p1a: Whimsicott|Moonblast|p2a: snagy-poo
|-damage|p2a: snagy-poo|0 fnt
|faint|p2a: snagy-poo
|
|-damage|p1a: Whimsicott|64/100 brn|[from] brn
|upkeep
|
|t:|1657473360
|switch|p2a: aiko|Doublade, F|82/100 slp
|-damage|p2a: aiko|76/100 slp|[from] Stealth Rock
|-damage|p2a: aiko|60/100 slp|[from] Spikes
|turn|27
|inactive|lax has 240 seconds left.
|c|☆lax|gg
|-message|lax forfeited.
|
|win|ktutverde
