|inactive|Battle timer is ON: inactive players will automatically lose when time's up.
|t:|1660248544
|gametype|singles
|player|p1|zs|dawn|
|player|p2|ktutverde|blue-gen3|
|teamsize|p1|6
|teamsize|p2|6
|gen|8
|tier|[Gen 8] PU
|rule|Sleep Clause Mod: Limit one foe put to sleep
|rule|Species Clause: Limit one of each Pokémon
|rule|OHKO Clause: OHKO moves are banned
|rule|Evasion Moves Clause: Evasion moves are banned
|rule|Endless Battle Clause: Forcing endless battles is banned
|rule|HP Percentage Mod: HP is shown in percentages
|rule|Dynamax Clause: You cannot dynamax
|clearpoke
|poke|p1|Articuno-Galar|
|poke|p1|Cryogonal|
|poke|p1|Sandaconda, F|
|poke|p1|Ferroseed, F|
|poke|p1|Silvally-*|
|poke|p1|Togedemaru, M|
|poke|p2|Centiskorch, F|
|poke|p2|Rhydon, M|
|poke|p2|Doublade, F|
|poke|p2|Whimsicott, M|
|poke|p2|Wishiwashi, F|
|poke|p2|Sneasel, M|
|teampreview
|c|☆ktutverde|hf!
|c|☆zs|hf
|c|☆zs|!
|inactive|zs has 270 seconds left.
|inactive|ktutverde has 270 seconds left.
|inactive|zs has 240 seconds left.
|inactive|ktutverde has 240 seconds left.
|inactive|zs has 210 seconds left.
|inactive|ktutverde has 210 seconds left.
|
|t:|1660248660
|start
|switch|p1a: Togedemaru|Togedemaru, M|100/100
|switch|p2a: Rhydon du ciel|Rhydon, M|100/100
|turn|1
|inactive|zs has 270 seconds left.
|
|t:|1660248673
|move|p1a: Togedemaru|U-turn|p2a: Rhydon du ciel
|-damage|p2a: Rhydon du ciel|90/100
|inactive|zs has 270 seconds left.
|
|t:|1660248682
|switch|p1a: silvallié|Silvally-Water|100/100|[from]move: U-turn
|move|p2a: Rhydon du ciel|Stealth Rock|p1a: silvallié
|-sidestart|p1: zs|move: Stealth Rock
|
|upkeep
|turn|2
|c|☆ktutverde|le coquin
|inactive|ktutverde has 240 seconds left.
|inactive|zs has 270 seconds left.
|
|t:|1660248709
|move|p1a: silvallié|U-turn|p2a: Rhydon du ciel
|-damage|p2a: Rhydon du ciel|81/100
|
|t:|1660248711
|switch|p1a: dunaconda|Sandaconda, F|100/100|[from]move: U-turn
|-damage|p1a: dunaconda|94/100|[from] Stealth Rock
|move|p2a: Rhydon du ciel|Earthquake|p1a: dunaconda
|-damage|p1a: dunaconda|65/100
|
|upkeep
|turn|3
|inactive|ktutverde has 240 seconds left.
|
|t:|1660248738
|switch|p2a: lil guys hangin|Wishiwashi, F|100/100
|-formechange|p2a: lil guys hangin|Wishiwashi-School||[from] ability: Schooling
|move|p1a: dunaconda|Earthquake|p2a: lil guys hangin
|-damage|p2a: lil guys hangin|77/100
|
|upkeep
|turn|4
|
|t:|1660248757
|switch|p1a: grindur|Ferroseed, F|100/100
|-damage|p1a: grindur|94/100|[from] Stealth Rock
|move|p2a: lil guys hangin|Scald|p1a: grindur
|-resisted|p1a: grindur
|-damage|p1a: grindur|79/100
|-status|p1a: grindur|brn
|
|-damage|p1a: grindur|73/100 brn|[from] brn
|upkeep
|turn|5
|
|t:|1660248779
|move|p2a: lil guys hangin|U-turn|p1a: grindur
|-damage|p1a: grindur|59/100 brn
|-damage|p2a: lil guys hangin|64/100|[from] ability: Iron Barbs|[of] p1a: grindur
|
|t:|1660248786
|switch|p2a: Tapis Roulant|Centiskorch, F|100/100|[from]move: U-turn
|move|p1a: grindur|Leech Seed|p2a: Tapis Roulant
|-start|p2a: Tapis Roulant|move: Leech Seed
|
|-damage|p2a: Tapis Roulant|88/100|[from] Leech Seed|[of] p1a: grindur
|-heal|p1a: grindur|73/100 brn|[silent]
|-damage|p1a: grindur|67/100 brn|[from] brn
|upkeep
|turn|6
|inactive|ktutverde has 210 seconds left.
|
|t:|1660248806
|switch|p2a: lil guys hangin|Wishiwashi, F|64/100
|-formechange|p2a: lil guys hangin|Wishiwashi-School||[from] ability: Schooling
|move|p1a: grindur|Stealth Rock|p2a: lil guys hangin
|-sidestart|p2: ktutverde|move: Stealth Rock
|
|-damage|p1a: grindur|61/100 brn|[from] brn
|upkeep
|turn|7
|inactive|ktutverde has 210 seconds left.
|
|t:|1660248820
|move|p2a: lil guys hangin|U-turn|p1a: grindur
|-damage|p1a: grindur|49/100 brn
|-damage|p2a: lil guys hangin|52/100|[from] ability: Iron Barbs|[of] p1a: grindur
|
|t:|1660248824
|switch|p2a: 100% Coton|Whimsicott, M|100/100|[from]move: U-turn
|move|p1a: grindur|Gyro Ball|p2a: 100% Coton
|-supereffective|p2a: 100% Coton
|-damage|p2a: 100% Coton|56/100
|
|-damage|p1a: grindur|43/100 brn|[from] brn
|upkeep
|turn|8
|inactive|ktutverde has 210 seconds left.
|
|t:|1660248836
|move|p2a: 100% Coton|Moonblast|p1a: grindur
|-resisted|p1a: grindur
|-damage|p1a: grindur|28/100 brn
|move|p1a: grindur|Leech Seed|p2a: 100% Coton
|-immune|p2a: 100% Coton
|
|-damage|p1a: grindur|22/100 brn|[from] brn
|upkeep
|turn|9
|
|t:|1660248844
|switch|p1a: hexagel|Cryogonal|100/100
|move|p2a: 100% Coton|Moonblast|p1a: hexagel
|-damage|p1a: hexagel|75/100
|-unboost|p1a: hexagel|spa|1
|
|upkeep
|turn|10
|inactive|ktutverde has 210 seconds left.
|
|t:|1660248861
|move|p2a: 100% Coton|U-turn|p1a: hexagel
|-damage|p1a: hexagel|62/100
|inactive|ktutverde has 210 seconds left.
|
|t:|1660248890
|switch|p2a: Tapis Roulant|Centiskorch, F|88/100|[from]move: U-turn
|move|p1a: hexagel|Knock Off|p2a: Tapis Roulant
|-damage|p2a: Tapis Roulant|71/100
|-enditem|p2a: Tapis Roulant|Heavy-Duty Boots|[from] move: Knock Off|[of] p1a: hexagel
|
|upkeep
|turn|11
|
|t:|1660248901
|switch|p1a: silvallié|Silvally-Water|100/100
|-damage|p1a: silvallié|88/100|[from] Stealth Rock
|move|p2a: Tapis Roulant|Fire Lash|p1a: silvallié
|-resisted|p1a: silvallié
|-damage|p1a: silvallié|69/100
|-unboost|p1a: silvallié|def|1
|
|upkeep
|turn|12
|inactive|ktutverde has 180 seconds left.
|
|t:|1660248945
|switch|p2a: lil guys hangin|Wishiwashi, F|52/100
|-formechange|p2a: lil guys hangin|Wishiwashi-School||[from] ability: Schooling
|move|p1a: silvallié|Multi-Attack|p2a: lil guys hangin
|-resisted|p2a: lil guys hangin
|-damage|p2a: lil guys hangin|39/100
|
|upkeep
|turn|13
|
|t:|1660248955
|move|p1a: silvallié|U-turn|p2a: lil guys hangin
|-damage|p2a: lil guys hangin|28/100
|
|t:|1660248958
|switch|p1a: hexagel|Cryogonal|62/100|[from]move: U-turn
|move|p2a: lil guys hangin|Rest|p2a: lil guys hangin
|-status|p2a: lil guys hangin|slp|[from] move: Rest
|-heal|p2a: lil guys hangin|100/100 slp|[silent]
|
|upkeep
|turn|14
|inactive|ktutverde has 150 seconds left.
|
|t:|1660249005
|switch|p2a: TBHonedge|Doublade, F|100/100
|-damage|p2a: TBHonedge|94/100|[from] Stealth Rock
|move|p1a: hexagel|Rapid Spin|p2a: TBHonedge
|-immune|p2a: TBHonedge
|
|upkeep
|turn|15
|
|t:|1660249016
|switch|p1a: dunaconda|Sandaconda, F|65/100
|-damage|p1a: dunaconda|59/100|[from] Stealth Rock
|move|p2a: TBHonedge|Swords Dance|p2a: TBHonedge
|-boost|p2a: TBHonedge|atk|2
|
|upkeep
|turn|16
|inactive|ktutverde has 120 seconds left.
|
|t:|1660249059
|switch|p2a: lil guys hangin|Wishiwashi, F|100/100 slp
|-formechange|p2a: lil guys hangin|Wishiwashi-School||[from] ability: Schooling
|move|p1a: dunaconda|Coil|p1a: dunaconda
|-boost|p1a: dunaconda|atk|1
|-boost|p1a: dunaconda|def|1
|-boost|p1a: dunaconda|accuracy|1
|
|upkeep
|turn|17
|
|t:|1660249070
|switch|p1a: silvallié|Silvally-Water|69/100
|-damage|p1a: silvallié|56/100|[from] Stealth Rock
|cant|p2a: lil guys hangin|slp
|move|p2a: lil guys hangin|Sleep Talk|p2a: lil guys hangin
|move|p2a: lil guys hangin|Scald|p1a: silvallié|[from]move: Sleep Talk
|-resisted|p1a: silvallié
|-damage|p1a: silvallié|45/100
|-status|p1a: silvallié|brn
|
|-damage|p1a: silvallié|38/100 brn|[from] brn
|upkeep
|turn|18
|
|t:|1660249081
|move|p1a: silvallié|Rest|p1a: silvallié
|-status|p1a: silvallié|slp|[from] move: Rest
|-heal|p1a: silvallié|100/100 slp|[silent]
|cant|p2a: lil guys hangin|slp
|move|p2a: lil guys hangin|Sleep Talk|p2a: lil guys hangin
|move|p2a: lil guys hangin|U-turn|p1a: silvallié|[from]move: Sleep Talk
|-damage|p1a: silvallié|82/100 slp
|c|☆ktutverde|that's hot
|inactive|ktutverde has 90 seconds left.
|
|t:|1660249104
|switch|p2a: 100% Coton|Whimsicott, M|56/100|[from]move: U-turn
|
|upkeep
|turn|19
|
|t:|1660249114
|move|p2a: 100% Coton|Defog|p1a: silvallié
|-unboost|p1a: silvallié|evasion|1
|-sideend|p1: zs|Stealth Rock|[from] move: Defog|[of] p2a: 100% Coton
|-sideend|p2: ktutverde|Stealth Rock|[from] move: Defog|[of] p2a: 100% Coton
|cant|p1a: silvallié|slp
|move|p1a: silvallié|Sleep Talk|p1a: silvallié
|move|p1a: silvallié|U-turn|p2a: 100% Coton|[from]move: Sleep Talk
|-damage|p2a: 100% Coton|33/100
|
|t:|1660249117
|switch|p1a: Togedemaru|Togedemaru, M|100/100|[from]move: U-turn
|
|upkeep
|turn|20
|inactive|ktutverde has 90 seconds left.
|inactive|zs has 270 seconds left.
|
|t:|1660249163
|move|p1a: Togedemaru|U-turn|p2a: 100% Coton
|-damage|p2a: 100% Coton|3/100
|
|t:|1660249165
|switch|p1a: grindur|Ferroseed, F|22/100 brn|[from]move: U-turn
|move|p2a: 100% Coton|U-turn|p1a: grindur
|-damage|p1a: grindur|16/100 brn
|-damage|p2a: 100% Coton|0 fnt|[from] ability: Iron Barbs|[of] p1a: grindur
|faint|p2a: 100% Coton
|
|-damage|p1a: grindur|10/100 brn|[from] brn
|upkeep
|inactive|ktutverde has 90 seconds left.
|
|t:|1660249184
|switch|p2a: D4RK N1NJ4|Sneasel, M|100/100
|turn|21
|
|t:|1660249189
|move|p2a: D4RK N1NJ4|Knock Off|p1a: grindur
|-damage|p1a: grindur|0 fnt
|-damage|p2a: D4RK N1NJ4|88/100|[from] ability: Iron Barbs|[of] p1a: grindur
|-enditem|p1a: grindur|Eviolite|[from] move: Knock Off|[of] p2a: D4RK N1NJ4
|faint|p1a: grindur
|
|upkeep
|
|t:|1660249192
|switch|p1a: Togedemaru|Togedemaru, M|100/100
|turn|22
|inactive|ktutverde has 90 seconds left.
|
|t:|1660249215
|switch|p2a: Tapis Roulant|Centiskorch, F|71/100
|move|p1a: Togedemaru|U-turn|p2a: Tapis Roulant
|-resisted|p2a: Tapis Roulant
|-damage|p2a: Tapis Roulant|56/100
|
|t:|1660249233
|switch|p1a: artikodin|Articuno-Galar|100/100|[from]move: U-turn
|
|upkeep
|turn|23
|inactive|ktutverde has 90 seconds left.
|inactive|zs has 270 seconds left.
|inactive|ktutverde has 60 seconds left.
|
|t:|1660249282
|move|p1a: artikodin|Freezing Glare|p2a: Tapis Roulant
|-damage|p2a: Tapis Roulant|0 fnt
|faint|p2a: Tapis Roulant
|
|upkeep
|inactive|ktutverde has 60 seconds left.
|
|t:|1660249290
|switch|p2a: D4RK N1NJ4|Sneasel, M|88/100
|turn|24
|
|t:|1660249294
|switch|p1a: silvallié|Silvally-Water|82/100 slp
|move|p2a: D4RK N1NJ4|Knock Off|p1a: silvallié
|-damage|p1a: silvallié|46/100 slp
|
|upkeep
|turn|25
|inactive|ktutverde has 60 seconds left.
|
|t:|1660249315
|switch|p2a: lil guys hangin|Wishiwashi, F|100/100 slp
|-formechange|p2a: lil guys hangin|Wishiwashi-School||[from] ability: Schooling
|cant|p1a: silvallié|slp
|move|p1a: silvallié|Sleep Talk|p1a: silvallié
|move|p1a: silvallié|U-turn|p2a: lil guys hangin|[from]move: Sleep Talk
|-damage|p2a: lil guys hangin|89/100 slp
|
|t:|1660249320
|switch|p1a: artikodin|Articuno-Galar|100/100|[from]move: U-turn
|
|upkeep
|turn|26
|inactive|ktutverde has 60 seconds left.
|inactive|zs has 270 seconds left.
|
|t:|1660249351
|switch|p2a: Rhydon du ciel|Rhydon, M|81/100
|move|p1a: artikodin|Hurricane|p2a: Rhydon du ciel
|-resisted|p2a: Rhydon du ciel
|-damage|p2a: Rhydon du ciel|47/100
|
|upkeep
|turn|27
|inactive|zs has 270 seconds left.
|
|t:|1660249374
|switch|p1a: silvallié|Silvally-Water|46/100 slp
|move|p2a: Rhydon du ciel|Stealth Rock|p1a: silvallié
|-sidestart|p1: zs|move: Stealth Rock
|
|upkeep
|turn|28
|
|t:|1660249384
|switch|p2a: lil guys hangin|Wishiwashi, F|89/100 slp
|-formechange|p2a: lil guys hangin|Wishiwashi-School||[from] ability: Schooling
|-curestatus|p1a: silvallié|slp|[msg]
|move|p1a: silvallié|Multi-Attack|p2a: lil guys hangin
|-resisted|p2a: lil guys hangin
|-damage|p2a: lil guys hangin|76/100 slp
|
|upkeep
|turn|29
|
|t:|1660249397
|move|p1a: silvallié|Rest|p1a: silvallié
|-status|p1a: silvallié|slp|[from] move: Rest
|-heal|p1a: silvallié|100/100 slp|[silent]
|-curestatus|p2a: lil guys hangin|slp|[msg]
|move|p2a: lil guys hangin|U-turn|p1a: silvallié
|-damage|p1a: silvallié|81/100 slp
|
|t:|1660249405
|switch|p2a: TBHonedge|Doublade, F|94/100|[from]move: U-turn
|
|upkeep
|turn|30
|inactive|ktutverde has 60 seconds left.
|
|t:|1660249425
|switch|p1a: dunaconda|Sandaconda, F|59/100
|-damage|p1a: dunaconda|53/100|[from] Stealth Rock
|move|p2a: TBHonedge|Swords Dance|p2a: TBHonedge
|-boost|p2a: TBHonedge|atk|2
|
|upkeep
|turn|31
|
|t:|1660249444
|move|p1a: dunaconda|Coil|p1a: dunaconda
|-boost|p1a: dunaconda|atk|1
|-boost|p1a: dunaconda|def|1
|-boost|p1a: dunaconda|accuracy|1
|move|p2a: TBHonedge|Swords Dance|p2a: TBHonedge
|-boost|p2a: TBHonedge|atk|2
|
|upkeep
|turn|32
|c|+PepeDuce|Oh oh
|inactive|ktutverde has 60 seconds left.
|c|+S-arcobaleno|...
|
|t:|1660249464
|switch|p2a: lil guys hangin|Wishiwashi, F|76/100
|-formechange|p2a: lil guys hangin|Wishiwashi-School||[from] ability: Schooling
|move|p1a: dunaconda|Earthquake|p2a: lil guys hangin
|-damage|p2a: lil guys hangin|36/100
|
|upkeep
|turn|33
|c|+S-arcobaleno|tout ça
|inactive|ktutverde has 60 seconds left.
|
|t:|1660249474
|switch|p2a: Rhydon du ciel|Rhydon, M|47/100
|move|p1a: dunaconda|Earthquake|p2a: Rhydon du ciel
|-supereffective|p2a: Rhydon du ciel
|-damage|p2a: Rhydon du ciel|0 fnt
|faint|p2a: Rhydon du ciel
|
|upkeep
|inactive|ktutverde has 60 seconds left.
|
|t:|1660249482
|switch|p2a: D4RK N1NJ4|Sneasel, M|88/100
|turn|34
|inactive|ktutverde has 60 seconds left.
|
|t:|1660249505
|switch|p1a: Togedemaru|Togedemaru, M|100/100
|-damage|p1a: Togedemaru|95/100|[from] Stealth Rock
|move|p2a: D4RK N1NJ4|Knock Off|p1a: Togedemaru
|-damage|p1a: Togedemaru|0 fnt
|-enditem|p1a: Togedemaru|Choice Scarf|[from] move: Knock Off|[of] p2a: D4RK N1NJ4
|faint|p1a: Togedemaru
|
|upkeep
|
|t:|1660249519
|switch|p1a: silvallié|Silvally-Water|81/100 slp
|-damage|p1a: silvallié|69/100 slp|[from] Stealth Rock
|turn|35
|c|+PepeDuce|Oh. Oh
|inactive|zs has 270 seconds left.
|
|t:|1660249535
|move|p2a: D4RK N1NJ4|Knock Off|p1a: silvallié
|-crit|p1a: silvallié
|-damage|p1a: silvallié|10/100 slp
|cant|p1a: silvallié|slp
|move|p1a: silvallié|Sleep Talk|p1a: silvallié
|move|p1a: silvallié|U-turn|p2a: D4RK N1NJ4|[from]move: Sleep Talk
|-supereffective|p2a: D4RK N1NJ4
|-damage|p2a: D4RK N1NJ4|25/100
|
|t:|1660249539
|switch|p1a: dunaconda|Sandaconda, F|53/100|[from]move: U-turn
|-damage|p1a: dunaconda|47/100|[from] Stealth Rock
|
|upkeep
|turn|36
|
|t:|1660249559
|move|p2a: D4RK N1NJ4|Knock Off|p1a: dunaconda
|-damage|p1a: dunaconda|7/100
|-damage|p2a: D4RK N1NJ4|9/100|[from] item: Rocky Helmet|[of] p1a: dunaconda
|-enditem|p1a: dunaconda|Rocky Helmet|[from] move: Knock Off|[of] p2a: D4RK N1NJ4
|move|p1a: dunaconda|Rest|p1a: dunaconda
|-status|p1a: dunaconda|slp|[from] move: Rest
|-heal|p1a: dunaconda|100/100 slp|[silent]
|
|upkeep
|turn|37
|
|t:|1660249569
|switch|p2a: lil guys hangin|Wishiwashi, F|36/100
|-formechange|p2a: lil guys hangin|Wishiwashi-School||[from] ability: Schooling
|cant|p1a: dunaconda|slp
|
|upkeep
|turn|38
|
|t:|1660249579
|switch|p1a: artikodin|Articuno-Galar|100/100
|-damage|p1a: artikodin|76/100|[from] Stealth Rock
|move|p2a: lil guys hangin|Rest|p2a: lil guys hangin
|-status|p2a: lil guys hangin|slp|[from] move: Rest
|-heal|p2a: lil guys hangin|100/100 slp|[silent]
|
|upkeep
|turn|39
|
|t:|1660249593
|move|p1a: artikodin|Shadow Ball|p2a: lil guys hangin
|-damage|p2a: lil guys hangin|59/100 slp
|-unboost|p2a: lil guys hangin|spd|1
|cant|p2a: lil guys hangin|slp
|move|p2a: lil guys hangin|Sleep Talk|p2a: lil guys hangin
|move|p2a: lil guys hangin|Rest||[from]move: Sleep Talk|[still]
|-fail|p2a: lil guys hangin
|
|upkeep
|turn|40
|
|t:|1660249603
|move|p1a: artikodin|Shadow Ball|p2a: lil guys hangin
|-damage|p2a: lil guys hangin|0 fnt
|faint|p2a: lil guys hangin
|
|upkeep
|c|+PepeDuce|Wow
|
|t:|1660249620
|switch|p2a: D4RK N1NJ4|Sneasel, M|9/100
|turn|41
|
|t:|1660249633
|switch|p1a: silvallié|Silvally-Water|10/100 slp
|-damage|p1a: silvallié|0 fnt|[from] Stealth Rock
|faint|p1a: silvallié
|move|p2a: D4RK N1NJ4|Triple Axel|p1: silvallié|[notarget]
|-fail|p2a: D4RK N1NJ4
|
|upkeep
|
|t:|1660249640
|switch|p1a: hexagel|Cryogonal|62/100
|turn|42
|c|+PepeDuce|Le patinage
|inactive|zs has 270 seconds left.
|
|t:|1660249672
|move|p2a: D4RK N1NJ4|Triple Axel|p1a: hexagel
|-resisted|p1a: hexagel
|-damage|p1a: hexagel|53/100
|-resisted|p1a: hexagel
|-damage|p1a: hexagel|39/100
|-resisted|p1a: hexagel
|-damage|p1a: hexagel|13/100
|-hitcount|p1a: hexagel|3
|move|p1a: hexagel|Knock Off|p2a: D4RK N1NJ4
|-resisted|p2a: D4RK N1NJ4
|-damage|p2a: D4RK N1NJ4|0 fnt
|-enditem|p2a: D4RK N1NJ4|Choice Band|[from] move: Knock Off|[of] p1a: hexagel
|faint|p2a: D4RK N1NJ4
|
|upkeep
|inactive|ktutverde has 60 seconds left.
|
|t:|1660249683
|switch|p2a: TBHonedge|Doublade, F|94/100
|turn|43
|inactive|zs has 270 seconds left.
|
|t:|1660249699
|switch|p1a: dunaconda|Sandaconda, F|100/100 slp
|-damage|p1a: dunaconda|94/100 slp|[from] Stealth Rock
|move|p2a: TBHonedge|Swords Dance|p2a: TBHonedge
|-boost|p2a: TBHonedge|atk|2
|
|-activate|p1a: dunaconda|ability: Shed Skin
|-curestatus|p1a: dunaconda|slp|[msg]
|upkeep
|turn|44
|c|☆ktutverde|oh oh
|
|t:|1660249709
|move|p1a: dunaconda|Coil|p1a: dunaconda
|-boost|p1a: dunaconda|atk|1
|-boost|p1a: dunaconda|def|1
|-boost|p1a: dunaconda|accuracy|1
|move|p2a: TBHonedge|Swords Dance|p2a: TBHonedge
|-boost|p2a: TBHonedge|atk|2
|
|upkeep
|turn|45
|c|+S-arcobaleno|:zs:
|c|+PepeDuce|Oh og
|
|t:|1660249714
|move|p1a: dunaconda|Coil|p1a: dunaconda
|-boost|p1a: dunaconda|atk|1
|-boost|p1a: dunaconda|def|1
|-boost|p1a: dunaconda|accuracy|1
|move|p2a: TBHonedge|Shadow Claw|p1a: dunaconda
|-damage|p1a: dunaconda|66/100
|
|upkeep
|turn|46
|c|+S-arcobaleno|0
|
|t:|1660249721
|move|p1a: dunaconda|Earthquake|p2a: TBHonedge
|-supereffective|p2a: TBHonedge
|-damage|p2a: TBHonedge|27/100
|move|p2a: TBHonedge|Shadow Claw|p1a: dunaconda
|-damage|p1a: dunaconda|39/100
|
|upkeep
|turn|47
|inactive|ktutverde has 90 seconds left.
|
|t:|1660249727
|move|p2a: TBHonedge|Shadow Sneak|p1a: dunaconda
|-damage|p1a: dunaconda|22/100
|move|p1a: dunaconda|Earthquake|p2a: TBHonedge
|-supereffective|p2a: TBHonedge
|-damage|p2a: TBHonedge|0 fnt
|faint|p2a: TBHonedge
|
|win|zs
|c|+PepeDuce|Ah il n'a pas le move
|c|☆zs|gg
|c|☆ktutverde|gg
|player|p2|ktutverde|blue-gen3
|player|p2|
