|inactive|Battle timer is ON: inactive players will automatically lose when time's up.
|t:|1667773185
|gametype|singles
|player|p1|Lambovino|#scl2spartans|
|player|p2|H.M.N.I.P|caitlin-gen4|
|teamsize|p1|6
|teamsize|p2|6
|gen|8
|tier|[Gen 8] PU
|rule|Sleep Clause Mod: Limit one foe put to sleep
|rule|Species Clause: Limit one of each Pokémon
|rule|OHKO Clause: OHKO moves are banned
|rule|Evasion Items Clause: Evasion items are banned
|rule|Evasion Moves Clause: Evasion moves are banned
|rule|Endless Battle Clause: Forcing endless battles is banned
|rule|HP Percentage Mod: HP is shown in percentages
|rule|Dynamax Clause: You cannot dynamax
|clearpoke
|poke|p1|Gigalith, M|
|poke|p1|Sandslash, F|
|poke|p1|Weezing, F|
|poke|p1|Jellicent, M|
|poke|p1|Ribombee, M|
|poke|p1|Ferroseed, F|
|poke|p2|Swoobat, F|
|poke|p2|Coalossal, F|
|poke|p2|Thievul, F|
|poke|p2|Thwackey, M|
|poke|p2|Raichu, M|
|poke|p2|Silvally-*|
|teampreview
|c|☆Lambovino|hf
|raw|<div class="broadcast-red"><strong>Moderated chat was set to ☆!</strong><br />Only users of rank ☆ and higher can talk.</div>
|c|☆H.M.N.I.P|hf big man
|c|☆Lambovino|hf 
|inactive|Lambovino has 270 seconds left.
|inactive|H.M.N.I.P has 270 seconds left.
|inactive|Lambovino has 240 seconds left.
|inactive|H.M.N.I.P has 240 seconds left.
|inactive|H.M.N.I.P has 210 seconds left.
|
|t:|1667773293
|start
|switch|p1a: Weezing|Weezing, F|100/100
|switch|p2a: broke boys|Raichu, M|100/100
|turn|1
|inactive|Lambovino has 270 seconds left.
|c|☆H.M.N.I.P|Micaiah just asked me if I want to play ARAM on League
|inactive|Lambovino has 240 seconds left.
|
|t:|1667773369
|switch|p1a: Gigalith|Gigalith, M|100/100
|-weather|Sandstorm|[from] ability: Sand Stream|[of] p1a: Gigalith
|move|p2a: broke boys|Nasty Plot|p2a: broke boys
|-boost|p2a: broke boys|spa|2
|
|-weather|Sandstorm|[upkeep]
|-damage|p2a: broke boys|94/100|[from] Sandstorm
|upkeep
|turn|2
|inactive|H.M.N.I.P has 240 seconds left.
|inactive|H.M.N.I.P has 210 seconds left.
|
|t:|1667773418
|move|p1a: Gigalith|Protect|p1a: Gigalith
|-singleturn|p1a: Gigalith|Protect
|move|p2a: broke boys|Grass Knot|p1a: Gigalith
|-activate|p1a: Gigalith|move: Protect
|
|-weather|Sandstorm|[upkeep]
|-damage|p2a: broke boys|88/100|[from] Sandstorm
|upkeep
|turn|3
|inactive|H.M.N.I.P has 210 seconds left.
|inactive|Lambovino has 210 seconds left.
|
|t:|1667773464
|switch|p1a: Ferroseed|Ferroseed, F|100/100
|move|p2a: broke boys|Focus Blast|p1a: Ferroseed|[miss]
|-miss|p2a: broke boys|p1a: Ferroseed
|
|-weather|Sandstorm|[upkeep]
|-damage|p2a: broke boys|82/100|[from] Sandstorm
|upkeep
|turn|4
|
|t:|1667773477
|move|p2a: broke boys|Thunderbolt|p1a: Ferroseed
|-resisted|p1a: Ferroseed
|-damage|p1a: Ferroseed|72/100
|-damage|p2a: broke boys|72/100|[from] item: Life Orb
|move|p1a: Ferroseed|Knock Off|p2a: broke boys
|-damage|p2a: broke boys|45/100
|-enditem|p2a: broke boys|Life Orb|[from] move: Knock Off|[of] p1a: Ferroseed
|
|-weather|Sandstorm|[upkeep]
|-damage|p2a: broke boys|38/100|[from] Sandstorm
|upkeep
|turn|5
|inactive|Lambovino has 210 seconds left.
|
|t:|1667773490
|move|p2a: broke boys|Focus Blast|p1a: Ferroseed
|-supereffective|p1a: Ferroseed
|-damage|p1a: Ferroseed|0 fnt
|faint|p1a: Ferroseed
|
|-weather|none
|upkeep
|
|t:|1667773494
|switch|p1a: Ribombee|Ribombee, M|100/100
|turn|6
|
|t:|1667773503
|switch|p2a: spin bout u|Coalossal, F|100/100
|move|p1a: Ribombee|Moonblast|p2a: spin bout u
|-resisted|p2a: spin bout u
|-damage|p2a: spin bout u|86/100
|-unboost|p2a: spin bout u|spa|1
|
|upkeep
|turn|7
|
|t:|1667773516
|switch|p1a: Gigalith|Gigalith, M|100/100
|-weather|Sandstorm|[from] ability: Sand Stream|[of] p1a: Gigalith
|move|p2a: spin bout u|Stealth Rock|p1a: Gigalith
|-sidestart|p1: Lambovino|move: Stealth Rock
|
|-weather|Sandstorm|[upkeep]
|upkeep
|turn|8
|
|t:|1667773528
|switch|p2a: rich flex|Thwackey, M, shiny|100/100
|-fieldstart|move: Grassy Terrain|[from] ability: Grassy Surge|[of] p2a: rich flex
|move|p1a: Gigalith|Stealth Rock|p2a: rich flex
|-sidestart|p2: H.M.N.I.P|move: Stealth Rock
|
|-weather|Sandstorm|[upkeep]
|-damage|p2a: rich flex|94/100|[from] Sandstorm
|-heal|p2a: rich flex|100/100|[from] Grassy Terrain
|upkeep
|turn|9
|inactive|H.M.N.I.P has 180 seconds left.
|
|t:|1667773562
|switch|p2a: 3am on glenwood|Swoobat, F|100/100
|-damage|p2a: 3am on glenwood|75/100|[from] Stealth Rock
|-enditem|p2a: 3am on glenwood|Grassy Seed
|-boost|p2a: 3am on glenwood|def|2|[from] item: Grassy Seed
|switch|p1a: Weezing|Weezing, F|100/100
|-damage|p1a: Weezing|88/100|[from] Stealth Rock
|
|-weather|Sandstorm|[upkeep]
|-damage|p2a: 3am on glenwood|70/100|[from] Sandstorm
|-damage|p1a: Weezing|82/100|[from] Sandstorm
|upkeep
|turn|10
|inactive|H.M.N.I.P has 180 seconds left.
|
|t:|1667773573
|switch|p1a: Gigalith|Gigalith, M|100/100
|-damage|p1a: Gigalith|88/100|[from] Stealth Rock
|move|p2a: 3am on glenwood|Calm Mind|p2a: 3am on glenwood
|-boost|p2a: 3am on glenwood|spa|2
|-boost|p2a: 3am on glenwood|spd|2
|
|-weather|Sandstorm|[upkeep]
|-damage|p2a: 3am on glenwood|64/100|[from] Sandstorm
|-heal|p1a: Gigalith|94/100|[from] Grassy Terrain
|-heal|p1a: Gigalith|100/100|[from] item: Leftovers
|upkeep
|turn|11
|
|t:|1667773581
|move|p2a: 3am on glenwood|Roost|p2a: 3am on glenwood
|-heal|p2a: 3am on glenwood|100/100
|-singleturn|p2a: 3am on glenwood|move: Roost
|move|p1a: Gigalith|Rock Blast|p2a: 3am on glenwood|[miss]
|-miss|p1a: Gigalith|p2a: 3am on glenwood
|
|-weather|none
|upkeep
|turn|12
|inactive|Lambovino has 270 seconds left.
|inactive|H.M.N.I.P has 180 seconds left.
|inactive|Lambovino has 240 seconds left.
|inactive|Lambovino has 210 seconds left.
|
|t:|1667773664
|move|p2a: 3am on glenwood|Stored Power|p1a: Gigalith
|-damage|p1a: Gigalith|41/100
|move|p1a: Gigalith|Rock Blast|p2a: 3am on glenwood
|-supereffective|p2a: 3am on glenwood
|-damage|p2a: 3am on glenwood|85/100
|-supereffective|p2a: 3am on glenwood
|-damage|p2a: 3am on glenwood|70/100
|-hitcount|p2a: 3am on glenwood|2
|
|-heal|p1a: Gigalith|47/100|[from] Grassy Terrain
|-heal|p1a: Gigalith|53/100|[from] item: Leftovers
|upkeep
|turn|13
|inactive|H.M.N.I.P has 150 seconds left.
|
|t:|1667773689
|move|p2a: 3am on glenwood|Roost|p2a: 3am on glenwood
|-heal|p2a: 3am on glenwood|100/100
|-singleturn|p2a: 3am on glenwood|move: Roost
|move|p1a: Gigalith|Rock Blast|p2a: 3am on glenwood|[miss]
|-miss|p1a: Gigalith|p2a: 3am on glenwood
|
|-heal|p1a: Gigalith|60/100|[from] Grassy Terrain
|-heal|p1a: Gigalith|66/100|[from] item: Leftovers
|upkeep
|turn|14
|
|t:|1667773698
|move|p2a: 3am on glenwood|Stored Power|p1a: Gigalith
|-damage|p1a: Gigalith|6/100
|move|p1a: Gigalith|Rock Blast|p2a: 3am on glenwood
|-supereffective|p2a: 3am on glenwood
|-damage|p2a: 3am on glenwood|85/100
|-supereffective|p2a: 3am on glenwood
|-damage|p2a: 3am on glenwood|67/100
|-supereffective|p2a: 3am on glenwood
|-crit|p2a: 3am on glenwood
|-damage|p2a: 3am on glenwood|23/100
|-hitcount|p2a: 3am on glenwood|3
|
|-heal|p1a: Gigalith|13/100|[from] Grassy Terrain
|-heal|p1a: Gigalith|19/100|[from] item: Leftovers
|upkeep
|turn|15
|
|t:|1667773710
|switch|p1a: Jellicent|Jellicent, M|100/100
|-damage|p1a: Jellicent|88/100|[from] Stealth Rock
|move|p2a: 3am on glenwood|Roost|p2a: 3am on glenwood
|-heal|p2a: 3am on glenwood|73/100
|-singleturn|p2a: 3am on glenwood|move: Roost
|
|-heal|p2a: 3am on glenwood|79/100|[from] Grassy Terrain
|-heal|p1a: Jellicent|94/100|[from] Grassy Terrain
|-fieldend|move: Grassy Terrain
|upkeep
|turn|16
|inactive|H.M.N.I.P has 150 seconds left.
|
|t:|1667773727
|move|p2a: 3am on glenwood|Stored Power|p1a: Jellicent
|-damage|p1a: Jellicent|27/100
|move|p1a: Jellicent|Toxic|p2a: 3am on glenwood|[miss]
|-miss|p1a: Jellicent|p2a: 3am on glenwood
|
|upkeep
|turn|17
|inactive|H.M.N.I.P has 150 seconds left.
|
|t:|1667773737
|move|p2a: 3am on glenwood|Stored Power|p1a: Jellicent
|-damage|p1a: Jellicent|0 fnt
|faint|p1a: Jellicent
|
|upkeep
|
|t:|1667773740
|switch|p1a: Ribombee|Ribombee, M|100/100
|-damage|p1a: Ribombee|76/100|[from] Stealth Rock
|turn|18
|
|t:|1667773745
|move|p1a: Ribombee|Moonblast|p2a: 3am on glenwood
|-damage|p2a: 3am on glenwood|40/100
|-unboost|p2a: 3am on glenwood|spa|2
|move|p2a: 3am on glenwood|Stored Power|p1a: Ribombee
|-damage|p1a: Ribombee|29/100
|
|upkeep
|turn|19
|inactive|H.M.N.I.P has 150 seconds left.
|
|t:|1667773781
|switch|p2a: spin bout u|Coalossal, F|86/100
|move|p1a: Ribombee|Moonblast|p2a: spin bout u
|-resisted|p2a: spin bout u
|-damage|p2a: spin bout u|74/100
|
|upkeep
|turn|20
|inactive|H.M.N.I.P has 150 seconds left.
|
|t:|1667773798
|switch|p1a: Sandslash|Sandslash, F|100/100
|-damage|p1a: Sandslash|94/100|[from] Stealth Rock
|move|p2a: spin bout u|Rapid Spin|p1a: Sandslash
|-damage|p1a: Sandslash|87/100
|-boost|p2a: spin bout u|spe|1
|-sideend|p2: H.M.N.I.P|Stealth Rock|[from] move: Rapid Spin|[of] p2a: spin bout u
|
|-heal|p1a: Sandslash|93/100|[from] item: Leftovers
|upkeep
|turn|21
|
|t:|1667773815
|switch|p2a: rich flex|Thwackey, M, shiny|100/100
|-fieldstart|move: Grassy Terrain|[from] ability: Grassy Surge|[of] p2a: rich flex
|move|p1a: Sandslash|Rapid Spin|p2a: rich flex
|-damage|p2a: rich flex|84/100
|-boost|p1a: Sandslash|spe|1
|-sideend|p1: Lambovino|Stealth Rock|[from] move: Rapid Spin|[of] p1a: Sandslash
|
|-heal|p1a: Sandslash|99/100|[from] Grassy Terrain
|-heal|p1a: Sandslash|100/100|[from] item: Leftovers
|-heal|p2a: rich flex|90/100|[from] Grassy Terrain
|upkeep
|turn|22
|inactive|Lambovino has 240 seconds left.
|
|t:|1667773834
|move|p1a: Sandslash|Spikes|p2a: rich flex
|-sidestart|p2: H.M.N.I.P|Spikes
|move|p2a: rich flex|Knock Off|p1a: Sandslash
|-damage|p1a: Sandslash|75/100
|-enditem|p1a: Sandslash|Leftovers|[from] move: Knock Off|[of] p2a: rich flex
|
|-heal|p1a: Sandslash|81/100|[from] Grassy Terrain
|-heal|p2a: rich flex|96/100|[from] Grassy Terrain
|upkeep
|turn|23
|inactive|Lambovino has 240 seconds left.
|
|t:|1667773874
|switch|p1a: Weezing|Weezing, F|82/100
|switch|p2a: spin bout u|Coalossal, F|74/100
|
|-heal|p2a: spin bout u|80/100|[from] Grassy Terrain
|upkeep
|turn|24
|
|t:|1667773882
|switch|p1a: Gigalith|Gigalith, M|19/100
|-weather|Sandstorm|[from] ability: Sand Stream|[of] p1a: Gigalith
|move|p2a: spin bout u|Rapid Spin|p1a: Gigalith
|-resisted|p1a: Gigalith
|-damage|p1a: Gigalith|16/100
|-boost|p2a: spin bout u|spe|1
|-sideend|p2: H.M.N.I.P|Spikes|[from] move: Rapid Spin|[of] p2a: spin bout u
|
|-weather|Sandstorm|[upkeep]
|-heal|p2a: spin bout u|86/100|[from] Grassy Terrain
|-heal|p1a: Gigalith|22/100|[from] Grassy Terrain
|-heal|p1a: Gigalith|28/100|[from] item: Leftovers
|upkeep
|turn|25
|inactive|H.M.N.I.P has 150 seconds left.
|inactive|Lambovino has 210 seconds left.
|
|t:|1667773920
|move|p2a: spin bout u|Stealth Rock|p1a: Gigalith
|-sidestart|p1: Lambovino|move: Stealth Rock
|move|p1a: Gigalith|Stealth Rock|p2a: spin bout u
|-sidestart|p2: H.M.N.I.P|move: Stealth Rock
|
|-weather|Sandstorm|[upkeep]
|-heal|p2a: spin bout u|92/100|[from] Grassy Terrain
|-heal|p1a: Gigalith|34/100|[from] Grassy Terrain
|-heal|p1a: Gigalith|40/100|[from] item: Leftovers
|upkeep
|turn|26
|inactive|H.M.N.I.P has 150 seconds left.
|
|t:|1667773934
|switch|p2a: backoutsideboyz|Silvally-Ghost|100/100
|-damage|p2a: backoutsideboyz|88/100|[from] Stealth Rock
|move|p1a: Gigalith|Rock Blast|p2a: backoutsideboyz
|-damage|p2a: backoutsideboyz|75/100
|-damage|p2a: backoutsideboyz|64/100
|-hitcount|p2a: backoutsideboyz|2
|
|-weather|Sandstorm|[upkeep]
|-damage|p2a: backoutsideboyz|58/100|[from] Sandstorm
|-heal|p2a: backoutsideboyz|64/100|[from] Grassy Terrain
|-heal|p1a: Gigalith|46/100|[from] Grassy Terrain
|-heal|p1a: Gigalith|53/100|[from] item: Leftovers
|upkeep
|turn|27
|inactive|Lambovino has 210 seconds left.
|
|t:|1667773945
|move|p2a: backoutsideboyz|Multi-Attack|p1a: Gigalith
|-damage|p1a: Gigalith|17/100
|move|p1a: Gigalith|Rock Blast|p2a: backoutsideboyz|[miss]
|-miss|p1a: Gigalith|p2a: backoutsideboyz
|
|-weather|Sandstorm|[upkeep]
|-damage|p2a: backoutsideboyz|58/100|[from] Sandstorm
|-heal|p2a: backoutsideboyz|64/100|[from] Grassy Terrain
|-heal|p1a: Gigalith|23/100|[from] Grassy Terrain
|-heal|p1a: Gigalith|29/100|[from] item: Leftovers
|upkeep
|turn|28
|inactive|Lambovino has 210 seconds left.
|inactive|Lambovino has 180 seconds left.
|
|t:|1667774003
|move|p2a: backoutsideboyz|Swords Dance|p2a: backoutsideboyz
|-boost|p2a: backoutsideboyz|atk|2
|move|p1a: Gigalith|Rock Blast|p2a: backoutsideboyz
|-damage|p2a: backoutsideboyz|52/100
|-damage|p2a: backoutsideboyz|40/100
|-damage|p2a: backoutsideboyz|27/100
|-damage|p2a: backoutsideboyz|15/100
|-crit|p2a: backoutsideboyz
|-damage|p2a: backoutsideboyz|0 fnt
|faint|p2a: backoutsideboyz
|-hitcount|p2: backoutsideboyz|5
|
|-weather|none
|-heal|p1a: Gigalith|35/100|[from] Grassy Terrain
|-heal|p1a: Gigalith|41/100|[from] item: Leftovers
|-fieldend|move: Grassy Terrain
|upkeep
|inactive|H.M.N.I.P has 150 seconds left.
|
|t:|1667774018
|switch|p2a: broke boys|Raichu, M|38/100
|-damage|p2a: broke boys|26/100|[from] Stealth Rock
|turn|29
|inactive|H.M.N.I.P has 150 seconds left.
|inactive|Lambovino has 150 seconds left.
|
|t:|1667774067
|switch|p1a: Weezing|Weezing, F|82/100
|-damage|p1a: Weezing|70/100|[from] Stealth Rock
|move|p2a: broke boys|Grass Knot|p1a: Weezing
|-resisted|p1a: Weezing
|-damage|p1a: Weezing|66/100
|
|upkeep
|turn|30
|
|t:|1667774076
|switch|p1a: Gigalith|Gigalith, M|41/100
|-damage|p1a: Gigalith|29/100|[from] Stealth Rock
|-weather|Sandstorm|[from] ability: Sand Stream|[of] p1a: Gigalith
|move|p2a: broke boys|Thunderbolt|p1a: Gigalith
|-damage|p1a: Gigalith|10/100
|
|-weather|Sandstorm|[upkeep]
|-damage|p2a: broke boys|20/100|[from] Sandstorm
|-heal|p1a: Gigalith|17/100|[from] item: Leftovers
|upkeep
|turn|31
|
|t:|1667774083
|move|p1a: Gigalith|Protect|p1a: Gigalith
|-singleturn|p1a: Gigalith|Protect
|move|p2a: broke boys|Grass Knot|p1a: Gigalith
|-activate|p1a: Gigalith|move: Protect
|
|-weather|Sandstorm|[upkeep]
|-damage|p2a: broke boys|14/100|[from] Sandstorm
|-heal|p1a: Gigalith|23/100|[from] item: Leftovers
|upkeep
|turn|32
|inactive|Lambovino has 150 seconds left.
|inactive|Lambovino has 120 seconds left.
|
|t:|1667774127
|switch|p1a: Sandslash|Sandslash, F|81/100
|-damage|p1a: Sandslash|75/100|[from] Stealth Rock
|move|p2a: broke boys|Grass Knot|p1a: Sandslash
|-supereffective|p1a: Sandslash
|-damage|p1a: Sandslash|27/100
|
|-weather|Sandstorm|[upkeep]
|-damage|p2a: broke boys|8/100|[from] Sandstorm
|upkeep
|turn|33
|inactive|Lambovino has 120 seconds left.
|
|t:|1667774142
|move|p1a: Sandslash|Rapid Spin|p2a: broke boys
|-damage|p2a: broke boys|0 fnt
|-boost|p1a: Sandslash|spe|1
|-sideend|p1: Lambovino|Stealth Rock|[from] move: Rapid Spin|[of] p1a: Sandslash
|faint|p2a: broke boys
|
|-weather|Sandstorm|[upkeep]
|upkeep
|
|t:|1667774152
|switch|p2a: rich flex|Thwackey, M, shiny|96/100
|-damage|p2a: rich flex|84/100|[from] Stealth Rock
|-fieldstart|move: Grassy Terrain|[from] ability: Grassy Surge|[of] p2a: rich flex
|turn|34
|
|t:|1667774163
|switch|p1a: Weezing|Weezing, F|66/100
|move|p2a: rich flex|Grassy Glide|p1a: Weezing
|-resisted|p1a: Weezing
|-damage|p1a: Weezing|53/100
|
|-weather|none
|-heal|p2a: rich flex|90/100|[from] Grassy Terrain
|upkeep
|turn|35
|
|t:|1667774173
|switch|p2a: spin bout u|Coalossal, F|92/100
|move|p1a: Weezing|Sludge Bomb|p2a: spin bout u
|-resisted|p2a: spin bout u
|-damage|p2a: spin bout u|84/100
|
|-heal|p2a: spin bout u|90/100|[from] Grassy Terrain
|upkeep
|turn|36
|inactive|H.M.N.I.P has 180 seconds left.
|
|t:|1667774188
|switch|p1a: Gigalith|Gigalith, M|23/100
|-weather|Sandstorm|[from] ability: Sand Stream|[of] p1a: Gigalith
|move|p2a: spin bout u|Rock Blast|p1a: Gigalith
|-damage|p1a: Gigalith|18/100
|-damage|p1a: Gigalith|13/100
|-damage|p1a: Gigalith|8/100
|-damage|p1a: Gigalith|3/100
|-crit|p1a: Gigalith
|-damage|p1a: Gigalith|0 fnt
|faint|p1a: Gigalith
|-hitcount|p1: Gigalith|5
|
|-weather|Sandstorm|[upkeep]
|-heal|p2a: spin bout u|96/100|[from] Grassy Terrain
|upkeep
|
|t:|1667774198
|switch|p1a: Sandslash|Sandslash, F|27/100
|turn|37
|inactive|H.M.N.I.P has 180 seconds left.
|
|t:|1667774207
|move|p1a: Sandslash|Knock Off|p2a: spin bout u
|-damage|p2a: spin bout u|82/100
|-enditem|p2a: spin bout u|Heavy-Duty Boots|[from] move: Knock Off|[of] p1a: Sandslash
|move|p2a: spin bout u|Flamethrower|p1a: Sandslash
|-damage|p1a: Sandslash|0 fnt
|faint|p1a: Sandslash
|
|-weather|Sandstorm|[upkeep]
|-heal|p2a: spin bout u|88/100|[from] Grassy Terrain
|upkeep
|
|t:|1667774210
|switch|p1a: Weezing|Weezing, F|53/100
|turn|38
|c|☆H.M.N.I.P|No
|c|☆Lambovino|gg
|c|☆H.M.N.I.P|gg
|inactive|H.M.N.I.P has 180 seconds left.
|
|t:|1667774226
|move|p1a: Weezing|Sludge Bomb|p2a: spin bout u
|-resisted|p2a: spin bout u
|-damage|p2a: spin bout u|82/100
|move|p2a: spin bout u|Flamethrower|p1a: Weezing
|-damage|p1a: Weezing|19/100
|-status|p1a: Weezing|brn
|-enditem|p1a: Weezing|Sitrus Berry|[eat]
|-heal|p1a: Weezing|44/100 brn|[from] item: Sitrus Berry
|
|-weather|Sandstorm|[upkeep]
|-damage|p1a: Weezing|38/100 brn|[from] Sandstorm
|-heal|p2a: spin bout u|88/100|[from] Grassy Terrain
|-damage|p1a: Weezing|32/100 brn|[from] brn
|upkeep
|turn|39
|
|t:|1667774240
|move|p1a: Weezing|Pain Split|p2a: spin bout u
|-sethp|p2a: spin bout u|57/100|[from] move: Pain Split|[silent]
|-sethp|p1a: Weezing|72/100 brn|[from] move: Pain Split
|move|p2a: spin bout u|Flamethrower|p1a: Weezing
|-damage|p1a: Weezing|38/100 brn
|
|-weather|Sandstorm|[upkeep]
|-damage|p1a: Weezing|32/100 brn|[from] Sandstorm
|-heal|p2a: spin bout u|63/100|[from] Grassy Terrain
|-damage|p1a: Weezing|26/100 brn|[from] brn
|upkeep
|turn|40
|
|t:|1667774247
|move|p1a: Weezing|Pain Split|p2a: spin bout u
|-sethp|p2a: spin bout u|42/100|[from] move: Pain Split|[silent]
|-sethp|p1a: Weezing|53/100 brn|[from] move: Pain Split
|move|p2a: spin bout u|Flamethrower|p1a: Weezing
|-damage|p1a: Weezing|18/100 brn
|
|-weather|none
|-heal|p2a: spin bout u|48/100|[from] Grassy Terrain
|-damage|p1a: Weezing|12/100 brn|[from] brn
|upkeep
|turn|41
|
|t:|1667774251
|move|p1a: Weezing|Pain Split|p2a: spin bout u
|-sethp|p2a: spin bout u|29/100|[from] move: Pain Split|[silent]
|-sethp|p1a: Weezing|36/100 brn|[from] move: Pain Split
|move|p2a: spin bout u|Flamethrower|p1a: Weezing
|-damage|p1a: Weezing|0 fnt
|faint|p1a: Weezing
|
|-heal|p2a: spin bout u|35/100|[from] Grassy Terrain
|-fieldend|move: Grassy Terrain
|upkeep
|
|t:|1667774257
|switch|p1a: Ribombee|Ribombee, M|29/100
|turn|42
|
|t:|1667774261
|move|p1a: Ribombee|Switcheroo|p2a: spin bout u
|-activate|p1a: Ribombee|move: Trick|[of] p2a: spin bout u
|-item|p2a: spin bout u|Choice Scarf|[from] move: Switcheroo
|-enditem|p1a: Ribombee|Choice Scarf|[silent]|[from] move: Switcheroo
|move|p2a: spin bout u|Flamethrower|p1a: Ribombee
|-supereffective|p1a: Ribombee
|-damage|p1a: Ribombee|0 fnt
|faint|p1a: Ribombee
|
|win|H.M.N.I.P
