|inactive|Battle timer is ON: inactive players will automatically lose when time's up.
|t:|1620600644
|gametype|singles
|player|p1|brewfasa|pryce|
|player|p2|Akame's 1 fan|lass-gen3|
|teamsize|p1|6
|teamsize|p2|6
|gen|8
|tier|[Gen 8] PU
|rule|Sleep Clause Mod: Limit one foe put to sleep
|rule|Species Clause: Limit one of each Pokémon
|rule|OHKO Clause: OHKO moves are banned
|rule|Evasion Moves Clause: Evasion moves are banned
|rule|Endless Battle Clause: Forcing endless battles is banned
|rule|HP Percentage Mod: HP is shown in percentages
|rule|Dynamax Clause: You cannot dynamax
|clearpoke
|poke|p1|Archeops, M|
|poke|p1|Palossand, F|
|poke|p1|Toxicroak, F|
|poke|p1|Lanturn, M|
|poke|p1|Silvally-*|
|poke|p1|Mesprit|
|poke|p2|Miltank, F|
|poke|p2|Passimian, M|
|poke|p2|Exeggutor-Alola, M|
|poke|p2|Cramorant, M|
|poke|p2|Perrserker, F|
|poke|p2|Weezing, F|
|teampreview
|inactive|Akame's 1 fan also wants the timer to be on.
|c|☆brewfasa|gl
|c|☆Akame's 1 fan|hf
|
|t:|1620600663
|start
|switch|p1a: Mesprit|Mesprit|100/100
|switch|p2a: Miltank|Miltank, F|100/100
|turn|1
|
|t:|1620600673
|move|p1a: Mesprit|U-turn|p2a: Miltank
|-damage|p2a: Miltank|89/100
|
|t:|1620600676
|switch|p1a: Palossand|Palossand, F|100/100|[from]move: U-turn
|move|p2a: Miltank|Stealth Rock|p1a: Palossand
|-sidestart|p1: brewfasa|move: Stealth Rock
|
|-heal|p2a: Miltank|95/100|[from] item: Leftovers
|upkeep
|turn|2
|
|t:|1620600689
|move|p2a: Miltank|Toxic|p1a: Palossand
|-status|p1a: Palossand|tox
|move|p1a: Palossand|Stealth Rock|p2a: Miltank
|-sidestart|p2: Akame's 1 fan|move: Stealth Rock
|
|-heal|p2a: Miltank|100/100|[from] item: Leftovers
|-damage|p1a: Palossand|94/100 tox|[from] psn
|upkeep
|turn|3
|
|t:|1620600697
|switch|p2a: Exeggutor|Exeggutor-Alola, M|100/100
|-damage|p2a: Exeggutor|88/100|[from] Stealth Rock
|-item|p1a: Palossand|Colbur Berry|[from] ability: Frisk|[of] p2a: Exeggutor|[identify]
|move|p1a: Palossand|Earth Power|p2a: Exeggutor
|-resisted|p2a: Exeggutor
|-damage|p2a: Exeggutor|67/100
|
|-damage|p1a: Palossand|82/100 tox|[from] psn
|upkeep
|turn|4
|
|t:|1620600714
|switch|p1a: Silvally|Silvally-Steel|100/100
|-damage|p1a: Silvally|94/100|[from] Stealth Rock
|move|p2a: Exeggutor|Flamethrower|p1a: Silvally
|-supereffective|p1a: Silvally
|-damage|p1a: Silvally|0 fnt
|faint|p1a: Silvally
|
|upkeep
|
|t:|1620600722
|switch|p1a: Archeops|Archeops, M|100/100
|turn|5
|
|t:|1620600742
|switch|p2a: Weezing|Weezing, F|100/100
|-damage|p2a: Weezing|88/100|[from] Stealth Rock
|move|p1a: Archeops|Stone Edge|p2a: Weezing
|-damage|p2a: Weezing|50/100
|
|-heal|p2a: Weezing|56/100|[from] item: Black Sludge
|upkeep
|turn|6
|
|t:|1620600757
|switch|p1a: Mesprit|Mesprit|100/100
|-damage|p1a: Mesprit|88/100|[from] Stealth Rock
|move|p2a: Weezing|Pain Split|p1a: Mesprit
|-sethp|p1a: Mesprit|75/100|[from] move: Pain Split|[silent]
|-sethp|p2a: Weezing|68/100|[from] move: Pain Split
|
|-heal|p2a: Weezing|74/100|[from] item: Black Sludge
|upkeep
|turn|7
|
|t:|1620600779
|move|p1a: Mesprit|U-turn|p2a: Weezing
|-resisted|p2a: Weezing
|-damage|p2a: Weezing|69/100
|
|t:|1620600784
|switch|p1a: Lanturn|Lanturn, M|100/100|[from]move: U-turn
|-damage|p1a: Lanturn|88/100|[from] Stealth Rock
|move|p2a: Weezing|Will-O-Wisp|p1a: Lanturn|[miss]
|-miss|p2a: Weezing|p1a: Lanturn
|
|-heal|p1a: Lanturn|94/100|[from] item: Leftovers
|-heal|p2a: Weezing|75/100|[from] item: Black Sludge
|upkeep
|turn|8
|
|t:|1620600804
|move|p1a: Lanturn|Volt Switch|p2a: Weezing
|-damage|p2a: Weezing|49/100
|
|t:|1620600815
|switch|p1a: Mesprit|Mesprit|75/100|[from]move: Volt Switch
|-damage|p1a: Mesprit|63/100|[from] Stealth Rock
|move|p2a: Weezing|Sludge Bomb|p1a: Mesprit
|-damage|p1a: Mesprit|36/100
|-status|p1a: Mesprit|psn
|
|-heal|p2a: Weezing|55/100|[from] item: Black Sludge
|-damage|p1a: Mesprit|23/100 psn|[from] psn
|upkeep
|turn|9
|
|t:|1620600825
|move|p1a: Mesprit|U-turn|p2a: Weezing
|-resisted|p2a: Weezing
|-damage|p2a: Weezing|49/100
|
|t:|1620600833
|switch|p1a: Palossand|Palossand, F|82/100 tox|[from]move: U-turn
|-damage|p1a: Palossand|76/100 tox|[from] Stealth Rock
|move|p2a: Weezing|Pain Split|p1a: Palossand
|-sethp|p1a: Palossand|60/100 tox|[from] move: Pain Split|[silent]
|-sethp|p2a: Weezing|67/100|[from] move: Pain Split
|
|-heal|p2a: Weezing|73/100|[from] item: Black Sludge
|-damage|p1a: Palossand|54/100 tox|[from] psn
|upkeep
|turn|10
|
|t:|1620600846
|switch|p2a: Exeggutor|Exeggutor-Alola, M|67/100
|-damage|p2a: Exeggutor|55/100|[from] Stealth Rock
|-item|p1a: Palossand|Colbur Berry|[from] ability: Frisk|[of] p2a: Exeggutor|[identify]
|move|p1a: Palossand|Shadow Ball|p2a: Exeggutor
|-damage|p2a: Exeggutor|18/100
|-unboost|p2a: Exeggutor|spd|1
|
|-damage|p1a: Palossand|41/100 tox|[from] psn
|upkeep
|turn|11
|
|t:|1620600858
|move|p2a: Exeggutor|Draco Meteor|p1a: Palossand
|-damage|p1a: Palossand|0 fnt
|-unboost|p2a: Exeggutor|spa|2
|faint|p1a: Palossand
|
|upkeep
|
|t:|1620600873
|switch|p1a: Toxicroak|Toxicroak, F|100/100
|-damage|p1a: Toxicroak|94/100|[from] Stealth Rock
|turn|12
|
|t:|1620600889
|move|p1a: Toxicroak|Sludge Bomb|p2a: Exeggutor
|-supereffective|p2a: Exeggutor
|-damage|p2a: Exeggutor|0 fnt
|faint|p2a: Exeggutor
|-damage|p1a: Toxicroak|85/100|[from] item: Life Orb
|
|upkeep
|inactive|Akame's 1 fan has 270 seconds left.
|inactive|Akame's 1 fan has 240 seconds left.
|inactive|Akame's 1 fan has 210 seconds left.
|
|t:|1620600987
|switch|p2a: Cramorant|Cramorant, M|100/100
|turn|13
|
|t:|1620600989
|switch|p1a: Lanturn|Lanturn, M|94/100
|-damage|p1a: Lanturn|82/100|[from] Stealth Rock
|move|p2a: Cramorant|Hurricane|p1a: Lanturn|[miss]
|-miss|p2a: Cramorant|p1a: Lanturn
|
|-heal|p1a: Lanturn|88/100|[from] item: Leftovers
|upkeep
|turn|14
|inactive|Akame's 1 fan has 210 seconds left.
|inactive|Akame's 1 fan has 180 seconds left.
|
|t:|1620601053
|switch|p2a: Miltank|Miltank, F|100/100
|-damage|p2a: Miltank|88/100|[from] Stealth Rock
|move|p1a: Lanturn|Volt Switch|p2a: Miltank
|-crit|p2a: Miltank
|-damage|p2a: Miltank|61/100
|
|t:|1620601061
|switch|p1a: Toxicroak|Toxicroak, F|85/100|[from]move: Volt Switch
|-damage|p1a: Toxicroak|78/100|[from] Stealth Rock
|
|-heal|p2a: Miltank|68/100|[from] item: Leftovers
|upkeep
|turn|15
|
|t:|1620601070
|move|p1a: Toxicroak|Nasty Plot|p1a: Toxicroak
|-boost|p1a: Toxicroak|spa|2
|move|p2a: Miltank|Seismic Toss|p1a: Toxicroak
|-damage|p1a: Toxicroak|46/100
|
|-heal|p2a: Miltank|74/100|[from] item: Leftovers
|upkeep
|turn|16
|inactive|Akame's 1 fan has 180 seconds left.
|
|t:|1620601092
|switch|p2a: Cramorant|Cramorant, M|100/100
|move|p1a: Toxicroak|Sludge Bomb|p2a: Cramorant
|-damage|p2a: Cramorant|6/100
|-damage|p1a: Toxicroak|36/100|[from] item: Life Orb
|
|upkeep
|turn|17
|
|t:|1620601098
|move|p1a: Toxicroak|Vacuum Wave|p2a: Cramorant
|-resisted|p2a: Cramorant
|-damage|p2a: Cramorant|0 fnt
|faint|p2a: Cramorant
|-damage|p1a: Toxicroak|26/100|[from] item: Life Orb
|
|upkeep
|
|t:|1620601101
|switch|p2a: Passimian|Passimian, M|100/100
|-damage|p2a: Passimian|94/100|[from] Stealth Rock
|turn|18
|inactive|Akame's 1 fan has 180 seconds left.
|inactive|brewfasa has 270 seconds left.
|
|t:|1620601132
|switch|p1a: Lanturn|Lanturn, M|88/100
|-damage|p1a: Lanturn|75/100|[from] Stealth Rock
|move|p2a: Passimian|Close Combat|p1a: Lanturn
|-damage|p1a: Lanturn|13/100
|-unboost|p2a: Passimian|def|1
|-unboost|p2a: Passimian|spd|1
|
|-heal|p1a: Lanturn|19/100|[from] item: Leftovers
|upkeep
|turn|19
|inactive|brewfasa has 270 seconds left.
|
|t:|1620601144
|move|p2a: Passimian|Close Combat|p1a: Lanturn
|-damage|p1a: Lanturn|0 fnt
|-unboost|p2a: Passimian|def|1
|-unboost|p2a: Passimian|spd|1
|faint|p1a: Lanturn
|
|upkeep
|inactive|brewfasa has 270 seconds left.
|
|t:|1620601150
|switch|p1a: Mesprit|Mesprit|23/100 psn
|-damage|p1a: Mesprit|11/100 psn|[from] Stealth Rock
|turn|20
|
|t:|1620601154
|switch|p2a: Perrserker|Perrserker, F|100/100
|-damage|p2a: Perrserker|94/100|[from] Stealth Rock
|move|p1a: Mesprit|Healing Wish|p1a: Mesprit
|faint|p1a: Mesprit
|
|upkeep
|
|t:|1620601163
|switch|p1a: Archeops|Archeops, M|100/100
|turn|21
|
|t:|1620601187
|move|p1a: Archeops|Earthquake|p2a: Perrserker
|-supereffective|p2a: Perrserker
|-damage|p2a: Perrserker|5/100
|move|p2a: Perrserker|Iron Head|p1a: Archeops
|-supereffective|p1a: Archeops
|-damage|p1a: Archeops|0 fnt
|faint|p1a: Archeops
|
|upkeep
|
|t:|1620601193
|switch|p1a: Toxicroak|Toxicroak, F|26/100
|-heal|p1a: Toxicroak|100/100|[from] move: Healing Wish
|-damage|p1a: Toxicroak|94/100|[from] Stealth Rock
|turn|22
|
|t:|1620601200
|move|p1a: Toxicroak|Vacuum Wave|p2a: Perrserker
|-supereffective|p2a: Perrserker
|-damage|p2a: Perrserker|0 fnt
|faint|p2a: Perrserker
|-damage|p1a: Toxicroak|85/100|[from] item: Life Orb
|
|upkeep
|inactive|Akame's 1 fan has 180 seconds left.
|inactive|Akame's 1 fan has 150 seconds left.
|
|t:|1620601279
|switch|p2a: Miltank|Miltank, F|74/100
|-damage|p2a: Miltank|61/100|[from] Stealth Rock
|turn|23
|
|t:|1620601283
|move|p1a: Toxicroak|Nasty Plot|p1a: Toxicroak
|-boost|p1a: Toxicroak|spa|2
|move|p2a: Miltank|Seismic Toss|p1a: Toxicroak
|-damage|p1a: Toxicroak|52/100
|
|-heal|p2a: Miltank|67/100|[from] item: Leftovers
|upkeep
|turn|24
|
|t:|1620601292
|move|p1a: Toxicroak|Nasty Plot|p1a: Toxicroak
|-boost|p1a: Toxicroak|spa|2
|move|p2a: Miltank|Seismic Toss|p1a: Toxicroak
|-damage|p1a: Toxicroak|20/100
|
|-heal|p2a: Miltank|73/100|[from] item: Leftovers
|upkeep
|turn|25
|
|t:|1620601303
|move|p1a: Toxicroak|Sludge Bomb|p2a: Miltank
|-damage|p2a: Miltank|0 fnt
|faint|p2a: Miltank
|-damage|p1a: Toxicroak|10/100|[from] item: Life Orb
|
|upkeep
|c|☆brewfasa|gg
|
|t:|1620601306
|switch|p2a: Weezing|Weezing, F|73/100
|-damage|p2a: Weezing|61/100|[from] Stealth Rock
|turn|26
|c|☆Akame's 1 fan|gg
|
|t:|1620601311
|move|p1a: Toxicroak|Shadow Ball|p2a: Weezing
|-damage|p2a: Weezing|0 fnt
|faint|p2a: Weezing
|-damage|p1a: Toxicroak|0 fnt|[from] item: Life Orb
|faint|p1a: Toxicroak
|
|win|Akame's 1 fan
