|inactive|Battle timer is ON: inactive players will automatically lose when time's up.
|t:|1655339726
|gametype|singles
|player|p1|pkmn cypher 2013|lyra|
|player|p2|Heracross2.0|klara|
|teamsize|p1|6
|teamsize|p2|6
|gen|8
|tier|[Gen 8] PU
|rule|Sleep Clause Mod: Limit one foe put to sleep
|rule|Species Clause: Limit one of each Pokémon
|rule|OHKO Clause: OHKO moves are banned
|rule|Evasion Moves Clause: Evasion moves are banned
|rule|Endless Battle Clause: Forcing endless battles is banned
|rule|HP Percentage Mod: HP is shown in percentages
|rule|Dynamax Clause: You cannot dynamax
|clearpoke
|poke|p1|Scyther, F|
|poke|p1|Hattrem, F|
|poke|p1|Sandslash, F|
|poke|p1|Regirock|
|poke|p1|Togedemaru, M|
|poke|p1|Jellicent, M|
|poke|p2|Gourgeist-*, M|
|poke|p2|Garbodor, M|
|poke|p2|Druddigon, M|
|poke|p2|Cryogonal|
|poke|p2|Ribombee, M|
|poke|p2|Togedemaru, F|
|teampreview
|inactive|Heracross2.0 also wants the timer to be on.
|c|☆Heracross2.0|hf
|inactive|Heracross2.0 has 270 seconds left.
|c|☆pkmn cypher 2013|u2
|
|t:|1655339759
|start
|switch|p1a: Scyther|Scyther, F|100/100
|switch|p2a: Cry About It|Cryogonal, shiny|100/100
|turn|1
|
|t:|1655339766
|switch|p1a: Togedemaru|Togedemaru, M|100/100
|switch|p2a: Literal Garbage|Garbodor, M|100/100
|
|upkeep
|turn|2
|
|t:|1655339776
|switch|p1a: Sandslash|Sandslash, F|100/100
|move|p2a: Literal Garbage|Gunk Shot|p1a: Sandslash
|-resisted|p1a: Sandslash
|-damage|p1a: Sandslash|86/100
|
|-heal|p1a: Sandslash|92/100|[from] item: Leftovers
|upkeep
|turn|3
|
|t:|1655339783
|switch|p2a: Cry About It|Cryogonal, shiny|100/100
|move|p1a: Sandslash|Knock Off|p2a: Cry About It
|-damage|p2a: Cry About It|60/100
|-enditem|p2a: Cry About It|Heavy-Duty Boots|[from] move: Knock Off|[of] p1a: Sandslash
|
|-heal|p1a: Sandslash|99/100|[from] item: Leftovers
|upkeep
|turn|4
|
|t:|1655339787
|switch|p1a: Togedemaru|Togedemaru, M|100/100
|move|p2a: Cry About It|Knock Off|p1a: Togedemaru
|-damage|p1a: Togedemaru|86/100
|-damage|p2a: Cry About It|48/100|[from] ability: Iron Barbs|[of] p1a: Togedemaru
|-damage|p2a: Cry About It|31/100|[from] item: Rocky Helmet|[of] p1a: Togedemaru
|-enditem|p1a: Togedemaru|Rocky Helmet|[from] move: Knock Off|[of] p2a: Cry About It
|
|upkeep
|turn|5
|
|t:|1655339793
|switch|p2a: Literal Garbage|Garbodor, M|100/100
|move|p1a: Togedemaru|U-turn|p2a: Literal Garbage
|-resisted|p2a: Literal Garbage
|-damage|p2a: Literal Garbage|92/100
|
|t:|1655339806
|switch|p1a: Sandslash|Sandslash, F|99/100|[from]move: U-turn
|
|-heal|p1a: Sandslash|100/100|[from] item: Leftovers
|upkeep
|turn|6
|
|t:|1655339811
|switch|p2a: Cry About It|Cryogonal, shiny|31/100
|move|p1a: Sandslash|Spikes|p2a: Cry About It
|-sidestart|p2: Heracross2.0|Spikes
|
|upkeep
|turn|7
|
|t:|1655339816
|switch|p1a: Regirock|Regirock|100/100
|move|p2a: Cry About It|Recover|p2a: Cry About It
|-heal|p2a: Cry About It|82/100
|
|upkeep
|turn|8
|
|t:|1655339824
|switch|p2a: Drud|Druddigon, M|100/100
|-damage|p2a: Drud|88/100|[from] Spikes
|-ability|p2a: Drud|Mold Breaker
|move|p1a: Regirock|Stealth Rock|p2a: Drud
|-sidestart|p2: Heracross2.0|move: Stealth Rock
|
|-heal|p2a: Drud|94/100|[from] item: Leftovers
|upkeep
|turn|9
|
|t:|1655339832
|move|p1a: Regirock|Toxic|p2a: Drud
|-status|p2a: Drud|tox
|move|p2a: Drud|Stealth Rock|p1a: Regirock
|-sidestart|p1: pkmn cypher 2013|move: Stealth Rock
|
|-heal|p2a: Drud|100/100 tox|[from] item: Leftovers
|-damage|p2a: Drud|94/100 tox|[from] psn
|upkeep
|turn|10
|
|t:|1655339839
|move|p1a: Regirock|Body Press|p2a: Drud
|-damage|p2a: Drud|63/100 tox
|move|p2a: Drud|Rest|p2a: Drud
|-status|p2a: Drud|slp|[from] move: Rest
|-heal|p2a: Drud|100/100 slp|[silent]
|
|upkeep
|turn|11
|
|t:|1655339848
|move|p1a: Regirock|Rock Blast|p2a: Drud
|-damage|p2a: Drud|93/100 slp
|-damage|p2a: Drud|86/100 slp
|-damage|p2a: Drud|80/100 slp
|-crit|p2a: Drud
|-damage|p2a: Drud|70/100 slp
|-damage|p2a: Drud|64/100 slp
|-hitcount|p2a: Drud|5
|cant|p2a: Drud|slp
|
|-heal|p2a: Drud|70/100 slp|[from] item: Leftovers
|upkeep
|turn|12
|
|t:|1655339850
|move|p1a: Regirock|Body Press|p2a: Drud
|-damage|p2a: Drud|38/100 slp
|cant|p2a: Drud|slp
|
|-heal|p2a: Drud|44/100 slp|[from] item: Leftovers
|upkeep
|turn|13
|
|t:|1655339857
|switch|p1a: Sandslash|Sandslash, F|100/100
|-damage|p1a: Sandslash|94/100|[from] Stealth Rock
|-curestatus|p2a: Drud|slp|[msg]
|move|p2a: Drud|Dragon Tail|p1a: Sandslash
|-damage|p1a: Sandslash|76/100
|drag|p1a: Regirock|Regirock|100/100
|-damage|p1a: Regirock|88/100|[from] Stealth Rock
|
|-heal|p1a: Regirock|94/100|[from] item: Leftovers
|-heal|p2a: Drud|51/100|[from] item: Leftovers
|upkeep
|turn|14
|
|t:|1655339863
|move|p1a: Regirock|Toxic|p2a: Drud
|-status|p2a: Drud|tox
|move|p2a: Drud|Rest|p2a: Drud
|-status|p2a: Drud|slp|[from] move: Rest
|-heal|p2a: Drud|100/100 slp|[silent]
|
|-heal|p1a: Regirock|99/100|[from] item: Leftovers
|upkeep
|turn|15
|
|t:|1655339866
|move|p1a: Regirock|Rock Blast|p2a: Drud
|-damage|p2a: Drud|94/100 slp
|-damage|p2a: Drud|88/100 slp
|-damage|p2a: Drud|81/100 slp
|-damage|p2a: Drud|74/100 slp
|-damage|p2a: Drud|68/100 slp
|-hitcount|p2a: Drud|5
|cant|p2a: Drud|slp
|
|-heal|p1a: Regirock|100/100|[from] item: Leftovers
|-heal|p2a: Drud|74/100 slp|[from] item: Leftovers
|upkeep
|turn|16
|
|t:|1655339869
|move|p1a: Regirock|Body Press|p2a: Drud
|-damage|p2a: Drud|43/100 slp
|cant|p2a: Drud|slp
|
|-heal|p2a: Drud|50/100 slp|[from] item: Leftovers
|upkeep
|turn|17
|
|t:|1655339871
|switch|p1a: Sandslash|Sandslash, F|76/100
|-damage|p1a: Sandslash|70/100|[from] Stealth Rock
|-curestatus|p2a: Drud|slp|[msg]
|move|p2a: Drud|Rest|p2a: Drud
|-status|p2a: Drud|slp|[from] move: Rest
|-heal|p2a: Drud|100/100 slp|[silent]
|
|-heal|p1a: Sandslash|76/100|[from] item: Leftovers
|upkeep
|turn|18
|
|t:|1655339874
|switch|p2a: Massive|Gourgeist-Super, M, shiny|100/100
|-damage|p2a: Massive|88/100|[from] Spikes
|-damage|p2a: Massive|76/100|[from] Stealth Rock
|-item|p1a: Sandslash|Leftovers|[from] ability: Frisk|[of] p2a: Massive|[identify]
|move|p1a: Sandslash|Knock Off|p2a: Massive
|-supereffective|p2a: Massive
|-damage|p2a: Massive|60/100
|
|-heal|p1a: Sandslash|82/100|[from] item: Leftovers
|upkeep
|turn|19
|
|t:|1655339879
|switch|p1a: Togedemaru|Togedemaru, M|86/100
|-damage|p1a: Togedemaru|80/100|[from] Stealth Rock
|move|p2a: Massive|Synthesis|p2a: Massive
|-heal|p2a: Massive|100/100
|
|upkeep
|turn|20
|
|t:|1655339887
|move|p1a: Togedemaru|Wish|p1a: Togedemaru
|move|p2a: Massive|Skill Swap|p1a: Togedemaru
|-activate|p2a: Massive|move: Skill Swap|Iron Barbs|Frisk|[of] p1a: Togedemaru
|
|upkeep
|turn|21
|
|t:|1655339893
|move|p1a: Togedemaru|Iron Head|p2a: Massive
|-damage|p2a: Massive|84/100
|-damage|p1a: Togedemaru|68/100|[from] ability: Iron Barbs|[of] p2a: Massive
|cant|p2a: Massive|flinch
|
|-heal|p1a: Togedemaru|100/100|[from] move: Wish|[wisher] Togedemaru
|upkeep
|turn|22
|
|t:|1655339912
|move|p1a: Togedemaru|U-turn|p2a: Massive
|-damage|p2a: Massive|75/100
|-damage|p1a: Togedemaru|88/100|[from] ability: Iron Barbs|[of] p2a: Massive
|
|t:|1655339913
|switch|p1a: Regirock|Regirock|100/100|[from]move: U-turn
|-damage|p1a: Regirock|88/100|[from] Stealth Rock
|move|p2a: Massive|Skill Swap|p1a: Regirock
|-activate|p2a: Massive|move: Skill Swap|Clear Body|Iron Barbs|[of] p1a: Regirock
|
|-heal|p1a: Regirock|94/100|[from] item: Leftovers
|upkeep
|turn|23
|
|t:|1655339922
|switch|p2a: Literal Garbage|Garbodor, M|92/100
|move|p1a: Regirock|Toxic|p2a: Literal Garbage
|-immune|p2a: Literal Garbage
|
|-heal|p1a: Regirock|99/100|[from] item: Leftovers
|upkeep
|turn|24
|
|t:|1655339930
|move|p2a: Literal Garbage|Gunk Shot|p1a: Regirock|[miss]
|-miss|p2a: Literal Garbage|p1a: Regirock
|move|p1a: Regirock|Rock Blast|p2a: Literal Garbage
|-damage|p2a: Literal Garbage|83/100
|-damage|p2a: Literal Garbage|74/100
|-damage|p2a: Literal Garbage|64/100
|-hitcount|p2a: Literal Garbage|3
|
|-heal|p1a: Regirock|100/100|[from] item: Leftovers
|upkeep
|turn|25
|
|t:|1655339933
|switch|p1a: Hattrem|Hattrem, F|100/100
|-damage|p1a: Hattrem|88/100|[from] Stealth Rock
|move|p2a: Literal Garbage|Toxic Spikes|p1a: Hattrem
|move|p1a: Hattrem|Toxic Spikes|p2a: Literal Garbage|[from]ability: Magic Bounce
|-sidestart|p2: Heracross2.0|move: Toxic Spikes
|
|upkeep
|turn|26
|
|t:|1655339938
|move|p2a: Literal Garbage|Toxic Spikes|p1a: Hattrem
|move|p1a: Hattrem|Toxic Spikes|p2a: Literal Garbage|[from]ability: Magic Bounce
|-sidestart|p2: Heracross2.0|move: Toxic Spikes
|move|p1a: Hattrem|Psychic|p2a: Literal Garbage
|-supereffective|p2a: Literal Garbage
|-damage|p2a: Literal Garbage|17/100
|
|upkeep
|turn|27
|
|t:|1655339940
|switch|p2a: To Ge De Me|Togedemaru, F|100/100
|move|p1a: Hattrem|Psychic|p2a: To Ge De Me
|-resisted|p2a: To Ge De Me
|-damage|p2a: To Ge De Me|88/100
|
|upkeep
|turn|28
|
|t:|1655339947
|switch|p1a: Togedemaru|Togedemaru, M|88/100
|-damage|p1a: Togedemaru|82/100|[from] Stealth Rock
|move|p2a: To Ge De Me|U-turn|p1a: Togedemaru
|-resisted|p1a: Togedemaru
|-damage|p1a: Togedemaru|71/100
|-damage|p2a: To Ge De Me|76/100|[from] ability: Iron Barbs|[of] p1a: Togedemaru
|
|t:|1655339950
|switch|p2a: Literal Garbage|Garbodor, M|17/100|[from]move: U-turn
|-sideend|p2: Heracross2.0|move: Toxic Spikes|[of] p2a: Literal Garbage
|
|upkeep
|turn|29
|
|t:|1655339956
|switch|p2a: To Ge De Me|Togedemaru, F|76/100
|move|p1a: Togedemaru|Iron Head|p2a: To Ge De Me
|-resisted|p2a: To Ge De Me
|-damage|p2a: To Ge De Me|66/100
|
|upkeep
|turn|30
|
|t:|1655339961
|move|p1a: Togedemaru|Wish|p1a: Togedemaru
|move|p2a: To Ge De Me|Wish|p2a: To Ge De Me
|
|upkeep
|turn|31
|
|t:|1655339967
|move|p1a: Togedemaru|Iron Head|p2a: To Ge De Me
|-resisted|p2a: To Ge De Me
|-damage|p2a: To Ge De Me|56/100
|cant|p2a: To Ge De Me|flinch
|
|-heal|p1a: Togedemaru|100/100|[from] move: Wish|[wisher] Togedemaru
|-heal|p2a: To Ge De Me|100/100|[from] move: Wish|[wisher] To Ge De Me
|upkeep
|turn|32
|
|t:|1655339971
|move|p1a: Togedemaru|Wish|p1a: Togedemaru
|move|p2a: To Ge De Me|Wish|p2a: To Ge De Me
|
|upkeep
|turn|33
|
|t:|1655339974
|move|p1a: Togedemaru|Spiky Shield|p1a: Togedemaru
|-singleturn|p1a: Togedemaru|move: Protect
|move|p2a: To Ge De Me|U-turn|p1a: Togedemaru
|-activate|p1a: Togedemaru|move: Protect
|-damage|p2a: To Ge De Me|88/100|[from] Spiky Shield|[of] p1a: Togedemaru
|
|-heal|p2a: To Ge De Me|100/100|[from] move: Wish|[wisher] To Ge De Me
|upkeep
|turn|34
|
|t:|1655339977
|move|p1a: Togedemaru|U-turn|p2a: To Ge De Me
|-resisted|p2a: To Ge De Me
|-damage|p2a: To Ge De Me|88/100
|
|t:|1655339978
|switch|p1a: Sandslash|Sandslash, F|82/100|[from]move: U-turn
|-damage|p1a: Sandslash|76/100|[from] Stealth Rock
|move|p2a: To Ge De Me|Wish|p2a: To Ge De Me
|
|-heal|p1a: Sandslash|82/100|[from] item: Leftovers
|upkeep
|turn|35
|
|t:|1655339982
|move|p2a: To Ge De Me|U-turn|p1a: Sandslash
|-damage|p1a: Sandslash|70/100
|
|t:|1655339983
|switch|p2a: Massive|Gourgeist-Super, M, shiny|75/100|[from]move: U-turn
|-damage|p2a: Massive|63/100|[from] Spikes
|-damage|p2a: Massive|51/100|[from] Stealth Rock
|-item|p1a: Sandslash|Leftovers|[from] ability: Frisk|[of] p2a: Massive|[identify]
|move|p1a: Sandslash|Spikes|p2a: Massive
|-sidestart|p2: Heracross2.0|Spikes
|
|-heal|p2a: Massive|95/100|[from] move: Wish|[wisher] To Ge De Me
|-heal|p1a: Sandslash|76/100|[from] item: Leftovers
|upkeep
|turn|36
|
|t:|1655339989
|switch|p1a: Regirock|Regirock|100/100
|-damage|p1a: Regirock|88/100|[from] Stealth Rock
|move|p2a: Massive|Will-O-Wisp|p1a: Regirock|[miss]
|-miss|p2a: Massive|p1a: Regirock
|
|-heal|p1a: Regirock|94/100|[from] item: Leftovers
|upkeep
|turn|37
|
|t:|1655339995
|switch|p2a: Drud|Druddigon, M|100/100 slp
|-damage|p2a: Drud|84/100 slp|[from] Spikes
|-damage|p2a: Drud|72/100 slp|[from] Stealth Rock
|-ability|p2a: Drud|Mold Breaker
|move|p1a: Regirock|Toxic||[still]
|-fail|p1a: Regirock
|
|-heal|p1a: Regirock|99/100|[from] item: Leftovers
|-heal|p2a: Drud|78/100 slp|[from] item: Leftovers
|upkeep
|turn|38
|
|t:|1655339998
|move|p1a: Regirock|Body Press|p2a: Drud
|-damage|p2a: Drud|45/100 slp
|cant|p2a: Drud|slp
|
|-heal|p1a: Regirock|100/100|[from] item: Leftovers
|-heal|p2a: Drud|51/100 slp|[from] item: Leftovers
|upkeep
|turn|39
|
|t:|1655340000
|move|p1a: Regirock|Body Press|p2a: Drud
|-damage|p2a: Drud|20/100 slp
|cant|p2a: Drud|slp
|
|-heal|p2a: Drud|27/100 slp|[from] item: Leftovers
|upkeep
|turn|40
|
|t:|1655340007
|move|p1a: Regirock|Body Press|p2a: Drud
|-damage|p2a: Drud|0 fnt
|faint|p2a: Drud
|
|upkeep
|
|t:|1655340012
|switch|p2a: Literal Garbage|Garbodor, M|17/100
|turn|41
|
|t:|1655340017
|switch|p1a: Hattrem|Hattrem, F|88/100
|-damage|p1a: Hattrem|76/100|[from] Stealth Rock
|move|p2a: Literal Garbage|Pain Split|p1a: Hattrem
|-sethp|p1a: Hattrem|48/100|[from] move: Pain Split|[silent]
|-sethp|p2a: Literal Garbage|42/100|[from] move: Pain Split
|
|upkeep
|turn|42
|
|t:|1655340020
|switch|p2a: To Ge De Me|Togedemaru, F|88/100
|move|p1a: Hattrem|Psychic|p2a: To Ge De Me
|-resisted|p2a: To Ge De Me
|-damage|p2a: To Ge De Me|75/100
|
|upkeep
|turn|43
|
|t:|1655340027
|switch|p1a: Togedemaru|Togedemaru, M|100/100
|-damage|p1a: Togedemaru|95/100|[from] Stealth Rock
|move|p2a: To Ge De Me|Iron Head|p1a: Togedemaru
|-resisted|p1a: Togedemaru
|-damage|p1a: Togedemaru|84/100
|-damage|p2a: To Ge De Me|63/100|[from] ability: Iron Barbs|[of] p1a: Togedemaru
|
|upkeep
|turn|44
|
|t:|1655340030
|switch|p2a: Literal Garbage|Garbodor, M|42/100
|move|p1a: Togedemaru|Wish|p1a: Togedemaru
|
|upkeep
|turn|45
|
|t:|1655340034
|move|p1a: Togedemaru|Iron Head|p2a: Literal Garbage
|-damage|p2a: Literal Garbage|12/100
|move|p2a: Literal Garbage|Gunk Shot|p1a: Togedemaru
|-immune|p1a: Togedemaru
|
|-heal|p1a: Togedemaru|100/100|[from] move: Wish|[wisher] Togedemaru
|upkeep
|turn|46
|
|t:|1655340039
|switch|p2a: To Ge De Me|Togedemaru, F|63/100
|move|p1a: Togedemaru|U-turn|p2a: To Ge De Me
|-resisted|p2a: To Ge De Me
|-damage|p2a: To Ge De Me|50/100
|
|t:|1655340044
|switch|p1a: Regirock|Regirock|100/100|[from]move: U-turn
|-damage|p1a: Regirock|88/100|[from] Stealth Rock
|
|-heal|p1a: Regirock|94/100|[from] item: Leftovers
|upkeep
|turn|47
|
|t:|1655340049
|move|p2a: To Ge De Me|U-turn|p1a: Regirock
|-damage|p1a: Regirock|87/100
|
|t:|1655340050
|switch|p2a: Massive|Gourgeist-Super, M, shiny|95/100|[from]move: U-turn
|-damage|p2a: Massive|79/100|[from] Spikes
|-damage|p2a: Massive|66/100|[from] Stealth Rock
|-item|p1a: Regirock|Leftovers|[from] ability: Frisk|[of] p2a: Massive|[identify]
|move|p1a: Regirock|Toxic|p2a: Massive|[miss]
|-miss|p1a: Regirock|p2a: Massive
|
|-heal|p1a: Regirock|93/100|[from] item: Leftovers
|upkeep
|turn|48
|
|t:|1655340053
|move|p1a: Regirock|Toxic|p2a: Massive
|-status|p2a: Massive|tox
|move|p2a: Massive|Will-O-Wisp|p1a: Regirock
|-status|p1a: Regirock|brn
|
|-heal|p1a: Regirock|99/100 brn|[from] item: Leftovers
|-damage|p2a: Massive|60/100 tox|[from] psn
|-damage|p1a: Regirock|93/100 brn|[from] brn
|upkeep
|turn|49
|
|t:|1655340062
|switch|p1a: Togedemaru|Togedemaru, M|100/100
|-damage|p1a: Togedemaru|95/100|[from] Stealth Rock
|move|p2a: Massive|Rock Slide|p1a: Togedemaru
|-resisted|p1a: Togedemaru
|-damage|p1a: Togedemaru|82/100
|
|-damage|p2a: Massive|48/100 tox|[from] psn
|upkeep
|turn|50
|
|t:|1655340065
|switch|p2a: To Ge De Me|Togedemaru, F|50/100
|move|p1a: Togedemaru|Iron Head|p2a: To Ge De Me
|-resisted|p2a: To Ge De Me
|-damage|p2a: To Ge De Me|40/100
|
|upkeep
|turn|51
|
|t:|1655340068
|move|p1a: Togedemaru|Wish|p1a: Togedemaru
|move|p2a: To Ge De Me|Wish|p2a: To Ge De Me
|
|upkeep
|turn|52
|
|t:|1655340071
|move|p1a: Togedemaru|Spiky Shield|p1a: Togedemaru
|-singleturn|p1a: Togedemaru|move: Protect
|move|p2a: To Ge De Me|U-turn|p1a: Togedemaru
|-activate|p1a: Togedemaru|move: Protect
|-damage|p2a: To Ge De Me|27/100|[from] Spiky Shield|[of] p1a: Togedemaru
|
|-heal|p2a: To Ge De Me|77/100|[from] move: Wish|[wisher] To Ge De Me
|-heal|p1a: Togedemaru|100/100|[from] move: Wish|[wisher] Togedemaru
|upkeep
|turn|53
|
|t:|1655340075
|move|p1a: Togedemaru|U-turn|p2a: To Ge De Me
|-resisted|p2a: To Ge De Me
|-damage|p2a: To Ge De Me|65/100
|
|t:|1655340078
|switch|p1a: Sandslash|Sandslash, F|76/100|[from]move: U-turn
|-damage|p1a: Sandslash|70/100|[from] Stealth Rock
|move|p2a: To Ge De Me|U-turn|p1a: Sandslash
|-damage|p1a: Sandslash|58/100
|
|t:|1655340081
|switch|p2a: Cry About It|Cryogonal, shiny|82/100|[from]move: U-turn
|-damage|p2a: Cry About It|57/100|[from] Stealth Rock
|
|-heal|p1a: Sandslash|65/100|[from] item: Leftovers
|upkeep
|turn|54
|
|t:|1655340085
|switch|p1a: Jellicent|Jellicent, M|100/100
|-damage|p1a: Jellicent|88/100|[from] Stealth Rock
|move|p2a: Cry About It|Rapid Spin|p1a: Jellicent
|-immune|p1a: Jellicent
|
|-heal|p1a: Jellicent|94/100|[from] item: Leftovers
|upkeep
|turn|55
|
|t:|1655340088
|move|p2a: Cry About It|Freeze-Dry|p1a: Jellicent
|-supereffective|p1a: Jellicent
|-damage|p1a: Jellicent|45/100
|move|p1a: Jellicent|Toxic|p2a: Cry About It
|-status|p2a: Cry About It|tox
|
|-heal|p1a: Jellicent|51/100|[from] item: Leftovers
|-damage|p2a: Cry About It|51/100 tox|[from] psn
|upkeep
|turn|56
|
|t:|1655340092
|switch|p1a: Togedemaru|Togedemaru, M|100/100
|-damage|p1a: Togedemaru|95/100|[from] Stealth Rock
|move|p2a: Cry About It|Knock Off|p1a: Togedemaru
|-damage|p1a: Togedemaru|83/100
|-damage|p2a: Cry About It|38/100 tox|[from] ability: Iron Barbs|[of] p1a: Togedemaru
|
|-damage|p2a: Cry About It|26/100 tox|[from] psn
|upkeep
|turn|57
|
|t:|1655340096
|move|p1a: Togedemaru|Spiky Shield|p1a: Togedemaru
|-singleturn|p1a: Togedemaru|move: Protect
|move|p2a: Cry About It|Rapid Spin|p1a: Togedemaru
|-activate|p1a: Togedemaru|move: Protect
|-damage|p2a: Cry About It|14/100 tox|[from] Spiky Shield|[of] p1a: Togedemaru
|
|-damage|p2a: Cry About It|0 fnt|[from] psn
|faint|p2a: Cry About It
|upkeep
|
|t:|1655340102
|switch|p2a: To Ge De Me|Togedemaru, F|65/100
|turn|58
|
|t:|1655340106
|move|p1a: Togedemaru|Wish|p1a: Togedemaru
|move|p2a: To Ge De Me|Wish|p2a: To Ge De Me
|
|upkeep
|turn|59
|
|t:|1655340110
|move|p1a: Togedemaru|Iron Head|p2a: To Ge De Me
|-resisted|p2a: To Ge De Me
|-damage|p2a: To Ge De Me|55/100
|move|p2a: To Ge De Me|U-turn|p1a: Togedemaru
|-resisted|p1a: Togedemaru
|-damage|p1a: Togedemaru|72/100
|-damage|p2a: To Ge De Me|43/100|[from] ability: Iron Barbs|[of] p1a: Togedemaru
|
|t:|1655340114
|switch|p2a: Literal Garbage|Garbodor, M|12/100|[from]move: U-turn
|
|-heal|p1a: Togedemaru|100/100|[from] move: Wish|[wisher] Togedemaru
|-heal|p2a: Literal Garbage|58/100|[from] move: Wish|[wisher] To Ge De Me
|upkeep
|turn|60
|
|t:|1655340122
|move|p1a: Togedemaru|U-turn|p2a: Literal Garbage
|-resisted|p2a: Literal Garbage
|-damage|p2a: Literal Garbage|49/100
|
|t:|1655340124
|switch|p1a: Sandslash|Sandslash, F|65/100|[from]move: U-turn
|-damage|p1a: Sandslash|58/100|[from] Stealth Rock
|move|p2a: Literal Garbage|Toxic Spikes|p1a: Sandslash
|-sidestart|p1: pkmn cypher 2013|move: Toxic Spikes
|
|-heal|p1a: Sandslash|65/100|[from] item: Leftovers
|upkeep
|turn|61
|
|t:|1655340132
|move|p2a: Literal Garbage|Gunk Shot|p1a: Sandslash|[miss]
|-miss|p2a: Literal Garbage|p1a: Sandslash
|move|p1a: Sandslash|Knock Off|p2a: Literal Garbage
|-damage|p2a: Literal Garbage|25/100
|-enditem|p2a: Literal Garbage|Heavy-Duty Boots|[from] move: Knock Off|[of] p1a: Sandslash
|
|-heal|p1a: Sandslash|71/100|[from] item: Leftovers
|upkeep
|turn|62
|
|t:|1655340136
|move|p2a: Literal Garbage|Pain Split|p1a: Sandslash
|-sethp|p1a: Sandslash|48/100|[from] move: Pain Split|[silent]
|-sethp|p2a: Literal Garbage|47/100|[from] move: Pain Split
|move|p1a: Sandslash|Rapid Spin|p2a: Literal Garbage
|-damage|p2a: Literal Garbage|33/100
|-boost|p1a: Sandslash|spe|1
|-sideend|p1: pkmn cypher 2013|Toxic Spikes|[from] move: Rapid Spin|[of] p1a: Sandslash
|-sideend|p1: pkmn cypher 2013|Stealth Rock|[from] move: Rapid Spin|[of] p1a: Sandslash
|
|-heal|p1a: Sandslash|54/100|[from] item: Leftovers
|upkeep
|turn|63
|
|t:|1655340144
|switch|p2a: Buzy Bee|Ribombee, M|100/100
|move|p1a: Sandslash|Earthquake|p2a: Buzy Bee
|-resisted|p2a: Buzy Bee
|-damage|p2a: Buzy Bee|67/100
|
|-heal|p1a: Sandslash|61/100|[from] item: Leftovers
|upkeep
|turn|64
|
|t:|1655340149
|switch|p2a: Literal Garbage|Garbodor, M|33/100
|-damage|p2a: Literal Garbage|17/100|[from] Spikes
|-damage|p2a: Literal Garbage|4/100|[from] Stealth Rock
|switch|p1a: Togedemaru|Togedemaru, M|100/100
|
|upkeep
|turn|65
|
|t:|1655340153
|move|p1a: Togedemaru|U-turn|p2a: Literal Garbage
|-resisted|p2a: Literal Garbage
|-damage|p2a: Literal Garbage|0 fnt
|-damage|p1a: Togedemaru|76/100|[from] ability: Aftermath|[of] p2a: Literal Garbage
|faint|p2a: Literal Garbage
|
|t:|1655340158
|switch|p1a: Scyther|Scyther, F|100/100|[from]move: U-turn
|
|upkeep
|
|t:|1655340161
|switch|p2a: Buzy Bee|Ribombee, M|67/100
|turn|66
|
|t:|1655340164
|move|p2a: Buzy Bee|Moonblast|p1a: Scyther
|-crit|p1a: Scyther
|-damage|p1a: Scyther|13/100
|move|p1a: Scyther|Dual Wingbeat|p2a: Buzy Bee
|-supereffective|p2a: Buzy Bee
|-damage|p2a: Buzy Bee|0 fnt
|faint|p2a: Buzy Bee
|-hitcount|p2: Buzy Bee|1
|
|upkeep
|
|t:|1655340167
|switch|p2a: To Ge De Me|Togedemaru, F|43/100
|turn|67
|
|t:|1655340169
|move|p1a: Scyther|Roost|p1a: Scyther
|-heal|p1a: Scyther|63/100
|-singleturn|p1a: Scyther|move: Roost
|move|p2a: To Ge De Me|Wish|p2a: To Ge De Me
|
|upkeep
|turn|68
|
|t:|1655340172
|move|p1a: Scyther|Knock Off|p2a: To Ge De Me
|-crit|p2a: To Ge De Me
|-damage|p2a: To Ge De Me|0 fnt
|-enditem|p2a: To Ge De Me|Heavy-Duty Boots|[from] move: Knock Off|[of] p1a: Scyther
|faint|p2a: To Ge De Me
|
|upkeep
|c|☆Heracross2.0|gg
|c|☆pkmn cypher 2013|gg
|-message|Heracross2.0 forfeited.
|
|win|pkmn cypher 2013
