|inactive|Battle timer is ON: inactive players will automatically lose when time's up.
|t:|1631814225
|gametype|singles
|player|p1|Lambovino|#scl1terrors|
|player|p2|tlenit|#scl1foxes|
|teamsize|p1|6
|teamsize|p2|6
|gen|8
|tier|[Gen 8] PU
|rule|Sleep Clause Mod: Limit one foe put to sleep
|rule|Species Clause: Limit one of each Pokémon
|rule|OHKO Clause: OHKO moves are banned
|rule|Evasion Moves Clause: Evasion moves are banned
|rule|Endless Battle Clause: Forcing endless battles is banned
|rule|HP Percentage Mod: HP is shown in percentages
|rule|Dynamax Clause: You cannot dynamax
|clearpoke
|poke|p1|Ferroseed, M|
|poke|p1|Gigalith, F|
|poke|p1|Charizard, M|
|poke|p1|Sandaconda, M|
|poke|p1|Weezing, F|
|poke|p1|Scrafty, F|
|poke|p2|Tsareena, F|
|poke|p2|Gigalith, M|
|poke|p2|Perrserker, F|
|poke|p2|Silvally-*|
|poke|p2|Basculin-Blue-Striped, F|
|poke|p2|Drampa, F|
|teampreview
|c|☆tlenit|hf buddy
|raw|<div class="broadcast-red"><strong>Moderated chat was set to *!</strong><br />Only users of rank * and higher can talk.</div>
|inactive|Lambovino has 270 seconds left.
|inactive|tlenit has 270 seconds left.
|c|☆Lambovino|have fun !
|
|t:|1631814272
|start
|switch|p1a: Charizard|Charizard, M|100/100
|switch|p2a: Basculin|Basculin-Blue-Striped, F, shiny|100/100
|turn|1
|inactive|Lambovino has 270 seconds left.
|
|t:|1631814326
|switch|p1a: Ferroseed|Ferroseed, M|100/100
|move|p2a: Basculin|Flip Turn|p1a: Ferroseed
|-resisted|p1a: Ferroseed
|-damage|p1a: Ferroseed|92/100
|-damage|p2a: Basculin|88/100|[from] ability: Iron Barbs|[of] p1a: Ferroseed
|
|t:|1631814350
|switch|p2a: Perrserker|Perrserker, F, shiny|100/100|[from]move: Flip Turn
|
|upkeep
|turn|2
|
|t:|1631814371
|switch|p2a: Drampa|Drampa, F, shiny|100/100
|-ability|p2a: Drampa|Cloud Nine
|move|p1a: Ferroseed|Protect||[still]
|-fail|p1a: Ferroseed
|
|upkeep
|turn|3
|inactive|tlenit has 270 seconds left.
|inactive|tlenit has 240 seconds left.
|inactive|Lambovino has 240 seconds left.
|
|t:|1631814442
|move|p1a: Ferroseed|Protect|p1a: Ferroseed
|-singleturn|p1a: Ferroseed|Protect
|move|p2a: Drampa|Focus Blast|p1a: Ferroseed
|-activate|p1a: Ferroseed|move: Protect
|
|upkeep
|turn|4
|
|t:|1631814460
|switch|p1a: Charizard|Charizard, M|100/100
|move|p2a: Drampa|Focus Blast|p1a: Charizard
|-resisted|p1a: Charizard
|-crit|p1a: Charizard
|-damage|p1a: Charizard|26/100
|
|upkeep
|turn|5
|inactive|Lambovino has 210 seconds left.
|
|t:|1631814491
|move|p1a: Charizard|Toxic|p2a: Drampa
|-status|p2a: Drampa|tox
|move|p2a: Drampa|Focus Blast|p1a: Charizard
|-resisted|p1a: Charizard
|-damage|p1a: Charizard|0 fnt
|faint|p1a: Charizard
|
|-damage|p2a: Drampa|94/100 tox|[from] psn
|upkeep
|inactive|Lambovino has 180 seconds left.
|inactive|Lambovino has 150 seconds left.
|
|t:|1631814578
|switch|p1a: Weezing|Weezing, F|100/100
|turn|6
|inactive|Lambovino has 120 seconds left.
|inactive|tlenit has 210 seconds left.
|inactive|Lambovino has 90 seconds left.
|
|t:|1631814648
|switch|p2a: Perrserker|Perrserker, F, shiny|100/100
|move|p1a: Weezing|Sludge Bomb|p2a: Perrserker
|-immune|p2a: Perrserker
|
|upkeep
|turn|7
|
|t:|1631814653
|move|p2a: Perrserker|Substitute|p2a: Perrserker
|-start|p2a: Perrserker|Substitute
|-damage|p2a: Perrserker|76/100
|move|p1a: Weezing|Pain Split||[still]
|-fail|p1a: Weezing
|
|-heal|p2a: Perrserker|82/100|[from] item: Leftovers
|upkeep
|turn|8
|
|t:|1631814664
|move|p2a: Perrserker|Iron Head|p1a: Weezing
|-damage|p1a: Weezing|66/100
|-damage|p2a: Perrserker|65/100|[from] item: Rocky Helmet|[of] p1a: Weezing
|cant|p1a: Weezing|flinch
|
|-heal|p2a: Perrserker|71/100|[from] item: Leftovers
|upkeep
|turn|9
|
|t:|1631814671
|switch|p1a: Sandaconda|Sandaconda, M|100/100
|move|p2a: Perrserker|Iron Head|p1a: Sandaconda
|-damage|p1a: Sandaconda|62/100
|
|-heal|p2a: Perrserker|77/100|[from] item: Leftovers
|-heal|p1a: Sandaconda|68/100|[from] item: Leftovers
|upkeep
|turn|10
|inactive|tlenit has 210 seconds left.
|
|t:|1631814678
|move|p2a: Perrserker|Iron Head|p1a: Sandaconda
|-damage|p1a: Sandaconda|26/100
|cant|p1a: Sandaconda|flinch
|
|-heal|p2a: Perrserker|83/100|[from] item: Leftovers
|-heal|p1a: Sandaconda|32/100|[from] item: Leftovers
|upkeep
|turn|11
|c|☆tlenit|mb
|c|☆Lambovino|np np 
|inactive|Lambovino has 90 seconds left.
|inactive|Lambovino has 60 seconds left.
|inactive|Lambovino has 30 seconds left.
|
|t:|1631814768
|move|p2a: Perrserker|Iron Head|p1a: Sandaconda
|-damage|p1a: Sandaconda|0 fnt
|faint|p1a: Sandaconda
|
|-heal|p2a: Perrserker|89/100|[from] item: Leftovers
|upkeep
|inactive|Lambovino has 30 seconds left this turn.
|inactive|Lambovino has 20 seconds left.
|inactive|Lambovino has 15 seconds left.
|
|t:|1631814785
|switch|p1a: Gigalith|Gigalith, F|100/100
|-weather|Sandstorm|[from] ability: Sand Stream|[of] p1a: Gigalith
|turn|12
|inactive|Lambovino has 25 seconds left this turn.
|
|t:|1631814789
|move|p2a: Perrserker|Iron Head|p1a: Gigalith
|-supereffective|p1a: Gigalith
|-damage|p1a: Gigalith|35/100
|move|p1a: Gigalith|Superpower|p2a: Perrserker
|-supereffective|p2a: Perrserker
|-end|p2a: Perrserker|Substitute
|-unboost|p1a: Gigalith|atk|1
|-unboost|p1a: Gigalith|def|1
|
|-weather|Sandstorm|[upkeep]
|-heal|p2a: Perrserker|96/100|[from] item: Leftovers
|-heal|p1a: Gigalith|41/100|[from] item: Leftovers
|upkeep
|turn|13
|inactive|Lambovino has 30 seconds left.
|inactive|tlenit has 240 seconds left.
|
|t:|1631814799
|move|p2a: Perrserker|Iron Head|p1a: Gigalith
|-supereffective|p1a: Gigalith
|-damage|p1a: Gigalith|0 fnt
|faint|p1a: Gigalith
|
|-weather|Sandstorm|[upkeep]
|-heal|p2a: Perrserker|100/100|[from] item: Leftovers
|upkeep
|
|t:|1631814802
|switch|p1a: Scrafty|Scrafty, F|100/100
|turn|14
|inactive|tlenit has 240 seconds left.
|
|t:|1631814821
|move|p2a: Perrserker|Iron Head|p1a: Scrafty
|-damage|p1a: Scrafty|60/100
|cant|p1a: Scrafty|flinch
|
|-weather|Sandstorm|[upkeep]
|-damage|p1a: Scrafty|54/100|[from] Sandstorm
|-heal|p1a: Scrafty|60/100|[from] item: Leftovers
|upkeep
|turn|15
|
|t:|1631814825
|move|p2a: Perrserker|Close Combat|p1a: Scrafty
|-supereffective|p1a: Scrafty
|-damage|p1a: Scrafty|0 fnt
|-unboost|p2a: Perrserker|def|1
|-unboost|p2a: Perrserker|spd|1
|faint|p1a: Scrafty
|
|-weather|Sandstorm|[upkeep]
|upkeep
|c|☆Lambovino|gg
|-message|Lambovino forfeited.
|
|win|tlenit
|c|☆tlenit|gg sry for this
|c|☆Lambovino|np np
