|inactive|Battle timer is ON: inactive players will automatically lose when time's up.
|t:|1656788593
|gametype|singles
|player|p1|mncmt|#scl1spartans|
|player|p2|ktutverde|blue-gen3|
|teamsize|p1|6
|teamsize|p2|6
|gen|8
|tier|[Gen 8] PU
|rule|Sleep Clause Mod: Limit one foe put to sleep
|rule|Species Clause: Limit one of each Pokémon
|rule|OHKO Clause: OHKO moves are banned
|rule|Evasion Moves Clause: Evasion moves are banned
|rule|Endless Battle Clause: Forcing endless battles is banned
|rule|HP Percentage Mod: HP is shown in percentages
|rule|Dynamax Clause: You cannot dynamax
|clearpoke
|poke|p1|Vikavolt, F|
|poke|p1|Garbodor, F|
|poke|p1|Regirock|
|poke|p1|Togedemaru, M|
|poke|p1|Ribombee, M|
|poke|p1|Tangela, M|
|poke|p2|Aggron, F|
|poke|p2|Whimsicott, M|
|poke|p2|Jellicent, M|
|poke|p2|Sneasel, M|
|poke|p2|Marowak, F|
|poke|p2|Charizard, M|
|teampreview
|c|☆ktutverde|hf
|c|☆mncmt|u2
|c|+Ms.Jisoo|Yass
|c|+Ms.Jisoo|Go mence!!
|inactive|mncmt has 270 seconds left.
|inactive|ktutverde has 270 seconds left.
|inactive|ktutverde has 240 seconds left.
|c|+tjay|ktut (:
|inactive|ktutverde has 210 seconds left.
|inactive|ktutverde has 180 seconds left.
|
|t:|1656788717
|start
|switch|p1a: Vikavolt|Vikavolt, F|100/100
|switch|p2a: Charizard|Charizard, M|100/100
|turn|1
|inactive|ktutverde has 240 seconds left.
|c|+Lambovino|GO KTUT
|
|t:|1656788743
|switch|p1a: Regirock|Regirock|100/100
|move|p2a: Charizard|Flamethrower|p1a: Regirock
|-resisted|p1a: Regirock
|-crit|p1a: Regirock
|-damage|p1a: Regirock|81/100
|
|-heal|p1a: Regirock|87/100|[from] item: Leftovers
|upkeep
|turn|2
|inactive|ktutverde has 210 seconds left.
|
|t:|1656788787
|switch|p2a: Whimsicott|Whimsicott, M|100/100
|move|p1a: Regirock|Stealth Rock|p2a: Whimsicott
|-sidestart|p2: ktutverde|move: Stealth Rock
|
|-heal|p1a: Regirock|93/100|[from] item: Leftovers
|upkeep
|turn|3
|
|t:|1656788806
|switch|p1a: Togedemaru|Togedemaru, M|100/100
|move|p2a: Whimsicott|U-turn|p1a: Togedemaru
|-resisted|p1a: Togedemaru
|-damage|p1a: Togedemaru|93/100
|inactive|ktutverde has 180 seconds left.
|
|t:|1656788823
|switch|p2a: Marowak|Marowak, F|100/100|[from]move: U-turn
|-damage|p2a: Marowak|94/100|[from] Stealth Rock
|
|upkeep
|turn|4
|inactive|ktutverde has 180 seconds left.
|
|t:|1656788835
|move|p1a: Togedemaru|Iron Head|p2a: Marowak
|-damage|p2a: Marowak|63/100
|cant|p2a: Marowak|flinch
|
|upkeep
|turn|5
|inactive|ktutverde has 180 seconds left.
|
|t:|1656788854
|move|p1a: Togedemaru|U-turn|p2a: Marowak
|-damage|p2a: Marowak|45/100
|
|t:|1656788856
|switch|p1a: Tangela|Tangela, M|100/100|[from]move: U-turn
|move|p2a: Marowak|Knock Off|p1a: Tangela
|-damage|p1a: Tangela|67/100
|-enditem|p1a: Tangela|Eviolite|[from] move: Knock Off|[of] p2a: Marowak
|
|upkeep
|turn|6
|inactive|ktutverde has 180 seconds left.
|
|t:|1656788877
|switch|p2a: Whimsicott|Whimsicott, M|100/100
|-damage|p2a: Whimsicott|88/100|[from] Stealth Rock
|move|p1a: Tangela|Knock Off|p2a: Whimsicott
|-resisted|p2a: Whimsicott
|-damage|p2a: Whimsicott|79/100
|-enditem|p2a: Whimsicott|Choice Specs|[from] move: Knock Off|[of] p1a: Tangela
|
|upkeep
|turn|7
|inactive|ktutverde has 180 seconds left.
|
|t:|1656788893
|switch|p1a: Togedemaru|Togedemaru, M|93/100
|move|p2a: Whimsicott|Defog|p1a: Togedemaru
|-unboost|p1a: Togedemaru|evasion|1
|-sideend|p2: ktutverde|Stealth Rock|[from] move: Defog|[of] p2a: Whimsicott
|
|upkeep
|turn|8
|
|t:|1656788919
|move|p2a: Whimsicott|U-turn|p1a: Togedemaru
|-resisted|p1a: Togedemaru
|-damage|p1a: Togedemaru|86/100
|inactive|ktutverde has 150 seconds left.
|
|t:|1656788932
|switch|p2a: Jellicent|Jellicent, M|100/100|[from]move: U-turn
|move|p1a: Togedemaru|U-turn|p2a: Jellicent
|-resisted|p2a: Jellicent
|-damage|p2a: Jellicent|91/100
|
|t:|1656788938
|switch|p1a: Vikavolt|Vikavolt, F|100/100|[from]move: U-turn
|
|upkeep
|turn|9
|inactive|ktutverde has 150 seconds left.
|
|t:|1656788956
|move|p2a: Jellicent|Water Spout|p1a: Vikavolt
|-damage|p1a: Vikavolt|0 fnt
|faint|p1a: Vikavolt
|
|upkeep
|inactive|mncmt has 270 seconds left.
|c|+tjay|gone
|
|t:|1656788988
|switch|p1a: Tangela|Tangela, M|100/100
|turn|10
|c|+gum|LMFAOO
|c|+gum|BENCHED
|inactive|ktutverde has 150 seconds left.
|
|t:|1656789017
|switch|p2a: Whimsicott|Whimsicott, M|79/100
|move|p1a: Tangela|Giga Drain|p2a: Whimsicott
|-resisted|p2a: Whimsicott
|-damage|p2a: Whimsicott|59/100
|
|upkeep
|turn|11
|inactive|mncmt has 270 seconds left.
|
|t:|1656789040
|move|p2a: Whimsicott|Moonblast|p1a: Tangela
|-damage|p1a: Tangela|57/100
|move|p1a: Tangela|Knock Off|p2a: Whimsicott
|-resisted|p2a: Whimsicott
|-damage|p2a: Whimsicott|53/100
|
|upkeep
|turn|12
|inactive|mncmt has 270 seconds left.
|
|t:|1656789056
|move|p2a: Whimsicott|U-turn|p1a: Tangela
|-supereffective|p1a: Tangela
|-damage|p1a: Tangela|39/100
|
|t:|1656789065
|switch|p2a: Aggron|Aggron, F|100/100|[from]move: U-turn
|move|p1a: Tangela|Knock Off|p2a: Aggron
|-damage|p2a: Aggron|93/100
|-enditem|p2a: Aggron|Leftovers|[from] move: Knock Off|[of] p1a: Tangela
|
|upkeep
|turn|13
|
|t:|1656789075
|switch|p1a: Garbodor|Garbodor, F|100/100
|move|p2a: Aggron|Stealth Rock|p1a: Garbodor
|-sidestart|p1: mncmt|move: Stealth Rock
|
|upkeep
|turn|14
|inactive|ktutverde has 120 seconds left.
|
|t:|1656789114
|switch|p2a: Jellicent|Jellicent, M|91/100
|move|p1a: Garbodor|Toxic Spikes|p2a: Jellicent
|-sidestart|p2: ktutverde|move: Toxic Spikes
|
|upkeep
|turn|15
|inactive|ktutverde has 120 seconds left.
|inactive|mncmt has 270 seconds left.
|
|t:|1656789154
|switch|p1a: Togedemaru|Togedemaru, M|86/100
|move|p2a: Jellicent|Water Spout|p1a: Togedemaru
|-damage|p1a: Togedemaru|8/100
|
|upkeep
|turn|16
|
|t:|1656789170
|move|p1a: Togedemaru|Iron Head|p2a: Jellicent
|-resisted|p2a: Jellicent
|-damage|p2a: Jellicent|72/100
|move|p2a: Jellicent|Water Spout|p1a: Togedemaru
|-damage|p1a: Togedemaru|0 fnt
|faint|p1a: Togedemaru
|
|upkeep
|
|t:|1656789185
|switch|p1a: Tangela|Tangela, M|73/100
|-damage|p1a: Tangela|60/100|[from] Stealth Rock
|turn|17
|c|+KM|GO MENCEMEAT OMG
|c|+KM|ouuu...
|inactive|mncmt has 240 seconds left.
|inactive|ktutverde has 120 seconds left.
|c|+Spl4sh|vc é mei ruim
|inactive|mncmt has 210 seconds left.
|inactive|ktutverde has 90 seconds left.
|c|+KM|vdd
|
|t:|1656789249
|switch|p2a: D4RK N1NJ4|Sneasel, M|100/100
|-status|p2a: D4RK N1NJ4|psn
|switch|p1a: Ribombee|Ribombee, M|100/100
|
|-damage|p2a: D4RK N1NJ4|88/100 psn|[from] psn
|upkeep
|turn|18
|inactive|ktutverde has 60 seconds left.
|
|t:|1656789286
|move|p1a: Ribombee|Moonblast|p2a: D4RK N1NJ4
|-supereffective|p2a: D4RK N1NJ4
|-crit|p2a: D4RK N1NJ4
|-damage|p2a: D4RK N1NJ4|0 fnt
|faint|p2a: D4RK N1NJ4
|
|upkeep
|
|t:|1656789291
|switch|p2a: Charizard|Charizard, M|100/100
|turn|19
|inactive|ktutverde has 60 seconds left.
|
|t:|1656789302
|switch|p1a: Regirock|Regirock|93/100
|-damage|p1a: Regirock|81/100|[from] Stealth Rock
|move|p2a: Charizard|Toxic|p1a: Regirock
|-status|p1a: Regirock|tox
|
|-heal|p1a: Regirock|87/100 tox|[from] item: Leftovers
|-damage|p1a: Regirock|81/100 tox|[from] psn
|upkeep
|turn|20
|inactive|ktutverde has 60 seconds left.
|
|t:|1656789323
|switch|p2a: Whimsicott|Whimsicott, M|53/100
|-status|p2a: Whimsicott|psn
|move|p1a: Regirock|Body Press|p2a: Whimsicott
|-resisted|p2a: Whimsicott
|-damage|p2a: Whimsicott|20/100 psn
|
|-heal|p1a: Regirock|87/100 tox|[from] item: Leftovers
|-damage|p2a: Whimsicott|8/100 psn|[from] psn
|-damage|p1a: Regirock|75/100 tox|[from] psn
|upkeep
|turn|21
|inactive|mncmt has 210 seconds left.
|
|t:|1656789353
|switch|p1a: Tangela|Tangela, M|94/100
|-damage|p1a: Tangela|81/100|[from] Stealth Rock
|move|p2a: Whimsicott|Defog|p1a: Tangela
|-unboost|p1a: Tangela|evasion|1
|-sideend|p1: mncmt|Stealth Rock|[from] move: Defog|[of] p2a: Whimsicott
|-sideend|p2: ktutverde|Toxic Spikes|[from] move: Defog|[of] p2a: Whimsicott
|
|-damage|p2a: Whimsicott|0 fnt|[from] psn
|faint|p2a: Whimsicott
|upkeep
|inactive|ktutverde has 30 seconds left.
|
|t:|1656789372
|switch|p2a: Charizard|Charizard, M|100/100
|turn|22
|inactive|mncmt has 210 seconds left.
|
|t:|1656789392
|switch|p1a: Regirock|Regirock|75/100 tox
|move|p2a: Charizard|Flamethrower|p1a: Regirock
|-resisted|p1a: Regirock
|-damage|p1a: Regirock|60/100 tox
|
|-heal|p1a: Regirock|66/100 tox|[from] item: Leftovers
|-damage|p1a: Regirock|60/100 tox|[from] psn
|upkeep
|turn|23
|inactive|mncmt has 180 seconds left.
|
|t:|1656789422
|switch|p2a: Jellicent|Jellicent, M|72/100
|move|p1a: Regirock|Body Press|p2a: Jellicent
|-immune|p2a: Jellicent
|
|-heal|p1a: Regirock|66/100 tox|[from] item: Leftovers
|-damage|p1a: Regirock|54/100 tox|[from] psn
|upkeep
|turn|24
|
|t:|1656789431
|switch|p1a: Garbodor|Garbodor, F|100/100
|move|p2a: Jellicent|Shadow Ball|p1a: Garbodor
|-damage|p1a: Garbodor|43/100
|
|upkeep
|turn|25
|inactive|mncmt has 180 seconds left.
|
|t:|1656789450
|move|p1a: Garbodor|Spikes|p2a: Jellicent
|-sidestart|p2: ktutverde|Spikes
|move|p2a: Jellicent|Shadow Ball|p1a: Garbodor
|-damage|p1a: Garbodor|0 fnt
|faint|p1a: Garbodor
|
|upkeep
|inactive|mncmt has 180 seconds left.
|
|t:|1656789457
|switch|p1a: Tangela|Tangela, M|100/100
|turn|26
|
|t:|1656789478
|switch|p2a: Marowak|Marowak, F|45/100
|-damage|p2a: Marowak|33/100|[from] Spikes
|move|p1a: Tangela|Stun Spore|p2a: Marowak
|-status|p2a: Marowak|par
|
|upkeep
|turn|27
|
|t:|1656789495
|move|p1a: Tangela|Knock Off|p2a: Marowak
|-crit|p2a: Marowak
|-damage|p2a: Marowak|9/100 par
|-enditem|p2a: Marowak|Thick Club|[from] move: Knock Off|[of] p1a: Tangela
|move|p2a: Marowak|Earthquake|p1a: Tangela
|-resisted|p1a: Tangela
|-damage|p1a: Tangela|82/100
|
|upkeep
|turn|28
|
|t:|1656789505
|move|p1a: Tangela|Giga Drain|p2a: Marowak
|-supereffective|p2a: Marowak
|-damage|p2a: Marowak|0 fnt
|-heal|p1a: Tangela|85/100|[from] drain|[of] p2a: Marowak
|faint|p2a: Marowak
|
|upkeep
|
|t:|1656789509
|switch|p2a: Charizard|Charizard, M|100/100
|turn|29
|
|t:|1656789514
|switch|p1a: Regirock|Regirock|54/100 tox
|move|p2a: Charizard|Flamethrower|p1a: Regirock
|-resisted|p1a: Regirock
|-damage|p1a: Regirock|40/100 tox
|
|-heal|p1a: Regirock|46/100 tox|[from] item: Leftovers
|-damage|p1a: Regirock|40/100 tox|[from] psn
|upkeep
|turn|30
|inactive|ktutverde has 60 seconds left.
|inactive|mncmt has 180 seconds left.
|
|t:|1656789563
|switch|p2a: Aggron|Aggron, F|93/100
|-damage|p2a: Aggron|80/100|[from] Spikes
|move|p1a: Regirock|Body Press|p2a: Aggron
|-supereffective|p2a: Aggron
|-damage|p2a: Aggron|0 fnt
|faint|p2a: Aggron
|
|-heal|p1a: Regirock|46/100 tox|[from] item: Leftovers
|-damage|p1a: Regirock|34/100 tox|[from] psn
|upkeep
|
|t:|1656789573
|switch|p2a: Jellicent|Jellicent, M|72/100
|-damage|p2a: Jellicent|60/100|[from] Spikes
|turn|31
|inactive|mncmt has 150 seconds left.
|
|t:|1656789624
|switch|p1a: Ribombee|Ribombee, M|100/100
|move|p2a: Jellicent|Shadow Ball|p1a: Ribombee
|-damage|p1a: Ribombee|6/100
|
|upkeep
|turn|32
|inactive|mncmt has 120 seconds left.
|inactive|ktutverde has 30 seconds left.
|c|+Ms.Jisoo|Holy frick
|
|t:|1656789649
|switch|p2a: Charizard|Charizard, M|100/100
|move|p1a: Ribombee|Moonblast|p2a: Charizard
|-resisted|p2a: Charizard
|-crit|p2a: Charizard
|-damage|p2a: Charizard|65/100
|
|upkeep
|turn|33
|c|+KM|big ass bee
|inactive|mncmt has 120 seconds left.
|inactive|ktutverde has 30 seconds left.
|inactive|mncmt has 90 seconds left.
|
|t:|1656789684
|switch|p1a: Regirock|Regirock|34/100 tox
|move|p2a: Charizard|Flamethrower|p1a: Regirock
|-resisted|p1a: Regirock
|-damage|p1a: Regirock|21/100 tox
|
|-heal|p1a: Regirock|27/100 tox|[from] item: Leftovers
|-damage|p1a: Regirock|21/100 tox|[from] psn
|upkeep
|turn|34
|inactive|ktutverde has 30 seconds left.
|inactive|mncmt has 90 seconds left.
|inactive|ktutverde has 20 seconds left.
|inactive|ktutverde has 15 seconds left.
|inactive|mncmt has 60 seconds left.
|
|t:|1656789731
|switch|p2a: Jellicent|Jellicent, M|60/100
|-damage|p2a: Jellicent|48/100|[from] Spikes
|switch|p1a: Tangela|Tangela, M|100/100
|
|upkeep
|turn|35
|inactive|ktutverde has 25 seconds left this turn.
|inactive|mncmt has 60 seconds left.
|inactive|ktutverde has 20 seconds left.
|inactive|ktutverde has 15 seconds left.
|inactive|ktutverde has 10 seconds left.
|
|t:|1656789747
|switch|p2a: Charizard|Charizard, M|65/100
|move|p1a: Tangela|Knock Off|p2a: Charizard
|-damage|p2a: Charizard|52/100
|-enditem|p2a: Charizard|Heavy-Duty Boots|[from] move: Knock Off|[of] p1a: Tangela
|
|upkeep
|turn|36
|inactive|ktutverde has 20 seconds left this turn.
|inactive|ktutverde has 15 seconds left.
|inactive|ktutverde has 10 seconds left.
|
|t:|1656789757
|move|p2a: Charizard|Flamethrower|p1a: Tangela
|-supereffective|p1a: Tangela
|-damage|p1a: Tangela|23/100
|move|p1a: Tangela|Stun Spore|p2a: Charizard|[miss]
|-miss|p1a: Tangela|p2a: Charizard
|
|upkeep
|turn|37
|inactive|ktutverde has 20 seconds left this turn.
|c|+pinkdragontamer|.
|inactive|ktutverde has 15 seconds left.
|c|+Ms.Jisoo|NOOOO
|
|t:|1656789765
|move|p2a: Charizard|Flamethrower|p1a: Tangela
|-supereffective|p1a: Tangela
|-damage|p1a: Tangela|0 fnt
|faint|p1a: Tangela
|
|upkeep
|inactive|ktutverde has 20 seconds left this turn.
|
|t:|1656789766
|switch|p1a: Regirock|Regirock|21/100 tox
|turn|38
|inactive|ktutverde has 30 seconds left this turn.
|inactive|ktutverde has 20 seconds left.
|inactive|ktutverde has 15 seconds left.
|c|+KM|boooo
|
|t:|1656789795
|switch|p2a: Jellicent|Jellicent, M|48/100
|-damage|p2a: Jellicent|35/100|[from] Spikes
|move|p1a: Regirock|Rock Blast|p2a: Jellicent
|-damage|p2a: Jellicent|23/100
|-crit|p2a: Jellicent
|-damage|p2a: Jellicent|5/100
|-damage|p2a: Jellicent|0 fnt
|faint|p2a: Jellicent
|-hitcount|p2: Jellicent|3
|
|-heal|p1a: Regirock|27/100 tox|[from] item: Leftovers
|-damage|p1a: Regirock|21/100 tox|[from] psn
|upkeep
|inactive|ktutverde has 20 seconds left this turn.
|inactive|ktutverde has 15 seconds left.
|inactive|ktutverde has 10 seconds left.
|
|t:|1656789807
|switch|p2a: Charizard|Charizard, M|52/100
|turn|39
|inactive|ktutverde has 20 seconds left this turn.
|
|t:|1656789812
|move|p2a: Charizard|Roost|p2a: Charizard
|-heal|p2a: Charizard|100/100
|-singleturn|p2a: Charizard|move: Roost
|move|p1a: Regirock|Rest|p1a: Regirock
|-status|p1a: Regirock|slp|[from] move: Rest
|-heal|p1a: Regirock|100/100 slp|[silent]
|
|upkeep
|turn|40
|inactive|ktutverde has 30 seconds left this turn.
|c|☆ktutverde|gg
|inactive|ktutverde has 20 seconds left.
|
|t:|1656789822
|move|p2a: Charizard|Flamethrower|p1a: Regirock
|-resisted|p1a: Regirock
|-damage|p1a: Regirock|86/100 slp
|cant|p1a: Regirock|slp
|
|-heal|p1a: Regirock|92/100 slp|[from] item: Leftovers
|upkeep
|turn|41
|inactive|ktutverde has 30 seconds left this turn.
|c|☆mncmt|gg
|
|t:|1656789829
|move|p2a: Charizard|Flamethrower|p1a: Regirock
|-resisted|p1a: Regirock
|-damage|p1a: Regirock|77/100 slp
|cant|p1a: Regirock|slp
|
|-heal|p1a: Regirock|83/100 slp|[from] item: Leftovers
|upkeep
|turn|42
|inactive|ktutverde has 30 seconds left.
|
|t:|1656789836
|move|p2a: Charizard|Flamethrower|p1a: Regirock
|-resisted|p1a: Regirock
|-damage|p1a: Regirock|68/100 slp
|-curestatus|p1a: Regirock|slp|[msg]
|move|p1a: Regirock|Rock Blast|p2a: Charizard
|-supereffective|p2a: Charizard
|-damage|p2a: Charizard|63/100
|-supereffective|p2a: Charizard
|-damage|p2a: Charizard|25/100
|-supereffective|p2a: Charizard
|-damage|p2a: Charizard|0 fnt
|faint|p2a: Charizard
|-hitcount|p2: Charizard|3
|
|win|mncmt
