|inactive|Battle timer is ON: inactive players will automatically lose when time's up.
|t:|1659677748
|gametype|singles
|player|p1|Lambovino|pokemonranger-gen6|
|player|p2|Meru|#meru|
|teamsize|p1|6
|teamsize|p2|6
|gen|8
|tier|[Gen 8] PU
|rule|Sleep Clause Mod: Limit one foe put to sleep
|rule|Species Clause: Limit one of each Pokémon
|rule|OHKO Clause: OHKO moves are banned
|rule|Evasion Moves Clause: Evasion moves are banned
|rule|Endless Battle Clause: Forcing endless battles is banned
|rule|HP Percentage Mod: HP is shown in percentages
|rule|Dynamax Clause: You cannot dynamax
|clearpoke
|poke|p1|Hattrem, F|
|poke|p1|Audino, M|
|poke|p1|Ferroseed, F|
|poke|p1|Coalossal, M|
|poke|p1|Charizard, F|
|poke|p1|Quagsire, F|
|poke|p2|Tangela, M|
|poke|p2|Charizard, M|
|poke|p2|Frosmoth, F|
|poke|p2|Aggron, M|
|poke|p2|Wishiwashi, F|
|poke|p2|Ribombee, F|
|teampreview
|c|☆Meru|glhf
|c|☆Lambovino|hf 
|inactive|Lambovino has 270 seconds left.
|inactive|Meru has 270 seconds left.
|inactive|Lambovino has 240 seconds left.
|inactive|Meru has 240 seconds left.
|inactive|Lambovino has 210 seconds left.
|inactive|Meru has 210 seconds left.
|
|t:|1659677841
|start
|switch|p1a: Quagsire|Quagsire, F|100/100
|switch|p2a: Wishiwashi|Wishiwashi, F|100/100
|-formechange|p2a: Wishiwashi|Wishiwashi-School||[from] ability: Schooling
|turn|1
|inactive|Meru has 270 seconds left.
|
|t:|1659677860
|move|p1a: Quagsire|Toxic|p2a: Wishiwashi
|-status|p2a: Wishiwashi|tox
|move|p2a: Wishiwashi|Scald|p1a: Quagsire
|-damage|p1a: Quagsire|53/100
|-status|p1a: Quagsire|brn
|
|-heal|p1a: Quagsire|59/100 brn|[from] item: Leftovers
|-damage|p2a: Wishiwashi|94/100 tox|[from] psn
|-damage|p1a: Quagsire|53/100 brn|[from] brn
|upkeep
|turn|2
|inactive|Meru has 270 seconds left.
|
|t:|1659677880
|move|p1a: Quagsire|Recover|p1a: Quagsire
|-heal|p1a: Quagsire|100/100 brn
|move|p2a: Wishiwashi|U-turn|p1a: Quagsire
|-damage|p1a: Quagsire|87/100 brn
|inactive|Meru has 240 seconds left.
|inactive|Meru has 210 seconds left.
|inactive|Meru has 180 seconds left.
|
|t:|1659677981
|switch|p2a: Frosmoth|Frosmoth, F|100/100|[from]move: U-turn
|
|-heal|p1a: Quagsire|93/100 brn|[from] item: Leftovers
|-damage|p1a: Quagsire|87/100 brn|[from] brn
|upkeep
|turn|3
|
|t:|1659677987
|switch|p2a: Wishiwashi|Wishiwashi, F|94/100 tox
|-formechange|p2a: Wishiwashi|Wishiwashi-School||[from] ability: Schooling
|switch|p1a: Coalossal|Coalossal, M|100/100
|
|-heal|p2a: Wishiwashi|100/100 tox|[from] item: Leftovers
|-damage|p2a: Wishiwashi|94/100 tox|[from] psn
|upkeep
|turn|4
|
|t:|1659677995
|switch|p1a: Ferroseed|Ferroseed, F|100/100
|move|p2a: Wishiwashi|Scald|p1a: Ferroseed
|-resisted|p1a: Ferroseed
|-damage|p1a: Ferroseed|89/100
|
|-heal|p2a: Wishiwashi|100/100 tox|[from] item: Leftovers
|-damage|p2a: Wishiwashi|88/100 tox|[from] psn
|upkeep
|turn|5
|inactive|Meru has 180 seconds left.
|inactive|Meru has 150 seconds left.
|
|t:|1659678041
|move|p2a: Wishiwashi|U-turn|p1a: Ferroseed
|-crit|p1a: Ferroseed
|-damage|p1a: Ferroseed|66/100
|-damage|p2a: Wishiwashi|76/100 tox|[from] ability: Iron Barbs|[of] p1a: Ferroseed
|
|t:|1659678047
|switch|p2a: Aggron|Aggron, M|100/100|[from]move: U-turn
|move|p1a: Ferroseed|Knock Off|p2a: Aggron
|-damage|p2a: Aggron|92/100
|-enditem|p2a: Aggron|Leftovers|[from] move: Knock Off|[of] p1a: Ferroseed
|
|upkeep
|turn|6
|
|t:|1659678076
|move|p2a: Aggron|Head Smash|p1a: Ferroseed
|-resisted|p1a: Ferroseed
|-damage|p1a: Ferroseed|42/100
|-damage|p2a: Aggron|80/100|[from] ability: Iron Barbs|[of] p1a: Ferroseed
|move|p1a: Ferroseed|Leech Seed|p2a: Aggron
|-start|p2a: Aggron|move: Leech Seed
|
|-damage|p2a: Aggron|67/100|[from] Leech Seed|[of] p1a: Ferroseed
|-heal|p1a: Ferroseed|57/100|[silent]
|upkeep
|turn|7
|inactive|Meru has 120 seconds left.
|
|t:|1659678094
|switch|p2a: Ribombee|Ribombee, F, shiny|100/100
|switch|p1a: Hattrem|Hattrem, F|100/100
|
|upkeep
|turn|8
|inactive|Meru has 120 seconds left.
|
|t:|1659678126
|move|p2a: Ribombee|Switcheroo|p1a: Hattrem
|-activate|p2a: Ribombee|move: Trick|[of] p1a: Hattrem
|-item|p1a: Hattrem|Choice Specs|[from] move: Switcheroo
|-item|p2a: Ribombee|Eviolite|[from] move: Switcheroo
|move|p1a: Hattrem|Psychic|p2a: Ribombee
|-damage|p2a: Ribombee|24/100
|
|upkeep
|turn|9
|inactive|Lambovino has 270 seconds left.
|inactive|Meru has 90 seconds left.
|
|t:|1659678161
|switch|p2a: Wishiwashi|Wishiwashi, F|76/100 tox
|-formechange|p2a: Wishiwashi|Wishiwashi-School||[from] ability: Schooling
|move|p1a: Hattrem|Psychic|p2a: Wishiwashi
|-damage|p2a: Wishiwashi|47/100 tox
|
|-heal|p2a: Wishiwashi|53/100 tox|[from] item: Leftovers
|-damage|p2a: Wishiwashi|47/100 tox|[from] psn
|upkeep
|turn|10
|
|t:|1659678167
|switch|p1a: Ferroseed|Ferroseed, F|57/100
|move|p2a: Wishiwashi|Rest|p2a: Wishiwashi
|-status|p2a: Wishiwashi|slp|[from] move: Rest
|-heal|p2a: Wishiwashi|100/100 slp|[silent]
|
|upkeep
|turn|11
|inactive|Meru has 90 seconds left.
|
|t:|1659678192
|cant|p2a: Wishiwashi|slp
|move|p2a: Wishiwashi|Sleep Talk|p2a: Wishiwashi
|move|p2a: Wishiwashi|Scald|p1a: Ferroseed|[from]move: Sleep Talk
|-resisted|p1a: Ferroseed
|-damage|p1a: Ferroseed|44/100
|move|p1a: Ferroseed|Leech Seed|p2a: Wishiwashi
|-start|p2a: Wishiwashi|move: Leech Seed
|
|-damage|p2a: Wishiwashi|88/100 slp|[from] Leech Seed|[of] p1a: Ferroseed
|-heal|p1a: Ferroseed|57/100|[silent]
|upkeep
|turn|12
|inactive|Lambovino has 270 seconds left.
|inactive|Meru has 60 seconds left.
|
|t:|1659678224
|cant|p2a: Wishiwashi|slp
|move|p2a: Wishiwashi|Sleep Talk|p2a: Wishiwashi
|move|p2a: Wishiwashi|U-turn|p1a: Ferroseed|[from]move: Sleep Talk
|-damage|p1a: Ferroseed|39/100
|-damage|p2a: Wishiwashi|76/100 slp|[from] ability: Iron Barbs|[of] p1a: Ferroseed
|inactive|Meru has 60 seconds left.
|
|t:|1659678238
|switch|p2a: Tangela|Tangela, M, shiny|100/100|[from]move: U-turn
|move|p1a: Ferroseed|Spikes|p2a: Tangela
|-sidestart|p2: Meru|Spikes
|
|upkeep
|turn|13
|inactive|Meru has 60 seconds left.
|
|t:|1659678244
|move|p2a: Tangela|Knock Off|p1a: Ferroseed
|-damage|p1a: Ferroseed|28/100
|-damage|p2a: Tangela|88/100|[from] ability: Iron Barbs|[of] p1a: Ferroseed
|-enditem|p1a: Ferroseed|Eviolite|[from] move: Knock Off|[of] p2a: Tangela
|move|p1a: Ferroseed|Knock Off|p2a: Tangela
|-damage|p2a: Tangela|82/100
|-enditem|p2a: Tangela|Eviolite|[from] move: Knock Off|[of] p1a: Ferroseed
|
|upkeep
|turn|14
|inactive|Meru has 60 seconds left.
|
|t:|1659678257
|switch|p1a: Charizard|Charizard, F|100/100
|move|p2a: Tangela|Knock Off|p1a: Charizard
|-damage|p1a: Charizard|89/100
|
|upkeep
|turn|15
|inactive|Meru has 60 seconds left.
|c|+hariyana grande|O_o
|
|t:|1659678287
|move|p1a: Charizard|Acrobatics|p2a: Tangela
|-supereffective|p2a: Tangela
|-damage|p2a: Tangela|13/100
|move|p2a: Tangela|Sleep Powder|p1a: Charizard
|-status|p1a: Charizard|slp|[from] move: Sleep Powder
|
|upkeep
|turn|16
|
|t:|1659678310
|switch|p1a: Hattrem|Hattrem, F|100/100
|switch|p2a: Wishiwashi|Wishiwashi, F|76/100 slp
|-damage|p2a: Wishiwashi|64/100 slp|[from] Spikes
|-formechange|p2a: Wishiwashi|Wishiwashi-School||[from] ability: Schooling
|
|-heal|p2a: Wishiwashi|70/100 slp|[from] item: Leftovers
|upkeep
|turn|17
|inactive|Meru has 30 seconds left.
|inactive|Meru has 20 seconds left.
|
|t:|1659678340
|move|p1a: Hattrem|Aromatherapy|p1a: Hattrem
|-activate|p1a: Hattrem|move: Aromatherapy
|-curestatus|p1: Quagsire|brn|[msg]
|-curestatus|p1: Charizard|slp|[msg]
|-curestatus|p2a: Wishiwashi|slp|[msg]
|move|p2a: Wishiwashi|Scald|p1a: Hattrem
|-damage|p1a: Hattrem|46/100
|
|-heal|p2a: Wishiwashi|76/100|[from] item: Leftovers
|upkeep
|turn|18
|inactive|Meru has 30 seconds left this turn.
|inactive|Meru has 20 seconds left.
|inactive|Meru has 15 seconds left.
|
|t:|1659678358
|switch|p1a: Audino|Audino, M|100/100
|move|p2a: Wishiwashi|Scald|p1a: Audino
|-damage|p1a: Audino|77/100
|
|-heal|p1a: Audino|83/100|[from] item: Leftovers
|-heal|p2a: Wishiwashi|82/100|[from] item: Leftovers
|upkeep
|turn|19
|inactive|Meru has 25 seconds left this turn.
|inactive|Meru has 20 seconds left.
|inactive|Meru has 15 seconds left.
|
|t:|1659678369
|move|p1a: Audino|Wish|p1a: Audino
|move|p2a: Wishiwashi|U-turn|p1a: Audino
|-damage|p1a: Audino|65/100
|inactive|Meru has 20 seconds left this turn.
|inactive|Meru has 15 seconds left.
|
|t:|1659678375
|switch|p2a: Ribombee|Ribombee, F, shiny|24/100|[from]move: U-turn
|-damage|p2a: Ribombee|12/100|[from] Spikes
|
|-heal|p1a: Audino|71/100|[from] item: Leftovers
|upkeep
|turn|20
|inactive|Meru has 25 seconds left this turn.
|
|t:|1659678381
|switch|p1a: Ferroseed|Ferroseed, F|28/100
|move|p2a: Ribombee|Roost|p2a: Ribombee
|-heal|p2a: Ribombee|62/100
|-singleturn|p2a: Ribombee|move: Roost
|
|-heal|p1a: Ferroseed|98/100|[from] move: Wish|[wisher] Audino
|upkeep
|turn|21
|inactive|Meru has 30 seconds left.
|
|t:|1659678396
|switch|p2a: Charizard|Charizard, M, shiny|100/100
|move|p1a: Ferroseed|Knock Off|p2a: Charizard
|-damage|p2a: Charizard|84/100
|-enditem|p2a: Charizard|Heavy-Duty Boots|[from] move: Knock Off|[of] p1a: Ferroseed
|
|upkeep
|turn|22
|
|t:|1659678400
|switch|p2a: Wishiwashi|Wishiwashi, F|82/100
|-damage|p2a: Wishiwashi|70/100|[from] Spikes
|-formechange|p2a: Wishiwashi|Wishiwashi-School||[from] ability: Schooling
|switch|p1a: Coalossal|Coalossal, M|100/100
|
|-heal|p2a: Wishiwashi|76/100|[from] item: Leftovers
|upkeep
|turn|23
|
|t:|1659678415
|switch|p1a: Ferroseed|Ferroseed, F|98/100
|move|p2a: Wishiwashi|Scald|p1a: Ferroseed
|-resisted|p1a: Ferroseed
|-damage|p1a: Ferroseed|79/100
|-status|p1a: Ferroseed|brn
|
|-heal|p2a: Wishiwashi|82/100|[from] item: Leftovers
|-damage|p1a: Ferroseed|73/100 brn|[from] brn
|upkeep
|turn|24
|inactive|Meru has 30 seconds left.
|inactive|Meru has 20 seconds left.
|
|t:|1659678449
|move|p2a: Wishiwashi|U-turn|p1a: Ferroseed
|-damage|p1a: Ferroseed|49/100 brn
|-damage|p2a: Wishiwashi|70/100|[from] ability: Iron Barbs|[of] p1a: Ferroseed
|inactive|Meru has 25 seconds left this turn.
|inactive|Meru has 20 seconds left.
|
|t:|1659678457
|switch|p2a: Tangela|Tangela, M, shiny|46/100|[from]move: U-turn
|-damage|p2a: Tangela|34/100|[from] Spikes
|move|p1a: Ferroseed|Leech Seed|p2a: Tangela
|-immune|p2a: Tangela
|
|-damage|p1a: Ferroseed|43/100 brn|[from] brn
|upkeep
|turn|25
|inactive|Meru has 30 seconds left this turn.
|
|t:|1659678468
|switch|p1a: Hattrem|Hattrem, F|46/100
|move|p2a: Tangela|Synthesis|p2a: Tangela
|-heal|p2a: Tangela|83/100
|
|upkeep
|turn|26
|inactive|Meru has 30 seconds left.
|inactive|Meru has 20 seconds left.
|inactive|Meru has 15 seconds left.
|
|t:|1659678489
|move|p2a: Tangela|Synthesis|p2a: Tangela
|-heal|p2a: Tangela|100/100
|move|p1a: Hattrem|Psychic|p2a: Tangela
|-damage|p2a: Tangela|37/100
|-unboost|p2a: Tangela|spd|1
|
|upkeep
|turn|27
|inactive|Meru has 25 seconds left this turn.
|inactive|Meru has 20 seconds left.
|inactive|Meru has 15 seconds left.
|
|t:|1659678514
|switch|p2a: Frosmoth|Frosmoth, F|100/100
|move|p1a: Hattrem|Psychic|p2a: Frosmoth
|-damage|p2a: Frosmoth|75/100
|
|upkeep
|turn|28
|inactive|Meru has 25 seconds left this turn.
|inactive|Meru has 20 seconds left.
|inactive|Meru has 15 seconds left.
|
|t:|1659678526
|switch|p2a: Wishiwashi|Wishiwashi, F|70/100
|-damage|p2a: Wishiwashi|58/100|[from] Spikes
|-formechange|p2a: Wishiwashi|Wishiwashi-School||[from] ability: Schooling
|switch|p1a: Coalossal|Coalossal, M|100/100
|
|-heal|p2a: Wishiwashi|64/100|[from] item: Leftovers
|upkeep
|turn|29
|inactive|Meru has 25 seconds left this turn.
|inactive|Meru has 20 seconds left.
|
|t:|1659678532
|switch|p1a: Audino|Audino, M|100/100
|move|p2a: Wishiwashi|Scald|p1a: Audino
|-damage|p1a: Audino|73/100
|
|-heal|p1a: Audino|79/100|[from] item: Leftovers
|-heal|p2a: Wishiwashi|70/100|[from] item: Leftovers
|upkeep
|turn|30
|inactive|Meru has 30 seconds left this turn.
|
|t:|1659678538
|move|p1a: Audino|Wish|p1a: Audino
|move|p2a: Wishiwashi|Scald|p1a: Audino
|-damage|p1a: Audino|56/100
|-status|p1a: Audino|brn
|
|-heal|p1a: Audino|63/100 brn|[from] item: Leftovers
|-heal|p2a: Wishiwashi|76/100|[from] item: Leftovers
|-damage|p1a: Audino|56/100 brn|[from] brn
|upkeep
|turn|31
|inactive|Meru has 30 seconds left.
|
|t:|1659678552
|switch|p1a: Ferroseed|Ferroseed, F|43/100 brn
|switch|p2a: Aggron|Aggron, M|67/100
|-damage|p2a: Aggron|55/100|[from] Spikes
|
|-heal|p1a: Ferroseed|100/100 brn|[from] move: Wish|[wisher] Audino
|-damage|p1a: Ferroseed|94/100 brn|[from] brn
|upkeep
|turn|32
|inactive|Meru has 30 seconds left.
|
|t:|1659678562
|move|p2a: Aggron|Body Press|p1a: Ferroseed
|-supereffective|p1a: Ferroseed
|-damage|p1a: Ferroseed|12/100 brn
|-damage|p2a: Aggron|42/100|[from] ability: Iron Barbs|[of] p1a: Ferroseed
|move|p1a: Ferroseed|Leech Seed|p2a: Aggron
|-start|p2a: Aggron|move: Leech Seed
|
|-damage|p2a: Aggron|30/100|[from] Leech Seed|[of] p1a: Ferroseed
|-heal|p1a: Ferroseed|27/100 brn|[silent]
|-damage|p1a: Ferroseed|21/100 brn|[from] brn
|upkeep
|turn|33
|
|t:|1659678573
|switch|p2a: Tangela|Tangela, M, shiny|70/100
|-damage|p2a: Tangela|58/100|[from] Spikes
|move|p1a: Ferroseed|Protect||[still]
|-fail|p1a: Ferroseed
|
|-damage|p1a: Ferroseed|15/100 brn|[from] brn
|upkeep
|turn|34
|inactive|Meru has 30 seconds left.
|inactive|Lambovino has 270 seconds left.
|
|t:|1659678619
|switch|p1a: Hattrem|Hattrem, F|46/100
|move|p2a: Tangela|Synthesis|p2a: Tangela
|-heal|p2a: Tangela|100/100
|
|upkeep
|turn|35
|inactive|Meru has 30 seconds left.
|
|t:|1659678625
|move|p2a: Tangela|Giga Drain|p1a: Hattrem
|-damage|p1a: Hattrem|12/100
|move|p1a: Hattrem|Psychic|p2a: Tangela
|-damage|p2a: Tangela|43/100
|
|upkeep
|turn|36
|inactive|Lambovino has 270 seconds left.
|
|t:|1659678636
|switch|p1a: Charizard|Charizard, F|89/100
|move|p2a: Tangela|Synthesis|p2a: Tangela
|-heal|p2a: Tangela|92/100
|
|upkeep
|turn|37
|
|t:|1659678644
|switch|p1a: Audino|Audino, M|90/100 brn
|move|p2a: Tangela|Sleep Powder||[still]
|-fail|p2a: Tangela
|
|-heal|p1a: Audino|96/100 brn|[from] item: Leftovers
|-damage|p1a: Audino|90/100 brn|[from] brn
|upkeep
|turn|38
|
|t:|1659678652
|move|p2a: Tangela|Knock Off|p1a: Audino
|-damage|p1a: Audino|78/100 brn
|-enditem|p1a: Audino|Leftovers|[from] move: Knock Off|[of] p2a: Tangela
|move|p1a: Audino|Wish|p1a: Audino
|
|-damage|p1a: Audino|72/100 brn|[from] brn
|upkeep
|turn|39
|inactive|Lambovino has 270 seconds left.
|
|t:|1659678680
|switch|p2a: Ribombee|Ribombee, F, shiny|62/100
|-damage|p2a: Ribombee|50/100|[from] Spikes
|switch|p1a: Ferroseed|Ferroseed, F|15/100 brn
|
|-heal|p1a: Ferroseed|84/100 brn|[from] move: Wish|[wisher] Audino
|-damage|p1a: Ferroseed|78/100 brn|[from] brn
|upkeep
|turn|40
|
|t:|1659678689
|switch|p1a: Charizard|Charizard, F|89/100
|move|p2a: Ribombee|Roost|p2a: Ribombee
|-heal|p2a: Ribombee|99/100
|-singleturn|p2a: Ribombee|move: Roost
|
|upkeep
|turn|41
|inactive|Meru has 30 seconds left.
|inactive|Meru has 20 seconds left.
|
|t:|1659678730
|switch|p1a: Ferroseed|Ferroseed, F|78/100 brn
|move|p2a: Ribombee|Switcheroo|p1a: Ferroseed
|-activate|p2a: Ribombee|move: Trick|[of] p1a: Ferroseed
|-item|p1a: Ferroseed|Eviolite|[from] move: Switcheroo
|-enditem|p2a: Ribombee|Eviolite|[silent]|[from] move: Switcheroo
|
|-damage|p1a: Ferroseed|72/100 brn|[from] brn
|upkeep
|turn|42
|inactive|Meru has 30 seconds left this turn.
|inactive|Meru has 20 seconds left.
|
|t:|1659678741
|switch|p1a: Charizard|Charizard, F|89/100
|move|p2a: Ribombee|Switcheroo||[still]
|-fail|p2a: Ribombee
|
|upkeep
|turn|43
|inactive|Meru has 30 seconds left this turn.
|inactive|Meru has 20 seconds left.
|
|t:|1659678753
|switch|p2a: Charizard|Charizard, M, shiny|84/100
|move|p1a: Charizard|Acrobatics|p2a: Charizard
|-damage|p2a: Charizard|20/100
|
|upkeep
|turn|44
|inactive|Meru has 30 seconds left this turn.
|
|t:|1659678765
|switch|p1a: Coalossal|Coalossal, M|100/100
|move|p2a: Charizard|Toxic|p1a: Coalossal
|-status|p1a: Coalossal|tox
|
|-damage|p1a: Coalossal|94/100 tox|[from] psn
|upkeep
|turn|45
|
|t:|1659678770
|move|p2a: Charizard|Roost|p2a: Charizard
|-heal|p2a: Charizard|70/100
|-singleturn|p2a: Charizard|move: Roost
|move|p1a: Coalossal|Rock Blast|p2a: Charizard
|-supereffective|p2a: Charizard
|-damage|p2a: Charizard|50/100
|-supereffective|p2a: Charizard
|-damage|p2a: Charizard|29/100
|-hitcount|p2a: Charizard|2
|
|-damage|p1a: Coalossal|82/100 tox|[from] psn
|upkeep
|turn|46
|
|t:|1659678779
|move|p2a: Charizard|Roost|p2a: Charizard
|-heal|p2a: Charizard|79/100
|-singleturn|p2a: Charizard|move: Roost
|move|p1a: Coalossal|Rock Blast|p2a: Charizard
|-supereffective|p2a: Charizard
|-damage|p2a: Charizard|60/100
|-supereffective|p2a: Charizard
|-damage|p2a: Charizard|40/100
|-supereffective|p2a: Charizard
|-damage|p2a: Charizard|20/100
|-supereffective|p2a: Charizard
|-damage|p2a: Charizard|0 fnt
|faint|p2a: Charizard
|-hitcount|p2: Charizard|4
|
|-damage|p1a: Coalossal|64/100 tox|[from] psn
|upkeep
|inactive|Meru has 30 seconds left.
|inactive|Meru has 20 seconds left.
|
|t:|1659678813
|switch|p2a: Aggron|Aggron, M|30/100
|-damage|p2a: Aggron|17/100|[from] Spikes
|turn|47
|inactive|Meru has 30 seconds left this turn.
|inactive|Meru has 20 seconds left.
|
|t:|1659678825
|switch|p1a: Hattrem|Hattrem, F|12/100
|move|p2a: Aggron|Body Press|p1a: Hattrem
|-resisted|p1a: Hattrem
|-damage|p1a: Hattrem|0 fnt
|faint|p1a: Hattrem
|
|upkeep
|inactive|Meru has 25 seconds left this turn.
|
|t:|1659678828
|switch|p1a: Charizard|Charizard, F|89/100
|turn|48
|inactive|Meru has 30 seconds left.
|
|t:|1659678842
|switch|p2a: Tangela|Tangela, M, shiny|100/100
|-damage|p2a: Tangela|88/100|[from] Spikes
|move|p1a: Charizard|Earthquake|p2a: Tangela
|-resisted|p2a: Tangela
|-damage|p2a: Tangela|79/100
|
|upkeep
|turn|49
|inactive|Meru has 30 seconds left.
|inactive|Lambovino has 270 seconds left.
|
|t:|1659678880
|switch|p1a: Ferroseed|Ferroseed, F|72/100 brn
|move|p2a: Tangela|Sleep Powder|p1a: Ferroseed
|-immune|p1a: Ferroseed
|
|-damage|p1a: Ferroseed|66/100 brn|[from] brn
|upkeep
|turn|50
|inactive|Meru has 30 seconds left.
|
|t:|1659678892
|switch|p2a: Aggron|Aggron, M|17/100
|-damage|p2a: Aggron|5/100|[from] Spikes
|move|p1a: Ferroseed|Spikes|p2a: Aggron
|-sidestart|p2: Meru|Spikes
|
|-damage|p1a: Ferroseed|60/100 brn|[from] brn
|upkeep
|turn|51
|
|t:|1659678905
|move|p2a: Aggron|Stealth Rock|p1a: Ferroseed
|-sidestart|p1: Lambovino|move: Stealth Rock
|move|p1a: Ferroseed|Spikes|p2a: Aggron
|-sidestart|p2: Meru|Spikes
|
|-damage|p1a: Ferroseed|54/100 brn|[from] brn
|upkeep
|turn|52
|
|t:|1659678920
|switch|p1a: Quagsire|Quagsire, F|87/100
|-damage|p1a: Quagsire|81/100|[from] Stealth Rock
|move|p2a: Aggron|Body Press|p1a: Quagsire
|-damage|p1a: Quagsire|60/100
|
|-heal|p1a: Quagsire|66/100|[from] item: Leftovers
|upkeep
|turn|53
|
|t:|1659678931
|move|p2a: Aggron|Toxic|p1a: Quagsire
|-status|p1a: Quagsire|tox
|move|p1a: Quagsire|Recover|p1a: Quagsire
|-heal|p1a: Quagsire|100/100 tox
|
|-damage|p1a: Quagsire|94/100 tox|[from] psn
|upkeep
|turn|54
|inactive|Meru has 30 seconds left.
|
|t:|1659678959
|switch|p2a: Wishiwashi|Wishiwashi, F|76/100
|-damage|p2a: Wishiwashi|51/100|[from] Spikes
|-formechange|p2a: Wishiwashi|Wishiwashi-School||[from] ability: Schooling
|move|p1a: Quagsire|Earthquake|p2a: Wishiwashi
|-damage|p2a: Wishiwashi|24/100
|
|-heal|p1a: Quagsire|100/100 tox|[from] item: Leftovers
|-heal|p2a: Wishiwashi|30/100|[from] item: Leftovers
|-damage|p1a: Quagsire|88/100 tox|[from] psn
|upkeep
|turn|55
|
|t:|1659678971
|switch|p1a: Audino|Audino, M|100/100 brn
|-damage|p1a: Audino|88/100 brn|[from] Stealth Rock
|move|p2a: Wishiwashi|Rest|p2a: Wishiwashi
|-status|p2a: Wishiwashi|slp|[from] move: Rest
|-heal|p2a: Wishiwashi|100/100 slp|[silent]
|
|-damage|p1a: Audino|82/100 brn|[from] brn
|upkeep
|turn|56
|
|t:|1659678981
|move|p1a: Audino|Knock Off|p2a: Wishiwashi
|-damage|p2a: Wishiwashi|93/100 slp
|-enditem|p2a: Wishiwashi|Leftovers|[from] move: Knock Off|[of] p1a: Audino
|cant|p2a: Wishiwashi|slp
|move|p2a: Wishiwashi|Sleep Talk|p2a: Wishiwashi
|move|p2a: Wishiwashi|Rest||[from]move: Sleep Talk|[still]
|-fail|p2a: Wishiwashi
|
|-damage|p1a: Audino|76/100 brn|[from] brn
|upkeep
|turn|57
|inactive|Meru has 30 seconds left.
|
|t:|1659678999
|move|p1a: Audino|Wish|p1a: Audino
|cant|p2a: Wishiwashi|slp
|move|p2a: Wishiwashi|Sleep Talk|p2a: Wishiwashi
|move|p2a: Wishiwashi|Scald|p1a: Audino|[from]move: Sleep Talk
|-damage|p1a: Audino|52/100 brn
|
|-damage|p1a: Audino|45/100 brn|[from] brn
|upkeep
|turn|58
|
|t:|1659679005
|switch|p1a: Ferroseed|Ferroseed, F|54/100 brn
|-damage|p1a: Ferroseed|47/100 brn|[from] Stealth Rock
|-curestatus|p2a: Wishiwashi|slp|[msg]
|move|p2a: Wishiwashi|Scald|p1a: Ferroseed
|-resisted|p1a: Ferroseed
|-damage|p1a: Ferroseed|36/100 brn
|
|-heal|p1a: Ferroseed|100/100 brn|[from] move: Wish|[wisher] Audino
|-damage|p1a: Ferroseed|94/100 brn|[from] brn
|upkeep
|turn|59
|inactive|Meru has 30 seconds left.
|
|t:|1659679025
|move|p2a: Wishiwashi|U-turn|p1a: Ferroseed
|-damage|p1a: Ferroseed|78/100 brn
|-damage|p2a: Wishiwashi|81/100|[from] ability: Iron Barbs|[of] p1a: Ferroseed
|inactive|Meru has 30 seconds left this turn.
|
|t:|1659679028
|switch|p2a: Tangela|Tangela, M, shiny|100/100|[from]move: U-turn
|-damage|p2a: Tangela|76/100|[from] Spikes
|move|p1a: Ferroseed|Leech Seed|p2a: Tangela
|-immune|p2a: Tangela
|
|-damage|p1a: Ferroseed|72/100 brn|[from] brn
|upkeep
|turn|60
|inactive|Meru has 30 seconds left.
|
|t:|1659679043
|switch|p1a: Audino|Audino, M|79/100 brn
|-damage|p1a: Audino|66/100 brn|[from] Stealth Rock
|move|p2a: Tangela|Knock Off|p1a: Audino
|-damage|p1a: Audino|58/100 brn
|
|-damage|p1a: Audino|52/100 brn|[from] brn
|upkeep
|turn|61
|inactive|Meru has 30 seconds left.
|inactive|Meru has 20 seconds left.
|inactive|Meru has 15 seconds left.
|
|t:|1659679069
|switch|p2a: Ribombee|Ribombee, F, shiny|99/100
|-damage|p2a: Ribombee|75/100|[from] Spikes
|move|p1a: Audino|Wish|p1a: Audino
|
|-damage|p1a: Audino|46/100 brn|[from] brn
|upkeep
|turn|62
|inactive|Meru has 25 seconds left this turn.
|inactive|Meru has 20 seconds left.
|
|t:|1659679094
|switch|p1a: Charizard|Charizard, F|89/100
|-damage|p1a: Charizard|40/100|[from] Stealth Rock
|move|p2a: Ribombee|Moonblast|p1a: Charizard
|-resisted|p1a: Charizard
|-damage|p1a: Charizard|14/100
|-unboost|p1a: Charizard|spa|1
|
|-heal|p1a: Charizard|82/100|[from] move: Wish|[wisher] Audino
|upkeep
|turn|63
|inactive|Meru has 30 seconds left this turn.
|
|t:|1659679102
|switch|p2a: Aggron|Aggron, M|5/100
|-damage|p2a: Aggron|0 fnt|[from] Spikes
|faint|p2a: Aggron
|move|p1a: Charizard|Acrobatics|p2: Aggron|[notarget]
|-fail|p1a: Charizard
|
|upkeep
|inactive|Meru has 30 seconds left this turn.
|
|t:|1659679106
|switch|p2a: Wishiwashi|Wishiwashi, F|81/100
|-damage|p2a: Wishiwashi|56/100|[from] Spikes
|-formechange|p2a: Wishiwashi|Wishiwashi-School||[from] ability: Schooling
|turn|64
|
|t:|1659679111
|switch|p1a: Ferroseed|Ferroseed, F|72/100 brn
|-damage|p1a: Ferroseed|66/100 brn|[from] Stealth Rock
|move|p2a: Wishiwashi|Scald|p1a: Ferroseed
|-resisted|p1a: Ferroseed
|-damage|p1a: Ferroseed|54/100 brn
|
|-damage|p1a: Ferroseed|48/100 brn|[from] brn
|upkeep
|turn|65
|inactive|Meru has 30 seconds left.
|
|t:|1659679129
|move|p2a: Wishiwashi|Rest|p2a: Wishiwashi
|-status|p2a: Wishiwashi|slp|[from] move: Rest
|-heal|p2a: Wishiwashi|100/100 slp|[silent]
|move|p1a: Ferroseed|Leech Seed|p2a: Wishiwashi
|-start|p2a: Wishiwashi|move: Leech Seed
|
|-damage|p2a: Wishiwashi|88/100 slp|[from] Leech Seed|[of] p1a: Ferroseed
|-heal|p1a: Ferroseed|60/100 brn|[silent]
|-damage|p1a: Ferroseed|54/100 brn|[from] brn
|upkeep
|turn|66
|
|t:|1659679139
|switch|p2a: Ribombee|Ribombee, F, shiny|75/100
|-damage|p2a: Ribombee|50/100|[from] Spikes
|switch|p1a: Audino|Audino, M|79/100 brn
|-damage|p1a: Audino|67/100 brn|[from] Stealth Rock
|
|-damage|p1a: Audino|61/100 brn|[from] brn
|upkeep
|turn|67
|
|t:|1659679151
|switch|p2a: Frosmoth|Frosmoth, F|75/100
|move|p1a: Audino|Wish|p1a: Audino
|
|-damage|p1a: Audino|55/100 brn|[from] brn
|upkeep
|turn|68
|inactive|Meru has 30 seconds left.
|
|t:|1659679169
|switch|p2a: Tangela|Tangela, M, shiny|100/100
|-damage|p2a: Tangela|76/100|[from] Spikes
|switch|p1a: Coalossal|Coalossal, M|64/100 tox
|
|-heal|p1a: Coalossal|100/100 tox|[from] move: Wish|[wisher] Audino
|-damage|p1a: Coalossal|94/100 tox|[from] psn
|upkeep
|turn|69
|
|t:|1659679174
|move|p2a: Tangela|Knock Off|p1a: Coalossal
|-damage|p1a: Coalossal|86/100 tox
|-status|p2a: Tangela|brn|[from] ability: Flame Body|[of] p1a: Coalossal
|-enditem|p1a: Coalossal|Heavy-Duty Boots|[from] move: Knock Off|[of] p2a: Tangela
|move|p1a: Coalossal|Rapid Spin|p2a: Tangela
|-damage|p2a: Tangela|68/100 brn
|-boost|p1a: Coalossal|spe|1
|-sideend|p1: Lambovino|Stealth Rock|[from] move: Rapid Spin|[of] p1a: Coalossal
|
|-damage|p1a: Coalossal|74/100 tox|[from] psn
|-damage|p2a: Tangela|62/100 brn|[from] brn
|upkeep
|turn|70
|inactive|Meru has 30 seconds left.
|
|t:|1659679190
|switch|p2a: Frosmoth|Frosmoth, F|75/100
|switch|p1a: Audino|Audino, M|88/100 brn
|
|-damage|p1a: Audino|82/100 brn|[from] brn
|upkeep
|turn|71
|
|t:|1659679198
|switch|p1a: Coalossal|Coalossal, M|74/100 tox
|move|p2a: Frosmoth|Quiver Dance|p2a: Frosmoth
|-boost|p2a: Frosmoth|spa|1
|-boost|p2a: Frosmoth|spd|1
|-boost|p2a: Frosmoth|spe|1
|
|-damage|p1a: Coalossal|67/100 tox|[from] psn
|upkeep
|turn|72
|
|t:|1659679205
|switch|p2a: Tangela|Tangela, M, shiny|95/100 brn
|-damage|p2a: Tangela|70/100 brn|[from] Spikes
|move|p1a: Coalossal|Rock Blast|p2a: Tangela
|-crit|p2a: Tangela
|-damage|p2a: Tangela|61/100 brn
|-damage|p2a: Tangela|56/100 brn
|-damage|p2a: Tangela|49/100 brn
|-damage|p2a: Tangela|44/100 brn
|-damage|p2a: Tangela|37/100 brn
|-hitcount|p2a: Tangela|5
|
|-damage|p1a: Coalossal|55/100 tox|[from] psn
|-damage|p2a: Tangela|31/100 brn|[from] brn
|upkeep
|turn|73
|
|t:|1659679216
|switch|p1a: Audino|Audino, M|100/100 brn
|move|p2a: Tangela|Synthesis|p2a: Tangela
|-heal|p2a: Tangela|81/100 brn
|
|-damage|p2a: Tangela|75/100 brn|[from] brn
|-damage|p1a: Audino|94/100 brn|[from] brn
|upkeep
|turn|74
|
|t:|1659679226
|move|p2a: Tangela|Giga Drain|p1a: Audino
|-damage|p1a: Audino|75/100 brn
|-heal|p2a: Tangela|87/100 brn|[from] drain|[of] p1a: Audino
|move|p1a: Audino|Wish|p1a: Audino
|
|-damage|p2a: Tangela|81/100 brn|[from] brn
|-damage|p1a: Audino|69/100 brn|[from] brn
|upkeep
|turn|75
|
|t:|1659679230
|switch|p1a: Coalossal|Coalossal, M|55/100 tox
|move|p2a: Tangela|Sleep Powder|p1a: Coalossal|[miss]
|-miss|p2a: Tangela|p1a: Coalossal
|
|-heal|p1a: Coalossal|100/100 tox|[from] move: Wish|[wisher] Audino
|-damage|p1a: Coalossal|94/100 tox|[from] psn
|-damage|p2a: Tangela|75/100 brn|[from] brn
|upkeep
|turn|76
|
|t:|1659679236
|switch|p1a: Audino|Audino, M|100/100 brn
|move|p2a: Tangela|Giga Drain|p1a: Audino
|-damage|p1a: Audino|83/100 brn
|-heal|p2a: Tangela|86/100 brn|[from] drain|[of] p1a: Audino
|
|-damage|p2a: Tangela|80/100 brn|[from] brn
|-damage|p1a: Audino|77/100 brn|[from] brn
|upkeep
|turn|77
|inactive|Meru has 60 seconds left.
|
|t:|1659679253
|move|p2a: Tangela|Giga Drain|p1a: Audino
|-damage|p1a: Audino|59/100 brn
|-heal|p2a: Tangela|91/100 brn|[from] drain|[of] p1a: Audino
|move|p1a: Audino|Toxic||[still]
|-fail|p1a: Audino
|
|-damage|p2a: Tangela|85/100 brn|[from] brn
|-damage|p1a: Audino|53/100 brn|[from] brn
|upkeep
|turn|78
|inactive|Meru has 60 seconds left.
|
|t:|1659679268
|move|p2a: Tangela|Giga Drain|p1a: Audino
|-damage|p1a: Audino|35/100 brn
|-heal|p2a: Tangela|96/100 brn|[from] drain|[of] p1a: Audino
|move|p1a: Audino|Wish|p1a: Audino
|
|-damage|p2a: Tangela|90/100 brn|[from] brn
|-damage|p1a: Audino|29/100 brn|[from] brn
|upkeep
|turn|79
|
|t:|1659679272
|switch|p1a: Ferroseed|Ferroseed, F|54/100 brn
|move|p2a: Tangela|Knock Off|p1a: Ferroseed
|-damage|p1a: Ferroseed|49/100 brn
|-damage|p2a: Tangela|78/100 brn|[from] ability: Iron Barbs|[of] p1a: Ferroseed
|-enditem|p1a: Ferroseed|Eviolite|[from] move: Knock Off|[of] p2a: Tangela
|
|-heal|p1a: Ferroseed|100/100 brn|[from] move: Wish|[wisher] Audino
|-damage|p2a: Tangela|72/100 brn|[from] brn
|-damage|p1a: Ferroseed|94/100 brn|[from] brn
|upkeep
|turn|80
|
|t:|1659679283
|move|p2a: Tangela|Sleep Powder|p1a: Ferroseed
|-immune|p1a: Ferroseed
|move|p1a: Ferroseed|Knock Off|p2a: Tangela
|-damage|p2a: Tangela|68/100 brn
|
|-damage|p2a: Tangela|62/100 brn|[from] brn
|-damage|p1a: Ferroseed|88/100 brn|[from] brn
|upkeep
|turn|81
|
|t:|1659679290
|switch|p1a: Audino|Audino, M|62/100 brn
|move|p2a: Tangela|Sleep Powder||[still]
|-fail|p2a: Tangela
|
|-damage|p2a: Tangela|56/100 brn|[from] brn
|-damage|p1a: Audino|56/100 brn|[from] brn
|upkeep
|turn|82
|
|t:|1659679293
|move|p2a: Tangela|Giga Drain|p1a: Audino
|-damage|p1a: Audino|38/100 brn
|-heal|p2a: Tangela|67/100 brn|[from] drain|[of] p1a: Audino
|move|p1a: Audino|Wish|p1a: Audino
|
|-damage|p2a: Tangela|61/100 brn|[from] brn
|-damage|p1a: Audino|32/100 brn|[from] brn
|upkeep
|turn|83
|inactive|Meru has 90 seconds left.
|
|t:|1659679302
|switch|p1a: Coalossal|Coalossal, M|94/100 tox
|move|p2a: Tangela|Giga Drain|p1a: Coalossal
|-damage|p1a: Coalossal|77/100 tox
|-heal|p2a: Tangela|73/100 brn|[from] drain|[of] p1a: Coalossal
|
|-heal|p1a: Coalossal|100/100 tox|[from] move: Wish|[wisher] Audino
|-damage|p1a: Coalossal|94/100 tox|[from] psn
|-damage|p2a: Tangela|67/100 brn|[from] brn
|upkeep
|turn|84
|inactive|Meru has 90 seconds left.
|
|t:|1659679318
|move|p2a: Tangela|Giga Drain|p1a: Coalossal
|-damage|p1a: Coalossal|77/100 tox
|-heal|p2a: Tangela|78/100 brn|[from] drain|[of] p1a: Coalossal
|move|p1a: Coalossal|Flamethrower|p2a: Tangela
|-supereffective|p2a: Tangela
|-damage|p2a: Tangela|3/100 brn
|
|-damage|p1a: Coalossal|64/100 tox|[from] psn
|-damage|p2a: Tangela|0 fnt|[from] brn
|faint|p2a: Tangela
|upkeep
|
|t:|1659679323
|switch|p2a: Ribombee|Ribombee, F, shiny|50/100
|-damage|p2a: Ribombee|25/100|[from] Spikes
|turn|85
|
|t:|1659679326
|switch|p1a: Charizard|Charizard, F|82/100
|move|p2a: Ribombee|Moonblast|p1a: Charizard
|-resisted|p1a: Charizard
|-damage|p1a: Charizard|57/100
|
|upkeep
|turn|86
|
|t:|1659679336
|move|p2a: Ribombee|Moonblast|p1a: Charizard
|-resisted|p1a: Charizard
|-damage|p1a: Charizard|33/100
|move|p1a: Charizard|Roost|p1a: Charizard
|-heal|p1a: Charizard|83/100
|-singleturn|p1a: Charizard|move: Roost
|
|upkeep
|turn|87
|
|t:|1659679343
|switch|p2a: Wishiwashi|Wishiwashi, F|88/100 slp
|-damage|p2a: Wishiwashi|63/100 slp|[from] Spikes
|-formechange|p2a: Wishiwashi|Wishiwashi-School||[from] ability: Schooling
|move|p1a: Charizard|Roost|p1a: Charizard
|-heal|p1a: Charizard|100/100
|-singleturn|p1a: Charizard|move: Roost
|
|upkeep
|turn|88
|
|t:|1659679346
|switch|p1a: Ferroseed|Ferroseed, F|88/100 brn
|cant|p2a: Wishiwashi|slp
|move|p2a: Wishiwashi|Sleep Talk|p2a: Wishiwashi
|move|p2a: Wishiwashi|Scald|p1a: Ferroseed|[from]move: Sleep Talk
|-resisted|p1a: Ferroseed
|-damage|p1a: Ferroseed|70/100 brn
|
|-damage|p1a: Ferroseed|64/100 brn|[from] brn
|upkeep
|turn|89
|inactive|Meru has 120 seconds left.
|
|t:|1659679357
|cant|p2a: Wishiwashi|slp
|move|p2a: Wishiwashi|Sleep Talk|p2a: Wishiwashi
|move|p2a: Wishiwashi|Scald|p1a: Ferroseed|[from]move: Sleep Talk
|-resisted|p1a: Ferroseed
|-damage|p1a: Ferroseed|47/100 brn
|move|p1a: Ferroseed|Leech Seed|p2a: Wishiwashi
|-start|p2a: Wishiwashi|move: Leech Seed
|
|-damage|p2a: Wishiwashi|51/100 slp|[from] Leech Seed|[of] p1a: Ferroseed
|-heal|p1a: Ferroseed|59/100 brn|[silent]
|-damage|p1a: Ferroseed|53/100 brn|[from] brn
|upkeep
|turn|90
|
|t:|1659679365
|-curestatus|p2a: Wishiwashi|slp|[msg]
|move|p2a: Wishiwashi|U-turn|p1a: Ferroseed
|-damage|p1a: Ferroseed|27/100 brn
|-damage|p2a: Wishiwashi|39/100|[from] ability: Iron Barbs|[of] p1a: Ferroseed
|
|t:|1659679372
|switch|p2a: Ribombee|Ribombee, F, shiny|25/100|[from]move: U-turn
|-damage|p2a: Ribombee|0 fnt|[from] Spikes
|faint|p2a: Ribombee
|move|p1a: Ferroseed|Leech Seed|p2: Ribombee|[notarget]
|-fail|p1a: Ferroseed
|
|-damage|p1a: Ferroseed|20/100 brn|[from] brn
|upkeep
|
|t:|1659679376
|switch|p2a: Frosmoth|Frosmoth, F|75/100
|turn|91
|
|t:|1659679390
|move|p2a: Frosmoth|Substitute|p2a: Frosmoth
|-start|p2a: Frosmoth|Substitute
|-damage|p2a: Frosmoth|50/100
|move|p1a: Ferroseed|Leech Seed||[still]
|-fail|p1a: Ferroseed
|
|-damage|p1a: Ferroseed|14/100 brn|[from] brn
|upkeep
|turn|92
|
|t:|1659679400
|switch|p1a: Coalossal|Coalossal, M|64/100 tox
|move|p2a: Frosmoth|Quiver Dance|p2a: Frosmoth
|-boost|p2a: Frosmoth|spa|1
|-boost|p2a: Frosmoth|spd|1
|-boost|p2a: Frosmoth|spe|1
|
|-damage|p1a: Coalossal|58/100 tox|[from] psn
|upkeep
|turn|93
|
|t:|1659679427
|move|p2a: Frosmoth|Giga Drain|p1a: Coalossal
|-damage|p1a: Coalossal|34/100 tox
|-heal|p2a: Frosmoth|69/100|[from] drain|[of] p1a: Coalossal
|move|p1a: Coalossal|Rock Blast|p2a: Frosmoth
|-supereffective|p2a: Frosmoth
|-end|p2a: Frosmoth|Substitute
|-supereffective|p2a: Frosmoth
|-damage|p2a: Frosmoth|13/100
|-supereffective|p2a: Frosmoth
|-damage|p2a: Frosmoth|0 fnt
|faint|p2a: Frosmoth
|-hitcount|p2: Frosmoth|3
|
|-damage|p1a: Coalossal|21/100 tox|[from] psn
|upkeep
|c|☆Lambovino|gg
|inactive|Meru has 120 seconds left.
|
|t:|1659679445
|switch|p2a: Wishiwashi|Wishiwashi, F|39/100
|-damage|p2a: Wishiwashi|14/100|[from] Spikes
|turn|94
|
|t:|1659679448
|move|p2a: Wishiwashi|Rest|p2a: Wishiwashi
|-status|p2a: Wishiwashi|slp|[from] move: Rest
|-heal|p2a: Wishiwashi|100/100 slp|[silent]
|move|p1a: Coalossal|Rock Blast|p2a: Wishiwashi
|-damage|p2a: Wishiwashi|75/100 slp
|-damage|p2a: Wishiwashi|48/100 slp
|-damage|p2a: Wishiwashi|22/100 slp
|-damage|p2a: Wishiwashi|0 fnt
|faint|p2a: Wishiwashi
|-hitcount|p2: Wishiwashi|4
|
|win|Lambovino
|c|☆Meru|gg
