|inactive|Battle timer is ON: inactive players will automatically lose when time's up.
|t:|1621199142
|gametype|singles
|player|p1|pattek|archer|
|player|p2|CDNThe3rd|#ssdivtaipans|
|teamsize|p1|6
|teamsize|p2|6
|gen|8
|tier|[Gen 8] PU
|rule|Sleep Clause Mod: Limit one foe put to sleep
|rule|Species Clause: Limit one of each Pokémon
|rule|OHKO Clause: OHKO moves are banned
|rule|Evasion Moves Clause: Evasion moves are banned
|rule|Endless Battle Clause: Forcing endless battles is banned
|rule|HP Percentage Mod: HP is shown in percentages
|rule|Dynamax Clause: You cannot dynamax
|clearpoke
|poke|p1|Togedemaru, M|
|poke|p1|Weezing, F|
|poke|p1|Stunfisk-Galar, F|
|poke|p1|Archeops, M|
|poke|p1|Whimsicott, F|
|poke|p1|Basculin, F|
|poke|p2|Weezing, M|
|poke|p2|Silvally-*|
|poke|p2|Guzzlord|
|poke|p2|Passimian, M|
|poke|p2|Charizard, F|
|poke|p2|Stunfisk-Galar, M|
|teampreview
|c|☆pattek|hf
|c|☆CDNThe3rd|u2
|inactive|pattek has 270 seconds left.
|inactive|CDNThe3rd has 270 seconds left.
|
|t:|1621199191
|start
|switch|p1a: Basculin|Basculin, F|100/100
|switch|p2a: Passimian|Passimian, M|100/100
|turn|1
|c|+Rinnegan frs|WOHOO GO PATTEK....
|
|t:|1621199208
|switch|p1a: Weezing|Weezing, F|100/100
|move|p2a: Passimian|Close Combat|p1a: Weezing
|-resisted|p1a: Weezing
|-crit|p1a: Weezing
|-damage|p1a: Weezing|73/100
|-unboost|p2a: Passimian|def|1
|-unboost|p2a: Passimian|spd|1
|
|upkeep
|turn|2
|
|t:|1621199214
|switch|p2a: Weezing|Weezing, M|100/100
|move|p1a: Weezing|Toxic Spikes|p2a: Weezing
|-sidestart|p2: CDNThe3rd|move: Toxic Spikes
|
|upkeep
|turn|3
|
|t:|1621199218
|switch|p1a: Basculin|Basculin, F|100/100
|move|p2a: Weezing|Toxic Spikes|p1a: Basculin
|-sidestart|p1: pattek|move: Toxic Spikes
|
|upkeep
|turn|4
|c|@ALlCE|see deez nuts 
|c|@ALlCE|go osh..
|
|t:|1621199232
|switch|p2a: Guzzlord|Guzzlord|100/100
|-status|p2a: Guzzlord|psn
|move|p1a: Basculin|Hydro Pump|p2a: Guzzlord|[miss]
|-miss|p1a: Basculin|p2a: Guzzlord
|
|-damage|p2a: Guzzlord|88/100 psn|[from] psn
|upkeep
|turn|5
|c|☆CDNThe3rd|sry
|c|@ALlCE|.
|
|t:|1621199242
|switch|p1a: Weezing|Weezing, F|73/100
|move|p2a: Guzzlord|Knock Off|p1a: Weezing
|-damage|p1a: Weezing|53/100
|
|-damage|p2a: Guzzlord|76/100 psn|[from] psn
|upkeep
|turn|6
|
|t:|1621199248
|move|p1a: Weezing|Pain Split|p2a: Guzzlord
|-sethp|p2a: Guzzlord|53/100 psn|[from] move: Pain Split|[silent]
|-sethp|p1a: Weezing|93/100|[from] move: Pain Split
|move|p2a: Guzzlord|Dragon Tail|p1a: Weezing
|-damage|p1a: Weezing|77/100
|drag|p1a: Togedemaru|Togedemaru, M|100/100
|
|-damage|p2a: Guzzlord|41/100 psn|[from] psn
|upkeep
|turn|7
|
|t:|1621199261
|switch|p2a: Stunfisk|Stunfisk-Galar, M|100/100
|move|p1a: Togedemaru|U-turn|p2a: Stunfisk
|-resisted|p2a: Stunfisk
|-damage|p2a: Stunfisk|93/100
|
|t:|1621199264
|switch|p1a: Basculin|Basculin, F|100/100|[from]move: U-turn
|-status|p1a: Basculin|psn
|
|-heal|p2a: Stunfisk|99/100|[from] item: Leftovers
|-damage|p1a: Basculin|88/100 psn|[from] psn
|upkeep
|turn|8
|
|t:|1621199266
|move|p2a: Stunfisk|Protect|p2a: Stunfisk
|-singleturn|p2a: Stunfisk|Protect
|move|p1a: Basculin|Hydro Pump|p2a: Stunfisk
|-activate|p2a: Stunfisk|move: Protect
|
|-heal|p2a: Stunfisk|100/100|[from] item: Leftovers
|-damage|p1a: Basculin|76/100 psn|[from] psn
|upkeep
|turn|9
|
|t:|1621199269
|switch|p2a: Guzzlord|Guzzlord|41/100 psn
|move|p1a: Basculin|Hydro Pump|p2a: Guzzlord|[miss]
|-miss|p1a: Basculin|p2a: Guzzlord
|
|-damage|p1a: Basculin|63/100 psn|[from] psn
|-damage|p2a: Guzzlord|28/100 psn|[from] psn
|upkeep
|turn|10
|
|t:|1621199276
|switch|p1a: Weezing|Weezing, F|77/100
|move|p2a: Guzzlord|Dragon Tail|p1a: Weezing
|-damage|p1a: Weezing|62/100
|drag|p1a: Togedemaru|Togedemaru, M|100/100
|
|-damage|p2a: Guzzlord|16/100 psn|[from] psn
|upkeep
|turn|11
|
|t:|1621199292
|switch|p2a: Stunfisk|Stunfisk-Galar, M|100/100
|move|p1a: Togedemaru|U-turn|p2a: Stunfisk
|-resisted|p2a: Stunfisk
|-damage|p2a: Stunfisk|92/100
|
|t:|1621199294
|switch|p1a: Basculin|Basculin, F|63/100 psn|[from]move: U-turn
|
|-heal|p2a: Stunfisk|98/100|[from] item: Leftovers
|-damage|p1a: Basculin|51/100 psn|[from] psn
|upkeep
|turn|12
|
|t:|1621199297
|move|p2a: Stunfisk|Protect|p2a: Stunfisk
|-singleturn|p2a: Stunfisk|Protect
|move|p1a: Basculin|Hydro Pump|p2a: Stunfisk
|-activate|p2a: Stunfisk|move: Protect
|
|-heal|p2a: Stunfisk|100/100|[from] item: Leftovers
|-damage|p1a: Basculin|38/100 psn|[from] psn
|upkeep
|turn|13
|
|t:|1621199302
|switch|p2a: Guzzlord|Guzzlord|16/100 psn
|move|p1a: Basculin|Hydro Pump|p2a: Guzzlord
|-resisted|p2a: Guzzlord
|-damage|p2a: Guzzlord|0 fnt
|faint|p2a: Guzzlord
|
|-damage|p1a: Basculin|26/100 psn|[from] psn
|upkeep
|
|t:|1621199311
|switch|p2a: Charizard|Charizard, F|100/100
|turn|14
|
|t:|1621199314
|switch|p1a: Archeops|Archeops, M|100/100
|move|p2a: Charizard|Flamethrower|p1a: Archeops
|-resisted|p1a: Archeops
|-damage|p1a: Archeops|75/100
|
|upkeep
|turn|15
|
|t:|1621199318
|switch|p2a: Stunfisk|Stunfisk-Galar, M|100/100
|move|p1a: Archeops|U-turn|p2a: Stunfisk
|-resisted|p2a: Stunfisk
|-damage|p2a: Stunfisk|91/100
|
|t:|1621199320
|switch|p1a: Basculin|Basculin, F|26/100 psn|[from]move: U-turn
|
|-heal|p2a: Stunfisk|97/100|[from] item: Leftovers
|-damage|p1a: Basculin|13/100 psn|[from] psn
|upkeep
|turn|16
|
|t:|1621199322
|move|p2a: Stunfisk|Protect|p2a: Stunfisk
|-singleturn|p2a: Stunfisk|Protect
|move|p1a: Basculin|Hydro Pump|p2a: Stunfisk
|-activate|p2a: Stunfisk|move: Protect
|
|-heal|p2a: Stunfisk|100/100|[from] item: Leftovers
|-damage|p1a: Basculin|1/100 psn|[from] psn
|upkeep
|turn|17
|inactive|CDNThe3rd has 270 seconds left.
|inactive|CDNThe3rd has 240 seconds left.
|
|t:|1621199388
|switch|p2a: Passimian|Passimian, M|100/100
|-status|p2a: Passimian|psn
|move|p1a: Basculin|Hydro Pump|p2a: Passimian
|-damage|p2a: Passimian|0 fnt
|faint|p2a: Passimian
|
|-damage|p1a: Basculin|0 fnt|[from] psn
|faint|p1a: Basculin
|upkeep
|
|t:|1621199399
|switch|p1a: Archeops|Archeops, M|75/100
|switch|p2a: Charizard|Charizard, F|100/100
|turn|18
|
|t:|1621199402
|switch|p2a: Stunfisk|Stunfisk-Galar, M|100/100
|move|p1a: Archeops|U-turn|p2a: Stunfisk
|-resisted|p2a: Stunfisk
|-damage|p2a: Stunfisk|91/100
|
|t:|1621199406
|switch|p1a: Weezing|Weezing, F|62/100|[from]move: U-turn
|
|-heal|p2a: Stunfisk|97/100|[from] item: Leftovers
|upkeep
|turn|19
|
|t:|1621199421
|switch|p2a: Charizard|Charizard, F|100/100
|move|p1a: Weezing|Pain Split|p2a: Charizard
|-sethp|p2a: Charizard|79/100|[from] move: Pain Split|[silent]
|-sethp|p1a: Weezing|85/100|[from] move: Pain Split
|
|upkeep
|turn|20
|
|t:|1621199426
|switch|p1a: Archeops|Archeops, M|75/100
|move|p2a: Charizard|Flamethrower|p1a: Archeops
|-resisted|p1a: Archeops
|-damage|p1a: Archeops|50/100
|
|upkeep
|turn|21
|
|t:|1621199431
|switch|p2a: Stunfisk|Stunfisk-Galar, M|97/100
|move|p1a: Archeops|Roost|p1a: Archeops
|-heal|p1a: Archeops|99/100
|-singleturn|p1a: Archeops|move: Roost
|
|-heal|p2a: Stunfisk|100/100|[from] item: Leftovers
|upkeep
|turn|22
|
|t:|1621199433
|move|p1a: Archeops|U-turn|p2a: Stunfisk
|-resisted|p2a: Stunfisk
|-damage|p2a: Stunfisk|91/100
|
|t:|1621199439
|switch|p1a: Whimsicott|Whimsicott, F|100/100|[from]move: U-turn
|move|p2a: Stunfisk|Stealth Rock|p1a: Whimsicott
|-sidestart|p1: pattek|move: Stealth Rock
|
|-heal|p2a: Stunfisk|97/100|[from] item: Leftovers
|upkeep
|turn|23
|
|t:|1621199445
|move|p1a: Whimsicott|Knock Off|p2a: Stunfisk
|-damage|p2a: Stunfisk|85/100
|-enditem|p2a: Stunfisk|Leftovers|[from] move: Knock Off|[of] p1a: Whimsicott
|move|p2a: Stunfisk|Snap Trap|p1a: Whimsicott
|-resisted|p1a: Whimsicott
|-damage|p1a: Whimsicott|96/100
|-activate|p1a: Whimsicott|move: Snap Trap|[of] p2a: Stunfisk
|
|-damage|p1a: Whimsicott|83/100|[from] move: Snap Trap|[partiallytrapped]
|upkeep
|turn|24
|
|t:|1621199449
|move|p2a: Stunfisk|Protect|p2a: Stunfisk
|-singleturn|p2a: Stunfisk|Protect
|move|p1a: Whimsicott|U-turn|p2a: Stunfisk
|-activate|p2a: Stunfisk|move: Protect
|
|-damage|p1a: Whimsicott|71/100|[from] move: Snap Trap|[partiallytrapped]
|upkeep
|turn|25
|
|t:|1621199454
|move|p1a: Whimsicott|U-turn|p2a: Stunfisk
|-resisted|p2a: Stunfisk
|-damage|p2a: Stunfisk|81/100
|
|t:|1621199466
|switch|p1a: Weezing|Weezing, F|85/100|[from]move: U-turn
|-damage|p1a: Weezing|73/100|[from] Stealth Rock
|move|p2a: Stunfisk|Snap Trap|p1a: Weezing
|-resisted|p1a: Weezing
|-damage|p1a: Weezing|71/100
|-activate|p1a: Weezing|move: Snap Trap|[of] p2a: Stunfisk
|
|-damage|p1a: Weezing|59/100|[from] move: Snap Trap|[partiallytrapped]
|upkeep
|turn|26
|
|t:|1621199474
|switch|p2a: Charizard|Charizard, F|79/100
|move|p1a: Weezing|Flamethrower|p2a: Charizard
|-resisted|p2a: Charizard
|-damage|p2a: Charizard|69/100
|
|-end|p1a: Weezing|Snap Trap|[partiallytrapped]|[silent]
|upkeep
|turn|27
|
|t:|1621199478
|switch|p1a: Archeops|Archeops, M|99/100
|move|p2a: Charizard|Toxic|p1a: Archeops
|-status|p1a: Archeops|tox
|
|-damage|p1a: Archeops|94/100 tox|[from] psn
|upkeep
|turn|28
|
|t:|1621199485
|switch|p2a: Weezing|Weezing, M|100/100
|move|p1a: Archeops|U-turn|p2a: Weezing
|-resisted|p2a: Weezing
|-damage|p2a: Weezing|92/100
|-damage|p1a: Archeops|77/100 tox|[from] item: Rocky Helmet|[of] p2a: Weezing
|
|t:|1621199495
|switch|p1a: Stunfisk|Stunfisk-Galar, F|100/100|[from]move: U-turn
|-damage|p1a: Stunfisk|97/100|[from] Stealth Rock
|
|-heal|p1a: Stunfisk|100/100|[from] item: Leftovers
|upkeep
|turn|29
|
|t:|1621199500
|switch|p2a: Charizard|Charizard, F|69/100
|move|p1a: Stunfisk|Stealth Rock|p2a: Charizard
|-sidestart|p2: CDNThe3rd|move: Stealth Rock
|
|upkeep
|turn|30
|
|t:|1621199507
|switch|p2a: Weezing|Weezing, M|92/100
|-damage|p2a: Weezing|80/100|[from] Stealth Rock
|move|p1a: Stunfisk|Stone Edge|p2a: Weezing
|-damage|p2a: Weezing|67/100
|
|upkeep
|turn|31
|
|t:|1621199512
|move|p2a: Weezing|Will-O-Wisp|p1a: Stunfisk
|-status|p1a: Stunfisk|brn
|move|p1a: Stunfisk|Yawn|p2a: Weezing
|-start|p2a: Weezing|move: Yawn|[of] p1a: Stunfisk
|
|-damage|p1a: Stunfisk|94/100 brn|[from] brn
|upkeep
|turn|32
|
|t:|1621199521
|switch|p2a: Stunfisk|Stunfisk-Galar, M|81/100
|-damage|p2a: Stunfisk|78/100|[from] Stealth Rock
|move|p1a: Stunfisk|Earthquake|p2a: Stunfisk
|-supereffective|p2a: Stunfisk
|-damage|p2a: Stunfisk|53/100
|
|-heal|p1a: Stunfisk|100/100 brn|[from] item: Leftovers
|-damage|p1a: Stunfisk|94/100 brn|[from] brn
|upkeep
|turn|33
|
|t:|1621199526
|switch|p2a: Charizard|Charizard, F|69/100
|move|p1a: Stunfisk|Earthquake|p2a: Charizard
|-immune|p2a: Charizard
|
|-heal|p1a: Stunfisk|100/100 brn|[from] item: Leftovers
|-damage|p1a: Stunfisk|94/100 brn|[from] brn
|upkeep
|turn|34
|
|t:|1621199531
|switch|p1a: Archeops|Archeops, M|77/100 tox
|move|p2a: Charizard|Roost|p2a: Charizard
|-heal|p2a: Charizard|100/100
|-singleturn|p2a: Charizard|move: Roost
|
|-damage|p1a: Archeops|71/100 tox|[from] psn
|upkeep
|turn|35
|
|t:|1621199534
|switch|p2a: Stunfisk|Stunfisk-Galar, M|53/100
|-damage|p2a: Stunfisk|50/100|[from] Stealth Rock
|move|p1a: Archeops|Stone Edge|p2a: Stunfisk
|-resisted|p2a: Stunfisk
|-damage|p2a: Stunfisk|39/100
|
|-damage|p1a: Archeops|59/100 tox|[from] psn
|upkeep
|turn|36
|
|t:|1621199540
|move|p2a: Stunfisk|Protect|p2a: Stunfisk
|-singleturn|p2a: Stunfisk|Protect
|move|p1a: Archeops|U-turn|p2a: Stunfisk
|-activate|p2a: Stunfisk|move: Protect
|
|-damage|p1a: Archeops|40/100 tox|[from] psn
|upkeep
|turn|37
|
|t:|1621199545
|switch|p2a: Weezing|Weezing, M|67/100
|-damage|p2a: Weezing|55/100|[from] Stealth Rock
|move|p1a: Archeops|U-turn|p2a: Weezing
|-resisted|p2a: Weezing
|-damage|p2a: Weezing|51/100
|-damage|p1a: Archeops|24/100 tox|[from] item: Rocky Helmet|[of] p2a: Weezing
|
|t:|1621199561
|switch|p1a: Weezing|Weezing, F|59/100|[from]move: U-turn
|-damage|p1a: Weezing|46/100|[from] Stealth Rock
|
|upkeep
|turn|38
|
|t:|1621199565
|switch|p2a: Charizard|Charizard, F|100/100
|move|p1a: Weezing|Pain Split|p2a: Charizard
|-sethp|p2a: Charizard|72/100|[from] move: Pain Split|[silent]
|-sethp|p1a: Weezing|77/100|[from] move: Pain Split
|
|upkeep
|turn|39
|
|t:|1621199578
|move|p2a: Charizard|Flamethrower|p1a: Weezing
|-damage|p1a: Weezing|27/100
|move|p1a: Weezing|Sludge Bomb|p2a: Charizard
|-damage|p2a: Charizard|42/100
|
|upkeep
|turn|40
|
|t:|1621199589
|move|p2a: Charizard|Flamethrower|p1a: Weezing
|-damage|p1a: Weezing|0 fnt
|faint|p1a: Weezing
|
|upkeep
|
|t:|1621199591
|switch|p1a: Archeops|Archeops, M|24/100 tox
|turn|41
|
|t:|1621199602
|switch|p2a: Stunfisk|Stunfisk-Galar, M|39/100
|-damage|p2a: Stunfisk|36/100|[from] Stealth Rock
|move|p1a: Archeops|Roost|p1a: Archeops
|-heal|p1a: Archeops|74/100 tox
|-singleturn|p1a: Archeops|move: Roost
|
|-damage|p1a: Archeops|68/100 tox|[from] psn
|upkeep
|turn|42
|
|t:|1621199611
|switch|p1a: Stunfisk|Stunfisk-Galar, F|94/100 brn
|-damage|p1a: Stunfisk|91/100 brn|[from] Stealth Rock
|switch|p2a: Weezing|Weezing, M|51/100
|-damage|p2a: Weezing|39/100|[from] Stealth Rock
|
|-heal|p1a: Stunfisk|97/100 brn|[from] item: Leftovers
|-damage|p1a: Stunfisk|91/100 brn|[from] brn
|upkeep
|turn|43
|
|t:|1621199616
|move|p2a: Weezing|Pain Split|p1a: Stunfisk
|-sethp|p1a: Stunfisk|61/100 brn|[from] move: Pain Split|[silent]
|-sethp|p2a: Weezing|77/100|[from] move: Pain Split
|move|p1a: Stunfisk|Yawn|p2a: Weezing
|-start|p2a: Weezing|move: Yawn|[of] p1a: Stunfisk
|
|-heal|p1a: Stunfisk|67/100 brn|[from] item: Leftovers
|-damage|p1a: Stunfisk|61/100 brn|[from] brn
|upkeep
|turn|44
|
|t:|1621199633
|switch|p2a: Stunfisk|Stunfisk-Galar, M|36/100
|-damage|p2a: Stunfisk|33/100|[from] Stealth Rock
|move|p1a: Stunfisk|Stone Edge|p2a: Stunfisk
|-resisted|p2a: Stunfisk
|-damage|p2a: Stunfisk|31/100
|
|-heal|p1a: Stunfisk|67/100 brn|[from] item: Leftovers
|-damage|p1a: Stunfisk|61/100 brn|[from] brn
|upkeep
|turn|45
|
|t:|1621199640
|switch|p1a: Whimsicott|Whimsicott, F|71/100
|move|p2a: Stunfisk|Snap Trap|p1a: Whimsicott
|-resisted|p1a: Whimsicott
|-damage|p1a: Whimsicott|66/100
|-activate|p1a: Whimsicott|move: Snap Trap|[of] p2a: Stunfisk
|
|-damage|p1a: Whimsicott|54/100|[from] move: Snap Trap|[partiallytrapped]
|upkeep
|turn|46
|
|t:|1621199642
|move|p2a: Stunfisk|Protect|p2a: Stunfisk
|-singleturn|p2a: Stunfisk|Protect
|move|p1a: Whimsicott|Giga Drain|p2a: Stunfisk
|-activate|p2a: Stunfisk|move: Protect
|
|-damage|p1a: Whimsicott|41/100|[from] move: Snap Trap|[partiallytrapped]
|upkeep
|turn|47
|
|t:|1621199671
|move|p1a: Whimsicott|Giga Drain|p2a: Stunfisk
|-damage|p2a: Stunfisk|14/100
|-heal|p1a: Whimsicott|55/100|[from] drain|[of] p2a: Stunfisk
|move|p2a: Stunfisk|Earthquake|p1a: Whimsicott
|-resisted|p1a: Whimsicott
|-damage|p1a: Whimsicott|34/100
|
|-damage|p1a: Whimsicott|22/100|[from] move: Snap Trap|[partiallytrapped]
|upkeep
|turn|48
|
|t:|1621199676
|move|p2a: Stunfisk|Protect|p2a: Stunfisk
|-singleturn|p2a: Stunfisk|Protect
|move|p1a: Whimsicott|Giga Drain|p2a: Stunfisk
|-activate|p2a: Stunfisk|move: Protect
|
|-damage|p1a: Whimsicott|9/100|[from] move: Snap Trap|[partiallytrapped]
|upkeep
|turn|49
|
|t:|1621199685
|switch|p2a: Charizard|Charizard, F|42/100
|move|p1a: Whimsicott|Giga Drain|p2a: Charizard
|-resisted|p2a: Charizard
|-damage|p2a: Charizard|34/100
|-heal|p1a: Whimsicott|15/100|[from] drain|[of] p2a: Charizard
|
|-end|p1a: Whimsicott|Snap Trap|[partiallytrapped]
|upkeep
|turn|50
|
|t:|1621199695
|move|p1a: Whimsicott|Knock Off|p2a: Charizard
|-damage|p2a: Charizard|16/100
|-enditem|p2a: Charizard|Heavy-Duty Boots|[from] move: Knock Off|[of] p1a: Whimsicott
|move|p2a: Charizard|Roost|p2a: Charizard
|-heal|p2a: Charizard|66/100
|-singleturn|p2a: Charizard|move: Roost
|
|upkeep
|turn|51
|
|t:|1621199699
|move|p1a: Whimsicott|U-turn|p2a: Charizard
|-resisted|p2a: Charizard
|-damage|p2a: Charizard|63/100
|
|t:|1621199701
|switch|p1a: Archeops|Archeops, M|68/100 tox|[from]move: U-turn
|move|p2a: Charizard|Defog|p1a: Archeops
|-unboost|p1a: Archeops|evasion|1
|-sideend|p1: pattek|Toxic Spikes|[from] move: Defog|[of] p2a: Charizard
|-sideend|p1: pattek|Stealth Rock|[from] move: Defog|[of] p2a: Charizard
|-sideend|p2: CDNThe3rd|Toxic Spikes|[from] move: Defog|[of] p2a: Charizard
|-sideend|p2: CDNThe3rd|Stealth Rock|[from] move: Defog|[of] p2a: Charizard
|
|-damage|p1a: Archeops|61/100 tox|[from] psn
|upkeep
|turn|52
|inactive|CDNThe3rd has 270 seconds left.
|
|t:|1621199731
|switch|p2a: Weezing|Weezing, M|77/100
|move|p1a: Archeops|Stone Edge|p2a: Weezing
|-crit|p2a: Weezing
|-damage|p2a: Weezing|26/100
|
|-damage|p1a: Archeops|49/100 tox|[from] psn
|upkeep
|turn|53
|inactive|pattek has 270 seconds left.
|inactive|pattek has 240 seconds left.
|
|t:|1621199821
|switch|p1a: Stunfisk|Stunfisk-Galar, F|61/100 brn
|move|p2a: Weezing|Pain Split|p1a: Stunfisk
|-sethp|p1a: Stunfisk|41/100 brn|[from] move: Pain Split|[silent]
|-sethp|p2a: Weezing|51/100|[from] move: Pain Split
|
|-heal|p1a: Stunfisk|47/100 brn|[from] item: Leftovers
|-damage|p1a: Stunfisk|41/100 brn|[from] brn
|upkeep
|turn|54
|
|t:|1621199828
|switch|p2a: Charizard|Charizard, F|63/100
|move|p1a: Stunfisk|Stealth Rock|p2a: Charizard
|-sidestart|p2: CDNThe3rd|move: Stealth Rock
|
|-heal|p1a: Stunfisk|47/100 brn|[from] item: Leftovers
|-damage|p1a: Stunfisk|41/100 brn|[from] brn
|upkeep
|turn|55
|
|t:|1621199847
|move|p2a: Charizard|Defog|p1a: Stunfisk
|-unboost|p1a: Stunfisk|evasion|1
|-sideend|p2: CDNThe3rd|Stealth Rock|[from] move: Defog|[of] p2a: Charizard
|move|p1a: Stunfisk|Stone Edge|p2a: Charizard
|-supereffective|p2a: Charizard
|-damage|p2a: Charizard|19/100
|
|-heal|p1a: Stunfisk|47/100 brn|[from] item: Leftovers
|-damage|p1a: Stunfisk|41/100 brn|[from] brn
|upkeep
|turn|56
|inactive|pattek has 240 seconds left.
|
|t:|1621199859
|switch|p1a: Archeops|Archeops, M|49/100 tox
|move|p2a: Charizard|Flamethrower|p1a: Archeops
|-resisted|p1a: Archeops
|-damage|p1a: Archeops|10/100 tox
|
|-damage|p1a: Archeops|4/100 tox|[from] psn
|upkeep
|turn|57
|inactive|pattek has 240 seconds left.
|
|t:|1621199883
|switch|p2a: Stunfisk|Stunfisk-Galar, M|14/100
|move|p1a: Archeops|Stone Edge|p2a: Stunfisk
|-resisted|p2a: Stunfisk
|-damage|p2a: Stunfisk|9/100
|
|-damage|p1a: Archeops|0 fnt|[from] psn
|faint|p1a: Archeops
|upkeep
|
|t:|1621199891
|switch|p1a: Whimsicott|Whimsicott, F|15/100
|turn|58
|
|t:|1621199903
|move|p2a: Stunfisk|Protect|p2a: Stunfisk
|-singleturn|p2a: Stunfisk|Protect
|move|p1a: Whimsicott|Giga Drain|p2a: Stunfisk
|-activate|p2a: Stunfisk|move: Protect
|
|upkeep
|turn|59
|
|t:|1621199921
|switch|p2a: Weezing|Weezing, M|51/100
|move|p1a: Whimsicott|Giga Drain|p2a: Weezing
|-resisted|p2a: Weezing
|-damage|p2a: Weezing|33/100
|-heal|p1a: Whimsicott|27/100|[from] drain|[of] p2a: Weezing
|
|upkeep
|turn|60
|inactive|pattek has 240 seconds left.
|inactive|CDNThe3rd has 270 seconds left.
|inactive|pattek has 210 seconds left.
|inactive|CDNThe3rd has 240 seconds left.
|
|t:|1621199998
|switch|p2a: Stunfisk|Stunfisk-Galar, M|9/100
|move|p1a: Whimsicott|Moonblast|p2a: Stunfisk
|-resisted|p2a: Stunfisk
|-damage|p2a: Stunfisk|0 fnt
|faint|p2a: Stunfisk
|
|upkeep
|
|t:|1621199999
|switch|p2a: Silvally|Silvally-Fairy|100/100
|turn|61
|inactive|CDNThe3rd has 240 seconds left.
|
|t:|1621200012
|move|p1a: Whimsicott|Moonblast|p2a: Silvally
|-damage|p2a: Silvally|64/100
|move|p2a: Silvally|Flame Charge|p1a: Whimsicott
|-supereffective|p1a: Whimsicott
|-damage|p1a: Whimsicott|0 fnt
|-boost|p2a: Silvally|spe|1
|faint|p1a: Whimsicott
|
|upkeep
|
|t:|1621200015
|switch|p1a: Togedemaru|Togedemaru, M|100/100
|turn|62
|
|t:|1621200021
|move|p1a: Togedemaru|Iron Head|p2a: Silvally
|-supereffective|p2a: Silvally
|-damage|p2a: Silvally|0 fnt
|faint|p2a: Silvally
|
|upkeep
|
|t:|1621200024
|switch|p2a: Weezing|Weezing, M|33/100
|turn|63
|inactive|pattek has 210 seconds left.
|c|☆pattek|go toge go
|
|t:|1621200046
|move|p1a: Togedemaru|Iron Head|p2a: Weezing
|-damage|p2a: Weezing|9/100
|-damage|p1a: Togedemaru|84/100|[from] item: Rocky Helmet|[of] p2a: Weezing
|cant|p2a: Weezing|flinch
|
|upkeep
|turn|64
|inactive|CDNThe3rd has 270 seconds left.
|
|t:|1621200054
|move|p1a: Togedemaru|Iron Head|p2a: Weezing
|-damage|p2a: Weezing|0 fnt
|-damage|p1a: Togedemaru|67/100|[from] item: Rocky Helmet|[of] p2a: Weezing
|faint|p2a: Weezing
|
|upkeep
|
|t:|1621200055
|switch|p2a: Charizard|Charizard, F|19/100
|turn|65
|
|t:|1621200057
|move|p1a: Togedemaru|Iron Head|p2a: Charizard
|-resisted|p2a: Charizard
|-damage|p2a: Charizard|0 fnt
|faint|p2a: Charizard
|
|win|pattek
|c|☆pattek|gg
|c|☆CDNThe3rd|gg
