|inactive|Battle timer is ON: inactive players will automatically lose when time's up.
|t:|1664293705
|gametype|singles
|player|p1|sugar ovens|twins|
|player|p2|RoyalReloaded|#bltixsnorlaxes|
|teamsize|p1|6
|teamsize|p2|6
|gen|8
|tier|[Gen 8] PU
|rule|Sleep Clause Mod: Limit one foe put to sleep
|rule|Species Clause: Limit one of each Pokémon
|rule|OHKO Clause: OHKO moves are banned
|rule|Evasion Items Clause: Evasion items are banned
|rule|Evasion Moves Clause: Evasion moves are banned
|rule|Endless Battle Clause: Forcing endless battles is banned
|rule|HP Percentage Mod: HP is shown in percentages
|rule|Dynamax Clause: You cannot dynamax
|clearpoke
|poke|p1|Charizard, F|
|poke|p1|Scrafty, F|
|poke|p1|Gigalith, M|
|poke|p1|Weezing, M|
|poke|p1|Eldegoss, M|
|poke|p1|Poliwrath, F|
|poke|p2|Gigalith, M|
|poke|p2|Perrserker, M|
|poke|p2|Tangela, M|
|poke|p2|Silvally-*|
|poke|p2|Charizard, M|
|poke|p2|Mesprit|
|teampreview
|c|☆RoyalReloaded|hf
|c|☆sugar ovens|u2
|inactive|sugar ovens has 270 seconds left.
|inactive|RoyalReloaded has 270 seconds left.
|inactive|sugar ovens has 240 seconds left.
|
|t:|1664293789
|start
|switch|p1a: Gigalith|Gigalith, M|100/100
|switch|p2a: Perrserker|Perrserker, M|100/100
|-weather|Sandstorm|[from] ability: Sand Stream|[of] p1a: Gigalith
|turn|1
|
|t:|1664293800
|switch|p1a: Charizard|Charizard, F|100/100
|move|p2a: Perrserker|Iron Head|p1a: Charizard
|-resisted|p1a: Charizard
|-damage|p1a: Charizard|60/100
|
|-weather|Sandstorm|[upkeep]
|-damage|p1a: Charizard|54/100|[from] Sandstorm
|upkeep
|turn|2
|
|t:|1664293816
|switch|p2a: Gigalith|Gigalith, M|100/100
|move|p1a: Charizard|Roost|p1a: Charizard
|-heal|p1a: Charizard|100/100
|-singleturn|p1a: Charizard|move: Roost
|
|-weather|Sandstorm|[upkeep]
|-damage|p1a: Charizard|94/100|[from] Sandstorm
|upkeep
|turn|3
|
|t:|1664293835
|switch|p1a: Weezing|Weezing, M|100/100
|-ability|p1a: Weezing|Neutralizing Gas
|move|p2a: Gigalith|Stealth Rock|p1a: Weezing
|-sidestart|p1: sugar ovens|move: Stealth Rock
|
|-weather|Sandstorm|[upkeep]
|-damage|p1a: Weezing|94/100|[from] Sandstorm
|-heal|p1a: Weezing|100/100|[from] item: Black Sludge
|upkeep
|turn|4
|inactive|RoyalReloaded has 270 seconds left.
|
|t:|1664293861
|switch|p2a: Mesprit|Mesprit, shiny|100/100
|move|p1a: Weezing|Toxic Spikes|p2a: Mesprit
|-sidestart|p2: RoyalReloaded|move: Toxic Spikes
|
|-weather|Sandstorm|[upkeep]
|-damage|p2a: Mesprit|95/100|[from] Sandstorm
|-damage|p1a: Weezing|94/100|[from] Sandstorm
|-heal|p1a: Weezing|100/100|[from] item: Black Sludge
|upkeep
|turn|5
|inactive|RoyalReloaded has 270 seconds left.
|
|t:|1664293881
|-end|p1a: Weezing|ability: Neutralizing Gas
|switch|p1a: Eldegoss|Eldegoss, M|100/100
|move|p2a: Mesprit|Dazzling Gleam|p1a: Eldegoss
|-damage|p1a: Eldegoss|77/100
|
|-weather|none
|upkeep
|turn|6
|
|t:|1664293890
|switch|p2a: Tangela|Tangela, M|100/100
|-status|p2a: Tangela|psn
|move|p1a: Eldegoss|Sleep Powder|p2a: Tangela
|-immune|p2a: Tangela
|
|-damage|p2a: Tangela|88/100 psn|[from] psn
|upkeep
|turn|7
|
|t:|1664293896
|move|p2a: Tangela|Knock Off|p1a: Eldegoss
|-damage|p1a: Eldegoss|67/100
|-enditem|p1a: Eldegoss|Heavy-Duty Boots|[from] move: Knock Off|[of] p2a: Tangela
|move|p1a: Eldegoss|Rapid Spin|p2a: Tangela
|-damage|p2a: Tangela|85/100 psn
|-boost|p1a: Eldegoss|spe|1
|-sideend|p1: sugar ovens|Stealth Rock|[from] move: Rapid Spin|[of] p1a: Eldegoss
|
|-damage|p2a: Tangela|73/100 psn|[from] psn
|upkeep
|turn|8
|
|t:|1664293905
|switch|p1a: Gigalith|Gigalith, M|100/100
|-weather|Sandstorm|[from] ability: Sand Stream|[of] p1a: Gigalith
|move|p2a: Tangela|Sludge Bomb|p1a: Gigalith
|-resisted|p1a: Gigalith
|-damage|p1a: Gigalith|95/100
|
|-weather|Sandstorm|[upkeep]
|-damage|p2a: Tangela|67/100 psn|[from] Sandstorm
|-heal|p1a: Gigalith|100/100|[from] item: Leftovers
|-damage|p2a: Tangela|55/100 psn|[from] psn
|upkeep
|turn|9
|
|t:|1664293917
|switch|p1a: Weezing|Weezing, M|100/100
|-ability|p1a: Weezing|Neutralizing Gas
|move|p2a: Tangela|Sleep Powder|p1a: Weezing|[miss]
|-miss|p2a: Tangela|p1a: Weezing
|
|-weather|Sandstorm|[upkeep]
|-damage|p1a: Weezing|94/100|[from] Sandstorm
|-damage|p2a: Tangela|49/100 psn|[from] Sandstorm
|-heal|p1a: Weezing|100/100|[from] item: Black Sludge
|-damage|p2a: Tangela|37/100 psn|[from] psn
|upkeep
|turn|10
|
|t:|1664293926
|switch|p2a: Charizard|Charizard, M, shiny|100/100
|move|p1a: Weezing|Sludge Bomb|p2a: Charizard
|-damage|p2a: Charizard|71/100
|
|-weather|Sandstorm|[upkeep]
|-damage|p2a: Charizard|65/100|[from] Sandstorm
|-damage|p1a: Weezing|94/100|[from] Sandstorm
|-heal|p1a: Weezing|100/100|[from] item: Black Sludge
|upkeep
|turn|11
|
|t:|1664293940
|-end|p1a: Weezing|ability: Neutralizing Gas
|switch|p1a: Gigalith|Gigalith, M|100/100
|move|p2a: Charizard|Defog|p1a: Gigalith
|-unboost|p1a: Gigalith|evasion|1
|-sideend|p2: RoyalReloaded|Toxic Spikes|[from] move: Defog|[of] p2a: Charizard
|
|-weather|Sandstorm|[upkeep]
|-damage|p2a: Charizard|59/100|[from] Sandstorm
|upkeep
|turn|12
|
|t:|1664293948
|switch|p2a: Perrserker|Perrserker, M|100/100
|move|p1a: Gigalith|Stealth Rock|p2a: Perrserker
|-sidestart|p2: RoyalReloaded|move: Stealth Rock
|
|-weather|none
|upkeep
|turn|13
|
|t:|1664293954
|switch|p1a: Charizard|Charizard, F|94/100
|move|p2a: Perrserker|Substitute|p2a: Perrserker
|-start|p2a: Perrserker|Substitute
|-damage|p2a: Perrserker|76/100
|
|-heal|p2a: Perrserker|82/100|[from] item: Leftovers
|upkeep
|turn|14
|
|t:|1664293961
|move|p1a: Charizard|Flamethrower|p2a: Perrserker
|-supereffective|p2a: Perrserker
|-end|p2a: Perrserker|Substitute
|move|p2a: Perrserker|Iron Head|p1a: Charizard
|-resisted|p1a: Charizard
|-damage|p1a: Charizard|50/100
|
|-heal|p2a: Perrserker|88/100|[from] item: Leftovers
|upkeep
|turn|15
|
|t:|1664293967
|switch|p2a: Gigalith|Gigalith, M|100/100
|-damage|p2a: Gigalith|88/100|[from] Stealth Rock
|-weather|Sandstorm|[from] ability: Sand Stream|[of] p2a: Gigalith
|move|p1a: Charizard|Roost|p1a: Charizard
|-heal|p1a: Charizard|100/100
|-singleturn|p1a: Charizard|move: Roost
|
|-weather|Sandstorm|[upkeep]
|-damage|p1a: Charizard|94/100|[from] Sandstorm
|-heal|p2a: Gigalith|94/100|[from] item: Leftovers
|upkeep
|turn|16
|
|t:|1664293979
|switch|p1a: Weezing|Weezing, M|100/100
|-ability|p1a: Weezing|Neutralizing Gas
|move|p2a: Gigalith|Earthquake|p1a: Weezing
|-supereffective|p1a: Weezing
|-damage|p1a: Weezing|61/100
|
|-weather|Sandstorm|[upkeep]
|-damage|p1a: Weezing|55/100|[from] Sandstorm
|-heal|p1a: Weezing|61/100|[from] item: Black Sludge
|-heal|p2a: Gigalith|100/100|[from] item: Leftovers
|upkeep
|turn|17
|
|t:|1664293986
|move|p1a: Weezing|Toxic Spikes|p2a: Gigalith
|-sidestart|p2: RoyalReloaded|move: Toxic Spikes
|move|p2a: Gigalith|Stealth Rock|p1a: Weezing
|-sidestart|p1: sugar ovens|move: Stealth Rock
|
|-weather|Sandstorm|[upkeep]
|-damage|p1a: Weezing|55/100|[from] Sandstorm
|-heal|p1a: Weezing|61/100|[from] item: Black Sludge
|upkeep
|turn|18
|
|t:|1664293992
|-end|p1a: Weezing|ability: Neutralizing Gas
|switch|p1a: Scrafty|Scrafty, F|100/100
|-damage|p1a: Scrafty|95/100|[from] Stealth Rock
|switch|p2a: Charizard|Charizard, M, shiny|59/100
|
|-weather|Sandstorm|[upkeep]
|-damage|p2a: Charizard|53/100|[from] Sandstorm
|-damage|p1a: Scrafty|89/100|[from] Sandstorm
|-heal|p1a: Scrafty|95/100|[from] item: Leftovers
|upkeep
|turn|19
|
|t:|1664294006
|switch|p1a: Gigalith|Gigalith, M|100/100
|-damage|p1a: Gigalith|88/100|[from] Stealth Rock
|move|p2a: Charizard|Roost|p2a: Charizard
|-heal|p2a: Charizard|100/100
|-singleturn|p2a: Charizard|move: Roost
|
|-weather|none
|-heal|p1a: Gigalith|94/100|[from] item: Leftovers
|upkeep
|turn|20
|
|t:|1664294013
|switch|p2a: Perrserker|Perrserker, M|88/100
|-damage|p2a: Perrserker|82/100|[from] Stealth Rock
|move|p1a: Gigalith|Rock Blast|p2a: Perrserker|[miss]
|-miss|p1a: Gigalith|p2a: Perrserker
|
|-heal|p2a: Perrserker|88/100|[from] item: Leftovers
|-heal|p1a: Gigalith|100/100|[from] item: Leftovers
|upkeep
|turn|21
|
|t:|1664294021
|switch|p1a: Charizard|Charizard, F|94/100
|move|p2a: Perrserker|Iron Head|p1a: Charizard
|-resisted|p1a: Charizard
|-crit|p1a: Charizard
|-damage|p1a: Charizard|33/100
|
|-heal|p2a: Perrserker|94/100|[from] item: Leftovers
|upkeep
|turn|22
|
|t:|1664294029
|switch|p2a: Charizard|Charizard, M, shiny|100/100
|move|p1a: Charizard|Roost|p1a: Charizard
|-heal|p1a: Charizard|83/100
|-singleturn|p1a: Charizard|move: Roost
|
|upkeep
|turn|23
|
|t:|1664294035
|move|p2a: Charizard|Defog|p1a: Charizard
|-unboost|p1a: Charizard|evasion|1
|-sideend|p1: sugar ovens|Stealth Rock|[from] move: Defog|[of] p2a: Charizard
|-sideend|p2: RoyalReloaded|Toxic Spikes|[from] move: Defog|[of] p2a: Charizard
|-sideend|p2: RoyalReloaded|Stealth Rock|[from] move: Defog|[of] p2a: Charizard
|move|p1a: Charizard|Toxic|p2a: Charizard|[miss]
|-miss|p1a: Charizard|p2a: Charizard
|
|upkeep
|turn|24
|
|t:|1664294042
|switch|p1a: Gigalith|Gigalith, M|100/100
|-weather|Sandstorm|[from] ability: Sand Stream|[of] p1a: Gigalith
|move|p2a: Charizard|Toxic|p1a: Gigalith
|-status|p1a: Gigalith|tox
|
|-weather|Sandstorm|[upkeep]
|-damage|p2a: Charizard|94/100|[from] Sandstorm
|-damage|p1a: Gigalith|94/100 tox|[from] psn
|upkeep
|turn|25
|
|t:|1664294056
|switch|p2a: Tangela|Tangela, M|37/100 psn
|move|p1a: Gigalith|Stealth Rock|p2a: Tangela
|-sidestart|p2: RoyalReloaded|move: Stealth Rock
|
|-weather|Sandstorm|[upkeep]
|-damage|p2a: Tangela|31/100 psn|[from] Sandstorm
|-heal|p1a: Gigalith|100/100 tox|[from] item: Leftovers
|-damage|p2a: Tangela|18/100 psn|[from] psn
|-damage|p1a: Gigalith|88/100 tox|[from] psn
|upkeep
|turn|26
|
|t:|1664294060
|switch|p2a: Perrserker|Perrserker, M|94/100
|-damage|p2a: Perrserker|88/100|[from] Stealth Rock
|switch|p1a: Weezing|Weezing, M|61/100
|-ability|p1a: Weezing|Neutralizing Gas
|
|-weather|Sandstorm|[upkeep]
|-damage|p1a: Weezing|55/100|[from] Sandstorm
|-heal|p2a: Perrserker|94/100|[from] item: Leftovers
|-heal|p1a: Weezing|61/100|[from] item: Black Sludge
|upkeep
|turn|27
|
|t:|1664294072
|switch|p2a: Charizard|Charizard, M, shiny|94/100
|move|p1a: Weezing|Toxic Spikes|p2a: Charizard
|-sidestart|p2: RoyalReloaded|move: Toxic Spikes
|
|-weather|Sandstorm|[upkeep]
|-damage|p2a: Charizard|88/100|[from] Sandstorm
|-damage|p1a: Weezing|55/100|[from] Sandstorm
|-heal|p1a: Weezing|61/100|[from] item: Black Sludge
|upkeep
|turn|28
|
|t:|1664294083
|move|p2a: Charizard|Defog|p1a: Weezing
|-unboost|p1a: Weezing|evasion|1
|-sideend|p2: RoyalReloaded|Toxic Spikes|[from] move: Defog|[of] p2a: Charizard
|-sideend|p2: RoyalReloaded|Stealth Rock|[from] move: Defog|[of] p2a: Charizard
|move|p1a: Weezing|Sludge Bomb|p2a: Charizard
|-damage|p2a: Charizard|57/100
|
|-weather|none
|-heal|p1a: Weezing|67/100|[from] item: Black Sludge
|upkeep
|turn|29
|
|t:|1664294092
|-end|p1a: Weezing|ability: Neutralizing Gas
|switch|p1a: Gigalith|Gigalith, M|88/100 tox
|-weather|Sandstorm|[from] ability: Sand Stream|[of] p1a: Gigalith
|move|p2a: Charizard|Mystical Fire|p1a: Gigalith
|-resisted|p1a: Gigalith
|-damage|p1a: Gigalith|81/100 tox
|-unboost|p1a: Gigalith|spa|1
|
|-weather|Sandstorm|[upkeep]
|-damage|p2a: Charizard|51/100|[from] Sandstorm
|-heal|p1a: Gigalith|87/100 tox|[from] item: Leftovers
|-damage|p1a: Gigalith|81/100 tox|[from] psn
|upkeep
|turn|30
|
|t:|1664294097
|switch|p2a: Perrserker|Perrserker, M|94/100
|move|p1a: Gigalith|Stealth Rock|p2a: Perrserker
|-sidestart|p2: RoyalReloaded|move: Stealth Rock
|
|-weather|Sandstorm|[upkeep]
|-heal|p2a: Perrserker|99/100|[from] item: Leftovers
|-heal|p1a: Gigalith|87/100 tox|[from] item: Leftovers
|-damage|p1a: Gigalith|75/100 tox|[from] psn
|upkeep
|turn|31
|
|t:|1664294108
|switch|p1a: Charizard|Charizard, F|83/100
|move|p2a: Perrserker|Iron Head|p1a: Charizard
|-resisted|p1a: Charizard
|-damage|p1a: Charizard|44/100
|
|-weather|Sandstorm|[upkeep]
|-damage|p1a: Charizard|38/100|[from] Sandstorm
|-heal|p2a: Perrserker|100/100|[from] item: Leftovers
|upkeep
|turn|32
|
|t:|1664294125
|switch|p2a: Gigalith|Gigalith, M|100/100
|-damage|p2a: Gigalith|88/100|[from] Stealth Rock
|move|p1a: Charizard|Roost|p1a: Charizard
|-heal|p1a: Charizard|88/100
|-singleturn|p1a: Charizard|move: Roost
|
|-weather|Sandstorm|[upkeep]
|-damage|p1a: Charizard|82/100|[from] Sandstorm
|-heal|p2a: Gigalith|94/100|[from] item: Leftovers
|upkeep
|turn|33
|
|t:|1664294136
|switch|p1a: Scrafty|Scrafty, F|95/100
|move|p2a: Gigalith|Earthquake|p1a: Scrafty
|-damage|p1a: Scrafty|65/100
|
|-weather|none
|-heal|p1a: Scrafty|71/100|[from] item: Leftovers
|-heal|p2a: Gigalith|100/100|[from] item: Leftovers
|upkeep
|turn|34
|
|t:|1664294149
|switch|p2a: Charizard|Charizard, M, shiny|51/100
|move|p1a: Scrafty|Knock Off|p2a: Charizard
|-damage|p2a: Charizard|16/100
|-enditem|p2a: Charizard|Heavy-Duty Boots|[from] move: Knock Off|[of] p1a: Scrafty
|
|-heal|p1a: Scrafty|77/100|[from] item: Leftovers
|upkeep
|turn|35
|
|t:|1664294171
|move|p2a: Charizard|Roost|p2a: Charizard
|-heal|p2a: Charizard|66/100
|-singleturn|p2a: Charizard|move: Roost
|move|p1a: Scrafty|Bulk Up|p1a: Scrafty
|-boost|p1a: Scrafty|atk|1
|-boost|p1a: Scrafty|def|1
|
|-heal|p1a: Scrafty|83/100|[from] item: Leftovers
|upkeep
|turn|36
|
|t:|1664294182
|move|p2a: Charizard|Defog|p1a: Scrafty
|-unboost|p1a: Scrafty|evasion|1
|-sideend|p2: RoyalReloaded|Stealth Rock|[from] move: Defog|[of] p2a: Charizard
|move|p1a: Scrafty|Knock Off|p2a: Charizard
|-damage|p2a: Charizard|32/100
|
|-heal|p1a: Scrafty|89/100|[from] item: Leftovers
|upkeep
|turn|37
|
|t:|1664294198
|switch|p2a: Mesprit|Mesprit, shiny|95/100
|move|p1a: Scrafty|Bulk Up|p1a: Scrafty
|-boost|p1a: Scrafty|atk|1
|-boost|p1a: Scrafty|def|1
|
|-heal|p1a: Scrafty|95/100|[from] item: Leftovers
|upkeep
|turn|38
|
|t:|1664294209
|switch|p1a: Eldegoss|Eldegoss, M|99/100
|move|p2a: Mesprit|Dazzling Gleam|p1a: Eldegoss
|-damage|p1a: Eldegoss|78/100
|
|upkeep
|turn|39
|
|t:|1664294219
|switch|p2a: Tangela|Tangela, M|52/100 psn
|switch|p1a: Weezing|Weezing, M|67/100
|-ability|p1a: Weezing|Neutralizing Gas
|
|-heal|p1a: Weezing|73/100|[from] item: Black Sludge
|-damage|p2a: Tangela|39/100 psn|[from] psn
|upkeep
|turn|40
|
|t:|1664294248
|switch|p2a: Mesprit|Mesprit, shiny|95/100
|move|p1a: Weezing|Toxic Spikes|p2a: Mesprit
|-sidestart|p2: RoyalReloaded|move: Toxic Spikes
|
|-heal|p1a: Weezing|79/100|[from] item: Black Sludge
|upkeep
|turn|41
|
|t:|1664294257
|-end|p1a: Weezing|ability: Neutralizing Gas
|switch|p1a: Eldegoss|Eldegoss, M|100/100
|move|p2a: Mesprit|Trick|p1a: Eldegoss
|-activate|p2a: Mesprit|move: Trick|[of] p1a: Eldegoss
|-item|p1a: Eldegoss|Choice Scarf|[from] move: Trick
|-enditem|p2a: Mesprit|Choice Scarf|[silent]|[from] move: Trick
|
|upkeep
|turn|42
|
|t:|1664294274
|switch|p2a: Tangela|Tangela, M|39/100 psn
|move|p1a: Eldegoss|Sleep Powder|p2a: Tangela
|-immune|p2a: Tangela
|
|-damage|p2a: Tangela|27/100 psn|[from] psn
|upkeep
|turn|43
|
|t:|1664294281
|switch|p1a: Weezing|Weezing, M|79/100
|-ability|p1a: Weezing|Neutralizing Gas
|move|p2a: Tangela|Sleep Powder|p1a: Weezing|[miss]
|-miss|p2a: Tangela|p1a: Weezing
|
|-heal|p1a: Weezing|85/100|[from] item: Black Sludge
|-damage|p2a: Tangela|15/100 psn|[from] psn
|upkeep
|turn|44
|
|t:|1664294294
|switch|p2a: Charizard|Charizard, M, shiny|32/100
|move|p1a: Weezing|Sludge Bomb|p2a: Charizard
|-damage|p2a: Charizard|4/100
|-status|p2a: Charizard|psn
|
|-heal|p1a: Weezing|91/100|[from] item: Black Sludge
|-damage|p2a: Charizard|0 fnt|[from] psn
|faint|p2a: Charizard
|upkeep
|
|t:|1664294306
|switch|p2a: Perrserker|Perrserker, M|100/100
|turn|45
|
|t:|1664294328
|-end|p1a: Weezing|ability: Neutralizing Gas
|switch|p1a: Charizard|Charizard, F|82/100
|move|p2a: Perrserker|Substitute|p2a: Perrserker
|-start|p2a: Perrserker|Substitute
|-damage|p2a: Perrserker|76/100
|
|-heal|p2a: Perrserker|82/100|[from] item: Leftovers
|upkeep
|turn|46
|
|t:|1664294334
|move|p1a: Charizard|Flamethrower|p2a: Perrserker
|-supereffective|p2a: Perrserker
|-end|p2a: Perrserker|Substitute
|move|p2a: Perrserker|Iron Head|p1a: Charizard
|-resisted|p1a: Charizard
|-damage|p1a: Charizard|38/100
|
|-heal|p2a: Perrserker|88/100|[from] item: Leftovers
|upkeep
|turn|47
|
|t:|1664294348
|switch|p2a: Gigalith|Gigalith, M|100/100
|-status|p2a: Gigalith|psn
|-weather|Sandstorm|[from] ability: Sand Stream|[of] p2a: Gigalith
|move|p1a: Charizard|Roost|p1a: Charizard
|-heal|p1a: Charizard|88/100
|-singleturn|p1a: Charizard|move: Roost
|
|-weather|Sandstorm|[upkeep]
|-damage|p1a: Charizard|82/100|[from] Sandstorm
|-damage|p2a: Gigalith|88/100 psn|[from] psn
|upkeep
|turn|48
|
|t:|1664294362
|switch|p1a: Scrafty|Scrafty, F|95/100
|move|p2a: Gigalith|Stealth Rock|p1a: Scrafty
|-sidestart|p1: sugar ovens|move: Stealth Rock
|
|-weather|Sandstorm|[upkeep]
|-damage|p1a: Scrafty|89/100|[from] Sandstorm
|-heal|p1a: Scrafty|95/100|[from] item: Leftovers
|-heal|p2a: Gigalith|94/100 psn|[from] item: Leftovers
|-damage|p2a: Gigalith|82/100 psn|[from] psn
|upkeep
|turn|49
|
|t:|1664294371
|switch|p2a: Silvally|Silvally-Fairy|100/100
|-status|p2a: Silvally|psn
|move|p1a: Scrafty|Bulk Up|p1a: Scrafty
|-boost|p1a: Scrafty|atk|1
|-boost|p1a: Scrafty|def|1
|
|-weather|Sandstorm|[upkeep]
|-damage|p2a: Silvally|94/100 psn|[from] Sandstorm
|-damage|p1a: Scrafty|89/100|[from] Sandstorm
|-heal|p1a: Scrafty|95/100|[from] item: Leftovers
|-damage|p2a: Silvally|82/100 psn|[from] psn
|upkeep
|turn|50
|
|t:|1664294382
|switch|p1a: Weezing|Weezing, M|91/100
|-ability|p1a: Weezing|Neutralizing Gas
|-damage|p1a: Weezing|79/100|[from] Stealth Rock
|move|p2a: Silvally|Swords Dance|p2a: Silvally
|-boost|p2a: Silvally|atk|2
|
|-weather|Sandstorm|[upkeep]
|-damage|p2a: Silvally|76/100 psn|[from] Sandstorm
|-damage|p1a: Weezing|73/100|[from] Sandstorm
|-heal|p1a: Weezing|79/100|[from] item: Black Sludge
|-damage|p2a: Silvally|64/100 psn|[from] psn
|upkeep
|turn|51
|
|t:|1664294389
|switch|p2a: Mesprit|Mesprit, shiny|95/100
|-status|p2a: Mesprit|psn
|move|p1a: Weezing|Sludge Bomb|p2a: Mesprit
|-damage|p2a: Mesprit|64/100 psn
|
|-weather|none
|-heal|p1a: Weezing|85/100|[from] item: Black Sludge
|-damage|p2a: Mesprit|51/100 psn|[from] psn
|upkeep
|turn|52
|
|t:|1664294402
|-end|p1a: Weezing|ability: Neutralizing Gas
|switch|p1a: Eldegoss|Eldegoss, M|100/100
|-damage|p1a: Eldegoss|88/100|[from] Stealth Rock
|move|p2a: Mesprit|Psychic|p1a: Eldegoss
|-damage|p1a: Eldegoss|53/100
|
|-damage|p2a: Mesprit|39/100 psn|[from] psn
|upkeep
|turn|53
|
|t:|1664294415
|move|p2a: Mesprit|Psychic|p1a: Eldegoss
|-damage|p1a: Eldegoss|14/100
|move|p1a: Eldegoss|Rapid Spin|p2a: Mesprit
|-damage|p2a: Mesprit|33/100 psn
|-boost|p1a: Eldegoss|spe|1
|-sideend|p1: sugar ovens|Stealth Rock|[from] move: Rapid Spin|[of] p1a: Eldegoss
|
|-damage|p2a: Mesprit|21/100 psn|[from] psn
|upkeep
|turn|54
|
|t:|1664294423
|switch|p1a: Gigalith|Gigalith, M|75/100 tox
|-weather|Sandstorm|[from] ability: Sand Stream|[of] p1a: Gigalith
|move|p2a: Mesprit|Healing Wish|p2a: Mesprit
|faint|p2a: Mesprit
|
|-weather|Sandstorm|[upkeep]
|-heal|p1a: Gigalith|81/100 tox|[from] item: Leftovers
|-damage|p1a: Gigalith|75/100 tox|[from] psn
|upkeep
|
|t:|1664294425
|switch|p2a: Tangela|Tangela, M|15/100 psn
|-heal|p2a: Tangela|100/100|[from] move: Healing Wish
|-status|p2a: Tangela|psn
|turn|55
|
|t:|1664294432
|move|p2a: Tangela|Sleep Powder|p1a: Gigalith|[miss]
|-miss|p2a: Tangela|p1a: Gigalith
|move|p1a: Gigalith|Stealth Rock|p2a: Tangela
|-sidestart|p2: RoyalReloaded|move: Stealth Rock
|
|-weather|Sandstorm|[upkeep]
|-damage|p2a: Tangela|94/100 psn|[from] Sandstorm
|-heal|p1a: Gigalith|81/100 tox|[from] item: Leftovers
|-damage|p2a: Tangela|82/100 psn|[from] psn
|-damage|p1a: Gigalith|69/100 tox|[from] psn
|upkeep
|turn|56
|
|t:|1664294439
|move|p2a: Tangela|Giga Drain|p1a: Gigalith
|-supereffective|p1a: Gigalith
|-damage|p1a: Gigalith|41/100 tox
|-heal|p2a: Tangela|98/100 psn|[from] drain|[of] p1a: Gigalith
|move|p1a: Gigalith|Rock Blast|p2a: Tangela
|-damage|p2a: Tangela|93/100 psn
|-damage|p2a: Tangela|88/100 psn
|-hitcount|p2a: Tangela|2
|
|-weather|Sandstorm|[upkeep]
|-damage|p2a: Tangela|82/100 psn|[from] Sandstorm
|-heal|p1a: Gigalith|47/100 tox|[from] item: Leftovers
|-damage|p2a: Tangela|70/100 psn|[from] psn
|-damage|p1a: Gigalith|29/100 tox|[from] psn
|upkeep
|turn|57
|
|t:|1664294448
|switch|p1a: Scrafty|Scrafty, F|95/100
|move|p2a: Tangela|Giga Drain|p1a: Scrafty
|-damage|p1a: Scrafty|76/100
|-heal|p2a: Tangela|79/100 psn|[from] drain|[of] p1a: Scrafty
|
|-weather|Sandstorm|[upkeep]
|-damage|p1a: Scrafty|70/100|[from] Sandstorm
|-damage|p2a: Tangela|73/100 psn|[from] Sandstorm
|-heal|p1a: Scrafty|76/100|[from] item: Leftovers
|-damage|p2a: Tangela|61/100 psn|[from] psn
|upkeep
|turn|58
|
|t:|1664294460
|switch|p2a: Silvally|Silvally-Fairy|64/100 psn
|-damage|p2a: Silvally|51/100 psn|[from] Stealth Rock
|move|p1a: Scrafty|Bulk Up|p1a: Scrafty
|-boost|p1a: Scrafty|atk|1
|-boost|p1a: Scrafty|def|1
|
|-weather|none
|-heal|p1a: Scrafty|82/100|[from] item: Leftovers
|-damage|p2a: Silvally|39/100 psn|[from] psn
|upkeep
|turn|59
|
|t:|1664294465
|switch|p1a: Gigalith|Gigalith, M|29/100 tox
|-weather|Sandstorm|[from] ability: Sand Stream|[of] p1a: Gigalith
|move|p2a: Silvally|Multi-Attack|p1a: Gigalith
|-damage|p1a: Gigalith|0 fnt
|faint|p1a: Gigalith
|
|-weather|Sandstorm|[upkeep]
|-damage|p2a: Silvally|33/100 psn|[from] Sandstorm
|-damage|p2a: Silvally|20/100 psn|[from] psn
|upkeep
|
|t:|1664294474
|switch|p1a: Weezing|Weezing, M|85/100
|-ability|p1a: Weezing|Neutralizing Gas
|turn|60
|
|t:|1664294478
|move|p2a: Silvally|Multi-Attack|p1a: Weezing
|-resisted|p1a: Weezing
|-damage|p1a: Weezing|67/100
|move|p1a: Weezing|Sludge Bomb|p2a: Silvally
|-supereffective|p2a: Silvally
|-damage|p2a: Silvally|0 fnt
|faint|p2a: Silvally
|
|-weather|Sandstorm|[upkeep]
|-damage|p1a: Weezing|61/100|[from] Sandstorm
|-heal|p1a: Weezing|67/100|[from] item: Black Sludge
|upkeep
|
|t:|1664294483
|switch|p2a: Perrserker|Perrserker, M|88/100
|-damage|p2a: Perrserker|82/100|[from] Stealth Rock
|turn|61
|
|t:|1664294487
|-end|p1a: Weezing|ability: Neutralizing Gas
|switch|p1a: Charizard|Charizard, F|82/100
|move|p2a: Perrserker|Iron Head|p1a: Charizard
|-resisted|p1a: Charizard
|-damage|p1a: Charizard|38/100
|
|-weather|Sandstorm|[upkeep]
|-damage|p1a: Charizard|32/100|[from] Sandstorm
|-heal|p2a: Perrserker|88/100|[from] item: Leftovers
|upkeep
|turn|62
|
|t:|1664294500
|move|p1a: Charizard|Roost|p1a: Charizard
|-heal|p1a: Charizard|82/100
|-singleturn|p1a: Charizard|move: Roost
|move|p2a: Perrserker|Close Combat|p1a: Charizard
|-damage|p1a: Charizard|22/100
|-unboost|p2a: Perrserker|def|1
|-unboost|p2a: Perrserker|spd|1
|
|-weather|Sandstorm|[upkeep]
|-damage|p1a: Charizard|16/100|[from] Sandstorm
|-heal|p2a: Perrserker|94/100|[from] item: Leftovers
|upkeep
|turn|63
|
|t:|1664294514
|move|p1a: Charizard|Flamethrower|p2a: Perrserker
|-supereffective|p2a: Perrserker
|-damage|p2a: Perrserker|0 fnt
|faint|p2a: Perrserker
|
|-weather|none
|upkeep
|
|t:|1664294516
|switch|p2a: Gigalith|Gigalith, M|82/100 psn
|-damage|p2a: Gigalith|70/100 psn|[from] Stealth Rock
|-weather|Sandstorm|[from] ability: Sand Stream|[of] p2a: Gigalith
|turn|64
|c|☆RoyalReloaded|gg
|-message|RoyalReloaded forfeited.
|
|win|sugar ovens
|c|☆sugar ovens|gg
