|inactive|Battle timer is ON: inactive players will automatically lose when time's up.
|t:|1620601328
|gametype|singles
|player|p1|Akame's 1 fan|lass-gen3|
|player|p2|brewfasa|pryce|
|teamsize|p1|6
|teamsize|p2|6
|gen|8
|tier|[Gen 8] PU
|rule|Sleep Clause Mod: Limit one foe put to sleep
|rule|Species Clause: Limit one of each Pokémon
|rule|OHKO Clause: OHKO moves are banned
|rule|Evasion Moves Clause: Evasion moves are banned
|rule|Endless Battle Clause: Forcing endless battles is banned
|rule|HP Percentage Mod: HP is shown in percentages
|rule|Dynamax Clause: You cannot dynamax
|clearpoke
|poke|p1|Kabutops, M|
|poke|p1|Xatu, F|
|poke|p1|Turtonator, M|
|poke|p1|Toxicroak, F|
|poke|p1|Ribombee, F|
|poke|p1|Silvally-*|
|poke|p2|Pincurchin, M|
|poke|p2|Hitmonlee, M|
|poke|p2|Heliolisk, M|
|poke|p2|Appletun, F|
|poke|p2|Palossand, F|
|poke|p2|Centiskorch, M|
|teampreview
|inactive|Akame's 1 fan also wants the timer to be on.
|c|☆Akame's 1 fan|hf
|c|☆brewfasa|u2
|
|t:|1620601354
|start
|switch|p1a: Xatu|Xatu, F|100/100
|switch|p2a: Heliolisk|Heliolisk, M|100/100
|turn|1
|
|t:|1620601366
|move|p2a: Heliolisk|Volt Switch|p1a: Xatu
|-supereffective|p1a: Xatu
|-damage|p1a: Xatu|15/100
|
|t:|1620601378
|switch|p2a: Pincurchin|Pincurchin, M|100/100|[from]move: Volt Switch
|-fieldstart|move: Electric Terrain|[from] ability: Electric Surge|[of] p2a: Pincurchin
|move|p1a: Xatu|Light Screen|p1a: Xatu
|-sidestart|p1: Akame's 1 fan|move: Light Screen
|
|upkeep
|turn|2
|
|t:|1620601393
|switch|p2a: Palossand|Palossand, F|100/100
|move|p1a: Xatu|Reflect|p1a: Xatu
|-sidestart|p1: Akame's 1 fan|Reflect
|
|upkeep
|turn|3
|
|t:|1620601402
|move|p2a: Palossand|Earth Power|p1a: Xatu
|-immune|p1a: Xatu
|move|p1a: Xatu|Teleport|p1a: Xatu
|
|t:|1620601409
|switch|p1a: Turtonator|Turtonator, M|100/100|[from]move: Teleport
|
|upkeep
|turn|4
|
|t:|1620601418
|move|p1a: Turtonator|Shell Smash|p1a: Turtonator
|-unboost|p1a: Turtonator|def|1
|-unboost|p1a: Turtonator|spd|1
|-boost|p1a: Turtonator|atk|2
|-boost|p1a: Turtonator|spa|2
|-boost|p1a: Turtonator|spe|2
|move|p2a: Palossand|Earth Power|p1a: Turtonator
|-supereffective|p1a: Turtonator
|-damage|p1a: Turtonator|33/100
|
|upkeep
|turn|5
|inactive|Akame's 1 fan has 270 seconds left.
|
|t:|1620601448
|move|p1a: Turtonator|Draco Meteor|p2a: Palossand
|-damage|p2a: Palossand|0 fnt
|-unboost|p1a: Turtonator|spa|2
|faint|p2a: Palossand
|
|upkeep
|inactive|brewfasa has 270 seconds left.
|inactive|brewfasa has 240 seconds left.
|
|t:|1620601511
|switch|p2a: Heliolisk|Heliolisk, M|100/100
|turn|6
|
|t:|1620601517
|move|p1a: Turtonator|Fire Blast|p2a: Heliolisk
|-damage|p2a: Heliolisk|24/100
|move|p2a: Heliolisk|Rising Voltage|p1a: Turtonator
|-resisted|p1a: Turtonator
|-damage|p1a: Turtonator|0 fnt
|faint|p1a: Turtonator
|
|upkeep
|inactive|Akame's 1 fan has 270 seconds left.
|
|t:|1620601556
|switch|p1a: Ribombee|Ribombee, F|100/100
|turn|7
|inactive|brewfasa has 240 seconds left.
|
|t:|1620601565
|move|p1a: Ribombee|Psychic|p2a: Heliolisk
|-damage|p2a: Heliolisk|0 fnt
|faint|p2a: Heliolisk
|
|upkeep
|inactive|brewfasa has 240 seconds left.
|
|t:|1620601573
|switch|p2a: Centiskorch|Centiskorch, M|100/100
|turn|8
|inactive|Akame's 1 fan has 270 seconds left.
|inactive|brewfasa has 240 seconds left.
|
|t:|1620601613
|switch|p1a: Xatu|Xatu, F|15/100
|move|p2a: Centiskorch|Fire Lash|p1a: Xatu
|-damage|p1a: Xatu|0 fnt
|faint|p1a: Xatu
|
|-sideend|p1: Akame's 1 fan|move: Light Screen
|-fieldend|move: Electric Terrain
|upkeep
|
|t:|1620601615
|switch|p1a: Kabutops|Kabutops, M|100/100
|turn|9
|inactive|brewfasa has 240 seconds left.
|
|t:|1620601639
|move|p1a: Kabutops|Stone Edge|p2a: Centiskorch
|-supereffective|p2a: Centiskorch
|-damage|p2a: Centiskorch|0 fnt
|faint|p2a: Centiskorch
|
|-sideend|p1: Akame's 1 fan|Reflect
|upkeep
|
|t:|1620601645
|switch|p2a: Pincurchin|Pincurchin, M|100/100
|-fieldstart|move: Electric Terrain|[from] ability: Electric Surge|[of] p2a: Pincurchin
|turn|10
|inactive|Akame's 1 fan has 270 seconds left.
|
|t:|1620601680
|move|p1a: Kabutops|Stone Edge|p2a: Pincurchin
|-damage|p2a: Pincurchin|52/100
|move|p2a: Pincurchin|Rising Voltage|p1a: Kabutops
|-supereffective|p1a: Kabutops
|-damage|p1a: Kabutops|0 fnt
|faint|p1a: Kabutops
|
|upkeep
|inactive|Akame's 1 fan has 240 seconds left.
|inactive|Akame's 1 fan has 210 seconds left.
|inactive|Akame's 1 fan has 180 seconds left.
|inactive|Akame's 1 fan has 150 seconds left.
|
|t:|1620601793
|switch|p1a: Ribombee|Ribombee, F|100/100
|turn|11
|
|t:|1620601800
|switch|p2a: Hitmonlee|Hitmonlee, M|100/100
|-enditem|p2a: Hitmonlee|Electric Seed
|-boost|p2a: Hitmonlee|def|1|[from] item: Electric Seed
|move|p1a: Ribombee|Quiver Dance|p1a: Ribombee
|-boost|p1a: Ribombee|spa|1
|-boost|p1a: Ribombee|spd|1
|-boost|p1a: Ribombee|spe|1
|
|upkeep
|turn|12
|
|t:|1620601809
|move|p1a: Ribombee|Moonblast|p2a: Hitmonlee
|-supereffective|p2a: Hitmonlee
|-damage|p2a: Hitmonlee|0 fnt
|faint|p2a: Hitmonlee
|
|upkeep
|c|☆brewfasa|ggs
|-message|brewfasa forfeited.
|
|win|Akame's 1 fan
|c|☆Akame's 1 fan|gg
