|inactive|Battle timer is ON: inactive players will automatically lose when time's up.
|t:|1656225940
|gametype|singles
|player|p1|chlo|#chlo|
|player|p2|wild drud|richboy-gen4|
|teamsize|p1|6
|teamsize|p2|6
|gen|8
|tier|[Gen 8] PU
|rule|Sleep Clause Mod: Limit one foe put to sleep
|rule|Species Clause: Limit one of each Pokémon
|rule|OHKO Clause: OHKO moves are banned
|rule|Evasion Moves Clause: Evasion moves are banned
|rule|Endless Battle Clause: Forcing endless battles is banned
|rule|HP Percentage Mod: HP is shown in percentages
|rule|Dynamax Clause: You cannot dynamax
|clearpoke
|poke|p1|Lycanroc, M|
|poke|p1|Comfey, F|
|poke|p1|Charizard, F|
|poke|p1|Wishiwashi, F|
|poke|p1|Trevenant, M|
|poke|p1|Aggron, M|
|poke|p2|Gourgeist-*, M|
|poke|p2|Archeops, M|
|poke|p2|Jellicent, M|
|poke|p2|Aggron, F|
|poke|p2|Silvally-*|
|poke|p2|Garbodor, F|
|teampreview
|inactive|wild drud also wants the timer to be on.
|c|☆chlo|hfhf
|c|☆wild drud|u2
|c|+omicorio|swiss?
|c|☆chlo|ja
|
|t:|1656225965
|start
|switch|p1a: Wishiwashi|Wishiwashi, F|100/100
|switch|p2a: DUKE DEUCE|Gourgeist-Small, M, shiny|100/100
|-item|p1a: Wishiwashi|Leftovers|[from] ability: Frisk|[of] p2a: DUKE DEUCE|[identify]
|-formechange|p1a: Wishiwashi|Wishiwashi-School||[from] ability: Schooling
|turn|1
|
|t:|1656225993
|switch|p1a: Comfey|Comfey, F|100/100
|move|p2a: DUKE DEUCE|Poltergeist|p1a: Comfey
|-activate|p1a: Comfey|move: Poltergeist|Heavy-Duty Boots
|-damage|p1a: Comfey|51/100
|-damage|p2a: DUKE DEUCE|91/100|[from] item: Life Orb
|
|upkeep
|turn|2
|
|t:|1656226000
|switch|p2a: YAH YAH YAH YAH|Aggron, F, shiny|100/100
|move|p1a: Comfey|Synthesis|p1a: Comfey
|-heal|p1a: Comfey|100/100
|
|upkeep
|turn|3
|
|t:|1656226006
|move|p1a: Comfey|U-turn|p2a: YAH YAH YAH YAH
|-resisted|p2a: YAH YAH YAH YAH
|-damage|p2a: YAH YAH YAH YAH|98/100
|
|t:|1656226010
|switch|p1a: Wishiwashi|Wishiwashi, F|100/100|[from]move: U-turn
|-formechange|p1a: Wishiwashi|Wishiwashi-School||[from] ability: Schooling
|move|p2a: YAH YAH YAH YAH|Stealth Rock|p1a: Wishiwashi
|-sidestart|p1: chlo|move: Stealth Rock
|
|-heal|p2a: YAH YAH YAH YAH|100/100|[from] item: Leftovers
|upkeep
|turn|4
|
|t:|1656226017
|switch|p2a: BACK 2 BACK|Jellicent, M, shiny|100/100
|move|p1a: Wishiwashi|U-turn|p2a: BACK 2 BACK
|-resisted|p2a: BACK 2 BACK
|-damage|p2a: BACK 2 BACK|91/100
|
|t:|1656226024
|switch|p1a: Trevenant|Trevenant, M|100/100|[from]move: U-turn
|-damage|p1a: Trevenant|88/100|[from] Stealth Rock
|
|upkeep
|turn|5
|
|t:|1656226029
|switch|p2a: BREAK THE LAW|Garbodor, F, shiny|100/100
|move|p1a: Trevenant|Poltergeist|p2a: BREAK THE LAW
|-activate|p2a: BREAK THE LAW|move: Poltergeist|Rocky Helmet
|-damage|p2a: BREAK THE LAW|24/100
|
|upkeep
|turn|6
|
|t:|1656226042
|move|p2a: BREAK THE LAW|Corrosive Gas|p1a: Trevenant
|-enditem|p1a: Trevenant|Choice Band|[from] move: Corrosive Gas|[of] p2a: BREAK THE LAW
|move|p1a: Trevenant|Poltergeist|p2a: BREAK THE LAW
|-activate|p2a: BREAK THE LAW|move: Poltergeist|Rocky Helmet
|-damage|p2a: BREAK THE LAW|0 fnt
|faint|p2a: BREAK THE LAW
|
|upkeep
|
|t:|1656226061
|switch|p2a: KICK THE DOOR|Silvally-Fairy|100/100
|turn|7
|
|t:|1656226073
|switch|p1a: Aggron|Aggron, M|100/100
|-damage|p1a: Aggron|94/100|[from] Stealth Rock
|move|p2a: KICK THE DOOR|Multi-Attack|p1a: Aggron
|-resisted|p1a: Aggron
|-damage|p1a: Aggron|79/100
|
|-heal|p1a: Aggron|85/100|[from] item: Leftovers
|upkeep
|turn|8
|
|t:|1656226083
|move|p2a: KICK THE DOOR|U-turn|p1a: Aggron
|-resisted|p1a: Aggron
|-damage|p1a: Aggron|79/100
|
|t:|1656226086
|switch|p2a: BACK 2 BACK|Jellicent, M, shiny|91/100|[from]move: U-turn
|move|p1a: Aggron|Head Smash|p2a: BACK 2 BACK|[miss]
|-miss|p1a: Aggron|p2a: BACK 2 BACK
|
|-heal|p1a: Aggron|85/100|[from] item: Leftovers
|upkeep
|turn|9
|inactive|wild drud has 270 seconds left.
|
|t:|1656226122
|switch|p2a: KICK THE DOOR|Silvally-Fairy|100/100
|move|p1a: Aggron|Protect||[still]
|-fail|p1a: Aggron
|
|-heal|p1a: Aggron|91/100|[from] item: Leftovers
|upkeep
|turn|10
|
|t:|1656226128
|move|p2a: KICK THE DOOR|U-turn|p1a: Aggron
|-resisted|p1a: Aggron
|-damage|p1a: Aggron|85/100
|
|t:|1656226130
|switch|p2a: BACK 2 BACK|Jellicent, M, shiny|91/100|[from]move: U-turn
|move|p1a: Aggron|Head Smash|p2a: BACK 2 BACK
|-damage|p2a: BACK 2 BACK|48/100
|
|-heal|p1a: Aggron|91/100|[from] item: Leftovers
|upkeep
|turn|11
|
|t:|1656226137
|switch|p1a: Trevenant|Trevenant, M|88/100
|-damage|p1a: Trevenant|76/100|[from] Stealth Rock
|move|p2a: BACK 2 BACK|Recover|p2a: BACK 2 BACK
|-heal|p2a: BACK 2 BACK|98/100
|
|upkeep
|turn|12
|
|t:|1656226151
|move|p1a: Trevenant|Wood Hammer|p2a: BACK 2 BACK
|-supereffective|p2a: BACK 2 BACK
|-damage|p2a: BACK 2 BACK|7/100
|-damage|p1a: Trevenant|37/100|[from] Recoil
|move|p2a: BACK 2 BACK|Toxic|p1a: Trevenant
|-status|p1a: Trevenant|tox
|
|-damage|p1a: Trevenant|31/100 tox|[from] psn
|upkeep
|turn|13
|
|t:|1656226159
|move|p1a: Trevenant|Horn Leech|p2a: BACK 2 BACK
|-supereffective|p2a: BACK 2 BACK
|-damage|p2a: BACK 2 BACK|0 fnt
|-heal|p1a: Trevenant|35/100 tox|[from] drain|[of] p2a: BACK 2 BACK
|faint|p2a: BACK 2 BACK
|
|-damage|p1a: Trevenant|23/100 tox|[from] psn
|upkeep
|
|t:|1656226162
|switch|p2a: CRUNK AINT DEAD|Archeops, M|100/100
|turn|14
|
|t:|1656226169
|move|p2a: CRUNK AINT DEAD|Stone Edge|p1a: Trevenant
|-damage|p1a: Trevenant|0 fnt
|faint|p1a: Trevenant
|
|upkeep
|
|t:|1656226175
|switch|p1a: Wishiwashi|Wishiwashi, F|100/100
|-damage|p1a: Wishiwashi|88/100|[from] Stealth Rock
|-formechange|p1a: Wishiwashi|Wishiwashi-School||[from] ability: Schooling
|turn|15
|
|t:|1656226183
|move|p2a: CRUNK AINT DEAD|U-turn|p1a: Wishiwashi
|-damage|p1a: Wishiwashi|68/100
|
|t:|1656226185
|switch|p2a: DUKE DEUCE|Gourgeist-Small, M, shiny|91/100|[from]move: U-turn
|-item|p1a: Wishiwashi|Leftovers|[from] ability: Frisk|[of] p2a: DUKE DEUCE|[identify]
|move|p1a: Wishiwashi|U-turn|p2a: DUKE DEUCE
|-damage|p2a: DUKE DEUCE|68/100
|
|t:|1656226191
|switch|p1a: Charizard|Charizard, F|100/100|[from]move: U-turn
|
|upkeep
|turn|16
|
|t:|1656226195
|switch|p2a: YAH YAH YAH YAH|Aggron, F, shiny|100/100
|move|p1a: Charizard|Toxic|p2a: YAH YAH YAH YAH
|-immune|p2a: YAH YAH YAH YAH
|
|upkeep
|turn|17
|
|t:|1656226205
|move|p1a: Charizard|Flamethrower|p2a: YAH YAH YAH YAH
|-crit|p2a: YAH YAH YAH YAH
|-damage|p2a: YAH YAH YAH YAH|35/100
|move|p2a: YAH YAH YAH YAH|Head Smash|p1a: Charizard
|-supereffective|p1a: Charizard
|-damage|p1a: Charizard|0 fnt
|faint|p1a: Charizard
|
|-heal|p2a: YAH YAH YAH YAH|41/100|[from] item: Leftovers
|upkeep
|
|t:|1656226214
|switch|p1a: Lycanroc|Lycanroc, M|100/100
|-damage|p1a: Lycanroc|88/100|[from] Stealth Rock
|turn|18
|
|t:|1656226219
|move|p1a: Lycanroc|Close Combat|p2a: YAH YAH YAH YAH
|-supereffective|p2a: YAH YAH YAH YAH
|-damage|p2a: YAH YAH YAH YAH|0 fnt
|-unboost|p1a: Lycanroc|def|1
|-unboost|p1a: Lycanroc|spd|1
|faint|p2a: YAH YAH YAH YAH
|
|upkeep
|
|t:|1656226221
|switch|p2a: KICK THE DOOR|Silvally-Fairy|100/100
|turn|19
|
|t:|1656226231
|switch|p1a: Aggron|Aggron, M|91/100
|-damage|p1a: Aggron|85/100|[from] Stealth Rock
|move|p2a: KICK THE DOOR|U-turn|p1a: Aggron
|-resisted|p1a: Aggron
|-damage|p1a: Aggron|80/100
|
|t:|1656226233
|switch|p2a: CRUNK AINT DEAD|Archeops, M|100/100|[from]move: U-turn
|
|-heal|p1a: Aggron|86/100|[from] item: Leftovers
|upkeep
|turn|20
|
|t:|1656226240
|move|p1a: Aggron|Protect|p1a: Aggron
|-singleturn|p1a: Aggron|Protect
|move|p2a: CRUNK AINT DEAD|Earthquake|p1a: Aggron
|-activate|p1a: Aggron|move: Protect
|
|-heal|p1a: Aggron|92/100|[from] item: Leftovers
|upkeep
|turn|21
|
|t:|1656226244
|switch|p1a: Comfey|Comfey, F|100/100
|move|p2a: CRUNK AINT DEAD|Earthquake|p1a: Comfey
|-damage|p1a: Comfey|69/100
|
|upkeep
|turn|22
|
|t:|1656226250
|move|p2a: CRUNK AINT DEAD|Stone Edge|p1a: Comfey
|-damage|p1a: Comfey|18/100
|move|p1a: Comfey|Synthesis|p1a: Comfey
|-heal|p1a: Comfey|67/100
|
|upkeep
|turn|23
|
|t:|1656226255
|move|p2a: CRUNK AINT DEAD|Stone Edge|p1a: Comfey
|-damage|p1a: Comfey|19/100
|move|p1a: Comfey|Synthesis|p1a: Comfey
|-heal|p1a: Comfey|69/100
|
|upkeep
|turn|24
|
|t:|1656226257
|move|p2a: CRUNK AINT DEAD|Stone Edge|p1a: Comfey
|-crit|p1a: Comfey
|-damage|p1a: Comfey|2/100
|move|p1a: Comfey|Synthesis|p1a: Comfey
|-heal|p1a: Comfey|52/100
|
|upkeep
|turn|25
|
|t:|1656226279
|move|p2a: CRUNK AINT DEAD|Stone Edge|p1a: Comfey
|-crit|p1a: Comfey
|-damage|p1a: Comfey|0 fnt
|faint|p1a: Comfey
|
|upkeep
|
|t:|1656226284
|switch|p1a: Wishiwashi|Wishiwashi, F|68/100
|-damage|p1a: Wishiwashi|56/100|[from] Stealth Rock
|-formechange|p1a: Wishiwashi|Wishiwashi-School||[from] ability: Schooling
|turn|26
|
|t:|1656226289
|move|p2a: CRUNK AINT DEAD|U-turn|p1a: Wishiwashi
|-damage|p1a: Wishiwashi|35/100
|
|t:|1656226291
|switch|p2a: DUKE DEUCE|Gourgeist-Small, M, shiny|68/100|[from]move: U-turn
|-item|p1a: Wishiwashi|Leftovers|[from] ability: Frisk|[of] p2a: DUKE DEUCE|[identify]
|move|p1a: Wishiwashi|Scald|p2a: DUKE DEUCE
|-resisted|p2a: DUKE DEUCE
|-damage|p2a: DUKE DEUCE|35/100
|
|-heal|p1a: Wishiwashi|41/100|[from] item: Leftovers
|upkeep
|turn|27
|
|t:|1656226296
|move|p2a: DUKE DEUCE|Power Whip|p1a: Wishiwashi
|-supereffective|p1a: Wishiwashi
|-damage|p1a: Wishiwashi|0 fnt
|faint|p1a: Wishiwashi
|-damage|p2a: DUKE DEUCE|25/100|[from] item: Life Orb
|
|upkeep
|
|t:|1656226303
|switch|p1a: Lycanroc|Lycanroc, M|88/100
|-damage|p1a: Lycanroc|76/100|[from] Stealth Rock
|turn|28
|
|t:|1656226312
|move|p2a: DUKE DEUCE|Shadow Sneak|p1a: Lycanroc
|-damage|p1a: Lycanroc|42/100
|-damage|p2a: DUKE DEUCE|15/100|[from] item: Life Orb
|move|p1a: Lycanroc|Accelerock|p2a: DUKE DEUCE
|-damage|p2a: DUKE DEUCE|0 fnt
|faint|p2a: DUKE DEUCE
|
|upkeep
|
|t:|1656226341
|switch|p2a: KICK THE DOOR|Silvally-Fairy|100/100
|turn|29
|
|t:|1656226343
|move|p1a: Lycanroc|Stone Edge|p2a: KICK THE DOOR
|-damage|p2a: KICK THE DOOR|29/100
|move|p2a: KICK THE DOOR|U-turn|p1a: Lycanroc
|-damage|p1a: Lycanroc|11/100
|
|t:|1656226348
|switch|p2a: CRUNK AINT DEAD|Archeops, M|100/100|[from]move: U-turn
|
|upkeep
|turn|30
|
|t:|1656226366
|switch|p2a: KICK THE DOOR|Silvally-Fairy|29/100
|move|p1a: Lycanroc|Accelerock|p2a: KICK THE DOOR
|-damage|p2a: KICK THE DOOR|3/100
|
|upkeep
|turn|31
|
|t:|1656226370
|move|p1a: Lycanroc|Accelerock|p2a: KICK THE DOOR
|-damage|p2a: KICK THE DOOR|0 fnt
|faint|p2a: KICK THE DOOR
|
|upkeep
|
|t:|1656226372
|switch|p2a: CRUNK AINT DEAD|Archeops, M|100/100
|turn|32
|c|☆wild drud|what item is that
|
|t:|1656226376
|move|p1a: Lycanroc|Accelerock|p2a: CRUNK AINT DEAD
|-supereffective|p2a: CRUNK AINT DEAD
|-damage|p2a: CRUNK AINT DEAD|19/100
|move|p2a: CRUNK AINT DEAD|Earthquake|p1a: Lycanroc
|-supereffective|p1a: Lycanroc
|-damage|p1a: Lycanroc|0 fnt
|faint|p1a: Lycanroc
|
|upkeep
|c|☆chlo|hard stone
|c|☆chlo|gg
|c|☆wild drud|ah
|
|t:|1656226383
|switch|p1a: Aggron|Aggron, M|92/100
|-damage|p1a: Aggron|86/100|[from] Stealth Rock
|turn|33
|c|☆wild drud|gg
|
|t:|1656226405
|move|p2a: CRUNK AINT DEAD|Roost|p2a: CRUNK AINT DEAD
|-heal|p2a: CRUNK AINT DEAD|70/100
|-singleturn|p2a: CRUNK AINT DEAD|move: Roost
|move|p1a: Aggron|Body Press|p2a: CRUNK AINT DEAD
|-supereffective|p2a: CRUNK AINT DEAD
|-crit|p2a: CRUNK AINT DEAD
|-damage|p2a: CRUNK AINT DEAD|0 fnt
|faint|p2a: CRUNK AINT DEAD
|
|win|chlo
