|inactive|Battle timer is ON: inactive players will automatically lose when time's up.
|t:|1664112025
|gametype|singles
|player|p1|avarice|#avarice|
|player|p2|Lambovino|#scl2spartans|
|teamsize|p1|6
|teamsize|p2|6
|gen|8
|tier|[Gen 8] PU
|rule|Sleep Clause Mod: Limit one foe put to sleep
|rule|Species Clause: Limit one of each Pokémon
|rule|OHKO Clause: OHKO moves are banned
|rule|Evasion Items Clause: Evasion items are banned
|rule|Evasion Moves Clause: Evasion moves are banned
|rule|Endless Battle Clause: Forcing endless battles is banned
|rule|HP Percentage Mod: HP is shown in percentages
|rule|Dynamax Clause: You cannot dynamax
|clearpoke
|poke|p1|Comfey, F|
|poke|p1|Coalossal, F|
|poke|p1|Swoobat, M|
|poke|p1|Wishiwashi, F|
|poke|p1|Hitmonlee, M|
|poke|p1|Thwackey, F|
|poke|p2|Mareanie, M|
|poke|p2|Shiftry, M|
|poke|p2|Charizard, F|
|poke|p2|Ferroseed, F|
|poke|p2|Rhydon, M|
|poke|p2|Ribombee, M|
|teampreview
|c|☆Lambovino|hf
|c|☆avarice|hf
|c|+A HERO'S DESTINY|bom dia
|
|t:|1664112053
|start
|switch|p1a: BRAZIL|Thwackey, F|100/100
|switch|p2a: Mareanie|Mareanie, M|100/100
|-fieldstart|move: Grassy Terrain|[from] ability: Grassy Surge|[of] p1a: BRAZIL
|turn|1
|
|t:|1664112056
|move|p1a: BRAZIL|Knock Off|p2a: Mareanie
|-damage|p2a: Mareanie|79/100
|-enditem|p2a: Mareanie|Eviolite|[from] move: Knock Off|[of] p1a: BRAZIL
|move|p2a: Mareanie|Toxic Spikes|p1a: BRAZIL
|-sidestart|p1: avarice|move: Toxic Spikes
|
|-heal|p2a: Mareanie|85/100|[from] Grassy Terrain
|upkeep
|turn|2
|inactive|avarice has 270 seconds left.
|
|t:|1664112099
|move|p1a: BRAZIL|U-turn|p2a: Mareanie
|-resisted|p2a: Mareanie
|-damage|p2a: Mareanie|74/100
|
|t:|1664112103
|switch|p1a: BETHLEHEM|Coalossal, F|100/100|[from]move: U-turn
|move|p2a: Mareanie|Knock Off|p1a: BETHLEHEM
|-damage|p1a: BETHLEHEM|92/100
|-enditem|p1a: BETHLEHEM|Heavy-Duty Boots|[from] move: Knock Off|[of] p2a: Mareanie
|
|-heal|p2a: Mareanie|80/100|[from] Grassy Terrain
|-heal|p1a: BETHLEHEM|98/100|[from] Grassy Terrain
|upkeep
|turn|3
|inactive|avarice has 270 seconds left.
|
|t:|1664112121
|switch|p2a: Rhydon|Rhydon, M|100/100
|move|p1a: BETHLEHEM|Rapid Spin|p2a: Rhydon
|-resisted|p2a: Rhydon
|-damage|p2a: Rhydon|98/100
|-boost|p1a: BETHLEHEM|spe|1
|-sideend|p1: avarice|Toxic Spikes|[from] move: Rapid Spin|[of] p1a: BETHLEHEM
|
|-heal|p2a: Rhydon|100/100|[from] Grassy Terrain
|-heal|p1a: BETHLEHEM|100/100|[from] Grassy Terrain
|upkeep
|turn|4
|inactive|avarice has 270 seconds left.
|
|t:|1664112133
|switch|p1a: HUMONGOUS|Wishiwashi, F|100/100
|-formechange|p1a: HUMONGOUS|Wishiwashi-School||[from] ability: Schooling
|move|p2a: Rhydon|Stealth Rock|p1a: HUMONGOUS
|-sidestart|p1: avarice|move: Stealth Rock
|
|upkeep
|turn|5
|
|t:|1664112150
|switch|p2a: Ferroseed|Ferroseed, F|100/100
|move|p1a: HUMONGOUS|Hydro Pump|p2a: Ferroseed
|-resisted|p2a: Ferroseed
|-damage|p2a: Ferroseed|68/100
|
|-heal|p2a: Ferroseed|74/100|[from] Grassy Terrain
|upkeep
|turn|6
|
|t:|1664112157
|move|p1a: HUMONGOUS|Hydro Pump|p2a: Ferroseed
|-resisted|p2a: Ferroseed
|-damage|p2a: Ferroseed|44/100
|move|p2a: Ferroseed|Toxic|p1a: HUMONGOUS
|-status|p1a: HUMONGOUS|tox
|
|-heal|p2a: Ferroseed|50/100|[from] Grassy Terrain
|-damage|p1a: HUMONGOUS|94/100 tox|[from] psn
|upkeep
|turn|7
|inactive|avarice has 270 seconds left.
|inactive|Lambovino has 270 seconds left.
|
|t:|1664112208
|move|p1a: HUMONGOUS|Hydro Pump|p2a: Ferroseed
|-resisted|p2a: Ferroseed
|-damage|p2a: Ferroseed|17/100
|move|p2a: Ferroseed|Knock Off|p1a: HUMONGOUS
|-damage|p1a: HUMONGOUS|79/100 tox
|-enditem|p1a: HUMONGOUS|Choice Specs|[from] move: Knock Off|[of] p2a: Ferroseed
|
|-heal|p1a: HUMONGOUS|85/100 tox|[from] Grassy Terrain
|-heal|p2a: Ferroseed|23/100|[from] Grassy Terrain
|-damage|p1a: HUMONGOUS|73/100 tox|[from] psn
|upkeep
|turn|8
|inactive|avarice has 270 seconds left.
|inactive|avarice has 240 seconds left.
|
|t:|1664112246
|move|p1a: HUMONGOUS|Ice Beam|p2a: Ferroseed
|-damage|p2a: Ferroseed|2/100
|move|p2a: Ferroseed|Rest|p2a: Ferroseed
|-status|p2a: Ferroseed|slp|[from] move: Rest
|-heal|p2a: Ferroseed|100/100 slp|[silent]
|
|-heal|p1a: HUMONGOUS|79/100 tox|[from] Grassy Terrain
|-damage|p1a: HUMONGOUS|61/100 tox|[from] psn
|-fieldend|move: Grassy Terrain
|upkeep
|turn|9
|inactive|avarice has 240 seconds left.
|inactive|Lambovino has 240 seconds left.
|
|t:|1664112266
|move|p1a: HUMONGOUS|U-turn|p2a: Ferroseed
|-damage|p2a: Ferroseed|82/100 slp
|-damage|p1a: HUMONGOUS|49/100 tox|[from] ability: Iron Barbs|[of] p2a: Ferroseed
|
|t:|1664112270
|switch|p1a: BETHLEHEM|Coalossal, F|100/100|[from]move: U-turn
|-damage|p1a: BETHLEHEM|75/100|[from] Stealth Rock
|cant|p2a: Ferroseed|slp
|
|upkeep
|turn|10
|
|t:|1664112279
|switch|p2a: Rhydon|Rhydon, M|100/100
|move|p1a: BETHLEHEM|Stealth Rock|p2a: Rhydon
|-sidestart|p2: Lambovino|move: Stealth Rock
|
|upkeep
|turn|11
|inactive|avarice has 240 seconds left.
|inactive|Lambovino has 240 seconds left.
|inactive|Lambovino has 210 seconds left.
|
|t:|1664112338
|switch|p1a: HUMONGOUS|Wishiwashi, F|49/100 tox
|-damage|p1a: HUMONGOUS|36/100 tox|[from] Stealth Rock
|-formechange|p1a: HUMONGOUS|Wishiwashi-School||[from] ability: Schooling
|move|p2a: Rhydon|Heat Crash|p1a: HUMONGOUS
|-resisted|p1a: HUMONGOUS
|-damage|p1a: HUMONGOUS|30/100 tox
|
|-damage|p1a: HUMONGOUS|23/100 tox|[from] psn
|-formechange|p1a: HUMONGOUS|Wishiwashi||[from] ability: Schooling
|upkeep
|turn|12
|inactive|Lambovino has 210 seconds left.
|inactive|Lambovino has 180 seconds left.
|inactive|avarice has 210 seconds left.
|inactive|Lambovino has 150 seconds left.
|
|t:|1664112431
|switch|p2a: Shiftry|Shiftry, M|100/100
|move|p1a: HUMONGOUS|Hydro Pump|p2a: Shiftry|[miss]
|-miss|p1a: HUMONGOUS|p2a: Shiftry
|
|-damage|p1a: HUMONGOUS|11/100 tox|[from] psn
|upkeep
|turn|13
|
|t:|1664112435
|move|p2a: Shiftry|Nasty Plot|p2a: Shiftry
|-boost|p2a: Shiftry|spa|2
|move|p1a: HUMONGOUS|U-turn|p2a: Shiftry
|-supereffective|p2a: Shiftry
|-damage|p2a: Shiftry|69/100
|inactive|avarice has 210 seconds left.
|inactive|avarice has 180 seconds left.
|inactive|avarice has 150 seconds left.
|
|t:|1664112523
|switch|p1a: BRAZIL|Thwackey, F|100/100|[from]move: U-turn
|-damage|p1a: BRAZIL|88/100|[from] Stealth Rock
|-fieldstart|move: Grassy Terrain|[from] ability: Grassy Surge|[of] p1a: BRAZIL
|
|-heal|p2a: Shiftry|76/100|[from] Grassy Terrain
|-heal|p1a: BRAZIL|94/100|[from] Grassy Terrain
|upkeep
|turn|14
|inactive|Lambovino has 150 seconds left.
|
|t:|1664112546
|switch|p1a: HUMONGOUS|Wishiwashi, F|11/100 tox
|-damage|p1a: HUMONGOUS|0 fnt|[from] Stealth Rock
|faint|p1a: HUMONGOUS
|move|p2a: Shiftry|Leaf Storm|p1: HUMONGOUS|[notarget]
|-fail|p2a: Shiftry
|
|-heal|p2a: Shiftry|82/100|[from] Grassy Terrain
|upkeep
|
|t:|1664112550
|switch|p1a: ISOMBARD|Hitmonlee, M|100/100
|-damage|p1a: ISOMBARD|94/100|[from] Stealth Rock
|-enditem|p1a: ISOMBARD|Grassy Seed
|-boost|p1a: ISOMBARD|def|1|[from] item: Grassy Seed
|turn|15
|inactive|avarice has 150 seconds left.
|
|t:|1664112579
|switch|p2a: Mareanie|Mareanie, M|100/100
|-damage|p2a: Mareanie|88/100|[from] Stealth Rock
|move|p1a: ISOMBARD|Close Combat|p2a: Mareanie
|-resisted|p2a: Mareanie
|-damage|p2a: Mareanie|52/100
|-unboost|p1a: ISOMBARD|def|1
|-unboost|p1a: ISOMBARD|spd|1
|
|-heal|p1a: ISOMBARD|100/100|[from] Grassy Terrain
|-heal|p2a: Mareanie|58/100|[from] Grassy Terrain
|upkeep
|turn|16
|inactive|Lambovino has 150 seconds left.
|
|t:|1664112590
|move|p1a: ISOMBARD|Bulk Up|p1a: ISOMBARD
|-boost|p1a: ISOMBARD|atk|1
|-boost|p1a: ISOMBARD|def|1
|move|p2a: Mareanie|Recover|p2a: Mareanie
|-heal|p2a: Mareanie|100/100
|
|upkeep
|turn|17
|
|t:|1664112598
|move|p1a: ISOMBARD|Rock Slide|p2a: Mareanie
|-damage|p2a: Mareanie|59/100
|cant|p2a: Mareanie|flinch
|
|-heal|p2a: Mareanie|65/100|[from] Grassy Terrain
|upkeep
|turn|18
|inactive|Lambovino has 150 seconds left.
|
|t:|1664112620
|move|p1a: ISOMBARD|Rock Slide|p2a: Mareanie
|-damage|p2a: Mareanie|21/100
|move|p2a: Mareanie|Haze|p2a: Mareanie
|-clearallboost
|
|-heal|p2a: Mareanie|27/100|[from] Grassy Terrain
|upkeep
|turn|19
|inactive|avarice has 150 seconds left.
|inactive|Lambovino has 150 seconds left.
|inactive|Lambovino has 120 seconds left.
|inactive|Lambovino has 90 seconds left.
|inactive|Lambovino has 60 seconds left.
|
|t:|1664112745
|switch|p2a: Shiftry|Shiftry, M|82/100
|move|p1a: ISOMBARD|Bulk Up|p1a: ISOMBARD
|-boost|p1a: ISOMBARD|atk|1
|-boost|p1a: ISOMBARD|def|1
|
|-heal|p2a: Shiftry|88/100|[from] Grassy Terrain
|upkeep
|turn|20
|
|t:|1664112751
|switch|p2a: Ferroseed|Ferroseed, F|82/100 slp
|-damage|p2a: Ferroseed|76/100 slp|[from] Stealth Rock
|move|p1a: ISOMBARD|Close Combat|p2a: Ferroseed
|-supereffective|p2a: Ferroseed
|-damage|p2a: Ferroseed|0 fnt
|-unboost|p1a: ISOMBARD|def|1
|-unboost|p1a: ISOMBARD|spd|1
|-damage|p1a: ISOMBARD|88/100|[from] ability: Iron Barbs|[of] p2a: Ferroseed
|faint|p2a: Ferroseed
|
|-heal|p1a: ISOMBARD|94/100|[from] Grassy Terrain
|-fieldend|move: Grassy Terrain
|upkeep
|
|t:|1664112763
|switch|p2a: Mareanie|Mareanie, M|60/100
|-damage|p2a: Mareanie|48/100|[from] Stealth Rock
|turn|21
|
|t:|1664112774
|move|p1a: ISOMBARD|Close Combat|p2a: Mareanie
|-resisted|p2a: Mareanie
|-damage|p2a: Mareanie|0 fnt
|-unboost|p1a: ISOMBARD|def|1
|-unboost|p1a: ISOMBARD|spd|1
|faint|p2a: Mareanie
|
|upkeep
|
|t:|1664112788
|switch|p2a: Rhydon|Rhydon, M|100/100
|-damage|p2a: Rhydon|94/100|[from] Stealth Rock
|turn|22
|inactive|avarice has 180 seconds left.
|
|t:|1664112804
|move|p1a: ISOMBARD|Close Combat|p2a: Rhydon
|-supereffective|p2a: Rhydon
|-damage|p2a: Rhydon|7/100
|-unboost|p1a: ISOMBARD|def|1
|-unboost|p1a: ISOMBARD|spd|1
|move|p2a: Rhydon|Earthquake|p1a: ISOMBARD
|-damage|p1a: ISOMBARD|0 fnt
|faint|p1a: ISOMBARD
|
|upkeep
|inactive|avarice has 150 seconds left.
|
|t:|1664112843
|switch|p1a: BRAZIL|Thwackey, F|94/100
|-damage|p1a: BRAZIL|82/100|[from] Stealth Rock
|-fieldstart|move: Grassy Terrain|[from] ability: Grassy Surge|[of] p1a: BRAZIL
|turn|23
|
|t:|1664112867
|move|p1a: BRAZIL|Knock Off|p2a: Rhydon
|-damage|p2a: Rhydon|0 fnt
|-enditem|p2a: Rhydon|Eviolite|[from] move: Knock Off|[of] p1a: BRAZIL
|faint|p2a: Rhydon
|
|-heal|p1a: BRAZIL|88/100|[from] Grassy Terrain
|upkeep
|inactive|Lambovino has 30 seconds left.
|inactive|Lambovino has 20 seconds left.
|
|t:|1664112894
|switch|p2a: Ribombee|Ribombee, M|100/100
|turn|24
|inactive|Lambovino has 30 seconds left this turn.
|inactive|Lambovino has 20 seconds left.
|inactive|Lambovino has 15 seconds left.
|
|t:|1664112914
|switch|p1a: BETHLEHEM|Coalossal, F|75/100
|-damage|p1a: BETHLEHEM|50/100|[from] Stealth Rock
|move|p2a: Ribombee|Quiver Dance|p2a: Ribombee
|-boost|p2a: Ribombee|spa|1
|-boost|p2a: Ribombee|spd|1
|-boost|p2a: Ribombee|spe|1
|
|-heal|p1a: BETHLEHEM|57/100|[from] Grassy Terrain
|upkeep
|turn|25
|inactive|Lambovino has 25 seconds left this turn.
|inactive|Lambovino has 20 seconds left.
|
|t:|1664112920
|switch|p2a: Shiftry|Shiftry, M|88/100
|move|p1a: BETHLEHEM|Rock Blast|p2a: Shiftry
|-damage|p2a: Shiftry|77/100
|-damage|p2a: Shiftry|64/100
|-damage|p2a: Shiftry|52/100
|-hitcount|p2a: Shiftry|3
|
|-heal|p2a: Shiftry|58/100|[from] Grassy Terrain
|-heal|p1a: BETHLEHEM|63/100|[from] Grassy Terrain
|upkeep
|turn|26
|inactive|Lambovino has 30 seconds left this turn.
|inactive|Lambovino has 20 seconds left.
|inactive|avarice has 150 seconds left.
|inactive|Lambovino has 15 seconds left.
|
|t:|1664112952
|move|p2a: Shiftry|Synthesis|p2a: Shiftry
|-heal|p2a: Shiftry|100/100
|move|p1a: BETHLEHEM|Flamethrower|p2a: Shiftry
|-supereffective|p2a: Shiftry
|-damage|p2a: Shiftry|11/100
|
|-heal|p2a: Shiftry|17/100|[from] Grassy Terrain
|-heal|p1a: BETHLEHEM|69/100|[from] Grassy Terrain
|upkeep
|turn|27
|inactive|Lambovino has 25 seconds left this turn.
|
|t:|1664112956
|move|p2a: Shiftry|Leaf Storm|p1a: BETHLEHEM
|-damage|p1a: BETHLEHEM|28/100
|-unboost|p2a: Shiftry|spa|2
|move|p1a: BETHLEHEM|Flamethrower|p2a: Shiftry
|-supereffective|p2a: Shiftry
|-damage|p2a: Shiftry|0 fnt
|faint|p2a: Shiftry
|
|-heal|p1a: BETHLEHEM|34/100|[from] Grassy Terrain
|upkeep
|inactive|Lambovino has 30 seconds left this turn.
|inactive|Lambovino has 20 seconds left.
|
|t:|1664112970
|switch|p2a: Charizard|Charizard, F|100/100
|turn|28
|inactive|Lambovino has 30 seconds left this turn.
|inactive|Lambovino has 20 seconds left.
|
|t:|1664112982
|move|p2a: Charizard|Focus Blast|p1a: BETHLEHEM
|-supereffective|p1a: BETHLEHEM
|-damage|p1a: BETHLEHEM|0 fnt
|faint|p1a: BETHLEHEM
|
|upkeep
|inactive|Lambovino has 25 seconds left this turn.
|inactive|avarice has 150 seconds left.
|
|t:|1664113013
|switch|p1a: MIND|Swoobat, M|100/100
|-damage|p1a: MIND|75/100|[from] Stealth Rock
|-enditem|p1a: MIND|Grassy Seed
|-boost|p1a: MIND|def|2|[from] item: Grassy Seed
|turn|29
|inactive|Lambovino has 30 seconds left.
|
|t:|1664113026
|move|p1a: MIND|Calm Mind|p1a: MIND
|-boost|p1a: MIND|spa|2
|-boost|p1a: MIND|spd|2
|move|p2a: Charizard|Flamethrower|p1a: MIND
|-damage|p1a: MIND|33/100
|
|upkeep
|turn|30
|inactive|avarice has 150 seconds left.
|inactive|Lambovino has 30 seconds left.
|
|t:|1664113040
|move|p1a: MIND|Roost|p1a: MIND
|-heal|p1a: MIND|83/100
|-singleturn|p1a: MIND|move: Roost
|move|p2a: Charizard|Flamethrower|p1a: MIND
|-damage|p1a: MIND|44/100
|
|-heal|p1a: MIND|50/100|[from] Grassy Terrain
|-fieldend|move: Grassy Terrain
|upkeep
|turn|31
|
|t:|1664113049
|move|p1a: MIND|Stored Power|p2a: Charizard
|-damage|p2a: Charizard|0 fnt
|faint|p2a: Charizard
|
|upkeep
|inactive|Lambovino has 30 seconds left.
|inactive|Lambovino has 20 seconds left.
|inactive|Lambovino has 15 seconds left.
|inactive|Lambovino disconnected and has 300 seconds to reconnect!
|player|p2|
|inactive|Lambovino reconnected and has 15 seconds left.
|player|p2|Lambovino|#scl2spartans
|
|t:|1664113078
|switch|p2a: Ribombee|Ribombee, M|100/100
|turn|32
|inactive|Lambovino has 25 seconds left this turn.
|
|t:|1664113081
|move|p1a: MIND|Stored Power|p2a: Ribombee
|-damage|p2a: Ribombee|14/100
|move|p2a: Ribombee|Quiver Dance|p2a: Ribombee
|-boost|p2a: Ribombee|spa|1
|-boost|p2a: Ribombee|spd|1
|-boost|p2a: Ribombee|spe|1
|
|upkeep
|turn|33
|inactive|Lambovino has 30 seconds left.
|
|t:|1664113086
|move|p2a: Ribombee|Moonblast|p1a: MIND
|-damage|p1a: MIND|8/100
|move|p1a: MIND|Stored Power|p2a: Ribombee
|-damage|p2a: Ribombee|0 fnt
|faint|p2a: Ribombee
|
|win|avarice
|c|☆Lambovino|gg
|c|☆avarice|gg
