|inactive|Battle timer is ON: inactive players will automatically lose when time's up.
|t:|1654366022
|gametype|singles
|player|p1|Lady Writer ❀|lady-gen4|
|player|p2|kid krow|ethan|
|teamsize|p1|6
|teamsize|p2|6
|gen|8
|tier|[Gen 8] PU
|rule|Sleep Clause Mod: Limit one foe put to sleep
|rule|Species Clause: Limit one of each Pokémon
|rule|OHKO Clause: OHKO moves are banned
|rule|Evasion Moves Clause: Evasion moves are banned
|rule|Endless Battle Clause: Forcing endless battles is banned
|rule|HP Percentage Mod: HP is shown in percentages
|rule|Dynamax Clause: You cannot dynamax
|clearpoke
|poke|p1|Abomasnow, F|
|poke|p1|Archeops, M|
|poke|p1|Scrafty, M|
|poke|p1|Ribombee, F|
|poke|p1|Togedemaru, M|
|poke|p1|Wishiwashi, F|
|poke|p2|Miltank, F|
|poke|p2|Ferroseed, M|
|poke|p2|Hattrem, F|
|poke|p2|Articuno|
|poke|p2|Aromatisse, F|
|poke|p2|Quagsire, F|
|teampreview
|inactive|Lady Writer ❀ also wants the timer to be on.
|inactive|Lady Writer ❀ has 270 seconds left.
|
|t:|1654366070
|start
|switch|p1a: Devious Daniel|Scrafty, M|100/100
|switch|p2a: minds of men|Miltank, F|100/100
|-ability|p1a: Devious Daniel|Intimidate|boost
|-unboost|p2a: minds of men|atk|1
|turn|1
|
|t:|1654366079
|switch|p2a: tears in the club|Aromatisse, F|100/100
|move|p1a: Devious Daniel|Knock Off|p2a: tears in the club
|-resisted|p2a: tears in the club
|-damage|p2a: tears in the club|84/100
|-enditem|p2a: tears in the club|Leftovers|[from] move: Knock Off|[of] p1a: Devious Daniel
|
|upkeep
|turn|2
|
|t:|1654366095
|switch|p1a: Spiky Spencer|Togedemaru, M|100/100
|move|p2a: tears in the club|Moonblast|p1a: Spiky Spencer
|-resisted|p1a: Spiky Spencer
|-damage|p1a: Spiky Spencer|84/100
|
|upkeep
|turn|3
|
|t:|1654366104
|switch|p2a: careless|Quagsire, F|100/100
|move|p1a: Spiky Spencer|U-turn|p2a: careless
|-damage|p2a: careless|90/100
|-damage|p1a: Spiky Spencer|68/100|[from] item: Rocky Helmet|[of] p2a: careless
|
|t:|1654366107
|switch|p1a: Icy Ingrid|Abomasnow, F|100/100|[from]move: U-turn
|-weather|Hail|[from] ability: Snow Warning|[of] p1a: Icy Ingrid
|
|-weather|Hail|[upkeep]
|-damage|p2a: careless|84/100|[from] Hail
|upkeep
|turn|4
|
|t:|1654366119
|switch|p2a: ride the dragon|Articuno|100/100
|-ability|p2a: ride the dragon|Pressure
|move|p1a: Icy Ingrid|Blizzard|p2a: ride the dragon
|-damage|p2a: ride the dragon|72/100
|
|-weather|Hail|[upkeep]
|upkeep
|turn|5
|
|t:|1654366129
|switch|p1a: Spiky Spencer|Togedemaru, M|68/100
|move|p2a: ride the dragon|Roost|p2a: ride the dragon
|-heal|p2a: ride the dragon|100/100
|-singleturn|p2a: ride the dragon|move: Roost
|
|-weather|Hail|[upkeep]
|-damage|p1a: Spiky Spencer|62/100|[from] Hail
|upkeep
|turn|6
|
|t:|1654366141
|switch|p2a: jealousy|Ferroseed, M|100/100
|move|p1a: Spiky Spencer|Wish|p1a: Spiky Spencer
|
|-weather|Hail|[upkeep]
|-damage|p1a: Spiky Spencer|56/100|[from] Hail
|-damage|p2a: jealousy|94/100|[from] Hail
|upkeep
|turn|7
|
|t:|1654366167
|move|p1a: Spiky Spencer|Iron Head|p2a: jealousy
|-resisted|p2a: jealousy
|-crit|p2a: jealousy
|-damage|p2a: jealousy|78/100
|-damage|p1a: Spiky Spencer|43/100|[from] ability: Iron Barbs|[of] p2a: jealousy
|cant|p2a: jealousy|flinch
|
|-weather|none
|-heal|p1a: Spiky Spencer|93/100|[from] move: Wish|[wisher] Spiky Spencer
|upkeep
|turn|8
|
|t:|1654366173
|switch|p1a: Devious Daniel|Scrafty, M|100/100
|-ability|p1a: Devious Daniel|Intimidate|boost
|-unboost|p2a: jealousy|atk|1
|move|p2a: jealousy|Leech Seed|p1a: Devious Daniel
|-start|p1a: Devious Daniel|move: Leech Seed
|
|-damage|p1a: Devious Daniel|88/100|[from] Leech Seed|[of] p2a: jealousy
|-heal|p2a: jealousy|90/100|[silent]
|upkeep
|turn|9
|
|t:|1654366185
|switch|p1a: Spiky Spencer|Togedemaru, M|93/100
|switch|p2a: tears in the club|Aromatisse, F|84/100
|
|upkeep
|turn|10
|
|t:|1654366191
|switch|p2a: careless|Quagsire, F|84/100
|move|p1a: Spiky Spencer|U-turn|p2a: careless
|-damage|p2a: careless|73/100
|-damage|p1a: Spiky Spencer|77/100|[from] item: Rocky Helmet|[of] p2a: careless
|
|t:|1654366194
|switch|p1a: Icy Ingrid|Abomasnow, F|100/100|[from]move: U-turn
|-weather|Hail|[from] ability: Snow Warning|[of] p1a: Icy Ingrid
|
|-weather|Hail|[upkeep]
|-damage|p2a: careless|67/100|[from] Hail
|upkeep
|turn|11
|
|t:|1654366198
|switch|p1a: Flying Felix|Archeops, M|100/100
|switch|p2a: ride the dragon|Articuno|100/100
|-ability|p2a: ride the dragon|Pressure
|
|-weather|Hail|[upkeep]
|-damage|p1a: Flying Felix|94/100|[from] Hail
|upkeep
|turn|12
|
|t:|1654366206
|switch|p2a: tears in the club|Aromatisse, F|84/100
|move|p1a: Flying Felix|Stealth Rock|p2a: tears in the club
|-sidestart|p2: kid krow|move: Stealth Rock
|
|-weather|Hail|[upkeep]
|-damage|p1a: Flying Felix|88/100|[from] Hail
|-damage|p2a: tears in the club|77/100|[from] Hail
|upkeep
|turn|13
|
|t:|1654366227
|move|p1a: Flying Felix|Stone Edge|p2a: tears in the club
|-damage|p2a: tears in the club|37/100
|move|p2a: tears in the club|Wish|p2a: tears in the club
|
|-weather|Hail|[upkeep]
|-damage|p1a: Flying Felix|82/100|[from] Hail
|-damage|p2a: tears in the club|31/100|[from] Hail
|upkeep
|turn|14
|
|t:|1654366234
|switch|p1a: Spiky Spencer|Togedemaru, M|77/100
|move|p2a: tears in the club|Protect||[still]
|-fail|p2a: tears in the club
|
|-weather|none
|-heal|p2a: tears in the club|81/100|[from] move: Wish|[wisher] tears in the club
|upkeep
|turn|15
|
|t:|1654366240
|move|p1a: Spiky Spencer|U-turn|p2a: tears in the club
|-resisted|p2a: tears in the club
|-damage|p2a: tears in the club|75/100
|
|t:|1654366243
|switch|p1a: Fishy Felicity|Wishiwashi, F|100/100|[from]move: U-turn
|-formechange|p1a: Fishy Felicity|Wishiwashi-School||[from] ability: Schooling
|move|p2a: tears in the club|Wish|p2a: tears in the club
|
|upkeep
|turn|16
|
|t:|1654366250
|move|p1a: Fishy Felicity|U-turn|p2a: tears in the club
|-resisted|p2a: tears in the club
|-damage|p2a: tears in the club|68/100
|
|t:|1654366252
|switch|p1a: Spiky Spencer|Togedemaru, M|77/100|[from]move: U-turn
|move|p2a: tears in the club|Moonblast|p1a: Spiky Spencer
|-resisted|p1a: Spiky Spencer
|-damage|p1a: Spiky Spencer|62/100
|
|-heal|p2a: tears in the club|100/100|[from] move: Wish|[wisher] tears in the club
|upkeep
|turn|17
|
|t:|1654366259
|switch|p2a: jealousy|Ferroseed, M|90/100
|-damage|p2a: jealousy|84/100|[from] Stealth Rock
|move|p1a: Spiky Spencer|Wish|p1a: Spiky Spencer
|
|upkeep
|turn|18
|
|t:|1654366264
|switch|p1a: Devious Daniel|Scrafty, M|88/100
|-ability|p1a: Devious Daniel|Intimidate|boost
|-unboost|p2a: jealousy|atk|1
|move|p2a: jealousy|Spikes|p1a: Devious Daniel
|-sidestart|p1: Lady Writer ❀|Spikes
|
|-heal|p1a: Devious Daniel|100/100|[from] move: Wish|[wisher] Spiky Spencer
|upkeep
|turn|19
|
|t:|1654366269
|switch|p2a: tears in the club|Aromatisse, F|100/100
|-damage|p2a: tears in the club|88/100|[from] Stealth Rock
|move|p1a: Devious Daniel|Poison Jab|p2a: tears in the club
|-supereffective|p2a: tears in the club
|-damage|p2a: tears in the club|50/100
|
|upkeep
|turn|20
|
|t:|1654366280
|move|p1a: Devious Daniel|Poison Jab|p2a: tears in the club
|-supereffective|p2a: tears in the club
|-damage|p2a: tears in the club|17/100
|-status|p2a: tears in the club|psn
|move|p2a: tears in the club|Wish|p2a: tears in the club
|
|-damage|p2a: tears in the club|5/100 psn|[from] psn
|upkeep
|turn|21
|
|t:|1654366286
|move|p2a: tears in the club|Protect|p2a: tears in the club
|-singleturn|p2a: tears in the club|Protect
|move|p1a: Devious Daniel|Substitute|p1a: Devious Daniel
|-start|p1a: Devious Daniel|Substitute
|-damage|p1a: Devious Daniel|76/100
|
|-heal|p2a: tears in the club|55/100 psn|[from] move: Wish|[wisher] tears in the club
|-heal|p1a: Devious Daniel|82/100|[from] item: Leftovers
|-damage|p2a: tears in the club|43/100 psn|[from] psn
|upkeep
|turn|22
|
|t:|1654366302
|switch|p2a: careless|Quagsire, F|67/100
|-damage|p2a: careless|61/100|[from] Stealth Rock
|move|p1a: Devious Daniel|Knock Off|p2a: careless
|-damage|p2a: careless|30/100
|-damage|p1a: Devious Daniel|65/100|[from] item: Rocky Helmet|[of] p2a: careless
|-enditem|p2a: careless|Rocky Helmet|[from] move: Knock Off|[of] p1a: Devious Daniel
|
|-heal|p1a: Devious Daniel|71/100|[from] item: Leftovers
|upkeep
|turn|23
|
|t:|1654366308
|move|p1a: Devious Daniel|Close Combat|p2a: careless
|-damage|p2a: careless|0 fnt
|-unboost|p1a: Devious Daniel|def|1
|-unboost|p1a: Devious Daniel|spd|1
|faint|p2a: careless
|
|-heal|p1a: Devious Daniel|77/100|[from] item: Leftovers
|upkeep
|
|t:|1654366318
|switch|p2a: ride the dragon|Articuno|100/100
|-ability|p2a: ride the dragon|Pressure
|turn|24
|
|t:|1654366321
|move|p2a: ride the dragon|Brave Bird|p1a: Devious Daniel
|-supereffective|p1a: Devious Daniel
|-end|p1a: Devious Daniel|Substitute
|-damage|p2a: ride the dragon|95/100|[from] Recoil|[of] p1a: Devious Daniel
|move|p1a: Devious Daniel|Knock Off|p2a: ride the dragon
|-damage|p2a: ride the dragon|55/100
|-enditem|p2a: ride the dragon|Heavy-Duty Boots|[from] move: Knock Off|[of] p1a: Devious Daniel
|
|-heal|p1a: Devious Daniel|83/100|[from] item: Leftovers
|upkeep
|turn|25
|
|t:|1654366333
|switch|p1a: Spiky Spencer|Togedemaru, M|62/100
|-damage|p1a: Spiky Spencer|49/100|[from] Spikes
|move|p2a: ride the dragon|Defog|p1a: Spiky Spencer
|-unboost|p1a: Spiky Spencer|evasion|1
|-sideend|p1: Lady Writer ❀|Spikes|[from] move: Defog|[of] p2a: ride the dragon
|-sideend|p2: kid krow|Stealth Rock|[from] move: Defog|[of] p2a: ride the dragon
|
|upkeep
|turn|26
|
|t:|1654366337
|move|p1a: Spiky Spencer|Wish|p1a: Spiky Spencer
|move|p2a: ride the dragon|Roost|p2a: ride the dragon
|-heal|p2a: ride the dragon|100/100
|-singleturn|p2a: ride the dragon|move: Roost
|
|upkeep
|turn|27
|
|t:|1654366343
|switch|p2a: minds of men|Miltank, F|100/100
|move|p1a: Spiky Spencer|Iron Head|p2a: minds of men
|-damage|p2a: minds of men|79/100
|
|-heal|p1a: Spiky Spencer|99/100|[from] move: Wish|[wisher] Spiky Spencer
|-heal|p2a: minds of men|85/100|[from] item: Leftovers
|upkeep
|turn|28
|
|t:|1654366350
|move|p1a: Spiky Spencer|U-turn|p2a: minds of men
|-damage|p2a: minds of men|72/100
|
|t:|1654366351
|switch|p1a: Devious Daniel|Scrafty, M|83/100|[from]move: U-turn
|-ability|p1a: Devious Daniel|Intimidate|boost
|-unboost|p2a: minds of men|atk|1
|move|p2a: minds of men|Stealth Rock|p1a: Devious Daniel
|-sidestart|p1: Lady Writer ❀|move: Stealth Rock
|
|-heal|p2a: minds of men|78/100|[from] item: Leftovers
|-heal|p1a: Devious Daniel|89/100|[from] item: Leftovers
|upkeep
|turn|29
|
|t:|1654366367
|switch|p2a: ride the dragon|Articuno|100/100
|-ability|p2a: ride the dragon|Pressure
|move|p1a: Devious Daniel|Knock Off|p2a: ride the dragon
|-damage|p2a: ride the dragon|75/100
|
|-heal|p1a: Devious Daniel|95/100|[from] item: Leftovers
|upkeep
|turn|30
|
|t:|1654366376
|switch|p1a: Spiky Spencer|Togedemaru, M|99/100
|-damage|p1a: Spiky Spencer|93/100|[from] Stealth Rock
|move|p2a: ride the dragon|Freeze-Dry|p1a: Spiky Spencer
|-resisted|p1a: Spiky Spencer
|-damage|p1a: Spiky Spencer|83/100
|
|upkeep
|turn|31
|
|t:|1654366384
|switch|p2a: jealousy|Ferroseed, M|84/100
|move|p1a: Spiky Spencer|U-turn|p2a: jealousy
|-damage|p2a: jealousy|71/100
|-damage|p1a: Spiky Spencer|71/100|[from] ability: Iron Barbs|[of] p2a: jealousy
|
|t:|1654366398
|switch|p1a: Devious Daniel|Scrafty, M|95/100|[from]move: U-turn
|-damage|p1a: Devious Daniel|89/100|[from] Stealth Rock
|-ability|p1a: Devious Daniel|Intimidate|boost
|-unboost|p2a: jealousy|atk|1
|
|-heal|p1a: Devious Daniel|95/100|[from] item: Leftovers
|upkeep
|turn|32
|
|t:|1654366403
|switch|p2a: ride the dragon|Articuno|75/100
|-ability|p2a: ride the dragon|Pressure
|move|p1a: Devious Daniel|Substitute|p1a: Devious Daniel
|-start|p1a: Devious Daniel|Substitute
|-damage|p1a: Devious Daniel|70/100
|
|-heal|p1a: Devious Daniel|76/100|[from] item: Leftovers
|upkeep
|turn|33
|
|t:|1654366410
|move|p2a: ride the dragon|Brave Bird|p1a: Devious Daniel
|-supereffective|p1a: Devious Daniel
|-end|p1a: Devious Daniel|Substitute
|-damage|p2a: ride the dragon|69/100|[from] Recoil|[of] p1a: Devious Daniel
|move|p1a: Devious Daniel|Substitute|p1a: Devious Daniel
|-start|p1a: Devious Daniel|Substitute
|-damage|p1a: Devious Daniel|51/100
|
|-heal|p1a: Devious Daniel|57/100|[from] item: Leftovers
|upkeep
|turn|34
|
|t:|1654366419
|move|p2a: ride the dragon|Brave Bird|p1a: Devious Daniel
|-supereffective|p1a: Devious Daniel
|-end|p1a: Devious Daniel|Substitute
|-damage|p2a: ride the dragon|63/100|[from] Recoil|[of] p1a: Devious Daniel
|move|p1a: Devious Daniel|Poison Jab|p2a: ride the dragon
|-damage|p2a: ride the dragon|42/100
|-status|p2a: ride the dragon|psn
|
|-heal|p1a: Devious Daniel|63/100|[from] item: Leftovers
|-damage|p2a: ride the dragon|29/100 psn|[from] psn
|upkeep
|turn|35
|
|t:|1654366428
|switch|p1a: Spiky Spencer|Togedemaru, M|71/100
|-damage|p1a: Spiky Spencer|65/100|[from] Stealth Rock
|move|p2a: ride the dragon|Brave Bird|p1a: Spiky Spencer
|-resisted|p1a: Spiky Spencer
|-damage|p1a: Spiky Spencer|51/100
|-damage|p2a: ride the dragon|17/100 psn|[from] ability: Iron Barbs|[of] p1a: Spiky Spencer
|-damage|p2a: ride the dragon|13/100 psn|[from] Recoil
|
|-damage|p2a: ride the dragon|0 fnt|[from] psn
|faint|p2a: ride the dragon
|upkeep
|
|t:|1654366436
|switch|p2a: meta angel|Hattrem, F|100/100
|turn|36
|
|t:|1654366441
|move|p1a: Spiky Spencer|Wish|p1a: Spiky Spencer
|move|p2a: meta angel|Aromatherapy|p2a: meta angel
|-activate|p2a: meta angel|move: Aromatherapy
|-curestatus|p2: tears in the club|psn|[msg]
|
|upkeep
|turn|37
|
|t:|1654366448
|switch|p2a: tears in the club|Aromatisse, F|43/100
|move|p1a: Spiky Spencer|Iron Head|p2a: tears in the club
|-supereffective|p2a: tears in the club
|-damage|p2a: tears in the club|4/100
|
|-heal|p1a: Spiky Spencer|100/100|[from] move: Wish|[wisher] Spiky Spencer
|upkeep
|turn|38
|c|☆kid krow|unlucky poisons
|-message|kid krow forfeited.
|
|win|Lady Writer ❀
|c|☆Lady Writer ❀|gg
