|inactive|Battle timer is ON: inactive players will automatically lose when time's up.
|t:|1656787938
|gametype|singles
|player|p1|Lambovino|bugcatcher-gen3|
|player|p2|jane remover|erika|
|teamsize|p1|6
|teamsize|p2|6
|gen|8
|tier|[Gen 8] PU
|rule|Sleep Clause Mod: Limit one foe put to sleep
|rule|Species Clause: Limit one of each Pokémon
|rule|OHKO Clause: OHKO moves are banned
|rule|Evasion Moves Clause: Evasion moves are banned
|rule|Endless Battle Clause: Forcing endless battles is banned
|rule|HP Percentage Mod: HP is shown in percentages
|rule|Dynamax Clause: You cannot dynamax
|clearpoke
|poke|p1|Carracosta, M|
|poke|p1|Ribombee, F|
|poke|p1|Miltank, F|
|poke|p1|Ferroseed, M|
|poke|p1|Charizard, F|
|poke|p1|Jellicent, M|
|poke|p2|Charizard, M|
|poke|p2|Gigalith, M|
|poke|p2|Tangela, F|
|poke|p2|Magneton|
|poke|p2|Ribombee, F|
|poke|p2|Garbodor, F|
|teampreview
|c|☆Lambovino|hf 
|c|☆jane remover|hf
|c|+Beraldinhoo|VAMOS
|inactive|Lambovino has 270 seconds left.
|
|t:|1656787983
|start
|switch|p1a: Au|Miltank, F|100/100
|switch|p2a: time is up|Magneton|100/100
|turn|1
|
|t:|1656787989
|move|p1a: Au|Earthquake|p2a: time is up
|-supereffective|p2a: time is up
|-damage|p2a: time is up|0 fnt
|faint|p2a: time is up
|
|upkeep
|c|+omicorio|gone
|c|☆jane remover|shut up omi
|c|+blarghlfarghl|gg
|c|☆jane remover|who is that even for i
|
|t:|1656788017
|switch|p2a: aristocrat|Charizard, M|100/100
|turn|2
|
|t:|1656788020
|move|p2a: aristocrat|Toxic|p1a: Au
|-status|p1a: Au|tox
|move|p1a: Au|Toxic|p2a: aristocrat
|-status|p2a: aristocrat|tox
|
|-damage|p2a: aristocrat|94/100 tox|[from] psn
|-damage|p1a: Au|94/100 tox|[from] psn
|upkeep
|turn|3
|c|+blarghlfarghl|time was up
|
|t:|1656788034
|switch|p2a: rapture ball|Tangela, F|100/100
|move|p1a: Au|Stealth Rock|p2a: rapture ball
|-sidestart|p2: jane remover|move: Stealth Rock
|
|-damage|p1a: Au|82/100 tox|[from] psn
|upkeep
|turn|4
|
|t:|1656788039
|switch|p1a: Fond|Ferroseed, M|100/100
|switch|p2a: aristocrat|Charizard, M|94/100 tox
|
|-damage|p2a: aristocrat|88/100 tox|[from] psn
|upkeep
|turn|5
|
|t:|1656788044
|move|p1a: Fond|Protect|p1a: Fond
|-singleturn|p1a: Fond|Protect
|move|p2a: aristocrat|Defog|p1a: Fond
|-activate|p1a: Fond|move: Protect
|
|-damage|p2a: aristocrat|76/100 tox|[from] psn
|upkeep
|turn|6
|
|t:|1656788048
|switch|p1a: Au|Miltank, F|82/100 tox
|move|p2a: aristocrat|Flamethrower|p1a: Au
|-damage|p1a: Au|62/100 tox
|
|-damage|p2a: aristocrat|58/100 tox|[from] psn
|-damage|p1a: Au|56/100 tox|[from] psn
|upkeep
|turn|7
|
|t:|1656788053
|switch|p2a: rapture ball|Tangela, F|100/100
|-damage|p2a: rapture ball|88/100|[from] Stealth Rock
|move|p1a: Au|Milk Drink|p1a: Au
|-heal|p1a: Au|100/100 tox
|
|-damage|p1a: Au|88/100 tox|[from] psn
|upkeep
|turn|8
|
|t:|1656788060
|switch|p2a: play destroy|Gigalith, M|100/100
|-damage|p2a: play destroy|88/100|[from] Stealth Rock
|-weather|Sandstorm|[from] ability: Sand Stream|[of] p2a: play destroy
|move|p1a: Au|Toxic|p2a: play destroy
|-status|p2a: play destroy|tox
|
|-weather|Sandstorm|[upkeep]
|-damage|p1a: Au|82/100 tox|[from] Sandstorm
|-heal|p2a: play destroy|94/100 tox|[from] item: Leftovers
|-damage|p1a: Au|64/100 tox|[from] psn
|-damage|p2a: play destroy|88/100 tox|[from] psn
|upkeep
|turn|9
|
|t:|1656788066
|switch|p1a: Fond|Ferroseed, M|100/100
|move|p2a: play destroy|Stealth Rock|p1a: Fond
|-sidestart|p1: Lambovino|move: Stealth Rock
|
|-weather|Sandstorm|[upkeep]
|-heal|p2a: play destroy|94/100 tox|[from] item: Leftovers
|-damage|p2a: play destroy|82/100 tox|[from] psn
|upkeep
|turn|10
|
|t:|1656788072
|switch|p2a: rapture ball|Tangela, F|100/100
|-damage|p2a: rapture ball|88/100|[from] Stealth Rock
|move|p1a: Fond|Knock Off|p2a: rapture ball
|-damage|p2a: rapture ball|82/100
|-enditem|p2a: rapture ball|Eviolite|[from] move: Knock Off|[of] p1a: Fond
|
|-weather|Sandstorm|[upkeep]
|-damage|p2a: rapture ball|76/100|[from] Sandstorm
|upkeep
|turn|11
|
|t:|1656788078
|move|p2a: rapture ball|Knock Off|p1a: Fond
|-damage|p1a: Fond|92/100
|-damage|p2a: rapture ball|64/100|[from] ability: Iron Barbs|[of] p1a: Fond
|-enditem|p1a: Fond|Eviolite|[from] move: Knock Off|[of] p2a: rapture ball
|move|p1a: Fond|Spikes|p2a: rapture ball
|-sidestart|p2: jane remover|Spikes
|
|-weather|Sandstorm|[upkeep]
|-damage|p2a: rapture ball|58/100|[from] Sandstorm
|upkeep
|turn|12
|
|t:|1656788092
|switch|p2a: hard feelings|Garbodor, F|100/100
|-damage|p2a: hard feelings|88/100|[from] Stealth Rock
|-damage|p2a: hard feelings|76/100|[from] Spikes
|move|p1a: Fond|Knock Off|p2a: hard feelings
|-damage|p2a: hard feelings|60/100
|-enditem|p2a: hard feelings|Black Sludge|[from] move: Knock Off|[of] p1a: Fond
|
|-weather|none
|upkeep
|turn|13
|
|t:|1656788098
|move|p2a: hard feelings|Spikes|p1a: Fond
|-sidestart|p1: Lambovino|Spikes
|move|p1a: Fond|Spikes|p2a: hard feelings
|-sidestart|p2: jane remover|Spikes
|
|upkeep
|turn|14
|
|t:|1656788102
|move|p2a: hard feelings|Spikes|p1a: Fond
|-sidestart|p1: Lambovino|Spikes
|move|p1a: Fond|Leech Seed|p2a: hard feelings
|-start|p2a: hard feelings|move: Leech Seed
|
|-damage|p2a: hard feelings|48/100|[from] Leech Seed|[of] p1a: Fond
|-heal|p1a: Fond|100/100|[silent]
|upkeep
|turn|15
|
|t:|1656788109
|move|p2a: hard feelings|Spikes|p1a: Fond
|-sidestart|p1: Lambovino|Spikes
|move|p1a: Fond|Spikes|p2a: hard feelings
|-sidestart|p2: jane remover|Spikes
|
|-damage|p2a: hard feelings|35/100|[from] Leech Seed|[of] p1a: Fond
|upkeep
|turn|16
|
|t:|1656788123
|switch|p2a: fashion after all|Ribombee, F|100/100
|move|p1a: Fond|Knock Off|p2a: fashion after all
|-resisted|p2a: fashion after all
|-crit|p2a: fashion after all
|-damage|p2a: fashion after all|81/100
|-enditem|p2a: fashion after all|Heavy-Duty Boots|[from] move: Knock Off|[of] p1a: Fond
|
|upkeep
|turn|17
|
|t:|1656788137
|switch|p1a: Du|Charizard, F|100/100
|move|p2a: fashion after all|Moonblast|p1a: Du
|-resisted|p1a: Du
|-damage|p1a: Du|74/100
|
|upkeep
|turn|18
|
|t:|1656788141
|switch|p2a: play destroy|Gigalith, M|82/100 tox
|-damage|p2a: play destroy|70/100 tox|[from] Stealth Rock
|-damage|p2a: play destroy|45/100 tox|[from] Spikes
|-weather|Sandstorm|[from] ability: Sand Stream|[of] p2a: play destroy
|move|p1a: Du|Flamethrower|p2a: play destroy
|-resisted|p2a: play destroy
|-damage|p2a: play destroy|35/100 tox
|
|-weather|Sandstorm|[upkeep]
|-damage|p1a: Du|68/100|[from] Sandstorm
|-heal|p2a: play destroy|41/100 tox|[from] item: Leftovers
|-damage|p2a: play destroy|35/100 tox|[from] psn
|upkeep
|turn|19
|
|t:|1656788155
|switch|p1a: Au|Miltank, F|64/100 tox
|move|p2a: play destroy|Earthquake|p1a: Au
|-damage|p1a: Au|40/100 tox
|
|-weather|Sandstorm|[upkeep]
|-damage|p1a: Au|34/100 tox|[from] Sandstorm
|-heal|p2a: play destroy|41/100 tox|[from] item: Leftovers
|-damage|p1a: Au|28/100 tox|[from] psn
|-damage|p2a: play destroy|29/100 tox|[from] psn
|upkeep
|turn|20
|
|t:|1656788164
|switch|p2a: rapture ball|Tangela, F|91/100
|-damage|p2a: rapture ball|79/100|[from] Stealth Rock
|-damage|p2a: rapture ball|54/100|[from] Spikes
|move|p1a: Au|Milk Drink|p1a: Au
|-heal|p1a: Au|78/100 tox
|
|-weather|Sandstorm|[upkeep]
|-damage|p1a: Au|72/100 tox|[from] Sandstorm
|-damage|p2a: rapture ball|48/100|[from] Sandstorm
|-damage|p1a: Au|60/100 tox|[from] psn
|upkeep
|turn|21
|
|t:|1656788170
|switch|p1a: Fond|Ferroseed, M|100/100
|-damage|p1a: Fond|94/100|[from] Stealth Rock
|-damage|p1a: Fond|69/100|[from] Spikes
|move|p2a: rapture ball|Sludge Bomb|p1a: Fond
|-immune|p1a: Fond
|
|-weather|Sandstorm|[upkeep]
|-damage|p2a: rapture ball|42/100|[from] Sandstorm
|upkeep
|turn|22
|
|t:|1656788177
|move|p2a: rapture ball|Giga Drain|p1a: Fond
|-resisted|p1a: Fond
|-damage|p1a: Fond|61/100
|-heal|p2a: rapture ball|46/100|[from] drain|[of] p1a: Fond
|move|p1a: Fond|Leech Seed|p2a: rapture ball
|-immune|p2a: rapture ball
|
|-weather|none
|upkeep
|turn|23
|
|t:|1656788188
|move|p2a: rapture ball|Giga Drain|p1a: Fond
|-resisted|p1a: Fond
|-damage|p1a: Fond|52/100
|-heal|p2a: rapture ball|50/100|[from] drain|[of] p1a: Fond
|move|p1a: Fond|Knock Off|p2a: rapture ball
|-damage|p2a: rapture ball|44/100
|
|upkeep
|turn|24
|
|t:|1656788193
|switch|p1a: Au|Miltank, F|60/100 tox
|move|p2a: rapture ball|Giga Drain|p1a: Au
|-damage|p1a: Au|36/100 tox
|-heal|p2a: rapture ball|59/100|[from] drain|[of] p1a: Au
|
|-damage|p1a: Au|29/100 tox|[from] psn
|upkeep
|turn|25
|
|t:|1656788196
|move|p1a: Au|Milk Drink|p1a: Au
|-heal|p1a: Au|79/100 tox
|move|p2a: rapture ball|Giga Drain|p1a: Au
|-damage|p1a: Au|57/100 tox
|-heal|p2a: rapture ball|72/100|[from] drain|[of] p1a: Au
|
|-damage|p1a: Au|44/100 tox|[from] psn
|upkeep
|turn|26
|
|t:|1656788201
|move|p1a: Au|Toxic|p2a: rapture ball
|-status|p2a: rapture ball|tox
|move|p2a: rapture ball|Giga Drain|p1a: Au
|-damage|p1a: Au|21/100 tox
|-heal|p2a: rapture ball|86/100 tox|[from] drain|[of] p1a: Au
|
|-damage|p1a: Au|2/100 tox|[from] psn
|-damage|p2a: rapture ball|80/100 tox|[from] psn
|upkeep
|turn|27
|
|t:|1656788204
|switch|p1a: Fond|Ferroseed, M|52/100
|-damage|p1a: Fond|46/100|[from] Stealth Rock
|-damage|p1a: Fond|21/100|[from] Spikes
|move|p2a: rapture ball|Giga Drain|p1a: Fond
|-resisted|p1a: Fond
|-damage|p1a: Fond|13/100
|-heal|p2a: rapture ball|84/100 tox|[from] drain|[of] p1a: Fond
|
|-damage|p2a: rapture ball|72/100 tox|[from] psn
|upkeep
|turn|28
|
|t:|1656788211
|move|p1a: Fond|Protect|p1a: Fond
|-singleturn|p1a: Fond|Protect
|move|p2a: rapture ball|Giga Drain|p1a: Fond
|-activate|p1a: Fond|move: Protect
|
|-damage|p2a: rapture ball|54/100 tox|[from] psn
|upkeep
|turn|29
|
|t:|1656788222
|move|p2a: rapture ball|Giga Drain|p1a: Fond
|-resisted|p1a: Fond
|-damage|p1a: Fond|4/100
|-heal|p2a: rapture ball|58/100 tox|[from] drain|[of] p1a: Fond
|move|p1a: Fond|Leech Seed|p2a: rapture ball
|-immune|p2a: rapture ball
|
|-damage|p2a: rapture ball|34/100 tox|[from] psn
|upkeep
|turn|30
|
|t:|1656788226
|switch|p2a: play destroy|Gigalith, M|29/100 tox
|-damage|p2a: play destroy|17/100 tox|[from] Stealth Rock
|-damage|p2a: play destroy|0 fnt|[from] Spikes
|faint|p2a: play destroy
|move|p1a: Fond|Protect||[still]
|-fail|p1a: Fond
|
|upkeep
|
|t:|1656788230
|switch|p2a: aristocrat|Charizard, M|58/100 tox
|turn|31
|
|t:|1656788232
|move|p2a: aristocrat|Flamethrower|p1a: Fond
|-supereffective|p1a: Fond
|-damage|p1a: Fond|0 fnt
|faint|p1a: Fond
|
|-damage|p2a: aristocrat|52/100 tox|[from] psn
|upkeep
|
|t:|1656788235
|switch|p1a: Deux|Carracosta, M|100/100
|turn|32
|
|t:|1656788237
|move|p2a: aristocrat|Toxic|p1a: Deux
|-status|p1a: Deux|tox
|move|p1a: Deux|Shell Smash|p1a: Deux
|-unboost|p1a: Deux|def|1
|-unboost|p1a: Deux|spd|1
|-boost|p1a: Deux|atk|2
|-boost|p1a: Deux|spa|2
|-boost|p1a: Deux|spe|2
|
|-damage|p2a: aristocrat|40/100 tox|[from] psn
|-damage|p1a: Deux|94/100 tox|[from] psn
|upkeep
|turn|33
|
|t:|1656788242
|switch|p2a: rapture ball|Tangela, F|67/100 tox
|-damage|p2a: rapture ball|55/100 tox|[from] Stealth Rock
|-damage|p2a: rapture ball|30/100 tox|[from] Spikes
|move|p1a: Deux|Liquidation|p2a: rapture ball
|-resisted|p2a: rapture ball
|-damage|p2a: rapture ball|3/100 tox
|
|-damage|p1a: Deux|82/100 tox|[from] psn
|-damage|p2a: rapture ball|0 fnt|[from] psn
|faint|p2a: rapture ball
|upkeep
|
|t:|1656788249
|switch|p2a: fashion after all|Ribombee, F|81/100
|-damage|p2a: fashion after all|56/100|[from] Stealth Rock
|-damage|p2a: fashion after all|31/100|[from] Spikes
|turn|34
|
|t:|1656788252
|move|p1a: Deux|Aqua Jet|p2a: fashion after all
|-damage|p2a: fashion after all|0 fnt
|faint|p2a: fashion after all
|
|-damage|p1a: Deux|63/100 tox|[from] psn
|upkeep
|c|☆Lambovino|gg
|c|☆jane remover|gg
|c|☆jane remover|fr tho what is eq for.
|-message|jane remover forfeited.
|
|win|Lambovino
|c|+god mami pix|magneton
|c|+Beraldinhoo|magneton
|c|+blarghlfarghl|magneton
|c|☆Lambovino|magneton
|c|+S-Arcobaleno|magnemite
