|inactive|Battle timer is ON: inactive players will automatically lose when time's up.
|t:|1639010985
|gametype|singles
|player|p1|cornelia street|lass-gen4dp|
|player|p2|70to90gxe|steven|
|teamsize|p1|6
|teamsize|p2|6
|gen|8
|tier|[Gen 8] PU
|rule|Sleep Clause Mod: Limit one foe put to sleep
|rule|Species Clause: Limit one of each Pokémon
|rule|OHKO Clause: OHKO moves are banned
|rule|Evasion Moves Clause: Evasion moves are banned
|rule|Endless Battle Clause: Forcing endless battles is banned
|rule|HP Percentage Mod: HP is shown in percentages
|rule|Dynamax Clause: You cannot dynamax
|clearpoke
|poke|p1|Frosmoth, F|
|poke|p1|Regirock|
|poke|p1|Tsareena, F|
|poke|p1|Ribombee, F|
|poke|p1|Weezing, M|
|poke|p1|Togedemaru, M|
|poke|p2|Scrafty, M|
|poke|p2|Weezing, M|
|poke|p2|Ferroseed, M|
|poke|p2|Quagsire, F|
|poke|p2|Gigalith, F|
|poke|p2|Ribombee, M|
|teampreview
|c|☆70to90gxe|hf
|c|☆cornelia street|hf
|inactive|cornelia street has 270 seconds left.
|
|t:|1639011045
|start
|switch|p1a: late spring|Tsareena, F|100/100
|switch|p2a: remake?|Weezing, M|100/100
|turn|1
|
|t:|1639011052
|switch|p1a: i don't smoke|Weezing, M|100/100
|-ability|p1a: i don't smoke|Neutralizing Gas
|move|p2a: remake?|Corrosive Gas|p1a: i don't smoke
|-enditem|p1a: i don't smoke|Rocky Helmet|[from] move: Corrosive Gas|[of] p2a: remake?
|
|upkeep
|turn|2
|
|t:|1639011061
|move|p2a: remake?|Flamethrower|p1a: i don't smoke
|-damage|p1a: i don't smoke|76/100
|move|p1a: i don't smoke|Will-O-Wisp|p2a: remake?|[miss]
|-miss|p1a: i don't smoke|p2a: remake?
|
|upkeep
|turn|3
|
|t:|1639011069
|move|p2a: remake?|Flamethrower|p1a: i don't smoke
|-damage|p1a: i don't smoke|53/100
|-status|p1a: i don't smoke|brn
|move|p1a: i don't smoke|Will-O-Wisp|p2a: remake?
|-status|p2a: remake?|brn
|
|-damage|p2a: remake?|95/100 brn|[from] brn
|-damage|p1a: i don't smoke|47/100 brn|[from] brn
|upkeep
|turn|4
|
|t:|1639011071
|move|p2a: remake?|Flamethrower|p1a: i don't smoke
|-damage|p1a: i don't smoke|23/100 brn
|move|p1a: i don't smoke|Pain Split|p2a: remake?
|-sethp|p2a: remake?|59/100 brn|[from] move: Pain Split|[silent]
|-sethp|p1a: i don't smoke|59/100 brn|[from] move: Pain Split
|
|-damage|p2a: remake?|53/100 brn|[from] brn
|-damage|p1a: i don't smoke|53/100 brn|[from] brn
|upkeep
|turn|5
|
|t:|1639011091
|switch|p2a: Sand Pat|Gigalith, F|100/100
|move|p1a: i don't smoke|Sludge Bomb|p2a: Sand Pat
|-resisted|p2a: Sand Pat
|-damage|p2a: Sand Pat|91/100
|
|-heal|p2a: Sand Pat|97/100|[from] item: Leftovers
|-damage|p1a: i don't smoke|47/100 brn|[from] brn
|upkeep
|turn|6
|
|t:|1639011094
|move|p1a: i don't smoke|Will-O-Wisp|p2a: Sand Pat|[miss]
|-miss|p1a: i don't smoke|p2a: Sand Pat
|move|p2a: Sand Pat|Earthquake|p1a: i don't smoke
|-supereffective|p1a: i don't smoke
|-damage|p1a: i don't smoke|4/100 brn
|
|-heal|p2a: Sand Pat|100/100|[from] item: Leftovers
|-damage|p1a: i don't smoke|0 fnt|[from] brn
|faint|p1a: i don't smoke
|-end|p1a: i don't smoke|ability: Neutralizing Gas
|-weather|Sandstorm|[from] ability: Sand Stream|[of] p2a: Sand Pat
|upkeep
|c|☆cornelia street|problem
|c|☆70to90gxe|ok sorry
|c|☆70to90gxe|that sux
|
|t:|1639011107
|switch|p1a: texas reznikoff|Regirock|100/100
|turn|7
|
|t:|1639011116
|move|p1a: texas reznikoff|Body Press|p2a: Sand Pat
|-supereffective|p2a: Sand Pat
|-damage|p2a: Sand Pat|45/100
|move|p2a: Sand Pat|Stealth Rock|p1a: texas reznikoff
|-sidestart|p1: cornelia street|move: Stealth Rock
|
|-weather|Sandstorm|[upkeep]
|-heal|p2a: Sand Pat|51/100|[from] item: Leftovers
|upkeep
|turn|8
|
|t:|1639011125
|move|p2a: Sand Pat|Protect|p2a: Sand Pat
|-singleturn|p2a: Sand Pat|Protect
|move|p1a: texas reznikoff|Rock Blast|p2a: Sand Pat
|-activate|p2a: Sand Pat|move: Protect
|
|-weather|Sandstorm|[upkeep]
|-heal|p2a: Sand Pat|57/100|[from] item: Leftovers
|upkeep
|turn|9
|
|t:|1639011128
|switch|p2a: it's time (brioche|Quagsire, F|100/100
|move|p1a: texas reznikoff|Stealth Rock|p2a: it's time (brioche
|-sidestart|p2: 70to90gxe|move: Stealth Rock
|
|-weather|Sandstorm|[upkeep]
|upkeep
|turn|10
|
|t:|1639011132
|move|p1a: texas reznikoff|Toxic|p2a: it's time (brioche
|-status|p2a: it's time (brioche|tox
|move|p2a: it's time (brioche|Toxic|p1a: texas reznikoff
|-status|p1a: texas reznikoff|tox
|
|-weather|Sandstorm|[upkeep]
|-damage|p1a: texas reznikoff|94/100 tox|[from] psn
|-damage|p2a: it's time (brioche|94/100 tox|[from] psn
|upkeep
|turn|11
|
|t:|1639011142
|switch|p1a: shooting star|Ribombee, F|100/100
|move|p2a: it's time (brioche|Scald|p1a: shooting star
|-damage|p1a: shooting star|67/100
|
|-weather|none
|-damage|p2a: it's time (brioche|82/100 tox|[from] psn
|upkeep
|turn|12
|
|t:|1639011153
|switch|p2a: Sand Pat|Gigalith, F|57/100
|-damage|p2a: Sand Pat|45/100|[from] Stealth Rock
|-weather|Sandstorm|[from] ability: Sand Stream|[of] p2a: Sand Pat
|move|p1a: shooting star|Moonblast|p2a: Sand Pat
|-damage|p2a: Sand Pat|25/100
|
|-weather|Sandstorm|[upkeep]
|-damage|p1a: shooting star|61/100|[from] Sandstorm
|-heal|p2a: Sand Pat|31/100|[from] item: Leftovers
|upkeep
|turn|13
|
|t:|1639011158
|switch|p1a: late spring|Tsareena, F|100/100
|move|p2a: Sand Pat|Rock Blast|p1a: late spring
|-damage|p1a: late spring|89/100
|-damage|p1a: late spring|78/100
|-damage|p1a: late spring|67/100
|-hitcount|p1a: late spring|3
|
|-weather|Sandstorm|[upkeep]
|-damage|p1a: late spring|61/100|[from] Sandstorm
|-heal|p2a: Sand Pat|37/100|[from] item: Leftovers
|upkeep
|turn|14
|
|t:|1639011162
|move|p2a: Sand Pat|Protect|p2a: Sand Pat
|-singleturn|p2a: Sand Pat|Protect
|move|p1a: late spring|Synthesis|p1a: late spring
|-heal|p1a: late spring|86/100
|
|-weather|Sandstorm|[upkeep]
|-damage|p1a: late spring|80/100|[from] Sandstorm
|-heal|p2a: Sand Pat|43/100|[from] item: Leftovers
|upkeep
|turn|15
|
|t:|1639011168
|switch|p2a: and yea im indian.|Ferroseed, M|100/100
|-damage|p2a: and yea im indian.|94/100|[from] Stealth Rock
|move|p1a: late spring|Knock Off|p2a: and yea im indian.
|-damage|p2a: and yea im indian.|77/100
|-damage|p1a: late spring|68/100|[from] ability: Iron Barbs|[of] p2a: and yea im indian.
|-enditem|p2a: and yea im indian.|Eviolite|[from] move: Knock Off|[of] p1a: late spring
|
|-weather|Sandstorm|[upkeep]
|-damage|p1a: late spring|62/100|[from] Sandstorm
|upkeep
|turn|16
|
|t:|1639011179
|switch|p1a: shooting star|Ribombee, F|61/100
|move|p2a: and yea im indian.|Toxic|p1a: shooting star
|-status|p1a: shooting star|tox
|
|-weather|none
|-damage|p1a: shooting star|55/100 tox|[from] psn
|upkeep
|turn|17
|
|t:|1639011187
|switch|p1a: townie|Togedemaru, M|100/100
|-damage|p1a: townie|95/100|[from] Stealth Rock
|move|p2a: and yea im indian.|Leech Seed|p1a: townie
|-start|p1a: townie|move: Leech Seed
|
|-heal|p1a: townie|100/100|[from] item: Leftovers
|-damage|p1a: townie|88/100|[from] Leech Seed|[of] p2a: and yea im indian.
|-heal|p2a: and yea im indian.|91/100|[silent]
|upkeep
|turn|18
|
|t:|1639011193
|move|p1a: townie|Wish|p1a: townie
|move|p2a: and yea im indian.|Toxic|p1a: townie|[miss]
|-miss|p2a: and yea im indian.|p1a: townie
|
|-heal|p1a: townie|94/100|[from] item: Leftovers
|-damage|p1a: townie|82/100|[from] Leech Seed|[of] p2a: and yea im indian.
|-heal|p2a: and yea im indian.|100/100|[silent]
|upkeep
|turn|19
|
|t:|1639011197
|switch|p1a: shooting star|Ribombee, F|55/100 tox
|move|p2a: and yea im indian.|Toxic|p1a: shooting star
|-fail|p1a: shooting star|tox
|
|-heal|p1a: shooting star|100/100 tox|[from] move: Wish|[wisher] townie
|-damage|p1a: shooting star|94/100 tox|[from] psn
|upkeep
|turn|20
|
|t:|1639011203
|switch|p1a: townie|Togedemaru, M|82/100
|-damage|p1a: townie|76/100|[from] Stealth Rock
|move|p2a: and yea im indian.|Leech Seed|p1a: townie
|-start|p1a: townie|move: Leech Seed
|
|-heal|p1a: townie|82/100|[from] item: Leftovers
|-damage|p1a: townie|70/100|[from] Leech Seed|[of] p2a: and yea im indian.
|upkeep
|turn|21
|
|t:|1639011208
|switch|p2a: Sand Pat|Gigalith, F|43/100
|-damage|p2a: Sand Pat|31/100|[from] Stealth Rock
|-weather|Sandstorm|[from] ability: Sand Stream|[of] p2a: Sand Pat
|move|p1a: townie|Wish|p1a: townie
|
|-weather|Sandstorm|[upkeep]
|-heal|p1a: townie|76/100|[from] item: Leftovers
|-heal|p2a: Sand Pat|37/100|[from] item: Leftovers
|-damage|p1a: townie|63/100|[from] Leech Seed|[of] p2a: Sand Pat
|-heal|p2a: Sand Pat|48/100|[silent]
|upkeep
|turn|22
|
|t:|1639011214
|switch|p1a: late spring|Tsareena, F|62/100
|move|p2a: Sand Pat|Protect||[still]
|-fail|p2a: Sand Pat
|
|-weather|Sandstorm|[upkeep]
|-damage|p1a: late spring|56/100|[from] Sandstorm
|-heal|p1a: late spring|100/100|[from] move: Wish|[wisher] townie
|-heal|p2a: Sand Pat|54/100|[from] item: Leftovers
|upkeep
|turn|23
|
|t:|1639011220
|move|p2a: Sand Pat|Protect|p2a: Sand Pat
|-singleturn|p2a: Sand Pat|Protect
|move|p1a: late spring|Rapid Spin|p2a: Sand Pat
|-activate|p2a: Sand Pat|move: Protect
|
|-weather|Sandstorm|[upkeep]
|-damage|p1a: late spring|94/100|[from] Sandstorm
|-heal|p2a: Sand Pat|60/100|[from] item: Leftovers
|upkeep
|turn|24
|
|t:|1639011225
|switch|p2a: and yea im indian.|Ferroseed, M|100/100
|-damage|p2a: and yea im indian.|94/100|[from] Stealth Rock
|move|p1a: late spring|Rapid Spin|p2a: and yea im indian.
|-resisted|p2a: and yea im indian.
|-damage|p2a: and yea im indian.|87/100
|-boost|p1a: late spring|spe|1
|-damage|p1a: late spring|82/100|[from] ability: Iron Barbs|[of] p2a: and yea im indian.
|-sideend|p1: cornelia street|Stealth Rock|[from] move: Rapid Spin|[of] p1a: late spring
|
|-weather|Sandstorm|[upkeep]
|-damage|p1a: late spring|76/100|[from] Sandstorm
|upkeep
|turn|25
|
|t:|1639011233
|switch|p1a: townie|Togedemaru, M|63/100
|move|p2a: and yea im indian.|Spikes|p1a: townie
|-sidestart|p1: cornelia street|Spikes
|
|-weather|none
|-heal|p1a: townie|69/100|[from] item: Leftovers
|upkeep
|turn|26
|
|t:|1639011240
|move|p1a: townie|Wish|p1a: townie
|move|p2a: and yea im indian.|Leech Seed|p1a: townie
|-start|p1a: townie|move: Leech Seed
|
|-heal|p1a: townie|75/100|[from] item: Leftovers
|-damage|p1a: townie|63/100|[from] Leech Seed|[of] p2a: and yea im indian.
|-heal|p2a: and yea im indian.|100/100|[silent]
|upkeep
|turn|27
|
|t:|1639011243
|move|p1a: townie|Spiky Shield|p1a: townie
|-singleturn|p1a: townie|move: Protect
|move|p2a: and yea im indian.|Spikes|p1a: townie
|-sidestart|p1: cornelia street|Spikes
|
|-heal|p1a: townie|100/100|[from] move: Wish|[wisher] townie
|-damage|p1a: townie|88/100|[from] Leech Seed|[of] p2a: and yea im indian.
|upkeep
|turn|28
|
|t:|1639011248
|switch|p1a: shooting star|Ribombee, F|94/100 tox
|switch|p2a: it's time (brioche|Quagsire, F|82/100 tox
|
|-damage|p1a: shooting star|88/100 tox|[from] psn
|-damage|p2a: it's time (brioche|76/100 tox|[from] psn
|upkeep
|turn|29
|
|t:|1639011255
|switch|p2a: and yea im indian.|Ferroseed, M|100/100
|-damage|p2a: and yea im indian.|94/100|[from] Stealth Rock
|move|p1a: shooting star|Aromatherapy|p1a: shooting star
|-activate|p1a: shooting star|move: Aromatherapy
|-curestatus|p1a: shooting star|tox|[msg]
|-curestatus|p1: texas reznikoff|tox|[msg]
|
|upkeep
|turn|30
|
|t:|1639011260
|move|p1a: shooting star|Quiver Dance|p1a: shooting star
|-boost|p1a: shooting star|spa|1
|-boost|p1a: shooting star|spd|1
|-boost|p1a: shooting star|spe|1
|move|p2a: and yea im indian.|Toxic|p1a: shooting star
|-status|p1a: shooting star|tox
|
|-damage|p1a: shooting star|82/100 tox|[from] psn
|upkeep
|turn|31
|
|t:|1639011265
|move|p1a: shooting star|Moonblast|p2a: and yea im indian.
|-resisted|p2a: and yea im indian.
|-crit|p2a: and yea im indian.
|-damage|p2a: and yea im indian.|39/100
|-unboost|p2a: and yea im indian.|spa|1
|move|p2a: and yea im indian.|Leech Seed|p1a: shooting star
|-start|p1a: shooting star|move: Leech Seed
|
|-damage|p1a: shooting star|70/100 tox|[from] Leech Seed|[of] p2a: and yea im indian.
|-heal|p2a: and yea im indian.|50/100|[silent]
|-damage|p1a: shooting star|58/100 tox|[from] psn
|upkeep
|turn|32
|
|t:|1639011273
|switch|p2a: Sand Pat|Gigalith, F|60/100
|-damage|p2a: Sand Pat|48/100|[from] Stealth Rock
|-weather|Sandstorm|[from] ability: Sand Stream|[of] p2a: Sand Pat
|move|p1a: shooting star|Aromatherapy|p1a: shooting star
|-activate|p1a: shooting star|move: Aromatherapy
|-curestatus|p1a: shooting star|tox|[msg]
|
|-weather|Sandstorm|[upkeep]
|-damage|p1a: shooting star|52/100|[from] Sandstorm
|-heal|p2a: Sand Pat|54/100|[from] item: Leftovers
|-damage|p1a: shooting star|40/100|[from] Leech Seed|[of] p2a: Sand Pat
|-heal|p2a: Sand Pat|63/100|[silent]
|upkeep
|turn|33
|
|t:|1639011280
|switch|p1a: late spring|Tsareena, F|76/100
|switch|p2a: chika auction|Ribombee, M|100/100
|
|-weather|Sandstorm|[upkeep]
|-damage|p2a: chika auction|94/100|[from] Sandstorm
|-damage|p1a: late spring|70/100|[from] Sandstorm
|upkeep
|turn|34
|
|t:|1639011285
|move|p2a: chika auction|Aromatherapy|p2a: chika auction
|-activate|p2a: chika auction|move: Aromatherapy
|-curestatus|p2: it's time (brioche|tox|[msg]
|-curestatus|p2: remake?|brn|[msg]
|move|p1a: late spring|Rapid Spin|p2a: chika auction
|-damage|p2a: chika auction|65/100
|-boost|p1a: late spring|spe|1
|-sideend|p1: cornelia street|Spikes|[from] move: Rapid Spin|[of] p1a: late spring
|
|-weather|Sandstorm|[upkeep]
|-damage|p2a: chika auction|59/100|[from] Sandstorm
|-damage|p1a: late spring|64/100|[from] Sandstorm
|upkeep
|turn|35
|
|t:|1639011293
|move|p2a: chika auction|Defog|p1a: late spring
|-unboost|p1a: late spring|evasion|1
|-sideend|p2: 70to90gxe|Stealth Rock|[from] move: Defog|[of] p2a: chika auction
|move|p1a: late spring|Rapid Spin|p2a: chika auction
|-damage|p2a: chika auction|25/100
|-boost|p1a: late spring|spe|1
|
|-weather|Sandstorm|[upkeep]
|-damage|p1a: late spring|58/100|[from] Sandstorm
|-damage|p2a: chika auction|19/100|[from] Sandstorm
|upkeep
|turn|36
|
|t:|1639011298
|switch|p2a: remake?|Weezing, M|53/100
|move|p1a: late spring|Knock Off|p2a: remake?
|-damage|p2a: remake?|30/100
|-enditem|p2a: remake?|Payapa Berry|[from] move: Knock Off|[of] p1a: late spring
|
|-weather|none
|upkeep
|turn|37
|
|t:|1639011321
|switch|p1a: texas reznikoff|Regirock|94/100
|move|p2a: remake?|Pain Split|p1a: texas reznikoff
|-sethp|p1a: texas reznikoff|61/100|[from] move: Pain Split|[silent]
|-sethp|p2a: remake?|66/100|[from] move: Pain Split
|
|-heal|p1a: texas reznikoff|67/100|[from] item: Leftovers
|upkeep
|turn|38
|
|t:|1639011327
|move|p2a: remake?|Corrosive Gas|p1a: texas reznikoff
|-enditem|p1a: texas reznikoff|Leftovers|[from] move: Corrosive Gas|[of] p2a: remake?
|move|p1a: texas reznikoff|Stealth Rock|p2a: remake?
|-sidestart|p2: 70to90gxe|move: Stealth Rock
|
|upkeep
|turn|39
|
|t:|1639011339
|switch|p1a: townie|Togedemaru, M|88/100
|move|p2a: remake?|Sludge Bomb|p1a: townie
|-immune|p1a: townie
|
|-heal|p1a: townie|94/100|[from] item: Leftovers
|upkeep
|turn|40
|
|t:|1639011346
|switch|p2a: it's time (brioche|Quagsire, F|76/100
|move|p1a: townie|U-turn|p2a: it's time (brioche
|-damage|p2a: it's time (brioche|65/100
|
|t:|1639011349
|switch|p1a: francis forever|Frosmoth, F|100/100|[from]move: U-turn
|
|upkeep
|turn|41
|
|t:|1639011355
|move|p1a: francis forever|Ice Beam|p2a: it's time (brioche
|-damage|p2a: it's time (brioche|18/100
|move|p2a: it's time (brioche|Toxic|p1a: francis forever
|-status|p1a: francis forever|tox
|
|-damage|p1a: francis forever|94/100 tox|[from] psn
|upkeep
|turn|42
|
|t:|1639011360
|switch|p2a: god tony chan|Scrafty, M|100/100
|-damage|p2a: god tony chan|95/100|[from] Stealth Rock
|move|p1a: francis forever|Ice Beam|p2a: god tony chan
|-damage|p2a: god tony chan|60/100
|
|-heal|p2a: god tony chan|66/100|[from] item: Leftovers
|-damage|p1a: francis forever|82/100 tox|[from] psn
|upkeep
|turn|43
|
|t:|1639011366
|switch|p1a: texas reznikoff|Regirock|67/100
|move|p2a: god tony chan|Knock Off|p1a: texas reznikoff
|-damage|p1a: texas reznikoff|57/100
|
|-heal|p2a: god tony chan|72/100|[from] item: Leftovers
|upkeep
|turn|44
|
|t:|1639011377
|switch|p2a: remake?|Weezing, M|66/100
|-damage|p2a: remake?|54/100|[from] Stealth Rock
|move|p1a: texas reznikoff|Body Press|p2a: remake?
|-resisted|p2a: remake?
|-damage|p2a: remake?|41/100
|
|upkeep
|turn|45
|
|t:|1639011379
|move|p2a: remake?|Flamethrower|p1a: texas reznikoff
|-resisted|p1a: texas reznikoff
|-damage|p1a: texas reznikoff|49/100
|move|p1a: texas reznikoff|Rock Blast|p2a: remake?
|-damage|p2a: remake?|34/100
|-damage|p2a: remake?|28/100
|-hitcount|p2a: remake?|2
|
|upkeep
|turn|46
|
|t:|1639011384
|move|p2a: remake?|Sludge Bomb|p1a: texas reznikoff
|-resisted|p1a: texas reznikoff
|-crit|p1a: texas reznikoff
|-damage|p1a: texas reznikoff|32/100
|move|p1a: texas reznikoff|Rock Blast|p2a: remake?|[miss]
|-miss|p1a: texas reznikoff|p2a: remake?
|
|upkeep
|turn|47
|c|☆cornelia street|dsjflkasdfj
|c|☆70to90gxe|ee
|
|t:|1639011394
|move|p2a: remake?|Sludge Bomb|p1a: texas reznikoff
|-resisted|p1a: texas reznikoff
|-damage|p1a: texas reznikoff|20/100
|move|p1a: texas reznikoff|Rock Blast|p2a: remake?
|-damage|p2a: remake?|21/100
|-damage|p2a: remake?|14/100
|-damage|p2a: remake?|7/100
|-hitcount|p2a: remake?|3
|
|upkeep
|turn|48
|
|t:|1639011399
|switch|p1a: townie|Togedemaru, M|94/100
|move|p2a: remake?|Sludge Bomb|p1a: townie
|-immune|p1a: townie
|
|-heal|p1a: townie|99/100|[from] item: Leftovers
|upkeep
|turn|49
|
|t:|1639011403
|switch|p2a: it's time (brioche|Quagsire, F|18/100
|move|p1a: townie|Iron Head|p2a: it's time (brioche
|-resisted|p2a: it's time (brioche
|-damage|p2a: it's time (brioche|7/100
|
|-heal|p1a: townie|100/100|[from] item: Leftovers
|upkeep
|turn|50
|
|t:|1639011408
|move|p1a: townie|U-turn|p2a: it's time (brioche
|-damage|p2a: it's time (brioche|0 fnt
|faint|p2a: it's time (brioche
|
|t:|1639011418
|switch|p1a: late spring|Tsareena, F|58/100|[from]move: U-turn
|
|upkeep
|
|t:|1639011428
|switch|p2a: god tony chan|Scrafty, M|72/100
|-damage|p2a: god tony chan|66/100|[from] Stealth Rock
|turn|51
|
|t:|1639011434
|move|p1a: late spring|Power Whip|p2a: god tony chan
|-damage|p2a: god tony chan|18/100
|move|p2a: god tony chan|Drain Punch|p1a: late spring
|-damage|p1a: late spring|34/100
|-heal|p2a: god tony chan|30/100|[from] drain|[of] p1a: late spring
|
|-heal|p2a: god tony chan|36/100|[from] item: Leftovers
|upkeep
|turn|52
|
|t:|1639011441
|switch|p2a: and yea im indian.|Ferroseed, M|50/100
|-damage|p2a: and yea im indian.|44/100|[from] Stealth Rock
|move|p1a: late spring|Power Whip|p2a: and yea im indian.|[miss]
|-miss|p1a: late spring|p2a: and yea im indian.
|
|upkeep
|turn|53
|
|t:|1639011444
|switch|p1a: shooting star|Ribombee, F|40/100
|move|p2a: and yea im indian.|Toxic|p1a: shooting star
|-status|p1a: shooting star|tox
|
|-damage|p1a: shooting star|34/100 tox|[from] psn
|upkeep
|turn|54
|
|t:|1639011448
|move|p1a: shooting star|Roost|p1a: shooting star
|-heal|p1a: shooting star|84/100 tox
|-singleturn|p1a: shooting star|move: Roost
|move|p2a: and yea im indian.|Leech Seed|p1a: shooting star
|-start|p1a: shooting star|move: Leech Seed
|
|-damage|p1a: shooting star|72/100 tox|[from] Leech Seed|[of] p2a: and yea im indian.
|-heal|p2a: and yea im indian.|55/100|[silent]
|-damage|p1a: shooting star|59/100 tox|[from] psn
|upkeep
|turn|55
|
|t:|1639011452
|move|p1a: shooting star|Aromatherapy|p1a: shooting star
|-activate|p1a: shooting star|move: Aromatherapy
|-curestatus|p1a: shooting star|tox|[msg]
|-curestatus|p1: francis forever|tox|[msg]
|move|p2a: and yea im indian.|Spikes|p1a: shooting star
|-sidestart|p1: cornelia street|Spikes
|
|-damage|p1a: shooting star|47/100|[from] Leech Seed|[of] p2a: and yea im indian.
|-heal|p2a: and yea im indian.|66/100|[silent]
|upkeep
|turn|56
|
|t:|1639011467
|switch|p1a: townie|Togedemaru, M|100/100
|-damage|p1a: townie|88/100|[from] Spikes
|move|p2a: and yea im indian.|Leech Seed|p1a: townie
|-start|p1a: townie|move: Leech Seed
|
|-heal|p1a: townie|94/100|[from] item: Leftovers
|-damage|p1a: townie|82/100|[from] Leech Seed|[of] p2a: and yea im indian.
|-heal|p2a: and yea im indian.|80/100|[silent]
|upkeep
|turn|57
|
|t:|1639011472
|move|p1a: townie|Wish|p1a: townie
|move|p2a: and yea im indian.|Spikes|p1a: townie
|-sidestart|p1: cornelia street|Spikes
|
|-heal|p1a: townie|88/100|[from] item: Leftovers
|-damage|p1a: townie|76/100|[from] Leech Seed|[of] p2a: and yea im indian.
|-heal|p2a: and yea im indian.|94/100|[silent]
|upkeep
|turn|58
|
|t:|1639011477
|switch|p1a: late spring|Tsareena, F|34/100
|move|p2a: and yea im indian.|Toxic|p1a: late spring
|-status|p1a: late spring|tox
|
|-heal|p1a: late spring|82/100 tox|[from] move: Wish|[wisher] townie
|-damage|p1a: late spring|76/100 tox|[from] psn
|upkeep
|turn|59
|
|t:|1639011485
|switch|p1a: townie|Togedemaru, M|76/100
|-damage|p1a: townie|59/100|[from] Spikes
|move|p2a: and yea im indian.|Protect||[still]
|-fail|p2a: and yea im indian.
|
|-heal|p1a: townie|65/100|[from] item: Leftovers
|upkeep
|turn|60
|
|t:|1639011488
|move|p1a: townie|Wish|p1a: townie
|move|p2a: and yea im indian.|Leech Seed|p1a: townie
|-start|p1a: townie|move: Leech Seed
|
|-heal|p1a: townie|71/100|[from] item: Leftovers
|-damage|p1a: townie|59/100|[from] Leech Seed|[of] p2a: and yea im indian.
|-heal|p2a: and yea im indian.|100/100|[silent]
|upkeep
|turn|61
|
|t:|1639011494
|switch|p1a: shooting star|Ribombee, F|47/100
|move|p2a: and yea im indian.|Toxic|p1a: shooting star|[miss]
|-miss|p2a: and yea im indian.|p1a: shooting star
|
|-heal|p1a: shooting star|100/100|[from] move: Wish|[wisher] townie
|upkeep
|turn|62
|
|t:|1639011499
|switch|p1a: townie|Togedemaru, M|59/100
|-damage|p1a: townie|42/100|[from] Spikes
|move|p2a: and yea im indian.|Toxic|p1a: townie
|-immune|p1a: townie
|
|-heal|p1a: townie|48/100|[from] item: Leftovers
|upkeep
|turn|63
|
|t:|1639011504
|move|p1a: townie|U-turn|p2a: and yea im indian.
|-damage|p2a: and yea im indian.|85/100
|-damage|p1a: townie|36/100|[from] ability: Iron Barbs|[of] p2a: and yea im indian.
|
|t:|1639011510
|switch|p1a: late spring|Tsareena, F|76/100 tox|[from]move: U-turn
|move|p2a: and yea im indian.|Leech Seed|p1a: late spring
|-immune|p1a: late spring
|
|-damage|p1a: late spring|70/100 tox|[from] psn
|upkeep
|turn|64
|
|t:|1639011516
|switch|p1a: townie|Togedemaru, M|36/100
|-damage|p1a: townie|20/100|[from] Spikes
|move|p2a: and yea im indian.|Protect||[still]
|-fail|p2a: and yea im indian.
|
|-heal|p1a: townie|26/100|[from] item: Leftovers
|upkeep
|turn|65
|
|t:|1639011519
|move|p1a: townie|Wish|p1a: townie
|move|p2a: and yea im indian.|Leech Seed|p1a: townie|[miss]
|-miss|p2a: and yea im indian.|p1a: townie
|
|-heal|p1a: townie|32/100|[from] item: Leftovers
|upkeep
|turn|66
|
|t:|1639011522
|move|p1a: townie|Spiky Shield|p1a: townie
|-singleturn|p1a: townie|move: Protect
|move|p2a: and yea im indian.|Leech Seed|p1a: townie
|-activate|p1a: townie|move: Protect
|
|-heal|p1a: townie|82/100|[from] move: Wish|[wisher] townie
|-heal|p1a: townie|88/100|[from] item: Leftovers
|upkeep
|turn|67
|
|t:|1639011526
|move|p1a: townie|Wish|p1a: townie
|move|p2a: and yea im indian.|Leech Seed|p1a: townie
|-start|p1a: townie|move: Leech Seed
|
|-heal|p1a: townie|94/100|[from] item: Leftovers
|-damage|p1a: townie|81/100|[from] Leech Seed|[of] p2a: and yea im indian.
|-heal|p2a: and yea im indian.|99/100|[silent]
|upkeep
|turn|68
|
|t:|1639011529
|switch|p1a: late spring|Tsareena, F|70/100 tox
|move|p2a: and yea im indian.|Protect||[still]
|-fail|p2a: and yea im indian.
|
|-heal|p1a: late spring|100/100 tox|[from] move: Wish|[wisher] townie
|-damage|p1a: late spring|94/100 tox|[from] psn
|upkeep
|turn|69
|
|t:|1639011534
|move|p2a: and yea im indian.|Protect|p2a: and yea im indian.
|-singleturn|p2a: and yea im indian.|Protect
|move|p1a: late spring|Rapid Spin|p2a: and yea im indian.
|-activate|p2a: and yea im indian.|move: Protect
|
|-damage|p1a: late spring|82/100 tox|[from] psn
|upkeep
|turn|70
|
|t:|1639011537
|move|p1a: late spring|Rapid Spin|p2a: and yea im indian.
|-resisted|p2a: and yea im indian.
|-damage|p2a: and yea im indian.|93/100
|-boost|p1a: late spring|spe|1
|-damage|p1a: late spring|70/100 tox|[from] ability: Iron Barbs|[of] p2a: and yea im indian.
|-sideend|p1: cornelia street|Spikes|[from] move: Rapid Spin|[of] p1a: late spring
|move|p2a: and yea im indian.|Spikes|p1a: late spring
|-sidestart|p1: cornelia street|Spikes
|
|-damage|p1a: late spring|52/100 tox|[from] psn
|upkeep
|turn|71
|
|t:|1639011547
|switch|p2a: god tony chan|Scrafty, M|36/100
|-damage|p2a: god tony chan|30/100|[from] Stealth Rock
|move|p1a: late spring|Synthesis|p1a: late spring
|-heal|p1a: late spring|100/100 tox
|
|-heal|p2a: god tony chan|36/100|[from] item: Leftovers
|-damage|p1a: late spring|76/100 tox|[from] psn
|upkeep
|turn|72
|
|t:|1639011553
|switch|p2a: and yea im indian.|Ferroseed, M|93/100
|-damage|p2a: and yea im indian.|86/100|[from] Stealth Rock
|move|p1a: late spring|Power Whip|p2a: and yea im indian.
|-resisted|p2a: and yea im indian.
|-damage|p2a: and yea im indian.|74/100
|-damage|p1a: late spring|64/100 tox|[from] ability: Iron Barbs|[of] p2a: and yea im indian.
|
|-damage|p1a: late spring|34/100 tox|[from] psn
|upkeep
|turn|73
|
|t:|1639011559
|switch|p1a: shooting star|Ribombee, F|100/100
|move|p2a: and yea im indian.|Leech Seed|p1a: shooting star
|-start|p1a: shooting star|move: Leech Seed
|
|-damage|p1a: shooting star|88/100|[from] Leech Seed|[of] p2a: and yea im indian.
|-heal|p2a: and yea im indian.|85/100|[silent]
|upkeep
|turn|74
|
|t:|1639011567
|switch|p1a: townie|Togedemaru, M|81/100
|-damage|p1a: townie|69/100|[from] Spikes
|switch|p2a: Sand Pat|Gigalith, F|63/100
|-damage|p2a: Sand Pat|50/100|[from] Stealth Rock
|-weather|Sandstorm|[from] ability: Sand Stream|[of] p2a: Sand Pat
|
|-weather|Sandstorm|[upkeep]
|-heal|p1a: townie|75/100|[from] item: Leftovers
|-heal|p2a: Sand Pat|57/100|[from] item: Leftovers
|upkeep
|turn|75
|
|t:|1639011574
|move|p1a: townie|Iron Head|p2a: Sand Pat
|-supereffective|p2a: Sand Pat
|-damage|p2a: Sand Pat|20/100
|cant|p2a: Sand Pat|flinch
|
|-weather|Sandstorm|[upkeep]
|-heal|p1a: townie|81/100|[from] item: Leftovers
|-heal|p2a: Sand Pat|26/100|[from] item: Leftovers
|upkeep
|turn|76
|
|t:|1639011578
|move|p2a: Sand Pat|Protect|p2a: Sand Pat
|-singleturn|p2a: Sand Pat|Protect
|move|p1a: townie|Iron Head|p2a: Sand Pat
|-activate|p2a: Sand Pat|move: Protect
|
|-weather|Sandstorm|[upkeep]
|-heal|p1a: townie|87/100|[from] item: Leftovers
|-heal|p2a: Sand Pat|32/100|[from] item: Leftovers
|upkeep
|turn|77
|
|t:|1639011580
|switch|p2a: and yea im indian.|Ferroseed, M|85/100
|-damage|p2a: and yea im indian.|79/100|[from] Stealth Rock
|move|p1a: townie|Iron Head|p2a: and yea im indian.
|-resisted|p2a: and yea im indian.
|-damage|p2a: and yea im indian.|68/100
|-damage|p1a: townie|75/100|[from] ability: Iron Barbs|[of] p2a: and yea im indian.
|
|-weather|Sandstorm|[upkeep]
|-heal|p1a: townie|81/100|[from] item: Leftovers
|upkeep
|turn|78
|
|t:|1639011586
|move|p1a: townie|Wish|p1a: townie
|move|p2a: and yea im indian.|Leech Seed|p1a: townie
|-start|p1a: townie|move: Leech Seed
|
|-weather|none
|-heal|p1a: townie|87/100|[from] item: Leftovers
|-damage|p1a: townie|74/100|[from] Leech Seed|[of] p2a: and yea im indian.
|-heal|p2a: and yea im indian.|82/100|[silent]
|upkeep
|turn|79
|
|t:|1639011593
|switch|p1a: francis forever|Frosmoth, F|82/100
|move|p2a: and yea im indian.|Spikes|p1a: francis forever
|-sidestart|p1: cornelia street|Spikes
|
|-heal|p1a: francis forever|100/100|[from] move: Wish|[wisher] townie
|upkeep
|turn|80
|
|t:|1639011597
|move|p1a: francis forever|Substitute|p1a: francis forever
|-start|p1a: francis forever|Substitute
|-damage|p1a: francis forever|76/100
|move|p2a: and yea im indian.|Toxic||[still]
|-fail|p2a: and yea im indian.
|
|upkeep
|turn|81
|c|☆70to90gxe|gg
|-message|70to90gxe forfeited.
|
|win|cornelia street
|c|☆cornelia street|gg
