|inactive|Battle timer is ON: inactive players will automatically lose when time's up.
|t:|1664724935
|gametype|singles
|player|p1|Lambovino|#scl2spartans|
|player|p2|termiii|#scl2gible|
|teamsize|p1|6
|teamsize|p2|6
|gen|8
|tier|[Gen 8] PU
|rule|Sleep Clause Mod: Limit one foe put to sleep
|rule|Species Clause: Limit one of each Pokémon
|rule|OHKO Clause: OHKO moves are banned
|rule|Evasion Items Clause: Evasion items are banned
|rule|Evasion Moves Clause: Evasion moves are banned
|rule|Endless Battle Clause: Forcing endless battles is banned
|rule|HP Percentage Mod: HP is shown in percentages
|rule|Dynamax Clause: You cannot dynamax
|clearpoke
|poke|p1|Gigalith, M|
|poke|p1|Sandslash, F|
|poke|p1|Weezing, M|
|poke|p1|Doublade, F|
|poke|p1|Ribombee, F|
|poke|p1|Eldegoss, F|
|poke|p2|Exeggutor, M|
|poke|p2|Scrafty, M|
|poke|p2|Wishiwashi, M|
|poke|p2|Aggron, M|
|poke|p2|Charizard, M|
|poke|p2|Ribombee, M|
|teampreview
|c|☆Lambovino|hf
|c|☆termiii|u2
|raw|<div class="broadcast-red"><strong>Moderated chat was set to ☆!</strong><br />Only users of rank ☆ and higher can talk.</div>
|inactive|Lambovino has 270 seconds left.
|inactive|termiii has 270 seconds left.
|inactive|Lambovino has 240 seconds left.
|inactive|Lambovino has 210 seconds left.
|
|t:|1664725054
|start
|switch|p1a: Chance Ball|Eldegoss, F|100/100
|switch|p2a: Wishiwashi|Wishiwashi, M|100/100
|-formechange|p2a: Wishiwashi|Wishiwashi-School||[from] ability: Schooling
|turn|1
|inactive|Lambovino has 240 seconds left.
|
|t:|1664725085
|switch|p1a: Asteroid Blues|Gigalith, M|100/100
|-weather|Sandstorm|[from] ability: Sand Stream|[of] p1a: Asteroid Blues
|switch|p2a: Exeggutor|Exeggutor, M|100/100
|
|-weather|Sandstorm|[upkeep]
|-damage|p2a: Exeggutor|94/100|[from] Sandstorm
|upkeep
|turn|2
|
|t:|1664725095
|move|p1a: Asteroid Blues|Protect|p1a: Asteroid Blues
|-singleturn|p1a: Asteroid Blues|Protect
|move|p2a: Exeggutor|Leaf Storm|p1a: Asteroid Blues
|-activate|p1a: Asteroid Blues|move: Protect
|
|-weather|Sandstorm|[upkeep]
|-damage|p2a: Exeggutor|88/100|[from] Sandstorm
|upkeep
|turn|3
|
|t:|1664725108
|switch|p1a: Chance Ball|Eldegoss, F|100/100
|move|p2a: Exeggutor|Leaf Storm|p1a: Chance Ball|[miss]
|-miss|p2a: Exeggutor|p1a: Chance Ball
|
|-weather|Sandstorm|[upkeep]
|-damage|p2a: Exeggutor|82/100|[from] Sandstorm
|-damage|p1a: Chance Ball|94/100|[from] Sandstorm
|upkeep
|turn|4
|inactive|termiii has 270 seconds left.
|
|t:|1664725150
|switch|p2a: Wishiwashi|Wishiwashi, M|100/100
|-formechange|p2a: Wishiwashi|Wishiwashi-School||[from] ability: Schooling
|move|p1a: Chance Ball|Leech Seed|p2a: Wishiwashi
|-start|p2a: Wishiwashi|move: Leech Seed
|
|-weather|Sandstorm|[upkeep]
|-damage|p1a: Chance Ball|88/100|[from] Sandstorm
|-damage|p2a: Wishiwashi|94/100|[from] Sandstorm
|-heal|p2a: Wishiwashi|100/100|[from] item: Leftovers
|-damage|p2a: Wishiwashi|88/100|[from] Leech Seed|[of] p1a: Chance Ball
|-heal|p1a: Chance Ball|99/100|[silent]
|upkeep
|turn|5
|inactive|Lambovino has 240 seconds left.
|
|t:|1664725165
|move|p1a: Chance Ball|Leaf Storm|p2a: Wishiwashi
|-supereffective|p2a: Wishiwashi
|-damage|p2a: Wishiwashi|12/100
|-unboost|p1a: Chance Ball|spa|2
|move|p2a: Wishiwashi|U-turn|p1a: Chance Ball
|-supereffective|p1a: Chance Ball
|-damage|p1a: Chance Ball|54/100
|
|t:|1664725186
|switch|p2a: Exeggutor|Exeggutor, M|82/100|[from]move: U-turn
|
|-weather|none
|upkeep
|turn|6
|inactive|Lambovino has 240 seconds left.
|inactive|Lambovino has 210 seconds left.
|
|t:|1664725230
|move|p2a: Exeggutor|Leaf Storm|p1a: Chance Ball
|-resisted|p1a: Chance Ball
|-damage|p1a: Chance Ball|2/100
|-unboost|p2a: Exeggutor|spa|2
|move|p1a: Chance Ball|Leaf Storm|p2a: Exeggutor
|-resisted|p2a: Exeggutor
|-damage|p2a: Exeggutor|68/100
|-unboost|p1a: Chance Ball|spa|2
|
|upkeep
|turn|7
|inactive|Lambovino has 210 seconds left.
|
|t:|1664725244
|switch|p2a: Wishiwashi|Wishiwashi, M|12/100
|switch|p1a: This Fffire|Weezing, M|100/100
|
|-heal|p2a: Wishiwashi|18/100|[from] item: Leftovers
|upkeep
|turn|8
|
|t:|1664725256
|switch|p2a: Charizard|Charizard, M|100/100
|move|p1a: This Fffire|Sludge Bomb|p2a: Charizard
|-crit|p2a: Charizard
|-damage|p2a: Charizard|57/100
|-status|p2a: Charizard|psn
|
|-damage|p2a: Charizard|45/100 psn|[from] psn
|upkeep
|turn|9
|
|t:|1664725265
|switch|p1a: Asteroid Blues|Gigalith, M|100/100
|-weather|Sandstorm|[from] ability: Sand Stream|[of] p1a: Asteroid Blues
|move|p2a: Charizard|Roost|p2a: Charizard
|-heal|p2a: Charizard|95/100 psn
|-singleturn|p2a: Charizard|move: Roost
|
|-weather|Sandstorm|[upkeep]
|-damage|p2a: Charizard|89/100 psn|[from] Sandstorm
|-damage|p2a: Charizard|76/100 psn|[from] psn
|upkeep
|turn|10
|
|t:|1664725273
|switch|p2a: Scrafty|Scrafty, M|100/100
|-ability|p2a: Scrafty|Intimidate|boost
|-unboost|p1a: Asteroid Blues|atk|1
|move|p1a: Asteroid Blues|Stealth Rock|p2a: Scrafty
|-sidestart|p2: termiii|move: Stealth Rock
|
|-weather|Sandstorm|[upkeep]
|-damage|p2a: Scrafty|94/100|[from] Sandstorm
|upkeep
|turn|11
|
|t:|1664725278
|switch|p1a: This Fffire|Weezing, M|100/100
|move|p2a: Scrafty|Knock Off|p1a: This Fffire
|-damage|p1a: This Fffire|59/100
|-enditem|p1a: This Fffire|Sitrus Berry|[from] move: Knock Off|[of] p2a: Scrafty
|
|-weather|Sandstorm|[upkeep]
|-damage|p2a: Scrafty|88/100|[from] Sandstorm
|-damage|p1a: This Fffire|53/100|[from] Sandstorm
|upkeep
|turn|12
|inactive|Lambovino has 240 seconds left.
|inactive|termiii has 270 seconds left.
|inactive|Lambovino has 210 seconds left.
|inactive|Lambovino has 180 seconds left.
|inactive|termiii has 240 seconds left.
|
|t:|1664725349
|switch|p2a: Charizard|Charizard, M|76/100 psn
|move|p1a: This Fffire|Sludge Bomb|p2a: Charizard
|-damage|p2a: Charizard|47/100 psn
|
|-weather|Sandstorm|[upkeep]
|-damage|p2a: Charizard|41/100 psn|[from] Sandstorm
|-damage|p1a: This Fffire|47/100|[from] Sandstorm
|-damage|p2a: Charizard|29/100 psn|[from] psn
|upkeep
|turn|13
|
|t:|1664725357
|switch|p1a: Asteroid Blues|Gigalith, M|100/100
|move|p2a: Charizard|Roost|p2a: Charizard
|-heal|p2a: Charizard|79/100 psn
|-singleturn|p2a: Charizard|move: Roost
|
|-weather|none
|-damage|p2a: Charizard|67/100 psn|[from] psn
|upkeep
|turn|14
|
|t:|1664725366
|switch|p2a: Scrafty|Scrafty, M|88/100
|-damage|p2a: Scrafty|82/100|[from] Stealth Rock
|-ability|p2a: Scrafty|Intimidate|boost
|-unboost|p1a: Asteroid Blues|atk|1
|move|p1a: Asteroid Blues|Rock Blast|p2a: Scrafty
|-resisted|p2a: Scrafty
|-damage|p2a: Scrafty|78/100
|-resisted|p2a: Scrafty
|-damage|p2a: Scrafty|74/100
|-resisted|p2a: Scrafty
|-damage|p2a: Scrafty|71/100
|-hitcount|p2a: Scrafty|3
|
|upkeep
|turn|15
|
|t:|1664725376
|move|p1a: Asteroid Blues|Protect|p1a: Asteroid Blues
|-singleturn|p1a: Asteroid Blues|Protect
|move|p2a: Scrafty|Knock Off|p1a: Asteroid Blues
|-activate|p1a: Asteroid Blues|move: Protect
|
|upkeep
|turn|16
|inactive|Lambovino has 210 seconds left.
|
|t:|1664725381
|switch|p1a: SHOGUN TONIGHT|Ribombee, F|100/100
|move|p2a: Scrafty|Knock Off|p1a: SHOGUN TONIGHT
|-resisted|p1a: SHOGUN TONIGHT
|-damage|p1a: SHOGUN TONIGHT|39/100
|-enditem|p1a: SHOGUN TONIGHT|Heavy-Duty Boots|[from] move: Knock Off|[of] p2a: Scrafty
|
|upkeep
|turn|17
|inactive|termiii has 270 seconds left.
|
|t:|1664725391
|switch|p2a: Aggron|Aggron, M|100/100
|-damage|p2a: Aggron|94/100|[from] Stealth Rock
|move|p1a: SHOGUN TONIGHT|Roost|p1a: SHOGUN TONIGHT
|-heal|p1a: SHOGUN TONIGHT|89/100
|-singleturn|p1a: SHOGUN TONIGHT|move: Roost
|
|-heal|p2a: Aggron|100/100|[from] item: Leftovers
|upkeep
|turn|18
|
|t:|1664725401
|switch|p1a: Grand Turismo|Sandslash, F|100/100
|switch|p2a: Exeggutor|Exeggutor, M|68/100
|-damage|p2a: Exeggutor|56/100|[from] Stealth Rock
|
|upkeep
|turn|19
|inactive|termiii has 270 seconds left.
|inactive|Lambovino has 210 seconds left.
|
|t:|1664725435
|move|p1a: Grand Turismo|Knock Off|p2a: Exeggutor
|-supereffective|p2a: Exeggutor
|-damage|p2a: Exeggutor|0 fnt
|-enditem|p2a: Exeggutor|Choice Specs|[from] move: Knock Off|[of] p1a: Grand Turismo
|faint|p2a: Exeggutor
|-damage|p1a: Grand Turismo|91/100|[from] item: Life Orb
|
|upkeep
|inactive|termiii has 270 seconds left.
|
|t:|1664725442
|switch|p2a: Ribombee|Ribombee, M|100/100
|turn|20
|
|t:|1664725448
|switch|p2a: Scrafty|Scrafty, M|71/100
|-damage|p2a: Scrafty|64/100|[from] Stealth Rock
|-ability|p2a: Scrafty|Intimidate|boost
|-unboost|p1a: Grand Turismo|atk|1
|switch|p1a: Asteroid Blues|Gigalith, M|100/100
|-weather|Sandstorm|[from] ability: Sand Stream|[of] p1a: Asteroid Blues
|
|-weather|Sandstorm|[upkeep]
|-damage|p2a: Scrafty|58/100|[from] Sandstorm
|upkeep
|turn|21
|
|t:|1664725460
|move|p1a: Asteroid Blues|Protect|p1a: Asteroid Blues
|-singleturn|p1a: Asteroid Blues|Protect
|move|p2a: Scrafty|Close Combat|p1a: Asteroid Blues
|-activate|p1a: Asteroid Blues|move: Protect
|
|-weather|Sandstorm|[upkeep]
|-damage|p2a: Scrafty|52/100|[from] Sandstorm
|upkeep
|turn|22
|
|t:|1664725470
|switch|p2a: Aggron|Aggron, M|100/100
|-damage|p2a: Aggron|94/100|[from] Stealth Rock
|switch|p1a: proutblade|Doublade, F|100/100
|
|-weather|Sandstorm|[upkeep]
|-heal|p2a: Aggron|100/100|[from] item: Leftovers
|upkeep
|turn|23
|inactive|termiii has 270 seconds left.
|
|t:|1664725500
|move|p2a: Aggron|Stealth Rock|p1a: proutblade
|-sidestart|p1: Lambovino|move: Stealth Rock
|move|p1a: proutblade|Close Combat|p2a: Aggron
|-supereffective|p2a: Aggron
|-damage|p2a: Aggron|0 fnt
|-unboost|p1a: proutblade|def|1
|-unboost|p1a: proutblade|spd|1
|faint|p2a: Aggron
|
|-weather|Sandstorm|[upkeep]
|upkeep
|
|t:|1664725505
|switch|p2a: Charizard|Charizard, M|67/100 psn
|turn|24
|
|t:|1664725513
|switch|p2a: Scrafty|Scrafty, M|52/100
|-damage|p2a: Scrafty|46/100|[from] Stealth Rock
|-ability|p2a: Scrafty|Intimidate|boost
|-unboost|p1a: proutblade|atk|1
|switch|p1a: Asteroid Blues|Gigalith, M|100/100
|-damage|p1a: Asteroid Blues|88/100|[from] Stealth Rock
|
|-weather|none
|-heal|p1a: Asteroid Blues|94/100|[from] item: Leftovers
|upkeep
|turn|25
|inactive|termiii has 270 seconds left.
|
|t:|1664725532
|move|p1a: Asteroid Blues|Protect|p1a: Asteroid Blues
|-singleturn|p1a: Asteroid Blues|Protect
|move|p2a: Scrafty|Knock Off|p1a: Asteroid Blues
|-activate|p1a: Asteroid Blues|move: Protect
|
|-heal|p1a: Asteroid Blues|100/100|[from] item: Leftovers
|upkeep
|turn|26
|inactive|Lambovino has 270 seconds left.
|
|t:|1664725543
|switch|p2a: Charizard|Charizard, M|67/100 psn
|switch|p1a: Chance Ball|Eldegoss, F|35/100
|
|-damage|p2a: Charizard|54/100 psn|[from] psn
|upkeep
|turn|27
|inactive|Lambovino has 270 seconds left.
|
|t:|1664725553
|switch|p1a: Asteroid Blues|Gigalith, M|100/100
|-damage|p1a: Asteroid Blues|88/100|[from] Stealth Rock
|-weather|Sandstorm|[from] ability: Sand Stream|[of] p1a: Asteroid Blues
|move|p2a: Charizard|Toxic|p1a: Asteroid Blues
|-status|p1a: Asteroid Blues|tox
|
|-weather|Sandstorm|[upkeep]
|-damage|p2a: Charizard|48/100 psn|[from] Sandstorm
|-heal|p1a: Asteroid Blues|94/100 tox|[from] item: Leftovers
|-damage|p2a: Charizard|36/100 psn|[from] psn
|-damage|p1a: Asteroid Blues|88/100 tox|[from] psn
|upkeep
|turn|28
|
|t:|1664725568
|switch|p2a: Wishiwashi|Wishiwashi, M|18/100
|-damage|p2a: Wishiwashi|6/100|[from] Stealth Rock
|move|p1a: Asteroid Blues|Rock Blast|p2a: Wishiwashi|[miss]
|-miss|p1a: Asteroid Blues|p2a: Wishiwashi
|
|-weather|Sandstorm|[upkeep]
|-damage|p2a: Wishiwashi|0 fnt|[from] Sandstorm
|faint|p2a: Wishiwashi
|-heal|p1a: Asteroid Blues|94/100 tox|[from] item: Leftovers
|-damage|p1a: Asteroid Blues|82/100 tox|[from] psn
|upkeep
|
|t:|1664725574
|switch|p2a: Scrafty|Scrafty, M|46/100
|-damage|p2a: Scrafty|40/100|[from] Stealth Rock
|-ability|p2a: Scrafty|Intimidate|boost
|-unboost|p1a: Asteroid Blues|atk|1
|turn|29
|
|t:|1664725579
|switch|p2a: Ribombee|Ribombee, M|100/100
|switch|p1a: Chance Ball|Eldegoss, F|68/100
|
|-weather|Sandstorm|[upkeep]
|-damage|p2a: Ribombee|94/100|[from] Sandstorm
|-damage|p1a: Chance Ball|62/100|[from] Sandstorm
|upkeep
|turn|30
|
|t:|1664725593
|switch|p1a: proutblade|Doublade, F|100/100
|-damage|p1a: proutblade|94/100|[from] Stealth Rock
|move|p2a: Ribombee|Aromatherapy|p2a: Ribombee
|-activate|p2a: Ribombee|move: Aromatherapy
|-curestatus|p2: Charizard|psn|[msg]
|
|-weather|Sandstorm|[upkeep]
|-damage|p2a: Ribombee|88/100|[from] Sandstorm
|upkeep
|turn|31
|
|t:|1664725598
|switch|p2a: Scrafty|Scrafty, M|40/100
|-damage|p2a: Scrafty|34/100|[from] Stealth Rock
|-ability|p2a: Scrafty|Intimidate|boost
|-unboost|p1a: proutblade|atk|1
|move|p1a: proutblade|Shadow Claw|p2a: Scrafty
|-resisted|p2a: Scrafty
|-damage|p2a: Scrafty|23/100
|
|-weather|none
|upkeep
|turn|32
|
|t:|1664725612
|switch|p2a: Charizard|Charizard, M|36/100
|switch|p1a: Chance Ball|Eldegoss, F|95/100
|
|upkeep
|turn|33
|
|t:|1664725622
|move|p2a: Charizard|Flamethrower|p1a: Chance Ball
|-supereffective|p1a: Chance Ball
|-damage|p1a: Chance Ball|37/100
|move|p1a: Chance Ball|Rapid Spin|p2a: Charizard
|-crit|p2a: Charizard
|-damage|p2a: Charizard|25/100
|-boost|p1a: Chance Ball|spe|1
|-sideend|p1: Lambovino|Stealth Rock|[from] move: Rapid Spin|[of] p1a: Chance Ball
|
|upkeep
|turn|34
|
|t:|1664725630
|switch|p1a: Asteroid Blues|Gigalith, M|82/100 tox
|-weather|Sandstorm|[from] ability: Sand Stream|[of] p1a: Asteroid Blues
|move|p2a: Charizard|Defog|p1a: Asteroid Blues
|-unboost|p1a: Asteroid Blues|evasion|1
|-sideend|p2: termiii|Stealth Rock|[from] move: Defog|[of] p2a: Charizard
|
|-weather|Sandstorm|[upkeep]
|-damage|p2a: Charizard|19/100|[from] Sandstorm
|-heal|p1a: Asteroid Blues|88/100 tox|[from] item: Leftovers
|-damage|p1a: Asteroid Blues|82/100 tox|[from] psn
|upkeep
|turn|35
|
|t:|1664725635
|move|p2a: Charizard|Roost|p2a: Charizard
|-heal|p2a: Charizard|69/100
|-singleturn|p2a: Charizard|move: Roost
|move|p1a: Asteroid Blues|Rock Blast|p2a: Charizard
|-supereffective|p2a: Charizard
|-damage|p2a: Charizard|43/100
|-supereffective|p2a: Charizard
|-damage|p2a: Charizard|16/100
|-supereffective|p2a: Charizard
|-damage|p2a: Charizard|0 fnt
|faint|p2a: Charizard
|-hitcount|p2: Charizard|3
|
|-weather|Sandstorm|[upkeep]
|-heal|p1a: Asteroid Blues|88/100 tox|[from] item: Leftovers
|-damage|p1a: Asteroid Blues|76/100 tox|[from] psn
|upkeep
|
|t:|1664725643
|switch|p2a: Scrafty|Scrafty, M|23/100
|-ability|p2a: Scrafty|Intimidate|boost
|-unboost|p1a: Asteroid Blues|atk|1
|turn|36
|
|t:|1664725650
|switch|p2a: Ribombee|Ribombee, M|88/100
|move|p1a: Asteroid Blues|Protect||[still]
|-fail|p1a: Asteroid Blues
|
|-weather|Sandstorm|[upkeep]
|-damage|p2a: Ribombee|82/100|[from] Sandstorm
|-heal|p1a: Asteroid Blues|82/100 tox|[from] item: Leftovers
|-damage|p1a: Asteroid Blues|64/100 tox|[from] psn
|upkeep
|turn|37
|
|t:|1664725664
|switch|p1a: proutblade|Doublade, F|94/100
|move|p2a: Ribombee|Roost|p2a: Ribombee
|-heal|p2a: Ribombee|100/100
|-singleturn|p2a: Ribombee|move: Roost
|
|-weather|Sandstorm|[upkeep]
|-damage|p2a: Ribombee|94/100|[from] Sandstorm
|upkeep
|turn|38
|
|t:|1664725672
|switch|p2a: Scrafty|Scrafty, M|23/100
|-ability|p2a: Scrafty|Intimidate|boost
|-unboost|p1a: proutblade|atk|1
|move|p1a: proutblade|Shadow Claw|p2a: Scrafty
|-resisted|p2a: Scrafty
|-damage|p2a: Scrafty|11/100
|
|-weather|none
|upkeep
|turn|39
|
|t:|1664725678
|switch|p1a: Chance Ball|Eldegoss, F|70/100
|move|p2a: Scrafty|Knock Off|p1a: Chance Ball
|-damage|p1a: Chance Ball|0 fnt
|-enditem|p1a: Chance Ball|Heavy-Duty Boots|[from] move: Knock Off|[of] p2a: Scrafty
|faint|p1a: Chance Ball
|
|upkeep
|
|t:|1664725682
|switch|p1a: SHOGUN TONIGHT|Ribombee, F|89/100
|turn|40
|
|t:|1664725685
|move|p1a: SHOGUN TONIGHT|Quiver Dance|p1a: SHOGUN TONIGHT
|-boost|p1a: SHOGUN TONIGHT|spa|1
|-boost|p1a: SHOGUN TONIGHT|spd|1
|-boost|p1a: SHOGUN TONIGHT|spe|1
|move|p2a: Scrafty|Knock Off|p1a: SHOGUN TONIGHT
|-resisted|p1a: SHOGUN TONIGHT
|-damage|p1a: SHOGUN TONIGHT|53/100
|
|upkeep
|turn|41
|
|t:|1664725689
|move|p1a: SHOGUN TONIGHT|Moonblast|p2a: Scrafty
|-supereffective|p2a: Scrafty
|-damage|p2a: Scrafty|0 fnt
|faint|p2a: Scrafty
|
|upkeep
|c|☆termiii|gg
|-message|termiii forfeited.
|
|win|Lambovino
|c|☆Lambovino|gg
