|inactive|Battle timer is ON: inactive players will automatically lose when time's up.
|t:|1665959521
|gametype|singles
|player|p1|Lambovino|#scl2spartans|
|player|p2|reyscarface|scientist|
|teamsize|p1|6
|teamsize|p2|6
|gen|8
|tier|[Gen 8] PU
|rule|Sleep Clause Mod: Limit one foe put to sleep
|rule|Species Clause: Limit one of each Pokémon
|rule|OHKO Clause: OHKO moves are banned
|rule|Evasion Items Clause: Evasion items are banned
|rule|Evasion Moves Clause: Evasion moves are banned
|rule|Endless Battle Clause: Forcing endless battles is banned
|rule|HP Percentage Mod: HP is shown in percentages
|rule|Dynamax Clause: You cannot dynamax
|clearpoke
|poke|p1|Whimsicott, F|
|poke|p1|Cinccino, M|
|poke|p1|Gallade, M|
|poke|p1|Weezing, F|
|poke|p1|Lanturn, F|
|poke|p1|Aggron, M|
|poke|p2|Articuno|
|poke|p2|Eldegoss, F|
|poke|p2|Pyukumuku, M|
|poke|p2|Audino, M|
|poke|p2|Silvally-*|
|poke|p2|Weezing, M|
|teampreview
|c|+We Three Kings|dad
|c|☆Lambovino|hf
|c|☆reyscarface|you too
|raw|<div class="broadcast-red"><strong>Moderated chat was set to ☆!</strong><br />Only users of rank ☆ and higher can talk.</div>
|inactive|Lambovino has 270 seconds left.
|inactive|reyscarface has 270 seconds left.
|
|t:|1665959561
|start
|switch|p1a: Aggron|Aggron, M|100/100
|switch|p2a: Strabismus|Weezing, M, shiny|100/100
|turn|1
|
|t:|1665959582
|switch|p1a: Weezing|Weezing, F|100/100
|move|p2a: Strabismus|Will-O-Wisp|p1a: Weezing
|-status|p1a: Weezing|brn
|
|-damage|p1a: Weezing|95/100 brn|[from] brn
|upkeep
|turn|2
|
|t:|1665959589
|move|p1a: Weezing|Toxic Spikes|p2a: Strabismus
|-sidestart|p2: reyscarface|move: Toxic Spikes
|move|p2a: Strabismus|Toxic Spikes|p1a: Weezing
|-sidestart|p1: Lambovino|move: Toxic Spikes
|
|-heal|p1a: Weezing|100/100 brn|[from] item: Black Sludge
|-damage|p1a: Weezing|95/100 brn|[from] brn
|upkeep
|turn|3
|
|t:|1665959600
|move|p1a: Weezing|Flamethrower|p2a: Strabismus
|-damage|p2a: Strabismus|76/100
|move|p2a: Strabismus|Toxic Spikes|p1a: Weezing
|-sidestart|p1: Lambovino|move: Toxic Spikes
|
|-heal|p1a: Weezing|100/100 brn|[from] item: Black Sludge
|-damage|p1a: Weezing|95/100 brn|[from] brn
|upkeep
|turn|4
|
|t:|1665959608
|move|p1a: Weezing|Flamethrower|p2a: Strabismus
|-damage|p2a: Strabismus|49/100
|move|p2a: Strabismus|Pain Split|p1a: Weezing
|-sethp|p1a: Weezing|71/100 brn|[from] move: Pain Split|[silent]
|-sethp|p2a: Strabismus|71/100|[from] move: Pain Split
|
|-heal|p1a: Weezing|77/100 brn|[from] item: Black Sludge
|-damage|p1a: Weezing|71/100 brn|[from] brn
|upkeep
|turn|5
|
|t:|1665959614
|switch|p2a: Macular Hole|Audino, M|100/100
|move|p1a: Weezing|Flamethrower|p2a: Macular Hole
|-damage|p2a: Macular Hole|89/100
|
|-heal|p1a: Weezing|77/100 brn|[from] item: Black Sludge
|-damage|p1a: Weezing|71/100 brn|[from] brn
|upkeep
|turn|6
|
|t:|1665959627
|move|p1a: Weezing|Sludge Bomb|p2a: Macular Hole
|-crit|p2a: Macular Hole
|-damage|p2a: Macular Hole|59/100
|-status|p2a: Macular Hole|psn
|move|p2a: Macular Hole|Knock Off|p1a: Weezing
|-damage|p1a: Weezing|61/100 brn
|-enditem|p1a: Weezing|Black Sludge|[from] move: Knock Off|[of] p2a: Macular Hole
|
|-damage|p2a: Macular Hole|47/100 psn|[from] psn
|-damage|p1a: Weezing|55/100 brn|[from] brn
|upkeep
|turn|7
|
|t:|1665959637
|switch|p1a: Aggron|Aggron, M|100/100
|move|p2a: Macular Hole|Wish|p2a: Macular Hole
|
|-damage|p2a: Macular Hole|34/100 psn|[from] psn
|upkeep
|turn|8
|inactive|reyscarface has 270 seconds left.
|
|t:|1665959695
|switch|p2a: Fuchs Distrophy|Eldegoss, F, shiny|100/100
|move|p1a: Aggron|Stealth Rock|p2a: Fuchs Distrophy
|-sidestart|p2: reyscarface|move: Stealth Rock
|
|upkeep
|turn|9
|inactive|reyscarface has 240 seconds left.
|
|t:|1665959711
|move|p2a: Fuchs Distrophy|Rapid Spin|p1a: Aggron
|-resisted|p1a: Aggron
|-damage|p1a: Aggron|99/100
|-boost|p2a: Fuchs Distrophy|spe|1
|-sideend|p2: reyscarface|Toxic Spikes|[from] move: Rapid Spin|[of] p2a: Fuchs Distrophy
|-sideend|p2: reyscarface|Stealth Rock|[from] move: Rapid Spin|[of] p2a: Fuchs Distrophy
|move|p1a: Aggron|Head Smash|p2a: Fuchs Distrophy
|-damage|p2a: Fuchs Distrophy|53/100
|
|-heal|p1a: Aggron|100/100|[from] item: Leftovers
|upkeep
|turn|10
|inactive|reyscarface has 240 seconds left.
|
|t:|1665959725
|move|p2a: Fuchs Distrophy|Leech Seed|p1a: Aggron
|-start|p1a: Aggron|move: Leech Seed
|move|p1a: Aggron|Stealth Rock|p2a: Fuchs Distrophy
|-sidestart|p2: reyscarface|move: Stealth Rock
|
|-damage|p1a: Aggron|88/100|[from] Leech Seed|[of] p2a: Fuchs Distrophy
|-heal|p2a: Fuchs Distrophy|66/100|[silent]
|upkeep
|turn|11
|
|t:|1665959734
|switch|p1a: Whimsicott|Whimsicott, F|100/100
|move|p2a: Fuchs Distrophy|Rapid Spin|p1a: Whimsicott
|-damage|p1a: Whimsicott|93/100
|-boost|p2a: Fuchs Distrophy|spe|1
|-sideend|p2: reyscarface|Stealth Rock|[from] move: Rapid Spin|[of] p2a: Fuchs Distrophy
|
|upkeep
|turn|12
|
|t:|1665959743
|switch|p2a: Cataract|Articuno, shiny|100/100
|-ability|p2a: Cataract|Pressure
|move|p1a: Whimsicott|Defog|p2a: Cataract
|-unboost|p2a: Cataract|evasion|1
|-sideend|p1: Lambovino|Toxic Spikes|[from] move: Defog|[of] p1a: Whimsicott
|
|upkeep
|turn|13
|
|t:|1665959756
|switch|p2a: Fuchs Distrophy|Eldegoss, F, shiny|99/100
|move|p1a: Whimsicott|U-turn|p2a: Fuchs Distrophy
|-supereffective|p2a: Fuchs Distrophy
|-damage|p2a: Fuchs Distrophy|81/100
|inactive|Lambovino has 270 seconds left.
|
|t:|1665959805
|switch|p1a: Gallade|Gallade, M|100/100|[from]move: U-turn
|
|upkeep
|turn|14
|
|t:|1665959823
|switch|p2a: Keratitis|Silvally-Fairy, shiny|100/100
|move|p1a: Gallade|Knock Off|p2a: Keratitis
|-resisted|p2a: Keratitis
|-damage|p2a: Keratitis|90/100
|
|upkeep
|turn|15
|inactive|Lambovino has 270 seconds left.
|
|t:|1665959833
|switch|p1a: Aggron|Aggron, M|88/100
|move|p2a: Keratitis|Multi-Attack|p1a: Aggron
|-resisted|p1a: Aggron
|-damage|p1a: Aggron|77/100
|
|-heal|p1a: Aggron|83/100|[from] item: Leftovers
|upkeep
|turn|16
|
|t:|1665959845
|switch|p2a: Fuchs Distrophy|Eldegoss, F, shiny|100/100
|move|p1a: Aggron|Stealth Rock|p2a: Fuchs Distrophy
|-sidestart|p2: reyscarface|move: Stealth Rock
|
|-heal|p1a: Aggron|89/100|[from] item: Leftovers
|upkeep
|turn|17
|
|t:|1665959849
|move|p2a: Fuchs Distrophy|Leech Seed|p1a: Aggron
|-start|p1a: Aggron|move: Leech Seed
|move|p1a: Aggron|Toxic|p2a: Fuchs Distrophy
|-status|p2a: Fuchs Distrophy|tox
|
|-heal|p1a: Aggron|95/100|[from] item: Leftovers
|-damage|p1a: Aggron|82/100|[from] Leech Seed|[of] p2a: Fuchs Distrophy
|-damage|p2a: Fuchs Distrophy|94/100 tox|[from] psn
|upkeep
|turn|18
|
|t:|1665959868
|switch|p1a: Cinccino|Cinccino, M|100/100
|move|p2a: Fuchs Distrophy|Aromatherapy|p2a: Fuchs Distrophy
|-activate|p2a: Fuchs Distrophy|move: Aromatherapy
|-curestatus|p2a: Fuchs Distrophy|tox|[msg]
|-curestatus|p2: Macular Hole|psn|[msg]
|
|upkeep
|turn|19
|inactive|reyscarface has 270 seconds left.
|inactive|reyscarface has 240 seconds left.
|
|t:|1665959920
|move|p1a: Cinccino|Encore|p2a: Fuchs Distrophy
|-start|p2a: Fuchs Distrophy|Encore
|move|p2a: Fuchs Distrophy|Aromatherapy||[still]
|-activate|p2a: Fuchs Distrophy|move: Aromatherapy
|-fail|p2a: Fuchs Distrophy
|
|upkeep
|turn|20
|inactive|reyscarface has 240 seconds left.
|inactive|reyscarface has 210 seconds left.
|inactive|reyscarface has 180 seconds left.
|
|t:|1665960011
|switch|p2a: Strabismus|Weezing, M, shiny|71/100
|-damage|p2a: Strabismus|59/100|[from] Stealth Rock
|move|p1a: Cinccino|Knock Off|p2a: Strabismus
|-damage|p2a: Strabismus|41/100
|-damage|p1a: Cinccino|84/100|[from] item: Rocky Helmet|[of] p2a: Strabismus
|-enditem|p2a: Strabismus|Rocky Helmet|[from] move: Knock Off|[of] p1a: Cinccino
|
|upkeep
|turn|21
|
|t:|1665960026
|move|p1a: Cinccino|U-turn|p2a: Strabismus
|-resisted|p2a: Strabismus
|-damage|p2a: Strabismus|35/100
|
|t:|1665960029
|switch|p1a: Weezing|Weezing, F|55/100 brn|[from]move: U-turn
|move|p2a: Strabismus|Pain Split|p1a: Weezing
|-sethp|p1a: Weezing|45/100 brn|[from] move: Pain Split|[silent]
|-sethp|p2a: Strabismus|45/100|[from] move: Pain Split
|
|-damage|p1a: Weezing|39/100 brn|[from] brn
|upkeep
|turn|22
|
|t:|1665960035
|move|p2a: Strabismus|Toxic Spikes|p1a: Weezing
|-sidestart|p1: Lambovino|move: Toxic Spikes
|move|p1a: Weezing|Toxic Spikes|p2a: Strabismus
|-sidestart|p2: reyscarface|move: Toxic Spikes
|
|-damage|p1a: Weezing|33/100 brn|[from] brn
|upkeep
|turn|23
|
|t:|1665960045
|switch|p2a: Cataract|Articuno, shiny|100/100
|-ability|p2a: Cataract|Pressure
|move|p1a: Weezing|Pain Split|p2a: Cataract
|-sethp|p2a: Cataract|65/100|[from] move: Pain Split|[silent]
|-sethp|p1a: Weezing|74/100 brn|[from] move: Pain Split
|
|-damage|p1a: Weezing|68/100 brn|[from] brn
|upkeep
|turn|24
|inactive|reyscarface has 180 seconds left.
|
|t:|1665960053
|switch|p1a: Aggron|Aggron, M|82/100
|move|p2a: Cataract|Roost|p2a: Cataract
|-heal|p2a: Cataract|100/100
|-singleturn|p2a: Cataract|move: Roost
|
|-heal|p1a: Aggron|89/100|[from] item: Leftovers
|upkeep
|turn|25
|
|t:|1665960061
|switch|p2a: Fuchs Distrophy|Eldegoss, F, shiny|100/100
|move|p1a: Aggron|Head Smash|p2a: Fuchs Distrophy|[miss]
|-miss|p1a: Aggron|p2a: Fuchs Distrophy
|
|-heal|p1a: Aggron|95/100|[from] item: Leftovers
|upkeep
|turn|26
|
|t:|1665960075
|move|p2a: Fuchs Distrophy|Rapid Spin|p1a: Aggron
|-resisted|p1a: Aggron
|-damage|p1a: Aggron|94/100
|-boost|p2a: Fuchs Distrophy|spe|1
|-sideend|p2: reyscarface|Toxic Spikes|[from] move: Rapid Spin|[of] p2a: Fuchs Distrophy
|-sideend|p2: reyscarface|Stealth Rock|[from] move: Rapid Spin|[of] p2a: Fuchs Distrophy
|move|p1a: Aggron|Toxic|p2a: Fuchs Distrophy
|-status|p2a: Fuchs Distrophy|tox
|
|-heal|p1a: Aggron|99/100|[from] item: Leftovers
|-damage|p2a: Fuchs Distrophy|94/100 tox|[from] psn
|upkeep
|turn|27
|
|t:|1665960083
|switch|p2a: Strabismus|Weezing, M, shiny|45/100
|move|p1a: Aggron|Head Smash|p2a: Strabismus
|-damage|p2a: Strabismus|5/100
|
|-heal|p1a: Aggron|100/100|[from] item: Leftovers
|upkeep
|turn|28
|
|t:|1665960089
|switch|p1a: Weezing|Weezing, F|68/100 brn
|move|p2a: Strabismus|Pain Split|p1a: Weezing
|-sethp|p1a: Weezing|36/100 brn|[from] move: Pain Split|[silent]
|-sethp|p2a: Strabismus|36/100|[from] move: Pain Split
|
|-damage|p1a: Weezing|30/100 brn|[from] brn
|upkeep
|turn|29
|
|t:|1665960096
|move|p1a: Weezing|Pain Split|p2a: Strabismus
|-sethp|p2a: Strabismus|33/100|[from] move: Pain Split|[silent]
|-sethp|p1a: Weezing|33/100 brn|[from] move: Pain Split
|move|p2a: Strabismus|Sludge Bomb|p1a: Weezing
|-resisted|p1a: Weezing
|-damage|p1a: Weezing|14/100 brn
|
|-damage|p1a: Weezing|8/100 brn|[from] brn
|upkeep
|turn|30
|
|t:|1665960110
|move|p2a: Strabismus|Sludge Bomb|p1a: Weezing
|-resisted|p1a: Weezing
|-damage|p1a: Weezing|0 fnt
|faint|p1a: Weezing
|
|upkeep
|
|t:|1665960125
|switch|p1a: Cinccino|Cinccino, M|84/100
|turn|31
|inactive|reyscarface has 210 seconds left.
|inactive|reyscarface has 180 seconds left.
|
|t:|1665960181
|switch|p2a: Retinoblastoma|Pyukumuku, M|100/100
|move|p1a: Cinccino|Tail Slap|p2a: Retinoblastoma
|-damage|p2a: Retinoblastoma|94/100
|-damage|p2a: Retinoblastoma|87/100
|-damage|p2a: Retinoblastoma|80/100
|-crit|p2a: Retinoblastoma
|-damage|p2a: Retinoblastoma|68/100
|-damage|p2a: Retinoblastoma|60/100
|-hitcount|p2a: Retinoblastoma|5
|
|-heal|p2a: Retinoblastoma|66/100|[from] item: Leftovers
|upkeep
|turn|32
|
|t:|1665960190
|move|p1a: Cinccino|Knock Off|p2a: Retinoblastoma
|-damage|p2a: Retinoblastoma|47/100
|-enditem|p2a: Retinoblastoma|Leftovers|[from] move: Knock Off|[of] p1a: Cinccino
|move|p2a: Retinoblastoma|Toxic|p1a: Cinccino
|-status|p1a: Cinccino|tox
|
|-damage|p1a: Cinccino|78/100 tox|[from] psn
|upkeep
|turn|33
|
|t:|1665960198
|move|p1a: Cinccino|Encore|p2a: Retinoblastoma
|-start|p2a: Retinoblastoma|Encore
|move|p2a: Retinoblastoma|Toxic|p1a: Cinccino|[miss]
|-miss|p2a: Retinoblastoma|p1a: Cinccino
|
|-damage|p1a: Cinccino|65/100 tox|[from] psn
|upkeep
|turn|34
|
|t:|1665960205
|switch|p2a: Cataract|Articuno, shiny|100/100
|-ability|p2a: Cataract|Pressure
|move|p1a: Cinccino|U-turn|p2a: Cataract
|-resisted|p2a: Cataract
|-damage|p2a: Cataract|91/100
|
|t:|1665960207
|switch|p1a: Aggron|Aggron, M|100/100|[from]move: U-turn
|
|upkeep
|turn|35
|inactive|reyscarface has 180 seconds left.
|inactive|reyscarface has 150 seconds left.
|
|t:|1665960261
|switch|p2a: Strabismus|Weezing, M, shiny|33/100
|move|p1a: Aggron|Head Smash|p2a: Strabismus
|-damage|p2a: Strabismus|0 fnt
|faint|p2a: Strabismus
|
|upkeep
|
|t:|1665960270
|switch|p2a: Fuchs Distrophy|Eldegoss, F, shiny|100/100 tox
|turn|36
|
|t:|1665960289
|switch|p1a: Whimsicott|Whimsicott, F|93/100
|move|p2a: Fuchs Distrophy|Aromatherapy|p2a: Fuchs Distrophy
|-activate|p2a: Fuchs Distrophy|move: Aromatherapy
|-curestatus|p2a: Fuchs Distrophy|tox|[msg]
|
|upkeep
|turn|37
|
|t:|1665960297
|switch|p2a: Macular Hole|Audino, M|68/100
|move|p1a: Whimsicott|Defog|p2a: Macular Hole
|-unboost|p2a: Macular Hole|evasion|1
|-sideend|p1: Lambovino|Toxic Spikes|[from] move: Defog|[of] p1a: Whimsicott
|
|upkeep
|turn|38
|
|t:|1665960302
|move|p1a: Whimsicott|U-turn|p2a: Macular Hole
|-damage|p2a: Macular Hole|58/100
|inactive|Lambovino has 270 seconds left.
|
|t:|1665960354
|switch|p1a: Gallade|Gallade, M|100/100|[from]move: U-turn
|move|p2a: Macular Hole|Knock Off|p1a: Gallade
|-damage|p1a: Gallade|72/100
|-ability|p1a: Gallade|Justified|boost
|-boost|p1a: Gallade|atk|1
|-enditem|p1a: Gallade|Muscle Band|[from] move: Knock Off|[of] p2a: Macular Hole
|
|upkeep
|turn|39
|inactive|reyscarface has 150 seconds left.
|
|t:|1665960383
|switch|p2a: Keratitis|Silvally-Fairy, shiny|90/100
|move|p1a: Gallade|Zen Headbutt|p2a: Keratitis
|-damage|p2a: Keratitis|36/100
|
|upkeep
|turn|40
|inactive|Lambovino has 240 seconds left.
|
|t:|1665960427
|switch|p1a: Aggron|Aggron, M|100/100
|move|p2a: Keratitis|Multi-Attack|p1a: Aggron
|-resisted|p1a: Aggron
|-damage|p1a: Aggron|89/100
|
|-heal|p1a: Aggron|96/100|[from] item: Leftovers
|upkeep
|turn|41
|inactive|reyscarface has 150 seconds left.
|
|t:|1665960435
|switch|p2a: Fuchs Distrophy|Eldegoss, F, shiny|100/100
|move|p1a: Aggron|Toxic|p2a: Fuchs Distrophy
|-status|p2a: Fuchs Distrophy|tox
|
|-heal|p1a: Aggron|100/100|[from] item: Leftovers
|-damage|p2a: Fuchs Distrophy|94/100 tox|[from] psn
|upkeep
|turn|42
|inactive|reyscarface has 150 seconds left.
|
|t:|1665960446
|move|p2a: Fuchs Distrophy|Leech Seed|p1a: Aggron
|-start|p1a: Aggron|move: Leech Seed
|move|p1a: Aggron|Stealth Rock|p2a: Fuchs Distrophy
|-sidestart|p2: reyscarface|move: Stealth Rock
|
|-damage|p1a: Aggron|88/100|[from] Leech Seed|[of] p2a: Fuchs Distrophy
|-heal|p2a: Fuchs Distrophy|100/100 tox|[silent]
|-damage|p2a: Fuchs Distrophy|88/100 tox|[from] psn
|upkeep
|turn|43
|
|t:|1665960455
|switch|p1a: Cinccino|Cinccino, M|65/100 tox
|move|p2a: Fuchs Distrophy|Rapid Spin|p1a: Cinccino
|-damage|p1a: Cinccino|55/100 tox
|-boost|p2a: Fuchs Distrophy|spe|1
|-sideend|p2: reyscarface|Stealth Rock|[from] move: Rapid Spin|[of] p2a: Fuchs Distrophy
|
|-damage|p1a: Cinccino|49/100 tox|[from] psn
|-damage|p2a: Fuchs Distrophy|70/100 tox|[from] psn
|upkeep
|turn|44
|inactive|reyscarface has 150 seconds left.
|
|t:|1665960477
|switch|p2a: Macular Hole|Audino, M|91/100
|move|p1a: Cinccino|U-turn|p2a: Macular Hole
|-damage|p2a: Macular Hole|71/100
|
|t:|1665960480
|switch|p1a: Gallade|Gallade, M|72/100|[from]move: U-turn
|
|upkeep
|turn|45
|inactive|reyscarface has 150 seconds left.
|inactive|reyscarface has 120 seconds left.
|inactive|reyscarface has 90 seconds left.
|inactive|reyscarface has 60 seconds left.
|
|t:|1665960594
|switch|p2a: Fuchs Distrophy|Eldegoss, F, shiny|100/100 tox
|move|p1a: Gallade|Close Combat|p2a: Fuchs Distrophy
|-damage|p2a: Fuchs Distrophy|47/100 tox
|-unboost|p1a: Gallade|def|1
|-unboost|p1a: Gallade|spd|1
|
|-damage|p2a: Fuchs Distrophy|41/100 tox|[from] psn
|upkeep
|turn|46
|inactive|reyscarface has 60 seconds left.
|
|t:|1665960612
|switch|p2a: Keratitis|Silvally-Fairy, shiny|36/100
|move|p1a: Gallade|Close Combat|p2a: Keratitis
|-resisted|p2a: Keratitis
|-damage|p2a: Keratitis|11/100
|-unboost|p1a: Gallade|def|1
|-unboost|p1a: Gallade|spd|1
|
|upkeep
|turn|47
|inactive|reyscarface has 60 seconds left.
|
|t:|1665960626
|switch|p1a: Aggron|Aggron, M|88/100
|move|p2a: Keratitis|Rest|p2a: Keratitis
|-status|p2a: Keratitis|slp|[from] move: Rest
|-heal|p2a: Keratitis|100/100 slp|[silent]
|
|-heal|p1a: Aggron|94/100|[from] item: Leftovers
|upkeep
|turn|48
|inactive|reyscarface has 60 seconds left.
|
|t:|1665960637
|switch|p2a: Fuchs Distrophy|Eldegoss, F, shiny|74/100 tox
|move|p1a: Aggron|Head Smash|p2a: Fuchs Distrophy
|-damage|p2a: Fuchs Distrophy|30/100 tox
|
|-heal|p1a: Aggron|99/100|[from] item: Leftovers
|-damage|p2a: Fuchs Distrophy|24/100 tox|[from] psn
|upkeep
|turn|49
|
|t:|1665960650
|switch|p2a: Retinoblastoma|Pyukumuku, M|47/100
|move|p1a: Aggron|Stealth Rock|p2a: Retinoblastoma
|-sidestart|p2: reyscarface|move: Stealth Rock
|
|-heal|p1a: Aggron|100/100|[from] item: Leftovers
|upkeep
|turn|50
|inactive|reyscarface has 60 seconds left.
|
|t:|1665960670
|move|p1a: Aggron|Toxic|p2a: Retinoblastoma
|-status|p2a: Retinoblastoma|tox
|move|p2a: Retinoblastoma|Spite|p1a: Aggron
|-activate|p1a: Aggron|move: Spite|Toxic|4
|
|-damage|p2a: Retinoblastoma|41/100 tox|[from] psn
|upkeep
|turn|51
|
|t:|1665960675
|switch|p1a: Lanturn|Lanturn, F|100/100
|move|p2a: Retinoblastoma|Rest|p2a: Retinoblastoma
|-status|p2a: Retinoblastoma|slp|[from] move: Rest
|-heal|p2a: Retinoblastoma|100/100 slp|[silent]
|
|upkeep
|turn|52
|
|t:|1665960688
|switch|p2a: Macular Hole|Audino, M|100/100
|move|p1a: Lanturn|Heal Bell|p1a: Lanturn
|-activate|p1a: Lanturn|move: Heal Bell
|-curestatus|p1: Cinccino|tox|[msg]
|
|upkeep
|turn|53
|
|t:|1665960701
|move|p1a: Lanturn|Volt Switch|p2a: Macular Hole
|-damage|p2a: Macular Hole|89/100
|
|t:|1665960703
|switch|p1a: Gallade|Gallade, M|72/100|[from]move: Volt Switch
|move|p2a: Macular Hole|Toxic|p1a: Gallade
|-status|p1a: Gallade|tox
|
|-damage|p1a: Gallade|66/100 tox|[from] psn
|upkeep
|turn|54
|
|t:|1665960717
|move|p2a: Macular Hole|Protect|p2a: Macular Hole
|-singleturn|p2a: Macular Hole|Protect
|move|p1a: Gallade|Close Combat|p2a: Macular Hole
|-activate|p2a: Macular Hole|move: Protect
|
|-damage|p1a: Gallade|54/100 tox|[from] psn
|upkeep
|turn|55
|inactive|reyscarface has 90 seconds left.
|
|t:|1665960735
|switch|p1a: Aggron|Aggron, M|100/100
|switch|p2a: Keratitis|Silvally-Fairy, shiny|100/100 slp
|-damage|p2a: Keratitis|88/100 slp|[from] Stealth Rock
|
|upkeep
|turn|56
|
|t:|1665960744
|switch|p2a: Retinoblastoma|Pyukumuku, M|100/100 slp
|-damage|p2a: Retinoblastoma|88/100 slp|[from] Stealth Rock
|move|p1a: Aggron|Head Smash|p2a: Retinoblastoma
|-damage|p2a: Retinoblastoma|51/100 slp
|
|upkeep
|turn|57
|
|t:|1665960761
|switch|p1a: Cinccino|Cinccino, M|49/100
|switch|p2a: Fuchs Distrophy|Eldegoss, F, shiny|58/100 tox
|
|-damage|p2a: Fuchs Distrophy|51/100 tox|[from] psn
|upkeep
|turn|58
|
|t:|1665960768
|move|p1a: Cinccino|Tail Slap|p2a: Fuchs Distrophy
|-damage|p2a: Fuchs Distrophy|43/100 tox
|-damage|p2a: Fuchs Distrophy|34/100 tox
|-crit|p2a: Fuchs Distrophy
|-damage|p2a: Fuchs Distrophy|20/100 tox
|-damage|p2a: Fuchs Distrophy|11/100 tox
|-damage|p2a: Fuchs Distrophy|2/100 tox
|-hitcount|p2a: Fuchs Distrophy|5
|move|p2a: Fuchs Distrophy|Aromatherapy|p2a: Fuchs Distrophy
|-activate|p2a: Fuchs Distrophy|move: Aromatherapy
|-curestatus|p2a: Fuchs Distrophy|tox|[msg]
|-curestatus|p2: Retinoblastoma|slp|[msg]
|-curestatus|p2: Keratitis|slp|[msg]
|
|upkeep
|turn|59
|inactive|reyscarface has 90 seconds left.
|
|t:|1665960819
|switch|p2a: Keratitis|Silvally-Fairy, shiny|88/100
|-damage|p2a: Keratitis|76/100|[from] Stealth Rock
|move|p1a: Cinccino|Tail Slap|p2a: Keratitis
|-damage|p2a: Keratitis|68/100
|-damage|p2a: Keratitis|59/100
|-damage|p2a: Keratitis|49/100
|-crit|p2a: Keratitis
|-damage|p2a: Keratitis|37/100
|-damage|p2a: Keratitis|28/100
|-hitcount|p2a: Keratitis|5
|
|upkeep
|turn|60
|inactive|reyscarface has 60 seconds left.
|
|t:|1665960837
|switch|p2a: Retinoblastoma|Pyukumuku, M|51/100
|-damage|p2a: Retinoblastoma|38/100|[from] Stealth Rock
|move|p1a: Cinccino|Tail Slap|p2a: Retinoblastoma
|-damage|p2a: Retinoblastoma|31/100
|-damage|p2a: Retinoblastoma|25/100
|-damage|p2a: Retinoblastoma|18/100
|-damage|p2a: Retinoblastoma|11/100
|-damage|p2a: Retinoblastoma|4/100
|-hitcount|p2a: Retinoblastoma|5
|
|upkeep
|turn|61
|
|t:|1665960849
|move|p1a: Cinccino|Knock Off|p2a: Retinoblastoma
|-damage|p2a: Retinoblastoma|0 fnt
|faint|p2a: Retinoblastoma
|
|upkeep
|
|t:|1665960855
|switch|p2a: Cataract|Articuno, shiny|91/100
|-ability|p2a: Cataract|Pressure
|turn|62
|
|t:|1665960859
|move|p1a: Cinccino|U-turn|p2a: Cataract
|-resisted|p2a: Cataract
|-crit|p2a: Cataract
|-damage|p2a: Cataract|77/100
|
|t:|1665960869
|switch|p1a: Aggron|Aggron, M|100/100|[from]move: U-turn
|move|p2a: Cataract|Defog|p1a: Aggron
|-unboost|p1a: Aggron|evasion|1
|-sideend|p2: reyscarface|Stealth Rock|[from] move: Defog|[of] p2a: Cataract
|
|upkeep
|turn|63
|
|t:|1665960881
|switch|p2a: Macular Hole|Audino, M|100/100
|move|p1a: Aggron|Stealth Rock|p2a: Macular Hole
|-sidestart|p2: reyscarface|move: Stealth Rock
|
|upkeep
|turn|64
|
|t:|1665960891
|move|p1a: Aggron|Toxic|p2a: Macular Hole
|-status|p2a: Macular Hole|tox
|move|p2a: Macular Hole|Knock Off|p1a: Aggron
|-damage|p1a: Aggron|92/100
|-enditem|p1a: Aggron|Leftovers|[from] move: Knock Off|[of] p2a: Macular Hole
|
|-damage|p2a: Macular Hole|94/100 tox|[from] psn
|upkeep
|turn|65
|inactive|reyscarface has 90 seconds left.
|
|t:|1665960897
|move|p1a: Aggron|Earthquake|p2a: Macular Hole
|-damage|p2a: Macular Hole|72/100 tox
|move|p2a: Macular Hole|Wish|p2a: Macular Hole
|
|-damage|p2a: Macular Hole|60/100 tox|[from] psn
|upkeep
|turn|66
|inactive|reyscarface has 90 seconds left.
|
|t:|1665960910
|switch|p2a: Fuchs Distrophy|Eldegoss, F, shiny|35/100
|move|p1a: Aggron|Head Smash|p2a: Fuchs Distrophy
|-damage|p2a: Fuchs Distrophy|0 fnt
|faint|p2a: Fuchs Distrophy
|
|upkeep
|inactive|reyscarface has 90 seconds left.
|c|☆reyscarface|gg bro thanks for being accomodating with scheduling
|c|☆Lambovino|gg 
|-message|reyscarface forfeited.
|
|win|Lambovino
