|inactive|Battle timer is ON: inactive players will automatically lose when time's up.
|t:|1660488349
|gametype|singles
|player|p1|imjustgray|#wcop2021ussouth|
|player|p2|Lambovino|pokemonranger-gen6|
|teamsize|p1|6
|teamsize|p2|6
|gen|8
|tier|[Gen 8] PU
|rule|Sleep Clause Mod: Limit one foe put to sleep
|rule|Species Clause: Limit one of each Pokémon
|rule|OHKO Clause: OHKO moves are banned
|rule|Evasion Moves Clause: Evasion moves are banned
|rule|Endless Battle Clause: Forcing endless battles is banned
|rule|HP Percentage Mod: HP is shown in percentages
|rule|Dynamax Clause: You cannot dynamax
|clearpoke
|poke|p1|Carbink|
|poke|p1|Scyther, F|
|poke|p1|Scrafty, M|
|poke|p1|Glastrier|
|poke|p1|Lilligant, F|
|poke|p1|Luxray, F|
|poke|p2|Gigalith, F|
|poke|p2|Sandslash, F|
|poke|p2|Doublade, F|
|poke|p2|Charizard, F|
|poke|p2|Vanilluxe, M|
|poke|p2|Eldegoss, F|
|teampreview
|c|☆imjustgray|hf
|c|☆Lambovino|hf
|inactive|imjustgray has 270 seconds left.
|inactive|Lambovino has 270 seconds left.
|inactive|Lambovino has 240 seconds left.
|
|t:|1660488424
|start
|switch|p1a: BLACK METAL|Carbink|100/100
|switch|p2a: Sandslash|Sandslash, F|100/100
|turn|1
|c|+Squash|go gray
|inactive|imjustgray has 270 seconds left.
|
|t:|1660488457
|switch|p1a: Stronger Than You|Lilligant, F|100/100
|move|p2a: Sandslash|Knock Off|p1a: Stronger Than You
|-damage|p1a: Stronger Than You|54/100
|-enditem|p1a: Stronger Than You|Life Orb|[from] move: Knock Off|[of] p2a: Sandslash
|
|upkeep
|turn|2
|inactive|Lambovino has 270 seconds left.
|
|t:|1660488497
|switch|p2a: Vanilluxe|Vanilluxe, M|100/100
|-weather|Hail|[from] ability: Snow Warning|[of] p2a: Vanilluxe
|move|p1a: Stronger Than You|Quiver Dance|p1a: Stronger Than You
|-boost|p1a: Stronger Than You|spa|1
|-boost|p1a: Stronger Than You|spd|1
|-boost|p1a: Stronger Than You|spe|1
|
|-weather|Hail|[upkeep]
|-damage|p1a: Stronger Than You|48/100|[from] Hail
|upkeep
|turn|3
|
|t:|1660488521
|move|p1a: Stronger Than You|Sleep Powder|p2a: Vanilluxe|[miss]
|-miss|p1a: Stronger Than You|p2a: Vanilluxe
|move|p2a: Vanilluxe|Blizzard|p1a: Stronger Than You
|-supereffective|p1a: Stronger Than You
|-damage|p1a: Stronger Than You|0 fnt
|faint|p1a: Stronger Than You
|
|-weather|Hail|[upkeep]
|upkeep
|inactive|imjustgray has 270 seconds left.
|
|t:|1660488553
|switch|p1a: icehorsenoremorse|Glastrier|100/100
|turn|4
|inactive|Lambovino has 240 seconds left.
|
|t:|1660488579
|move|p2a: Vanilluxe|Blizzard|p1a: icehorsenoremorse
|-resisted|p1a: icehorsenoremorse
|-damage|p1a: icehorsenoremorse|69/100
|move|p1a: icehorsenoremorse|Swords Dance|p1a: icehorsenoremorse
|-boost|p1a: icehorsenoremorse|atk|2
|
|-weather|Hail|[upkeep]
|upkeep
|turn|5
|inactive|imjustgray has 270 seconds left.
|inactive|Lambovino has 240 seconds left.
|c|+jonfilch|gray my team says you have to win
|c|☆imjustgray|thanks
|c|+jonfilch|are you going to let me down?
|inactive|imjustgray has 240 seconds left.
|c|+Squash|gray my team says you also have to win 
|c|+wild drud|please win gray.
|c|+Squash|Lambovino 
|c|+Squash|20€
|c|☆imjustgray|i dont like all this pressure
|c|+Squash|c’est ok?
|c|☆Lambovino|mdrrrr
|inactive|imjustgray has 210 seconds left.
|c|+ojr|gray its ok
|
|t:|1660488646
|move|p2a: Vanilluxe|Blizzard|p1a: icehorsenoremorse
|-resisted|p1a: icehorsenoremorse
|-damage|p1a: icehorsenoremorse|37/100
|move|p1a: icehorsenoremorse|Swords Dance|p1a: icehorsenoremorse
|-boost|p1a: icehorsenoremorse|atk|2
|
|-weather|Hail|[upkeep]
|upkeep
|turn|6
|c|+ojr|my team says u dont need to win
|
|t:|1660488656
|move|p2a: Vanilluxe|Blizzard|p1a: icehorsenoremorse
|-resisted|p1a: icehorsenoremorse
|-damage|p1a: icehorsenoremorse|3/100
|move|p1a: icehorsenoremorse|Icicle Crash|p2a: Vanilluxe
|-resisted|p2a: Vanilluxe
|-damage|p2a: Vanilluxe|0 fnt
|faint|p2a: Vanilluxe
|-ability|p1a: icehorsenoremorse|Chilling Neigh|boost
|-boost|p1a: icehorsenoremorse|atk|1
|
|-weather|none
|upkeep
|inactive|Lambovino has 240 seconds left.
|
|t:|1660488670
|switch|p2a: Charizard|Charizard, F|100/100
|turn|7
|
|t:|1660488673
|switch|p1a: BLACK METAL|Carbink|100/100
|move|p2a: Charizard|Flamethrower|p1a: BLACK METAL
|-resisted|p1a: BLACK METAL
|-damage|p1a: BLACK METAL|85/100
|
|-heal|p1a: BLACK METAL|91/100|[from] item: Leftovers
|upkeep
|turn|8
|inactive|imjustgray has 240 seconds left.
|
|t:|1660488680
|switch|p2a: Sandslash|Sandslash, F|100/100
|move|p1a: BLACK METAL|Stealth Rock|p2a: Sandslash
|-sidestart|p2: Lambovino|move: Stealth Rock
|
|-heal|p1a: BLACK METAL|97/100|[from] item: Leftovers
|upkeep
|turn|9
|inactive|imjustgray has 240 seconds left.
|
|t:|1660488690
|move|p2a: Sandslash|Spikes|p1a: BLACK METAL
|-sidestart|p1: imjustgray|Spikes
|move|p1a: BLACK METAL|Iron Defense|p1a: BLACK METAL
|-boost|p1a: BLACK METAL|def|2
|
|-heal|p1a: BLACK METAL|100/100|[from] item: Leftovers
|upkeep
|turn|10
|inactive|Lambovino has 270 seconds left.
|
|t:|1660488727
|switch|p2a: Eldegoss|Eldegoss, F|100/100
|-damage|p2a: Eldegoss|88/100|[from] Stealth Rock
|move|p1a: BLACK METAL|Body Press|p2a: Eldegoss
|-damage|p2a: Eldegoss|30/100
|-enditem|p2a: Eldegoss|Eject Button
|
|t:|1660488732
|switch|p2a: Doublade|Doublade, F|100/100
|-damage|p2a: Doublade|94/100|[from] Stealth Rock
|
|upkeep
|turn|11
|
|t:|1660488744
|switch|p1a: Leonhardt Gambit|Luxray, F|100/100
|-damage|p1a: Leonhardt Gambit|88/100|[from] Spikes
|-ability|p1a: Leonhardt Gambit|Intimidate|boost
|-unboost|p2a: Doublade|atk|1
|move|p2a: Doublade|Swords Dance|p2a: Doublade
|-boost|p2a: Doublade|atk|2
|
|upkeep
|turn|12
|
|t:|1660488754
|switch|p2a: Eldegoss|Eldegoss, F|63/100
|-damage|p2a: Eldegoss|51/100|[from] Stealth Rock
|move|p1a: Leonhardt Gambit|Volt Switch|p2a: Eldegoss
|-resisted|p2a: Eldegoss
|-damage|p2a: Eldegoss|41/100
|
|t:|1660488757
|switch|p1a: no one beats the|Scyther, F|100/100|[from]move: Volt Switch
|
|upkeep
|turn|13
|inactive|Lambovino has 240 seconds left.
|inactive|Lambovino has 210 seconds left.
|
|t:|1660488819
|switch|p2a: Gigalith|Gigalith, F|100/100
|-damage|p2a: Gigalith|88/100|[from] Stealth Rock
|-weather|Sandstorm|[from] ability: Sand Stream|[of] p2a: Gigalith
|move|p1a: no one beats the|Knock Off|p2a: Gigalith
|-damage|p2a: Gigalith|65/100
|-enditem|p2a: Gigalith|Leftovers|[from] move: Knock Off|[of] p1a: no one beats the
|
|-weather|Sandstorm|[upkeep]
|-damage|p1a: no one beats the|94/100|[from] Sandstorm
|upkeep
|turn|14
|inactive|Lambovino has 210 seconds left.
|
|t:|1660488838
|move|p1a: no one beats the|Brick Break|p2a: Gigalith
|-supereffective|p2a: Gigalith
|-crit|p2a: Gigalith
|-damage|p2a: Gigalith|15/100
|move|p2a: Gigalith|Stealth Rock|p1a: no one beats the
|-sidestart|p1: imjustgray|move: Stealth Rock
|
|-weather|Sandstorm|[upkeep]
|-damage|p1a: no one beats the|88/100|[from] Sandstorm
|upkeep
|turn|15
|inactive|imjustgray has 270 seconds left.
|
|t:|1660488854
|switch|p2a: Sandslash|Sandslash, F|100/100
|-damage|p2a: Sandslash|94/100|[from] Stealth Rock
|move|p1a: no one beats the|Brick Break|p2a: Sandslash
|-damage|p2a: Sandslash|67/100
|
|-weather|Sandstorm|[upkeep]
|-damage|p1a: no one beats the|82/100|[from] Sandstorm
|-heal|p2a: Sandslash|73/100|[from] item: Leftovers
|upkeep
|turn|16
|inactive|imjustgray has 240 seconds left.
|
|t:|1660488902
|move|p2a: Sandslash|Knock Off|p1a: no one beats the
|-damage|p1a: no one beats the|43/100
|-enditem|p1a: no one beats the|Heavy-Duty Boots|[from] move: Knock Off|[of] p2a: Sandslash
|move|p1a: no one beats the|Knock Off|p2a: Sandslash
|-damage|p2a: Sandslash|41/100
|-enditem|p2a: Sandslash|Leftovers|[from] move: Knock Off|[of] p1a: no one beats the
|
|-weather|Sandstorm|[upkeep]
|-damage|p1a: no one beats the|37/100|[from] Sandstorm
|upkeep
|turn|17
|inactive|Lambovino has 210 seconds left.
|
|t:|1660488929
|switch|p2a: Doublade|Doublade, F|94/100
|-damage|p2a: Doublade|88/100|[from] Stealth Rock
|move|p1a: no one beats the|Dual Wingbeat|p2a: Doublade
|-resisted|p2a: Doublade
|-damage|p2a: Doublade|80/100
|-resisted|p2a: Doublade
|-damage|p2a: Doublade|73/100
|-hitcount|p2a: Doublade|2
|
|-weather|none
|upkeep
|turn|18
|inactive|imjustgray has 240 seconds left.
|inactive|Lambovino has 210 seconds left.
|
|t:|1660488936
|move|p1a: no one beats the|Knock Off|p2a: Doublade
|-supereffective|p2a: Doublade
|-damage|p2a: Doublade|40/100
|-enditem|p2a: Doublade|Eviolite|[from] move: Knock Off|[of] p1a: no one beats the
|move|p2a: Doublade|Rock Slide|p1a: no one beats the
|-supereffective|p1a: no one beats the
|-damage|p1a: no one beats the|0 fnt
|faint|p1a: no one beats the
|
|upkeep
|inactive|imjustgray has 240 seconds left.
|
|t:|1660488949
|switch|p1a: Huntail Thugs|Scrafty, M|100/100
|-damage|p1a: Huntail Thugs|88/100|[from] Spikes
|-damage|p1a: Huntail Thugs|82/100|[from] Stealth Rock
|turn|19
|inactive|imjustgray has 240 seconds left.
|
|t:|1660488965
|switch|p2a: Charizard|Charizard, F|100/100
|move|p1a: Huntail Thugs|Knock Off|p2a: Charizard
|-damage|p2a: Charizard|22/100
|-enditem|p2a: Charizard|Heavy-Duty Boots|[from] move: Knock Off|[of] p1a: Huntail Thugs
|-damage|p1a: Huntail Thugs|73/100|[from] item: Life Orb
|
|upkeep
|turn|20
|
|t:|1660488975
|switch|p1a: BLACK METAL|Carbink|100/100
|-damage|p1a: BLACK METAL|88/100|[from] Spikes
|-damage|p1a: BLACK METAL|75/100|[from] Stealth Rock
|move|p2a: Charizard|Roost|p2a: Charizard
|-heal|p2a: Charizard|72/100
|-singleturn|p2a: Charizard|move: Roost
|
|-heal|p1a: BLACK METAL|82/100|[from] item: Leftovers
|upkeep
|turn|21
|
|t:|1660488984
|switch|p2a: Eldegoss|Eldegoss, F|74/100
|-damage|p2a: Eldegoss|61/100|[from] Stealth Rock
|move|p1a: BLACK METAL|Stone Edge|p2a: Eldegoss
|-damage|p2a: Eldegoss|43/100
|
|-heal|p1a: BLACK METAL|88/100|[from] item: Leftovers
|upkeep
|turn|22
|inactive|Lambovino has 240 seconds left.
|
|t:|1660488990
|switch|p1a: icehorsenoremorse|Glastrier|3/100
|move|p2a: Eldegoss|Rapid Spin|p1a: icehorsenoremorse
|-damage|p1a: icehorsenoremorse|0 fnt
|-boost|p2a: Eldegoss|spe|1
|-sideend|p2: Lambovino|Stealth Rock|[from] move: Rapid Spin|[of] p2a: Eldegoss
|faint|p1a: icehorsenoremorse
|
|upkeep
|
|t:|1660488992
|switch|p1a: Huntail Thugs|Scrafty, M|73/100
|-damage|p1a: Huntail Thugs|60/100|[from] Spikes
|-damage|p1a: Huntail Thugs|54/100|[from] Stealth Rock
|turn|23
|
|t:|1660489001
|switch|p2a: Charizard|Charizard, F|72/100
|move|p1a: Huntail Thugs|Dragon Dance|p1a: Huntail Thugs
|-boost|p1a: Huntail Thugs|atk|1
|-boost|p1a: Huntail Thugs|spe|1
|
|upkeep
|turn|24
|inactive|Lambovino has 240 seconds left.
|inactive|Lambovino has 210 seconds left.
|
|t:|1660489071
|move|p1a: Huntail Thugs|Knock Off|p2a: Charizard
|-damage|p2a: Charizard|0 fnt
|faint|p2a: Charizard
|-damage|p1a: Huntail Thugs|45/100|[from] item: Life Orb
|
|upkeep
|
|t:|1660489076
|switch|p2a: Gigalith|Gigalith, F|15/100
|-weather|Sandstorm|[from] ability: Sand Stream|[of] p2a: Gigalith
|turn|25
|c|+Alkione|GO GRAY GO
|
|t:|1660489088
|move|p1a: Huntail Thugs|Dragon Dance|p1a: Huntail Thugs
|-boost|p1a: Huntail Thugs|atk|1
|-boost|p1a: Huntail Thugs|spe|1
|move|p2a: Gigalith|Earthquake|p1a: Huntail Thugs
|-damage|p1a: Huntail Thugs|11/100
|
|-weather|Sandstorm|[upkeep]
|-damage|p1a: Huntail Thugs|5/100|[from] Sandstorm
|upkeep
|turn|26
|inactive|imjustgray has 240 seconds left.
|
|t:|1660489129
|move|p2a: Gigalith|Protect|p2a: Gigalith
|-singleturn|p2a: Gigalith|Protect
|move|p1a: Huntail Thugs|Dragon Dance|p1a: Huntail Thugs
|-boost|p1a: Huntail Thugs|atk|1
|-boost|p1a: Huntail Thugs|spe|1
|
|-weather|Sandstorm|[upkeep]
|-damage|p1a: Huntail Thugs|0 fnt|[from] Sandstorm
|faint|p1a: Huntail Thugs
|upkeep
|
|t:|1660489131
|switch|p1a: BLACK METAL|Carbink|88/100
|-damage|p1a: BLACK METAL|75/100|[from] Spikes
|-damage|p1a: BLACK METAL|63/100|[from] Stealth Rock
|turn|27
|
|t:|1660489133
|move|p1a: BLACK METAL|Iron Defense|p1a: BLACK METAL
|-boost|p1a: BLACK METAL|def|2
|move|p2a: Gigalith|Earthquake|p1a: BLACK METAL
|-supereffective|p1a: BLACK METAL
|-damage|p1a: BLACK METAL|43/100
|
|-weather|Sandstorm|[upkeep]
|-heal|p1a: BLACK METAL|49/100|[from] item: Leftovers
|upkeep
|turn|28
|
|t:|1660489144
|switch|p2a: Eldegoss|Eldegoss, F|76/100
|move|p1a: BLACK METAL|Iron Defense|p1a: BLACK METAL
|-boost|p1a: BLACK METAL|def|2
|
|-weather|Sandstorm|[upkeep]
|-damage|p2a: Eldegoss|70/100|[from] Sandstorm
|-heal|p1a: BLACK METAL|55/100|[from] item: Leftovers
|upkeep
|turn|29
|
|t:|1660489147
|move|p2a: Eldegoss|Leech Seed|p1a: BLACK METAL
|-start|p1a: BLACK METAL|move: Leech Seed
|move|p1a: BLACK METAL|Body Press|p2a: Eldegoss
|-damage|p2a: Eldegoss|0 fnt
|faint|p2a: Eldegoss
|
|-weather|none
|-heal|p1a: BLACK METAL|61/100|[from] item: Leftovers
|upkeep
|
|t:|1660489151
|switch|p2a: Doublade|Doublade, F|40/100
|turn|30
|
|t:|1660489155
|switch|p1a: Leonhardt Gambit|Luxray, F|88/100
|-damage|p1a: Leonhardt Gambit|76/100|[from] Spikes
|-damage|p1a: Leonhardt Gambit|63/100|[from] Stealth Rock
|-ability|p1a: Leonhardt Gambit|Intimidate|boost
|-unboost|p2a: Doublade|atk|1
|move|p2a: Doublade|Rock Slide|p1a: Leonhardt Gambit
|-damage|p1a: Leonhardt Gambit|49/100
|
|upkeep
|turn|31
|
|t:|1660489161
|switch|p1a: BLACK METAL|Carbink|61/100
|-damage|p1a: BLACK METAL|49/100|[from] Spikes
|-damage|p1a: BLACK METAL|36/100|[from] Stealth Rock
|switch|p2a: Gigalith|Gigalith, F|15/100
|-weather|Sandstorm|[from] ability: Sand Stream|[of] p2a: Gigalith
|
|-weather|Sandstorm|[upkeep]
|-heal|p1a: BLACK METAL|43/100|[from] item: Leftovers
|upkeep
|turn|32
|
|t:|1660489165
|switch|p2a: Sandslash|Sandslash, F|41/100
|move|p1a: BLACK METAL|Iron Defense|p1a: BLACK METAL
|-boost|p1a: BLACK METAL|def|2
|
|-weather|Sandstorm|[upkeep]
|-heal|p1a: BLACK METAL|49/100|[from] item: Leftovers
|upkeep
|turn|33
|
|t:|1660489168
|move|p2a: Sandslash|Earthquake|p1a: BLACK METAL
|-supereffective|p1a: BLACK METAL
|-damage|p1a: BLACK METAL|21/100
|move|p1a: BLACK METAL|Body Press|p2a: Sandslash
|-damage|p2a: Sandslash|0 fnt
|faint|p2a: Sandslash
|
|-weather|Sandstorm|[upkeep]
|-heal|p1a: BLACK METAL|27/100|[from] item: Leftovers
|upkeep
|
|t:|1660489172
|switch|p2a: Doublade|Doublade, F|40/100
|turn|34
|
|t:|1660489176
|move|p1a: BLACK METAL|Iron Defense|p1a: BLACK METAL
|-boost|p1a: BLACK METAL|def|2
|move|p2a: Doublade|Swords Dance|p2a: Doublade
|-boost|p2a: Doublade|atk|2
|
|-weather|Sandstorm|[upkeep]
|-heal|p1a: BLACK METAL|33/100|[from] item: Leftovers
|upkeep
|turn|35
|
|t:|1660489178
|move|p1a: BLACK METAL|Iron Defense|p1a: BLACK METAL
|-boost|p1a: BLACK METAL|def|2
|move|p2a: Doublade|Swords Dance|p2a: Doublade
|-boost|p2a: Doublade|atk|2
|
|-weather|none
|-heal|p1a: BLACK METAL|39/100|[from] item: Leftovers
|upkeep
|turn|36
|
|t:|1660489179
|move|p1a: BLACK METAL|Stone Edge|p2a: Doublade
|-resisted|p2a: Doublade
|-damage|p2a: Doublade|32/100
|move|p2a: Doublade|Swords Dance|p2a: Doublade
|-boost|p2a: Doublade|atk|2
|
|-heal|p1a: BLACK METAL|46/100|[from] item: Leftovers
|upkeep
|turn|37
|
|t:|1660489182
|move|p1a: BLACK METAL|Stone Edge|p2a: Doublade
|-resisted|p2a: Doublade
|-damage|p2a: Doublade|24/100
|move|p2a: Doublade|Close Combat|p1a: BLACK METAL
|-damage|p1a: BLACK METAL|20/100
|-unboost|p2a: Doublade|def|1
|-unboost|p2a: Doublade|spd|1
|
|-heal|p1a: BLACK METAL|26/100|[from] item: Leftovers
|upkeep
|turn|38
|
|t:|1660489188
|move|p1a: BLACK METAL|Stone Edge|p2a: Doublade
|-resisted|p2a: Doublade
|-damage|p2a: Doublade|12/100
|move|p2a: Doublade|Close Combat|p1a: BLACK METAL
|-damage|p1a: BLACK METAL|1/100
|-unboost|p2a: Doublade|def|1
|-unboost|p2a: Doublade|spd|1
|
|-heal|p1a: BLACK METAL|7/100|[from] item: Leftovers
|upkeep
|turn|39
|
|t:|1660489196
|move|p2a: Doublade|Shadow Sneak|p1a: BLACK METAL
|-damage|p1a: BLACK METAL|0 fnt
|faint|p1a: BLACK METAL
|
|upkeep
|c|☆imjustgray|rip
|c|☆imjustgray|sorry to my fans
|
|t:|1660489203
|switch|p1a: Leonhardt Gambit|Luxray, F|49/100
|-damage|p1a: Leonhardt Gambit|36/100|[from] Spikes
|-damage|p1a: Leonhardt Gambit|24/100|[from] Stealth Rock
|-ability|p1a: Leonhardt Gambit|Intimidate|boost
|-unboost|p2a: Doublade|atk|1
|turn|40
|
|t:|1660489206
|move|p2a: Doublade|Shadow Sneak|p1a: Leonhardt Gambit
|-damage|p1a: Leonhardt Gambit|0 fnt
|faint|p1a: Leonhardt Gambit
|
|win|Lambovino
|c|☆Lambovino|gg
|c|☆imjustgray|gg
