|inactive|Battle timer is ON: inactive players will automatically lose when time's up.
|t:|1624831180
|gametype|singles
|player|p1|stream that new yb|lucas|
|player|p2|Akame's 1 fan|lass-gen3|
|teamsize|p1|6
|teamsize|p2|6
|gen|8
|tier|[Gen 8] PU
|rule|Sleep Clause Mod: Limit one foe put to sleep
|rule|Species Clause: Limit one of each Pokémon
|rule|OHKO Clause: OHKO moves are banned
|rule|Evasion Moves Clause: Evasion moves are banned
|rule|Endless Battle Clause: Forcing endless battles is banned
|rule|HP Percentage Mod: HP is shown in percentages
|rule|Dynamax Clause: You cannot dynamax
|clearpoke
|poke|p1|Aggron, M|
|poke|p1|Charizard, F|
|poke|p1|Sandaconda, M|
|poke|p1|Jellicent, M|
|poke|p1|Garbodor, M|
|poke|p1|Passimian, M|
|poke|p2|Wishiwashi, F|
|poke|p2|Silvally-*|
|poke|p2|Archeops, F|
|poke|p2|Audino, F|
|poke|p2|Sandaconda, M|
|poke|p2|Whimsicott, F|
|teampreview
|inactive|Akame's 1 fan also wants the timer to be on.
|inactive|stream that new yb also wants the timer to be on.
|c|☆Akame's 1 fan|hf
|inactive|stream that new yb has 270 seconds left.
|
|t:|1624831213
|start
|switch|p1a: carti|Aggron, M|100/100
|switch|p2a: Archeops|Archeops, F|100/100
|turn|1
|c|☆stream that new yb|hf
|
|t:|1624831220
|move|p2a: Archeops|U-turn|p1a: carti
|-resisted|p1a: carti
|-damage|p1a: carti|92/100
|
|t:|1624831224
|switch|p2a: Sandaconda|Sandaconda, M|100/100|[from]move: U-turn
|move|p1a: carti|Heavy Slam|p2a: Sandaconda
|-damage|p2a: Sandaconda|62/100
|-damage|p1a: carti|76/100|[from] item: Rocky Helmet|[of] p2a: Sandaconda
|
|-heal|p1a: carti|82/100|[from] item: Leftovers
|upkeep
|turn|2
|
|t:|1624831229
|switch|p1a: doubtful|Jellicent, M|100/100
|move|p2a: Sandaconda|Stealth Rock|p1a: doubtful
|-sidestart|p1: stream that new yb|move: Stealth Rock
|
|upkeep
|turn|3
|
|t:|1624831235
|switch|p2a: Whimsicott|Whimsicott, F|100/100
|move|p1a: doubtful|Will-O-Wisp|p2a: Whimsicott
|-status|p2a: Whimsicott|brn
|
|-damage|p2a: Whimsicott|94/100 brn|[from] brn
|upkeep
|turn|4
|
|t:|1624831244
|switch|p1a: kpop sucks|Charizard, F|100/100
|move|p2a: Whimsicott|U-turn|p1a: kpop sucks
|-resisted|p1a: kpop sucks
|-damage|p1a: kpop sucks|99/100
|
|t:|1624831247
|switch|p2a: Archeops|Archeops, F|100/100|[from]move: U-turn
|
|upkeep
|turn|5
|
|t:|1624831254
|switch|p1a: carti|Aggron, M|82/100
|-damage|p1a: carti|76/100|[from] Stealth Rock
|move|p2a: Archeops|U-turn|p1a: carti
|-resisted|p1a: carti
|-damage|p1a: carti|67/100
|
|t:|1624831258
|switch|p2a: Wishiwashi|Wishiwashi, F|100/100|[from]move: U-turn
|-formechange|p2a: Wishiwashi|Wishiwashi-School||[from] ability: Schooling
|
|-heal|p1a: carti|73/100|[from] item: Leftovers
|upkeep
|turn|6
|
|t:|1624831265
|switch|p1a: doubtful|Jellicent, M|100/100
|-damage|p1a: doubtful|88/100|[from] Stealth Rock
|move|p2a: Wishiwashi|U-turn|p1a: doubtful
|-resisted|p1a: doubtful
|-damage|p1a: doubtful|81/100
|
|t:|1624831272
|switch|p2a: Whimsicott|Whimsicott, F|94/100 brn|[from]move: U-turn
|
|-heal|p1a: doubtful|87/100|[from] item: Leftovers
|-damage|p2a: Whimsicott|88/100 brn|[from] brn
|upkeep
|turn|7
|
|t:|1624831283
|switch|p1a: goblins career|Garbodor, M|100/100
|-damage|p1a: goblins career|88/100|[from] Stealth Rock
|move|p2a: Whimsicott|Knock Off|p1a: goblins career
|-damage|p1a: goblins career|82/100
|-damage|p2a: Whimsicott|72/100 brn|[from] item: Rocky Helmet|[of] p1a: goblins career
|-enditem|p1a: goblins career|Rocky Helmet|[from] move: Knock Off|[of] p2a: Whimsicott
|
|-damage|p2a: Whimsicott|66/100 brn|[from] brn
|upkeep
|turn|8
|
|t:|1624831295
|move|p2a: Whimsicott|U-turn|p1a: goblins career
|-resisted|p1a: goblins career
|-damage|p1a: goblins career|80/100
|
|t:|1624831299
|switch|p2a: Archeops|Archeops, F|100/100|[from]move: U-turn
|move|p1a: goblins career|Spikes|p2a: Archeops
|-sidestart|p2: Akame's 1 fan|Spikes
|
|upkeep
|turn|9
|
|t:|1624831304
|switch|p1a: HG Mom|Sandaconda, M|100/100
|-damage|p1a: HG Mom|94/100|[from] Stealth Rock
|move|p2a: Archeops|Earthquake|p1a: HG Mom
|-damage|p1a: HG Mom|65/100
|
|-heal|p1a: HG Mom|71/100|[from] item: Leftovers
|upkeep
|turn|10
|
|t:|1624831311
|move|p2a: Archeops|U-turn|p1a: HG Mom
|-damage|p1a: HG Mom|49/100
|
|t:|1624831313
|switch|p2a: Audino|Audino, F|100/100|[from]move: U-turn
|move|p1a: HG Mom|Rock Slide|p2a: Audino
|-damage|p2a: Audino|82/100
|
|-heal|p1a: HG Mom|55/100|[from] item: Leftovers
|upkeep
|turn|11
|
|t:|1624831322
|move|p1a: HG Mom|Coil|p1a: HG Mom
|-boost|p1a: HG Mom|atk|1
|-boost|p1a: HG Mom|def|1
|-boost|p1a: HG Mom|accuracy|1
|move|p2a: Audino|Wish|p2a: Audino
|
|-heal|p1a: HG Mom|61/100|[from] item: Leftovers
|upkeep
|turn|12
|
|t:|1624831327
|switch|p2a: Wishiwashi|Wishiwashi, F|100/100
|-formechange|p2a: Wishiwashi|Wishiwashi-School||[from] ability: Schooling
|move|p1a: HG Mom|Earthquake|p2a: Wishiwashi
|-damage|p2a: Wishiwashi|41/100
|
|-heal|p2a: Wishiwashi|100/100|[from] move: Wish|[wisher] Audino
|-heal|p1a: HG Mom|67/100|[from] item: Leftovers
|upkeep
|turn|13
|
|t:|1624831354
|switch|p1a: doubtful|Jellicent, M|87/100
|-damage|p1a: doubtful|75/100|[from] Stealth Rock
|move|p2a: Wishiwashi|Ice Beam|p1a: doubtful
|-resisted|p1a: doubtful
|-damage|p1a: doubtful|59/100
|
|-heal|p1a: doubtful|65/100|[from] item: Leftovers
|upkeep
|turn|14
|
|t:|1624831363
|switch|p2a: Audino|Audino, F|100/100
|move|p1a: doubtful|Hex|p2a: Audino
|-immune|p2a: Audino
|
|-heal|p1a: doubtful|72/100|[from] item: Leftovers
|upkeep
|turn|15
|
|t:|1624831367
|move|p1a: doubtful|Will-O-Wisp|p2a: Audino
|-status|p2a: Audino|brn
|move|p2a: Audino|Knock Off|p1a: doubtful
|-supereffective|p1a: doubtful
|-damage|p1a: doubtful|60/100
|-enditem|p1a: doubtful|Leftovers|[from] move: Knock Off|[of] p2a: Audino
|
|-damage|p2a: Audino|94/100 brn|[from] brn
|upkeep
|turn|16
|
|t:|1624831372
|move|p1a: doubtful|Recover|p1a: doubtful
|-heal|p1a: doubtful|100/100
|move|p2a: Audino|Toxic|p1a: doubtful
|-status|p1a: doubtful|tox
|
|-damage|p1a: doubtful|94/100 tox|[from] psn
|-damage|p2a: Audino|88/100 brn|[from] brn
|upkeep
|turn|17
|
|t:|1624831378
|switch|p1a: carti|Aggron, M|73/100
|-damage|p1a: carti|67/100|[from] Stealth Rock
|move|p2a: Audino|Wish|p2a: Audino
|
|-heal|p1a: carti|73/100|[from] item: Leftovers
|-damage|p2a: Audino|82/100 brn|[from] brn
|upkeep
|turn|18
|
|t:|1624831386
|switch|p2a: Sandaconda|Sandaconda, M|62/100
|-damage|p2a: Sandaconda|50/100|[from] Spikes
|move|p1a: carti|Heavy Slam|p2a: Sandaconda
|-damage|p2a: Sandaconda|11/100
|-damage|p1a: carti|57/100|[from] item: Rocky Helmet|[of] p2a: Sandaconda
|
|-heal|p2a: Sandaconda|70/100|[from] move: Wish|[wisher] Audino
|-heal|p1a: carti|63/100|[from] item: Leftovers
|upkeep
|turn|19
|
|t:|1624831394
|move|p2a: Sandaconda|Stone Edge|p1a: carti|[miss]
|-miss|p2a: Sandaconda|p1a: carti
|move|p1a: carti|Stealth Rock|p2a: Sandaconda
|-sidestart|p2: Akame's 1 fan|move: Stealth Rock
|
|-heal|p1a: carti|69/100|[from] item: Leftovers
|upkeep
|turn|20
|
|t:|1624831402
|switch|p1a: doubtful|Jellicent, M|94/100 tox
|-damage|p1a: doubtful|82/100 tox|[from] Stealth Rock
|move|p2a: Sandaconda|Earthquake|p1a: doubtful
|-damage|p1a: doubtful|55/100 tox
|-start|p2a: Sandaconda|Disable|Earthquake|[from] ability: Cursed Body|[of] p1a: doubtful
|
|-damage|p1a: doubtful|49/100 tox|[from] psn
|upkeep
|turn|21
|
|t:|1624831413
|switch|p2a: Whimsicott|Whimsicott, F|66/100 brn
|switch|p1a: kpop sucks|Charizard, F|99/100
|
|-damage|p2a: Whimsicott|60/100 brn|[from] brn
|upkeep
|turn|22
|
|t:|1624831433
|move|p2a: Whimsicott|Knock Off|p1a: kpop sucks
|-damage|p1a: kpop sucks|89/100
|-enditem|p1a: kpop sucks|Heavy-Duty Boots|[from] move: Knock Off|[of] p2a: Whimsicott
|move|p1a: kpop sucks|Hurricane|p2a: Whimsicott
|-supereffective|p2a: Whimsicott
|-damage|p2a: Whimsicott|0 fnt
|faint|p2a: Whimsicott
|
|upkeep
|
|t:|1624831436
|switch|p2a: Archeops|Archeops, F|100/100
|turn|23
|
|t:|1624831458
|switch|p1a: carti|Aggron, M|69/100
|-damage|p1a: carti|63/100|[from] Stealth Rock
|move|p2a: Archeops|Dual Wingbeat|p1a: carti
|-resisted|p1a: carti
|-damage|p1a: carti|60/100
|-resisted|p1a: carti
|-damage|p1a: carti|57/100
|-hitcount|p1a: carti|2
|
|-heal|p1a: carti|63/100|[from] item: Leftovers
|upkeep
|turn|24
|
|t:|1624831465
|move|p2a: Archeops|Earthquake|p1a: carti
|-supereffective|p1a: carti
|-damage|p1a: carti|0 fnt
|faint|p1a: carti
|
|upkeep
|
|t:|1624831469
|switch|p1a: bandi|Passimian, M|100/100
|-damage|p1a: bandi|94/100|[from] Stealth Rock
|turn|25
|inactive|Akame's 1 fan has 270 seconds left.
|
|t:|1624831499
|switch|p2a: Silvally|Silvally-Steel|100/100
|-damage|p2a: Silvally|88/100|[from] Spikes
|-damage|p2a: Silvally|82/100|[from] Stealth Rock
|move|p1a: bandi|Close Combat|p2a: Silvally
|-supereffective|p2a: Silvally
|-damage|p2a: Silvally|0 fnt
|-unboost|p1a: bandi|def|1
|-unboost|p1a: bandi|spd|1
|faint|p2a: Silvally
|
|upkeep
|
|t:|1624831501
|switch|p2a: Sandaconda|Sandaconda, M|70/100
|-damage|p2a: Sandaconda|64/100|[from] Stealth Rock
|-damage|p2a: Sandaconda|52/100|[from] Spikes
|turn|26
|
|t:|1624831509
|switch|p1a: goblins career|Garbodor, M|80/100
|-damage|p1a: goblins career|68/100|[from] Stealth Rock
|move|p2a: Sandaconda|Rest|p2a: Sandaconda
|-status|p2a: Sandaconda|slp|[from] move: Rest
|-heal|p2a: Sandaconda|100/100 slp|[silent]
|
|upkeep
|turn|27
|
|t:|1624831517
|switch|p2a: Archeops|Archeops, F|100/100
|move|p1a: goblins career|Toxic Spikes|p2a: Archeops
|-sidestart|p2: Akame's 1 fan|move: Toxic Spikes
|
|upkeep
|turn|28
|
|t:|1624831521
|move|p2a: Archeops|Earthquake|p1a: goblins career
|-supereffective|p1a: goblins career
|-damage|p1a: goblins career|7/100
|move|p1a: goblins career|Gunk Shot|p2a: Archeops|[miss]
|-miss|p1a: goblins career|p2a: Archeops
|
|upkeep
|turn|29
|
|t:|1624831531
|move|p2a: Archeops|Earthquake|p1a: goblins career
|-supereffective|p1a: goblins career
|-damage|p1a: goblins career|0 fnt
|faint|p1a: goblins career
|
|upkeep
|
|t:|1624831535
|switch|p1a: bandi|Passimian, M|94/100
|-damage|p1a: bandi|88/100|[from] Stealth Rock
|turn|30
|
|t:|1624831539
|switch|p2a: Sandaconda|Sandaconda, M|100/100 slp
|-damage|p2a: Sandaconda|94/100 slp|[from] Stealth Rock
|-damage|p2a: Sandaconda|82/100 slp|[from] Spikes
|move|p1a: bandi|Close Combat|p2a: Sandaconda
|-damage|p2a: Sandaconda|46/100 slp
|-unboost|p1a: bandi|def|1
|-unboost|p1a: bandi|spd|1
|-damage|p1a: bandi|72/100|[from] item: Rocky Helmet|[of] p2a: Sandaconda
|
|upkeep
|turn|31
|
|t:|1624831544
|move|p1a: bandi|Close Combat|p2a: Sandaconda
|-damage|p2a: Sandaconda|7/100 slp
|-unboost|p1a: bandi|def|1
|-unboost|p1a: bandi|spd|1
|-damage|p1a: bandi|55/100|[from] item: Rocky Helmet|[of] p2a: Sandaconda
|cant|p2a: Sandaconda|slp
|
|-activate|p2a: Sandaconda|ability: Shed Skin
|-curestatus|p2a: Sandaconda|slp|[msg]
|upkeep
|turn|32
|
|t:|1624831551
|move|p1a: bandi|Close Combat|p2a: Sandaconda
|-damage|p2a: Sandaconda|0 fnt
|-unboost|p1a: bandi|def|1
|-unboost|p1a: bandi|spd|1
|-damage|p1a: bandi|39/100|[from] item: Rocky Helmet|[of] p2a: Sandaconda
|faint|p2a: Sandaconda
|
|upkeep
|
|t:|1624831555
|switch|p2a: Archeops|Archeops, F|100/100
|turn|33
|
|t:|1624831559
|move|p1a: bandi|Close Combat|p2a: Archeops
|-damage|p2a: Archeops|10/100
|-unboost|p1a: bandi|def|1
|-unboost|p1a: bandi|spd|1
|move|p2a: Archeops|Earthquake|p1a: bandi
|-damage|p1a: bandi|0 fnt
|faint|p1a: bandi
|
|upkeep
|
|t:|1624831563
|switch|p1a: HG Mom|Sandaconda, M|67/100
|-damage|p1a: HG Mom|61/100|[from] Stealth Rock
|turn|34
|
|t:|1624831569
|move|p2a: Archeops|U-turn|p1a: HG Mom
|-damage|p1a: HG Mom|50/100
|
|t:|1624831574
|switch|p2a: Wishiwashi|Wishiwashi, F|100/100|[from]move: U-turn
|-formechange|p2a: Wishiwashi|Wishiwashi-School||[from] ability: Schooling
|move|p1a: HG Mom|Rock Slide|p2a: Wishiwashi
|-damage|p2a: Wishiwashi|80/100
|
|-heal|p1a: HG Mom|57/100|[from] item: Leftovers
|upkeep
|turn|35
|
|t:|1624831581
|move|p1a: HG Mom|Earthquake|p2a: Wishiwashi
|-damage|p2a: Wishiwashi|41/100
|move|p2a: Wishiwashi|Ice Beam|p1a: HG Mom
|-supereffective|p1a: HG Mom
|-damage|p1a: HG Mom|0 fnt
|faint|p1a: HG Mom
|
|upkeep
|
|t:|1624831584
|switch|p1a: kpop sucks|Charizard, F|89/100
|-damage|p1a: kpop sucks|39/100|[from] Stealth Rock
|turn|36
|
|t:|1624831590
|move|p1a: kpop sucks|Hurricane|p2a: Wishiwashi
|-damage|p2a: Wishiwashi|0 fnt
|faint|p2a: Wishiwashi
|
|upkeep
|
|t:|1624831593
|switch|p2a: Archeops|Archeops, F|10/100
|turn|37
|
|t:|1624831602
|move|p2a: Archeops|Stone Edge|p1a: kpop sucks
|-supereffective|p1a: kpop sucks
|-damage|p1a: kpop sucks|0 fnt
|faint|p1a: kpop sucks
|
|upkeep
|
|t:|1624831604
|switch|p1a: doubtful|Jellicent, M|49/100 tox
|-damage|p1a: doubtful|37/100 tox|[from] Stealth Rock
|turn|38
|
|t:|1624831617
|move|p2a: Archeops|U-turn|p1a: doubtful
|-resisted|p1a: doubtful
|-damage|p1a: doubtful|31/100 tox
|
|t:|1624831619
|switch|p2a: Audino|Audino, F|100/100 brn|[from]move: U-turn
|move|p1a: doubtful|Recover|p1a: doubtful
|-heal|p1a: doubtful|81/100 tox
|
|-damage|p1a: doubtful|75/100 tox|[from] psn
|-damage|p2a: Audino|94/100 brn|[from] brn
|upkeep
|turn|39
|
|t:|1624831624
|move|p1a: doubtful|Taunt|p2a: Audino
|-start|p2a: Audino|move: Taunt
|cant|p2a: Audino|move: Taunt|Wish
|
|-damage|p1a: doubtful|63/100 tox|[from] psn
|-damage|p2a: Audino|88/100 brn|[from] brn
|upkeep
|turn|40
|
|t:|1624831630
|move|p1a: doubtful|Will-O-Wisp|p2a: Audino
|-fail|p2a: Audino|brn
|move|p2a: Audino|Knock Off|p1a: doubtful
|-supereffective|p1a: doubtful
|-damage|p1a: doubtful|54/100 tox
|
|-damage|p1a: doubtful|36/100 tox|[from] psn
|-damage|p2a: Audino|82/100 brn|[from] brn
|upkeep
|turn|41
|
|t:|1624831632
|move|p1a: doubtful|Recover|p1a: doubtful
|-heal|p1a: doubtful|86/100 tox
|move|p2a: Audino|Knock Off|p1a: doubtful
|-supereffective|p1a: doubtful
|-damage|p1a: doubtful|78/100 tox
|-start|p2a: Audino|Disable|Knock Off|[from] ability: Cursed Body|[of] p1a: doubtful
|
|-damage|p1a: doubtful|54/100 tox|[from] psn
|-damage|p2a: Audino|76/100 brn|[from] brn
|-end|p2a: Audino|move: Taunt
|upkeep
|turn|42
|
|t:|1624831639
|move|p2a: Audino|Protect|p2a: Audino
|-singleturn|p2a: Audino|Protect
|move|p1a: doubtful|Recover|p1a: doubtful
|-heal|p1a: doubtful|100/100 tox
|
|-damage|p1a: doubtful|70/100 tox|[from] psn
|-damage|p2a: Audino|70/100 brn|[from] brn
|upkeep
|turn|43
|
|t:|1624831643
|move|p1a: doubtful|Recover|p1a: doubtful
|-heal|p1a: doubtful|100/100 tox
|move|p2a: Audino|Wish|p2a: Audino
|
|-damage|p1a: doubtful|63/100 tox|[from] psn
|-damage|p2a: Audino|64/100 brn|[from] brn
|upkeep
|turn|44
|
|t:|1624831647
|move|p2a: Audino|Protect|p2a: Audino
|-singleturn|p2a: Audino|Protect
|move|p1a: doubtful|Recover|p1a: doubtful
|-heal|p1a: doubtful|100/100 tox
|
|-heal|p2a: Audino|100/100 brn|[from] move: Wish|[wisher] Audino
|-damage|p1a: doubtful|57/100 tox|[from] psn
|-damage|p2a: Audino|94/100 brn|[from] brn
|-end|p2a: Audino|Disable
|upkeep
|turn|45
|
|t:|1624831649
|move|p1a: doubtful|Taunt|p2a: Audino
|-start|p2a: Audino|move: Taunt
|cant|p2a: Audino|move: Taunt|Wish
|
|-damage|p1a: doubtful|8/100 tox|[from] psn
|-damage|p2a: Audino|88/100 brn|[from] brn
|upkeep
|turn|46
|
|t:|1624831652
|move|p1a: doubtful|Recover|p1a: doubtful
|-heal|p1a: doubtful|58/100 tox
|move|p2a: Audino|Knock Off|p1a: doubtful
|-supereffective|p1a: doubtful
|-damage|p1a: doubtful|49/100 tox
|
|-damage|p1a: doubtful|0 fnt|[from] psn
|faint|p1a: doubtful
|
|win|Akame's 1 fan
|upkeep
|c|☆Akame's 1 fan|ggs
|c|☆stream that new yb|ggs
