|j|☆Ren SZ
|j|☆Pokemetros OP
|t:|1660798641
|gametype|singles
|player|p1|Ren SZ|rensz.png|
|player|p2|Pokemetros OP|pokemetrosop.png|
|teamsize|p1|6
|teamsize|p2|6
|gen|8
|tier|[Gen 8] National Dex AG
|rule|HP Percentage Mod: HP is shown in percentages
|rule|Endless Battle Clause: Forcing endless battles is banned
|clearpoke
|poke|p1|Necrozma-Dusk-Mane|
|poke|p1|Whimsicott, M|
|poke|p1|Kyogre|
|poke|p1|Zorua, F|
|poke|p1|Latias, F|
|poke|p1|Nihilego|
|poke|p2|Rayquaza|
|poke|p2|Dialga|
|poke|p2|Arceus-*|
|poke|p2|Giratina|
|poke|p2|Dragonite, M|
|poke|p2|Zygarde|
|teampreview
|inactive|Battle timer is ON: inactive players will automatically lose when time's up. (requested by Pokemetros OP)
|c|☆Ren SZ|glhf
|inactive|Ren SZ has 270 seconds left.
|
|t:|1660798680
|start
|switch|p1a: Nihilego|Nihilego|100/100
|switch|p2a: Arceus|Arceus-Dragon|100/100
|turn|1
|
|t:|1660798687
|move|p1a: Nihilego|Stealth Rock|p2a: Arceus
|-sidestart|p2: Pokemetros OP|move: Stealth Rock
|move|p2a: Arceus|Stealth Rock|p1a: Nihilego
|-sidestart|p1: Ren SZ|move: Stealth Rock
|
|upkeep
|turn|2
|c|☆Pokemetros OP|U2
|
|t:|1660798694
|move|p1a: Nihilego|Meteor Beam||[still]
|-prepare|p1a: Nihilego|Meteor Beam
|-boost|p1a: Nihilego|spa|1
|-enditem|p1a: Nihilego|Power Herb
|-anim|p1a: Nihilego|Meteor Beam|p2a: Arceus
|-damage|p2a: Arceus|36/100
|move|p2a: Arceus|Judgment|p1a: Nihilego
|-damage|p1a: Nihilego|57/100
|
|upkeep
|turn|3
|
|t:|1660798703
|move|p1a: Nihilego|Sludge Wave|p2a: Arceus
|-damage|p2a: Arceus|0 fnt
|faint|p2a: Arceus
|-ability|p1a: Nihilego|Beast Boost|boost
|-boost|p1a: Nihilego|spa|1
|
|upkeep
|
|t:|1660798714
|switch|p2a: Rayquaza|Rayquaza|100/100
|-damage|p2a: Rayquaza|76/100|[from] Stealth Rock
|-ability|p2a: Rayquaza|Air Lock
|turn|4
|
|t:|1660798722
|detailschange|p2a: Rayquaza|Rayquaza-Mega
|-mega|p2a: Rayquaza|Rayquaza|
|-weather|DeltaStream|[from] ability: Delta Stream|[of] p2a: Rayquaza
|move|p2a: Rayquaza|Earthquake|p1a: Nihilego
|-supereffective|p1a: Nihilego
|-damage|p1a: Nihilego|0 fnt
|faint|p1a: Nihilego
|
|-weather|DeltaStream|[upkeep]
|upkeep
|
|t:|1660798735
|switch|p1a: Whimsicott|Whimsicott, M|100/100
|-damage|p1a: Whimsicott|88/100|[from] Stealth Rock
|turn|5
|
|t:|1660798747
|-weather|none
|switch|p2a: Dragonite|Dragonite, M|100/100
|-damage|p2a: Dragonite|76/100|[from] Stealth Rock
|move|p1a: Whimsicott|Leech Seed|p2a: Dragonite
|-start|p2a: Dragonite|move: Leech Seed
|
|-heal|p1a: Whimsicott|94/100|[from] item: Leftovers
|-damage|p2a: Dragonite|63/100|[from] Leech Seed|[of] p1a: Whimsicott
|-heal|p1a: Whimsicott|100/100|[silent]
|upkeep
|turn|6
|
|t:|1660798756
|move|p1a: Whimsicott|Substitute|p1a: Whimsicott
|-start|p1a: Whimsicott|Substitute
|-damage|p1a: Whimsicott|75/100
|move|p2a: Dragonite|Fire Punch|p1a: Whimsicott
|-supereffective|p1a: Whimsicott
|-end|p1a: Whimsicott|Substitute
|
|-heal|p1a: Whimsicott|82/100|[from] item: Leftovers
|-damage|p2a: Dragonite|51/100|[from] Leech Seed|[of] p1a: Whimsicott
|-heal|p1a: Whimsicott|94/100|[silent]
|upkeep
|turn|7
|
|t:|1660798758
|move|p1a: Whimsicott|Defog|p2a: Dragonite
|-unboost|p2a: Dragonite|evasion|1
|-sideend|p2: Pokemetros OP|Stealth Rock|[from] move: Defog|[of] p1a: Whimsicott
|-sideend|p1: Ren SZ|Stealth Rock|[from] move: Defog|[of] p1a: Whimsicott
|move|p2a: Dragonite|Fire Punch|p1a: Whimsicott
|-supereffective|p1a: Whimsicott
|-damage|p1a: Whimsicott|22/100
|
|-heal|p1a: Whimsicott|29/100|[from] item: Leftovers
|-damage|p2a: Dragonite|39/100|[from] Leech Seed|[of] p1a: Whimsicott
|-heal|p1a: Whimsicott|41/100|[silent]
|upkeep
|turn|8
|
|t:|1660798762
|move|p1a: Whimsicott|Substitute|p1a: Whimsicott
|-start|p1a: Whimsicott|Substitute
|-damage|p1a: Whimsicott|16/100
|move|p2a: Dragonite|Fire Punch|p1a: Whimsicott
|-supereffective|p1a: Whimsicott
|-end|p1a: Whimsicott|Substitute
|
|-heal|p1a: Whimsicott|22/100|[from] item: Leftovers
|-damage|p2a: Dragonite|26/100|[from] Leech Seed|[of] p1a: Whimsicott
|-heal|p1a: Whimsicott|34/100|[silent]
|upkeep
|turn|9
|
|t:|1660798765
|move|p1a: Whimsicott|Moonblast|p2a: Dragonite
|-supereffective|p2a: Dragonite
|-damage|p2a: Dragonite|0 fnt
|faint|p2a: Dragonite
|
|-heal|p1a: Whimsicott|41/100|[from] item: Leftovers
|upkeep
|
|t:|1660798777
|switch|p2a: Dialga|Dialga|100/100
|-ability|p2a: Dialga|Pressure
|turn|10
|
|t:|1660798783
|move|p1a: Whimsicott|Leech Seed|p2a: Dialga
|-start|p2a: Dialga|move: Leech Seed
|move|p2a: Dialga|Flash Cannon|p1a: Whimsicott
|-supereffective|p1a: Whimsicott
|-damage|p1a: Whimsicott|0 fnt
|faint|p1a: Whimsicott
|
|upkeep
|
|t:|1660798788
|switch|p1a: Necrozma|Necrozma-Dusk-Mane|100/100
|turn|11
|
|t:|1660798792
|-start|p2a: Dialga|Dynamax|
|-heal|p2a: Dialga|100/100|[silent]
|move|p2a: Dialga|Max Flare|p1a: Necrozma
|-supereffective|p1a: Necrozma
|-damage|p1a: Necrozma|33/100
|-weather|SunnyDay
|-enditem|p1a: Necrozma|Weakness Policy
|-boost|p1a: Necrozma|atk|2|[from] item: Weakness Policy
|-boost|p1a: Necrozma|spa|2|[from] item: Weakness Policy
|move|p1a: Necrozma|Dragon Dance|p1a: Necrozma
|-boost|p1a: Necrozma|atk|1
|-boost|p1a: Necrozma|spe|1
|
|-weather|SunnyDay|[upkeep]
|-damage|p2a: Dialga|94/100|[from] Leech Seed|[of] p1a: Necrozma
|-heal|p1a: Necrozma|44/100|[silent]
|upkeep
|turn|12
|
|t:|1660798803
|move|p1a: Necrozma|Morning Sun|p1a: Necrozma
|-heal|p1a: Necrozma|100/100
|move|p2a: Dialga|Max Quake|p1a: Necrozma
|-supereffective|p1a: Necrozma
|-damage|p1a: Necrozma|44/100
|-boost|p2a: Dialga|spd|1
|
|-weather|SunnyDay|[upkeep]
|-damage|p2a: Dialga|88/100|[from] Leech Seed|[of] p1a: Necrozma
|-heal|p1a: Necrozma|55/100|[silent]
|upkeep
|turn|13
|
|t:|1660798809
|-start|p1a: Necrozma|Dynamax|
|-heal|p1a: Necrozma|55/100|[silent]
|move|p1a: Necrozma|Max Guard|p1a: Necrozma
|-singleturn|p1a: Necrozma|Max Guard
|move|p2a: Dialga|Max Flare|p1a: Necrozma
|-activate|p1a: Necrozma|move: Max Guard
|
|-weather|SunnyDay|[upkeep]
|-damage|p2a: Dialga|82/100|[from] Leech Seed|[of] p1a: Necrozma
|-heal|p1a: Necrozma|60/100|[silent]
|upkeep
|-end|p2a: Dialga|Dynamax
|-heal|p2a: Dialga|82/100|[silent]
|turn|14
|
|t:|1660798813
|move|p1a: Necrozma|Max Quake|p2a: Dialga
|-supereffective|p2a: Dialga
|-damage|p2a: Dialga|0 fnt
|-boost|p1a: Necrozma|spd|1
|faint|p2a: Dialga
|
|-weather|SunnyDay|[upkeep]
|upkeep
|
|t:|1660798819
|switch|p2a: Giratina|Giratina|100/100
|-ability|p2a: Giratina|Pressure
|turn|15
|
|t:|1660798825
|move|p1a: Necrozma|Max Steelspike|p2a: Giratina
|-damage|p2a: Giratina|0 fnt
|-boost|p1a: Necrozma|def|1
|faint|p2a: Giratina
|
|-weather|none
|upkeep
|
|t:|1660798830
|switch|p2a: Rayquaza|Rayquaza-Mega|76/100
|-weather|DeltaStream|[from] ability: Delta Stream|[of] p2a: Rayquaza
|-end|p1a: Necrozma|Dynamax
|-heal|p1a: Necrozma|60/100|[silent]
|turn|16
|
|t:|1660798834
|move|p2a: Rayquaza|V-create|p1a: Necrozma
|-supereffective|p1a: Necrozma
|-damage|p1a: Necrozma|0 fnt
|-unboost|p2a: Rayquaza|spe|1
|-unboost|p2a: Rayquaza|def|1
|-unboost|p2a: Rayquaza|spd|1
|faint|p1a: Necrozma
|
|-weather|DeltaStream|[upkeep]
|upkeep
|
|t:|1660798839
|switch|p1a: Latias|Latias, F|100/100
|turn|17
|
|t:|1660798844
|detailschange|p1a: Latias|Latias-Mega, F
|-mega|p1a: Latias|Latias|Latiasite
|move|p1a: Latias|Ice Beam|p2a: Rayquaza
|-activate||deltastream
|-supereffective|p2a: Rayquaza
|-damage|p2a: Rayquaza|0 fnt
|faint|p2a: Rayquaza
|-weather|none
|
|upkeep
|
|t:|1660798846
|switch|p2a: Zygarde|Zygarde|100/100
|turn|18
|
|t:|1660798853
|move|p1a: Latias|Ice Beam|p2a: Zygarde
|-supereffective|p2a: Zygarde
|-damage|p2a: Zygarde|5/100
|-status|p2a: Zygarde|frz
|cant|p2a: Zygarde|frz
|
|-heal|p2a: Zygarde|11/100 frz|[from] item: Leftovers
|-activate|p2a: Zygarde|ability: Power Construct
|detailschange|p2a: Zygarde|Zygarde-Complete
|-heal|p2a: Zygarde|42/100 frz|[silent]
|upkeep
|turn|19
|c|☆Ren SZ|oog
|c|☆Ren SZ|oof
|c|☆Ren SZ|gg
|
|t:|1660798864
|move|p1a: Latias|Draco Meteor|p2a: Zygarde
|-supereffective|p2a: Zygarde
|-damage|p2a: Zygarde|0 fnt
|-unboost|p1a: Latias|spa|2
|faint|p2a: Zygarde
|
|win|Ren SZ
