|j|☆Pokemetros OP....!
|j|☆shadow god red
|t:|1660036165
|gametype|singles
|player|p1|Pokemetros OP....!|pokemetrosop.png|
|player|p2|shadow god red|shadowgodred.png|
|teamsize|p1|6
|teamsize|p2|6
|gen|8
|tier|[Gen 8] National Dex AG
|rule|HP Percentage Mod: HP is shown in percentages
|rule|Endless Battle Clause: Forcing endless battles is banned
|clearpoke
|poke|p1|Arceus-*|
|poke|p1|Arceus-*|
|poke|p1|Marshadow|
|poke|p1|Yveltal|
|poke|p1|Ditto|
|poke|p1|Necrozma-Dusk-Mane|
|poke|p2|Groudon|
|poke|p2|Charizard, M|
|poke|p2|Arceus-*|
|poke|p2|Cinderace, F|
|poke|p2|Infernape, M|
|poke|p2|Blaziken, M|
|teampreview
|inactive|Battle timer is ON: inactive players will automatically lose when time's up. (requested by Pokemetros OP....!)
|
|t:|1660036192
|start
|switch|p1a: Arceus|Arceus-Ground|100/100
|switch|p2a: Blaziken|Blaziken, M|100/100
|turn|1
|
|t:|1660036198
|move|p2a: Blaziken|Protect|p2a: Blaziken
|-singleturn|p2a: Blaziken|Protect
|move|p1a: Arceus|Stealth Rock|p2a: Blaziken
|-sidestart|p2: shadow god red|move: Stealth Rock
|
|-ability|p2a: Blaziken|Speed Boost|boost
|-boost|p2a: Blaziken|spe|1
|upkeep
|turn|2
|
|t:|1660036207
|move|p2a: Blaziken|Protect||[still]
|-fail|p2a: Blaziken
|move|p1a: Arceus|Earthquake|p2a: Blaziken
|-supereffective|p2a: Blaziken
|-damage|p2a: Blaziken|0 fnt
|faint|p2a: Blaziken
|
|upkeep
|
|t:|1660036212
|switch|p2a: Groudon|Groudon|100/100
|-damage|p2a: Groudon|94/100|[from] Stealth Rock
|detailschange|p2a: Groudon|Groudon-Primal
|-primal|p2a: Groudon
|-weather|DesolateLand|[from] ability: Desolate Land|[of] p2a: Groudon
|turn|3
|
|t:|1660036222
|-zpower|p1a: Arceus
|move|p1a: Arceus|Tectonic Rage|p2a: Groudon|[zeffect]
|-supereffective|p2a: Groudon
|-damage|p2a: Groudon|0 fnt
|faint|p2a: Groudon
|-weather|none
|
|upkeep
|j| Gale✿Winged ツ
|
|t:|1660036249
|switch|p2a: Cinderace|Cinderace, F|100/100
|turn|4
|l| Gale✿Winged ツ
|j| Y6T
|inactive|Pokemetros OP....! has 270 seconds left.
|j| Gale✿Winged ツ
|
|t:|1660036291
|switch|p1a: Necrozma|Necrozma-Dusk-Mane|100/100
|move|p2a: Cinderace|Acrobatics|p1a: Necrozma
|-start|p2a: Cinderace|typechange|Flying|[from] ability: Libero
|-resisted|p1a: Necrozma
|-damage|p1a: Necrozma|93/100
|-damage|p2a: Cinderace|84/100|[from] item: Rocky Helmet|[of] p1a: Necrozma
|
|upkeep
|turn|5
|l| Gale✿Winged ツ
|
|t:|1660036299
|move|p2a: Cinderace|Pyro Ball|p1a: Necrozma
|-start|p2a: Cinderace|typechange|Fire|[from] ability: Libero
|-supereffective|p1a: Necrozma
|-damage|p1a: Necrozma|47/100
|move|p1a: Necrozma|Thunder Wave|p2a: Cinderace
|-status|p2a: Cinderace|par
|
|upkeep
|turn|6
|inactive|Pokemetros OP....! has 270 seconds left.
|
|t:|1660036306
|move|p1a: Necrozma|Moonlight|p1a: Necrozma
|-heal|p1a: Necrozma|97/100
|move|p2a: Cinderace|Pyro Ball|p1a: Necrozma
|-supereffective|p1a: Necrozma
|-damage|p1a: Necrozma|48/100
|
|upkeep
|turn|7
|inactive|shadow god red has 270 seconds left.
|c|☆Pokemetros OP....!|Hlo
|inactive|shadow god red has 240 seconds left.
|
|t:|1660036374
|move|p1a: Necrozma|Earthquake|p2a: Cinderace
|-supereffective|p2a: Cinderace
|-damage|p2a: Cinderace|0 fnt
|faint|p2a: Cinderace
|
|upkeep
|
|t:|1660036377
|switch|p2a: Infernape|Infernape, M|100/100
|-damage|p2a: Infernape|88/100|[from] Stealth Rock
|turn|8
|
|t:|1660036385
|-start|p2a: Infernape|Dynamax|
|-heal|p2a: Infernape|88/100|[silent]
|move|p2a: Infernape|Max Flare|p1a: Necrozma
|-supereffective|p1a: Necrozma
|-damage|p1a: Necrozma|0 fnt
|-weather|SunnyDay
|faint|p1a: Necrozma
|
|-weather|SunnyDay|[upkeep]
|upkeep
|
|t:|1660036393
|switch|p1a: Yveltal|Yveltal|100/100
|-ability|p1a: Yveltal|Dark Aura
|turn|9
|inactive|shadow god red has 240 seconds left.
|inactive|shadow god red has 210 seconds left.
|
|t:|1660036451
|-start|p1a: Yveltal|Dynamax|
|-heal|p1a: Yveltal|100/100|[silent]
|move|p2a: Infernape|Max Lightning|p1a: Yveltal
|-supereffective|p1a: Yveltal
|-damage|p1a: Yveltal|64/100
|-fieldstart|move: Electric Terrain
|move|p1a: Yveltal|Max Airstream|p2a: Infernape
|-supereffective|p2a: Infernape
|-damage|p2a: Infernape|0 fnt
|-boost|p1a: Yveltal|spe|1
|faint|p2a: Infernape
|-damage|p1a: Yveltal|59/100|[from] item: Life Orb
|
|-weather|SunnyDay|[upkeep]
|upkeep
|inactive|shadow god red has 210 seconds left.
|
|t:|1660036459
|switch|p2a: Charizard|Charizard, M|100/100
|-damage|p2a: Charizard|51/100|[from] Stealth Rock
|turn|10
|
|t:|1660036465
|detailschange|p2a: Charizard|Charizard-Mega-X, M
|-mega|p2a: Charizard|Charizard|Charizardite X
|move|p1a: Yveltal|Max Darkness|p2a: Charizard
|-damage|p2a: Charizard|0 fnt
|faint|p2a: Charizard
|-damage|p1a: Yveltal|54/100|[from] item: Life Orb
|
|-weather|SunnyDay|[upkeep]
|upkeep
|
|t:|1660036468
|switch|p2a: Arceus|Arceus-Fire|100/100
|-damage|p2a: Arceus|76/100|[from] Stealth Rock
|turn|11
|
|t:|1660036472
|move|p1a: Yveltal|Max Darkness|p2a: Arceus
|-crit|p2a: Arceus
|-damage|p2a: Arceus|0 fnt
|faint|p2a: Arceus
|-damage|p1a: Yveltal|49/100|[from] item: Life Orb
|
|win|Pokemetros OP....!
|c|☆shadow god red|gg
|c|☆Pokemetros OP....!|Gg
|l|☆shadow god red
|l|☆Pokemetros OP....!
|j|☆shadow god red
|player|p2|shadow god red|shadowgodred.png
