|j|☆Opnoob 598ス°
|j|☆Mikasaaapower
|t:|1662379890
|gametype|singles
|player|p1|Opnoob 598ス°|opnoob598.gif|
|player|p2|Mikasaaapower|mikasaaapower.png|
|teamsize|p1|6
|teamsize|p2|6
|gen|8
|tier|[Gen 8] National Dex AG
|rated|Tournament battle
|rule|HP Percentage Mod: HP is shown in percentages
|rule|Endless Battle Clause: Forcing endless battles is banned
|clearpoke
|poke|p1|Ho-Oh|
|poke|p1|Tyranitar, M|
|poke|p1|Ditto|
|poke|p1|Necrozma-Dusk-Mane|
|poke|p1|Rayquaza|
|poke|p1|Zygarde|
|poke|p2|Rayquaza|
|poke|p2|Arceus-*|
|poke|p2|Necrozma-Dusk-Mane|
|poke|p2|Yveltal|
|poke|p2|Ditto|
|poke|p2|Calyrex-Shadow|
|teampreview
|c|☆Opnoob 598ス°|Hf
|
|t:|1662379902
|start
|switch|p1a: Rayquaza|Rayquaza|100/100
|switch|p2a: Rayquaza|Rayquaza|100/100
|-ability|p2a: Rayquaza|Air Lock
|-ability|p1a: Rayquaza|Air Lock
|turn|1
|
|t:|1662379908
|switch|p1a: Necrozma|Necrozma-Dusk-Mane|100/100
|detailschange|p2a: Rayquaza|Rayquaza-Mega
|-mega|p2a: Rayquaza|Rayquaza|
|-weather|DeltaStream|[from] ability: Delta Stream|[of] p2a: Rayquaza
|move|p2a: Rayquaza|Dragon Ascent|p1a: Necrozma
|-resisted|p1a: Necrozma
|-damage|p1a: Necrozma|72/100
|-unboost|p2a: Rayquaza|def|1
|-unboost|p2a: Rayquaza|spd|1
|-damage|p2a: Rayquaza|84/100|[from] item: Rocky Helmet|[of] p1a: Necrozma
|-damage|p2a: Rayquaza|74/100|[from] item: Life Orb
|
|-weather|DeltaStream|[upkeep]
|upkeep
|turn|2
|
|t:|1662379916
|switch|p1a: Zygarde|Zygarde|100/100
|move|p2a: Rayquaza|V-create|p1a: Zygarde
|-resisted|p1a: Zygarde
|-damage|p1a: Zygarde|74/100
|-unboost|p2a: Rayquaza|spe|1
|-unboost|p2a: Rayquaza|def|1
|-unboost|p2a: Rayquaza|spd|1
|-damage|p2a: Rayquaza|64/100|[from] item: Life Orb
|
|-weather|DeltaStream|[upkeep]
|-heal|p1a: Zygarde|81/100|[from] item: Leftovers
|upkeep
|turn|3
|
|t:|1662379929
|-weather|none
|switch|p2a: Yveltal|Yveltal|100/100
|-ability|p2a: Yveltal|Dark Aura
|move|p1a: Zygarde|Scale Shot|p2a: Yveltal
|-damage|p2a: Yveltal|93/100
|-damage|p2a: Yveltal|86/100
|-crit|p2a: Yveltal
|-damage|p2a: Yveltal|77/100
|-damage|p2a: Yveltal|69/100
|-crit|p2a: Yveltal
|-damage|p2a: Yveltal|59/100
|-hitcount|p2a: Yveltal|5
|-unboost|p1a: Zygarde|def|1
|-boost|p1a: Zygarde|spe|1
|
|-heal|p1a: Zygarde|87/100|[from] item: Leftovers
|upkeep
|turn|4
|
|t:|1662379941
|switch|p1a: Tyranitar|Tyranitar, M|100/100
|-weather|Sandstorm|[from] ability: Sand Stream|[of] p1a: Tyranitar
|move|p2a: Yveltal|Foul Play|p1a: Tyranitar
|-resisted|p1a: Tyranitar
|-damage|p1a: Tyranitar|84/100
|
|-weather|Sandstorm|[upkeep]
|-damage|p2a: Yveltal|53/100|[from] Sandstorm
|-heal|p1a: Tyranitar|91/100|[from] item: Leftovers
|upkeep
|turn|5
|
|t:|1662379946
|move|p2a: Yveltal|Toxic|p1a: Tyranitar|[miss]
|-miss|p2a: Yveltal|p1a: Tyranitar
|move|p1a: Tyranitar|Stealth Rock|p2a: Yveltal
|-sidestart|p2: Mikasaaapower|move: Stealth Rock
|
|-weather|Sandstorm|[upkeep]
|-damage|p2a: Yveltal|47/100|[from] Sandstorm
|-heal|p1a: Tyranitar|97/100|[from] item: Leftovers
|upkeep
|turn|6
|
|t:|1662379953
|move|p2a: Yveltal|Roost|p2a: Yveltal
|-heal|p2a: Yveltal|97/100
|-singleturn|p2a: Yveltal|move: Roost
|move|p1a: Tyranitar|Roar|p2a: Yveltal
|drag|p2a: Arceus|Arceus|100/100
|-damage|p2a: Arceus|88/100|[from] Stealth Rock
|
|-weather|Sandstorm|[upkeep]
|-damage|p2a: Arceus|82/100|[from] Sandstorm
|-heal|p1a: Tyranitar|100/100|[from] item: Leftovers
|upkeep
|turn|7
|
|t:|1662379963
|move|p2a: Arceus|Earthquake|p1a: Tyranitar
|-supereffective|p1a: Tyranitar
|-damage|p1a: Tyranitar|43/100
|-damage|p2a: Arceus|72/100|[from] item: Life Orb
|move|p1a: Tyranitar|Roar|p2a: Arceus
|drag|p2a: Calyrex|Calyrex-Shadow|100/100
|-ability|p2a: Calyrex|As One
|-ability|p2a: Calyrex|Unnerve
|-damage|p2a: Calyrex|88/100|[from] Stealth Rock
|
|-weather|Sandstorm|[upkeep]
|-damage|p2a: Calyrex|82/100|[from] Sandstorm
|-heal|p1a: Tyranitar|50/100|[from] item: Leftovers
|upkeep
|turn|8
|
|t:|1662379969
|-activate|p2a: Calyrex|move: Pursuit
|move|p1a: Tyranitar|Pursuit|p2a: Calyrex|[from]Pursuit
|-supereffective|p2a: Calyrex
|-damage|p2a: Calyrex|0 fnt
|faint|p2a: Calyrex
|-hint|A Pokemon can't switch between when it runs out of HP and when it faints
|
|-weather|none
|-heal|p1a: Tyranitar|56/100|[from] item: Leftovers
|upkeep
|c|☆Mikasaaapower|...
|
|t:|1662380016
|switch|p2a: Arceus|Arceus|72/100
|-damage|p2a: Arceus|60/100|[from] Stealth Rock
|turn|9
|inactive|Battle timer is ON: inactive players will automatically lose when time's up. (requested by Opnoob 598ス°)
|
|t:|1662380023
|switch|p1a: Zygarde|Zygarde|87/100
|move|p2a: Arceus|Earthquake|p1a: Zygarde
|-damage|p1a: Zygarde|61/100
|-damage|p2a: Arceus|50/100|[from] item: Life Orb
|
|-heal|p1a: Zygarde|68/100|[from] item: Leftovers
|upkeep
|turn|10
|
|t:|1662380034
|switch|p2a: Yveltal|Yveltal|97/100
|-ability|p2a: Yveltal|Dark Aura
|move|p1a: Zygarde|Thousand Waves|p2a: Yveltal
|-immune|p2a: Yveltal
|
|-heal|p1a: Zygarde|74/100|[from] item: Leftovers
|upkeep
|turn|11
|
|t:|1662380043
|move|p2a: Yveltal|Defog|p1a: Zygarde
|-unboost|p1a: Zygarde|evasion|1
|-sideend|p2: Mikasaaapower|Stealth Rock|[from] move: Defog|[of] p2a: Yveltal
|move|p1a: Zygarde|Coil|p1a: Zygarde
|-boost|p1a: Zygarde|atk|1
|-boost|p1a: Zygarde|def|1
|-boost|p1a: Zygarde|accuracy|1
|
|-heal|p1a: Zygarde|80/100|[from] item: Leftovers
|upkeep
|turn|12
|
|t:|1662380049
|move|p2a: Yveltal|Toxic|p1a: Zygarde
|-status|p1a: Zygarde|tox
|move|p1a: Zygarde|Scale Shot|p2a: Yveltal
|-damage|p2a: Yveltal|86/100
|-crit|p2a: Yveltal
|-damage|p2a: Yveltal|70/100
|-hitcount|p2a: Yveltal|2
|-unboost|p1a: Zygarde|def|1
|-boost|p1a: Zygarde|spe|1
|
|-heal|p1a: Zygarde|86/100 tox|[from] item: Leftovers
|-damage|p1a: Zygarde|80/100 tox|[from] psn
|upkeep
|turn|13
|
|t:|1662380055
|move|p1a: Zygarde|Coil|p1a: Zygarde
|-boost|p1a: Zygarde|atk|1
|-boost|p1a: Zygarde|def|1
|-boost|p1a: Zygarde|accuracy|1
|move|p2a: Yveltal|Foul Play|p1a: Zygarde
|-damage|p1a: Zygarde|52/100 tox
|
|-heal|p1a: Zygarde|58/100 tox|[from] item: Leftovers
|-damage|p1a: Zygarde|46/100 tox|[from] psn
|-activate|p1a: Zygarde|ability: Power Construct
|detailschange|p1a: Zygarde|Zygarde-Complete
|-heal|p1a: Zygarde|64/100 tox|[silent]
|upkeep
|turn|14
|
|t:|1662380066
|move|p1a: Zygarde|Rest|p1a: Zygarde
|-status|p1a: Zygarde|slp|[from] move: Rest
|-heal|p1a: Zygarde|100/100 slp|[silent]
|move|p2a: Yveltal|Foul Play|p1a: Zygarde
|-damage|p1a: Zygarde|81/100 slp
|
|-heal|p1a: Zygarde|88/100 slp|[from] item: Leftovers
|upkeep
|turn|15
|c|☆Opnoob 598ス°|Ggs
|
|t:|1662380072
|switch|p2a: Ditto|Ditto|100/100
|-transform|p2a: Ditto|p1a: Zygarde|[from] ability: Imposter
|cant|p1a: Zygarde|slp
|
|-heal|p1a: Zygarde|94/100 slp|[from] item: Leftovers
|upkeep
|turn|16
|
|t:|1662380079
|switch|p1a: Necrozma|Necrozma-Dusk-Mane|72/100
|-start|p2a: Ditto|Dynamax|
|-heal|p2a: Ditto|100/100|[silent]
|move|p2a: Ditto|Max Wyrmwind|p1a: Necrozma
|-resisted|p1a: Necrozma
|-damage|p1a: Necrozma|48/100
|-unboost|p1a: Necrozma|atk|1
|
|upkeep
|turn|17
|
|t:|1662380085
|switch|p1a: Zygarde|Zygarde-Complete|94/100 slp
|move|p2a: Ditto|Max Wyrmwind|p1a: Zygarde
|-supereffective|p1a: Zygarde
|-damage|p1a: Zygarde|38/100 slp
|-unboost|p1a: Zygarde|atk|1
|
|-heal|p1a: Zygarde|44/100 slp|[from] item: Leftovers
|upkeep
|turn|18
|
|t:|1662380092
|switch|p1a: Ho-Oh|Ho-Oh|100/100
|move|p2a: Ditto|Max Quake|p1a: Ho-Oh
|-immune|p1a: Ho-Oh
|
|upkeep
|-end|p2a: Ditto|Dynamax
|-heal|p2a: Ditto|100/100|[silent]
|turn|19
|
|t:|1662380104
|move|p2a: Ditto|Thousand Waves|p1a: Ho-Oh
|-immune|p1a: Ho-Oh
|move|p1a: Ho-Oh|Brave Bird|p2a: Ditto
|-damage|p2a: Ditto|69/100
|-damage|p1a: Ho-Oh|93/100|[from] Recoil
|
|upkeep
|turn|20
|
|t:|1662380111
|switch|p2a: Necrozma|Necrozma-Dusk-Mane|100/100
|move|p1a: Ho-Oh|Sacred Fire|p2a: Necrozma
|-supereffective|p2a: Necrozma
|-damage|p2a: Necrozma|60/100
|-status|p2a: Necrozma|brn
|
|-damage|p2a: Necrozma|54/100 brn|[from] brn
|upkeep
|turn|21
|
|t:|1662380122
|-start|p1a: Ho-Oh|Dynamax|
|-heal|p1a: Ho-Oh|93/100|[silent]
|move|p1a: Ho-Oh|Max Flare|p2a: Necrozma
|-supereffective|p2a: Necrozma
|-damage|p2a: Necrozma|1/100 brn
|-weather|SunnyDay
|move|p2a: Necrozma|Moonlight|p2a: Necrozma
|-heal|p2a: Necrozma|68/100 brn
|
|-weather|SunnyDay|[upkeep]
|-damage|p2a: Necrozma|62/100 brn|[from] brn
|upkeep
|turn|22
|
|t:|1662380127
|switch|p2a: Ditto|Ditto|69/100
|-transform|p2a: Ditto|p1a: Ho-Oh|[from] ability: Imposter
|move|p1a: Ho-Oh|Max Flare|p2a: Ditto
|-resisted|p2a: Ditto
|-damage|p2a: Ditto|0 fnt
|faint|p2a: Ditto
|
|-weather|SunnyDay|[upkeep]
|upkeep
|
|t:|1662380141
|switch|p2a: Necrozma|Necrozma-Dusk-Mane|62/100 brn
|turn|23
|
|t:|1662380146
|move|p1a: Ho-Oh|Max Flare|p2a: Necrozma
|-supereffective|p2a: Necrozma
|-damage|p2a: Necrozma|0 fnt
|faint|p2a: Necrozma
|
|-weather|SunnyDay|[upkeep]
|upkeep
|
|t:|1662380151
|switch|p2a: Rayquaza|Rayquaza-Mega|64/100
|-weather|DeltaStream|[from] ability: Delta Stream|[of] p2a: Rayquaza
|-end|p1a: Ho-Oh|Dynamax
|-heal|p1a: Ho-Oh|93/100|[silent]
|turn|24
|
|t:|1662380156
|move|p2a: Rayquaza|Surf|p1a: Ho-Oh
|-supereffective|p1a: Ho-Oh
|-damage|p1a: Ho-Oh|47/100
|-damage|p2a: Rayquaza|54/100|[from] item: Life Orb
|move|p1a: Ho-Oh|Brave Bird|p2a: Rayquaza
|-damage|p2a: Rayquaza|0 fnt
|faint|p2a: Rayquaza
|-weather|none
|-damage|p1a: Ho-Oh|32/100|[from] Recoil
|
|upkeep
|c|☆Mikasaaapower|Shit
|c|☆Mikasaaapower|Did not switch
|c|☆Opnoob 598ス°|Saw that coming
|
|t:|1662380183
|switch|p2a: Arceus|Arceus|50/100
|turn|25
|
|t:|1662380191
|switch|p1a: Necrozma|Necrozma-Dusk-Mane|48/100
|move|p2a: Arceus|Extreme Speed|p1a: Necrozma
|-resisted|p1a: Necrozma
|-damage|p1a: Necrozma|34/100
|-damage|p2a: Arceus|33/100|[from] item: Rocky Helmet|[of] p1a: Necrozma
|-damage|p2a: Arceus|23/100|[from] item: Life Orb
|
|upkeep
|turn|26
|
|t:|1662380197
|switch|p1a: Ditto|Ditto|100/100
|-transform|p1a: Ditto|p2a: Arceus|[from] ability: Imposter
|move|p2a: Arceus|Recover|p2a: Arceus
|-heal|p2a: Arceus|73/100
|
|upkeep
|turn|27
|
|t:|1662380203
|move|p1a: Ditto|Extreme Speed|p2a: Arceus
|-damage|p2a: Arceus|44/100
|move|p2a: Arceus|Swords Dance|p2a: Arceus
|-boost|p2a: Arceus|atk|2
|
|upkeep
|turn|28
|
|t:|1662380216
|switch|p1a: Ho-Oh|Ho-Oh|66/100
|move|p2a: Arceus|Recover|p2a: Arceus
|-heal|p2a: Arceus|94/100
|
|upkeep
|turn|29
|
|t:|1662380220
|switch|p1a: Necrozma|Necrozma-Dusk-Mane|34/100
|move|p2a: Arceus|Extreme Speed|p1a: Necrozma
|-resisted|p1a: Necrozma
|-damage|p1a: Necrozma|4/100
|-damage|p2a: Arceus|78/100|[from] item: Rocky Helmet|[of] p1a: Necrozma
|-damage|p2a: Arceus|68/100|[from] item: Life Orb
|
|upkeep
|turn|30
|
|t:|1662380225
|move|p2a: Arceus|Extreme Speed|p1a: Necrozma
|-resisted|p1a: Necrozma
|-damage|p1a: Necrozma|0 fnt
|-damage|p2a: Arceus|51/100|[from] item: Rocky Helmet|[of] p1a: Necrozma
|faint|p1a: Necrozma
|-damage|p2a: Arceus|41/100|[from] item: Life Orb
|
|upkeep
|
|t:|1662380227
|switch|p1a: Ditto|Ditto|100/100
|-transform|p1a: Ditto|p2a: Arceus|[from] ability: Imposter
|turn|31
|
|t:|1662380231
|move|p1a: Ditto|Extreme Speed|p2a: Arceus
|-damage|p2a: Arceus|0 fnt
|faint|p2a: Arceus
|
|upkeep
|
|t:|1662380234
|switch|p2a: Yveltal|Yveltal|70/100
|-ability|p2a: Yveltal|Dark Aura
|turn|32
|c|☆Opnoob 598ス°|Gg
|
|t:|1662380237
|move|p1a: Ditto|Extreme Speed|p2a: Yveltal
|-damage|p2a: Yveltal|0 fnt
|faint|p2a: Yveltal
|
|win|Opnoob 598ス°
|n|☆Opnoob 598ス°|opnoob598
|n|☆Mikasaaapower|mikasaaapower
