|j|☆AmoghOp(
|j|☆09-10a
|t:|1649388878
|gametype|singles
|player|p1|AmoghOp(|amoghop.png|
|player|p2|09-10a|schoolkid-gen4dp|
|teamsize|p1|6
|teamsize|p2|6
|gen|8
|tier|[Gen 8] National Dex AG
|rated|Tournament battle
|rule|HP Percentage Mod: HP is shown in percentages
|rule|Endless Battle Clause: Forcing endless battles is banned
|clearpoke
|poke|p1|Arceus-*|
|poke|p1|Necrozma-Dusk-Mane|
|poke|p1|Zacian-*|
|poke|p1|Rayquaza|
|poke|p1|Kyogre|
|poke|p1|Zygarde|
|poke|p2|Calyrex-Shadow|
|poke|p2|Arceus-*|
|poke|p2|Yveltal|
|poke|p2|Lucario, F|
|poke|p2|Excadrill, M|
|poke|p2|Smeargle, F|
|teampreview
|inactive|Battle timer is ON: inactive players will automatically lose when time's up. (requested by 09-10a)
|inactive|AmoghOp( also wants the timer to be on.
|c|☆09-10a|hf 
|
|t:|1649388889
|start
|switch|p1a: Op ka Jharna|Kyogre|100/100
|switch|p2a: Excadrill|Excadrill, M|100/100
|-weather|RainDance|[from] ability: Drizzle|[of] p1a: Op ka Jharna
|-ability|p2a: Excadrill|Mold Breaker
|turn|1
|
|t:|1649388902
|move|p1a: Op ka Jharna|Water Spout|p2a: Excadrill
|-supereffective|p2a: Excadrill
|-enditem|p2a: Excadrill|Focus Sash
|-damage|p2a: Excadrill|1/100
|move|p2a: Excadrill|Stealth Rock|p1a: Op ka Jharna
|-sidestart|p1: AmoghOp(|move: Stealth Rock
|
|-weather|RainDance|[upkeep]
|upkeep
|turn|2
|
|t:|1649388906
|move|p1a: Op ka Jharna|Water Spout|p2a: Excadrill
|-supereffective|p2a: Excadrill
|-damage|p2a: Excadrill|0 fnt
|faint|p2a: Excadrill
|
|-weather|RainDance|[upkeep]
|upkeep
|
|t:|1649388908
|switch|p2a: Smeargle|Smeargle, F|100/100
|turn|3
|
|t:|1649388911
|move|p1a: Op ka Jharna|Water Spout|p2a: Smeargle
|-enditem|p2a: Smeargle|Focus Sash
|-damage|p2a: Smeargle|1/100
|move|p2a: Smeargle|Nuzzle|p1a: Op ka Jharna
|-supereffective|p1a: Op ka Jharna
|-damage|p1a: Op ka Jharna|98/100
|-status|p1a: Op ka Jharna|par
|
|-weather|RainDance|[upkeep]
|upkeep
|turn|4
|
|t:|1649388915
|move|p2a: Smeargle|Sticky Web|p1a: Op ka Jharna
|-sidestart|p1: AmoghOp(|move: Sticky Web
|move|p1a: Op ka Jharna|Water Spout|p2a: Smeargle
|-damage|p2a: Smeargle|0 fnt
|faint|p2a: Smeargle
|
|-weather|RainDance|[upkeep]
|upkeep
|
|t:|1649388923
|switch|p2a: Calyrex|Calyrex-Shadow|100/100
|-ability|p2a: Calyrex|As One
|-ability|p2a: Calyrex|Unnerve
|turn|5
|
|t:|1649388929
|-start|p1a: Op ka Jharna|Dynamax
|-heal|p1a: Op ka Jharna|98/100 par|[silent]
|move|p2a: Calyrex|Nasty Plot|p2a: Calyrex
|-boost|p2a: Calyrex|spa|2
|move|p1a: Op ka Jharna|Max Geyser|p2a: Calyrex
|-enditem|p2a: Calyrex|Focus Sash
|-damage|p2a: Calyrex|1/100
|
|-weather|none
|upkeep
|turn|6
|
|t:|1649388938
|move|p2a: Calyrex|Baton Pass|p2a: Calyrex
|
|t:|1649388958
|switch|p2a: Yveltal|Yveltal|100/100|[from]move: Baton Pass
|-ability|p2a: Yveltal|Dark Aura
|move|p1a: Op ka Jharna|Max Geyser|p2a: Yveltal
|-damage|p2a: Yveltal|25/100
|-weather|RainDance
|
|-weather|RainDance|[upkeep]
|upkeep
|turn|7
|
|t:|1649388966
|move|p2a: Yveltal|Substitute|p2a: Yveltal
|-fail|p2a: Yveltal|move: Substitute|[weak]
|move|p1a: Op ka Jharna|Max Geyser|p2a: Yveltal
|-damage|p2a: Yveltal|0 fnt
|faint|p2a: Yveltal
|
|-weather|RainDance|[upkeep]
|-end|p1a: Op ka Jharna|Dynamax
|-heal|p1a: Op ka Jharna|98/100 par|[silent]
|upkeep
|
|t:|1649388972
|switch|p2a: Arceus|Arceus|100/100
|turn|8
|c|☆09-10a|oof
|
|t:|1649388979
|switch|p1a: Op Ki Talwar|Zacian-Crowned|100/100
|-damage|p1a: Op Ki Talwar|94/100|[from] Stealth Rock
|-activate|p1a: Op Ki Talwar|move: Sticky Web
|-unboost|p1a: Op Ki Talwar|spe|1
|-ability|p1a: Op Ki Talwar|Intrepid Sword|boost
|-boost|p1a: Op Ki Talwar|atk|1
|move|p2a: Arceus|Swords Dance|p2a: Arceus
|-boost|p2a: Arceus|atk|2
|
|-weather|RainDance|[upkeep]
|upkeep
|turn|9
|
|t:|1649388984
|-zpower|p2a: Arceus
|move|p2a: Arceus|Breakneck Blitz|p1a: Op Ki Talwar|[zeffect]
|-resisted|p1a: Op Ki Talwar
|-damage|p1a: Op Ki Talwar|0 fnt
|faint|p1a: Op Ki Talwar
|
|-weather|RainDance|[upkeep]
|upkeep
|
|t:|1649388997
|switch|p1a: Opkakavach|Zygarde|100/100
|-activate|p1a: Opkakavach|move: Sticky Web
|-unboost|p1a: Opkakavach|spe|1
|-damage|p1a: Opkakavach|94/100|[from] Stealth Rock
|turn|10
|
|t:|1649389013
|move|p2a: Arceus|Giga Impact|p1a: Opkakavach
|-damage|p1a: Opkakavach|0 fnt
|-mustrecharge|p2a: Arceus
|faint|p1a: Opkakavach
|
|-weather|none
|upkeep
|
|t:|1649389019
|switch|p1a: Op ki Takat|Necrozma-Dusk-Mane|100/100
|-damage|p1a: Op ki Takat|95/100|[from] Stealth Rock
|-activate|p1a: Op ki Takat|move: Sticky Web
|-unboost|p1a: Op ki Takat|spe|1
|turn|11
|
|t:|1649389030
|detailschange|p1a: Op ki Takat|Necrozma-Ultra
|-burst|p1a: Op ki Takat|Necrozma|Ultranecrozium Z
|cant|p2a: Arceus|recharge
|move|p1a: Op ki Takat|Dragon Dance|p1a: Op ki Takat
|-boost|p1a: Op ki Takat|atk|1
|-boost|p1a: Op ki Takat|spe|1
|
|upkeep
|turn|12
|
|t:|1649389034
|move|p2a: Arceus|Extreme Speed|p1a: Op ki Takat
|-damage|p1a: Op ki Takat|14/100
|-zpower|p1a: Op ki Takat
|move|p1a: Op ki Takat|Light That Burns the Sky|p2a: Arceus|[zeffect]
|-damage|p2a: Arceus|0 fnt
|faint|p2a: Arceus
|
|upkeep
|
|t:|1649389039
|switch|p2a: Calyrex|Calyrex-Shadow|1/100
|-ability|p2a: Calyrex|As One
|-ability|p2a: Calyrex|Unnerve
|turn|13
|
|t:|1649389045
|switch|p1a: Op ka God|Arceus|100/100
|-damage|p1a: Op ka God|88/100|[from] Stealth Rock
|-activate|p1a: Op ka God|move: Sticky Web
|-unboost|p1a: Op ka God|spe|1
|move|p2a: Calyrex|Astral Barrage|p1a: Op ka God
|-immune|p1a: Op ka God
|
|upkeep
|turn|14
|
|t:|1649389051
|move|p2a: Calyrex|Taunt|p1a: Op ka God
|-start|p1a: Op ka God|move: Taunt
|move|p1a: Op ka God|Shadow Claw|p2a: Calyrex
|-supereffective|p2a: Calyrex
|-crit|p2a: Calyrex
|-damage|p2a: Calyrex|0 fnt
|faint|p2a: Calyrex
|
|upkeep
|
|t:|1649389054
|switch|p2a: Lucario|Lucario, F|100/100
|turn|15
|
|t:|1649389057
|detailschange|p2a: Lucario|Lucario-Mega, F
|-mega|p2a: Lucario|Lucario|Lucarionite
|move|p2a: Lucario|Swords Dance|p2a: Lucario
|-boost|p2a: Lucario|atk|2
|move|p1a: Op ka God|Shadow Claw|p2a: Lucario
|-damage|p2a: Lucario|67/100
|
|upkeep
|turn|16
|
|t:|1649389061
|move|p2a: Lucario|Close Combat|p1a: Op ka God
|-supereffective|p1a: Op ka God
|-enditem|p1a: Op ka God|Chople Berry|[eat]
|-enditem|p1a: Op ka God|Chople Berry|[weaken]
|-damage|p1a: Op ka God|0 fnt
|-unboost|p2a: Lucario|def|1
|-unboost|p2a: Lucario|spd|1
|faint|p1a: Op ka God
|
|upkeep
|
|t:|1649389064
|switch|p1a: OpKaSaap|Rayquaza|100/100
|-damage|p1a: OpKaSaap|76/100|[from] Stealth Rock
|-ability|p1a: OpKaSaap|Air Lock
|turn|17
|
|t:|1649389068
|detailschange|p1a: OpKaSaap|Rayquaza-Mega
|-mega|p1a: OpKaSaap|Rayquaza|
|-weather|DeltaStream|[from] ability: Delta Stream|[of] p1a: OpKaSaap
|move|p2a: Lucario|Bullet Punch|p1a: OpKaSaap
|-damage|p1a: OpKaSaap|16/100
|move|p1a: OpKaSaap|Earthquake|p2a: Lucario
|-supereffective|p2a: Lucario
|-damage|p2a: Lucario|0 fnt
|faint|p2a: Lucario
|-damage|p1a: OpKaSaap|6/100|[from] item: Life Orb
|
|win|AmoghOp(
|n|☆AmoghOp(|amoghop
|n|☆09-10a|0910a
