|j|☆TheWorld-445
|j|☆pokered1010
|t:|1653988352
|gametype|singles
|player|p1|TheWorld-445|170|1577
|player|p2|pokered1010|red|1557
|teamsize|p1|6
|teamsize|p2|6
|gen|8
|tier|[Gen 8] National Dex AG
|rated|
|rule|HP Percentage Mod: HP is shown in percentages
|rule|Endless Battle Clause: Forcing endless battles is banned
|clearpoke
|poke|p1|Zacian-*|
|poke|p1|Groudon|
|poke|p1|Ditto|
|poke|p1|Rayquaza|
|poke|p1|Yveltal|
|poke|p1|Necrozma-Dusk-Mane|
|poke|p2|Calyrex-Shadow|
|poke|p2|Yveltal|
|poke|p2|Kyogre|
|poke|p2|Zacian-*|
|poke|p2|Rayquaza|
|poke|p2|Groudon|
|teampreview
|c|☆TheWorld-445|This will be the most normal national Dex ag match ever
|
|t:|1653988383
|start
|switch|p1a: Groudon|Groudon|100/100
|switch|p2a: Kyogre|Kyogre|100/100
|detailschange|p1a: Groudon|Groudon-Primal
|-primal|p1a: Groudon
|-weather|DesolateLand|[from] ability: Desolate Land|[of] p1a: Groudon
|detailschange|p2a: Kyogre|Kyogre-Primal
|-primal|p2a: Kyogre
|-weather|PrimordialSea|[from] ability: Primordial Sea|[of] p2a: Kyogre
|turn|1
|
|t:|1653988406
|switch|p1a: Rayquaza|Rayquaza|100/100
|-ability|p1a: Rayquaza|Air Lock
|move|p2a: Kyogre|Surf|p1a: Rayquaza
|-resisted|p1a: Rayquaza
|-damage|p1a: Rayquaza|67/100
|
|-weather|PrimordialSea|[upkeep]
|upkeep
|turn|2
|c|☆pokered1010|yes haha
|
|t:|1653988419
|detailschange|p1a: Rayquaza|Rayquaza-Mega
|-mega|p1a: Rayquaza|Rayquaza|
|-weather|DeltaStream|[from] ability: Delta Stream|[of] p1a: Rayquaza
|move|p1a: Rayquaza|Dragon Ascent|p2a: Kyogre
|-damage|p2a: Kyogre|0 fnt
|-unboost|p1a: Rayquaza|def|1
|-unboost|p1a: Rayquaza|spd|1
|faint|p2a: Kyogre
|
|-weather|DeltaStream|[upkeep]
|upkeep
|
|t:|1653988451
|switch|p2a: Zacian|Zacian-Crowned|100/100
|-ability|p2a: Zacian|Intrepid Sword|boost
|-boost|p2a: Zacian|atk|1
|turn|3
|c|☆pokered1010|no
|c|☆pokered1010|wrong
|c|☆pokered1010|oh
|
|t:|1653988464
|-weather|none
|switch|p1a: Groudon|Groudon-Primal|100/100
|-weather|DesolateLand|[from] ability: Desolate Land|[of] p1a: Groudon
|move|p2a: Zacian|Behemoth Blade|p1a: Groudon
|-resisted|p1a: Groudon
|-damage|p1a: Groudon|63/100
|
|-weather|DesolateLand|[upkeep]
|upkeep
|turn|4
|
|t:|1653988484
|switch|p2a: Rayquaza|Rayquaza|100/100
|-ability|p2a: Rayquaza|Air Lock
|move|p1a: Groudon|Precipice Blades|p2a: Rayquaza
|-immune|p2a: Rayquaza
|
|-weather|DesolateLand|[upkeep]
|upkeep
|turn|5
|
|t:|1653988502
|-weather|none
|switch|p1a: Necrozma|Necrozma-Dusk-Mane|100/100
|detailschange|p2a: Rayquaza|Rayquaza-Mega
|-mega|p2a: Rayquaza|Rayquaza|
|-weather|DeltaStream|[from] ability: Delta Stream|[of] p2a: Rayquaza
|move|p2a: Rayquaza|Dragon Dance|p2a: Rayquaza
|-boost|p2a: Rayquaza|atk|1
|-boost|p2a: Rayquaza|spe|1
|
|-weather|DeltaStream|[upkeep]
|upkeep
|turn|6
|
|t:|1653988518
|move|p2a: Rayquaza|Dragon Claw|p1a: Necrozma
|-resisted|p1a: Necrozma
|-damage|p1a: Necrozma|79/100
|-damage|p2a: Rayquaza|84/100|[from] item: Rocky Helmet|[of] p1a: Necrozma
|move|p1a: Necrozma|Sunsteel Strike|p2a: Rayquaza
|-damage|p2a: Rayquaza|32/100
|
|-weather|DeltaStream|[upkeep]
|upkeep
|turn|7
|
|t:|1653988526
|move|p2a: Rayquaza|V-create|p1a: Necrozma
|-supereffective|p1a: Necrozma
|-damage|p1a: Necrozma|0 fnt
|-unboost|p2a: Rayquaza|spe|1
|-unboost|p2a: Rayquaza|def|1
|-unboost|p2a: Rayquaza|spd|1
|-damage|p2a: Rayquaza|15/100|[from] item: Rocky Helmet|[of] p1a: Necrozma
|faint|p1a: Necrozma
|
|-weather|DeltaStream|[upkeep]
|upkeep
|
|t:|1653988534
|switch|p1a: Zacian|Zacian-Crowned|100/100
|-ability|p1a: Zacian|Intrepid Sword|boost
|-boost|p1a: Zacian|atk|1
|turn|8
|c|☆pokered1010|ohoho
|c|☆pokered1010|notultra
|c|☆TheWorld-445|:)
|
|t:|1653988551
|move|p1a: Zacian|Behemoth Blade|p2a: Rayquaza
|-damage|p2a: Rayquaza|0 fnt
|faint|p2a: Rayquaza
|-weather|none
|
|upkeep
|
|t:|1653988554
|switch|p2a: Groudon|Groudon|100/100
|detailschange|p2a: Groudon|Groudon-Primal
|-primal|p2a: Groudon
|-weather|DesolateLand|[from] ability: Desolate Land|[of] p2a: Groudon
|turn|9
|
|t:|1653988561
|switch|p1a: Rayquaza|Rayquaza-Mega|67/100
|-weather|DeltaStream|[from] ability: Delta Stream|[of] p1a: Rayquaza
|move|p2a: Groudon|Fire Punch|p1a: Rayquaza
|-resisted|p1a: Rayquaza
|-damage|p1a: Rayquaza|40/100
|
|-weather|DeltaStream|[upkeep]
|upkeep
|turn|10
|
|t:|1653988570
|move|p1a: Rayquaza|Earthquake|p2a: Groudon
|-supereffective|p2a: Groudon
|-damage|p2a: Groudon|29/100
|move|p2a: Groudon|Rock Slide|p1a: Rayquaza
|-activate||deltastream
|-damage|p1a: Rayquaza|5/100
|
|-weather|DeltaStream|[upkeep]
|upkeep
|turn|11
|
|t:|1653988576
|move|p1a: Rayquaza|Earthquake|p2a: Groudon
|-supereffective|p2a: Groudon
|-damage|p2a: Groudon|0 fnt
|faint|p2a: Groudon
|
|-weather|DeltaStream|[upkeep]
|upkeep
|
|t:|1653988580
|switch|p2a: Yveltal|Yveltal|100/100
|-ability|p2a: Yveltal|Dark Aura
|turn|12
|
|t:|1653988585
|-weather|none
|switch|p1a: Zacian|Zacian-Crowned|100/100
|-ability|p1a: Zacian|Intrepid Sword|boost
|-boost|p1a: Zacian|atk|1
|-start|p2a: Yveltal|Dynamax|
|-heal|p2a: Yveltal|100/100|[silent]
|move|p2a: Yveltal|Max Airstream|p1a: Zacian
|-resisted|p1a: Zacian
|-damage|p1a: Zacian|58/100
|-boost|p2a: Yveltal|spe|1
|-damage|p2a: Yveltal|96/100|[from] item: Life Orb
|
|upkeep
|turn|13
|
|t:|1653988596
|switch|p1a: Rayquaza|Rayquaza-Mega|5/100
|-weather|DeltaStream|[from] ability: Delta Stream|[of] p1a: Rayquaza
|move|p2a: Yveltal|Max Steelspike|p1a: Rayquaza
|-damage|p1a: Rayquaza|0 fnt
|-boost|p2a: Yveltal|def|1
|faint|p1a: Rayquaza
|-weather|none
|-damage|p2a: Yveltal|91/100|[from] item: Life Orb
|
|upkeep
|c|☆TheWorld-445|Steel wing?!!?
|c|☆pokered1010|dont ditto
|c|☆pokered1010|pls
|
|t:|1653988613
|switch|p1a: Yveltal|Yveltal|100/100
|-ability|p1a: Yveltal|Dark Aura
|turn|14
|
|t:|1653988618
|move|p2a: Yveltal|Max Airstream|p1a: Yveltal
|-damage|p1a: Yveltal|42/100
|-boost|p2a: Yveltal|spe|1
|-damage|p2a: Yveltal|86/100|[from] item: Life Orb
|move|p1a: Yveltal|U-turn|p2a: Yveltal
|-damage|p2a: Yveltal|79/100
|
|t:|1653988627
|switch|p1a: Zacian|Zacian-Crowned|58/100|[from]move: U-turn
|-ability|p1a: Zacian|Intrepid Sword|boost
|-boost|p1a: Zacian|atk|1
|
|upkeep
|-end|p2a: Yveltal|Dynamax
|-heal|p2a: Yveltal|79/100|[silent]
|turn|15
|
|t:|1653988633
|move|p2a: Yveltal|Steel Wing|p1a: Zacian
|-damage|p1a: Zacian|25/100
|-damage|p2a: Yveltal|69/100|[from] item: Life Orb
|move|p1a: Zacian|Play Rough|p2a: Yveltal|[miss]
|-miss|p1a: Zacian|p2a: Yveltal
|
|upkeep
|turn|16
|c|☆pokered1010|oh no
|c|☆TheWorld-445|Oh no
|
|t:|1653988652
|switch|p1a: Groudon|Groudon-Primal|63/100
|-weather|DesolateLand|[from] ability: Desolate Land|[of] p1a: Groudon
|move|p2a: Yveltal|Steel Wing|p1a: Groudon
|-resisted|p1a: Groudon
|-damage|p1a: Groudon|49/100
|-damage|p2a: Yveltal|59/100|[from] item: Life Orb
|
|-weather|DesolateLand|[upkeep]
|upkeep
|turn|17
|
|t:|1653988663
|move|p2a: Yveltal|Dual Wingbeat|p1a: Groudon|[miss]
|-miss|p2a: Yveltal|p1a: Groudon
|move|p1a: Groudon|Stone Edge|p2a: Yveltal
|-supereffective|p2a: Yveltal
|-damage|p2a: Yveltal|12/100
|
|-weather|DesolateLand|[upkeep]
|upkeep
|turn|18
|c|☆pokered1010|oh no
|
|t:|1653988672
|move|p2a: Yveltal|Dual Wingbeat|p1a: Groudon
|-damage|p1a: Groudon|26/100
|-damage|p1a: Groudon|5/100
|-hitcount|p1a: Groudon|2
|-damage|p2a: Yveltal|3/100|[from] item: Life Orb
|move|p1a: Groudon|Eruption|p2a: Yveltal
|-damage|p2a: Yveltal|0 fnt
|faint|p2a: Yveltal
|
|-weather|DesolateLand|[upkeep]
|upkeep
|c|☆TheWorld-445|Oh yes
|
|t:|1653988681
|switch|p2a: Zacian|Zacian-Crowned|100/100
|-ability|p2a: Zacian|Intrepid Sword|boost
|-boost|p2a: Zacian|atk|1
|turn|19
|
|t:|1653988686
|move|p2a: Zacian|Behemoth Blade|p1a: Groudon
|-resisted|p1a: Groudon
|-damage|p1a: Groudon|0 fnt
|faint|p1a: Groudon
|-weather|none
|
|upkeep
|c|☆pokered1010|oh no
|c|☆pokered1010|oh no
|c|☆TheWorld-445|What is that pikish looking blob like Pokemon in my team
|c|☆TheWorld-445|Pinkish*
|c|☆pokered1010|oh no
|
|t:|1653988716
|switch|p1a: Ditto|Ditto|100/100
|-transform|p1a: Ditto|p2a: Zacian|[from] ability: Imposter
|-ability|p1a: Ditto|Intrepid Sword|boost
|-boost|p1a: Ditto|atk|1
|turn|20
|c|☆pokered1010|i dunno
|c|☆TheWorld-445|This is, requiem
|c|☆pokered1010|oh no
|
|t:|1653988729
|move|p1a: Ditto|Behemoth Blade|p2a: Zacian
|-damage|p2a: Zacian|0 fnt
|faint|p2a: Zacian
|
|upkeep
|
|t:|1653988731
|switch|p2a: Calyrex|Calyrex-Shadow|100/100
|-ability|p2a: Calyrex|As One
|-ability|p2a: Calyrex|Unnerve
|turn|21
|
|t:|1653988733
|move|p1a: Ditto|Behemoth Blade|p2a: Calyrex
|-enditem|p2a: Calyrex|Focus Sash
|-damage|p2a: Calyrex|1/100
|move|p2a: Calyrex|Astral Barrage|p1a: Ditto
|-damage|p1a: Ditto|30/100
|
|upkeep
|turn|22
|
|t:|1653988737
|move|p1a: Ditto|Behemoth Blade|p2a: Calyrex
|-damage|p2a: Calyrex|0 fnt
|faint|p2a: Calyrex
|
|win|TheWorld-445
|raw|TheWorld-445's rating: 1577 &rarr; <strong>1596</strong><br />(+19 for winning)
|raw|pokered1010's rating: 1557 &rarr; <strong>1538</strong><br />(-19 for losing)
|c|☆pokered1010|ggggg
|c|☆TheWorld-445|Gggg
|c|☆TheWorld-445|Very fun
|c|☆pokered1010|damn dittot
|c|☆TheWorld-445|Thank you nice man
|c|☆pokered1010|bye
|c|☆TheWorld-445|Bye
|c|☆pokered1010|okay
|l|☆pokered1010
