|j|☆alt1445645
|j|☆dividing by 0
|t:|1661396855
|gametype|singles
|player|p1|alt1445645|266|1703
|player|p2|dividing by 0|pokemaniac|1523
|teamsize|p1|6
|teamsize|p2|6
|gen|8
|tier|[Gen 8] National Dex AG
|rated|
|rule|HP Percentage Mod: HP is shown in percentages
|rule|Endless Battle Clause: Forcing endless battles is banned
|clearpoke
|poke|p1|Groudon|
|poke|p1|Rayquaza|
|poke|p1|Zygarde|
|poke|p1|Arceus-*|
|poke|p1|Calyrex-Shadow|
|poke|p1|Xerneas-*|
|poke|p2|Eevee, M|
|poke|p2|Vaporeon, M|
|poke|p2|Espeon, F|
|poke|p2|Umbreon, F|
|poke|p2|Jolteon, F|
|poke|p2|Sylveon, F|
|teampreview
|
|t:|1661396873
|start
|switch|p1a: Calyrex|Calyrex-Shadow|100/100
|switch|p2a: Jolteon|Jolteon, F|100/100
|-ability|p1a: Calyrex|As One
|-ability|p1a: Calyrex|Unnerve
|turn|1
|j| Flashybee
|
|t:|1661396884
|move|p1a: Calyrex|Substitute|p1a: Calyrex
|-start|p1a: Calyrex|Substitute
|-damage|p1a: Calyrex|76/100
|move|p2a: Jolteon|Agility|p2a: Jolteon
|-boost|p2a: Jolteon|spe|2
|
|-heal|p1a: Calyrex|82/100|[from] item: Leftovers
|upkeep
|turn|2
|
|t:|1661396901
|move|p2a: Jolteon|Yawn||[still]
|-fail|p2a: Jolteon
|move|p1a: Calyrex|Astral Barrage|p2a: Jolteon
|-damage|p2a: Jolteon|26/100
|
|-heal|p1a: Calyrex|88/100|[from] item: Leftovers
|upkeep
|turn|3
|
|t:|1661396933
|move|p2a: Jolteon|Baton Pass|p2a: Jolteon
|
|t:|1661396935
|switch|p2a: Eevee|Eevee, M|100/100|[from]move: Baton Pass
|move|p1a: Calyrex|Astral Barrage|p2a: Eevee
|-immune|p2a: Eevee
|
|-heal|p1a: Calyrex|94/100|[from] item: Leftovers
|upkeep
|turn|4
|
|t:|1661396962
|-zpower|p2a: Eevee
|move|p2a: Eevee|Extreme Evoboost|p2a: Eevee
|-boost|p2a: Eevee|atk|2
|-boost|p2a: Eevee|def|2
|-boost|p2a: Eevee|spa|2
|-boost|p2a: Eevee|spd|2
|-boost|p2a: Eevee|spe|2
|move|p1a: Calyrex|Draining Kiss|p2a: Eevee
|-damage|p2a: Eevee|85/100
|-heal|p1a: Calyrex|100/100|[from] drain|[of] p2a: Eevee
|
|upkeep
|turn|5
|inactive|Battle timer is ON: inactive players will automatically lose when time's up. (requested by dividing by 0)
|
|t:|1661396974
|move|p2a: Eevee|Substitute|p2a: Eevee
|-start|p2a: Eevee|Substitute
|-damage|p2a: Eevee|60/100
|move|p1a: Calyrex|Leech Seed||[still]
|-fail|p1a: Calyrex
|
|upkeep
|turn|6
|inactive|dividing by 0 has 120 seconds left.
|
|t:|1661397005
|move|p2a: Eevee|Stored Power|p1a: Calyrex
|-resisted|p1a: Calyrex
|-end|p1a: Calyrex|Substitute
|move|p1a: Calyrex|Draining Kiss|p2a: Eevee
|-activate|p2a: Eevee|move: Substitute|[damage]
|
|upkeep
|turn|7
|
|t:|1661397023
|move|p2a: Eevee|Stored Power|p1a: Calyrex
|-resisted|p1a: Calyrex
|-damage|p1a: Calyrex|70/100
|move|p1a: Calyrex|Draining Kiss|p2a: Eevee
|-end|p2a: Eevee|Substitute
|-heal|p1a: Calyrex|77/100|[from] drain|[of] p2a: Eevee
|
|-heal|p1a: Calyrex|83/100|[from] item: Leftovers
|upkeep
|turn|8
|inactive|dividing by 0 has 120 seconds left.
|
|t:|1661397041
|move|p2a: Eevee|Substitute|p2a: Eevee
|-start|p2a: Eevee|Substitute
|-damage|p2a: Eevee|36/100
|move|p1a: Calyrex|Draining Kiss|p2a: Eevee
|-activate|p2a: Eevee|move: Substitute|[damage]
|-heal|p1a: Calyrex|94/100|[from] drain|[of] p2a: Eevee
|
|-heal|p1a: Calyrex|99/100|[from] item: Leftovers
|upkeep
|turn|9
|
|t:|1661397070
|move|p2a: Eevee|Baton Pass|p2a: Eevee
|
|t:|1661397078
|switch|p2a: Sylveon|Sylveon, F|100/100|[from]move: Baton Pass
|move|p1a: Calyrex|Draining Kiss|p2a: Sylveon
|-end|p2a: Sylveon|Substitute
|-heal|p1a: Calyrex|100/100|[from] drain|[of] p2a: Sylveon
|
|upkeep
|turn|10
|inactive|alt1445645 has 120 seconds left.
|
|t:|1661397104
|move|p2a: Sylveon|Substitute|p2a: Sylveon
|-start|p2a: Sylveon|Substitute
|-damage|p2a: Sylveon|76/100
|move|p1a: Calyrex|Astral Barrage|p2a: Sylveon
|-crit|p2a: Sylveon
|-end|p2a: Sylveon|Substitute
|
|-heal|p2a: Sylveon|82/100|[from] item: Leftovers
|upkeep
|turn|11
|
|t:|1661397119
|move|p2a: Sylveon|Substitute|p2a: Sylveon
|-start|p2a: Sylveon|Substitute
|-damage|p2a: Sylveon|57/100
|move|p1a: Calyrex|Astral Barrage|p2a: Sylveon
|-activate|p2a: Sylveon|move: Substitute|[damage]
|
|-heal|p2a: Sylveon|63/100|[from] item: Leftovers
|upkeep
|turn|12
|inactive|alt1445645 has 120 seconds left.
|
|t:|1661397139
|move|p2a: Sylveon|Calm Mind|p2a: Sylveon
|-boost|p2a: Sylveon|spa|1
|-boost|p2a: Sylveon|spd|1
|move|p1a: Calyrex|Astral Barrage|p2a: Sylveon
|-end|p2a: Sylveon|Substitute
|
|-heal|p2a: Sylveon|69/100|[from] item: Leftovers
|upkeep
|turn|13
|inactive|alt1445645 has 120 seconds left.
|inactive|alt1445645 has 90 seconds left.
|inactive|alt1445645 has 60 seconds left.
|inactive|alt1445645 has 30 seconds left.
|inactive|alt1445645 has 20 seconds left.
|inactive|alt1445645 has 15 seconds left.
|inactive|alt1445645 has 10 seconds left.
|inactive|alt1445645 has 5 seconds left.
|-message|alt1445645 lost due to inactivity.
|
|win|dividing by 0
|raw|alt1445645's rating: 1674 &rarr; <strong>1646</strong><br />(-28 for losing)
|raw|dividing by 0's rating: 1523 &rarr; <strong>1551</strong><br />(+28 for winning)
