|j|☆amnulktu
|j|☆AdamHaziq
|t:|1654351952
|gametype|singles
|player|p1|amnulktu|gentleman-gen4|1413
|player|p2|AdamHaziq|unknown|1515
|teamsize|p1|6
|teamsize|p2|6
|gen|8
|tier|[Gen 8] National Dex AG
|rated|
|rule|HP Percentage Mod: HP is shown in percentages
|rule|Endless Battle Clause: Forcing endless battles is banned
|clearpoke
|poke|p1|Clefable, F|
|poke|p1|Darmanitan-Galar, M|
|poke|p1|Heatran, M|
|poke|p1|Salamence, F|
|poke|p1|Venusaur, M|
|poke|p1|Bisharp, F|
|poke|p2|Arceus-*|
|poke|p2|Deoxys-Attack|
|poke|p2|Deoxys-Attack|
|poke|p2|Xerneas-*|
|poke|p2|Necrozma-Dusk-Mane|
|poke|p2|Yveltal|
|teampreview
|inactive|Battle timer is ON: inactive players will automatically lose when time's up. (requested by AdamHaziq)
|inactive|amnulktu also wants the timer to be on.
|
|t:|1654351957
|start
|switch|p1a: Heatran|Heatran, M|100/100
|switch|p2a: Arceus|Arceus-Ghost|100/100
|turn|1
|
|t:|1654351965
|move|p2a: Arceus|Magic Coat|p2a: Arceus
|-singleturn|p2a: Arceus|move: Magic Coat
|move|p1a: Heatran|Stealth Rock|p2a: Arceus
|move|p2a: Arceus|Stealth Rock|p1a: Heatran|[from]Magic Coat
|-sidestart|p1: amnulktu|move: Stealth Rock
|
|upkeep
|turn|2
|
|t:|1654351970
|move|p2a: Arceus|Magic Coat|p2a: Arceus
|-singleturn|p2a: Arceus|move: Magic Coat
|move|p1a: Heatran|Magma Storm|p2a: Arceus|[miss]
|-miss|p1a: Heatran|p2a: Arceus
|
|upkeep
|turn|3
|
|t:|1654351975
|move|p1a: Heatran|Stealth Rock|p2a: Arceus
|-sidestart|p2: AdamHaziq|move: Stealth Rock
|move|p2a: Arceus|Roar|p1a: Heatran
|drag|p1a: Clefable|Clefable, F|100/100
|
|upkeep
|turn|4
|
|t:|1654351984
|move|p2a: Arceus|Judgment|p1a: Clefable
|-damage|p1a: Clefable|49/100
|move|p1a: Clefable|Moonblast|p2a: Arceus
|-damage|p2a: Arceus|78/100
|
|-heal|p1a: Clefable|55/100|[from] item: Leftovers
|upkeep
|turn|5
|
|t:|1654351990
|move|p2a: Arceus|Judgment|p1a: Clefable
|-damage|p1a: Clefable|3/100
|move|p1a: Clefable|Moonblast|p2a: Arceus
|-damage|p2a: Arceus|52/100
|
|-heal|p1a: Clefable|9/100|[from] item: Leftovers
|upkeep
|turn|6
|
|t:|1654351995
|move|p2a: Arceus|Judgment|p1a: Clefable
|-damage|p1a: Clefable|0 fnt
|faint|p1a: Clefable
|
|upkeep
|
|t:|1654351998
|switch|p1a: Salamence|Salamence, F|100/100
|-damage|p1a: Salamence|76/100|[from] Stealth Rock
|turn|7
|
|t:|1654352003
|-start|p1a: Salamence|Dynamax|
|-heal|p1a: Salamence|76/100|[silent]
|move|p1a: Salamence|Max Airstream|p2a: Arceus
|-damage|p2a: Arceus|0 fnt
|-boost|p1a: Salamence|spe|1
|faint|p2a: Arceus
|-ability|p1a: Salamence|Moxie|boost
|-boost|p1a: Salamence|atk|1
|-damage|p1a: Salamence|71/100|[from] item: Life Orb
|
|upkeep
|
|t:|1654352016
|switch|p2a: Xerneas|Xerneas|100/100
|-damage|p2a: Xerneas|88/100|[from] Stealth Rock
|-ability|p2a: Xerneas|Fairy Aura
|turn|8
|
|t:|1654352021
|move|p1a: Salamence|Max Steelspike|p2a: Xerneas
|-supereffective|p2a: Xerneas
|-damage|p2a: Xerneas|0 fnt
|-boost|p1a: Salamence|def|1
|faint|p2a: Xerneas
|-ability|p1a: Salamence|Moxie|boost
|-boost|p1a: Salamence|atk|1
|-damage|p1a: Salamence|66/100|[from] item: Life Orb
|
|upkeep
|
|t:|1654352025
|switch|p2a: Deoxys|Deoxys-Attack|100/100
|-damage|p2a: Deoxys|88/100|[from] Stealth Rock
|-ability|p2a: Deoxys|Pressure
|turn|9
|
|t:|1654352031
|move|p1a: Salamence|Max Airstream|p2a: Deoxys
|-damage|p2a: Deoxys|0 fnt
|-boost|p1a: Salamence|spe|1
|faint|p2a: Deoxys
|-ability|p1a: Salamence|Moxie|boost
|-boost|p1a: Salamence|atk|1
|-damage|p1a: Salamence|61/100|[from] item: Life Orb
|
|upkeep
|
|t:|1654352033
|switch|p2a: Deoxys|Deoxys-Attack|100/100
|-damage|p2a: Deoxys|88/100|[from] Stealth Rock
|-ability|p2a: Deoxys|Pressure
|-end|p1a: Salamence|Dynamax
|-heal|p1a: Salamence|61/100|[silent]
|turn|10
|
|t:|1654352037
|-start|p2a: Deoxys|Dynamax|
|-heal|p2a: Deoxys|88/100|[silent]
|move|p1a: Salamence|Dual Wingbeat|p2a: Deoxys
|-damage|p2a: Deoxys|0 fnt
|faint|p2a: Deoxys
|-ability|p1a: Salamence|Moxie|boost
|-boost|p1a: Salamence|atk|1
|-hitcount|p2: Deoxys|1
|-damage|p1a: Salamence|51/100|[from] item: Life Orb
|
|upkeep
|
|t:|1654352040
|switch|p2a: Necrozma|Necrozma-Dusk-Mane|100/100
|-damage|p2a: Necrozma|95/100|[from] Stealth Rock
|turn|11
|
|t:|1654352045
|move|p1a: Salamence|Earthquake|p2a: Necrozma
|-supereffective|p2a: Necrozma
|-damage|p2a: Necrozma|0 fnt
|faint|p2a: Necrozma
|-ability|p1a: Salamence|Moxie|boost
|-boost|p1a: Salamence|atk|1
|-damage|p1a: Salamence|41/100|[from] item: Life Orb
|
|upkeep
|
|t:|1654352048
|switch|p2a: Yveltal|Yveltal|100/100
|-damage|p2a: Yveltal|76/100|[from] Stealth Rock
|-ability|p2a: Yveltal|Dark Aura
|turn|12
|
|t:|1654352051
|move|p1a: Salamence|Outrage|p2a: Yveltal
|-damage|p2a: Yveltal|0 fnt
|faint|p2a: Yveltal
|-damage|p1a: Salamence|31/100|[from] item: Life Orb
|
|win|amnulktu
|raw|amnulktu's rating: 1413 &rarr; <strong>1439</strong><br />(+26 for winning)
|raw|AdamHaziq's rating: 1515 &rarr; <strong>1489</strong><br />(-26 for losing)
|c|☆amnulktu|gg
