|j|☆ricky555
|j|☆Emorawr79
|t:|1638212561
|gametype|singles
|player|p1|ricky555|lucas|1329
|player|p2|Emorawr79|169|1441
|teamsize|p1|6
|teamsize|p2|6
|gen|8
|tier|[Gen 8] National Dex AG
|rated|
|rule|HP Percentage Mod: HP is shown in percentages
|rule|Endless Battle Clause: Forcing endless battles is banned
|clearpoke
|poke|p1|Ho-Oh|
|poke|p1|Eternatus|
|poke|p1|Rayquaza|
|poke|p1|Urshifu-*, F|
|poke|p1|Deoxys-Speed|
|poke|p1|Nihilego|
|poke|p2|Blastoise, F|
|poke|p2|Calyrex-Shadow|
|poke|p2|Arceus-*|
|poke|p2|Xerneas-*|
|poke|p2|Dracovish|
|poke|p2|Kyogre|
|teampreview
|inactive|Battle timer is ON: inactive players will automatically lose when time's up. (requested by Emorawr79)
|
|t:|1638212568
|start
|switch|p1a: Deoxys|Deoxys-Speed|100/100
|switch|p2a: Calyrex|Calyrex-Shadow|100/100
|-ability|p2a: Calyrex|As One
|-ability|p2a: Calyrex|Unnerve
|-ability|p1a: Deoxys|Pressure
|turn|1
|
|t:|1638212573
|move|p1a: Deoxys|Stealth Rock|p2a: Calyrex
|-sidestart|p2: Emorawr79|move: Stealth Rock
|move|p2a: Calyrex|Astral Barrage|p1a: Deoxys
|-supereffective|p1a: Deoxys
|-enditem|p1a: Deoxys|Focus Sash
|-damage|p1a: Deoxys|1/100
|
|upkeep
|turn|2
|
|t:|1638212581
|move|p1a: Deoxys|Spikes|p2a: Calyrex
|-sidestart|p2: Emorawr79|Spikes
|move|p2a: Calyrex|Astral Barrage|p1a: Deoxys
|-supereffective|p1a: Deoxys
|-damage|p1a: Deoxys|0 fnt
|faint|p1a: Deoxys
|-ability|p2a: Calyrex|Grim Neigh|boost
|-boost|p2a: Calyrex|spa|1
|
|upkeep
|
|t:|1638212586
|switch|p1a: Urshifu|Urshifu, F|100/100
|turn|3
|
|t:|1638212592
|-start|p2a: Calyrex|Dynamax
|-heal|p2a: Calyrex|100/100|[silent]
|move|p1a: Urshifu|Wicked Blow|p2a: Calyrex
|-supereffective|p2a: Calyrex
|-crit|p2a: Calyrex
|-damage|p2a: Calyrex|0 fnt
|faint|p2a: Calyrex
|
|upkeep
|
|t:|1638212606
|switch|p2a: Xerneas|Xerneas|100/100
|-damage|p2a: Xerneas|88/100|[from] Stealth Rock
|-damage|p2a: Xerneas|76/100|[from] Spikes
|-ability|p2a: Xerneas|Fairy Aura
|turn|4
|
|t:|1638212612
|switch|p1a: Ho-Oh|Ho-Oh|100/100
|move|p2a: Xerneas|Geomancy||[still]
|-prepare|p2a: Xerneas|Geomancy
|-enditem|p2a: Xerneas|Power Herb
|-anim|p2a: Xerneas|Geomancy|p2a: Xerneas
|-boost|p2a: Xerneas|spa|2
|-boost|p2a: Xerneas|spd|2
|-boost|p2a: Xerneas|spe|2
|
|upkeep
|turn|5
|
|t:|1638212619
|move|p2a: Xerneas|Moonblast|p1a: Ho-Oh
|-resisted|p1a: Ho-Oh
|-damage|p1a: Ho-Oh|69/100
|-unboost|p1a: Ho-Oh|spa|1
|move|p1a: Ho-Oh|Thunder Wave|p2a: Xerneas
|-status|p2a: Xerneas|par
|
|upkeep
|turn|6
|
|t:|1638212627
|move|p2a: Xerneas|Moonblast|p1a: Ho-Oh
|-resisted|p1a: Ho-Oh
|-damage|p1a: Ho-Oh|39/100
|move|p1a: Ho-Oh|Sacred Fire|p2a: Xerneas
|-damage|p2a: Xerneas|34/100 par
|
|upkeep
|turn|7
|
|t:|1638212641
|move|p2a: Xerneas|Moonblast|p1a: Ho-Oh
|-resisted|p1a: Ho-Oh
|-damage|p1a: Ho-Oh|9/100
|-unboost|p1a: Ho-Oh|spa|1
|move|p1a: Ho-Oh|Sacred Fire|p2a: Xerneas
|-damage|p2a: Xerneas|0 fnt
|faint|p2a: Xerneas
|
|upkeep
|c|☆ricky555|thank u mr. fish
|inactive|Emorawr79 has 120 seconds left.
|
|t:|1638212678
|switch|p2a: Arceus|Arceus|100/100
|-damage|p2a: Arceus|88/100|[from] Stealth Rock
|-damage|p2a: Arceus|76/100|[from] Spikes
|turn|8
|
|t:|1638212694
|switch|p1a: Nihilego|Nihilego|100/100
|move|p2a: Arceus|Swords Dance|p2a: Arceus
|-boost|p2a: Arceus|atk|2
|
|upkeep
|turn|9
|
|t:|1638212702
|move|p2a: Arceus|Bullet Seed|p1a: Nihilego
|-damage|p1a: Nihilego|71/100
|-damage|p1a: Nihilego|43/100
|-hitcount|p1a: Nihilego|2
|move|p1a: Nihilego|Meteor Beam||[still]
|-prepare|p1a: Nihilego|Meteor Beam
|-boost|p1a: Nihilego|spa|1
|-enditem|p1a: Nihilego|Power Herb
|-anim|p1a: Nihilego|Meteor Beam|p2a: Arceus
|-damage|p2a: Arceus|9/100
|
|upkeep
|turn|10
|
|t:|1638212727
|switch|p1a: Eternatus|Eternatus|100/100
|-ability|p1a: Eternatus|Pressure
|move|p2a: Arceus|Bullet Seed|p1a: Eternatus
|-resisted|p1a: Eternatus
|-damage|p1a: Eternatus|98/100
|-resisted|p1a: Eternatus
|-damage|p1a: Eternatus|95/100
|-hitcount|p1a: Eternatus|2
|
|-heal|p1a: Eternatus|100/100|[from] item: Black Sludge
|upkeep
|turn|11
|inactive|ricky555 has 120 seconds left.
|
|t:|1638212751
|move|p2a: Arceus|Thunder Wave|p1a: Eternatus
|-status|p1a: Eternatus|par
|move|p1a: Eternatus|Dynamax Cannon|p2a: Arceus
|-damage|p2a: Arceus|0 fnt
|faint|p2a: Arceus
|
|upkeep
|
|t:|1638212759
|switch|p2a: Blastoise|Blastoise, F|100/100
|-damage|p2a: Blastoise|88/100|[from] Spikes
|-damage|p2a: Blastoise|76/100|[from] Stealth Rock
|turn|12
|
|t:|1638212763
|detailschange|p2a: Blastoise|Blastoise-Mega, F
|-mega|p2a: Blastoise|Blastoise|Blastoisinite
|move|p2a: Blastoise|Shell Smash|p2a: Blastoise
|-unboost|p2a: Blastoise|def|1
|-unboost|p2a: Blastoise|spd|1
|-boost|p2a: Blastoise|atk|2
|-boost|p2a: Blastoise|spa|2
|-boost|p2a: Blastoise|spe|2
|move|p1a: Eternatus|Dynamax Cannon|p2a: Blastoise
|-damage|p2a: Blastoise|0 fnt
|faint|p2a: Blastoise
|
|upkeep
|
|t:|1638212773
|switch|p2a: Dracovish|Dracovish|100/100
|-damage|p2a: Dracovish|88/100|[from] Stealth Rock
|-damage|p2a: Dracovish|76/100|[from] Spikes
|turn|13
|
|t:|1638212778
|move|p2a: Dracovish|Fishious Rend|p1a: Eternatus
|-resisted|p1a: Eternatus
|-damage|p1a: Eternatus|60/100 par
|cant|p1a: Eternatus|par
|
|-heal|p1a: Eternatus|67/100 par|[from] item: Black Sludge
|upkeep
|turn|14
|
|t:|1638212803
|move|p2a: Dracovish|Fishious Rend|p1a: Eternatus
|-resisted|p1a: Eternatus
|-damage|p1a: Eternatus|21/100 par
|move|p1a: Eternatus|Dynamax Cannon|p2a: Dracovish
|-supereffective|p2a: Dracovish
|-damage|p2a: Dracovish|0 fnt
|faint|p2a: Dracovish
|
|-heal|p1a: Eternatus|27/100 par|[from] item: Black Sludge
|upkeep
|
|t:|1638212805
|switch|p2a: Kyogre|Kyogre|100/100
|-damage|p2a: Kyogre|88/100|[from] Stealth Rock
|-damage|p2a: Kyogre|76/100|[from] Spikes
|-weather|RainDance|[from] ability: Drizzle|[of] p2a: Kyogre
|turn|15
|-message|Emorawr79 forfeited.
|
|win|ricky555
|raw|ricky555's rating: 1329 &rarr; <strong>1355</strong><br />(+26 for winning)
|raw|Emorawr79's rating: 1441 &rarr; <strong>1415</strong><br />(-26 for losing)
|l|☆Emorawr79
||Ladder isn't responding, score probably updated but might not have (Request timeout).
