|j|☆pipi0.0
|j|☆kqlpqpq
|t:|1666969661
|gametype|singles
|player|p1|pipi0.0|cynthia-gen4|1873
|player|p2|kqlpqpq|1|1867
|teamsize|p1|6
|teamsize|p2|6
|gen|8
|tier|[Gen 8] National Dex AG
|rated|
|rule|HP Percentage Mod: HP is shown in percentages
|rule|Endless Battle Clause: Forcing endless battles is banned
|clearpoke
|poke|p1|Ho-Oh|
|poke|p1|Groudon|
|poke|p1|Ferrothorn, F|
|poke|p1|Necrozma-Dusk-Mane|
|poke|p1|Zygarde|
|poke|p1|Arceus-*|
|poke|p2|Rayquaza|
|poke|p2|Arceus-*|
|poke|p2|Necrozma-Dusk-Mane|
|poke|p2|Marshadow|
|poke|p2|Yveltal|
|poke|p2|Groudon|
|teampreview
|inactive|Battle timer is ON: inactive players will automatically lose when time's up. (requested by pipi0.0)
|
|t:|1666969667
|start
|switch|p1a: Necrozma|Necrozma-Dusk-Mane|100/100
|switch|p2a: Rayquaza|Rayquaza|100/100
|-ability|p2a: Rayquaza|Air Lock
|turn|1
|j| Lonely grandpa
|
|t:|1666969688
|switch|p2a: Groudon|Groudon|100/100
|detailschange|p2a: Groudon|Groudon-Primal
|-primal|p2a: Groudon
|-weather|DesolateLand|[from] ability: Desolate Land|[of] p2a: Groudon
|move|p1a: Necrozma|Thunder Wave|p2a: Groudon
|-immune|p2a: Groudon
|
|-weather|DesolateLand|[upkeep]
|upkeep
|turn|2
|
|t:|1666969705
|-weather|none
|switch|p2a: Arceus|Arceus-Fairy|100/100
|move|p1a: Necrozma|Stealth Rock|p2a: Arceus
|-sidestart|p2: kqlpqpq|move: Stealth Rock
|
|upkeep
|turn|3
|
|t:|1666969723
|switch|p2a: Groudon|Groudon-Primal|100/100
|-damage|p2a: Groudon|88/100|[from] Stealth Rock
|-weather|DesolateLand|[from] ability: Desolate Land|[of] p2a: Groudon
|move|p1a: Necrozma|Sunsteel Strike|p2a: Groudon
|-resisted|p2a: Groudon
|-damage|p2a: Groudon|76/100
|
|-weather|DesolateLand|[upkeep]
|upkeep
|turn|4
|
|t:|1666969729
|switch|p1a: Zygarde|Zygarde|100/100
|move|p2a: Groudon|Stealth Rock|p1a: Zygarde
|-sidestart|p1: pipi0.0|move: Stealth Rock
|
|-weather|DesolateLand|[upkeep]
|upkeep
|turn|5
|
|t:|1666969731
|move|p1a: Zygarde|Thousand Arrows|p2a: Groudon
|-supereffective|p2a: Groudon
|-damage|p2a: Groudon|49/100
|move|p2a: Groudon|Dragon Tail|p1a: Zygarde
|-supereffective|p1a: Zygarde
|-damage|p1a: Zygarde|75/100
|drag|p1a: Ho-Oh|Ho-Oh|100/100
|
|-weather|DesolateLand|[upkeep]
|upkeep
|turn|6
|
|t:|1666969738
|switch|p1a: Zygarde|Zygarde|75/100
|-damage|p1a: Zygarde|69/100|[from] Stealth Rock
|move|p2a: Groudon|Thunder Wave|p1a: Zygarde
|-immune|p1a: Zygarde
|
|-weather|DesolateLand|[upkeep]
|upkeep
|turn|7
|
|t:|1666969741
|move|p1a: Zygarde|Glare|p2a: Groudon
|-status|p2a: Groudon|par
|cant|p2a: Groudon|par
|
|-weather|DesolateLand|[upkeep]
|upkeep
|turn|8
|
|t:|1666969744
|move|p1a: Zygarde|Thousand Arrows|p2a: Groudon
|-supereffective|p2a: Groudon
|-damage|p2a: Groudon|22/100 par
|move|p2a: Groudon|Dragon Tail|p1a: Zygarde|[miss]
|-miss|p2a: Groudon|p1a: Zygarde
|
|-weather|DesolateLand|[upkeep]
|upkeep
|turn|9
|
|t:|1666969747
|move|p1a: Zygarde|Thousand Arrows|p2a: Groudon
|-supereffective|p2a: Groudon
|-damage|p2a: Groudon|0 fnt
|faint|p2a: Groudon
|-weather|none
|
|upkeep
|
|t:|1666969750
|switch|p2a: Arceus|Arceus-Fairy|100/100
|-damage|p2a: Arceus|88/100|[from] Stealth Rock
|turn|10
|
|t:|1666969753
|switch|p1a: Ferrothorn|Ferrothorn, F|100/100
|-damage|p1a: Ferrothorn|94/100|[from] Stealth Rock
|move|p2a: Arceus|Calm Mind|p2a: Arceus
|-boost|p2a: Arceus|spa|1
|-boost|p2a: Arceus|spd|1
|
|-heal|p1a: Ferrothorn|100/100|[from] item: Leftovers
|upkeep
|turn|11
|
|t:|1666969758
|-start|p2a: Arceus|Dynamax|
|-heal|p2a: Arceus|88/100|[silent]
|move|p2a: Arceus|Max Flare|p1a: Ferrothorn
|-supereffective|p1a: Ferrothorn
|-damage|p1a: Ferrothorn|0 fnt
|-weather|SunnyDay
|faint|p1a: Ferrothorn
|
|-weather|SunnyDay|[upkeep]
|upkeep
|
|t:|1666969771
|switch|p1a: Zygarde|Zygarde|69/100
|-damage|p1a: Zygarde|63/100|[from] Stealth Rock
|turn|12
|
|t:|1666969773
|switch|p1a: Necrozma|Necrozma-Dusk-Mane|100/100
|-damage|p1a: Necrozma|94/100|[from] Stealth Rock
|move|p2a: Arceus|Max Starfall|p1a: Necrozma
|-resisted|p1a: Necrozma
|-damage|p1a: Necrozma|41/100
|-fieldstart|move: Misty Terrain
|
|-weather|SunnyDay|[upkeep]
|upkeep
|turn|13
|
|t:|1666969782
|move|p2a: Arceus|Max Starfall|p1a: Necrozma
|-resisted|p1a: Necrozma
|-damage|p1a: Necrozma|0 fnt
|faint|p1a: Necrozma
|
|-weather|SunnyDay|[upkeep]
|upkeep
|
|t:|1666969785
|switch|p1a: Ho-Oh|Ho-Oh|100/100
|-end|p2a: Arceus|Dynamax
|-heal|p2a: Arceus|88/100|[silent]
|turn|14
|
|t:|1666969788
|move|p2a: Arceus|Ancient Power|p1a: Ho-Oh
|-supereffective|p1a: Ho-Oh
|-damage|p1a: Ho-Oh|26/100
|move|p1a: Ho-Oh|Toxic|p2a: Arceus
|-activate|p2a: Arceus|move: Misty Terrain
|
|-weather|SunnyDay|[upkeep]
|upkeep
|turn|15
|
|t:|1666969802
|switch|p1a: Zygarde|Zygarde|63/100
|-damage|p1a: Zygarde|57/100|[from] Stealth Rock
|move|p2a: Arceus|Judgment|p1a: Zygarde
|-supereffective|p1a: Zygarde
|-damage|p1a: Zygarde|0 fnt
|faint|p1a: Zygarde
|
|-weather|none
|upkeep
|
|t:|1666969804
|switch|p1a: Groudon|Groudon|100/100
|-damage|p1a: Groudon|94/100|[from] Stealth Rock
|detailschange|p1a: Groudon|Groudon-Primal
|-primal|p1a: Groudon
|-weather|DesolateLand|[from] ability: Desolate Land|[of] p1a: Groudon
|turn|16
|
|t:|1666969811
|move|p2a: Arceus|Judgment|p1a: Groudon
|-resisted|p1a: Groudon
|-damage|p1a: Groudon|32/100
|move|p1a: Groudon|Precipice Blades|p2a: Arceus
|-damage|p2a: Arceus|39/100
|
|-weather|DesolateLand|[upkeep]
|-fieldend|Misty Terrain
|upkeep
|turn|17
|-message|pipi0.0 forfeited.
|
|win|kqlpqpq
|raw|pipi0.0's rating: 1873 &rarr; <strong>1853</strong><br />(-20 for losing)
|raw|kqlpqpq's rating: 1867 &rarr; <strong>1887</strong><br />(+20 for winning)
|l|☆pipi0.0
||Ladder isn't responding, score probably updated but might not have (Request timeout).
|l| Lonely grandpa
