|j|☆Buck X
|j|☆Opnoob 598 ❤
|t:|1655481542
|gametype|singles
|player|p1|Buck X|lance|
|player|p2|Opnoob 598 ❤|drayden|
|teamsize|p1|6
|teamsize|p2|6
|gen|8
|tier|[Gen 8] National Dex AG
|rule|HP Percentage Mod: HP is shown in percentages
|rule|Endless Battle Clause: Forcing endless battles is banned
|clearpoke
|poke|p1|Marshadow|
|poke|p1|Rayquaza|
|poke|p1|Ho-Oh|
|poke|p1|Necrozma-Dusk-Mane|
|poke|p1|Yveltal|
|poke|p1|Groudon|
|poke|p2|Arceus-*|
|poke|p2|Arceus-*|
|poke|p2|Necrozma-Dusk-Mane|
|poke|p2|Zygarde|
|poke|p2|Rayquaza|
|poke|p2|Ho-Oh|
|teampreview
|inactive|Battle timer is ON: inactive players will automatically lose when time's up. (requested by Buck X)
|c|☆Opnoob 598 ❤|Glhf
|inactive|Buck X has 270 seconds left.
|
|t:|1655481587
|start
|switch|p1a: Apprenti Buck X|Rayquaza|100/100
|switch|p2a: Rayquaza|Rayquaza|100/100
|-ability|p1a: Apprenti Buck X|Air Lock
|-ability|p2a: Rayquaza|Air Lock
|turn|1
|c|☆Buck X|U2
|c|☆Buck X|S tie ig
|
|t:|1655481609
|switch|p2a: Necrozma|Necrozma-Dusk-Mane|100/100
|detailschange|p1a: Apprenti Buck X|Rayquaza-Mega
|-mega|p1a: Apprenti Buck X|Rayquaza|
|-weather|DeltaStream|[from] ability: Delta Stream|[of] p1a: Apprenti Buck X
|move|p1a: Apprenti Buck X|Draco Meteor|p2a: Necrozma
|-resisted|p2a: Necrozma
|-damage|p2a: Necrozma|65/100
|-unboost|p1a: Apprenti Buck X|spa|2
|-damage|p1a: Apprenti Buck X|91/100|[from] item: Life Orb
|
|-weather|DeltaStream|[upkeep]
|upkeep
|turn|2
|
|t:|1655481620
|-weather|none
|switch|p1a: Imabroom|Ho-Oh|100/100
|switch|p2a: Arceus|Arceus-Water|100/100
|
|upkeep
|turn|3
|
|t:|1655481640
|move|p2a: Arceus|Judgment|p1a: Imabroom
|-supereffective|p1a: Imabroom
|-damage|p1a: Imabroom|46/100
|move|p1a: Imabroom|Toxic|p2a: Arceus
|-status|p2a: Arceus|tox
|
|-damage|p2a: Arceus|94/100 tox|[from] psn
|upkeep
|turn|4
|
|t:|1655481648
|switch|p1a: Chief Cromagnet|Groudon|100/100
|detailschange|p1a: Chief Cromagnet|Groudon-Primal
|-primal|p1a: Chief Cromagnet
|-weather|DesolateLand|[from] ability: Desolate Land|[of] p1a: Chief Cromagnet
|move|p2a: Arceus|Ice Beam|p1a: Chief Cromagnet
|-damage|p1a: Chief Cromagnet|84/100
|
|-weather|DesolateLand|[upkeep]
|-damage|p2a: Arceus|82/100 tox|[from] psn
|upkeep
|turn|5
|
|t:|1655481652
|switch|p2a: Zygarde|Zygarde|100/100
|move|p1a: Chief Cromagnet|Stealth Rock|p2a: Zygarde
|-sidestart|p2: Opnoob 598 ❤|move: Stealth Rock
|
|-weather|DesolateLand|[upkeep]
|upkeep
|turn|6
|
|t:|1655481656
|-weather|none
|switch|p1a: Imabroom|Ho-Oh|79/100
|move|p2a: Zygarde|Substitute|p2a: Zygarde
|-start|p2a: Zygarde|Substitute
|-damage|p2a: Zygarde|75/100
|
|-heal|p2a: Zygarde|82/100|[from] item: Leftovers
|upkeep
|turn|7
|
|t:|1655481658
|move|p2a: Zygarde|Glare|p1a: Imabroom
|-status|p1a: Imabroom|par
|move|p1a: Imabroom|Whirlwind|p2a: Zygarde
|drag|p2a: Ho-Oh|Ho-Oh|100/100
|
|upkeep
|turn|8
|
|t:|1655481662
|move|p2a: Ho-Oh|Defog|p1a: Imabroom
|-unboost|p1a: Imabroom|evasion|1
|-sideend|p2: Opnoob 598 ❤|Stealth Rock|[from] move: Defog|[of] p2a: Ho-Oh
|cant|p1a: Imabroom|par
|
|upkeep
|turn|9
|
|t:|1655481668
|switch|p2a: Necrozma|Necrozma-Dusk-Mane|65/100
|switch|p1a: Chief Cromagnet|Groudon-Primal|84/100
|-weather|DesolateLand|[from] ability: Desolate Land|[of] p1a: Chief Cromagnet
|
|-weather|DesolateLand|[upkeep]
|upkeep
|turn|10
|
|t:|1655481671
|-weather|none
|switch|p1a: Apprenti Buck X|Rayquaza-Mega|91/100
|-weather|DeltaStream|[from] ability: Delta Stream|[of] p1a: Apprenti Buck X
|move|p2a: Necrozma|Stealth Rock|p1a: Apprenti Buck X
|-sidestart|p1: Buck X|move: Stealth Rock
|
|-weather|DeltaStream|[upkeep]
|upkeep
|turn|11
|c|☆Buck X|Fuck
|
|t:|1655481679
|switch|p2a: Arceus|Arceus-Water|82/100 tox
|move|p1a: Apprenti Buck X|Draco Meteor|p2a: Arceus
|-damage|p2a: Arceus|14/100 tox
|-unboost|p1a: Apprenti Buck X|spa|2
|-damage|p1a: Apprenti Buck X|81/100|[from] item: Life Orb
|
|-weather|DeltaStream|[upkeep]
|-damage|p2a: Arceus|7/100 tox|[from] psn
|upkeep
|turn|12
|
|t:|1655481683
|move|p1a: Apprenti Buck X|Extreme Speed|p2a: Arceus
|-damage|p2a: Arceus|0 fnt
|faint|p2a: Arceus
|-damage|p1a: Apprenti Buck X|71/100|[from] item: Life Orb
|
|-weather|DeltaStream|[upkeep]
|upkeep
|
|t:|1655481688
|switch|p2a: Arceus|Arceus-Dark|100/100
|turn|13
|
|t:|1655481691
|-weather|none
|switch|p1a: Chief Cromagnet|Groudon-Primal|84/100
|-damage|p1a: Chief Cromagnet|71/100|[from] Stealth Rock
|-weather|DesolateLand|[from] ability: Desolate Land|[of] p1a: Chief Cromagnet
|move|p2a: Arceus|Judgment|p1a: Chief Cromagnet
|-damage|p1a: Chief Cromagnet|39/100
|
|-weather|DesolateLand|[upkeep]
|upkeep
|turn|14
|
|t:|1655481697
|switch|p2a: Rayquaza|Rayquaza|100/100
|-ability|p2a: Rayquaza|Air Lock
|move|p1a: Chief Cromagnet|Stealth Rock|p2a: Rayquaza
|-sidestart|p2: Opnoob 598 ❤|move: Stealth Rock
|
|-weather|DesolateLand|[upkeep]
|upkeep
|turn|15
|
|t:|1655481703
|detailschange|p2a: Rayquaza|Rayquaza-Mega
|-mega|p2a: Rayquaza|Rayquaza|
|-weather|DeltaStream|[from] ability: Delta Stream|[of] p2a: Rayquaza
|move|p2a: Rayquaza|Dragon Ascent|p1a: Chief Cromagnet
|-damage|p1a: Chief Cromagnet|0 fnt
|-unboost|p2a: Rayquaza|def|1
|-unboost|p2a: Rayquaza|spd|1
|faint|p1a: Chief Cromagnet
|
|-weather|DeltaStream|[upkeep]
|upkeep
|
|t:|1655481708
|switch|p1a: Strong Swas|Marshadow|100/100
|-damage|p1a: Strong Swas|94/100|[from] Stealth Rock
|turn|16
|
|t:|1655481712
|move|p1a: Strong Swas|Poltergeist|p2a: Rayquaza
|-activate|p2a: Rayquaza|move: Poltergeist|Choice Band
|-damage|p2a: Rayquaza|0 fnt
|faint|p2a: Rayquaza
|-weather|none
|
|upkeep
|
|t:|1655481720
|switch|p2a: Zygarde|Zygarde|82/100
|-damage|p2a: Zygarde|75/100|[from] Stealth Rock
|turn|17
|
|t:|1655481724
|switch|p1a: Imabroom|Ho-Oh|100/100 par
|move|p2a: Zygarde|Substitute|p2a: Zygarde
|-start|p2a: Zygarde|Substitute
|-damage|p2a: Zygarde|50/100
|
|-heal|p2a: Zygarde|57/100|[from] item: Leftovers
|upkeep
|turn|18
|
|t:|1655481727
|move|p2a: Zygarde|Thousand Arrows|p1a: Imabroom
|-damage|p1a: Imabroom|80/100 par
|-start|p1a: Imabroom|Smack Down
|move|p1a: Imabroom|Whirlwind|p2a: Zygarde
|drag|p2a: Ho-Oh|Ho-Oh|100/100
|
|upkeep
|turn|19
|
|t:|1655481730
|switch|p2a: Zygarde|Zygarde|57/100
|-damage|p2a: Zygarde|50/100|[from] Stealth Rock
|move|p1a: Imabroom|Toxic|p2a: Zygarde
|-status|p2a: Zygarde|tox
|
|-heal|p2a: Zygarde|57/100 tox|[from] item: Leftovers
|-damage|p2a: Zygarde|50/100 tox|[from] psn
|-activate|p2a: Zygarde|ability: Power Construct
|detailschange|p2a: Zygarde|Zygarde-Complete
|-heal|p2a: Zygarde|67/100 tox|[silent]
|upkeep
|turn|20
|
|t:|1655481737
|switch|p1a: Icemaster|Necrozma-Dusk-Mane|100/100
|-damage|p1a: Icemaster|94/100|[from] Stealth Rock
|move|p2a: Zygarde|Thousand Arrows|p1a: Icemaster
|-supereffective|p1a: Icemaster
|-damage|p1a: Icemaster|66/100
|
|-heal|p1a: Icemaster|72/100|[from] item: Leftovers
|-heal|p2a: Zygarde|74/100 tox|[from] item: Leftovers
|-damage|p2a: Zygarde|61/100 tox|[from] psn
|upkeep
|turn|21
|
|t:|1655481740
|switch|p1a: Imabroom|Ho-Oh|100/100 par
|move|p2a: Zygarde|Glare|p1a: Imabroom
|-fail|p1a: Imabroom|par
|
|-heal|p2a: Zygarde|67/100 tox|[from] item: Leftovers
|-damage|p2a: Zygarde|49/100 tox|[from] psn
|upkeep
|turn|22
|
|t:|1655481745
|move|p2a: Zygarde|Thousand Arrows|p1a: Imabroom
|-damage|p1a: Imabroom|80/100 par
|-start|p1a: Imabroom|Smack Down
|cant|p1a: Imabroom|par
|
|-heal|p2a: Zygarde|55/100 tox|[from] item: Leftovers
|-damage|p2a: Zygarde|31/100 tox|[from] psn
|upkeep
|turn|23
|
|t:|1655481749
|move|p2a: Zygarde|Glare|p1a: Imabroom
|-fail|p1a: Imabroom|par
|move|p1a: Imabroom|Whirlwind|p2a: Zygarde
|drag|p2a: Necrozma|Necrozma-Dusk-Mane|65/100
|-damage|p2a: Necrozma|59/100|[from] Stealth Rock
|
|upkeep
|turn|24
|
|t:|1655481753
|switch|p2a: Zygarde|Zygarde-Complete|31/100 tox
|-damage|p2a: Zygarde|25/100 tox|[from] Stealth Rock
|move|p1a: Imabroom|Sacred Fire|p2a: Zygarde
|-resisted|p2a: Zygarde
|-damage|p2a: Zygarde|17/100 tox
|
|-heal|p2a: Zygarde|23/100 tox|[from] item: Leftovers
|-damage|p2a: Zygarde|17/100 tox|[from] psn
|upkeep
|turn|25
|
|t:|1655481756
|switch|p1a: Icemaster|Necrozma-Dusk-Mane|72/100
|-damage|p1a: Icemaster|66/100|[from] Stealth Rock
|move|p2a: Zygarde|Thousand Arrows|p1a: Icemaster
|-supereffective|p1a: Icemaster
|-damage|p1a: Icemaster|41/100
|
|-heal|p1a: Icemaster|47/100|[from] item: Leftovers
|-heal|p2a: Zygarde|23/100 tox|[from] item: Leftovers
|-damage|p2a: Zygarde|11/100 tox|[from] psn
|upkeep
|turn|26
|
|t:|1655481760
|move|p1a: Icemaster|Morning Sun|p1a: Icemaster
|-heal|p1a: Icemaster|97/100
|move|p2a: Zygarde|Glare|p1a: Icemaster
|-status|p1a: Icemaster|par
|
|-heal|p2a: Zygarde|17/100 tox|[from] item: Leftovers
|-heal|p1a: Icemaster|100/100 par|[from] item: Leftovers
|-damage|p2a: Zygarde|0 fnt|[from] psn
|faint|p2a: Zygarde
|upkeep
|
|t:|1655481762
|switch|p2a: Arceus|Arceus-Dark|100/100
|-damage|p2a: Arceus|88/100|[from] Stealth Rock
|turn|27
|
|t:|1655481772
|switch|p1a: Imabroom|Ho-Oh|100/100 par
|move|p2a: Arceus|Calm Mind|p2a: Arceus
|-boost|p2a: Arceus|spa|1
|-boost|p2a: Arceus|spd|1
|
|upkeep
|turn|28
|
|t:|1655481777
|-start|p2a: Arceus|Dynamax|
|-heal|p2a: Arceus|88/100|[silent]
|move|p2a: Arceus|Max Darkness|p1a: Imabroom
|-damage|p1a: Imabroom|46/100 par
|-unboost|p1a: Imabroom|spd|1
|cant|p1a: Imabroom|par
|
|upkeep
|turn|29
|
|t:|1655481781
|switch|p1a: Icemaster|Necrozma-Dusk-Mane|100/100 par
|-damage|p1a: Icemaster|94/100 par|[from] Stealth Rock
|move|p2a: Arceus|Max Darkness|p1a: Icemaster
|-supereffective|p1a: Icemaster
|-damage|p1a: Icemaster|0 fnt
|faint|p1a: Icemaster
|
|upkeep
|
|t:|1655481796
|switch|p1a: Scary Junaa smh|Yveltal, shiny|100/100
|-damage|p1a: Scary Junaa smh|76/100|[from] Stealth Rock
|-ability|p1a: Scary Junaa smh|Dark Aura
|turn|30
|c|☆Buck X|Fun battle fr
|c|☆Opnoob 598 ❤|Fr
|
|t:|1655481809
|move|p1a: Scary Junaa smh|Focus Blast|p2a: Arceus
|-supereffective|p2a: Arceus
|-damage|p2a: Arceus|69/100
|-damage|p1a: Scary Junaa smh|66/100|[from] item: Life Orb
|move|p2a: Arceus|Max Darkness|p1a: Scary Junaa smh
|-resisted|p1a: Scary Junaa smh
|-damage|p1a: Scary Junaa smh|10/100
|-unboost|p1a: Scary Junaa smh|spd|1
|
|upkeep
|-end|p2a: Arceus|Dynamax
|-heal|p2a: Arceus|69/100|[silent]
|turn|31
|c|☆Opnoob 598 ❤|Band Marsh rips me rn tho
|c|☆Opnoob 598 ❤|T---T
|c|☆Buck X|Yeah
|
|t:|1655481819
|move|p1a: Scary Junaa smh|Focus Blast|p2a: Arceus
|-supereffective|p2a: Arceus
|-damage|p2a: Arceus|31/100
|-damage|p1a: Scary Junaa smh|0 fnt|[from] item: Life Orb
|faint|p1a: Scary Junaa smh
|move|p2a: Arceus|Recover|p2a: Arceus
|-heal|p2a: Arceus|81/100
|
|upkeep
|c|☆Buck X|i had to keep that safe
|
|t:|1655481834
|switch|p1a: Strong Swas|Marshadow|94/100
|-damage|p1a: Strong Swas|88/100|[from] Stealth Rock
|turn|32
|
|t:|1655481839
|switch|p2a: Ho-Oh|Ho-Oh|100/100
|move|p1a: Strong Swas|Close Combat|p2a: Ho-Oh
|-resisted|p2a: Ho-Oh
|-damage|p2a: Ho-Oh|65/100
|-unboost|p1a: Strong Swas|def|1
|-unboost|p1a: Strong Swas|spd|1
|
|upkeep
|turn|33
|
|t:|1655481842
|switch|p1a: Imabroom|Ho-Oh|79/100 par
|move|p2a: Ho-Oh|Thunder Wave|p1a: Imabroom
|-fail|p1a: Imabroom|par
|
|upkeep
|turn|34
|
|t:|1655481846
|switch|p2a: Arceus|Arceus-Dark|81/100
|-damage|p2a: Arceus|69/100|[from] Stealth Rock
|move|p1a: Imabroom|Toxic|p2a: Arceus
|-status|p2a: Arceus|tox
|
|-damage|p2a: Arceus|63/100 tox|[from] psn
|upkeep
|turn|35
|
|t:|1655481852
|switch|p1a: Strong Swas|Marshadow|88/100
|-damage|p1a: Strong Swas|82/100|[from] Stealth Rock
|move|p2a: Arceus|Refresh|p2a: Arceus
|-curestatus|p2a: Arceus|tox|[msg]
|
|upkeep
|turn|36
|
|t:|1655481858
|switch|p2a: Necrozma|Necrozma-Dusk-Mane|59/100
|-damage|p2a: Necrozma|53/100|[from] Stealth Rock
|-start|p1a: Strong Swas|Dynamax|
|-heal|p1a: Strong Swas|82/100|[silent]
|move|p1a: Strong Swas|Max Phantasm|p2a: Necrozma
|-supereffective|p2a: Necrozma
|-damage|p2a: Necrozma|0 fnt
|faint|p2a: Necrozma
|
|upkeep
|
|t:|1655481862
|switch|p2a: Ho-Oh|Ho-Oh|98/100
|turn|37
|
|t:|1655481865
|-end|p1a: Strong Swas|Dynamax
|-heal|p1a: Strong Swas|82/100|[silent]
|switch|p1a: Imabroom|Ho-Oh|100/100 par
|move|p2a: Ho-Oh|Thunder Wave|p1a: Imabroom
|-fail|p1a: Imabroom|par
|
|upkeep
|turn|38
|
|t:|1655481874
|switch|p1a: Apprenti Buck X|Rayquaza-Mega|71/100
|-damage|p1a: Apprenti Buck X|46/100|[from] Stealth Rock
|-weather|DeltaStream|[from] ability: Delta Stream|[of] p1a: Apprenti Buck X
|move|p2a: Ho-Oh|Whirlwind|p1a: Apprenti Buck X
|-weather|none
|drag|p1a: Strong Swas|Marshadow|82/100
|-damage|p1a: Strong Swas|76/100|[from] Stealth Rock
|
|upkeep
|turn|39
|c|☆Buck X|Ouch
|c|☆Opnoob 598 ❤|Lol
|c|☆Buck X|thats when I regret having pursuit instead of r tomb
|inactive|Buck X has 270 seconds left.
|
|t:|1655481906
|switch|p1a: Imabroom|Ho-Oh|100/100 par
|move|p2a: Ho-Oh|Sacred Fire|p1a: Imabroom
|-resisted|p1a: Imabroom
|-damage|p1a: Imabroom|86/100 par
|
|upkeep
|turn|40
|inactive|Opnoob 598 ❤ has 270 seconds left.
|
|t:|1655481955
|switch|p2a: Arceus|Arceus-Dark|63/100
|-damage|p2a: Arceus|50/100|[from] Stealth Rock
|move|p1a: Imabroom|Whirlwind|p2a: Arceus
|drag|p2a: Ho-Oh|Ho-Oh|100/100
|
|upkeep
|turn|41
|inactive|Buck X has 270 seconds left.
|
|t:|1655481977
|switch|p2a: Arceus|Arceus-Dark|50/100
|-damage|p2a: Arceus|38/100|[from] Stealth Rock
|switch|p1a: Apprenti Buck X|Rayquaza-Mega|46/100
|-damage|p1a: Apprenti Buck X|21/100|[from] Stealth Rock
|-weather|DeltaStream|[from] ability: Delta Stream|[of] p1a: Apprenti Buck X
|
|-weather|DeltaStream|[upkeep]
|upkeep
|turn|42
|inactive|Buck X has 270 seconds left.
|inactive|Opnoob 598 ❤ has 270 seconds left.
|c|☆Buck X|I win if u not max speed
|
|t:|1655481989
|move|p1a: Apprenti Buck X|Dragon Ascent|p2a: Arceus
|-damage|p2a: Arceus|0 fnt
|-unboost|p1a: Apprenti Buck X|def|1
|-unboost|p1a: Apprenti Buck X|spd|1
|faint|p2a: Arceus
|-damage|p1a: Apprenti Buck X|11/100|[from] item: Life Orb
|
|-weather|DeltaStream|[upkeep]
|upkeep
|
|t:|1655481992
|switch|p2a: Ho-Oh|Ho-Oh|100/100
|turn|43
|c|☆Buck X|Ggwp 👏
|
|t:|1655481999
|move|p1a: Apprenti Buck X|Dragon Ascent|p2a: Ho-Oh
|-damage|p2a: Ho-Oh|16/100
|-unboost|p1a: Apprenti Buck X|def|1
|-unboost|p1a: Apprenti Buck X|spd|1
|-damage|p1a: Apprenti Buck X|1/100|[from] item: Life Orb
|move|p2a: Ho-Oh|Sacred Fire|p1a: Apprenti Buck X
|-resisted|p1a: Apprenti Buck X
|-damage|p1a: Apprenti Buck X|0 fnt
|faint|p1a: Apprenti Buck X
|-weather|none
|
|upkeep
|c|☆Opnoob 598 ❤|Ggwp
|
|t:|1655482002
|switch|p1a: Strong Swas|Marshadow|76/100
|-damage|p1a: Strong Swas|69/100|[from] Stealth Rock
|turn|44
|-message|Opnoob 598 ❤ forfeited.
|
|win|Buck X
|j| Monkeyseemonkeyu
|l|☆Opnoob 598 ❤
