|j|☆SpicySalmonRoll
|j|☆lyblwt1234
|t:|1663164617
|gametype|singles
|player|p1|SpicySalmonRoll|teamrocket|1484
|player|p2|lyblwt1234|102|1647
|teamsize|p1|6
|teamsize|p2|6
|gen|8
|tier|[Gen 8] National Dex AG
|rated|
|rule|HP Percentage Mod: HP is shown in percentages
|rule|Endless Battle Clause: Forcing endless battles is banned
|clearpoke
|poke|p1|Corsola-Galar, M|
|poke|p1|Mimikyu, M|
|poke|p1|Aegislash, M|
|poke|p1|Gengar, M|
|poke|p1|Dragapult, M|
|poke|p1|Giratina-Origin|
|poke|p2|Arceus-*|
|poke|p2|Zacian-*|
|poke|p2|Rayquaza|
|poke|p2|Kyogre|
|poke|p2|Marshadow|
|poke|p2|Ditto|
|teampreview
|inactive|Battle timer is ON: inactive players will automatically lose when time's up. (requested by lyblwt1234)
|inactive|SpicySalmonRoll has 120 seconds left.
|
|t:|1663164670
|start
|switch|p1a: Giratina|Giratina-Origin|100/100
|switch|p2a: Arceus|Arceus-Electric|100/100
|turn|1
|
|t:|1663164680
|-start|p2a: Arceus|Dynamax|
|-heal|p2a: Arceus|100/100|[silent]
|move|p2a: Arceus|Max Hailstorm|p1a: Giratina
|-supereffective|p1a: Giratina
|-damage|p1a: Giratina|30/100
|-weather|Hail
|move|p1a: Giratina|Will-O-Wisp|p2a: Arceus
|-status|p2a: Arceus|brn
|
|-weather|Hail|[upkeep]
|-damage|p2a: Arceus|97/100 brn|[from] Hail
|-damage|p1a: Giratina|24/100|[from] Hail
|-damage|p2a: Arceus|94/100 brn|[from] brn
|upkeep
|turn|2
|
|t:|1663164695
|switch|p1a: Aegislash|Aegislash, M|100/100
|move|p2a: Arceus|Max Hailstorm|p1a: Aegislash
|-resisted|p1a: Aegislash
|-damage|p1a: Aegislash|84/100
|
|-weather|Hail|[upkeep]
|-damage|p2a: Arceus|91/100 brn|[from] Hail
|-damage|p1a: Aegislash|78/100|[from] Hail
|-heal|p1a: Aegislash|84/100|[from] item: Leftovers
|-damage|p2a: Arceus|88/100 brn|[from] brn
|upkeep
|turn|3
|
|t:|1663164706
|switch|p1a: Giratina|Giratina-Origin|24/100
|move|p2a: Arceus|Max Quake|p1a: Giratina
|-immune|p1a: Giratina|[from] ability: Levitate
|
|-weather|Hail|[upkeep]
|-damage|p2a: Arceus|85/100 brn|[from] Hail
|-damage|p1a: Giratina|18/100|[from] Hail
|-damage|p2a: Arceus|82/100 brn|[from] brn
|upkeep
|-end|p2a: Arceus|Dynamax
|-heal|p2a: Arceus|82/100 brn|[silent]
|turn|4
|
|t:|1663164721
|move|p1a: Giratina|Shadow Sneak|p2a: Arceus
|-damage|p2a: Arceus|67/100 brn
|move|p2a: Arceus|Stealth Rock|p1a: Giratina
|-sidestart|p1: SpicySalmonRoll|move: Stealth Rock
|
|-weather|Hail|[upkeep]
|-damage|p2a: Arceus|61/100 brn|[from] Hail
|-damage|p1a: Giratina|11/100|[from] Hail
|-damage|p2a: Arceus|55/100 brn|[from] brn
|upkeep
|turn|5
|
|t:|1663164730
|move|p1a: Giratina|Shadow Sneak|p2a: Arceus
|-damage|p2a: Arceus|41/100 brn
|move|p2a: Arceus|Ice Beam|p1a: Giratina
|-supereffective|p1a: Giratina
|-damage|p1a: Giratina|0 fnt
|faint|p1a: Giratina
|
|-weather|none
|-damage|p2a: Arceus|35/100 brn|[from] brn
|upkeep
|
|t:|1663164737
|switch|p1a: Dragapult|Dragapult, M|100/100
|-damage|p1a: Dragapult|88/100|[from] Stealth Rock
|turn|6
|
|t:|1663164760
|switch|p2a: Zacian|Zacian-Crowned|100/100
|-ability|p2a: Zacian|Intrepid Sword|boost
|-boost|p2a: Zacian|atk|1
|move|p1a: Dragapult|Dragon Darts|p2a: Zacian
|-immune|p2a: Zacian
|
|upkeep
|turn|7
|
|t:|1663164786
|switch|p1a: Aegislash|Aegislash, M|84/100
|-damage|p1a: Aegislash|78/100|[from] Stealth Rock
|move|p2a: Zacian|Behemoth Blade|p1a: Aegislash
|-resisted|p1a: Aegislash
|-damage|p1a: Aegislash|41/100
|
|-heal|p1a: Aegislash|47/100|[from] item: Leftovers
|upkeep
|turn|8
|
|t:|1663164797
|move|p1a: Aegislash|King's Shield|p1a: Aegislash
|-singleturn|p1a: Aegislash|Protect
|move|p2a: Zacian|Substitute|p2a: Zacian
|-start|p2a: Zacian|Substitute
|-damage|p2a: Zacian|76/100
|
|-heal|p1a: Aegislash|53/100|[from] item: Leftovers
|upkeep
|turn|9
|
|t:|1663164806
|move|p2a: Zacian|Behemoth Blade|p1a: Aegislash
|-resisted|p1a: Aegislash
|-damage|p1a: Aegislash|19/100
|-formechange|p1a: Aegislash|Aegislash-Blade||[from] ability: Stance Change
|move|p1a: Aegislash|Sacred Sword|p2a: Zacian
|-end|p2a: Zacian|Substitute
|
|-heal|p1a: Aegislash|25/100|[from] item: Leftovers
|upkeep
|turn|10
|
|t:|1663164816
|move|p2a: Zacian|Substitute|p2a: Zacian
|-start|p2a: Zacian|Substitute
|-damage|p2a: Zacian|51/100
|move|p1a: Aegislash|Sacred Sword|p2a: Zacian
|-end|p2a: Zacian|Substitute
|
|-heal|p1a: Aegislash|31/100|[from] item: Leftovers
|upkeep
|turn|11
|
|t:|1663164829
|move|p2a: Zacian|Behemoth Blade|p1a: Aegislash
|-resisted|p1a: Aegislash
|-damage|p1a: Aegislash|0 fnt
|faint|p1a: Aegislash
|
|upkeep
|
|t:|1663164835
|switch|p1a: Mimikyu|Mimikyu, M|100/100
|-damage|p1a: Mimikyu|88/100|[from] Stealth Rock
|turn|12
|
|t:|1663164852
|-start|p1a: Mimikyu|Dynamax|
|-heal|p1a: Mimikyu|88/100|[silent]
|move|p2a: Zacian|Behemoth Blade|p1a: Mimikyu
|-activate|p1a: Mimikyu|ability: Disguise
|-damage|p1a: Mimikyu|88/100
|detailschange|p1a: Mimikyu|Mimikyu-Busted, M
|-damage|p1a: Mimikyu|82/100|[from] pokemon: Mimikyu-Busted
|move|p1a: Mimikyu|Max Phantasm|p2a: Zacian
|-damage|p2a: Zacian|0 fnt
|faint|p2a: Zacian
|-damage|p1a: Mimikyu|77/100|[from] item: Life Orb
|
|upkeep
|
|t:|1663164868
|switch|p2a: Marshadow|Marshadow|100/100
|turn|13
|
|t:|1663164873
|move|p2a: Marshadow|Spectral Thief|p1a: Mimikyu
|-supereffective|p1a: Mimikyu
|-damage|p1a: Mimikyu|6/100
|move|p1a: Mimikyu|Max Phantasm|p2a: Marshadow
|-supereffective|p2a: Marshadow
|-damage|p2a: Marshadow|0 fnt
|faint|p2a: Marshadow
|-damage|p1a: Mimikyu|1/100|[from] item: Life Orb
|
|upkeep
|
|t:|1663164888
|switch|p2a: Arceus|Arceus-Electric|35/100 brn
|turn|14
|
|t:|1663164894
|move|p2a: Arceus|Ice Beam|p1a: Mimikyu
|-damage|p1a: Mimikyu|0 fnt
|faint|p1a: Mimikyu
|
|-damage|p2a: Arceus|29/100 brn|[from] brn
|upkeep
|
|t:|1663164901
|switch|p1a: Gengar|Gengar, M, shiny|100/100
|-damage|p1a: Gengar|88/100|[from] Stealth Rock
|turn|15
|
|t:|1663164907
|detailschange|p1a: Gengar|Gengar-Mega, M, shiny
|-mega|p1a: Gengar|Gengar|Gengarite
|move|p1a: Gengar|Substitute|p1a: Gengar
|-start|p1a: Gengar|Substitute
|-damage|p1a: Gengar|63/100
|move|p2a: Arceus|Judgment|p1a: Gengar
|-end|p1a: Gengar|Substitute
|
|-damage|p2a: Arceus|23/100 brn|[from] brn
|upkeep
|turn|16
|
|t:|1663164916
|move|p1a: Gengar|Shadow Ball|p2a: Arceus
|-damage|p2a: Arceus|0 fnt
|faint|p2a: Arceus
|
|upkeep
|
|t:|1663164920
|switch|p2a: Kyogre|Kyogre|100/100
|detailschange|p2a: Kyogre|Kyogre-Primal
|-primal|p2a: Kyogre
|-weather|PrimordialSea|[from] ability: Primordial Sea|[of] p2a: Kyogre
|turn|17
|
|t:|1663164929
|move|p1a: Gengar|Sludge Wave|p2a: Kyogre
|-damage|p2a: Kyogre|61/100
|move|p2a: Kyogre|Scald|p1a: Gengar
|-damage|p1a: Gengar|0 fnt
|faint|p1a: Gengar
|
|-weather|PrimordialSea|[upkeep]
|upkeep
|
|t:|1663164935
|switch|p1a: Dragapult|Dragapult, M|88/100
|-damage|p1a: Dragapult|76/100|[from] Stealth Rock
|turn|18
|
|t:|1663164942
|move|p1a: Dragapult|Dragon Darts|p2a: Kyogre
|-damage|p2a: Kyogre|25/100
|-anim|p1a: Dragapult|Dragon Darts|p2a: Kyogre
|-damage|p2a: Kyogre|0 fnt
|faint|p2a: Kyogre
|-weather|none
|-damage|p1a: Dragapult|66/100|[from] item: Life Orb
|
|upkeep
|
|t:|1663164950
|switch|p2a: Ditto|Ditto|100/100
|-transform|p2a: Ditto|p1a: Dragapult|[from] ability: Imposter
|turn|19
|
|t:|1663164966
|switch|p1a: Corsola|Corsola-Galar, M|100/100
|-damage|p1a: Corsola|88/100|[from] Stealth Rock
|move|p2a: Ditto|Dragon Darts|p1a: Corsola
|-damage|p1a: Corsola|76/100
|-anim|p2a: Ditto|Dragon Darts|p1a: Corsola
|-damage|p1a: Corsola|63/100
|-start|p2a: Ditto|Disable|Dragon Darts|[from] ability: Cursed Body|[of] p1a: Corsola
|
|upkeep
|turn|20
|
|t:|1663164976
|switch|p2a: Rayquaza|Rayquaza|100/100
|-ability|p2a: Rayquaza|Air Lock
|move|p1a: Corsola|Will-O-Wisp|p2a: Rayquaza|[miss]
|-miss|p1a: Corsola|p2a: Rayquaza
|
|upkeep
|turn|21
|
|t:|1663164985
|detailschange|p2a: Rayquaza|Rayquaza-Mega
|-mega|p2a: Rayquaza|Rayquaza|
|-weather|DeltaStream|[from] ability: Delta Stream|[of] p2a: Rayquaza
|move|p2a: Rayquaza|Scale Shot|p1a: Corsola
|-damage|p1a: Corsola|50/100
|-start|p2a: Rayquaza|Disable|Scale Shot|[from] ability: Cursed Body|[of] p1a: Corsola
|-damage|p1a: Corsola|38/100
|-hitcount|p1a: Corsola|2
|-unboost|p2a: Rayquaza|def|1
|-boost|p2a: Rayquaza|spe|1
|-damage|p2a: Rayquaza|91/100|[from] item: Life Orb
|move|p1a: Corsola|Strength Sap|p2a: Rayquaza
|-unboost|p2a: Rayquaza|atk|1
|-heal|p1a: Corsola|100/100
|
|-weather|DeltaStream|[upkeep]
|upkeep
|turn|22
|
|t:|1663165002
|move|p2a: Rayquaza|Dragon Ascent|p1a: Corsola
|-damage|p1a: Corsola|59/100
|-unboost|p2a: Rayquaza|def|1
|-unboost|p2a: Rayquaza|spd|1
|-damage|p2a: Rayquaza|81/100|[from] item: Life Orb
|move|p1a: Corsola|Will-O-Wisp|p2a: Rayquaza
|-status|p2a: Rayquaza|brn
|
|-weather|DeltaStream|[upkeep]
|-damage|p2a: Rayquaza|74/100 brn|[from] brn
|upkeep
|turn|23
|
|t:|1663165012
|move|p2a: Rayquaza|Dragon Ascent|p1a: Corsola
|-damage|p1a: Corsola|40/100
|-unboost|p2a: Rayquaza|def|1
|-unboost|p2a: Rayquaza|spd|1
|-damage|p2a: Rayquaza|64/100 brn|[from] item: Life Orb
|move|p1a: Corsola|Strength Sap|p2a: Rayquaza
|-unboost|p2a: Rayquaza|atk|1
|-heal|p1a: Corsola|100/100
|
|-weather|DeltaStream|[upkeep]
|-damage|p2a: Rayquaza|58/100 brn|[from] brn
|upkeep
|turn|24
|
|t:|1663165028
|move|p2a: Rayquaza|Dragon Ascent|p1a: Corsola
|-damage|p1a: Corsola|87/100
|-unboost|p2a: Rayquaza|def|1
|-unboost|p2a: Rayquaza|spd|1
|-damage|p2a: Rayquaza|48/100 brn|[from] item: Life Orb
|move|p1a: Corsola|Whirlpool|p2a: Rayquaza
|-resisted|p2a: Rayquaza
|-damage|p2a: Rayquaza|42/100 brn
|-activate|p2a: Rayquaza|move: Whirlpool|[of] p1a: Corsola
|
|-weather|DeltaStream|[upkeep]
|-damage|p2a: Rayquaza|35/100 brn|[from] brn
|-damage|p2a: Rayquaza|23/100 brn|[from] move: Whirlpool|[partiallytrapped]
|-end|p2a: Rayquaza|Disable
|upkeep
|turn|25
|
|t:|1663165040
|move|p2a: Rayquaza|Dragon Ascent|p1a: Corsola
|-damage|p1a: Corsola|73/100
|-unboost|p2a: Rayquaza|def|1
|-unboost|p2a: Rayquaza|spd|1
|-damage|p2a: Rayquaza|13/100 brn|[from] item: Life Orb
|move|p1a: Corsola|Strength Sap|p2a: Rayquaza
|-unboost|p2a: Rayquaza|atk|1
|-heal|p1a: Corsola|100/100
|
|-weather|DeltaStream|[upkeep]
|-damage|p2a: Rayquaza|7/100 brn|[from] brn
|-damage|p2a: Rayquaza|0 fnt|[from] move: Whirlpool|[partiallytrapped]
|faint|p2a: Rayquaza
|-weather|none
|upkeep
|
|t:|1663165053
|switch|p2a: Ditto|Ditto|100/100
|-transform|p2a: Ditto|p1a: Corsola|[from] ability: Imposter
|turn|26
|
|t:|1663165062
|move|p2a: Ditto|Night Shade|p1a: Corsola
|-damage|p1a: Corsola|70/100
|move|p1a: Corsola|Will-O-Wisp|p2a: Ditto|[miss]
|-miss|p1a: Corsola|p2a: Ditto
|
|upkeep
|turn|27
|
|t:|1663165068
|move|p2a: Ditto|Night Shade|p1a: Corsola
|-damage|p1a: Corsola|39/100
|move|p1a: Corsola|Strength Sap|p2a: Ditto
|-unboost|p2a: Ditto|atk|1
|-heal|p1a: Corsola|71/100
|
|upkeep
|turn|28
|
|t:|1663165075
|move|p2a: Ditto|Night Shade|p1a: Corsola
|-damage|p1a: Corsola|40/100
|move|p1a: Corsola|Night Shade|p2a: Ditto
|-damage|p2a: Ditto|67/100
|
|upkeep
|turn|29
|
|t:|1663165081
|move|p2a: Ditto|Night Shade|p1a: Corsola
|-damage|p1a: Corsola|9/100
|-start|p2a: Ditto|Disable|Night Shade|[from] ability: Cursed Body|[of] p1a: Corsola
|move|p1a: Corsola|Strength Sap|p2a: Ditto
|-unboost|p2a: Ditto|atk|1
|-heal|p1a: Corsola|30/100
|
|upkeep
|turn|30
|
|t:|1663165089
|-activate|p2a: Ditto|move: Struggle
|move|p2a: Ditto|Struggle|p1a: Corsola
|-damage|p1a: Corsola|28/100
|-damage|p2a: Ditto|42/100|[from] recoil
|move|p1a: Corsola|Night Shade|p2a: Ditto
|-damage|p2a: Ditto|9/100
|
|upkeep
|turn|31
|-message|lyblwt1234 forfeited.
|
|win|SpicySalmonRoll
|raw|SpicySalmonRoll's rating: 1468 &rarr; <strong>1497</strong><br />(+29 for winning)
|raw|lyblwt1234's rating: 1647 &rarr; <strong>1618</strong><br />(-29 for losing)
|l|☆lyblwt1234
||Ladder isn't responding, score probably updated but might not have (Request timeout).
