|j|☆MariaReynoldsBitch
|j|☆dshgfhsdfhsdjf
|t:|1646750068
|gametype|singles
|player|p1|MariaReynoldsBitch|chuck|1486
|player|p2|dshgfhsdfhsdjf|ramos|1419
|teamsize|p1|6
|teamsize|p2|6
|gen|8
|tier|[Gen 8] National Dex AG
|rated|
|rule|HP Percentage Mod: HP is shown in percentages
|rule|Endless Battle Clause: Forcing endless battles is banned
|clearpoke
|poke|p1|Zacian-*|
|poke|p1|Rayquaza|
|poke|p1|Ditto|
|poke|p1|Groudon|
|poke|p1|Zygarde|
|poke|p1|Yveltal|
|poke|p2|Yveltal|
|poke|p2|Deoxys-Speed|
|poke|p2|Zacian-*|
|poke|p2|Eternatus|
|poke|p2|Ditto|
|poke|p2|Calyrex-Shadow|
|teampreview
|inactive|Battle timer is ON: inactive players will automatically lose when time's up. (requested by MariaReynoldsBitch)
|
|t:|1646750071
|start
|switch|p1a: Iguana Lord|Groudon|100/100
|switch|p2a: Deoxys|Deoxys-Speed|100/100
|-ability|p2a: Deoxys|Pressure
|detailschange|p1a: Iguana Lord|Groudon-Primal
|-primal|p1a: Iguana Lord
|-weather|DesolateLand|[from] ability: Desolate Land|[of] p1a: Iguana Lord
|turn|1
|
|t:|1646750075
|move|p2a: Deoxys|Taunt|p1a: Iguana Lord
|-start|p1a: Iguana Lord|move: Taunt
|move|p1a: Iguana Lord|Heat Crash|p2a: Deoxys
|-enditem|p2a: Deoxys|Focus Sash
|-damage|p2a: Deoxys|1/100
|
|-weather|DesolateLand|[upkeep]
|upkeep
|turn|2
|
|t:|1646750078
|move|p2a: Deoxys|Stealth Rock|p1a: Iguana Lord
|-sidestart|p1: MariaReynoldsBitch|move: Stealth Rock
|move|p1a: Iguana Lord|Heat Crash|p2a: Deoxys
|-damage|p2a: Deoxys|0 fnt
|faint|p2a: Deoxys
|
|-weather|DesolateLand|[upkeep]
|upkeep
|
|t:|1646750083
|switch|p2a: Yveltal|Yveltal|100/100
|-ability|p2a: Yveltal|Dark Aura
|turn|3
|
|t:|1646750087
|move|p2a: Yveltal|Dark Pulse|p1a: Iguana Lord
|-damage|p1a: Iguana Lord|23/100
|-damage|p2a: Yveltal|91/100|[from] item: Life Orb
|move|p1a: Iguana Lord|Heat Crash|p2a: Yveltal
|-damage|p2a: Yveltal|0 fnt
|faint|p2a: Yveltal
|
|-weather|DesolateLand|[upkeep]
|-end|p1a: Iguana Lord|move: Taunt
|upkeep
|
|t:|1646750092
|switch|p2a: Zacian|Zacian-Crowned|100/100
|-ability|p2a: Zacian|Intrepid Sword|boost
|-boost|p2a: Zacian|atk|1
|turn|4
|
|t:|1646750094
|move|p2a: Zacian|Behemoth Blade|p1a: Iguana Lord
|-resisted|p1a: Iguana Lord
|-damage|p1a: Iguana Lord|0 fnt
|faint|p1a: Iguana Lord
|-weather|none
|
|upkeep
|
|t:|1646750098
|switch|p1a: Chief Keef|Ditto, shiny|100/100
|-damage|p1a: Chief Keef|88/100|[from] Stealth Rock
|-transform|p1a: Chief Keef|p2a: Zacian|[from] ability: Imposter
|-ability|p1a: Chief Keef|Intrepid Sword|boost
|-boost|p1a: Chief Keef|atk|1
|turn|5
|
|t:|1646750101
|move|p1a: Chief Keef|Behemoth Blade|p2a: Zacian
|-damage|p2a: Zacian|0 fnt
|faint|p2a: Zacian
|
|upkeep
|
|t:|1646750102
|switch|p2a: Calyrex|Calyrex-Shadow|100/100
|-ability|p2a: Calyrex|As One
|-ability|p2a: Calyrex|Unnerve
|turn|6
|
|t:|1646750104
|move|p2a: Calyrex|Astral Barrage|p1a: Chief Keef
|-damage|p1a: Chief Keef|0 fnt
|faint|p1a: Chief Keef
|-ability|p2a: Calyrex|Grim Neigh|boost
|-boost|p2a: Calyrex|spa|1
|
|upkeep
|
|t:|1646750114
|switch|p1a: Lil Yachty|Yveltal, shiny|100/100
|-ability|p1a: Lil Yachty|Dark Aura
|turn|7
|
|t:|1646750117
|-start|p2a: Calyrex|Dynamax
|-heal|p2a: Calyrex|100/100|[silent]
|move|p2a: Calyrex|Max Starfall|p1a: Lil Yachty
|-supereffective|p1a: Lil Yachty
|-damage|p1a: Lil Yachty|0 fnt
|-fieldstart|move: Misty Terrain
|faint|p1a: Lil Yachty
|-ability|p2a: Calyrex|Grim Neigh|boost
|-boost|p2a: Calyrex|spa|1
|
|upkeep
|c|☆MariaReynoldsBitch|gg
|
|t:|1646750125
|switch|p1a: Wormy Worm|Zygarde|100/100
|-damage|p1a: Wormy Worm|94/100|[from] Stealth Rock
|turn|8
|
|t:|1646750139
|-start|p1a: Wormy Worm|Dynamax
|-heal|p1a: Wormy Worm|94/100|[silent]
|move|p2a: Calyrex|Max Phantasm|p1a: Wormy Worm
|-damage|p1a: Wormy Worm|10/100
|-unboost|p1a: Wormy Worm|def|1
|move|p1a: Wormy Worm|Max Quake|p2a: Calyrex
|-damage|p2a: Calyrex|64/100
|-boost|p1a: Wormy Worm|spd|1
|
|-activate|p1a: Wormy Worm|ability: Power Construct
|detailschange|p1a: Wormy Worm|Zygarde-Complete
|-heal|p1a: Wormy Worm|40/100|[silent]
|upkeep
|turn|9
|
|t:|1646750144
|move|p2a: Calyrex|Max Phantasm|p1a: Wormy Worm
|-damage|p1a: Wormy Worm|4/100
|-unboost|p1a: Wormy Worm|def|1
|move|p1a: Wormy Worm|Max Quake|p2a: Calyrex
|-damage|p2a: Calyrex|24/100
|-boost|p1a: Wormy Worm|spd|1
|
|-end|p2a: Calyrex|Dynamax
|-heal|p2a: Calyrex|24/100|[silent]
|upkeep
|turn|10
|
|t:|1646750156
|move|p2a: Calyrex|Astral Barrage|p1a: Wormy Worm
|-damage|p1a: Wormy Worm|0 fnt
|faint|p1a: Wormy Worm
|-ability|p2a: Calyrex|Grim Neigh|boost
|-boost|p2a: Calyrex|spa|1
|
|upkeep
|
|t:|1646750159
|switch|p1a: Unicorn Dog|Zacian-Crowned, shiny|100/100
|-damage|p1a: Unicorn Dog|94/100|[from] Stealth Rock
|-ability|p1a: Unicorn Dog|Intrepid Sword|boost
|-boost|p1a: Unicorn Dog|atk|1
|turn|11
|
|t:|1646750161
|move|p2a: Calyrex|Astral Barrage|p1a: Unicorn Dog
|-damage|p1a: Unicorn Dog|0 fnt
|faint|p1a: Unicorn Dog
|-ability|p2a: Calyrex|Grim Neigh|boost
|-boost|p2a: Calyrex|spa|1
|
|-fieldend|Misty Terrain
|upkeep
|
|t:|1646750163
|switch|p1a: Danger Noodle|Rayquaza|100/100
|-damage|p1a: Danger Noodle|76/100|[from] Stealth Rock
|-ability|p1a: Danger Noodle|Air Lock
|turn|12
|
|t:|1646750167
|detailschange|p1a: Danger Noodle|Rayquaza-Mega
|-mega|p1a: Danger Noodle|Rayquaza|
|-weather|DeltaStream|[from] ability: Delta Stream|[of] p1a: Danger Noodle
|move|p2a: Calyrex|Astral Barrage|p1a: Danger Noodle
|-damage|p1a: Danger Noodle|0 fnt
|faint|p1a: Danger Noodle
|-weather|none
|
|win|dshgfhsdfhsdjf
|raw|MariaReynoldsBitch's rating: 1486 &rarr; <strong>1462</strong><br />(-24 for losing)
|raw|dshgfhsdfhsdjf's rating: 1419 &rarr; <strong>1443</strong><br />(+24 for winning)
|l|☆MariaReynoldsBitch
|c|☆dshgfhsdfhsdjf|scarf ditto trapped
||Ladder isn't responding, score probably updated but might not have (Request timeout).
