|j|☆FenixFyre04
|j|☆World breaker Odin
|t:|1649633215
|gametype|singles
|player|p1|FenixFyre04|benga|1977
|player|p2|World breaker Odin|xerosic|1810
|teamsize|p1|6
|teamsize|p2|6
|gen|8
|tier|[Gen 8] National Dex AG
|rated|
|rule|HP Percentage Mod: HP is shown in percentages
|rule|Endless Battle Clause: Forcing endless battles is banned
|clearpoke
|poke|p1|Tyranitar, F|
|poke|p1|Ho-Oh|
|poke|p1|Zacian-*|
|poke|p1|Necrozma-Dusk-Mane|
|poke|p1|Rayquaza|
|poke|p1|Calyrex-Shadow|
|poke|p2|Tyranitar, F|
|poke|p2|Zacian-*|
|poke|p2|Rayquaza|
|poke|p2|Necrozma-Dusk-Mane|
|poke|p2|Ho-Oh|
|poke|p2|Calyrex-Shadow|
|teampreview
|inactive|Battle timer is ON: inactive players will automatically lose when time's up. (requested by World breaker Odin)
|c|☆World breaker Odin|Yes I stole your team
|inactive|World breaker Odin has 120 seconds left.
|c|☆World breaker Odin|Got tired losing to it and I must say it's pretty darn good
|
|t:|1649633262
|start
|switch|p1a: Rayquaza|Rayquaza|100/100
|switch|p2a: Hybrid kaido|Rayquaza|100/100
|-ability|p1a: Rayquaza|Air Lock
|-ability|p2a: Hybrid kaido|Air Lock
|turn|1
|
|t:|1649633272
|switch|p1a: Tyranitar|Tyranitar, F, shiny|100/100
|-weather|Sandstorm|[from] ability: Sand Stream|[of] p1a: Tyranitar
|detailschange|p2a: Hybrid kaido|Rayquaza-Mega
|-mega|p2a: Hybrid kaido|Rayquaza|
|-weather|DeltaStream|[from] ability: Delta Stream|[of] p2a: Hybrid kaido
|move|p2a: Hybrid kaido|Dragon Ascent|p1a: Tyranitar
|-resisted|p1a: Tyranitar
|-damage|p1a: Tyranitar|56/100
|-unboost|p2a: Hybrid kaido|def|1
|-unboost|p2a: Hybrid kaido|spd|1
|
|-weather|DeltaStream|[upkeep]
|-heal|p1a: Tyranitar|62/100|[from] item: Leftovers
|upkeep
|turn|2
|
|t:|1649633283
|-weather|none
|switch|p2a: Sun's greatest|Necrozma-Dusk-Mane, shiny|100/100
|move|p1a: Tyranitar|Thunder Wave|p2a: Sun's greatest
|-status|p2a: Sun's greatest|par
|
|-heal|p1a: Tyranitar|68/100|[from] item: Leftovers
|upkeep
|turn|3
|
|t:|1649633290
|switch|p1a: Necrozma|Necrozma-Dusk-Mane|100/100
|move|p2a: Sun's greatest|Stealth Rock|p1a: Necrozma
|-sidestart|p1: FenixFyre04|move: Stealth Rock
|
|upkeep
|turn|4
|
|t:|1649633297
|switch|p2a: Hybrid kaido|Rayquaza-Mega|100/100
|-weather|DeltaStream|[from] ability: Delta Stream|[of] p2a: Hybrid kaido
|move|p1a: Necrozma|Stealth Rock|p2a: Hybrid kaido
|-sidestart|p2: World breaker Odin|move: Stealth Rock
|
|-weather|DeltaStream|[upkeep]
|upkeep
|turn|5
|
|t:|1649633301
|move|p2a: Hybrid kaido|Dragon Dance|p2a: Hybrid kaido
|-boost|p2a: Hybrid kaido|atk|1
|-boost|p2a: Hybrid kaido|spe|1
|move|p1a: Necrozma|Knock Off|p2a: Hybrid kaido
|-crit|p2a: Hybrid kaido
|-damage|p2a: Hybrid kaido|57/100
|-enditem|p2a: Hybrid kaido|Sky Plate|[from] move: Knock Off|[of] p1a: Necrozma
|
|-weather|DeltaStream|[upkeep]
|upkeep
|turn|6
|
|t:|1649633309
|move|p2a: Hybrid kaido|V-create|p1a: Necrozma
|-supereffective|p1a: Necrozma
|-damage|p1a: Necrozma|0 fnt
|-unboost|p2a: Hybrid kaido|spe|1
|-unboost|p2a: Hybrid kaido|def|1
|-unboost|p2a: Hybrid kaido|spd|1
|-damage|p2a: Hybrid kaido|41/100|[from] item: Rocky Helmet|[of] p1a: Necrozma
|faint|p1a: Necrozma
|
|-weather|DeltaStream|[upkeep]
|upkeep
|
|t:|1649633328
|switch|p1a: Zacian|Zacian-Crowned|100/100
|-damage|p1a: Zacian|94/100|[from] Stealth Rock
|-ability|p1a: Zacian|Intrepid Sword|boost
|-boost|p1a: Zacian|atk|1
|turn|7
|
|t:|1649633339
|move|p2a: Hybrid kaido|Extreme Speed|p1a: Zacian
|-resisted|p1a: Zacian
|-damage|p1a: Zacian|65/100
|move|p1a: Zacian|Behemoth Blade|p2a: Hybrid kaido
|-damage|p2a: Hybrid kaido|0 fnt
|faint|p2a: Hybrid kaido
|-weather|none
|
|upkeep
|
|t:|1649633351
|switch|p2a: Ssj God gogeta|Zacian-Crowned, shiny|100/100
|-damage|p2a: Ssj God gogeta|94/100|[from] Stealth Rock
|-ability|p2a: Ssj God gogeta|Intrepid Sword|boost
|-boost|p2a: Ssj God gogeta|atk|1
|turn|8
|
|t:|1649633362
|switch|p1a: Ho-Oh|Ho-Oh, shiny|100/100
|move|p2a: Ssj God gogeta|Behemoth Blade|p1a: Ho-Oh
|-resisted|p1a: Ho-Oh
|-damage|p1a: Ho-Oh|67/100
|
|upkeep
|turn|9
|
|t:|1649633371
|move|p2a: Ssj God gogeta|Wild Charge|p1a: Ho-Oh
|-supereffective|p1a: Ho-Oh
|-damage|p1a: Ho-Oh|0 fnt
|faint|p1a: Ho-Oh
|-damage|p2a: Ssj God gogeta|73/100|[from] Recoil
|
|upkeep
|
|t:|1649633381
|switch|p1a: Calyrex|Calyrex-Shadow|100/100
|-ability|p1a: Calyrex|As One
|-ability|p1a: Calyrex|Unnerve
|-damage|p1a: Calyrex|88/100|[from] Stealth Rock
|turn|10
|inactive|FenixFyre04 has 120 seconds left.
|
|t:|1649633412
|switch|p1a: Rayquaza|Rayquaza|100/100
|-damage|p1a: Rayquaza|76/100|[from] Stealth Rock
|-ability|p1a: Rayquaza|Air Lock
|switch|p2a: Gurren lagen|Tyranitar, F, shiny|100/100
|-damage|p2a: Gurren lagen|88/100|[from] Stealth Rock
|-weather|Sandstorm|[from] ability: Sand Stream|[of] p2a: Gurren lagen
|
|-weather|Sandstorm|[upkeep]
|-heal|p2a: Gurren lagen|94/100|[from] item: Leftovers
|upkeep
|turn|11
|
|t:|1649633421
|detailschange|p1a: Rayquaza|Rayquaza-Mega
|-mega|p1a: Rayquaza|Rayquaza|
|-weather|DeltaStream|[from] ability: Delta Stream|[of] p1a: Rayquaza
|move|p1a: Rayquaza|V-create|p2a: Gurren lagen
|-resisted|p2a: Gurren lagen
|-damage|p2a: Gurren lagen|43/100
|-unboost|p1a: Rayquaza|spe|1
|-unboost|p1a: Rayquaza|def|1
|-unboost|p1a: Rayquaza|spd|1
|move|p2a: Gurren lagen|Thunder Wave|p1a: Rayquaza
|-status|p1a: Rayquaza|par
|
|-weather|DeltaStream|[upkeep]
|-heal|p2a: Gurren lagen|50/100|[from] item: Leftovers
|upkeep
|turn|12
|
|t:|1649633432
|move|p2a: Gurren lagen|Rock Tomb|p1a: Rayquaza
|-activate||deltastream
|-damage|p1a: Rayquaza|39/100 par
|-unboost|p1a: Rayquaza|spe|1
|move|p1a: Rayquaza|V-create|p2a: Gurren lagen
|-resisted|p2a: Gurren lagen
|-damage|p2a: Gurren lagen|1/100
|-unboost|p1a: Rayquaza|spe|1
|-unboost|p1a: Rayquaza|def|1
|-unboost|p1a: Rayquaza|spd|1
|
|-weather|DeltaStream|[upkeep]
|-heal|p2a: Gurren lagen|7/100|[from] item: Leftovers
|upkeep
|turn|13
|
|t:|1649633446
|switch|p2a: Sun's greatest|Necrozma-Dusk-Mane, shiny|100/100 par
|-damage|p2a: Sun's greatest|94/100 par|[from] Stealth Rock
|-weather|none
|switch|p1a: Tyranitar|Tyranitar, F, shiny|68/100
|-damage|p1a: Tyranitar|56/100|[from] Stealth Rock
|-weather|Sandstorm|[from] ability: Sand Stream|[of] p1a: Tyranitar
|
|-weather|Sandstorm|[upkeep]
|-heal|p1a: Tyranitar|62/100|[from] item: Leftovers
|upkeep
|turn|14
|
|t:|1649633455
|switch|p1a: Calyrex|Calyrex-Shadow|88/100
|-ability|p1a: Calyrex|As One
|-ability|p1a: Calyrex|Unnerve
|-damage|p1a: Calyrex|76/100|[from] Stealth Rock
|move|p2a: Sun's greatest|Sunsteel Strike|p1a: Calyrex
|-damage|p1a: Calyrex|15/100
|
|-weather|Sandstorm|[upkeep]
|-damage|p1a: Calyrex|9/100|[from] Sandstorm
|upkeep
|turn|15
|
|t:|1649633473
|move|p1a: Calyrex|Astral Barrage|p2a: Sun's greatest
|-supereffective|p2a: Sun's greatest
|-damage|p2a: Sun's greatest|15/100 par
|move|p2a: Sun's greatest|Knock Off|p1a: Calyrex
|-supereffective|p1a: Calyrex
|-crit|p1a: Calyrex
|-damage|p1a: Calyrex|0 fnt
|-enditem|p1a: Calyrex|Choice Scarf|[from] move: Knock Off|[of] p2a: Sun's greatest
|faint|p1a: Calyrex
|
|-weather|Sandstorm|[upkeep]
|upkeep
|inactive|FenixFyre04 has 120 seconds left.
|
|t:|1649633495
|switch|p1a: Zacian|Zacian-Crowned|65/100
|-damage|p1a: Zacian|59/100|[from] Stealth Rock
|-ability|p1a: Zacian|Intrepid Sword|boost
|-boost|p1a: Zacian|atk|1
|turn|16
|
|t:|1649633500
|move|p1a: Zacian|Substitute|p1a: Zacian
|-start|p1a: Zacian|Substitute
|-damage|p1a: Zacian|34/100
|move|p2a: Sun's greatest|Sunsteel Strike|p1a: Zacian
|-end|p1a: Zacian|Substitute
|
|-weather|Sandstorm|[upkeep]
|upkeep
|turn|17
|
|t:|1649633504
|move|p1a: Zacian|Substitute|p1a: Zacian
|-start|p1a: Zacian|Substitute
|-damage|p1a: Zacian|9/100
|move|p2a: Sun's greatest|Sunsteel Strike|p1a: Zacian
|-end|p1a: Zacian|Substitute
|
|-weather|none
|upkeep
|turn|18
|
|t:|1649633507
|move|p1a: Zacian|Behemoth Blade|p2a: Sun's greatest
|-resisted|p2a: Sun's greatest
|-crit|p2a: Sun's greatest
|-damage|p2a: Sun's greatest|0 fnt
|-damage|p1a: Zacian|0 fnt|[from] item: Rocky Helmet|[of] p2a: Sun's greatest
|faint|p2a: Sun's greatest
|faint|p1a: Zacian
|
|upkeep
|
|t:|1649633515
|switch|p1a: Tyranitar|Tyranitar, F, shiny|62/100
|switch|p2a: Ssj God gogeta|Zacian-Crowned, shiny|73/100
|-damage|p2a: Ssj God gogeta|67/100|[from] Stealth Rock
|-ability|p2a: Ssj God gogeta|Intrepid Sword|boost
|-boost|p2a: Ssj God gogeta|atk|1
|-damage|p1a: Tyranitar|50/100|[from] Stealth Rock
|-weather|Sandstorm|[from] ability: Sand Stream|[of] p1a: Tyranitar
|turn|19
|
|t:|1649633520
|move|p2a: Ssj God gogeta|Behemoth Blade|p1a: Tyranitar
|-supereffective|p1a: Tyranitar
|-damage|p1a: Tyranitar|0 fnt
|faint|p1a: Tyranitar
|
|-weather|Sandstorm|[upkeep]
|upkeep
|
|t:|1649633522
|switch|p1a: Rayquaza|Rayquaza-Mega|39/100 par
|-damage|p1a: Rayquaza|14/100 par|[from] Stealth Rock
|-weather|DeltaStream|[from] ability: Delta Stream|[of] p1a: Rayquaza
|turn|20
|c|☆World breaker Odin|Wp
|
|t:|1649633532
|move|p2a: Ssj God gogeta|Behemoth Blade|p1a: Rayquaza
|-damage|p1a: Rayquaza|0 fnt
|faint|p1a: Rayquaza
|-weather|none
|
|win|World breaker Odin
|raw|FenixFyre04's rating: 1977 &rarr; <strong>1948</strong><br />(-29 for losing)
|raw|World breaker Odin's rating: 1810 &rarr; <strong>1839</strong><br />(+29 for winning)
|l|☆FenixFyre04
|l|☆World breaker Odin
||Ladder isn't responding, score probably updated but might not have (Request timeout).
|j|☆World breaker Odin
|player|p2|World breaker Odin|xerosic
