|j|☆MVP2536
|j|☆Maroratsu7
|t:|1661936828
|gametype|singles
|player|p1|MVP2536|giovanni|
|player|p2|Maroratsu7|ash-kalos|
|teamsize|p1|6
|teamsize|p2|6
|gen|8
|tier|[Gen 8] National Dex AG
|rule|HP Percentage Mod: HP is shown in percentages
|rule|Endless Battle Clause: Forcing endless battles is banned
|clearpoke
|poke|p1|Lucario, M|
|poke|p1|Rotom-Heat|
|poke|p1|Tyranitar, M|
|poke|p1|Nidoking, M|
|poke|p1|Zarude|
|poke|p1|Tapu Fini|
|poke|p2|Dracovish|
|poke|p2|Ferrothorn, F|
|poke|p2|Charizard, M|
|poke|p2|Excadrill, F|
|poke|p2|Tyranitar, F|
|poke|p2|Giratina-Origin|
|teampreview
|
|t:|1661936840
|start
|switch|p1a: Zarude|Zarude|100/100
|switch|p2a: Excadrill|Excadrill, F|100/100
|-ability|p2a: Excadrill|Mold Breaker
|turn|1
|
|t:|1661936848
|move|p1a: Zarude|Bulk Up|p1a: Zarude
|-boost|p1a: Zarude|atk|1
|-boost|p1a: Zarude|def|1
|move|p2a: Excadrill|Rapid Spin|p1a: Zarude
|-damage|p1a: Zarude|91/100
|-boost|p2a: Excadrill|spe|1
|
|upkeep
|turn|2
|
|t:|1661936856
|move|p2a: Excadrill|Toxic|p1a: Zarude|[miss]
|-miss|p2a: Excadrill|p1a: Zarude
|move|p1a: Zarude|Bulk Up|p1a: Zarude
|-boost|p1a: Zarude|atk|1
|-boost|p1a: Zarude|def|1
|
|upkeep
|turn|3
|c|☆MVP2536|oh yes pls
|
|t:|1661936866
|move|p2a: Excadrill|Stealth Rock|p1a: Zarude
|-sidestart|p1: MVP2536|move: Stealth Rock
|move|p1a: Zarude|Drain Punch|p2a: Excadrill
|-supereffective|p2a: Excadrill
|-enditem|p2a: Excadrill|Focus Sash
|-damage|p2a: Excadrill|1/100
|-heal|p1a: Zarude|100/100|[from] drain|[of] p2a: Excadrill
|
|upkeep
|turn|4
|inactive|Battle timer is ON: inactive players will automatically lose when time's up. (requested by MVP2536)
|
|t:|1661936873
|move|p2a: Excadrill|Toxic|p1a: Zarude
|-status|p1a: Zarude|tox
|-enditem|p1a: Zarude|Lum Berry|[eat]
|-curestatus|p1a: Zarude|tox|[msg]
|move|p1a: Zarude|Darkest Lariat|p2a: Excadrill
|-damage|p2a: Excadrill|0 fnt
|faint|p2a: Excadrill
|
|upkeep
|
|t:|1661936882
|switch|p2a: Charizard|Charizard, M|100/100
|turn|5
|
|t:|1661936886
|-start|p1a: Zarude|Dynamax|
|-heal|p1a: Zarude|100/100|[silent]
|-start|p2a: Charizard|Dynamax|
|-heal|p2a: Charizard|100/100|[silent]
|move|p1a: Zarude|Max Rockfall|p2a: Charizard
|-supereffective|p2a: Charizard
|-damage|p2a: Charizard|0 fnt
|-weather|Sandstorm
|faint|p2a: Charizard
|
|-weather|Sandstorm|[upkeep]
|-damage|p1a: Zarude|97/100|[from] Sandstorm
|upkeep
|
|t:|1661936890
|switch|p2a: Giratina|Giratina-Origin|100/100
|turn|6
|
|t:|1661936900
|switch|p2a: Ferrothorn|Ferrothorn, F|100/100
|move|p1a: Zarude|Max Darkness|p2a: Ferrothorn
|-damage|p2a: Ferrothorn|24/100
|-unboost|p2a: Ferrothorn|spd|1
|
|-weather|Sandstorm|[upkeep]
|-damage|p1a: Zarude|94/100|[from] Sandstorm
|upkeep
|turn|7
|j| Snake of the Moon
|
|t:|1661936910
|move|p1a: Zarude|Max Darkness|p2a: Ferrothorn
|-damage|p2a: Ferrothorn|0 fnt
|faint|p2a: Ferrothorn
|
|-weather|Sandstorm|[upkeep]
|-damage|p1a: Zarude|91/100|[from] Sandstorm
|upkeep
|
|t:|1661936913
|switch|p2a: Dracovish|Dracovish|100/100
|-end|p1a: Zarude|Dynamax
|-heal|p1a: Zarude|91/100|[silent]
|turn|8
|
|t:|1661936920
|move|p2a: Dracovish|Ice Fang|p1a: Zarude
|-supereffective|p1a: Zarude
|-crit|p1a: Zarude
|-damage|p1a: Zarude|23/100
|move|p1a: Zarude|Darkest Lariat|p2a: Dracovish
|-damage|p2a: Dracovish|19/100
|
|-weather|Sandstorm|[upkeep]
|-damage|p2a: Dracovish|13/100|[from] Sandstorm
|-damage|p1a: Zarude|17/100|[from] Sandstorm
|upkeep
|turn|9
|
|t:|1661936930
|move|p2a: Dracovish|Ice Fang|p1a: Zarude
|-supereffective|p1a: Zarude
|-damage|p1a: Zarude|0 fnt
|faint|p1a: Zarude
|
|-weather|none
|upkeep
|
|t:|1661936937
|switch|p1a: Lucario|Lucario, M|100/100
|-damage|p1a: Lucario|98/100|[from] Stealth Rock
|turn|10
|
|t:|1661936942
|switch|p2a: Giratina|Giratina-Origin|100/100
|detailschange|p1a: Lucario|Lucario-Mega, M
|-mega|p1a: Lucario|Lucario|Lucarionite
|move|p1a: Lucario|Extreme Speed|p2a: Giratina
|-immune|p2a: Giratina
|
|upkeep
|turn|11
|
|t:|1661936950
|switch|p1a: Tyranitar|Tyranitar, M|100/100
|-damage|p1a: Tyranitar|88/100|[from] Stealth Rock
|-weather|Sandstorm|[from] ability: Sand Stream|[of] p1a: Tyranitar
|switch|p2a: Dracovish|Dracovish|13/100
|
|-weather|Sandstorm|[upkeep]
|-damage|p2a: Dracovish|7/100|[from] Sandstorm
|-heal|p1a: Tyranitar|94/100|[from] item: Leftovers
|upkeep
|turn|12
|
|t:|1661936961
|switch|p1a: Rotom|Rotom-Heat|100/100
|move|p2a: Dracovish|Fishious Rend|p1a: Rotom
|-supereffective|p1a: Rotom
|-damage|p1a: Rotom|0 fnt
|faint|p1a: Rotom
|
|-weather|Sandstorm|[upkeep]
|-damage|p2a: Dracovish|0 fnt|[from] Sandstorm
|faint|p2a: Dracovish
|upkeep
|
|t:|1661936974
|switch|p2a: Giratina|Giratina-Origin|100/100
|switch|p1a: Tyranitar|Tyranitar, M|94/100
|-damage|p1a: Tyranitar|82/100|[from] Stealth Rock
|turn|13
|
|t:|1661936981
|-activate|p2a: Giratina|move: Pursuit
|move|p1a: Tyranitar|Pursuit|p2a: Giratina|[from]Pursuit
|-supereffective|p2a: Giratina
|-damage|p2a: Giratina|46/100
|switch|p2a: Tyranitar|Tyranitar, F|100/100
|
|-weather|Sandstorm|[upkeep]
|-heal|p1a: Tyranitar|88/100|[from] item: Leftovers
|upkeep
|turn|14
|
|t:|1661936989
|move|p2a: Tyranitar|Dragon Dance|p2a: Tyranitar
|-boost|p2a: Tyranitar|atk|1
|-boost|p2a: Tyranitar|spe|1
|move|p1a: Tyranitar|Earthquake|p2a: Tyranitar
|-supereffective|p2a: Tyranitar
|-damage|p2a: Tyranitar|34/100
|
|-weather|Sandstorm|[upkeep]
|-heal|p2a: Tyranitar|40/100|[from] item: Leftovers
|-heal|p1a: Tyranitar|94/100|[from] item: Leftovers
|upkeep
|turn|15
|
|t:|1661936998
|move|p2a: Tyranitar|Earthquake|p1a: Tyranitar
|-supereffective|p1a: Tyranitar
|-damage|p1a: Tyranitar|15/100
|move|p1a: Tyranitar|Earthquake|p2a: Tyranitar
|-supereffective|p2a: Tyranitar
|-damage|p2a: Tyranitar|0 fnt
|faint|p2a: Tyranitar
|
|-weather|none
|-heal|p1a: Tyranitar|21/100|[from] item: Leftovers
|upkeep
|
|t:|1661937005
|switch|p2a: Giratina|Giratina-Origin|46/100
|turn|16
|c| Snake of the Moon|YES
|
|t:|1661937009
|move|p2a: Giratina|Thunderbolt|p1a: Tyranitar
|-damage|p1a: Tyranitar|0 fnt
|faint|p1a: Tyranitar
|
|upkeep
|
|t:|1661937013
|switch|p1a: Nidoking|Nidoking, M|100/100
|-damage|p1a: Nidoking|94/100|[from] Stealth Rock
|turn|17
|c|☆MVP2536|gg
|
|t:|1661937019
|move|p1a: Nidoking|Ice Beam|p2a: Giratina
|-supereffective|p2a: Giratina
|-damage|p2a: Giratina|7/100
|move|p2a: Giratina|Draco Meteor|p1a: Nidoking
|-crit|p1a: Nidoking
|-damage|p1a: Nidoking|0 fnt
|-unboost|p2a: Giratina|spa|2
|faint|p1a: Nidoking
|
|upkeep
|
|t:|1661937027
|switch|p1a: Lucario|Lucario-Mega, M|98/100
|-damage|p1a: Lucario|95/100|[from] Stealth Rock
|turn|18
|
|t:|1661937031
|move|p1a: Lucario|Meteor Mash|p2a: Giratina
|-damage|p2a: Giratina|0 fnt
|faint|p2a: Giratina
|
|win|MVP2536
|l|☆Maroratsu7
