|j|☆Pokemon Master 801
|j|☆IWSK
|t:|1655317161
|gametype|singles
|player|p1|Pokemon Master 801|red|1742
|player|p2|IWSK|jogger|1769
|teamsize|p1|6
|teamsize|p2|6
|gen|8
|tier|[Gen 8] National Dex AG
|rated|
|rule|HP Percentage Mod: HP is shown in percentages
|rule|Endless Battle Clause: Forcing endless battles is banned
|clearpoke
|poke|p1|Yveltal|
|poke|p1|Arceus-*|
|poke|p1|Groudon|
|poke|p1|Rayquaza|
|poke|p1|Zacian-*|
|poke|p1|Calyrex-Shadow|
|poke|p2|Arceus-*|
|poke|p2|Necrozma-Dusk-Mane|
|poke|p2|Gengar, M|
|poke|p2|Ho-Oh|
|poke|p2|Gliscor, M|
|poke|p2|Yveltal|
|teampreview
|inactive|Battle timer is ON: inactive players will automatically lose when time's up. (requested by IWSK)
|
|t:|1655317169
|start
|switch|p1a: God of Evil|Yveltal, shiny|100/100
|switch|p2a: Arceus|Arceus-Water|100/100
|-ability|p1a: God of Evil|Dark Aura
|turn|1
|
|t:|1655317176
|switch|p2a: Ho-Oh|Ho-Oh|100/100
|move|p1a: God of Evil|Dark Pulse|p2a: Ho-Oh
|-damage|p2a: Ho-Oh|76/100
|
|upkeep
|turn|2
|
|t:|1655317182
|move|p1a: God of Evil|Dark Pulse|p2a: Ho-Oh
|-damage|p2a: Ho-Oh|52/100
|move|p2a: Ho-Oh|Toxic|p1a: God of Evil
|-status|p1a: God of Evil|tox
|
|-damage|p1a: God of Evil|94/100 tox|[from] psn
|upkeep
|turn|3
|
|t:|1655317189
|switch|p1a: Literally God|Arceus-Electric|100/100
|switch|p2a: Yveltal|Yveltal|100/100
|-ability|p2a: Yveltal|Dark Aura
|
|upkeep
|turn|4
|
|t:|1655317200
|switch|p2a: Gengar|Gengar, M|100/100
|move|p1a: Literally God|Judgment|p2a: Gengar
|-damage|p2a: Gengar|10/100
|
|upkeep
|turn|5
|
|t:|1655317208
|detailschange|p2a: Gengar|Gengar-Mega, M
|-mega|p2a: Gengar|Gengar|Gengarite
|move|p2a: Gengar|Destiny Bond|p2a: Gengar
|-singlemove|p2a: Gengar|Destiny Bond
|move|p1a: Literally God|Judgment|p2a: Gengar
|-damage|p2a: Gengar|0 fnt
|faint|p2a: Gengar
|-activate|p2a: Gengar|move: Destiny Bond
|faint|p1a: Literally God
|
|upkeep
|j| Kratosurtur
|
|t:|1655317224
|switch|p2a: Arceus|Arceus-Water|100/100
|switch|p1a: God of the Sky|Rayquaza, shiny|100/100
|-ability|p1a: God of the Sky|Air Lock
|turn|6
|
|t:|1655317230
|detailschange|p1a: God of the Sky|Rayquaza-Mega, shiny
|-mega|p1a: God of the Sky|Rayquaza|
|-weather|DeltaStream|[from] ability: Delta Stream|[of] p1a: God of the Sky
|move|p1a: God of the Sky|Dragon Dance|p1a: God of the Sky
|-boost|p1a: God of the Sky|atk|1
|-boost|p1a: God of the Sky|spe|1
|move|p2a: Arceus|Ice Beam|p1a: God of the Sky
|-activate||deltastream
|-supereffective|p1a: God of the Sky
|-damage|p1a: God of the Sky|50/100
|
|-weather|DeltaStream|[upkeep]
|upkeep
|turn|7
|
|t:|1655317239
|move|p1a: God of the Sky|Dragon Ascent|p2a: Arceus
|-damage|p2a: Arceus|18/100
|-unboost|p1a: God of the Sky|def|1
|-unboost|p1a: God of the Sky|spd|1
|-damage|p1a: God of the Sky|40/100|[from] item: Life Orb
|move|p2a: Arceus|Ice Beam|p1a: God of the Sky
|-activate||deltastream
|-supereffective|p1a: God of the Sky
|-damage|p1a: God of the Sky|0 fnt
|faint|p1a: God of the Sky
|-weather|none
|
|upkeep
|
|t:|1655317246
|switch|p1a: Crowned God|Zacian-Crowned, shiny|100/100
|-ability|p1a: Crowned God|Intrepid Sword|boost
|-boost|p1a: Crowned God|atk|1
|turn|8
|
|t:|1655317252
|switch|p2a: Necrozma|Necrozma-Dusk-Mane|100/100
|move|p1a: Crowned God|Play Rough|p2a: Necrozma
|-resisted|p2a: Necrozma
|-damage|p2a: Necrozma|76/100
|-damage|p1a: Crowned God|84/100|[from] item: Rocky Helmet|[of] p2a: Necrozma
|
|upkeep
|turn|9
|
|t:|1655317269
|switch|p1a: Primal God|Groudon, shiny|100/100
|detailschange|p1a: Primal God|Groudon-Primal, shiny
|-primal|p1a: Primal God
|-weather|DesolateLand|[from] ability: Desolate Land|[of] p1a: Primal God
|move|p2a: Necrozma|Morning Sun|p2a: Necrozma
|-heal|p2a: Necrozma|100/100
|
|-weather|DesolateLand|[upkeep]
|upkeep
|turn|10
|
|t:|1655317278
|switch|p2a: Ho-Oh|Ho-Oh|85/100
|move|p1a: Primal God|Precipice Blades|p2a: Ho-Oh
|-immune|p2a: Ho-Oh
|
|-weather|DesolateLand|[upkeep]
|upkeep
|turn|11
|
|t:|1655317294
|move|p1a: Primal God|Fire Punch|p2a: Ho-Oh
|-resisted|p2a: Ho-Oh
|-damage|p2a: Ho-Oh|48/100
|move|p2a: Ho-Oh|Toxic|p1a: Primal God
|-status|p1a: Primal God|tox
|
|-weather|DesolateLand|[upkeep]
|-damage|p1a: Primal God|94/100 tox|[from] psn
|upkeep
|turn|12
|
|t:|1655317301
|switch|p2a: Gliscor|Gliscor, M|100/100
|move|p1a: Primal God|Fire Punch|p2a: Gliscor
|-damage|p2a: Gliscor|37/100
|
|-weather|DesolateLand|[upkeep]
|-damage|p1a: Primal God|82/100 tox|[from] psn
|-status|p2a: Gliscor|tox|[from] item: Toxic Orb
|upkeep
|turn|13
|
|t:|1655317309
|move|p2a: Gliscor|Protect|p2a: Gliscor
|-singleturn|p2a: Gliscor|Protect
|move|p1a: Primal God|Fire Punch|p2a: Gliscor
|-activate|p2a: Gliscor|move: Protect
|
|-weather|DesolateLand|[upkeep]
|-heal|p2a: Gliscor|50/100 tox|[from] ability: Poison Heal
|-damage|p1a: Primal God|64/100 tox|[from] psn
|upkeep
|turn|14
|
|t:|1655317317
|move|p2a: Gliscor|Substitute|p2a: Gliscor
|-start|p2a: Gliscor|Substitute
|-damage|p2a: Gliscor|25/100 tox
|move|p1a: Primal God|Fire Punch|p2a: Gliscor
|-end|p2a: Gliscor|Substitute
|
|-weather|DesolateLand|[upkeep]
|-heal|p2a: Gliscor|37/100 tox|[from] ability: Poison Heal
|-damage|p1a: Primal God|39/100 tox|[from] psn
|upkeep
|turn|15
|
|t:|1655317325
|-weather|none
|switch|p1a: Shadow God|Calyrex-Shadow|100/100
|-ability|p1a: Shadow God|As One
|-ability|p1a: Shadow God|Unnerve
|move|p2a: Gliscor|Substitute|p2a: Gliscor
|-start|p2a: Gliscor|Substitute
|-damage|p2a: Gliscor|12/100 tox
|
|-heal|p2a: Gliscor|25/100 tox|[from] ability: Poison Heal
|upkeep
|turn|16
|
|t:|1655317335
|move|p1a: Shadow God|Psychic|p2a: Gliscor
|-end|p2a: Gliscor|Substitute
|move|p2a: Gliscor|Bulldoze|p1a: Shadow God
|-damage|p1a: Shadow God|76/100
|-unboost|p1a: Shadow God|spe|1
|
|-heal|p2a: Gliscor|37/100 tox|[from] ability: Poison Heal
|upkeep
|turn|17
|
|t:|1655317345
|switch|p2a: Yveltal|Yveltal|100/100
|-ability|p2a: Yveltal|Dark Aura
|move|p1a: Shadow God|Giga Drain|p2a: Yveltal
|-resisted|p2a: Yveltal
|-damage|p2a: Yveltal|92/100
|-heal|p1a: Shadow God|81/100|[from] drain|[of] p2a: Yveltal
|
|upkeep
|turn|18
|
|t:|1655317355
|switch|p1a: Primal God|Groudon-Primal, shiny|39/100 tox
|-weather|DesolateLand|[from] ability: Desolate Land|[of] p1a: Primal God
|move|p2a: Yveltal|Dark Pulse|p1a: Primal God
|-damage|p1a: Primal God|0 fnt
|faint|p1a: Primal God
|-weather|none
|
|upkeep
|
|t:|1655317362
|switch|p1a: Crowned God|Zacian-Crowned, shiny|84/100
|-ability|p1a: Crowned God|Intrepid Sword|boost
|-boost|p1a: Crowned God|atk|1
|turn|19
|
|t:|1655317369
|switch|p2a: Necrozma|Necrozma-Dusk-Mane|100/100
|move|p1a: Crowned God|Substitute|p1a: Crowned God
|-start|p1a: Crowned God|Substitute
|-damage|p1a: Crowned God|59/100
|
|upkeep
|turn|20
|
|t:|1655317374
|move|p1a: Crowned God|Close Combat|p2a: Necrozma
|-crit|p2a: Necrozma
|-damage|p2a: Necrozma|43/100
|-unboost|p1a: Crowned God|def|1
|-unboost|p1a: Crowned God|spd|1
|-damage|p1a: Crowned God|43/100|[from] item: Rocky Helmet|[of] p2a: Necrozma
|move|p2a: Necrozma|Earthquake|p1a: Crowned God
|-supereffective|p1a: Crowned God
|-end|p1a: Crowned God|Substitute
|
|upkeep
|turn|21
|
|t:|1655317393
|switch|p1a: God of Evil|Yveltal, shiny|94/100 tox
|-ability|p1a: God of Evil|Dark Aura
|move|p2a: Necrozma|Earthquake|p1a: God of Evil
|-immune|p1a: God of Evil
|
|-damage|p1a: God of Evil|88/100 tox|[from] psn
|upkeep
|turn|22
|
|t:|1655317402
|switch|p2a: Arceus|Arceus-Water|18/100
|move|p1a: God of Evil|Dark Pulse|p2a: Arceus
|-damage|p2a: Arceus|0 fnt
|faint|p2a: Arceus
|
|-damage|p1a: God of Evil|76/100 tox|[from] psn
|upkeep
|
|t:|1655317409
|switch|p2a: Yveltal|Yveltal|92/100
|-ability|p2a: Yveltal|Dark Aura
|turn|23
|
|t:|1655317413
|-start|p1a: God of Evil|Dynamax|
|-heal|p1a: God of Evil|76/100 tox|[silent]
|move|p1a: God of Evil|Max Airstream|p2a: Yveltal
|-damage|p2a: Yveltal|49/100
|-boost|p1a: God of Evil|spe|1
|move|p2a: Yveltal|Oblivion Wing|p1a: God of Evil
|-damage|p1a: God of Evil|55/100 tox
|-heal|p2a: Yveltal|80/100|[from] drain|[of] p1a: God of Evil
|
|-damage|p1a: God of Evil|45/100 tox|[from] psn
|upkeep
|turn|24
|
|t:|1655317431
|switch|p2a: Gliscor|Gliscor, M|37/100 tox
|move|p1a: God of Evil|Max Airstream|p2a: Gliscor
|-damage|p2a: Gliscor|0 fnt
|-boost|p1a: God of Evil|spe|1
|faint|p2a: Gliscor
|
|-damage|p1a: God of Evil|33/100 tox|[from] psn
|upkeep
|
|t:|1655317442
|switch|p2a: Ho-Oh|Ho-Oh|81/100
|turn|25
|
|t:|1655317449
|move|p1a: God of Evil|Max Darkness|p2a: Ho-Oh
|-damage|p2a: Ho-Oh|45/100
|-unboost|p2a: Ho-Oh|spd|1
|move|p2a: Ho-Oh|Sacred Fire|p1a: God of Evil
|-damage|p1a: God of Evil|14/100 tox
|
|-damage|p1a: God of Evil|0 fnt|[from] psn
|faint|p1a: God of Evil
|upkeep
|
|t:|1655317456
|switch|p1a: Crowned God|Zacian-Crowned, shiny|43/100
|-ability|p1a: Crowned God|Intrepid Sword|boost
|-boost|p1a: Crowned God|atk|1
|turn|26
|
|t:|1655317463
|switch|p2a: Necrozma|Necrozma-Dusk-Mane|43/100
|move|p1a: Crowned God|Behemoth Blade|p2a: Necrozma
|-resisted|p2a: Necrozma
|-damage|p2a: Necrozma|20/100
|-damage|p1a: Crowned God|26/100|[from] item: Rocky Helmet|[of] p2a: Necrozma
|
|upkeep
|turn|27
|
|t:|1655317471
|move|p1a: Crowned God|Behemoth Blade|p2a: Necrozma
|-resisted|p2a: Necrozma
|-damage|p2a: Necrozma|0 fnt
|-damage|p1a: Crowned God|9/100|[from] item: Rocky Helmet|[of] p2a: Necrozma
|faint|p2a: Necrozma
|
|upkeep
|
|t:|1655317479
|switch|p2a: Ho-Oh|Ho-Oh|78/100
|turn|28
|
|t:|1655317482
|switch|p1a: Shadow God|Calyrex-Shadow|81/100
|-ability|p1a: Shadow God|As One
|-ability|p1a: Shadow God|Unnerve
|move|p2a: Ho-Oh|Sacred Fire|p1a: Shadow God
|-crit|p1a: Shadow God
|-damage|p1a: Shadow God|4/100
|-status|p1a: Shadow God|brn
|
|-damage|p1a: Shadow God|0 fnt|[from] brn
|faint|p1a: Shadow God
|upkeep
|-message|Pokemon Master 801 forfeited.
|
|win|IWSK
|raw|Pokemon Master 801's rating: 1742 &rarr; <strong>1724</strong><br />(-18 for losing)
|raw|IWSK's rating: 1769 &rarr; <strong>1787</strong><br />(+18 for winning)
|l|☆Pokemon Master 801
|l|☆IWSK
