|j|☆Tahz
|j|☆Dominator296
|t:|1668180202
|gametype|singles
|player|p1|Tahz|veteran|1723
|player|p2|Dominator296|alder|1961
|teamsize|p1|6
|teamsize|p2|6
|gen|8
|tier|[Gen 8] National Dex AG
|rated|
|rule|HP Percentage Mod: HP is shown in percentages
|rule|Endless Battle Clause: Forcing endless battles is banned
|clearpoke
|poke|p1|Zygarde|
|poke|p1|Chansey, F|
|poke|p1|Necrozma-Dusk-Mane|
|poke|p1|Yveltal|
|poke|p1|Arceus-*|
|poke|p1|Ferrothorn, M|
|poke|p2|Kyogre|
|poke|p2|Groudon|
|poke|p2|Tyranitar, F|
|poke|p2|Necrozma-Dusk-Mane|
|poke|p2|Arceus-*|
|poke|p2|Arceus-*|
|teampreview
|inactive|Battle timer is ON: inactive players will automatically lose when time's up. (requested by Tahz)
|
|t:|1668180217
|start
|switch|p1a: Dusty Bowl|Ferrothorn, M|100/100
|switch|p2a: Kyogre|Kyogre|100/100
|-weather|RainDance|[from] ability: Drizzle|[of] p2a: Kyogre
|turn|1
|
|t:|1668180221
|switch|p2a: Groudon|Groudon|100/100
|detailschange|p2a: Groudon|Groudon-Primal
|-primal|p2a: Groudon
|-weather|DesolateLand|[from] ability: Desolate Land|[of] p2a: Groudon
|move|p1a: Dusty Bowl|Leech Seed|p2a: Groudon
|-start|p2a: Groudon|move: Leech Seed
|
|-weather|DesolateLand|[upkeep]
|-damage|p2a: Groudon|88/100|[from] Leech Seed|[of] p1a: Dusty Bowl
|upkeep
|turn|2
|
|t:|1668180227
|switch|p1a: Hall Of Origin|Arceus-Rock|100/100
|move|p2a: Groudon|Rock Slide|p1a: Hall Of Origin
|-damage|p1a: Hall Of Origin|80/100
|
|-weather|DesolateLand|[upkeep]
|-damage|p2a: Groudon|76/100|[from] Leech Seed|[of] p1a: Hall Of Origin
|-heal|p1a: Hall Of Origin|92/100|[silent]
|upkeep
|turn|3
|
|t:|1668180236
|switch|p1a: Flare HQ|Yveltal, shiny|100/100
|-ability|p1a: Flare HQ|Dark Aura
|move|p2a: Groudon|Precipice Blades|p1a: Flare HQ
|-immune|p1a: Flare HQ
|
|-weather|DesolateLand|[upkeep]
|-damage|p2a: Groudon|63/100|[from] Leech Seed|[of] p1a: Flare HQ
|upkeep
|turn|4
|
|t:|1668180242
|-weather|none
|switch|p2a: Tyranitar|Tyranitar, F|100/100
|-weather|Sandstorm|[from] ability: Sand Stream|[of] p2a: Tyranitar
|move|p1a: Flare HQ|Foul Play|p2a: Tyranitar
|-resisted|p2a: Tyranitar
|-damage|p2a: Tyranitar|75/100
|
|-weather|Sandstorm|[upkeep]
|-damage|p1a: Flare HQ|94/100|[from] Sandstorm
|upkeep
|turn|5
|
|t:|1668180250
|detailschange|p2a: Tyranitar|Tyranitar-Mega, F
|-mega|p2a: Tyranitar|Tyranitar|Tyranitarite
|move|p1a: Flare HQ|U-turn|p2a: Tyranitar
|-supereffective|p2a: Tyranitar
|-damage|p2a: Tyranitar|49/100
|
|t:|1668180257
|switch|p1a: Dusty Bowl|Ferrothorn, M|100/100|[from]move: U-turn
|move|p2a: Tyranitar|Earthquake|p1a: Dusty Bowl
|-damage|p1a: Dusty Bowl|68/100
|
|-weather|Sandstorm|[upkeep]
|-heal|p1a: Dusty Bowl|74/100|[from] item: Leftovers
|upkeep
|turn|6
|
|t:|1668180270
|switch|p2a: Groudon|Groudon-Primal|63/100
|-weather|DesolateLand|[from] ability: Desolate Land|[of] p2a: Groudon
|move|p1a: Dusty Bowl|Leech Seed|p2a: Groudon|[miss]
|-miss|p1a: Dusty Bowl|p2a: Groudon
|
|-weather|DesolateLand|[upkeep]
|-heal|p1a: Dusty Bowl|81/100|[from] item: Leftovers
|upkeep
|turn|7
|j| Eteracian
|
|t:|1668180277
|move|p2a: Groudon|Precipice Blades|p1a: Dusty Bowl
|-damage|p1a: Dusty Bowl|9/100
|move|p1a: Dusty Bowl|Leech Seed|p2a: Groudon
|-start|p2a: Groudon|move: Leech Seed
|
|-weather|DesolateLand|[upkeep]
|-heal|p1a: Dusty Bowl|15/100|[from] item: Leftovers
|-damage|p2a: Groudon|51/100|[from] Leech Seed|[of] p1a: Dusty Bowl
|-heal|p1a: Dusty Bowl|29/100|[silent]
|upkeep
|turn|8
|
|t:|1668180284
|switch|p1a: Altar Of The Sunne|Necrozma-Dusk-Mane|100/100
|move|p2a: Groudon|Fire Punch|p1a: Altar Of The Sunne
|-supereffective|p1a: Altar Of The Sunne
|-damage|p1a: Altar Of The Sunne|35/100
|-status|p1a: Altar Of The Sunne|brn
|-damage|p2a: Groudon|34/100|[from] item: Rocky Helmet|[of] p1a: Altar Of The Sunne
|
|-weather|DesolateLand|[upkeep]
|-damage|p2a: Groudon|22/100|[from] Leech Seed|[of] p1a: Altar Of The Sunne
|-heal|p1a: Altar Of The Sunne|47/100 brn|[silent]
|-damage|p1a: Altar Of The Sunne|41/100 brn|[from] brn
|upkeep
|turn|9
|
|t:|1668180289
|switch|p1a: Flare HQ|Yveltal, shiny|94/100
|-ability|p1a: Flare HQ|Dark Aura
|move|p2a: Groudon|Fire Punch|p1a: Flare HQ
|-damage|p1a: Flare HQ|31/100
|-status|p1a: Flare HQ|brn
|
|-weather|DesolateLand|[upkeep]
|-damage|p2a: Groudon|9/100|[from] Leech Seed|[of] p1a: Flare HQ
|-heal|p1a: Flare HQ|42/100 brn|[silent]
|-damage|p1a: Flare HQ|35/100 brn|[from] brn
|upkeep
|turn|10
|
|t:|1668180293
|move|p1a: Flare HQ|Sucker Punch|p2a: Groudon
|-damage|p2a: Groudon|0 fnt
|faint|p2a: Groudon
|-weather|none
|
|-damage|p1a: Flare HQ|29/100 brn|[from] brn
|upkeep
|c|☆Tahz|that was terrible
|
|t:|1668180308
|switch|p2a: Arceus|Arceus, shiny|100/100
|turn|11
|
|t:|1668180312
|move|p2a: Arceus|Extreme Speed|p1a: Flare HQ
|-damage|p1a: Flare HQ|0 fnt
|faint|p1a: Flare HQ
|
|upkeep
|
|t:|1668180319
|switch|p1a: Hall Of Origin|Arceus-Rock|92/100
|turn|12
|
|t:|1668180325
|move|p1a: Hall Of Origin|Will-O-Wisp|p2a: Arceus
|-status|p2a: Arceus|brn
|move|p2a: Arceus|Swords Dance|p2a: Arceus
|-boost|p2a: Arceus|atk|2
|
|-damage|p2a: Arceus|94/100 brn|[from] brn
|upkeep
|turn|13
|
|t:|1668180331
|move|p1a: Hall Of Origin|Judgment|p2a: Arceus
|-damage|p2a: Arceus|64/100 brn
|move|p2a: Arceus|Swords Dance|p2a: Arceus
|-boost|p2a: Arceus|atk|2
|
|-damage|p2a: Arceus|58/100 brn|[from] brn
|upkeep
|turn|14
|
|t:|1668180336
|move|p1a: Hall Of Origin|Judgment|p2a: Arceus
|-damage|p2a: Arceus|26/100 brn
|move|p2a: Arceus|Recover|p2a: Arceus
|-heal|p2a: Arceus|76/100 brn
|
|-damage|p2a: Arceus|70/100 brn|[from] brn
|upkeep
|turn|15
|
|t:|1668180340
|switch|p1a: Terminus Cave|Zygarde, shiny|100/100
|move|p2a: Arceus|Recover|p2a: Arceus
|-heal|p2a: Arceus|100/100 brn
|
|-damage|p2a: Arceus|94/100 brn|[from] brn
|upkeep
|turn|16
|
|t:|1668180346
|-start|p2a: Arceus|Dynamax|
|-heal|p2a: Arceus|94/100 brn|[silent]
|move|p2a: Arceus|Max Phantasm|p1a: Terminus Cave
|-damage|p1a: Terminus Cave|69/100
|-unboost|p1a: Terminus Cave|def|1
|move|p1a: Terminus Cave|Haze|p1a: Terminus Cave
|-clearallboost
|
|-damage|p2a: Arceus|91/100 brn|[from] brn
|upkeep
|turn|17
|
|t:|1668180353
|move|p2a: Arceus|Max Phantasm|p1a: Terminus Cave
|-damage|p1a: Terminus Cave|59/100
|-unboost|p1a: Terminus Cave|def|1
|move|p1a: Terminus Cave|Thousand Arrows|p2a: Arceus
|-damage|p2a: Arceus|81/100 brn
|
|-damage|p2a: Arceus|78/100 brn|[from] brn
|upkeep
|turn|18
|
|t:|1668180362
|move|p2a: Arceus|Max Strike|p1a: Terminus Cave
|-damage|p1a: Terminus Cave|25/100
|-unboost|p1a: Terminus Cave|spe|1
|move|p1a: Terminus Cave|Thousand Arrows|p2a: Arceus
|-damage|p2a: Arceus|68/100 brn
|
|-damage|p2a: Arceus|65/100 brn|[from] brn
|-activate|p1a: Terminus Cave|ability: Power Construct
|detailschange|p1a: Terminus Cave|Zygarde-Complete, shiny
|-heal|p1a: Terminus Cave|50/100|[silent]
|upkeep
|-end|p2a: Arceus|Dynamax
|-heal|p2a: Arceus|65/100 brn|[silent]
|turn|19
|
|t:|1668180373
|move|p2a: Arceus|Swords Dance|p2a: Arceus
|-boost|p2a: Arceus|atk|2
|move|p1a: Terminus Cave|Haze|p1a: Terminus Cave
|-clearallboost
|
|-damage|p2a: Arceus|59/100 brn|[from] brn
|upkeep
|turn|20
|
|t:|1668180377
|move|p2a: Arceus|Swords Dance|p2a: Arceus
|-boost|p2a: Arceus|atk|2
|move|p1a: Terminus Cave|Thousand Arrows|p2a: Arceus
|-crit|p2a: Arceus
|-damage|p2a: Arceus|29/100 brn
|
|-damage|p2a: Arceus|23/100 brn|[from] brn
|upkeep
|turn|21
|
|t:|1668180381
|move|p2a: Arceus|Extreme Speed|p1a: Terminus Cave
|-damage|p1a: Terminus Cave|33/100
|move|p1a: Terminus Cave|Thousand Arrows|p2a: Arceus
|-damage|p2a: Arceus|1/100 brn
|
|-damage|p2a: Arceus|0 fnt|[from] brn
|faint|p2a: Arceus
|upkeep
|
|t:|1668180384
|switch|p2a: Kyogre|Kyogre|100/100
|-weather|RainDance|[from] ability: Drizzle|[of] p2a: Kyogre
|turn|22
|
|t:|1668180387
|switch|p1a: Honeycalm Island|Chansey, F, shiny|100/100
|move|p2a: Kyogre|Water Spout|p1a: Honeycalm Island
|-damage|p1a: Honeycalm Island|62/100
|
|-weather|RainDance|[upkeep]
|upkeep
|turn|23
|
|t:|1668180396
|switch|p2a: Tyranitar|Tyranitar-Mega, F|49/100
|-weather|Sandstorm|[from] ability: Sand Stream|[of] p2a: Tyranitar
|move|p1a: Honeycalm Island|Soft-Boiled|p1a: Honeycalm Island
|-heal|p1a: Honeycalm Island|100/100
|
|-weather|Sandstorm|[upkeep]
|-damage|p1a: Honeycalm Island|94/100|[from] Sandstorm
|upkeep
|turn|24
|
|t:|1668180399
|move|p2a: Tyranitar|Pursuit|p1a: Honeycalm Island
|-damage|p1a: Honeycalm Island|76/100
|move|p1a: Honeycalm Island|Aromatherapy|p1a: Honeycalm Island
|-activate|p1a: Honeycalm Island|move: Aromatherapy
|-curestatus|p1: Altar Of The Sunne|brn|[msg]
|
|-weather|Sandstorm|[upkeep]
|-damage|p1a: Honeycalm Island|69/100|[from] Sandstorm
|upkeep
|turn|25
|
|t:|1668180407
|-activate|p1a: Honeycalm Island|move: Pursuit
|move|p2a: Tyranitar|Pursuit|p1a: Honeycalm Island|[from]Pursuit
|-damage|p1a: Honeycalm Island|31/100
|switch|p1a: Terminus Cave|Zygarde-Complete, shiny|33/100
|
|-weather|Sandstorm|[upkeep]
|upkeep
|turn|26
|
|t:|1668180415
|move|p1a: Terminus Cave|Rest|p1a: Terminus Cave
|-status|p1a: Terminus Cave|slp|[from] move: Rest
|-heal|p1a: Terminus Cave|100/100 slp|[silent]
|move|p2a: Tyranitar|Crunch|p1a: Terminus Cave
|-damage|p1a: Terminus Cave|81/100 slp
|-unboost|p1a: Terminus Cave|def|1
|
|-weather|Sandstorm|[upkeep]
|upkeep
|turn|27
|
|t:|1668180420
|switch|p1a: Dusty Bowl|Ferrothorn, M|29/100
|move|p2a: Tyranitar|Crunch|p1a: Dusty Bowl
|-damage|p1a: Dusty Bowl|0 fnt
|-damage|p2a: Tyranitar|37/100|[from] ability: Iron Barbs|[of] p1a: Dusty Bowl
|faint|p1a: Dusty Bowl
|
|-weather|none
|upkeep
|
|t:|1668180423
|switch|p1a: Altar Of The Sunne|Necrozma-Dusk-Mane|41/100
|turn|28
|
|t:|1668180429
|move|p1a: Altar Of The Sunne|Morning Sun|p1a: Altar Of The Sunne
|-heal|p1a: Altar Of The Sunne|91/100
|move|p2a: Tyranitar|Crunch|p1a: Altar Of The Sunne
|-supereffective|p1a: Altar Of The Sunne
|-damage|p1a: Altar Of The Sunne|49/100
|-damage|p2a: Tyranitar|20/100|[from] item: Rocky Helmet|[of] p1a: Altar Of The Sunne
|
|upkeep
|turn|29
|
|t:|1668180433
|switch|p2a: Kyogre|Kyogre|100/100
|-weather|RainDance|[from] ability: Drizzle|[of] p2a: Kyogre
|move|p1a: Altar Of The Sunne|Morning Sun|p1a: Altar Of The Sunne
|-heal|p1a: Altar Of The Sunne|74/100
|
|-weather|RainDance|[upkeep]
|upkeep
|turn|30
|
|t:|1668180443
|-start|p1a: Altar Of The Sunne|Dynamax|
|-heal|p1a: Altar Of The Sunne|74/100|[silent]
|move|p2a: Kyogre|Water Spout|p1a: Altar Of The Sunne
|-damage|p1a: Altar Of The Sunne|18/100
|move|p1a: Altar Of The Sunne|Max Darkness|p2a: Kyogre
|-crit|p2a: Kyogre
|-damage|p2a: Kyogre|32/100
|-unboost|p2a: Kyogre|spd|1
|
|-weather|RainDance|[upkeep]
|upkeep
|turn|31
|
|t:|1668180455
|move|p2a: Kyogre|Water Spout|p1a: Altar Of The Sunne
|-damage|p1a: Altar Of The Sunne|1/100
|move|p1a: Altar Of The Sunne|Max Darkness|p2a: Kyogre
|-damage|p2a: Kyogre|0 fnt
|faint|p2a: Kyogre
|
|-weather|RainDance|[upkeep]
|upkeep
|c|☆Tahz|clutch
|
|t:|1668180467
|switch|p2a: Arceus|Arceus-Flying|100/100
|turn|32
|
|t:|1668180471
|move|p2a: Arceus|Judgment|p1a: Altar Of The Sunne
|-resisted|p1a: Altar Of The Sunne
|-damage|p1a: Altar Of The Sunne|0 fnt
|faint|p1a: Altar Of The Sunne
|
|-weather|RainDance|[upkeep]
|upkeep
|
|t:|1668180474
|switch|p1a: Honeycalm Island|Chansey, F, shiny|31/100
|turn|33
|
|t:|1668180482
|switch|p2a: Tyranitar|Tyranitar-Mega, F|20/100
|-weather|Sandstorm|[from] ability: Sand Stream|[of] p2a: Tyranitar
|move|p1a: Honeycalm Island|Soft-Boiled|p1a: Honeycalm Island
|-heal|p1a: Honeycalm Island|81/100
|
|-weather|Sandstorm|[upkeep]
|-damage|p1a: Honeycalm Island|75/100|[from] Sandstorm
|upkeep
|turn|34
|
|t:|1668180486
|-activate|p1a: Honeycalm Island|move: Pursuit
|move|p2a: Tyranitar|Pursuit|p1a: Honeycalm Island|[from]Pursuit
|-damage|p1a: Honeycalm Island|39/100
|switch|p1a: Terminus Cave|Zygarde-Complete, shiny|81/100 slp
|
|-weather|Sandstorm|[upkeep]
|upkeep
|turn|35
|
|t:|1668180491
|cant|p1a: Terminus Cave|slp
|move|p2a: Tyranitar|Crunch|p1a: Terminus Cave
|-damage|p1a: Terminus Cave|64/100 slp
|
|-weather|Sandstorm|[upkeep]
|upkeep
|turn|36
|
|t:|1668180497
|cant|p1a: Terminus Cave|slp
|move|p2a: Tyranitar|Crunch|p1a: Terminus Cave
|-crit|p1a: Terminus Cave
|-damage|p1a: Terminus Cave|38/100 slp
|
|-weather|Sandstorm|[upkeep]
|upkeep
|turn|37
|
|t:|1668180500
|-curestatus|p1a: Terminus Cave|slp|[msg]
|move|p1a: Terminus Cave|Thousand Arrows|p2a: Tyranitar
|-supereffective|p2a: Tyranitar
|-damage|p2a: Tyranitar|0 fnt
|faint|p2a: Tyranitar
|
|-weather|none
|upkeep
|
|t:|1668180502
|switch|p2a: Necrozma|Necrozma-Dusk-Mane|100/100
|turn|38
|
|t:|1668180508
|detailschange|p2a: Necrozma|Necrozma-Ultra
|-burst|p2a: Necrozma|Necrozma|Ultranecrozium Z
|move|p2a: Necrozma|Photon Geyser|p1a: Terminus Cave
|-damage|p1a: Terminus Cave|14/100
|move|p1a: Terminus Cave|Glare|p2a: Necrozma
|-status|p2a: Necrozma|par
|
|upkeep
|turn|39
|
|t:|1668180516
|move|p1a: Terminus Cave|Rest|p1a: Terminus Cave
|-status|p1a: Terminus Cave|slp|[from] move: Rest
|-heal|p1a: Terminus Cave|100/100 slp|[silent]
|cant|p2a: Necrozma|par
|
|upkeep
|turn|40
|
|t:|1668180523
|switch|p1a: Hall Of Origin|Arceus-Rock|92/100
|switch|p2a: Arceus|Arceus-Flying|100/100
|
|upkeep
|turn|41
|
|t:|1668180531
|move|p1a: Hall Of Origin|Will-O-Wisp|p2a: Arceus
|-status|p2a: Arceus|brn
|move|p2a: Arceus|Recover||[still]
|-fail|p2a: Arceus|heal
|
|-damage|p2a: Arceus|94/100 brn|[from] brn
|upkeep
|turn|42
|
|t:|1668180536
|move|p1a: Hall Of Origin|Judgment|p2a: Arceus
|-supereffective|p2a: Arceus
|-damage|p2a: Arceus|27/100 brn
|move|p2a: Arceus|Recover|p2a: Arceus
|-heal|p2a: Arceus|77/100 brn
|
|-damage|p2a: Arceus|71/100 brn|[from] brn
|upkeep
|turn|43
|
|t:|1668180540
|switch|p2a: Necrozma|Necrozma-Ultra|100/100 par
|move|p1a: Hall Of Origin|Judgment|p2a: Necrozma
|-damage|p2a: Necrozma|55/100 par
|
|upkeep
|turn|44
|
|t:|1668180544
|move|p1a: Hall Of Origin|Judgment|p2a: Necrozma
|-damage|p2a: Necrozma|7/100 par
|cant|p2a: Necrozma|par
|
|upkeep
|turn|45
|c|☆Tahz|gg wp
|
|t:|1668180550
|move|p1a: Hall Of Origin|Judgment|p2a: Necrozma
|-damage|p2a: Necrozma|0 fnt
|faint|p2a: Necrozma
|
|upkeep
|
|t:|1668180553
|switch|p2a: Arceus|Arceus-Flying|71/100 brn
|turn|46
|c|☆Tahz|after losing twice i finally beat you
|c|☆Tahz|sorry for ruining your win streak
|
|t:|1668180566
|move|p1a: Hall Of Origin|Judgment|p2a: Arceus
|-supereffective|p2a: Arceus
|-damage|p2a: Arceus|5/100 brn
|move|p2a: Arceus|Recover|p2a: Arceus
|-heal|p2a: Arceus|55/100 brn
|
|-damage|p2a: Arceus|49/100 brn|[from] brn
|upkeep
|turn|47
|c|☆Dominator296|Well played
|c|☆Tahz|u2
|c|☆Dominator296|loving the rock type arceus
|c|☆Dominator296|checks my team very well
|
|t:|1668180591
|move|p1a: Hall Of Origin|Judgment|p2a: Arceus
|-supereffective|p2a: Arceus
|-damage|p2a: Arceus|0 fnt
|faint|p2a: Arceus
|
|win|Tahz
|raw|Tahz's rating: 1723 &rarr; <strong>1755</strong><br />(+32 for winning)
|raw|Dominator296's rating: 1961 &rarr; <strong>1929</strong><br />(-32 for losing)
|c|☆Tahz|yes
|c|☆Dominator296|Gg
|c|☆Tahz|gg
