|j|☆txanpu
|j|☆Adnan13
|t:|1639839594
|gametype|singles
|player|p1|txanpu|waitress-gen4|1702
|player|p2|Adnan13|102|1909
|teamsize|p1|6
|teamsize|p2|6
|gen|8
|tier|[Gen 8] National Dex AG
|rated|
|rule|HP Percentage Mod: HP is shown in percentages
|rule|Endless Battle Clause: Forcing endless battles is banned
|clearpoke
|poke|p1|Kangaskhan, F|
|poke|p1|Chansey, F|
|poke|p1|Miltank, F|
|poke|p1|Arceus-*|
|poke|p1|Ditto|
|poke|p1|Smeargle, L1, F|
|poke|p2|Calyrex-Shadow|
|poke|p2|Groudon|
|poke|p2|Yveltal|
|poke|p2|Ho-Oh|
|poke|p2|Rayquaza|
|poke|p2|Arceus-*|
|teampreview
|j| pokemasterbrendan
|c| pokemasterbrendan|gl
|c|☆txanpu|glgl
|
|t:|1639839640
|start
|switch|p1a: Smeargle|Smeargle, L1, F|100/100
|switch|p2a: Arceus|Arceus-Fairy|100/100
|turn|1
|
|t:|1639839646
|move|p2a: Arceus|Toxic|p1a: Smeargle
|-status|p1a: Smeargle|tox
|move|p1a: Smeargle|Endeavor|p2a: Arceus
|-damage|p2a: Arceus|3/100
|
|-damage|p1a: Smeargle|92/100 tox|[from] psn
|upkeep
|turn|2
|
|t:|1639839653
|move|p2a: Arceus|Judgment|p1a: Smeargle
|-damage|p1a: Smeargle|0 fnt
|faint|p1a: Smeargle
|
|upkeep
|
|t:|1639839657
|switch|p1a: Arceus|Arceus|100/100
|turn|3
|
|t:|1639839663
|move|p1a: Arceus|Extreme Speed|p2a: Arceus
|-damage|p2a: Arceus|0 fnt
|faint|p2a: Arceus
|
|upkeep
|
|t:|1639839666
|switch|p2a: Ho-Oh|Ho-Oh|100/100
|turn|4
|
|t:|1639839672
|switch|p1a: Chansey|Chansey, F|100/100
|move|p2a: Ho-Oh|Sacred Fire|p1a: Chansey
|-damage|p1a: Chansey|69/100
|
|upkeep
|turn|5
|
|t:|1639839677
|switch|p2a: Groudon|Groudon|100/100
|detailschange|p2a: Groudon|Groudon-Primal
|-primal|p2a: Groudon
|-weather|DesolateLand|[from] ability: Desolate Land|[of] p2a: Groudon
|move|p1a: Chansey|Teleport|p1a: Chansey
|
|t:|1639839684
|switch|p1a: Kangaskhan|Kangaskhan, F|100/100|[from]move: Teleport
|
|-weather|DesolateLand|[upkeep]
|upkeep
|turn|6
|
|t:|1639839689
|move|p1a: Kangaskhan|Fake Out|p2a: Groudon
|-damage|p2a: Groudon|95/100
|cant|p2a: Groudon|flinch
|
|-weather|DesolateLand|[upkeep]
|upkeep
|turn|7
|
|t:|1639839692
|detailschange|p1a: Kangaskhan|Kangaskhan-Mega, F
|-mega|p1a: Kangaskhan|Kangaskhan|Kangaskhanite
|move|p1a: Kangaskhan|Seismic Toss|p2a: Groudon
|-damage|p2a: Groudon|70/100
|-damage|p2a: Groudon|45/100
|-hitcount|p2a: Groudon|2
|move|p2a: Groudon|Overheat|p1a: Kangaskhan
|-damage|p1a: Kangaskhan|32/100
|-unboost|p2a: Groudon|spa|2
|
|-weather|DesolateLand|[upkeep]
|upkeep
|turn|8
|
|t:|1639839700
|move|p1a: Kangaskhan|Seismic Toss|p2a: Groudon
|-damage|p2a: Groudon|20/100
|-damage|p2a: Groudon|0 fnt
|faint|p2a: Groudon
|-weather|none
|-hitcount|p2: Groudon|2
|
|upkeep
|
|t:|1639839704
|switch|p2a: Calyrex|Calyrex-Shadow|100/100
|-ability|p2a: Calyrex|As One
|-ability|p2a: Calyrex|Unnerve
|turn|9
|
|t:|1639839711
|move|p2a: Calyrex|Psyshock|p1a: Kangaskhan
|-damage|p1a: Kangaskhan|0 fnt
|faint|p1a: Kangaskhan
|-ability|p2a: Calyrex|Grim Neigh|boost
|-boost|p2a: Calyrex|spa|1
|
|upkeep
|
|t:|1639839720
|switch|p1a: Arceus|Arceus|100/100
|turn|10
|inactive|Battle timer is ON: inactive players will automatically lose when time's up. (requested by Adnan13)
|
|t:|1639839726
|-start|p1a: Arceus|Dynamax
|-heal|p1a: Arceus|100/100|[silent]
|move|p2a: Calyrex|Psyshock|p1a: Arceus
|-damage|p1a: Arceus|77/100
|move|p1a: Arceus|Max Phantasm|p2a: Calyrex
|-supereffective|p2a: Calyrex
|-enditem|p2a: Calyrex|Focus Sash
|-damage|p2a: Calyrex|1/100
|-unboost|p2a: Calyrex|def|1
|
|upkeep
|turn|11
|
|t:|1639839743
|move|p2a: Calyrex|Psyshock|p1a: Arceus
|-damage|p1a: Arceus|52/100
|move|p1a: Arceus|Max Phantasm|p2a: Calyrex
|-supereffective|p2a: Calyrex
|-damage|p2a: Calyrex|0 fnt
|faint|p2a: Calyrex
|
|upkeep
|
|t:|1639839751
|switch|p2a: Ho-Oh|Ho-Oh|100/100
|turn|12
|
|t:|1639839762
|-end|p1a: Arceus|Dynamax
|-heal|p1a: Arceus|53/100|[silent]
|switch|p1a: Miltank|Miltank, F|100/100
|move|p2a: Ho-Oh|Sacred Fire|p1a: Miltank
|-damage|p1a: Miltank|76/100
|
|upkeep
|turn|13
|
|t:|1639839770
|move|p1a: Miltank|Toxic|p2a: Ho-Oh|[miss]
|-miss|p1a: Miltank|p2a: Ho-Oh
|move|p2a: Ho-Oh|Toxic|p1a: Miltank
|-status|p1a: Miltank|tox
|
|-damage|p1a: Miltank|70/100 tox|[from] psn
|upkeep
|turn|14
|
|t:|1639839779
|move|p1a: Miltank|Toxic|p2a: Ho-Oh
|-status|p2a: Ho-Oh|tox
|move|p2a: Ho-Oh|Sacred Fire|p1a: Miltank
|-damage|p1a: Miltank|44/100 tox
|
|-damage|p1a: Miltank|32/100 tox|[from] psn
|-damage|p2a: Ho-Oh|94/100 tox|[from] psn
|upkeep
|turn|15
|
|t:|1639839786
|move|p1a: Miltank|Milk Drink|p1a: Miltank
|-heal|p1a: Miltank|82/100 tox
|move|p2a: Ho-Oh|Sacred Fire|p1a: Miltank
|-crit|p1a: Miltank
|-damage|p1a: Miltank|44/100 tox
|
|-damage|p1a: Miltank|25/100 tox|[from] psn
|-damage|p2a: Ho-Oh|82/100 tox|[from] psn
|upkeep
|turn|16
|
|t:|1639839811
|switch|p2a: Rayquaza|Rayquaza|100/100
|-ability|p2a: Rayquaza|Air Lock
|move|p1a: Miltank|Seismic Toss|p2a: Rayquaza
|-damage|p2a: Rayquaza|72/100
|
|-damage|p1a: Miltank|1/100 tox|[from] psn
|upkeep
|turn|17
|
|t:|1639839827
|detailschange|p2a: Rayquaza|Rayquaza-Mega
|-mega|p2a: Rayquaza|Rayquaza|
|-weather|DeltaStream|[from] ability: Delta Stream|[of] p2a: Rayquaza
|move|p2a: Rayquaza|Extreme Speed|p1a: Miltank
|-damage|p1a: Miltank|0 fnt
|-damage|p2a: Rayquaza|56/100|[from] item: Rocky Helmet|[of] p1a: Miltank
|faint|p1a: Miltank
|
|-weather|DeltaStream|[upkeep]
|upkeep
|
|t:|1639839837
|switch|p1a: Ditto|Ditto|100/100
|-transform|p1a: Ditto|p2a: Rayquaza|[from] ability: Imposter
|turn|18
|
|t:|1639839854
|switch|p2a: Ho-Oh|Ho-Oh|100/100 tox
|move|p1a: Ditto|Dragon Ascent|p2a: Ho-Oh
|-damage|p2a: Ho-Oh|42/100 tox
|-unboost|p1a: Ditto|def|1
|-unboost|p1a: Ditto|spd|1
|
|-weather|DeltaStream|[upkeep]
|-damage|p2a: Ho-Oh|36/100 tox|[from] psn
|upkeep
|turn|19
|
|t:|1639839862
|move|p1a: Ditto|Dragon Ascent|p2a: Ho-Oh
|-damage|p2a: Ho-Oh|0 fnt
|-unboost|p1a: Ditto|def|1
|-unboost|p1a: Ditto|spd|1
|faint|p2a: Ho-Oh
|
|-weather|DeltaStream|[upkeep]
|upkeep
|
|t:|1639839865
|switch|p2a: Yveltal|Yveltal|100/100
|-ability|p2a: Yveltal|Dark Aura
|turn|20
|
|t:|1639839893
|-weather|none
|switch|p1a: Arceus|Arceus|53/100
|move|p2a: Yveltal|Oblivion Wing|p1a: Arceus
|-damage|p1a: Arceus|16/100
|-damage|p2a: Yveltal|91/100|[from] item: Life Orb
|
|upkeep
|turn|21
|
|t:|1639839904
|-start|p2a: Yveltal|Dynamax
|-heal|p2a: Yveltal|91/100|[silent]
|move|p1a: Arceus|Extreme Speed|p2a: Yveltal
|-damage|p2a: Yveltal|56/100
|move|p2a: Yveltal|Max Airstream|p1a: Arceus
|-damage|p1a: Arceus|0 fnt
|-boost|p2a: Yveltal|spe|1
|faint|p1a: Arceus
|-damage|p2a: Yveltal|51/100|[from] item: Life Orb
|
|upkeep
|inactive|txanpu has 120 seconds left.
|
|t:|1639839925
|switch|p1a: Chansey|Chansey, F|69/100
|turn|22
|
|t:|1639839929
|move|p2a: Yveltal|Max Darkness|p1a: Chansey
|-damage|p1a: Chansey|6/100
|-unboost|p1a: Chansey|spd|1
|-damage|p2a: Yveltal|46/100|[from] item: Life Orb
|move|p1a: Chansey|Soft-Boiled|p1a: Chansey
|-heal|p1a: Chansey|56/100
|
|upkeep
|turn|23
|
|t:|1639839942
|switch|p1a: Ditto|Ditto|100/100
|-transform|p1a: Ditto|p2a: Yveltal|[from] ability: Imposter
|-ability|p1a: Ditto|Dark Aura
|move|p2a: Yveltal|Max Darkness|p1a: Ditto
|-resisted|p1a: Ditto
|-damage|p1a: Ditto|22/100
|-unboost|p1a: Ditto|spd|1
|-damage|p2a: Yveltal|41/100|[from] item: Life Orb
|
|-end|p2a: Yveltal|Dynamax
|-heal|p2a: Yveltal|42/100|[silent]
|upkeep
|turn|24
|inactive|txanpu has 120 seconds left.
|
|t:|1639839967
|switch|p1a: Chansey|Chansey, F|56/100
|move|p2a: Yveltal|Sucker Punch||[still]
|-fail|p2a: Yveltal
|
|upkeep
|turn|25
|inactive|txanpu has 120 seconds left.
|
|t:|1639839974
|switch|p2a: Rayquaza|Rayquaza-Mega|56/100
|-weather|DeltaStream|[from] ability: Delta Stream|[of] p2a: Rayquaza
|move|p1a: Chansey|Toxic|p2a: Rayquaza
|-status|p2a: Rayquaza|tox
|
|-weather|DeltaStream|[upkeep]
|-damage|p2a: Rayquaza|49/100 tox|[from] psn
|upkeep
|turn|26
|inactive|txanpu has 120 seconds left.
|
|t:|1639839986
|move|p2a: Rayquaza|Dragon Ascent|p1a: Chansey
|-damage|p1a: Chansey|0 fnt
|-unboost|p2a: Rayquaza|def|1
|-unboost|p2a: Rayquaza|spd|1
|faint|p1a: Chansey
|
|-weather|DeltaStream|[upkeep]
|-damage|p2a: Rayquaza|37/100 tox|[from] psn
|upkeep
|inactive|txanpu has 120 seconds left.
|
|t:|1639839994
|switch|p1a: Ditto|Ditto|22/100
|-transform|p1a: Ditto|p2a: Rayquaza|[from] ability: Imposter
|turn|27
|
|t:|1639840001
|move|p1a: Ditto|Extreme Speed|p2a: Rayquaza
|-damage|p2a: Rayquaza|0 fnt
|faint|p2a: Rayquaza
|
|-weather|DeltaStream|[upkeep]
|upkeep
|
|t:|1639840003
|switch|p2a: Yveltal|Yveltal|42/100
|-ability|p2a: Yveltal|Dark Aura
|turn|28
|
|t:|1639840010
|move|p1a: Ditto|Extreme Speed|p2a: Yveltal
|-damage|p2a: Yveltal|3/100
|move|p2a: Yveltal|Oblivion Wing|p1a: Ditto
|-damage|p1a: Ditto|0 fnt
|-heal|p2a: Yveltal|16/100|[from] drain|[of] p1a: Ditto
|faint|p1a: Ditto
|-weather|none
|-damage|p2a: Yveltal|6/100|[from] item: Life Orb
|
|win|Adnan13
|raw|txanpu's rating: 1702 &rarr; <strong>1693</strong><br />(-9 for losing)
|raw|Adnan13's rating: 1909 &rarr; <strong>1918</strong><br />(+9 for winning)
|c|☆txanpu|3%
|c|☆txanpu|gg
|c| pokemasterbrendan|damn normal mono team almost defeated legends ,  i am such a noob in  competitive then
|c|☆txanpu|loll
|c|☆txanpu|hahahaha
|c|☆txanpu|thanx
|c| pokemasterbrendan|close too close
|c|☆Adnan13|it was mainly because I played dumb
|l|☆Adnan13
|c| pokemasterbrendan|hmm i should take notes
|c|☆txanpu|lol studyng pokemon strats hahaha
|c| pokemasterbrendan|ye
|l|☆txanpu
