|j|☆Skottles
|j|‽rowletroost
|t:|1623981214
|gametype|singles
|player|p1|Skottles|youngster-gen4|1731
|player|p2|rowletroost|misty-gen1rb|1648
|teamsize|p1|6
|teamsize|p2|6
|gen|8
|tier|[Gen 8] National Dex AG
|rated|
|rule|HP Percentage Mod: HP is shown in percentages
|rule|Endless Battle Clause: Forcing endless battles is banned
|clearpoke
|poke|p1|Calyrex-Shadow|
|poke|p1|Groudon|
|poke|p1|Ditto|
|poke|p1|Yveltal|
|poke|p1|Necrozma-Dusk-Mane|
|poke|p1|Rayquaza|
|poke|p2|Arceus-*|
|poke|p2|Xerneas-*|
|poke|p2|Kyogre|
|poke|p2|Marshadow|
|poke|p2|Ribombee, F|
|poke|p2|Vivillon-Savanna, F|
|teampreview
|inactive|Battle timer is ON: inactive players will automatically lose when time's up. (requested by rowletroost)
|
|t:|1623981234
|start
|switch|p1a: Rayquaza|Rayquaza|100/100
|switch|p2a: Arceus|Arceus-Ground|100/100
|-ability|p1a: Rayquaza|Air Lock
|turn|1
|
|t:|1623981241
|detailschange|p1a: Rayquaza|Rayquaza-Mega
|-mega|p1a: Rayquaza|Rayquaza|
|-weather|DeltaStream|[from] ability: Delta Stream|[of] p1a: Rayquaza
|move|p1a: Rayquaza|Dragon Ascent|p2a: Arceus
|-damage|p2a: Arceus|54/100
|-unboost|p1a: Rayquaza|def|1
|-unboost|p1a: Rayquaza|spd|1
|-damage|p1a: Rayquaza|91/100|[from] item: Life Orb
|move|p2a: Arceus|Ice Beam|p1a: Rayquaza
|-activate||deltastream
|-supereffective|p1a: Rayquaza
|-damage|p1a: Rayquaza|24/100
|
|-weather|DeltaStream|[upkeep]
|upkeep
|turn|2
|
|t:|1623981251
|move|p1a: Rayquaza|Dragon Ascent|p2a: Arceus
|-damage|p2a: Arceus|2/100
|-unboost|p1a: Rayquaza|def|1
|-unboost|p1a: Rayquaza|spd|1
|-damage|p1a: Rayquaza|14/100|[from] item: Life Orb
|move|p2a: Arceus|Ice Beam|p1a: Rayquaza
|-activate||deltastream
|-supereffective|p1a: Rayquaza
|-damage|p1a: Rayquaza|0 fnt
|faint|p1a: Rayquaza
|-weather|none
|
|upkeep
|
|t:|1623981257
|switch|p1a: Calyrex|Calyrex-Shadow|100/100
|-ability|p1a: Calyrex|As One
|-ability|p1a: Calyrex|Unnerve
|turn|3
|
|t:|1623981262
|move|p1a: Calyrex|Astral Barrage|p2a: Arceus
|-damage|p2a: Arceus|0 fnt
|faint|p2a: Arceus
|-ability|p1a: Calyrex|Grim Neigh|boost
|-boost|p1a: Calyrex|spa|1
|
|upkeep
|
|t:|1623981272
|switch|p2a: Marshadow|Marshadow|100/100
|turn|4
|
|t:|1623981275
|switch|p1a: Groudon|Groudon|100/100
|detailschange|p1a: Groudon|Groudon-Primal
|-primal|p1a: Groudon
|-weather|DesolateLand|[from] ability: Desolate Land|[of] p1a: Groudon
|move|p2a: Marshadow|Rock Tomb|p1a: Groudon
|-damage|p1a: Groudon|81/100
|-unboost|p1a: Groudon|spe|1
|
|-weather|DesolateLand|[upkeep]
|upkeep
|turn|5
|
|t:|1623981279
|switch|p2a: Ribombee|Ribombee, F, shiny|100/100
|move|p1a: Groudon|Stealth Rock|p2a: Ribombee
|-sidestart|p2: rowletroost|move: Stealth Rock
|
|-weather|DesolateLand|[upkeep]
|upkeep
|turn|6
|
|t:|1623981281
|move|p2a: Ribombee|Defog|p1a: Groudon
|-unboost|p1a: Groudon|evasion|1
|-sideend|p2: rowletroost|Stealth Rock|[from] move: Defog|[of] p2a: Ribombee
|move|p1a: Groudon|Toxic|p2a: Ribombee
|-status|p2a: Ribombee|tox
|
|-weather|DesolateLand|[upkeep]
|-damage|p2a: Ribombee|94/100 tox|[from] psn
|upkeep
|turn|7
|
|t:|1623981284
|move|p2a: Ribombee|Aromatherapy|p2a: Ribombee
|-activate|p2a: Ribombee|move: Aromatherapy
|-curestatus|p2a: Ribombee|tox|[msg]
|move|p1a: Groudon|Stealth Rock|p2a: Ribombee
|-sidestart|p2: rowletroost|move: Stealth Rock
|
|-weather|DesolateLand|[upkeep]
|upkeep
|turn|8
|
|t:|1623981292
|move|p2a: Ribombee|Defog|p1a: Groudon
|-unboost|p1a: Groudon|evasion|1
|-sideend|p2: rowletroost|Stealth Rock|[from] move: Defog|[of] p2a: Ribombee
|move|p1a: Groudon|Toxic|p2a: Ribombee|[miss]
|-miss|p1a: Groudon|p2a: Ribombee
|
|-weather|DesolateLand|[upkeep]
|upkeep
|turn|9
|
|t:|1623981302
|switch|p2a: Vivillon|Vivillon-Savanna, F|100/100
|move|p1a: Groudon|Toxic|p2a: Vivillon|[miss]
|-miss|p1a: Groudon|p2a: Vivillon
|
|-weather|DesolateLand|[upkeep]
|upkeep
|turn|10
|
|t:|1623981305
|move|p2a: Vivillon|Sleep Powder|p1a: Groudon
|-status|p1a: Groudon|slp|[from] move: Sleep Powder
|cant|p1a: Groudon|slp
|
|-weather|DesolateLand|[upkeep]
|upkeep
|turn|11
|
|t:|1623981307
|move|p2a: Vivillon|Substitute|p2a: Vivillon
|-start|p2a: Vivillon|Substitute
|-damage|p2a: Vivillon|76/100
|cant|p1a: Groudon|slp
|
|-weather|DesolateLand|[upkeep]
|-heal|p2a: Vivillon|82/100|[from] item: Leftovers
|upkeep
|turn|12
|
|t:|1623981310
|move|p2a: Vivillon|Quiver Dance|p2a: Vivillon
|-boost|p2a: Vivillon|spa|1
|-boost|p2a: Vivillon|spd|1
|-boost|p2a: Vivillon|spe|1
|cant|p1a: Groudon|slp
|
|-weather|DesolateLand|[upkeep]
|-heal|p2a: Vivillon|88/100|[from] item: Leftovers
|upkeep
|turn|13
|
|t:|1623981314
|move|p2a: Vivillon|Hurricane|p1a: Groudon
|-damage|p1a: Groudon|23/100 slp
|-start|p1a: Groudon|confusion
|-curestatus|p1a: Groudon|slp|[msg]
|-activate|p1a: Groudon|confusion
|move|p1a: Groudon|Stealth Rock|p2a: Vivillon
|-sidestart|p2: rowletroost|move: Stealth Rock
|
|-weather|DesolateLand|[upkeep]
|-heal|p2a: Vivillon|94/100|[from] item: Leftovers
|upkeep
|turn|14
|
|t:|1623981320
|move|p2a: Vivillon|Sleep Powder|p1a: Groudon
|-status|p1a: Groudon|slp|[from] move: Sleep Powder
|cant|p1a: Groudon|slp
|
|-weather|DesolateLand|[upkeep]
|-heal|p2a: Vivillon|99/100|[from] item: Leftovers
|upkeep
|turn|15
|
|t:|1623981324
|move|p2a: Vivillon|Hurricane|p1a: Groudon
|-damage|p1a: Groudon|0 fnt
|faint|p1a: Groudon
|-weather|none
|
|-heal|p2a: Vivillon|100/100|[from] item: Leftovers
|upkeep
|
|t:|1623981326
|switch|p1a: Calyrex|Calyrex-Shadow|100/100
|-ability|p1a: Calyrex|As One
|-ability|p1a: Calyrex|Unnerve
|turn|16
|
|t:|1623981328
|move|p1a: Calyrex|Astral Barrage|p2a: Vivillon
|-end|p2a: Vivillon|Substitute
|move|p2a: Vivillon|Quiver Dance|p2a: Vivillon
|-boost|p2a: Vivillon|spa|1
|-boost|p2a: Vivillon|spd|1
|-boost|p2a: Vivillon|spe|1
|
|upkeep
|turn|17
|
|t:|1623981331
|move|p1a: Calyrex|Astral Barrage|p2a: Vivillon
|-damage|p2a: Vivillon|24/100
|move|p2a: Vivillon|Sleep Powder|p1a: Calyrex
|-status|p1a: Calyrex|slp|[from] move: Sleep Powder
|
|-heal|p2a: Vivillon|30/100|[from] item: Leftovers
|upkeep
|turn|18
|
|t:|1623981334
|switch|p1a: Ditto|Ditto|100/100
|-transform|p1a: Ditto|p2a: Vivillon|[from] ability: Imposter
|move|p2a: Vivillon|Quiver Dance|p2a: Vivillon
|-boost|p2a: Vivillon|spa|1
|-boost|p2a: Vivillon|spd|1
|-boost|p2a: Vivillon|spe|1
|
|-heal|p2a: Vivillon|36/100|[from] item: Leftovers
|upkeep
|turn|19
|
|t:|1623981342
|-start|p1a: Ditto|Dynamax
|-heal|p1a: Ditto|100/100|[silent]
|move|p2a: Vivillon|Hurricane|p1a: Ditto
|-supereffective|p1a: Ditto
|-damage|p1a: Ditto|0 fnt
|faint|p1a: Ditto
|
|-heal|p2a: Vivillon|42/100|[from] item: Leftovers
|upkeep
|
|t:|1623981348
|switch|p1a: Yveltal|Yveltal|100/100
|-ability|p1a: Yveltal|Dark Aura
|turn|20
|
|t:|1623981350
|move|p2a: Vivillon|Sleep Powder|p1a: Yveltal
|-status|p1a: Yveltal|slp|[from] move: Sleep Powder
|cant|p1a: Yveltal|slp
|
|-heal|p2a: Vivillon|48/100|[from] item: Leftovers
|upkeep
|turn|21
|
|t:|1623981352
|move|p2a: Vivillon|Substitute|p2a: Vivillon
|-start|p2a: Vivillon|Substitute
|-damage|p2a: Vivillon|23/100
|cant|p1a: Yveltal|slp
|
|-heal|p2a: Vivillon|29/100|[from] item: Leftovers
|upkeep
|turn|22
|-message|Skottles forfeited.
|
|win|rowletroost
|raw|Skottles's rating: 1731 &rarr; <strong>1706</strong><br />(-25 for losing)
|raw|rowletroost's rating: 1648 &rarr; <strong>1673</strong><br />(+25 for winning)
|l|☆Skottles
