|j|☆Defensive0
|j|☆BuckfromGothamCity
|t:|1667243940
|gametype|singles
|player|p1|Defensive0|riley|1911
|player|p2|BuckfromGothamCity|rye|2102
|teamsize|p1|6
|teamsize|p2|6
|gen|8
|tier|[Gen 8] National Dex AG
|rated|
|rule|HP Percentage Mod: HP is shown in percentages
|rule|Endless Battle Clause: Forcing endless battles is banned
|clearpoke
|poke|p1|Yveltal|
|poke|p1|Yveltal|
|poke|p1|Giratina|
|poke|p1|Arceus-*|
|poke|p1|Blissey, F|
|poke|p1|Quagsire, M|
|poke|p2|Ho-Oh|
|poke|p2|Zygarde|
|poke|p2|Necrozma-Dusk-Mane|
|poke|p2|Yveltal|
|poke|p2|Chansey, F|
|poke|p2|Arceus-*|
|teampreview
|inactive|Battle timer is ON: inactive players will automatically lose when time's up. (requested by BuckfromGothamCity)
|inactive|Defensive0 also wants the timer to be on.
|
|t:|1667243959
|start
|switch|p1a: Yveltal|Yveltal, shiny|100/100
|switch|p2a: Solar mountain|Necrozma-Dusk-Mane|100/100
|-ability|p1a: Yveltal|Dark Aura
|turn|1
|inactive|BuckfromGothamCity has 120 seconds left.
|
|t:|1667243997
|switch|p2a: Brighteous Hope|Arceus-Fairy|100/100
|move|p1a: Yveltal|Knock Off|p2a: Brighteous Hope
|-resisted|p2a: Brighteous Hope
|-damage|p2a: Brighteous Hope|89/100
|
|upkeep
|turn|2
|
|t:|1667244007
|switch|p1a: Arceus|Arceus-Fairy|100/100
|switch|p2a: Solar mountain|Necrozma-Dusk-Mane|100/100
|
|upkeep
|turn|3
|inactive|BuckfromGothamCity has 120 seconds left.
|inactive|BuckfromGothamCity has 90 seconds left.
|
|t:|1667244055
|switch|p1a: Quagsire|Quagsire, M|100/100
|move|p2a: Solar mountain|Stealth Rock|p1a: Quagsire
|-sidestart|p1: Defensive0|move: Stealth Rock
|
|upkeep
|turn|4
|
|t:|1667244061
|move|p2a: Solar mountain|Knock Off|p1a: Quagsire
|-damage|p1a: Quagsire|76/100
|-damage|p2a: Solar mountain|84/100|[from] item: Rocky Helmet|[of] p1a: Quagsire
|-enditem|p1a: Quagsire|Rocky Helmet|[from] move: Knock Off|[of] p2a: Solar mountain
|move|p1a: Quagsire|Toxic|p2a: Solar mountain
|-immune|p2a: Solar mountain
|
|upkeep
|turn|5
|
|t:|1667244080
|switch|p2a: Phoenix King|Ho-Oh|100/100
|move|p1a: Quagsire|Recover|p1a: Quagsire
|-heal|p1a: Quagsire|100/100
|
|upkeep
|turn|6
|
|t:|1667244084
|move|p2a: Phoenix King|Brave Bird|p1a: Quagsire
|-damage|p1a: Quagsire|54/100
|-damage|p2a: Phoenix King|86/100|[from] Recoil
|move|p1a: Quagsire|Toxic|p2a: Phoenix King|[miss]
|-miss|p1a: Quagsire|p2a: Phoenix King
|
|upkeep
|turn|7
|
|t:|1667244090
|-start|p2a: Phoenix King|Dynamax|
|-heal|p2a: Phoenix King|86/100|[silent]
|move|p2a: Phoenix King|Max Airstream|p1a: Quagsire
|-damage|p1a: Quagsire|0 fnt
|-boost|p2a: Phoenix King|spe|1
|faint|p1a: Quagsire
|
|upkeep
|
|t:|1667244100
|switch|p1a: Yveltal|Yveltal, shiny|100/100
|-ability|p1a: Yveltal|Dark Aura
|turn|8
|inactive|BuckfromGothamCity has 120 seconds left.
|
|t:|1667244106
|move|p2a: Phoenix King|Max Flare|p1a: Yveltal
|-damage|p1a: Yveltal|61/100
|-weather|SunnyDay
|move|p1a: Yveltal|Roost|p1a: Yveltal
|-heal|p1a: Yveltal|100/100
|-singleturn|p1a: Yveltal|move: Roost
|
|-weather|SunnyDay|[upkeep]
|upkeep
|turn|9
|
|t:|1667244110
|move|p2a: Phoenix King|Max Flare|p1a: Yveltal
|-damage|p1a: Yveltal|35/100
|move|p1a: Yveltal|Roost|p1a: Yveltal
|-heal|p1a: Yveltal|85/100
|-singleturn|p1a: Yveltal|move: Roost
|
|-weather|SunnyDay|[upkeep]
|upkeep
|-end|p2a: Phoenix King|Dynamax
|-heal|p2a: Phoenix King|86/100|[silent]
|turn|10
|
|t:|1667244118
|switch|p1a: Giratina|Giratina|100/100
|-damage|p1a: Giratina|88/100|[from] Stealth Rock
|-ability|p1a: Giratina|Pressure
|move|p2a: Phoenix King|Thunder Wave|p1a: Giratina
|-status|p1a: Giratina|par
|
|-weather|SunnyDay|[upkeep]
|-heal|p1a: Giratina|94/100 par|[from] item: Leftovers
|upkeep
|turn|11
|
|t:|1667244120
|move|p2a: Phoenix King|Brave Bird|p1a: Giratina
|-damage|p1a: Giratina|61/100 par
|-damage|p2a: Phoenix King|72/100|[from] Recoil
|cant|p1a: Giratina|par
|
|-weather|SunnyDay|[upkeep]
|-heal|p1a: Giratina|67/100 par|[from] item: Leftovers
|upkeep
|turn|12
|
|t:|1667244127
|move|p2a: Phoenix King|Brave Bird|p1a: Giratina
|-damage|p1a: Giratina|32/100 par
|-damage|p2a: Phoenix King|58/100|[from] Recoil
|move|p1a: Giratina|Rest|p1a: Giratina
|-status|p1a: Giratina|slp|[from] move: Rest
|-heal|p1a: Giratina|100/100 slp|[silent]
|
|-weather|none
|upkeep
|turn|13
|
|t:|1667244131
|switch|p2a: Brighteous Hope|Arceus-Fairy|89/100
|cant|p1a: Giratina|slp
|
|upkeep
|turn|14
|
|t:|1667244136
|switch|p2a: Phoenix King|Ho-Oh|91/100
|switch|p1a: Blissey|Blissey, F|100/100
|
|upkeep
|turn|15
|
|t:|1667244142
|switch|p1a: Giratina|Giratina|100/100 slp
|-damage|p1a: Giratina|88/100 slp|[from] Stealth Rock
|-ability|p1a: Giratina|Pressure
|move|p2a: Phoenix King|Brave Bird|p1a: Giratina
|-damage|p1a: Giratina|55/100 slp
|-damage|p2a: Phoenix King|78/100|[from] Recoil
|
|-heal|p1a: Giratina|61/100 slp|[from] item: Leftovers
|upkeep
|turn|16
|
|t:|1667244149
|switch|p2a: Brighteous Hope|Arceus-Fairy|89/100
|cant|p1a: Giratina|slp
|
|-heal|p1a: Giratina|67/100 slp|[from] item: Leftovers
|upkeep
|turn|17
|
|t:|1667244153
|switch|p1a: Blissey|Blissey, F|100/100
|move|p2a: Brighteous Hope|Judgment|p1a: Blissey
|-damage|p1a: Blissey|86/100
|
|upkeep
|turn|18
|
|t:|1667244156
|switch|p2a: Phoenix King|Ho-Oh|100/100
|move|p1a: Blissey|Aromatherapy|p1a: Blissey
|-activate|p1a: Blissey|move: Aromatherapy
|-curestatus|p1: Giratina|slp|[msg]
|
|upkeep
|turn|19
|
|t:|1667244163
|switch|p1a: Yveltal|Yveltal, shiny|85/100
|-ability|p1a: Yveltal|Dark Aura
|move|p2a: Phoenix King|Brave Bird|p1a: Yveltal
|-crit|p1a: Yveltal
|-damage|p1a: Yveltal|25/100
|-damage|p2a: Phoenix King|79/100|[from] Recoil
|
|upkeep
|turn|20
|
|t:|1667244170
|move|p1a: Yveltal|Roost|p1a: Yveltal
|-heal|p1a: Yveltal|75/100
|-singleturn|p1a: Yveltal|move: Roost
|move|p2a: Phoenix King|Sacred Fire|p1a: Yveltal
|-crit|p1a: Yveltal
|-damage|p1a: Yveltal|26/100
|
|upkeep
|turn|21
|
|t:|1667244181
|move|p1a: Yveltal|Foul Play|p2a: Phoenix King
|-damage|p2a: Phoenix King|19/100
|move|p2a: Phoenix King|Brave Bird|p1a: Yveltal
|-damage|p1a: Yveltal|0 fnt
|faint|p1a: Yveltal
|-damage|p2a: Phoenix King|10/100|[from] Recoil
|
|upkeep
|
|t:|1667244186
|switch|p1a: Arceus|Arceus-Fairy|100/100
|-damage|p1a: Arceus|88/100|[from] Stealth Rock
|turn|22
|
|t:|1667244194
|switch|p2a: Bipolar degenerate|Chansey, F|100/100
|move|p1a: Arceus|Stealth Rock|p2a: Bipolar degenerate
|-sidestart|p2: BuckfromGothamCity|move: Stealth Rock
|
|upkeep
|turn|23
|
|t:|1667244198
|switch|p1a: Yveltal|Yveltal, shiny|100/100
|-ability|p1a: Yveltal|Dark Aura
|switch|p2a: Phoenix King|Ho-Oh|43/100
|
|upkeep
|turn|24
|
|t:|1667244201
|switch|p2a: Brighteous Hope|Arceus-Fairy|89/100
|-damage|p2a: Brighteous Hope|76/100|[from] Stealth Rock
|move|p1a: Yveltal|Knock Off|p2a: Brighteous Hope
|-resisted|p2a: Brighteous Hope
|-damage|p2a: Brighteous Hope|65/100
|
|upkeep
|turn|25
|
|t:|1667244205
|switch|p1a: Arceus|Arceus-Fairy|88/100
|-damage|p1a: Arceus|76/100|[from] Stealth Rock
|move|p2a: Brighteous Hope|Judgment|p1a: Arceus
|-damage|p1a: Arceus|53/100
|
|upkeep
|turn|26
|
|t:|1667244207
|switch|p2a: Phoenix King|Ho-Oh|76/100
|move|p1a: Arceus|Toxic|p2a: Phoenix King
|-status|p2a: Phoenix King|tox
|
|-damage|p2a: Phoenix King|70/100 tox|[from] psn
|upkeep
|turn|27
|
|t:|1667244212
|move|p1a: Arceus|Recover|p1a: Arceus
|-heal|p1a: Arceus|100/100
|move|p2a: Phoenix King|Thunder Wave|p1a: Arceus
|-status|p1a: Arceus|par
|
|-damage|p2a: Phoenix King|58/100 tox|[from] psn
|upkeep
|turn|28
|
|t:|1667244220
|switch|p2a: Bipolar degenerate|Chansey, F|100/100
|-damage|p2a: Bipolar degenerate|88/100|[from] Stealth Rock
|switch|p1a: Giratina|Giratina|67/100
|-damage|p1a: Giratina|54/100|[from] Stealth Rock
|-ability|p1a: Giratina|Pressure
|
|-heal|p1a: Giratina|61/100|[from] item: Leftovers
|upkeep
|turn|29
|
|t:|1667244223
|move|p1a: Giratina|Rest|p1a: Giratina
|-status|p1a: Giratina|slp|[from] move: Rest
|-heal|p1a: Giratina|100/100 slp|[silent]
|move|p2a: Bipolar degenerate|Heal Bell|p2a: Bipolar degenerate
|-activate|p2a: Bipolar degenerate|move: Heal Bell
|-curestatus|p2: Phoenix King|tox|[msg]
|
|upkeep
|turn|30
|
|t:|1667244229
|switch|p1a: Yveltal|Yveltal, shiny|100/100
|-ability|p1a: Yveltal|Dark Aura
|switch|p2a: Brighteous Hope|Arceus-Fairy|65/100
|-damage|p2a: Brighteous Hope|53/100|[from] Stealth Rock
|
|upkeep
|turn|31
|
|t:|1667244233
|switch|p2a: Phoenix King|Ho-Oh|91/100
|-start|p1a: Yveltal|Dynamax|
|-heal|p1a: Yveltal|100/100|[silent]
|move|p1a: Yveltal|Max Steelspike|p2a: Phoenix King
|-resisted|p2a: Phoenix King
|-damage|p2a: Phoenix King|71/100
|-boost|p1a: Yveltal|def|1
|
|upkeep
|turn|32
|
|t:|1667244239
|switch|p2a: dragon guardian|Zygarde|100/100
|-damage|p2a: dragon guardian|94/100|[from] Stealth Rock
|move|p1a: Yveltal|Max Darkness|p2a: dragon guardian
|-damage|p2a: dragon guardian|49/100
|-unboost|p2a: dragon guardian|spd|1
|
|-activate|p2a: dragon guardian|ability: Power Construct
|detailschange|p2a: dragon guardian|Zygarde-Complete
|-heal|p2a: dragon guardian|67/100|[silent]
|upkeep
|turn|33
|
|t:|1667244250
|move|p1a: Yveltal|Max Darkness|p2a: dragon guardian
|-damage|p2a: dragon guardian|40/100
|-unboost|p2a: dragon guardian|spd|1
|move|p2a: dragon guardian|Glare|p1a: Yveltal
|-status|p1a: Yveltal|par
|
|upkeep
|-end|p1a: Yveltal|Dynamax
|-heal|p1a: Yveltal|100/100 par|[silent]
|turn|34
|
|t:|1667244257
|switch|p2a: Phoenix King|Ho-Oh|100/100
|move|p1a: Yveltal|Knock Off|p2a: Phoenix King
|-damage|p2a: Phoenix King|36/100
|-enditem|p2a: Phoenix King|Heavy-Duty Boots|[from] move: Knock Off|[of] p1a: Yveltal
|
|upkeep
|turn|35
|
|t:|1667244266
|switch|p2a: Brighteous Hope|Arceus-Fairy|53/100
|-damage|p2a: Brighteous Hope|40/100|[from] Stealth Rock
|cant|p1a: Yveltal|par
|
|upkeep
|turn|36
|
|t:|1667244269
|switch|p1a: Blissey|Blissey, F|86/100
|move|p2a: Brighteous Hope|Recover|p2a: Brighteous Hope
|-heal|p2a: Brighteous Hope|90/100
|
|upkeep
|turn|37
|
|t:|1667244271
|move|p2a: Brighteous Hope|Defog|p1a: Blissey
|-unboost|p1a: Blissey|evasion|1
|-sideend|p1: Defensive0|Stealth Rock|[from] move: Defog|[of] p2a: Brighteous Hope
|-sideend|p2: BuckfromGothamCity|Stealth Rock|[from] move: Defog|[of] p2a: Brighteous Hope
|move|p1a: Blissey|Aromatherapy|p1a: Blissey
|-activate|p1a: Blissey|move: Aromatherapy
|-curestatus|p1: Yveltal|par|[msg]
|-curestatus|p1: Giratina|slp|[msg]
|-curestatus|p1: Arceus|par|[msg]
|
|upkeep
|turn|38
|
|t:|1667244275
|switch|p2a: Phoenix King|Ho-Oh|69/100
|switch|p1a: Arceus|Arceus-Fairy|100/100
|
|upkeep
|turn|39
|
|t:|1667244280
|move|p1a: Arceus|Stealth Rock|p2a: Phoenix King
|-sidestart|p2: BuckfromGothamCity|move: Stealth Rock
|move|p2a: Phoenix King|Thunder Wave|p1a: Arceus
|-status|p1a: Arceus|par
|
|upkeep
|turn|40
|
|t:|1667244288
|move|p2a: Phoenix King|Defog|p1a: Arceus
|-unboost|p1a: Arceus|evasion|1
|-sideend|p2: BuckfromGothamCity|Stealth Rock|[from] move: Defog|[of] p2a: Phoenix King
|move|p1a: Arceus|Toxic|p2a: Phoenix King
|-status|p2a: Phoenix King|tox
|
|-damage|p2a: Phoenix King|63/100 tox|[from] psn
|upkeep
|turn|41
|
|t:|1667244291
|move|p2a: Phoenix King|Brave Bird|p1a: Arceus
|-damage|p1a: Arceus|53/100 par
|-damage|p2a: Phoenix King|46/100 tox|[from] Recoil
|move|p1a: Arceus|Stealth Rock|p2a: Phoenix King
|-sidestart|p2: BuckfromGothamCity|move: Stealth Rock
|
|-damage|p2a: Phoenix King|34/100 tox|[from] psn
|upkeep
|turn|42
|
|t:|1667244297
|move|p2a: Phoenix King|Defog|p1a: Arceus
|-unboost|p1a: Arceus|evasion|1
|-sideend|p2: BuckfromGothamCity|Stealth Rock|[from] move: Defog|[of] p2a: Phoenix King
|move|p1a: Arceus|Recover|p1a: Arceus
|-heal|p1a: Arceus|100/100 par
|
|-damage|p2a: Phoenix King|16/100 tox|[from] psn
|upkeep
|turn|43
|
|t:|1667244300
|switch|p2a: Solar mountain|Necrozma-Dusk-Mane|84/100
|move|p1a: Arceus|Stealth Rock|p2a: Solar mountain
|-sidestart|p2: BuckfromGothamCity|move: Stealth Rock
|
|upkeep
|turn|44
|
|t:|1667244306
|switch|p1a: Yveltal|Yveltal, shiny|100/100
|-ability|p1a: Yveltal|Dark Aura
|move|p2a: Solar mountain|Stealth Rock|p1a: Yveltal
|-sidestart|p1: Defensive0|move: Stealth Rock
|
|upkeep
|turn|45
|
|t:|1667244310
|move|p1a: Yveltal|Knock Off|p2a: Solar mountain
|-supereffective|p2a: Solar mountain
|-damage|p2a: Solar mountain|30/100
|-damage|p1a: Yveltal|84/100|[from] item: Rocky Helmet|[of] p2a: Solar mountain
|-enditem|p2a: Solar mountain|Rocky Helmet|[from] move: Knock Off|[of] p1a: Yveltal
|move|p2a: Solar mountain|Knock Off|p1a: Yveltal
|-resisted|p1a: Yveltal
|-damage|p1a: Yveltal|63/100
|-enditem|p1a: Yveltal|Heavy-Duty Boots|[from] move: Knock Off|[of] p2a: Solar mountain
|
|upkeep
|turn|46
|
|t:|1667244318
|switch|p2a: Brighteous Hope|Arceus-Fairy|90/100
|-damage|p2a: Brighteous Hope|78/100|[from] Stealth Rock
|move|p1a: Yveltal|Knock Off|p2a: Brighteous Hope
|-resisted|p2a: Brighteous Hope
|-damage|p2a: Brighteous Hope|67/100
|
|upkeep
|turn|47
|
|t:|1667244322
|switch|p1a: Arceus|Arceus-Fairy|100/100 par
|-damage|p1a: Arceus|88/100 par|[from] Stealth Rock
|switch|p2a: Solar mountain|Necrozma-Dusk-Mane|30/100
|-damage|p2a: Solar mountain|24/100|[from] Stealth Rock
|
|upkeep
|turn|48
|
|t:|1667244328
|switch|p1a: Giratina|Giratina|100/100
|-damage|p1a: Giratina|88/100|[from] Stealth Rock
|-ability|p1a: Giratina|Pressure
|move|p2a: Solar mountain|Morning Sun|p2a: Solar mountain
|-heal|p2a: Solar mountain|74/100
|
|-heal|p1a: Giratina|94/100|[from] item: Leftovers
|upkeep
|turn|49
|
|t:|1667244330
|move|p1a: Giratina|Will-O-Wisp|p2a: Solar mountain
|-status|p2a: Solar mountain|brn
|move|p2a: Solar mountain|Knock Off|p1a: Giratina
|-supereffective|p1a: Giratina
|-damage|p1a: Giratina|76/100
|-enditem|p1a: Giratina|Leftovers|[from] move: Knock Off|[of] p2a: Solar mountain
|
|-damage|p2a: Solar mountain|68/100 brn|[from] brn
|upkeep
|turn|50
|
|t:|1667244350
|move|p1a: Giratina|Rest|p1a: Giratina
|-status|p1a: Giratina|slp|[from] move: Rest
|-heal|p1a: Giratina|100/100 slp|[silent]
|move|p2a: Solar mountain|Morning Sun|p2a: Solar mountain
|-heal|p2a: Solar mountain|100/100 brn
|
|-damage|p2a: Solar mountain|94/100 brn|[from] brn
|upkeep
|turn|51
|
|t:|1667244354
|switch|p2a: Brighteous Hope|Arceus-Fairy|67/100
|-damage|p2a: Brighteous Hope|55/100|[from] Stealth Rock
|cant|p1a: Giratina|slp
|
|upkeep
|turn|52
|
|t:|1667244358
|switch|p1a: Blissey|Blissey, F|86/100
|move|p2a: Brighteous Hope|Recover|p2a: Brighteous Hope
|-heal|p2a: Brighteous Hope|100/100
|
|upkeep
|turn|53
|
|t:|1667244362
|move|p2a: Brighteous Hope|Defog|p1a: Blissey
|-unboost|p1a: Blissey|evasion|1
|-sideend|p1: Defensive0|Stealth Rock|[from] move: Defog|[of] p2a: Brighteous Hope
|-sideend|p2: BuckfromGothamCity|Stealth Rock|[from] move: Defog|[of] p2a: Brighteous Hope
|move|p1a: Blissey|Aromatherapy|p1a: Blissey
|-activate|p1a: Blissey|move: Aromatherapy
|-curestatus|p1: Arceus|par|[msg]
|-curestatus|p1: Giratina|slp|[msg]
|
|upkeep
|turn|54
|
|t:|1667244365
|switch|p2a: Phoenix King|Ho-Oh|49/100 tox
|switch|p1a: Arceus|Arceus-Fairy|88/100
|
|-damage|p2a: Phoenix King|43/100 tox|[from] psn
|upkeep
|turn|55
|
|t:|1667244369
|switch|p2a: Brighteous Hope|Arceus-Fairy|100/100
|move|p1a: Arceus|Stealth Rock|p2a: Brighteous Hope
|-sidestart|p2: BuckfromGothamCity|move: Stealth Rock
|
|upkeep
|turn|56
|
|t:|1667244372
|switch|p2a: Solar mountain|Necrozma-Dusk-Mane|94/100 brn
|-damage|p2a: Solar mountain|88/100 brn|[from] Stealth Rock
|move|p1a: Arceus|Toxic||[still]
|-fail|p1a: Arceus
|
|-damage|p2a: Solar mountain|82/100 brn|[from] brn
|upkeep
|turn|57
|
|t:|1667244377
|switch|p1a: Yveltal|Yveltal, shiny|63/100
|-ability|p1a: Yveltal|Dark Aura
|move|p2a: Solar mountain|Stealth Rock|p1a: Yveltal
|-sidestart|p1: Defensive0|move: Stealth Rock
|
|-damage|p2a: Solar mountain|76/100 brn|[from] brn
|upkeep
|turn|58
|
|t:|1667244381
|move|p1a: Yveltal|Steel Wing|p2a: Solar mountain
|-resisted|p2a: Solar mountain
|-damage|p2a: Solar mountain|70/100 brn
|move|p2a: Solar mountain|Morning Sun|p2a: Solar mountain
|-heal|p2a: Solar mountain|100/100 brn
|
|-damage|p2a: Solar mountain|94/100 brn|[from] brn
|upkeep
|turn|59
|
|t:|1667244385
|move|p1a: Yveltal|Steel Wing|p2a: Solar mountain
|-resisted|p2a: Solar mountain
|-damage|p2a: Solar mountain|88/100 brn
|move|p2a: Solar mountain|Sunsteel Strike|p1a: Yveltal
|-damage|p1a: Yveltal|38/100
|
|-damage|p2a: Solar mountain|82/100 brn|[from] brn
|upkeep
|turn|60
|
|t:|1667244391
|switch|p2a: Brighteous Hope|Arceus-Fairy|100/100
|-damage|p2a: Brighteous Hope|88/100|[from] Stealth Rock
|move|p1a: Yveltal|Knock Off|p2a: Brighteous Hope
|-resisted|p2a: Brighteous Hope
|-damage|p2a: Brighteous Hope|77/100
|
|upkeep
|turn|61
|
|t:|1667244399
|switch|p1a: Blissey|Blissey, F|86/100
|switch|p2a: dragon guardian|Zygarde-Complete|40/100
|-damage|p2a: dragon guardian|34/100|[from] Stealth Rock
|
|upkeep
|turn|62
|
|t:|1667244405
|switch|p1a: Giratina|Giratina|100/100
|-damage|p1a: Giratina|88/100|[from] Stealth Rock
|-ability|p1a: Giratina|Pressure
|move|p2a: dragon guardian|Rest|p2a: dragon guardian
|-status|p2a: dragon guardian|slp|[from] move: Rest
|-heal|p2a: dragon guardian|100/100 slp|[silent]
|
|upkeep
|turn|63
|
|t:|1667244408
|switch|p2a: Brighteous Hope|Arceus-Fairy|77/100
|-damage|p2a: Brighteous Hope|64/100|[from] Stealth Rock
|move|p1a: Giratina|Defog|p2a: Brighteous Hope
|-unboost|p2a: Brighteous Hope|evasion|1
|-sideend|p2: BuckfromGothamCity|Stealth Rock|[from] move: Defog|[of] p1a: Giratina
|-sideend|p1: Defensive0|Stealth Rock|[from] move: Defog|[of] p1a: Giratina
|
|upkeep
|turn|64
|
|t:|1667244414
|switch|p2a: Phoenix King|Ho-Oh|76/100 tox
|switch|p1a: Arceus|Arceus-Fairy|88/100
|
|-damage|p2a: Phoenix King|70/100 tox|[from] psn
|upkeep
|turn|65
|
|t:|1667244418
|move|p1a: Arceus|Stealth Rock|p2a: Phoenix King
|-sidestart|p2: BuckfromGothamCity|move: Stealth Rock
|move|p2a: Phoenix King|Brave Bird|p1a: Arceus
|-damage|p1a: Arceus|41/100
|-damage|p2a: Phoenix King|54/100 tox|[from] Recoil
|
|-damage|p2a: Phoenix King|41/100 tox|[from] psn
|upkeep
|turn|66
|
|t:|1667244421
|switch|p2a: Brighteous Hope|Arceus-Fairy|64/100
|-damage|p2a: Brighteous Hope|52/100|[from] Stealth Rock
|move|p1a: Arceus|Recover|p1a: Arceus
|-heal|p1a: Arceus|91/100
|
|upkeep
|turn|67
|
|t:|1667244423
|switch|p2a: Solar mountain|Necrozma-Dusk-Mane|82/100 brn
|-damage|p2a: Solar mountain|76/100 brn|[from] Stealth Rock
|move|p1a: Arceus|Toxic||[still]
|-fail|p1a: Arceus
|
|-damage|p2a: Solar mountain|70/100 brn|[from] brn
|upkeep
|turn|68
|
|t:|1667244426
|switch|p1a: Yveltal|Yveltal, shiny|38/100
|-ability|p1a: Yveltal|Dark Aura
|move|p2a: Solar mountain|Stealth Rock|p1a: Yveltal
|-sidestart|p1: Defensive0|move: Stealth Rock
|
|-damage|p2a: Solar mountain|64/100 brn|[from] brn
|upkeep
|turn|69
|
|t:|1667244431
|move|p1a: Yveltal|Knock Off|p2a: Solar mountain
|-supereffective|p2a: Solar mountain
|-damage|p2a: Solar mountain|29/100 brn
|move|p2a: Solar mountain|Morning Sun|p2a: Solar mountain
|-heal|p2a: Solar mountain|79/100 brn
|
|-damage|p2a: Solar mountain|73/100 brn|[from] brn
|upkeep
|turn|70
|
|t:|1667244435
|switch|p2a: dragon guardian|Zygarde-Complete|100/100 slp
|-damage|p2a: dragon guardian|94/100 slp|[from] Stealth Rock
|move|p1a: Yveltal|Knock Off|p2a: dragon guardian
|-damage|p2a: dragon guardian|72/100 slp
|-enditem|p2a: dragon guardian|Safety Goggles|[from] move: Knock Off|[of] p1a: Yveltal
|
|upkeep
|turn|71
|
|t:|1667244440
|switch|p1a: Arceus|Arceus-Fairy|91/100
|-damage|p1a: Arceus|78/100|[from] Stealth Rock
|cant|p2a: dragon guardian|slp
|
|upkeep
|turn|72
|
|t:|1667244445
|switch|p1a: Giratina|Giratina|88/100
|-damage|p1a: Giratina|75/100|[from] Stealth Rock
|-ability|p1a: Giratina|Pressure
|switch|p2a: Bipolar degenerate|Chansey, F|88/100
|-damage|p2a: Bipolar degenerate|76/100|[from] Stealth Rock
|
|upkeep
|turn|73
|
|t:|1667244454
|move|p1a: Giratina|Defog|p2a: Bipolar degenerate
|-unboost|p2a: Bipolar degenerate|evasion|1
|-sideend|p2: BuckfromGothamCity|Stealth Rock|[from] move: Defog|[of] p1a: Giratina
|-sideend|p1: Defensive0|Stealth Rock|[from] move: Defog|[of] p1a: Giratina
|move|p2a: Bipolar degenerate|Heal Bell|p2a: Bipolar degenerate
|-activate|p2a: Bipolar degenerate|move: Heal Bell
|-curestatus|p2: Solar mountain|brn|[msg]
|-curestatus|p2: Phoenix King|tox|[msg]
|-curestatus|p2: dragon guardian|slp|[msg]
|
|upkeep
|turn|74
|
|t:|1667244466
|switch|p1a: Arceus|Arceus-Fairy|78/100
|switch|p2a: dragon guardian|Zygarde-Complete|72/100
|
|upkeep
|turn|75
|
|t:|1667244473
|switch|p2a: Solar mountain|Necrozma-Dusk-Mane|73/100
|move|p1a: Arceus|Judgment|p2a: Solar mountain
|-resisted|p2a: Solar mountain
|-damage|p2a: Solar mountain|55/100
|
|upkeep
|turn|76
|-message|Defensive0 forfeited.
|
|win|BuckfromGothamCity
|raw|Defensive0's rating: 1911 &rarr; <strong>1901</strong><br />(-10 for losing)
|raw|BuckfromGothamCity's rating: 2102 &rarr; <strong>2112</strong><br />(+10 for winning)
|l|☆Defensive0
||Ladder isn't responding, score probably updated but might not have (Request timeout).
