|j|☆30ovospor10reais
|j|☆pidgeyisgodlol
|t:|1669585840
|gametype|singles
|player|p1|30ovospor10reais|dawn|
|player|p2|pidgeyisgodlol|2|
|teamsize|p1|6
|teamsize|p2|6
|gen|8
|tier|[Gen 8] National Dex AG
|rule|HP Percentage Mod: HP is shown in percentages
|rule|Endless Battle Clause: Forcing endless battles is banned
|clearpoke
|poke|p1|Charizard, M|
|poke|p1|Dragapult, M|
|poke|p1|Excadrill, M|
|poke|p1|Toxtricity, M|
|poke|p1|Zoroark, M|
|poke|p1|Mimikyu, F|
|poke|p2|Lucario, F|
|poke|p2|Porygon-Z|
|poke|p2|Slowking-Galar, M|
|poke|p2|Dracovish|
|poke|p2|Mimikyu, F|
|poke|p2|Charizard, M|
|teampreview
|inactive|Battle timer is ON: inactive players will automatically lose when time's up. (requested by pidgeyisgodlol)
|c|☆30ovospor10reais|hoje é o dia da nossa batalha das finais
|c|☆30ovospor10reais|vamo esperar a plateia
|c|☆pidgeyisgodlol|ok
|inactive|30ovospor10reais has 270 seconds left.
|inactive|pidgeyisgodlol has 270 seconds left.
|c|☆30ovospor10reais|para esse timer ai tia
|c|☆pidgeyisgodlol|ai c7 qual é o comando de parar msm?
|c|☆pidgeyisgodlol|esqueci kk
|inactive|30ovospor10reais has 240 seconds left.
|inactive|pidgeyisgodlol has 240 seconds left.
|c|☆30ovospor10reais|tem q apertar no stop timer
|inactiveoff|Battle timer is now OFF.
|c|☆30ovospor10reais|pera
|c|☆30ovospor10reais|a
|c|☆30ovospor10reais|foi
|c|☆30ovospor10reais|acho q o art morreu
|c|☆pidgeyisgodlol|vish
|j| MatziinChampion
|c|☆30ovospor10reais|bom dia
|c| MatziinChampion|sim
|c|☆30ovospor10reais|top 10 melhores respostas
|c|☆30ovospor10reais|que vontade de começar logo
|c| MatziinChampion|sim
|j| Gustavo157msi
|c|☆30ovospor10reais|ae
|c|☆30ovospor10reais|art reviveu
|c|☆30ovospor10reais|agora é só esperar o ademe reviver o grupo
|c|☆30ovospor10reais|e eles entrarem pra espectar
|j| Art5623
|c| Art5623|oi
|c| MatziinChampion|pode começar
|l| Gustavo157msi
|c|☆30ovospor10reais|BOM DIA ADEME
|c| Art5623|enfim, podem começar
|
|t:|1669586296
|start
|switch|p1a: spiral|Toxtricity, M|100/100
|switch|p2a: Porygon-Z|Porygon-Z|100/100
|turn|1
|c|☆30ovospor10reais|escolhi o time
|
|t:|1669586302
|move|p1a: spiral|Nuzzle|p2a: Porygon-Z
|-damage|p2a: Porygon-Z|92/100
|-status|p2a: Porygon-Z|par
|cant|p2a: Porygon-Z|par
|
|upkeep
|turn|2
|c| Art5623|que seja uma ótima batalha
|j| hypezinznx
|
|t:|1669586310
|-start|p1a: spiral|Dynamax|Gmax
|-heal|p1a: spiral|100/100|[silent]
|move|p1a: spiral|G-Max Stun Shock|p2a: Porygon-Z
|-damage|p2a: Porygon-Z|2/100 par
|move|p2a: Porygon-Z|Trick Room|p2a: Porygon-Z
|-fieldstart|move: Trick Room|[of] p2a: Porygon-Z
|
|upkeep
|turn|3
|
|t:|1669586318
|cant|p2a: Porygon-Z|par
|move|p1a: spiral|Max Strike|p2a: Porygon-Z
|-damage|p2a: Porygon-Z|0 fnt
|faint|p2a: Porygon-Z
|
|upkeep
|
|t:|1669586338
|switch|p2a: Dracovish|Dracovish|100/100
|turn|4
|
|t:|1669586342
|move|p1a: spiral|G-Max Stun Shock|p2a: Dracovish
|-damage|p2a: Dracovish|23/100
|-status|p2a: Dracovish|psn
|move|p2a: Dracovish|Earthquake|p1a: spiral
|-supereffective|p1a: spiral
|-damage|p1a: spiral|0 fnt
|faint|p1a: spiral
|
|-damage|p2a: Dracovish|10/100 psn|[from] psn
|upkeep
|j| Gustavo157msi
|
|t:|1669586351
|switch|p1a: Mimmi|Mimikyu, F|100/100
|turn|5
|
|t:|1669586361
|move|p2a: Dracovish|Earthquake|p1a: Mimmi
|-activate|p1a: Mimmi|ability: Disguise
|-damage|p1a: Mimmi|100/100
|detailschange|p1a: Mimmi|Mimikyu-Busted, F
|-damage|p1a: Mimmi|88/100|[from] pokemon: Mimikyu-Busted
|move|p1a: Mimmi|Swords Dance|p1a: Mimmi
|-boost|p1a: Mimmi|atk|2
|
|-heal|p1a: Mimmi|94/100|[from] item: Leftovers
|-damage|p2a: Dracovish|0 fnt|[from] psn
|faint|p2a: Dracovish
|upkeep
|
|t:|1669586374
|switch|p2a: Charizard|Charizard, M, shiny|100/100
|turn|6
|
|t:|1669586381
|-start|p2a: Charizard|Dynamax|
|-heal|p2a: Charizard|100/100|[silent]
|move|p2a: Charizard|Max Airstream|p1a: Mimmi
|-damage|p1a: Mimmi|15/100
|-boost|p2a: Charizard|spe|1
|move|p1a: Mimmi|Shadow Claw|p2a: Charizard
|-damage|p2a: Charizard|65/100
|
|-heal|p1a: Mimmi|21/100|[from] item: Leftovers
|-fieldend|move: Trick Room
|upkeep
|turn|7
|
|t:|1669586397
|move|p2a: Charizard|Max Airstream|p1a: Mimmi
|-damage|p1a: Mimmi|0 fnt
|-boost|p2a: Charizard|spe|1
|faint|p1a: Mimmi
|
|upkeep
|
|t:|1669586404
|switch|p1a: Dragapult|Dragapult, M|100/100
|turn|8
|
|t:|1669586410
|move|p2a: Charizard|Max Wyrmwind|p1a: Dragapult
|-supereffective|p1a: Dragapult
|-crit|p1a: Dragapult
|-damage|p1a: Dragapult|0 fnt
|faint|p1a: Dragapult
|
|upkeep
|
|t:|1669586420
|switch|p1a: Excadrill|Excadrill, M|100/100
|-end|p2a: Charizard|Dynamax
|-heal|p2a: Charizard|65/100|[silent]
|turn|9
|
|t:|1669586427
|move|p2a: Charizard|Flamethrower|p1a: Excadrill
|-damage|p1a: Excadrill|0 fnt
|replace|p1a: Zoroark|Zoroark, M
|-end|p1a: Zoroark|Illusion
|faint|p1a: Zoroark
|
|upkeep
|c|☆30ovospor10reais|off
|c| MatziinChampion|eduuuuuuuuuu
|
|t:|1669586435
|switch|p1a: Charizard|Charizard, M|100/100
|turn|10
|
|t:|1669586442
|switch|p2a: Slowking|Slowking-Galar, M|100/100
|detailschange|p1a: Charizard|Charizard-Mega-X, M
|-mega|p1a: Charizard|Charizard|Charizardite X
|move|p1a: Charizard|Dragon Dance|p1a: Charizard
|-boost|p1a: Charizard|atk|1
|-boost|p1a: Charizard|spe|1
|
|upkeep
|turn|11
|
|t:|1669586450
|move|p1a: Charizard|Dragon Claw|p2a: Slowking
|-damage|p2a: Slowking|11/100
|move|p2a: Slowking|Trick Room|p2a: Slowking
|-fieldstart|move: Trick Room|[of] p2a: Slowking
|
|-heal|p2a: Slowking|17/100|[from] item: Black Sludge
|upkeep
|turn|12
|
|t:|1669586459
|move|p2a: Slowking|Yawn|p1a: Charizard
|-start|p1a: Charizard|move: Yawn|[of] p2a: Slowking
|move|p1a: Charizard|Thunder Punch|p2a: Slowking
|-damage|p2a: Slowking|0 fnt
|faint|p2a: Slowking
|
|upkeep
|j| Nyxus980
|
|t:|1669586468
|switch|p2a: Charizard|Charizard, M, shiny|65/100
|turn|13
|
|t:|1669586479
|move|p2a: Charizard|Flamethrower|p1a: Charizard
|-resisted|p1a: Charizard
|-damage|p1a: Charizard|78/100
|move|p1a: Charizard|Thunder Punch|p2a: Charizard
|-supereffective|p2a: Charizard
|-damage|p2a: Charizard|0 fnt
|faint|p2a: Charizard
|
|-end|p1a: Charizard|move: Yawn|[silent]
|-status|p1a: Charizard|slp
|upkeep
|c|☆30ovospor10reais|acho q vou perder
|
|t:|1669586487
|switch|p2a: Lucario|Lucario, F|100/100
|turn|14
|c| Nyxus980|Eita
|c|☆30ovospor10reais|tankei foi nothing kkkkkkk
|
|t:|1669586495
|detailschange|p2a: Lucario|Lucario-Mega, F
|-mega|p2a: Lucario|Lucario|Lucarionite
|move|p2a: Lucario|Close Combat|p1a: Charizard
|-damage|p1a: Charizard|0 fnt
|-unboost|p2a: Lucario|def|1
|-unboost|p2a: Lucario|spd|1
|faint|p1a: Charizard
|
|upkeep
|
|t:|1669586503
|switch|p1a: Excadrill|Excadrill, M|100/100
|turn|15
|
|t:|1669586509
|move|p1a: Excadrill|Earthquake|p2a: Lucario
|-supereffective|p2a: Lucario
|-damage|p2a: Lucario|0 fnt
|faint|p2a: Lucario
|
|-fieldend|move: Trick Room
|upkeep
|
|t:|1669586516
|switch|p2a: Mimikyu|Mimikyu, F|100/100
|turn|16
|
|t:|1669586532
|move|p2a: Mimikyu|Shadow Sneak|p1a: Excadrill
|-damage|p1a: Excadrill|84/100
|move|p1a: Excadrill|Rock Slide|p2a: Mimikyu
|-activate|p2a: Mimikyu|ability: Disguise
|-damage|p2a: Mimikyu|100/100
|detailschange|p2a: Mimikyu|Mimikyu-Busted, F
|-damage|p2a: Mimikyu|88/100|[from] pokemon: Mimikyu-Busted
|
|upkeep
|turn|17
|
|t:|1669586541
|move|p2a: Mimikyu|Shadow Sneak|p1a: Excadrill
|-damage|p1a: Excadrill|64/100
|move|p1a: Excadrill|Earthquake|p2a: Mimikyu
|-damage|p2a: Mimikyu|0 fnt
|faint|p2a: Mimikyu
|
|win|30ovospor10reais
|c|☆pidgeyisgodlol|boa luta
|c| Nyxus980|Ficou muito ansioso
|c| MatziinChampion|gg
|c| Art5623|bruh
|c| Nyxus980|Mas no final
|c|☆30ovospor10reais|top 2 viradas extraordinarias
|c| Nyxus980|Conseguiu
|c|☆30ovospor10reais|a top 1 é a contra o nyxus
|c| Art5623|triste Cisqueleto
|c| MatziinChampion|bora edu
|c| Art5623|tava torcendo pra vc
|c|☆pidgeyisgodlol|acontece
|c| Art5623|enfim...
|l| MatziinChampion
|c|☆30ovospor10reais|lutou bem
|c|☆pidgeyisgodlol|eu tbm errei umas coisas
