|j|☆Skinny Mermaid
|j|☆i feel stabby
|t:|1635280003
|gametype|singles
|player|p1|Skinny Mermaid|101|1529
|player|p2|i feel stabby|bellelba|1552
|teamsize|p1|6
|teamsize|p2|6
|gen|8
|tier|[Gen 8] National Dex AG
|rated|
|rule|HP Percentage Mod: HP is shown in percentages
|rule|Endless Battle Clause: Forcing endless battles is banned
|clearpoke
|poke|p1|Smeargle, M|
|poke|p1|Espeon, M|
|poke|p1|Arceus-*|
|poke|p1|Ditto|
|poke|p1|Marshadow|
|poke|p1|Arceus-*|
|poke|p2|Zacian-*|
|poke|p2|Rayquaza|
|poke|p2|Necrozma-Dusk-Mane|
|poke|p2|Yveltal|
|poke|p2|Zygarde|
|poke|p2|Ho-Oh|
|teampreview
|inactive|Battle timer is ON: inactive players will automatically lose when time's up. (requested by Skinny Mermaid)
|
|t:|1635280022
|start
|switch|p1a: Smeargle|Smeargle, M|100/100
|switch|p2a: Zacian|Zacian-Crowned|100/100
|-ability|p2a: Zacian|Intrepid Sword|boost
|-boost|p2a: Zacian|atk|1
|turn|1
|
|t:|1635280030
|move|p2a: Zacian|Substitute|p2a: Zacian
|-start|p2a: Zacian|Substitute
|-damage|p2a: Zacian|76/100
|move|p1a: Smeargle|Spore||[still]
|-fail|p1a: Smeargle
|
|-ability|p1a: Smeargle|Moody|boost
|-boost|p1a: Smeargle|spd|2
|-unboost|p1a: Smeargle|def|1
|upkeep
|turn|2
|
|t:|1635280049
|move|p2a: Zacian|Close Combat|p1a: Smeargle
|-supereffective|p1a: Smeargle
|-crit|p1a: Smeargle
|-enditem|p1a: Smeargle|Focus Sash
|-damage|p1a: Smeargle|1/100
|-unboost|p2a: Zacian|def|1
|-unboost|p2a: Zacian|spd|1
|move|p1a: Smeargle|Baton Pass|p1a: Smeargle
|
|t:|1635280067
|switch|p1a: Marshadow|Marshadow|100/100|[from]move: Baton Pass
|
|upkeep
|turn|3
|
|t:|1635280073
|switch|p2a: Necrozma|Necrozma-Dusk-Mane|100/100
|move|p1a: Marshadow|Spectral Thief|p2a: Necrozma
|-supereffective|p2a: Necrozma
|-damage|p2a: Necrozma|64/100
|-damage|p1a: Marshadow|84/100|[from] item: Rocky Helmet|[of] p2a: Necrozma
|
|upkeep
|turn|4
|
|t:|1635280082
|move|p1a: Marshadow|Spectral Thief|p2a: Necrozma
|-supereffective|p2a: Necrozma
|-damage|p2a: Necrozma|27/100
|-damage|p1a: Marshadow|67/100|[from] item: Rocky Helmet|[of] p2a: Necrozma
|move|p2a: Necrozma|Morning Sun|p2a: Necrozma
|-heal|p2a: Necrozma|77/100
|
|upkeep
|turn|5
|
|t:|1635280093
|switch|p1a: Smeargle|Smeargle, M|1/100
|move|p2a: Necrozma|Stealth Rock|p1a: Smeargle
|-sidestart|p1: Skinny Mermaid|move: Stealth Rock
|
|-ability|p1a: Smeargle|Moody|boost
|-boost|p1a: Smeargle|atk|2
|-unboost|p1a: Smeargle|spe|1
|upkeep
|turn|6
|
|t:|1635280115
|move|p2a: Necrozma|Sunsteel Strike|p1a: Smeargle
|-damage|p1a: Smeargle|0 fnt
|faint|p1a: Smeargle
|
|upkeep
|
|t:|1635280120
|switch|p1a: Arceus|Arceus|100/100
|-damage|p1a: Arceus|88/100|[from] Stealth Rock
|turn|7
|
|t:|1635280124
|move|p1a: Arceus|Swords Dance|p1a: Arceus
|-boost|p1a: Arceus|atk|2
|move|p2a: Necrozma|Knock Off|p1a: Arceus
|-damage|p1a: Arceus|67/100
|-enditem|p1a: Arceus|Sitrus Berry|[from] move: Knock Off|[of] p2a: Necrozma
|
|upkeep
|turn|8
|
|t:|1635280133
|switch|p2a: Ho-Oh|Ho-Oh|100/100
|-start|p1a: Arceus|Dynamax
|-heal|p1a: Arceus|67/100|[silent]
|move|p1a: Arceus|Max Quake|p2a: Ho-Oh
|-immune|p2a: Ho-Oh
|
|upkeep
|turn|9
|inactive|i feel stabby has 120 seconds left.
|
|t:|1635280163
|move|p1a: Arceus|Max Strike|p2a: Ho-Oh
|-damage|p2a: Ho-Oh|12/100
|-unboost|p2a: Ho-Oh|spe|1
|move|p2a: Ho-Oh|Sacred Fire|p1a: Arceus
|-damage|p1a: Arceus|53/100
|-status|p1a: Arceus|brn
|
|-damage|p1a: Arceus|50/100 brn|[from] brn
|upkeep
|turn|10
|l|☆Skinny Mermaid
|inactive|Skinny Mermaid disconnected and has a minute to reconnect!
|player|p1|
|j|☆Skinny Mermaid
|inactive|Skinny Mermaid reconnected and has 130 seconds left.
|player|p1|Skinny Mermaid|101
|
|t:|1635280192
|switch|p2a: Necrozma|Necrozma-Dusk-Mane|77/100
|move|p1a: Arceus|Max Strike|p2a: Necrozma
|-resisted|p2a: Necrozma
|-damage|p2a: Necrozma|60/100
|-unboost|p2a: Necrozma|spe|1
|
|-damage|p1a: Arceus|47/100 brn|[from] brn
|-end|p1a: Arceus|Dynamax
|-heal|p1a: Arceus|47/100 brn|[silent]
|upkeep
|turn|11
|
|t:|1635280201
|move|p1a: Arceus|Earthquake|p2a: Necrozma
|-supereffective|p2a: Necrozma
|-damage|p2a: Necrozma|32/100
|move|p2a: Necrozma|Morning Sun|p2a: Necrozma
|-heal|p2a: Necrozma|82/100
|
|-damage|p1a: Arceus|41/100 brn|[from] brn
|upkeep
|turn|12
|inactive|i feel stabby has 120 seconds left.
|
|t:|1635280240
|switch|p2a: Ho-Oh|Ho-Oh|45/100
|move|p1a: Arceus|Earthquake|p2a: Ho-Oh
|-immune|p2a: Ho-Oh
|
|-damage|p1a: Arceus|35/100 brn|[from] brn
|upkeep
|turn|13
|inactive|Skinny Mermaid has 120 seconds left.
|inactive|Skinny Mermaid has 90 seconds left.
|inactive|Skinny Mermaid has 60 seconds left.
|inactive|Skinny Mermaid has 30 seconds left.
|inactive|Skinny Mermaid has 20 seconds left.
|inactive|Skinny Mermaid has 15 seconds left.
|inactive|Skinny Mermaid has 10 seconds left.
|inactive|Skinny Mermaid has 5 seconds left.
|-message|Skinny Mermaid lost due to inactivity.
|
|win|i feel stabby
|raw|Skinny Mermaid's rating: 1529 &rarr; <strong>1510</strong><br />(-19 for losing)
|raw|i feel stabby's rating: 1552 &rarr; <strong>1571</strong><br />(+19 for winning)
||Ladder isn't responding, score probably updated but might not have (Request timeout).
