|j|☆carlandpaul
|j|☆qing_kong1423
|t:|1643575161
|gametype|singles
|player|p1|carlandpaul|2|1623
|player|p2|qing_kong1423|elesa-gen5bw2|1667
|teamsize|p1|6
|teamsize|p2|6
|gen|8
|tier|[Gen 8] National Dex AG
|rated|
|rule|HP Percentage Mod: HP is shown in percentages
|rule|Endless Battle Clause: Forcing endless battles is banned
|clearpoke
|poke|p1|Groudon|
|poke|p1|Gengar, M|
|poke|p1|Slurpuff, M|
|poke|p1|Arceus-*|
|poke|p1|Yveltal|
|poke|p1|Ditto|
|poke|p2|Arceus-*|
|poke|p2|Zacian-*|
|poke|p2|Kyogre|
|poke|p2|Rayquaza|
|poke|p2|Marshadow|
|poke|p2|Ditto|
|teampreview
|
|t:|1643575176
|start
|switch|p1a: Arceus|Arceus-Water|100/100
|switch|p2a: 走你所走的长路|Zacian-Crowned, shiny|100/100
|-ability|p2a: 走你所走的长路|Intrepid Sword|boost
|-boost|p2a: 走你所走的长路|atk|1
|turn|1
|
|t:|1643575180
|move|p2a: 走你所走的长路|Substitute|p2a: 走你所走的长路
|-start|p2a: 走你所走的长路|Substitute
|-damage|p2a: 走你所走的长路|76/100
|move|p1a: Arceus|Recover||[still]
|-fail|p1a: Arceus|heal
|
|upkeep
|turn|2
|
|t:|1643575182
|move|p2a: 走你所走的长路|Wild Charge|p1a: Arceus
|-supereffective|p1a: Arceus
|-damage|p1a: Arceus|16/100
|-damage|p2a: 走你所走的长路|49/100|[from] Recoil
|move|p1a: Arceus|Earthquake|p2a: 走你所走的长路
|-supereffective|p2a: 走你所走的长路
|-end|p2a: 走你所走的长路|Substitute
|
|upkeep
|turn|3
|
|t:|1643575186
|move|p2a: 走你所走的长路|Wild Charge|p1a: Arceus
|-supereffective|p1a: Arceus
|-damage|p1a: Arceus|0 fnt
|faint|p1a: Arceus
|-damage|p2a: 走你所走的长路|44/100|[from] Recoil
|
|upkeep
|
|t:|1643575192
|switch|p1a: Ditto|Ditto|100/100
|-transform|p1a: Ditto|p2a: 走你所走的长路|[from] ability: Imposter
|-ability|p1a: Ditto|Intrepid Sword|boost
|-boost|p1a: Ditto|atk|1
|turn|4
|
|t:|1643575195
|move|p1a: Ditto|Behemoth Blade|p2a: 走你所走的长路
|-damage|p2a: 走你所走的长路|0 fnt
|faint|p2a: 走你所走的长路
|
|upkeep
|
|t:|1643575198
|switch|p2a: 这样爱你啊|Kyogre, shiny|100/100
|detailschange|p2a: 这样爱你啊|Kyogre-Primal, shiny
|-primal|p2a: 这样爱你啊
|-weather|PrimordialSea|[from] ability: Primordial Sea|[of] p2a: 这样爱你啊
|turn|5
|
|t:|1643575202
|switch|p1a: Groudon|Groudon|100/100
|detailschange|p1a: Groudon|Groudon-Primal
|-primal|p1a: Groudon
|-weather|DesolateLand|[from] ability: Desolate Land|[of] p1a: Groudon
|move|p2a: 这样爱你啊|Scald||[still]
|-fail|p2a: 这样爱你啊|Scald|[from] Desolate Land
|
|-weather|DesolateLand|[upkeep]
|upkeep
|turn|6
|
|t:|1643575208
|switch|p2a: 我也将 见你未见的世界|Arceus-Electric, shiny|100/100
|move|p1a: Groudon|Stealth Rock|p2a: 我也将 见你未见的世界
|-sidestart|p2: qing_kong1423|move: Stealth Rock
|
|-weather|DesolateLand|[upkeep]
|upkeep
|turn|7
|
|t:|1643575210
|move|p2a: 我也将 见你未见的世界|Stealth Rock|p1a: Groudon
|-sidestart|p1: carlandpaul|move: Stealth Rock
|move|p1a: Groudon|Earthquake|p2a: 我也将 见你未见的世界
|-supereffective|p2a: 我也将 见你未见的世界
|-damage|p2a: 我也将 见你未见的世界|8/100
|
|-weather|DesolateLand|[upkeep]
|upkeep
|turn|8
|
|t:|1643575214
|move|p2a: 我也将 见你未见的世界|Earth Power|p1a: Groudon
|-supereffective|p1a: Groudon
|-damage|p1a: Groudon|47/100
|-unboost|p1a: Groudon|spd|1
|move|p1a: Groudon|Earthquake|p2a: 我也将 见你未见的世界
|-supereffective|p2a: 我也将 见你未见的世界
|-damage|p2a: 我也将 见你未见的世界|0 fnt
|faint|p2a: 我也将 见你未见的世界
|
|-weather|DesolateLand|[upkeep]
|upkeep
|
|t:|1643575218
|switch|p2a: 这样爱你啊|Kyogre-Primal, shiny|100/100
|-damage|p2a: 这样爱你啊|88/100|[from] Stealth Rock
|-weather|PrimordialSea|[from] ability: Primordial Sea|[of] p2a: 这样爱你啊
|turn|9
|
|t:|1643575221
|move|p2a: 这样爱你啊|Scald|p1a: Groudon
|-supereffective|p1a: Groudon
|-damage|p1a: Groudon|0 fnt
|faint|p1a: Groudon
|
|-weather|PrimordialSea|[upkeep]
|upkeep
|
|t:|1643575225
|switch|p1a: Ditto|Ditto|100/100
|-damage|p1a: Ditto|88/100|[from] Stealth Rock
|-transform|p1a: Ditto|p2a: 这样爱你啊|[from] ability: Imposter
|turn|10
|
|t:|1643575230
|move|p1a: Ditto|Scald|p2a: 这样爱你啊
|-resisted|p2a: 这样爱你啊
|-damage|p2a: 这样爱你啊|62/100
|-status|p2a: 这样爱你啊|brn
|move|p2a: 这样爱你啊|Calm Mind|p2a: 这样爱你啊
|-boost|p2a: 这样爱你啊|spa|1
|-boost|p2a: 这样爱你啊|spd|1
|
|-weather|PrimordialSea|[upkeep]
|-damage|p2a: 这样爱你啊|56/100 brn|[from] brn
|upkeep
|turn|11
|
|t:|1643575238
|switch|p1a: Slurpuff|Slurpuff, M|100/100
|-damage|p1a: Slurpuff|88/100|[from] Stealth Rock
|move|p2a: 这样爱你啊|Calm Mind|p2a: 这样爱你啊
|-boost|p2a: 这样爱你啊|spa|1
|-boost|p2a: 这样爱你啊|spd|1
|
|-weather|PrimordialSea|[upkeep]
|-damage|p2a: 这样爱你啊|49/100 brn|[from] brn
|upkeep
|turn|12
|
|t:|1643575240
|move|p1a: Slurpuff|Sticky Web|p2a: 这样爱你啊
|-sidestart|p2: qing_kong1423|move: Sticky Web
|move|p2a: 这样爱你啊|Scald|p1a: Slurpuff
|-damage|p1a: Slurpuff|0 fnt
|faint|p1a: Slurpuff
|
|-weather|PrimordialSea|[upkeep]
|-damage|p2a: 这样爱你啊|43/100 brn|[from] brn
|upkeep
|
|t:|1643575246
|switch|p1a: Ditto|Ditto|88/100
|-damage|p1a: Ditto|76/100|[from] Stealth Rock
|-transform|p1a: Ditto|p2a: 这样爱你啊|[from] ability: Imposter
|turn|13
|
|t:|1643575248
|move|p1a: Ditto|Scald|p2a: 这样爱你啊
|-resisted|p2a: 这样爱你啊
|-damage|p2a: 这样爱你啊|17/100 brn
|move|p2a: 这样爱你啊|Scald|p1a: Ditto
|-resisted|p1a: Ditto
|-damage|p1a: Ditto|43/100
|
|-weather|PrimordialSea|[upkeep]
|-damage|p2a: 这样爱你啊|11/100 brn|[from] brn
|upkeep
|turn|14
|
|t:|1643575254
|move|p1a: Ditto|Scald|p2a: 这样爱你啊
|-resisted|p2a: 这样爱你啊
|-damage|p2a: 这样爱你啊|0 fnt
|faint|p2a: 这样爱你啊
|
|-weather|PrimordialSea|[upkeep]
|upkeep
|
|t:|1643575261
|switch|p2a: 愿你所愿的永远|Rayquaza, shiny|100/100
|-damage|p2a: 愿你所愿的永远|76/100|[from] Stealth Rock
|-ability|p2a: 愿你所愿的永远|Air Lock
|turn|15
|
|t:|1643575266
|detailschange|p2a: 愿你所愿的永远|Rayquaza-Mega, shiny
|-mega|p2a: 愿你所愿的永远|Rayquaza|
|-weather|DeltaStream|[from] ability: Delta Stream|[of] p2a: 愿你所愿的永远
|move|p1a: Ditto|Scald|p2a: 愿你所愿的永远
|-resisted|p2a: 愿你所愿的永远
|-damage|p2a: 愿你所愿的永远|19/100
|move|p2a: 愿你所愿的永远|Dragon Ascent|p1a: Ditto
|-damage|p1a: Ditto|0 fnt
|-unboost|p2a: 愿你所愿的永远|def|1
|-unboost|p2a: 愿你所愿的永远|spd|1
|faint|p1a: Ditto
|-damage|p2a: 愿你所愿的永远|9/100|[from] item: Life Orb
|
|-weather|DeltaStream|[upkeep]
|upkeep
|
|t:|1643575277
|switch|p1a: Gengar|Gengar, M|100/100
|-damage|p1a: Gengar|88/100|[from] Stealth Rock
|turn|16
|
|t:|1643575281
|detailschange|p1a: Gengar|Gengar-Mega, M
|-mega|p1a: Gengar|Gengar|Gengarite
|move|p1a: Gengar|Shadow Ball|p2a: 愿你所愿的永远
|-damage|p2a: 愿你所愿的永远|0 fnt
|faint|p2a: 愿你所愿的永远
|-weather|none
|
|upkeep
|
|t:|1643575285
|switch|p2a: 写你未写的诗篇|Marshadow|100/100
|-activate|p2a: 写你未写的诗篇|move: Sticky Web
|-unboost|p2a: 写你未写的诗篇|spe|1
|-damage|p2a: 写你未写的诗篇|94/100|[from] Stealth Rock
|turn|17
|
|t:|1643575292
|move|p2a: 写你未写的诗篇|Shadow Sneak|p1a: Gengar
|-supereffective|p1a: Gengar
|-damage|p1a: Gengar|0 fnt
|faint|p1a: Gengar
|-damage|p2a: 写你未写的诗篇|84/100|[from] item: Life Orb
|
|upkeep
|
|t:|1643575294
|switch|p1a: Yveltal|Yveltal|100/100
|-damage|p1a: Yveltal|76/100|[from] Stealth Rock
|-ability|p1a: Yveltal|Dark Aura
|turn|18
|
|t:|1643575298
|-start|p2a: 写你未写的诗篇|Dynamax
|-heal|p2a: 写你未写的诗篇|84/100|[silent]
|move|p1a: Yveltal|Oblivion Wing|p2a: 写你未写的诗篇
|-supereffective|p2a: 写你未写的诗篇
|-damage|p2a: 写你未写的诗篇|25/100
|-heal|p1a: Yveltal|100/100|[from] drain|[of] p2a: 写你未写的诗篇
|-damage|p1a: Yveltal|91/100|[from] item: Life Orb
|move|p2a: 写你未写的诗篇|Max Hailstorm|p1a: Yveltal
|-supereffective|p1a: Yveltal
|-damage|p1a: Yveltal|0 fnt
|-weather|Hail
|faint|p1a: Yveltal
|-damage|p2a: 写你未写的诗篇|20/100|[from] item: Life Orb
|
|win|qing_kong1423
|raw|carlandpaul's rating: 1623 &rarr; <strong>1606</strong><br />(-17 for losing)
|raw|qing_kong1423's rating: 1667 &rarr; <strong>1684</strong><br />(+17 for winning)
|l|☆carlandpaul
