|j|☆u5r5u
|j|☆Clownnin
|t:|1665057336
|gametype|singles
|player|p1|u5r5u|clerkf|1703
|player|p2|Clownnin|clown|1792
|teamsize|p1|6
|teamsize|p2|6
|gen|8
|tier|[Gen 8] National Dex AG
|rated|
|rule|HP Percentage Mod: HP is shown in percentages
|rule|Endless Battle Clause: Forcing endless battles is banned
|clearpoke
|poke|p1|Ditto|
|poke|p1|Calyrex-Shadow|
|poke|p1|Yveltal|
|poke|p1|Zacian-*|
|poke|p1|Kyogre|
|poke|p1|Necrozma-Dusk-Mane|
|poke|p2|Arceus-*|
|poke|p2|Arceus-*|
|poke|p2|Arceus-*|
|poke|p2|Arceus-*|
|poke|p2|Arceus-*|
|poke|p2|Arceus-*|
|teampreview
|inactive|Battle timer is ON: inactive players will automatically lose when time's up. (requested by Clownnin)
|
|t:|1665057347
|start
|switch|p1a: Zacian|Zacian-Crowned|100/100
|switch|p2a: Arceus|Arceus-Ground|100/100
|-ability|p1a: Zacian|Intrepid Sword|boost
|-boost|p1a: Zacian|atk|1
|turn|1
|
|t:|1665057351
|switch|p1a: Yveltal|Yveltal|100/100
|-ability|p1a: Yveltal|Dark Aura
|move|p2a: Arceus|Judgment|p1a: Yveltal
|-immune|p1a: Yveltal
|
|upkeep
|turn|2
|
|t:|1665057356
|move|p1a: Yveltal|Taunt|p2a: Arceus
|-start|p2a: Arceus|move: Taunt
|cant|p2a: Arceus|move: Taunt|Stealth Rock
|
|upkeep
|turn|3
|
|t:|1665057362
|move|p1a: Yveltal|Dark Pulse|p2a: Arceus
|-damage|p2a: Arceus|50/100
|-damage|p1a: Yveltal|91/100|[from] item: Life Orb
|move|p2a: Arceus|Ice Beam|p1a: Yveltal
|-supereffective|p1a: Yveltal
|-damage|p1a: Yveltal|31/100
|
|upkeep
|turn|4
|
|t:|1665057372
|switch|p2a: Arceus|Arceus-Fairy|100/100
|move|p1a: Yveltal|Dark Pulse|p2a: Arceus
|-resisted|p2a: Arceus
|-damage|p2a: Arceus|76/100
|-damage|p1a: Yveltal|21/100|[from] item: Life Orb
|
|upkeep
|turn|5
|
|t:|1665057377
|switch|p2a: Arceus|Arceus-Ground|50/100
|switch|p1a: Zacian|Zacian-Crowned|100/100
|-ability|p1a: Zacian|Intrepid Sword|boost
|-boost|p1a: Zacian|atk|1
|
|upkeep
|turn|6
|
|t:|1665057387
|switch|p2a: Arceus|Arceus-Water|100/100
|move|p1a: Zacian|Behemoth Blade|p2a: Arceus
|-resisted|p2a: Arceus
|-damage|p2a: Arceus|78/100
|
|upkeep
|turn|7
|
|t:|1665057393
|move|p1a: Zacian|Substitute|p1a: Zacian
|-start|p1a: Zacian|Substitute
|-damage|p1a: Zacian|76/100
|move|p2a: Arceus|Judgment|p1a: Zacian
|-end|p1a: Zacian|Substitute
|
|upkeep
|turn|8
|
|t:|1665057399
|move|p1a: Zacian|Wild Charge|p2a: Arceus
|-supereffective|p2a: Arceus
|-crit|p2a: Arceus
|-damage|p2a: Arceus|0 fnt
|faint|p2a: Arceus
|-damage|p1a: Zacian|49/100|[from] Recoil
|
|upkeep
|
|t:|1665057407
|switch|p2a: Arceus|Arceus-Ghost|100/100
|turn|9
|
|t:|1665057414
|move|p1a: Zacian|Behemoth Blade|p2a: Arceus
|-damage|p2a: Arceus|27/100
|-zpower|p2a: Arceus
|move|p2a: Arceus|Never-Ending Nightmare|p1a: Zacian|[zeffect]
|-damage|p1a: Zacian|0 fnt
|faint|p1a: Zacian
|
|upkeep
|
|t:|1665057424
|switch|p1a: Yveltal|Yveltal|21/100
|-ability|p1a: Yveltal|Dark Aura
|turn|10
|
|t:|1665057426
|switch|p2a: Arceus|Arceus-Fairy|76/100
|move|p1a: Yveltal|Oblivion Wing|p2a: Arceus
|-crit|p2a: Arceus
|-damage|p2a: Arceus|25/100
|-heal|p1a: Yveltal|64/100|[from] drain|[of] p2a: Arceus
|-damage|p1a: Yveltal|54/100|[from] item: Life Orb
|
|upkeep
|turn|11
|
|t:|1665057438
|move|p2a: Arceus|Recover|p2a: Arceus
|-heal|p2a: Arceus|75/100
|move|p1a: Yveltal|Oblivion Wing|p2a: Arceus
|-damage|p2a: Arceus|39/100
|-heal|p1a: Yveltal|85/100|[from] drain|[of] p2a: Arceus
|-damage|p1a: Yveltal|75/100|[from] item: Life Orb
|
|upkeep
|turn|12
|
|t:|1665057450
|-start|p1a: Yveltal|Dynamax|
|-heal|p1a: Yveltal|75/100|[silent]
|move|p2a: Arceus|Judgment|p1a: Yveltal
|-supereffective|p1a: Yveltal
|-damage|p1a: Yveltal|34/100
|move|p1a: Yveltal|Max Airstream|p2a: Arceus
|-damage|p2a: Arceus|0 fnt
|-boost|p1a: Yveltal|spe|1
|faint|p2a: Arceus
|-damage|p1a: Yveltal|29/100|[from] item: Life Orb
|
|upkeep
|
|t:|1665057456
|switch|p2a: Arceus|Arceus-Dark|100/100
|turn|13
|
|t:|1665057460
|move|p1a: Yveltal|Max Darkness|p2a: Arceus
|-resisted|p2a: Arceus
|-damage|p2a: Arceus|64/100
|-unboost|p2a: Arceus|spd|1
|-damage|p1a: Yveltal|24/100|[from] item: Life Orb
|move|p2a: Arceus|Calm Mind|p2a: Arceus
|-boost|p2a: Arceus|spa|1
|-boost|p2a: Arceus|spd|1
|
|upkeep
|turn|14
|
|t:|1665057472
|move|p1a: Yveltal|Max Darkness|p2a: Arceus
|-resisted|p2a: Arceus
|-damage|p2a: Arceus|27/100
|-unboost|p2a: Arceus|spd|1
|-damage|p1a: Yveltal|19/100|[from] item: Life Orb
|move|p2a: Arceus|Recover|p2a: Arceus
|-heal|p2a: Arceus|77/100
|
|upkeep
|-end|p1a: Yveltal|Dynamax
|-heal|p1a: Yveltal|20/100|[silent]
|turn|15
|
|t:|1665057479
|move|p1a: Yveltal|Oblivion Wing|p2a: Arceus
|-damage|p2a: Arceus|25/100
|-heal|p1a: Yveltal|63/100|[from] drain|[of] p2a: Arceus
|-damage|p1a: Yveltal|53/100|[from] item: Life Orb
|move|p2a: Arceus|Calm Mind|p2a: Arceus
|-boost|p2a: Arceus|spa|1
|-boost|p2a: Arceus|spd|1
|
|upkeep
|turn|16
|c|☆Clownnin|Please teach me how to crit every turn
|c|☆Clownnin|Would be nice to know
|-message|Clownnin forfeited.
|
|win|u5r5u
|raw|u5r5u's rating: 1703 &rarr; <strong>1728</strong><br />(+25 for winning)
|raw|Clownnin's rating: 1792 &rarr; <strong>1767</strong><br />(-25 for losing)
|l|☆Clownnin
||Ladder isn't responding, score probably updated but might not have (Request timeout).
