|j|☆p1234ppp
|j|☆DIreHanDs
|t:|1663247569
|gametype|singles
|player|p1|p1234ppp|265|1409
|player|p2|DIreHanDs|gambler|1616
|teamsize|p1|6
|teamsize|p2|6
|gen|8
|tier|[Gen 8] National Dex AG
|rated|
|rule|HP Percentage Mod: HP is shown in percentages
|rule|Endless Battle Clause: Forcing endless battles is banned
|clearpoke
|poke|p1|Skarmory, F|
|poke|p1|Arceus-*|
|poke|p1|Arceus-*|
|poke|p1|Arceus-*|
|poke|p1|Lucario, M|
|poke|p1|Arceus-*|
|poke|p2|Arceus-*|
|poke|p2|Arceus-*|
|poke|p2|Arceus-*|
|poke|p2|Arceus-*|
|poke|p2|Arceus-*|
|poke|p2|Arceus-*|
|teampreview
|c|☆p1234ppp|hmmmmmmmmmmmmmmmmmmm
|c|☆p1234ppp|1616 gawd damn
|inactive|Battle timer is ON: inactive players will automatically lose when time's up. (requested by p1234ppp)
|
|t:|1663247612
|start
|switch|p1a: Lucario|Lucario, M|100/100
|switch|p2a: Kyogree|Arceus-Water|100/100
|turn|1
|
|t:|1663247616
|move|p1a: Lucario|Final Gambit|p2a: Kyogree
|-damage|p2a: Kyogree|23/100
|faint|p1a: Lucario
|move|p2a: Kyogree|Will-O-Wisp|p1: Lucario|[notarget]
|-fail|p2a: Kyogree
|
|upkeep
|
|t:|1663247618
|switch|p1a: Skarmory|Skarmory, F, shiny|100/100
|turn|2
|
|t:|1663247644
|move|p2a: Kyogree|Will-O-Wisp|p1a: Skarmory
|-status|p1a: Skarmory|brn
|move|p1a: Skarmory|Stealth Rock|p2a: Kyogree
|-sidestart|p2: DIreHanDs|move: Stealth Rock
|
|-damage|p1a: Skarmory|95/100 brn|[from] brn
|upkeep
|turn|3
|
|t:|1663247650
|move|p2a: Kyogree|Recover|p2a: Kyogree
|-heal|p2a: Kyogree|73/100
|move|p1a: Skarmory|Spikes|p2a: Kyogree
|-sidestart|p2: DIreHanDs|Spikes
|
|-damage|p1a: Skarmory|89/100 brn|[from] brn
|upkeep
|turn|4
|
|t:|1663247667
|move|p2a: Kyogree|Judgment|p1a: Skarmory
|-damage|p1a: Skarmory|18/100 brn
|move|p1a: Skarmory|Spikes|p2a: Kyogree
|-sidestart|p2: DIreHanDs|Spikes
|
|-damage|p1a: Skarmory|12/100 brn|[from] brn
|upkeep
|turn|5
|
|t:|1663247672
|move|p2a: Kyogree|Judgment|p1a: Skarmory
|-damage|p1a: Skarmory|0 fnt
|faint|p1a: Skarmory
|
|upkeep
|
|t:|1663247674
|switch|p1a: Arceus|Arceus|100/100
|turn|6
|inactive|DIreHanDs has 120 seconds left.
|
|t:|1663247720
|move|p1a: Arceus|Swords Dance|p1a: Arceus
|-boost|p1a: Arceus|atk|2
|move|p2a: Kyogree|Will-O-Wisp|p1a: Arceus
|-status|p1a: Arceus|brn
|-enditem|p1a: Arceus|Lum Berry|[eat]
|-curestatus|p1a: Arceus|brn|[msg]
|
|upkeep
|turn|7
|
|t:|1663247734
|-start|p1a: Arceus|Dynamax|
|-heal|p1a: Arceus|100/100|[silent]
|move|p1a: Arceus|Max Strike|p2a: Kyogree
|-damage|p2a: Kyogree|11/100
|-unboost|p2a: Kyogree|spe|1
|move|p2a: Kyogree|Will-O-Wisp|p1a: Arceus
|-status|p1a: Arceus|brn
|
|-damage|p1a: Arceus|97/100 brn|[from] brn
|upkeep
|turn|8
|inactive|DIreHanDs has 120 seconds left.
|c|☆p1234ppp|ffs
|
|t:|1663247747
|move|p1a: Arceus|Max Strike|p2a: Kyogree
|-damage|p2a: Kyogree|0 fnt
|faint|p2a: Kyogree
|
|-damage|p1a: Arceus|94/100 brn|[from] brn
|upkeep
|
|t:|1663247751
|switch|p2a: GeMmeS|Arceus|100/100
|-damage|p2a: GeMmeS|88/100|[from] Stealth Rock
|-damage|p2a: GeMmeS|71/100|[from] Spikes
|turn|9
|
|t:|1663247755
|move|p1a: Arceus|Max Quake|p2a: GeMmeS
|-damage|p2a: GeMmeS|43/100
|-boost|p1a: Arceus|spd|1
|move|p2a: GeMmeS|Swords Dance|p2a: GeMmeS
|-boost|p2a: GeMmeS|atk|2
|
|-damage|p1a: Arceus|91/100 brn|[from] brn
|upkeep
|-end|p1a: Arceus|Dynamax
|-heal|p1a: Arceus|91/100 brn|[silent]
|turn|10
|
|t:|1663247761
|move|p1a: Arceus|Recover|p1a: Arceus
|-heal|p1a: Arceus|100/100 brn
|move|p2a: GeMmeS|Recover|p2a: GeMmeS
|-heal|p2a: GeMmeS|93/100
|
|-damage|p1a: Arceus|94/100 brn|[from] brn
|upkeep
|turn|11
|
|t:|1663247766
|move|p1a: Arceus|Swords Dance|p1a: Arceus
|-boost|p1a: Arceus|atk|2
|move|p2a: GeMmeS|Swords Dance|p2a: GeMmeS
|-boost|p2a: GeMmeS|atk|2
|
|-damage|p1a: Arceus|88/100 brn|[from] brn
|upkeep
|turn|12
|
|t:|1663247770
|move|p1a: Arceus|Extreme Speed|p2a: GeMmeS
|-damage|p2a: GeMmeS|53/100
|move|p2a: GeMmeS|Swords Dance|p2a: GeMmeS
|-boost|p2a: GeMmeS|atk|2
|
|-damage|p1a: Arceus|82/100 brn|[from] brn
|upkeep
|turn|13
|
|t:|1663247772
|move|p1a: Arceus|Extreme Speed|p2a: GeMmeS
|-damage|p2a: GeMmeS|9/100
|move|p2a: GeMmeS|Extreme Speed|p1a: Arceus
|-damage|p1a: Arceus|0 fnt
|faint|p1a: Arceus
|
|upkeep
|j| Mikatori
|
|t:|1663247778
|switch|p1a: Arceus|Arceus-Fairy|100/100
|turn|14
|
|t:|1663247785
|move|p2a: GeMmeS|Extreme Speed|p1a: Arceus
|-damage|p1a: Arceus|0 fnt
|faint|p1a: Arceus
|
|upkeep
|
|t:|1663247788
|switch|p1a: Arceus|Arceus|100/100
|turn|15
|l| Mikatori
|
|t:|1663247791
|move|p1a: Arceus|Extreme Speed|p2a: GeMmeS
|-damage|p2a: GeMmeS|0 fnt
|faint|p2a: GeMmeS
|
|upkeep
|
|t:|1663247797
|switch|p2a: Original|Arceus|100/100
|-damage|p2a: Original|88/100|[from] Stealth Rock
|-damage|p2a: Original|72/100|[from] Spikes
|turn|16
|
|t:|1663247800
|move|p1a: Arceus|Swords Dance|p1a: Arceus
|-boost|p1a: Arceus|atk|2
|move|p2a: Original|Reflect|p2a: Original
|-sidestart|p2: DIreHanDs|Reflect
|
|upkeep
|turn|17
|inactive|DIreHanDs has 120 seconds left.
|
|t:|1663247845
|switch|p2a: Pdon|Arceus-Ground|100/100
|-damage|p2a: Pdon|94/100|[from] Stealth Rock
|-damage|p2a: Pdon|78/100|[from] Spikes
|move|p1a: Arceus|Swords Dance|p1a: Arceus
|-boost|p1a: Arceus|atk|2
|
|upkeep
|turn|18
|
|t:|1663247852
|-start|p2a: Pdon|Dynamax|
|-heal|p2a: Pdon|78/100|[silent]
|move|p1a: Arceus|Shadow Force||[still]
|-prepare|p1a: Arceus|Shadow Force
|move|p2a: Pdon|Max Quake|p1a: Arceus|[miss]
|-miss|p2a: Pdon|p1a: Arceus
|
|upkeep
|turn|19
|inactive|DIreHanDs has 120 seconds left.
|
|t:|1663247860
|move|p1a: Arceus|Shadow Force|p2a: Pdon|[from]lockedmove
|-damage|p2a: Pdon|60/100
|move|p2a: Pdon|Max Quake|p1a: Arceus
|-damage|p1a: Arceus|48/100
|-boost|p2a: Pdon|spd|1
|
|-heal|p1a: Arceus|55/100|[from] item: Leftovers
|upkeep
|turn|20
|
|t:|1663247865
|move|p1a: Arceus|Recover|p1a: Arceus
|-heal|p1a: Arceus|100/100
|move|p2a: Pdon|Max Quake|p1a: Arceus
|-damage|p1a: Arceus|44/100
|-boost|p2a: Pdon|spd|1
|
|-heal|p1a: Arceus|50/100|[from] item: Leftovers
|upkeep
|-end|p2a: Pdon|Dynamax
|-heal|p2a: Pdon|60/100|[silent]
|turn|21
|
|t:|1663247870
|move|p1a: Arceus|Recover|p1a: Arceus
|-heal|p1a: Arceus|99/100
|move|p2a: Pdon|Calm Mind|p2a: Pdon
|-boost|p2a: Pdon|spa|1
|-boost|p2a: Pdon|spd|1
|
|-heal|p1a: Arceus|100/100|[from] item: Leftovers
|upkeep
|turn|22
|
|t:|1663247879
|move|p1a: Arceus|Extreme Speed|p2a: Pdon
|-damage|p2a: Pdon|25/100
|move|p2a: Pdon|Judgment|p1a: Arceus
|-damage|p1a: Arceus|40/100
|
|-heal|p1a: Arceus|46/100|[from] item: Leftovers
|upkeep
|turn|23
|
|t:|1663247885
|move|p1a: Arceus|Extreme Speed|p2a: Pdon
|-damage|p2a: Pdon|0 fnt
|faint|p2a: Pdon
|
|-heal|p1a: Arceus|53/100|[from] item: Leftovers
|-sideend|p2: DIreHanDs|Reflect
|upkeep
|
|t:|1663247896
|switch|p2a: Original|Arceus|72/100
|-damage|p2a: Original|59/100|[from] Stealth Rock
|-damage|p2a: Original|43/100|[from] Spikes
|turn|24
|
|t:|1663247897
|move|p1a: Arceus|Extreme Speed|p2a: Original
|-damage|p2a: Original|0 fnt
|faint|p2a: Original
|
|-heal|p1a: Arceus|59/100|[from] item: Leftovers
|upkeep
|
|t:|1663247900
|switch|p2a: Xerneass|Arceus-Fairy|100/100
|-damage|p2a: Xerneass|88/100|[from] Stealth Rock
|-damage|p2a: Xerneass|71/100|[from] Spikes
|turn|25
|
|t:|1663247902
|move|p1a: Arceus|Extreme Speed|p2a: Xerneass
|-damage|p2a: Xerneass|0 fnt
|faint|p2a: Xerneass
|
|-heal|p1a: Arceus|65/100|[from] item: Leftovers
|upkeep
|inactive|DIreHanDs has 120 seconds left.
|-message|DIreHanDs forfeited.
|
|win|p1234ppp
|raw|p1234ppp's rating: 1409 &rarr; <strong>1440</strong><br />(+31 for winning)
|raw|DIreHanDs's rating: 1616 &rarr; <strong>1585</strong><br />(-31 for losing)
|l|☆DIreHanDs
|c|☆p1234ppp|how the turntables lol gg
|c|☆p1234ppp|noob
||Ladder isn't responding, score probably updated but might not have (Request timeout).
