|j|☆Dragomer Ayaren
|j|☆Ahuehuehue
|t:|1639706348
|gametype|singles
|player|p1|Dragomer Ayaren|pokemaniac-gen2|1627
|player|p2|Ahuehuehue|pokekid|1852
|teamsize|p1|6
|teamsize|p2|6
|gen|8
|tier|[Gen 8] National Dex AG
|rated|
|rule|HP Percentage Mod: HP is shown in percentages
|rule|Endless Battle Clause: Forcing endless battles is banned
|clearpoke
|poke|p1|Arceus-*|
|poke|p1|Calyrex-Shadow|
|poke|p1|Arceus-*|
|poke|p1|Marshadow|
|poke|p1|Deoxys-Speed|
|poke|p1|Yveltal|
|poke|p2|Groudon|
|poke|p2|Rayquaza|
|poke|p2|Calyrex-Shadow|
|poke|p2|Yveltal|
|poke|p2|Necrozma-Dusk-Mane|
|poke|p2|Ditto|
|teampreview
|inactive|Battle timer is ON: inactive players will automatically lose when time's up. (requested by Dragomer Ayaren)
|
|t:|1639706356
|start
|switch|p1a: Rápido|Deoxys-Speed|100/100
|switch|p2a: Hunterstorm777|Yveltal, shiny|100/100
|-ability|p1a: Rápido|Pressure
|-ability|p2a: Hunterstorm777|Dark Aura
|turn|1
|
|t:|1639706363
|move|p1a: Rápido|Stealth Rock|p2a: Hunterstorm777
|-sidestart|p2: Ahuehuehue|move: Stealth Rock
|move|p2a: Hunterstorm777|Knock Off|p1a: Rápido
|-supereffective|p1a: Rápido
|-enditem|p1a: Rápido|Focus Sash
|-damage|p1a: Rápido|1/100
|
|upkeep
|turn|2
|
|t:|1639706370
|move|p1a: Rápido|Taunt|p2a: Hunterstorm777
|-start|p2a: Hunterstorm777|move: Taunt
|cant|p2a: Hunterstorm777|move: Taunt|Defog
|
|upkeep
|turn|3
|
|t:|1639706376
|move|p1a: Rápido|Spikes|p2a: Hunterstorm777
|-sidestart|p2: Ahuehuehue|Spikes
|move|p2a: Hunterstorm777|Knock Off|p1a: Rápido
|-supereffective|p1a: Rápido
|-damage|p1a: Rápido|0 fnt
|faint|p1a: Rápido
|
|upkeep
|
|t:|1639706381
|switch|p1a: Pássaro das Trevas|Yveltal|100/100
|-ability|p1a: Pássaro das Trevas|Dark Aura
|turn|4
|
|t:|1639706409
|switch|p2a: SANIC|Groudon, shiny|100/100
|-damage|p2a: SANIC|94/100|[from] Stealth Rock
|-damage|p2a: SANIC|82/100|[from] Spikes
|detailschange|p2a: SANIC|Groudon-Primal, shiny
|-primal|p2a: SANIC
|-weather|DesolateLand|[from] ability: Desolate Land|[of] p2a: SANIC
|-start|p1a: Pássaro das Trevas|Dynamax
|-heal|p1a: Pássaro das Trevas|100/100|[silent]
|move|p1a: Pássaro das Trevas|Max Airstream|p2a: SANIC
|-damage|p2a: SANIC|0 fnt
|-boost|p1a: Pássaro das Trevas|spe|1
|faint|p2a: SANIC
|-weather|none
|-damage|p1a: Pássaro das Trevas|96/100|[from] item: Life Orb
|
|upkeep
|
|t:|1639706413
|switch|p2a: Hunterstorm777|Yveltal, shiny|100/100
|-ability|p2a: Hunterstorm777|Dark Aura
|turn|5
|
|t:|1639706427
|move|p1a: Pássaro das Trevas|Max Airstream|p2a: Hunterstorm777
|-damage|p2a: Hunterstorm777|45/100
|-boost|p1a: Pássaro das Trevas|spe|1
|-damage|p1a: Pássaro das Trevas|91/100|[from] item: Life Orb
|move|p2a: Hunterstorm777|Roost|p2a: Hunterstorm777
|-heal|p2a: Hunterstorm777|95/100
|-singleturn|p2a: Hunterstorm777|move: Roost
|
|upkeep
|turn|6
|
|t:|1639706440
|move|p1a: Pássaro das Trevas|Max Ooze|p2a: Hunterstorm777
|-damage|p2a: Hunterstorm777|67/100
|-boost|p1a: Pássaro das Trevas|spa|1
|-damage|p1a: Pássaro das Trevas|86/100|[from] item: Life Orb
|move|p2a: Hunterstorm777|Roost|p2a: Hunterstorm777
|-heal|p2a: Hunterstorm777|100/100
|-singleturn|p2a: Hunterstorm777|move: Roost
|
|-end|p1a: Pássaro das Trevas|Dynamax
|-heal|p1a: Pássaro das Trevas|86/100|[silent]
|upkeep
|turn|7
|
|t:|1639706452
|move|p1a: Pássaro das Trevas|Oblivion Wing|p2a: Hunterstorm777
|-damage|p2a: Hunterstorm777|50/100
|-heal|p1a: Pássaro das Trevas|100/100|[from] drain|[of] p2a: Hunterstorm777
|-damage|p1a: Pássaro das Trevas|91/100|[from] item: Life Orb
|move|p2a: Hunterstorm777|Roost|p2a: Hunterstorm777
|-heal|p2a: Hunterstorm777|99/100
|-singleturn|p2a: Hunterstorm777|move: Roost
|
|upkeep
|turn|8
|
|t:|1639706461
|move|p1a: Pássaro das Trevas|Oblivion Wing|p2a: Hunterstorm777
|-damage|p2a: Hunterstorm777|51/100
|-heal|p1a: Pássaro das Trevas|100/100|[from] drain|[of] p2a: Hunterstorm777
|-damage|p1a: Pássaro das Trevas|91/100|[from] item: Life Orb
|move|p2a: Hunterstorm777|Defog|p1a: Pássaro das Trevas
|-unboost|p1a: Pássaro das Trevas|evasion|1
|-sideend|p2: Ahuehuehue|Spikes|[from] move: Defog|[of] p2a: Hunterstorm777
|-sideend|p2: Ahuehuehue|Stealth Rock|[from] move: Defog|[of] p2a: Hunterstorm777
|
|upkeep
|turn|9
|
|t:|1639706470
|move|p1a: Pássaro das Trevas|Oblivion Wing|p2a: Hunterstorm777
|-damage|p2a: Hunterstorm777|5/100
|-heal|p1a: Pássaro das Trevas|100/100|[from] drain|[of] p2a: Hunterstorm777
|-damage|p1a: Pássaro das Trevas|91/100|[from] item: Life Orb
|move|p2a: Hunterstorm777|Roost|p2a: Hunterstorm777
|-heal|p2a: Hunterstorm777|55/100
|-singleturn|p2a: Hunterstorm777|move: Roost
|
|upkeep
|turn|10
|
|t:|1639706479
|move|p1a: Pássaro das Trevas|Oblivion Wing|p2a: Hunterstorm777
|-damage|p2a: Hunterstorm777|10/100
|-heal|p1a: Pássaro das Trevas|100/100|[from] drain|[of] p2a: Hunterstorm777
|-damage|p1a: Pássaro das Trevas|91/100|[from] item: Life Orb
|move|p2a: Hunterstorm777|Roost|p2a: Hunterstorm777
|-heal|p2a: Hunterstorm777|60/100
|-singleturn|p2a: Hunterstorm777|move: Roost
|
|upkeep
|turn|11
|
|t:|1639706488
|move|p1a: Pássaro das Trevas|Oblivion Wing|p2a: Hunterstorm777
|-damage|p2a: Hunterstorm777|10/100
|-heal|p1a: Pássaro das Trevas|100/100|[from] drain|[of] p2a: Hunterstorm777
|-damage|p1a: Pássaro das Trevas|91/100|[from] item: Life Orb
|move|p2a: Hunterstorm777|Roost|p2a: Hunterstorm777
|-heal|p2a: Hunterstorm777|60/100
|-singleturn|p2a: Hunterstorm777|move: Roost
|
|upkeep
|turn|12
|
|t:|1639706498
|move|p1a: Pássaro das Trevas|Oblivion Wing|p2a: Hunterstorm777
|-damage|p2a: Hunterstorm777|10/100
|-heal|p1a: Pássaro das Trevas|100/100|[from] drain|[of] p2a: Hunterstorm777
|-damage|p1a: Pássaro das Trevas|91/100|[from] item: Life Orb
|move|p2a: Hunterstorm777|Roost|p2a: Hunterstorm777
|-heal|p2a: Hunterstorm777|60/100
|-singleturn|p2a: Hunterstorm777|move: Roost
|
|upkeep
|turn|13
|j| moderngenScientist
|
|t:|1639706510
|move|p1a: Pássaro das Trevas|Heat Wave|p2a: Hunterstorm777
|-damage|p2a: Hunterstorm777|21/100
|-damage|p1a: Pássaro das Trevas|81/100|[from] item: Life Orb
|move|p2a: Hunterstorm777|Roost|p2a: Hunterstorm777
|-heal|p2a: Hunterstorm777|71/100
|-singleturn|p2a: Hunterstorm777|move: Roost
|
|upkeep
|turn|14
|
|t:|1639706518
|move|p1a: Pássaro das Trevas|Dark Pulse|p2a: Hunterstorm777
|-resisted|p2a: Hunterstorm777
|-damage|p2a: Hunterstorm777|39/100
|-damage|p1a: Pássaro das Trevas|71/100|[from] item: Life Orb
|cant|p2a: Hunterstorm777|flinch
|
|upkeep
|turn|15
|
|t:|1639706524
|move|p1a: Pássaro das Trevas|Oblivion Wing|p2a: Hunterstorm777
|-damage|p2a: Hunterstorm777|0 fnt
|-heal|p1a: Pássaro das Trevas|100/100|[from] drain|[of] p2a: Hunterstorm777
|faint|p2a: Hunterstorm777
|-damage|p1a: Pássaro das Trevas|91/100|[from] item: Life Orb
|
|upkeep
|
|t:|1639706543
|switch|p2a: Ditto|Ditto, shiny|100/100
|-transform|p2a: Ditto|p1a: Pássaro das Trevas|[from] ability: Imposter
|-ability|p2a: Ditto|Dark Aura
|turn|16
|
|t:|1639706548
|-start|p2a: Ditto|Dynamax
|-heal|p2a: Ditto|100/100|[silent]
|move|p2a: Ditto|Max Airstream|p1a: Pássaro das Trevas
|-damage|p1a: Pássaro das Trevas|0 fnt
|-boost|p2a: Ditto|spe|1
|faint|p1a: Pássaro das Trevas
|
|upkeep
|
|t:|1639706556
|switch|p1a: Sombra|Marshadow|100/100
|turn|17
|l| moderngenScientist
|
|t:|1639706571
|move|p2a: Ditto|Max Darkness|p1a: Sombra
|-enditem|p1a: Sombra|Focus Sash
|-damage|p1a: Sombra|1/100
|-unboost|p1a: Sombra|spd|1
|move|p1a: Sombra|Spectral Thief||[still]
|-clearpositiveboost|p2a: Ditto|p1a: Sombra|move: Spectral Thief
|-boost|p1a: Sombra|spa|1
|-boost|p1a: Sombra|spe|3
|-anim|p1a: Sombra|Spectral Thief|p2a: Ditto
|-resisted|p2a: Ditto
|-damage|p2a: Ditto|86/100
|
|upkeep
|turn|18
|
|t:|1639706586
|move|p1a: Sombra|Ice Punch|p2a: Ditto
|-supereffective|p2a: Ditto
|-crit|p2a: Ditto
|-damage|p2a: Ditto|34/100
|move|p2a: Ditto|Max Airstream|p1a: Sombra
|-supereffective|p1a: Sombra
|-damage|p1a: Sombra|0 fnt
|-boost|p2a: Ditto|spe|1
|faint|p1a: Sombra
|
|-end|p2a: Ditto|Dynamax
|-heal|p2a: Ditto|34/100|[silent]
|upkeep
|
|t:|1639706598
|switch|p1a: Titã|Arceus-Ground|100/100
|turn|19
|
|t:|1639706606
|move|p2a: Ditto|Dark Pulse|p1a: Titã
|-damage|p1a: Titã|52/100
|move|p1a: Titã|Ice Beam|p2a: Ditto
|-supereffective|p2a: Ditto
|-damage|p2a: Ditto|0 fnt
|faint|p2a: Ditto
|
|upkeep
|
|t:|1639706614
|switch|p2a: DELTA VARIANT|Rayquaza|100/100
|-ability|p2a: DELTA VARIANT|Air Lock
|turn|20
|
|t:|1639706619
|detailschange|p2a: DELTA VARIANT|Rayquaza-Mega
|-mega|p2a: DELTA VARIANT|Rayquaza|
|-weather|DeltaStream|[from] ability: Delta Stream|[of] p2a: DELTA VARIANT
|move|p1a: Titã|Stealth Rock|p2a: DELTA VARIANT
|-sidestart|p2: Ahuehuehue|move: Stealth Rock
|move|p2a: DELTA VARIANT|Dragon Dance|p2a: DELTA VARIANT
|-boost|p2a: DELTA VARIANT|atk|1
|-boost|p2a: DELTA VARIANT|spe|1
|
|-weather|DeltaStream|[upkeep]
|upkeep
|turn|21
|
|t:|1639706637
|move|p2a: DELTA VARIANT|Dragon Ascent|p1a: Titã
|-damage|p1a: Titã|0 fnt
|-unboost|p2a: DELTA VARIANT|def|1
|-unboost|p2a: DELTA VARIANT|spd|1
|faint|p1a: Titã
|-damage|p2a: DELTA VARIANT|91/100|[from] item: Life Orb
|
|-weather|DeltaStream|[upkeep]
|upkeep
|
|t:|1639706644
|switch|p1a: Deus|Arceus, shiny|100/100
|turn|22
|
|t:|1639706650
|move|p1a: Deus|Extreme Speed|p2a: DELTA VARIANT
|-damage|p2a: DELTA VARIANT|6/100
|-damage|p1a: Deus|91/100|[from] item: Life Orb
|move|p2a: DELTA VARIANT|Dragon Ascent|p1a: Deus
|-damage|p1a: Deus|0 fnt
|-unboost|p2a: DELTA VARIANT|def|1
|-unboost|p2a: DELTA VARIANT|spd|1
|faint|p1a: Deus
|-damage|p2a: DELTA VARIANT|0 fnt|[from] item: Life Orb
|faint|p2a: DELTA VARIANT
|-weather|none
|
|upkeep
|inactive|Ahuehuehue has 120 seconds left.
|inactive|Ahuehuehue has 90 seconds left.
|
|t:|1639706722
|switch|p1a: Cavaleiro Fantasma|Calyrex-Shadow|100/100
|switch|p2a: Necrozma|Necrozma-Dusk-Mane, shiny|100/100
|-ability|p1a: Cavaleiro Fantasma|As One
|-ability|p1a: Cavaleiro Fantasma|Unnerve
|-damage|p2a: Necrozma|94/100|[from] Stealth Rock
|turn|23
|
|t:|1639706734
|move|p1a: Cavaleiro Fantasma|Astral Barrage|p2a: Necrozma
|-supereffective|p2a: Necrozma
|-damage|p2a: Necrozma|0 fnt
|faint|p2a: Necrozma
|-ability|p1a: Cavaleiro Fantasma|Grim Neigh|boost
|-boost|p1a: Cavaleiro Fantasma|spa|1
|
|upkeep
|
|t:|1639706738
|switch|p2a: MY LIL PONY|Calyrex-Shadow|100/100
|-ability|p2a: MY LIL PONY|As One
|-ability|p2a: MY LIL PONY|Unnerve
|-damage|p2a: MY LIL PONY|88/100|[from] Stealth Rock
|turn|24
|
|t:|1639706745
|move|p2a: MY LIL PONY|Astral Barrage|p1a: Cavaleiro Fantasma
|-supereffective|p1a: Cavaleiro Fantasma
|-enditem|p1a: Cavaleiro Fantasma|Focus Sash
|-damage|p1a: Cavaleiro Fantasma|1/100
|move|p1a: Cavaleiro Fantasma|Astral Barrage|p2a: MY LIL PONY
|-supereffective|p2a: MY LIL PONY
|-damage|p2a: MY LIL PONY|0 fnt
|faint|p2a: MY LIL PONY
|
|win|Dragomer Ayaren
|raw|Dragomer Ayaren's rating: 1627 &rarr; <strong>1658</strong><br />(+31 for winning)
|raw|Ahuehuehue's rating: 1852 &rarr; <strong>1821</strong><br />(-31 for losing)
|l|☆Ahuehuehue
||Ladder isn't responding, score probably updated but might not have (Request timeout).
