|j|☆Hogwashimperial
|j|☆Aunty Draculina
|player|p1|Hogwashimperial|swimmer-gen4|1416
|player|p2|Aunty Draculina|sightseer|1280
|teamsize|p1|6
|teamsize|p2|6
|gametype|singles
|gen|8
|tier|[Gen 8] National Dex AG
|rated|
|clearpoke
|poke|p1|Rayquaza|
|poke|p1|Zacian-Crowned|
|poke|p1|Groudon|
|poke|p1|Smeargle, F|
|poke|p1|Necrozma-Dusk-Mane|
|poke|p1|Zygarde|
|poke|p2|Swinub, L1, M|
|poke|p2|Groudon|
|poke|p2|Latios, M|
|poke|p2|Tapu Fini|
|poke|p2|Mew|
|poke|p2|Mew|
|rule|HP Percentage Mod: HP is shown in percentages
|rule|Endless Battle Clause: Forcing endless battles is banned
|teampreview
|j| imbleach
|c|☆Hogwashimperial|hello
|j| zacian is a girl
|j| poots dooky
|c|☆Hogwashimperial|do you remember me
|inactive|Battle timer is ON: inactive players will automatically lose when time's up. (requested by Hogwashimperial)
|c|☆Hogwashimperial|i sure as hell rememeber you
|
|start
|switch|p1a: Groudon|Groudon|100/100
|switch|p2a: cpl. trombley|Groudon|100/100
|detailschange|p2a: cpl. trombley|Groudon-Primal
|-primal|p2a: cpl. trombley
|-weather|DesolateLand|[from] ability: Desolate Land|[of] p2a: cpl. trombley
|detailschange|p1a: Groudon|Groudon-Primal
|-primal|p1a: Groudon
|turn|1
|c| poots dooky|no
|j| B Name
|c|☆Aunty Draculina|how did you set the timer without picking a move
|
|move|p2a: cpl. trombley|Earthquake|p1a: Groudon
|-supereffective|p1a: Groudon
|-damage|p1a: Groudon|35/100
|move|p1a: Groudon|Earth Power|p2a: cpl. trombley
|-supereffective|p2a: cpl. trombley
|-damage|p2a: cpl. trombley|1/100
|
|-weather|DesolateLand|[upkeep]
|upkeep
|turn|2
|j| champ watcher
|inactive|Hogwashimperial has 120 seconds left.
|j| xxliljonUFOxx
|inactive|Hogwashimperial has 90 seconds left.
|c|☆Aunty Draculina|>sets the timer
|c|☆Aunty Draculina|>doesn't pick a fucking move
|
|move|p2a: cpl. trombley|Earthquake|p1a: Groudon
|-supereffective|p1a: Groudon
|-damage|p1a: Groudon|0 fnt
|faint|p1a: Groudon
|
|-weather|DesolateLand|[upkeep]
|upkeep
|c|☆Hogwashimperial|bruh
|c|☆Hogwashimperial|wtf
|c|☆Hogwashimperial|is this a joke
|
|switch|p1a: Rayquaza|Rayquaza|100/100
|-ability|p1a: Rayquaza|Air Lock
|turn|3
|
|move|p1a: Rayquaza|Extreme Speed|p2a: cpl. trombley
|-damage|p2a: cpl. trombley|0 fnt
|faint|p2a: cpl. trombley
|-weather|none
|
|upkeep
|
|switch|p2a: hoge|Swinub, L1, M|100/100
|turn|4
|
|move|p1a: Rayquaza|Extreme Speed|p2a: hoge
|-enditem|p2a: hoge|Focus Sash
|-damage|p2a: hoge|9/100
|move|p2a: hoge|Endeavor|p1a: Rayquaza
|-damage|p1a: Rayquaza|1/100
|
|upkeep
|turn|5
|c|☆Hogwashimperial|hold up
|c|☆Hogwashimperial|werent u supposed to set a trick room
|
|switch|p2a: ragtime gal|Tapu Fini|100/100
|-fieldstart|move: Misty Terrain|[from] ability: Misty Surge|[of] p2a: ragtime gal
|detailschange|p1a: Rayquaza|Rayquaza-Mega
|-mega|p1a: Rayquaza|Rayquaza|
|-weather|DeltaStream|[from] ability: Delta Stream|[of] p1a: Rayquaza
|move|p1a: Rayquaza|Extreme Speed|p2a: ragtime gal
|-damage|p2a: ragtime gal|72/100
|
|-weather|DeltaStream|[upkeep]
|-heal|p2a: ragtime gal|78/100|[from] item: Leftovers
|upkeep
|turn|6
|c|☆Hogwashimperial|nice play
|
|move|p1a: Rayquaza|Dragon Ascent|p2a: ragtime gal
|-damage|p2a: ragtime gal|11/100
|-unboost|p1a: Rayquaza|def|1
|-unboost|p1a: Rayquaza|spd|1
|move|p2a: ragtime gal|Scald|p1a: Rayquaza
|-resisted|p1a: Rayquaza
|-damage|p1a: Rayquaza|0 fnt
|faint|p1a: Rayquaza
|-weather|none
|
|-heal|p2a: ragtime gal|17/100|[from] item: Leftovers
|upkeep
|c|☆Aunty Draculina|i live for your approval
|c|☆Hogwashimperial|oh god
|c|☆Hogwashimperial|dat tanky
|c|☆Hogwashimperial|yeah most people do
|
|switch|p1a: Zacian|Zacian-Crowned|100/100
|-ability|p1a: Zacian|Intrepid Sword|boost
|-boost|p1a: Zacian|atk|1
|turn|7
|j| LenWanTwo
|
|move|p1a: Zacian|Behemoth Blade|p2a: ragtime gal
|-damage|p2a: ragtime gal|0 fnt
|faint|p2a: ragtime gal
|
|upkeep
|
|switch|p2a: hoge helper v2.0|Mew|100/100
|turn|8
|
|move|p1a: Zacian|Crunch|p2a: hoge helper v2.0
|-supereffective|p2a: hoge helper v2.0
|-crit|p2a: hoge helper v2.0
|-damage|p2a: hoge helper v2.0|0 fnt
|faint|p2a: hoge helper v2.0
|
|upkeep
|c|☆Hogwashimperial|oh no
|c|☆Hogwashimperial|its gone
|
|switch|p2a: BLOOD FETUS|Mew|100/100
|turn|9
|
|move|p1a: Zacian|Crunch|p2a: BLOOD FETUS
|-supereffective|p2a: BLOOD FETUS
|-damage|p2a: BLOOD FETUS|29/100
|move|p2a: BLOOD FETUS|Cosmic Power|p2a: BLOOD FETUS
|-boost|p2a: BLOOD FETUS|def|1
|-boost|p2a: BLOOD FETUS|spd|1
|
|-fieldend|Misty Terrain
|upkeep
|turn|10
|
|move|p1a: Zacian|Crunch|p2a: BLOOD FETUS
|-supereffective|p2a: BLOOD FETUS
|-damage|p2a: BLOOD FETUS|0 fnt
|faint|p2a: BLOOD FETUS
|
|upkeep
|c|☆Hogwashimperial|oh no
|c|☆Hogwashimperial|its gone
|
|switch|p2a: ✈ ▌▌|Latios, M|100/100
|turn|11
|
|detailschange|p2a: ✈ ▌▌|Latios-Mega, M
|-mega|p2a: ✈ ▌▌|Latios|Latiosite
|move|p1a: Zacian|Play Rough|p2a: ✈ ▌▌
|-supereffective|p2a: ✈ ▌▌
|-damage|p2a: ✈ ▌▌|0 fnt
|faint|p2a: ✈ ▌▌
|
|upkeep
|j| nkrz
|c|☆Hogwashimperial|lmao
|c|☆Aunty Draculina|why are you getting so cocky about sweeping a team with a swinub on it with zacian-c
|c|☆Hogwashimperial|uh
|
|switch|p2a: hoge|Swinub, L1, M|9/100
|turn|12
|
|move|p1a: Zacian|Crunch|p2a: hoge
|-damage|p2a: hoge|0 fnt
|faint|p2a: hoge
|
|win|Hogwashimperial
|j|‽Kirishima 2
|l|nkrz
|c|☆Hogwashimperial|sub to hogwash56
|l|☆Hogwashimperial
