|j|☆DarkboiJ
|j|☆MVP2536
|t:|1665948540
|gametype|singles
|player|p1|DarkboiJ|blue-gen3two|1878
|player|p2|MVP2536|giovanni|1744
|teamsize|p1|6
|teamsize|p2|6
|gen|8
|tier|[Gen 8] National Dex AG
|rated|
|rule|HP Percentage Mod: HP is shown in percentages
|rule|Endless Battle Clause: Forcing endless battles is banned
|clearpoke
|poke|p1|Sableye, F|
|poke|p1|Necrozma-Dusk-Mane|
|poke|p1|Ditto|
|poke|p1|Arceus-*|
|poke|p1|Ferrothorn, M|
|poke|p1|Lugia|
|poke|p2|Groudon|
|poke|p2|Aegislash, M|
|poke|p2|Rotom-Wash|
|poke|p2|Scrafty, M|
|poke|p2|Whimsicott, F|
|poke|p2|Ditto|
|teampreview
|inactive|Battle timer is ON: inactive players will automatically lose when time's up. (requested by DarkboiJ)
|
|t:|1665948556
|start
|switch|p1a: Ditto|Ditto, shiny|100/100
|switch|p2a: Ditto|Ditto|100/100
|-transform|p2a: Ditto|p1a: Ditto|[from] ability: Imposter
|turn|1
|
|t:|1665948563
|move|p2a: Ditto|Transform||[still]
|-fail|p2a: Ditto
|move|p1a: Ditto|Transform||[still]
|-fail|p1a: Ditto
|
|upkeep
|turn|2
|
|t:|1665948567
|move|p2a: Ditto|Transform||[still]
|-fail|p2a: Ditto
|move|p1a: Ditto|Transform||[still]
|-fail|p1a: Ditto
|
|upkeep
|turn|3
|
|t:|1665948580
|switch|p1a: Necrozma|Necrozma-Dusk-Mane|100/100
|switch|p2a: Aegislash|Aegislash, M|100/100
|
|upkeep
|turn|4
|
|t:|1665948584
|switch|p2a: Rotom|Rotom-Wash|100/100
|move|p1a: Necrozma|Stealth Rock|p2a: Rotom
|-sidestart|p2: MVP2536|move: Stealth Rock
|
|upkeep
|turn|5
|
|t:|1665948588
|move|p2a: Rotom|Volt Switch|p1a: Necrozma
|-damage|p1a: Necrozma|79/100
|
|t:|1665948590
|switch|p2a: garbage|Groudon|100/100|[from]move: Volt Switch
|-damage|p2a: garbage|94/100|[from] Stealth Rock
|detailschange|p2a: garbage|Groudon-Primal
|-primal|p2a: garbage
|-weather|DesolateLand|[from] ability: Desolate Land|[of] p2a: garbage
|move|p1a: Necrozma|Toxic|p2a: garbage
|-status|p2a: garbage|tox
|
|-weather|DesolateLand|[upkeep]
|-damage|p2a: garbage|88/100 tox|[from] psn
|upkeep
|turn|6
|
|t:|1665948598
|switch|p1a: Lugia|Lugia|100/100
|move|p2a: garbage|Heat Crash|p1a: Lugia
|-damage|p1a: Lugia|72/100
|
|-weather|DesolateLand|[upkeep]
|-damage|p2a: garbage|76/100 tox|[from] psn
|upkeep
|turn|7
|
|t:|1665948605
|move|p2a: garbage|Rest|p2a: garbage
|-status|p2a: garbage|slp|[from] move: Rest
|-heal|p2a: garbage|100/100 slp|[silent]
|move|p1a: Lugia|Whirlwind|p2a: garbage
|-weather|none
|drag|p2a: Aegislash|Aegislash, M|100/100
|-damage|p2a: Aegislash|94/100|[from] Stealth Rock
|
|-heal|p2a: Aegislash|100/100|[from] item: Leftovers
|upkeep
|turn|8
|j| Buck X
|
|t:|1665948616
|switch|p2a: garbage|Groudon-Primal|100/100 slp
|-damage|p2a: garbage|88/100 slp|[from] Stealth Rock
|-weather|DesolateLand|[from] ability: Desolate Land|[of] p2a: garbage
|move|p1a: Lugia|Roost|p1a: Lugia
|-heal|p1a: Lugia|100/100
|-singleturn|p1a: Lugia|move: Roost
|
|-weather|DesolateLand|[upkeep]
|upkeep
|turn|9
|
|t:|1665948621
|cant|p2a: garbage|slp
|move|p2a: garbage|Sleep Talk|p2a: garbage
|move|p2a: garbage|Rest||[from]move: Sleep Talk|[still]
|-fail|p2a: garbage
|move|p1a: Lugia|Whirlwind|p2a: garbage
|-weather|none
|drag|p2a: Ditto|Ditto|100/100
|-damage|p2a: Ditto|88/100|[from] Stealth Rock
|-transform|p2a: Ditto|p1a: Lugia|[from] ability: Imposter
|
|upkeep
|turn|10
|
|t:|1665948631
|switch|p2a: garbage|Groudon-Primal|88/100 slp
|-damage|p2a: garbage|76/100 slp|[from] Stealth Rock
|-weather|DesolateLand|[from] ability: Desolate Land|[of] p2a: garbage
|switch|p1a: Ferrothorn|Ferrothorn, M|100/100
|
|-weather|DesolateLand|[upkeep]
|upkeep
|turn|11
|
|t:|1665948640
|cant|p2a: garbage|slp
|move|p2a: garbage|Sleep Talk|p2a: garbage
|move|p2a: garbage|Heat Crash|p1a: Ferrothorn|[from]move: Sleep Talk
|-supereffective|p1a: Ferrothorn
|-crit|p1a: Ferrothorn
|-damage|p1a: Ferrothorn|0 fnt
|-damage|p2a: garbage|63/100 slp|[from] ability: Iron Barbs|[of] p1a: Ferrothorn
|faint|p1a: Ferrothorn
|
|-weather|DesolateLand|[upkeep]
|upkeep
|c| Buck X|nice
|c|☆MVP2536|lol
|
|t:|1665948654
|switch|p1a: Ditto|Ditto, shiny|100/100
|-transform|p1a: Ditto|p2a: garbage|[from] ability: Imposter
|turn|12
|
|t:|1665948671
|switch|p2a: Rotom|Rotom-Wash|100/100
|-damage|p2a: Rotom|88/100|[from] Stealth Rock
|move|p1a: Ditto|Precipice Blades|p2a: Rotom
|-immune|p2a: Rotom|[from] ability: Levitate
|
|-weather|DesolateLand|[upkeep]
|upkeep
|turn|13
|
|t:|1665948678
|-weather|none
|switch|p1a: Necrozma|Necrozma-Dusk-Mane|79/100
|move|p2a: Rotom|Volt Switch|p1a: Necrozma
|-damage|p1a: Necrozma|59/100
|c| Buck X|its the mf i was talking about
|
|t:|1665948681
|switch|p2a: garbage|Groudon-Primal|63/100 slp|[from]move: Volt Switch
|-damage|p2a: garbage|51/100 slp|[from] Stealth Rock
|-weather|DesolateLand|[from] ability: Desolate Land|[of] p2a: garbage
|
|-weather|DesolateLand|[upkeep]
|upkeep
|turn|14
|
|t:|1665948693
|switch|p1a: Lugia|Lugia|100/100
|-curestatus|p2a: garbage|slp|[msg]
|move|p2a: garbage|Precipice Blades|p1a: Lugia
|-immune|p1a: Lugia
|
|-weather|DesolateLand|[upkeep]
|upkeep
|turn|15
|
|t:|1665948697
|move|p2a: garbage|Heat Crash|p1a: Lugia
|-damage|p1a: Lugia|70/100
|move|p1a: Lugia|Whirlwind|p2a: garbage
|-weather|none
|drag|p2a: Rotom|Rotom-Wash|88/100
|-damage|p2a: Rotom|76/100|[from] Stealth Rock
|
|upkeep
|turn|16
|
|t:|1665948705
|move|p1a: Lugia|Toxic|p2a: Rotom
|-status|p2a: Rotom|tox
|move|p2a: Rotom|Toxic|p1a: Lugia
|-status|p1a: Lugia|tox
|
|-damage|p1a: Lugia|64/100 tox|[from] psn
|-damage|p2a: Rotom|70/100 tox|[from] psn
|upkeep
|turn|17
|
|t:|1665948714
|move|p2a: Rotom|Volt Switch|p1a: Lugia
|-supereffective|p1a: Lugia
|-damage|p1a: Lugia|35/100 tox
|
|t:|1665948718
|switch|p2a: garbage|Groudon-Primal|51/100|[from]move: Volt Switch
|-damage|p2a: garbage|39/100|[from] Stealth Rock
|-weather|DesolateLand|[from] ability: Desolate Land|[of] p2a: garbage
|move|p1a: Lugia|Whirlwind|p2a: garbage
|-weather|none
|drag|p2a: Rotom|Rotom-Wash|70/100 tox
|-damage|p2a: Rotom|58/100 tox|[from] Stealth Rock
|
|-damage|p1a: Lugia|23/100 tox|[from] psn
|-damage|p2a: Rotom|52/100 tox|[from] psn
|upkeep
|turn|18
|
|t:|1665948733
|move|p1a: Lugia|Roost|p1a: Lugia
|-heal|p1a: Lugia|73/100 tox
|-singleturn|p1a: Lugia|move: Roost
|move|p2a: Rotom|Volt Switch|p1a: Lugia
|-damage|p1a: Lugia|59/100 tox
|
|t:|1665948737
|switch|p2a: garbage|Groudon-Primal|39/100|[from]move: Volt Switch
|-damage|p2a: garbage|26/100|[from] Stealth Rock
|-weather|DesolateLand|[from] ability: Desolate Land|[of] p2a: garbage
|
|-weather|DesolateLand|[upkeep]
|-damage|p1a: Lugia|41/100 tox|[from] psn
|upkeep
|turn|19
|
|t:|1665948742
|switch|p1a: Ditto|Ditto, shiny|100/100
|-transform|p1a: Ditto|p2a: garbage|[from] ability: Imposter
|move|p2a: garbage|Rest|p2a: garbage
|-status|p2a: garbage|slp|[from] move: Rest
|-heal|p2a: garbage|100/100 slp|[silent]
|
|-weather|DesolateLand|[upkeep]
|upkeep
|turn|20
|
|t:|1665948748
|move|p1a: Ditto|Heat Crash|p2a: garbage
|-resisted|p2a: garbage
|-damage|p2a: garbage|90/100 slp
|cant|p2a: garbage|slp
|move|p2a: garbage|Sleep Talk|p2a: garbage
|move|p2a: garbage|Precipice Blades|p1a: Ditto|[from]move: Sleep Talk
|-supereffective|p1a: Ditto
|-damage|p1a: Ditto|0 fnt
|faint|p1a: Ditto
|
|-weather|DesolateLand|[upkeep]
|upkeep
|j| 0nnee
|
|t:|1665948757
|switch|p1a: Sableye|Sableye, F|100/100
|turn|21
|
|t:|1665948761
|detailschange|p1a: Sableye|Sableye-Mega, F
|-mega|p1a: Sableye|Sableye|Sablenite
|cant|p2a: garbage|slp
|move|p2a: garbage|Sleep Talk|p2a: garbage
|move|p2a: garbage|Rest||[from]move: Sleep Talk|[still]
|-fail|p2a: garbage
|move|p1a: Sableye|Calm Mind|p1a: Sableye
|-boost|p1a: Sableye|spa|1
|-boost|p1a: Sableye|spd|1
|
|-weather|DesolateLand|[upkeep]
|upkeep
|turn|22
|
|t:|1665948769
|-curestatus|p2a: garbage|slp|[msg]
|move|p2a: garbage|Heat Crash|p1a: Sableye
|-damage|p1a: Sableye|25/100
|move|p1a: Sableye|Dark Pulse|p2a: garbage
|-crit|p2a: garbage
|-damage|p2a: garbage|53/100
|
|-weather|DesolateLand|[upkeep]
|upkeep
|turn|23
|
|t:|1665948781
|switch|p1a: Lugia|Lugia|41/100 tox
|move|p2a: garbage|Heat Crash|p1a: Lugia
|-crit|p1a: Lugia
|-damage|p1a: Lugia|0 fnt
|faint|p1a: Lugia
|
|-weather|DesolateLand|[upkeep]
|upkeep
|c| Buck X|lmao
|
|t:|1665948785
|switch|p1a: Arceus|Arceus|100/100
|turn|24
|c|☆MVP2536|srry
|
|t:|1665948790
|move|p1a: Arceus|Swords Dance|p1a: Arceus
|-boost|p1a: Arceus|atk|2
|move|p2a: garbage|Heat Crash|p1a: Arceus
|-damage|p1a: Arceus|48/100
|
|-weather|DesolateLand|[upkeep]
|upkeep
|turn|25
|c| Buck X|nah he deserves it
|c|☆MVP2536|u know him?
|c| Buck X|he's constantly trying to cteam me
|c| Buck X|yes
|c|☆MVP2536|ah
|c| Buck X|its that guy
|
|t:|1665948816
|-start|p1a: Arceus|Dynamax|
|-heal|p1a: Arceus|48/100|[silent]
|move|p1a: Arceus|Max Phantasm|p2a: garbage
|-damage|p2a: garbage|2/100
|-unboost|p2a: garbage|def|1
|move|p2a: garbage|Precipice Blades|p1a: Arceus
|-damage|p1a: Arceus|21/100
|
|-weather|DesolateLand|[upkeep]
|upkeep
|turn|26
|
|t:|1665948827
|move|p1a: Arceus|Max Strike|p2a: garbage
|-damage|p2a: garbage|0 fnt
|faint|p2a: garbage
|-weather|none
|
|upkeep
|
|t:|1665948847
|switch|p2a: Ditto|Ditto|88/100
|-damage|p2a: Ditto|76/100|[from] Stealth Rock
|-transform|p2a: Ditto|p1a: Arceus|[from] ability: Imposter
|turn|27
|
|t:|1665948856
|move|p1a: Arceus|Max Guard|p1a: Arceus
|-singleturn|p1a: Arceus|Max Guard
|move|p2a: Ditto|Extreme Speed|p1a: Arceus
|-activate|p1a: Arceus|move: Max Guard
|
|upkeep
|-end|p1a: Arceus|Dynamax
|-heal|p1a: Arceus|21/100|[silent]
|turn|28
|
|t:|1665948868
|switch|p2a: Rotom|Rotom-Wash|52/100 tox
|-damage|p2a: Rotom|40/100 tox|[from] Stealth Rock
|move|p1a: Arceus|Extreme Speed|p2a: Rotom
|-damage|p2a: Rotom|0 fnt
|-damage|p1a: Arceus|5/100|[from] item: Rocky Helmet|[of] p2a: Rotom
|faint|p2a: Rotom
|
|upkeep
|
|t:|1665948877
|switch|p2a: Ditto|Ditto|76/100
|-damage|p2a: Ditto|63/100|[from] Stealth Rock
|-transform|p2a: Ditto|p1a: Arceus|[from] ability: Imposter
|turn|29
|
|t:|1665948881
|switch|p1a: Sableye|Sableye-Mega, F|25/100
|move|p2a: Ditto|Extreme Speed|p1a: Sableye
|-immune|p1a: Sableye
|
|upkeep
|turn|30
|
|t:|1665948889
|-start|p2a: Ditto|Dynamax|
|-heal|p2a: Ditto|63/100|[silent]
|move|p2a: Ditto|Max Phantasm|p1a: Sableye
|-damage|p1a: Sableye|0 fnt
|faint|p1a: Sableye
|
|upkeep
|
|t:|1665948894
|switch|p1a: Necrozma|Necrozma-Dusk-Mane|59/100
|turn|31
|
|t:|1665948900
|switch|p1a: Arceus|Arceus|5/100
|move|p2a: Ditto|Max Phantasm|p1a: Arceus
|-immune|p1a: Arceus
|
|upkeep
|turn|32
|c|☆MVP2536|ok
|
|t:|1665948908
|switch|p1a: Necrozma|Necrozma-Dusk-Mane|59/100
|move|p2a: Ditto|Max Strike|p1a: Necrozma
|-resisted|p1a: Necrozma
|-damage|p1a: Necrozma|22/100
|-unboost|p1a: Necrozma|spe|1
|
|upkeep
|-end|p2a: Ditto|Dynamax
|-heal|p2a: Ditto|63/100|[silent]
|turn|33
|
|t:|1665948917
|move|p2a: Ditto|Extreme Speed|p1a: Necrozma
|-resisted|p1a: Necrozma
|-damage|p1a: Necrozma|0 fnt
|-damage|p2a: Ditto|47/100|[from] item: Rocky Helmet|[of] p1a: Necrozma
|faint|p1a: Necrozma
|
|upkeep
|
|t:|1665948922
|switch|p1a: Arceus|Arceus|5/100
|turn|34
|c|☆MVP2536|gg
|c|☆DarkboiJ|Gg wp
|
|t:|1665948931
|move|p2a: Ditto|Extreme Speed|p1a: Arceus
|-damage|p1a: Arceus|0 fnt
|faint|p1a: Arceus
|
|win|MVP2536
|raw|DarkboiJ's rating: 1878 &rarr; <strong>1851</strong><br />(-27 for losing)
|raw|MVP2536's rating: 1744 &rarr; <strong>1771</strong><br />(+27 for winning)
|l| 0nnee
|l|☆DarkboiJ
|c|☆MVP2536|posting this in honor for buck
||Ladder isn't responding, score probably updated but might not have (Request timeout).
