|j|‽PlatinumEA
|j|‽Pokemh
|t:|1646289044
|gametype|singles
|player|p1|PlatinumEA|lady-gen4|
|player|p2|Pokemh|sonia-professor|
|teamsize|p1|6
|teamsize|p2|6
|gen|8
|tier|[Gen 8] National Dex AG
|rule|HP Percentage Mod: HP is shown in percentages
|rule|Endless Battle Clause: Forcing endless battles is banned
|clearpoke
|poke|p1|Arceus-*|
|poke|p1|Chansey, F|
|poke|p1|Arceus-*|
|poke|p1|Necrozma-Dusk-Mane|
|poke|p1|Ditto|
|poke|p1|Arceus-*|
|poke|p2|Ho-Oh|
|poke|p2|Skarmory, M|
|poke|p2|Arceus-*|
|poke|p2|Magnemite, L1|
|poke|p2|Tyranitar, M|
|poke|p2|Chansey, F|
|teampreview
|
|t:|1646289053
|start
|switch|p1a: Chansey|Chansey, F|100/100
|switch|p2a: Ho-Oh|Ho-Oh|100/100
|turn|1
|
|t:|1646289058
|switch|p2a: Skarmory|Skarmory, M|100/100
|move|p1a: Chansey|Stealth Rock|p2a: Skarmory
|-sidestart|p2: Pokemh|move: Stealth Rock
|
|upkeep
|turn|2
|
|t:|1646289061
|switch|p1a: Arceus|Arceus|100/100
|move|p2a: Skarmory|Defog|p1a: Arceus
|-unboost|p1a: Arceus|evasion|1
|-sideend|p2: Pokemh|Stealth Rock|[from] move: Defog|[of] p2a: Skarmory
|
|-status|p1a: Arceus|brn|[from] item: Flame Orb
|upkeep
|turn|3
|
|t:|1646289065
|move|p1a: Arceus|Trick|p2a: Skarmory
|-activate|p1a: Arceus|move: Trick|[of] p2a: Skarmory
|-item|p2a: Skarmory|Flame Orb|[from] move: Trick
|-item|p1a: Arceus|Leftovers|[from] move: Trick
|move|p2a: Skarmory|Toxic||[still]
|-fail|p2a: Skarmory
|
|-damage|p1a: Arceus|94/100 brn|[from] brn
|-status|p2a: Skarmory|brn|[from] item: Flame Orb
|upkeep
|turn|4
|
|t:|1646289087
|switch|p1a: Chansey|Chansey, F|100/100
|move|p2a: Skarmory|Iron Defense|p2a: Skarmory
|-boost|p2a: Skarmory|def|2
|
|-damage|p2a: Skarmory|94/100 brn|[from] brn
|upkeep
|turn|5
|
|t:|1646289091
|switch|p2a: Chansey|Chansey, F|100/100
|move|p1a: Chansey|Stealth Rock|p2a: Chansey
|-sidestart|p2: Pokemh|move: Stealth Rock
|
|upkeep
|turn|6
|
|t:|1646289096
|switch|p1a: Arceus|Arceus|94/100 brn
|move|p2a: Chansey|Heal Bell|p2a: Chansey
|-activate|p2a: Chansey|move: Heal Bell
|-curestatus|p2: Skarmory|brn|[msg]
|
|-heal|p1a: Arceus|100/100 brn|[from] item: Leftovers
|-damage|p1a: Arceus|94/100 brn|[from] brn
|upkeep
|turn|7
|
|t:|1646289099
|switch|p2a: Ho-Oh|Ho-Oh|100/100
|move|p1a: Arceus|Trick|p2a: Ho-Oh
|-activate|p1a: Arceus|move: Trick|[of] p2a: Ho-Oh
|-item|p2a: Ho-Oh|Leftovers|[from] move: Trick
|-item|p1a: Arceus|Heavy-Duty Boots|[from] move: Trick
|
|-damage|p1a: Arceus|88/100 brn|[from] brn
|upkeep
|turn|8
|
|t:|1646289107
|move|p1a: Arceus|Facade|p2a: Ho-Oh
|-damage|p2a: Ho-Oh|63/100
|move|p2a: Ho-Oh|Defog|p1a: Arceus
|-unboost|p1a: Arceus|evasion|1
|-sideend|p2: Pokemh|Stealth Rock|[from] move: Defog|[of] p2a: Ho-Oh
|
|-heal|p2a: Ho-Oh|69/100|[from] item: Leftovers
|-damage|p1a: Arceus|82/100 brn|[from] brn
|upkeep
|turn|9
|
|t:|1646289116
|switch|p2a: Skarmory|Skarmory, M|94/100
|move|p1a: Arceus|Facade|p2a: Skarmory
|-resisted|p2a: Skarmory
|-damage|p2a: Skarmory|79/100
|
|-damage|p1a: Arceus|76/100 brn|[from] brn
|-status|p2a: Skarmory|brn|[from] item: Flame Orb
|upkeep
|turn|10
|
|t:|1646289121
|move|p1a: Arceus|Trick|p2a: Skarmory
|-activate|p1a: Arceus|move: Trick|[of] p2a: Skarmory
|-item|p2a: Skarmory|Heavy-Duty Boots|[from] move: Trick
|-item|p1a: Arceus|Flame Orb|[from] move: Trick
|move|p2a: Skarmory|Roost|p2a: Skarmory
|-heal|p2a: Skarmory|100/100 brn
|-singleturn|p2a: Skarmory|move: Roost
|
|-damage|p1a: Arceus|70/100 brn|[from] brn
|-damage|p2a: Skarmory|94/100 brn|[from] brn
|upkeep
|turn|11
|
|t:|1646289127
|switch|p1a: Chansey|Chansey, F|100/100
|switch|p2a: Ho-Oh|Ho-Oh|100/100
|
|upkeep
|turn|12
|
|t:|1646289133
|move|p2a: Ho-Oh|Sacred Fire|p1a: Chansey
|-damage|p1a: Chansey|72/100
|-status|p1a: Chansey|brn
|move|p1a: Chansey|Stealth Rock|p2a: Ho-Oh
|-sidestart|p2: Pokemh|move: Stealth Rock
|
|-damage|p1a: Chansey|66/100 brn|[from] brn
|upkeep
|turn|13
|
|t:|1646289136
|move|p2a: Ho-Oh|Defog|p1a: Chansey
|-unboost|p1a: Chansey|evasion|1
|-sideend|p2: Pokemh|Stealth Rock|[from] move: Defog|[of] p2a: Ho-Oh
|move|p1a: Chansey|Soft-Boiled|p1a: Chansey
|-heal|p1a: Chansey|100/100 brn
|
|-damage|p1a: Chansey|94/100 brn|[from] brn
|upkeep
|turn|14
|
|t:|1646289142
|switch|p2a: Skarmory|Skarmory, M|94/100 brn
|move|p1a: Chansey|Stealth Rock|p2a: Skarmory
|-sidestart|p2: Pokemh|move: Stealth Rock
|
|-damage|p2a: Skarmory|88/100 brn|[from] brn
|-damage|p1a: Chansey|88/100 brn|[from] brn
|upkeep
|turn|15
|
|t:|1646289146
|move|p2a: Skarmory|Defog|p1a: Chansey
|-unboost|p1a: Chansey|evasion|1
|-sideend|p2: Pokemh|Stealth Rock|[from] move: Defog|[of] p2a: Skarmory
|move|p1a: Chansey|Heal Bell|p1a: Chansey
|-activate|p1a: Chansey|move: Heal Bell
|-curestatus|p1a: Chansey|brn|[msg]
|-curestatus|p1: Arceus|brn|[msg]
|
|-damage|p2a: Skarmory|82/100 brn|[from] brn
|upkeep
|turn|16
|
|t:|1646289150
|switch|p2a: Ho-Oh|Ho-Oh|100/100
|move|p1a: Chansey|Seismic Toss|p2a: Ho-Oh
|-damage|p2a: Ho-Oh|76/100
|
|-heal|p2a: Ho-Oh|82/100|[from] item: Leftovers
|upkeep
|turn|17
|
|t:|1646289157
|switch|p1a: Arceus|Arceus|70/100
|move|p2a: Ho-Oh|Toxic|p1a: Arceus
|-status|p1a: Arceus|tox
|
|-heal|p2a: Ho-Oh|88/100|[from] item: Leftovers
|-damage|p1a: Arceus|64/100 tox|[from] psn
|upkeep
|turn|18
|
|t:|1646289161
|switch|p1a: Chansey|Chansey, F|88/100
|move|p2a: Ho-Oh|Defog|p1a: Chansey
|-unboost|p1a: Chansey|evasion|1
|
|-heal|p2a: Ho-Oh|94/100|[from] item: Leftovers
|upkeep
|turn|19
|
|t:|1646289164
|switch|p2a: Arceus|Arceus-Water|100/100
|move|p1a: Chansey|Heal Bell|p1a: Chansey
|-activate|p1a: Chansey|move: Heal Bell
|-curestatus|p1: Arceus|tox|[msg]
|
|upkeep
|turn|20
|
|t:|1646289168
|move|p2a: Arceus|Toxic|p1a: Chansey
|-status|p1a: Chansey|tox
|move|p1a: Chansey|Stealth Rock|p2a: Arceus
|-sidestart|p2: Pokemh|move: Stealth Rock
|
|-damage|p1a: Chansey|82/100 tox|[from] psn
|upkeep
|turn|21
|
|t:|1646289170
|-curestatus|p1a: Chansey|tox|[from] ability: Natural Cure
|switch|p1a: Arceus|Arceus|64/100
|move|p2a: Arceus|Defog|p1a: Arceus
|-unboost|p1a: Arceus|evasion|1
|-sideend|p2: Pokemh|Stealth Rock|[from] move: Defog|[of] p2a: Arceus
|
|-status|p1a: Arceus|brn|[from] item: Flame Orb
|upkeep
|turn|22
|
|t:|1646289176
|move|p2a: Arceus|Ice Beam|p1a: Arceus
|-damage|p1a: Arceus|48/100 brn
|move|p1a: Arceus|Recover|p1a: Arceus
|-heal|p1a: Arceus|98/100 brn
|
|-damage|p1a: Arceus|92/100 brn|[from] brn
|upkeep
|turn|23
|
|t:|1646289181
|switch|p2a: Ho-Oh|Ho-Oh|100/100
|move|p1a: Arceus|Snarl|p2a: Ho-Oh
|-damage|p2a: Ho-Oh|93/100
|-unboost|p2a: Ho-Oh|spa|1
|
|-heal|p2a: Ho-Oh|99/100|[from] item: Leftovers
|-damage|p1a: Arceus|86/100 brn|[from] brn
|upkeep
|turn|24
|
|t:|1646289189
|switch|p1a: Chansey|Chansey, F|82/100
|switch|p2a: Arceus|Arceus-Water|100/100
|
|upkeep
|turn|25
|
|t:|1646289193
|switch|p2a: Ho-Oh|Ho-Oh|100/100
|switch|p1a: Arceus|Arceus|86/100 brn
|
|-damage|p1a: Arceus|80/100 brn|[from] brn
|upkeep
|turn|26
|
|t:|1646289200
|switch|p1a: Ditto|Ditto|100/100
|-transform|p1a: Ditto|p2a: Ho-Oh|[from] ability: Imposter
|switch|p2a: Arceus|Arceus-Water|100/100
|
|upkeep
|turn|27
|
|t:|1646289206
|switch|p2a: Tyranitar|Tyranitar, M|100/100
|-weather|Sandstorm|[from] ability: Sand Stream|[of] p2a: Tyranitar
|move|p1a: Ditto|Toxic|p2a: Tyranitar
|-status|p2a: Tyranitar|tox
|
|-weather|Sandstorm|[upkeep]
|-damage|p1a: Ditto|94/100|[from] Sandstorm
|-damage|p2a: Tyranitar|94/100 tox|[from] psn
|upkeep
|turn|28
|
|t:|1646289212
|switch|p1a: Arceus|Arceus|80/100 brn
|move|p2a: Tyranitar|Stealth Rock|p1a: Arceus
|-sidestart|p1: PlatinumEA|move: Stealth Rock
|
|-weather|Sandstorm|[upkeep]
|-damage|p1a: Arceus|74/100 brn|[from] Sandstorm
|-heal|p2a: Tyranitar|100/100 tox|[from] item: Leftovers
|-damage|p2a: Tyranitar|88/100 tox|[from] psn
|-damage|p1a: Arceus|68/100 brn|[from] brn
|upkeep
|turn|29
|
|t:|1646289222
|switch|p2a: Ho-Oh|Ho-Oh|100/100
|move|p1a: Arceus|Trick|p2a: Ho-Oh
|-activate|p1a: Arceus|move: Trick|[of] p2a: Ho-Oh
|-item|p2a: Ho-Oh|Flame Orb|[from] move: Trick
|-item|p1a: Arceus|Leftovers|[from] move: Trick
|
|-weather|Sandstorm|[upkeep]
|-damage|p1a: Arceus|62/100 brn|[from] Sandstorm
|-damage|p2a: Ho-Oh|94/100|[from] Sandstorm
|-heal|p1a: Arceus|68/100 brn|[from] item: Leftovers
|-damage|p1a: Arceus|62/100 brn|[from] brn
|upkeep
|turn|30
|
|t:|1646289233
|switch|p2a: Arceus|Arceus-Water|100/100
|move|p1a: Arceus|Trick||[still]
|-fail|p1a: Arceus
|
|-weather|Sandstorm|[upkeep]
|-damage|p2a: Arceus|94/100|[from] Sandstorm
|-damage|p1a: Arceus|55/100 brn|[from] Sandstorm
|-heal|p1a: Arceus|62/100 brn|[from] item: Leftovers
|-damage|p1a: Arceus|55/100 brn|[from] brn
|upkeep
|turn|31
|
|t:|1646289238
|move|p2a: Arceus|Toxic||[still]
|-fail|p2a: Arceus
|move|p1a: Arceus|Recover|p1a: Arceus
|-heal|p1a: Arceus|100/100 brn
|
|-weather|none
|-damage|p1a: Arceus|94/100 brn|[from] brn
|upkeep
|turn|32
|
|t:|1646289247
|switch|p2a: Ho-Oh|Ho-Oh|100/100
|switch|p1a: Chansey|Chansey, F|82/100
|-damage|p1a: Chansey|70/100|[from] Stealth Rock
|
|upkeep
|turn|33
|
|t:|1646289253
|move|p1a: Chansey|Soft-Boiled|p1a: Chansey
|-heal|p1a: Chansey|100/100
|move|p2a: Ho-Oh|Whirlwind|p1a: Chansey
|drag|p1a: Arceus|Arceus|94/100 brn
|-damage|p1a: Arceus|82/100 brn|[from] Stealth Rock
|
|-heal|p1a: Arceus|88/100 brn|[from] item: Leftovers
|-damage|p1a: Arceus|82/100 brn|[from] brn
|upkeep
|turn|34
|
|t:|1646289259
|switch|p2a: Arceus|Arceus-Water|94/100
|move|p1a: Arceus|Facade|p2a: Arceus
|-damage|p2a: Arceus|68/100
|
|-heal|p1a: Arceus|88/100 brn|[from] item: Leftovers
|-damage|p1a: Arceus|82/100 brn|[from] brn
|upkeep
|turn|35
|
|t:|1646289265
|switch|p1a: Chansey|Chansey, F|100/100
|-damage|p1a: Chansey|88/100|[from] Stealth Rock
|move|p2a: Arceus|Recover|p2a: Arceus
|-heal|p2a: Arceus|100/100
|
|upkeep
|turn|36
|
|t:|1646289271
|switch|p2a: Magnemite|Magnemite, L1|100/100
|move|p1a: Chansey|Stealth Rock|p2a: Magnemite
|-sidestart|p2: Pokemh|move: Stealth Rock
|
|upkeep
|turn|37
|
|t:|1646289279
|switch|p2a: Arceus|Arceus-Water|100/100
|-damage|p2a: Arceus|88/100|[from] Stealth Rock
|move|p1a: Chansey|Seismic Toss|p2a: Arceus
|-damage|p2a: Arceus|66/100
|
|upkeep
|turn|38
|
|t:|1646289287
|switch|p1a: Arceus|Arceus-Ghost|100/100
|-damage|p1a: Arceus|88/100|[from] Stealth Rock
|move|p2a: Arceus|Defog|p1a: Arceus
|-unboost|p1a: Arceus|evasion|1
|-sideend|p1: PlatinumEA|Stealth Rock|[from] move: Defog|[of] p2a: Arceus
|-sideend|p2: Pokemh|Stealth Rock|[from] move: Defog|[of] p2a: Arceus
|
|upkeep
|turn|39
|
|t:|1646289292
|move|p1a: Arceus|Swords Dance|p1a: Arceus
|-boost|p1a: Arceus|atk|2
|move|p2a: Arceus|Toxic|p1a: Arceus
|-status|p1a: Arceus|tox
|
|-damage|p1a: Arceus|82/100 tox|[from] psn
|upkeep
|turn|40
|
|t:|1646289296
|switch|p2a: Magnemite|Magnemite, L1|100/100
|-zpower|p1a: Arceus
|move|p1a: Arceus|Never-Ending Nightmare|p2a: Magnemite|[zeffect]
|-ability|p2a: Magnemite|Sturdy
|-damage|p2a: Magnemite|10/100
|-enditem|p2a: Magnemite|Berry Juice
|-heal|p2a: Magnemite|100/100|[from] item: Berry Juice
|
|-damage|p1a: Arceus|70/100 tox|[from] psn
|upkeep
|turn|41
|
|t:|1646289300
|switch|p1a: Chansey|Chansey, F|88/100
|move|p2a: Magnemite|Recycle|p2a: Magnemite
|-item|p2a: Magnemite|Berry Juice|[from] move: Recycle
|
|upkeep
|turn|42
|
|t:|1646289306
|switch|p2a: Arceus|Arceus-Water|66/100
|move|p1a: Chansey|Stealth Rock|p2a: Arceus
|-sidestart|p2: Pokemh|move: Stealth Rock
|
|upkeep
|turn|43
|
|t:|1646289308
|move|p2a: Arceus|Defog|p1a: Chansey
|-unboost|p1a: Chansey|evasion|1
|-sideend|p2: Pokemh|Stealth Rock|[from] move: Defog|[of] p2a: Arceus
|move|p1a: Chansey|Seismic Toss|p2a: Arceus
|-damage|p2a: Arceus|43/100
|
|upkeep
|turn|44
|
|t:|1646289312
|move|p2a: Arceus|Recover|p2a: Arceus
|-heal|p2a: Arceus|93/100
|move|p1a: Chansey|Heal Bell|p1a: Chansey
|-activate|p1a: Chansey|move: Heal Bell
|-curestatus|p1: Arceus|tox|[msg]
|-curestatus|p1: Arceus|brn|[msg]
|
|upkeep
|turn|45
|
|t:|1646289317
|move|p2a: Arceus|Toxic|p1a: Chansey
|-status|p1a: Chansey|tox
|move|p1a: Chansey|Stealth Rock|p2a: Arceus
|-sidestart|p2: Pokemh|move: Stealth Rock
|
|-damage|p1a: Chansey|82/100 tox|[from] psn
|upkeep
|turn|46
|
|t:|1646289323
|-curestatus|p1a: Chansey|tox|[from] ability: Natural Cure
|switch|p1a: Necrozma|Necrozma-Dusk-Mane|100/100
|move|p2a: Arceus|Defog|p1a: Necrozma
|-unboost|p1a: Necrozma|evasion|1
|-sideend|p2: Pokemh|Stealth Rock|[from] move: Defog|[of] p2a: Arceus
|
|upkeep
|turn|47
|
|t:|1646289330
|switch|p2a: Skarmory|Skarmory, M|82/100 brn
|move|p1a: Necrozma|Stealth Rock|p2a: Skarmory
|-sidestart|p2: Pokemh|move: Stealth Rock
|
|-damage|p2a: Skarmory|76/100 brn|[from] brn
|upkeep
|turn|48
|
|t:|1646289334
|switch|p1a: Chansey|Chansey, F|82/100
|move|p2a: Skarmory|Defog|p1a: Chansey
|-unboost|p1a: Chansey|evasion|1
|-sideend|p2: Pokemh|Stealth Rock|[from] move: Defog|[of] p2a: Skarmory
|
|-damage|p2a: Skarmory|70/100 brn|[from] brn
|upkeep
|turn|49
|
|t:|1646289336
|move|p2a: Skarmory|Toxic|p1a: Chansey
|-status|p1a: Chansey|tox
|move|p1a: Chansey|Stealth Rock|p2a: Skarmory
|-sidestart|p2: Pokemh|move: Stealth Rock
|
|-damage|p1a: Chansey|76/100 tox|[from] psn
|-damage|p2a: Skarmory|64/100 brn|[from] brn
|upkeep
|turn|50
|
|t:|1646289338
|-curestatus|p1a: Chansey|tox|[from] ability: Natural Cure
|switch|p1a: Necrozma|Necrozma-Dusk-Mane|100/100
|move|p2a: Skarmory|Defog|p1a: Necrozma
|-unboost|p1a: Necrozma|evasion|1
|-sideend|p2: Pokemh|Stealth Rock|[from] move: Defog|[of] p2a: Skarmory
|
|-damage|p2a: Skarmory|58/100 brn|[from] brn
|upkeep
|turn|51
|
|t:|1646289342
|move|p1a: Necrozma|Stealth Rock|p2a: Skarmory
|-sidestart|p2: Pokemh|move: Stealth Rock
|move|p2a: Skarmory|Roost|p2a: Skarmory
|-heal|p2a: Skarmory|100/100 brn
|-singleturn|p2a: Skarmory|move: Roost
|
|-damage|p2a: Skarmory|94/100 brn|[from] brn
|upkeep
|turn|52
|
|t:|1646289349
|switch|p1a: Arceus|Arceus-Ghost|70/100
|move|p2a: Skarmory|Defog|p1a: Arceus
|-unboost|p1a: Arceus|evasion|1
|-sideend|p2: Pokemh|Stealth Rock|[from] move: Defog|[of] p2a: Skarmory
|
|-damage|p2a: Skarmory|88/100 brn|[from] brn
|upkeep
|turn|53
|
|t:|1646289352
|switch|p1a: Chansey|Chansey, F|76/100
|move|p2a: Skarmory|Toxic|p1a: Chansey
|-status|p1a: Chansey|tox
|
|-damage|p1a: Chansey|70/100 tox|[from] psn
|-damage|p2a: Skarmory|82/100 brn|[from] brn
|upkeep
|turn|54
|
|t:|1646289354
|switch|p2a: Ho-Oh|Ho-Oh|100/100
|move|p1a: Chansey|Stealth Rock|p2a: Ho-Oh
|-sidestart|p2: Pokemh|move: Stealth Rock
|
|-damage|p1a: Chansey|58/100 tox|[from] psn
|upkeep
|turn|55
|
|t:|1646289357
|move|p2a: Ho-Oh|Defog|p1a: Chansey
|-unboost|p1a: Chansey|evasion|1
|-sideend|p2: Pokemh|Stealth Rock|[from] move: Defog|[of] p2a: Ho-Oh
|move|p1a: Chansey|Soft-Boiled|p1a: Chansey
|-heal|p1a: Chansey|100/100 tox
|
|-damage|p1a: Chansey|82/100 tox|[from] psn
|upkeep
|turn|56
|
|t:|1646289362
|-curestatus|p1a: Chansey|tox|[from] ability: Natural Cure
|switch|p1a: Arceus|Arceus|82/100
|move|p2a: Ho-Oh|Toxic|p1a: Arceus
|-status|p1a: Arceus|tox
|
|-heal|p1a: Arceus|88/100 tox|[from] item: Leftovers
|-damage|p1a: Arceus|82/100 tox|[from] psn
|upkeep
|turn|57
|
|t:|1646289366
|switch|p1a: Chansey|Chansey, F|82/100
|move|p2a: Ho-Oh|Sacred Fire|p1a: Chansey
|-damage|p1a: Chansey|53/100
|-status|p1a: Chansey|brn
|
|-damage|p1a: Chansey|47/100 brn|[from] brn
|upkeep
|turn|58
|
|t:|1646289372
|move|p2a: Ho-Oh|Sacred Fire|p1a: Chansey
|-damage|p1a: Chansey|19/100 brn
|move|p1a: Chansey|Soft-Boiled|p1a: Chansey
|-heal|p1a: Chansey|69/100 brn
|
|-damage|p1a: Chansey|63/100 brn|[from] brn
|upkeep
|turn|59
|
|t:|1646289377
|switch|p2a: Arceus|Arceus-Water|93/100
|move|p1a: Chansey|Soft-Boiled|p1a: Chansey
|-heal|p1a: Chansey|100/100 brn
|
|-damage|p1a: Chansey|94/100 brn|[from] brn
|upkeep
|turn|60
|
|t:|1646289382
|switch|p2a: Ho-Oh|Ho-Oh|100/100
|move|p1a: Chansey|Stealth Rock|p2a: Ho-Oh
|-sidestart|p2: Pokemh|move: Stealth Rock
|
|-damage|p1a: Chansey|88/100 brn|[from] brn
|upkeep
|turn|61
|
|t:|1646289409
|move|p2a: Ho-Oh|Defog|p1a: Chansey
|-unboost|p1a: Chansey|evasion|1
|-sideend|p2: Pokemh|Stealth Rock|[from] move: Defog|[of] p2a: Ho-Oh
|move|p1a: Chansey|Heal Bell|p1a: Chansey
|-activate|p1a: Chansey|move: Heal Bell
|-curestatus|p1a: Chansey|brn|[msg]
|-curestatus|p1: Arceus|tox|[msg]
|
|upkeep
|turn|62
|
|t:|1646289415
|switch|p2a: Arceus|Arceus-Water|93/100
|move|p1a: Chansey|Stealth Rock|p2a: Arceus
|-sidestart|p2: Pokemh|move: Stealth Rock
|
|upkeep
|turn|63
|
|t:|1646289418
|switch|p1a: Arceus|Arceus|82/100
|move|p2a: Arceus|Defog|p1a: Arceus
|-unboost|p1a: Arceus|evasion|1
|-sideend|p2: Pokemh|Stealth Rock|[from] move: Defog|[of] p2a: Arceus
|
|-heal|p1a: Arceus|88/100|[from] item: Leftovers
|upkeep
|turn|64
|j| 08-11b
|
|t:|1646289427
|switch|p2a: Chansey|Chansey, F|100/100
|switch|p1a: Chansey|Chansey, F|88/100
|
|upkeep
|turn|65
|
|t:|1646289431
|move|p1a: Chansey|Stealth Rock|p2a: Chansey
|-sidestart|p2: Pokemh|move: Stealth Rock
|move|p2a: Chansey|Heal Bell|p2a: Chansey
|-activate|p2a: Chansey|move: Heal Bell
|-curestatus|p2: Tyranitar|tox|[msg]
|-curestatus|p2: Skarmory|brn|[msg]
|
|upkeep
|turn|66
|
|t:|1646289445
|switch|p2a: Skarmory|Skarmory, M|82/100
|switch|p1a: Arceus|Arceus-Ghost|70/100
|
|upkeep
|turn|67
|
|t:|1646289449
|move|p1a: Arceus|Swords Dance|p1a: Arceus
|-boost|p1a: Arceus|atk|2
|move|p2a: Skarmory|Defog|p1a: Arceus
|-unboost|p1a: Arceus|evasion|1
|-sideend|p2: Pokemh|Stealth Rock|[from] move: Defog|[of] p2a: Skarmory
|
|upkeep
|turn|68
|
|t:|1646289464
|switch|p2a: Magnemite|Magnemite, L1|100/100
|move|p1a: Arceus|Shadow Force||[still]
|-prepare|p1a: Arceus|Shadow Force
|
|upkeep
|turn|69
|
|t:|1646289469
|switch|p2a: Chansey|Chansey, F|100/100
|move|p1a: Arceus|Shadow Force|p2a: Chansey|[from]lockedmove
|-immune|p2a: Chansey
|
|upkeep
|turn|70
|
|t:|1646289472
|switch|p2a: Ho-Oh|Ho-Oh|100/100
|move|p1a: Arceus|Brick Break|p2a: Ho-Oh
|-resisted|p2a: Ho-Oh
|-damage|p2a: Ho-Oh|85/100
|
|upkeep
|turn|71
|
|t:|1646289477
|switch|p2a: Magnemite|Magnemite, L1|100/100
|move|p1a: Arceus|Shadow Force||[still]
|-prepare|p1a: Arceus|Shadow Force
|
|upkeep
|turn|72
|
|t:|1646289481
|switch|p2a: Chansey|Chansey, F|100/100
|move|p1a: Arceus|Shadow Force|p2a: Chansey|[from]lockedmove
|-immune|p2a: Chansey
|
|upkeep
|turn|73
|
|t:|1646289487
|switch|p1a: Necrozma|Necrozma-Dusk-Mane|100/100
|switch|p2a: Magnemite|Magnemite, L1|100/100
|
|upkeep
|turn|74
|
|t:|1646289494
|switch|p2a: Ho-Oh|Ho-Oh|100/100
|move|p1a: Necrozma|Stealth Rock|p2a: Ho-Oh
|-sidestart|p2: Pokemh|move: Stealth Rock
|
|upkeep
|turn|75
|
|t:|1646289498
|switch|p1a: Chansey|Chansey, F|88/100
|move|p2a: Ho-Oh|Defog|p1a: Chansey
|-unboost|p1a: Chansey|evasion|1
|-sideend|p2: Pokemh|Stealth Rock|[from] move: Defog|[of] p2a: Ho-Oh
|
|upkeep
|turn|76
|
|t:|1646289501
|switch|p2a: Chansey|Chansey, F|100/100
|move|p1a: Chansey|Stealth Rock|p2a: Chansey
|-sidestart|p2: Pokemh|move: Stealth Rock
|
|upkeep
|turn|77
|
|t:|1646289510
|switch|p2a: Skarmory|Skarmory, M|82/100
|switch|p1a: Arceus|Arceus|88/100
|
|-heal|p1a: Arceus|94/100|[from] item: Leftovers
|upkeep
|turn|78
|
|t:|1646289519
|switch|p1a: Necrozma|Necrozma-Dusk-Mane|100/100
|move|p2a: Skarmory|Defog|p1a: Necrozma
|-unboost|p1a: Necrozma|evasion|1
|-sideend|p2: Pokemh|Stealth Rock|[from] move: Defog|[of] p2a: Skarmory
|
|upkeep
|turn|79
|
|t:|1646289522
|switch|p2a: Ho-Oh|Ho-Oh|100/100
|move|p1a: Necrozma|Stealth Rock|p2a: Ho-Oh
|-sidestart|p2: Pokemh|move: Stealth Rock
|
|upkeep
|turn|80
|
|t:|1646289526
|switch|p1a: Chansey|Chansey, F|88/100
|move|p2a: Ho-Oh|Defog|p1a: Chansey
|-unboost|p1a: Chansey|evasion|1
|-sideend|p2: Pokemh|Stealth Rock|[from] move: Defog|[of] p2a: Ho-Oh
|
|upkeep
|turn|81
|
|t:|1646289529
|switch|p2a: Arceus|Arceus-Water|93/100
|move|p1a: Chansey|Stealth Rock|p2a: Arceus
|-sidestart|p2: Pokemh|move: Stealth Rock
|
|upkeep
|turn|82
|
|t:|1646289531
|switch|p1a: Necrozma|Necrozma-Dusk-Mane|100/100
|move|p2a: Arceus|Defog|p1a: Necrozma
|-unboost|p1a: Necrozma|evasion|1
|-sideend|p2: Pokemh|Stealth Rock|[from] move: Defog|[of] p2a: Arceus
|
|upkeep
|turn|83
|
|t:|1646289541
|switch|p2a: Ho-Oh|Ho-Oh|100/100
|move|p1a: Necrozma|Thunder Wave|p2a: Ho-Oh
|-status|p2a: Ho-Oh|par
|
|upkeep
|turn|84
|
|t:|1646289550
|switch|p1a: Chansey|Chansey, F|88/100
|move|p2a: Ho-Oh|Sacred Fire|p1a: Chansey
|-damage|p1a: Chansey|62/100
|
|upkeep
|turn|85
|
|t:|1646289554
|switch|p2a: Skarmory|Skarmory, M|82/100
|move|p1a: Chansey|Stealth Rock|p2a: Skarmory
|-sidestart|p2: Pokemh|move: Stealth Rock
|
|upkeep
|turn|86
|
|t:|1646289557
|move|p2a: Skarmory|Defog|p1a: Chansey
|-unboost|p1a: Chansey|evasion|1
|-sideend|p2: Pokemh|Stealth Rock|[from] move: Defog|[of] p2a: Skarmory
|move|p1a: Chansey|Soft-Boiled|p1a: Chansey
|-heal|p1a: Chansey|100/100
|
|upkeep
|turn|87
|
|t:|1646289565
|switch|p2a: Arceus|Arceus-Water|93/100
|switch|p1a: Ditto|Ditto|100/100
|-transform|p1a: Ditto|p2a: Arceus|[from] ability: Imposter
|
|upkeep
|turn|88
|
|t:|1646289570
|switch|p1a: Chansey|Chansey, F|100/100
|switch|p2a: Chansey|Chansey, F|100/100
|
|upkeep
|turn|89
|
|t:|1646289578
|switch|p2a: Arceus|Arceus-Water|93/100
|switch|p1a: Arceus|Arceus-Ghost|70/100
|
|upkeep
|turn|90
|
|t:|1646289583
|switch|p1a: Chansey|Chansey, F|100/100
|move|p2a: Arceus|Toxic|p1a: Chansey
|-status|p1a: Chansey|tox
|
|-damage|p1a: Chansey|94/100 tox|[from] psn
|upkeep
|turn|91
|
|t:|1646289587
|switch|p2a: Skarmory|Skarmory, M|82/100
|-curestatus|p1a: Chansey|tox|[from] ability: Natural Cure
|switch|p1a: Necrozma|Necrozma-Dusk-Mane|100/100
|
|upkeep
|turn|92
|
|t:|1646289590
|switch|p1a: Chansey|Chansey, F|94/100
|switch|p2a: Arceus|Arceus-Water|93/100
|
|upkeep
|turn|93
|
|t:|1646289592
|switch|p2a: Skarmory|Skarmory, M|82/100
|switch|p1a: Necrozma|Necrozma-Dusk-Mane|100/100
|
|upkeep
|turn|94
|
|t:|1646289596
|switch|p2a: Ho-Oh|Ho-Oh|100/100 par
|move|p1a: Necrozma|Stealth Rock|p2a: Ho-Oh
|-sidestart|p2: Pokemh|move: Stealth Rock
|
|upkeep
|turn|95
|
|t:|1646289602
|switch|p1a: Chansey|Chansey, F|94/100
|move|p2a: Ho-Oh|Defog|p1a: Chansey
|-unboost|p1a: Chansey|evasion|1
|-sideend|p2: Pokemh|Stealth Rock|[from] move: Defog|[of] p2a: Ho-Oh
|
|upkeep
|turn|96
|
|t:|1646289605
|switch|p1a: Necrozma|Necrozma-Dusk-Mane|100/100
|switch|p2a: Skarmory|Skarmory, M|82/100
|
|upkeep
|turn|97
|
|t:|1646289608
|switch|p2a: Ho-Oh|Ho-Oh|100/100 par
|move|p1a: Necrozma|Thunder Wave|p2a: Ho-Oh
|-fail|p2a: Ho-Oh|par
|
|upkeep
|turn|98
|
|t:|1646289615
|switch|p1a: Arceus|Arceus-Ghost|70/100
|move|p2a: Ho-Oh|Sacred Fire|p1a: Arceus
|-damage|p1a: Arceus|39/100
|-status|p1a: Arceus|brn
|
|-damage|p1a: Arceus|33/100 brn|[from] brn
|upkeep
|turn|99
|
|t:|1646289618
|switch|p2a: Tyranitar|Tyranitar, M|88/100
|-weather|Sandstorm|[from] ability: Sand Stream|[of] p2a: Tyranitar
|move|p1a: Arceus|Recover|p1a: Arceus
|-heal|p1a: Arceus|83/100 brn
|
|-weather|Sandstorm|[upkeep]
|-damage|p1a: Arceus|77/100 brn|[from] Sandstorm
|-heal|p2a: Tyranitar|94/100|[from] item: Leftovers
|-damage|p1a: Arceus|71/100 brn|[from] brn
|upkeep
|turn|100
|
|t:|1646289624
|switch|p1a: Arceus|Arceus|94/100
|switch|p2a: Skarmory|Skarmory, M|82/100
|
|-weather|Sandstorm|[upkeep]
|-damage|p1a: Arceus|88/100|[from] Sandstorm
|-heal|p1a: Arceus|94/100|[from] item: Leftovers
|upkeep
|turn|101
|
|t:|1646289630
|switch|p1a: Chansey|Chansey, F|94/100
|switch|p2a: Ho-Oh|Ho-Oh|100/100 par
|
|-weather|Sandstorm|[upkeep]
|-damage|p1a: Chansey|88/100|[from] Sandstorm
|-damage|p2a: Ho-Oh|94/100 par|[from] Sandstorm
|upkeep
|turn|102
|
|t:|1646289634
|switch|p1a: Arceus|Arceus-Ghost|71/100 brn
|switch|p2a: Skarmory|Skarmory, M|82/100
|
|-weather|Sandstorm|[upkeep]
|-damage|p1a: Arceus|65/100 brn|[from] Sandstorm
|-damage|p1a: Arceus|59/100 brn|[from] brn
|upkeep
|turn|103
|
|t:|1646289640
|switch|p2a: Ho-Oh|Ho-Oh|100/100 par
|move|p1a: Arceus|Recover|p1a: Arceus
|-heal|p1a: Arceus|100/100 brn
|
|-weather|none
|-damage|p1a: Arceus|94/100 brn|[from] brn
|upkeep
|turn|104
|
|t:|1646289649
|switch|p1a: Chansey|Chansey, F|88/100
|switch|p2a: Skarmory|Skarmory, M|82/100
|
|upkeep
|turn|105
|
|t:|1646289652
|switch|p2a: Ho-Oh|Ho-Oh|100/100 par
|switch|p1a: Arceus|Arceus-Ghost|94/100 brn
|
|-damage|p1a: Arceus|88/100 brn|[from] brn
|upkeep
|turn|106
|
|t:|1646289657
|switch|p1a: Ditto|Ditto|100/100
|-transform|p1a: Ditto|p2a: Ho-Oh|[from] ability: Imposter
|switch|p2a: Skarmory|Skarmory, M|82/100
|
|upkeep
|turn|107
|
|t:|1646289664
|switch|p2a: Ho-Oh|Ho-Oh|100/100 par
|move|p1a: Ditto|Defog|p2a: Ho-Oh
|-unboost|p2a: Ho-Oh|evasion|1
|
|upkeep
|turn|108
|
|t:|1646289671
|switch|p1a: Chansey|Chansey, F|88/100
|switch|p2a: Skarmory|Skarmory, M|82/100
|
|upkeep
|turn|109
|
|t:|1646289675
|switch|p1a: Ditto|Ditto|100/100
|-transform|p1a: Ditto|p2a: Skarmory|[from] ability: Imposter
|move|p2a: Skarmory|Toxic|p1a: Ditto
|-immune|p1a: Ditto
|
|upkeep
|turn|110
|
|t:|1646289679
|move|p1a: Ditto|Toxic|p2a: Skarmory
|-immune|p2a: Skarmory
|move|p2a: Skarmory|Toxic|p1a: Ditto
|-immune|p1a: Ditto
|
|upkeep
|turn|111
|
|t:|1646289681
|switch|p2a: Ho-Oh|Ho-Oh|100/100 par
|move|p1a: Ditto|Toxic||[still]
|-fail|p1a: Ditto
|
|upkeep
|turn|112
|
|t:|1646289686
|switch|p1a: Chansey|Chansey, F|88/100
|switch|p2a: Skarmory|Skarmory, M|82/100
|
|upkeep
|turn|113
|
|t:|1646289688
|switch|p2a: Ho-Oh|Ho-Oh|100/100 par
|switch|p1a: Ditto|Ditto|100/100
|-transform|p1a: Ditto|p2a: Ho-Oh|[from] ability: Imposter
|
|upkeep
|turn|114
|
|t:|1646289694
|switch|p1a: Chansey|Chansey, F|88/100
|switch|p2a: Tyranitar|Tyranitar, M|94/100
|-weather|Sandstorm|[from] ability: Sand Stream|[of] p2a: Tyranitar
|
|-weather|Sandstorm|[upkeep]
|-damage|p1a: Chansey|82/100|[from] Sandstorm
|-heal|p2a: Tyranitar|100/100|[from] item: Leftovers
|upkeep
|turn|115
|
|t:|1646289701
|switch|p2a: Skarmory|Skarmory, M|82/100
|switch|p1a: Necrozma|Necrozma-Dusk-Mane|100/100
|
|-weather|Sandstorm|[upkeep]
|upkeep
|turn|116
|
|t:|1646289705
|switch|p2a: Arceus|Arceus-Water|93/100
|move|p1a: Necrozma|Thunder Wave|p2a: Arceus|[miss]
|-miss|p1a: Necrozma|p2a: Arceus
|
|-weather|Sandstorm|[upkeep]
|-damage|p2a: Arceus|87/100|[from] Sandstorm
|upkeep
|turn|117
|
|t:|1646289711
|switch|p2a: Ho-Oh|Ho-Oh|100/100 par
|move|p1a: Necrozma|Stealth Rock|p2a: Ho-Oh
|-sidestart|p2: Pokemh|move: Stealth Rock
|
|-weather|Sandstorm|[upkeep]
|-damage|p2a: Ho-Oh|94/100 par|[from] Sandstorm
|upkeep
|turn|118
|
|t:|1646289713
|switch|p1a: Ditto|Ditto|100/100
|-transform|p1a: Ditto|p2a: Ho-Oh|[from] ability: Imposter
|move|p2a: Ho-Oh|Defog|p1a: Ditto
|-unboost|p1a: Ditto|evasion|1
|-sideend|p2: Pokemh|Stealth Rock|[from] move: Defog|[of] p2a: Ho-Oh
|
|-weather|none
|upkeep
|turn|119
|
|t:|1646289717
|switch|p1a: Chansey|Chansey, F|82/100
|switch|p2a: Tyranitar|Tyranitar, M|100/100
|-weather|Sandstorm|[from] ability: Sand Stream|[of] p2a: Tyranitar
|
|-weather|Sandstorm|[upkeep]
|-damage|p1a: Chansey|76/100|[from] Sandstorm
|upkeep
|turn|120
|
|t:|1646289721
|switch|p2a: Ho-Oh|Ho-Oh|100/100 par
|move|p1a: Chansey|Stealth Rock|p2a: Ho-Oh
|-sidestart|p2: Pokemh|move: Stealth Rock
|
|-weather|Sandstorm|[upkeep]
|-damage|p1a: Chansey|70/100|[from] Sandstorm
|-damage|p2a: Ho-Oh|94/100 par|[from] Sandstorm
|upkeep
|turn|121
|
|t:|1646289728
|switch|p1a: Ditto|Ditto|100/100
|-transform|p1a: Ditto|p2a: Ho-Oh|[from] ability: Imposter
|cant|p2a: Ho-Oh|par
|
|-weather|Sandstorm|[upkeep]
|-damage|p1a: Ditto|94/100|[from] Sandstorm
|-damage|p2a: Ho-Oh|88/100 par|[from] Sandstorm
|upkeep
|turn|122
|
|t:|1646289731
|move|p2a: Ho-Oh|Defog|p1a: Ditto
|-unboost|p1a: Ditto|evasion|1
|-sideend|p2: Pokemh|Stealth Rock|[from] move: Defog|[of] p2a: Ho-Oh
|move|p1a: Ditto|Whirlwind|p2a: Ho-Oh
|drag|p2a: Chansey|Chansey, F|100/100
|
|-weather|Sandstorm|[upkeep]
|-damage|p1a: Ditto|88/100|[from] Sandstorm
|-damage|p2a: Chansey|94/100|[from] Sandstorm
|upkeep
|turn|123
|
|t:|1646289734
|switch|p1a: Chansey|Chansey, F|70/100
|switch|p2a: Tyranitar|Tyranitar, M|100/100
|
|-weather|none
|upkeep
|turn|124
|
|t:|1646289737
|switch|p2a: Skarmory|Skarmory, M|82/100
|move|p1a: Chansey|Seismic Toss|p2a: Skarmory
|-damage|p2a: Skarmory|52/100
|
|upkeep
|turn|125
|
|t:|1646289739
|move|p2a: Skarmory|Roost|p2a: Skarmory
|-heal|p2a: Skarmory|100/100
|-singleturn|p2a: Skarmory|move: Roost
|move|p1a: Chansey|Seismic Toss|p2a: Skarmory
|-damage|p2a: Skarmory|70/100
|
|upkeep
|turn|126
|
|t:|1646289745
|move|p2a: Skarmory|Roost|p2a: Skarmory
|-heal|p2a: Skarmory|100/100
|-singleturn|p2a: Skarmory|move: Roost
|move|p1a: Chansey|Seismic Toss|p2a: Skarmory
|-damage|p2a: Skarmory|70/100
|
|upkeep
|turn|127
|
|t:|1646289749
|move|p2a: Skarmory|Roost|p2a: Skarmory
|-heal|p2a: Skarmory|100/100
|-singleturn|p2a: Skarmory|move: Roost
|move|p1a: Chansey|Seismic Toss|p2a: Skarmory
|-damage|p2a: Skarmory|70/100
|
|upkeep
|turn|128
|
|t:|1646289752
|switch|p1a: Ditto|Ditto|100/100
|-transform|p1a: Ditto|p2a: Skarmory|[from] ability: Imposter
|move|p2a: Skarmory|Iron Defense|p2a: Skarmory
|-boost|p2a: Skarmory|def|2
|
|upkeep
|turn|129
|
|t:|1646289758
|switch|p2a: Ho-Oh|Ho-Oh|100/100 par
|move|p1a: Ditto|Toxic||[still]
|-fail|p1a: Ditto
|
|upkeep
|turn|130
|
|t:|1646289762
|switch|p1a: Chansey|Chansey, F|70/100
|switch|p2a: Skarmory|Skarmory, M|70/100
|
|upkeep
|turn|131
|
|t:|1646289765
|switch|p1a: Ditto|Ditto|100/100
|-transform|p1a: Ditto|p2a: Skarmory|[from] ability: Imposter
|move|p2a: Skarmory|Toxic|p1a: Ditto
|-immune|p1a: Ditto
|
|upkeep
|turn|132
|
|t:|1646289768
|switch|p2a: Ho-Oh|Ho-Oh|100/100 par
|move|p1a: Ditto|Toxic||[still]
|-fail|p1a: Ditto
|
|upkeep
|turn|133
|
|t:|1646289771
|switch|p1a: Chansey|Chansey, F|70/100
|switch|p2a: Tyranitar|Tyranitar, M|100/100
|-weather|Sandstorm|[from] ability: Sand Stream|[of] p2a: Tyranitar
|
|-weather|Sandstorm|[upkeep]
|-damage|p1a: Chansey|64/100|[from] Sandstorm
|upkeep
|turn|134
|
|t:|1646289775
|switch|p2a: Skarmory|Skarmory, M|70/100
|move|p1a: Chansey|Soft-Boiled|p1a: Chansey
|-heal|p1a: Chansey|100/100
|
|-weather|Sandstorm|[upkeep]
|-damage|p1a: Chansey|94/100|[from] Sandstorm
|upkeep
|turn|135
|
|t:|1646289778
|switch|p2a: Ho-Oh|Ho-Oh|100/100 par
|switch|p1a: Ditto|Ditto|100/100
|-transform|p1a: Ditto|p2a: Ho-Oh|[from] ability: Imposter
|
|-weather|Sandstorm|[upkeep]
|-damage|p1a: Ditto|94/100|[from] Sandstorm
|-damage|p2a: Ho-Oh|94/100 par|[from] Sandstorm
|upkeep
|turn|136
|
|t:|1646289782
|switch|p1a: Chansey|Chansey, F|94/100
|switch|p2a: Tyranitar|Tyranitar, M|100/100
|
|-weather|Sandstorm|[upkeep]
|-damage|p1a: Chansey|88/100|[from] Sandstorm
|upkeep
|turn|137
|
|t:|1646289787
|switch|p1a: Necrozma|Necrozma-Dusk-Mane|100/100
|move|p2a: Tyranitar|Stealth Rock|p1a: Necrozma
|-sidestart|p1: PlatinumEA|move: Stealth Rock
|
|-weather|none
|upkeep
|turn|138
|
|t:|1646289791
|switch|p2a: Ho-Oh|Ho-Oh|100/100 par
|move|p1a: Necrozma|Stealth Rock|p2a: Ho-Oh
|-sidestart|p2: Pokemh|move: Stealth Rock
|
|upkeep
|turn|139
|
|t:|1646289796
|switch|p1a: Arceus|Arceus-Ghost|88/100 brn
|-damage|p1a: Arceus|76/100 brn|[from] Stealth Rock
|move|p2a: Ho-Oh|Defog|p1a: Arceus
|-unboost|p1a: Arceus|evasion|1
|-sideend|p1: PlatinumEA|Stealth Rock|[from] move: Defog|[of] p2a: Ho-Oh
|-sideend|p2: Pokemh|Stealth Rock|[from] move: Defog|[of] p2a: Ho-Oh
|
|-damage|p1a: Arceus|70/100 brn|[from] brn
|upkeep
|turn|140
|
|t:|1646289800
|switch|p1a: Arceus|Arceus|94/100
|move|p2a: Ho-Oh|Sacred Fire|p1a: Arceus
|-damage|p1a: Arceus|72/100
|-status|p1a: Arceus|brn
|
|-heal|p1a: Arceus|78/100 brn|[from] item: Leftovers
|-damage|p1a: Arceus|72/100 brn|[from] brn
|upkeep
|turn|141
|
|t:|1646289804
|switch|p2a: Skarmory|Skarmory, M|70/100
|move|p1a: Arceus|Trick|p2a: Skarmory
|-activate|p1a: Arceus|move: Trick|[of] p2a: Skarmory
|-item|p2a: Skarmory|Leftovers|[from] move: Trick
|-item|p1a: Arceus|Heavy-Duty Boots|[from] move: Trick
|
|-heal|p2a: Skarmory|76/100|[from] item: Leftovers
|-damage|p1a: Arceus|66/100 brn|[from] brn
|upkeep
|turn|142
|
|t:|1646289810
|switch|p2a: Ho-Oh|Ho-Oh|100/100 par
|move|p1a: Arceus|Trick|p2a: Ho-Oh
|-activate|p1a: Arceus|move: Trick|[of] p2a: Ho-Oh
|-item|p2a: Ho-Oh|Heavy-Duty Boots|[from] move: Trick
|-item|p1a: Arceus|Flame Orb|[from] move: Trick
|
|-damage|p1a: Arceus|60/100 brn|[from] brn
|upkeep
|turn|143
|
|t:|1646289814
|switch|p2a: Arceus|Arceus-Water|87/100
|move|p1a: Arceus|Trick||[still]
|-fail|p1a: Arceus
|
|-damage|p1a: Arceus|54/100 brn|[from] brn
|upkeep
|turn|144
|
|t:|1646289816
|move|p2a: Arceus|Toxic||[still]
|-fail|p2a: Arceus
|move|p1a: Arceus|Recover|p1a: Arceus
|-heal|p1a: Arceus|100/100 brn
|
|-damage|p1a: Arceus|94/100 brn|[from] brn
|upkeep
|turn|145
|
|t:|1646289820
|move|p2a: Arceus|Toxic||[still]
|-fail|p2a: Arceus
|move|p1a: Arceus|Trick||[still]
|-fail|p1a: Arceus
|
|-damage|p1a: Arceus|88/100 brn|[from] brn
|upkeep
|turn|146
|
|t:|1646289824
|switch|p1a: Chansey|Chansey, F|88/100
|move|p2a: Arceus|Ice Beam|p1a: Chansey
|-crit|p1a: Chansey
|-damage|p1a: Chansey|78/100
|
|upkeep
|turn|147
|
|t:|1646289828
|switch|p2a: Skarmory|Skarmory, M|76/100
|switch|p1a: Arceus|Arceus|88/100 brn
|
|-heal|p2a: Skarmory|82/100|[from] item: Leftovers
|-damage|p1a: Arceus|82/100 brn|[from] brn
|upkeep
|turn|148
|
|t:|1646289832
|switch|p2a: Arceus|Arceus-Water|87/100
|move|p1a: Arceus|Trick||[still]
|-fail|p1a: Arceus
|
|-damage|p1a: Arceus|76/100 brn|[from] brn
|upkeep
|turn|149
|
|t:|1646289838
|switch|p1a: Chansey|Chansey, F|78/100
|move|p2a: Arceus|Toxic|p1a: Chansey
|-status|p1a: Chansey|tox
|
|-damage|p1a: Chansey|71/100 tox|[from] psn
|upkeep
|turn|150
|
|t:|1646289841
|switch|p2a: Skarmory|Skarmory, M|82/100
|-curestatus|p1a: Chansey|tox|[from] ability: Natural Cure
|switch|p1a: Necrozma|Necrozma-Dusk-Mane|100/100
|
|-heal|p2a: Skarmory|88/100|[from] item: Leftovers
|upkeep
|turn|151
|
|t:|1646289846
|switch|p2a: Ho-Oh|Ho-Oh|100/100 par
|move|p1a: Necrozma|Thunder Wave|p2a: Ho-Oh
|-fail|p2a: Ho-Oh|par
|
|upkeep
|turn|152
|
|t:|1646289848
|switch|p2a: Skarmory|Skarmory, M|88/100
|move|p1a: Necrozma|Stealth Rock|p2a: Skarmory
|-sidestart|p2: Pokemh|move: Stealth Rock
|
|-heal|p2a: Skarmory|94/100|[from] item: Leftovers
|upkeep
|turn|153
|
|t:|1646289856
|switch|p1a: Arceus|Arceus|76/100 brn
|switch|p2a: Ho-Oh|Ho-Oh|100/100 par
|
|-damage|p1a: Arceus|70/100 brn|[from] brn
|upkeep
|turn|154
|
|t:|1646289857
|move|p1a: Arceus|Trick|p2a: Ho-Oh
|-activate|p1a: Arceus|move: Trick|[of] p2a: Ho-Oh
|-item|p2a: Ho-Oh|Flame Orb|[from] move: Trick
|-item|p1a: Arceus|Heavy-Duty Boots|[from] move: Trick
|move|p2a: Ho-Oh|Defog|p1a: Arceus
|-unboost|p1a: Arceus|evasion|1
|-sideend|p2: Pokemh|Stealth Rock|[from] move: Defog|[of] p2a: Ho-Oh
|
|-damage|p1a: Arceus|64/100 brn|[from] brn
|upkeep
|turn|155
|
|t:|1646289864
|switch|p2a: Arceus|Arceus-Water|87/100
|move|p1a: Arceus|Recover|p1a: Arceus
|-heal|p1a: Arceus|100/100 brn
|
|-damage|p1a: Arceus|94/100 brn|[from] brn
|upkeep
|turn|156
|
|t:|1646289868
|switch|p2a: Ho-Oh|Ho-Oh|100/100 par
|switch|p1a: Necrozma|Necrozma-Dusk-Mane|100/100
|
|upkeep
|turn|157
|
|t:|1646289872
|switch|p2a: Arceus|Arceus-Water|87/100
|move|p1a: Necrozma|Stealth Rock|p2a: Arceus
|-sidestart|p2: Pokemh|move: Stealth Rock
|
|upkeep
|turn|158
|
|t:|1646289875
|move|p2a: Arceus|Defog|p1a: Necrozma
|-unboost|p1a: Necrozma|evasion|1
|-sideend|p2: Pokemh|Stealth Rock|[from] move: Defog|[of] p2a: Arceus
|move|p1a: Necrozma|Thunder Wave|p2a: Arceus
|-status|p2a: Arceus|par
|
|upkeep
|turn|159
|
|t:|1646289884
|switch|p1a: Arceus|Arceus-Ghost|70/100 brn
|switch|p2a: Ho-Oh|Ho-Oh|100/100 par
|
|-damage|p1a: Arceus|64/100 brn|[from] brn
|upkeep
|turn|160
|
|t:|1646289887
|switch|p2a: Chansey|Chansey, F|94/100
|move|p1a: Arceus|Recover|p1a: Arceus
|-heal|p1a: Arceus|100/100 brn
|
|-damage|p1a: Arceus|94/100 brn|[from] brn
|upkeep
|turn|161
|
|t:|1646289890
|move|p1a: Arceus|Swords Dance|p1a: Arceus
|-boost|p1a: Arceus|atk|2
|move|p2a: Chansey|Heal Bell|p2a: Chansey
|-activate|p2a: Chansey|move: Heal Bell
|-curestatus|p2: Arceus|par|[msg]
|-curestatus|p2: Ho-Oh|par|[msg]
|
|-damage|p1a: Arceus|88/100 brn|[from] brn
|upkeep
|turn|162
|
|t:|1646289893
|switch|p2a: Magnemite|Magnemite, L1|100/100
|move|p1a: Arceus|Brick Break|p2a: Magnemite
|-supereffective|p2a: Magnemite
|-ability|p2a: Magnemite|Sturdy
|-damage|p2a: Magnemite|10/100
|-enditem|p2a: Magnemite|Berry Juice
|-heal|p2a: Magnemite|100/100|[from] item: Berry Juice
|
|-damage|p1a: Arceus|82/100 brn|[from] brn
|upkeep
|turn|163
|
|t:|1646289897
|move|p1a: Arceus|Brick Break|p2a: Magnemite
|-supereffective|p2a: Magnemite
|-ability|p2a: Magnemite|Sturdy
|-damage|p2a: Magnemite|10/100
|move|p2a: Magnemite|Recycle|p2a: Magnemite
|-item|p2a: Magnemite|Berry Juice|[from] move: Recycle
|-enditem|p2a: Magnemite|Berry Juice
|-heal|p2a: Magnemite|100/100|[from] item: Berry Juice
|
|-damage|p1a: Arceus|76/100 brn|[from] brn
|upkeep
|turn|164
|
|t:|1646289901
|move|p1a: Arceus|Brick Break|p2a: Magnemite
|-supereffective|p2a: Magnemite
|-ability|p2a: Magnemite|Sturdy
|-damage|p2a: Magnemite|10/100
|move|p2a: Magnemite|Recycle|p2a: Magnemite
|-item|p2a: Magnemite|Berry Juice|[from] move: Recycle
|-enditem|p2a: Magnemite|Berry Juice
|-heal|p2a: Magnemite|100/100|[from] item: Berry Juice
|
|-damage|p1a: Arceus|70/100 brn|[from] brn
|upkeep
|turn|165
|
|t:|1646289904
|move|p1a: Arceus|Brick Break|p2a: Magnemite
|-supereffective|p2a: Magnemite
|-ability|p2a: Magnemite|Sturdy
|-damage|p2a: Magnemite|10/100
|move|p2a: Magnemite|Recycle|p2a: Magnemite
|-item|p2a: Magnemite|Berry Juice|[from] move: Recycle
|-enditem|p2a: Magnemite|Berry Juice
|-heal|p2a: Magnemite|100/100|[from] item: Berry Juice
|
|-damage|p1a: Arceus|64/100 brn|[from] brn
|upkeep
|turn|166
|
|t:|1646289906
|move|p1a: Arceus|Brick Break|p2a: Magnemite
|-supereffective|p2a: Magnemite
|-ability|p2a: Magnemite|Sturdy
|-damage|p2a: Magnemite|10/100
|move|p2a: Magnemite|Recycle|p2a: Magnemite
|-item|p2a: Magnemite|Berry Juice|[from] move: Recycle
|-enditem|p2a: Magnemite|Berry Juice
|-heal|p2a: Magnemite|100/100|[from] item: Berry Juice
|
|-damage|p1a: Arceus|58/100 brn|[from] brn
|upkeep
|turn|167
|
|t:|1646289908
|move|p1a: Arceus|Brick Break|p2a: Magnemite
|-supereffective|p2a: Magnemite
|-ability|p2a: Magnemite|Sturdy
|-damage|p2a: Magnemite|10/100
|move|p2a: Magnemite|Recycle|p2a: Magnemite
|-item|p2a: Magnemite|Berry Juice|[from] move: Recycle
|-enditem|p2a: Magnemite|Berry Juice
|-heal|p2a: Magnemite|100/100|[from] item: Berry Juice
|
|-damage|p1a: Arceus|52/100 brn|[from] brn
|upkeep
|turn|168
|
|t:|1646289910
|move|p1a: Arceus|Recover|p1a: Arceus
|-heal|p1a: Arceus|100/100 brn
|move|p2a: Magnemite|Recycle|p2a: Magnemite
|-item|p2a: Magnemite|Berry Juice|[from] move: Recycle
|
|-damage|p1a: Arceus|94/100 brn|[from] brn
|upkeep
|turn|169
|
|t:|1646289914
|switch|p2a: Ho-Oh|Ho-Oh|100/100
|move|p1a: Arceus|Brick Break|p2a: Ho-Oh
|-resisted|p2a: Ho-Oh
|-damage|p2a: Ho-Oh|92/100
|
|-damage|p1a: Arceus|88/100 brn|[from] brn
|upkeep
|turn|170
|
|t:|1646289920
|move|p1a: Arceus|Swords Dance|p1a: Arceus
|-boost|p1a: Arceus|atk|2
|move|p2a: Ho-Oh|Whirlwind|p1a: Arceus
|drag|p1a: Ditto|Ditto|100/100
|-transform|p1a: Ditto|p2a: Ho-Oh|[from] ability: Imposter
|
|upkeep
|turn|171
|
|t:|1646289924
|switch|p2a: Tyranitar|Tyranitar, M|100/100
|-weather|Sandstorm|[from] ability: Sand Stream|[of] p2a: Tyranitar
|move|p1a: Ditto|Toxic|p2a: Tyranitar
|-status|p2a: Tyranitar|tox
|
|-weather|Sandstorm|[upkeep]
|-damage|p1a: Ditto|94/100|[from] Sandstorm
|-damage|p2a: Tyranitar|94/100 tox|[from] psn
|upkeep
|turn|172
|
|t:|1646289928
|switch|p1a: Necrozma|Necrozma-Dusk-Mane|100/100
|move|p2a: Tyranitar|Stealth Rock|p1a: Necrozma
|-sidestart|p1: PlatinumEA|move: Stealth Rock
|
|-weather|Sandstorm|[upkeep]
|-heal|p2a: Tyranitar|100/100 tox|[from] item: Leftovers
|-damage|p2a: Tyranitar|88/100 tox|[from] psn
|upkeep
|turn|173
|
|t:|1646289932
|switch|p2a: Arceus|Arceus-Water|87/100
|move|p1a: Necrozma|Thunder Wave|p2a: Arceus
|-status|p2a: Arceus|par
|
|-weather|Sandstorm|[upkeep]
|-damage|p2a: Arceus|81/100 par|[from] Sandstorm
|upkeep
|turn|174
|
|t:|1646289935
|switch|p2a: Ho-Oh|Ho-Oh|100/100
|move|p1a: Necrozma|Stealth Rock|p2a: Ho-Oh
|-sidestart|p2: Pokemh|move: Stealth Rock
|
|-weather|Sandstorm|[upkeep]
|-damage|p2a: Ho-Oh|94/100|[from] Sandstorm
|upkeep
|turn|175
|
|t:|1646289939
|switch|p1a: Arceus|Arceus|94/100 brn
|move|p2a: Ho-Oh|Defog|p1a: Arceus
|-unboost|p1a: Arceus|evasion|1
|-sideend|p1: PlatinumEA|Stealth Rock|[from] move: Defog|[of] p2a: Ho-Oh
|-sideend|p2: Pokemh|Stealth Rock|[from] move: Defog|[of] p2a: Ho-Oh
|
|-weather|none
|-damage|p1a: Arceus|88/100 brn|[from] brn
|upkeep
|turn|176
|
|t:|1646289946
|switch|p1a: Ditto|Ditto|100/100
|-transform|p1a: Ditto|p2a: Ho-Oh|[from] ability: Imposter
|switch|p2a: Arceus|Arceus-Water|81/100 par
|
|upkeep
|turn|177
|
|t:|1646289950
|switch|p1a: Necrozma|Necrozma-Dusk-Mane|100/100
|switch|p2a: Tyranitar|Tyranitar, M|88/100 tox
|-weather|Sandstorm|[from] ability: Sand Stream|[of] p2a: Tyranitar
|
|-weather|Sandstorm|[upkeep]
|-heal|p2a: Tyranitar|94/100 tox|[from] item: Leftovers
|-damage|p2a: Tyranitar|88/100 tox|[from] psn
|upkeep
|turn|178
|
|t:|1646289954
|switch|p2a: Arceus|Arceus-Water|81/100 par
|move|p1a: Necrozma|Sunsteel Strike|p2a: Arceus
|-resisted|p2a: Arceus
|-damage|p2a: Arceus|69/100 par
|
|-weather|Sandstorm|[upkeep]
|-damage|p2a: Arceus|63/100 par|[from] Sandstorm
|upkeep
|turn|179
|
|t:|1646289958
|switch|p1a: Arceus|Arceus-Ghost|88/100 brn
|move|p2a: Arceus|Recover|p2a: Arceus
|-heal|p2a: Arceus|100/100 par
|
|-weather|Sandstorm|[upkeep]
|-damage|p1a: Arceus|82/100 brn|[from] Sandstorm
|-damage|p2a: Arceus|94/100 par|[from] Sandstorm
|-damage|p1a: Arceus|76/100 brn|[from] brn
|upkeep
|turn|180
|
|t:|1646289960
|switch|p2a: Ho-Oh|Ho-Oh|100/100
|move|p1a: Arceus|Swords Dance|p1a: Arceus
|-boost|p1a: Arceus|atk|2
|
|-weather|Sandstorm|[upkeep]
|-damage|p1a: Arceus|70/100 brn|[from] Sandstorm
|-damage|p2a: Ho-Oh|94/100|[from] Sandstorm
|-damage|p1a: Arceus|64/100 brn|[from] brn
|upkeep
|turn|181
|
|t:|1646289963
|move|p1a: Arceus|Swords Dance|p1a: Arceus
|-boost|p1a: Arceus|atk|2
|move|p2a: Ho-Oh|Whirlwind|p1a: Arceus
|drag|p1a: Ditto|Ditto|100/100
|-transform|p1a: Ditto|p2a: Ho-Oh|[from] ability: Imposter
|
|-weather|none
|upkeep
|turn|182
|
|t:|1646289967
|switch|p2a: Arceus|Arceus-Water|94/100 par
|move|p1a: Ditto|Toxic||[still]
|-fail|p1a: Ditto
|
|upkeep
|turn|183
|
|t:|1646289970
|switch|p1a: Arceus|Arceus-Ghost|64/100 brn
|switch|p2a: Magnemite|Magnemite, L1|100/100
|
|-damage|p1a: Arceus|58/100 brn|[from] brn
|upkeep
|turn|184
|
|t:|1646289972
|switch|p2a: Ho-Oh|Ho-Oh|100/100
|move|p1a: Arceus|Recover|p1a: Arceus
|-heal|p1a: Arceus|100/100 brn
|
|-damage|p1a: Arceus|94/100 brn|[from] brn
|upkeep
|turn|185
|
|t:|1646289978
|switch|p1a: Necrozma|Necrozma-Dusk-Mane|100/100
|switch|p2a: Skarmory|Skarmory, M|94/100
|
|-heal|p2a: Skarmory|100/100|[from] item: Leftovers
|upkeep
|turn|186
|
|t:|1646289981
|switch|p2a: Ho-Oh|Ho-Oh|100/100
|move|p1a: Necrozma|Thunder Wave|p2a: Ho-Oh
|-status|p2a: Ho-Oh|par
|
|upkeep
|turn|187
|
|t:|1646289985
|move|p1a: Necrozma|Stealth Rock|p2a: Ho-Oh
|-sidestart|p2: Pokemh|move: Stealth Rock
|cant|p2a: Ho-Oh|par
|
|upkeep
|turn|188
|
|t:|1646289994
|switch|p1a: Arceus|Arceus-Ghost|94/100 brn
|move|p2a: Ho-Oh|Defog|p1a: Arceus
|-unboost|p1a: Arceus|evasion|1
|-sideend|p2: Pokemh|Stealth Rock|[from] move: Defog|[of] p2a: Ho-Oh
|
|-damage|p1a: Arceus|88/100 brn|[from] brn
|upkeep
|turn|189
|
|t:|1646289997
|switch|p1a: Necrozma|Necrozma-Dusk-Mane|100/100
|switch|p2a: Chansey|Chansey, F|94/100
|
|upkeep
|turn|190
|
|t:|1646290002
|switch|p2a: Ho-Oh|Ho-Oh|100/100 par
|move|p1a: Necrozma|Stealth Rock|p2a: Ho-Oh
|-sidestart|p2: Pokemh|move: Stealth Rock
|
|upkeep
|turn|191
|
|t:|1646290010
|switch|p1a: Chansey|Chansey, F|71/100
|cant|p2a: Ho-Oh|par
|
|upkeep
|turn|192
|
|t:|1646290015
|move|p1a: Chansey|Seismic Toss|p2a: Ho-Oh
|-damage|p2a: Ho-Oh|76/100 par
|move|p2a: Ho-Oh|Defog|p1a: Chansey
|-unboost|p1a: Chansey|evasion|1
|-sideend|p2: Pokemh|Stealth Rock|[from] move: Defog|[of] p2a: Ho-Oh
|
|upkeep
|turn|193
|
|t:|1646290019
|switch|p2a: Skarmory|Skarmory, M|100/100
|move|p1a: Chansey|Stealth Rock|p2a: Skarmory
|-sidestart|p2: Pokemh|move: Stealth Rock
|
|upkeep
|turn|194
|
|t:|1646290023
|switch|p1a: Ditto|Ditto|100/100
|-transform|p1a: Ditto|p2a: Skarmory|[from] ability: Imposter
|move|p2a: Skarmory|Defog|p1a: Ditto
|-unboost|p1a: Ditto|evasion|1
|-sideend|p2: Pokemh|Stealth Rock|[from] move: Defog|[of] p2a: Skarmory
|
|upkeep
|turn|195
|
|t:|1646290026
|switch|p2a: Ho-Oh|Ho-Oh|100/100 par
|move|p1a: Ditto|Toxic||[still]
|-fail|p1a: Ditto
|
|upkeep
|turn|196
|
|t:|1646290033
|switch|p1a: Necrozma|Necrozma-Dusk-Mane|100/100
|switch|p2a: Magnemite|Magnemite, L1|100/100
|
|upkeep
|turn|197
|
|t:|1646290039
|switch|p1a: Arceus|Arceus|88/100 brn
|switch|p2a: Ho-Oh|Ho-Oh|100/100 par
|
|-damage|p1a: Arceus|82/100 brn|[from] brn
|upkeep
|turn|198
|
|t:|1646290047
|switch|p1a: Chansey|Chansey, F|71/100
|switch|p2a: Arceus|Arceus-Water|94/100 par
|
|upkeep
|turn|199
|
|t:|1646290050
|switch|p2a: Ho-Oh|Ho-Oh|100/100 par
|switch|p1a: Necrozma|Necrozma-Dusk-Mane|100/100
|
|upkeep
|turn|200
|
|t:|1646290054
|switch|p1a: Arceus|Arceus-Ghost|88/100 brn
|switch|p2a: Arceus|Arceus-Water|94/100 par
|
|-damage|p1a: Arceus|82/100 brn|[from] brn
|upkeep
|turn|201
|
|t:|1646290059
|switch|p1a: Chansey|Chansey, F|71/100
|switch|p2a: Ho-Oh|Ho-Oh|100/100 par
|
|upkeep
|turn|202
|
|t:|1646290062
|switch|p1a: Arceus|Arceus|82/100 brn
|switch|p2a: Arceus|Arceus-Water|94/100 par
|
|-damage|p1a: Arceus|76/100 brn|[from] brn
|upkeep
|turn|203
|
|t:|1646290065
|switch|p1a: Necrozma|Necrozma-Dusk-Mane|100/100
|switch|p2a: Ho-Oh|Ho-Oh|100/100 par
|
|upkeep
|turn|204
|
|t:|1646290068
|switch|p1a: Chansey|Chansey, F|71/100
|switch|p2a: Arceus|Arceus-Water|94/100 par
|
|upkeep
|turn|205
|
|t:|1646290070
|switch|p2a: Ho-Oh|Ho-Oh|100/100 par
|switch|p1a: Necrozma|Necrozma-Dusk-Mane|100/100
|
|upkeep
|turn|206
|
|t:|1646290073
|switch|p1a: Chansey|Chansey, F|71/100
|switch|p2a: Arceus|Arceus-Water|94/100 par
|
|upkeep
|turn|207
|
|t:|1646290077
|switch|p2a: Ho-Oh|Ho-Oh|100/100 par
|switch|p1a: Ditto|Ditto|100/100
|-transform|p1a: Ditto|p2a: Ho-Oh|[from] ability: Imposter
|
|upkeep
|turn|208
|
|t:|1646290081
|switch|p1a: Chansey|Chansey, F|71/100
|switch|p2a: Arceus|Arceus-Water|94/100 par
|
|upkeep
|turn|209
|
|t:|1646290089
|switch|p2a: Ho-Oh|Ho-Oh|100/100 par
|switch|p1a: Necrozma|Necrozma-Dusk-Mane|100/100
|
|upkeep
|turn|210
|
|t:|1646290094
|switch|p2a: Arceus|Arceus-Water|94/100 par
|move|p1a: Necrozma|Stealth Rock|p2a: Arceus
|-sidestart|p2: Pokemh|move: Stealth Rock
|
|upkeep
|turn|211
|
|t:|1646290109
|move|p1a: Necrozma|Thunder Wave|p2a: Arceus
|-fail|p2a: Arceus|par
|move|p2a: Arceus|Defog|p1a: Necrozma
|-unboost|p1a: Necrozma|evasion|1
|-sideend|p2: Pokemh|Stealth Rock|[from] move: Defog|[of] p2a: Arceus
|
|upkeep
|turn|212
|
|t:|1646290112
|switch|p2a: Ho-Oh|Ho-Oh|100/100 par
|move|p1a: Necrozma|Thunder Wave|p2a: Ho-Oh
|-fail|p2a: Ho-Oh|par
|
|upkeep
|turn|213
|
|t:|1646290115
|switch|p2a: Arceus|Arceus-Water|94/100 par
|move|p1a: Necrozma|Stealth Rock|p2a: Arceus
|-sidestart|p2: Pokemh|move: Stealth Rock
|
|upkeep
|turn|214
|
|t:|1646290120
|switch|p1a: Arceus|Arceus-Ghost|82/100 brn
|cant|p2a: Arceus|par
|
|-damage|p1a: Arceus|76/100 brn|[from] brn
|upkeep
|turn|215
|
|t:|1646290123
|switch|p1a: Chansey|Chansey, F|71/100
|move|p2a: Arceus|Defog|p1a: Chansey
|-unboost|p1a: Chansey|evasion|1
|-sideend|p2: Pokemh|Stealth Rock|[from] move: Defog|[of] p2a: Arceus
|
|upkeep
|turn|216
|
|t:|1646290127
|switch|p2a: Ho-Oh|Ho-Oh|100/100 par
|switch|p1a: Arceus|Arceus-Ghost|76/100 brn
|
|-damage|p1a: Arceus|70/100 brn|[from] brn
|upkeep
|turn|217
|
|t:|1646290140
|switch|p1a: Arceus|Arceus|76/100 brn
|switch|p2a: Arceus|Arceus-Water|94/100 par
|
|-damage|p1a: Arceus|70/100 brn|[from] brn
|upkeep
|turn|218
|
|t:|1646290151
|switch|p1a: Arceus|Arceus-Ghost|70/100 brn
|switch|p2a: Ho-Oh|Ho-Oh|100/100 par
|
|-damage|p1a: Arceus|64/100 brn|[from] brn
|upkeep
|turn|219
|c| 08-11b|dang x]
|
|t:|1646290154
|switch|p1a: Arceus|Arceus|70/100 brn
|switch|p2a: Arceus|Arceus-Water|94/100 par
|
|-damage|p1a: Arceus|64/100 brn|[from] brn
|upkeep
|turn|220
|
|t:|1646290156
|switch|p1a: Arceus|Arceus-Ghost|64/100 brn
|switch|p2a: Ho-Oh|Ho-Oh|100/100 par
|
|-damage|p1a: Arceus|58/100 brn|[from] brn
|upkeep
|turn|221
|
|t:|1646290158
|switch|p1a: Arceus|Arceus|64/100 brn
|switch|p2a: Arceus|Arceus-Water|94/100 par
|
|-damage|p1a: Arceus|58/100 brn|[from] brn
|upkeep
|turn|222
|
|t:|1646290160
|switch|p2a: Ho-Oh|Ho-Oh|100/100 par
|move|p1a: Arceus|Recover|p1a: Arceus
|-heal|p1a: Arceus|100/100 brn
|
|-damage|p1a: Arceus|94/100 brn|[from] brn
|upkeep
|turn|223
|
|t:|1646290162
|switch|p1a: Arceus|Arceus-Ghost|58/100 brn
|switch|p2a: Arceus|Arceus-Water|94/100 par
|
|-damage|p1a: Arceus|52/100 brn|[from] brn
|upkeep
|turn|224
|
|t:|1646290163
|switch|p2a: Ho-Oh|Ho-Oh|100/100 par
|move|p1a: Arceus|Recover|p1a: Arceus
|-heal|p1a: Arceus|100/100 brn
|
|-damage|p1a: Arceus|94/100 brn|[from] brn
|upkeep
|turn|225
|
|t:|1646290166
|switch|p1a: Chansey|Chansey, F|71/100
|switch|p2a: Arceus|Arceus-Water|94/100 par
|
|upkeep
|turn|226
|
|t:|1646290167
|switch|p2a: Ho-Oh|Ho-Oh|100/100 par
|switch|p1a: Necrozma|Necrozma-Dusk-Mane|100/100
|
|upkeep
|turn|227
|
|t:|1646290170
|switch|p1a: Chansey|Chansey, F|71/100
|switch|p2a: Arceus|Arceus-Water|94/100 par
|
|upkeep
|turn|228
|
|t:|1646290172
|switch|p2a: Ho-Oh|Ho-Oh|100/100 par
|switch|p1a: Necrozma|Necrozma-Dusk-Mane|100/100
|
|upkeep
|turn|229
|
|t:|1646290175
|switch|p1a: Chansey|Chansey, F|71/100
|switch|p2a: Arceus|Arceus-Water|94/100 par
|
|upkeep
|turn|230
|
|t:|1646290177
|switch|p2a: Ho-Oh|Ho-Oh|100/100 par
|switch|p1a: Necrozma|Necrozma-Dusk-Mane|100/100
|
|upkeep
|turn|231
|
|t:|1646290180
|switch|p1a: Chansey|Chansey, F|71/100
|switch|p2a: Arceus|Arceus-Water|94/100 par
|
|upkeep
|turn|232
|
|t:|1646290183
|switch|p2a: Ho-Oh|Ho-Oh|100/100 par
|switch|p1a: Necrozma|Necrozma-Dusk-Mane|100/100
|
|upkeep
|turn|233
|
|t:|1646290185
|switch|p1a: Chansey|Chansey, F|71/100
|switch|p2a: Arceus|Arceus-Water|94/100 par
|
|upkeep
|turn|234
|
|t:|1646290187
|switch|p2a: Ho-Oh|Ho-Oh|100/100 par
|switch|p1a: Necrozma|Necrozma-Dusk-Mane|100/100
|
|upkeep
|turn|235
|
|t:|1646290189
|switch|p1a: Chansey|Chansey, F|71/100
|switch|p2a: Arceus|Arceus-Water|94/100 par
|
|upkeep
|turn|236
|
|t:|1646290192
|switch|p2a: Ho-Oh|Ho-Oh|100/100 par
|switch|p1a: Necrozma|Necrozma-Dusk-Mane|100/100
|
|upkeep
|turn|237
|
|t:|1646290195
|switch|p1a: Chansey|Chansey, F|71/100
|switch|p2a: Arceus|Arceus-Water|94/100 par
|
|upkeep
|turn|238
|
|t:|1646290197
|switch|p2a: Ho-Oh|Ho-Oh|100/100 par
|switch|p1a: Necrozma|Necrozma-Dusk-Mane|100/100
|
|upkeep
|turn|239
|
|t:|1646290199
|switch|p1a: Chansey|Chansey, F|71/100
|switch|p2a: Arceus|Arceus-Water|94/100 par
|
|upkeep
|turn|240
|
|t:|1646290201
|switch|p2a: Ho-Oh|Ho-Oh|100/100 par
|switch|p1a: Necrozma|Necrozma-Dusk-Mane|100/100
|
|upkeep
|turn|241
|
|t:|1646290202
|switch|p1a: Chansey|Chansey, F|71/100
|switch|p2a: Arceus|Arceus-Water|94/100 par
|
|upkeep
|turn|242
|
|t:|1646290204
|switch|p2a: Ho-Oh|Ho-Oh|100/100 par
|switch|p1a: Necrozma|Necrozma-Dusk-Mane|100/100
|
|upkeep
|turn|243
|
|t:|1646290206
|switch|p1a: Chansey|Chansey, F|71/100
|switch|p2a: Arceus|Arceus-Water|94/100 par
|
|upkeep
|turn|244
|
|t:|1646290208
|switch|p2a: Ho-Oh|Ho-Oh|100/100 par
|switch|p1a: Necrozma|Necrozma-Dusk-Mane|100/100
|
|upkeep
|turn|245
|
|t:|1646290210
|switch|p1a: Chansey|Chansey, F|71/100
|switch|p2a: Arceus|Arceus-Water|94/100 par
|
|upkeep
|turn|246
|
|t:|1646290211
|switch|p2a: Ho-Oh|Ho-Oh|100/100 par
|switch|p1a: Necrozma|Necrozma-Dusk-Mane|100/100
|
|upkeep
|turn|247
|
|t:|1646290213
|switch|p1a: Chansey|Chansey, F|71/100
|switch|p2a: Arceus|Arceus-Water|94/100 par
|
|upkeep
|turn|248
|
|t:|1646290214
|switch|p2a: Ho-Oh|Ho-Oh|100/100 par
|switch|p1a: Ditto|Ditto|100/100
|-transform|p1a: Ditto|p2a: Ho-Oh|[from] ability: Imposter
|
|upkeep
|turn|249
|
|t:|1646290216
|switch|p1a: Necrozma|Necrozma-Dusk-Mane|100/100
|switch|p2a: Arceus|Arceus-Water|94/100 par
|
|upkeep
|turn|250
|
|t:|1646290217
|switch|p1a: Ditto|Ditto|100/100
|-transform|p1a: Ditto|p2a: Arceus|[from] ability: Imposter
|switch|p2a: Ho-Oh|Ho-Oh|100/100 par
|
|upkeep
|turn|251
|
|t:|1646290219
|switch|p1a: Necrozma|Necrozma-Dusk-Mane|100/100
|switch|p2a: Arceus|Arceus-Water|94/100 par
|
|upkeep
|turn|252
|
|t:|1646290221
|switch|p1a: Ditto|Ditto|100/100
|-transform|p1a: Ditto|p2a: Arceus|[from] ability: Imposter
|switch|p2a: Ho-Oh|Ho-Oh|100/100 par
|
|upkeep
|turn|253
|
|t:|1646290224
|switch|p1a: Chansey|Chansey, F|71/100
|switch|p2a: Arceus|Arceus-Water|94/100 par
|
|upkeep
|turn|254
|
|t:|1646290226
|switch|p2a: Ho-Oh|Ho-Oh|100/100 par
|switch|p1a: Necrozma|Necrozma-Dusk-Mane|100/100
|
|upkeep
|turn|255
|
|t:|1646290227
|switch|p1a: Chansey|Chansey, F|71/100
|switch|p2a: Arceus|Arceus-Water|94/100 par
|
|upkeep
|turn|256
|
|t:|1646290229
|switch|p2a: Ho-Oh|Ho-Oh|100/100 par
|switch|p1a: Necrozma|Necrozma-Dusk-Mane|100/100
|
|upkeep
|turn|257
|
|t:|1646290230
|switch|p1a: Chansey|Chansey, F|71/100
|switch|p2a: Arceus|Arceus-Water|94/100 par
|
|upkeep
|turn|258
|
|t:|1646290232
|switch|p2a: Ho-Oh|Ho-Oh|100/100 par
|switch|p1a: Necrozma|Necrozma-Dusk-Mane|100/100
|
|upkeep
|turn|259
|
|t:|1646290234
|switch|p1a: Chansey|Chansey, F|71/100
|switch|p2a: Arceus|Arceus-Water|94/100 par
|
|upkeep
|turn|260
|
|t:|1646290235
|switch|p2a: Ho-Oh|Ho-Oh|100/100 par
|switch|p1a: Necrozma|Necrozma-Dusk-Mane|100/100
|
|upkeep
|turn|261
|
|t:|1646290237
|switch|p1a: Chansey|Chansey, F|71/100
|switch|p2a: Arceus|Arceus-Water|94/100 par
|
|upkeep
|turn|262
|
|t:|1646290239
|switch|p2a: Ho-Oh|Ho-Oh|100/100 par
|switch|p1a: Necrozma|Necrozma-Dusk-Mane|100/100
|
|upkeep
|turn|263
|
|t:|1646290241
|switch|p1a: Chansey|Chansey, F|71/100
|switch|p2a: Arceus|Arceus-Water|94/100 par
|
|upkeep
|turn|264
|
|t:|1646290242
|switch|p2a: Ho-Oh|Ho-Oh|100/100 par
|switch|p1a: Necrozma|Necrozma-Dusk-Mane|100/100
|
|upkeep
|turn|265
|
|t:|1646290245
|switch|p1a: Chansey|Chansey, F|71/100
|switch|p2a: Arceus|Arceus-Water|94/100 par
|
|upkeep
|turn|266
|
|t:|1646290247
|switch|p2a: Ho-Oh|Ho-Oh|100/100 par
|switch|p1a: Necrozma|Necrozma-Dusk-Mane|100/100
|
|upkeep
|turn|267
|
|t:|1646290250
|switch|p1a: Chansey|Chansey, F|71/100
|switch|p2a: Arceus|Arceus-Water|94/100 par
|
|upkeep
|turn|268
|
|t:|1646290252
|switch|p2a: Ho-Oh|Ho-Oh|100/100 par
|switch|p1a: Necrozma|Necrozma-Dusk-Mane|100/100
|
|upkeep
|turn|269
|
|t:|1646290254
|switch|p1a: Chansey|Chansey, F|71/100
|switch|p2a: Arceus|Arceus-Water|94/100 par
|
|upkeep
|turn|270
|
|t:|1646290258
|switch|p2a: Ho-Oh|Ho-Oh|100/100 par
|switch|p1a: Necrozma|Necrozma-Dusk-Mane|100/100
|
|upkeep
|turn|271
|
|t:|1646290260
|switch|p1a: Chansey|Chansey, F|71/100
|switch|p2a: Arceus|Arceus-Water|94/100 par
|
|upkeep
|turn|272
|
|t:|1646290263
|switch|p2a: Ho-Oh|Ho-Oh|100/100 par
|switch|p1a: Necrozma|Necrozma-Dusk-Mane|100/100
|
|upkeep
|turn|273
|
|t:|1646290264
|switch|p1a: Chansey|Chansey, F|71/100
|switch|p2a: Arceus|Arceus-Water|94/100 par
|
|upkeep
|turn|274
|
|t:|1646290266
|switch|p2a: Ho-Oh|Ho-Oh|100/100 par
|switch|p1a: Necrozma|Necrozma-Dusk-Mane|100/100
|
|upkeep
|turn|275
|
|t:|1646290270
|switch|p1a: Chansey|Chansey, F|71/100
|switch|p2a: Arceus|Arceus-Water|94/100 par
|
|upkeep
|turn|276
|
|t:|1646290272
|switch|p2a: Ho-Oh|Ho-Oh|100/100 par
|switch|p1a: Necrozma|Necrozma-Dusk-Mane|100/100
|
|upkeep
|turn|277
|
|t:|1646290274
|switch|p1a: Chansey|Chansey, F|71/100
|switch|p2a: Arceus|Arceus-Water|94/100 par
|
|upkeep
|turn|278
|
|t:|1646290275
|switch|p2a: Ho-Oh|Ho-Oh|100/100 par
|switch|p1a: Necrozma|Necrozma-Dusk-Mane|100/100
|
|upkeep
|turn|279
|
|t:|1646290279
|switch|p1a: Chansey|Chansey, F|71/100
|switch|p2a: Arceus|Arceus-Water|94/100 par
|
|upkeep
|turn|280
|
|t:|1646290281
|switch|p2a: Ho-Oh|Ho-Oh|100/100 par
|switch|p1a: Necrozma|Necrozma-Dusk-Mane|100/100
|
|upkeep
|turn|281
|
|t:|1646290283
|switch|p1a: Chansey|Chansey, F|71/100
|switch|p2a: Arceus|Arceus-Water|94/100 par
|
|upkeep
|turn|282
|
|t:|1646290286
|switch|p2a: Ho-Oh|Ho-Oh|100/100 par
|switch|p1a: Necrozma|Necrozma-Dusk-Mane|100/100
|
|upkeep
|turn|283
|
|t:|1646290289
|switch|p1a: Chansey|Chansey, F|71/100
|switch|p2a: Arceus|Arceus-Water|94/100 par
|
|upkeep
|turn|284
|
|t:|1646290290
|switch|p2a: Ho-Oh|Ho-Oh|100/100 par
|switch|p1a: Necrozma|Necrozma-Dusk-Mane|100/100
|
|upkeep
|turn|285
|
|t:|1646290292
|switch|p1a: Chansey|Chansey, F|71/100
|switch|p2a: Arceus|Arceus-Water|94/100 par
|
|upkeep
|turn|286
|
|t:|1646290294
|switch|p2a: Ho-Oh|Ho-Oh|100/100 par
|switch|p1a: Necrozma|Necrozma-Dusk-Mane|100/100
|
|upkeep
|turn|287
|
|t:|1646290297
|switch|p1a: Chansey|Chansey, F|71/100
|switch|p2a: Arceus|Arceus-Water|94/100 par
|
|upkeep
|turn|288
|
|t:|1646290300
|switch|p2a: Ho-Oh|Ho-Oh|100/100 par
|switch|p1a: Necrozma|Necrozma-Dusk-Mane|100/100
|
|upkeep
|turn|289
|
|t:|1646290302
|switch|p1a: Chansey|Chansey, F|71/100
|switch|p2a: Arceus|Arceus-Water|94/100 par
|
|upkeep
|turn|290
|
|t:|1646290304
|switch|p2a: Ho-Oh|Ho-Oh|100/100 par
|switch|p1a: Necrozma|Necrozma-Dusk-Mane|100/100
|
|upkeep
|turn|291
|
|t:|1646290307
|switch|p1a: Chansey|Chansey, F|71/100
|switch|p2a: Arceus|Arceus-Water|94/100 par
|
|upkeep
|turn|292
|
|t:|1646290311
|switch|p2a: Ho-Oh|Ho-Oh|100/100 par
|switch|p1a: Necrozma|Necrozma-Dusk-Mane|100/100
|
|upkeep
|turn|293
|
|t:|1646290313
|switch|p1a: Chansey|Chansey, F|71/100
|switch|p2a: Arceus|Arceus-Water|94/100 par
|
|upkeep
|turn|294
|
|t:|1646290315
|switch|p2a: Ho-Oh|Ho-Oh|100/100 par
|switch|p1a: Necrozma|Necrozma-Dusk-Mane|100/100
|
|upkeep
|turn|295
|
|t:|1646290317
|switch|p1a: Chansey|Chansey, F|71/100
|switch|p2a: Arceus|Arceus-Water|94/100 par
|
|upkeep
|turn|296
|
|t:|1646290319
|switch|p2a: Ho-Oh|Ho-Oh|100/100 par
|switch|p1a: Necrozma|Necrozma-Dusk-Mane|100/100
|
|upkeep
|turn|297
|
|t:|1646290320
|switch|p1a: Chansey|Chansey, F|71/100
|switch|p2a: Arceus|Arceus-Water|94/100 par
|
|upkeep
|turn|298
|
|t:|1646290322
|switch|p2a: Ho-Oh|Ho-Oh|100/100 par
|switch|p1a: Necrozma|Necrozma-Dusk-Mane|100/100
|
|upkeep
|turn|299
|
|t:|1646290323
|switch|p1a: Chansey|Chansey, F|71/100
|switch|p2a: Arceus|Arceus-Water|94/100 par
|
|upkeep
|turn|300
|
|t:|1646290326
|switch|p2a: Ho-Oh|Ho-Oh|100/100 par
|switch|p1a: Necrozma|Necrozma-Dusk-Mane|100/100
|
|upkeep
|turn|301
|
|t:|1646290329
|switch|p1a: Chansey|Chansey, F|71/100
|switch|p2a: Arceus|Arceus-Water|94/100 par
|
|upkeep
|turn|302
|
|t:|1646290330
|switch|p1a: Necrozma|Necrozma-Dusk-Mane|100/100
|cant|p2a: Arceus|par
|
|upkeep
|turn|303
|
|t:|1646290332
|switch|p1a: Chansey|Chansey, F|71/100
|switch|p2a: Ho-Oh|Ho-Oh|100/100 par
|
|upkeep
|turn|304
|
|t:|1646290334
|switch|p1a: Necrozma|Necrozma-Dusk-Mane|100/100
|switch|p2a: Arceus|Arceus-Water|94/100 par
|
|upkeep
|turn|305
|
|t:|1646290336
|switch|p1a: Chansey|Chansey, F|71/100
|switch|p2a: Ho-Oh|Ho-Oh|100/100 par
|
|upkeep
|turn|306
|
|t:|1646290338
|switch|p1a: Necrozma|Necrozma-Dusk-Mane|100/100
|switch|p2a: Arceus|Arceus-Water|94/100 par
|
|upkeep
|turn|307
|
|t:|1646290340
|switch|p1a: Chansey|Chansey, F|71/100
|switch|p2a: Ho-Oh|Ho-Oh|100/100 par
|
|upkeep
|turn|308
|
|t:|1646290342
|switch|p1a: Necrozma|Necrozma-Dusk-Mane|100/100
|switch|p2a: Arceus|Arceus-Water|94/100 par
|
|upkeep
|turn|309
|
|t:|1646290344
|switch|p1a: Chansey|Chansey, F|71/100
|switch|p2a: Ho-Oh|Ho-Oh|100/100 par
|
|upkeep
|turn|310
|
|t:|1646290346
|switch|p1a: Necrozma|Necrozma-Dusk-Mane|100/100
|switch|p2a: Arceus|Arceus-Water|94/100 par
|
|upkeep
|turn|311
|
|t:|1646290352
|switch|p1a: Chansey|Chansey, F|71/100
|switch|p2a: Ho-Oh|Ho-Oh|100/100 par
|
|upkeep
|turn|312
|
|t:|1646290354
|switch|p1a: Necrozma|Necrozma-Dusk-Mane|100/100
|switch|p2a: Arceus|Arceus-Water|94/100 par
|
|upkeep
|turn|313
|
|t:|1646290356
|switch|p1a: Chansey|Chansey, F|71/100
|switch|p2a: Ho-Oh|Ho-Oh|100/100 par
|
|upkeep
|turn|314
|
|t:|1646290358
|switch|p1a: Necrozma|Necrozma-Dusk-Mane|100/100
|switch|p2a: Arceus|Arceus-Water|94/100 par
|
|upkeep
|turn|315
|
|t:|1646290361
|switch|p1a: Chansey|Chansey, F|71/100
|switch|p2a: Ho-Oh|Ho-Oh|100/100 par
|
|upkeep
|turn|316
|
|t:|1646290362
|switch|p1a: Necrozma|Necrozma-Dusk-Mane|100/100
|switch|p2a: Arceus|Arceus-Water|94/100 par
|
|upkeep
|turn|317
|
|t:|1646290365
|switch|p1a: Chansey|Chansey, F|71/100
|switch|p2a: Ho-Oh|Ho-Oh|100/100 par
|
|upkeep
|turn|318
|
|t:|1646290366
|switch|p1a: Necrozma|Necrozma-Dusk-Mane|100/100
|switch|p2a: Arceus|Arceus-Water|94/100 par
|
|upkeep
|turn|319
|
|t:|1646290369
|switch|p1a: Chansey|Chansey, F|71/100
|switch|p2a: Ho-Oh|Ho-Oh|100/100 par
|
|upkeep
|turn|320
|
|t:|1646290371
|switch|p1a: Necrozma|Necrozma-Dusk-Mane|100/100
|switch|p2a: Arceus|Arceus-Water|94/100 par
|
|upkeep
|turn|321
|
|t:|1646290374
|switch|p1a: Chansey|Chansey, F|71/100
|switch|p2a: Ho-Oh|Ho-Oh|100/100 par
|
|upkeep
|turn|322
|
|t:|1646290376
|switch|p1a: Necrozma|Necrozma-Dusk-Mane|100/100
|switch|p2a: Arceus|Arceus-Water|94/100 par
|
|upkeep
|turn|323
|
|t:|1646290377
|switch|p1a: Chansey|Chansey, F|71/100
|switch|p2a: Ho-Oh|Ho-Oh|100/100 par
|
|upkeep
|turn|324
|
|t:|1646290380
|switch|p1a: Necrozma|Necrozma-Dusk-Mane|100/100
|switch|p2a: Arceus|Arceus-Water|94/100 par
|
|upkeep
|turn|325
|
|t:|1646290381
|switch|p1a: Chansey|Chansey, F|71/100
|switch|p2a: Ho-Oh|Ho-Oh|100/100 par
|
|upkeep
|turn|326
|
|t:|1646290383
|switch|p1a: Necrozma|Necrozma-Dusk-Mane|100/100
|switch|p2a: Arceus|Arceus-Water|94/100 par
|
|upkeep
|turn|327
|
|t:|1646290386
|switch|p1a: Chansey|Chansey, F|71/100
|switch|p2a: Ho-Oh|Ho-Oh|100/100 par
|
|upkeep
|turn|328
|
|t:|1646290388
|switch|p1a: Necrozma|Necrozma-Dusk-Mane|100/100
|switch|p2a: Arceus|Arceus-Water|94/100 par
|
|upkeep
|turn|329
|
|t:|1646290390
|switch|p1a: Chansey|Chansey, F|71/100
|switch|p2a: Ho-Oh|Ho-Oh|100/100 par
|
|upkeep
|turn|330
|
|t:|1646290393
|switch|p1a: Necrozma|Necrozma-Dusk-Mane|100/100
|switch|p2a: Arceus|Arceus-Water|94/100 par
|
|upkeep
|turn|331
|
|t:|1646290408
|switch|p1a: Chansey|Chansey, F|71/100
|switch|p2a: Ho-Oh|Ho-Oh|100/100 par
|
|upkeep
|turn|332
|
|t:|1646290411
|switch|p1a: Necrozma|Necrozma-Dusk-Mane|100/100
|switch|p2a: Arceus|Arceus-Water|94/100 par
|
|upkeep
|turn|333
|
|t:|1646290413
|switch|p1a: Chansey|Chansey, F|71/100
|switch|p2a: Ho-Oh|Ho-Oh|100/100 par
|
|upkeep
|turn|334
|
|t:|1646290416
|switch|p1a: Necrozma|Necrozma-Dusk-Mane|100/100
|switch|p2a: Arceus|Arceus-Water|94/100 par
|
|upkeep
|turn|335
|
|t:|1646290418
|switch|p1a: Chansey|Chansey, F|71/100
|switch|p2a: Ho-Oh|Ho-Oh|100/100 par
|
|upkeep
|turn|336
|
|t:|1646290422
|switch|p1a: Necrozma|Necrozma-Dusk-Mane|100/100
|switch|p2a: Arceus|Arceus-Water|94/100 par
|
|upkeep
|turn|337
|
|t:|1646290425
|switch|p1a: Chansey|Chansey, F|71/100
|switch|p2a: Ho-Oh|Ho-Oh|100/100 par
|
|upkeep
|turn|338
|
|t:|1646290427
|switch|p1a: Necrozma|Necrozma-Dusk-Mane|100/100
|switch|p2a: Arceus|Arceus-Water|94/100 par
|
|upkeep
|turn|339
|
|t:|1646290429
|switch|p1a: Chansey|Chansey, F|71/100
|switch|p2a: Ho-Oh|Ho-Oh|100/100 par
|
|upkeep
|turn|340
|
|t:|1646290430
|switch|p1a: Necrozma|Necrozma-Dusk-Mane|100/100
|switch|p2a: Arceus|Arceus-Water|94/100 par
|
|upkeep
|turn|341
|
|t:|1646290432
|switch|p1a: Chansey|Chansey, F|71/100
|switch|p2a: Ho-Oh|Ho-Oh|100/100 par
|
|upkeep
|turn|342
|
|t:|1646290433
|switch|p1a: Necrozma|Necrozma-Dusk-Mane|100/100
|switch|p2a: Arceus|Arceus-Water|94/100 par
|
|upkeep
|turn|343
|
|t:|1646290436
|switch|p1a: Chansey|Chansey, F|71/100
|switch|p2a: Ho-Oh|Ho-Oh|100/100 par
|
|upkeep
|turn|344
|
|t:|1646290439
|switch|p1a: Necrozma|Necrozma-Dusk-Mane|100/100
|switch|p2a: Arceus|Arceus-Water|94/100 par
|
|upkeep
|turn|345
|
|t:|1646290441
|switch|p1a: Chansey|Chansey, F|71/100
|switch|p2a: Ho-Oh|Ho-Oh|100/100 par
|
|upkeep
|turn|346
|
|t:|1646290443
|switch|p1a: Necrozma|Necrozma-Dusk-Mane|100/100
|switch|p2a: Arceus|Arceus-Water|94/100 par
|
|upkeep
|turn|347
|
|t:|1646290445
|switch|p1a: Chansey|Chansey, F|71/100
|switch|p2a: Ho-Oh|Ho-Oh|100/100 par
|
|upkeep
|turn|348
|
|t:|1646290450
|switch|p1a: Necrozma|Necrozma-Dusk-Mane|100/100
|switch|p2a: Arceus|Arceus-Water|94/100 par
|
|upkeep
|turn|349
|
|t:|1646290453
|switch|p1a: Chansey|Chansey, F|71/100
|switch|p2a: Ho-Oh|Ho-Oh|100/100 par
|
|upkeep
|turn|350
|
|t:|1646290455
|switch|p1a: Necrozma|Necrozma-Dusk-Mane|100/100
|switch|p2a: Arceus|Arceus-Water|94/100 par
|
|upkeep
|turn|351
|
|t:|1646290459
|switch|p1a: Chansey|Chansey, F|71/100
|switch|p2a: Ho-Oh|Ho-Oh|100/100 par
|
|upkeep
|turn|352
|
|t:|1646290461
|switch|p1a: Necrozma|Necrozma-Dusk-Mane|100/100
|switch|p2a: Arceus|Arceus-Water|94/100 par
|
|upkeep
|turn|353
|
|t:|1646290463
|switch|p1a: Chansey|Chansey, F|71/100
|switch|p2a: Ho-Oh|Ho-Oh|100/100 par
|
|upkeep
|turn|354
|
|t:|1646290476
|switch|p1a: Necrozma|Necrozma-Dusk-Mane|100/100
|switch|p2a: Arceus|Arceus-Water|94/100 par
|
|upkeep
|turn|355
|
|t:|1646290478
|switch|p1a: Chansey|Chansey, F|71/100
|switch|p2a: Ho-Oh|Ho-Oh|100/100 par
|
|upkeep
|turn|356
|
|t:|1646290479
|switch|p1a: Necrozma|Necrozma-Dusk-Mane|100/100
|switch|p2a: Arceus|Arceus-Water|94/100 par
|
|upkeep
|turn|357
|
|t:|1646290481
|switch|p1a: Chansey|Chansey, F|71/100
|switch|p2a: Ho-Oh|Ho-Oh|100/100 par
|
|upkeep
|turn|358
|
|t:|1646290483
|switch|p1a: Necrozma|Necrozma-Dusk-Mane|100/100
|switch|p2a: Arceus|Arceus-Water|94/100 par
|
|upkeep
|turn|359
|
|t:|1646290486
|switch|p1a: Chansey|Chansey, F|71/100
|switch|p2a: Ho-Oh|Ho-Oh|100/100 par
|
|upkeep
|turn|360
|
|t:|1646290487
|switch|p1a: Necrozma|Necrozma-Dusk-Mane|100/100
|switch|p2a: Arceus|Arceus-Water|94/100 par
|
|upkeep
|turn|361
|
|t:|1646290489
|switch|p1a: Chansey|Chansey, F|71/100
|switch|p2a: Ho-Oh|Ho-Oh|100/100 par
|
|upkeep
|turn|362
|
|t:|1646290491
|switch|p1a: Necrozma|Necrozma-Dusk-Mane|100/100
|switch|p2a: Arceus|Arceus-Water|94/100 par
|
|upkeep
|turn|363
|
|t:|1646290492
|switch|p1a: Chansey|Chansey, F|71/100
|switch|p2a: Ho-Oh|Ho-Oh|100/100 par
|
|upkeep
|turn|364
|
|t:|1646290494
|switch|p1a: Necrozma|Necrozma-Dusk-Mane|100/100
|switch|p2a: Arceus|Arceus-Water|94/100 par
|
|upkeep
|turn|365
|
|t:|1646290496
|switch|p1a: Chansey|Chansey, F|71/100
|switch|p2a: Ho-Oh|Ho-Oh|100/100 par
|
|upkeep
|turn|366
|
|t:|1646290497
|switch|p1a: Necrozma|Necrozma-Dusk-Mane|100/100
|switch|p2a: Arceus|Arceus-Water|94/100 par
|
|upkeep
|turn|367
|
|t:|1646290499
|switch|p1a: Chansey|Chansey, F|71/100
|switch|p2a: Ho-Oh|Ho-Oh|100/100 par
|
|upkeep
|turn|368
|
|t:|1646290501
|switch|p1a: Necrozma|Necrozma-Dusk-Mane|100/100
|switch|p2a: Arceus|Arceus-Water|94/100 par
|
|upkeep
|turn|369
|
|t:|1646290502
|switch|p1a: Chansey|Chansey, F|71/100
|switch|p2a: Ho-Oh|Ho-Oh|100/100 par
|
|upkeep
|turn|370
|
|t:|1646290504
|switch|p1a: Necrozma|Necrozma-Dusk-Mane|100/100
|switch|p2a: Arceus|Arceus-Water|94/100 par
|
|upkeep
|turn|371
|
|t:|1646290506
|switch|p1a: Chansey|Chansey, F|71/100
|switch|p2a: Ho-Oh|Ho-Oh|100/100 par
|
|upkeep
|turn|372
|
|t:|1646290507
|switch|p1a: Necrozma|Necrozma-Dusk-Mane|100/100
|switch|p2a: Arceus|Arceus-Water|94/100 par
|
|upkeep
|turn|373
|
|t:|1646290509
|switch|p1a: Chansey|Chansey, F|71/100
|switch|p2a: Ho-Oh|Ho-Oh|100/100 par
|
|upkeep
|turn|374
|
|t:|1646290510
|switch|p1a: Necrozma|Necrozma-Dusk-Mane|100/100
|switch|p2a: Arceus|Arceus-Water|94/100 par
|
|upkeep
|turn|375
|
|t:|1646290512
|switch|p1a: Chansey|Chansey, F|71/100
|switch|p2a: Ho-Oh|Ho-Oh|100/100 par
|
|upkeep
|turn|376
|
|t:|1646290514
|switch|p1a: Necrozma|Necrozma-Dusk-Mane|100/100
|switch|p2a: Arceus|Arceus-Water|94/100 par
|
|upkeep
|turn|377
|
|t:|1646290516
|switch|p1a: Chansey|Chansey, F|71/100
|switch|p2a: Ho-Oh|Ho-Oh|100/100 par
|
|upkeep
|turn|378
|
|t:|1646290518
|switch|p1a: Necrozma|Necrozma-Dusk-Mane|100/100
|switch|p2a: Arceus|Arceus-Water|94/100 par
|
|upkeep
|turn|379
|
|t:|1646290520
|switch|p1a: Chansey|Chansey, F|71/100
|switch|p2a: Ho-Oh|Ho-Oh|100/100 par
|
|upkeep
|turn|380
|
|t:|1646290522
|switch|p1a: Necrozma|Necrozma-Dusk-Mane|100/100
|switch|p2a: Arceus|Arceus-Water|94/100 par
|
|upkeep
|turn|381
|
|t:|1646290526
|switch|p1a: Chansey|Chansey, F|71/100
|switch|p2a: Ho-Oh|Ho-Oh|100/100 par
|
|upkeep
|turn|382
|
|t:|1646290528
|switch|p1a: Necrozma|Necrozma-Dusk-Mane|100/100
|switch|p2a: Arceus|Arceus-Water|94/100 par
|
|upkeep
|turn|383
|
|t:|1646290530
|switch|p1a: Chansey|Chansey, F|71/100
|switch|p2a: Ho-Oh|Ho-Oh|100/100 par
|
|upkeep
|turn|384
|
|t:|1646290532
|switch|p1a: Necrozma|Necrozma-Dusk-Mane|100/100
|switch|p2a: Arceus|Arceus-Water|94/100 par
|
|upkeep
|turn|385
|
|t:|1646290534
|switch|p1a: Chansey|Chansey, F|71/100
|switch|p2a: Ho-Oh|Ho-Oh|100/100 par
|
|upkeep
|turn|386
|
|t:|1646290536
|switch|p1a: Necrozma|Necrozma-Dusk-Mane|100/100
|switch|p2a: Arceus|Arceus-Water|94/100 par
|
|upkeep
|turn|387
|
|t:|1646290537
|switch|p1a: Chansey|Chansey, F|71/100
|switch|p2a: Ho-Oh|Ho-Oh|100/100 par
|
|upkeep
|turn|388
|
|t:|1646290539
|switch|p1a: Necrozma|Necrozma-Dusk-Mane|100/100
|switch|p2a: Arceus|Arceus-Water|94/100 par
|
|upkeep
|turn|389
|
|t:|1646290541
|switch|p1a: Chansey|Chansey, F|71/100
|switch|p2a: Ho-Oh|Ho-Oh|100/100 par
|
|upkeep
|turn|390
|
|t:|1646290544
|switch|p1a: Necrozma|Necrozma-Dusk-Mane|100/100
|switch|p2a: Arceus|Arceus-Water|94/100 par
|
|upkeep
|turn|391
|
|t:|1646290549
|switch|p1a: Chansey|Chansey, F|71/100
|switch|p2a: Ho-Oh|Ho-Oh|100/100 par
|
|upkeep
|turn|392
|
|t:|1646290550
|switch|p1a: Necrozma|Necrozma-Dusk-Mane|100/100
|switch|p2a: Arceus|Arceus-Water|94/100 par
|
|upkeep
|turn|393
|
|t:|1646290552
|switch|p1a: Chansey|Chansey, F|71/100
|switch|p2a: Ho-Oh|Ho-Oh|100/100 par
|
|upkeep
|turn|394
|
|t:|1646290554
|switch|p1a: Necrozma|Necrozma-Dusk-Mane|100/100
|switch|p2a: Arceus|Arceus-Water|94/100 par
|
|upkeep
|turn|395
|
|t:|1646290556
|switch|p1a: Chansey|Chansey, F|71/100
|switch|p2a: Ho-Oh|Ho-Oh|100/100 par
|
|upkeep
|turn|396
|
|t:|1646290558
|switch|p1a: Necrozma|Necrozma-Dusk-Mane|100/100
|switch|p2a: Arceus|Arceus-Water|94/100 par
|
|upkeep
|turn|397
|
|t:|1646290560
|switch|p1a: Chansey|Chansey, F|71/100
|switch|p2a: Ho-Oh|Ho-Oh|100/100 par
|
|upkeep
|turn|398
|
|t:|1646290562
|switch|p1a: Necrozma|Necrozma-Dusk-Mane|100/100
|switch|p2a: Arceus|Arceus-Water|94/100 par
|
|upkeep
|turn|399
|
|t:|1646290564
|switch|p1a: Chansey|Chansey, F|71/100
|switch|p2a: Ho-Oh|Ho-Oh|100/100 par
|
|upkeep
|turn|400
|
|t:|1646290570
|switch|p1a: Necrozma|Necrozma-Dusk-Mane|100/100
|switch|p2a: Arceus|Arceus-Water|94/100 par
|
|upkeep
|turn|401
|
|t:|1646290573
|switch|p1a: Chansey|Chansey, F|71/100
|switch|p2a: Ho-Oh|Ho-Oh|100/100 par
|
|upkeep
|turn|402
|
|t:|1646290574
|switch|p1a: Necrozma|Necrozma-Dusk-Mane|100/100
|switch|p2a: Arceus|Arceus-Water|94/100 par
|
|upkeep
|turn|403
|
|t:|1646290576
|switch|p1a: Chansey|Chansey, F|71/100
|switch|p2a: Ho-Oh|Ho-Oh|100/100 par
|
|upkeep
|turn|404
|
|t:|1646290578
|switch|p1a: Necrozma|Necrozma-Dusk-Mane|100/100
|switch|p2a: Arceus|Arceus-Water|94/100 par
|
|upkeep
|turn|405
|
|t:|1646290580
|switch|p1a: Chansey|Chansey, F|71/100
|switch|p2a: Ho-Oh|Ho-Oh|100/100 par
|
|upkeep
|turn|406
|
|t:|1646290612
|switch|p1a: Necrozma|Necrozma-Dusk-Mane|100/100
|switch|p2a: Arceus|Arceus-Water|94/100 par
|
|upkeep
|turn|407
|
|t:|1646290613
|switch|p1a: Chansey|Chansey, F|71/100
|switch|p2a: Ho-Oh|Ho-Oh|100/100 par
|
|upkeep
|turn|408
|
|t:|1646290615
|switch|p1a: Necrozma|Necrozma-Dusk-Mane|100/100
|switch|p2a: Arceus|Arceus-Water|94/100 par
|
|upkeep
|turn|409
|
|t:|1646290617
|switch|p1a: Chansey|Chansey, F|71/100
|switch|p2a: Ho-Oh|Ho-Oh|100/100 par
|
|upkeep
|turn|410
|
|t:|1646290619
|switch|p1a: Necrozma|Necrozma-Dusk-Mane|100/100
|switch|p2a: Arceus|Arceus-Water|94/100 par
|
|upkeep
|turn|411
|
|t:|1646290620
|switch|p1a: Chansey|Chansey, F|71/100
|switch|p2a: Ho-Oh|Ho-Oh|100/100 par
|
|upkeep
|turn|412
|
|t:|1646290622
|switch|p1a: Necrozma|Necrozma-Dusk-Mane|100/100
|switch|p2a: Arceus|Arceus-Water|94/100 par
|
|upkeep
|turn|413
|
|t:|1646290624
|switch|p1a: Chansey|Chansey, F|71/100
|switch|p2a: Ho-Oh|Ho-Oh|100/100 par
|
|upkeep
|turn|414
|
|t:|1646290626
|switch|p1a: Necrozma|Necrozma-Dusk-Mane|100/100
|switch|p2a: Arceus|Arceus-Water|94/100 par
|
|upkeep
|turn|415
|
|t:|1646290628
|switch|p1a: Chansey|Chansey, F|71/100
|switch|p2a: Ho-Oh|Ho-Oh|100/100 par
|
|upkeep
|turn|416
|
|t:|1646290629
|switch|p1a: Necrozma|Necrozma-Dusk-Mane|100/100
|switch|p2a: Arceus|Arceus-Water|94/100 par
|
|upkeep
|turn|417
|
|t:|1646290631
|switch|p1a: Chansey|Chansey, F|71/100
|switch|p2a: Ho-Oh|Ho-Oh|100/100 par
|
|upkeep
|turn|418
|
|t:|1646290633
|switch|p1a: Necrozma|Necrozma-Dusk-Mane|100/100
|switch|p2a: Arceus|Arceus-Water|94/100 par
|
|upkeep
|turn|419
|
|t:|1646290636
|switch|p1a: Chansey|Chansey, F|71/100
|switch|p2a: Ho-Oh|Ho-Oh|100/100 par
|
|upkeep
|turn|420
|
|t:|1646290637
|switch|p1a: Necrozma|Necrozma-Dusk-Mane|100/100
|switch|p2a: Arceus|Arceus-Water|94/100 par
|
|upkeep
|turn|421
|
|t:|1646290639
|switch|p1a: Chansey|Chansey, F|71/100
|switch|p2a: Ho-Oh|Ho-Oh|100/100 par
|
|upkeep
|turn|422
|
|t:|1646290643
|switch|p1a: Necrozma|Necrozma-Dusk-Mane|100/100
|switch|p2a: Arceus|Arceus-Water|94/100 par
|
|upkeep
|turn|423
|
|t:|1646290645
|switch|p1a: Chansey|Chansey, F|71/100
|switch|p2a: Ho-Oh|Ho-Oh|100/100 par
|
|upkeep
|turn|424
|
|t:|1646290646
|switch|p1a: Necrozma|Necrozma-Dusk-Mane|100/100
|switch|p2a: Arceus|Arceus-Water|94/100 par
|
|upkeep
|turn|425
|
|t:|1646290648
|switch|p1a: Chansey|Chansey, F|71/100
|switch|p2a: Ho-Oh|Ho-Oh|100/100 par
|
|upkeep
|turn|426
|
|t:|1646290650
|switch|p1a: Necrozma|Necrozma-Dusk-Mane|100/100
|switch|p2a: Arceus|Arceus-Water|94/100 par
|
|upkeep
|turn|427
|
|t:|1646290651
|switch|p1a: Chansey|Chansey, F|71/100
|switch|p2a: Ho-Oh|Ho-Oh|100/100 par
|
|upkeep
|turn|428
|
|t:|1646290653
|switch|p1a: Necrozma|Necrozma-Dusk-Mane|100/100
|switch|p2a: Arceus|Arceus-Water|94/100 par
|
|upkeep
|turn|429
|
|t:|1646290655
|switch|p1a: Chansey|Chansey, F|71/100
|switch|p2a: Ho-Oh|Ho-Oh|100/100 par
|
|upkeep
|turn|430
|
|t:|1646290657
|switch|p1a: Necrozma|Necrozma-Dusk-Mane|100/100
|switch|p2a: Arceus|Arceus-Water|94/100 par
|
|upkeep
|turn|431
|
|t:|1646290659
|switch|p1a: Chansey|Chansey, F|71/100
|switch|p2a: Ho-Oh|Ho-Oh|100/100 par
|
|upkeep
|turn|432
|
|t:|1646290661
|switch|p1a: Necrozma|Necrozma-Dusk-Mane|100/100
|switch|p2a: Arceus|Arceus-Water|94/100 par
|
|upkeep
|turn|433
|
|t:|1646290663
|switch|p1a: Chansey|Chansey, F|71/100
|switch|p2a: Ho-Oh|Ho-Oh|100/100 par
|
|upkeep
|turn|434
|
|t:|1646290665
|switch|p1a: Necrozma|Necrozma-Dusk-Mane|100/100
|switch|p2a: Arceus|Arceus-Water|94/100 par
|
|upkeep
|turn|435
|
|t:|1646290666
|switch|p1a: Chansey|Chansey, F|71/100
|switch|p2a: Ho-Oh|Ho-Oh|100/100 par
|
|upkeep
|turn|436
|
|t:|1646290668
|switch|p1a: Necrozma|Necrozma-Dusk-Mane|100/100
|switch|p2a: Arceus|Arceus-Water|94/100 par
|
|upkeep
|turn|437
|
|t:|1646290670
|switch|p1a: Chansey|Chansey, F|71/100
|switch|p2a: Ho-Oh|Ho-Oh|100/100 par
|
|upkeep
|turn|438
|
|t:|1646290672
|switch|p1a: Necrozma|Necrozma-Dusk-Mane|100/100
|switch|p2a: Arceus|Arceus-Water|94/100 par
|
|upkeep
|turn|439
|
|t:|1646290674
|switch|p1a: Chansey|Chansey, F|71/100
|switch|p2a: Ho-Oh|Ho-Oh|100/100 par
|
|upkeep
|turn|440
|
|t:|1646290676
|switch|p1a: Necrozma|Necrozma-Dusk-Mane|100/100
|switch|p2a: Arceus|Arceus-Water|94/100 par
|
|upkeep
|turn|441
|
|t:|1646290678
|switch|p1a: Chansey|Chansey, F|71/100
|switch|p2a: Ho-Oh|Ho-Oh|100/100 par
|
|upkeep
|turn|442
|
|t:|1646290680
|switch|p1a: Necrozma|Necrozma-Dusk-Mane|100/100
|switch|p2a: Arceus|Arceus-Water|94/100 par
|
|upkeep
|turn|443
|
|t:|1646290682
|switch|p1a: Chansey|Chansey, F|71/100
|switch|p2a: Ho-Oh|Ho-Oh|100/100 par
|
|upkeep
|turn|444
|
|t:|1646290684
|switch|p1a: Necrozma|Necrozma-Dusk-Mane|100/100
|switch|p2a: Arceus|Arceus-Water|94/100 par
|
|upkeep
|turn|445
|
|t:|1646290693
|switch|p1a: Chansey|Chansey, F|71/100
|switch|p2a: Ho-Oh|Ho-Oh|100/100 par
|
|upkeep
|turn|446
|
|t:|1646290694
|switch|p1a: Necrozma|Necrozma-Dusk-Mane|100/100
|switch|p2a: Arceus|Arceus-Water|94/100 par
|
|upkeep
|turn|447
|
|t:|1646290696
|switch|p1a: Chansey|Chansey, F|71/100
|switch|p2a: Ho-Oh|Ho-Oh|100/100 par
|
|upkeep
|turn|448
|
|t:|1646290698
|switch|p1a: Necrozma|Necrozma-Dusk-Mane|100/100
|switch|p2a: Arceus|Arceus-Water|94/100 par
|
|upkeep
|turn|449
|
|t:|1646290700
|switch|p1a: Chansey|Chansey, F|71/100
|switch|p2a: Ho-Oh|Ho-Oh|100/100 par
|
|upkeep
|turn|450
|
|t:|1646290701
|switch|p1a: Necrozma|Necrozma-Dusk-Mane|100/100
|switch|p2a: Arceus|Arceus-Water|94/100 par
|
|upkeep
|turn|451
|
|t:|1646290703
|switch|p1a: Chansey|Chansey, F|71/100
|switch|p2a: Ho-Oh|Ho-Oh|100/100 par
|
|upkeep
|turn|452
|
|t:|1646290705
|switch|p1a: Necrozma|Necrozma-Dusk-Mane|100/100
|switch|p2a: Arceus|Arceus-Water|94/100 par
|
|upkeep
|turn|453
|
|t:|1646290707
|switch|p1a: Chansey|Chansey, F|71/100
|switch|p2a: Ho-Oh|Ho-Oh|100/100 par
|
|upkeep
|turn|454
|
|t:|1646290709
|switch|p1a: Necrozma|Necrozma-Dusk-Mane|100/100
|switch|p2a: Arceus|Arceus-Water|94/100 par
|
|upkeep
|turn|455
|
|t:|1646290710
|switch|p1a: Chansey|Chansey, F|71/100
|switch|p2a: Ho-Oh|Ho-Oh|100/100 par
|
|upkeep
|turn|456
|
|t:|1646290712
|switch|p1a: Necrozma|Necrozma-Dusk-Mane|100/100
|switch|p2a: Arceus|Arceus-Water|94/100 par
|
|upkeep
|turn|457
|
|t:|1646290714
|switch|p1a: Chansey|Chansey, F|71/100
|switch|p2a: Ho-Oh|Ho-Oh|100/100 par
|
|upkeep
|turn|458
|
|t:|1646290715
|switch|p1a: Necrozma|Necrozma-Dusk-Mane|100/100
|switch|p2a: Arceus|Arceus-Water|94/100 par
|
|upkeep
|turn|459
|
|t:|1646290717
|switch|p1a: Chansey|Chansey, F|71/100
|switch|p2a: Ho-Oh|Ho-Oh|100/100 par
|
|upkeep
|turn|460
|
|t:|1646290718
|switch|p1a: Necrozma|Necrozma-Dusk-Mane|100/100
|switch|p2a: Arceus|Arceus-Water|94/100 par
|
|upkeep
|turn|461
|
|t:|1646290719
|switch|p1a: Chansey|Chansey, F|71/100
|switch|p2a: Ho-Oh|Ho-Oh|100/100 par
|
|upkeep
|turn|462
|
|t:|1646290721
|switch|p1a: Necrozma|Necrozma-Dusk-Mane|100/100
|switch|p2a: Arceus|Arceus-Water|94/100 par
|
|upkeep
|turn|463
|
|t:|1646290723
|switch|p1a: Chansey|Chansey, F|71/100
|switch|p2a: Ho-Oh|Ho-Oh|100/100 par
|
|upkeep
|turn|464
|
|t:|1646290725
|switch|p1a: Necrozma|Necrozma-Dusk-Mane|100/100
|switch|p2a: Magnemite|Magnemite, L1|100/100
|
|upkeep
|turn|465
|
|t:|1646290733
|switch|p2a: Arceus|Arceus-Water|94/100 par
|move|p1a: Necrozma|Thunder Wave|p2a: Arceus
|-fail|p2a: Arceus|par
|
|upkeep
|turn|466
|
|t:|1646290735
|switch|p1a: Chansey|Chansey, F|71/100
|switch|p2a: Magnemite|Magnemite, L1|100/100
|
|upkeep
|turn|467
|
|t:|1646290739
|switch|p1a: Ditto|Ditto|100/100
|-transform|p1a: Ditto|p2a: Magnemite|[from] ability: Imposter
|switch|p2a: Arceus|Arceus-Water|94/100 par
|
|upkeep
|turn|468
|
|t:|1646290741
|switch|p2a: Magnemite|Magnemite, L1|100/100
|switch|p1a: Necrozma|Necrozma-Dusk-Mane|100/100
|
|upkeep
|turn|469
|
|t:|1646290744
|switch|p1a: Ditto|Ditto|100/100
|-transform|p1a: Ditto|p2a: Magnemite|[from] ability: Imposter
|switch|p2a: Arceus|Arceus-Water|94/100 par
|
|upkeep
|turn|470
|
|t:|1646290747
|switch|p2a: Ho-Oh|Ho-Oh|100/100 par
|switch|p1a: Necrozma|Necrozma-Dusk-Mane|100/100
|
|upkeep
|turn|471
|
|t:|1646290749
|switch|p1a: Chansey|Chansey, F|71/100
|switch|p2a: Arceus|Arceus-Water|94/100 par
|
|upkeep
|turn|472
|
|t:|1646290751
|switch|p2a: Ho-Oh|Ho-Oh|100/100 par
|switch|p1a: Necrozma|Necrozma-Dusk-Mane|100/100
|
|upkeep
|turn|473
|
|t:|1646290754
|switch|p1a: Chansey|Chansey, F|71/100
|switch|p2a: Arceus|Arceus-Water|94/100 par
|
|upkeep
|turn|474
|
|t:|1646290758
|switch|p2a: Ho-Oh|Ho-Oh|100/100 par
|switch|p1a: Necrozma|Necrozma-Dusk-Mane|100/100
|
|upkeep
|turn|475
|
|t:|1646290760
|switch|p1a: Chansey|Chansey, F|71/100
|switch|p2a: Arceus|Arceus-Water|94/100 par
|
|upkeep
|turn|476
|
|t:|1646290763
|switch|p2a: Ho-Oh|Ho-Oh|100/100 par
|switch|p1a: Necrozma|Necrozma-Dusk-Mane|100/100
|
|upkeep
|turn|477
|
|t:|1646290768
|switch|p1a: Chansey|Chansey, F|71/100
|switch|p2a: Arceus|Arceus-Water|94/100 par
|
|upkeep
|turn|478
|
|t:|1646290770
|switch|p2a: Ho-Oh|Ho-Oh|100/100 par
|switch|p1a: Necrozma|Necrozma-Dusk-Mane|100/100
|
|upkeep
|turn|479
|
|t:|1646290772
|switch|p1a: Chansey|Chansey, F|71/100
|switch|p2a: Arceus|Arceus-Water|94/100 par
|
|upkeep
|turn|480
|
|t:|1646290774
|switch|p2a: Ho-Oh|Ho-Oh|100/100 par
|switch|p1a: Necrozma|Necrozma-Dusk-Mane|100/100
|
|upkeep
|turn|481
|
|t:|1646290775
|switch|p1a: Chansey|Chansey, F|71/100
|switch|p2a: Arceus|Arceus-Water|94/100 par
|
|upkeep
|turn|482
|
|t:|1646290777
|switch|p2a: Ho-Oh|Ho-Oh|100/100 par
|switch|p1a: Necrozma|Necrozma-Dusk-Mane|100/100
|
|upkeep
|turn|483
|
|t:|1646290779
|switch|p1a: Chansey|Chansey, F|71/100
|switch|p2a: Arceus|Arceus-Water|94/100 par
|
|upkeep
|turn|484
|
|t:|1646290783
|switch|p2a: Ho-Oh|Ho-Oh|100/100 par
|switch|p1a: Necrozma|Necrozma-Dusk-Mane|100/100
|
|upkeep
|turn|485
|
|t:|1646290784
|switch|p1a: Chansey|Chansey, F|71/100
|switch|p2a: Arceus|Arceus-Water|94/100 par
|
|upkeep
|turn|486
|
|t:|1646290786
|switch|p2a: Ho-Oh|Ho-Oh|100/100 par
|switch|p1a: Necrozma|Necrozma-Dusk-Mane|100/100
|
|upkeep
|turn|487
|
|t:|1646290787
|switch|p1a: Chansey|Chansey, F|71/100
|switch|p2a: Arceus|Arceus-Water|94/100 par
|
|upkeep
|turn|488
|
|t:|1646290789
|switch|p2a: Ho-Oh|Ho-Oh|100/100 par
|switch|p1a: Necrozma|Necrozma-Dusk-Mane|100/100
|
|upkeep
|turn|489
|
|t:|1646290791
|switch|p1a: Chansey|Chansey, F|71/100
|switch|p2a: Arceus|Arceus-Water|94/100 par
|
|upkeep
|turn|490
|n|‽Pokemh|pokemh
|n|‽Pokemh|pokemh
|n|‽Pokemh|pokemh
|
|t:|1646290793
|switch|p2a: Ho-Oh|Ho-Oh|100/100 par
|switch|p1a: Necrozma|Necrozma-Dusk-Mane|100/100
|
|upkeep
|turn|491
|
|t:|1646290796
|switch|p1a: Chansey|Chansey, F|71/100
|switch|p2a: Arceus|Arceus-Water|94/100 par
|
|upkeep
|turn|492
|
|t:|1646290799
|switch|p2a: Ho-Oh|Ho-Oh|100/100 par
|switch|p1a: Necrozma|Necrozma-Dusk-Mane|100/100
|
|upkeep
|turn|493
|
|t:|1646290801
|switch|p1a: Chansey|Chansey, F|71/100
|switch|p2a: Arceus|Arceus-Water|94/100 par
|
|upkeep
|turn|494
|
|t:|1646290804
|switch|p2a: Ho-Oh|Ho-Oh|100/100 par
|switch|p1a: Necrozma|Necrozma-Dusk-Mane|100/100
|
|upkeep
|turn|495
|
|t:|1646290806
|switch|p1a: Chansey|Chansey, F|71/100
|switch|p2a: Arceus|Arceus-Water|94/100 par
|
|upkeep
|turn|496
|
|t:|1646290807
|switch|p2a: Ho-Oh|Ho-Oh|100/100 par
|switch|p1a: Necrozma|Necrozma-Dusk-Mane|100/100
|
|upkeep
|turn|497
|
|t:|1646290809
|switch|p1a: Chansey|Chansey, F|71/100
|switch|p2a: Arceus|Arceus-Water|94/100 par
|
|upkeep
|turn|498
|
|t:|1646290811
|switch|p2a: Ho-Oh|Ho-Oh|100/100 par
|switch|p1a: Necrozma|Necrozma-Dusk-Mane|100/100
|
|upkeep
|turn|499
|
|t:|1646290813
|switch|p1a: Chansey|Chansey, F|71/100
|switch|p2a: Arceus|Arceus-Water|94/100 par
|
|upkeep
|bigerror|You will auto-tie if the battle doesn't end in 500 turns (on turn 1000).
|-hint|If you want to tie earlier, consider using `/offertie`.
|turn|500
|
|t:|1646290817
|switch|p2a: Ho-Oh|Ho-Oh|100/100 par
|switch|p1a: Necrozma|Necrozma-Dusk-Mane|100/100
|
|upkeep
|turn|501
PlatinumEA is offering a tie.
Pokemh accepted the tie.
|
|tie
