|j|☆RUiNtheExtinct
|j|☆Dragomer Ayaren
|t:|1639148503
|gametype|singles
|player|p1|RUiNtheExtinct|red-gen7|1792
|player|p2|Dragomer Ayaren|pryce-gen2|1787
|teamsize|p1|6
|teamsize|p2|6
|gen|8
|tier|[Gen 8] National Dex AG
|rated|
|rule|HP Percentage Mod: HP is shown in percentages
|rule|Endless Battle Clause: Forcing endless battles is banned
|clearpoke
|poke|p1|Deoxys-Speed|
|poke|p1|Calyrex-Shadow|
|poke|p1|Ditto|
|poke|p1|Yveltal|
|poke|p1|Necrozma-Dusk-Mane|
|poke|p1|Xerneas-*|
|poke|p2|Arceus-*|
|poke|p2|Calyrex-Shadow|
|poke|p2|Ditto|
|poke|p2|Marshadow|
|poke|p2|Deoxys-Speed|
|poke|p2|Yveltal|
|teampreview
|inactive|Battle timer is ON: inactive players will automatically lose when time's up. (requested by Dragomer Ayaren)
|
|t:|1639148522
|start
|switch|p1a: Deoxys|Deoxys-Speed|100/100
|switch|p2a: Rápido|Deoxys-Speed|100/100
|-ability|p2a: Rápido|Pressure
|-ability|p1a: Deoxys|Pressure
|turn|1
|
|t:|1639148530
|move|p2a: Rápido|Taunt|p1a: Deoxys
|-start|p1a: Deoxys|move: Taunt
|move|p1a: Deoxys|Knock Off|p2a: Rápido
|-supereffective|p2a: Rápido
|-damage|p2a: Rápido|31/100
|-enditem|p2a: Rápido|Focus Sash|[from] move: Knock Off|[of] p1a: Deoxys
|
|upkeep
|turn|2
|
|t:|1639148538
|move|p2a: Rápido|Stealth Rock|p1a: Deoxys
|-sidestart|p1: RUiNtheExtinct|move: Stealth Rock
|move|p1a: Deoxys|Knock Off|p2a: Rápido
|-supereffective|p2a: Rápido
|-damage|p2a: Rápido|0 fnt
|faint|p2a: Rápido
|
|upkeep
|
|t:|1639148544
|switch|p2a: Pássaro das Trevas|Yveltal|100/100
|-ability|p2a: Pássaro das Trevas|Dark Aura
|turn|3
|
|t:|1639148552
|move|p1a: Deoxys|Knock Off|p2a: Pássaro das Trevas
|-resisted|p2a: Pássaro das Trevas
|-damage|p2a: Pássaro das Trevas|87/100
|-enditem|p2a: Pássaro das Trevas|Life Orb|[from] move: Knock Off|[of] p1a: Deoxys
|move|p2a: Pássaro das Trevas|Oblivion Wing|p1a: Deoxys
|-damage|p1a: Deoxys|40/100
|-heal|p2a: Pássaro das Trevas|100/100|[from] drain|[of] p1a: Deoxys
|
|-end|p1a: Deoxys|move: Taunt
|upkeep
|turn|4
|j| qsml
|inactive|Dragomer Ayaren has 120 seconds left.
|
|t:|1639148591
|-start|p2a: Pássaro das Trevas|Dynamax
|-heal|p2a: Pássaro das Trevas|100/100|[silent]
|move|p1a: Deoxys|Stealth Rock|p2a: Pássaro das Trevas
|-sidestart|p2: Dragomer Ayaren|move: Stealth Rock
|move|p2a: Pássaro das Trevas|Max Airstream|p1a: Deoxys
|-damage|p1a: Deoxys|0 fnt
|-boost|p2a: Pássaro das Trevas|spe|1
|faint|p1a: Deoxys
|
|upkeep
|
|t:|1639148603
|switch|p1a: Ditto|Ditto|100/100
|-damage|p1a: Ditto|88/100|[from] Stealth Rock
|-transform|p1a: Ditto|p2a: Pássaro das Trevas|[from] ability: Imposter
|-ability|p1a: Ditto|Dark Aura
|turn|5
|inactive|Dragomer Ayaren has 120 seconds left.
|
|t:|1639148622
|-start|p1a: Ditto|Dynamax
|-heal|p1a: Ditto|88/100|[silent]
|move|p2a: Pássaro das Trevas|Max Airstream|p1a: Ditto
|-damage|p1a: Ditto|42/100
|-boost|p2a: Pássaro das Trevas|spe|1
|move|p1a: Ditto|Max Airstream|p2a: Pássaro das Trevas
|-damage|p2a: Pássaro das Trevas|69/100
|-boost|p1a: Ditto|spe|1
|
|upkeep
|turn|6
|inactive|Dragomer Ayaren has 120 seconds left.
|
|t:|1639148638
|move|p2a: Pássaro das Trevas|Max Airstream|p1a: Ditto
|-damage|p1a: Ditto|0 fnt
|-boost|p2a: Pássaro das Trevas|spe|1
|faint|p1a: Ditto
|
|-end|p2a: Pássaro das Trevas|Dynamax
|-heal|p2a: Pássaro das Trevas|69/100|[silent]
|upkeep
|
|t:|1639148646
|switch|p1a: Xerneas|Xerneas|100/100
|-damage|p1a: Xerneas|88/100|[from] Stealth Rock
|-ability|p1a: Xerneas|Fairy Aura
|turn|7
|
|t:|1639148651
|move|p2a: Pássaro das Trevas|Oblivion Wing|p1a: Xerneas
|-damage|p1a: Xerneas|55/100
|-heal|p2a: Pássaro das Trevas|98/100|[from] drain|[of] p1a: Xerneas
|move|p1a: Xerneas|Moonblast|p2a: Pássaro das Trevas
|-supereffective|p2a: Pássaro das Trevas
|-damage|p2a: Pássaro das Trevas|0 fnt
|faint|p2a: Pássaro das Trevas
|
|upkeep
|l| qsml
|inactive|Dragomer Ayaren has 120 seconds left.
|
|t:|1639148662
|switch|p2a: Titã|Arceus-Ground|100/100
|-damage|p2a: Titã|94/100|[from] Stealth Rock
|turn|8
|inactive|Dragomer Ayaren has 120 seconds left.
|
|t:|1639148673
|move|p2a: Titã|Earth Power|p1a: Xerneas
|-damage|p1a: Xerneas|18/100
|move|p1a: Xerneas|Moonblast|p2a: Titã
|-damage|p2a: Titã|34/100
|
|upkeep
|turn|9
|
|t:|1639148681
|move|p2a: Titã|Earth Power|p1a: Xerneas
|-damage|p1a: Xerneas|0 fnt
|faint|p1a: Xerneas
|
|upkeep
|
|t:|1639148686
|switch|p1a: Yveltal|Yveltal|100/100
|-damage|p1a: Yveltal|76/100|[from] Stealth Rock
|-ability|p1a: Yveltal|Dark Aura
|turn|10
|
|t:|1639148692
|move|p2a: Titã|Ice Beam|p1a: Yveltal
|-supereffective|p1a: Yveltal
|-damage|p1a: Yveltal|21/100
|move|p1a: Yveltal|Dark Pulse|p2a: Titã
|-damage|p2a: Titã|0 fnt
|faint|p2a: Titã
|-damage|p1a: Yveltal|11/100|[from] item: Life Orb
|
|upkeep
|
|t:|1639148701
|switch|p2a: Cavaleiro Fantasma|Calyrex-Shadow|100/100
|-ability|p2a: Cavaleiro Fantasma|As One
|-ability|p2a: Cavaleiro Fantasma|Unnerve
|-damage|p2a: Cavaleiro Fantasma|88/100|[from] Stealth Rock
|turn|11
|
|t:|1639148709
|move|p2a: Cavaleiro Fantasma|Draining Kiss|p1a: Yveltal
|-supereffective|p1a: Yveltal
|-damage|p1a: Yveltal|0 fnt
|-heal|p2a: Cavaleiro Fantasma|97/100|[from] drain|[of] p1a: Yveltal
|faint|p1a: Yveltal
|-ability|p2a: Cavaleiro Fantasma|Grim Neigh|boost
|-boost|p2a: Cavaleiro Fantasma|spa|1
|
|upkeep
|
|t:|1639148716
|switch|p1a: Calyrex|Calyrex-Shadow|100/100
|-ability|p1a: Calyrex|As One
|-ability|p1a: Calyrex|Unnerve
|-damage|p1a: Calyrex|88/100|[from] Stealth Rock
|turn|12
|
|t:|1639148723
|move|p1a: Calyrex|Astral Barrage|p2a: Cavaleiro Fantasma
|-supereffective|p2a: Cavaleiro Fantasma
|-damage|p2a: Cavaleiro Fantasma|0 fnt
|faint|p2a: Cavaleiro Fantasma
|-ability|p1a: Calyrex|Grim Neigh|boost
|-boost|p1a: Calyrex|spa|1
|
|upkeep
|
|t:|1639148730
|switch|p2a: Sombra|Marshadow|100/100
|-damage|p2a: Sombra|94/100|[from] Stealth Rock
|turn|13
|
|t:|1639148739
|switch|p1a: Necrozma|Necrozma-Dusk-Mane|100/100
|-damage|p1a: Necrozma|94/100|[from] Stealth Rock
|move|p2a: Sombra|Shadow Sneak|p1a: Necrozma
|-supereffective|p1a: Necrozma
|-damage|p1a: Necrozma|58/100
|-damage|p2a: Sombra|78/100|[from] item: Rocky Helmet|[of] p1a: Necrozma
|
|upkeep
|turn|14
|inactive|Dragomer Ayaren has 120 seconds left.
|
|t:|1639148773
|move|p2a: Sombra|Spectral Thief|p1a: Necrozma
|-supereffective|p1a: Necrozma
|-damage|p1a: Necrozma|5/100
|-damage|p2a: Sombra|61/100|[from] item: Rocky Helmet|[of] p1a: Necrozma
|move|p1a: Necrozma|Morning Sun|p1a: Necrozma
|-heal|p1a: Necrozma|55/100
|
|upkeep
|turn|15
|inactive|Dragomer Ayaren has 120 seconds left.
|
|t:|1639148788
|move|p2a: Sombra|Spectral Thief|p1a: Necrozma
|-supereffective|p1a: Necrozma
|-damage|p1a: Necrozma|0 fnt
|-damage|p2a: Sombra|45/100|[from] item: Rocky Helmet|[of] p1a: Necrozma
|faint|p1a: Necrozma
|
|upkeep
|c|☆RUiNtheExtinct|gg
|-message|RUiNtheExtinct forfeited.
|
|win|Dragomer Ayaren
|raw|RUiNtheExtinct's rating: 1792 &rarr; <strong>1772</strong><br />(-20 for losing)
|raw|Dragomer Ayaren's rating: 1787 &rarr; <strong>1807</strong><br />(+20 for winning)
|c|☆Dragomer Ayaren|gg
|l|☆RUiNtheExtinct
||Ladder isn't responding, score probably updated but might not have (Request timeout).
