|j|☆uhhhidklol
|j|☆mardydu
|t:|1662350941
|gametype|singles
|player|p1|uhhhidklol|266|1644
|player|p2|mardydu|boarder|1738
|teamsize|p1|6
|teamsize|p2|6
|gen|8
|tier|[Gen 8] National Dex AG
|rated|
|rule|HP Percentage Mod: HP is shown in percentages
|rule|Endless Battle Clause: Forcing endless battles is banned
|clearpoke
|poke|p1|Zacian-*|
|poke|p1|Groudon|
|poke|p1|Ditto|
|poke|p1|Yveltal|
|poke|p1|Rayquaza|
|poke|p1|Tapu Fini|
|poke|p2|Kyurem-White|
|poke|p2|Calyrex-Shadow|
|poke|p2|Rayquaza|
|poke|p2|Regieleki|
|poke|p2|Smeargle, M|
|poke|p2|Skarmory, F|
|teampreview
|inactive|Battle timer is ON: inactive players will automatically lose when time's up. (requested by mardydu)
|j| xiaomoyouxi
|
|t:|1662350949
|start
|switch|p1a: Tapu Fini|Tapu Fini, shiny|100/100
|switch|p2a: Skarmory|Skarmory, F|100/100
|-fieldstart|move: Misty Terrain|[from] ability: Misty Surge|[of] p1a: Tapu Fini
|turn|1
|
|t:|1662350956
|move|p1a: Tapu Fini|Scald|p2a: Skarmory
|-damage|p2a: Skarmory|67/100
|-status|p2a: Skarmory|brn
|move|p2a: Skarmory|Stealth Rock|p1a: Tapu Fini
|-sidestart|p1: uhhhidklol|move: Stealth Rock
|
|-damage|p2a: Skarmory|61/100 brn|[from] brn
|upkeep
|turn|2
|
|t:|1662350960
|switch|p1a: Yveltal|Yveltal|100/100
|-ability|p1a: Yveltal|Dark Aura
|move|p2a: Skarmory|Whirlwind|p1a: Yveltal
|drag|p1a: Tapu Fini|Tapu Fini, shiny|100/100
|-damage|p1a: Tapu Fini|88/100|[from] Stealth Rock
|
|-heal|p1a: Tapu Fini|94/100|[from] item: Leftovers
|-damage|p2a: Skarmory|55/100 brn|[from] brn
|upkeep
|turn|3
|
|t:|1662350965
|switch|p1a: Yveltal|Yveltal|100/100
|-ability|p1a: Yveltal|Dark Aura
|move|p2a: Skarmory|Whirlwind|p1a: Yveltal
|drag|p1a: Zacian|Zacian, shiny|100/100
|-damage|p1a: Zacian|88/100|[from] Stealth Rock
|-ability|p1a: Zacian|Intrepid Sword|boost
|-boost|p1a: Zacian|atk|1
|
|-damage|p2a: Skarmory|49/100 brn|[from] brn
|upkeep
|turn|4
|
|t:|1662350969
|move|p1a: Zacian|Wild Charge|p2a: Skarmory
|-supereffective|p2a: Skarmory
|-damage|p2a: Skarmory|0 fnt
|-damage|p1a: Zacian|72/100|[from] item: Rocky Helmet|[of] p2a: Skarmory
|faint|p2a: Skarmory
|-damage|p1a: Zacian|59/100|[from] Recoil
|
|upkeep
|
|t:|1662350981
|switch|p2a: JumpingMan|Regieleki|100/100
|turn|5
|
|t:|1662350985
|switch|p1a: Groudon|Groudon|100/100
|-damage|p1a: Groudon|94/100|[from] Stealth Rock
|detailschange|p1a: Groudon|Groudon-Primal
|-primal|p1a: Groudon
|-weather|DesolateLand|[from] ability: Desolate Land|[of] p1a: Groudon
|switch|p2a: Smeargle|Smeargle, M|100/100
|
|-weather|DesolateLand|[upkeep]
|-fieldend|Misty Terrain
|-ability|p2a: Smeargle|Moody|boost
|-boost|p2a: Smeargle|spd|2
|-unboost|p2a: Smeargle|def|1
|upkeep
|turn|6
|
|t:|1662350989
|-weather|none
|switch|p1a: Tapu Fini|Tapu Fini, shiny|94/100
|-damage|p1a: Tapu Fini|82/100|[from] Stealth Rock
|-fieldstart|move: Misty Terrain|[from] ability: Misty Surge|[of] p1a: Tapu Fini
|move|p2a: Smeargle|Spore|p1a: Tapu Fini
|-activate|p1a: Tapu Fini|move: Misty Terrain
|
|-heal|p1a: Tapu Fini|88/100|[from] item: Leftovers
|-ability|p2a: Smeargle|Moody|boost
|-boost|p2a: Smeargle|def|2
|-unboost|p2a: Smeargle|spe|1
|upkeep
|turn|7
|
|t:|1662350994
|switch|p2a: JumpingMan|Regieleki|100/100
|move|p1a: Tapu Fini|Haze|p1a: Tapu Fini
|-clearallboost
|
|-heal|p1a: Tapu Fini|94/100|[from] item: Leftovers
|upkeep
|turn|8
|
|t:|1662351000
|switch|p2a: Smeargle|Smeargle, M|100/100
|switch|p1a: Groudon|Groudon-Primal|94/100
|-damage|p1a: Groudon|82/100|[from] Stealth Rock
|-weather|DesolateLand|[from] ability: Desolate Land|[of] p1a: Groudon
|
|-weather|DesolateLand|[upkeep]
|-ability|p2a: Smeargle|Moody|boost
|-boost|p2a: Smeargle|atk|2
|-unboost|p2a: Smeargle|spe|1
|upkeep
|turn|9
|
|t:|1662351003
|move|p1a: Groudon|Precipice Blades|p2a: Smeargle
|-crit|p2a: Smeargle
|-enditem|p2a: Smeargle|Focus Sash
|-damage|p2a: Smeargle|1/100
|move|p2a: Smeargle|Shell Smash|p2a: Smeargle
|-unboost|p2a: Smeargle|def|1
|-unboost|p2a: Smeargle|spd|1
|-boost|p2a: Smeargle|atk|2
|-boost|p2a: Smeargle|spa|2
|-boost|p2a: Smeargle|spe|2
|
|-weather|DesolateLand|[upkeep]
|-ability|p2a: Smeargle|Moody|boost
|-boost|p2a: Smeargle|atk|2
|-unboost|p2a: Smeargle|spd|1
|upkeep
|turn|10
|
|t:|1662351019
|move|p2a: Smeargle|Baton Pass|p2a: Smeargle
|
|t:|1662351021
|switch|p2a: Rayquaza|Rayquaza|100/100|[from]move: Baton Pass
|-ability|p2a: Rayquaza|Air Lock
|move|p1a: Groudon|Toxic|p2a: Rayquaza
|-status|p2a: Rayquaza|tox
|
|-weather|DesolateLand|[upkeep]
|-damage|p2a: Rayquaza|95/100 tox|[from] psn
|-fieldend|Misty Terrain
|upkeep
|turn|11
|
|t:|1662351029
|detailschange|p2a: Rayquaza|Rayquaza-Mega
|-mega|p2a: Rayquaza|Rayquaza|
|-weather|DeltaStream|[from] ability: Delta Stream|[of] p2a: Rayquaza
|move|p2a: Rayquaza|Earthquake|p1a: Groudon
|-supereffective|p1a: Groudon
|-damage|p1a: Groudon|0 fnt
|faint|p1a: Groudon
|-damage|p2a: Rayquaza|85/100 tox|[from] item: Life Orb
|
|-weather|DeltaStream|[upkeep]
|-damage|p2a: Rayquaza|73/100 tox|[from] psn
|upkeep
|
|t:|1662351044
|switch|p1a: Ditto|Ditto, shiny|100/100
|-damage|p1a: Ditto|88/100|[from] Stealth Rock
|-transform|p1a: Ditto|p2a: Rayquaza|[from] ability: Imposter
|turn|12
|
|t:|1662351047
|move|p1a: Ditto|Extreme Speed|p2a: Rayquaza
|-damage|p2a: Rayquaza|0 fnt
|faint|p2a: Rayquaza
|
|-weather|DeltaStream|[upkeep]
|upkeep
|
|t:|1662351050
|switch|p2a: Horse in cali|Calyrex-Shadow|100/100
|-ability|p2a: Horse in cali|As One
|-ability|p2a: Horse in cali|Unnerve
|turn|13
|
|t:|1662351054
|-weather|none
|switch|p1a: Yveltal|Yveltal|100/100
|-ability|p1a: Yveltal|Dark Aura
|move|p2a: Horse in cali|Nasty Plot|p2a: Horse in cali
|-boost|p2a: Horse in cali|spa|2
|
|upkeep
|turn|14
|
|t:|1662351066
|-start|p2a: Horse in cali|Dynamax|
|-heal|p2a: Horse in cali|100/100|[silent]
|move|p2a: Horse in cali|Max Starfall|p1a: Yveltal
|-supereffective|p1a: Yveltal
|-damage|p1a: Yveltal|0 fnt
|-fieldstart|move: Misty Terrain
|faint|p1a: Yveltal
|-ability|p2a: Horse in cali|Grim Neigh|boost
|-boost|p2a: Horse in cali|spa|1
|
|upkeep
|
|t:|1662351076
|switch|p1a: Ditto|Ditto, shiny|88/100
|-damage|p1a: Ditto|76/100|[from] Stealth Rock
|-transform|p1a: Ditto|p2a: Horse in cali|[from] ability: Imposter
|turn|15
|
|t:|1662351080
|move|p1a: Ditto|Astral Barrage|p2a: Horse in cali
|-supereffective|p2a: Horse in cali
|-enditem|p2a: Horse in cali|Focus Sash
|-damage|p2a: Horse in cali|1/100
|move|p2a: Horse in cali|Max Phantasm|p1a: Ditto
|-supereffective|p1a: Ditto
|-crit|p1a: Ditto
|-damage|p1a: Ditto|0 fnt
|faint|p1a: Ditto
|-ability|p2a: Horse in cali|Grim Neigh|boost
|-boost|p2a: Horse in cali|spa|1
|
|upkeep
|
|t:|1662351086
|switch|p1a: Zacian|Zacian, shiny|59/100
|-damage|p1a: Zacian|47/100|[from] Stealth Rock
|-ability|p1a: Zacian|Intrepid Sword|boost
|-boost|p1a: Zacian|atk|1
|turn|16
|
|t:|1662351089
|move|p2a: Horse in cali|Max Guard|p2a: Horse in cali
|-singleturn|p2a: Horse in cali|Max Guard
|move|p1a: Zacian|Play Rough|p2a: Horse in cali
|-activate|p2a: Horse in cali|move: Max Guard
|
|upkeep
|-end|p2a: Horse in cali|Dynamax
|-heal|p2a: Horse in cali|1/100|[silent]
|turn|17
|
|t:|1662351093
|move|p1a: Zacian|Play Rough|p2a: Horse in cali
|-damage|p2a: Horse in cali|0 fnt
|faint|p2a: Horse in cali
|
|upkeep
|
|t:|1662351099
|switch|p2a: JumpingMan|Regieleki|100/100
|turn|18
|
|t:|1662351102
|move|p1a: Zacian|Play Rough|p2a: JumpingMan
|-enditem|p2a: JumpingMan|Focus Sash
|-damage|p2a: JumpingMan|1/100
|-unboost|p2a: JumpingMan|atk|1
|move|p2a: JumpingMan|Thunder Cage|p1a: Zacian
|-damage|p1a: Zacian|0 fnt
|faint|p1a: Zacian
|
|-fieldend|Misty Terrain
|upkeep
|
|t:|1662351121
|switch|p1a: Rayquaza|Rayquaza|100/100
|-damage|p1a: Rayquaza|76/100|[from] Stealth Rock
|-ability|p1a: Rayquaza|Air Lock
|turn|19
|
|t:|1662351125
|switch|p2a: Smeargle|Smeargle, M|1/100
|detailschange|p1a: Rayquaza|Rayquaza-Mega
|-mega|p1a: Rayquaza|Rayquaza|
|-weather|DeltaStream|[from] ability: Delta Stream|[of] p1a: Rayquaza
|move|p1a: Rayquaza|Extreme Speed|p2a: Smeargle
|-damage|p2a: Smeargle|0 fnt
|faint|p2a: Smeargle
|
|-weather|DeltaStream|[upkeep]
|upkeep
|
|t:|1662351127
|switch|p2a: Kurem|Kyurem-White, shiny|100/100
|-ability|p2a: Kurem|Turboblaze
|turn|20
|
|t:|1662351131
|-weather|none
|switch|p1a: Tapu Fini|Tapu Fini, shiny|94/100
|-damage|p1a: Tapu Fini|81/100|[from] Stealth Rock
|-fieldstart|move: Misty Terrain|[from] ability: Misty Surge|[of] p1a: Tapu Fini
|move|p2a: Kurem|Ice Beam|p1a: Tapu Fini
|-resisted|p1a: Tapu Fini
|-damage|p1a: Tapu Fini|57/100
|
|-heal|p1a: Tapu Fini|63/100|[from] item: Leftovers
|upkeep
|turn|21
|
|t:|1662351141
|switch|p2a: JumpingMan|Regieleki|1/100
|-start|p1a: Tapu Fini|Dynamax|
|-heal|p1a: Tapu Fini|63/100|[silent]
|move|p1a: Tapu Fini|Max Starfall|p2a: JumpingMan
|-damage|p2a: JumpingMan|0 fnt
|faint|p2a: JumpingMan
|
|-heal|p1a: Tapu Fini|66/100|[from] item: Leftovers
|upkeep
|
|t:|1662351144
|switch|p2a: Kurem|Kyurem-White, shiny|100/100
|-ability|p2a: Kurem|Turboblaze
|turn|22
|
|t:|1662351149
|move|p2a: Kurem|Ice Beam|p1a: Tapu Fini
|-resisted|p1a: Tapu Fini
|-damage|p1a: Tapu Fini|54/100
|move|p1a: Tapu Fini|Max Starfall|p2a: Kurem
|-supereffective|p2a: Kurem
|-damage|p2a: Kurem|38/100
|
|-heal|p1a: Tapu Fini|57/100|[from] item: Leftovers
|upkeep
|turn|23
|c|☆uhhhidklol|gg
|
|t:|1662351165
|move|p2a: Kurem|Ice Beam|p1a: Tapu Fini
|-resisted|p1a: Tapu Fini
|-damage|p1a: Tapu Fini|46/100
|move|p1a: Tapu Fini|Max Starfall|p2a: Kurem
|-supereffective|p2a: Kurem
|-damage|p2a: Kurem|0 fnt
|faint|p2a: Kurem
|
|win|uhhhidklol
|raw|uhhhidklol's rating: 1644 &rarr; <strong>1669</strong><br />(+25 for winning)
|raw|mardydu's rating: 1738 &rarr; <strong>1713</strong><br />(-25 for losing)
|l|☆uhhhidklol
|l|☆mardydu
