|j|☆M‽com‽ICS‽am
|j|☆This *Bot Is Cold
|t:|1652363854
|gametype|singles
|player|p1|M‽com‽ICS‽am|ryuki|1421
|player|p2|This *Bot Is Cold|cheren|1284
|teamsize|p1|6
|teamsize|p2|6
|gen|8
|tier|[Gen 8] National Dex AG
|rated|
|rule|HP Percentage Mod: HP is shown in percentages
|rule|Endless Battle Clause: Forcing endless battles is banned
|clearpoke
|poke|p1|Ho-Oh|
|poke|p1|Yveltal|
|poke|p1|Rayquaza|
|poke|p1|Quagsire, F|
|poke|p1|Mewtwo|
|poke|p1|Smeargle, M|
|poke|p2|Weavile, M|
|poke|p2|Tornadus, M|
|poke|p2|Zacian-*|
|poke|p2|Durant, F|
|poke|p2|Dugtrio, F|
|poke|p2|Smeargle, M|
|teampreview
|inactive|Battle timer is ON: inactive players will automatically lose when time's up. (requested by M‽com‽ICS‽am)
|
|t:|1652363884
|start
|switch|p1a: Yveltal|Yveltal|100/100
|switch|p2a: Weasel|Weavile, M|100/100
|-ability|p2a: Weasel|Pressure
|-ability|p1a: Yveltal|Dark Aura
|turn|1
|
|t:|1652363905
|switch|p1a: Quagsire|Quagsire, F|100/100
|move|p2a: Weasel|Beat Up|p1a: Quagsire
|-crit|p1a: Quagsire
|-damage|p1a: Quagsire|91/100
|-damage|p1a: Quagsire|86/100
|-damage|p1a: Quagsire|78/100
|-damage|p1a: Quagsire|72/100
|-crit|p1a: Quagsire
|-damage|p1a: Quagsire|63/100
|-damage|p1a: Quagsire|61/100
|-hitcount|p1a: Quagsire|6
|
|upkeep
|turn|2
|
|t:|1652363917
|move|p2a: Weasel|Beat Up|p1a: Quagsire
|-damage|p1a: Quagsire|55/100
|-damage|p1a: Quagsire|49/100
|-damage|p1a: Quagsire|41/100
|-damage|p1a: Quagsire|36/100
|-damage|p1a: Quagsire|30/100
|-damage|p1a: Quagsire|28/100
|-hitcount|p1a: Quagsire|6
|cant|p1a: Quagsire|flinch
|
|upkeep
|turn|3
|
|t:|1652363944
|move|p2a: Weasel|Beat Up|p1a: Quagsire
|-damage|p1a: Quagsire|21/100
|-damage|p1a: Quagsire|14/100
|-damage|p1a: Quagsire|7/100
|-damage|p1a: Quagsire|3/100
|-damage|p1a: Quagsire|0 fnt
|faint|p1a: Quagsire
|-hitcount|p1: Quagsire|5
|
|upkeep
|
|t:|1652363958
|switch|p1a: Ho-Oh|Ho-Oh|100/100
|turn|4
|
|t:|1652363974
|move|p2a: Weasel|Beat Up|p1a: Ho-Oh
|-damage|p1a: Ho-Oh|92/100
|-damage|p1a: Ho-Oh|84/100
|-damage|p1a: Ho-Oh|75/100
|-damage|p1a: Ho-Oh|68/100
|-damage|p1a: Ho-Oh|60/100
|-damage|p1a: Ho-Oh|57/100
|-hitcount|p1a: Ho-Oh|6
|cant|p1a: Ho-Oh|flinch
|
|upkeep
|turn|5
|
|t:|1652363982
|move|p2a: Weasel|Beat Up|p1a: Ho-Oh
|-damage|p1a: Ho-Oh|49/100
|-damage|p1a: Ho-Oh|41/100
|-damage|p1a: Ho-Oh|31/100
|-damage|p1a: Ho-Oh|24/100
|-damage|p1a: Ho-Oh|17/100
|-damage|p1a: Ho-Oh|14/100
|-hitcount|p1a: Ho-Oh|6
|move|p1a: Ho-Oh|Sacred Fire|p2a: Weasel
|-supereffective|p2a: Weasel
|-damage|p2a: Weasel|0 fnt
|faint|p2a: Weasel
|
|upkeep
|inactive|This *Bot Is Cold has 120 seconds left.
|
|t:|1652363999
|switch|p2a: Muscle|Tornadus, M|100/100
|turn|6
|
|t:|1652364004
|switch|p1a: Yveltal|Yveltal|100/100
|-ability|p1a: Yveltal|Dark Aura
|move|p2a: Muscle|Tailwind|p2a: Muscle
|-sidestart|p2: This *Bot Is Cold|move: Tailwind
|
|upkeep
|turn|7
|
|t:|1652364022
|move|p2a: Muscle|Hurricane|p1a: Yveltal
|-damage|p1a: Yveltal|69/100
|move|p1a: Yveltal|Knock Off|p2a: Muscle
|-damage|p2a: Muscle|17/100
|-enditem|p2a: Muscle|Focus Sash|[from] move: Knock Off|[of] p1a: Yveltal
|
|upkeep
|turn|8
|
|t:|1652364030
|switch|p1a: Ho-Oh|Ho-Oh|47/100
|move|p2a: Muscle|U-turn|p1a: Ho-Oh
|-resisted|p1a: Ho-Oh
|-damage|p1a: Ho-Oh|43/100
|
|t:|1652364040
|switch|p2a: Beagle|Smeargle, M|100/100|[from]move: U-turn
|
|-ability|p2a: Beagle|Moody|boost
|-boost|p2a: Beagle|atk|2
|-unboost|p2a: Beagle|spa|1
|upkeep
|turn|9
|
|t:|1652364048
|move|p2a: Beagle|Protect|p2a: Beagle
|-singleturn|p2a: Beagle|Protect
|move|p1a: Ho-Oh|Sacred Fire|p2a: Beagle
|-activate|p2a: Beagle|move: Protect
|
|-sideend|p2: This *Bot Is Cold|move: Tailwind
|-ability|p2a: Beagle|Moody|boost
|-boost|p2a: Beagle|spe|2
|-unboost|p2a: Beagle|atk|1
|upkeep
|turn|10
|inactive|This *Bot Is Cold has 120 seconds left.
|
|t:|1652364083
|switch|p1a: Mewtwo|Mewtwo|100/100
|-ability|p1a: Mewtwo|Pressure
|move|p2a: Beagle|Sticky Web|p1a: Mewtwo
|-sidestart|p1: M‽com‽ICS‽am|move: Sticky Web
|
|-ability|p2a: Beagle|Moody|boost
|-boost|p2a: Beagle|atk|2
|-unboost|p2a: Beagle|spe|1
|upkeep
|turn|11
|
|t:|1652364094
|move|p2a: Beagle|Baton Pass|p2a: Beagle
|
|t:|1652364096
|switch|p2a: Dog|Zacian-Crowned|100/100|[from]move: Baton Pass
|-ability|p2a: Dog|Intrepid Sword|boost
|-boost|p2a: Dog|atk|1
|move|p1a: Mewtwo|Nasty Plot|p1a: Mewtwo
|-boost|p1a: Mewtwo|spa|2
|
|upkeep
|turn|12
|
|t:|1652364106
|switch|p1a: Ho-Oh|Ho-Oh|76/100
|move|p2a: Dog|Behemoth Blade|p1a: Ho-Oh
|-resisted|p1a: Ho-Oh
|-damage|p1a: Ho-Oh|0 fnt
|faint|p1a: Ho-Oh
|
|upkeep
|
|t:|1652364109
|switch|p1a: Smeargle|Smeargle, M|100/100
|-activate|p1a: Smeargle|move: Sticky Web
|-unboost|p1a: Smeargle|spe|1
|turn|13
|
|t:|1652364125
|switch|p2a: Mole|Dugtrio, F|100/100
|move|p1a: Smeargle|Spore|p2a: Mole
|-status|p2a: Mole|slp|[from] move: Spore
|
|-ability|p1a: Smeargle|Moody|boost
|-boost|p1a: Smeargle|atk|2
|-unboost|p1a: Smeargle|spd|1
|upkeep
|turn|14
|
|t:|1652364129
|cant|p2a: Mole|slp
|move|p1a: Smeargle|Substitute|p1a: Smeargle
|-start|p1a: Smeargle|Substitute
|-damage|p1a: Smeargle|76/100
|
|-ability|p1a: Smeargle|Moody|boost
|-boost|p1a: Smeargle|spa|2
|-unboost|p1a: Smeargle|spe|1
|upkeep
|turn|15
|
|t:|1652364134
|cant|p2a: Mole|slp
|move|p1a: Smeargle|Shell Smash|p1a: Smeargle
|-unboost|p1a: Smeargle|def|1
|-unboost|p1a: Smeargle|spd|1
|-boost|p1a: Smeargle|atk|2
|-boost|p1a: Smeargle|spa|2
|-boost|p1a: Smeargle|spe|2
|
|-ability|p1a: Smeargle|Moody|boost
|-boost|p1a: Smeargle|atk|2
|-unboost|p1a: Smeargle|def|1
|upkeep
|turn|16
|
|t:|1652364143
|switch|p2a: Muscle|Tornadus, M|17/100
|move|p1a: Smeargle|Spore|p2a: Muscle
|-status|p2a: Muscle|slp|[from] move: Spore
|
|-ability|p1a: Smeargle|Moody|boost
|-boost|p1a: Smeargle|spe|2
|-unboost|p1a: Smeargle|atk|1
|upkeep
|turn|17
|
|t:|1652364146
|cant|p2a: Muscle|slp
|move|p1a: Smeargle|Shell Smash|p1a: Smeargle
|-unboost|p1a: Smeargle|def|1
|-unboost|p1a: Smeargle|spd|1
|-boost|p1a: Smeargle|atk|1
|-boost|p1a: Smeargle|spa|2
|-boost|p1a: Smeargle|spe|2
|
|-ability|p1a: Smeargle|Moody|boost
|-boost|p1a: Smeargle|spd|2
|-unboost|p1a: Smeargle|spe|1
|upkeep
|turn|18
|
|t:|1652364149
|cant|p2a: Muscle|slp
|move|p1a: Smeargle|Baton Pass|p1a: Smeargle
|
|t:|1652364151
|switch|p1a: Rayquaza|Rayquaza|100/100|[from]move: Baton Pass
|-ability|p1a: Rayquaza|Air Lock
|
|upkeep
|turn|19
|
|t:|1652364155
|detailschange|p1a: Rayquaza|Rayquaza-Mega
|-mega|p1a: Rayquaza|Rayquaza|
|-weather|DeltaStream|[from] ability: Delta Stream|[of] p1a: Rayquaza
|move|p1a: Rayquaza|Extreme Speed|p2a: Muscle
|-damage|p2a: Muscle|0 fnt
|faint|p2a: Muscle
|-damage|p1a: Rayquaza|91/100|[from] item: Life Orb
|
|-weather|DeltaStream|[upkeep]
|upkeep
|
|t:|1652364161
|switch|p2a: Beagle|Smeargle, M|100/100
|turn|20
|
|t:|1652364183
|move|p1a: Rayquaza|Dragon Claw|p2a: Beagle
|-enditem|p2a: Beagle|Focus Sash
|-damage|p2a: Beagle|1/100
|-damage|p1a: Rayquaza|81/100|[from] item: Life Orb
|move|p2a: Beagle|Destiny Bond|p2a: Beagle
|-singlemove|p2a: Beagle|Destiny Bond
|
|-weather|DeltaStream|[upkeep]
|-ability|p2a: Beagle|Moody|boost
|-boost|p2a: Beagle|spa|2
|-unboost|p2a: Beagle|def|1
|upkeep
|turn|21
|inactive|This *Bot Is Cold has 120 seconds left.
|inactive|M‽com‽ICS‽am has 120 seconds left.
|
|t:|1652364213
|-weather|none
|switch|p1a: Smeargle|Smeargle, M|76/100
|-activate|p1a: Smeargle|move: Sticky Web
|-unboost|p1a: Smeargle|spe|1
|move|p2a: Beagle|Sticky Web||[still]
|-fail|p2a: Beagle
|
|-ability|p2a: Beagle|Moody|boost
|-boost|p2a: Beagle|spa|2
|-unboost|p2a: Beagle|atk|1
|-ability|p1a: Smeargle|Moody|boost
|-boost|p1a: Smeargle|def|2
|-unboost|p1a: Smeargle|spa|1
|upkeep
|turn|22
|
|t:|1652364221
|move|p2a: Beagle|Protect|p2a: Beagle
|-singleturn|p2a: Beagle|Protect
|move|p1a: Smeargle|Substitute|p1a: Smeargle
|-start|p1a: Smeargle|Substitute
|-damage|p1a: Smeargle|51/100
|
|-ability|p2a: Beagle|Moody|boost
|-boost|p2a: Beagle|atk|2
|-unboost|p2a: Beagle|def|1
|-ability|p1a: Smeargle|Moody|boost
|-boost|p1a: Smeargle|spe|2
|-unboost|p1a: Smeargle|atk|1
|upkeep
|turn|23
|
|t:|1652364229
|switch|p2a: Mole|Dugtrio, F|100/100 slp
|move|p1a: Smeargle|Spore|p2a: Mole
|-fail|p2a: Mole|slp
|
|-ability|p1a: Smeargle|Moody|boost
|-boost|p1a: Smeargle|spa|2
|-unboost|p1a: Smeargle|def|1
|upkeep
|turn|24
|
|t:|1652364236
|move|p1a: Smeargle|Shell Smash|p1a: Smeargle
|-unboost|p1a: Smeargle|def|1
|-unboost|p1a: Smeargle|spd|1
|-boost|p1a: Smeargle|atk|2
|-boost|p1a: Smeargle|spa|2
|-boost|p1a: Smeargle|spe|2
|cant|p2a: Mole|slp
|
|-ability|p1a: Smeargle|Moody|boost
|-boost|p1a: Smeargle|def|2
|-unboost|p1a: Smeargle|spd|1
|upkeep
|turn|25
|
|t:|1652364243
|move|p1a: Smeargle|Shell Smash|p1a: Smeargle
|-unboost|p1a: Smeargle|def|1
|-unboost|p1a: Smeargle|spd|1
|-boost|p1a: Smeargle|atk|2
|-boost|p1a: Smeargle|spa|2
|-boost|p1a: Smeargle|spe|2
|-curestatus|p2a: Mole|slp|[msg]
|move|p2a: Mole|Earthquake|p1a: Smeargle
|-end|p1a: Smeargle|Substitute
|
|-ability|p1a: Smeargle|Moody|boost
|-boost|p1a: Smeargle|def|2
|-unboost|p1a: Smeargle|spe|1
|upkeep
|turn|26
|inactive|This *Bot Is Cold has 120 seconds left.
|
|t:|1652364289
|move|p2a: Mole|Protect|p2a: Mole
|-singleturn|p2a: Mole|Protect
|move|p1a: Smeargle|Spore|p2a: Mole
|-activate|p2a: Mole|move: Protect
|
|-ability|p1a: Smeargle|Moody|boost
|-boost|p1a: Smeargle|spe|2
|-unboost|p1a: Smeargle|spa|1
|upkeep
|turn|27
|
|t:|1652364295
|move|p1a: Smeargle|Spore|p2a: Mole
|-status|p2a: Mole|slp|[from] move: Spore
|cant|p2a: Mole|slp
|
|-ability|p1a: Smeargle|Moody|boost
|-boost|p1a: Smeargle|spd|2
|-unboost|p1a: Smeargle|atk|1
|upkeep
|turn|28
|
|t:|1652364302
|move|p1a: Smeargle|Substitute|p1a: Smeargle
|-start|p1a: Smeargle|Substitute
|-damage|p1a: Smeargle|26/100
|-curestatus|p2a: Mole|slp|[msg]
|move|p2a: Mole|Earthquake|p1a: Smeargle
|-end|p1a: Smeargle|Substitute
|
|-ability|p1a: Smeargle|Moody|boost
|-boost|p1a: Smeargle|spa|2
|-unboost|p1a: Smeargle|spd|1
|upkeep
|turn|29
|inactive|This *Bot Is Cold has 120 seconds left.
|
|t:|1652364308
|move|p2a: Mole|Protect|p2a: Mole
|-singleturn|p2a: Mole|Protect
|move|p1a: Smeargle|Spore|p2a: Mole
|-activate|p2a: Mole|move: Protect
|
|-ability|p1a: Smeargle|Moody|boost
|-boost|p1a: Smeargle|atk|2
|-unboost|p1a: Smeargle|spe|1
|upkeep
|turn|30
|
|t:|1652364311
|move|p1a: Smeargle|Spore|p2a: Mole
|-status|p2a: Mole|slp|[from] move: Spore
|cant|p2a: Mole|slp
|
|-ability|p1a: Smeargle|Moody|boost
|-boost|p1a: Smeargle|atk|2
|-unboost|p1a: Smeargle|spd|1
|upkeep
|turn|31
|
|t:|1652364315
|move|p1a: Smeargle|Substitute|p1a: Smeargle
|-start|p1a: Smeargle|Substitute
|-damage|p1a: Smeargle|1/100
|-curestatus|p2a: Mole|slp|[msg]
|move|p2a: Mole|Earthquake|p1a: Smeargle
|-end|p1a: Smeargle|Substitute
|
|-ability|p1a: Smeargle|Moody|boost
|-boost|p1a: Smeargle|spe|1
|-unboost|p1a: Smeargle|atk|1
|upkeep
|turn|32
|
|t:|1652364320
|move|p2a: Mole|Protect|p2a: Mole
|-singleturn|p2a: Mole|Protect
|move|p1a: Smeargle|Spore|p2a: Mole
|-activate|p2a: Mole|move: Protect
|
|-ability|p1a: Smeargle|Moody|boost
|-boost|p1a: Smeargle|def|2
|-unboost|p1a: Smeargle|spe|1
|upkeep
|turn|33
|
|t:|1652364326
|move|p1a: Smeargle|Spore|p2a: Mole
|-status|p2a: Mole|slp|[from] move: Spore
|cant|p2a: Mole|slp
|
|-ability|p1a: Smeargle|Moody|boost
|-boost|p1a: Smeargle|spd|2
|-unboost|p1a: Smeargle|atk|1
|upkeep
|turn|34
|
|t:|1652364338
|switch|p2a: Ant|Durant, F|100/100
|move|p1a: Smeargle|Baton Pass|p1a: Smeargle
|
|t:|1652364340
|switch|p1a: Rayquaza|Rayquaza-Mega|81/100|[from]move: Baton Pass
|-weather|DeltaStream|[from] ability: Delta Stream|[of] p1a: Rayquaza
|
|-weather|DeltaStream|[upkeep]
|upkeep
|turn|35
|
|t:|1652364346
|move|p1a: Rayquaza|Dragon Ascent|p2a: Ant
|-enditem|p2a: Ant|Focus Sash
|-damage|p2a: Ant|1/100
|-unboost|p1a: Rayquaza|def|1
|-unboost|p1a: Rayquaza|spd|1
|-damage|p1a: Rayquaza|71/100|[from] item: Life Orb
|move|p2a: Ant|Entrainment|p1a: Rayquaza
|-weather|none
|-endability|p1a: Rayquaza|Delta Stream|[from] move: Entrainment
|-ability|p1a: Rayquaza|Truant|[from] move: Entrainment
|
|upkeep
|turn|36
|
|t:|1652364364
|cant|p1a: Rayquaza|ability: Truant
|cant|p2a: Ant|ability: Truant
|
|upkeep
|turn|37
|
|t:|1652364386
|switch|p1a: Smeargle|Smeargle, M|1/100
|-activate|p1a: Smeargle|move: Sticky Web
|-unboost|p1a: Smeargle|spe|1
|move|p2a: Ant|Toxic|p1a: Smeargle
|-status|p1a: Smeargle|tox
|
|-damage|p1a: Smeargle|0 fnt|[from] psn
|faint|p1a: Smeargle
|upkeep
|inactive|M‽com‽ICS‽am has 120 seconds left.
|
|t:|1652364397
|switch|p1a: Rayquaza|Rayquaza-Mega|71/100
|-weather|DeltaStream|[from] ability: Delta Stream|[of] p1a: Rayquaza
|turn|38
|
|t:|1652364406
|move|p1a: Rayquaza|Extreme Speed|p2a: Ant
|-resisted|p2a: Ant
|-damage|p2a: Ant|0 fnt
|faint|p2a: Ant
|-damage|p1a: Rayquaza|61/100|[from] item: Life Orb
|
|-weather|DeltaStream|[upkeep]
|upkeep
|
|t:|1652364413
|switch|p2a: Dog|Zacian-Crowned|100/100
|-ability|p2a: Dog|Intrepid Sword|boost
|-boost|p2a: Dog|atk|1
|turn|39
|
|t:|1652364418
|-weather|none
|switch|p1a: Yveltal|Yveltal|69/100
|-ability|p1a: Yveltal|Dark Aura
|move|p2a: Dog|Play Rough|p1a: Yveltal|[miss]
|-miss|p2a: Dog|p1a: Yveltal
|
|upkeep
|turn|40
|
|t:|1652364422
|move|p1a: Yveltal|Sucker Punch|p2a: Dog
|-resisted|p2a: Dog
|-damage|p2a: Dog|79/100
|move|p2a: Dog|Play Rough|p1a: Yveltal
|-supereffective|p1a: Yveltal
|-damage|p1a: Yveltal|0 fnt
|faint|p1a: Yveltal
|
|upkeep
|
|t:|1652364424
|switch|p1a: Mewtwo|Mewtwo|100/100
|-activate|p1a: Mewtwo|move: Sticky Web
|-unboost|p1a: Mewtwo|spe|1
|-ability|p1a: Mewtwo|Pressure
|turn|41
|
|t:|1652364431
|-start|p1a: Mewtwo|Dynamax|
|-heal|p1a: Mewtwo|100/100|[silent]
|move|p2a: Dog|Behemoth Blade|p1a: Mewtwo
|-damage|p1a: Mewtwo|7/100
|move|p1a: Mewtwo|Max Mindstorm|p2a: Dog
|-resisted|p2a: Dog
|-damage|p2a: Dog|40/100
|-fieldstart|move: Psychic Terrain
|
|upkeep
|turn|42
|
|t:|1652364437
|move|p2a: Dog|Behemoth Blade|p1a: Mewtwo
|-damage|p1a: Mewtwo|0 fnt
|faint|p1a: Mewtwo
|
|upkeep
|
|t:|1652364439
|switch|p1a: Rayquaza|Rayquaza-Mega|61/100
|-weather|DeltaStream|[from] ability: Delta Stream|[of] p1a: Rayquaza
|turn|43
|
|t:|1652364441
|move|p1a: Rayquaza|Extreme Speed|p2a: Dog
|-activate|p2a: Dog|move: Psychic Terrain
|move|p2a: Dog|Behemoth Blade|p1a: Rayquaza
|-damage|p1a: Rayquaza|0 fnt
|faint|p1a: Rayquaza
|-weather|none
|
|win|This *Bot Is Cold
|raw|M‽com‽ICS‽am's rating: 1421 &rarr; <strong>1393</strong><br />(-28 for losing)
|raw|This *Bot Is Cold's rating: 1284 &rarr; <strong>1318</strong><br />(+34 for winning)
|c|☆M‽com‽ICS‽am|gg
|c|☆This *Bot Is Cold|gg
||Ladder isn't responding, score probably updated but might not have (Request timeout).
