|j|☆Blackstar152001
|j|☆Adil
|t:|1665252197
|gametype|singles
|player|p1|Blackstar152001|blue-gen3two|1903
|player|p2|Adil|102|1886
|teamsize|p1|6
|teamsize|p2|6
|gen|8
|tier|[Gen 8] National Dex AG
|rated|
|rule|HP Percentage Mod: HP is shown in percentages
|rule|Endless Battle Clause: Forcing endless battles is banned
|clearpoke
|poke|p1|Yveltal|
|poke|p1|Ditto|
|poke|p1|Arceus-*|
|poke|p1|Zekrom|
|poke|p1|Arceus-*|
|poke|p1|Arceus-*|
|poke|p2|Zacian-*|
|poke|p2|Calyrex-Shadow|
|poke|p2|Zygarde|
|poke|p2|Tyranitar, F|
|poke|p2|Rayquaza|
|poke|p2|Necrozma-Dusk-Mane|
|teampreview
|inactive|Battle timer is ON: inactive players will automatically lose when time's up. (requested by Blackstar152001)
|
|t:|1665252204
|start
|switch|p1a: Yveltal|Yveltal, shiny|100/100
|switch|p2a: Rayquaza|Rayquaza|100/100
|-ability|p1a: Yveltal|Dark Aura
|-ability|p2a: Rayquaza|Air Lock
|turn|1
|
|t:|1665252214
|switch|p2a: Tyranitar|Tyranitar, F|100/100
|-weather|Sandstorm|[from] ability: Sand Stream|[of] p2a: Tyranitar
|move|p1a: Yveltal|Knock Off|p2a: Tyranitar
|-resisted|p2a: Tyranitar
|-damage|p2a: Tyranitar|72/100
|
|-weather|Sandstorm|[upkeep]
|-damage|p1a: Yveltal|94/100|[from] Sandstorm
|upkeep
|turn|2
|
|t:|1665252222
|switch|p1a: Arceus|Arceus-Fairy|100/100
|move|p2a: Tyranitar|Rock Blast|p1a: Arceus
|-damage|p1a: Arceus|92/100
|-damage|p1a: Arceus|84/100
|-damage|p1a: Arceus|77/100
|-hitcount|p1a: Arceus|3
|
|-weather|Sandstorm|[upkeep]
|-damage|p1a: Arceus|71/100|[from] Sandstorm
|upkeep
|turn|3
|j| shadowmew2x
|
|t:|1665252234
|switch|p2a: Necrozma|Necrozma-Dusk-Mane|100/100
|move|p1a: Arceus|Stealth Rock|p2a: Necrozma
|-sidestart|p2: Adil|move: Stealth Rock
|
|-weather|Sandstorm|[upkeep]
|-damage|p1a: Arceus|65/100|[from] Sandstorm
|upkeep
|turn|4
|
|t:|1665252241
|switch|p1a: Zekrom|Zekrom|100/100
|-ability|p1a: Zekrom|Teravolt
|move|p2a: Necrozma|Stealth Rock|p1a: Zekrom
|-sidestart|p1: Blackstar152001|move: Stealth Rock
|
|-weather|Sandstorm|[upkeep]
|-damage|p1a: Zekrom|94/100|[from] Sandstorm
|upkeep
|turn|5
|
|t:|1665252251
|switch|p1a: Arceus|Arceus-Fairy|65/100
|-damage|p1a: Arceus|53/100|[from] Stealth Rock
|-start|p2a: Necrozma|Dynamax|
|-heal|p2a: Necrozma|100/100|[silent]
|move|p2a: Necrozma|Max Quake|p1a: Arceus
|-damage|p1a: Arceus|22/100
|-boost|p2a: Necrozma|spd|1
|
|-weather|none
|upkeep
|turn|6
|
|t:|1665252259
|move|p1a: Arceus|Judgment|p2a: Necrozma
|-resisted|p2a: Necrozma
|-damage|p2a: Necrozma|94/100
|move|p2a: Necrozma|Max Steelspike|p1a: Arceus
|-supereffective|p1a: Arceus
|-damage|p1a: Arceus|0 fnt
|-boost|p2a: Necrozma|def|1
|faint|p1a: Arceus
|
|upkeep
|
|t:|1665252283
|switch|p1a: Arceus|Arceus-Dark|100/100
|-damage|p1a: Arceus|88/100|[from] Stealth Rock
|turn|7
|
|t:|1665252287
|move|p1a: Arceus|Calm Mind|p1a: Arceus
|-boost|p1a: Arceus|spa|1
|-boost|p1a: Arceus|spd|1
|move|p2a: Necrozma|Max Steelspike|p1a: Arceus
|-damage|p1a: Arceus|41/100
|-boost|p2a: Necrozma|def|1
|
|upkeep
|-end|p2a: Necrozma|Dynamax
|-heal|p2a: Necrozma|94/100|[silent]
|turn|8
|
|t:|1665252290
|switch|p2a: Zacian|Zacian-Crowned|100/100
|-damage|p2a: Zacian|94/100|[from] Stealth Rock
|-ability|p2a: Zacian|Intrepid Sword|boost
|-boost|p2a: Zacian|atk|1
|move|p1a: Arceus|Recover|p1a: Arceus
|-heal|p1a: Arceus|91/100
|
|upkeep
|turn|9
|
|t:|1665252294
|switch|p1a: Zekrom|Zekrom|94/100
|-damage|p1a: Zekrom|82/100|[from] Stealth Rock
|-ability|p1a: Zekrom|Teravolt
|move|p2a: Zacian|Play Rough|p1a: Zekrom|[miss]
|-miss|p2a: Zacian|p1a: Zekrom
|
|upkeep
|turn|10
|
|t:|1665252304
|move|p1a: Zekrom|Bolt Strike|p2a: Zacian
|-damage|p2a: Zacian|24/100
|-status|p2a: Zacian|par
|move|p2a: Zacian|Play Rough|p1a: Zekrom
|-supereffective|p1a: Zekrom
|-damage|p1a: Zekrom|0 fnt
|faint|p1a: Zekrom
|
|upkeep
|
|t:|1665252310
|switch|p1a: Ditto|Ditto, shiny|100/100
|-damage|p1a: Ditto|88/100|[from] Stealth Rock
|-transform|p1a: Ditto|p2a: Zacian|[from] ability: Imposter
|-ability|p1a: Ditto|Intrepid Sword|boost
|-boost|p1a: Ditto|atk|1
|turn|11
|
|t:|1665252314
|cant|p2a: Zacian|par
|move|p1a: Ditto|Behemoth Blade|p2a: Zacian
|-damage|p2a: Zacian|0 fnt
|faint|p2a: Zacian
|
|upkeep
|inactive|Adil has 120 seconds left.
|inactive|Adil has 90 seconds left.
|
|t:|1665252374
|switch|p2a: Calyrex|Calyrex-Shadow|100/100
|-ability|p2a: Calyrex|As One
|-ability|p2a: Calyrex|Unnerve
|-damage|p2a: Calyrex|88/100|[from] Stealth Rock
|turn|12
|
|t:|1665252398
|move|p2a: Calyrex|Astral Barrage|p1a: Ditto
|-damage|p1a: Ditto|0 fnt
|faint|p1a: Ditto
|-ability|p2a: Calyrex|Grim Neigh|boost
|-boost|p2a: Calyrex|spa|1
|
|upkeep
|
|t:|1665252402
|switch|p1a: Arceus|Arceus-Dark|91/100
|-damage|p1a: Arceus|79/100|[from] Stealth Rock
|turn|13
|
|t:|1665252414
|switch|p2a: Tyranitar|Tyranitar, F|72/100
|-damage|p2a: Tyranitar|60/100|[from] Stealth Rock
|-weather|Sandstorm|[from] ability: Sand Stream|[of] p2a: Tyranitar
|move|p1a: Arceus|Calm Mind|p1a: Arceus
|-boost|p1a: Arceus|spa|1
|-boost|p1a: Arceus|spd|1
|
|-weather|Sandstorm|[upkeep]
|-damage|p1a: Arceus|73/100|[from] Sandstorm
|upkeep
|turn|14
|
|t:|1665252417
|move|p1a: Arceus|Calm Mind|p1a: Arceus
|-boost|p1a: Arceus|spa|1
|-boost|p1a: Arceus|spd|1
|move|p2a: Tyranitar|Roar|p1a: Arceus
|drag|p1a: Yveltal|Yveltal, shiny|94/100
|-damage|p1a: Yveltal|69/100|[from] Stealth Rock
|-ability|p1a: Yveltal|Dark Aura
|
|-weather|Sandstorm|[upkeep]
|-damage|p1a: Yveltal|63/100|[from] Sandstorm
|upkeep
|turn|15
|
|t:|1665252421
|move|p1a: Yveltal|U-turn|p2a: Tyranitar
|-supereffective|p2a: Tyranitar
|-damage|p2a: Tyranitar|3/100
|
|t:|1665252427
|switch|p1a: Arceus|Arceus-Dark|73/100|[from]move: U-turn
|-damage|p1a: Arceus|61/100|[from] Stealth Rock
|move|p2a: Tyranitar|Rock Blast|p1a: Arceus
|-damage|p1a: Arceus|53/100
|-damage|p1a: Arceus|45/100
|-damage|p1a: Arceus|37/100
|-damage|p1a: Arceus|29/100
|-hitcount|p1a: Arceus|4
|
|-weather|Sandstorm|[upkeep]
|-damage|p1a: Arceus|23/100|[from] Sandstorm
|upkeep
|turn|16
|
|t:|1665252439
|move|p1a: Arceus|Recover|p1a: Arceus
|-heal|p1a: Arceus|73/100
|move|p2a: Tyranitar|Rest|p2a: Tyranitar
|-status|p2a: Tyranitar|slp|[from] move: Rest
|-heal|p2a: Tyranitar|100/100 slp|[silent]
|
|-weather|Sandstorm|[upkeep]
|-damage|p1a: Arceus|67/100|[from] Sandstorm
|upkeep
|turn|17
|
|t:|1665252445
|move|p1a: Arceus|Calm Mind|p1a: Arceus
|-boost|p1a: Arceus|spa|1
|-boost|p1a: Arceus|spd|1
|cant|p2a: Tyranitar|slp
|
|-weather|none
|upkeep
|turn|18
|
|t:|1665252450
|move|p1a: Arceus|Calm Mind|p1a: Arceus
|-boost|p1a: Arceus|spa|1
|-boost|p1a: Arceus|spd|1
|cant|p2a: Tyranitar|slp
|
|upkeep
|turn|19
|
|t:|1665252457
|-start|p1a: Arceus|Dynamax|
|-heal|p1a: Arceus|67/100|[silent]
|move|p1a: Arceus|Max Darkness|p2a: Tyranitar
|-resisted|p2a: Tyranitar
|-crit|p2a: Tyranitar
|-damage|p2a: Tyranitar|43/100 slp
|-unboost|p2a: Tyranitar|spd|1
|-curestatus|p2a: Tyranitar|slp|[msg]
|move|p2a: Tyranitar|Roar|p1a: Arceus
|-block|p1a: Arceus|Dynamax
|
|upkeep
|turn|20
|inactive|Adil has 120 seconds left.
|
|t:|1665252494
|move|p1a: Arceus|Max Darkness|p2a: Tyranitar
|-resisted|p2a: Tyranitar
|-damage|p2a: Tyranitar|0 fnt
|faint|p2a: Tyranitar
|
|upkeep
|l| shadowmew2x
|
|t:|1665252507
|switch|p2a: Necrozma|Necrozma-Dusk-Mane|94/100
|-damage|p2a: Necrozma|88/100|[from] Stealth Rock
|turn|21
|
|t:|1665252511
|move|p1a: Arceus|Max Darkness|p2a: Necrozma
|-supereffective|p2a: Necrozma
|-damage|p2a: Necrozma|0 fnt
|faint|p2a: Necrozma
|
|upkeep
|
|t:|1665252515
|switch|p2a: Rayquaza|Rayquaza|100/100
|-damage|p2a: Rayquaza|76/100|[from] Stealth Rock
|-ability|p2a: Rayquaza|Air Lock
|-end|p1a: Arceus|Dynamax
|-heal|p1a: Arceus|67/100|[silent]
|turn|22
|
|t:|1665252520
|detailschange|p2a: Rayquaza|Rayquaza-Mega
|-mega|p2a: Rayquaza|Rayquaza|
|-weather|DeltaStream|[from] ability: Delta Stream|[of] p2a: Rayquaza
|move|p1a: Arceus|Judgment|p2a: Rayquaza
|-damage|p2a: Rayquaza|0 fnt
|faint|p2a: Rayquaza
|-weather|none
|
|upkeep
|
|t:|1665252525
|switch|p2a: Zygarde|Zygarde|100/100
|-damage|p2a: Zygarde|94/100|[from] Stealth Rock
|turn|23
|
|t:|1665252528
|move|p1a: Arceus|Judgment|p2a: Zygarde
|-damage|p2a: Zygarde|11/100
|move|p2a: Zygarde|Glare|p1a: Arceus
|-status|p1a: Arceus|par
|
|-heal|p2a: Zygarde|17/100|[from] item: Leftovers
|-activate|p2a: Zygarde|ability: Power Construct
|detailschange|p2a: Zygarde|Zygarde-Complete
|-heal|p2a: Zygarde|46/100|[silent]
|upkeep
|turn|24
|
|t:|1665252534
|move|p2a: Zygarde|Substitute|p2a: Zygarde
|-start|p2a: Zygarde|Substitute
|-damage|p2a: Zygarde|21/100
|move|p1a: Arceus|Refresh|p1a: Arceus
|-curestatus|p1a: Arceus|par|[msg]
|
|-heal|p2a: Zygarde|27/100|[from] item: Leftovers
|upkeep
|turn|25
|
|t:|1665252537
|move|p1a: Arceus|Judgment|p2a: Zygarde
|-end|p2a: Zygarde|Substitute
|move|p2a: Zygarde|Glare|p1a: Arceus
|-status|p1a: Arceus|par
|
|-heal|p2a: Zygarde|33/100|[from] item: Leftovers
|upkeep
|turn|26
|
|t:|1665252544
|move|p2a: Zygarde|Substitute|p2a: Zygarde
|-start|p2a: Zygarde|Substitute
|-damage|p2a: Zygarde|8/100
|move|p1a: Arceus|Refresh|p1a: Arceus
|-curestatus|p1a: Arceus|par|[msg]
|
|-heal|p2a: Zygarde|14/100|[from] item: Leftovers
|upkeep
|turn|27
|
|t:|1665252548
|move|p1a: Arceus|Judgment|p2a: Zygarde
|-end|p2a: Zygarde|Substitute
|move|p2a: Zygarde|Glare|p1a: Arceus
|-status|p1a: Arceus|par
|
|-heal|p2a: Zygarde|21/100|[from] item: Leftovers
|upkeep
|turn|28
|
|t:|1665252551
|move|p2a: Zygarde|Coil|p2a: Zygarde
|-boost|p2a: Zygarde|atk|1
|-boost|p2a: Zygarde|def|1
|-boost|p2a: Zygarde|accuracy|1
|move|p1a: Arceus|Refresh|p1a: Arceus
|-curestatus|p1a: Arceus|par|[msg]
|
|-heal|p2a: Zygarde|27/100|[from] item: Leftovers
|upkeep
|turn|29
|
|t:|1665252554
|move|p1a: Arceus|Judgment|p2a: Zygarde
|-damage|p2a: Zygarde|0 fnt
|faint|p2a: Zygarde
|
|upkeep
|
|t:|1665252555
|switch|p2a: Calyrex|Calyrex-Shadow|88/100
|-ability|p2a: Calyrex|As One
|-ability|p2a: Calyrex|Unnerve
|-damage|p2a: Calyrex|76/100|[from] Stealth Rock
|turn|30
|
|t:|1665252564
|move|p2a: Calyrex|Astral Barrage|p1a: Arceus
|-resisted|p1a: Arceus
|-damage|p1a: Arceus|55/100
|move|p1a: Arceus|Judgment|p2a: Calyrex
|-supereffective|p2a: Calyrex
|-damage|p2a: Calyrex|0 fnt
|faint|p2a: Calyrex
|
|win|Blackstar152001
|raw|Blackstar152001's rating: 1903 &rarr; <strong>1922</strong><br />(+19 for winning)
|raw|Adil's rating: 1886 &rarr; <strong>1867</strong><br />(-19 for losing)
|l|☆Adil
