|j|☆alicesu
|j|☆cllout
|t:|1667893788
|gametype|singles
|player|p1|alicesu|lucas|1386
|player|p2|cllout|misty-lgpe|1524
|teamsize|p1|6
|teamsize|p2|6
|gen|8
|tier|[Gen 8] National Dex AG
|rated|
|rule|HP Percentage Mod: HP is shown in percentages
|rule|Endless Battle Clause: Forcing endless battles is banned
|clearpoke
|poke|p1|Kyogre|
|poke|p1|Rayquaza|
|poke|p1|Yveltal|
|poke|p1|Eternatus|
|poke|p1|Calyrex-Shadow|
|poke|p1|Zacian-*|
|poke|p2|Shaymin-Sky|
|poke|p2|Marshadow|
|poke|p2|Necrozma-Dusk-Mane|
|poke|p2|Yveltal|
|poke|p2|Calyrex-Shadow|
|poke|p2|Rayquaza|
|teampreview
|inactive|Battle timer is ON: inactive players will automatically lose when time's up. (requested by cllout)
|
|t:|1667893810
|start
|switch|p1a: Eternatus|Eternatus|100/100
|switch|p2a: Necrozma|Necrozma-Dusk-Mane|100/100
|-ability|p1a: Eternatus|Pressure
|turn|1
|
|t:|1667893821
|move|p1a: Eternatus|Toxic Spikes|p2a: Necrozma
|-sidestart|p2: cllout|move: Toxic Spikes
|move|p2a: Necrozma|Stealth Rock|p1a: Eternatus
|-sidestart|p1: alicesu|move: Stealth Rock
|
|upkeep
|turn|2
|
|t:|1667893836
|switch|p1a: Yveltal|Yveltal, shiny|100/100
|-damage|p1a: Yveltal|76/100|[from] Stealth Rock
|-ability|p1a: Yveltal|Dark Aura
|move|p2a: Necrozma|Thunder Wave|p1a: Yveltal
|-status|p1a: Yveltal|par
|
|upkeep
|turn|3
|
|t:|1667893856
|move|p1a: Yveltal|Sucker Punch|p2a: Necrozma
|-supereffective|p2a: Necrozma
|-crit|p2a: Necrozma
|-damage|p2a: Necrozma|53/100
|-damage|p1a: Yveltal|59/100 par|[from] item: Rocky Helmet|[of] p2a: Necrozma
|move|p2a: Necrozma|Sunsteel Strike|p1a: Yveltal
|-damage|p1a: Yveltal|12/100 par
|-damage|p2a: Necrozma|36/100|[from] item: Rocky Helmet|[of] p1a: Yveltal
|
|upkeep
|turn|4
|
|t:|1667893869
|move|p1a: Yveltal|Sucker Punch||[still]
|-fail|p1a: Yveltal
|move|p2a: Necrozma|Morning Sun|p2a: Necrozma
|-heal|p2a: Necrozma|86/100
|
|upkeep
|turn|5
|
|t:|1667893882
|switch|p2a: Yveltal|Yveltal, shiny|100/100
|-ability|p2a: Yveltal|Dark Aura
|cant|p1a: Yveltal|par
|
|upkeep
|turn|6
|
|t:|1667893891
|move|p2a: Yveltal|Defog|p1a: Yveltal
|-unboost|p1a: Yveltal|evasion|1
|-sideend|p1: alicesu|Stealth Rock|[from] move: Defog|[of] p2a: Yveltal
|-sideend|p2: cllout|Toxic Spikes|[from] move: Defog|[of] p2a: Yveltal
|move|p1a: Yveltal|Defog|p2a: Yveltal
|-unboost|p2a: Yveltal|evasion|1
|
|upkeep
|turn|7
|
|t:|1667893901
|move|p1a: Yveltal|Protect|p1a: Yveltal
|-singleturn|p1a: Yveltal|Protect
|move|p2a: Yveltal|Knock Off|p1a: Yveltal
|-activate|p1a: Yveltal|move: Protect
|
|upkeep
|turn|8
|
|t:|1667893907
|move|p2a: Yveltal|Knock Off|p1a: Yveltal
|-resisted|p1a: Yveltal
|-damage|p1a: Yveltal|0 fnt
|-damage|p2a: Yveltal|84/100|[from] item: Rocky Helmet|[of] p1a: Yveltal
|-enditem|p1a: Yveltal|Rocky Helmet|[from] move: Knock Off|[of] p2a: Yveltal
|faint|p1a: Yveltal
|
|upkeep
|
|t:|1667893915
|switch|p1a: Zacian|Zacian-Crowned, shiny|100/100
|-ability|p1a: Zacian|Intrepid Sword|boost
|-boost|p1a: Zacian|atk|1
|turn|9
|
|t:|1667893922
|switch|p2a: Necrozma|Necrozma-Dusk-Mane|86/100
|move|p1a: Zacian|Sacred Sword|p2a: Necrozma
|-damage|p2a: Necrozma|54/100
|-damage|p1a: Zacian|84/100|[from] item: Rocky Helmet|[of] p2a: Necrozma
|
|upkeep
|turn|10
|
|t:|1667893935
|move|p1a: Zacian|Play Rough|p2a: Necrozma
|-resisted|p2a: Necrozma
|-damage|p2a: Necrozma|30/100
|-damage|p1a: Zacian|67/100|[from] item: Rocky Helmet|[of] p2a: Necrozma
|move|p2a: Necrozma|Morning Sun|p2a: Necrozma
|-heal|p2a: Necrozma|80/100
|
|upkeep
|turn|11
|
|t:|1667893946
|move|p1a: Zacian|Sacred Sword|p2a: Necrozma
|-damage|p2a: Necrozma|49/100
|-damage|p1a: Zacian|51/100|[from] item: Rocky Helmet|[of] p2a: Necrozma
|move|p2a: Necrozma|Stealth Rock|p1a: Zacian
|-sidestart|p1: alicesu|move: Stealth Rock
|
|upkeep
|turn|12
|
|t:|1667893953
|move|p1a: Zacian|Swords Dance|p1a: Zacian
|-boost|p1a: Zacian|atk|2
|move|p2a: Necrozma|Morning Sun|p2a: Necrozma
|-heal|p2a: Necrozma|99/100
|
|upkeep
|turn|13
|
|t:|1667893970
|move|p1a: Zacian|Swords Dance|p1a: Zacian
|-boost|p1a: Zacian|atk|2
|move|p2a: Necrozma|Morning Sun|p2a: Necrozma
|-heal|p2a: Necrozma|100/100
|
|upkeep
|turn|14
|
|t:|1667893984
|switch|p2a: Calyrex|Calyrex-Shadow|100/100
|-ability|p2a: Calyrex|As One
|-ability|p2a: Calyrex|Unnerve
|move|p1a: Zacian|Sacred Sword|p2a: Calyrex
|-immune|p2a: Calyrex
|
|upkeep
|turn|15
|
|t:|1667893997
|move|p2a: Calyrex|Astral Barrage|p1a: Zacian
|-damage|p1a: Zacian|0 fnt
|faint|p1a: Zacian
|-ability|p2a: Calyrex|Grim Neigh|boost
|-boost|p2a: Calyrex|spa|1
|
|upkeep
|-message|alicesu forfeited.
|
|win|cllout
|raw|alicesu's rating: 1386 &rarr; <strong>1374</strong><br />(-12 for losing)
|raw|cllout's rating: 1524 &rarr; <strong>1536</strong><br />(+12 for winning)
|l|☆alicesu
||Ladder isn't responding, score probably updated but might not have (Request timeout).
