|j|☆Reyggor
|j|☆TwentyTwan
|t:|1603219170
|player|p1|Reyggor|147|
|player|p2|TwentyTwan|102|
|teamsize|p1|6
|teamsize|p2|6
|gametype|singles
|gen|8
|tier|[Gen 8] National Dex AG
|clearpoke
|poke|p1|Porygon2|
|poke|p1|Zeraora|
|poke|p1|Staraptor, M|
|poke|p1|Blacephalon|
|poke|p1|Rotom-Mow|
|poke|p1|Golisopod, M|
|poke|p2|Diancie|
|poke|p2|Cinderace, F|
|poke|p2|Garchomp, M|
|poke|p2|Azelf|
|poke|p2|Amoonguss, F|
|poke|p2|Corsola-Galar, M|
|rule|HP Percentage Mod: HP is shown in percentages
|rule|Endless Battle Clause: Forcing endless battles is banned
|teampreview
|j| Raiho_blackflame
|c| Raiho_blackflame|gutentag
|c|☆TwentyTwan|kun jij ff linkie sturen
|j| piemelboer
|c|☆TwentyTwan|merci
|c| piemelboer|banaan
|j| Tientje007
|c| piemelboer|ik bedoel
|c| piemelboer|gl
|j| Lucartes
|c| Tientje007|Gl hf
|j| wouttheown
|c| Lucartes|Glhf!
|c|☆Reyggor|glhf
|
|t:|1603219298
|start
|switch|p1a: Super Eurobeats|Rotom-Mow|100/100
|switch|p2a: Corsola|Corsola-Galar, M|100/100
|turn|1
|
|t:|1603219317
|move|p1a: Super Eurobeats|Leaf Storm|p2a: Corsola
|-damage|p2a: Corsola|72/100
|-unboost|p1a: Super Eurobeats|spa|2
|-enditem|p1a: Super Eurobeats|Eject Pack
|-start|p1a: Super Eurobeats|Disable|Leaf Storm|[from] ability: Cursed Body|[of] p2a: Corsola
|
|t:|1603219325
|switch|p1a: Meta-pod|Golisopod, M|100/100
|move|p2a: Corsola|Will-O-Wisp|p1a: Meta-pod
|-status|p1a: Meta-pod|brn
|
|-damage|p1a: Meta-pod|94/100 brn|[from] brn
|upkeep
|turn|2
|j| Bitsy the Slayer
|
|t:|1603219333
|move|p1a: Meta-pod|Knock Off|p2a: Corsola
|-supereffective|p2a: Corsola
|-damage|p2a: Corsola|37/100
|-enditem|p2a: Corsola|Eviolite|[from] move: Knock Off|[of] p1a: Meta-pod
|-damage|p1a: Meta-pod|84/100 brn|[from] item: Life Orb
|move|p2a: Corsola|Stealth Rock|p1a: Meta-pod
|-sidestart|p1: Reyggor|move: Stealth Rock
|
|-damage|p1a: Meta-pod|78/100 brn|[from] brn
|upkeep
|turn|3
|
|t:|1603219343
|move|p1a: Meta-pod|Knock Off|p2a: Corsola
|-supereffective|p2a: Corsola
|-damage|p2a: Corsola|4/100
|-damage|p1a: Meta-pod|68/100 brn|[from] item: Life Orb
|move|p2a: Corsola|Strength Sap|p1a: Meta-pod
|-unboost|p1a: Meta-pod|atk|1
|-heal|p2a: Corsola|100/100
|
|-damage|p1a: Meta-pod|62/100 brn|[from] brn
|upkeep
|turn|4
|
|t:|1603219353
|move|p1a: Meta-pod|Knock Off|p2a: Corsola
|-supereffective|p2a: Corsola
|-damage|p2a: Corsola|80/100
|-damage|p1a: Meta-pod|52/100 brn|[from] item: Life Orb
|move|p2a: Corsola|Hex|p1a: Meta-pod
|-damage|p1a: Meta-pod|16/100 brn
|-activate|p1a: Meta-pod|ability: Emergency Exit
|
|t:|1603219364
|switch|p1a: HEYYEYAAEYEAH|Blacephalon|100/100
|-damage|p1a: HEYYEYAAEYEAH|76/100|[from] Stealth Rock
|
|upkeep
|turn|5
|
|t:|1603219375
|move|p1a: HEYYEYAAEYEAH|Trick|p2a: Corsola
|-activate|p1a: HEYYEYAAEYEAH|move: Trick|[of] p2a: Corsola
|-item|p2a: Corsola|Choice Specs|[from] move: Trick
|-enditem|p1a: HEYYEYAAEYEAH|Choice Specs|[silent]|[from] move: Trick
|move|p2a: Corsola|Hex|p1a: HEYYEYAAEYEAH
|-supereffective|p1a: HEYYEYAAEYEAH
|-damage|p1a: HEYYEYAAEYEAH|15/100
|
|upkeep
|turn|6
|
|t:|1603219386
|move|p1a: HEYYEYAAEYEAH|Shadow Ball|p2a: Corsola
|-supereffective|p2a: Corsola
|-damage|p2a: Corsola|26/100
|move|p2a: Corsola|Hex|p1a: HEYYEYAAEYEAH
|-supereffective|p1a: HEYYEYAAEYEAH
|-damage|p1a: HEYYEYAAEYEAH|0 fnt
|faint|p1a: HEYYEYAAEYEAH
|
|upkeep
|
|t:|1603219398
|switch|p1a: White Stripes|Staraptor, M|100/100
|-damage|p1a: White Stripes|76/100|[from] Stealth Rock
|turn|7
|
|t:|1603219408
|switch|p2a: Just a s-bomber|Azelf|100/100
|move|p1a: White Stripes|Defog|p2a: Just a s-bomber
|-unboost|p2a: Just a s-bomber|evasion|1
|-sideend|p1: Reyggor|Stealth Rock|[from] move: Defog|[of] p1a: White Stripes
|
|upkeep
|turn|8
|
|t:|1603219417
|switch|p1a: Meta-pod|Golisopod, M|16/100 brn
|move|p2a: Just a s-bomber|Thunder Wave||[still]
|-fail|p2a: Just a s-bomber
|
|-damage|p1a: Meta-pod|10/100 brn|[from] brn
|upkeep
|turn|9
|
|t:|1603219426
|switch|p2a: Corsola|Corsola-Galar, M|26/100
|move|p1a: Meta-pod|First Impression|p2a: Corsola
|-resisted|p2a: Corsola
|-damage|p2a: Corsola|9/100
|-damage|p1a: Meta-pod|0 fnt|[from] item: Life Orb
|faint|p1a: Meta-pod
|
|upkeep
|
|t:|1603219439
|switch|p1a: White Stripes|Staraptor, M|76/100
|turn|10
|
|t:|1603219442
|move|p1a: White Stripes|U-turn|p2a: Corsola
|-resisted|p2a: Corsola
|-damage|p2a: Corsola|0 fnt
|-start|p1a: White Stripes|Disable|U-turn|[from] ability: Cursed Body|[of] p2a: Corsola
|faint|p2a: Corsola
|j| team shell
|
|t:|1603219454
|switch|p1a: High Voltage!|Zeraora|100/100|[from]move: U-turn
|
|upkeep
|
|t:|1603219467
|switch|p2a: Just a s-bomber|Azelf|100/100
|turn|11
|
|t:|1603219477
|switch|p2a: Amoonguss|Amoonguss, F|100/100
|move|p1a: High Voltage!|Volt Switch|p2a: Amoonguss
|-resisted|p2a: Amoonguss
|-crit|p2a: Amoonguss
|-damage|p2a: Amoonguss|83/100
|
|t:|1603219484
|switch|p1a: Touch my tralala|Porygon2|100/100|[from]move: Volt Switch
|
|-heal|p2a: Amoonguss|89/100|[from] item: Black Sludge
|upkeep
|turn|12
|
|t:|1603219492
|switch|p1a: Super Eurobeats|Rotom-Mow|100/100
|move|p2a: Amoonguss|Spore|p1a: Super Eurobeats
|-immune|p1a: Super Eurobeats
|
|-heal|p2a: Amoonguss|95/100|[from] item: Black Sludge
|upkeep
|turn|13
|
|t:|1603219503
|switch|p2a: Garchomp|Garchomp, M|100/100
|move|p1a: Super Eurobeats|Hidden Power|p2a: Garchomp
|-supereffective|p2a: Garchomp
|-damage|p2a: Garchomp|15/100
|
|-heal|p2a: Garchomp|22/100|[from] item: Leftovers
|upkeep
|turn|14
|
|t:|1603219513
|move|p2a: Garchomp|Fire Blast|p1a: Super Eurobeats|[miss]
|-miss|p2a: Garchomp|p1a: Super Eurobeats
|move|p1a: Super Eurobeats|Hidden Power|p2a: Garchomp
|-supereffective|p2a: Garchomp
|-damage|p2a: Garchomp|0 fnt
|faint|p2a: Garchomp
|
|upkeep
|
|t:|1603219520
|switch|p2a: Cinderace|Cinderace, F|100/100
|turn|15
|
|t:|1603219527
|switch|p1a: Touch my tralala|Porygon2|100/100
|move|p2a: Cinderace|U-turn|p1a: Touch my tralala
|-damage|p1a: Touch my tralala|78/100
|
|t:|1603219535
|switch|p2a: Just a s-bomber|Azelf|100/100|[from]move: U-turn
|
|upkeep
|turn|16
|
|t:|1603219540
|move|p2a: Just a s-bomber|Taunt|p1a: Touch my tralala
|-start|p1a: Touch my tralala|move: Taunt
|move|p1a: Touch my tralala|Foul Play|p2a: Just a s-bomber
|-supereffective|p2a: Just a s-bomber
|-enditem|p2a: Just a s-bomber|Focus Sash
|-damage|p2a: Just a s-bomber|1/100
|
|upkeep
|turn|17
|
|t:|1603219550
|move|p2a: Just a s-bomber|Explosion|p1a: Touch my tralala
|-damage|p1a: Touch my tralala|22/100
|faint|p2a: Just a s-bomber
|move|p1a: Touch my tralala|Foul Play|p2: Just a s-bomber|[notarget]
|-fail|p1a: Touch my tralala
|
|upkeep
|
|t:|1603219555
|switch|p2a: Diancie|Diancie|100/100
|turn|18
|
|t:|1603219566
|detailschange|p2a: Diancie|Diancie-Mega
|-mega|p2a: Diancie|Diancie|Diancite
|move|p2a: Diancie|Diamond Storm|p1a: Touch my tralala
|-damage|p1a: Touch my tralala|0 fnt
|faint|p1a: Touch my tralala
|
|upkeep
|
|t:|1603219576
|switch|p1a: Super Eurobeats|Rotom-Mow|100/100
|turn|19
|
|t:|1603219590
|switch|p2a: Amoonguss|Amoonguss, F|100/100
|move|p1a: Super Eurobeats|Volt Switch|p2a: Amoonguss
|-resisted|p2a: Amoonguss
|-damage|p2a: Amoonguss|89/100
|
|t:|1603219598
|switch|p1a: White Stripes|Staraptor, M|76/100|[from]move: Volt Switch
|
|-heal|p2a: Amoonguss|95/100|[from] item: Black Sludge
|upkeep
|turn|20
|
|t:|1603219606
|move|p1a: White Stripes|Brave Bird|p2a: Amoonguss
|-supereffective|p2a: Amoonguss
|-damage|p2a: Amoonguss|0 fnt
|-damage|p1a: White Stripes|32/100|[from] Recoil
|faint|p2a: Amoonguss
|
|upkeep
|
|t:|1603219613
|switch|p2a: Cinderace|Cinderace, F|100/100
|turn|21
|
|t:|1603219621
|move|p1a: White Stripes|Brave Bird|p2a: Cinderace
|-damage|p2a: Cinderace|0 fnt
|-damage|p1a: White Stripes|0 fnt|[from] Recoil
|faint|p2a: Cinderace
|faint|p1a: White Stripes
|
|upkeep
|
|t:|1603219630
|switch|p2a: Diancie|Diancie-Mega|100/100
|switch|p1a: Super Eurobeats|Rotom-Mow|100/100
|turn|22
|
|t:|1603219637
|move|p2a: Diancie|Protect|p2a: Diancie
|-singleturn|p2a: Diancie|Protect
|move|p1a: Super Eurobeats|Leaf Storm|p2a: Diancie
|-activate|p2a: Diancie|move: Protect
|
|upkeep
|turn|23
|
|t:|1603219648
|move|p2a: Diancie|Moonblast|p1a: Super Eurobeats
|-damage|p1a: Super Eurobeats|20/100
|move|p1a: Super Eurobeats|Leaf Storm|p2a: Diancie
|-supereffective|p2a: Diancie
|-damage|p2a: Diancie|0 fnt
|-unboost|p1a: Super Eurobeats|spa|2
|faint|p2a: Diancie
|
|win|Reyggor
|c|☆Reyggor|gg
|c| Tientje007|gg
|l| Tientje007
|c|☆TwentyTwan|gg
|l| team shell
|l| Bitsy the Slayer
