|j|☆DrMario69
|j|☆MiguelRRM
|t:|1663199665
|gametype|singles
|player|p1|DrMario69|hiker-gen4|1829
|player|p2|MiguelRRM|lucas|1852
|teamsize|p1|6
|teamsize|p2|6
|gen|8
|tier|[Gen 8] National Dex AG
|rated|
|rule|HP Percentage Mod: HP is shown in percentages
|rule|Endless Battle Clause: Forcing endless battles is banned
|clearpoke
|poke|p1|Arceus-*|
|poke|p1|Groudon|
|poke|p1|Zacian-*|
|poke|p1|Rayquaza|
|poke|p1|Calyrex-Shadow|
|poke|p1|Yveltal|
|poke|p2|Marshadow|
|poke|p2|Arceus-*|
|poke|p2|Calyrex-Shadow|
|poke|p2|Groudon|
|poke|p2|Smeargle, F|
|poke|p2|Smeargle, F|
|teampreview
|
|t:|1663199690
|start
|switch|p1a: Groudon|Groudon|100/100
|switch|p2a: Groudon|Groudon|100/100
|detailschange|p2a: Groudon|Groudon-Primal
|-primal|p2a: Groudon
|-weather|DesolateLand|[from] ability: Desolate Land|[of] p2a: Groudon
|detailschange|p1a: Groudon|Groudon-Primal
|-primal|p1a: Groudon
|turn|1
|
|t:|1663199694
|move|p2a: Groudon|Rock Tomb|p1a: Groudon
|-damage|p1a: Groudon|91/100
|-unboost|p1a: Groudon|spe|1
|move|p1a: Groudon|Stealth Rock|p2a: Groudon
|-sidestart|p2: MiguelRRM|move: Stealth Rock
|
|-weather|DesolateLand|[upkeep]
|upkeep
|turn|2
|
|t:|1663199696
|move|p2a: Groudon|Rock Tomb|p1a: Groudon
|-damage|p1a: Groudon|81/100
|-unboost|p1a: Groudon|spe|1
|move|p1a: Groudon|Precipice Blades|p2a: Groudon
|-supereffective|p2a: Groudon
|-damage|p2a: Groudon|30/100
|
|-weather|DesolateLand|[upkeep]
|upkeep
|turn|3
|
|t:|1663199701
|switch|p1a: Arceus|Arceus|100/100
|move|p2a: Groudon|Rock Tomb|p1a: Arceus
|-damage|p1a: Arceus|85/100
|-unboost|p1a: Arceus|spe|1
|
|-weather|DesolateLand|[upkeep]
|upkeep
|turn|4
|
|t:|1663199705
|move|p1a: Arceus|Extreme Speed|p2a: Groudon
|-damage|p2a: Groudon|5/100
|move|p2a: Groudon|Toxic|p1a: Arceus
|-status|p1a: Arceus|tox
|-enditem|p1a: Arceus|Lum Berry|[eat]
|-curestatus|p1a: Arceus|tox|[msg]
|
|-weather|DesolateLand|[upkeep]
|upkeep
|turn|5
|
|t:|1663199709
|move|p1a: Arceus|Extreme Speed|p2a: Groudon
|-damage|p2a: Groudon|0 fnt
|faint|p2a: Groudon
|-weather|none
|
|upkeep
|
|t:|1663199715
|switch|p2a: Marshadow|Marshadow|100/100
|-damage|p2a: Marshadow|94/100|[from] Stealth Rock
|turn|6
|
|t:|1663199718
|switch|p1a: Zacian|Zacian-Crowned|100/100
|-ability|p1a: Zacian|Intrepid Sword|boost
|-boost|p1a: Zacian|atk|1
|move|p2a: Marshadow|Drain Punch|p1a: Zacian
|-damage|p1a: Zacian|65/100
|-heal|p2a: Marshadow|100/100|[from] drain|[of] p1a: Zacian
|
|upkeep
|turn|7
|
|t:|1663199721
|move|p1a: Zacian|Behemoth Blade|p2a: Marshadow
|-enditem|p2a: Marshadow|Focus Sash
|-damage|p2a: Marshadow|1/100
|move|p2a: Marshadow|Spectral Thief||[still]
|-clearpositiveboost|p1a: Zacian|p2a: Marshadow|move: Spectral Thief
|-boost|p2a: Marshadow|atk|1
|-anim|p2a: Marshadow|Spectral Thief|p1a: Zacian
|-damage|p1a: Zacian|0 fnt
|faint|p1a: Zacian
|
|upkeep
|
|t:|1663199728
|switch|p1a: Rayquaza|Rayquaza|100/100
|-ability|p1a: Rayquaza|Air Lock
|turn|8
|
|t:|1663199733
|detailschange|p1a: Rayquaza|Rayquaza-Mega
|-mega|p1a: Rayquaza|Rayquaza|
|-weather|DeltaStream|[from] ability: Delta Stream|[of] p1a: Rayquaza
|move|p2a: Marshadow|Spectral Thief|p1a: Rayquaza
|-damage|p1a: Rayquaza|30/100
|move|p1a: Rayquaza|Dragon Ascent|p2a: Marshadow
|-supereffective|p2a: Marshadow
|-damage|p2a: Marshadow|0 fnt
|-unboost|p1a: Rayquaza|def|1
|-unboost|p1a: Rayquaza|spd|1
|faint|p2a: Marshadow
|
|-weather|DeltaStream|[upkeep]
|upkeep
|
|t:|1663199738
|switch|p2a: Calyrex|Calyrex-Shadow|100/100
|-ability|p2a: Calyrex|As One
|-ability|p2a: Calyrex|Unnerve
|-damage|p2a: Calyrex|88/100|[from] Stealth Rock
|turn|9
|
|t:|1663199742
|-weather|none
|switch|p1a: Yveltal|Yveltal|100/100
|-ability|p1a: Yveltal|Dark Aura
|move|p2a: Calyrex|Substitute|p2a: Calyrex
|-start|p2a: Calyrex|Substitute
|-damage|p2a: Calyrex|63/100
|
|-heal|p2a: Calyrex|69/100|[from] item: Leftovers
|upkeep
|turn|10
|
|t:|1663199745
|-start|p1a: Yveltal|Dynamax|
|-heal|p1a: Yveltal|100/100|[silent]
|move|p2a: Calyrex|Baton Pass|p2a: Calyrex
|
|t:|1663199750
|switch|p2a: Smeargle|Smeargle, F|100/100|[from]move: Baton Pass
|-damage|p2a: Smeargle|88/100|[from] Stealth Rock
|move|p1a: Yveltal|Max Airstream|p2a: Smeargle
|-end|p2a: Smeargle|Substitute
|-boost|p1a: Yveltal|spe|1
|-damage|p1a: Yveltal|96/100|[from] item: Life Orb
|
|-heal|p2a: Smeargle|94/100|[from] item: Leftovers
|-ability|p2a: Smeargle|Moody|boost
|-boost|p2a: Smeargle|spd|2
|-unboost|p2a: Smeargle|spa|1
|upkeep
|turn|11
|
|t:|1663199754
|move|p1a: Yveltal|Max Airstream|p2a: Smeargle
|-damage|p2a: Smeargle|0 fnt
|-boost|p1a: Yveltal|spe|1
|faint|p2a: Smeargle
|-damage|p1a: Yveltal|91/100|[from] item: Life Orb
|
|upkeep
|-message|MiguelRRM forfeited.
|
|win|DrMario69
|raw|DrMario69's rating: 1829 &rarr; <strong>1850</strong><br />(+21 for winning)
|raw|MiguelRRM's rating: 1852 &rarr; <strong>1831</strong><br />(-21 for losing)
|l|☆MiguelRRM
