|j|☆Supplement
|j|☆zepp_R
|t:|1667191381
|gametype|singles
|player|p1|Supplement|red|1509
|player|p2|zepp_R|bugsy|1464
|teamsize|p1|6
|teamsize|p2|6
|gen|8
|tier|[Gen 8] National Dex AG
|rated|
|rule|HP Percentage Mod: HP is shown in percentages
|rule|Endless Battle Clause: Forcing endless battles is banned
|clearpoke
|poke|p1|Greninja, M|
|poke|p1|Tyranitar, M|
|poke|p1|Yveltal|
|poke|p1|Necrozma-Dusk-Mane|
|poke|p1|Calyrex-Shadow|
|poke|p1|Rayquaza|
|poke|p2|Smeargle, M|
|poke|p2|Jirachi|
|poke|p2|Comfey, M|
|poke|p2|Slowbro, M|
|poke|p2|Glalie, M|
|poke|p2|Giratina|
|teampreview
|inactive|Battle timer is ON: inactive players will automatically lose when time's up. (requested by Supplement)
|
|t:|1667191395
|start
|switch|p1a: Greninja|Greninja, M|100/100
|switch|p2a: Jirachi|Jirachi, shiny|100/100
|turn|1
|
|t:|1667191406
|move|p2a: Jirachi|Iron Head|p1a: Greninja
|-resisted|p1a: Greninja
|-damage|p1a: Greninja|72/100
|cant|p1a: Greninja|flinch
|
|upkeep
|turn|2
|
|t:|1667191411
|move|p2a: Jirachi|Iron Head|p1a: Greninja
|-resisted|p1a: Greninja
|-damage|p1a: Greninja|44/100
|move|p1a: Greninja|Dark Pulse|p2a: Jirachi
|-supereffective|p2a: Jirachi
|-damage|p2a: Jirachi|2/100
|
|upkeep
|turn|3
|
|t:|1667191418
|move|p2a: Jirachi|Iron Head|p1a: Greninja
|-resisted|p1a: Greninja
|-damage|p1a: Greninja|17/100
|cant|p1a: Greninja|flinch
|
|upkeep
|turn|4
|
|t:|1667191425
|switch|p1a: Necrozma|Necrozma-Dusk-Mane|100/100
|move|p2a: Jirachi|Iron Head|p1a: Necrozma
|-resisted|p1a: Necrozma
|-damage|p1a: Necrozma|89/100
|-damage|p2a: Jirachi|0 fnt|[from] item: Rocky Helmet|[of] p1a: Necrozma
|faint|p2a: Jirachi
|
|upkeep
|
|t:|1667191430
|switch|p2a: Smeargle|Smeargle, M, shiny|100/100
|turn|5
|
|t:|1667191436
|move|p1a: Necrozma|Sunsteel Strike|p2a: Smeargle
|-enditem|p2a: Smeargle|Focus Sash
|-damage|p2a: Smeargle|1/100
|move|p2a: Smeargle|Spore|p1a: Necrozma
|-status|p1a: Necrozma|slp|[from] move: Spore
|
|-ability|p2a: Smeargle|Moody|boost
|-boost|p2a: Smeargle|spa|2
|-unboost|p2a: Smeargle|spd|1
|upkeep
|turn|6
|
|t:|1667191452
|switch|p1a: Calyrex|Calyrex-Shadow|100/100
|-ability|p1a: Calyrex|As One
|-ability|p1a: Calyrex|Unnerve
|move|p2a: Smeargle|Minimize|p2a: Smeargle
|-boost|p2a: Smeargle|evasion|2
|
|-ability|p2a: Smeargle|Moody|boost
|-boost|p2a: Smeargle|spa|2
|-unboost|p2a: Smeargle|spe|1
|upkeep
|turn|7
|
|t:|1667191458
|move|p1a: Calyrex|Substitute|p1a: Calyrex
|-start|p1a: Calyrex|Substitute
|-damage|p1a: Calyrex|76/100
|move|p2a: Smeargle|Minimize|p2a: Smeargle
|-boost|p2a: Smeargle|evasion|2
|
|-ability|p2a: Smeargle|Moody|boost
|-boost|p2a: Smeargle|spa|2
|-unboost|p2a: Smeargle|spd|1
|upkeep
|turn|8
|
|t:|1667191463
|move|p1a: Calyrex|Nasty Plot|p1a: Calyrex
|-boost|p1a: Calyrex|spa|2
|move|p2a: Smeargle|Minimize|p2a: Smeargle
|-boost|p2a: Smeargle|evasion|2
|
|-ability|p2a: Smeargle|Moody|boost
|-boost|p2a: Smeargle|atk|2
|-unboost|p2a: Smeargle|def|1
|upkeep
|turn|9
|
|t:|1667191469
|move|p1a: Calyrex|Nasty Plot|p1a: Calyrex
|-boost|p1a: Calyrex|spa|2
|move|p2a: Smeargle|Baton Pass|p2a: Smeargle
|
|t:|1667191473
|switch|p2a: Comfey|Comfey, M, shiny|100/100|[from]move: Baton Pass
|
|upkeep
|turn|10
|
|t:|1667191485
|move|p1a: Calyrex|Astral Barrage|p2a: Comfey|[miss]
|-miss|p1a: Calyrex|p2a: Comfey
|move|p2a: Comfey|Calm Mind|p2a: Comfey
|-boost|p2a: Comfey|spa|0
|-boost|p2a: Comfey|spd|1
|
|upkeep
|turn|11
|
|t:|1667191491
|move|p2a: Comfey|Draining Kiss|p1a: Calyrex
|-end|p1a: Calyrex|Substitute
|move|p1a: Calyrex|Nasty Plot|p1a: Calyrex
|-boost|p1a: Calyrex|spa|2
|
|upkeep
|turn|12
|
|t:|1667191497
|move|p2a: Comfey|Draining Kiss|p1a: Calyrex
|-damage|p1a: Calyrex|12/100
|move|p1a: Calyrex|Baton Pass|p1a: Calyrex
|
|t:|1667191504
|switch|p1a: Yveltal|Yveltal, shiny|100/100|[from]move: Baton Pass
|-ability|p1a: Yveltal|Dark Aura
|
|upkeep
|turn|13
|
|t:|1667191510
|-start|p1a: Yveltal|Dynamax|
|-heal|p1a: Yveltal|100/100|[silent]
|move|p2a: Comfey|Draining Kiss|p1a: Yveltal
|-supereffective|p1a: Yveltal
|-damage|p1a: Yveltal|45/100
|-enditem|p1a: Yveltal|Weakness Policy
|-boost|p1a: Yveltal|atk|2|[from] item: Weakness Policy
|-boost|p1a: Yveltal|spa|0
|move|p1a: Yveltal|Max Airstream|p2a: Comfey
|-damage|p2a: Comfey|0 fnt
|-boost|p1a: Yveltal|spe|1
|faint|p2a: Comfey
|
|upkeep
|
|t:|1667191522
|switch|p2a: Glalie|Glalie, M, shiny|100/100
|turn|14
|
|t:|1667191531
|-start|p2a: Glalie|Dynamax|
|-heal|p2a: Glalie|100/100|[silent]
|move|p1a: Yveltal|Max Airstream|p2a: Glalie
|-damage|p2a: Glalie|0 fnt
|-boost|p1a: Yveltal|spe|1
|faint|p2a: Glalie
|
|upkeep
|
|t:|1667191534
|switch|p2a: Giratina|Giratina|100/100
|-ability|p2a: Giratina|Pressure
|turn|15
|
|t:|1667191540
|switch|p2a: Smeargle|Smeargle, M, shiny|1/100
|move|p1a: Yveltal|Max Darkness|p2a: Smeargle
|-damage|p2a: Smeargle|0 fnt
|faint|p2a: Smeargle
|
|upkeep
|
|t:|1667191542
|switch|p2a: Giratina|Giratina|100/100
|-ability|p2a: Giratina|Pressure
|-end|p1a: Yveltal|Dynamax
|-heal|p1a: Yveltal|45/100|[silent]
|turn|16
|
|t:|1667191548
|move|p1a: Yveltal|Dark Pulse|p2a: Giratina
|-supereffective|p2a: Giratina
|-damage|p2a: Giratina|0 fnt
|faint|p2a: Giratina
|
|upkeep
|
|t:|1667191550
|switch|p2a: Slowbro|Slowbro, M, shiny|100/100
|turn|17
|c|☆Supplement|6-0
|
|t:|1667191558
|detailschange|p2a: Slowbro|Slowbro-Mega, M, shiny
|-mega|p2a: Slowbro|Slowbro|Slowbronite
|move|p1a: Yveltal|Dark Pulse|p2a: Slowbro
|-supereffective|p2a: Slowbro
|-damage|p2a: Slowbro|0 fnt
|faint|p2a: Slowbro
|
|win|Supplement
|raw|Supplement's rating: 1509 &rarr; <strong>1526</strong><br />(+17 for winning)
|raw|zepp_R's rating: 1464 &rarr; <strong>1447</strong><br />(-17 for losing)
|c|☆zepp_R|lol because it matters?
|l|☆zepp_R
|c|☆Supplement|does it?
