|j|☆octskill
|j|☆orange overhaul
|t:|1631461923
|gametype|singles
|player|p1|octskill|101|1217
|player|p2|orange overhaul|wallace|1165
|teamsize|p1|6
|teamsize|p2|6
|gen|8
|tier|[Gen 8] National Dex AG
|rated|
|rule|HP Percentage Mod: HP is shown in percentages
|rule|Endless Battle Clause: Forcing endless battles is banned
|clearpoke
|poke|p1|Charizard, F|
|poke|p1|Xerneas-*|
|poke|p1|Gastrodon, F|
|poke|p1|Grimmsnarl, M|
|poke|p1|Darmanitan-Galar, F|
|poke|p1|Tapu Fini|
|poke|p2|Dragapult, M|
|poke|p2|Crustle, F|
|poke|p2|Zacian-*|
|poke|p2|Dustox, F|
|poke|p2|Necrozma-Dusk-Mane|
|poke|p2|Monferno, M|
|teampreview
|inactive|Battle timer is ON: inactive players will automatically lose when time's up. (requested by orange overhaul)
|inactive|octskill has 120 seconds left.
|
|t:|1631461958
|start
|switch|p1a: Xerneas|Xerneas|100/100
|switch|p2a: Necrozma|Necrozma-Dusk-Mane|100/100
|-ability|p1a: Xerneas|Fairy Aura
|turn|1
|c|☆octskill|hf
|inactive|octskill also wants the timer to be on.
|
|t:|1631461964
|switch|p1a: Gastrodon|Gastrodon, F|100/100
|move|p2a: Necrozma|Sunsteel Strike|p1a: Gastrodon
|-resisted|p1a: Gastrodon
|-damage|p1a: Gastrodon|82/100
|
|upkeep
|turn|2
|
|t:|1631461972
|move|p2a: Necrozma|Knock Off|p1a: Gastrodon
|-damage|p1a: Gastrodon|58/100
|-enditem|p1a: Gastrodon|Rindo Berry|[from] move: Knock Off|[of] p2a: Necrozma
|move|p1a: Gastrodon|Scald|p2a: Necrozma
|-damage|p2a: Necrozma|80/100
|
|upkeep
|turn|3
|
|t:|1631461978
|move|p2a: Necrozma|Stealth Rock|p1a: Gastrodon
|-sidestart|p1: octskill|move: Stealth Rock
|move|p1a: Gastrodon|Recover|p1a: Gastrodon
|-heal|p1a: Gastrodon|100/100
|
|upkeep
|turn|4
|
|t:|1631461986
|switch|p2a: Dragapult|Dragapult, M, shiny|100/100
|move|p1a: Gastrodon|Scald|p2a: Dragapult
|-resisted|p2a: Dragapult
|-damage|p2a: Dragapult|84/100
|
|upkeep
|turn|5
|
|t:|1631462002
|move|p2a: Dragapult|Draco Meteor|p1a: Gastrodon
|-crit|p1a: Gastrodon
|-damage|p1a: Gastrodon|0 fnt
|-unboost|p2a: Dragapult|spa|2
|faint|p1a: Gastrodon
|
|upkeep
|
|t:|1631462005
|switch|p1a: Xerneas|Xerneas|100/100
|-damage|p1a: Xerneas|88/100|[from] Stealth Rock
|-ability|p1a: Xerneas|Fairy Aura
|turn|6
|
|t:|1631462012
|switch|p2a: Necrozma|Necrozma-Dusk-Mane|80/100
|move|p1a: Xerneas|Moonblast|p2a: Necrozma
|-resisted|p2a: Necrozma
|-damage|p2a: Necrozma|49/100
|
|upkeep
|turn|7
|
|t:|1631462019
|switch|p1a: tapufini|Tapu Fini|100/100
|-damage|p1a: tapufini|88/100|[from] Stealth Rock
|-fieldstart|move: Misty Terrain|[from] ability: Misty Surge|[of] p1a: tapufini
|move|p2a: Necrozma|Morning Sun|p2a: Necrozma
|-heal|p2a: Necrozma|99/100
|
|upkeep
|turn|8
|
|t:|1631462028
|move|p1a: tapufini|Whirlpool|p2a: Necrozma
|-damage|p2a: Necrozma|90/100
|-activate|p2a: Necrozma|move: Whirlpool|[of] p1a: tapufini
|move|p2a: Necrozma|Sunsteel Strike|p1a: tapufini
|-damage|p1a: tapufini|53/100
|-damage|p2a: Necrozma|73/100|[from] item: Rocky Helmet|[of] p1a: tapufini
|
|-damage|p2a: Necrozma|61/100|[from] move: Whirlpool|[partiallytrapped]
|upkeep
|turn|9
|
|t:|1631462039
|move|p1a: tapufini|Nature's Madness|p2a: Necrozma
|-damage|p2a: Necrozma|31/100
|move|p2a: Necrozma|Knock Off|p1a: tapufini
|-resisted|p1a: tapufini
|-damage|p1a: tapufini|43/100
|-damage|p2a: Necrozma|14/100|[from] item: Rocky Helmet|[of] p1a: tapufini
|-enditem|p1a: tapufini|Rocky Helmet|[from] move: Knock Off|[of] p2a: Necrozma
|
|-damage|p2a: Necrozma|2/100|[from] move: Whirlpool|[partiallytrapped]
|upkeep
|turn|10
|
|t:|1631462048
|move|p1a: tapufini|Whirlpool|p2a: Necrozma
|-damage|p2a: Necrozma|0 fnt
|faint|p2a: Necrozma
|
|upkeep
|
|t:|1631462053
|switch|p2a: Dragapult|Dragapult, M, shiny|84/100
|turn|11
|
|t:|1631462060
|move|p2a: Dragapult|Shadow Ball|p1a: tapufini
|-damage|p1a: tapufini|0 fnt
|faint|p1a: tapufini
|
|-fieldend|Misty Terrain
|upkeep
|
|t:|1631462062
|switch|p1a: darmanitangalar|Darmanitan-Galar, F|100/100
|-damage|p1a: darmanitangalar|76/100|[from] Stealth Rock
|turn|12
|
|t:|1631462074
|move|p1a: darmanitangalar|Icicle Crash|p2a: Dragapult
|-supereffective|p2a: Dragapult
|-damage|p2a: Dragapult|0 fnt
|faint|p2a: Dragapult
|
|upkeep
|
|t:|1631462078
|switch|p2a: Zacian|Zacian-Crowned|100/100
|-ability|p2a: Zacian|Intrepid Sword|boost
|-boost|p2a: Zacian|atk|1
|turn|13
|
|t:|1631462082
|move|p1a: darmanitangalar|Icicle Crash|p2a: Zacian
|-resisted|p2a: Zacian
|-damage|p2a: Zacian|68/100
|move|p2a: Zacian|Behemoth Blade|p1a: darmanitangalar
|-supereffective|p1a: darmanitangalar
|-damage|p1a: darmanitangalar|0 fnt
|faint|p1a: darmanitangalar
|
|upkeep
|
|t:|1631462084
|switch|p1a: Charizard|Charizard, F|100/100
|-damage|p1a: Charizard|51/100|[from] Stealth Rock
|turn|14
|
|t:|1631462092
|detailschange|p1a: Charizard|Charizard-Mega-X, F
|-mega|p1a: Charizard|Charizard|Charizardite X
|move|p2a: Zacian|Wild Charge|p1a: Charizard
|-resisted|p1a: Charizard
|-damage|p1a: Charizard|19/100
|-damage|p2a: Zacian|61/100|[from] Recoil
|move|p1a: Charizard|Dragon Dance|p1a: Charizard
|-boost|p1a: Charizard|atk|1
|-boost|p1a: Charizard|spe|1
|
|upkeep
|turn|15
|
|t:|1631462100
|move|p1a: Charizard|Roost|p1a: Charizard
|-heal|p1a: Charizard|69/100
|-singleturn|p1a: Charizard|move: Roost
|move|p2a: Zacian|Behemoth Blade|p1a: Charizard
|-resisted|p1a: Charizard
|-damage|p1a: Charizard|16/100
|
|upkeep
|turn|16
|
|t:|1631462106
|move|p1a: Charizard|Flare Blitz|p2a: Zacian
|-supereffective|p2a: Zacian
|-damage|p2a: Zacian|0 fnt
|faint|p2a: Zacian
|-damage|p1a: Charizard|0 fnt|[from] Recoil
|faint|p1a: Charizard
|
|upkeep
|
|t:|1631462112
|switch|p2a: Crustle|Crustle, F|100/100
|switch|p1a: Xerneas|Xerneas|88/100
|-damage|p1a: Xerneas|76/100|[from] Stealth Rock
|-ability|p1a: Xerneas|Fairy Aura
|turn|17
|
|t:|1631462123
|move|p1a: Xerneas|Moonblast|p2a: Crustle
|-ability|p2a: Crustle|Sturdy
|-damage|p2a: Crustle|1/100
|move|p2a: Crustle|Shell Smash|p2a: Crustle
|-unboost|p2a: Crustle|def|1
|-unboost|p2a: Crustle|spd|1
|-boost|p2a: Crustle|atk|2
|-boost|p2a: Crustle|spa|2
|-boost|p2a: Crustle|spe|2
|
|upkeep
|turn|18
|
|t:|1631462132
|move|p2a: Crustle|Rock Blast|p1a: Xerneas
|-damage|p1a: Xerneas|53/100
|-damage|p1a: Xerneas|30/100
|-hitcount|p1a: Xerneas|2
|move|p1a: Xerneas|Moonblast|p2a: Crustle
|-damage|p2a: Crustle|0 fnt
|faint|p2a: Crustle
|
|upkeep
|
|t:|1631462139
|switch|p2a: Dustox|Dustox, F|100/100
|turn|19
|
|t:|1631462141
|move|p1a: Xerneas|Geomancy||[still]
|-prepare|p1a: Xerneas|Geomancy
|-enditem|p1a: Xerneas|Power Herb
|-anim|p1a: Xerneas|Geomancy|p1a: Xerneas
|-boost|p1a: Xerneas|spa|2
|-boost|p1a: Xerneas|spd|2
|-boost|p1a: Xerneas|spe|2
|move|p2a: Dustox|Quiver Dance|p2a: Dustox
|-boost|p2a: Dustox|spa|1
|-boost|p2a: Dustox|spd|1
|-boost|p2a: Dustox|spe|1
|
|upkeep
|turn|20
|-activate|p2a: Dustox|item: Quick Claw
|
|t:|1631462148
|move|p2a: Dustox|Quiver Dance|p2a: Dustox
|-boost|p2a: Dustox|spa|1
|-boost|p2a: Dustox|spd|1
|-boost|p2a: Dustox|spe|1
|move|p1a: Xerneas|Moonblast|p2a: Dustox
|-resisted|p2a: Dustox
|-damage|p2a: Dustox|48/100
|
|upkeep
|turn|21
|
|t:|1631462157
|move|p1a: Xerneas|Geomancy||[still]
|-prepare|p1a: Xerneas|Geomancy
|move|p2a: Dustox|Quiver Dance|p2a: Dustox
|-boost|p2a: Dustox|spa|1
|-boost|p2a: Dustox|spd|1
|-boost|p2a: Dustox|spe|1
|
|upkeep
|turn|22
|
|t:|1631462168
|move|p1a: Xerneas|Geomancy|p1a: Xerneas|[from]lockedmove
|-boost|p1a: Xerneas|spa|2
|-boost|p1a: Xerneas|spd|2
|-boost|p1a: Xerneas|spe|2
|move|p2a: Dustox|Roost|p2a: Dustox
|-heal|p2a: Dustox|98/100
|-singleturn|p2a: Dustox|move: Roost
|
|upkeep
|turn|23
|
|t:|1631462177
|move|p1a: Xerneas|Thunderbolt|p2a: Dustox
|-damage|p2a: Dustox|37/100
|move|p2a: Dustox|Bug Buzz|p1a: Xerneas
|-resisted|p1a: Xerneas
|-crit|p1a: Xerneas
|-damage|p1a: Xerneas|0 fnt
|faint|p1a: Xerneas
|
|upkeep
|
|t:|1631462179
|switch|p1a: Grimmsnarl|Grimmsnarl, M|100/100
|-damage|p1a: Grimmsnarl|88/100|[from] Stealth Rock
|turn|24
|
|t:|1631462187
|-start|p1a: Grimmsnarl|Dynamax
|-heal|p1a: Grimmsnarl|88/100|[silent]
|move|p2a: Dustox|Roost|p2a: Dustox
|-heal|p2a: Dustox|87/100
|-singleturn|p2a: Dustox|move: Roost
|move|p1a: Grimmsnarl|Max Starfall|p2a: Dustox
|-resisted|p2a: Dustox
|-damage|p2a: Dustox|42/100
|-fieldstart|move: Misty Terrain
|
|upkeep
|turn|25
|
|t:|1631462195
|move|p1a: Grimmsnarl|Max Guard|p1a: Grimmsnarl
|-singleturn|p1a: Grimmsnarl|Max Guard
|move|p2a: Dustox|Roost|p2a: Dustox
|-heal|p2a: Dustox|92/100
|-singleturn|p2a: Dustox|move: Roost
|
|upkeep
|turn|26
|
|t:|1631462200
|move|p1a: Grimmsnarl|Max Guard||[still]
|-fail|p1a: Grimmsnarl
|move|p2a: Dustox|Quiver Dance|p2a: Dustox
|-boost|p2a: Dustox|spa|1
|-boost|p2a: Dustox|spd|1
|-boost|p2a: Dustox|spe|1
|
|-end|p1a: Grimmsnarl|Dynamax
|-heal|p1a: Grimmsnarl|88/100|[silent]
|upkeep
|turn|27
|
|t:|1631462208
|move|p1a: Grimmsnarl|Light Screen|p1a: Grimmsnarl
|-sidestart|p1: octskill|move: Light Screen
|move|p2a: Dustox|Quiver Dance|p2a: Dustox
|-boost|p2a: Dustox|spa|1
|-boost|p2a: Dustox|spd|1
|-boost|p2a: Dustox|spe|1
|
|upkeep
|turn|28
|
|t:|1631462212
|move|p2a: Dustox|Quiver Dance|p2a: Dustox
|-boost|p2a: Dustox|spa|1
|-boost|p2a: Dustox|spd|1
|-boost|p2a: Dustox|spe|1
|move|p1a: Grimmsnarl|Spirit Break|p2a: Dustox
|-resisted|p2a: Dustox
|-damage|p2a: Dustox|68/100
|
|-fieldend|Misty Terrain
|upkeep
|turn|29
|
|t:|1631462220
|move|p1a: Grimmsnarl|Reflect|p1a: Grimmsnarl
|-sidestart|p1: octskill|Reflect
|move|p2a: Dustox|Bug Buzz|p1a: Grimmsnarl
|-damage|p1a: Grimmsnarl|51/100
|
|upkeep
|turn|30
|
|t:|1631462225
|move|p1a: Grimmsnarl|Taunt|p2a: Dustox
|-start|p2a: Dustox|move: Taunt
|move|p2a: Dustox|Bug Buzz|p1a: Grimmsnarl
|-damage|p1a: Grimmsnarl|12/100
|
|upkeep
|turn|31
|
|t:|1631462230
|move|p2a: Dustox|Bug Buzz|p1a: Grimmsnarl
|-damage|p1a: Grimmsnarl|0 fnt
|faint|p1a: Grimmsnarl
|
|win|orange overhaul
|c|☆octskill|gg
|raw|octskill's rating: 1217 &rarr; <strong>1188</strong><br />(-29 for losing)
|raw|orange overhaul's rating: 1165 &rarr; <strong>1194</strong><br />(+29 for winning)
