|j|☆Black Shadow 666
|j|☆MonkeySeeMonkeyU
|t:|1655142775
|gametype|singles
|player|p1|Black Shadow 666|unknown|2017
|player|p2|MonkeySeeMonkeyU|riley|1983
|teamsize|p1|6
|teamsize|p2|6
|gen|8
|tier|[Gen 8] National Dex AG
|rated|
|rule|HP Percentage Mod: HP is shown in percentages
|rule|Endless Battle Clause: Forcing endless battles is banned
|clearpoke
|poke|p1|Rayquaza|
|poke|p1|Necrozma-Dusk-Mane|
|poke|p1|Zacian-*|
|poke|p1|Yveltal|
|poke|p1|Calyrex-Shadow|
|poke|p1|Ho-Oh|
|poke|p2|Rayquaza|
|poke|p2|Zacian-*|
|poke|p2|Groudon|
|poke|p2|Xerneas-*|
|poke|p2|Calyrex-Shadow|
|poke|p2|Aerodactyl, M|
|teampreview
|inactive|Battle timer is ON: inactive players will automatically lose when time's up. (requested by Black Shadow 666)
|j| Pokemh
|inactive|MonkeySeeMonkeyU has 120 seconds left.
|inactive|MonkeySeeMonkeyU has 90 seconds left.
|j| Mr Cleannnnnnn
|l|☆MonkeySeeMonkeyU
|inactive|MonkeySeeMonkeyU disconnected and has a minute to reconnect!
|player|p2|
|j|☆MonkeySeeMonkeyU
|inactive|MonkeySeeMonkeyU reconnected and has 60 seconds left.
|player|p2|MonkeySeeMonkeyU|riley
|c|☆MonkeySeeMonkeyU|wait
|c|☆MonkeySeeMonkeyU|why do i have aerodactyl
|
|t:|1655142886
|start
|switch|p1a: Rayquaza|Rayquaza|100/100
|switch|p2a: Aerodactyl|Aerodactyl, M, shiny|100/100
|-ability|p2a: Aerodactyl|Pressure
|-ability|p1a: Rayquaza|Air Lock
|turn|1
|c|☆MonkeySeeMonkeyU|i brought the wrong team
|c|☆MonkeySeeMonkeyU|💀
|
|t:|1655142901
|detailschange|p1a: Rayquaza|Rayquaza-Mega
|-mega|p1a: Rayquaza|Rayquaza|
|-weather|DeltaStream|[from] ability: Delta Stream|[of] p1a: Rayquaza
|move|p2a: Aerodactyl|Stealth Rock|p1a: Rayquaza
|-sidestart|p1: Black Shadow 666|move: Stealth Rock
|move|p1a: Rayquaza|Scale Shot|p2a: Aerodactyl
|-damage|p2a: Aerodactyl|67/100
|-damage|p2a: Aerodactyl|37/100
|-hitcount|p2a: Aerodactyl|2
|-unboost|p1a: Rayquaza|def|1
|-boost|p1a: Rayquaza|spe|1
|-damage|p1a: Rayquaza|91/100|[from] item: Life Orb
|
|-weather|DeltaStream|[upkeep]
|upkeep
|turn|2
|
|t:|1655142911
|move|p1a: Rayquaza|Dragon Ascent|p2a: Aerodactyl
|-resisted|p2a: Aerodactyl
|-crit|p2a: Aerodactyl
|-damage|p2a: Aerodactyl|0 fnt
|-unboost|p1a: Rayquaza|def|1
|-unboost|p1a: Rayquaza|spd|1
|faint|p2a: Aerodactyl
|-damage|p1a: Rayquaza|81/100|[from] item: Life Orb
|
|-weather|DeltaStream|[upkeep]
|upkeep
|
|t:|1655142922
|switch|p2a: Tyrone baby|Rayquaza, shiny|100/100
|-ability|p2a: Tyrone baby|Air Lock
|turn|3
|
|t:|1655142926
|-weather|none
|switch|p1a: Ho-Oh|Ho-Oh, shiny|100/100
|detailschange|p2a: Tyrone baby|Rayquaza-Mega, shiny
|-mega|p2a: Tyrone baby|Rayquaza|
|-weather|DeltaStream|[from] ability: Delta Stream|[of] p2a: Tyrone baby
|move|p2a: Tyrone baby|Dragon Dance|p2a: Tyrone baby
|-boost|p2a: Tyrone baby|atk|1
|-boost|p2a: Tyrone baby|spe|1
|
|-weather|DeltaStream|[upkeep]
|upkeep
|turn|4
|
|t:|1655142929
|move|p2a: Tyrone baby|Dragon Ascent|p1a: Ho-Oh
|-damage|p1a: Ho-Oh|0 fnt
|-unboost|p2a: Tyrone baby|def|1
|-unboost|p2a: Tyrone baby|spd|1
|faint|p1a: Ho-Oh
|-damage|p2a: Tyrone baby|91/100|[from] item: Life Orb
|
|-weather|DeltaStream|[upkeep]
|upkeep
|c| Pokemh|Huh
|c|☆MonkeySeeMonkeyU|?
|c|☆MonkeySeeMonkeyU|the dance?
|c|☆Black Shadow 666|didnt think you were orb
|inactive|Black Shadow 666 has 120 seconds left.
|c| Pokemh|+1 kills?
|c|☆MonkeySeeMonkeyU|yes
|c| Pokemh|Thats broken
|c|☆MonkeySeeMonkeyU|from orb
|c|☆Black Shadow 666|not mine
|c|☆Black Shadow 666|also nice dance
|c|☆MonkeySeeMonkeyU|i’m ada
|c|☆Black Shadow 666|predict
|c|☆MonkeySeeMonkeyU|ye i didn’t think u would sack ray
|c|☆Black Shadow 666|you couldve outright lost
|c|☆MonkeySeeMonkeyU|that early
|c|☆MonkeySeeMonkeyU|that is true
|c|☆Black Shadow 666|but now i think you win
|inactive|Black Shadow 666 has 90 seconds left.
|
|t:|1655142999
|switch|p1a: Necrozma|Necrozma-Dusk-Mane|100/100
|-damage|p1a: Necrozma|94/100|[from] Stealth Rock
|turn|5
|inactive|Black Shadow 666 has 90 seconds left.
|
|t:|1655143020
|move|p2a: Tyrone baby|Earthquake|p1a: Necrozma
|-supereffective|p1a: Necrozma
|-damage|p1a: Necrozma|16/100
|-damage|p2a: Tyrone baby|81/100|[from] item: Life Orb
|move|p1a: Necrozma|Stealth Rock|p2a: Tyrone baby
|-sidestart|p2: MonkeySeeMonkeyU|move: Stealth Rock
|
|-weather|DeltaStream|[upkeep]
|upkeep
|turn|6
|c|☆MonkeySeeMonkeyU|?
|c|☆MonkeySeeMonkeyU|ur not gonna dmax it
|
|t:|1655143042
|move|p2a: Tyrone baby|Earthquake|p1a: Necrozma
|-supereffective|p1a: Necrozma
|-damage|p1a: Necrozma|0 fnt
|faint|p1a: Necrozma
|-damage|p2a: Tyrone baby|71/100|[from] item: Life Orb
|
|-weather|DeltaStream|[upkeep]
|upkeep
|
|t:|1655143050
|switch|p1a: Calyrex|Calyrex-Shadow|100/100
|-ability|p1a: Calyrex|As One
|-ability|p1a: Calyrex|Unnerve
|-damage|p1a: Calyrex|88/100|[from] Stealth Rock
|turn|7
|c| Pokemh|I think he wanted u to v create or smthing
|
|t:|1655143055
|-start|p1a: Calyrex|Dynamax|
|-heal|p1a: Calyrex|88/100|[silent]
|move|p2a: Tyrone baby|Dragon Ascent|p1a: Calyrex
|-damage|p1a: Calyrex|0 fnt
|-unboost|p2a: Tyrone baby|def|1
|-unboost|p2a: Tyrone baby|spd|1
|faint|p1a: Calyrex
|-damage|p2a: Tyrone baby|61/100|[from] item: Life Orb
|
|-weather|DeltaStream|[upkeep]
|upkeep
|c|☆Black Shadow 666|yup gg
|c| Pokemh|Rip
|c|☆MonkeySeeMonkeyU|ggs
|
|t:|1655143065
|switch|p1a: Rayquaza|Rayquaza-Mega|81/100
|-damage|p1a: Rayquaza|56/100|[from] Stealth Rock
|turn|8
|
|t:|1655143071
|move|p2a: Tyrone baby|Extreme Speed|p1a: Rayquaza
|-damage|p1a: Rayquaza|0 fnt
|faint|p1a: Rayquaza
|-damage|p2a: Tyrone baby|51/100|[from] item: Life Orb
|
|-weather|DeltaStream|[upkeep]
|upkeep
|
|t:|1655143074
|switch|p1a: Yveltal|Yveltal|100/100
|-damage|p1a: Yveltal|76/100|[from] Stealth Rock
|-ability|p1a: Yveltal|Dark Aura
|turn|9
|
|t:|1655143080
|move|p2a: Tyrone baby|Extreme Speed|p1a: Yveltal
|-damage|p1a: Yveltal|6/100
|-damage|p2a: Tyrone baby|41/100|[from] item: Life Orb
|move|p1a: Yveltal|Oblivion Wing|p2a: Tyrone baby
|-damage|p2a: Tyrone baby|0 fnt
|-heal|p1a: Yveltal|33/100|[from] drain|[of] p2a: Tyrone baby
|faint|p2a: Tyrone baby
|-weather|none
|
|upkeep
|c|☆Black Shadow 666|destroyed
|c| Pokemh|Lorb ray best ray ig
|
|t:|1655143085
|switch|p2a: Schnaggy hoes|Zacian-Crowned|100/100
|-damage|p2a: Schnaggy hoes|94/100|[from] Stealth Rock
|-ability|p2a: Schnaggy hoes|Intrepid Sword|boost
|-boost|p2a: Schnaggy hoes|atk|1
|turn|10
|
|t:|1655143089
|move|p2a: Schnaggy hoes|Behemoth Blade|p1a: Yveltal
|-crit|p1a: Yveltal
|-damage|p1a: Yveltal|0 fnt
|faint|p1a: Yveltal
|
|upkeep
|
|t:|1655143091
|switch|p1a: Zacian|Zacian-Crowned, shiny|100/100
|-damage|p1a: Zacian|94/100|[from] Stealth Rock
|-ability|p1a: Zacian|Intrepid Sword|boost
|-boost|p1a: Zacian|atk|1
|turn|11
|
|t:|1655143093
|move|p2a: Schnaggy hoes|Behemoth Blade|p1a: Zacian
|-damage|p1a: Zacian|10/100
|move|p1a: Zacian|Behemoth Blade|p2a: Schnaggy hoes
|-damage|p2a: Schnaggy hoes|4/100
|
|upkeep
|turn|12
|
|t:|1655143096
|move|p2a: Schnaggy hoes|Behemoth Blade|p1a: Zacian
|-damage|p1a: Zacian|0 fnt
|faint|p1a: Zacian
|
|win|MonkeySeeMonkeyU
|raw|Black Shadow 666's rating: 2017 &rarr; <strong>1995</strong><br />(-22 for losing)
|raw|MonkeySeeMonkeyU's rating: 1983 &rarr; <strong>2005</strong><br />(+22 for winning)
|l|☆Black Shadow 666
