|j|☆xue7
|j|☆Obito 2001
|t:|1667746971
|gametype|singles
|player|p1|xue7|dawn|1820
|player|p2|Obito 2001|teamrocket|1905
|teamsize|p1|6
|teamsize|p2|6
|gen|8
|tier|[Gen 8] National Dex AG
|rated|
|rule|HP Percentage Mod: HP is shown in percentages
|rule|Endless Battle Clause: Forcing endless battles is banned
|clearpoke
|poke|p1|Ho-Oh|
|poke|p1|Groudon|
|poke|p1|Ferrothorn, M|
|poke|p1|Necrozma-Dusk-Mane|
|poke|p1|Zygarde|
|poke|p1|Arceus-*|
|poke|p2|Kyogre|
|poke|p2|Arceus-*|
|poke|p2|Rayquaza|
|poke|p2|Groudon|
|poke|p2|Ditto|
|poke|p2|Arceus-*|
|teampreview
|inactive|Battle timer is ON: inactive players will automatically lose when time's up. (requested by Obito 2001)
|inactive|xue7 also wants the timer to be on.
|
|t:|1667746990
|start
|switch|p1a: Zygarde|Zygarde|100/100
|switch|p2a: Rayquaza|Rayquaza|100/100
|-ability|p2a: Rayquaza|Air Lock
|turn|1
|
|t:|1667746997
|detailschange|p2a: Rayquaza|Rayquaza-Mega
|-mega|p2a: Rayquaza|Rayquaza|
|-weather|DeltaStream|[from] ability: Delta Stream|[of] p2a: Rayquaza
|move|p2a: Rayquaza|Draco Meteor|p1a: Zygarde
|-supereffective|p1a: Zygarde
|-damage|p1a: Zygarde|0 fnt
|-unboost|p2a: Rayquaza|spa|2
|faint|p1a: Zygarde
|-damage|p2a: Rayquaza|91/100|[from] item: Life Orb
|
|-weather|DeltaStream|[upkeep]
|upkeep
|inactive|xue7 has 120 seconds left.
|
|t:|1667747031
|switch|p1a: Necrozma|Necrozma-Dusk-Mane|100/100
|turn|2
|
|t:|1667747034
|-weather|none
|switch|p2a: Groudon|Groudon|100/100
|detailschange|p2a: Groudon|Groudon-Primal
|-primal|p2a: Groudon
|-weather|DesolateLand|[from] ability: Desolate Land|[of] p2a: Groudon
|move|p1a: Necrozma|Sunsteel Strike|p2a: Groudon
|-resisted|p2a: Groudon
|-damage|p2a: Groudon|84/100
|
|-weather|DesolateLand|[upkeep]
|upkeep
|turn|3
|
|t:|1667747053
|switch|p1a: Arceus|Arceus-Dark|100/100
|move|p2a: Groudon|Hone Claws|p2a: Groudon
|-boost|p2a: Groudon|atk|1
|-boost|p2a: Groudon|accuracy|1
|
|-weather|DesolateLand|[upkeep]
|upkeep
|turn|4
|
|t:|1667747058
|move|p2a: Groudon|Precipice Blades|p1a: Arceus
|-damage|p1a: Arceus|18/100
|move|p1a: Arceus|Judgment|p2a: Groudon
|-damage|p2a: Groudon|33/100
|
|-weather|DesolateLand|[upkeep]
|upkeep
|turn|5
|inactive|xue7 has 120 seconds left.
|
|t:|1667747080
|switch|p1a: Ho-Oh|Ho-Oh|100/100
|move|p2a: Groudon|Precipice Blades|p1a: Ho-Oh
|-immune|p1a: Ho-Oh
|
|-weather|DesolateLand|[upkeep]
|upkeep
|turn|6
|
|t:|1667747086
|switch|p1a: Groudon|Groudon|100/100
|detailschange|p1a: Groudon|Groudon-Primal
|-primal|p1a: Groudon
|move|p2a: Groudon|Stone Edge|p1a: Groudon
|-damage|p1a: Groudon|54/100
|
|-weather|DesolateLand|[upkeep]
|upkeep
|turn|7
|
|t:|1667747089
|move|p1a: Groudon|Precipice Blades|p2a: Groudon
|-supereffective|p2a: Groudon
|-damage|p2a: Groudon|0 fnt
|faint|p2a: Groudon
|
|-weather|DesolateLand|[upkeep]
|upkeep
|
|t:|1667747092
|switch|p2a: Rayquaza|Rayquaza-Mega|91/100
|-weather|DeltaStream|[from] ability: Delta Stream|[of] p2a: Rayquaza
|turn|8
|
|t:|1667747100
|switch|p1a: Ho-Oh|Ho-Oh|100/100
|move|p2a: Rayquaza|Earthquake|p1a: Ho-Oh
|-immune|p1a: Ho-Oh
|
|-weather|DeltaStream|[upkeep]
|upkeep
|turn|9
|
|t:|1667747104
|move|p2a: Rayquaza|Dragon Ascent|p1a: Ho-Oh
|-damage|p1a: Ho-Oh|26/100
|-unboost|p2a: Rayquaza|def|1
|-unboost|p2a: Rayquaza|spd|1
|-damage|p2a: Rayquaza|81/100|[from] item: Life Orb
|move|p1a: Ho-Oh|Sacred Fire|p2a: Rayquaza
|-resisted|p2a: Rayquaza
|-damage|p2a: Rayquaza|44/100
|
|-weather|DeltaStream|[upkeep]
|upkeep
|turn|10
|
|t:|1667747117
|switch|p1a: Necrozma|Necrozma-Dusk-Mane|100/100
|move|p2a: Rayquaza|Draco Meteor|p1a: Necrozma
|-resisted|p1a: Necrozma
|-damage|p1a: Necrozma|62/100
|-unboost|p2a: Rayquaza|spa|2
|-damage|p2a: Rayquaza|34/100|[from] item: Life Orb
|
|-weather|DeltaStream|[upkeep]
|upkeep
|turn|11
|
|t:|1667747123
|move|p2a: Rayquaza|Earthquake|p1a: Necrozma
|-supereffective|p1a: Necrozma
|-damage|p1a: Necrozma|15/100
|-damage|p2a: Rayquaza|24/100|[from] item: Life Orb
|move|p1a: Necrozma|Morning Sun|p1a: Necrozma
|-heal|p1a: Necrozma|65/100
|
|-weather|DeltaStream|[upkeep]
|upkeep
|turn|12
|
|t:|1667747126
|-weather|none
|switch|p2a: Kyogre|Kyogre|100/100
|detailschange|p2a: Kyogre|Kyogre-Primal
|-primal|p2a: Kyogre
|-weather|PrimordialSea|[from] ability: Primordial Sea|[of] p2a: Kyogre
|move|p1a: Necrozma|Morning Sun|p1a: Necrozma
|-heal|p1a: Necrozma|89/100
|
|-weather|PrimordialSea|[upkeep]
|upkeep
|turn|13
|
|t:|1667747133
|-weather|none
|switch|p2a: Rayquaza|Rayquaza-Mega|24/100
|-weather|DeltaStream|[from] ability: Delta Stream|[of] p2a: Rayquaza
|move|p1a: Necrozma|Thunder Wave|p2a: Rayquaza
|-status|p2a: Rayquaza|par
|
|-weather|DeltaStream|[upkeep]
|upkeep
|turn|14
|
|t:|1667747142
|move|p1a: Necrozma|Morning Sun|p1a: Necrozma
|-heal|p1a: Necrozma|100/100
|cant|p2a: Rayquaza|par
|
|-weather|DeltaStream|[upkeep]
|upkeep
|turn|15
|
|t:|1667747151
|-weather|none
|switch|p2a: Kyogre|Kyogre-Primal|100/100
|-weather|PrimordialSea|[from] ability: Primordial Sea|[of] p2a: Kyogre
|move|p1a: Necrozma|Sunsteel Strike|p2a: Kyogre
|-resisted|p2a: Kyogre
|-damage|p2a: Kyogre|84/100
|
|-weather|PrimordialSea|[upkeep]
|upkeep
|turn|16
|
|t:|1667747159
|switch|p1a: Groudon|Groudon-Primal|54/100
|-weather|DesolateLand|[from] ability: Desolate Land|[of] p1a: Groudon
|move|p2a: Kyogre|Surf||[still]
|-fail|p2a: Kyogre|Surf|[from] Desolate Land
|
|-weather|DesolateLand|[upkeep]
|upkeep
|turn|17
|
|t:|1667747165
|switch|p2a: Rayquaza|Rayquaza-Mega|24/100 par
|-weather|DeltaStream|[from] ability: Delta Stream|[of] p2a: Rayquaza
|move|p1a: Groudon|Precipice Blades|p2a: Rayquaza
|-immune|p2a: Rayquaza
|
|-weather|DeltaStream|[upkeep]
|upkeep
|turn|18
|
|t:|1667747171
|move|p2a: Rayquaza|Extreme Speed|p1a: Groudon
|-damage|p1a: Groudon|22/100
|-damage|p2a: Rayquaza|14/100 par|[from] item: Life Orb
|move|p1a: Groudon|Eruption|p2a: Rayquaza
|-resisted|p2a: Rayquaza
|-damage|p2a: Rayquaza|4/100 par
|
|-weather|DeltaStream|[upkeep]
|upkeep
|turn|19
|
|t:|1667747178
|switch|p1a: Ferrothorn|Ferrothorn, M|100/100
|move|p2a: Rayquaza|Earthquake|p1a: Ferrothorn
|-damage|p1a: Ferrothorn|55/100
|-damage|p2a: Rayquaza|0 fnt|[from] item: Life Orb
|faint|p2a: Rayquaza
|-weather|none
|
|-heal|p1a: Ferrothorn|61/100|[from] item: Leftovers
|upkeep
|
|t:|1667747185
|switch|p2a: Arceus|Arceus|100/100
|turn|20
|j| BuckfromGothamCity
|
|t:|1667747196
|switch|p1a: Ho-Oh|Ho-Oh|59/100
|move|p2a: Arceus|Swords Dance|p2a: Arceus
|-boost|p2a: Arceus|atk|2
|
|upkeep
|turn|21
|
|t:|1667747199
|move|p2a: Arceus|Extreme Speed|p1a: Ho-Oh
|-damage|p1a: Ho-Oh|2/100
|move|p1a: Ho-Oh|Whirlwind|p2a: Arceus
|drag|p2a: Kyogre|Kyogre-Primal|84/100
|-weather|PrimordialSea|[from] ability: Primordial Sea|[of] p2a: Kyogre
|
|-weather|PrimordialSea|[upkeep]
|upkeep
|turn|22
|
|t:|1667747205
|-weather|none
|switch|p2a: Arceus|Arceus-Fairy|100/100
|switch|p1a: Groudon|Groudon-Primal|22/100
|-weather|DesolateLand|[from] ability: Desolate Land|[of] p1a: Groudon
|
|-weather|DesolateLand|[upkeep]
|upkeep
|turn|23
|
|t:|1667747212
|-weather|none
|switch|p1a: Necrozma|Necrozma-Dusk-Mane|100/100
|move|p2a: Arceus|Judgment|p1a: Necrozma
|-resisted|p1a: Necrozma
|-damage|p1a: Necrozma|82/100
|
|upkeep
|turn|24
|
|t:|1667747215
|move|p2a: Arceus|Stealth Rock|p1a: Necrozma
|-sidestart|p1: xue7|move: Stealth Rock
|move|p1a: Necrozma|Thunder Wave|p2a: Arceus
|-status|p2a: Arceus|par
|
|upkeep
|turn|25
|
|t:|1667747221
|switch|p2a: Kyogre|Kyogre-Primal|84/100
|-weather|PrimordialSea|[from] ability: Primordial Sea|[of] p2a: Kyogre
|move|p1a: Necrozma|Stealth Rock|p2a: Kyogre
|-sidestart|p2: Obito 2001|move: Stealth Rock
|
|-weather|PrimordialSea|[upkeep]
|upkeep
|turn|26
|
|t:|1667747229
|switch|p1a: Arceus|Arceus-Dark|18/100
|-damage|p1a: Arceus|5/100|[from] Stealth Rock
|move|p2a: Kyogre|Surf|p1a: Arceus
|-damage|p1a: Arceus|0 fnt
|faint|p1a: Arceus
|
|-weather|PrimordialSea|[upkeep]
|upkeep
|
|t:|1667747231
|switch|p1a: Groudon|Groudon-Primal|22/100
|-damage|p1a: Groudon|10/100|[from] Stealth Rock
|-weather|DesolateLand|[from] ability: Desolate Land|[of] p1a: Groudon
|turn|27
|
|t:|1667747235
|switch|p2a: Arceus|Arceus-Fairy|100/100 par
|-damage|p2a: Arceus|88/100 par|[from] Stealth Rock
|move|p1a: Groudon|Precipice Blades|p2a: Arceus
|-damage|p2a: Arceus|41/100 par
|
|-weather|DesolateLand|[upkeep]
|upkeep
|turn|28
|l| BuckfromGothamCity
|
|t:|1667747241
|move|p1a: Groudon|Precipice Blades|p2a: Arceus
|-damage|p2a: Arceus|0 fnt
|faint|p2a: Arceus
|
|-weather|DesolateLand|[upkeep]
|upkeep
|
|t:|1667747248
|switch|p2a: Arceus|Arceus|100/100
|-damage|p2a: Arceus|88/100|[from] Stealth Rock
|turn|29
|
|t:|1667747253
|-weather|none
|switch|p1a: Necrozma|Necrozma-Dusk-Mane|82/100
|-damage|p1a: Necrozma|76/100|[from] Stealth Rock
|move|p2a: Arceus|Extreme Speed|p1a: Necrozma
|-resisted|p1a: Necrozma
|-damage|p1a: Necrozma|65/100
|-damage|p2a: Arceus|71/100|[from] item: Rocky Helmet|[of] p1a: Necrozma
|
|upkeep
|turn|30
|
|t:|1667747257
|switch|p2a: Kyogre|Kyogre-Primal|84/100
|-damage|p2a: Kyogre|72/100|[from] Stealth Rock
|-weather|PrimordialSea|[from] ability: Primordial Sea|[of] p2a: Kyogre
|move|p1a: Necrozma|Thunder Wave|p2a: Kyogre
|-status|p2a: Kyogre|par
|
|-weather|PrimordialSea|[upkeep]
|upkeep
|turn|31
|
|t:|1667747266
|switch|p1a: Ferrothorn|Ferrothorn, M|61/100
|-damage|p1a: Ferrothorn|55/100|[from] Stealth Rock
|move|p2a: Kyogre|Surf|p1a: Ferrothorn
|-resisted|p1a: Ferrothorn
|-damage|p1a: Ferrothorn|28/100
|
|-weather|PrimordialSea|[upkeep]
|-heal|p1a: Ferrothorn|34/100|[from] item: Leftovers
|upkeep
|turn|32
|
|t:|1667747276
|move|p2a: Kyogre|Calm Mind|p2a: Kyogre
|-boost|p2a: Kyogre|spa|1
|-boost|p2a: Kyogre|spd|1
|move|p1a: Ferrothorn|Leech Seed|p2a: Kyogre|[miss]
|-miss|p1a: Ferrothorn|p2a: Kyogre
|
|-weather|PrimordialSea|[upkeep]
|-heal|p1a: Ferrothorn|41/100|[from] item: Leftovers
|upkeep
|turn|33
|
|t:|1667747284
|-start|p1a: Ferrothorn|Dynamax|
|-heal|p1a: Ferrothorn|41/100|[silent]
|cant|p2a: Kyogre|par
|move|p1a: Ferrothorn|Max Overgrowth|p2a: Kyogre
|-supereffective|p2a: Kyogre
|-damage|p2a: Kyogre|15/100 par
|-fieldstart|move: Grassy Terrain
|
|-weather|PrimordialSea|[upkeep]
|-heal|p2a: Kyogre|21/100 par|[from] Grassy Terrain
|-heal|p1a: Ferrothorn|44/100|[from] Grassy Terrain
|-heal|p1a: Ferrothorn|47/100|[from] item: Leftovers
|upkeep
|turn|34
|
|t:|1667747297
|cant|p2a: Kyogre|par
|move|p1a: Ferrothorn|Max Overgrowth|p2a: Kyogre
|-supereffective|p2a: Kyogre
|-damage|p2a: Kyogre|0 fnt
|faint|p2a: Kyogre
|-weather|none
|
|-heal|p1a: Ferrothorn|50/100|[from] Grassy Terrain
|-heal|p1a: Ferrothorn|53/100|[from] item: Leftovers
|upkeep
|
|t:|1667747299
|switch|p2a: Arceus|Arceus|71/100
|-damage|p2a: Arceus|59/100|[from] Stealth Rock
|turn|35
|
|t:|1667747304
|move|p2a: Arceus|Swords Dance|p2a: Arceus
|-boost|p2a: Arceus|atk|2
|move|p1a: Ferrothorn|Max Overgrowth|p2a: Arceus
|-damage|p2a: Arceus|22/100
|
|-heal|p2a: Arceus|28/100|[from] Grassy Terrain
|-heal|p1a: Ferrothorn|56/100|[from] Grassy Terrain
|-heal|p1a: Ferrothorn|59/100|[from] item: Leftovers
|upkeep
|-end|p1a: Ferrothorn|Dynamax
|-heal|p1a: Ferrothorn|59/100|[silent]
|turn|36
|
|t:|1667747310
|move|p2a: Arceus|Recover|p2a: Arceus
|-heal|p2a: Arceus|78/100
|move|p1a: Ferrothorn|Leech Seed|p2a: Arceus
|-start|p2a: Arceus|move: Leech Seed
|
|-heal|p2a: Arceus|84/100|[from] Grassy Terrain
|-heal|p1a: Ferrothorn|66/100|[from] Grassy Terrain
|-heal|p1a: Ferrothorn|72/100|[from] item: Leftovers
|-damage|p2a: Arceus|71/100|[from] Leech Seed|[of] p1a: Ferrothorn
|-heal|p1a: Ferrothorn|87/100|[silent]
|upkeep
|turn|37
|j| luisYR_a
|
|t:|1667747313
|move|p2a: Arceus|Swords Dance|p2a: Arceus
|-boost|p2a: Arceus|atk|2
|move|p1a: Ferrothorn|Toxic|p2a: Arceus
|-status|p2a: Arceus|tox
|-enditem|p2a: Arceus|Lum Berry|[eat]
|-curestatus|p2a: Arceus|tox|[msg]
|
|-heal|p2a: Arceus|78/100|[from] Grassy Terrain
|-heal|p1a: Ferrothorn|94/100|[from] Grassy Terrain
|-heal|p1a: Ferrothorn|99/100|[from] item: Leftovers
|-damage|p2a: Arceus|65/100|[from] Leech Seed|[of] p1a: Ferrothorn
|-heal|p1a: Ferrothorn|100/100|[silent]
|-fieldend|move: Grassy Terrain
|upkeep
|turn|38
|
|t:|1667747320
|-start|p2a: Arceus|Dynamax|
|-heal|p2a: Arceus|65/100|[silent]
|move|p2a: Arceus|Max Phantasm|p1a: Ferrothorn
|-crit|p1a: Ferrothorn
|-damage|p1a: Ferrothorn|0 fnt
|faint|p1a: Ferrothorn
|
|upkeep
|
|t:|1667747331
|switch|p1a: Ho-Oh|Ho-Oh|35/100
|turn|39
|
|t:|1667747334
|switch|p1a: Groudon|Groudon-Primal|10/100
|-damage|p1a: Groudon|0 fnt|[from] Stealth Rock
|faint|p1a: Groudon
|move|p2a: Arceus|Max Phantasm|p1: Groudon|[notarget]
|-fail|p2a: Arceus
|
|upkeep
|
|t:|1667747337
|switch|p1a: Ho-Oh|Ho-Oh|69/100
|turn|40
|
|t:|1667747342
|move|p2a: Arceus|Max Strike|p1a: Ho-Oh
|-damage|p1a: Ho-Oh|0 fnt
|faint|p1a: Ho-Oh
|
|upkeep
|
|t:|1667747345
|switch|p1a: Necrozma|Necrozma-Dusk-Mane|65/100
|-damage|p1a: Necrozma|59/100|[from] Stealth Rock
|-end|p2a: Arceus|Dynamax
|-heal|p2a: Arceus|65/100|[silent]
|turn|41
|
|t:|1667747348
|move|p2a: Arceus|Shadow Claw|p1a: Necrozma
|-supereffective|p1a: Necrozma
|-damage|p1a: Necrozma|0 fnt
|-damage|p2a: Arceus|48/100|[from] item: Rocky Helmet|[of] p1a: Necrozma
|faint|p1a: Necrozma
|
|win|Obito 2001
|raw|xue7's rating: 1820 &rarr; <strong>1805</strong><br />(-15 for losing)
|raw|Obito 2001's rating: 1905 &rarr; <strong>1920</strong><br />(+15 for winning)
|l|☆xue7
|l| luisYR_a
