|j|☆Mobmobmob
|j|☆the thin mints lad
|t:|1655892354
|gametype|singles
|player|p1|Mobmobmob|pokekid|1218
|player|p2|the thin mints lad|picnicker|1281
|teamsize|p1|6
|teamsize|p2|6
|gen|8
|tier|[Gen 8] National Dex AG
|rated|
|rule|HP Percentage Mod: HP is shown in percentages
|rule|Endless Battle Clause: Forcing endless battles is banned
|clearpoke
|poke|p1|Rayquaza|
|poke|p1|Magearna|
|poke|p1|Urshifu-*, F|
|poke|p1|Calyrex-Shadow|
|poke|p1|Groudon|
|poke|p1|Thundurus, M|
|poke|p2|Ditto|
|poke|p2|Nihilego|
|poke|p2|Marshadow|
|poke|p2|Espeon, M|
|poke|p2|Blaziken, M|
|poke|p2|Kangaskhan, F|
|teampreview
|
|t:|1655892365
|start
|switch|p1a: Urshifu|Urshifu, F|100/100
|switch|p2a: le wall|Espeon, M|100/100
|turn|1
|
|t:|1655892371
|move|p1a: Urshifu|Wicked Blow|p2a: le wall
|-supereffective|p2a: le wall
|-crit|p2a: le wall
|-damage|p2a: le wall|0 fnt
|faint|p2a: le wall
|
|upkeep
|
|t:|1655892376
|switch|p2a: KfcMakesMeStronk|Blaziken, M|100/100
|turn|2
|
|t:|1655892379
|move|p1a: Urshifu|Wicked Blow|p2a: KfcMakesMeStronk
|-resisted|p2a: KfcMakesMeStronk
|-crit|p2a: KfcMakesMeStronk
|-damage|p2a: KfcMakesMeStronk|58/100
|move|p2a: KfcMakesMeStronk|Bulk Up|p2a: KfcMakesMeStronk
|-boost|p2a: KfcMakesMeStronk|atk|1
|-boost|p2a: KfcMakesMeStronk|def|1
|
|-heal|p2a: KfcMakesMeStronk|64/100|[from] item: Leftovers
|-ability|p2a: KfcMakesMeStronk|Speed Boost|boost
|-boost|p2a: KfcMakesMeStronk|spe|1
|upkeep
|turn|3
|
|t:|1655892388
|move|p1a: Urshifu|Wicked Blow|p2a: KfcMakesMeStronk
|-resisted|p2a: KfcMakesMeStronk
|-crit|p2a: KfcMakesMeStronk
|-damage|p2a: KfcMakesMeStronk|18/100
|move|p2a: KfcMakesMeStronk|High Jump Kick|p1a: Urshifu
|-supereffective|p1a: Urshifu
|-damage|p1a: Urshifu|0 fnt
|faint|p1a: Urshifu
|
|-heal|p2a: KfcMakesMeStronk|24/100|[from] item: Leftovers
|-ability|p2a: KfcMakesMeStronk|Speed Boost|boost
|-boost|p2a: KfcMakesMeStronk|spe|1
|upkeep
|
|t:|1655892404
|switch|p1a: Calyrex|Calyrex-Shadow|100/100
|-ability|p1a: Calyrex|As One
|-ability|p1a: Calyrex|Unnerve
|turn|4
|
|t:|1655892411
|move|p2a: KfcMakesMeStronk|Protect|p2a: KfcMakesMeStronk
|-singleturn|p2a: KfcMakesMeStronk|Protect
|move|p1a: Calyrex|Psyshock|p2a: KfcMakesMeStronk
|-activate|p2a: KfcMakesMeStronk|move: Protect
|
|-heal|p2a: KfcMakesMeStronk|30/100|[from] item: Leftovers
|-ability|p2a: KfcMakesMeStronk|Speed Boost|boost
|-boost|p2a: KfcMakesMeStronk|spe|1
|upkeep
|turn|5
|
|t:|1655892419
|move|p2a: KfcMakesMeStronk|Baton Pass|p2a: KfcMakesMeStronk
|
|t:|1655892420
|switch|p2a: josh|Kangaskhan, F|100/100|[from]move: Baton Pass
|move|p1a: Calyrex|Psyshock|p2a: josh
|-damage|p2a: josh|60/100
|
|upkeep
|turn|6
|
|t:|1655892428
|switch|p1a: Magearna|Magearna|100/100
|move|p2a: josh|Return|p1a: Magearna
|-resisted|p1a: Magearna
|-damage|p1a: Magearna|70/100
|
|-heal|p1a: Magearna|76/100|[from] item: Leftovers
|upkeep
|turn|7
|
|t:|1655892439
|detailschange|p2a: josh|Kangaskhan-Mega, F
|-mega|p2a: josh|Kangaskhan|Kangaskhanite
|move|p2a: josh|Fire Punch|p1a: Magearna
|-supereffective|p1a: Magearna
|-damage|p1a: Magearna|0 fnt
|faint|p1a: Magearna
|-hitcount|p1: Magearna|1
|
|upkeep
|
|t:|1655892449
|switch|p1a: Groudon|Groudon|100/100
|detailschange|p1a: Groudon|Groudon-Primal
|-primal|p1a: Groudon
|-weather|DesolateLand|[from] ability: Desolate Land|[of] p1a: Groudon
|turn|8
|
|t:|1655892456
|move|p2a: josh|Return|p1a: Groudon
|-damage|p1a: Groudon|45/100
|-damage|p1a: Groudon|32/100
|-hitcount|p1a: Groudon|2
|move|p1a: Groudon|Fire Punch|p2a: josh
|-damage|p2a: josh|10/100
|
|-weather|DesolateLand|[upkeep]
|upkeep
|turn|9
|
|t:|1655892463
|move|p2a: josh|Return|p1a: Groudon
|-damage|p1a: Groudon|0 fnt
|faint|p1a: Groudon
|-weather|none
|-hitcount|p1: Groudon|1
|
|upkeep
|
|t:|1655892469
|switch|p1a: Rayquaza|Rayquaza|100/100
|-ability|p1a: Rayquaza|Air Lock
|turn|10
|
|t:|1655892476
|detailschange|p1a: Rayquaza|Rayquaza-Mega
|-mega|p1a: Rayquaza|Rayquaza|
|-weather|DeltaStream|[from] ability: Delta Stream|[of] p1a: Rayquaza
|move|p2a: josh|Ice Punch|p1a: Rayquaza
|-activate||deltastream
|-supereffective|p1a: Rayquaza
|-damage|p1a: Rayquaza|29/100
|-activate||deltastream
|-supereffective|p1a: Rayquaza
|-damage|p1a: Rayquaza|11/100
|-hitcount|p1a: Rayquaza|2
|move|p1a: Rayquaza|Dragon Claw|p2a: josh
|-damage|p2a: josh|0 fnt
|faint|p2a: josh
|
|-weather|DeltaStream|[upkeep]
|upkeep
|
|t:|1655892479
|switch|p2a: Yoinker|Marshadow|100/100
|turn|11
|
|t:|1655892490
|move|p2a: Yoinker|Shadow Sneak|p1a: Rayquaza
|-damage|p1a: Rayquaza|0 fnt
|faint|p1a: Rayquaza
|-weather|none
|
|upkeep
|
|t:|1655892493
|switch|p1a: Thundurus|Thundurus, M|100/100
|turn|12
|c|☆the thin mints lad|gg ez.
|
|t:|1655892502
|switch|p2a: SquidwardOnCrack|Nihilego, shiny|100/100
|move|p1a: Thundurus|Thunder Wave|p2a: SquidwardOnCrack
|-status|p2a: SquidwardOnCrack|par
|
|upkeep
|turn|13
|c|☆Mobmobmob|congrats
|
|t:|1655892511
|move|p1a: Thundurus|Thunderbolt|p2a: SquidwardOnCrack
|-damage|p2a: SquidwardOnCrack|60/100 par
|move|p2a: SquidwardOnCrack|Meteor Beam||[still]
|-prepare|p2a: SquidwardOnCrack|Meteor Beam
|-boost|p2a: SquidwardOnCrack|spa|1
|-enditem|p2a: SquidwardOnCrack|Power Herb
|-anim|p2a: SquidwardOnCrack|Meteor Beam|p1a: Thundurus|[miss]
|-miss|p2a: SquidwardOnCrack|p1a: Thundurus
|
|upkeep
|turn|14
|
|t:|1655892521
|move|p1a: Thundurus|Thunderbolt|p2a: SquidwardOnCrack
|-damage|p2a: SquidwardOnCrack|19/100 par
|cant|p2a: SquidwardOnCrack|par
|
|upkeep
|turn|15
|
|t:|1655892525
|move|p1a: Thundurus|Thunderbolt|p2a: SquidwardOnCrack
|-damage|p2a: SquidwardOnCrack|0 fnt
|faint|p2a: SquidwardOnCrack
|
|upkeep
|inactive|Battle timer is ON: inactive players will automatically lose when time's up. (requested by Mobmobmob)
|
|t:|1655892529
|switch|p2a: legend's fear|Ditto|100/100
|-transform|p2a: legend's fear|p1a: Thundurus|[from] ability: Imposter
|turn|16
|
|t:|1655892540
|-start|p1a: Thundurus|Dynamax|
|-heal|p1a: Thundurus|100/100|[silent]
|move|p2a: legend's fear|Thunderbolt|p1a: Thundurus
|-damage|p1a: Thundurus|69/100
|move|p1a: Thundurus|Max Hailstorm|p2a: legend's fear
|-supereffective|p2a: legend's fear
|-damage|p2a: legend's fear|0 fnt
|-weather|Hail
|faint|p2a: legend's fear
|
|-weather|Hail|[upkeep]
|-damage|p1a: Thundurus|66/100|[from] Hail
|upkeep
|-message|the thin mints lad forfeited.
|
|win|Mobmobmob
|raw|Mobmobmob's rating: 1218 &rarr; <strong>1247</strong><br />(+29 for winning)
|raw|the thin mints lad's rating: 1281 &rarr; <strong>1252</strong><br />(-29 for losing)
|l|☆the thin mints lad
|c|☆Mobmobmob|ez
|l|☆Mobmobmob
|j| murali minnal
