|j|☆carrier ant attack
|j|☆chopforce8
|t:|1642071942
|gametype|singles
|player|p1|carrier ant attack|lusamine-nihilego|1710
|player|p2|chopforce8|red|1809
|teamsize|p1|6
|teamsize|p2|6
|gen|8
|tier|[Gen 8] National Dex AG
|rated|
|rule|HP Percentage Mod: HP is shown in percentages
|rule|Endless Battle Clause: Forcing endless battles is banned
|clearpoke
|poke|p1|Calyrex-Ice|
|poke|p1|Melmetal|
|poke|p1|Necrozma-Dusk-Mane|
|poke|p1|Hatterene, F|
|poke|p1|Rayquaza|
|poke|p1|Tyranitar, F|
|poke|p2|Yveltal|
|poke|p2|Diancie|
|poke|p2|Calyrex-Shadow|
|poke|p2|Zacian-*|
|poke|p2|Ditto|
|poke|p2|Arceus-*|
|teampreview
|
|t:|1642071955
|start
|switch|p1a: Melmetal|Melmetal|100/100
|switch|p2a: Voldemort|Yveltal|100/100
|-ability|p2a: Voldemort|Dark Aura
|turn|1
|
|t:|1642071968
|switch|p1a: Tyranitar|Tyranitar, F|100/100
|-weather|Sandstorm|[from] ability: Sand Stream|[of] p1a: Tyranitar
|-start|p2a: Voldemort|Dynamax
|-heal|p2a: Voldemort|100/100|[silent]
|move|p2a: Voldemort|Max Darkness|p1a: Tyranitar
|-resisted|p1a: Tyranitar
|-damage|p1a: Tyranitar|75/100
|-unboost|p1a: Tyranitar|spd|1
|-damage|p2a: Voldemort|96/100|[from] item: Life Orb
|
|-weather|Sandstorm|[upkeep]
|-damage|p2a: Voldemort|92/100|[from] Sandstorm
|-heal|p1a: Tyranitar|82/100|[from] item: Leftovers
|upkeep
|turn|2
|
|t:|1642071984
|move|p2a: Voldemort|Max Darkness|p1a: Tyranitar
|-resisted|p1a: Tyranitar
|-damage|p1a: Tyranitar|47/100
|-unboost|p1a: Tyranitar|spd|1
|-damage|p2a: Voldemort|88/100|[from] item: Life Orb
|move|p1a: Tyranitar|Stealth Rock|p2a: Voldemort
|-sidestart|p2: chopforce8|move: Stealth Rock
|
|-weather|Sandstorm|[upkeep]
|-damage|p2a: Voldemort|84/100|[from] Sandstorm
|-heal|p1a: Tyranitar|53/100|[from] item: Leftovers
|upkeep
|turn|3
|
|t:|1642072000
|move|p2a: Voldemort|Max Darkness|p1a: Tyranitar
|-resisted|p1a: Tyranitar
|-damage|p1a: Tyranitar|8/100
|-unboost|p1a: Tyranitar|spd|1
|-damage|p2a: Voldemort|80/100|[from] item: Life Orb
|move|p1a: Tyranitar|Rock Tomb|p2a: Voldemort
|-supereffective|p2a: Voldemort
|-damage|p2a: Voldemort|53/100
|-unboost|p2a: Voldemort|spe|1
|
|-weather|Sandstorm|[upkeep]
|-damage|p2a: Voldemort|49/100|[from] Sandstorm
|-heal|p1a: Tyranitar|14/100|[from] item: Leftovers
|-end|p2a: Voldemort|Dynamax
|-heal|p2a: Voldemort|50/100|[silent]
|upkeep
|turn|4
|c|☆carrier ant attack|three?
|c|☆carrier ant attack|three max darknesses?
|
|t:|1642072015
|move|p2a: Voldemort|Oblivion Wing|p1a: Tyranitar
|-resisted|p1a: Tyranitar
|-damage|p1a: Tyranitar|0 fnt
|-heal|p2a: Voldemort|60/100|[from] drain|[of] p1a: Tyranitar
|faint|p1a: Tyranitar
|-damage|p2a: Voldemort|50/100|[from] item: Life Orb
|
|-weather|Sandstorm|[upkeep]
|-damage|p2a: Voldemort|44/100|[from] Sandstorm
|upkeep
|
|t:|1642072025
|switch|p1a: Rayquaza|Rayquaza|100/100
|-ability|p1a: Rayquaza|Air Lock
|turn|5
|
|t:|1642072040
|detailschange|p1a: Rayquaza|Rayquaza-Mega
|-mega|p1a: Rayquaza|Rayquaza|
|-weather|DeltaStream|[from] ability: Delta Stream|[of] p1a: Rayquaza
|move|p2a: Voldemort|Sucker Punch|p1a: Rayquaza
|-damage|p1a: Rayquaza|40/100
|-damage|p2a: Voldemort|34/100|[from] item: Life Orb
|move|p1a: Rayquaza|V-create|p2a: Voldemort
|-damage|p2a: Voldemort|0 fnt
|-unboost|p1a: Rayquaza|spe|1
|-unboost|p1a: Rayquaza|def|1
|-unboost|p1a: Rayquaza|spd|1
|faint|p2a: Voldemort
|-damage|p1a: Rayquaza|30/100|[from] item: Life Orb
|
|-weather|DeltaStream|[upkeep]
|upkeep
|
|t:|1642072056
|switch|p2a: Professorquirrel|Calyrex-Shadow|100/100
|-ability|p2a: Professorquirrel|As One
|-ability|p2a: Professorquirrel|Unnerve
|-damage|p2a: Professorquirrel|88/100|[from] Stealth Rock
|turn|6
|c|☆carrier ant attack|why don't we just give up
|
|t:|1642072063
|move|p2a: Professorquirrel|Astral Barrage|p1a: Rayquaza
|-damage|p1a: Rayquaza|0 fnt
|faint|p1a: Rayquaza
|-weather|none
|-ability|p2a: Professorquirrel|Grim Neigh|boost
|-boost|p2a: Professorquirrel|spa|1
|
|upkeep
|
|t:|1642072070
|switch|p1a: Hatterene|Hatterene, F|100/100
|turn|7
|
|t:|1642072073
|move|p2a: Professorquirrel|Substitute|p2a: Professorquirrel
|-start|p2a: Professorquirrel|Substitute
|-damage|p2a: Professorquirrel|63/100
|move|p1a: Hatterene|Trick Room|p1a: Hatterene
|-fieldstart|move: Trick Room|[of] p1a: Hatterene
|
|upkeep
|turn|8
|
|t:|1642072080
|move|p1a: Hatterene|Healing Wish|p1a: Hatterene
|faint|p1a: Hatterene
|move|p2a: Professorquirrel|Baton Pass|p2a: Professorquirrel
|
|t:|1642072088
|switch|p2a: Harry Potter|Diancie|100/100|[from]move: Baton Pass
|-damage|p2a: Harry Potter|88/100|[from] Stealth Rock
|
|upkeep
|
|t:|1642072094
|switch|p1a: Melmetal|Melmetal|100/100
|turn|9
|c|☆carrier ant attack|ok you got the worst choice
|c|☆carrier ant attack|that's like the worst thing you could've chosen
|
|t:|1642072117
|detailschange|p2a: Harry Potter|Diancie-Mega
|-mega|p2a: Harry Potter|Diancie|Diancite
|move|p1a: Melmetal|Double Iron Bash|p2a: Harry Potter
|-supereffective|p2a: Harry Potter
|-end|p2a: Harry Potter|Substitute
|-supereffective|p2a: Harry Potter
|-damage|p2a: Harry Potter|0 fnt
|faint|p2a: Harry Potter
|-hitcount|p2: Harry Potter|2
|-damage|p1a: Melmetal|91/100|[from] item: Life Orb
|
|upkeep
|
|t:|1642072127
|switch|p2a: MirrorofErised|Ditto|100/100
|-damage|p2a: MirrorofErised|88/100|[from] Stealth Rock
|-transform|p2a: MirrorofErised|p1a: Melmetal|[from] ability: Imposter
|turn|10
|
|t:|1642072147
|switch|p2a: Chess Wizard|Arceus-Flying|100/100
|-damage|p2a: Chess Wizard|76/100|[from] Stealth Rock
|-start|p1a: Melmetal|Dynamax
|-heal|p1a: Melmetal|91/100|[silent]
|move|p1a: Melmetal|Max Quake|p2a: Chess Wizard
|-immune|p2a: Chess Wizard
|
|upkeep
|turn|11
|c|☆carrier ant attack|c'mon
|c|☆carrier ant attack|cut it out man
|
|t:|1642072159
|move|p1a: Melmetal|Max Lightning|p2a: Chess Wizard
|-supereffective|p2a: Chess Wizard
|-damage|p2a: Chess Wizard|0 fnt
|-fieldstart|move: Electric Terrain
|faint|p2a: Chess Wizard
|-damage|p1a: Melmetal|86/100|[from] item: Life Orb
|
|-fieldend|move: Trick Room
|upkeep
|
|t:|1642072168
|switch|p2a: Fluffy|Zacian-Crowned|100/100
|-damage|p2a: Fluffy|94/100|[from] Stealth Rock
|-ability|p2a: Fluffy|Intrepid Sword|boost
|-boost|p2a: Fluffy|atk|1
|turn|12
|
|t:|1642072173
|-end|p1a: Melmetal|Dynamax
|-heal|p1a: Melmetal|86/100|[silent]
|switch|p1a: Necrozma|Necrozma-Dusk-Mane|100/100
|move|p2a: Fluffy|Close Combat|p1a: Necrozma
|-damage|p1a: Necrozma|64/100
|-unboost|p2a: Fluffy|def|1
|-unboost|p2a: Fluffy|spd|1
|
|upkeep
|turn|13
|
|t:|1642072183
|move|p2a: Fluffy|Swords Dance|p2a: Fluffy
|-boost|p2a: Fluffy|atk|2
|move|p1a: Necrozma|Trick Room|p1a: Necrozma
|-fieldstart|move: Trick Room|[of] p1a: Necrozma
|
|upkeep
|turn|14
|
|t:|1642072191
|move|p1a: Necrozma|Sunsteel Strike|p2a: Fluffy
|-damage|p2a: Fluffy|17/100
|move|p2a: Fluffy|Close Combat|p1a: Necrozma
|-damage|p1a: Necrozma|2/100
|-unboost|p2a: Fluffy|def|1
|-unboost|p2a: Fluffy|spd|1
|-enditem|p1a: Necrozma|Sitrus Berry|[eat]
|-heal|p1a: Necrozma|27/100|[from] item: Sitrus Berry
|
|upkeep
|turn|15
|j| Azq2020❤ ^~^
|
|t:|1642072202
|switch|p2a: MirrorofErised|Ditto|88/100
|-damage|p2a: MirrorofErised|76/100|[from] Stealth Rock
|-transform|p2a: MirrorofErised|p1a: Necrozma|[from] ability: Imposter
|move|p1a: Necrozma|Sunsteel Strike|p2a: MirrorofErised
|-resisted|p2a: MirrorofErised
|-damage|p2a: MirrorofErised|58/100
|
|-fieldend|move: Electric Terrain
|upkeep
|turn|16
|
|t:|1642072218
|switch|p1a: Calyrex|Calyrex-Ice|100/100
|-ability|p1a: Calyrex|As One
|-ability|p1a: Calyrex|Unnerve
|move|p2a: MirrorofErised|Sunsteel Strike|p1a: Calyrex
|-supereffective|p1a: Calyrex
|-damage|p1a: Calyrex|41/100
|
|upkeep
|turn|17
|
|t:|1642072237
|switch|p1a: Necrozma|Necrozma-Dusk-Mane|27/100
|-heal|p1a: Necrozma|100/100|[from] move: Healing Wish
|switch|p2a: Fluffy|Zacian-Crowned|17/100
|-damage|p2a: Fluffy|11/100|[from] Stealth Rock
|-ability|p2a: Fluffy|Intrepid Sword|boost
|-boost|p2a: Fluffy|atk|1
|
|-fieldend|move: Trick Room
|upkeep
|turn|18
|
|t:|1642072250
|move|p2a: Fluffy|Close Combat|p1a: Necrozma
|-damage|p1a: Necrozma|60/100
|-unboost|p2a: Fluffy|def|1
|-unboost|p2a: Fluffy|spd|1
|move|p1a: Necrozma|Trick Room|p1a: Necrozma
|-fieldstart|move: Trick Room|[of] p1a: Necrozma
|
|upkeep
|turn|19
|
|t:|1642072259
|switch|p1a: Calyrex|Calyrex-Ice|41/100
|-ability|p1a: Calyrex|As One
|-ability|p1a: Calyrex|Unnerve
|move|p2a: Fluffy|Close Combat|p1a: Calyrex
|-damage|p1a: Calyrex|0 fnt
|-unboost|p2a: Fluffy|def|1
|-unboost|p2a: Fluffy|spd|1
|faint|p1a: Calyrex
|
|upkeep
|
|t:|1642072270
|switch|p1a: Melmetal|Melmetal|86/100
|turn|20
|c|☆carrier ant attack|ok finally
|
|t:|1642072275
|move|p1a: Melmetal|Double Iron Bash|p2a: Fluffy
|-damage|p2a: Fluffy|0 fnt
|faint|p2a: Fluffy
|-hitcount|p2: Fluffy|1
|-damage|p1a: Melmetal|76/100|[from] item: Life Orb
|
|upkeep
|
|t:|1642072288
|switch|p2a: Professorquirrel|Calyrex-Shadow|63/100
|-ability|p2a: Professorquirrel|As One
|-ability|p2a: Professorquirrel|Unnerve
|-damage|p2a: Professorquirrel|51/100|[from] Stealth Rock
|turn|21
|c|☆carrier ant attack|i have a pretty good chance of winning
|
|t:|1642072295
|switch|p2a: MirrorofErised|Ditto|58/100
|-damage|p2a: MirrorofErised|45/100|[from] Stealth Rock
|-transform|p2a: MirrorofErised|p1a: Melmetal|[from] ability: Imposter
|move|p1a: Melmetal|Double Iron Bash|p2a: MirrorofErised
|-resisted|p2a: MirrorofErised
|-damage|p2a: MirrorofErised|21/100
|-resisted|p2a: MirrorofErised
|-damage|p2a: MirrorofErised|0 fnt
|faint|p2a: MirrorofErised
|-hitcount|p2: MirrorofErised|2
|-damage|p1a: Melmetal|66/100|[from] item: Life Orb
|
|upkeep
|c|☆carrier ant attack|yes yes
|c|☆carrier ant attack|alright
|
|t:|1642072307
|switch|p2a: Professorquirrel|Calyrex-Shadow|51/100
|-ability|p2a: Professorquirrel|As One
|-ability|p2a: Professorquirrel|Unnerve
|-damage|p2a: Professorquirrel|38/100|[from] Stealth Rock
|turn|22
|c|☆carrier ant attack|finally
|
|t:|1642072314
|move|p1a: Melmetal|Double Iron Bash|p2a: Professorquirrel
|-damage|p2a: Professorquirrel|0 fnt
|faint|p2a: Professorquirrel
|-hitcount|p2: Professorquirrel|1
|-damage|p1a: Melmetal|56/100|[from] item: Life Orb
|
|win|carrier ant attack
|raw|carrier ant attack's rating: 1710 &rarr; <strong>1736</strong><br />(+26 for winning)
|raw|chopforce8's rating: 1809 &rarr; <strong>1783</strong><br />(-26 for losing)
|c|☆carrier ant attack|YES
|c|☆carrier ant attack|ahh
|c|☆chopforce8|gg
|l| Azq2020❤ ^~^
|c|☆carrier ant attack|ahh
