|j|☆Emorawr79
|j|☆trikingtri
|t:|1645587328
|gametype|singles
|player|p1|Emorawr79|ghetsis|1825
|player|p2|trikingtri|265|1796
|teamsize|p1|6
|teamsize|p2|6
|gen|8
|tier|[Gen 8] National Dex AG
|rated|
|rule|HP Percentage Mod: HP is shown in percentages
|rule|Endless Battle Clause: Forcing endless battles is banned
|clearpoke
|poke|p1|Calyrex-Shadow|
|poke|p1|Smeargle, F|
|poke|p1|Ditto|
|poke|p1|Zygarde|
|poke|p1|Necrozma-Dusk-Mane|
|poke|p1|Yveltal|
|poke|p2|Rayquaza|
|poke|p2|Yveltal|
|poke|p2|Donphan, M|
|poke|p2|Marshadow|
|poke|p2|Arceus-*|
|poke|p2|Calyrex-Shadow|
|teampreview
|inactive|Battle timer is ON: inactive players will automatically lose when time's up. (requested by trikingtri)
|
|t:|1645587338
|start
|switch|p1a: Smeargle|Smeargle, F|100/100
|switch|p2a: Yveltal|Yveltal|100/100
|-ability|p2a: Yveltal|Dark Aura
|turn|1
|
|t:|1645587341
|move|p2a: Yveltal|Taunt|p1a: Smeargle
|-start|p1a: Smeargle|move: Taunt
|cant|p1a: Smeargle|move: Taunt|Spore
|
|-ability|p1a: Smeargle|Moody|boost
|-boost|p1a: Smeargle|spa|2
|-unboost|p1a: Smeargle|def|1
|upkeep
|turn|2
|inactive|trikingtri has 120 seconds left.
|inactive|trikingtri has 90 seconds left.
|inactive|trikingtri has 60 seconds left.
|inactive|trikingtri has 30 seconds left.
|
|t:|1645587468
|move|p2a: Yveltal|Oblivion Wing|p1a: Smeargle
|-enditem|p1a: Smeargle|Focus Sash
|-damage|p1a: Smeargle|1/100
|-damage|p2a: Yveltal|91/100|[from] item: Life Orb
|move|p1a: Smeargle|Endeavor|p2a: Yveltal
|-damage|p2a: Yveltal|1/100
|
|-ability|p1a: Smeargle|Moody|boost
|-boost|p1a: Smeargle|spa|2
|-unboost|p1a: Smeargle|atk|1
|upkeep
|turn|3
|
|t:|1645587472
|move|p1a: Smeargle|Extreme Speed|p2a: Yveltal
|-damage|p2a: Yveltal|0 fnt
|faint|p2a: Yveltal
|
|-end|p1a: Smeargle|move: Taunt
|-ability|p1a: Smeargle|Moody|boost
|-boost|p1a: Smeargle|spa|2
|-unboost|p1a: Smeargle|spe|1
|upkeep
|inactive|trikingtri has 30 seconds left.
|
|t:|1645587489
|switch|p2a: Arceus|Arceus|100/100
|turn|4
|
|t:|1645587491
|move|p2a: Arceus|Extreme Speed|p1a: Smeargle
|-damage|p1a: Smeargle|0 fnt
|faint|p1a: Smeargle
|
|upkeep
|
|t:|1645587494
|switch|p1a: Necrozma|Necrozma-Dusk-Mane|100/100
|turn|5
|
|t:|1645587499
|switch|p2a: Donphan|Donphan, M|100/100
|move|p1a: Necrozma|Toxic|p2a: Donphan
|-status|p2a: Donphan|tox
|
|-damage|p2a: Donphan|94/100 tox|[from] psn
|upkeep
|turn|6
|
|t:|1645587501
|move|p2a: Donphan|Stealth Rock|p1a: Necrozma
|-sidestart|p1: Emorawr79|move: Stealth Rock
|move|p1a: Necrozma|Stealth Rock|p2a: Donphan
|-sidestart|p2: trikingtri|move: Stealth Rock
|
|-damage|p2a: Donphan|82/100 tox|[from] psn
|upkeep
|turn|7
|
|t:|1645587504
|move|p2a: Donphan|Rapid Spin|p1a: Necrozma
|-resisted|p1a: Necrozma
|-damage|p1a: Necrozma|97/100
|-boost|p2a: Donphan|spe|1
|-damage|p2a: Donphan|66/100 tox|[from] item: Rocky Helmet|[of] p1a: Necrozma
|-sideend|p2: trikingtri|Stealth Rock|[from] move: Rapid Spin|[of] p2a: Donphan
|move|p1a: Necrozma|Sunsteel Strike|p2a: Donphan
|-damage|p2a: Donphan|31/100 tox
|-enditem|p2a: Donphan|Red Card|[of] p1a: Necrozma
|drag|p1a: Yveltal|Yveltal|100/100
|-damage|p1a: Yveltal|76/100|[from] Stealth Rock
|-ability|p1a: Yveltal|Dark Aura
|
|-damage|p2a: Donphan|13/100 tox|[from] psn
|upkeep
|turn|8
|
|t:|1645587508
|move|p1a: Yveltal|Sucker Punch||[still]
|-fail|p1a: Yveltal
|move|p2a: Donphan|Toxic|p1a: Yveltal
|-status|p1a: Yveltal|tox
|
|-damage|p1a: Yveltal|70/100 tox|[from] psn
|-damage|p2a: Donphan|0 fnt|[from] psn
|faint|p2a: Donphan
|upkeep
|
|t:|1645587516
|switch|p2a: Marshadow|Marshadow|100/100
|turn|9
|
|t:|1645587518
|move|p2a: Marshadow|Close Combat|p1a: Yveltal
|-damage|p1a: Yveltal|0 fnt
|-unboost|p2a: Marshadow|def|1
|-unboost|p2a: Marshadow|spd|1
|faint|p1a: Yveltal
|-damage|p2a: Marshadow|91/100|[from] item: Life Orb
|
|upkeep
|
|t:|1645587523
|switch|p1a: Necrozma|Necrozma-Dusk-Mane|97/100
|-damage|p1a: Necrozma|91/100|[from] Stealth Rock
|turn|10
|
|t:|1645587531
|move|p2a: Marshadow|Poltergeist|p1a: Necrozma
|-activate|p1a: Necrozma|move: Poltergeist|Rocky Helmet
|-supereffective|p1a: Necrozma
|-damage|p1a: Necrozma|32/100
|-damage|p2a: Marshadow|81/100|[from] item: Life Orb
|move|p1a: Necrozma|Stealth Rock|p2a: Marshadow
|-sidestart|p2: trikingtri|move: Stealth Rock
|
|upkeep
|turn|11
|
|t:|1645587539
|move|p2a: Marshadow|Poltergeist|p1a: Necrozma|[miss]
|-miss|p2a: Marshadow|p1a: Necrozma
|move|p1a: Necrozma|Moonlight|p1a: Necrozma
|-heal|p1a: Necrozma|82/100
|
|upkeep
|turn|12
|
|t:|1645587543
|move|p2a: Marshadow|Bulk Up|p2a: Marshadow
|-boost|p2a: Marshadow|atk|1
|-boost|p2a: Marshadow|def|1
|move|p1a: Necrozma|Moonlight|p1a: Necrozma
|-heal|p1a: Necrozma|100/100
|
|upkeep
|turn|13
|
|t:|1645587545
|move|p2a: Marshadow|Poltergeist|p1a: Necrozma
|-activate|p1a: Necrozma|move: Poltergeist|Rocky Helmet
|-supereffective|p1a: Necrozma
|-damage|p1a: Necrozma|17/100
|-damage|p2a: Marshadow|71/100|[from] item: Life Orb
|move|p1a: Necrozma|Toxic|p2a: Marshadow
|-status|p2a: Marshadow|tox
|
|-damage|p2a: Marshadow|64/100 tox|[from] psn
|upkeep
|turn|14
|
|t:|1645587553
|move|p2a: Marshadow|Poltergeist|p1a: Necrozma|[miss]
|-miss|p2a: Marshadow|p1a: Necrozma
|move|p1a: Necrozma|Moonlight|p1a: Necrozma
|-heal|p1a: Necrozma|67/100
|
|-damage|p2a: Marshadow|52/100 tox|[from] psn
|upkeep
|turn|15
|
|t:|1645587555
|move|p2a: Marshadow|Poltergeist|p1a: Necrozma
|-activate|p1a: Necrozma|move: Poltergeist|Rocky Helmet
|-supereffective|p1a: Necrozma
|-damage|p1a: Necrozma|0 fnt
|faint|p1a: Necrozma
|-damage|p2a: Marshadow|42/100 tox|[from] item: Life Orb
|
|-damage|p2a: Marshadow|23/100 tox|[from] psn
|upkeep
|
|t:|1645587559
|switch|p1a: Ditto|Ditto|100/100
|-damage|p1a: Ditto|88/100|[from] Stealth Rock
|-transform|p1a: Ditto|p2a: Marshadow|[from] ability: Imposter
|turn|16
|
|t:|1645587563
|move|p1a: Ditto|Shadow Sneak|p2a: Marshadow
|-supereffective|p2a: Marshadow
|-damage|p2a: Marshadow|0 fnt
|faint|p2a: Marshadow
|
|upkeep
|
|t:|1645587566
|switch|p2a: Arceus|Arceus|100/100
|-damage|p2a: Arceus|88/100|[from] Stealth Rock
|turn|17
|
|t:|1645587573
|switch|p2a: Calyrex|Calyrex-Shadow|100/100
|-ability|p2a: Calyrex|As One
|-ability|p2a: Calyrex|Unnerve
|-damage|p2a: Calyrex|88/100|[from] Stealth Rock
|move|p1a: Ditto|Close Combat|p2a: Calyrex
|-immune|p2a: Calyrex
|
|upkeep
|turn|18
|
|t:|1645587593
|switch|p2a: Arceus|Arceus|88/100
|-damage|p2a: Arceus|76/100|[from] Stealth Rock
|move|p1a: Ditto|Shadow Sneak|p2a: Arceus
|-immune|p2a: Arceus
|
|upkeep
|turn|19
|
|t:|1645587602
|-start|p2a: Arceus|Dynamax
|-heal|p2a: Arceus|76/100|[silent]
|move|p1a: Ditto|Close Combat|p2a: Arceus
|-supereffective|p2a: Arceus
|-enditem|p2a: Arceus|Chople Berry|[eat]
|-enditem|p2a: Arceus|Chople Berry|[weaken]
|-damage|p2a: Arceus|46/100
|-unboost|p1a: Ditto|def|1
|-unboost|p1a: Ditto|spd|1
|move|p2a: Arceus|Max Phantasm|p1a: Ditto
|-supereffective|p1a: Ditto
|-damage|p1a: Ditto|0 fnt
|faint|p1a: Ditto
|
|upkeep
|
|t:|1645587605
|switch|p1a: Zygarde|Zygarde|100/100
|-damage|p1a: Zygarde|94/100|[from] Stealth Rock
|turn|20
|
|t:|1645587609
|move|p2a: Arceus|Max Guard|p2a: Arceus
|-singleturn|p2a: Arceus|Max Guard
|move|p1a: Zygarde|Glare|p2a: Arceus
|-activate|p2a: Arceus|move: Max Guard
|
|-heal|p1a: Zygarde|100/100|[from] item: Leftovers
|upkeep
|turn|21
|
|t:|1645587614
|move|p2a: Arceus|Max Phantasm|p1a: Zygarde
|-damage|p1a: Zygarde|78/100
|-unboost|p1a: Zygarde|def|1
|move|p1a: Zygarde|Substitute|p1a: Zygarde
|-start|p1a: Zygarde|Substitute
|-damage|p1a: Zygarde|53/100
|
|-heal|p1a: Zygarde|59/100|[from] item: Leftovers
|-end|p2a: Arceus|Dynamax
|-heal|p2a: Arceus|46/100|[silent]
|upkeep
|turn|22
|
|t:|1645587621
|move|p2a: Arceus|Shadow Claw|p1a: Zygarde
|-activate|p1a: Zygarde|move: Substitute|[damage]
|move|p1a: Zygarde|Glare|p2a: Arceus
|-status|p2a: Arceus|par
|
|-heal|p1a: Zygarde|65/100|[from] item: Leftovers
|upkeep
|turn|23
|
|t:|1645587627
|move|p1a: Zygarde|Coil|p1a: Zygarde
|-boost|p1a: Zygarde|atk|1
|-boost|p1a: Zygarde|def|1
|-boost|p1a: Zygarde|accuracy|1
|move|p2a: Arceus|Recover|p2a: Arceus
|-heal|p2a: Arceus|96/100 par
|
|-heal|p1a: Zygarde|71/100|[from] item: Leftovers
|upkeep
|turn|24
|
|t:|1645587631
|switch|p2a: Rayquaza|Rayquaza|100/100
|-damage|p2a: Rayquaza|76/100|[from] Stealth Rock
|-ability|p2a: Rayquaza|Air Lock
|move|p1a: Zygarde|Coil|p1a: Zygarde
|-boost|p1a: Zygarde|atk|1
|-boost|p1a: Zygarde|def|1
|-boost|p1a: Zygarde|accuracy|1
|
|-heal|p1a: Zygarde|77/100|[from] item: Leftovers
|upkeep
|turn|25
|
|t:|1645587635
|detailschange|p2a: Rayquaza|Rayquaza-Mega
|-mega|p2a: Rayquaza|Rayquaza|
|-weather|DeltaStream|[from] ability: Delta Stream|[of] p2a: Rayquaza
|move|p2a: Rayquaza|Dragon Ascent|p1a: Zygarde
|-end|p1a: Zygarde|Substitute
|-unboost|p2a: Rayquaza|def|1
|-unboost|p2a: Rayquaza|spd|1
|-damage|p2a: Rayquaza|66/100|[from] item: Life Orb
|move|p1a: Zygarde|Glare|p2a: Rayquaza
|-status|p2a: Rayquaza|par
|
|-weather|DeltaStream|[upkeep]
|-heal|p1a: Zygarde|84/100|[from] item: Leftovers
|upkeep
|turn|26
|
|t:|1645587642
|move|p1a: Zygarde|Substitute|p1a: Zygarde
|-start|p1a: Zygarde|Substitute
|-damage|p1a: Zygarde|59/100
|cant|p2a: Rayquaza|par
|
|-weather|DeltaStream|[upkeep]
|-heal|p1a: Zygarde|65/100|[from] item: Leftovers
|upkeep
|turn|27
|
|t:|1645587647
|move|p1a: Zygarde|Coil|p1a: Zygarde
|-boost|p1a: Zygarde|atk|1
|-boost|p1a: Zygarde|def|1
|-boost|p1a: Zygarde|accuracy|1
|move|p2a: Rayquaza|Dragon Ascent|p1a: Zygarde
|-end|p1a: Zygarde|Substitute
|-unboost|p2a: Rayquaza|def|1
|-unboost|p2a: Rayquaza|spd|1
|-damage|p2a: Rayquaza|56/100 par|[from] item: Life Orb
|
|-weather|DeltaStream|[upkeep]
|-heal|p1a: Zygarde|71/100|[from] item: Leftovers
|upkeep
|turn|28
|
|t:|1645587654
|move|p1a: Zygarde|Substitute|p1a: Zygarde
|-start|p1a: Zygarde|Substitute
|-damage|p1a: Zygarde|46/100
|move|p2a: Rayquaza|Dragon Ascent|p1a: Zygarde
|-end|p1a: Zygarde|Substitute
|-unboost|p2a: Rayquaza|def|1
|-unboost|p2a: Rayquaza|spd|1
|-damage|p2a: Rayquaza|46/100 par|[from] item: Life Orb
|
|-weather|DeltaStream|[upkeep]
|-heal|p1a: Zygarde|52/100|[from] item: Leftovers
|upkeep
|turn|29
|
|t:|1645587660
|-weather|none
|switch|p2a: Calyrex|Calyrex-Shadow|88/100
|-ability|p2a: Calyrex|As One
|-ability|p2a: Calyrex|Unnerve
|-damage|p2a: Calyrex|76/100|[from] Stealth Rock
|move|p1a: Zygarde|Substitute|p1a: Zygarde
|-start|p1a: Zygarde|Substitute
|-damage|p1a: Zygarde|27/100
|
|-heal|p1a: Zygarde|33/100|[from] item: Leftovers
|-activate|p1a: Zygarde|ability: Power Construct
|detailschange|p1a: Zygarde|Zygarde-Complete
|-heal|p1a: Zygarde|56/100|[silent]
|upkeep
|turn|30
|
|t:|1645587664
|move|p2a: Calyrex|Astral Barrage|p1a: Zygarde
|-end|p1a: Zygarde|Substitute
|move|p1a: Zygarde|Glare|p2a: Calyrex
|-status|p2a: Calyrex|par
|
|-heal|p1a: Zygarde|62/100|[from] item: Leftovers
|upkeep
|turn|31
|
|t:|1645587669
|-start|p1a: Zygarde|Dynamax
|-heal|p1a: Zygarde|62/100|[silent]
|move|p2a: Calyrex|Astral Barrage|p1a: Zygarde
|-damage|p1a: Zygarde|41/100
|move|p1a: Zygarde|Max Quake|p2a: Calyrex
|-damage|p2a: Calyrex|0 fnt
|-boost|p1a: Zygarde|spd|1
|faint|p2a: Calyrex
|
|-heal|p1a: Zygarde|44/100|[from] item: Leftovers
|upkeep
|
|t:|1645587682
|switch|p2a: Arceus|Arceus|96/100 par
|-damage|p2a: Arceus|83/100 par|[from] Stealth Rock
|turn|32
|
|t:|1645587684
|move|p2a: Arceus|Extreme Speed|p1a: Zygarde
|-damage|p1a: Zygarde|40/100
|move|p1a: Zygarde|Max Quake|p2a: Arceus
|-damage|p2a: Arceus|9/100 par
|-boost|p1a: Zygarde|spd|1
|
|-heal|p1a: Zygarde|43/100|[from] item: Leftovers
|upkeep
|turn|33
|
|t:|1645587687
|move|p2a: Arceus|Extreme Speed|p1a: Zygarde
|-damage|p1a: Zygarde|39/100
|move|p1a: Zygarde|Max Quake|p2a: Arceus
|-damage|p2a: Arceus|0 fnt
|-boost|p1a: Zygarde|spd|1
|faint|p2a: Arceus
|
|-heal|p1a: Zygarde|42/100|[from] item: Leftovers
|-end|p1a: Zygarde|Dynamax
|-heal|p1a: Zygarde|42/100|[silent]
|upkeep
|c|☆Emorawr79|Ggs
|
|t:|1645587705
|switch|p2a: Rayquaza|Rayquaza-Mega|46/100 par
|-damage|p2a: Rayquaza|21/100 par|[from] Stealth Rock
|-weather|DeltaStream|[from] ability: Delta Stream|[of] p2a: Rayquaza
|turn|34
|
|t:|1645587708
|move|p1a: Zygarde|Thousand Arrows|p2a: Rayquaza
|-damage|p2a: Rayquaza|0 fnt
|faint|p2a: Rayquaza
|-weather|none
|
|win|Emorawr79
|raw|Emorawr79's rating: 1825 &rarr; <strong>1843</strong><br />(+18 for winning)
|raw|trikingtri's rating: 1796 &rarr; <strong>1778</strong><br />(-18 for losing)
|l|☆Emorawr79
|c|☆trikingtri|Gg
||Ladder isn't responding, score probably updated but might not have (Request timeout).
|j| 09-10a
