|j|☆dudb
|j|☆ultra.beastsss
|t:|1631030442
|gametype|singles
|player|p1|dudb|102|1628
|player|p2|ultra.beastsss|brycenman|1528
|teamsize|p1|6
|teamsize|p2|6
|gen|8
|tier|[Gen 8] National Dex AG
|rated|
|rule|HP Percentage Mod: HP is shown in percentages
|rule|Endless Battle Clause: Forcing endless battles is banned
|clearpoke
|poke|p1|Kangaskhan, F|
|poke|p1|Marshadow|
|poke|p1|Groudon|
|poke|p1|Hippowdon, M|
|poke|p1|Ho-Oh|
|poke|p1|Arceus-*|
|poke|p2|Arceus-*|
|poke|p2|Calyrex-Shadow|
|poke|p2|Zacian-*|
|poke|p2|Kyogre|
|poke|p2|Regieleki|
|poke|p2|Necrozma-Dusk-Mane|
|teampreview
|inactive|Battle timer is ON: inactive players will automatically lose when time's up. (requested by ultra.beastsss)
|j| Dynamight-kun‽
|inactive|ultra.beastsss has 120 seconds left.
|
|t:|1631030477
|start
|switch|p1a: Kangaskhan|Kangaskhan, F|100/100
|switch|p2a: Necrozma|Necrozma-Dusk-Mane|100/100
|turn|1
|
|t:|1631030487
|move|p1a: Kangaskhan|Fake Out|p2a: Necrozma
|-resisted|p2a: Necrozma
|-damage|p2a: Necrozma|96/100
|cant|p2a: Necrozma|flinch
|
|upkeep
|turn|2
|
|t:|1631030493
|detailschange|p1a: Kangaskhan|Kangaskhan-Mega, F
|-mega|p1a: Kangaskhan|Kangaskhan|Kangaskhanite
|move|p1a: Kangaskhan|Seismic Toss|p2a: Necrozma
|-damage|p2a: Necrozma|71/100
|-damage|p2a: Necrozma|45/100
|-hitcount|p2a: Necrozma|2
|move|p2a: Necrozma|Dragon Dance|p2a: Necrozma
|-boost|p2a: Necrozma|atk|1
|-boost|p2a: Necrozma|spe|1
|
|upkeep
|turn|3
|
|t:|1631030503
|move|p1a: Kangaskhan|Sucker Punch|p2a: Necrozma
|-supereffective|p2a: Necrozma
|-damage|p2a: Necrozma|26/100
|-enditem|p2a: Necrozma|Weakness Policy
|-boost|p2a: Necrozma|atk|2|[from] item: Weakness Policy
|-boost|p2a: Necrozma|spa|2|[from] item: Weakness Policy
|-supereffective|p2a: Necrozma
|-damage|p2a: Necrozma|20/100
|-hitcount|p2a: Necrozma|2
|move|p2a: Necrozma|Sunsteel Strike|p1a: Kangaskhan
|-damage|p1a: Kangaskhan|0 fnt
|faint|p1a: Kangaskhan
|
|upkeep
|
|t:|1631030514
|switch|p1a: Marshadow|Marshadow|100/100
|turn|4
|
|t:|1631030520
|switch|p2a: Arceus|Arceus-Grass|100/100
|move|p1a: Marshadow|Spectral Thief|p2a: Arceus
|-damage|p2a: Arceus|66/100
|
|upkeep
|turn|5
|
|t:|1631030529
|move|p1a: Marshadow|Close Combat|p2a: Arceus
|-damage|p2a: Arceus|19/100
|-unboost|p1a: Marshadow|def|1
|-unboost|p1a: Marshadow|spd|1
|move|p2a: Arceus|Earthquake|p1a: Marshadow
|-damage|p1a: Marshadow|30/100
|
|upkeep
|turn|6
|
|t:|1631030539
|move|p1a: Marshadow|Shadow Sneak|p2a: Arceus
|-damage|p2a: Arceus|0 fnt
|faint|p2a: Arceus
|
|upkeep
|
|t:|1631030558
|switch|p2a: Necrozma|Necrozma-Dusk-Mane|20/100
|turn|7
|
|t:|1631030565
|move|p1a: Marshadow|Shadow Sneak|p2a: Necrozma
|-supereffective|p2a: Necrozma
|-crit|p2a: Necrozma
|-damage|p2a: Necrozma|0 fnt
|faint|p2a: Necrozma
|
|upkeep
|
|t:|1631030573
|switch|p2a: Kyogre|Kyogre|100/100
|detailschange|p2a: Kyogre|Kyogre-Primal
|-primal|p2a: Kyogre
|-weather|PrimordialSea|[from] ability: Primordial Sea|[of] p2a: Kyogre
|turn|8
|
|t:|1631030580
|move|p1a: Marshadow|Close Combat|p2a: Kyogre
|-damage|p2a: Kyogre|36/100
|-unboost|p1a: Marshadow|def|1
|-unboost|p1a: Marshadow|spd|1
|move|p2a: Kyogre|Aqua Tail|p1a: Marshadow
|-crit|p1a: Marshadow
|-damage|p1a: Marshadow|0 fnt
|faint|p1a: Marshadow
|
|-weather|PrimordialSea|[upkeep]
|upkeep
|inactive|dudb has 120 seconds left.
|
|t:|1631030621
|switch|p1a: Groudon|Groudon|100/100
|detailschange|p1a: Groudon|Groudon-Primal
|-primal|p1a: Groudon
|-weather|DesolateLand|[from] ability: Desolate Land|[of] p1a: Groudon
|turn|9
|
|t:|1631030627
|move|p2a: Kyogre|Earthquake|p1a: Groudon
|-supereffective|p1a: Groudon
|-damage|p1a: Groudon|48/100
|move|p1a: Groudon|Rock Polish|p1a: Groudon
|-boost|p1a: Groudon|spe|2
|
|-weather|DesolateLand|[upkeep]
|upkeep
|turn|10
|inactive|dudb has 120 seconds left.
|
|t:|1631030633
|move|p1a: Groudon|Earthquake|p2a: Kyogre
|-damage|p2a: Kyogre|0 fnt
|faint|p2a: Kyogre
|
|-weather|DesolateLand|[upkeep]
|upkeep
|
|t:|1631030643
|switch|p2a: Calyrex|Calyrex-Shadow|100/100
|-ability|p2a: Calyrex|As One
|-ability|p2a: Calyrex|Unnerve
|turn|11
|
|t:|1631030650
|move|p2a: Calyrex|Astral Barrage|p1a: Groudon
|-damage|p1a: Groudon|0 fnt
|faint|p1a: Groudon
|-weather|none
|-ability|p2a: Calyrex|Grim Neigh|boost
|-boost|p2a: Calyrex|spa|1
|
|upkeep
|
|t:|1631030657
|switch|p1a: Ho-Oh|Ho-Oh|100/100
|turn|12
|
|t:|1631030672
|move|p2a: Calyrex|Astral Barrage|p1a: Ho-Oh
|-damage|p1a: Ho-Oh|52/100
|move|p1a: Ho-Oh|Sacred Fire|p2a: Calyrex
|-damage|p2a: Calyrex|48/100
|
|upkeep
|turn|13
|
|t:|1631030683
|move|p2a: Calyrex|Astral Barrage|p1a: Ho-Oh
|-damage|p1a: Ho-Oh|0 fnt
|faint|p1a: Ho-Oh
|-ability|p2a: Calyrex|Grim Neigh|boost
|-boost|p2a: Calyrex|spa|1
|
|upkeep
|-message|dudb forfeited.
|
|win|ultra.beastsss
|l|☆dudb
|raw|dudb's rating: 1628 &rarr; <strong>1602</strong><br />(-26 for losing)
|raw|ultra.beastsss's rating: 1527 &rarr; <strong>1553</strong><br />(+26 for winning)
