|j|☆soda49
|j|☆sheepbacon
|t:|1640385600
|gametype|singles
|player|p1|soda49|1|1608
|player|p2|sheepbacon|265|1755
|teamsize|p1|6
|teamsize|p2|6
|gen|8
|tier|[Gen 8] National Dex AG
|rated|
|rule|HP Percentage Mod: HP is shown in percentages
|rule|Endless Battle Clause: Forcing endless battles is banned
|clearpoke
|poke|p1|Whimsicott, F|
|poke|p1|Smeargle, F|
|poke|p1|Calyrex-Shadow|
|poke|p1|Dragonite, M|
|poke|p1|Charizard, F|
|poke|p1|Lugia|
|poke|p2|Zygarde|
|poke|p2|Groudon|
|poke|p2|Gengar, M|
|poke|p2|Arceus-*|
|poke|p2|Arceus-*|
|poke|p2|Yveltal|
|teampreview
|inactive|Battle timer is ON: inactive players will automatically lose when time's up. (requested by soda49)
|inactive|sheepbacon has 120 seconds left.
|
|t:|1640385654
|start
|switch|p1a: Charizard|Charizard, F|100/100
|switch|p2a: Gengar|Gengar, M|100/100
|turn|1
|
|t:|1640385664
|switch|p2a: Zygarde|Zygarde|100/100
|-start|p1a: Charizard|Dynamax
|-formechange|p1a: Charizard|Charizard-Gmax
|-heal|p1a: Charizard|100/100|[silent]
|move|p1a: Charizard|G-Max Wildfire|p2a: Zygarde
|-resisted|p2a: Zygarde
|-damage|p2a: Zygarde|61/100
|-sidestart|p2: sheepbacon|G-Max Wildfire
|-damage|p1a: Charizard|96/100|[from] item: Life Orb
|
|-damage|p2a: Zygarde|45/100|[from] G-Max Wildfire
|-heal|p2a: Zygarde|51/100|[from] item: Leftovers
|upkeep
|turn|2
|
|t:|1640385668
|move|p1a: Charizard|Max Airstream|p2a: Zygarde
|-damage|p2a: Zygarde|0 fnt
|-boost|p1a: Charizard|spe|1
|faint|p2a: Zygarde
|-damage|p1a: Charizard|91/100|[from] item: Life Orb
|
|upkeep
|
|t:|1640385671
|switch|p2a: Groudon|Groudon|100/100
|detailschange|p2a: Groudon|Groudon-Primal
|-primal|p2a: Groudon
|-weather|DesolateLand|[from] ability: Desolate Land|[of] p2a: Groudon
|turn|3
|
|t:|1640385678
|move|p1a: Charizard|Max Quake|p2a: Groudon
|-supereffective|p2a: Groudon
|-damage|p2a: Groudon|0 fnt
|-boost|p1a: Charizard|spd|1
|faint|p2a: Groudon
|-weather|none
|-damage|p1a: Charizard|86/100|[from] item: Life Orb
|
|-end|p1a: Charizard|Dynamax
|-formechange|p1a: Charizard|Charizard
|-heal|p1a: Charizard|86/100|[silent]
|upkeep
|
|t:|1640385688
|switch|p2a: Arceus|Arceus-Flying|100/100
|turn|4
|
|t:|1640385701
|move|p1a: Charizard|Blast Burn|p2a: Arceus
|-damage|p2a: Arceus|33/100
|-mustrecharge|p1a: Charizard
|-damage|p1a: Charizard|76/100|[from] item: Life Orb
|move|p2a: Arceus|Swords Dance|p2a: Arceus
|-boost|p2a: Arceus|atk|2
|
|-damage|p2a: Arceus|17/100|[from] G-Max Wildfire
|-sideend|p2: sheepbacon|G-Max Wildfire
|upkeep
|turn|5
|
|t:|1640385707
|cant|p1a: Charizard|recharge
|move|p2a: Arceus|Recover|p2a: Arceus
|-heal|p2a: Arceus|67/100
|
|upkeep
|turn|6
|
|t:|1640385718
|switch|p1a: Calyrex|Calyrex-Shadow|100/100
|-ability|p1a: Calyrex|As One
|-ability|p1a: Calyrex|Unnerve
|move|p2a: Arceus|Recover|p2a: Arceus
|-heal|p2a: Arceus|100/100
|
|upkeep
|turn|7
|
|t:|1640385727
|switch|p2a: Yveltal|Yveltal|100/100
|-ability|p2a: Yveltal|Dark Aura
|move|p1a: Calyrex|Nasty Plot|p1a: Calyrex
|-boost|p1a: Calyrex|spa|2
|
|upkeep
|turn|8
|
|t:|1640385730
|move|p1a: Calyrex|Nasty Plot|p1a: Calyrex
|-boost|p1a: Calyrex|spa|2
|move|p2a: Yveltal|Snarl|p1a: Calyrex
|-supereffective|p1a: Calyrex
|-enditem|p1a: Calyrex|Focus Sash
|-damage|p1a: Calyrex|1/100
|-unboost|p1a: Calyrex|spa|1
|
|upkeep
|turn|9
|
|t:|1640385736
|move|p1a: Calyrex|Draining Kiss|p2a: Yveltal
|-supereffective|p2a: Yveltal
|-damage|p2a: Yveltal|44/100
|-heal|p1a: Calyrex|57/100|[from] drain|[of] p2a: Yveltal
|move|p2a: Yveltal|U-turn|p1a: Calyrex
|-damage|p1a: Calyrex|32/100
|
|t:|1640385745
|switch|p2a: Arceus|Arceus-Flying|100/100|[from]move: U-turn
|
|upkeep
|turn|10
|
|t:|1640385753
|-start|p2a: Arceus|Dynamax
|-heal|p2a: Arceus|100/100|[silent]
|move|p1a: Calyrex|Draining Kiss|p2a: Arceus
|-crit|p2a: Arceus
|-damage|p2a: Arceus|73/100
|-heal|p1a: Calyrex|79/100|[from] drain|[of] p2a: Arceus
|move|p2a: Arceus|Max Airstream|p1a: Calyrex
|-damage|p1a: Calyrex|0 fnt
|-boost|p2a: Arceus|spe|1
|faint|p1a: Calyrex
|
|upkeep
|
|t:|1640385763
|switch|p1a: Whimsicott|Whimsicott, F|100/100
|turn|11
|
|t:|1640385788
|move|p1a: Whimsicott|Cotton Spore|p2a: Arceus
|-unboost|p2a: Arceus|spe|2
|move|p2a: Arceus|Max Airstream|p1a: Whimsicott
|-supereffective|p1a: Whimsicott
|-enditem|p1a: Whimsicott|Focus Sash
|-damage|p1a: Whimsicott|1/100
|-boost|p2a: Arceus|spe|1
|
|upkeep
|turn|12
|
|t:|1640385794
|move|p1a: Whimsicott|Cotton Spore|p2a: Arceus
|-unboost|p2a: Arceus|spe|2
|move|p2a: Arceus|Max Airstream|p1a: Whimsicott
|-supereffective|p1a: Whimsicott
|-damage|p1a: Whimsicott|0 fnt
|-boost|p2a: Arceus|spe|1
|faint|p1a: Whimsicott
|
|-end|p2a: Arceus|Dynamax
|-heal|p2a: Arceus|73/100|[silent]
|upkeep
|
|t:|1640385800
|switch|p1a: The wobbler|Smeargle, F|100/100
|turn|13
|
|t:|1640385802
|move|p1a: The wobbler|Spore|p2a: Arceus
|-status|p2a: Arceus|slp|[from] move: Spore
|cant|p2a: Arceus|slp
|
|-ability|p1a: The wobbler|Moody|boost
|-boost|p1a: The wobbler|spd|2
|-unboost|p1a: The wobbler|atk|1
|upkeep
|turn|14
|
|t:|1640385805
|switch|p2a: Gengar|Gengar, M|100/100
|move|p1a: The wobbler|Substitute|p1a: The wobbler
|-start|p1a: The wobbler|Substitute
|-damage|p1a: The wobbler|76/100
|
|-heal|p1a: The wobbler|82/100|[from] item: Leftovers
|-ability|p1a: The wobbler|Moody|boost
|-boost|p1a: The wobbler|spd|2
|-unboost|p1a: The wobbler|atk|1
|upkeep
|turn|15
|
|t:|1640385809
|detailschange|p2a: Gengar|Gengar-Mega, M
|-mega|p2a: Gengar|Gengar|Gengarite
|move|p2a: Gengar|Encore|p1a: The wobbler
|-start|p1a: The wobbler|Encore
|move|p1a: The wobbler|Substitute|p1a: The wobbler
|-fail|p1a: The wobbler|move: Substitute
|
|-heal|p1a: The wobbler|88/100|[from] item: Leftovers
|-ability|p1a: The wobbler|Moody|boost
|-boost|p1a: The wobbler|spa|2
|-unboost|p1a: The wobbler|atk|1
|upkeep
|turn|16
|
|t:|1640385815
|move|p2a: Gengar|Sludge Bomb|p1a: The wobbler
|-end|p1a: The wobbler|Substitute
|move|p1a: The wobbler|Substitute|p1a: The wobbler
|-start|p1a: The wobbler|Substitute
|-damage|p1a: The wobbler|63/100
|
|-heal|p1a: The wobbler|69/100|[from] item: Leftovers
|-ability|p1a: The wobbler|Moody|boost
|-boost|p1a: The wobbler|atk|2
|-unboost|p1a: The wobbler|spd|1
|upkeep
|turn|17
|
|t:|1640385819
|move|p2a: Gengar|Sludge Bomb|p1a: The wobbler
|-end|p1a: The wobbler|Substitute
|move|p1a: The wobbler|Substitute|p1a: The wobbler
|-start|p1a: The wobbler|Substitute
|-damage|p1a: The wobbler|44/100
|
|-heal|p1a: The wobbler|50/100|[from] item: Leftovers
|-end|p1a: The wobbler|Encore
|-ability|p1a: The wobbler|Moody|boost
|-boost|p1a: The wobbler|atk|2
|-unboost|p1a: The wobbler|spa|1
|upkeep
|turn|18
|
|t:|1640385830
|move|p2a: Gengar|Encore|p1a: The wobbler
|-start|p1a: The wobbler|Encore
|move|p1a: The wobbler|Substitute|p1a: The wobbler
|-fail|p1a: The wobbler|move: Substitute
|
|-heal|p1a: The wobbler|56/100|[from] item: Leftovers
|-ability|p1a: The wobbler|Moody|boost
|-boost|p1a: The wobbler|def|2
|-unboost|p1a: The wobbler|spd|1
|upkeep
|turn|19
|
|t:|1640385834
|move|p2a: Gengar|Sludge Bomb|p1a: The wobbler
|-end|p1a: The wobbler|Substitute
|move|p1a: The wobbler|Substitute|p1a: The wobbler
|-start|p1a: The wobbler|Substitute
|-damage|p1a: The wobbler|32/100
|
|-heal|p1a: The wobbler|38/100|[from] item: Leftovers
|-ability|p1a: The wobbler|Moody|boost
|-boost|p1a: The wobbler|spe|2
|-unboost|p1a: The wobbler|spd|1
|upkeep
|turn|20
|
|t:|1640385837
|move|p1a: The wobbler|Substitute|p1a: The wobbler
|-fail|p1a: The wobbler|move: Substitute
|move|p2a: Gengar|Sludge Bomb|p1a: The wobbler
|-crit|p1a: The wobbler
|-end|p1a: The wobbler|Substitute
|
|-heal|p1a: The wobbler|44/100|[from] item: Leftovers
|-end|p1a: The wobbler|Encore
|-ability|p1a: The wobbler|Moody|boost
|-boost|p1a: The wobbler|spa|2
|-unboost|p1a: The wobbler|spd|1
|upkeep
|turn|21
|
|t:|1640385842
|move|p1a: The wobbler|Spore|p2a: Gengar
|-status|p2a: Gengar|slp|[from] move: Spore
|cant|p2a: Gengar|slp
|
|-heal|p1a: The wobbler|50/100|[from] item: Leftovers
|-ability|p1a: The wobbler|Moody|boost
|-boost|p1a: The wobbler|spe|2
|-unboost|p1a: The wobbler|spd|1
|upkeep
|turn|22
|
|t:|1640385844
|move|p1a: The wobbler|Substitute|p1a: The wobbler
|-start|p1a: The wobbler|Substitute
|-damage|p1a: The wobbler|25/100
|cant|p2a: Gengar|slp
|
|-heal|p1a: The wobbler|31/100|[from] item: Leftovers
|-ability|p1a: The wobbler|Moody|boost
|-boost|p1a: The wobbler|def|2
|-unboost|p1a: The wobbler|spa|1
|upkeep
|turn|23
|
|t:|1640385850
|move|p1a: The wobbler|Power Trip|p2a: Gengar
|-supereffective|p2a: Gengar
|-damage|p2a: Gengar|0 fnt
|faint|p2a: Gengar
|
|-heal|p1a: The wobbler|37/100|[from] item: Leftovers
|-ability|p1a: The wobbler|Moody|boost
|-boost|p1a: The wobbler|spe|2
|-unboost|p1a: The wobbler|atk|1
|upkeep
|
|t:|1640385855
|switch|p2a: Yveltal|Yveltal|44/100
|-ability|p2a: Yveltal|Dark Aura
|turn|24
|
|t:|1640385857
|move|p1a: The wobbler|Spore|p2a: Yveltal
|-status|p2a: Yveltal|slp|[from] move: Spore
|cant|p2a: Yveltal|slp
|
|-heal|p1a: The wobbler|43/100|[from] item: Leftovers
|-ability|p1a: The wobbler|Moody|boost
|-boost|p1a: The wobbler|spd|2
|-unboost|p1a: The wobbler|spe|1
|upkeep
|turn|25
|-message|sheepbacon forfeited.
|
|win|soda49
|raw|soda49's rating: 1608 &rarr; <strong>1636</strong><br />(+28 for winning)
|raw|sheepbacon's rating: 1755 &rarr; <strong>1727</strong><br />(-28 for losing)
|l|☆sheepbacon
