|j|☆CokoiZ
|j|☆C0ld as Ic3
|t:|1653969520
|gametype|singles
|player|p1|CokoiZ|dawn|1576
|player|p2|C0ld as Ic3|schoolkid-gen4dp|1754
|teamsize|p1|6
|teamsize|p2|6
|gen|8
|tier|[Gen 8] National Dex AG
|rated|
|rule|HP Percentage Mod: HP is shown in percentages
|rule|Endless Battle Clause: Forcing endless battles is banned
|clearpoke
|poke|p1|Scolipede, M|
|poke|p1|Clefable, F|
|poke|p1|Smeargle, F|
|poke|p1|Arceus-*|
|poke|p1|Groudon|
|poke|p1|Mewtwo|
|poke|p2|Slurpuff, F|
|poke|p2|Necrozma-Dusk-Mane|
|poke|p2|Arceus-*|
|poke|p2|Yveltal|
|poke|p2|Rayquaza|
|poke|p2|Calyrex-Shadow|
|teampreview
|inactive|Battle timer is ON: inactive players will automatically lose when time's up. (requested by C0ld as Ic3)
|l|☆CokoiZ
|inactive|CokoiZ disconnected and has a minute to reconnect!
|player|p1|
|j|☆CokoiZ
|inactive|CokoiZ reconnected and has 120 seconds left.
|player|p1|CokoiZ|dawn
|inactive|CokoiZ also wants the timer to be on.
|
|t:|1653969571
|start
|switch|p1a: Scolipede|Scolipede, M|100/100
|switch|p2a: Slurpuff|Slurpuff, F|100/100
|turn|1
|l|☆CokoiZ
|inactive|CokoiZ disconnected and has a minute to reconnect!
|player|p1|
|j|☆CokoiZ
|inactive|CokoiZ reconnected and has 145 seconds left.
|player|p1|CokoiZ|dawn
|
|t:|1653969582
|move|p1a: Scolipede|Substitute|p1a: Scolipede
|-start|p1a: Scolipede|Substitute
|-damage|p1a: Scolipede|76/100
|move|p2a: Slurpuff|Sticky Web|p1a: Scolipede
|-sidestart|p1: CokoiZ|move: Sticky Web
|
|-ability|p1a: Scolipede|Speed Boost|boost
|-boost|p1a: Scolipede|spe|1
|upkeep
|turn|2
|inactive|C0ld as Ic3 has 120 seconds left.
|
|t:|1653969630
|move|p1a: Scolipede|Swords Dance|p1a: Scolipede
|-boost|p1a: Scolipede|atk|2
|move|p2a: Slurpuff|Misty Explosion|p1a: Scolipede
|-resisted|p1a: Scolipede
|-end|p1a: Scolipede|Substitute
|faint|p2a: Slurpuff
|
|-ability|p1a: Scolipede|Speed Boost|boost
|-boost|p1a: Scolipede|spe|1
|upkeep
|
|t:|1653969633
|switch|p2a: Rayquaza|Rayquaza|100/100
|-ability|p2a: Rayquaza|Air Lock
|turn|3
|
|t:|1653969640
|detailschange|p2a: Rayquaza|Rayquaza-Mega
|-mega|p2a: Rayquaza|Rayquaza|
|-weather|DeltaStream|[from] ability: Delta Stream|[of] p2a: Rayquaza
|move|p1a: Scolipede|Substitute|p1a: Scolipede
|-start|p1a: Scolipede|Substitute
|-damage|p1a: Scolipede|51/100
|move|p2a: Rayquaza|Dragon Ascent|p1a: Scolipede
|-supereffective|p1a: Scolipede
|-end|p1a: Scolipede|Substitute
|-unboost|p2a: Rayquaza|def|1
|-unboost|p2a: Rayquaza|spd|1
|
|-weather|DeltaStream|[upkeep]
|-ability|p1a: Scolipede|Speed Boost|boost
|-boost|p1a: Scolipede|spe|1
|upkeep
|turn|4
|inactive|C0ld as Ic3 has 120 seconds left.
|
|t:|1653969659
|move|p1a: Scolipede|Baton Pass|p1a: Scolipede
|
|t:|1653969661
|switch|p1a: Arceus|Arceus|100/100|[from]move: Baton Pass
|-activate|p1a: Arceus|move: Sticky Web
|-unboost|p1a: Arceus|spe|1
|move|p2a: Rayquaza|Dragon Ascent|p1a: Arceus
|-damage|p1a: Arceus|41/100
|-unboost|p2a: Rayquaza|def|1
|-unboost|p2a: Rayquaza|spd|1
|
|-weather|DeltaStream|[upkeep]
|-heal|p1a: Arceus|47/100|[from] item: Leftovers
|upkeep
|turn|5
|
|t:|1653969668
|move|p1a: Arceus|Extreme Speed|p2a: Rayquaza
|-enditem|p2a: Rayquaza|Focus Sash
|-damage|p2a: Rayquaza|1/100
|move|p2a: Rayquaza|Dragon Ascent|p1a: Arceus
|-damage|p1a: Arceus|0 fnt
|-unboost|p2a: Rayquaza|def|1
|-unboost|p2a: Rayquaza|spd|1
|faint|p1a: Arceus
|
|-weather|DeltaStream|[upkeep]
|upkeep
|
|t:|1653969681
|switch|p1a: Smeargle|Smeargle, F|100/100
|-activate|p1a: Smeargle|move: Sticky Web
|-unboost|p1a: Smeargle|spe|1
|turn|6
|inactive|C0ld as Ic3 has 120 seconds left.
|
|t:|1653969711
|move|p1a: Smeargle|Protect|p1a: Smeargle
|-singleturn|p1a: Smeargle|Protect
|move|p2a: Rayquaza|Dragon Ascent|p1a: Smeargle
|-activate|p1a: Smeargle|move: Protect
|
|-weather|DeltaStream|[upkeep]
|-ability|p1a: Smeargle|Moody|boost
|-boost|p1a: Smeargle|atk|2
|-unboost|p1a: Smeargle|spe|1
|upkeep
|turn|7
|
|t:|1653969719
|move|p2a: Rayquaza|Dragon Ascent|p1a: Smeargle
|-enditem|p1a: Smeargle|Focus Sash
|-damage|p1a: Smeargle|1/100
|-unboost|p2a: Rayquaza|def|1
|-unboost|p2a: Rayquaza|spd|1
|move|p1a: Smeargle|Spore|p2a: Rayquaza
|-status|p2a: Rayquaza|slp|[from] move: Spore
|
|-weather|DeltaStream|[upkeep]
|-ability|p1a: Smeargle|Moody|boost
|-boost|p1a: Smeargle|spe|2
|-unboost|p1a: Smeargle|spd|1
|upkeep
|turn|8
|inactive|C0ld as Ic3 has 120 seconds left.
|
|t:|1653969747
|cant|p2a: Rayquaza|slp
|move|p1a: Smeargle|Minimize|p1a: Smeargle
|-boost|p1a: Smeargle|evasion|2
|
|-weather|DeltaStream|[upkeep]
|-ability|p1a: Smeargle|Moody|boost
|-boost|p1a: Smeargle|spd|2
|-unboost|p1a: Smeargle|spe|1
|upkeep
|turn|9
|
|t:|1653969755
|cant|p2a: Rayquaza|slp
|move|p1a: Smeargle|Minimize|p1a: Smeargle
|-boost|p1a: Smeargle|evasion|2
|
|-weather|DeltaStream|[upkeep]
|-ability|p1a: Smeargle|Moody|boost
|-boost|p1a: Smeargle|spd|2
|-unboost|p1a: Smeargle|atk|1
|upkeep
|turn|10
|
|t:|1653969760
|-curestatus|p2a: Rayquaza|slp|[msg]
|move|p2a: Rayquaza|Dragon Ascent|p1a: Smeargle|[miss]
|-miss|p2a: Rayquaza|p1a: Smeargle
|move|p1a: Smeargle|Spore|p2a: Rayquaza
|-status|p2a: Rayquaza|slp|[from] move: Spore
|
|-weather|DeltaStream|[upkeep]
|-ability|p1a: Smeargle|Moody|boost
|-boost|p1a: Smeargle|def|2
|-unboost|p1a: Smeargle|spd|1
|upkeep
|turn|11
|
|t:|1653969769
|cant|p2a: Rayquaza|slp
|move|p1a: Smeargle|Minimize|p1a: Smeargle
|-boost|p1a: Smeargle|evasion|2
|
|-weather|DeltaStream|[upkeep]
|-ability|p1a: Smeargle|Moody|boost
|-boost|p1a: Smeargle|atk|2
|-unboost|p1a: Smeargle|spe|1
|upkeep
|turn|12
|
|t:|1653969783
|move|p1a: Smeargle|Protect|p1a: Smeargle
|-singleturn|p1a: Smeargle|Protect
|-curestatus|p2a: Rayquaza|slp|[msg]
|move|p2a: Rayquaza|Dragon Ascent|p1a: Smeargle
|-activate|p1a: Smeargle|move: Protect
|
|-weather|DeltaStream|[upkeep]
|-ability|p1a: Smeargle|Moody|boost
|-boost|p1a: Smeargle|spd|2
|-unboost|p1a: Smeargle|spa|1
|upkeep
|turn|13
|
|t:|1653969796
|move|p2a: Rayquaza|Extreme Speed|p1a: Smeargle|[miss]
|-miss|p2a: Rayquaza|p1a: Smeargle
|move|p1a: Smeargle|Spore|p2a: Rayquaza
|-status|p2a: Rayquaza|slp|[from] move: Spore
|
|-weather|DeltaStream|[upkeep]
|-ability|p1a: Smeargle|Moody|boost
|-boost|p1a: Smeargle|atk|2
|-unboost|p1a: Smeargle|spd|1
|upkeep
|turn|14
|
|t:|1653969806
|cant|p2a: Rayquaza|slp
|move|p1a: Smeargle|Baton Pass|p1a: Smeargle
|
|t:|1653969808
|switch|p1a: Scolipede|Scolipede, M|51/100|[from]move: Baton Pass
|
|-weather|DeltaStream|[upkeep]
|upkeep
|turn|15
|
|t:|1653969832
|-curestatus|p2a: Rayquaza|slp|[msg]
|move|p2a: Rayquaza|Dragon Ascent|p1a: Scolipede|[miss]
|-miss|p2a: Rayquaza|p1a: Scolipede
|move|p1a: Scolipede|Substitute|p1a: Scolipede
|-start|p1a: Scolipede|Substitute
|-damage|p1a: Scolipede|26/100
|
|-weather|DeltaStream|[upkeep]
|-ability|p1a: Scolipede|Speed Boost|boost
|-boost|p1a: Scolipede|spe|1
|upkeep
|turn|16
|
|t:|1653969837
|-weather|none
|switch|p2a: Yveltal|Yveltal|100/100
|-ability|p2a: Yveltal|Dark Aura
|move|p1a: Scolipede|Iron Defense|p1a: Scolipede
|-boost|p1a: Scolipede|def|2
|
|-ability|p1a: Scolipede|Speed Boost|boost
|-boost|p1a: Scolipede|spe|1
|upkeep
|turn|17
|
|t:|1653969854
|move|p1a: Scolipede|Baton Pass|p1a: Scolipede
|
|t:|1653969856
|switch|p1a: Clefable|Clefable, F|100/100|[from]move: Baton Pass
|-activate|p1a: Clefable|move: Sticky Web
|-unboost|p1a: Clefable|spe|1
|move|p2a: Yveltal|Taunt|p1a: Clefable|[miss]
|-miss|p2a: Yveltal|p1a: Clefable
|
|upkeep
|turn|18
|
|t:|1653969873
|-start|p2a: Yveltal|Dynamax|
|-heal|p2a: Yveltal|100/100|[silent]
|move|p2a: Yveltal|Max Airstream|p1a: Clefable
|-end|p1a: Clefable|Substitute
|-boost|p2a: Yveltal|spe|1
|-damage|p2a: Yveltal|96/100|[from] item: Life Orb
|move|p1a: Clefable|Cosmic Power|p1a: Clefable
|-boost|p1a: Clefable|def|1
|-boost|p1a: Clefable|spd|1
|
|upkeep
|turn|19
|
|t:|1653969891
|move|p2a: Yveltal|Max Airstream|p1a: Clefable
|-damage|p1a: Clefable|72/100
|-boost|p2a: Yveltal|spe|1
|-damage|p2a: Yveltal|91/100|[from] item: Life Orb
|move|p1a: Clefable|Cosmic Power|p1a: Clefable
|-boost|p1a: Clefable|def|1
|-boost|p1a: Clefable|spd|1
|
|-heal|p1a: Clefable|78/100|[from] item: Leftovers
|upkeep
|turn|20
|
|t:|1653969899
|move|p2a: Yveltal|Max Airstream|p1a: Clefable
|-damage|p1a: Clefable|54/100
|-boost|p2a: Yveltal|spe|1
|-damage|p2a: Yveltal|86/100|[from] item: Life Orb
|move|p1a: Clefable|Soft-Boiled|p1a: Clefable
|-heal|p1a: Clefable|100/100
|
|upkeep
|-end|p2a: Yveltal|Dynamax
|-heal|p2a: Yveltal|86/100|[silent]
|turn|21
|
|t:|1653969912
|move|p2a: Yveltal|Taunt|p1a: Clefable|[miss]
|-miss|p2a: Yveltal|p1a: Clefable
|move|p1a: Clefable|Baton Pass|p1a: Clefable
|
|t:|1653969914
|switch|p1a: Mewtwo|Mewtwo|100/100|[from]move: Baton Pass
|-activate|p1a: Mewtwo|move: Sticky Web
|-unboost|p1a: Mewtwo|spe|1
|-ability|p1a: Mewtwo|Pressure
|
|upkeep
|turn|22
|-message|C0ld as Ic3 forfeited.
|
|win|CokoiZ
|raw|CokoiZ's rating: 1576 &rarr; <strong>1605</strong><br />(+29 for winning)
|raw|C0ld as Ic3's rating: 1748 &rarr; <strong>1719</strong><br />(-29 for losing)
|l|☆C0ld as Ic3
