|j|‽Anuj Boss ❤
|j|☆Adil
|t:|1626961245
|gametype|singles
|player|p1|Anuj Boss ❤|preschooler|1638
|player|p2|Adil|266|1775
|teamsize|p1|6
|teamsize|p2|6
|gen|8
|tier|[Gen 8] National Dex AG
|rated|
|rule|HP Percentage Mod: HP is shown in percentages
|rule|Endless Battle Clause: Forcing endless battles is banned
|clearpoke
|poke|p1|Calyrex-Shadow|
|poke|p1|Zacian-*|
|poke|p1|Kyogre|
|poke|p1|Rayquaza|
|poke|p1|Groudon|
|poke|p1|Ditto|
|poke|p2|Rayquaza|
|poke|p2|Necrozma-Dusk-Mane|
|poke|p2|Zygarde|
|poke|p2|Calyrex-Shadow|
|poke|p2|Arceus-*|
|poke|p2|Arceus-*|
|teampreview
|inactive|Battle timer is ON: inactive players will automatically lose when time's up. (requested by Anuj Boss ❤)
|inactive|Adil has 120 seconds left.
|
|t:|1626961299
|start
|switch|p1a: Kyogre|Kyogre|100/100
|switch|p2a: Rayquaza|Rayquaza|100/100
|-ability|p2a: Rayquaza|Air Lock
|detailschange|p1a: Kyogre|Kyogre-Primal
|-primal|p1a: Kyogre
|-weather|PrimordialSea|[from] ability: Primordial Sea|[of] p1a: Kyogre
|turn|1
|
|t:|1626961307
|detailschange|p2a: Rayquaza|Rayquaza-Mega
|-mega|p2a: Rayquaza|Rayquaza|
|-weather|DeltaStream|[from] ability: Delta Stream|[of] p2a: Rayquaza
|move|p2a: Rayquaza|Dragon Ascent|p1a: Kyogre
|-damage|p1a: Kyogre|16/100
|-unboost|p2a: Rayquaza|def|1
|-unboost|p2a: Rayquaza|spd|1
|move|p1a: Kyogre|Ice Beam|p2a: Rayquaza
|-activate||deltastream
|-supereffective|p2a: Rayquaza
|-enditem|p2a: Rayquaza|Focus Sash
|-damage|p2a: Rayquaza|1/100
|
|-weather|DeltaStream|[upkeep]
|upkeep
|turn|2
|
|t:|1626961315
|move|p2a: Rayquaza|Scale Shot|p1a: Kyogre
|-damage|p1a: Kyogre|0 fnt
|faint|p1a: Kyogre
|-hitcount|p1: Kyogre|1
|-unboost|p2a: Rayquaza|def|1
|-boost|p2a: Rayquaza|spe|1
|
|-weather|DeltaStream|[upkeep]
|upkeep
|
|t:|1626961322
|switch|p1a: Zacian|Zacian-Crowned|100/100
|-ability|p1a: Zacian|Intrepid Sword|boost
|-boost|p1a: Zacian|atk|1
|turn|3
|
|t:|1626961324
|move|p1a: Zacian|Quick Attack|p2a: Rayquaza
|-damage|p2a: Rayquaza|0 fnt
|faint|p2a: Rayquaza
|-weather|none
|
|upkeep
|
|t:|1626961330
|switch|p2a: Necrozma|Necrozma-Dusk-Mane|100/100
|turn|4
|
|t:|1626961335
|switch|p1a: Groudon|Groudon|100/100
|detailschange|p1a: Groudon|Groudon-Primal
|-primal|p1a: Groudon
|-weather|DesolateLand|[from] ability: Desolate Land|[of] p1a: Groudon
|move|p2a: Necrozma|Stealth Rock|p1a: Groudon
|-sidestart|p1: Anuj Boss ❤|move: Stealth Rock
|
|-weather|DesolateLand|[upkeep]
|upkeep
|turn|5
|
|t:|1626961340
|switch|p2a: Zygarde|Zygarde|100/100
|move|p1a: Groudon|Precipice Blades|p2a: Zygarde
|-damage|p2a: Zygarde|57/100
|
|-weather|DesolateLand|[upkeep]
|-heal|p2a: Zygarde|63/100|[from] item: Leftovers
|upkeep
|turn|6
|
|t:|1626961346
|move|p2a: Zygarde|Glare|p1a: Groudon
|-status|p1a: Groudon|par
|move|p1a: Groudon|Dragon Tail|p2a: Zygarde
|-supereffective|p2a: Zygarde
|-damage|p2a: Zygarde|34/100
|drag|p2a: Arceus|Arceus-Water|100/100
|
|-weather|DesolateLand|[upkeep]
|upkeep
|turn|7
|
|t:|1626961363
|switch|p2a: Arceus|Arceus-Dark|100/100
|cant|p1a: Groudon|par
|
|-weather|DesolateLand|[upkeep]
|upkeep
|turn|8
|
|t:|1626961371
|move|p2a: Arceus|Judgment|p1a: Groudon
|-damage|p1a: Groudon|50/100 par
|cant|p1a: Groudon|par
|
|-weather|DesolateLand|[upkeep]
|upkeep
|turn|9
|
|t:|1626961375
|move|p2a: Arceus|Judgment|p1a: Groudon
|-damage|p1a: Groudon|0 fnt
|faint|p1a: Groudon
|-weather|none
|
|upkeep
|
|t:|1626961384
|switch|p1a: Zacian|Zacian-Crowned|100/100
|-damage|p1a: Zacian|94/100|[from] Stealth Rock
|-ability|p1a: Zacian|Intrepid Sword|boost
|-boost|p1a: Zacian|atk|1
|turn|10
|
|t:|1626961388
|switch|p2a: Necrozma|Necrozma-Dusk-Mane|100/100
|move|p1a: Zacian|Play Rough|p2a: Necrozma
|-resisted|p2a: Necrozma
|-damage|p2a: Necrozma|76/100
|-damage|p1a: Zacian|78/100|[from] item: Rocky Helmet|[of] p2a: Necrozma
|
|upkeep
|turn|11
|
|t:|1626961396
|switch|p1a: Rayquaza|Rayquaza|100/100
|-damage|p1a: Rayquaza|76/100|[from] Stealth Rock
|-ability|p1a: Rayquaza|Air Lock
|move|p2a: Necrozma|Sunsteel Strike|p1a: Rayquaza
|-damage|p1a: Rayquaza|18/100
|
|upkeep
|turn|12
|
|t:|1626961402
|switch|p2a: Arceus|Arceus-Water|100/100
|detailschange|p1a: Rayquaza|Rayquaza-Mega
|-mega|p1a: Rayquaza|Rayquaza|
|-weather|DeltaStream|[from] ability: Delta Stream|[of] p1a: Rayquaza
|move|p1a: Rayquaza|V-create|p2a: Arceus
|-resisted|p2a: Arceus
|-damage|p2a: Arceus|82/100
|-unboost|p1a: Rayquaza|spe|1
|-unboost|p1a: Rayquaza|def|1
|-unboost|p1a: Rayquaza|spd|1
|
|-weather|DeltaStream|[upkeep]
|upkeep
|turn|13
|
|t:|1626961411
|move|p1a: Rayquaza|Extreme Speed|p2a: Arceus
|-crit|p2a: Arceus
|-damage|p2a: Arceus|55/100
|move|p2a: Arceus|Judgment|p1a: Rayquaza
|-resisted|p1a: Rayquaza
|-damage|p1a: Rayquaza|0 fnt
|faint|p1a: Rayquaza
|-weather|none
|
|upkeep
|
|t:|1626961418
|switch|p1a: Calyrex|Calyrex-Shadow|100/100
|-ability|p1a: Calyrex|As One
|-ability|p1a: Calyrex|Unnerve
|-damage|p1a: Calyrex|88/100|[from] Stealth Rock
|turn|14
|inactive|Anuj Boss ❤ has 120 seconds left.
|
|t:|1626961454
|switch|p2a: Arceus|Arceus-Dark|100/100
|-start|p1a: Calyrex|Dynamax
|-heal|p1a: Calyrex|88/100|[silent]
|move|p1a: Calyrex|Max Phantasm|p2a: Arceus
|-resisted|p2a: Arceus
|-damage|p2a: Arceus|72/100
|-unboost|p2a: Arceus|def|1
|
|upkeep
|turn|15
|
|t:|1626961464
|move|p1a: Calyrex|Max Starfall|p2a: Arceus
|-supereffective|p2a: Arceus
|-damage|p2a: Arceus|21/100
|-fieldstart|move: Misty Terrain
|move|p2a: Arceus|Judgment|p1a: Calyrex
|-supereffective|p1a: Calyrex
|-damage|p1a: Calyrex|0 fnt
|faint|p1a: Calyrex
|
|upkeep
|
|t:|1626961470
|switch|p1a: Zacian|Zacian-Crowned|78/100
|-damage|p1a: Zacian|72/100|[from] Stealth Rock
|-ability|p1a: Zacian|Intrepid Sword|boost
|-boost|p1a: Zacian|atk|1
|turn|16
|
|t:|1626961486
|move|p1a: Zacian|Behemoth Blade|p2a: Arceus
|-damage|p2a: Arceus|0 fnt
|faint|p2a: Arceus
|
|upkeep
|
|t:|1626961488
|switch|p2a: Necrozma|Necrozma-Dusk-Mane|76/100
|turn|17
|
|t:|1626961492
|move|p1a: Zacian|Behemoth Blade|p2a: Necrozma
|-resisted|p2a: Necrozma
|-damage|p2a: Necrozma|52/100
|-damage|p1a: Zacian|55/100|[from] item: Rocky Helmet|[of] p2a: Necrozma
|move|p2a: Necrozma|Sunsteel Strike|p1a: Zacian
|-damage|p1a: Zacian|8/100
|
|upkeep
|turn|18
|
|t:|1626961498
|move|p1a: Zacian|Behemoth Blade|p2a: Necrozma
|-resisted|p2a: Necrozma
|-damage|p2a: Necrozma|25/100
|-damage|p1a: Zacian|0 fnt|[from] item: Rocky Helmet|[of] p2a: Necrozma
|faint|p1a: Zacian
|move|p2a: Necrozma|Morning Sun|p2a: Necrozma
|-heal|p2a: Necrozma|75/100
|
|upkeep
|
|t:|1626961500
|switch|p1a: Ditto|Ditto, shiny|100/100
|-damage|p1a: Ditto|88/100|[from] Stealth Rock
|-transform|p1a: Ditto|p2a: Necrozma|[from] ability: Imposter
|turn|19
|
|t:|1626961504
|move|p1a: Ditto|Sunsteel Strike|p2a: Necrozma
|-resisted|p2a: Necrozma
|-damage|p2a: Necrozma|63/100
|-damage|p1a: Ditto|72/100|[from] item: Rocky Helmet|[of] p2a: Necrozma
|move|p2a: Necrozma|Thunder Wave|p1a: Ditto
|-activate|p1a: Ditto|move: Misty Terrain
|
|-fieldend|Misty Terrain
|upkeep
|turn|20
|
|t:|1626961509
|move|p1a: Ditto|Sunsteel Strike|p2a: Necrozma
|-resisted|p2a: Necrozma
|-damage|p2a: Necrozma|51/100
|-damage|p1a: Ditto|55/100|[from] item: Rocky Helmet|[of] p2a: Necrozma
|move|p2a: Necrozma|Sunsteel Strike|p1a: Ditto
|-resisted|p1a: Ditto
|-damage|p1a: Ditto|35/100
|
|upkeep
|turn|21
|
|t:|1626961513
|move|p1a: Ditto|Sunsteel Strike|p2a: Necrozma
|-resisted|p2a: Necrozma
|-damage|p2a: Necrozma|37/100
|-damage|p1a: Ditto|18/100|[from] item: Rocky Helmet|[of] p2a: Necrozma
|move|p2a: Necrozma|Sunsteel Strike|p1a: Ditto
|-resisted|p1a: Ditto
|-damage|p1a: Ditto|0 fnt
|faint|p1a: Ditto
|
|win|Adil
|raw|Anuj Boss ❤'s rating: 1638 &rarr; <strong>1626</strong><br />(-12 for losing)
|raw|Adil's rating: 1775 &rarr; <strong>1787</strong><br />(+12 for winning)
|l|☆Adil
|l|‽Anuj Boss ❤
