|j|☆saxtus
|j|☆NykterStein
|t:|1667107979
|gametype|singles
|player|p1|saxtus|169|1552
|player|p2|NykterStein|richboy|1707
|teamsize|p1|6
|teamsize|p2|6
|gen|8
|tier|[Gen 8] National Dex AG
|rated|
|rule|HP Percentage Mod: HP is shown in percentages
|rule|Endless Battle Clause: Forcing endless battles is banned
|clearpoke
|poke|p1|Arceus-*|
|poke|p1|Arceus-*|
|poke|p1|Arceus-*|
|poke|p1|Arceus-*|
|poke|p1|Arceus-*|
|poke|p1|Arceus-*|
|poke|p2|Yveltal|
|poke|p2|Deoxys-Speed|
|poke|p2|Marshadow|
|poke|p2|Arceus-*|
|poke|p2|Calyrex-Shadow|
|poke|p2|Arceus-*|
|teampreview
|inactive|Battle timer is ON: inactive players will automatically lose when time's up. (requested by NykterStein)
|c|☆saxtus|are you magnus carlsen???
|inactive|NykterStein has 120 seconds left.
|c|☆saxtus|if i win i'm telling everybody i beat magnus carlsen
|inactive|NykterStein has 90 seconds left.
|
|t:|1667108052
|start
|switch|p1a: Arceus|Arceus-Water|100/100
|switch|p2a: Rápido|Deoxys-Speed|100/100
|-ability|p2a: Rápido|Pressure
|turn|1
|
|t:|1667108065
|move|p2a: Rápido|Taunt|p1a: Arceus
|-start|p1a: Arceus|move: Taunt
|move|p1a: Arceus|Dark Pulse|p2a: Rápido
|-supereffective|p2a: Rápido
|-damage|p2a: Rápido|34/100
|
|upkeep
|turn|2
|
|t:|1667108071
|move|p2a: Rápido|Stealth Rock|p1a: Arceus
|-sidestart|p1: saxtus|move: Stealth Rock
|move|p1a: Arceus|Dark Pulse|p2a: Rápido
|-supereffective|p2a: Rápido
|-damage|p2a: Rápido|0 fnt
|faint|p2a: Rápido
|
|upkeep
|
|t:|1667108083
|switch|p2a: Deus|Arceus, shiny|100/100
|turn|3
|
|t:|1667108086
|move|p1a: Arceus|Dark Pulse|p2a: Deus
|-damage|p2a: Deus|83/100
|move|p2a: Deus|Swords Dance|p2a: Deus
|-boost|p2a: Deus|atk|2
|
|-end|p1a: Arceus|move: Taunt
|upkeep
|turn|4
|
|t:|1667108097
|-start|p2a: Deus|Dynamax|
|-heal|p2a: Deus|83/100|[silent]
|move|p1a: Arceus|Reflect|p1a: Arceus
|-sidestart|p1: saxtus|Reflect
|move|p2a: Deus|Max Strike|p1a: Arceus
|-crit|p1a: Arceus
|-damage|p1a: Arceus|0 fnt
|faint|p1a: Arceus
|-damage|p2a: Deus|78/100|[from] item: Life Orb
|
|upkeep
|
|t:|1667108114
|switch|p1a: Arceus|Arceus-Steel|100/100
|-damage|p1a: Arceus|94/100|[from] Stealth Rock
|turn|5
|
|t:|1667108123
|move|p2a: Deus|Max Strike|p1a: Arceus
|-resisted|p1a: Arceus
|-damage|p1a: Arceus|62/100
|-unboost|p1a: Arceus|spe|1
|-damage|p2a: Deus|73/100|[from] item: Life Orb
|move|p1a: Arceus|Iron Defense|p1a: Arceus
|-boost|p1a: Arceus|def|2
|
|upkeep
|turn|6
|
|t:|1667108131
|move|p2a: Deus|Max Quake|p1a: Arceus
|-supereffective|p1a: Arceus
|-damage|p1a: Arceus|22/100
|-boost|p2a: Deus|spd|1
|-damage|p2a: Deus|68/100|[from] item: Life Orb
|move|p1a: Arceus|Iron Defense|p1a: Arceus
|-boost|p1a: Arceus|def|2
|
|upkeep
|-end|p2a: Deus|Dynamax
|-heal|p2a: Deus|68/100|[silent]
|turn|7
|
|t:|1667108140
|move|p2a: Deus|Earthquake|p1a: Arceus
|-supereffective|p1a: Arceus
|-damage|p1a: Arceus|3/100
|-damage|p2a: Deus|58/100|[from] item: Life Orb
|move|p1a: Arceus|Recover|p1a: Arceus
|-heal|p1a: Arceus|53/100
|
|upkeep
|turn|8
|
|t:|1667108149
|move|p2a: Deus|Swords Dance|p2a: Deus
|-boost|p2a: Deus|atk|2
|move|p1a: Arceus|Recover|p1a: Arceus
|-heal|p1a: Arceus|100/100
|
|-sideend|p1: saxtus|Reflect
|upkeep
|turn|9
|
|t:|1667108155
|move|p2a: Deus|Swords Dance|p2a: Deus
|-boost|p2a: Deus|atk|2
|move|p1a: Arceus|Judgment|p2a: Deus
|-damage|p2a: Deus|22/100
|
|upkeep
|turn|10
|
|t:|1667108161
|move|p2a: Deus|Extreme Speed|p1a: Arceus
|-resisted|p1a: Arceus
|-damage|p1a: Arceus|78/100
|-damage|p2a: Deus|12/100|[from] item: Life Orb
|move|p1a: Arceus|Judgment|p2a: Deus
|-damage|p2a: Deus|0 fnt
|faint|p2a: Deus
|
|upkeep
|
|t:|1667108173
|switch|p2a: Pássaro das Trevas|Yveltal|100/100
|-ability|p2a: Pássaro das Trevas|Dark Aura
|turn|11
|
|t:|1667108177
|move|p2a: Pássaro das Trevas|Heat Wave|p1a: Arceus
|-supereffective|p1a: Arceus
|-damage|p1a: Arceus|17/100
|-damage|p2a: Pássaro das Trevas|91/100|[from] item: Life Orb
|move|p1a: Arceus|Calm Mind|p1a: Arceus
|-boost|p1a: Arceus|spa|1
|-boost|p1a: Arceus|spd|1
|
|upkeep
|turn|12
|
|t:|1667108184
|move|p2a: Pássaro das Trevas|Heat Wave|p1a: Arceus
|-supereffective|p1a: Arceus
|-damage|p1a: Arceus|0 fnt
|faint|p1a: Arceus
|-damage|p2a: Pássaro das Trevas|81/100|[from] item: Life Orb
|
|upkeep
|
|t:|1667108191
|switch|p1a: Arceus|Arceus-Dark|100/100
|-damage|p1a: Arceus|88/100|[from] Stealth Rock
|turn|13
|
|t:|1667108199
|switch|p2a: Titã|Arceus-Ground|100/100
|move|p1a: Arceus|Cosmic Power|p1a: Arceus
|-boost|p1a: Arceus|def|1
|-boost|p1a: Arceus|spd|1
|
|upkeep
|turn|14
|
|t:|1667108206
|move|p1a: Arceus|Cosmic Power|p1a: Arceus
|-boost|p1a: Arceus|def|1
|-boost|p1a: Arceus|spd|1
|-zpower|p2a: Titã
|move|p2a: Titã|Tectonic Rage|p1a: Arceus|[zeffect]
|-crit|p1a: Arceus
|-damage|p1a: Arceus|0 fnt
|faint|p1a: Arceus
|
|upkeep
|c|☆saxtus|wit
|c|☆saxtus|wait
|c|☆saxtus|wait
|c|☆saxtus|what
|c|☆saxtus|how
|c|☆saxtus|arceus cant hold items
|c|☆saxtus|wait what
|inactive|saxtus has 120 seconds left.
|c|☆saxtus|ok im saving this
|
|t:|1667108245
|switch|p1a: Arceus|Arceus-Flying|100/100
|-damage|p1a: Arceus|76/100|[from] Stealth Rock
|turn|15
|inactive|saxtus has 120 seconds left.
|
|t:|1667108252
|-start|p1a: Arceus|Dynamax|
|-heal|p1a: Arceus|76/100|[silent]
|move|p2a: Titã|Ice Beam|p1a: Arceus
|-supereffective|p1a: Arceus
|-damage|p1a: Arceus|52/100
|move|p1a: Arceus|Max Airstream|p2a: Titã
|-damage|p2a: Titã|40/100
|-boost|p1a: Arceus|spe|1
|
|upkeep
|turn|16
|
|t:|1667108267
|move|p1a: Arceus|Max Airstream|p2a: Titã
|-damage|p2a: Titã|0 fnt
|-boost|p1a: Arceus|spe|1
|faint|p2a: Titã
|
|upkeep
|
|t:|1667108273
|switch|p2a: Pássaro das Trevas|Yveltal|81/100
|-ability|p2a: Pássaro das Trevas|Dark Aura
|turn|17
|
|t:|1667108279
|move|p1a: Arceus|Max Airstream|p2a: Pássaro das Trevas
|-damage|p2a: Pássaro das Trevas|6/100
|-boost|p1a: Arceus|spe|1
|move|p2a: Pássaro das Trevas|Oblivion Wing|p1a: Arceus
|-damage|p1a: Arceus|32/100
|-heal|p2a: Pássaro das Trevas|38/100|[from] drain|[of] p1a: Arceus
|-damage|p2a: Pássaro das Trevas|28/100|[from] item: Life Orb
|
|upkeep
|-end|p1a: Arceus|Dynamax
|-heal|p1a: Arceus|32/100|[silent]
|turn|18
|
|t:|1667108292
|move|p1a: Arceus|Judgment|p2a: Pássaro das Trevas
|-damage|p2a: Pássaro das Trevas|0 fnt
|faint|p2a: Pássaro das Trevas
|
|upkeep
|
|t:|1667108297
|switch|p2a: Sombra|Marshadow|100/100
|turn|19
|
|t:|1667108301
|move|p2a: Sombra|Shadow Sneak|p1a: Arceus
|-damage|p1a: Arceus|10/100
|move|p1a: Arceus|Judgment|p2a: Sombra
|-supereffective|p2a: Sombra
|-enditem|p2a: Sombra|Focus Sash
|-damage|p2a: Sombra|1/100
|
|upkeep
|turn|20
|
|t:|1667108308
|move|p2a: Sombra|Shadow Sneak|p1a: Arceus
|-crit|p1a: Arceus
|-damage|p1a: Arceus|0 fnt
|faint|p1a: Arceus
|
|upkeep
|
|t:|1667108317
|switch|p1a: Arceus|Arceus|100/100
|-damage|p1a: Arceus|88/100|[from] Stealth Rock
|turn|21
|
|t:|1667108322
|move|p2a: Sombra|Close Combat|p1a: Arceus
|-supereffective|p1a: Arceus
|-damage|p1a: Arceus|0 fnt
|-unboost|p2a: Sombra|def|1
|-unboost|p2a: Sombra|spd|1
|faint|p1a: Arceus
|
|upkeep
|
|t:|1667108325
|switch|p1a: Arceus|Arceus-Ground|100/100
|-damage|p1a: Arceus|94/100|[from] Stealth Rock
|turn|22
|
|t:|1667108333
|move|p2a: Sombra|Ice Punch|p1a: Arceus
|-supereffective|p1a: Arceus
|-damage|p1a: Arceus|55/100
|move|p1a: Arceus|Earthquake|p2a: Sombra
|-damage|p2a: Sombra|0 fnt
|faint|p2a: Sombra
|
|upkeep
|
|t:|1667108340
|switch|p2a: Cavaleiro Fantasma|Calyrex-Shadow|100/100
|-ability|p2a: Cavaleiro Fantasma|As One
|-ability|p2a: Cavaleiro Fantasma|Unnerve
|turn|23
|
|t:|1667108347
|move|p2a: Cavaleiro Fantasma|Astral Barrage|p1a: Arceus
|-damage|p1a: Arceus|3/100
|move|p1a: Arceus|Earthquake|p2a: Cavaleiro Fantasma
|-damage|p2a: Cavaleiro Fantasma|29/100
|
|upkeep
|turn|24
|
|t:|1667108355
|move|p1a: Arceus|Protect|p1a: Arceus
|-singleturn|p1a: Arceus|Protect
|move|p2a: Cavaleiro Fantasma|Astral Barrage|p1a: Arceus
|-activate|p1a: Arceus|move: Protect
|
|upkeep
|turn|25
|c|☆saxtus|if only i had z move
|c|☆saxtus|gg
|
|t:|1667108377
|move|p2a: Cavaleiro Fantasma|Astral Barrage|p1a: Arceus
|-damage|p1a: Arceus|0 fnt
|faint|p1a: Arceus
|
|win|NykterStein
|raw|saxtus's rating: 1552 &rarr; <strong>1540</strong><br />(-12 for losing)
|raw|NykterStein's rating: 1707 &rarr; <strong>1719</strong><br />(+12 for winning)
|l|☆NykterStein
