|j|☆starkorea74
|j|☆andrezeras
|t:|1635685023
|gametype|singles
|player|p1|starkorea74|266|1789
|player|p2|andrezeras|veteran|1619
|teamsize|p1|6
|teamsize|p2|6
|gen|8
|tier|[Gen 8] National Dex AG
|rated|
|rule|HP Percentage Mod: HP is shown in percentages
|rule|Endless Battle Clause: Forcing endless battles is banned
|clearpoke
|poke|p1|Groudon|
|poke|p1|Rayquaza|
|poke|p1|Arceus-*|
|poke|p1|Ho-Oh|
|poke|p1|Necrozma-Dusk-Mane|
|poke|p1|Yveltal|
|poke|p2|Zacian-*|
|poke|p2|Rayquaza|
|poke|p2|Xerneas-*|
|poke|p2|Arceus-*|
|poke|p2|Arceus-*|
|poke|p2|Necrozma-Dusk-Mane|
|teampreview
|inactive|Battle timer is ON: inactive players will automatically lose when time's up. (requested by andrezeras)
|
|t:|1635685036
|start
|switch|p1a: Ho-Oh|Ho-Oh|100/100
|switch|p2a: Arceus|Arceus-Dark|100/100
|turn|1
|
|t:|1635685041
|move|p2a: Arceus|Judgment|p1a: Ho-Oh
|-damage|p1a: Ho-Oh|74/100
|move|p1a: Ho-Oh|Toxic|p2a: Arceus
|-status|p2a: Arceus|tox
|
|-damage|p2a: Arceus|94/100 tox|[from] psn
|upkeep
|turn|2
|
|t:|1635685057
|move|p2a: Arceus|Refresh|p2a: Arceus
|-curestatus|p2a: Arceus|tox|[msg]
|move|p1a: Ho-Oh|Sacred Fire|p2a: Arceus
|-damage|p2a: Arceus|72/100
|-status|p2a: Arceus|brn
|
|-damage|p2a: Arceus|66/100 brn|[from] brn
|upkeep
|turn|3
|
|t:|1635685066
|switch|p1a: Rayquaza|Rayquaza|100/100
|-ability|p1a: Rayquaza|Air Lock
|move|p2a: Arceus|Recover|p2a: Arceus
|-heal|p2a: Arceus|100/100 brn
|
|-damage|p2a: Arceus|94/100 brn|[from] brn
|upkeep
|turn|4
|
|t:|1635685075
|switch|p2a: Arceus|Arceus-Fairy|100/100
|detailschange|p1a: Rayquaza|Rayquaza-Mega
|-mega|p1a: Rayquaza|Rayquaza|
|-weather|DeltaStream|[from] ability: Delta Stream|[of] p1a: Rayquaza
|move|p1a: Rayquaza|V-create|p2a: Arceus
|-damage|p2a: Arceus|26/100
|-unboost|p1a: Rayquaza|spe|1
|-unboost|p1a: Rayquaza|def|1
|-unboost|p1a: Rayquaza|spd|1
|
|-weather|DeltaStream|[upkeep]
|upkeep
|turn|5
|
|t:|1635685085
|-weather|none
|switch|p1a: Necrozma|Necrozma-Dusk-Mane|100/100
|move|p2a: Arceus|Judgment|p1a: Necrozma
|-resisted|p1a: Necrozma
|-damage|p1a: Necrozma|80/100
|
|-heal|p1a: Necrozma|86/100|[from] item: Leftovers
|upkeep
|turn|6
|
|t:|1635685107
|switch|p2a: Arceus|Arceus-Dark|94/100 brn
|move|p1a: Necrozma|Stealth Rock|p2a: Arceus
|-sidestart|p2: andrezeras|move: Stealth Rock
|
|-heal|p1a: Necrozma|92/100|[from] item: Leftovers
|-damage|p2a: Arceus|88/100 brn|[from] brn
|upkeep
|turn|7
|inactive|starkorea74 has 120 seconds left.
|
|t:|1635685129
|switch|p1a: Arceus|Arceus-Dark|100/100
|move|p2a: Arceus|Calm Mind|p2a: Arceus
|-boost|p2a: Arceus|spa|1
|-boost|p2a: Arceus|spd|1
|
|-damage|p2a: Arceus|82/100 brn|[from] brn
|upkeep
|turn|8
|inactive|starkorea74 has 120 seconds left.
|
|t:|1635685140
|switch|p1a: Rayquaza|Rayquaza-Mega|100/100
|-weather|DeltaStream|[from] ability: Delta Stream|[of] p1a: Rayquaza
|move|p2a: Arceus|Refresh|p2a: Arceus
|-curestatus|p2a: Arceus|brn|[msg]
|
|-weather|DeltaStream|[upkeep]
|upkeep
|turn|9
|
|t:|1635685148
|-start|p2a: Arceus|Dynamax
|-heal|p2a: Arceus|82/100|[silent]
|move|p1a: Rayquaza|Dragon Ascent|p2a: Arceus
|-damage|p2a: Arceus|52/100
|-unboost|p1a: Rayquaza|def|1
|-unboost|p1a: Rayquaza|spd|1
|move|p2a: Arceus|Max Darkness|p1a: Rayquaza
|-damage|p1a: Rayquaza|0 fnt
|faint|p1a: Rayquaza
|-weather|none
|
|upkeep
|inactive|starkorea74 has 120 seconds left.
|
|t:|1635685162
|switch|p1a: Ho-Oh|Ho-Oh|100/100
|turn|10
|
|t:|1635685166
|move|p2a: Arceus|Max Darkness|p1a: Ho-Oh
|-damage|p1a: Ho-Oh|50/100
|-unboost|p1a: Ho-Oh|spd|1
|move|p1a: Ho-Oh|Recover|p1a: Ho-Oh
|-heal|p1a: Ho-Oh|99/100
|
|upkeep
|turn|11
|
|t:|1635685174
|move|p2a: Arceus|Max Darkness|p1a: Ho-Oh
|-damage|p1a: Ho-Oh|24/100
|-unboost|p1a: Ho-Oh|spd|1
|move|p1a: Ho-Oh|Toxic|p2a: Arceus
|-status|p2a: Arceus|tox
|
|-damage|p2a: Arceus|48/100 tox|[from] psn
|-end|p2a: Arceus|Dynamax
|-heal|p2a: Arceus|49/100 tox|[silent]
|upkeep
|turn|12
|
|t:|1635685187
|switch|p1a: Groudon|Groudon|100/100
|detailschange|p1a: Groudon|Groudon-Primal
|-primal|p1a: Groudon
|-weather|DesolateLand|[from] ability: Desolate Land|[of] p1a: Groudon
|move|p2a: Arceus|Refresh|p2a: Arceus
|-curestatus|p2a: Arceus|tox|[msg]
|
|-weather|DesolateLand|[upkeep]
|upkeep
|turn|13
|
|t:|1635685195
|move|p2a: Arceus|Judgment|p1a: Groudon
|-damage|p1a: Groudon|53/100
|move|p1a: Groudon|Roar|p2a: Arceus
|drag|p2a: Necrozma|Necrozma-Dusk-Mane|100/100
|-damage|p2a: Necrozma|94/100|[from] Stealth Rock
|
|-weather|DesolateLand|[upkeep]
|upkeep
|turn|14
|
|t:|1635685202
|switch|p2a: Arceus|Arceus-Fairy|26/100
|-damage|p2a: Arceus|14/100|[from] Stealth Rock
|move|p1a: Groudon|Overheat|p2a: Arceus
|-damage|p2a: Arceus|0 fnt
|-unboost|p1a: Groudon|spa|2
|faint|p2a: Arceus
|
|-weather|DesolateLand|[upkeep]
|upkeep
|
|t:|1635685210
|switch|p2a: Arceus|Arceus-Dark|49/100
|-damage|p2a: Arceus|36/100|[from] Stealth Rock
|turn|15
|
|t:|1635685218
|move|p2a: Arceus|Recover|p2a: Arceus
|-heal|p2a: Arceus|86/100
|move|p1a: Groudon|Precipice Blades|p2a: Arceus
|-damage|p2a: Arceus|50/100
|
|-weather|DesolateLand|[upkeep]
|upkeep
|turn|16
|
|t:|1635685223
|move|p2a: Arceus|Judgment|p1a: Groudon
|-damage|p1a: Groudon|24/100
|move|p1a: Groudon|Roar|p2a: Arceus
|drag|p2a: Rayquaza|Rayquaza|100/100
|-damage|p2a: Rayquaza|76/100|[from] Stealth Rock
|-ability|p2a: Rayquaza|Air Lock
|
|-weather|DesolateLand|[upkeep]
|upkeep
|turn|17
|
|t:|1635685232
|-weather|none
|switch|p1a: Necrozma|Necrozma-Dusk-Mane|92/100
|detailschange|p2a: Rayquaza|Rayquaza-Mega
|-mega|p2a: Rayquaza|Rayquaza|
|-weather|DeltaStream|[from] ability: Delta Stream|[of] p2a: Rayquaza
|move|p2a: Rayquaza|Extreme Speed|p1a: Necrozma
|-resisted|p1a: Necrozma
|-damage|p1a: Necrozma|78/100
|-damage|p2a: Rayquaza|66/100|[from] item: Life Orb
|
|-weather|DeltaStream|[upkeep]
|-heal|p1a: Necrozma|84/100|[from] item: Leftovers
|upkeep
|turn|18
|
|t:|1635685243
|switch|p1a: Ho-Oh|Ho-Oh|57/100
|move|p2a: Rayquaza|V-create|p1a: Ho-Oh
|-resisted|p1a: Ho-Oh
|-crit|p1a: Ho-Oh
|-damage|p1a: Ho-Oh|1/100
|-unboost|p2a: Rayquaza|spe|1
|-unboost|p2a: Rayquaza|def|1
|-unboost|p2a: Rayquaza|spd|1
|-damage|p2a: Rayquaza|56/100|[from] item: Life Orb
|
|-weather|DeltaStream|[upkeep]
|upkeep
|turn|19
|
|t:|1635685261
|move|p2a: Rayquaza|Dragon Ascent|p1a: Ho-Oh
|-damage|p1a: Ho-Oh|0 fnt
|-unboost|p2a: Rayquaza|def|1
|-unboost|p2a: Rayquaza|spd|1
|faint|p1a: Ho-Oh
|-damage|p2a: Rayquaza|46/100|[from] item: Life Orb
|
|-weather|DeltaStream|[upkeep]
|upkeep
|
|t:|1635685267
|switch|p1a: Yveltal|Yveltal|100/100
|-ability|p1a: Yveltal|Dark Aura
|turn|20
|
|t:|1635685272
|-weather|none
|switch|p2a: Zacian|Zacian-Crowned|100/100
|-damage|p2a: Zacian|94/100|[from] Stealth Rock
|-ability|p2a: Zacian|Intrepid Sword|boost
|-boost|p2a: Zacian|atk|1
|-start|p1a: Yveltal|Dynamax
|-heal|p1a: Yveltal|100/100|[silent]
|move|p1a: Yveltal|Max Airstream|p2a: Zacian
|-resisted|p2a: Zacian
|-damage|p2a: Zacian|50/100
|-boost|p1a: Yveltal|spe|1
|-damage|p1a: Yveltal|96/100|[from] item: Life Orb
|
|upkeep
|turn|21
|
|t:|1635685286
|move|p1a: Yveltal|Max Quake|p2a: Zacian
|-supereffective|p2a: Zacian
|-crit|p2a: Zacian
|-damage|p2a: Zacian|0 fnt
|-boost|p1a: Yveltal|spd|1
|faint|p2a: Zacian
|-damage|p1a: Yveltal|91/100|[from] item: Life Orb
|
|upkeep
|
|t:|1635685290
|switch|p2a: Xerneas|Xerneas|100/100
|-damage|p2a: Xerneas|88/100|[from] Stealth Rock
|-ability|p2a: Xerneas|Fairy Aura
|turn|22
|
|t:|1635685296
|move|p1a: Yveltal|Max Airstream|p2a: Xerneas
|-damage|p2a: Xerneas|2/100
|-boost|p1a: Yveltal|spe|1
|-damage|p1a: Yveltal|86/100|[from] item: Life Orb
|move|p2a: Xerneas|Geomancy||[still]
|-prepare|p2a: Xerneas|Geomancy
|-enditem|p2a: Xerneas|Power Herb
|-anim|p2a: Xerneas|Geomancy|p2a: Xerneas
|-boost|p2a: Xerneas|spa|2
|-boost|p2a: Xerneas|spd|2
|-boost|p2a: Xerneas|spe|2
|
|-end|p1a: Yveltal|Dynamax
|-heal|p1a: Yveltal|86/100|[silent]
|upkeep
|turn|23
|
|t:|1635685308
|move|p1a: Yveltal|Oblivion Wing|p2a: Xerneas
|-damage|p2a: Xerneas|0 fnt
|-heal|p1a: Yveltal|87/100|[from] drain|[of] p2a: Xerneas
|faint|p2a: Xerneas
|-damage|p1a: Yveltal|77/100|[from] item: Life Orb
|
|upkeep
|
|t:|1635685314
|switch|p2a: Arceus|Arceus-Dark|50/100
|-damage|p2a: Arceus|38/100|[from] Stealth Rock
|turn|24
|
|t:|1635685318
|move|p1a: Yveltal|Taunt|p2a: Arceus
|-start|p2a: Arceus|move: Taunt
|cant|p2a: Arceus|move: Taunt|Recover
|
|upkeep
|turn|25
|
|t:|1635685322
|move|p1a: Yveltal|Oblivion Wing|p2a: Arceus
|-damage|p2a: Arceus|0 fnt
|-heal|p1a: Yveltal|100/100|[from] drain|[of] p2a: Arceus
|faint|p2a: Arceus
|-damage|p1a: Yveltal|91/100|[from] item: Life Orb
|
|upkeep
|
|t:|1635685327
|switch|p2a: Rayquaza|Rayquaza-Mega|46/100
|-damage|p2a: Rayquaza|21/100|[from] Stealth Rock
|-weather|DeltaStream|[from] ability: Delta Stream|[of] p2a: Rayquaza
|turn|26
|
|t:|1635685332
|move|p2a: Rayquaza|Extreme Speed|p1a: Yveltal
|-damage|p1a: Yveltal|41/100
|-damage|p2a: Rayquaza|11/100|[from] item: Life Orb
|move|p1a: Yveltal|Dark Pulse|p2a: Rayquaza
|-damage|p2a: Rayquaza|0 fnt
|faint|p2a: Rayquaza
|-weather|none
|-damage|p1a: Yveltal|31/100|[from] item: Life Orb
|
|upkeep
|
|t:|1635685335
|switch|p2a: Necrozma|Necrozma-Dusk-Mane|94/100
|-damage|p2a: Necrozma|88/100|[from] Stealth Rock
|turn|27
|-message|andrezeras forfeited.
|
|win|starkorea74
|raw|starkorea74's rating: 1789 &rarr; <strong>1800</strong><br />(+11 for winning)
|raw|andrezeras's rating: 1619 &rarr; <strong>1608</strong><br />(-11 for losing)
|l|☆andrezeras
|l|☆starkorea74
