|j|☆Snake of the Moon
|j|☆Glaliegoesboom ❤
|t:|1661684760
|gametype|singles
|player|p1|Snake of the Moon|lance-masters|
|player|p2|Glaliegoesboom ❤|cynthia-masters|
|teamsize|p1|6
|teamsize|p2|6
|gen|8
|tier|[Gen 8] National Dex AG
|rule|HP Percentage Mod: HP is shown in percentages
|rule|Endless Battle Clause: Forcing endless battles is banned
|clearpoke
|poke|p1|Dialga|
|poke|p1|Giratina-Origin|
|poke|p1|Clefable, M|
|poke|p1|Ferrothorn, F|
|poke|p1|Rotom-Wash|
|poke|p1|Lucario, F|
|poke|p2|Clefable, M|
|poke|p2|Ferrothorn, F|
|poke|p2|Hippowdon, F|
|poke|p2|Dialga|
|poke|p2|Gyarados, M|
|poke|p2|Giratina|
|teampreview
|inactive|Battle timer is ON: inactive players will automatically lose when time's up. (requested by Snake of the Moon)
|inactive|Glaliegoesboom ❤ also wants the timer to be on.
|l|☆Glaliegoesboom ❤
|inactive|Glaliegoesboom ❤ disconnected and has 300 seconds to reconnect!
|player|p2|
|j|☆Glaliegoesboom ❤
|inactive|Glaliegoesboom ❤ reconnected and has 295 seconds left.
|player|p2|Glaliegoesboom ❤|cynthia-masters
|
|t:|1661684787
|start
|switch|p1a: Ferrothorn|Ferrothorn, F|100/100
|switch|p2a: Giratina|Giratina|100/100
|-ability|p2a: Giratina|Pressure
|turn|1
|j| MVP2536
|
|t:|1661684796
|move|p2a: Giratina|Will-O-Wisp|p1a: Ferrothorn
|-status|p1a: Ferrothorn|brn
|move|p1a: Ferrothorn|Stealth Rock|p2a: Giratina
|-sidestart|p2: Glaliegoesboom ❤|move: Stealth Rock
|
|-damage|p1a: Ferrothorn|94/100 brn|[from] brn
|upkeep
|turn|2
|
|t:|1661684804
|switch|p1a: Clefable|Clefable, M|100/100
|move|p2a: Giratina|Defog|p1a: Clefable
|-unboost|p1a: Clefable|evasion|1
|-sideend|p2: Glaliegoesboom ❤|Stealth Rock|[from] move: Defog|[of] p2a: Giratina
|
|upkeep
|turn|3
|
|t:|1661684808
|switch|p2a: Ferrothorn|Ferrothorn, F|100/100
|-ability|p2a: Ferrothorn|Anticipation
|move|p1a: Clefable|Flamethrower|p2a: Ferrothorn
|-supereffective|p2a: Ferrothorn
|-enditem|p2a: Ferrothorn|Occa Berry|[eat]
|-enditem|p2a: Ferrothorn|Occa Berry|[weaken]
|-damage|p2a: Ferrothorn|57/100
|
|upkeep
|turn|4
|
|t:|1661684816
|move|p1a: Clefable|Flamethrower|p2a: Ferrothorn
|-supereffective|p2a: Ferrothorn
|-damage|p2a: Ferrothorn|0 fnt
|faint|p2a: Ferrothorn
|
|upkeep
|
|t:|1661684819
|switch|p2a: Dialga|Dialga|100/100
|-ability|p2a: Dialga|Pressure
|turn|5
|
|t:|1661684831
|move|p2a: Dialga|Flash Cannon|p1a: Clefable
|-supereffective|p1a: Clefable
|-enditem|p1a: Clefable|Babiri Berry|[eat]
|-enditem|p1a: Clefable|Babiri Berry|[weaken]
|-damage|p1a: Clefable|51/100
|move|p1a: Clefable|Moonblast|p2a: Dialga
|-damage|p2a: Dialga|76/100
|
|upkeep
|turn|6
|
|t:|1661684841
|switch|p1a: Lucario|Lucario, F|100/100
|move|p2a: Dialga|Flash Cannon|p1a: Lucario
|-resisted|p1a: Lucario
|-damage|p1a: Lucario|58/100
|
|upkeep
|turn|7
|
|t:|1661684846
|switch|p2a: Giratina|Giratina|100/100
|-ability|p2a: Giratina|Pressure
|detailschange|p1a: Lucario|Lucario-Mega, F
|-mega|p1a: Lucario|Lucario|Lucarionite
|move|p1a: Lucario|Aura Sphere|p2a: Giratina
|-immune|p2a: Giratina
|
|upkeep
|turn|8
|
|t:|1661684849
|move|p1a: Lucario|Nasty Plot|p1a: Lucario
|-boost|p1a: Lucario|spa|2
|move|p2a: Giratina|Will-O-Wisp|p1a: Lucario
|-status|p1a: Lucario|brn
|
|-damage|p1a: Lucario|52/100 brn|[from] brn
|upkeep
|turn|9
|
|t:|1661684855
|move|p1a: Lucario|Flash Cannon|p2a: Giratina
|-damage|p2a: Giratina|33/100
|move|p2a: Giratina|Hex|p1a: Lucario
|-damage|p1a: Lucario|0 fnt
|faint|p1a: Lucario
|
|upkeep
|
|t:|1661684864
|switch|p1a: Dialga|Dialga|100/100
|-ability|p1a: Dialga|Pressure
|turn|10
|
|t:|1661684868
|switch|p2a: Hippowdon|Hippowdon, F|100/100
|-weather|Sandstorm|[from] ability: Sand Stream|[of] p2a: Hippowdon
|move|p1a: Dialga|Dragon Pulse|p2a: Hippowdon
|-damage|p2a: Hippowdon|52/100
|-damage|p1a: Dialga|91/100|[from] item: Life Orb
|
|-weather|Sandstorm|[upkeep]
|-heal|p2a: Hippowdon|58/100|[from] item: Leftovers
|upkeep
|turn|11
|
|t:|1661684877
|switch|p1a: Ferrothorn|Ferrothorn, F|94/100 brn
|move|p2a: Hippowdon|Slack Off|p2a: Hippowdon
|-heal|p2a: Hippowdon|100/100
|
|-weather|Sandstorm|[upkeep]
|-damage|p1a: Ferrothorn|88/100 brn|[from] brn
|upkeep
|turn|12
|
|t:|1661684886
|switch|p2a: Giratina|Giratina|33/100
|-ability|p2a: Giratina|Pressure
|switch|p1a: Clefable|Clefable, M|51/100
|
|-weather|Sandstorm|[upkeep]
|-damage|p2a: Giratina|26/100|[from] Sandstorm
|-damage|p1a: Clefable|45/100|[from] Sandstorm
|upkeep
|turn|13
|c|☆Snake of the Moon|Fuck i forgot mguard
|
|t:|1661684903
|switch|p2a: Dialga|Dialga|76/100
|-ability|p2a: Dialga|Pressure
|move|p1a: Clefable|Moonblast|p2a: Dialga
|-damage|p2a: Dialga|55/100
|-unboost|p2a: Dialga|spa|1
|
|-weather|Sandstorm|[upkeep]
|-damage|p1a: Clefable|39/100|[from] Sandstorm
|upkeep
|turn|14
|
|t:|1661684907
|switch|p2a: Hippowdon|Hippowdon, F|100/100
|switch|p1a: Rotom|Rotom-Wash|100/100
|
|-weather|none
|upkeep
|turn|15
|c| MVP2536|oh damn
|
|t:|1661684910
|switch|p2a: Clefable|Clefable, M|100/100
|move|p1a: Rotom|Will-O-Wisp|p2a: Clefable
|-status|p2a: Clefable|brn
|
|upkeep
|turn|16
|
|t:|1661684917
|move|p1a: Rotom|Volt Switch|p2a: Clefable
|-damage|p2a: Clefable|83/100 brn
|
|t:|1661684919
|switch|p1a: Ferrothorn|Ferrothorn, F|88/100 brn|[from]move: Volt Switch
|-ability|p1a: Ferrothorn|Anticipation
|move|p2a: Clefable|Teleport|p2a: Clefable
|
|t:|1661684921
|switch|p2a: Dialga|Dialga|55/100|[from]move: Teleport
|-ability|p2a: Dialga|Pressure
|
|-damage|p1a: Ferrothorn|82/100 brn|[from] brn
|upkeep
|turn|17
|
|t:|1661684931
|move|p2a: Dialga|Flamethrower|p1a: Ferrothorn
|-supereffective|p1a: Ferrothorn
|-enditem|p1a: Ferrothorn|Occa Berry|[eat]
|-enditem|p1a: Ferrothorn|Occa Berry|[weaken]
|-damage|p1a: Ferrothorn|36/100 brn
|move|p1a: Ferrothorn|Stealth Rock|p2a: Dialga
|-sidestart|p2: Glaliegoesboom ❤|move: Stealth Rock
|
|-damage|p1a: Ferrothorn|30/100 brn|[from] brn
|upkeep
|turn|18
|
|t:|1661684944
|switch|p2a: Giratina|Giratina|26/100
|-damage|p2a: Giratina|14/100|[from] Stealth Rock
|-ability|p2a: Giratina|Pressure
|switch|p1a: Rotom|Rotom-Wash|100/100
|
|upkeep
|turn|19
|
|t:|1661684949
|switch|p1a: Dialga|Dialga|91/100
|-ability|p1a: Dialga|Pressure
|move|p2a: Giratina|Defog|p1a: Dialga
|-unboost|p1a: Dialga|evasion|1
|-sideend|p2: Glaliegoesboom ❤|Stealth Rock|[from] move: Defog|[of] p2a: Giratina
|
|upkeep
|turn|20
|
|t:|1661684956
|switch|p2a: Hippowdon|Hippowdon, F|100/100
|-weather|Sandstorm|[from] ability: Sand Stream|[of] p2a: Hippowdon
|move|p1a: Dialga|Flash Cannon|p2a: Hippowdon
|-damage|p2a: Hippowdon|59/100
|-damage|p1a: Dialga|81/100|[from] item: Life Orb
|
|-weather|Sandstorm|[upkeep]
|-heal|p2a: Hippowdon|65/100|[from] item: Leftovers
|upkeep
|turn|21
|
|t:|1661684960
|switch|p1a: Ferrothorn|Ferrothorn, F|30/100 brn
|move|p2a: Hippowdon|Slack Off|p2a: Hippowdon
|-heal|p2a: Hippowdon|100/100
|
|-weather|Sandstorm|[upkeep]
|-damage|p1a: Ferrothorn|24/100 brn|[from] brn
|upkeep
|turn|22
|
|t:|1661684964
|move|p2a: Hippowdon|Earthquake|p1a: Ferrothorn
|-damage|p1a: Ferrothorn|0 fnt
|faint|p1a: Ferrothorn
|
|-weather|Sandstorm|[upkeep]
|upkeep
|
|t:|1661684972
|switch|p1a: Giratina|Giratina-Origin|100/100
|turn|23
|
|t:|1661684975
|move|p1a: Giratina|Hone Claws|p1a: Giratina
|-boost|p1a: Giratina|atk|1
|-boost|p1a: Giratina|accuracy|1
|move|p2a: Hippowdon|Toxic|p1a: Giratina
|-status|p1a: Giratina|tox
|
|-weather|Sandstorm|[upkeep]
|-damage|p1a: Giratina|94/100 tox|[from] Sandstorm
|-damage|p1a: Giratina|88/100 tox|[from] psn
|upkeep
|turn|24
|
|t:|1661684984
|switch|p2a: Giratina|Giratina|14/100
|-ability|p2a: Giratina|Pressure
|move|p1a: Giratina|Poltergeist|p2a: Giratina
|-activate|p2a: Giratina|move: Poltergeist|Colbur Berry
|-supereffective|p2a: Giratina
|-damage|p2a: Giratina|0 fnt
|faint|p2a: Giratina
|
|-weather|none
|-damage|p1a: Giratina|76/100 tox|[from] psn
|upkeep
|
|t:|1661684988
|switch|p2a: Gyarados|Gyarados, M|100/100
|-ability|p2a: Gyarados|Intimidate|boost
|-unboost|p1a: Giratina|atk|1
|turn|25
|
|t:|1661685001
|switch|p1a: Rotom|Rotom-Wash|100/100
|detailschange|p2a: Gyarados|Gyarados-Mega, M
|-mega|p2a: Gyarados|Gyarados|Gyaradosite
|-ability|p2a: Gyarados|Mold Breaker
|move|p2a: Gyarados|Dragon Dance|p2a: Gyarados
|-boost|p2a: Gyarados|atk|1
|-boost|p2a: Gyarados|spe|1
|
|upkeep
|turn|26
|
|t:|1661685004
|move|p2a: Gyarados|Earthquake|p1a: Rotom
|-supereffective|p1a: Rotom
|-damage|p1a: Rotom|4/100
|move|p1a: Rotom|Will-O-Wisp|p2a: Gyarados
|-status|p2a: Gyarados|brn
|
|-damage|p2a: Gyarados|94/100 brn|[from] brn
|upkeep
|turn|27
|
|t:|1661685014
|move|p2a: Gyarados|Waterfall|p1a: Rotom
|-resisted|p1a: Rotom
|-damage|p1a: Rotom|0 fnt
|-damage|p2a: Gyarados|78/100 brn|[from] item: Rocky Helmet|[of] p1a: Rotom
|faint|p1a: Rotom
|
|-damage|p2a: Gyarados|72/100 brn|[from] brn
|upkeep
|
|t:|1661685023
|switch|p1a: Giratina|Giratina-Origin|76/100 tox
|turn|28
|
|t:|1661685029
|-start|p1a: Giratina|Dynamax|
|-heal|p1a: Giratina|76/100 tox|[silent]
|move|p2a: Gyarados|Dragon Dance|p2a: Gyarados
|-boost|p2a: Gyarados|atk|1
|-boost|p2a: Gyarados|spe|1
|move|p1a: Giratina|Max Airstream|p2a: Gyarados
|-damage|p2a: Gyarados|32/100 brn
|-boost|p1a: Giratina|spe|1
|
|-damage|p1a: Giratina|73/100 tox|[from] psn
|-damage|p2a: Gyarados|26/100 brn|[from] brn
|upkeep
|turn|29
|
|t:|1661685038
|move|p2a: Gyarados|Crunch|p1a: Giratina
|-supereffective|p1a: Giratina
|-damage|p1a: Giratina|35/100 tox
|move|p1a: Giratina|Max Wyrmwind|p2a: Gyarados
|-damage|p2a: Gyarados|0 fnt
|faint|p2a: Gyarados
|
|-damage|p1a: Giratina|29/100 tox|[from] psn
|upkeep
|
|t:|1661685046
|switch|p2a: Clefable|Clefable, M|83/100 brn
|turn|30
|
|t:|1661685050
|move|p1a: Giratina|Max Phantasm|p2a: Clefable
|-damage|p2a: Clefable|0 fnt
|faint|p2a: Clefable
|
|-damage|p1a: Giratina|20/100 tox|[from] psn
|upkeep
|
|t:|1661685058
|switch|p2a: Hippowdon|Hippowdon, F|100/100
|-weather|Sandstorm|[from] ability: Sand Stream|[of] p2a: Hippowdon
|-end|p1a: Giratina|Dynamax
|-heal|p1a: Giratina|20/100 tox|[silent]
|turn|31
|
|t:|1661685070
|move|p1a: Giratina|Poltergeist|p2a: Hippowdon
|-activate|p2a: Hippowdon|move: Poltergeist|Leftovers
|-damage|p2a: Hippowdon|53/100
|move|p2a: Hippowdon|Slack Off|p2a: Hippowdon
|-heal|p2a: Hippowdon|100/100
|
|-weather|Sandstorm|[upkeep]
|-damage|p1a: Giratina|14/100 tox|[from] Sandstorm
|-damage|p1a: Giratina|0 fnt|[from] psn
|faint|p1a: Giratina
|upkeep
|
|t:|1661685073
|switch|p1a: Clefable|Clefable, M|39/100
|turn|32
|
|t:|1661685078
|switch|p2a: Dialga|Dialga|55/100
|-ability|p2a: Dialga|Pressure
|move|p1a: Clefable|Soft-Boiled|p1a: Clefable
|-heal|p1a: Clefable|89/100
|
|-weather|Sandstorm|[upkeep]
|-damage|p1a: Clefable|82/100|[from] Sandstorm
|upkeep
|turn|33
|
|t:|1661685084
|switch|p1a: Dialga|Dialga|81/100
|-ability|p1a: Dialga|Pressure
|move|p2a: Dialga|Flash Cannon|p1a: Dialga
|-resisted|p1a: Dialga
|-damage|p1a: Dialga|57/100
|
|-weather|Sandstorm|[upkeep]
|upkeep
|turn|34
|
|t:|1661685091
|-start|p2a: Dialga|Dynamax|
|-heal|p2a: Dialga|55/100|[silent]
|move|p1a: Dialga|Dragon Pulse|p2a: Dialga
|-damage|p2a: Dialga|35/100
|-damage|p1a: Dialga|47/100|[from] item: Life Orb
|move|p2a: Dialga|Max Quake|p1a: Dialga
|-supereffective|p1a: Dialga
|-damage|p1a: Dialga|0 fnt
|-boost|p2a: Dialga|spd|1
|faint|p1a: Dialga
|
|-weather|Sandstorm|[upkeep]
|upkeep
|
|t:|1661685093
|switch|p1a: Clefable|Clefable, M|82/100
|turn|35
|
|t:|1661685101
|move|p2a: Dialga|Max Steelspike|p1a: Clefable
|-supereffective|p1a: Clefable
|-damage|p1a: Clefable|0 fnt
|-boost|p2a: Dialga|def|1
|faint|p1a: Clefable
|
|win|Glaliegoesboom ❤
|c|☆Snake of the Moon|Gg
|c|☆Glaliegoesboom ❤|Gg
|l|☆Glaliegoesboom ❤
|l| MVP2536
