|j|☆otpteemotiamat
|j|☆DarkboiJ
|t:|1665950637
|gametype|singles
|player|p1|otpteemotiamat|guitarist|1827
|player|p2|DarkboiJ|blue-gen3two|1885
|teamsize|p1|6
|teamsize|p2|6
|gen|8
|tier|[Gen 8] National Dex AG
|rated|
|rule|HP Percentage Mod: HP is shown in percentages
|rule|Endless Battle Clause: Forcing endless battles is banned
|clearpoke
|poke|p1|Chansey, F|
|poke|p1|Quagsire, M|
|poke|p1|Zygarde|
|poke|p1|Toxapex, M|
|poke|p1|Ho-Oh|
|poke|p1|Tyranitar, M|
|poke|p2|Arceus-*|
|poke|p2|Ditto|
|poke|p2|Arceus-*|
|poke|p2|Calyrex-Shadow|
|poke|p2|Necrozma-Dusk-Mane|
|poke|p2|Groudon|
|teampreview
|inactive|Battle timer is ON: inactive players will automatically lose when time's up. (requested by DarkboiJ)
|
|t:|1665950660
|start
|switch|p1a: Zygarde|Zygarde|100/100
|switch|p2a: Calyrex|Calyrex-Shadow|100/100
|-ability|p2a: Calyrex|As One
|-ability|p2a: Calyrex|Unnerve
|turn|1
|
|t:|1665950665
|switch|p1a: Tyranitar|Tyranitar, M|100/100
|-weather|Sandstorm|[from] ability: Sand Stream|[of] p1a: Tyranitar
|move|p2a: Calyrex|Nasty Plot|p2a: Calyrex
|-boost|p2a: Calyrex|spa|2
|
|-weather|Sandstorm|[upkeep]
|-damage|p2a: Calyrex|94/100|[from] Sandstorm
|upkeep
|turn|2
|
|t:|1665950670
|move|p2a: Calyrex|Draining Kiss|p1a: Tyranitar
|-supereffective|p1a: Tyranitar
|-damage|p1a: Tyranitar|62/100
|-heal|p2a: Calyrex|100/100|[from] drain|[of] p1a: Tyranitar
|move|p1a: Tyranitar|Foul Play|p2a: Calyrex
|-supereffective|p2a: Calyrex
|-damage|p2a: Calyrex|1/100
|
|-weather|Sandstorm|[upkeep]
|-damage|p2a: Calyrex|0 fnt|[from] Sandstorm
|faint|p2a: Calyrex
|upkeep
|
|t:|1665950685
|switch|p2a: Arceus|Arceus-Fairy|100/100
|turn|3
|
|t:|1665950691
|switch|p1a: Chansey|Chansey, F|100/100
|move|p2a: Arceus|Stealth Rock|p1a: Chansey
|-sidestart|p1: otpteemotiamat|move: Stealth Rock
|
|-weather|Sandstorm|[upkeep]
|-damage|p2a: Arceus|94/100|[from] Sandstorm
|-damage|p1a: Chansey|94/100|[from] Sandstorm
|upkeep
|turn|4
|
|t:|1665950696
|switch|p2a: Necrozma|Necrozma-Dusk-Mane|100/100
|move|p1a: Chansey|Toxic|p2a: Necrozma
|-immune|p2a: Necrozma
|
|-weather|Sandstorm|[upkeep]
|-damage|p1a: Chansey|88/100|[from] Sandstorm
|upkeep
|turn|5
|
|t:|1665950703
|switch|p2a: Groudon|Groudon|100/100
|detailschange|p2a: Groudon|Groudon-Primal
|-primal|p2a: Groudon
|-weather|DesolateLand|[from] ability: Desolate Land|[of] p2a: Groudon
|switch|p1a: Ho-Oh|Ho-Oh|100/100
|
|-weather|DesolateLand|[upkeep]
|upkeep
|turn|6
|
|t:|1665950706
|switch|p1a: Zygarde|Zygarde|100/100
|-damage|p1a: Zygarde|94/100|[from] Stealth Rock
|move|p2a: Groudon|Rock Slide|p1a: Zygarde
|-resisted|p1a: Zygarde
|-damage|p1a: Zygarde|87/100
|
|-weather|DesolateLand|[upkeep]
|-heal|p1a: Zygarde|93/100|[from] item: Leftovers
|upkeep
|turn|7
|
|t:|1665950714
|-weather|none
|switch|p2a: Arceus|Arceus-Fairy|94/100
|move|p1a: Zygarde|Glare|p2a: Arceus
|-status|p2a: Arceus|par
|
|-heal|p1a: Zygarde|99/100|[from] item: Leftovers
|upkeep
|turn|8
|
|t:|1665950718
|switch|p1a: Ho-Oh|Ho-Oh|100/100
|move|p2a: Arceus|Toxic|p1a: Ho-Oh|[miss]
|-miss|p2a: Arceus|p1a: Ho-Oh
|
|upkeep
|turn|9
|
|t:|1665950723
|move|p1a: Ho-Oh|Defog|p2a: Arceus
|-unboost|p2a: Arceus|evasion|1
|-sideend|p1: otpteemotiamat|Stealth Rock|[from] move: Defog|[of] p1a: Ho-Oh
|cant|p2a: Arceus|par
|
|upkeep
|turn|10
|inactive|otpteemotiamat has 120 seconds left.
|
|t:|1665950754
|move|p2a: Arceus|Stealth Rock|p1a: Ho-Oh
|-sidestart|p1: otpteemotiamat|move: Stealth Rock
|move|p1a: Ho-Oh|Whirlwind|p2a: Arceus
|drag|p2a: Arceus|Arceus|100/100
|
|upkeep
|turn|11
|
|t:|1665950766
|move|p2a: Arceus|Swords Dance|p2a: Arceus
|-boost|p2a: Arceus|atk|2
|move|p1a: Ho-Oh|Sacred Fire|p2a: Arceus
|-damage|p2a: Arceus|74/100
|
|upkeep
|turn|12
|
|t:|1665950777
|-start|p2a: Arceus|Dynamax|
|-heal|p2a: Arceus|74/100|[silent]
|move|p2a: Arceus|Max Phantasm|p1a: Ho-Oh
|-damage|p1a: Ho-Oh|47/100
|-unboost|p1a: Ho-Oh|def|1
|move|p1a: Ho-Oh|Sacred Fire|p2a: Arceus
|-damage|p2a: Arceus|59/100
|
|upkeep
|turn|13
|
|t:|1665950785
|switch|p1a: Zygarde|Zygarde|99/100
|-damage|p1a: Zygarde|93/100|[from] Stealth Rock
|move|p2a: Arceus|Max Phantasm|p1a: Zygarde
|-damage|p1a: Zygarde|52/100
|-unboost|p1a: Zygarde|def|1
|
|-heal|p1a: Zygarde|58/100|[from] item: Leftovers
|upkeep
|turn|14
|
|t:|1665950795
|move|p2a: Arceus|Max Strike|p1a: Zygarde
|-damage|p1a: Zygarde|0 fnt
|faint|p1a: Zygarde
|
|upkeep
|
|t:|1665950800
|switch|p1a: Quagsire|Quagsire, M|100/100
|-damage|p1a: Quagsire|94/100|[from] Stealth Rock
|-end|p2a: Arceus|Dynamax
|-heal|p2a: Arceus|59/100|[silent]
|turn|15
|
|t:|1665950807
|switch|p2a: Arceus|Arceus-Fairy|94/100 par
|move|p1a: Quagsire|Toxic||[still]
|-fail|p1a: Quagsire
|
|upkeep
|turn|16
|
|t:|1665950811
|switch|p1a: Ho-Oh|Ho-Oh|80/100
|cant|p2a: Arceus|par
|
|upkeep
|turn|17
|
|t:|1665950814
|move|p1a: Ho-Oh|Defog|p2a: Arceus
|-unboost|p2a: Arceus|evasion|1
|-sideend|p1: otpteemotiamat|Stealth Rock|[from] move: Defog|[of] p1a: Ho-Oh
|move|p2a: Arceus|Toxic|p1a: Ho-Oh|[miss]
|-miss|p2a: Arceus|p1a: Ho-Oh
|
|upkeep
|turn|18
|
|t:|1665950821
|move|p1a: Ho-Oh|Sacred Fire|p2a: Arceus
|-damage|p2a: Arceus|67/100 par
|move|p2a: Arceus|Stealth Rock|p1a: Ho-Oh
|-sidestart|p1: otpteemotiamat|move: Stealth Rock
|
|upkeep
|turn|19
|
|t:|1665950825
|move|p1a: Ho-Oh|Defog|p2a: Arceus
|-unboost|p2a: Arceus|evasion|1
|-sideend|p1: otpteemotiamat|Stealth Rock|[from] move: Defog|[of] p1a: Ho-Oh
|move|p2a: Arceus|Toxic|p1a: Ho-Oh
|-status|p1a: Ho-Oh|tox
|
|-damage|p1a: Ho-Oh|74/100 tox|[from] psn
|upkeep
|turn|20
|
|t:|1665950829
|switch|p1a: Toxapex|Toxapex, M|100/100
|move|p2a: Arceus|Recover|p2a: Arceus
|-heal|p2a: Arceus|100/100 par
|
|upkeep
|turn|21
|
|t:|1665950831
|move|p2a: Arceus|Stealth Rock|p1a: Toxapex
|-sidestart|p1: otpteemotiamat|move: Stealth Rock
|move|p1a: Toxapex|Knock Off|p2a: Arceus
|-resisted|p2a: Arceus
|-damage|p2a: Arceus|97/100 par
|
|upkeep
|turn|22
|
|t:|1665950847
|switch|p2a: Groudon|Groudon-Primal|100/100
|-weather|DesolateLand|[from] ability: Desolate Land|[of] p2a: Groudon
|switch|p1a: Chansey|Chansey, F|88/100
|-damage|p1a: Chansey|76/100|[from] Stealth Rock
|
|-weather|DesolateLand|[upkeep]
|upkeep
|turn|23
|
|t:|1665950853
|switch|p1a: Toxapex|Toxapex, M|100/100
|-damage|p1a: Toxapex|88/100|[from] Stealth Rock
|move|p2a: Groudon|Fire Punch|p1a: Toxapex
|-resisted|p1a: Toxapex
|-damage|p1a: Toxapex|68/100
|
|-weather|DesolateLand|[upkeep]
|-heal|p1a: Toxapex|75/100|[from] item: Black Sludge
|upkeep
|turn|24
|
|t:|1665950858
|move|p2a: Groudon|Earthquake|p1a: Toxapex
|-supereffective|p1a: Toxapex
|-damage|p1a: Toxapex|7/100
|move|p1a: Toxapex|Toxic|p2a: Groudon
|-status|p2a: Groudon|tox
|
|-weather|DesolateLand|[upkeep]
|-heal|p1a: Toxapex|14/100|[from] item: Black Sludge
|-damage|p2a: Groudon|94/100 tox|[from] psn
|upkeep
|turn|25
|
|t:|1665950864
|switch|p1a: Quagsire|Quagsire, M|94/100
|-damage|p1a: Quagsire|88/100|[from] Stealth Rock
|move|p2a: Groudon|Rock Slide|p1a: Quagsire
|-resisted|p1a: Quagsire
|-damage|p1a: Quagsire|79/100
|
|-weather|DesolateLand|[upkeep]
|-damage|p2a: Groudon|82/100 tox|[from] psn
|upkeep
|turn|26
|
|t:|1665950870
|-weather|none
|switch|p2a: Arceus|Arceus-Fairy|97/100 par
|move|p1a: Quagsire|Recover|p1a: Quagsire
|-heal|p1a: Quagsire|100/100
|
|upkeep
|turn|27
|
|t:|1665950875
|switch|p2a: Groudon|Groudon-Primal|82/100 tox
|-weather|DesolateLand|[from] ability: Desolate Land|[of] p2a: Groudon
|switch|p1a: Ho-Oh|Ho-Oh|100/100 tox
|
|-weather|DesolateLand|[upkeep]
|-damage|p2a: Groudon|76/100 tox|[from] psn
|-damage|p1a: Ho-Oh|94/100 tox|[from] psn
|upkeep
|turn|28
|
|t:|1665950885
|switch|p1a: Quagsire|Quagsire, M|100/100
|-damage|p1a: Quagsire|94/100|[from] Stealth Rock
|move|p2a: Groudon|Rock Slide|p1a: Quagsire
|-resisted|p1a: Quagsire
|-damage|p1a: Quagsire|84/100
|
|-weather|DesolateLand|[upkeep]
|-damage|p2a: Groudon|63/100 tox|[from] psn
|upkeep
|turn|29
|
|t:|1665950892
|-weather|none
|switch|p2a: Arceus|Arceus-Fairy|97/100 par
|move|p1a: Quagsire|Earthquake|p2a: Arceus
|-damage|p2a: Arceus|78/100 par
|
|upkeep
|turn|30
|
|t:|1665950900
|switch|p2a: Arceus|Arceus|59/100
|switch|p1a: Ho-Oh|Ho-Oh|100/100 tox
|
|-damage|p1a: Ho-Oh|94/100 tox|[from] psn
|upkeep
|turn|31
|
|t:|1665950909
|move|p2a: Arceus|Extreme Speed|p1a: Ho-Oh
|-crit|p1a: Ho-Oh
|-damage|p1a: Ho-Oh|55/100 tox
|move|p1a: Ho-Oh|Sacred Fire|p2a: Arceus
|-damage|p2a: Arceus|30/100
|-status|p2a: Arceus|brn
|-enditem|p2a: Arceus|Lum Berry|[eat]
|-curestatus|p2a: Arceus|brn|[msg]
|
|-damage|p1a: Ho-Oh|43/100 tox|[from] psn
|upkeep
|turn|32
|
|t:|1665950917
|switch|p1a: Toxapex|Toxapex, M|47/100
|-damage|p1a: Toxapex|34/100|[from] Stealth Rock
|move|p2a: Arceus|Recover|p2a: Arceus
|-heal|p2a: Arceus|80/100
|
|-heal|p1a: Toxapex|41/100|[from] item: Black Sludge
|upkeep
|turn|33
|
|t:|1665950924
|switch|p2a: Groudon|Groudon-Primal|63/100 tox
|-weather|DesolateLand|[from] ability: Desolate Land|[of] p2a: Groudon
|switch|p1a: Quagsire|Quagsire, M|84/100
|-damage|p1a: Quagsire|78/100|[from] Stealth Rock
|
|-weather|DesolateLand|[upkeep]
|-damage|p2a: Groudon|57/100 tox|[from] psn
|upkeep
|turn|34
|
|t:|1665950929
|move|p2a: Groudon|Earthquake|p1a: Quagsire
|-damage|p1a: Quagsire|39/100
|move|p1a: Quagsire|Earthquake|p2a: Groudon
|-supereffective|p2a: Groudon
|-damage|p2a: Groudon|30/100 tox
|
|-weather|DesolateLand|[upkeep]
|-damage|p2a: Groudon|18/100 tox|[from] psn
|upkeep
|turn|35
|
|t:|1665950940
|switch|p1a: Ho-Oh|Ho-Oh|76/100 tox
|move|p2a: Groudon|Earthquake|p1a: Ho-Oh
|-immune|p1a: Ho-Oh
|
|-weather|DesolateLand|[upkeep]
|-damage|p2a: Groudon|0 fnt|[from] psn
|faint|p2a: Groudon
|-weather|none
|-damage|p1a: Ho-Oh|70/100 tox|[from] psn
|upkeep
|
|t:|1665950946
|switch|p2a: Arceus|Arceus|80/100
|turn|36
|
|t:|1665950949
|move|p2a: Arceus|Swords Dance|p2a: Arceus
|-boost|p2a: Arceus|atk|2
|move|p1a: Ho-Oh|Sacred Fire|p2a: Arceus
|-damage|p2a: Arceus|52/100
|
|-damage|p1a: Ho-Oh|58/100 tox|[from] psn
|upkeep
|turn|37
|
|t:|1665950953
|switch|p1a: Tyranitar|Tyranitar, M|62/100
|-damage|p1a: Tyranitar|50/100|[from] Stealth Rock
|-weather|Sandstorm|[from] ability: Sand Stream|[of] p1a: Tyranitar
|move|p2a: Arceus|Extreme Speed|p1a: Tyranitar
|-resisted|p1a: Tyranitar
|-damage|p1a: Tyranitar|19/100
|
|-weather|Sandstorm|[upkeep]
|-damage|p2a: Arceus|46/100|[from] Sandstorm
|upkeep
|turn|38
|
|t:|1665950962
|move|p2a: Arceus|Extreme Speed|p1a: Tyranitar
|-resisted|p1a: Tyranitar
|-damage|p1a: Tyranitar|0 fnt
|faint|p1a: Tyranitar
|
|-weather|Sandstorm|[upkeep]
|-damage|p2a: Arceus|40/100|[from] Sandstorm
|upkeep
|
|t:|1665950967
|switch|p1a: Ho-Oh|Ho-Oh|91/100 tox
|turn|39
|
|t:|1665950976
|move|p2a: Arceus|Extreme Speed|p1a: Ho-Oh
|-damage|p1a: Ho-Oh|40/100 tox
|move|p1a: Ho-Oh|Sacred Fire|p2a: Arceus
|-damage|p2a: Arceus|10/100
|
|-weather|Sandstorm|[upkeep]
|-damage|p2a: Arceus|4/100|[from] Sandstorm
|-damage|p1a: Ho-Oh|34/100 tox|[from] Sandstorm
|-damage|p1a: Ho-Oh|28/100 tox|[from] psn
|upkeep
|turn|40
|
|t:|1665950986
|switch|p1a: Toxapex|Toxapex, M|74/100
|-damage|p1a: Toxapex|61/100|[from] Stealth Rock
|move|p2a: Arceus|Recover|p2a: Arceus
|-heal|p2a: Arceus|54/100
|
|-weather|Sandstorm|[upkeep]
|-damage|p2a: Arceus|48/100|[from] Sandstorm
|-damage|p1a: Toxapex|55/100|[from] Sandstorm
|-heal|p1a: Toxapex|61/100|[from] item: Black Sludge
|upkeep
|turn|41
|
|t:|1665950993
|move|p2a: Arceus|Extreme Speed|p1a: Toxapex
|-damage|p1a: Toxapex|7/100
|move|p1a: Toxapex|Scald|p2a: Arceus
|-damage|p2a: Arceus|38/100
|-status|p2a: Arceus|brn
|
|-weather|none
|-heal|p1a: Toxapex|13/100|[from] item: Black Sludge
|-damage|p2a: Arceus|32/100 brn|[from] brn
|upkeep
|turn|42
|c|☆otpteemotiamat|finally
|c|☆DarkboiJ|Finally? U got instant burn lol
|inactive|DarkboiJ has 120 seconds left.
|
|t:|1665951025
|switch|p2a: Necrozma|Necrozma-Dusk-Mane|100/100
|switch|p1a: Ho-Oh|Ho-Oh|61/100 tox
|
|-damage|p1a: Ho-Oh|55/100 tox|[from] psn
|upkeep
|turn|43
|c|☆otpteemotiamat|after 6 sacref fires
|c|☆otpteemotiamat|sacred
|c|☆otpteemotiamat|1 was the berry
|
|t:|1665951040
|switch|p1a: Toxapex|Toxapex, M|47/100
|-damage|p1a: Toxapex|34/100|[from] Stealth Rock
|move|p2a: Necrozma|Dragon Dance|p2a: Necrozma
|-boost|p2a: Necrozma|atk|1
|-boost|p2a: Necrozma|spe|1
|
|-heal|p1a: Toxapex|40/100|[from] item: Black Sludge
|upkeep
|turn|44
|
|t:|1665951050
|move|p2a: Necrozma|Sunsteel Strike|p1a: Toxapex
|-resisted|p1a: Toxapex
|-damage|p1a: Toxapex|14/100
|move|p1a: Toxapex|Scald|p2a: Necrozma
|-damage|p2a: Necrozma|86/100
|
|-heal|p1a: Toxapex|20/100|[from] item: Black Sludge
|upkeep
|turn|45
|
|t:|1665951066
|switch|p1a: Ho-Oh|Ho-Oh|89/100 tox
|move|p2a: Necrozma|Earthquake|p1a: Ho-Oh
|-immune|p1a: Ho-Oh
|
|-damage|p1a: Ho-Oh|83/100 tox|[from] psn
|upkeep
|turn|46
|
|t:|1665951073
|move|p2a: Necrozma|Sunsteel Strike|p1a: Ho-Oh
|-resisted|p1a: Ho-Oh
|-crit|p1a: Ho-Oh
|-damage|p1a: Ho-Oh|43/100 tox
|move|p1a: Ho-Oh|Whirlwind|p2a: Necrozma
|drag|p2a: Arceus|Arceus-Fairy|78/100 par
|
|-damage|p1a: Ho-Oh|31/100 tox|[from] psn
|upkeep
|turn|47
|
|t:|1665951084
|switch|p1a: Chansey|Chansey, F|76/100
|-damage|p1a: Chansey|63/100|[from] Stealth Rock
|switch|p2a: Necrozma|Necrozma-Dusk-Mane|86/100
|
|upkeep
|turn|48
|
|t:|1665951089
|move|p2a: Necrozma|Dragon Dance|p2a: Necrozma
|-boost|p2a: Necrozma|atk|1
|-boost|p2a: Necrozma|spe|1
|move|p1a: Chansey|Heal Bell|p1a: Chansey
|-activate|p1a: Chansey|move: Heal Bell
|-curestatus|p1: Ho-Oh|tox|[msg]
|
|upkeep
|turn|49
|j| Buck X
|
|t:|1665951099
|switch|p1a: Ho-Oh|Ho-Oh|64/100
|move|p2a: Necrozma|Sunsteel Strike|p1a: Ho-Oh
|-resisted|p1a: Ho-Oh
|-damage|p1a: Ho-Oh|35/100
|
|upkeep
|turn|50
|
|t:|1665951107
|move|p2a: Necrozma|Sunsteel Strike|p1a: Ho-Oh
|-resisted|p1a: Ho-Oh
|-damage|p1a: Ho-Oh|8/100
|move|p1a: Ho-Oh|Sacred Fire|p2a: Necrozma
|-supereffective|p2a: Necrozma
|-damage|p2a: Necrozma|36/100
|-status|p2a: Necrozma|brn
|-enditem|p2a: Necrozma|Weakness Policy
|-boost|p2a: Necrozma|atk|2|[from] item: Weakness Policy
|-boost|p2a: Necrozma|spa|2|[from] item: Weakness Policy
|
|-damage|p2a: Necrozma|30/100 brn|[from] brn
|upkeep
|turn|51
|
|t:|1665951118
|switch|p1a: Toxapex|Toxapex, M|53/100
|-damage|p1a: Toxapex|41/100|[from] Stealth Rock
|move|p2a: Necrozma|Sunsteel Strike|p1a: Toxapex
|-resisted|p1a: Toxapex
|-damage|p1a: Toxapex|20/100
|
|-heal|p1a: Toxapex|26/100|[from] item: Black Sludge
|-damage|p2a: Necrozma|24/100 brn|[from] brn
|upkeep
|turn|52
|
|t:|1665951125
|switch|p1a: Ho-Oh|Ho-Oh|41/100
|move|p2a: Necrozma|Sunsteel Strike|p1a: Ho-Oh
|-resisted|p1a: Ho-Oh
|-damage|p1a: Ho-Oh|17/100
|
|-damage|p2a: Necrozma|18/100 brn|[from] brn
|upkeep
|turn|53
|
|t:|1665951134
|switch|p1a: Quagsire|Quagsire, M|39/100
|-damage|p1a: Quagsire|33/100|[from] Stealth Rock
|move|p2a: Necrozma|Morning Sun|p2a: Necrozma
|-heal|p2a: Necrozma|68/100 brn
|
|-damage|p2a: Necrozma|62/100 brn|[from] brn
|upkeep
|turn|54
|
|t:|1665951139
|move|p2a: Necrozma|Morning Sun|p2a: Necrozma
|-heal|p2a: Necrozma|100/100 brn
|move|p1a: Quagsire|Recover|p1a: Quagsire
|-heal|p1a: Quagsire|83/100
|
|-damage|p2a: Necrozma|95/100 brn|[from] brn
|upkeep
|turn|55
|
|t:|1665951149
|switch|p2a: Arceus|Arceus-Fairy|78/100 par
|move|p1a: Quagsire|Earthquake|p2a: Arceus
|-damage|p2a: Arceus|57/100 par
|
|upkeep
|turn|56
|
|t:|1665951155
|switch|p1a: Ho-Oh|Ho-Oh|50/100
|cant|p2a: Arceus|par
|
|upkeep
|turn|57
|
|t:|1665951157
|switch|p1a: Toxapex|Toxapex, M|60/100
|-damage|p1a: Toxapex|47/100|[from] Stealth Rock
|move|p2a: Arceus|Toxic|p1a: Toxapex
|-immune|p1a: Toxapex
|
|-heal|p1a: Toxapex|53/100|[from] item: Black Sludge
|upkeep
|turn|58
|
|t:|1665951159
|switch|p1a: Ho-Oh|Ho-Oh|84/100
|move|p2a: Arceus|Recover|p2a: Arceus
|-heal|p2a: Arceus|100/100 par
|
|upkeep
|turn|59
|
|t:|1665951161
|switch|p1a: Toxapex|Toxapex, M|87/100
|-damage|p1a: Toxapex|74/100|[from] Stealth Rock
|move|p2a: Arceus|Toxic|p1a: Toxapex
|-immune|p1a: Toxapex
|
|-heal|p1a: Toxapex|80/100|[from] item: Black Sludge
|upkeep
|turn|60
|
|t:|1665951163
|switch|p2a: Necrozma|Necrozma-Dusk-Mane|95/100 brn
|switch|p1a: Ho-Oh|Ho-Oh|100/100
|
|-damage|p2a: Necrozma|89/100 brn|[from] brn
|upkeep
|turn|61
|
|t:|1665951166
|switch|p2a: Arceus|Arceus-Fairy|100/100 par
|move|p1a: Ho-Oh|Whirlwind|p2a: Arceus
|drag|p2a: Arceus|Arceus|32/100 brn
|
|-damage|p2a: Arceus|25/100 brn|[from] brn
|upkeep
|turn|62
|
|t:|1665951179
|switch|p1a: Quagsire|Quagsire, M|83/100
|-damage|p1a: Quagsire|77/100|[from] Stealth Rock
|move|p2a: Arceus|Recover|p2a: Arceus
|-heal|p2a: Arceus|75/100 brn
|
|-damage|p2a: Arceus|69/100 brn|[from] brn
|upkeep
|turn|63
|
|t:|1665951185
|switch|p2a: Arceus|Arceus-Fairy|100/100 par
|move|p1a: Quagsire|Earthquake|p2a: Arceus
|-damage|p2a: Arceus|79/100 par
|
|upkeep
|turn|64
|c| Buck X|L
|
|t:|1665951188
|move|p2a: Arceus|Toxic|p1a: Quagsire
|-status|p1a: Quagsire|tox
|move|p1a: Quagsire|Earthquake|p2a: Arceus
|-damage|p2a: Arceus|59/100 par
|
|-damage|p1a: Quagsire|71/100 tox|[from] psn
|upkeep
|turn|65
|c| Buck X|why
|
|t:|1665951195
|switch|p1a: Chansey|Chansey, F|63/100
|-damage|p1a: Chansey|51/100|[from] Stealth Rock
|move|p2a: Arceus|Recover|p2a: Arceus
|-heal|p2a: Arceus|100/100 par
|
|upkeep
|turn|66
|
|t:|1665951197
|switch|p2a: Ditto|Ditto, shiny|100/100
|-transform|p2a: Ditto|p1a: Chansey|[from] ability: Imposter
|move|p1a: Chansey|Soft-Boiled|p1a: Chansey
|-heal|p1a: Chansey|100/100
|
|upkeep
|turn|67
|c|☆otpteemotiamat|what?
|
|t:|1665951211
|move|p2a: Ditto|Heal Bell|p2a: Ditto
|-activate|p2a: Ditto|move: Heal Bell
|-curestatus|p2: Arceus|par|[msg]
|-curestatus|p2: Necrozma|brn|[msg]
|-curestatus|p2: Arceus|brn|[msg]
|move|p1a: Chansey|Toxic|p2a: Ditto
|-status|p2a: Ditto|tox
|
|-damage|p2a: Ditto|94/100 tox|[from] psn
|upkeep
|turn|68
|
|t:|1665951218
|-curestatus|p2a: Ditto|tox|[from] ability: Natural Cure
|switch|p2a: Necrozma|Necrozma-Dusk-Mane|89/100
|move|p1a: Chansey|Heal Bell|p1a: Chansey
|-activate|p1a: Chansey|move: Heal Bell
|-curestatus|p1: Quagsire|tox|[msg]
|
|upkeep
|turn|69
|c| Buck X|why??
|
|t:|1665951228
|switch|p2a: Arceus|Arceus-Fairy|100/100
|switch|p1a: Quagsire|Quagsire, M|71/100
|-damage|p1a: Quagsire|65/100|[from] Stealth Rock
|
|upkeep
|turn|70
|c|☆otpteemotiamat|why what?
|
|t:|1665951237
|switch|p1a: Toxapex|Toxapex, M|100/100
|-damage|p1a: Toxapex|88/100|[from] Stealth Rock
|move|p2a: Arceus|Judgment|p1a: Toxapex
|-resisted|p1a: Toxapex
|-damage|p1a: Toxapex|67/100
|
|-heal|p1a: Toxapex|74/100|[from] item: Black Sludge
|upkeep
|turn|71
|
|t:|1665951244
|switch|p2a: Necrozma|Necrozma-Dusk-Mane|89/100
|move|p1a: Toxapex|Knock Off|p2a: Necrozma
|-supereffective|p2a: Necrozma
|-damage|p2a: Necrozma|77/100
|
|-heal|p1a: Toxapex|80/100|[from] item: Black Sludge
|upkeep
|turn|72
|
|t:|1665951247
|switch|p2a: Arceus|Arceus-Fairy|100/100
|switch|p1a: Quagsire|Quagsire, M|65/100
|-damage|p1a: Quagsire|59/100|[from] Stealth Rock
|
|upkeep
|turn|73
|
|t:|1665951249
|move|p2a: Arceus|Judgment|p1a: Quagsire
|-damage|p1a: Quagsire|2/100
|move|p1a: Quagsire|Recover|p1a: Quagsire
|-heal|p1a: Quagsire|52/100
|
|upkeep
|turn|74
|
|t:|1665951255
|switch|p1a: Ho-Oh|Ho-Oh|100/100
|move|p2a: Arceus|Judgment|p1a: Ho-Oh
|-resisted|p1a: Ho-Oh
|-damage|p1a: Ho-Oh|86/100
|
|upkeep
|turn|75
|
|t:|1665951263
|move|p2a: Arceus|Toxic|p1a: Ho-Oh
|-status|p1a: Ho-Oh|tox
|move|p1a: Ho-Oh|Toxic|p2a: Arceus
|-status|p2a: Arceus|tox
|
|-damage|p2a: Arceus|94/100 tox|[from] psn
|-damage|p1a: Ho-Oh|80/100 tox|[from] psn
|upkeep
|turn|76
|
|t:|1665951270
|switch|p2a: Ditto|Ditto, shiny|94/100
|-transform|p2a: Ditto|p1a: Ho-Oh|[from] ability: Imposter
|switch|p1a: Toxapex|Toxapex, M|100/100
|-damage|p1a: Toxapex|88/100|[from] Stealth Rock
|
|-heal|p1a: Toxapex|94/100|[from] item: Black Sludge
|upkeep
|turn|77
|
|t:|1665951276
|switch|p2a: Arceus|Arceus-Fairy|94/100 tox
|move|p1a: Toxapex|Scald|p2a: Arceus
|-damage|p2a: Arceus|87/100 tox
|
|-heal|p1a: Toxapex|100/100|[from] item: Black Sludge
|-damage|p2a: Arceus|81/100 tox|[from] psn
|upkeep
|turn|78
|
|t:|1665951284
|switch|p1a: Ho-Oh|Ho-Oh|100/100 tox
|move|p2a: Arceus|Recover|p2a: Arceus
|-heal|p2a: Arceus|100/100 tox
|
|-damage|p2a: Arceus|88/100 tox|[from] psn
|-damage|p1a: Ho-Oh|94/100 tox|[from] psn
|upkeep
|turn|79
|
|t:|1665951289
|switch|p2a: Necrozma|Necrozma-Dusk-Mane|77/100
|move|p1a: Ho-Oh|Whirlwind|p2a: Necrozma
|drag|p2a: Arceus|Arceus-Fairy|88/100 tox
|
|-damage|p2a: Arceus|82/100 tox|[from] psn
|-damage|p1a: Ho-Oh|82/100 tox|[from] psn
|upkeep
|turn|80
|
|t:|1665951294
|switch|p2a: Ditto|Ditto, shiny|100/100
|-transform|p2a: Ditto|p1a: Ho-Oh|[from] ability: Imposter
|switch|p1a: Toxapex|Toxapex, M|100/100
|-damage|p1a: Toxapex|88/100|[from] Stealth Rock
|
|-heal|p1a: Toxapex|94/100|[from] item: Black Sludge
|upkeep
|turn|81
|
|t:|1665951302
|switch|p2a: Arceus|Arceus-Fairy|82/100 tox
|move|p1a: Toxapex|Scald|p2a: Arceus
|-damage|p2a: Arceus|75/100 tox
|
|-heal|p1a: Toxapex|100/100|[from] item: Black Sludge
|-damage|p2a: Arceus|69/100 tox|[from] psn
|upkeep
|turn|82
|
|t:|1665951310
|switch|p1a: Ho-Oh|Ho-Oh|100/100 tox
|move|p2a: Arceus|Recover|p2a: Arceus
|-heal|p2a: Arceus|100/100 tox
|
|-damage|p2a: Arceus|88/100 tox|[from] psn
|-damage|p1a: Ho-Oh|94/100 tox|[from] psn
|upkeep
|turn|83
|
|t:|1665951317
|switch|p2a: Ditto|Ditto, shiny|100/100
|-transform|p2a: Ditto|p1a: Ho-Oh|[from] ability: Imposter
|switch|p1a: Toxapex|Toxapex, M|100/100
|-damage|p1a: Toxapex|88/100|[from] Stealth Rock
|
|-heal|p1a: Toxapex|94/100|[from] item: Black Sludge
|upkeep
|turn|84
|
|t:|1665951320
|switch|p2a: Necrozma|Necrozma-Dusk-Mane|77/100
|switch|p1a: Ho-Oh|Ho-Oh|100/100 tox
|
|-damage|p1a: Ho-Oh|94/100 tox|[from] psn
|upkeep
|turn|85
|
|t:|1665951325
|switch|p2a: Ditto|Ditto, shiny|100/100
|-transform|p2a: Ditto|p1a: Ho-Oh|[from] ability: Imposter
|move|p1a: Ho-Oh|Whirlwind|p2a: Ditto
|drag|p2a: Necrozma|Necrozma-Dusk-Mane|77/100
|
|-damage|p1a: Ho-Oh|82/100 tox|[from] psn
|upkeep
|turn|86
|
|t:|1665951329
|switch|p2a: Arceus|Arceus-Fairy|88/100 tox
|switch|p1a: Toxapex|Toxapex, M|100/100
|-damage|p1a: Toxapex|88/100|[from] Stealth Rock
|
|-heal|p1a: Toxapex|94/100|[from] item: Black Sludge
|-damage|p2a: Arceus|82/100 tox|[from] psn
|upkeep
|turn|87
|
|t:|1665951333
|switch|p2a: Necrozma|Necrozma-Dusk-Mane|77/100
|switch|p1a: Ho-Oh|Ho-Oh|100/100 tox
|
|-damage|p1a: Ho-Oh|94/100 tox|[from] psn
|upkeep
|turn|88
|
|t:|1665951336
|switch|p2a: Arceus|Arceus-Fairy|82/100 tox
|switch|p1a: Quagsire|Quagsire, M|52/100
|-damage|p1a: Quagsire|46/100|[from] Stealth Rock
|
|-damage|p2a: Arceus|76/100 tox|[from] psn
|upkeep
|turn|89
|
|t:|1665951339
|switch|p1a: Ho-Oh|Ho-Oh|100/100 tox
|move|p2a: Arceus|Judgment|p1a: Ho-Oh
|-resisted|p1a: Ho-Oh
|-damage|p1a: Ho-Oh|88/100 tox
|
|-damage|p2a: Arceus|64/100 tox|[from] psn
|-damage|p1a: Ho-Oh|82/100 tox|[from] psn
|upkeep
|turn|90
|
|t:|1665951345
|switch|p1a: Toxapex|Toxapex, M|100/100
|-damage|p1a: Toxapex|88/100|[from] Stealth Rock
|move|p2a: Arceus|Judgment|p1a: Toxapex
|-resisted|p1a: Toxapex
|-damage|p1a: Toxapex|68/100
|
|-heal|p1a: Toxapex|75/100|[from] item: Black Sludge
|-damage|p2a: Arceus|46/100 tox|[from] psn
|upkeep
|turn|91
|
|t:|1665951348
|switch|p1a: Ho-Oh|Ho-Oh|100/100 tox
|move|p2a: Arceus|Recover|p2a: Arceus
|-heal|p2a: Arceus|96/100 tox
|
|-damage|p2a: Arceus|71/100 tox|[from] psn
|-damage|p1a: Ho-Oh|94/100 tox|[from] psn
|upkeep
|turn|92
|
|t:|1665951351
|switch|p2a: Necrozma|Necrozma-Dusk-Mane|77/100
|switch|p1a: Toxapex|Toxapex, M|100/100
|-damage|p1a: Toxapex|88/100|[from] Stealth Rock
|
|-heal|p1a: Toxapex|94/100|[from] item: Black Sludge
|upkeep
|turn|93
|
|t:|1665951354
|switch|p1a: Ho-Oh|Ho-Oh|100/100 tox
|move|p2a: Necrozma|Earthquake|p1a: Ho-Oh
|-immune|p1a: Ho-Oh
|
|-damage|p1a: Ho-Oh|94/100 tox|[from] psn
|upkeep
|turn|94
|
|t:|1665951356
|switch|p2a: Arceus|Arceus-Fairy|71/100 tox
|switch|p1a: Toxapex|Toxapex, M|100/100
|-damage|p1a: Toxapex|88/100|[from] Stealth Rock
|
|-heal|p1a: Toxapex|94/100|[from] item: Black Sludge
|-damage|p2a: Arceus|65/100 tox|[from] psn
|upkeep
|turn|95
|
|t:|1665951359
|switch|p1a: Ho-Oh|Ho-Oh|100/100 tox
|move|p2a: Arceus|Recover|p2a: Arceus
|-heal|p2a: Arceus|100/100 tox
|
|-damage|p2a: Arceus|88/100 tox|[from] psn
|-damage|p1a: Ho-Oh|94/100 tox|[from] psn
|upkeep
|turn|96
|
|t:|1665951364
|switch|p2a: Necrozma|Necrozma-Dusk-Mane|77/100
|switch|p1a: Toxapex|Toxapex, M|100/100
|-damage|p1a: Toxapex|88/100|[from] Stealth Rock
|
|-heal|p1a: Toxapex|94/100|[from] item: Black Sludge
|upkeep
|turn|97
|
|t:|1665951366
|switch|p1a: Ho-Oh|Ho-Oh|100/100 tox
|move|p2a: Necrozma|Morning Sun|p2a: Necrozma
|-heal|p2a: Necrozma|100/100
|
|-damage|p1a: Ho-Oh|94/100 tox|[from] psn
|upkeep
|turn|98
|
|t:|1665951368
|switch|p2a: Arceus|Arceus-Fairy|88/100 tox
|switch|p1a: Toxapex|Toxapex, M|100/100
|-damage|p1a: Toxapex|88/100|[from] Stealth Rock
|
|-heal|p1a: Toxapex|94/100|[from] item: Black Sludge
|-damage|p2a: Arceus|82/100 tox|[from] psn
|upkeep
|turn|99
|
|t:|1665951371
|switch|p2a: Necrozma|Necrozma-Dusk-Mane|100/100
|switch|p1a: Ho-Oh|Ho-Oh|100/100 tox
|
|-damage|p1a: Ho-Oh|94/100 tox|[from] psn
|upkeep
|turn|100
|
|t:|1665951373
|switch|p2a: Arceus|Arceus-Fairy|82/100 tox
|switch|p1a: Toxapex|Toxapex, M|100/100
|-damage|p1a: Toxapex|88/100|[from] Stealth Rock
|
|-heal|p1a: Toxapex|94/100|[from] item: Black Sludge
|-damage|p2a: Arceus|76/100 tox|[from] psn
|upkeep
|turn|101
|
|t:|1665951376
|switch|p2a: Necrozma|Necrozma-Dusk-Mane|100/100
|switch|p1a: Ho-Oh|Ho-Oh|100/100 tox
|
|-damage|p1a: Ho-Oh|94/100 tox|[from] psn
|upkeep
|turn|102
|
|t:|1665951379
|switch|p2a: Arceus|Arceus-Fairy|76/100 tox
|switch|p1a: Quagsire|Quagsire, M|46/100
|-damage|p1a: Quagsire|40/100|[from] Stealth Rock
|
|-damage|p2a: Arceus|70/100 tox|[from] psn
|upkeep
|turn|103
|
|t:|1665951384
|switch|p1a: Toxapex|Toxapex, M|100/100
|-damage|p1a: Toxapex|88/100|[from] Stealth Rock
|move|p2a: Arceus|Judgment|p1a: Toxapex
|-resisted|p1a: Toxapex
|-damage|p1a: Toxapex|68/100
|
|-heal|p1a: Toxapex|75/100|[from] item: Black Sludge
|-damage|p2a: Arceus|58/100 tox|[from] psn
|upkeep
|turn|104
|
|t:|1665951387
|switch|p1a: Ho-Oh|Ho-Oh|100/100 tox
|move|p2a: Arceus|Recover|p2a: Arceus
|-heal|p2a: Arceus|100/100 tox
|
|-damage|p2a: Arceus|82/100 tox|[from] psn
|-damage|p1a: Ho-Oh|94/100 tox|[from] psn
|upkeep
|turn|105
|
|t:|1665951390
|switch|p2a: Necrozma|Necrozma-Dusk-Mane|100/100
|move|p1a: Ho-Oh|Defog|p2a: Necrozma
|-unboost|p2a: Necrozma|evasion|1
|-sideend|p1: otpteemotiamat|Stealth Rock|[from] move: Defog|[of] p1a: Ho-Oh
|
|-damage|p1a: Ho-Oh|82/100 tox|[from] psn
|upkeep
|turn|106
|
|t:|1665951398
|switch|p2a: Arceus|Arceus-Fairy|82/100 tox
|switch|p1a: Quagsire|Quagsire, M|40/100
|
|-damage|p2a: Arceus|76/100 tox|[from] psn
|upkeep
|turn|107
|
|t:|1665951403
|switch|p1a: Ho-Oh|Ho-Oh|100/100 tox
|move|p2a: Arceus|Judgment|p1a: Ho-Oh
|-resisted|p1a: Ho-Oh
|-crit|p1a: Ho-Oh
|-damage|p1a: Ho-Oh|80/100 tox
|
|-damage|p2a: Arceus|64/100 tox|[from] psn
|-damage|p1a: Ho-Oh|74/100 tox|[from] psn
|upkeep
|turn|108
|
|t:|1665951407
|switch|p1a: Toxapex|Toxapex, M|100/100
|move|p2a: Arceus|Stealth Rock|p1a: Toxapex
|-sidestart|p1: otpteemotiamat|move: Stealth Rock
|
|-damage|p2a: Arceus|46/100 tox|[from] psn
|upkeep
|turn|109
|
|t:|1665951410
|switch|p1a: Ho-Oh|Ho-Oh|100/100 tox
|move|p2a: Arceus|Recover|p2a: Arceus
|-heal|p2a: Arceus|96/100 tox
|
|-damage|p2a: Arceus|71/100 tox|[from] psn
|-damage|p1a: Ho-Oh|94/100 tox|[from] psn
|upkeep
|turn|110
|
|t:|1665951414
|switch|p2a: Necrozma|Necrozma-Dusk-Mane|100/100
|switch|p1a: Toxapex|Toxapex, M|100/100
|-damage|p1a: Toxapex|88/100|[from] Stealth Rock
|
|-heal|p1a: Toxapex|94/100|[from] item: Black Sludge
|upkeep
|turn|111
|
|t:|1665951420
|switch|p1a: Ho-Oh|Ho-Oh|100/100 tox
|move|p2a: Necrozma|Dragon Dance|p2a: Necrozma
|-boost|p2a: Necrozma|atk|1
|-boost|p2a: Necrozma|spe|1
|
|-damage|p1a: Ho-Oh|94/100 tox|[from] psn
|upkeep
|turn|112
|
|t:|1665951426
|move|p2a: Necrozma|Sunsteel Strike|p1a: Ho-Oh
|-resisted|p1a: Ho-Oh
|-damage|p1a: Ho-Oh|67/100 tox
|move|p1a: Ho-Oh|Whirlwind|p2a: Necrozma
|drag|p2a: Arceus|Arceus-Fairy|71/100 tox
|
|-damage|p2a: Arceus|65/100 tox|[from] psn
|-damage|p1a: Ho-Oh|55/100 tox|[from] psn
|upkeep
|turn|113
|
|t:|1665951433
|switch|p2a: Necrozma|Necrozma-Dusk-Mane|100/100
|switch|p1a: Toxapex|Toxapex, M|100/100
|-damage|p1a: Toxapex|88/100|[from] Stealth Rock
|
|-heal|p1a: Toxapex|94/100|[from] item: Black Sludge
|upkeep
|turn|114
|
|t:|1665951436
|switch|p1a: Ho-Oh|Ho-Oh|89/100 tox
|move|p2a: Necrozma|Dragon Dance|p2a: Necrozma
|-boost|p2a: Necrozma|atk|1
|-boost|p2a: Necrozma|spe|1
|
|-damage|p1a: Ho-Oh|83/100 tox|[from] psn
|upkeep
|turn|115
|
|t:|1665951440
|move|p2a: Necrozma|Sunsteel Strike|p1a: Ho-Oh
|-resisted|p1a: Ho-Oh
|-damage|p1a: Ho-Oh|56/100 tox
|move|p1a: Ho-Oh|Whirlwind|p2a: Necrozma
|drag|p2a: Ditto|Ditto, shiny|100/100
|-transform|p2a: Ditto|p1a: Ho-Oh|[from] ability: Imposter
|
|-damage|p1a: Ho-Oh|44/100 tox|[from] psn
|upkeep
|turn|116
|
|t:|1665951445
|switch|p1a: Toxapex|Toxapex, M|100/100
|-damage|p1a: Toxapex|88/100|[from] Stealth Rock
|move|p2a: Ditto|Sacred Fire|p1a: Toxapex
|-resisted|p1a: Toxapex
|-damage|p1a: Toxapex|76/100
|-status|p1a: Toxapex|brn
|
|-heal|p1a: Toxapex|82/100 brn|[from] item: Black Sludge
|-damage|p1a: Toxapex|76/100 brn|[from] brn
|upkeep
|turn|117
|
|t:|1665951449
|switch|p2a: Arceus|Arceus-Fairy|65/100 tox
|switch|p1a: Ho-Oh|Ho-Oh|77/100 tox
|
|-damage|p2a: Arceus|59/100 tox|[from] psn
|-damage|p1a: Ho-Oh|71/100 tox|[from] psn
|upkeep
|turn|118
|
|t:|1665951452
|switch|p2a: Necrozma|Necrozma-Dusk-Mane|100/100
|switch|p1a: Chansey|Chansey, F|100/100
|-damage|p1a: Chansey|88/100|[from] Stealth Rock
|
|upkeep
|turn|119
|
|t:|1665951462
|switch|p2a: Ditto|Ditto, shiny|100/100
|-transform|p2a: Ditto|p1a: Chansey|[from] ability: Imposter
|switch|p1a: Ho-Oh|Ho-Oh|100/100 tox
|
|-damage|p1a: Ho-Oh|94/100 tox|[from] psn
|upkeep
|turn|120
|
|t:|1665951474
|switch|p1a: Quagsire|Quagsire, M|40/100
|-damage|p1a: Quagsire|34/100|[from] Stealth Rock
|switch|p2a: Necrozma|Necrozma-Dusk-Mane|100/100
|
|upkeep
|turn|121
|
|t:|1665951478
|move|p2a: Necrozma|Earthquake|p1a: Quagsire
|-damage|p1a: Quagsire|8/100
|move|p1a: Quagsire|Recover|p1a: Quagsire
|-heal|p1a: Quagsire|58/100
|
|upkeep
|turn|122
|
|t:|1665951483
|switch|p2a: Arceus|Arceus-Fairy|59/100 tox
|move|p1a: Quagsire|Recover|p1a: Quagsire
|-heal|p1a: Quagsire|100/100
|
|-damage|p2a: Arceus|53/100 tox|[from] psn
|upkeep
|turn|123
|
|t:|1665951487
|switch|p1a: Ho-Oh|Ho-Oh|100/100 tox
|move|p2a: Arceus|Recover|p2a: Arceus
|-heal|p2a: Arceus|100/100 tox
|
|-damage|p2a: Arceus|88/100 tox|[from] psn
|-damage|p1a: Ho-Oh|94/100 tox|[from] psn
|upkeep
|turn|124
|
|t:|1665951496
|switch|p2a: Necrozma|Necrozma-Dusk-Mane|100/100
|move|p1a: Ho-Oh|Defog|p2a: Necrozma
|-unboost|p2a: Necrozma|evasion|1
|-sideend|p1: otpteemotiamat|Stealth Rock|[from] move: Defog|[of] p1a: Ho-Oh
|
|-damage|p1a: Ho-Oh|82/100 tox|[from] psn
|upkeep
|turn|125
|
|t:|1665951503
|switch|p2a: Arceus|Arceus-Fairy|88/100 tox
|switch|p1a: Toxapex|Toxapex, M|100/100 brn
|
|-damage|p2a: Arceus|82/100 tox|[from] psn
|-damage|p1a: Toxapex|94/100 brn|[from] brn
|upkeep
|turn|126
|
|t:|1665951508
|switch|p1a: Ho-Oh|Ho-Oh|100/100 tox
|move|p2a: Arceus|Stealth Rock|p1a: Ho-Oh
|-sidestart|p1: otpteemotiamat|move: Stealth Rock
|
|-damage|p2a: Arceus|70/100 tox|[from] psn
|-damage|p1a: Ho-Oh|94/100 tox|[from] psn
|upkeep
|turn|127
|
|t:|1665951514
|switch|p2a: Arceus|Arceus|69/100
|move|p1a: Ho-Oh|Defog|p2a: Arceus
|-unboost|p2a: Arceus|evasion|1
|-sideend|p1: otpteemotiamat|Stealth Rock|[from] move: Defog|[of] p1a: Ho-Oh
|
|-damage|p1a: Ho-Oh|82/100 tox|[from] psn
|upkeep
|turn|128
|
|t:|1665951522
|switch|p2a: Arceus|Arceus-Fairy|70/100 tox
|switch|p1a: Quagsire|Quagsire, M|100/100
|
|-damage|p2a: Arceus|64/100 tox|[from] psn
|upkeep
|turn|129
|
|t:|1665951526
|switch|p1a: Ho-Oh|Ho-Oh|100/100 tox
|move|p2a: Arceus|Stealth Rock|p1a: Ho-Oh
|-sidestart|p1: otpteemotiamat|move: Stealth Rock
|
|-damage|p2a: Arceus|52/100 tox|[from] psn
|-damage|p1a: Ho-Oh|94/100 tox|[from] psn
|upkeep
|turn|130
|
|t:|1665951529
|move|p2a: Arceus|Recover|p2a: Arceus
|-heal|p2a: Arceus|100/100 tox
|move|p1a: Ho-Oh|Defog|p2a: Arceus
|-unboost|p2a: Arceus|evasion|1
|-sideend|p1: otpteemotiamat|Stealth Rock|[from] move: Defog|[of] p1a: Ho-Oh
|
|-damage|p2a: Arceus|82/100 tox|[from] psn
|-damage|p1a: Ho-Oh|82/100 tox|[from] psn
|upkeep
|turn|131
|
|t:|1665951538
|switch|p1a: Toxapex|Toxapex, M|100/100 brn
|move|p2a: Arceus|Stealth Rock|p1a: Toxapex
|-sidestart|p1: otpteemotiamat|move: Stealth Rock
|
|-damage|p2a: Arceus|58/100 tox|[from] psn
|-damage|p1a: Toxapex|94/100 brn|[from] brn
|upkeep
|turn|132
|
|t:|1665951543
|switch|p2a: Arceus|Arceus|69/100
|move|p1a: Toxapex|Knock Off|p2a: Arceus
|-damage|p2a: Arceus|66/100
|
|-heal|p1a: Toxapex|100/100 brn|[from] item: Black Sludge
|-damage|p1a: Toxapex|94/100 brn|[from] brn
|upkeep
|turn|133
|
|t:|1665951551
|switch|p1a: Quagsire|Quagsire, M|100/100
|-damage|p1a: Quagsire|94/100|[from] Stealth Rock
|move|p2a: Arceus|Recover|p2a: Arceus
|-heal|p2a: Arceus|100/100
|
|upkeep
|turn|134
|
|t:|1665951556
|switch|p2a: Arceus|Arceus-Fairy|58/100 tox
|move|p1a: Quagsire|Toxic|p2a: Arceus
|-fail|p2a: Arceus|tox
|
|-damage|p2a: Arceus|52/100 tox|[from] psn
|upkeep
|turn|135
|
|t:|1665951559
|switch|p1a: Ho-Oh|Ho-Oh|100/100 tox
|move|p2a: Arceus|Recover|p2a: Arceus
|-heal|p2a: Arceus|100/100 tox
|
|-damage|p2a: Arceus|88/100 tox|[from] psn
|-damage|p1a: Ho-Oh|94/100 tox|[from] psn
|upkeep
|turn|136
|
|t:|1665951564
|switch|p2a: Necrozma|Necrozma-Dusk-Mane|100/100
|switch|p1a: Toxapex|Toxapex, M|100/100 brn
|-damage|p1a: Toxapex|88/100 brn|[from] Stealth Rock
|
|-heal|p1a: Toxapex|94/100 brn|[from] item: Black Sludge
|-damage|p1a: Toxapex|88/100 brn|[from] brn
|upkeep
|turn|137
|
|t:|1665951568
|switch|p1a: Ho-Oh|Ho-Oh|100/100 tox
|move|p2a: Necrozma|Earthquake|p1a: Ho-Oh
|-immune|p1a: Ho-Oh
|
|-damage|p1a: Ho-Oh|94/100 tox|[from] psn
|upkeep
|turn|138
|
|t:|1665951573
|switch|p2a: Arceus|Arceus-Fairy|88/100 tox
|switch|p1a: Quagsire|Quagsire, M|94/100
|-damage|p1a: Quagsire|88/100|[from] Stealth Rock
|
|-damage|p2a: Arceus|82/100 tox|[from] psn
|upkeep
|turn|139
|
|t:|1665951577
|switch|p1a: Ho-Oh|Ho-Oh|100/100 tox
|move|p2a: Arceus|Judgment|p1a: Ho-Oh
|-resisted|p1a: Ho-Oh
|-damage|p1a: Ho-Oh|87/100 tox
|
|-damage|p2a: Arceus|70/100 tox|[from] psn
|-damage|p1a: Ho-Oh|81/100 tox|[from] psn
|upkeep
|turn|140
|
|t:|1665951581
|switch|p2a: Arceus|Arceus|100/100
|switch|p1a: Toxapex|Toxapex, M|100/100 brn
|-damage|p1a: Toxapex|88/100 brn|[from] Stealth Rock
|
|-heal|p1a: Toxapex|94/100 brn|[from] item: Black Sludge
|-damage|p1a: Toxapex|88/100 brn|[from] brn
|upkeep
|turn|141
|
|t:|1665951585
|move|p2a: Arceus|Swords Dance|p2a: Arceus
|-boost|p2a: Arceus|atk|2
|move|p1a: Toxapex|Scald|p2a: Arceus
|-damage|p2a: Arceus|90/100
|-status|p2a: Arceus|brn
|
|-heal|p1a: Toxapex|94/100 brn|[from] item: Black Sludge
|-damage|p2a: Arceus|84/100 brn|[from] brn
|-damage|p1a: Toxapex|88/100 brn|[from] brn
|upkeep
|turn|142
|
|t:|1665951589
|switch|p1a: Quagsire|Quagsire, M|88/100
|-damage|p1a: Quagsire|82/100|[from] Stealth Rock
|move|p2a: Arceus|Shadow Claw|p1a: Quagsire
|-damage|p1a: Quagsire|73/100
|-damage|p2a: Arceus|68/100 brn|[from] item: Rocky Helmet|[of] p1a: Quagsire
|
|-damage|p2a: Arceus|62/100 brn|[from] brn
|upkeep
|turn|143
|j| Kiesling
|
|t:|1665951600
|move|p2a: Arceus|Recover|p2a: Arceus
|-heal|p2a: Arceus|100/100 brn
|move|p1a: Quagsire|Earthquake|p2a: Arceus
|-damage|p2a: Arceus|80/100 brn
|
|-damage|p2a: Arceus|73/100 brn|[from] brn
|upkeep
|turn|144
|
|t:|1665951606
|switch|p2a: Arceus|Arceus-Fairy|70/100 tox
|move|p1a: Quagsire|Recover|p1a: Quagsire
|-heal|p1a: Quagsire|100/100
|
|-damage|p2a: Arceus|64/100 tox|[from] psn
|upkeep
|turn|145
|
|t:|1665951609
|switch|p1a: Toxapex|Toxapex, M|100/100 brn
|-damage|p1a: Toxapex|88/100 brn|[from] Stealth Rock
|move|p2a: Arceus|Recover|p2a: Arceus
|-heal|p2a: Arceus|100/100 tox
|
|-heal|p1a: Toxapex|94/100 brn|[from] item: Black Sludge
|-damage|p2a: Arceus|88/100 tox|[from] psn
|-damage|p1a: Toxapex|88/100 brn|[from] brn
|upkeep
|turn|146
|
|t:|1665951612
|switch|p2a: Arceus|Arceus|73/100 brn
|switch|p1a: Ho-Oh|Ho-Oh|100/100 tox
|
|-damage|p1a: Ho-Oh|94/100 tox|[from] psn
|-damage|p2a: Arceus|67/100 brn|[from] brn
|upkeep
|turn|147
|
|t:|1665951616
|switch|p1a: Quagsire|Quagsire, M|100/100
|-damage|p1a: Quagsire|94/100|[from] Stealth Rock
|move|p2a: Arceus|Recover|p2a: Arceus
|-heal|p2a: Arceus|100/100 brn
|
|-damage|p2a: Arceus|94/100 brn|[from] brn
|upkeep
|turn|148
|
|t:|1665951618
|switch|p2a: Arceus|Arceus-Fairy|88/100 tox
|switch|p1a: Ho-Oh|Ho-Oh|100/100 tox
|
|-damage|p2a: Arceus|82/100 tox|[from] psn
|-damage|p1a: Ho-Oh|94/100 tox|[from] psn
|upkeep
|turn|149
|c| Kiesling|hey hopefully im not too late to watch this battle!
|c| Kiesling|only 150 moves in
|c|☆otpteemotiamat|xdddd
|
|t:|1665951632
|switch|p2a: Arceus|Arceus|94/100 brn
|switch|p1a: Toxapex|Toxapex, M|100/100 brn
|-damage|p1a: Toxapex|88/100 brn|[from] Stealth Rock
|
|-heal|p1a: Toxapex|94/100 brn|[from] item: Black Sludge
|-damage|p2a: Arceus|88/100 brn|[from] brn
|-damage|p1a: Toxapex|88/100 brn|[from] brn
|upkeep
|turn|150
|c|☆otpteemotiamat|i dont think he can win
|
|t:|1665951640
|switch|p2a: Arceus|Arceus-Fairy|82/100 tox
|switch|p1a: Ho-Oh|Ho-Oh|100/100 tox
|
|-damage|p2a: Arceus|76/100 tox|[from] psn
|-damage|p1a: Ho-Oh|94/100 tox|[from] psn
|upkeep
|turn|151
|
|t:|1665951643
|switch|p2a: Arceus|Arceus|88/100 brn
|switch|p1a: Toxapex|Toxapex, M|100/100 brn
|-damage|p1a: Toxapex|88/100 brn|[from] Stealth Rock
|
|-heal|p1a: Toxapex|94/100 brn|[from] item: Black Sludge
|-damage|p2a: Arceus|82/100 brn|[from] brn
|-damage|p1a: Toxapex|88/100 brn|[from] brn
|upkeep
|turn|152
|c|☆otpteemotiamat|but it wont be fast
|
|t:|1665951649
|switch|p2a: Arceus|Arceus-Fairy|76/100 tox
|switch|p1a: Ho-Oh|Ho-Oh|100/100 tox
|
|-damage|p2a: Arceus|70/100 tox|[from] psn
|-damage|p1a: Ho-Oh|94/100 tox|[from] psn
|upkeep
|turn|153
|
|t:|1665951652
|switch|p2a: Arceus|Arceus|82/100 brn
|switch|p1a: Toxapex|Toxapex, M|100/100 brn
|-damage|p1a: Toxapex|88/100 brn|[from] Stealth Rock
|
|-heal|p1a: Toxapex|94/100 brn|[from] item: Black Sludge
|-damage|p2a: Arceus|76/100 brn|[from] brn
|-damage|p1a: Toxapex|88/100 brn|[from] brn
|upkeep
|turn|154
|
|t:|1665951657
|switch|p2a: Arceus|Arceus-Fairy|70/100 tox
|switch|p1a: Ho-Oh|Ho-Oh|100/100 tox
|
|-damage|p2a: Arceus|64/100 tox|[from] psn
|-damage|p1a: Ho-Oh|94/100 tox|[from] psn
|upkeep
|turn|155
|
|t:|1665951662
|switch|p2a: Arceus|Arceus|76/100 brn
|switch|p1a: Toxapex|Toxapex, M|100/100 brn
|-damage|p1a: Toxapex|88/100 brn|[from] Stealth Rock
|
|-heal|p1a: Toxapex|94/100 brn|[from] item: Black Sludge
|-damage|p2a: Arceus|70/100 brn|[from] brn
|-damage|p1a: Toxapex|88/100 brn|[from] brn
|upkeep
|turn|156
|c|☆otpteemotiamat|only 3 more recovers
|
|t:|1665951672
|switch|p2a: Necrozma|Necrozma-Dusk-Mane|100/100
|move|p1a: Toxapex|Scald|p2a: Necrozma
|-crit|p2a: Necrozma
|-damage|p2a: Necrozma|77/100
|
|-heal|p1a: Toxapex|94/100 brn|[from] item: Black Sludge
|-damage|p1a: Toxapex|88/100 brn|[from] brn
|upkeep
|turn|157
|
|t:|1665951678
|switch|p2a: Ditto|Ditto, shiny|100/100
|-transform|p2a: Ditto|p1a: Toxapex|[from] ability: Imposter
|move|p1a: Toxapex|Scald|p2a: Ditto
|-resisted|p2a: Ditto
|-damage|p2a: Ditto|94/100
|
|-heal|p1a: Toxapex|94/100 brn|[from] item: Black Sludge
|-damage|p1a: Toxapex|88/100 brn|[from] brn
|upkeep
|turn|158
|
|t:|1665951682
|switch|p1a: Ho-Oh|Ho-Oh|100/100 tox
|move|p2a: Ditto|Knock Off|p1a: Ho-Oh
|-damage|p1a: Ho-Oh|91/100 tox
|-enditem|p1a: Ho-Oh|Heavy-Duty Boots|[from] move: Knock Off|[of] p2a: Ditto
|
|-damage|p1a: Ho-Oh|85/100 tox|[from] psn
|upkeep
|turn|159
|c|☆otpteemotiamat|:/
|c| Kiesling|ya i can't remember last time i beat a stall team after turn 20
|c|☆otpteemotiamat|that is bad
|
|t:|1665951694
|switch|p2a: Arceus|Arceus-Fairy|64/100 tox
|move|p1a: Ho-Oh|Defog|p2a: Arceus
|-unboost|p2a: Arceus|evasion|1
|-sideend|p1: otpteemotiamat|Stealth Rock|[from] move: Defog|[of] p1a: Ho-Oh
|
|-damage|p2a: Arceus|58/100 tox|[from] psn
|-damage|p1a: Ho-Oh|73/100 tox|[from] psn
|upkeep
|turn|160
|
|t:|1665951702
|move|p2a: Arceus|Stealth Rock|p1a: Ho-Oh
|-sidestart|p1: otpteemotiamat|move: Stealth Rock
|move|p1a: Ho-Oh|Sacred Fire|p2a: Arceus
|-damage|p2a: Arceus|28/100 tox
|
|-damage|p2a: Arceus|16/100 tox|[from] psn
|-damage|p1a: Ho-Oh|54/100 tox|[from] psn
|upkeep
|turn|161
|
|t:|1665951707
|move|p2a: Arceus|Recover|p2a: Arceus
|-heal|p2a: Arceus|66/100 tox
|move|p1a: Ho-Oh|Defog|p2a: Arceus
|-unboost|p2a: Arceus|evasion|1
|-sideend|p1: otpteemotiamat|Stealth Rock|[from] move: Defog|[of] p1a: Ho-Oh
|
|-damage|p2a: Arceus|48/100 tox|[from] psn
|-damage|p1a: Ho-Oh|30/100 tox|[from] psn
|upkeep
|turn|162
|
|t:|1665951725
|switch|p1a: Toxapex|Toxapex, M|100/100 brn
|move|p2a: Arceus|Stealth Rock|p1a: Toxapex
|-sidestart|p1: otpteemotiamat|move: Stealth Rock
|
|-damage|p2a: Arceus|23/100 tox|[from] psn
|-damage|p1a: Toxapex|94/100 brn|[from] brn
|upkeep
|turn|163
|
|t:|1665951734
|switch|p2a: Arceus|Arceus|70/100 brn
|move|p1a: Toxapex|Scald|p2a: Arceus
|-damage|p2a: Arceus|60/100 brn
|
|-heal|p1a: Toxapex|100/100 brn|[from] item: Black Sludge
|-damage|p2a: Arceus|54/100 brn|[from] brn
|-damage|p1a: Toxapex|94/100 brn|[from] brn
|upkeep
|turn|164
|
|t:|1665951739
|move|p2a: Arceus|Recover|p2a: Arceus
|-heal|p2a: Arceus|100/100 brn
|move|p1a: Toxapex|Scald|p2a: Arceus
|-damage|p2a: Arceus|91/100 brn
|
|-heal|p1a: Toxapex|100/100 brn|[from] item: Black Sludge
|-damage|p2a: Arceus|85/100 brn|[from] brn
|-damage|p1a: Toxapex|94/100 brn|[from] brn
|upkeep
|turn|165
|
|t:|1665951742
|switch|p2a: Ditto|Ditto, shiny|100/100
|-transform|p2a: Ditto|p1a: Toxapex|[from] ability: Imposter
|move|p1a: Toxapex|Scald|p2a: Ditto
|-resisted|p2a: Ditto
|-damage|p2a: Ditto|94/100
|
|-heal|p1a: Toxapex|100/100 brn|[from] item: Black Sludge
|-damage|p1a: Toxapex|94/100 brn|[from] brn
|upkeep
|turn|166
|
|t:|1665951746
|move|p2a: Ditto|Knock Off|p1a: Toxapex
|-damage|p1a: Toxapex|85/100 brn
|-enditem|p1a: Toxapex|Black Sludge|[from] move: Knock Off|[of] p2a: Ditto
|move|p1a: Toxapex|Scald|p2a: Ditto
|-resisted|p2a: Ditto
|-damage|p2a: Ditto|88/100
|-status|p2a: Ditto|brn
|
|-damage|p2a: Ditto|82/100 brn|[from] brn
|-damage|p1a: Toxapex|78/100 brn|[from] brn
|upkeep
|turn|167
|
|t:|1665951752
|switch|p2a: Arceus|Arceus|85/100 brn
|move|p1a: Toxapex|Scald|p2a: Arceus
|-damage|p2a: Arceus|76/100 brn
|
|-damage|p2a: Arceus|70/100 brn|[from] brn
|-damage|p1a: Toxapex|72/100 brn|[from] brn
|upkeep
|turn|168
|
|t:|1665951755
|switch|p2a: Ditto|Ditto, shiny|100/100 brn
|-transform|p2a: Ditto|p1a: Toxapex|[from] ability: Imposter
|switch|p1a: Quagsire|Quagsire, M|94/100
|-damage|p1a: Quagsire|88/100|[from] Stealth Rock
|
|-damage|p2a: Ditto|94/100 brn|[from] brn
|upkeep
|turn|169
|
|t:|1665951760
|switch|p1a: Toxapex|Toxapex, M|100/100 brn
|-damage|p1a: Toxapex|88/100 brn|[from] Stealth Rock
|move|p2a: Ditto|Toxic||[still]
|-fail|p2a: Ditto
|
|-damage|p2a: Ditto|88/100 brn|[from] brn
|-damage|p1a: Toxapex|82/100 brn|[from] brn
|upkeep
|turn|170
|l| Kiesling
|
|t:|1665951765
|move|p2a: Ditto|Toxic||[still]
|-fail|p2a: Ditto
|move|p1a: Toxapex|Scald|p2a: Ditto
|-resisted|p2a: Ditto
|-damage|p2a: Ditto|82/100 brn
|
|-damage|p2a: Ditto|76/100 brn|[from] brn
|-damage|p1a: Toxapex|75/100 brn|[from] brn
|upkeep
|turn|171
|
|t:|1665951768
|move|p2a: Ditto|Toxic||[still]
|-fail|p2a: Ditto
|move|p1a: Toxapex|Toxic||[still]
|-fail|p1a: Toxapex
|
|-damage|p2a: Ditto|70/100 brn|[from] brn
|-damage|p1a: Toxapex|69/100 brn|[from] brn
|upkeep
|turn|172
|
|t:|1665951771
|move|p2a: Ditto|Toxic||[still]
|-fail|p2a: Ditto
|move|p1a: Toxapex|Recover|p1a: Toxapex
|-heal|p1a: Toxapex|100/100 brn
|
|-damage|p2a: Ditto|64/100 brn|[from] brn
|-damage|p1a: Toxapex|94/100 brn|[from] brn
|upkeep
|turn|173
|
|t:|1665951776
|move|p2a: Ditto|Toxic||[still]
|-fail|p2a: Ditto
|move|p1a: Toxapex|Scald|p2a: Ditto
|-resisted|p2a: Ditto
|-damage|p2a: Ditto|58/100 brn
|
|-damage|p2a: Ditto|52/100 brn|[from] brn
|-damage|p1a: Toxapex|88/100 brn|[from] brn
|upkeep
|turn|174
|
|t:|1665951779
|switch|p2a: Arceus|Arceus|70/100 brn
|move|p1a: Toxapex|Scald|p2a: Arceus
|-damage|p2a: Arceus|60/100 brn
|
|-damage|p2a: Arceus|54/100 brn|[from] brn
|-damage|p1a: Toxapex|82/100 brn|[from] brn
|upkeep
|turn|175
|
|t:|1665951787
|switch|p2a: Arceus|Arceus-Fairy|23/100 tox
|move|p1a: Toxapex|Scald|p2a: Arceus
|-damage|p2a: Arceus|16/100 tox
|
|-damage|p2a: Arceus|10/100 tox|[from] psn
|-damage|p1a: Toxapex|75/100 brn|[from] brn
|upkeep
|turn|176
|
|t:|1665951791
|move|p2a: Arceus|Recover|p2a: Arceus
|-heal|p2a: Arceus|60/100 tox
|move|p1a: Toxapex|Scald|p2a: Arceus
|-damage|p2a: Arceus|52/100 tox
|
|-damage|p2a: Arceus|40/100 tox|[from] psn
|-damage|p1a: Toxapex|69/100 brn|[from] brn
|upkeep
|turn|177
|
|t:|1665951794
|switch|p2a: Ditto|Ditto, shiny|85/100 brn
|-transform|p2a: Ditto|p1a: Toxapex|[from] ability: Imposter
|move|p1a: Toxapex|Scald|p2a: Ditto
|-resisted|p2a: Ditto
|-damage|p2a: Ditto|78/100 brn
|
|-damage|p2a: Ditto|72/100 brn|[from] brn
|-damage|p1a: Toxapex|63/100 brn|[from] brn
|upkeep
|turn|178
|
|t:|1665951799
|move|p2a: Ditto|Toxic||[still]
|-fail|p2a: Ditto
|move|p1a: Toxapex|Recover|p1a: Toxapex
|-heal|p1a: Toxapex|100/100 brn
|
|-damage|p2a: Ditto|66/100 brn|[from] brn
|-damage|p1a: Toxapex|94/100 brn|[from] brn
|upkeep
|turn|179
|
|t:|1665951804
|move|p2a: Ditto|Toxic||[still]
|-fail|p2a: Ditto
|move|p1a: Toxapex|Scald|p2a: Ditto
|-resisted|p2a: Ditto
|-damage|p2a: Ditto|59/100 brn
|
|-damage|p2a: Ditto|53/100 brn|[from] brn
|-damage|p1a: Toxapex|88/100 brn|[from] brn
|upkeep
|turn|180
|
|t:|1665951806
|move|p2a: Ditto|Toxic||[still]
|-fail|p2a: Ditto
|move|p1a: Toxapex|Toxic||[still]
|-fail|p1a: Toxapex
|
|-damage|p2a: Ditto|47/100 brn|[from] brn
|-damage|p1a: Toxapex|82/100 brn|[from] brn
|upkeep
|turn|181
|
|t:|1665951812
|switch|p2a: Arceus|Arceus|54/100 brn
|move|p1a: Toxapex|Toxic||[still]
|-fail|p1a: Toxapex
|
|-damage|p2a: Arceus|48/100 brn|[from] brn
|-damage|p1a: Toxapex|75/100 brn|[from] brn
|upkeep
|turn|182
|
|t:|1665951816
|move|p2a: Arceus|Recover|p2a: Arceus
|-heal|p2a: Arceus|98/100 brn
|move|p1a: Toxapex|Knock Off|p2a: Arceus
|-damage|p2a: Arceus|95/100 brn
|
|-damage|p2a: Arceus|89/100 brn|[from] brn
|-damage|p1a: Toxapex|69/100 brn|[from] brn
|upkeep
|turn|183
|
|t:|1665951820
|switch|p2a: Ditto|Ditto, shiny|80/100 brn
|-transform|p2a: Ditto|p1a: Toxapex|[from] ability: Imposter
|move|p1a: Toxapex|Scald|p2a: Ditto
|-resisted|p2a: Ditto
|-damage|p2a: Ditto|74/100 brn
|
|-damage|p2a: Ditto|68/100 brn|[from] brn
|-damage|p1a: Toxapex|63/100 brn|[from] brn
|upkeep
|turn|184
|
|t:|1665951826
|move|p2a: Ditto|Scald|p1a: Toxapex
|-resisted|p1a: Toxapex
|-damage|p1a: Toxapex|57/100 brn
|move|p1a: Toxapex|Toxic||[still]
|-fail|p1a: Toxapex
|
|-damage|p2a: Ditto|62/100 brn|[from] brn
|-damage|p1a: Toxapex|50/100 brn|[from] brn
|upkeep
|turn|185
|
|t:|1665951836
|move|p2a: Ditto|Scald|p1a: Toxapex
|-resisted|p1a: Toxapex
|-damage|p1a: Toxapex|44/100 brn
|move|p1a: Toxapex|Toxic||[still]
|-fail|p1a: Toxapex
|
|-damage|p2a: Ditto|56/100 brn|[from] brn
|-damage|p1a: Toxapex|38/100 brn|[from] brn
|upkeep
|turn|186
|c| Buck X|ur not playing stall well at all
|c|☆otpteemotiamat|no
|c|☆otpteemotiamat|xdd
|
|t:|1665951848
|move|p2a: Ditto|Scald|p1a: Toxapex
|-resisted|p1a: Toxapex
|-damage|p1a: Toxapex|32/100 brn
|move|p1a: Toxapex|Recover|p1a: Toxapex
|-heal|p1a: Toxapex|82/100 brn
|
|-damage|p2a: Ditto|50/100 brn|[from] brn
|-damage|p1a: Toxapex|75/100 brn|[from] brn
|upkeep
|turn|187
|c|☆otpteemotiamat|i'm watchin one piece at the moment
|c| Buck X|the team got potential but u need training
|
|t:|1665951866
|move|p2a: Ditto|Scald|p1a: Toxapex
|-resisted|p1a: Toxapex
|-damage|p1a: Toxapex|70/100 brn
|move|p1a: Toxapex|Toxic||[still]
|-fail|p1a: Toxapex
|
|-damage|p2a: Ditto|44/100 brn|[from] brn
|-damage|p1a: Toxapex|63/100 brn|[from] brn
|upkeep
|turn|188
|
|t:|1665951870
|move|p2a: Ditto|Scald|p1a: Toxapex
|-resisted|p1a: Toxapex
|-damage|p1a: Toxapex|57/100 brn
|move|p1a: Toxapex|Recover|p1a: Toxapex
|-heal|p1a: Toxapex|100/100 brn
|
|-damage|p2a: Ditto|38/100 brn|[from] brn
|-damage|p1a: Toxapex|94/100 brn|[from] brn
|upkeep
|turn|189
|
|t:|1665951873
|switch|p2a: Arceus|Arceus|89/100 brn
|move|p1a: Toxapex|Scald|p2a: Arceus
|-damage|p2a: Arceus|79/100 brn
|
|-damage|p2a: Arceus|73/100 brn|[from] brn
|-damage|p1a: Toxapex|88/100 brn|[from] brn
|upkeep
|turn|190
|
|t:|1665951878
|switch|p2a: Ditto|Ditto, shiny|71/100 brn
|-transform|p2a: Ditto|p1a: Toxapex|[from] ability: Imposter
|switch|p1a: Quagsire|Quagsire, M|88/100
|-damage|p1a: Quagsire|82/100|[from] Stealth Rock
|
|-damage|p2a: Ditto|65/100 brn|[from] brn
|upkeep
|turn|191
|
|t:|1665951885
|move|p2a: Ditto|Scald|p1a: Quagsire
|-damage|p1a: Quagsire|62/100
|move|p1a: Quagsire|Earthquake|p2a: Ditto
|-supereffective|p2a: Ditto
|-damage|p2a: Ditto|25/100 brn
|
|-damage|p2a: Ditto|19/100 brn|[from] brn
|upkeep
|turn|192
|
|t:|1665951890
|switch|p2a: Arceus|Arceus|73/100 brn
|move|p1a: Quagsire|Earthquake|p2a: Arceus
|-damage|p2a: Arceus|53/100 brn
|
|-damage|p2a: Arceus|47/100 brn|[from] brn
|upkeep
|turn|193
|
|t:|1665951894
|move|p2a: Arceus|Recover|p2a: Arceus
|-heal|p2a: Arceus|97/100 brn
|move|p1a: Quagsire|Earthquake|p2a: Arceus
|-crit|p2a: Arceus
|-damage|p2a: Arceus|65/100 brn
|
|-damage|p2a: Arceus|59/100 brn|[from] brn
|upkeep
|turn|194
|
|t:|1665951900
|switch|p2a: Necrozma|Necrozma-Dusk-Mane|77/100
|move|p1a: Quagsire|Earthquake|p2a: Necrozma
|-supereffective|p2a: Necrozma
|-damage|p2a: Necrozma|40/100
|
|upkeep
|turn|195
|
|t:|1665951905
|move|p2a: Necrozma|Morning Sun|p2a: Necrozma
|-heal|p2a: Necrozma|90/100
|move|p1a: Quagsire|Earthquake|p2a: Necrozma
|-supereffective|p2a: Necrozma
|-damage|p2a: Necrozma|55/100
|
|upkeep
|turn|196
|
|t:|1665951908
|switch|p2a: Ditto|Ditto, shiny|52/100 brn
|-transform|p2a: Ditto|p1a: Quagsire|[from] ability: Imposter
|move|p1a: Quagsire|Earthquake|p2a: Ditto
|-damage|p2a: Ditto|26/100 brn
|
|-damage|p2a: Ditto|20/100 brn|[from] brn
|upkeep
|turn|197
|
|t:|1665951913
|switch|p1a: Toxapex|Toxapex, M|100/100 brn
|-damage|p1a: Toxapex|88/100 brn|[from] Stealth Rock
|move|p2a: Ditto|Recover|p2a: Ditto
|-heal|p2a: Ditto|70/100 brn
|
|-damage|p2a: Ditto|64/100 brn|[from] brn
|-damage|p1a: Toxapex|82/100 brn|[from] brn
|upkeep
|turn|198
|
|t:|1665951920
|switch|p2a: Arceus|Arceus|59/100 brn
|switch|p1a: Quagsire|Quagsire, M|62/100
|-damage|p1a: Quagsire|56/100|[from] Stealth Rock
|
|-damage|p2a: Arceus|53/100 brn|[from] brn
|upkeep
|turn|199
|
|t:|1665951927
|move|p2a: Arceus|Recover|p2a: Arceus
|-heal|p2a: Arceus|100/100 brn
|move|p1a: Quagsire|Recover|p1a: Quagsire
|-heal|p1a: Quagsire|100/100
|
|-damage|p2a: Arceus|94/100 brn|[from] brn
|upkeep
|turn|200
|
|t:|1665951934
|switch|p2a: Ditto|Ditto, shiny|64/100 brn
|-transform|p2a: Ditto|p1a: Quagsire|[from] ability: Imposter
|move|p1a: Quagsire|Scald|p2a: Ditto
|-damage|p2a: Ditto|34/100 brn
|
|-damage|p2a: Ditto|28/100 brn|[from] brn
|upkeep
|turn|201
|
|t:|1665951939
|move|p2a: Ditto|Recover|p2a: Ditto
|-heal|p2a: Ditto|78/100 brn
|move|p1a: Quagsire|Scald|p2a: Ditto
|-damage|p2a: Ditto|51/100 brn
|
|-damage|p2a: Ditto|45/100 brn|[from] brn
|upkeep
|turn|202
|
|t:|1665951946
|switch|p1a: Ho-Oh|Ho-Oh|64/100 tox
|-damage|p1a: Ho-Oh|14/100 tox|[from] Stealth Rock
|move|p2a: Ditto|Recover|p2a: Ditto
|-heal|p2a: Ditto|95/100 brn
|
|-damage|p1a: Ho-Oh|8/100 tox|[from] psn
|-damage|p2a: Ditto|89/100 brn|[from] brn
|upkeep
|turn|203
|
|t:|1665951956
|switch|p2a: Arceus|Arceus-Fairy|40/100 tox
|move|p1a: Ho-Oh|Defog|p2a: Arceus
|-unboost|p2a: Arceus|evasion|1
|-sideend|p1: otpteemotiamat|Stealth Rock|[from] move: Defog|[of] p1a: Ho-Oh
|
|-damage|p2a: Arceus|34/100 tox|[from] psn
|-damage|p1a: Ho-Oh|0 fnt|[from] psn
|faint|p1a: Ho-Oh
|upkeep
|
|t:|1665951960
|switch|p1a: Quagsire|Quagsire, M|100/100
|turn|204
|
|t:|1665951974
|switch|p1a: Toxapex|Toxapex, M|100/100 brn
|move|p2a: Arceus|Stealth Rock|p1a: Toxapex
|-sidestart|p1: otpteemotiamat|move: Stealth Rock
|
|-damage|p2a: Arceus|22/100 tox|[from] psn
|-damage|p1a: Toxapex|94/100 brn|[from] brn
|upkeep
|turn|205
|
|t:|1665951980
|switch|p2a: Ditto|Ditto, shiny|89/100 brn
|-transform|p2a: Ditto|p1a: Toxapex|[from] ability: Imposter
|move|p1a: Toxapex|Scald|p2a: Ditto
|-resisted|p2a: Ditto
|-damage|p2a: Ditto|83/100 brn
|
|-damage|p2a: Ditto|77/100 brn|[from] brn
|-damage|p1a: Toxapex|88/100 brn|[from] brn
|upkeep
|turn|206
|
|t:|1665951996
|switch|p1a: Chansey|Chansey, F|88/100
|-damage|p1a: Chansey|76/100|[from] Stealth Rock
|move|p2a: Ditto|Knock Off|p1a: Chansey
|-damage|p1a: Chansey|70/100
|-enditem|p1a: Chansey|Eviolite|[from] move: Knock Off|[of] p2a: Ditto
|
|-damage|p2a: Ditto|71/100 brn|[from] brn
|upkeep
|turn|207
|
|t:|1665952000
|switch|p2a: Necrozma|Necrozma-Dusk-Mane|55/100
|move|p1a: Chansey|Heal Bell|p1a: Chansey
|-activate|p1a: Chansey|move: Heal Bell
|-curestatus|p1: Toxapex|brn|[msg]
|
|upkeep
|turn|208
|
|t:|1665952005
|switch|p2a: Ditto|Ditto, shiny|100/100 brn
|-transform|p2a: Ditto|p1a: Chansey|[from] ability: Imposter
|switch|p1a: Quagsire|Quagsire, M|100/100
|-damage|p1a: Quagsire|94/100|[from] Stealth Rock
|
|-damage|p2a: Ditto|94/100 brn|[from] brn
|upkeep
|turn|209
|
|t:|1665952009
|move|p2a: Ditto|Heal Bell|p2a: Ditto
|-activate|p2a: Ditto|move: Heal Bell
|-curestatus|p2a: Ditto|brn|[msg]
|-curestatus|p2: Arceus|brn|[msg]
|-curestatus|p2: Arceus|tox|[msg]
|move|p1a: Quagsire|Toxic|p2a: Ditto
|-status|p2a: Ditto|tox
|
|-damage|p2a: Ditto|88/100 tox|[from] psn
|upkeep
|turn|210
|
|t:|1665952015
|-curestatus|p2a: Ditto|tox|[from] ability: Natural Cure
|switch|p2a: Necrozma|Necrozma-Dusk-Mane|55/100
|switch|p1a: Toxapex|Toxapex, M|100/100
|-damage|p1a: Toxapex|88/100|[from] Stealth Rock
|
|upkeep
|turn|211
|
|t:|1665952020
|move|p2a: Necrozma|Earthquake|p1a: Toxapex
|-supereffective|p1a: Toxapex
|-damage|p1a: Toxapex|43/100
|move|p1a: Toxapex|Knock Off|p2a: Necrozma
|-supereffective|p2a: Necrozma
|-damage|p2a: Necrozma|43/100
|
|upkeep
|turn|212
|
|t:|1665952029
|switch|p1a: Quagsire|Quagsire, M|94/100
|-damage|p1a: Quagsire|88/100|[from] Stealth Rock
|move|p2a: Necrozma|Morning Sun|p2a: Necrozma
|-heal|p2a: Necrozma|93/100
|
|upkeep
|turn|213
|
|t:|1665952042
|switch|p1a: Toxapex|Toxapex, M|76/100
|-damage|p1a: Toxapex|63/100|[from] Stealth Rock
|move|p2a: Necrozma|Dragon Dance|p2a: Necrozma
|-boost|p2a: Necrozma|atk|1
|-boost|p2a: Necrozma|spe|1
|
|upkeep
|turn|214
|
|t:|1665952045
|switch|p1a: Quagsire|Quagsire, M|88/100
|-damage|p1a: Quagsire|82/100|[from] Stealth Rock
|move|p2a: Necrozma|Earthquake|p1a: Quagsire
|-damage|p1a: Quagsire|54/100
|
|upkeep
|turn|215
|
|t:|1665952049
|move|p2a: Necrozma|Dragon Dance|p2a: Necrozma
|-boost|p2a: Necrozma|atk|1
|-boost|p2a: Necrozma|spe|1
|move|p1a: Quagsire|Earthquake|p2a: Necrozma
|-supereffective|p2a: Necrozma
|-damage|p2a: Necrozma|54/100
|
|upkeep
|turn|216
|
|t:|1665952058
|move|p2a: Necrozma|Dragon Dance|p2a: Necrozma
|-boost|p2a: Necrozma|atk|1
|-boost|p2a: Necrozma|spe|1
|move|p1a: Quagsire|Recover|p1a: Quagsire
|-heal|p1a: Quagsire|100/100
|
|upkeep
|turn|217
|
|t:|1665952061
|move|p2a: Necrozma|Dragon Dance|p2a: Necrozma
|-boost|p2a: Necrozma|atk|1
|-boost|p2a: Necrozma|spe|1
|move|p1a: Quagsire|Scald|p2a: Necrozma
|-damage|p2a: Necrozma|38/100
|
|upkeep
|turn|218
|
|t:|1665952068
|move|p2a: Necrozma|Morning Sun|p2a: Necrozma
|-heal|p2a: Necrozma|88/100
|move|p1a: Quagsire|Scald|p2a: Necrozma
|-damage|p2a: Necrozma|72/100
|
|upkeep
|turn|219
|c|☆otpteemotiamat|!dt unaware
|raw|<ul class="utilichart"><li class="result"><span class="col namecol"><a href="https://dex.pokemonshowdown.com/abilities/unaware">Unaware</a></span> <span class="col abilitydesccol">This Pokemon ignores other Pokemon's stat stages when taking or doing damage.</span> </li><li style="clear:both"></li></ul>
|raw|<font size="1"><font color="#686868">Gen:</font> 4&nbsp;|&ThickSpace;&#10003; Ignored by Mold Breaker</font>

|
|t:|1665952074
|move|p2a: Necrozma|Dragon Dance|p2a: Necrozma
|-boost|p2a: Necrozma|atk|1
|-boost|p2a: Necrozma|spe|1
|move|p1a: Quagsire|Scald|p2a: Necrozma
|-damage|p2a: Necrozma|57/100
|-status|p2a: Necrozma|brn
|
|-damage|p2a: Necrozma|51/100 brn|[from] brn
|upkeep
|turn|220
|
|t:|1665952082
|move|p2a: Necrozma|Dragon Dance|p2a: Necrozma
|-boost|p2a: Necrozma|atk|1
|-boost|p2a: Necrozma|spe|1
|move|p1a: Quagsire|Scald|p2a: Necrozma
|-damage|p2a: Necrozma|34/100 brn
|
|-damage|p2a: Necrozma|28/100 brn|[from] brn
|upkeep
|turn|221
|
|t:|1665952085
|move|p2a: Necrozma|Morning Sun|p2a: Necrozma
|-heal|p2a: Necrozma|78/100 brn
|move|p1a: Quagsire|Scald|p2a: Necrozma
|-damage|p2a: Necrozma|60/100 brn
|
|-damage|p2a: Necrozma|54/100 brn|[from] brn
|upkeep
|turn|222
|
|t:|1665952093
|switch|p2a: Arceus|Arceus-Fairy|22/100
|move|p1a: Quagsire|Scald|p2a: Arceus
|-damage|p2a: Arceus|13/100
|
|upkeep
|turn|223
|
|t:|1665952096
|move|p2a: Arceus|Recover|p2a: Arceus
|-heal|p2a: Arceus|63/100
|move|p1a: Quagsire|Toxic|p2a: Arceus
|-status|p2a: Arceus|tox
|
|-damage|p2a: Arceus|57/100 tox|[from] psn
|upkeep
|turn|224
|
|t:|1665952100
|switch|p2a: Necrozma|Necrozma-Dusk-Mane|54/100 brn
|switch|p1a: Toxapex|Toxapex, M|97/100
|-damage|p1a: Toxapex|84/100|[from] Stealth Rock
|
|-damage|p2a: Necrozma|48/100 brn|[from] brn
|upkeep
|turn|225
|
|t:|1665952103
|switch|p1a: Quagsire|Quagsire, M|100/100
|-damage|p1a: Quagsire|94/100|[from] Stealth Rock
|move|p2a: Necrozma|Morning Sun|p2a: Necrozma
|-heal|p2a: Necrozma|98/100 brn
|
|-damage|p2a: Necrozma|92/100 brn|[from] brn
|upkeep
|turn|226
|
|t:|1665952109
|switch|p2a: Ditto|Ditto, shiny|88/100
|-transform|p2a: Ditto|p1a: Quagsire|[from] ability: Imposter
|move|p1a: Quagsire|Scald|p2a: Ditto
|-damage|p2a: Ditto|61/100
|
|upkeep
|turn|227
|l| Buck X
|
|t:|1665952120
|move|p2a: Ditto|Toxic|p1a: Quagsire
|-status|p1a: Quagsire|tox
|move|p1a: Quagsire|Earthquake|p2a: Ditto
|-damage|p2a: Ditto|33/100
|
|-damage|p1a: Quagsire|88/100 tox|[from] psn
|upkeep
|turn|228
|
|t:|1665952124
|switch|p2a: Arceus|Arceus|94/100
|switch|p1a: Chansey|Chansey, F|70/100
|-damage|p1a: Chansey|58/100|[from] Stealth Rock
|
|upkeep
|turn|229
|
|t:|1665952135
|switch|p2a: Ditto|Ditto, shiny|33/100
|-transform|p2a: Ditto|p1a: Chansey|[from] ability: Imposter
|move|p1a: Chansey|Heal Bell|p1a: Chansey
|-activate|p1a: Chansey|move: Heal Bell
|-curestatus|p1: Quagsire|tox|[msg]
|
|upkeep
|turn|230
|
|t:|1665952142
|move|p2a: Ditto|Heal Bell|p2a: Ditto
|-activate|p2a: Ditto|move: Heal Bell
|-curestatus|p2: Necrozma|brn|[msg]
|-curestatus|p2: Arceus|tox|[msg]
|move|p1a: Chansey|Toxic|p2a: Ditto
|-status|p2a: Ditto|tox
|
|-damage|p2a: Ditto|27/100 tox|[from] psn
|upkeep
|turn|231
|inactive|DarkboiJ has 120 seconds left.
|c|☆DarkboiJ|Shall we tie this game?
|
|t:|1665952170
|-curestatus|p2a: Ditto|tox|[from] ability: Natural Cure
|switch|p2a: Necrozma|Necrozma-Dusk-Mane|92/100
|move|p1a: Chansey|Toxic|p2a: Necrozma
|-immune|p2a: Necrozma
|
|upkeep
|turn|232
|c|☆otpteemotiamat|nop
|c|☆otpteemotiamat|i'm not sure anymore if i win
|c|☆otpteemotiamat|but we are 232 turns in
|inactive|DarkboiJ has 90 seconds left.
|c|☆DarkboiJ|How to send tie request?
|
|t:|1665952216
|switch|p2a: Ditto|Ditto, shiny|27/100
|-transform|p2a: Ditto|p1a: Chansey|[from] ability: Imposter
|switch|p1a: Quagsire|Quagsire, M|88/100
|-damage|p1a: Quagsire|82/100|[from] Stealth Rock
|
|upkeep
|turn|233
|c|☆otpteemotiamat|i don't now
|inactive|DarkboiJ has 60 seconds left.
|c|☆otpteemotiamat|but i dont want tie
|
|t:|1665952225
|move|p2a: Ditto|Soft-Boiled|p2a: Ditto
|-heal|p2a: Ditto|77/100
|move|p1a: Quagsire|Toxic|p2a: Ditto
|-status|p2a: Ditto|tox
|
|-damage|p2a: Ditto|71/100 tox|[from] psn
|upkeep
|turn|234
|inactive|DarkboiJ has 60 seconds left.
|c|☆DarkboiJ|Ok
|
|t:|1665952235
|-curestatus|p2a: Ditto|tox|[from] ability: Natural Cure
|switch|p2a: Necrozma|Necrozma-Dusk-Mane|92/100
|switch|p1a: Chansey|Chansey, F|58/100
|-damage|p1a: Chansey|45/100|[from] Stealth Rock
|
|upkeep
|turn|235
|
|t:|1665952240
|switch|p1a: Quagsire|Quagsire, M|82/100
|-damage|p1a: Quagsire|76/100|[from] Stealth Rock
|move|p2a: Necrozma|Earthquake|p1a: Quagsire
|-damage|p1a: Quagsire|49/100
|
|upkeep
|turn|236
|inactive|DarkboiJ has 60 seconds left.
|
|t:|1665952250
|move|p2a: Necrozma|Earthquake|p1a: Quagsire
|-damage|p1a: Quagsire|22/100
|move|p1a: Quagsire|Recover|p1a: Quagsire
|-heal|p1a: Quagsire|72/100
|
|upkeep
|turn|237
|
|t:|1665952267
|move|p2a: Necrozma|Earthquake|p1a: Quagsire
|-damage|p1a: Quagsire|44/100
|move|p1a: Quagsire|Scald|p2a: Necrozma
|-damage|p2a: Necrozma|76/100
|
|upkeep
|turn|238
|
|t:|1665952277
|move|p2a: Necrozma|Earthquake|p1a: Quagsire
|-damage|p1a: Quagsire|14/100
|move|p1a: Quagsire|Recover|p1a: Quagsire
|-heal|p1a: Quagsire|64/100
|
|upkeep
|turn|239
|inactive|DarkboiJ has 30 seconds left.
|
|t:|1665952282
|move|p2a: Necrozma|Earthquake|p1a: Quagsire
|-damage|p1a: Quagsire|36/100
|move|p1a: Quagsire|Scald|p2a: Necrozma
|-damage|p2a: Necrozma|59/100
|-status|p2a: Necrozma|brn
|
|-damage|p2a: Necrozma|53/100 brn|[from] brn
|upkeep
|turn|240
|inactive|DarkboiJ has 30 seconds left.
|
|t:|1665952288
|switch|p2a: Ditto|Ditto, shiny|71/100
|-transform|p2a: Ditto|p1a: Quagsire|[from] ability: Imposter
|move|p1a: Quagsire|Recover|p1a: Quagsire
|-heal|p1a: Quagsire|86/100
|
|upkeep
|turn|241
|inactive|DarkboiJ has 30 seconds left this turn.
|
|t:|1665952296
|switch|p1a: Toxapex|Toxapex, M|100/100
|-damage|p1a: Toxapex|88/100|[from] Stealth Rock
|move|p2a: Ditto|Earthquake|p1a: Toxapex
|-supereffective|p1a: Toxapex
|-damage|p1a: Toxapex|50/100
|
|upkeep
|turn|242
|inactive|DarkboiJ has 30 seconds left this turn.
|
|t:|1665952304
|move|p2a: Ditto|Earthquake|p1a: Toxapex
|-supereffective|p1a: Toxapex
|-damage|p1a: Toxapex|17/100
|move|p1a: Toxapex|Toxic|p2a: Ditto
|-status|p2a: Ditto|tox
|
|-damage|p2a: Ditto|65/100 tox|[from] psn
|upkeep
|turn|243
|inactive|DarkboiJ has 30 seconds left this turn.
|
|t:|1665952313
|switch|p2a: Necrozma|Necrozma-Dusk-Mane|53/100 brn
|switch|p1a: Quagsire|Quagsire, M|86/100
|-damage|p1a: Quagsire|80/100|[from] Stealth Rock
|
|-damage|p2a: Necrozma|47/100 brn|[from] brn
|upkeep
|turn|244
|inactive|DarkboiJ has 30 seconds left this turn.
|
|t:|1665952318
|switch|p2a: Arceus|Arceus|94/100
|move|p1a: Quagsire|Scald|p2a: Arceus
|-damage|p2a: Arceus|83/100
|
|upkeep
|turn|245
|inactive|DarkboiJ has 25 seconds left this turn.
|inactive|DarkboiJ has 20 seconds left.
|
|t:|1665952325
|switch|p2a: Ditto|Ditto, shiny|65/100 tox
|-transform|p2a: Ditto|p1a: Quagsire|[from] ability: Imposter
|move|p1a: Quagsire|Toxic|p2a: Ditto
|-fail|p2a: Ditto|tox
|
|-damage|p2a: Ditto|59/100 tox|[from] psn
|upkeep
|turn|246
|inactive|DarkboiJ has 25 seconds left this turn.
|
|t:|1665952339
|switch|p1a: Toxapex|Toxapex, M|50/100
|-damage|p1a: Toxapex|38/100|[from] Stealth Rock
|move|p2a: Ditto|Toxic|p1a: Toxapex
|-immune|p1a: Toxapex
|
|-damage|p2a: Ditto|47/100 tox|[from] psn
|upkeep
|turn|247
|inactive|DarkboiJ has 25 seconds left this turn.
|
|t:|1665952343
|switch|p2a: Arceus|Arceus|83/100
|move|p1a: Toxapex|Recover|p1a: Toxapex
|-heal|p1a: Toxapex|88/100
|
|upkeep
|turn|248
|inactive|DarkboiJ has 30 seconds left this turn.
|
|t:|1665952350
|move|p2a: Arceus|Swords Dance|p2a: Arceus
|-boost|p2a: Arceus|atk|2
|move|p1a: Toxapex|Scald|p2a: Arceus
|-damage|p2a: Arceus|73/100
|-status|p2a: Arceus|brn
|
|-damage|p2a: Arceus|67/100 brn|[from] brn
|upkeep
|turn|249
|inactive|DarkboiJ has 25 seconds left this turn.
|
|t:|1665952352
|switch|p1a: Quagsire|Quagsire, M|80/100
|-damage|p1a: Quagsire|74/100|[from] Stealth Rock
|move|p2a: Arceus|Shadow Claw|p1a: Quagsire
|-damage|p1a: Quagsire|66/100
|-damage|p2a: Arceus|50/100 brn|[from] item: Rocky Helmet|[of] p1a: Quagsire
|
|-damage|p2a: Arceus|44/100 brn|[from] brn
|upkeep
|turn|250
|inactive|DarkboiJ has 30 seconds left this turn.
|
|t:|1665952357
|move|p2a: Arceus|Recover|p2a: Arceus
|-heal|p2a: Arceus|94/100 brn
|move|p1a: Quagsire|Scald|p2a: Arceus
|-damage|p2a: Arceus|83/100 brn
|
|-damage|p2a: Arceus|77/100 brn|[from] brn
|upkeep
|turn|251
|inactive|DarkboiJ has 30 seconds left this turn.
|inactive|DarkboiJ has 20 seconds left.
|inactive|DarkboiJ has 15 seconds left.
|
|t:|1665952372
|switch|p1a: Toxapex|Toxapex, M|100/100
|-damage|p1a: Toxapex|88/100|[from] Stealth Rock
|move|p2a: Arceus|Shadow Claw|p1a: Toxapex
|-damage|p1a: Toxapex|72/100
|
|-damage|p2a: Arceus|71/100 brn|[from] brn
|upkeep
|turn|252
|inactive|DarkboiJ has 20 seconds left this turn.
|
|t:|1665952376
|switch|p2a: Ditto|Ditto, shiny|47/100 tox
|-transform|p2a: Ditto|p1a: Toxapex|[from] ability: Imposter
|move|p1a: Toxapex|Knock Off|p2a: Ditto
|-damage|p2a: Ditto|38/100 tox
|-enditem|p2a: Ditto|Choice Scarf|[from] move: Knock Off|[of] p1a: Toxapex
|
|-damage|p2a: Ditto|32/100 tox|[from] psn
|upkeep
|turn|253
|inactive|DarkboiJ has 20 seconds left this turn.
|inactive|DarkboiJ has 15 seconds left.
|c|☆otpteemotiamat|that's bad
|
|t:|1665952387
|switch|p2a: Arceus|Arceus|71/100 brn
|move|p1a: Toxapex|Knock Off|p2a: Arceus
|-damage|p2a: Arceus|65/100 brn
|
|-damage|p2a: Arceus|59/100 brn|[from] brn
|upkeep
|turn|254
|inactive|DarkboiJ has 20 seconds left this turn.
|
|t:|1665952391
|switch|p2a: Ditto|Ditto, shiny|65/100 tox
|-transform|p2a: Ditto|p1a: Toxapex|[from] ability: Imposter
|move|p1a: Toxapex|Knock Off|p2a: Ditto
|-damage|p2a: Ditto|58/100 tox
|
|-damage|p2a: Ditto|52/100 tox|[from] psn
|upkeep
|turn|255
|inactive|DarkboiJ has 20 seconds left this turn.
|
|t:|1665952394
|switch|p2a: Arceus|Arceus|59/100 brn
|move|p1a: Toxapex|Knock Off|p2a: Arceus
|-damage|p2a: Arceus|52/100 brn
|
|-damage|p2a: Arceus|46/100 brn|[from] brn
|upkeep
|turn|256
|inactive|DarkboiJ has 25 seconds left this turn.
|
|t:|1665952398
|switch|p2a: Ditto|Ditto, shiny|85/100 tox
|-transform|p2a: Ditto|p1a: Toxapex|[from] ability: Imposter
|move|p1a: Toxapex|Recover|p1a: Toxapex
|-heal|p1a: Toxapex|100/100
|
|-damage|p2a: Ditto|79/100 tox|[from] psn
|upkeep
|turn|257
|inactive|DarkboiJ has 25 seconds left this turn.
|
|t:|1665952402
|switch|p2a: Arceus|Arceus|46/100 brn
|move|p1a: Toxapex|Knock Off|p2a: Arceus
|-damage|p2a: Arceus|38/100 brn
|
|-damage|p2a: Arceus|32/100 brn|[from] brn
|upkeep
|turn|258
|inactive|DarkboiJ has 30 seconds left this turn.
|
|t:|1665952406
|switch|p1a: Quagsire|Quagsire, M|66/100
|-damage|p1a: Quagsire|60/100|[from] Stealth Rock
|move|p2a: Arceus|Recover|p2a: Arceus
|-heal|p2a: Arceus|82/100 brn
|
|-damage|p2a: Arceus|76/100 brn|[from] brn
|upkeep
|turn|259
|inactive|DarkboiJ has 30 seconds left this turn.
|
|t:|1665952410
|switch|p2a: Ditto|Ditto, shiny|100/100 tox
|-transform|p2a: Ditto|p1a: Quagsire|[from] ability: Imposter
|move|p1a: Quagsire|Recover|p1a: Quagsire
|-heal|p1a: Quagsire|100/100
|
|-damage|p2a: Ditto|94/100 tox|[from] psn
|upkeep
|turn|260
|inactive|DarkboiJ has 30 seconds left.
|
|t:|1665952419
|switch|p2a: Arceus|Arceus|76/100 brn
|switch|p1a: Toxapex|Toxapex, M|100/100
|-damage|p1a: Toxapex|88/100|[from] Stealth Rock
|
|-damage|p2a: Arceus|70/100 brn|[from] brn
|upkeep
|turn|261
|inactive|DarkboiJ has 30 seconds left this turn.
|
|t:|1665952421
|switch|p2a: Ditto|Ditto, shiny|94/100 tox
|-transform|p2a: Ditto|p1a: Toxapex|[from] ability: Imposter
|move|p1a: Toxapex|Knock Off|p2a: Ditto
|-damage|p2a: Ditto|88/100 tox
|
|-damage|p2a: Ditto|82/100 tox|[from] psn
|upkeep
|turn|262
|inactive|DarkboiJ has 30 seconds left.
|
|t:|1665952427
|switch|p1a: Quagsire|Quagsire, M|100/100
|-damage|p1a: Quagsire|94/100|[from] Stealth Rock
|move|p2a: Ditto|Toxic|p1a: Quagsire
|-status|p1a: Quagsire|tox
|
|-damage|p1a: Quagsire|88/100 tox|[from] psn
|-damage|p2a: Ditto|70/100 tox|[from] psn
|upkeep
|turn|263
|inactive|DarkboiJ has 30 seconds left this turn.
|
|t:|1665952432
|switch|p2a: Arceus|Arceus|70/100 brn
|move|p1a: Quagsire|Earthquake|p2a: Arceus
|-damage|p2a: Arceus|49/100 brn
|
|-damage|p1a: Quagsire|76/100 tox|[from] psn
|-damage|p2a: Arceus|43/100 brn|[from] brn
|upkeep
|turn|264
|
|t:|1665952440
|switch|p2a: Ditto|Ditto, shiny|100/100 tox
|-transform|p2a: Ditto|p1a: Quagsire|[from] ability: Imposter
|move|p1a: Quagsire|Earthquake|p2a: Ditto
|-damage|p2a: Ditto|73/100 tox
|
|-damage|p1a: Quagsire|58/100 tox|[from] psn
|-damage|p2a: Ditto|67/100 tox|[from] psn
|upkeep
|turn|265
|
|t:|1665952445
|switch|p2a: Arceus|Arceus|43/100 brn
|switch|p1a: Chansey|Chansey, F|45/100
|-damage|p1a: Chansey|33/100|[from] Stealth Rock
|
|-damage|p2a: Arceus|37/100 brn|[from] brn
|upkeep
|turn|266
|
|t:|1665952450
|switch|p2a: Ditto|Ditto, shiny|67/100 tox
|-transform|p2a: Ditto|p1a: Chansey|[from] ability: Imposter
|move|p1a: Chansey|Soft-Boiled|p1a: Chansey
|-heal|p1a: Chansey|83/100
|
|-damage|p2a: Ditto|61/100 tox|[from] psn
|upkeep
|turn|267
|
|t:|1665952453
|move|p1a: Chansey|Heal Bell|p1a: Chansey
|-activate|p1a: Chansey|move: Heal Bell
|-curestatus|p1: Quagsire|tox|[msg]
|move|p2a: Ditto|Heal Bell|p2a: Ditto
|-activate|p2a: Ditto|move: Heal Bell
|-curestatus|p2a: Ditto|tox|[msg]
|-curestatus|p2: Arceus|brn|[msg]
|-curestatus|p2: Necrozma|brn|[msg]
|
|upkeep
|turn|268
|
|t:|1665952462
|move|p1a: Chansey|Toxic|p2a: Ditto
|-status|p2a: Ditto|tox
|move|p2a: Ditto|Soft-Boiled|p2a: Ditto
|-heal|p2a: Ditto|100/100 tox
|
|-damage|p2a: Ditto|94/100 tox|[from] psn
|upkeep
|turn|269
|
|t:|1665952486
|switch|p1a: Toxapex|Toxapex, M|100/100
|-damage|p1a: Toxapex|88/100|[from] Stealth Rock
|move|p2a: Ditto|Toxic|p1a: Toxapex
|-immune|p1a: Toxapex
|
|-damage|p2a: Ditto|82/100 tox|[from] psn
|upkeep
|turn|270
|
|t:|1665952496
|-curestatus|p2a: Ditto|tox|[from] ability: Natural Cure
|switch|p2a: Arceus|Arceus|37/100
|move|p1a: Toxapex|Knock Off|p2a: Arceus
|-damage|p2a: Arceus|29/100
|
|upkeep
|turn|271
|
|t:|1665952504
|switch|p2a: Ditto|Ditto, shiny|82/100
|-transform|p2a: Ditto|p1a: Toxapex|[from] ability: Imposter
|move|p1a: Toxapex|Knock Off|p2a: Ditto
|-damage|p2a: Ditto|76/100
|
|upkeep
|turn|272
|
|t:|1665952511
|switch|p1a: Quagsire|Quagsire, M|58/100
|-damage|p1a: Quagsire|52/100|[from] Stealth Rock
|move|p2a: Ditto|Scald|p1a: Quagsire
|-damage|p1a: Quagsire|33/100
|-status|p1a: Quagsire|brn
|
|-damage|p1a: Quagsire|27/100 brn|[from] brn
|upkeep
|turn|273
|
|t:|1665952515
|move|p1a: Quagsire|Recover|p1a: Quagsire
|-heal|p1a: Quagsire|77/100 brn
|move|p2a: Ditto|Scald|p1a: Quagsire
|-damage|p1a: Quagsire|58/100 brn
|
|-damage|p1a: Quagsire|52/100 brn|[from] brn
|upkeep
|turn|274
|
|t:|1665952522
|switch|p1a: Toxapex|Toxapex, M|100/100
|-damage|p1a: Toxapex|88/100|[from] Stealth Rock
|move|p2a: Ditto|Knock Off|p1a: Toxapex
|-damage|p1a: Toxapex|81/100
|
|upkeep
|turn|275
|
|t:|1665952526
|move|p2a: Ditto|Scald|p1a: Toxapex
|-resisted|p1a: Toxapex
|-damage|p1a: Toxapex|75/100
|move|p1a: Toxapex|Toxic|p2a: Ditto
|-immune|p2a: Ditto
|
|upkeep
|turn|276
|
|t:|1665952530
|move|p2a: Ditto|Scald|p1a: Toxapex
|-resisted|p1a: Toxapex
|-damage|p1a: Toxapex|69/100
|move|p1a: Toxapex|Knock Off|p2a: Ditto
|-damage|p2a: Ditto|69/100
|
|upkeep
|turn|277
|
|t:|1665952536
|switch|p1a: Chansey|Chansey, F|83/100
|-damage|p1a: Chansey|70/100|[from] Stealth Rock
|move|p2a: Ditto|Scald|p1a: Chansey
|-damage|p1a: Chansey|64/100
|-status|p1a: Chansey|brn
|
|-damage|p1a: Chansey|57/100 brn|[from] brn
|upkeep
|turn|278
|
|t:|1665952545
|switch|p2a: Arceus|Arceus|29/100
|move|p1a: Chansey|Soft-Boiled|p1a: Chansey
|-heal|p1a: Chansey|100/100 brn
|
|-damage|p1a: Chansey|94/100 brn|[from] brn
|upkeep
|turn|279
|
|t:|1665952551
|-curestatus|p1a: Chansey|brn|[from] ability: Natural Cure
|switch|p1a: Toxapex|Toxapex, M|100/100
|-damage|p1a: Toxapex|88/100|[from] Stealth Rock
|move|p2a: Arceus|Recover|p2a: Arceus
|-heal|p2a: Arceus|79/100
|
|upkeep
|turn|280
|
|t:|1665952554
|switch|p2a: Ditto|Ditto, shiny|100/100
|-transform|p2a: Ditto|p1a: Toxapex|[from] ability: Imposter
|move|p1a: Toxapex|Knock Off|p2a: Ditto
|-damage|p2a: Ditto|94/100
|
|upkeep
|turn|281
|
|t:|1665952558
|switch|p1a: Chansey|Chansey, F|94/100
|-damage|p1a: Chansey|82/100|[from] Stealth Rock
|move|p2a: Ditto|Scald|p1a: Chansey
|-damage|p1a: Chansey|75/100
|
|upkeep
|turn|282
|
|t:|1665952566
|switch|p1a: Quagsire|Quagsire, M|52/100 brn
|-damage|p1a: Quagsire|46/100 brn|[from] Stealth Rock
|move|p2a: Ditto|Knock Off|p1a: Quagsire
|-damage|p1a: Quagsire|36/100 brn
|-damage|p2a: Ditto|78/100|[from] item: Rocky Helmet|[of] p1a: Quagsire
|-enditem|p1a: Quagsire|Rocky Helmet|[from] move: Knock Off|[of] p2a: Ditto
|
|-damage|p1a: Quagsire|29/100 brn|[from] brn
|upkeep
|turn|283
|
|t:|1665952569
|move|p1a: Quagsire|Recover|p1a: Quagsire
|-heal|p1a: Quagsire|79/100 brn
|move|p2a: Ditto|Scald|p1a: Quagsire
|-damage|p1a: Quagsire|62/100 brn
|
|-damage|p1a: Quagsire|56/100 brn|[from] brn
|upkeep
|turn|284
|
|t:|1665952577
|move|p1a: Quagsire|Recover|p1a: Quagsire
|-heal|p1a: Quagsire|100/100 brn
|move|p2a: Ditto|Scald|p1a: Quagsire
|-damage|p1a: Quagsire|83/100 brn
|
|-damage|p1a: Quagsire|77/100 brn|[from] brn
|upkeep
|turn|285
|
|t:|1665952581
|switch|p1a: Toxapex|Toxapex, M|100/100
|-damage|p1a: Toxapex|88/100|[from] Stealth Rock
|move|p2a: Ditto|Scald|p1a: Toxapex
|-resisted|p1a: Toxapex
|-damage|p1a: Toxapex|82/100
|
|upkeep
|turn|286
|
|t:|1665952584
|switch|p1a: Chansey|Chansey, F|75/100
|-damage|p1a: Chansey|63/100|[from] Stealth Rock
|move|p2a: Ditto|Scald|p1a: Chansey
|-damage|p1a: Chansey|57/100
|-status|p1a: Chansey|brn
|
|-damage|p1a: Chansey|50/100 brn|[from] brn
|upkeep
|turn|287
|
|t:|1665952589
|move|p1a: Chansey|Soft-Boiled|p1a: Chansey
|-heal|p1a: Chansey|100/100 brn
|move|p2a: Ditto|Knock Off|p1a: Chansey
|-damage|p1a: Chansey|89/100 brn
|
|-damage|p1a: Chansey|83/100 brn|[from] brn
|upkeep
|turn|288
|
|t:|1665952593
|-curestatus|p1a: Chansey|brn|[from] ability: Natural Cure
|switch|p1a: Toxapex|Toxapex, M|100/100
|-damage|p1a: Toxapex|88/100|[from] Stealth Rock
|move|p2a: Ditto|Knock Off|p1a: Toxapex
|-damage|p1a: Toxapex|81/100
|
|upkeep
|turn|289
|
|t:|1665952597
|switch|p1a: Chansey|Chansey, F|83/100
|-damage|p1a: Chansey|71/100|[from] Stealth Rock
|move|p2a: Ditto|Knock Off|p1a: Chansey
|-damage|p1a: Chansey|60/100
|
|upkeep
|turn|290
|
|t:|1665952601
|switch|p1a: Toxapex|Toxapex, M|100/100
|-damage|p1a: Toxapex|88/100|[from] Stealth Rock
|move|p2a: Ditto|Knock Off|p1a: Toxapex
|-damage|p1a: Toxapex|82/100
|
|upkeep
|turn|291
|
|t:|1665952606
|switch|p1a: Chansey|Chansey, F|60/100
|-damage|p1a: Chansey|48/100|[from] Stealth Rock
|move|p2a: Ditto|Recover|p2a: Ditto
|-heal|p2a: Ditto|100/100
|
|upkeep
|turn|292
|
|t:|1665952608
|move|p1a: Chansey|Soft-Boiled|p1a: Chansey
|-heal|p1a: Chansey|98/100
|move|p2a: Ditto|Toxic|p1a: Chansey
|-status|p1a: Chansey|tox
|
|-damage|p1a: Chansey|92/100 tox|[from] psn
|upkeep
|turn|293
|
|t:|1665952612
|-curestatus|p1a: Chansey|tox|[from] ability: Natural Cure
|switch|p1a: Toxapex|Toxapex, M|100/100
|-damage|p1a: Toxapex|88/100|[from] Stealth Rock
|move|p2a: Ditto|Recover||[still]
|-fail|p2a: Ditto|heal
|
|upkeep
|turn|294
|
|t:|1665952615
|switch|p1a: Chansey|Chansey, F|92/100
|-damage|p1a: Chansey|79/100|[from] Stealth Rock
|move|p2a: Ditto|Toxic|p1a: Chansey
|-status|p1a: Chansey|tox
|
|-damage|p1a: Chansey|73/100 tox|[from] psn
|upkeep
|turn|295
|
|t:|1665952618
|-curestatus|p1a: Chansey|tox|[from] ability: Natural Cure
|switch|p1a: Toxapex|Toxapex, M|100/100
|-damage|p1a: Toxapex|88/100|[from] Stealth Rock
|move|p2a: Ditto|Recover||[still]
|-fail|p2a: Ditto|heal
|
|upkeep
|turn|296
|
|t:|1665952621
|switch|p1a: Chansey|Chansey, F|73/100
|-damage|p1a: Chansey|60/100|[from] Stealth Rock
|move|p2a: Ditto|Toxic|p1a: Chansey
|-status|p1a: Chansey|tox
|
|-damage|p1a: Chansey|54/100 tox|[from] psn
|upkeep
|turn|297
|
|t:|1665952623
|move|p1a: Chansey|Soft-Boiled|p1a: Chansey
|-heal|p1a: Chansey|100/100 tox
|move|p2a: Ditto|Recover||[still]
|-fail|p2a: Ditto|heal
|
|-damage|p1a: Chansey|88/100 tox|[from] psn
|upkeep
|turn|298
|
|t:|1665952626
|-curestatus|p1a: Chansey|tox|[from] ability: Natural Cure
|switch|p1a: Toxapex|Toxapex, M|100/100
|-damage|p1a: Toxapex|88/100|[from] Stealth Rock
|move|p2a: Ditto|Recover||[still]
|-fail|p2a: Ditto|heal
|
|upkeep
|turn|299
|
|t:|1665952629
|switch|p1a: Chansey|Chansey, F|88/100
|-damage|p1a: Chansey|76/100|[from] Stealth Rock
|move|p2a: Ditto|Toxic|p1a: Chansey
|-status|p1a: Chansey|tox
|
|-damage|p1a: Chansey|69/100 tox|[from] psn
|upkeep
|turn|300
|
|t:|1665952635
|-curestatus|p1a: Chansey|tox|[from] ability: Natural Cure
|switch|p1a: Toxapex|Toxapex, M|100/100
|-damage|p1a: Toxapex|88/100|[from] Stealth Rock
|move|p2a: Ditto|Toxic|p1a: Toxapex
|-immune|p1a: Toxapex
|
|upkeep
|turn|301
|
|t:|1665952642
|switch|p2a: Arceus|Arceus|79/100
|move|p1a: Toxapex|Scald|p2a: Arceus
|-damage|p2a: Arceus|70/100
|
|upkeep
|turn|302
|
|t:|1665952644
|switch|p2a: Ditto|Ditto, shiny|100/100
|-transform|p2a: Ditto|p1a: Toxapex|[from] ability: Imposter
|move|p1a: Toxapex|Knock Off|p2a: Ditto
|-damage|p2a: Ditto|94/100
|
|upkeep
|turn|303
|
|t:|1665952662
|switch|p1a: Chansey|Chansey, F|69/100
|-damage|p1a: Chansey|57/100|[from] Stealth Rock
|move|p2a: Ditto|Toxic|p1a: Chansey
|-status|p1a: Chansey|tox
|
|-damage|p1a: Chansey|51/100 tox|[from] psn
|upkeep
|turn|304
|
|t:|1665952671
|-curestatus|p1a: Chansey|tox|[from] ability: Natural Cure
|switch|p1a: Toxapex|Toxapex, M|100/100
|-damage|p1a: Toxapex|88/100|[from] Stealth Rock
|move|p2a: Ditto|Knock Off|p1a: Toxapex
|-damage|p1a: Toxapex|81/100
|
|upkeep
|turn|305
|
|t:|1665952681
|move|p1a: Toxapex|Knock Off|p2a: Ditto
|-damage|p2a: Ditto|87/100
|move|p2a: Ditto|Scald|p1a: Toxapex
|-resisted|p1a: Toxapex
|-damage|p1a: Toxapex|74/100
|-status|p1a: Toxapex|brn
|
|-damage|p1a: Toxapex|68/100 brn|[from] brn
|upkeep
|turn|306
|
|t:|1665952686
|switch|p1a: Chansey|Chansey, F|51/100
|-damage|p1a: Chansey|38/100|[from] Stealth Rock
|move|p2a: Ditto|Scald|p1a: Chansey
|-crit|p1a: Chansey
|-damage|p1a: Chansey|30/100
|-status|p1a: Chansey|brn
|
|-damage|p1a: Chansey|23/100 brn|[from] brn
|upkeep
|turn|307
|
|t:|1665952690
|move|p1a: Chansey|Soft-Boiled|p1a: Chansey
|-heal|p1a: Chansey|73/100 brn
|move|p2a: Ditto|Knock Off|p1a: Chansey
|-damage|p1a: Chansey|63/100 brn
|
|-damage|p1a: Chansey|57/100 brn|[from] brn
|upkeep
|turn|308
|
|t:|1665952694
|-curestatus|p1a: Chansey|brn|[from] ability: Natural Cure
|switch|p1a: Toxapex|Toxapex, M|100/100 brn
|-damage|p1a: Toxapex|88/100 brn|[from] Stealth Rock
|move|p2a: Ditto|Knock Off|p1a: Toxapex
|-damage|p1a: Toxapex|81/100 brn
|
|-damage|p1a: Toxapex|75/100 brn|[from] brn
|upkeep
|turn|309
|
|t:|1665952702
|switch|p1a: Chansey|Chansey, F|57/100
|-damage|p1a: Chansey|44/100|[from] Stealth Rock
|move|p2a: Ditto|Knock Off|p1a: Chansey
|-damage|p1a: Chansey|33/100
|
|upkeep
|turn|310
|
|t:|1665952708
|move|p1a: Chansey|Soft-Boiled|p1a: Chansey
|-heal|p1a: Chansey|83/100
|move|p2a: Ditto|Toxic|p1a: Chansey
|-status|p1a: Chansey|tox
|
|-damage|p1a: Chansey|77/100 tox|[from] psn
|upkeep
|turn|311
|
|t:|1665952714
|-curestatus|p1a: Chansey|tox|[from] ability: Natural Cure
|switch|p1a: Toxapex|Toxapex, M|100/100 brn
|-damage|p1a: Toxapex|88/100 brn|[from] Stealth Rock
|move|p2a: Ditto|Knock Off|p1a: Toxapex
|-damage|p1a: Toxapex|81/100 brn
|
|-damage|p1a: Toxapex|75/100 brn|[from] brn
|upkeep
|turn|312
|
|t:|1665952718
|move|p2a: Ditto|Toxic||[still]
|-fail|p2a: Ditto
|move|p1a: Toxapex|Knock Off|p2a: Ditto
|-damage|p2a: Ditto|84/100
|
|-damage|p1a: Toxapex|69/100 brn|[from] brn
|upkeep
|turn|313
|
|t:|1665952722
|switch|p1a: Chansey|Chansey, F|77/100
|-damage|p1a: Chansey|65/100|[from] Stealth Rock
|move|p2a: Ditto|Scald|p1a: Chansey
|-damage|p1a: Chansey|58/100
|
|upkeep
|turn|314
|
|t:|1665952725
|move|p1a: Chansey|Soft-Boiled|p1a: Chansey
|-heal|p1a: Chansey|100/100
|move|p2a: Ditto|Toxic|p1a: Chansey
|-status|p1a: Chansey|tox
|
|-damage|p1a: Chansey|94/100 tox|[from] psn
|upkeep
|turn|315
|
|t:|1665952729
|-curestatus|p1a: Chansey|tox|[from] ability: Natural Cure
|switch|p1a: Toxapex|Toxapex, M|100/100 brn
|-damage|p1a: Toxapex|88/100 brn|[from] Stealth Rock
|move|p2a: Ditto|Toxic||[still]
|-fail|p2a: Ditto
|
|-damage|p1a: Toxapex|82/100 brn|[from] brn
|upkeep
|turn|316
|
|t:|1665952732
|switch|p1a: Chansey|Chansey, F|94/100
|-damage|p1a: Chansey|82/100|[from] Stealth Rock
|move|p2a: Ditto|Recover|p2a: Ditto
|-heal|p2a: Ditto|100/100
|
|upkeep
|turn|317
|
|t:|1665952736
|switch|p1a: Toxapex|Toxapex, M|100/100 brn
|-damage|p1a: Toxapex|88/100 brn|[from] Stealth Rock
|move|p2a: Ditto|Scald|p1a: Toxapex
|-resisted|p1a: Toxapex
|-damage|p1a: Toxapex|82/100 brn
|
|-damage|p1a: Toxapex|76/100 brn|[from] brn
|upkeep
|turn|318
|
|t:|1665952738
|switch|p1a: Chansey|Chansey, F|82/100
|-damage|p1a: Chansey|69/100|[from] Stealth Rock
|move|p2a: Ditto|Recover||[still]
|-fail|p2a: Ditto|heal
|
|upkeep
|turn|319
|
|t:|1665952740
|switch|p1a: Toxapex|Toxapex, M|100/100 brn
|-damage|p1a: Toxapex|88/100 brn|[from] Stealth Rock
|move|p2a: Ditto|Scald|p1a: Toxapex
|-resisted|p1a: Toxapex
|-damage|p1a: Toxapex|82/100 brn
|
|-damage|p1a: Toxapex|76/100 brn|[from] brn
|upkeep
|turn|320
|
|t:|1665952745
|switch|p1a: Chansey|Chansey, F|69/100
|-damage|p1a: Chansey|57/100|[from] Stealth Rock
|move|p2a: Ditto|Recover||[still]
|-fail|p2a: Ditto|heal
|
|upkeep
|turn|321
|
|t:|1665952748
|move|p1a: Chansey|Soft-Boiled|p1a: Chansey
|-heal|p1a: Chansey|100/100
|move|p2a: Ditto|Recover||[still]
|-fail|p2a: Ditto|heal
|
|upkeep
|turn|322
|
|t:|1665952751
|switch|p2a: Arceus|Arceus|70/100
|move|p1a: Chansey|Toxic|p2a: Arceus
|-status|p2a: Arceus|tox
|
|-damage|p2a: Arceus|64/100 tox|[from] psn
|upkeep
|turn|323
|
|t:|1665952754
|switch|p2a: Ditto|Ditto, shiny|100/100
|-transform|p2a: Ditto|p1a: Chansey|[from] ability: Imposter
|switch|p1a: Quagsire|Quagsire, M|77/100 brn
|-damage|p1a: Quagsire|71/100 brn|[from] Stealth Rock
|
|-damage|p1a: Quagsire|64/100 brn|[from] brn
|upkeep
|turn|324
|
|t:|1665952760
|move|p2a: Ditto|Heal Bell|p2a: Ditto
|-activate|p2a: Ditto|move: Heal Bell
|-curestatus|p2: Arceus|tox|[msg]
|move|p1a: Quagsire|Toxic|p2a: Ditto
|-status|p2a: Ditto|tox
|
|-damage|p2a: Ditto|94/100 tox|[from] psn
|-damage|p1a: Quagsire|58/100 brn|[from] brn
|upkeep
|turn|325
|
|t:|1665952768
|switch|p1a: Chansey|Chansey, F|100/100
|-damage|p1a: Chansey|88/100|[from] Stealth Rock
|move|p2a: Ditto|Heal Bell|p2a: Ditto
|-activate|p2a: Ditto|move: Heal Bell
|-curestatus|p2a: Ditto|tox|[msg]
|
|upkeep
|turn|326
|
|t:|1665952773
|switch|p1a: Quagsire|Quagsire, M|58/100 brn
|-damage|p1a: Quagsire|52/100 brn|[from] Stealth Rock
|switch|p2a: Arceus|Arceus|64/100
|
|-damage|p1a: Quagsire|46/100 brn|[from] brn
|upkeep
|turn|327
|
|t:|1665952780
|move|p2a: Arceus|Shadow Claw|p1a: Quagsire
|-damage|p1a: Quagsire|28/100 brn
|move|p1a: Quagsire|Scald|p2a: Arceus
|-damage|p2a: Arceus|53/100
|
|-damage|p1a: Quagsire|22/100 brn|[from] brn
|upkeep
|turn|328
|c|☆otpteemotiamat|you win this
|
|t:|1665952788
|move|p2a: Arceus|Shadow Claw|p1a: Quagsire
|-damage|p1a: Quagsire|3/100 brn
|move|p1a: Quagsire|Recover|p1a: Quagsire
|-heal|p1a: Quagsire|53/100 brn
|
|-damage|p1a: Quagsire|47/100 brn|[from] brn
|upkeep
|turn|329
|
|t:|1665952797
|move|p2a: Arceus|Swords Dance|p2a: Arceus
|-boost|p2a: Arceus|atk|2
|move|p1a: Quagsire|Toxic|p2a: Arceus
|-status|p2a: Arceus|tox
|
|-damage|p2a: Arceus|47/100 tox|[from] psn
|-damage|p1a: Quagsire|41/100 brn|[from] brn
|upkeep
|turn|330
|
|t:|1665952804
|-start|p1a: Quagsire|Dynamax|
|-heal|p1a: Quagsire|41/100 brn|[silent]
|move|p2a: Arceus|Shadow Claw|p1a: Quagsire
|-crit|p1a: Quagsire
|-damage|p1a: Quagsire|28/100 brn
|move|p1a: Quagsire|Max Geyser|p2a: Arceus
|-damage|p2a: Arceus|30/100 tox
|-weather|RainDance
|
|-weather|RainDance|[upkeep]
|-damage|p2a: Arceus|18/100 tox|[from] psn
|-damage|p1a: Quagsire|25/100 brn|[from] brn
|upkeep
|turn|331
|inactive|DarkboiJ has 90 seconds left.
|
|t:|1665952811
|switch|p2a: Necrozma|Necrozma-Dusk-Mane|47/100
|move|p1a: Quagsire|Max Geyser|p2a: Necrozma
|-damage|p2a: Necrozma|7/100
|
|-weather|RainDance|[upkeep]
|-damage|p1a: Quagsire|22/100 brn|[from] brn
|upkeep
|turn|332
|inactive|DarkboiJ has 90 seconds left.
|
|t:|1665952816
|switch|p2a: Arceus|Arceus-Fairy|57/100
|move|p1a: Quagsire|Max Geyser|p2a: Arceus
|-damage|p2a: Arceus|36/100
|
|-weather|RainDance|[upkeep]
|-damage|p1a: Quagsire|19/100 brn|[from] brn
|upkeep
|-end|p1a: Quagsire|Dynamax
|-heal|p1a: Quagsire|19/100 brn|[silent]
|turn|333
|
|t:|1665952822
|move|p2a: Arceus|Judgment|p1a: Quagsire
|-damage|p1a: Quagsire|0 fnt
|faint|p1a: Quagsire
|
|-weather|RainDance|[upkeep]
|upkeep
|
|t:|1665952826
|switch|p1a: Toxapex|Toxapex, M|100/100 brn
|-damage|p1a: Toxapex|88/100 brn|[from] Stealth Rock
|turn|334
|
|t:|1665952836
|switch|p2a: Ditto|Ditto, shiny|94/100
|-transform|p2a: Ditto|p1a: Toxapex|[from] ability: Imposter
|move|p1a: Toxapex|Toxic|p2a: Ditto
|-immune|p2a: Ditto
|
|-weather|none
|-damage|p1a: Toxapex|82/100 brn|[from] brn
|upkeep
|turn|335
|c|☆otpteemotiamat|i played really bad
|c|☆otpteemotiamat|gg
|-message|otpteemotiamat forfeited.
|
|win|DarkboiJ
|raw|otpteemotiamat's rating: 1827 &rarr; <strong>1810</strong><br />(-17 for losing)
|raw|DarkboiJ's rating: 1885 &rarr; <strong>1902</strong><br />(+17 for winning)
|c|☆DarkboiJ|Stall is boring please try offensive teams
