|j|☆digging your grave
|j|☆PKMN1996
|t:|1654989750
|gametype|singles
|player|p1|digging your grave|byron|1448
|player|p2|PKMN1996|silver-gen2kanto|1673
|teamsize|p1|6
|teamsize|p2|6
|gen|8
|tier|[Gen 8] National Dex AG
|rated|
|rule|HP Percentage Mod: HP is shown in percentages
|rule|Endless Battle Clause: Forcing endless battles is banned
|clearpoke
|poke|p1|Rayquaza|
|poke|p1|Yveltal|
|poke|p1|Deoxys-Attack|
|poke|p1|Kyogre|
|poke|p1|Kyurem-Black|
|poke|p1|Eternatus|
|poke|p2|Necrozma-Dusk-Mane|
|poke|p2|Yveltal|
|poke|p2|Ditto|
|poke|p2|Zacian-*|
|poke|p2|Calyrex-Shadow|
|poke|p2|Rayquaza|
|teampreview
|inactive|Battle timer is ON: inactive players will automatically lose when time's up. (requested by PKMN1996)
|
|t:|1654989762
|start
|switch|p1a: Deoxys|Deoxys-Attack|100/100
|switch|p2a: Yveltal|Yveltal, shiny|100/100
|-ability|p1a: Deoxys|Pressure
|-ability|p2a: Yveltal|Dark Aura
|turn|1
|
|t:|1654989769
|move|p1a: Deoxys|Stealth Rock|p2a: Yveltal
|-sidestart|p2: PKMN1996|move: Stealth Rock
|move|p2a: Yveltal|Taunt|p1a: Deoxys
|-start|p1a: Deoxys|move: Taunt
|
|upkeep
|turn|2
|
|t:|1654989781
|switch|p1a: Yveltal|Yveltal|100/100
|-ability|p1a: Yveltal|Dark Aura
|move|p2a: Yveltal|Defog|p1a: Yveltal
|-unboost|p1a: Yveltal|evasion|1
|-sideend|p2: PKMN1996|Stealth Rock|[from] move: Defog|[of] p2a: Yveltal
|
|upkeep
|turn|3
|
|t:|1654989788
|-start|p1a: Yveltal|Dynamax|
|-heal|p1a: Yveltal|100/100|[silent]
|move|p1a: Yveltal|Max Airstream|p2a: Yveltal
|-damage|p2a: Yveltal|49/100
|-boost|p1a: Yveltal|spe|1
|-damage|p1a: Yveltal|96/100|[from] item: Life Orb
|move|p2a: Yveltal|Knock Off|p1a: Yveltal
|-resisted|p1a: Yveltal
|-damage|p1a: Yveltal|83/100
|-enditem|p1a: Yveltal|Life Orb|[from] move: Knock Off|[of] p2a: Yveltal
|
|upkeep
|turn|4
|
|t:|1654989801
|move|p1a: Yveltal|Max Ooze|p2a: Yveltal
|-damage|p2a: Yveltal|27/100
|-boost|p1a: Yveltal|spa|1
|move|p2a: Yveltal|Roost|p2a: Yveltal
|-heal|p2a: Yveltal|77/100
|-singleturn|p2a: Yveltal|move: Roost
|
|upkeep
|turn|5
|
|t:|1654989811
|switch|p2a: Ditto|Ditto, shiny|100/100
|-transform|p2a: Ditto|p1a: Yveltal|[from] ability: Imposter
|-ability|p2a: Ditto|Dark Aura
|move|p1a: Yveltal|Max Ooze|p2a: Ditto
|-damage|p2a: Ditto|23/100
|-boost|p1a: Yveltal|spa|1
|
|upkeep
|-end|p1a: Yveltal|Dynamax
|-heal|p1a: Yveltal|83/100|[silent]
|turn|6
|
|t:|1654989818
|-start|p2a: Ditto|Dynamax|
|-heal|p2a: Ditto|23/100|[silent]
|move|p1a: Yveltal|Oblivion Wing|p2a: Ditto
|-damage|p2a: Ditto|0 fnt
|-heal|p1a: Yveltal|100/100|[from] drain|[of] p2a: Ditto
|faint|p2a: Ditto
|
|upkeep
|-message|PKMN1996 forfeited.
|
|win|digging your grave
|raw|digging your grave's rating: 1448 &rarr; <strong>1479</strong><br />(+31 for winning)
|raw|PKMN1996's rating: 1673 &rarr; <strong>1642</strong><br />(-31 for losing)
|l|☆PKMN1996
