|j|☆TSpaceDog
|j|☆JAY100064
|t:|1623085694
|gametype|singles
|player|p1|TSpaceDog|nate|1400
|player|p2|JAY100064|preschooler|1441
|teamsize|p1|6
|teamsize|p2|6
|gen|8
|tier|[Gen 8] National Dex AG
|rated|
|rule|HP Percentage Mod: HP is shown in percentages
|rule|Endless Battle Clause: Forcing endless battles is banned
|clearpoke
|poke|p1|Slurpuff, F|
|poke|p1|Zacian-*|
|poke|p1|Rayquaza|
|poke|p1|Lugia|
|poke|p1|Zamazenta-*|
|poke|p1|Kyogre|
|poke|p2|Arceus-*|
|poke|p2|Ferrothorn, M|
|poke|p2|Giratina|
|poke|p2|Sableye, M|
|poke|p2|Clefable, M|
|poke|p2|Ho-Oh|
|teampreview
|
|t:|1623085701
|start
|switch|p1a: Algodao doce|Slurpuff, F|100/100
|switch|p2a: Sableye|Sableye, M, shiny|100/100
|turn|1
|
|t:|1623085719
|move|p1a: Algodao doce|Magic Coat|p1a: Algodao doce
|-singleturn|p1a: Algodao doce|move: Magic Coat
|move|p2a: Sableye|Fake Out|p1a: Algodao doce
|-damage|p1a: Algodao doce|95/100
|
|upkeep
|turn|2
|
|t:|1623085738
|switch|p2a: Ferrothorn|Ferrothorn, M|100/100
|move|p1a: Algodao doce|Magic Coat|p1a: Algodao doce
|-singleturn|p1a: Algodao doce|move: Magic Coat
|
|upkeep
|turn|3
|
|t:|1623085762
|move|p2a: Ferrothorn|Protect|p2a: Ferrothorn
|-singleturn|p2a: Ferrothorn|Protect
|move|p1a: Algodao doce|Sticky Web|p2a: Ferrothorn
|-sidestart|p2: JAY100064|move: Sticky Web
|
|upkeep
|turn|4
|inactive|Battle timer is ON: inactive players will automatically lose when time's up. (requested by JAY100064)
|
|t:|1623085774
|move|p1a: Algodao doce|Yawn|p2a: Ferrothorn
|-start|p2a: Ferrothorn|move: Yawn|[of] p1a: Algodao doce
|move|p2a: Ferrothorn|Gyro Ball|p1a: Algodao doce
|-supereffective|p1a: Algodao doce
|-damage|p1a: Algodao doce|39/100
|-enditem|p1a: Algodao doce|Sitrus Berry|[eat]
|-heal|p1a: Algodao doce|64/100|[from] item: Sitrus Berry
|
|upkeep
|turn|5
|
|t:|1623085788
|switch|p2a: Sableye|Sableye, M, shiny|100/100
|-activate|p2a: Sableye|move: Sticky Web
|-unboost|p2a: Sableye|spe|1
|move|p1a: Algodao doce|Magic Coat|p1a: Algodao doce
|-singleturn|p1a: Algodao doce|move: Magic Coat
|
|upkeep
|turn|6
|
|t:|1623085809
|switch|p1a: Dog impenetravel|Zamazenta-Crowned|100/100
|-ability|p1a: Dog impenetravel|Dauntless Shield|boost
|-boost|p1a: Dog impenetravel|def|1
|move|p2a: Sableye|Fake Out|p1a: Dog impenetravel
|-resisted|p1a: Dog impenetravel
|-damage|p1a: Dog impenetravel|99/100
|
|upkeep
|turn|7
|
|t:|1623085827
|switch|p2a: Arceus|Arceus-Ground, shiny|100/100
|-activate|p2a: Arceus|move: Sticky Web
|-unboost|p2a: Arceus|spe|1
|move|p1a: Dog impenetravel|Iron Defense|p1a: Dog impenetravel
|-boost|p1a: Dog impenetravel|def|2
|
|upkeep
|turn|8
|
|t:|1623085840
|move|p1a: Dog impenetravel|Behemoth Bash|p2a: Arceus
|-damage|p2a: Arceus|62/100
|move|p2a: Arceus|Stealth Rock|p1a: Dog impenetravel
|-sidestart|p1: TSpaceDog|move: Stealth Rock
|
|upkeep
|turn|9
|
|t:|1623085851
|move|p1a: Dog impenetravel|Crunch|p2a: Arceus
|-damage|p2a: Arceus|41/100
|-unboost|p2a: Arceus|def|1
|move|p2a: Arceus|Recover|p2a: Arceus
|-heal|p2a: Arceus|91/100
|
|upkeep
|turn|10
|
|t:|1623085861
|move|p1a: Dog impenetravel|Behemoth Bash|p2a: Arceus
|-damage|p2a: Arceus|36/100
|move|p2a: Arceus|Judgment|p1a: Dog impenetravel
|-supereffective|p1a: Dog impenetravel
|-damage|p1a: Dog impenetravel|29/100
|
|upkeep
|turn|11
|
|t:|1623085874
|switch|p2a: Ho-Oh|Ho-Oh, shiny|100/100
|move|p1a: Dog impenetravel|Behemoth Bash|p2a: Ho-Oh
|-resisted|p2a: Ho-Oh
|-damage|p2a: Ho-Oh|81/100
|
|-heal|p2a: Ho-Oh|87/100|[from] item: Leftovers
|upkeep
|turn|12
|
|t:|1623085892
|switch|p1a: Baleia azul|Kyogre|100/100
|-damage|p1a: Baleia azul|88/100|[from] Stealth Rock
|detailschange|p1a: Baleia azul|Kyogre-Primal
|-primal|p1a: Baleia azul
|-weather|PrimordialSea|[from] ability: Primordial Sea|[of] p1a: Baleia azul
|move|p2a: Ho-Oh|Brave Bird|p1a: Baleia azul
|-damage|p1a: Baleia azul|35/100
|-damage|p2a: Ho-Oh|73/100|[from] Recoil
|
|-weather|PrimordialSea|[upkeep]
|-heal|p2a: Ho-Oh|79/100|[from] item: Leftovers
|upkeep
|turn|13
|
|t:|1623085909
|switch|p2a: Ferrothorn|Ferrothorn, M|100/100
|-activate|p2a: Ferrothorn|move: Sticky Web
|-unboost|p2a: Ferrothorn|spe|1
|move|p1a: Baleia azul|Origin Pulse|p2a: Ferrothorn
|-resisted|p2a: Ferrothorn
|-damage|p2a: Ferrothorn|69/100
|
|-weather|PrimordialSea|[upkeep]
|-heal|p2a: Ferrothorn|75/100|[from] item: Leftovers
|upkeep
|turn|14
|
|t:|1623085922
|move|p1a: Baleia azul|Hidden Power|p2a: Ferrothorn
|-damage|p2a: Ferrothorn|56/100
|move|p2a: Ferrothorn|Leech Seed|p1a: Baleia azul
|-start|p1a: Baleia azul|move: Leech Seed
|
|-weather|PrimordialSea|[upkeep]
|-heal|p2a: Ferrothorn|62/100|[from] item: Leftovers
|-damage|p1a: Baleia azul|23/100|[from] Leech Seed|[of] p2a: Ferrothorn
|-heal|p2a: Ferrothorn|74/100|[silent]
|upkeep
|turn|15
|
|t:|1623085935
|-weather|none
|switch|p1a: Piriquito|Lugia|100/100
|-damage|p1a: Piriquito|76/100|[from] Stealth Rock
|move|p2a: Ferrothorn|Protect||[still]
|-fail|p2a: Ferrothorn
|
|-heal|p2a: Ferrothorn|80/100|[from] item: Leftovers
|upkeep
|turn|16
|
|t:|1623085948
|move|p2a: Ferrothorn|Protect|p2a: Ferrothorn
|-singleturn|p2a: Ferrothorn|Protect
|move|p1a: Piriquito|Reflect|p1a: Piriquito
|-sidestart|p1: TSpaceDog|Reflect
|
|-heal|p2a: Ferrothorn|86/100|[from] item: Leftovers
|upkeep
|turn|17
|
|t:|1623085957
|move|p1a: Piriquito|Light Screen|p1a: Piriquito
|-sidestart|p1: TSpaceDog|move: Light Screen
|move|p2a: Ferrothorn|Leech Seed|p1a: Piriquito
|-start|p1a: Piriquito|move: Leech Seed
|
|-heal|p2a: Ferrothorn|92/100|[from] item: Leftovers
|-damage|p1a: Piriquito|63/100|[from] Leech Seed|[of] p2a: Ferrothorn
|-heal|p2a: Ferrothorn|100/100|[silent]
|upkeep
|turn|18
|
|t:|1623085968
|move|p2a: Ferrothorn|Protect|p2a: Ferrothorn
|-singleturn|p2a: Ferrothorn|Protect
|move|p1a: Piriquito|Roost|p1a: Piriquito
|-heal|p1a: Piriquito|100/100
|-singleturn|p1a: Piriquito|move: Roost
|
|-damage|p1a: Piriquito|88/100|[from] Leech Seed|[of] p2a: Ferrothorn
|upkeep
|turn|19
|
|t:|1623085990
|switch|p1a: Algodao doce|Slurpuff, F|64/100
|-damage|p1a: Algodao doce|51/100|[from] Stealth Rock
|move|p2a: Ferrothorn|Gyro Ball|p1a: Algodao doce
|-supereffective|p1a: Algodao doce
|-damage|p1a: Algodao doce|12/100
|
|upkeep
|turn|20
|
|t:|1623086008
|switch|p2a: Arceus|Arceus-Ground, shiny|36/100
|-activate|p2a: Arceus|move: Sticky Web
|-unboost|p2a: Arceus|spe|1
|move|p1a: Algodao doce|Yawn|p2a: Arceus
|-start|p2a: Arceus|move: Yawn|[of] p1a: Algodao doce
|
|upkeep
|turn|21
|
|t:|1623086026
|switch|p1a: Piriquito|Lugia|88/100
|-damage|p1a: Piriquito|63/100|[from] Stealth Rock
|move|p2a: Arceus|Recover|p2a: Arceus
|-heal|p2a: Arceus|86/100
|
|-end|p2a: Arceus|move: Yawn|[silent]
|-status|p2a: Arceus|slp
|upkeep
|turn|22
|inactive|TSpaceDog has 120 seconds left.
|inactive|JAY100064 has 120 seconds left.
|
|t:|1623086052
|switch|p1a: Lendario dogshin|Zacian-Crowned|100/100
|-damage|p1a: Lendario dogshin|94/100|[from] Stealth Rock
|-ability|p1a: Lendario dogshin|Intrepid Sword|boost
|-boost|p1a: Lendario dogshin|atk|1
|switch|p2a: Ferrothorn|Ferrothorn, M|100/100
|-activate|p2a: Ferrothorn|move: Sticky Web
|-unboost|p2a: Ferrothorn|spe|1
|
|upkeep
|turn|23
|inactive|JAY100064 has 120 seconds left.
|
|t:|1623086068
|switch|p2a: Sableye|Sableye, M, shiny|100/100
|-activate|p2a: Sableye|move: Sticky Web
|-unboost|p2a: Sableye|spe|1
|move|p1a: Lendario dogshin|Substitute|p1a: Lendario dogshin
|-start|p1a: Lendario dogshin|Substitute
|-damage|p1a: Lendario dogshin|70/100
|
|-sideend|p1: TSpaceDog|Reflect
|upkeep
|turn|24
|inactive|JAY100064 has 120 seconds left.
|
|t:|1623086092
|switch|p2a: Arceus|Arceus-Ground, shiny|86/100 slp
|-activate|p2a: Arceus|move: Sticky Web
|-unboost|p2a: Arceus|spe|1
|move|p1a: Lendario dogshin|Play Rough|p2a: Arceus
|-damage|p2a: Arceus|23/100 slp
|
|-sideend|p1: TSpaceDog|move: Light Screen
|upkeep
|turn|25
|inactive|JAY100064 has 90 seconds left.
|
|t:|1623086123
|move|p1a: Lendario dogshin|Play Rough|p2a: Arceus
|-damage|p2a: Arceus|0 fnt
|faint|p2a: Arceus
|
|upkeep
|
|t:|1623086138
|switch|p2a: Ferrothorn|Ferrothorn, M|100/100
|-activate|p2a: Ferrothorn|move: Sticky Web
|-unboost|p2a: Ferrothorn|spe|1
|turn|26
|inactive|TSpaceDog has 120 seconds left.
|
|t:|1623086155
|move|p2a: Ferrothorn|Protect|p2a: Ferrothorn
|-singleturn|p2a: Ferrothorn|Protect
|move|p1a: Lendario dogshin|Psychic Fangs|p2a: Ferrothorn
|-activate|p2a: Ferrothorn|move: Protect
|
|upkeep
|turn|27
|inactive|JAY100064 has 90 seconds left.
|
|t:|1623086167
|move|p1a: Lendario dogshin|Play Rough|p2a: Ferrothorn
|-resisted|p2a: Ferrothorn
|-damage|p2a: Ferrothorn|67/100
|-damage|p1a: Lendario dogshin|57/100|[from] ability: Iron Barbs|[of] p2a: Ferrothorn
|move|p2a: Ferrothorn|Gyro Ball|p1a: Lendario dogshin
|-end|p1a: Lendario dogshin|Substitute
|
|-heal|p2a: Ferrothorn|73/100|[from] item: Leftovers
|upkeep
|turn|28
|inactive|JAY100064 has 90 seconds left.
|
|t:|1623086179
|switch|p1a: Banido de ubers|Rayquaza|100/100
|-damage|p1a: Banido de ubers|75/100|[from] Stealth Rock
|-ability|p1a: Banido de ubers|Air Lock
|move|p2a: Ferrothorn|Protect||[still]
|-fail|p2a: Ferrothorn
|
|-heal|p2a: Ferrothorn|79/100|[from] item: Leftovers
|upkeep
|turn|29
|inactive|JAY100064 has 90 seconds left.
|
|t:|1623086209
|switch|p2a: Ho-Oh|Ho-Oh, shiny|100/100
|detailschange|p1a: Banido de ubers|Rayquaza-Mega
|-mega|p1a: Banido de ubers|Rayquaza|
|-weather|DeltaStream|[from] ability: Delta Stream|[of] p1a: Banido de ubers
|move|p1a: Banido de ubers|V-create|p2a: Ho-Oh
|-resisted|p2a: Ho-Oh
|-damage|p2a: Ho-Oh|75/100
|-unboost|p1a: Banido de ubers|spe|1
|-unboost|p1a: Banido de ubers|def|1
|-unboost|p1a: Banido de ubers|spd|1
|
|-weather|DeltaStream|[upkeep]
|-heal|p2a: Ho-Oh|81/100|[from] item: Leftovers
|upkeep
|turn|30
|
|t:|1623086230
|-weather|none
|switch|p1a: Dog impenetravel|Zamazenta-Crowned|29/100
|-damage|p1a: Dog impenetravel|26/100|[from] Stealth Rock
|-ability|p1a: Dog impenetravel|Dauntless Shield|boost
|-boost|p1a: Dog impenetravel|def|1
|move|p2a: Ho-Oh|Toxic|p1a: Dog impenetravel
|-immune|p1a: Dog impenetravel
|
|-heal|p2a: Ho-Oh|87/100|[from] item: Leftovers
|upkeep
|turn|31
|inactive|JAY100064 has 60 seconds left.
|
|t:|1623086254
|switch|p1a: Baleia azul|Kyogre-Primal|23/100
|-damage|p1a: Baleia azul|10/100|[from] Stealth Rock
|-weather|PrimordialSea|[from] ability: Primordial Sea|[of] p1a: Baleia azul
|switch|p2a: Ferrothorn|Ferrothorn, M|79/100
|-activate|p2a: Ferrothorn|move: Sticky Web
|-unboost|p2a: Ferrothorn|spe|1
|
|-weather|PrimordialSea|[upkeep]
|-heal|p2a: Ferrothorn|85/100|[from] item: Leftovers
|upkeep
|turn|32
|inactive|JAY100064 has 60 seconds left.
|
|t:|1623086270
|move|p1a: Baleia azul|Origin Pulse|p2a: Ferrothorn
|-resisted|p2a: Ferrothorn
|-damage|p2a: Ferrothorn|48/100
|move|p2a: Ferrothorn|Leech Seed|p1a: Baleia azul
|-start|p1a: Baleia azul|move: Leech Seed
|
|-weather|PrimordialSea|[upkeep]
|-heal|p2a: Ferrothorn|53/100|[from] item: Leftovers
|-damage|p1a: Baleia azul|0 fnt|[from] Leech Seed|[of] p2a: Ferrothorn
|-heal|p2a: Ferrothorn|63/100|[silent]
|faint|p1a: Baleia azul
|-weather|none
|upkeep
|inactive|TSpaceDog has 90 seconds left.
|
|t:|1623086286
|switch|p1a: Banido de ubers|Rayquaza-Mega|75/100
|-damage|p1a: Banido de ubers|50/100|[from] Stealth Rock
|-weather|DeltaStream|[from] ability: Delta Stream|[of] p1a: Banido de ubers
|turn|33
|
|t:|1623086295
|switch|p2a: Ho-Oh|Ho-Oh, shiny|100/100
|move|p1a: Banido de ubers|Dragon Ascent|p2a: Ho-Oh
|-damage|p2a: Ho-Oh|43/100
|-unboost|p1a: Banido de ubers|def|1
|-unboost|p1a: Banido de ubers|spd|1
|
|-weather|DeltaStream|[upkeep]
|-heal|p2a: Ho-Oh|49/100|[from] item: Leftovers
|upkeep
|turn|34
|inactive|JAY100064 has 60 seconds left.
|
|t:|1623086314
|move|p1a: Banido de ubers|Dragon Ascent|p2a: Ho-Oh
|-damage|p2a: Ho-Oh|0 fnt
|-unboost|p1a: Banido de ubers|def|1
|-unboost|p1a: Banido de ubers|spd|1
|faint|p2a: Ho-Oh
|
|-weather|DeltaStream|[upkeep]
|upkeep
|inactive|JAY100064 has 60 seconds left.
|
|t:|1623086321
|switch|p2a: Sableye|Sableye, M, shiny|100/100
|-activate|p2a: Sableye|move: Sticky Web
|-unboost|p2a: Sableye|spe|1
|turn|35
|
|t:|1623086339
|-weather|none
|switch|p1a: Dog impenetravel|Zamazenta-Crowned|26/100
|-damage|p1a: Dog impenetravel|23/100|[from] Stealth Rock
|-ability|p1a: Dog impenetravel|Dauntless Shield|boost
|-boost|p1a: Dog impenetravel|def|1
|detailschange|p2a: Sableye|Sableye-Mega, M, shiny
|-mega|p2a: Sableye|Sableye|Sablenite
|move|p2a: Sableye|Fake Out|p1a: Dog impenetravel
|-resisted|p1a: Dog impenetravel
|-damage|p1a: Dog impenetravel|21/100
|
|upkeep
|turn|36
|inactive|TSpaceDog has 90 seconds left.
|inactive|JAY100064 has 60 seconds left.
|
|t:|1623086361
|switch|p2a: Giratina|Giratina, shiny|100/100
|-activate|p2a: Giratina|move: Sticky Web
|-unboost|p2a: Giratina|spe|1
|-ability|p2a: Giratina|Pressure
|move|p1a: Dog impenetravel|Behemoth Bash|p2a: Giratina
|-damage|p2a: Giratina|75/100
|
|-heal|p2a: Giratina|81/100|[from] item: Leftovers
|upkeep
|turn|37
|inactive|JAY100064 has 60 seconds left.
|inactive|TSpaceDog has 90 seconds left.
|
|t:|1623086383
|move|p1a: Dog impenetravel|Crunch|p2a: Giratina
|-supereffective|p2a: Giratina
|-damage|p2a: Giratina|56/100
|move|p2a: Giratina|Dragon Tail|p1a: Dog impenetravel
|-resisted|p1a: Dog impenetravel
|-damage|p1a: Dog impenetravel|17/100
|drag|p1a: Banido de ubers|Rayquaza-Mega|50/100
|-damage|p1a: Banido de ubers|25/100|[from] Stealth Rock
|-weather|DeltaStream|[from] ability: Delta Stream|[of] p1a: Banido de ubers
|
|-weather|DeltaStream|[upkeep]
|-heal|p2a: Giratina|62/100|[from] item: Leftovers
|upkeep
|turn|38
|inactive|TSpaceDog has 90 seconds left.
|inactive|JAY100064 has 30 seconds left.
|
|t:|1623086410
|switch|p2a: Clefable|Clefable, M, shiny|100/100
|-activate|p2a: Clefable|move: Sticky Web
|-unboost|p2a: Clefable|spe|1
|move|p1a: Banido de ubers|Outrage|p2a: Clefable
|-immune|p2a: Clefable
|
|-weather|DeltaStream|[upkeep]
|upkeep
|turn|39
|inactive|JAY100064 has 30 seconds left.
|
|t:|1623086423
|-weather|none
|switch|p1a: Piriquito|Lugia|63/100
|-damage|p1a: Piriquito|38/100|[from] Stealth Rock
|move|p2a: Clefable|Moonblast|p1a: Piriquito
|-damage|p1a: Piriquito|20/100
|-unboost|p1a: Piriquito|spa|1
|
|upkeep
|turn|40
|
|t:|1623086435
|move|p2a: Clefable|Protect|p2a: Clefable
|-singleturn|p2a: Clefable|Protect
|move|p1a: Piriquito|Roost|p1a: Piriquito
|-heal|p1a: Piriquito|70/100
|-singleturn|p1a: Piriquito|move: Roost
|
|upkeep
|turn|41
|
|t:|1623086445
|move|p1a: Piriquito|Roost|p1a: Piriquito
|-heal|p1a: Piriquito|100/100
|-singleturn|p1a: Piriquito|move: Roost
|move|p2a: Clefable|Moonblast|p1a: Piriquito
|-damage|p1a: Piriquito|91/100
|
|upkeep
|turn|42
|
|t:|1623086459
|switch|p2a: Ferrothorn|Ferrothorn, M|63/100
|-activate|p2a: Ferrothorn|move: Sticky Web
|-unboost|p2a: Ferrothorn|spe|1
|move|p1a: Piriquito|Light Screen|p1a: Piriquito
|-sidestart|p1: TSpaceDog|move: Light Screen
|
|-heal|p2a: Ferrothorn|69/100|[from] item: Leftovers
|upkeep
|turn|43
|inactive|TSpaceDog has 90 seconds left.
|
|t:|1623086472
|move|p1a: Piriquito|Reflect|p1a: Piriquito
|-sidestart|p1: TSpaceDog|Reflect
|move|p2a: Ferrothorn|Leech Seed|p1a: Piriquito
|-start|p1a: Piriquito|move: Leech Seed
|
|-heal|p2a: Ferrothorn|75/100|[from] item: Leftovers
|-damage|p1a: Piriquito|79/100|[from] Leech Seed|[of] p2a: Ferrothorn
|-heal|p2a: Ferrothorn|88/100|[silent]
|upkeep
|turn|44
|inactive|TSpaceDog has 90 seconds left.
|
|t:|1623086487
|switch|p1a: Algodao doce|Slurpuff, F|12/100
|-damage|p1a: Algodao doce|0 fnt|[from] Stealth Rock
|faint|p1a: Algodao doce
|move|p2a: Ferrothorn|Leech Seed|p1: Algodao doce|[notarget]
|-fail|p2a: Ferrothorn
|
|-heal|p2a: Ferrothorn|94/100|[from] item: Leftovers
|upkeep
|
|t:|1623086499
|switch|p1a: Banido de ubers|Rayquaza-Mega|25/100
|-damage|p1a: Banido de ubers|0 fnt|[from] Stealth Rock
|faint|p1a: Banido de ubers
|
|t:|1623086505
|switch|p1a: Lendario dogshin|Zacian-Crowned|57/100
|-damage|p1a: Lendario dogshin|51/100|[from] Stealth Rock
|-ability|p1a: Lendario dogshin|Intrepid Sword|boost
|-boost|p1a: Lendario dogshin|atk|1
|turn|45
|inactive|JAY100064 has 60 seconds left.
|
|t:|1623086515
|move|p2a: Ferrothorn|Protect|p2a: Ferrothorn
|-singleturn|p2a: Ferrothorn|Protect
|move|p1a: Lendario dogshin|Substitute|p1a: Lendario dogshin
|-start|p1a: Lendario dogshin|Substitute
|-damage|p1a: Lendario dogshin|26/100
|
|-heal|p2a: Ferrothorn|99/100|[from] item: Leftovers
|upkeep
|turn|46
|
|t:|1623086535
|move|p1a: Lendario dogshin|Behemoth Blade|p2a: Ferrothorn
|-resisted|p2a: Ferrothorn
|-damage|p2a: Ferrothorn|60/100
|-damage|p1a: Lendario dogshin|14/100|[from] ability: Iron Barbs|[of] p2a: Ferrothorn
|move|p2a: Ferrothorn|Gyro Ball|p1a: Lendario dogshin
|-activate|p1a: Lendario dogshin|move: Substitute|[damage]
|
|-heal|p2a: Ferrothorn|66/100|[from] item: Leftovers
|upkeep
|turn|47
|inactive|JAY100064 has 60 seconds left.
|
|t:|1623086556
|move|p2a: Ferrothorn|Protect|p2a: Ferrothorn
|-singleturn|p2a: Ferrothorn|Protect
|move|p1a: Lendario dogshin|Behemoth Blade|p2a: Ferrothorn
|-activate|p2a: Ferrothorn|move: Protect
|
|-heal|p2a: Ferrothorn|72/100|[from] item: Leftovers
|upkeep
|turn|48
|inactive|JAY100064 has 60 seconds left.
|
|t:|1623086569
|move|p1a: Lendario dogshin|Behemoth Blade|p2a: Ferrothorn
|-resisted|p2a: Ferrothorn
|-damage|p2a: Ferrothorn|30/100
|-damage|p1a: Lendario dogshin|2/100|[from] ability: Iron Barbs|[of] p2a: Ferrothorn
|move|p2a: Ferrothorn|Gyro Ball|p1a: Lendario dogshin
|-end|p1a: Lendario dogshin|Substitute
|
|-heal|p2a: Ferrothorn|36/100|[from] item: Leftovers
|upkeep
|turn|49
|inactive|JAY100064 has 60 seconds left.
|
|t:|1623086583
|move|p2a: Ferrothorn|Protect|p2a: Ferrothorn
|-singleturn|p2a: Ferrothorn|Protect
|move|p1a: Lendario dogshin|Behemoth Blade|p2a: Ferrothorn
|-activate|p2a: Ferrothorn|move: Protect
|
|-heal|p2a: Ferrothorn|42/100|[from] item: Leftovers
|-sideend|p1: TSpaceDog|move: Light Screen
|upkeep
|turn|50
|inactive|JAY100064 has 60 seconds left.
|
|t:|1623086596
|move|p1a: Lendario dogshin|Behemoth Blade|p2a: Ferrothorn
|-resisted|p2a: Ferrothorn
|-damage|p2a: Ferrothorn|4/100
|-damage|p1a: Lendario dogshin|0 fnt|[from] ability: Iron Barbs|[of] p2a: Ferrothorn
|faint|p1a: Lendario dogshin
|move|p2a: Ferrothorn|Gyro Ball|p1: Lendario dogshin|[notarget]
|-fail|p2a: Ferrothorn
|
|-heal|p2a: Ferrothorn|10/100|[from] item: Leftovers
|-sideend|p1: TSpaceDog|Reflect
|upkeep
|
|t:|1623086611
|switch|p1a: Dog impenetravel|Zamazenta-Crowned|17/100
|-damage|p1a: Dog impenetravel|14/100|[from] Stealth Rock
|-ability|p1a: Dog impenetravel|Dauntless Shield|boost
|-boost|p1a: Dog impenetravel|def|1
|turn|51
|inactive|JAY100064 has 60 seconds left.
|
|t:|1623086631
|switch|p2a: Giratina|Giratina, shiny|62/100
|-activate|p2a: Giratina|move: Sticky Web
|-unboost|p2a: Giratina|spe|1
|-ability|p2a: Giratina|Pressure
|move|p1a: Dog impenetravel|Behemoth Bash|p2a: Giratina
|-damage|p2a: Giratina|39/100
|
|-heal|p2a: Giratina|46/100|[from] item: Leftovers
|upkeep
|turn|52
|inactive|JAY100064 has 60 seconds left.
|
|t:|1623086646
|move|p1a: Dog impenetravel|Behemoth Bash|p2a: Giratina
|-damage|p2a: Giratina|22/100
|move|p2a: Giratina|Rest|p2a: Giratina
|-status|p2a: Giratina|slp|[from] move: Rest
|-heal|p2a: Giratina|100/100 slp|[silent]
|
|upkeep
|turn|53
|inactive|JAY100064 has 60 seconds left.
|-message|TSpaceDog forfeited.
|
|win|JAY100064
|l|☆TSpaceDog
|raw|TSpaceDog's rating: 1400 &rarr; <strong>1382</strong><br />(-18 for losing)
|raw|JAY100064's rating: 1441 &rarr; <strong>1459</strong><br />(+18 for winning)
|l|☆JAY100064
||Ladder isn't responding, score probably updated but might not have (Request timeout).
|j|☆JAY100064
|player|p2|JAY100064|preschooler
