|j|☆rowletroost
|j|☆NOAH MK2
|t:|1635545336
|gametype|singles
|player|p1|rowletroost|wallace|1748
|player|p2|NOAH MK2|266|1848
|teamsize|p1|6
|teamsize|p2|6
|gen|8
|tier|[Gen 8] National Dex AG
|rated|
|rule|HP Percentage Mod: HP is shown in percentages
|rule|Endless Battle Clause: Forcing endless battles is banned
|clearpoke
|poke|p1|Arceus-*|
|poke|p1|Xerneas-*|
|poke|p1|Kyogre|
|poke|p1|Marshadow|
|poke|p1|Ribombee, F|
|poke|p1|Vivillon-Savanna, M|
|poke|p2|Klefki, M|
|poke|p2|Rayquaza|
|poke|p2|Groudon|
|poke|p2|Calyrex-Ice|
|poke|p2|Umbreon, F|
|poke|p2|Kyogre|
|teampreview
|inactive|Battle timer is ON: inactive players will automatically lose when time's up. (requested by rowletroost)
|
|t:|1635545365
|start
|switch|p1a: Ribombee|Ribombee, F, shiny|100/100
|switch|p2a: Rayquaza|Rayquaza|100/100
|-ability|p2a: Rayquaza|Air Lock
|turn|1
|
|t:|1635545372
|switch|p2a: Groudon|Groudon|100/100
|detailschange|p2a: Groudon|Groudon-Primal
|-primal|p2a: Groudon
|-weather|DesolateLand|[from] ability: Desolate Land|[of] p2a: Groudon
|move|p1a: Ribombee|Sticky Web|p2a: Groudon
|-sidestart|p2: NOAH MK2|move: Sticky Web
|
|-weather|DesolateLand|[upkeep]
|upkeep
|turn|2
|
|t:|1635545375
|switch|p1a: Vivillon|Vivillon-Savanna, M|100/100
|move|p2a: Groudon|Stealth Rock|p1a: Vivillon
|-sidestart|p1: rowletroost|move: Stealth Rock
|
|-weather|DesolateLand|[upkeep]
|upkeep
|turn|3
|
|t:|1635545381
|move|p1a: Vivillon|Sleep Powder|p2a: Groudon
|-status|p2a: Groudon|slp|[from] move: Sleep Powder
|cant|p2a: Groudon|slp
|
|-weather|DesolateLand|[upkeep]
|upkeep
|turn|4
|
|t:|1635545384
|move|p1a: Vivillon|Substitute|p1a: Vivillon
|-start|p1a: Vivillon|Substitute
|-damage|p1a: Vivillon|76/100
|cant|p2a: Groudon|slp
|
|-weather|DesolateLand|[upkeep]
|-heal|p1a: Vivillon|82/100|[from] item: Leftovers
|upkeep
|turn|5
|
|t:|1635545388
|move|p1a: Vivillon|Quiver Dance|p1a: Vivillon
|-boost|p1a: Vivillon|spa|1
|-boost|p1a: Vivillon|spd|1
|-boost|p1a: Vivillon|spe|1
|-curestatus|p2a: Groudon|slp|[msg]
|move|p2a: Groudon|Fire Punch|p1a: Vivillon
|-supereffective|p1a: Vivillon
|-end|p1a: Vivillon|Substitute
|
|-weather|DesolateLand|[upkeep]
|-heal|p1a: Vivillon|88/100|[from] item: Leftovers
|upkeep
|turn|6
|
|t:|1635545408
|move|p1a: Vivillon|Sleep Powder|p2a: Groudon
|-status|p2a: Groudon|slp|[from] move: Sleep Powder
|cant|p2a: Groudon|slp
|
|-weather|DesolateLand|[upkeep]
|-heal|p1a: Vivillon|94/100|[from] item: Leftovers
|upkeep
|turn|7
|
|t:|1635545421
|move|p1a: Vivillon|Substitute|p1a: Vivillon
|-start|p1a: Vivillon|Substitute
|-damage|p1a: Vivillon|69/100
|cant|p2a: Groudon|slp
|
|-weather|DesolateLand|[upkeep]
|-heal|p1a: Vivillon|75/100|[from] item: Leftovers
|upkeep
|turn|8
|
|t:|1635545424
|move|p1a: Vivillon|Quiver Dance|p1a: Vivillon
|-boost|p1a: Vivillon|spa|1
|-boost|p1a: Vivillon|spd|1
|-boost|p1a: Vivillon|spe|1
|cant|p2a: Groudon|slp
|
|-weather|DesolateLand|[upkeep]
|-heal|p1a: Vivillon|81/100|[from] item: Leftovers
|upkeep
|turn|9
|
|t:|1635545427
|move|p1a: Vivillon|Hurricane|p2a: Groudon
|-damage|p2a: Groudon|23/100 slp
|-start|p2a: Groudon|confusion
|-curestatus|p2a: Groudon|slp|[msg]
|-activate|p2a: Groudon|confusion
|move|p2a: Groudon|Fire Punch|p1a: Vivillon
|-supereffective|p1a: Vivillon
|-end|p1a: Vivillon|Substitute
|
|-weather|DesolateLand|[upkeep]
|-heal|p1a: Vivillon|87/100|[from] item: Leftovers
|upkeep
|turn|10
|
|t:|1635545430
|move|p1a: Vivillon|Sleep Powder|p2a: Groudon
|-status|p2a: Groudon|slp|[from] move: Sleep Powder
|cant|p2a: Groudon|slp
|
|-weather|DesolateLand|[upkeep]
|-heal|p1a: Vivillon|93/100|[from] item: Leftovers
|upkeep
|turn|11
|
|t:|1635545432
|move|p1a: Vivillon|Substitute|p1a: Vivillon
|-start|p1a: Vivillon|Substitute
|-damage|p1a: Vivillon|68/100
|cant|p2a: Groudon|slp
|
|-weather|DesolateLand|[upkeep]
|-heal|p1a: Vivillon|74/100|[from] item: Leftovers
|upkeep
|turn|12
|
|t:|1635545435
|move|p1a: Vivillon|Quiver Dance|p1a: Vivillon
|-boost|p1a: Vivillon|spa|1
|-boost|p1a: Vivillon|spd|1
|-boost|p1a: Vivillon|spe|1
|-curestatus|p2a: Groudon|slp|[msg]
|-end|p2a: Groudon|confusion
|move|p2a: Groudon|Fire Punch|p1a: Vivillon
|-supereffective|p1a: Vivillon
|-end|p1a: Vivillon|Substitute
|
|-weather|DesolateLand|[upkeep]
|-heal|p1a: Vivillon|80/100|[from] item: Leftovers
|upkeep
|turn|13
|
|t:|1635545437
|move|p1a: Vivillon|Sleep Powder|p2a: Groudon
|-status|p2a: Groudon|slp|[from] move: Sleep Powder
|cant|p2a: Groudon|slp
|
|-weather|DesolateLand|[upkeep]
|-heal|p1a: Vivillon|86/100|[from] item: Leftovers
|upkeep
|turn|14
|
|t:|1635545439
|move|p1a: Vivillon|Substitute|p1a: Vivillon
|-start|p1a: Vivillon|Substitute
|-damage|p1a: Vivillon|61/100
|cant|p2a: Groudon|slp
|
|-weather|DesolateLand|[upkeep]
|-heal|p1a: Vivillon|67/100|[from] item: Leftovers
|upkeep
|turn|15
|
|t:|1635545441
|move|p1a: Vivillon|Hurricane|p2a: Groudon
|-damage|p2a: Groudon|0 fnt
|faint|p2a: Groudon
|-weather|none
|
|-heal|p1a: Vivillon|73/100|[from] item: Leftovers
|upkeep
|
|t:|1635545444
|switch|p2a: Klefki|Klefki, M|100/100
|-activate|p2a: Klefki|move: Sticky Web
|-unboost|p2a: Klefki|spe|1
|turn|16
|
|t:|1635545446
|move|p2a: Klefki|Light Screen|p2a: Klefki
|-sidestart|p2: NOAH MK2|move: Light Screen
|move|p1a: Vivillon|Sleep Powder|p2a: Klefki
|-status|p2a: Klefki|slp|[from] move: Sleep Powder
|
|-heal|p1a: Vivillon|79/100|[from] item: Leftovers
|upkeep
|turn|17
|
|t:|1635545449
|switch|p2a: Calyrex|Calyrex-Ice|100/100
|-ability|p2a: Calyrex|As One
|-ability|p2a: Calyrex|Unnerve
|-activate|p2a: Calyrex|move: Sticky Web
|-unboost|p2a: Calyrex|spe|1
|move|p1a: Vivillon|Quiver Dance|p1a: Vivillon
|-boost|p1a: Vivillon|spa|1
|-boost|p1a: Vivillon|spd|1
|-boost|p1a: Vivillon|spe|1
|
|-heal|p1a: Vivillon|85/100|[from] item: Leftovers
|upkeep
|turn|18
|
|t:|1635545451
|move|p1a: Vivillon|Sleep Powder|p2a: Calyrex
|-status|p2a: Calyrex|slp|[from] move: Sleep Powder
|cant|p2a: Calyrex|slp
|
|-heal|p1a: Vivillon|91/100|[from] item: Leftovers
|upkeep
|turn|19
|
|t:|1635545455
|move|p1a: Vivillon|Hurricane|p2a: Calyrex|[miss]
|-miss|p1a: Vivillon|p2a: Calyrex
|cant|p2a: Calyrex|slp
|
|-heal|p1a: Vivillon|97/100|[from] item: Leftovers
|upkeep
|turn|20
|
|t:|1635545458
|move|p1a: Vivillon|Hurricane|p2a: Calyrex
|-damage|p2a: Calyrex|53/100 slp
|cant|p2a: Calyrex|slp
|
|-heal|p1a: Vivillon|100/100|[from] item: Leftovers
|upkeep
|turn|21
|
|t:|1635545462
|move|p1a: Vivillon|Hurricane|p2a: Calyrex
|-damage|p2a: Calyrex|8/100 slp
|-curestatus|p2a: Calyrex|slp|[msg]
|move|p2a: Calyrex|Trick Room|p2a: Calyrex
|-fieldstart|move: Trick Room|[of] p2a: Calyrex
|
|upkeep
|turn|22
|
|t:|1635545468
|move|p2a: Calyrex|Glacial Lance|p1a: Vivillon
|-supereffective|p1a: Vivillon
|-end|p1a: Vivillon|Substitute
|move|p1a: Vivillon|Sleep Powder|p2a: Calyrex
|-status|p2a: Calyrex|slp|[from] move: Sleep Powder
|
|upkeep
|turn|23
|
|t:|1635545474
|cant|p2a: Calyrex|slp
|move|p1a: Vivillon|Substitute|p1a: Vivillon
|-start|p1a: Vivillon|Substitute
|-damage|p1a: Vivillon|76/100
|
|-heal|p1a: Vivillon|82/100|[from] item: Leftovers
|-sideend|p2: NOAH MK2|move: Light Screen
|upkeep
|turn|24
|
|t:|1635545478
|cant|p2a: Calyrex|slp
|move|p1a: Vivillon|Substitute|p1a: Vivillon
|-fail|p1a: Vivillon|move: Substitute
|
|-heal|p1a: Vivillon|88/100|[from] item: Leftovers
|upkeep
|turn|25
|-message|NOAH MK2 forfeited.
|
|win|rowletroost
|raw|rowletroost's rating: 1748 &rarr; <strong>1774</strong><br />(+26 for winning)
|raw|NOAH MK2's rating: 1848 &rarr; <strong>1822</strong><br />(-26 for losing)
|l|☆NOAH MK2
||Ladder isn't responding, score probably updated but might not have (Request timeout).
