|j|☆Vive Immortale
|j|☆ElitetoN
|t:|1662597176
|gametype|singles
|player|p1|Vive Immortale|mallow|1715
|player|p2|ElitetoN|2|1796
|teamsize|p1|6
|teamsize|p2|6
|gen|8
|tier|[Gen 8] National Dex AG
|rated|
|rule|HP Percentage Mod: HP is shown in percentages
|rule|Endless Battle Clause: Forcing endless battles is banned
|clearpoke
|poke|p1|Arceus-*|
|poke|p1|Excadrill, M|
|poke|p1|Smeargle, F|
|poke|p1|Smeargle, F|
|poke|p1|Xerneas-*|
|poke|p1|Rayquaza|
|poke|p2|Arceus-*|
|poke|p2|Rayquaza|
|poke|p2|Kyogre|
|poke|p2|Yveltal|
|poke|p2|Tyranitar, M|
|poke|p2|Necrozma-Dusk-Mane|
|teampreview
|inactive|Battle timer is ON: inactive players will automatically lose when time's up. (requested by ElitetoN)
|
|t:|1662597185
|start
|switch|p1a: Smeargle|Smeargle, F|100/100
|switch|p2a: Rayquaza|Rayquaza|100/100
|-ability|p2a: Rayquaza|Air Lock
|turn|1
|
|t:|1662597188
|detailschange|p2a: Rayquaza|Rayquaza-Mega
|-mega|p2a: Rayquaza|Rayquaza|
|-weather|DeltaStream|[from] ability: Delta Stream|[of] p2a: Rayquaza
|move|p2a: Rayquaza|Scale Shot|p1a: Smeargle
|-crit|p1a: Smeargle
|-damage|p1a: Smeargle|45/100
|-damage|p1a: Smeargle|3/100
|-hitcount|p1a: Smeargle|2
|-unboost|p2a: Rayquaza|def|1
|-boost|p2a: Rayquaza|spe|1
|move|p1a: Smeargle|Spore|p2a: Rayquaza
|-status|p2a: Rayquaza|slp|[from] move: Spore
|
|-weather|DeltaStream|[upkeep]
|-ability|p1a: Smeargle|Moody|boost
|-boost|p1a: Smeargle|def|2
|-unboost|p1a: Smeargle|spd|1
|upkeep
|turn|2
|
|t:|1662597199
|-weather|none
|switch|p2a: Tyranitar|Tyranitar, M|100/100
|-weather|Sandstorm|[from] ability: Sand Stream|[of] p2a: Tyranitar
|move|p1a: Smeargle|Sticky Web|p2a: Tyranitar
|-sidestart|p2: ElitetoN|move: Sticky Web
|
|-weather|Sandstorm|[upkeep]
|-damage|p1a: Smeargle|0 fnt|[from] Sandstorm
|faint|p1a: Smeargle
|upkeep
|
|t:|1662597223
|switch|p1a: Excadrill|Excadrill, M|100/100
|-ability|p1a: Excadrill|Mold Breaker
|turn|3
|
|t:|1662597227
|move|p1a: Excadrill|Stealth Rock|p2a: Tyranitar
|-sidestart|p2: ElitetoN|move: Stealth Rock
|move|p2a: Tyranitar|Stealth Rock|p1a: Excadrill
|-sidestart|p1: Vive Immortale|move: Stealth Rock
|
|-weather|Sandstorm|[upkeep]
|upkeep
|turn|4
|
|t:|1662597230
|switch|p2a: Rayquaza|Rayquaza-Mega|100/100 slp
|-damage|p2a: Rayquaza|75/100 slp|[from] Stealth Rock
|-weather|DeltaStream|[from] ability: Delta Stream|[of] p2a: Rayquaza
|move|p1a: Excadrill|Earthquake|p2a: Rayquaza
|-immune|p2a: Rayquaza
|
|-weather|DeltaStream|[upkeep]
|upkeep
|turn|5
|
|t:|1662597233
|cant|p2a: Rayquaza|slp
|move|p1a: Excadrill|Rock Tomb|p2a: Rayquaza
|-activate||deltastream
|-damage|p2a: Rayquaza|55/100 slp
|-unboost|p2a: Rayquaza|spe|1
|
|-weather|DeltaStream|[upkeep]
|upkeep
|turn|6
|
|t:|1662597239
|-curestatus|p2a: Rayquaza|slp|[msg]
|move|p2a: Rayquaza|V-create|p1a: Excadrill
|-supereffective|p1a: Excadrill
|-enditem|p1a: Excadrill|Focus Sash
|-damage|p1a: Excadrill|1/100
|-unboost|p2a: Rayquaza|spe|1
|-unboost|p2a: Rayquaza|def|1
|-unboost|p2a: Rayquaza|spd|1
|move|p1a: Excadrill|Rock Tomb|p2a: Rayquaza
|-activate||deltastream
|-damage|p2a: Rayquaza|26/100
|-unboost|p2a: Rayquaza|spe|1
|
|-weather|DeltaStream|[upkeep]
|upkeep
|turn|7
|inactive|Vive Immortale has 120 seconds left.
|
|t:|1662597297
|move|p1a: Excadrill|Rapid Spin|p2a: Rayquaza
|-damage|p2a: Rayquaza|0 fnt
|-boost|p1a: Excadrill|spe|1
|-sideend|p1: Vive Immortale|Stealth Rock|[from] move: Rapid Spin|[of] p1a: Excadrill
|faint|p2a: Rayquaza
|-weather|none
|
|upkeep
|inactive|ElitetoN has 120 seconds left.
|
|t:|1662597317
|switch|p2a: Yveltal|Yveltal, shiny|100/100
|-damage|p2a: Yveltal|76/100|[from] Stealth Rock
|-ability|p2a: Yveltal|Dark Aura
|turn|8
|
|t:|1662597331
|move|p1a: Excadrill|Rock Tomb|p2a: Yveltal
|-supereffective|p2a: Yveltal
|-damage|p2a: Yveltal|38/100
|-unboost|p2a: Yveltal|spe|1
|move|p2a: Yveltal|Defog|p1a: Excadrill
|-unboost|p1a: Excadrill|evasion|1
|-sideend|p2: ElitetoN|Stealth Rock|[from] move: Defog|[of] p2a: Yveltal
|-sideend|p2: ElitetoN|Sticky Web|[from] move: Defog|[of] p2a: Yveltal
|
|upkeep
|turn|9
|inactive|ElitetoN has 120 seconds left.
|
|t:|1662597348
|switch|p2a: Tyranitar|Tyranitar, M|100/100
|-weather|Sandstorm|[from] ability: Sand Stream|[of] p2a: Tyranitar
|move|p1a: Excadrill|Rock Tomb|p2a: Tyranitar
|-damage|p2a: Tyranitar|83/100
|-unboost|p2a: Tyranitar|spe|1
|
|-weather|Sandstorm|[upkeep]
|-heal|p2a: Tyranitar|89/100|[from] item: Leftovers
|upkeep
|turn|10
|inactive|Vive Immortale has 120 seconds left.
|
|t:|1662597366
|move|p1a: Excadrill|Stealth Rock|p2a: Tyranitar
|-sidestart|p2: ElitetoN|move: Stealth Rock
|move|p2a: Tyranitar|Rock Blast|p1a: Excadrill
|-resisted|p1a: Excadrill
|-damage|p1a: Excadrill|0 fnt
|faint|p1a: Excadrill
|-hitcount|p1: Excadrill|1
|
|-weather|Sandstorm|[upkeep]
|-heal|p2a: Tyranitar|95/100|[from] item: Leftovers
|upkeep
|
|t:|1662597373
|switch|p1a: Xerneas|Xerneas|100/100
|-ability|p1a: Xerneas|Fairy Aura
|turn|11
|
|t:|1662597379
|move|p1a: Xerneas|Geomancy||[still]
|-prepare|p1a: Xerneas|Geomancy
|-enditem|p1a: Xerneas|Power Herb
|-anim|p1a: Xerneas|Geomancy|p1a: Xerneas
|-boost|p1a: Xerneas|spa|2
|-boost|p1a: Xerneas|spd|2
|-boost|p1a: Xerneas|spe|2
|move|p2a: Tyranitar|Toxic|p1a: Xerneas|[miss]
|-miss|p2a: Tyranitar|p1a: Xerneas
|
|-weather|Sandstorm|[upkeep]
|-damage|p1a: Xerneas|94/100|[from] Sandstorm
|-heal|p2a: Tyranitar|100/100|[from] item: Leftovers
|upkeep
|turn|12
|
|t:|1662597386
|switch|p2a: Necrozma|Necrozma-Dusk-Mane|100/100
|-damage|p2a: Necrozma|94/100|[from] Stealth Rock
|move|p1a: Xerneas|Moonblast|p2a: Necrozma
|-resisted|p2a: Necrozma
|-damage|p2a: Necrozma|37/100
|
|-weather|Sandstorm|[upkeep]
|-damage|p1a: Xerneas|88/100|[from] Sandstorm
|upkeep
|turn|13
|
|t:|1662597395
|-start|p2a: Necrozma|Dynamax|
|-heal|p2a: Necrozma|37/100|[silent]
|move|p1a: Xerneas|Moonblast|p2a: Necrozma
|-resisted|p2a: Necrozma
|-damage|p2a: Necrozma|9/100
|-unboost|p2a: Necrozma|spa|1
|move|p2a: Necrozma|Max Steelspike|p1a: Xerneas
|-supereffective|p1a: Xerneas
|-damage|p1a: Xerneas|0 fnt
|-boost|p2a: Necrozma|def|1
|faint|p1a: Xerneas
|
|-weather|none
|upkeep
|
|t:|1662597400
|switch|p1a: Smeargle|Smeargle, F|100/100
|turn|14
|
|t:|1662597408
|move|p1a: Smeargle|Spore|p2a: Necrozma
|-status|p2a: Necrozma|slp|[from] move: Spore
|cant|p2a: Necrozma|slp
|
|-ability|p1a: Smeargle|Moody|boost
|-boost|p1a: Smeargle|spa|2
|-unboost|p1a: Smeargle|def|1
|upkeep
|turn|15
|
|t:|1662597430
|-end|p2a: Necrozma|Dynamax
|-heal|p2a: Necrozma|9/100 slp|[silent]
|switch|p2a: Yveltal|Yveltal, shiny|38/100
|-damage|p2a: Yveltal|13/100|[from] Stealth Rock
|-ability|p2a: Yveltal|Dark Aura
|move|p1a: Smeargle|Substitute|p1a: Smeargle
|-start|p1a: Smeargle|Substitute
|-damage|p1a: Smeargle|76/100
|
|-heal|p1a: Smeargle|82/100|[from] item: Leftovers
|-ability|p1a: Smeargle|Moody|boost
|-boost|p1a: Smeargle|spa|2
|-unboost|p1a: Smeargle|def|1
|upkeep
|turn|16
|
|t:|1662597435
|move|p2a: Yveltal|Dual Wingbeat|p1a: Smeargle
|-end|p1a: Smeargle|Substitute
|-damage|p1a: Smeargle|0 fnt
|faint|p1a: Smeargle
|-hitcount|p1: Smeargle|2
|-damage|p2a: Yveltal|3/100|[from] item: Life Orb
|
|upkeep
|
|t:|1662597451
|switch|p1a: Rayquaza|Rayquaza|100/100
|-ability|p1a: Rayquaza|Air Lock
|turn|17
|
|t:|1662597458
|detailschange|p1a: Rayquaza|Rayquaza-Mega
|-mega|p1a: Rayquaza|Rayquaza|
|-weather|DeltaStream|[from] ability: Delta Stream|[of] p1a: Rayquaza
|move|p1a: Rayquaza|Extreme Speed|p2a: Yveltal
|-damage|p2a: Yveltal|0 fnt
|faint|p2a: Yveltal
|-damage|p1a: Rayquaza|91/100|[from] item: Life Orb
|
|-weather|DeltaStream|[upkeep]
|upkeep
|
|t:|1662597466
|switch|p2a: Tyranitar|Tyranitar, M|100/100
|-damage|p2a: Tyranitar|88/100|[from] Stealth Rock
|-ability|p2a: Tyranitar|Sand Stream|[from] deltastream|[fail]
|turn|18
|
|t:|1662597475
|move|p1a: Rayquaza|Earthquake|p2a: Tyranitar
|-supereffective|p2a: Tyranitar
|-crit|p2a: Tyranitar
|-damage|p2a: Tyranitar|0 fnt
|faint|p2a: Tyranitar
|-damage|p1a: Rayquaza|81/100|[from] item: Life Orb
|
|-weather|DeltaStream|[upkeep]
|upkeep
|
|t:|1662597483
|switch|p2a: Arceus|Arceus-Ground|100/100
|-damage|p2a: Arceus|94/100|[from] Stealth Rock
|turn|19
|inactive|Vive Immortale has 120 seconds left.
|
|t:|1662597528
|move|p1a: Rayquaza|Swords Dance|p1a: Rayquaza
|-boost|p1a: Rayquaza|atk|2
|move|p2a: Arceus|Recover|p2a: Arceus
|-heal|p2a: Arceus|100/100
|
|-weather|DeltaStream|[upkeep]
|upkeep
|turn|20
|
|t:|1662597550
|move|p1a: Rayquaza|Swords Dance|p1a: Rayquaza
|-boost|p1a: Rayquaza|atk|2
|move|p2a: Arceus|Thunder|p1a: Rayquaza
|-activate||deltastream
|-resisted|p1a: Rayquaza
|-damage|p1a: Rayquaza|62/100
|
|-weather|DeltaStream|[upkeep]
|upkeep
|turn|21
|inactive|Vive Immortale has 120 seconds left.
|inactive|Vive Immortale has 90 seconds left.
|
|t:|1662597607
|move|p1a: Rayquaza|Dragon Ascent|p2a: Arceus
|-damage|p2a: Arceus|0 fnt
|-unboost|p1a: Rayquaza|def|1
|-unboost|p1a: Rayquaza|spd|1
|faint|p2a: Arceus
|-damage|p1a: Rayquaza|52/100|[from] item: Life Orb
|
|-weather|DeltaStream|[upkeep]
|upkeep
|
|t:|1662597610
|switch|p2a: Kyogre|Kyogre|100/100
|-damage|p2a: Kyogre|88/100|[from] Stealth Rock
|-ability|p2a: Kyogre|Drizzle|[from] deltastream|[fail]
|turn|22
|
|t:|1662597617
|move|p1a: Rayquaza|Extreme Speed|p2a: Kyogre
|-damage|p2a: Kyogre|0 fnt
|faint|p2a: Kyogre
|-damage|p1a: Rayquaza|42/100|[from] item: Life Orb
|
|-weather|DeltaStream|[upkeep]
|upkeep
|c|☆Vive Immortale|ggwp
|-message|ElitetoN forfeited.
|
|win|Vive Immortale
|raw|Vive Immortale's rating: 1715 &rarr; <strong>1740</strong><br />(+25 for winning)
|raw|ElitetoN's rating: 1796 &rarr; <strong>1771</strong><br />(-25 for losing)
|l|☆ElitetoN
||Ladder isn't responding, score probably updated but might not have (Request timeout).
