|j|☆ChunkyRat
|j|☆Mangoru123
|t:|1642438694
|gametype|singles
|player|p1|ChunkyRat|schoolkidf|1553
|player|p2|Mangoru123|red|1586
|teamsize|p1|6
|teamsize|p2|6
|gen|8
|tier|[Gen 8] National Dex AG
|rated|
|rule|HP Percentage Mod: HP is shown in percentages
|rule|Endless Battle Clause: Forcing endless battles is banned
|clearpoke
|poke|p1|Rayquaza|
|poke|p1|Groudon|
|poke|p1|Kyogre|
|poke|p1|Zacian-*|
|poke|p1|Ditto|
|poke|p1|Lugia|
|poke|p2|Alomomola, F|
|poke|p2|Zacian-*|
|poke|p2|Rayquaza|
|poke|p2|Calyrex-Shadow|
|poke|p2|Weavile, F|
|poke|p2|Ditto|
|teampreview
|inactive|Battle timer is ON: inactive players will automatically lose when time's up. (requested by ChunkyRat)
|
|t:|1642438706
|start
|switch|p1a: Groudon|Groudon|100/100
|switch|p2a: Weavile|Weavile, F|100/100
|-ability|p2a: Weavile|Pressure
|detailschange|p1a: Groudon|Groudon-Primal
|-primal|p1a: Groudon
|-weather|DesolateLand|[from] ability: Desolate Land|[of] p1a: Groudon
|turn|1
|
|t:|1642438711
|move|p2a: Weavile|Fake Out|p1a: Groudon
|-damage|p1a: Groudon|91/100
|cant|p1a: Groudon|flinch
|
|-weather|DesolateLand|[upkeep]
|upkeep
|turn|2
|
|t:|1642438717
|move|p2a: Weavile|Taunt|p1a: Groudon
|-start|p1a: Groudon|move: Taunt
|move|p1a: Groudon|Fire Punch|p2a: Weavile
|-supereffective|p2a: Weavile
|-damage|p2a: Weavile|0 fnt
|faint|p2a: Weavile
|
|-weather|DesolateLand|[upkeep]
|upkeep
|
|t:|1642438721
|switch|p2a: Rayquaza|Rayquaza|100/100
|-ability|p2a: Rayquaza|Air Lock
|turn|3
|inactive|ChunkyRat has 120 seconds left.
|inactive|ChunkyRat has 90 seconds left.
|
|t:|1642438790
|-weather|none
|switch|p1a: Lugia|Lugia|100/100
|detailschange|p2a: Rayquaza|Rayquaza-Mega
|-mega|p2a: Rayquaza|Rayquaza|
|-weather|DeltaStream|[from] ability: Delta Stream|[of] p2a: Rayquaza
|move|p2a: Rayquaza|Swords Dance|p2a: Rayquaza
|-boost|p2a: Rayquaza|atk|2
|
|-weather|DeltaStream|[upkeep]
|upkeep
|turn|4
|
|t:|1642438794
|move|p2a: Rayquaza|Scale Shot|p1a: Lugia
|-damage|p1a: Lugia|92/100
|-damage|p1a: Lugia|76/100
|-damage|p1a: Lugia|59/100
|-hitcount|p1a: Lugia|3
|-unboost|p2a: Rayquaza|def|1
|-boost|p2a: Rayquaza|spe|1
|move|p1a: Lugia|Thunder Wave|p2a: Rayquaza
|-status|p2a: Rayquaza|par
|
|-weather|DeltaStream|[upkeep]
|upkeep
|turn|5
|inactive|ChunkyRat has 90 seconds left.
|
|t:|1642438814
|move|p2a: Rayquaza|Scale Shot|p1a: Lugia
|-damage|p1a: Lugia|43/100
|-damage|p1a: Lugia|25/100
|-hitcount|p1a: Lugia|2
|-unboost|p2a: Rayquaza|def|1
|-boost|p2a: Rayquaza|spe|1
|move|p1a: Lugia|Roost|p1a: Lugia
|-heal|p1a: Lugia|75/100
|-singleturn|p1a: Lugia|move: Roost
|
|-weather|DeltaStream|[upkeep]
|upkeep
|turn|6
|
|t:|1642438817
|move|p2a: Rayquaza|Scale Shot|p1a: Lugia
|-damage|p1a: Lugia|58/100
|-damage|p1a: Lugia|42/100
|-damage|p1a: Lugia|25/100
|-damage|p1a: Lugia|7/100
|-damage|p1a: Lugia|0 fnt
|faint|p1a: Lugia
|-hitcount|p1: Lugia|5
|-unboost|p2a: Rayquaza|def|1
|-boost|p2a: Rayquaza|spe|1
|
|-weather|DeltaStream|[upkeep]
|upkeep
|
|t:|1642438821
|switch|p1a: Ditto|Ditto|100/100
|-transform|p1a: Ditto|p2a: Rayquaza|[from] ability: Imposter
|turn|7
|
|t:|1642438825
|move|p1a: Ditto|Scale Shot|p2a: Rayquaza
|-supereffective|p2a: Rayquaza
|-enditem|p2a: Rayquaza|Focus Sash
|-damage|p2a: Rayquaza|1/100 par
|-supereffective|p2a: Rayquaza
|-damage|p2a: Rayquaza|0 fnt
|faint|p2a: Rayquaza
|-hitcount|p2: Rayquaza|2
|-unboost|p1a: Ditto|def|1
|-boost|p1a: Ditto|spe|1
|
|-weather|DeltaStream|[upkeep]
|upkeep
|
|t:|1642438832
|switch|p2a: Zacian|Zacian-Crowned|100/100
|-ability|p2a: Zacian|Intrepid Sword|boost
|-boost|p2a: Zacian|atk|1
|turn|8
|
|t:|1642438837
|-weather|none
|switch|p1a: Groudon|Groudon-Primal|91/100
|-weather|DesolateLand|[from] ability: Desolate Land|[of] p1a: Groudon
|move|p2a: Zacian|Substitute|p2a: Zacian
|-start|p2a: Zacian|Substitute
|-damage|p2a: Zacian|76/100
|
|-weather|DesolateLand|[upkeep]
|upkeep
|turn|9
|
|t:|1642438839
|move|p2a: Zacian|Crunch|p1a: Groudon
|-damage|p1a: Groudon|58/100
|move|p1a: Groudon|Stealth Rock|p2a: Zacian
|-sidestart|p2: Mangoru123|move: Stealth Rock
|
|-weather|DesolateLand|[upkeep]
|upkeep
|turn|10
|
|t:|1642438842
|move|p2a: Zacian|Crunch|p1a: Groudon
|-damage|p1a: Groudon|22/100
|-unboost|p1a: Groudon|def|1
|move|p1a: Groudon|Fire Punch|p2a: Zacian
|-supereffective|p2a: Zacian
|-end|p2a: Zacian|Substitute
|
|-weather|DesolateLand|[upkeep]
|upkeep
|turn|11
|
|t:|1642438844
|move|p2a: Zacian|Crunch|p1a: Groudon
|-crit|p1a: Groudon
|-damage|p1a: Groudon|0 fnt
|faint|p1a: Groudon
|-weather|none
|
|upkeep
|
|t:|1642438854
|switch|p1a: Ditto|Ditto|100/100
|-transform|p1a: Ditto|p2a: Zacian|[from] ability: Imposter
|-ability|p1a: Ditto|Intrepid Sword|boost
|-boost|p1a: Ditto|atk|1
|turn|12
|
|t:|1642438857
|switch|p2a: reeeeeeeee|Alomomola, F, shiny|100/100
|-damage|p2a: reeeeeeeee|88/100|[from] Stealth Rock
|move|p1a: Ditto|Behemoth Blade|p2a: reeeeeeeee
|-resisted|p2a: reeeeeeeee
|-damage|p2a: reeeeeeeee|56/100
|
|-heal|p2a: reeeeeeeee|62/100|[from] item: Leftovers
|upkeep
|turn|13
|
|t:|1642438860
|switch|p1a: Kyogre|Kyogre|100/100
|detailschange|p1a: Kyogre|Kyogre-Primal
|-primal|p1a: Kyogre
|-weather|PrimordialSea|[from] ability: Primordial Sea|[of] p1a: Kyogre
|move|p2a: reeeeeeeee|Wish|p2a: reeeeeeeee
|
|-weather|PrimordialSea|[upkeep]
|-heal|p2a: reeeeeeeee|69/100|[from] item: Leftovers
|upkeep
|turn|14
|
|t:|1642438869
|switch|p2a: Ditto|Ditto|100/100
|-damage|p2a: Ditto|88/100|[from] Stealth Rock
|-transform|p2a: Ditto|p1a: Kyogre|[from] ability: Imposter
|move|p1a: Kyogre|Thunder|p2a: Ditto
|-supereffective|p2a: Ditto
|-damage|p2a: Ditto|17/100
|-status|p2a: Ditto|par
|
|-weather|PrimordialSea|[upkeep]
|-heal|p2a: Ditto|100/100 par|[from] move: Wish|[wisher] reeeeeeeee
|upkeep
|turn|15
|
|t:|1642438878
|move|p1a: Kyogre|Thunder|p2a: Ditto
|-supereffective|p2a: Ditto
|-damage|p2a: Ditto|29/100 par
|move|p2a: Ditto|Thunder|p1a: Kyogre
|-supereffective|p1a: Kyogre
|-damage|p1a: Kyogre|33/100
|-status|p1a: Kyogre|par
|
|-weather|PrimordialSea|[upkeep]
|upkeep
|turn|16
|
|t:|1642438883
|cant|p2a: Ditto|par
|move|p1a: Kyogre|Thunder|p2a: Ditto
|-supereffective|p2a: Ditto
|-damage|p2a: Ditto|0 fnt
|faint|p2a: Ditto
|
|-weather|PrimordialSea|[upkeep]
|upkeep
|
|t:|1642438889
|switch|p2a: Zacian|Zacian-Crowned|76/100
|-damage|p2a: Zacian|69/100|[from] Stealth Rock
|-ability|p2a: Zacian|Intrepid Sword|boost
|-boost|p2a: Zacian|atk|1
|turn|17
|
|t:|1642438892
|move|p2a: Zacian|Substitute|p2a: Zacian
|-start|p2a: Zacian|Substitute
|-damage|p2a: Zacian|44/100
|move|p1a: Kyogre|Thunder|p2a: Zacian
|-end|p2a: Zacian|Substitute
|
|-weather|PrimordialSea|[upkeep]
|upkeep
|turn|18
|
|t:|1642438894
|move|p2a: Zacian|Substitute|p2a: Zacian
|-start|p2a: Zacian|Substitute
|-damage|p2a: Zacian|20/100
|move|p1a: Kyogre|Thunder|p2a: Zacian
|-end|p2a: Zacian|Substitute
|
|-weather|PrimordialSea|[upkeep]
|upkeep
|turn|19
|
|t:|1642438897
|move|p2a: Zacian|Play Rough|p1a: Kyogre
|-damage|p1a: Kyogre|0 fnt
|faint|p1a: Kyogre
|-weather|none
|
|upkeep
|
|t:|1642438903
|switch|p1a: Ditto|Ditto|100/100
|-transform|p1a: Ditto|p2a: Zacian|[from] ability: Imposter
|-ability|p1a: Ditto|Intrepid Sword|boost
|-boost|p1a: Ditto|atk|1
|turn|20
|
|t:|1642438905
|switch|p2a: reeeeeeeee|Alomomola, F, shiny|100/100
|-damage|p2a: reeeeeeeee|88/100|[from] Stealth Rock
|move|p1a: Ditto|Behemoth Blade|p2a: reeeeeeeee
|-resisted|p2a: reeeeeeeee
|-damage|p2a: reeeeeeeee|53/100
|
|-heal|p2a: reeeeeeeee|60/100|[from] item: Leftovers
|upkeep
|turn|21
|
|t:|1642438929
|switch|p1a: Rayquaza|Rayquaza|100/100
|-ability|p1a: Rayquaza|Air Lock
|move|p2a: reeeeeeeee|Wish|p2a: reeeeeeeee
|
|-heal|p2a: reeeeeeeee|66/100|[from] item: Leftovers
|upkeep
|turn|22
|
|t:|1642438933
|detailschange|p1a: Rayquaza|Rayquaza-Mega
|-mega|p1a: Rayquaza|Rayquaza|
|-weather|DeltaStream|[from] ability: Delta Stream|[of] p1a: Rayquaza
|move|p1a: Rayquaza|Dragon Ascent|p2a: reeeeeeeee
|-damage|p2a: reeeeeeeee|16/100
|-unboost|p1a: Rayquaza|def|1
|-unboost|p1a: Rayquaza|spd|1
|move|p2a: reeeeeeeee|Soak|p1a: Rayquaza
|-start|p1a: Rayquaza|typechange|Water
|
|-weather|DeltaStream|[upkeep]
|-heal|p2a: reeeeeeeee|66/100|[from] move: Wish|[wisher] reeeeeeeee
|-heal|p2a: reeeeeeeee|72/100|[from] item: Leftovers
|upkeep
|turn|23
|
|t:|1642438950
|-weather|none
|switch|p1a: Ditto|Ditto|100/100
|-transform|p1a: Ditto|p2a: reeeeeeeee|[from] ability: Imposter
|move|p2a: reeeeeeeee|Wish|p2a: reeeeeeeee
|
|-heal|p2a: reeeeeeeee|78/100|[from] item: Leftovers
|upkeep
|turn|24
|
|t:|1642438958
|move|p1a: Ditto|Toxic|p2a: reeeeeeeee
|-status|p2a: reeeeeeeee|tox
|move|p2a: reeeeeeeee|Toxic|p1a: Ditto
|-status|p1a: Ditto|tox
|
|-heal|p2a: reeeeeeeee|100/100 tox|[from] move: Wish|[wisher] reeeeeeeee
|-damage|p1a: Ditto|94/100 tox|[from] psn
|-damage|p2a: reeeeeeeee|94/100 tox|[from] psn
|upkeep
|turn|25
|
|t:|1642438963
|switch|p1a: Zacian|Zacian-Crowned|100/100
|-ability|p1a: Zacian|Intrepid Sword|boost
|-boost|p1a: Zacian|atk|1
|move|p2a: reeeeeeeee|Whirlpool|p1a: Zacian
|-damage|p1a: Zacian|95/100
|-activate|p1a: Zacian|move: Whirlpool|[of] p2a: reeeeeeeee
|
|-heal|p2a: reeeeeeeee|100/100 tox|[from] item: Leftovers
|-damage|p2a: reeeeeeeee|88/100 tox|[from] psn
|-damage|p1a: Zacian|82/100|[from] move: Whirlpool|[partiallytrapped]
|upkeep
|turn|26
|
|t:|1642438968
|move|p1a: Zacian|Swords Dance|p1a: Zacian
|-boost|p1a: Zacian|atk|2
|move|p2a: reeeeeeeee|Wish|p2a: reeeeeeeee
|
|-heal|p2a: reeeeeeeee|94/100 tox|[from] item: Leftovers
|-damage|p2a: reeeeeeeee|76/100 tox|[from] psn
|-damage|p1a: Zacian|70/100|[from] move: Whirlpool|[partiallytrapped]
|upkeep
|turn|27
|
|t:|1642438973
|move|p1a: Zacian|Imprison|p1a: Zacian
|-start|p1a: Zacian|move: Imprison
|move|p2a: reeeeeeeee|Soak|p1a: Zacian
|-start|p1a: Zacian|typechange|Water
|
|-heal|p2a: reeeeeeeee|100/100 tox|[from] move: Wish|[wisher] reeeeeeeee
|-damage|p2a: reeeeeeeee|76/100 tox|[from] psn
|-damage|p1a: Zacian|58/100|[from] move: Whirlpool|[partiallytrapped]
|upkeep
|turn|28
|
|t:|1642438979
|move|p1a: Zacian|Close Combat|p2a: reeeeeeeee
|-damage|p2a: reeeeeeeee|11/100 tox
|-unboost|p1a: Zacian|def|1
|-unboost|p1a: Zacian|spd|1
|move|p2a: reeeeeeeee|Toxic|p1a: Zacian
|-status|p1a: Zacian|tox
|
|-heal|p2a: reeeeeeeee|18/100 tox|[from] item: Leftovers
|-damage|p1a: Zacian|52/100 tox|[from] psn
|-damage|p2a: reeeeeeeee|0 fnt|[from] psn
|faint|p2a: reeeeeeeee
|-end|p1a: Zacian|Whirlpool|[partiallytrapped]|[silent]
|upkeep
|c|☆ChunkyRat|gg wp
|
|t:|1642438991
|switch|p2a: Calyrex|Calyrex-Shadow|100/100
|-ability|p2a: Calyrex|As One
|-ability|p2a: Calyrex|Unnerve
|-damage|p2a: Calyrex|88/100|[from] Stealth Rock
|turn|29
|
|t:|1642438993
|move|p2a: Calyrex|Astral Barrage|p1a: Zacian
|-damage|p1a: Zacian|0 fnt
|faint|p1a: Zacian
|-ability|p2a: Calyrex|Grim Neigh|boost
|-boost|p2a: Calyrex|spa|1
|
|upkeep
|
|t:|1642438994
|switch|p1a: Ditto|Ditto|100/100 tox
|-transform|p1a: Ditto|p2a: Calyrex|[from] ability: Imposter
|turn|30
|
|t:|1642438998
|move|p2a: Calyrex|Astral Barrage|p1a: Ditto
|-supereffective|p1a: Ditto
|-damage|p1a: Ditto|0 fnt
|faint|p1a: Ditto
|-ability|p2a: Calyrex|Grim Neigh|boost
|-boost|p2a: Calyrex|spa|1
|
|upkeep
|
|t:|1642439000
|switch|p1a: Rayquaza|Rayquaza-Mega|100/100
|-weather|DeltaStream|[from] ability: Delta Stream|[of] p1a: Rayquaza
|turn|31
|
|t:|1642439002
|move|p2a: Calyrex|Astral Barrage|p1a: Rayquaza
|-enditem|p1a: Rayquaza|Focus Sash
|-damage|p1a: Rayquaza|1/100
|move|p1a: Rayquaza|Scale Shot|p2a: Calyrex
|-damage|p2a: Calyrex|66/100
|-damage|p2a: Calyrex|46/100
|-hitcount|p2a: Calyrex|2
|-unboost|p1a: Rayquaza|def|1
|-boost|p1a: Rayquaza|spe|1
|
|-weather|DeltaStream|[upkeep]
|upkeep
|turn|32
|
|t:|1642439005
|move|p2a: Calyrex|Astral Barrage|p1a: Rayquaza
|-damage|p1a: Rayquaza|0 fnt
|faint|p1a: Rayquaza
|-weather|none
|
|win|Mangoru123
|raw|ChunkyRat's rating: 1553 &rarr; <strong>1535</strong><br />(-18 for losing)
|raw|Mangoru123's rating: 1586 &rarr; <strong>1604</strong><br />(+18 for winning)
|l|☆ChunkyRat
|c|☆Mangoru123|gg
|c|☆Mangoru123|wp
