|j|☆iroeweuio
|j|☆MiguelRRM
|t:|1662434772
|gametype|singles
|player|p1|iroeweuio|2|1676
|player|p2|MiguelRRM|2|1888
|teamsize|p1|6
|teamsize|p2|6
|gen|8
|tier|[Gen 8] National Dex AG
|rated|
|rule|HP Percentage Mod: HP is shown in percentages
|rule|Endless Battle Clause: Forcing endless battles is banned
|clearpoke
|poke|p1|Chatot, M|
|poke|p1|Weavile, M|
|poke|p1|Giratina-Origin|
|poke|p1|Ditto|
|poke|p1|Breloom, F|
|poke|p1|Wobbuffet, M|
|poke|p2|Marshadow|
|poke|p2|Arceus-*|
|poke|p2|Calyrex-Shadow|
|poke|p2|Groudon|
|poke|p2|Zacian-*|
|poke|p2|Smeargle, M|
|teampreview
|
|t:|1662434786
|start
|switch|p1a: Weavile|Weavile, M|100/100
|switch|p2a: Calyrex|Calyrex-Shadow|100/100
|-ability|p2a: Calyrex|As One
|-ability|p2a: Calyrex|Unnerve
|-ability|p1a: Weavile|Pressure
|turn|1
|inactive|Battle timer is ON: inactive players will automatically lose when time's up. (requested by iroeweuio)
|
|t:|1662434790
|move|p2a: Calyrex|Substitute|p2a: Calyrex
|-start|p2a: Calyrex|Substitute
|-damage|p2a: Calyrex|75/100
|move|p1a: Weavile|Assist|p1a: Weavile
|move|p1a: Weavile|Spore||[from]move: Assist|[still]
|-fail|p1a: Weavile
|
|-heal|p2a: Calyrex|82/100|[from] item: Leftovers
|upkeep
|turn|2
|
|t:|1662434792
|move|p2a: Calyrex|Baton Pass|p2a: Calyrex
|
|t:|1662434794
|switch|p2a: Groudon|Groudon|100/100|[from]move: Baton Pass
|detailschange|p2a: Groudon|Groudon-Primal
|-primal|p2a: Groudon
|-weather|DesolateLand|[from] ability: Desolate Land|[of] p2a: Groudon
|move|p1a: Weavile|Triple Axel|p2a: Groudon
|-activate|p2a: Groudon|move: Substitute|[damage]
|-activate|p2a: Groudon|move: Substitute|[damage]
|-end|p2a: Groudon|Substitute
|-hitcount|p2a: Groudon|3
|
|-weather|DesolateLand|[upkeep]
|upkeep
|turn|3
|
|t:|1662434798
|move|p1a: Weavile|Assist|p1a: Weavile
|move|p1a: Weavile|Spore|p2a: Groudon|[from]move: Assist
|-status|p2a: Groudon|slp|[from] move: Spore
|cant|p2a: Groudon|slp
|
|-weather|DesolateLand|[upkeep]
|upkeep
|turn|4
|
|t:|1662434800
|switch|p1a: Ditto|Ditto|100/100
|-transform|p1a: Ditto|p2a: Groudon|[from] ability: Imposter
|-curestatus|p2a: Groudon|slp|[msg]
|move|p2a: Groudon|Rock Tomb|p1a: Ditto
|-damage|p1a: Ditto|87/100
|-unboost|p1a: Ditto|spe|1
|
|-weather|DesolateLand|[upkeep]
|upkeep
|turn|5
|
|t:|1662434805
|move|p2a: Groudon|Eruption|p1a: Ditto
|-resisted|p1a: Ditto
|-damage|p1a: Ditto|27/100
|move|p1a: Ditto|Stealth Rock|p2a: Groudon
|-sidestart|p2: MiguelRRM|move: Stealth Rock
|
|-weather|DesolateLand|[upkeep]
|upkeep
|turn|6
|
|t:|1662434808
|switch|p1a: Giratina|Giratina-Origin|100/100
|move|p2a: Groudon|Rock Tomb|p1a: Giratina
|-damage|p1a: Giratina|83/100
|-unboost|p1a: Giratina|spe|1
|
|-weather|DesolateLand|[upkeep]
|upkeep
|turn|7
|
|t:|1662434815
|move|p2a: Groudon|Rock Tomb|p1a: Giratina
|-damage|p1a: Giratina|67/100
|-unboost|p1a: Giratina|spe|1
|move|p1a: Giratina|Dragon Tail|p2a: Groudon
|-damage|p2a: Groudon|80/100
|-weather|none
|drag|p2a: Arceus|Arceus-Fairy|100/100
|-damage|p2a: Arceus|88/100|[from] Stealth Rock
|
|upkeep
|turn|8
|
|t:|1662434825
|switch|p1a: Breloom|Breloom, F|100/100
|move|p2a: Arceus|Judgment|p1a: Breloom
|-supereffective|p1a: Breloom
|-damage|p1a: Breloom|0 fnt
|faint|p1a: Breloom
|
|upkeep
|
|t:|1662434828
|switch|p1a: Weavile|Weavile, M|100/100
|-ability|p1a: Weavile|Pressure
|turn|9
|
|t:|1662434831
|move|p1a: Weavile|Substitute|p1a: Weavile
|-start|p1a: Weavile|Substitute
|-damage|p1a: Weavile|76/100
|move|p2a: Arceus|Judgment|p1a: Weavile
|-supereffective|p1a: Weavile
|-end|p1a: Weavile|Substitute
|
|-heal|p1a: Weavile|82/100|[from] item: Leftovers
|upkeep
|turn|10
|j| whyte_smile
|
|t:|1662434834
|move|p1a: Weavile|Assist|p1a: Weavile
|move|p1a: Weavile|Spore|p2a: Arceus|[from]move: Assist
|-status|p2a: Arceus|slp|[from] move: Spore
|cant|p2a: Arceus|slp
|
|-heal|p1a: Weavile|88/100|[from] item: Leftovers
|upkeep
|turn|11
|
|t:|1662434836
|move|p1a: Weavile|Substitute|p1a: Weavile
|-start|p1a: Weavile|Substitute
|-damage|p1a: Weavile|63/100
|-curestatus|p2a: Arceus|slp|[msg]
|move|p2a: Arceus|Judgment|p1a: Weavile
|-supereffective|p1a: Weavile
|-end|p1a: Weavile|Substitute
|
|-heal|p1a: Weavile|69/100|[from] item: Leftovers
|upkeep
|turn|12
|
|t:|1662434838
|-start|p2a: Arceus|Dynamax|
|-heal|p2a: Arceus|88/100|[silent]
|move|p1a: Weavile|Assist|p1a: Weavile
|move|p1a: Weavile|Spore|p2a: Arceus|[from]move: Assist
|-status|p2a: Arceus|slp|[from] move: Spore
|cant|p2a: Arceus|slp
|
|-heal|p1a: Weavile|75/100|[from] item: Leftovers
|upkeep
|turn|13
|
|t:|1662434840
|move|p1a: Weavile|Substitute|p1a: Weavile
|-start|p1a: Weavile|Substitute
|-damage|p1a: Weavile|50/100
|cant|p2a: Arceus|slp
|
|-heal|p1a: Weavile|56/100|[from] item: Leftovers
|upkeep
|turn|14
|
|t:|1662434842
|move|p1a: Weavile|Swords Dance|p1a: Weavile
|-boost|p1a: Weavile|atk|2
|-curestatus|p2a: Arceus|slp|[msg]
|move|p2a: Arceus|Max Starfall|p1a: Weavile
|-supereffective|p1a: Weavile
|-end|p1a: Weavile|Substitute
|-fieldstart|move: Misty Terrain
|
|-heal|p1a: Weavile|62/100|[from] item: Leftovers
|upkeep
|-end|p2a: Arceus|Dynamax
|-heal|p2a: Arceus|88/100|[silent]
|turn|15
|l| whyte_smile
|
|t:|1662434844
|move|p1a: Weavile|Triple Axel|p2a: Arceus
|-damage|p2a: Arceus|76/100
|-hitcount|p2a: Arceus|1
|move|p2a: Arceus|Judgment|p1a: Weavile
|-supereffective|p1a: Weavile
|-damage|p1a: Weavile|0 fnt
|faint|p1a: Weavile
|
|upkeep
|
|t:|1662434847
|switch|p1a: Giratina|Giratina-Origin|67/100
|turn|16
|
|t:|1662434851
|switch|p1a: Ditto|Ditto|27/100
|-transform|p1a: Ditto|p2a: Arceus|[from] ability: Imposter
|move|p2a: Arceus|Recover|p2a: Arceus
|-heal|p2a: Arceus|100/100
|
|upkeep
|turn|17
|
|t:|1662434855
|switch|p2a: Calyrex|Calyrex-Shadow|82/100
|-ability|p2a: Calyrex|As One
|-ability|p2a: Calyrex|Unnerve
|-damage|p2a: Calyrex|69/100|[from] Stealth Rock
|move|p1a: Ditto|Recover|p1a: Ditto
|-heal|p1a: Ditto|77/100
|
|-heal|p2a: Calyrex|75/100|[from] item: Leftovers
|upkeep
|turn|18
|
|t:|1662434858
|switch|p1a: Chatot|Chatot, M|100/100
|move|p2a: Calyrex|Substitute|p2a: Calyrex
|-start|p2a: Calyrex|Substitute
|-damage|p2a: Calyrex|50/100
|
|-heal|p2a: Calyrex|57/100|[from] item: Leftovers
|-fieldend|Misty Terrain
|upkeep
|turn|19
|
|t:|1662434862
|move|p2a: Calyrex|Baton Pass|p2a: Calyrex
|
|t:|1662434864
|switch|p2a: Groudon|Groudon-Primal|80/100|[from]move: Baton Pass
|-damage|p2a: Groudon|68/100|[from] Stealth Rock
|-weather|DesolateLand|[from] ability: Desolate Land|[of] p2a: Groudon
|move|p1a: Chatot|Chatter|p2a: Groudon
|-damage|p2a: Groudon|39/100
|-start|p2a: Groudon|confusion
|
|-weather|DesolateLand|[upkeep]
|upkeep
|turn|20
|
|t:|1662434869
|move|p1a: Chatot|Chatter|p2a: Groudon
|-damage|p2a: Groudon|6/100
|-activate|p2a: Groudon|confusion
|move|p2a: Groudon|Stealth Rock|p1a: Chatot
|-sidestart|p1: iroeweuio|move: Stealth Rock
|
|-weather|DesolateLand|[upkeep]
|upkeep
|turn|21
|
|t:|1662434872
|move|p1a: Chatot|Chatter|p2a: Groudon
|-damage|p2a: Groudon|0 fnt
|faint|p2a: Groudon
|-weather|none
|
|upkeep
|
|t:|1662434889
|switch|p2a: Marshadow|Marshadow|100/100
|-damage|p2a: Marshadow|94/100|[from] Stealth Rock
|turn|22
|
|t:|1662434891
|move|p1a: Chatot|Protect|p1a: Chatot
|-singleturn|p1a: Chatot|Protect
|move|p2a: Marshadow|Drain Punch|p1a: Chatot
|-activate|p1a: Chatot|move: Protect
|
|upkeep
|turn|23
|
|t:|1662434895
|move|p2a: Marshadow|Drain Punch|p1a: Chatot
|-damage|p1a: Chatot|12/100
|-heal|p2a: Marshadow|100/100|[from] drain|[of] p1a: Chatot
|move|p1a: Chatot|Chatter|p2a: Marshadow
|-supereffective|p2a: Marshadow
|-damage|p2a: Marshadow|31/100
|-start|p2a: Marshadow|confusion
|
|upkeep
|turn|24
|
|t:|1662434898
|-activate|p2a: Marshadow|confusion
|move|p2a: Marshadow|Drain Punch|p1a: Chatot
|-damage|p1a: Chatot|0 fnt
|-heal|p2a: Marshadow|37/100|[from] drain|[of] p1a: Chatot
|faint|p1a: Chatot
|
|upkeep
|
|t:|1662434900
|switch|p1a: Giratina|Giratina-Origin|67/100
|-damage|p1a: Giratina|54/100|[from] Stealth Rock
|turn|25
|
|t:|1662434904
|-start|p1a: Giratina|Dynamax|
|-heal|p1a: Giratina|54/100|[silent]
|-activate|p2a: Marshadow|confusion
|move|p2a: Marshadow|Shadow Sneak|p1a: Giratina
|-supereffective|p1a: Giratina
|-damage|p1a: Giratina|30/100
|move|p1a: Giratina|Max Airstream|p2a: Marshadow
|-supereffective|p2a: Marshadow
|-damage|p2a: Marshadow|0 fnt
|-boost|p1a: Giratina|spe|1
|faint|p2a: Marshadow
|
|upkeep
|
|t:|1662434909
|switch|p2a: Arceus|Arceus-Fairy|100/100
|-damage|p2a: Arceus|88/100|[from] Stealth Rock
|turn|26
|
|t:|1662434912
|move|p1a: Giratina|Max Phantasm|p2a: Arceus
|-damage|p2a: Arceus|33/100
|-unboost|p2a: Arceus|def|1
|move|p2a: Arceus|Recover|p2a: Arceus
|-heal|p2a: Arceus|83/100
|
|upkeep
|turn|27
|
|t:|1662434915
|switch|p2a: Smeargle|Smeargle, M|100/100
|-damage|p2a: Smeargle|88/100|[from] Stealth Rock
|move|p1a: Giratina|Max Phantasm|p2a: Smeargle
|-immune|p2a: Smeargle
|
|-ability|p2a: Smeargle|Moody|boost
|-boost|p2a: Smeargle|spe|2
|-unboost|p2a: Smeargle|def|1
|upkeep
|-end|p1a: Giratina|Dynamax
|-heal|p1a: Giratina|30/100|[silent]
|turn|28
|
|t:|1662434926
|move|p2a: Smeargle|Spore|p1a: Giratina
|-status|p1a: Giratina|slp|[from] move: Spore
|cant|p1a: Giratina|slp
|
|-ability|p2a: Smeargle|Moody|boost
|-boost|p2a: Smeargle|spa|2
|-unboost|p2a: Smeargle|spe|1
|upkeep
|turn|29
|
|t:|1662434930
|cant|p1a: Giratina|slp
|move|p2a: Smeargle|Baton Pass|p2a: Smeargle
|
|t:|1662434932
|switch|p2a: Arceus|Arceus-Fairy|83/100|[from]move: Baton Pass
|-damage|p2a: Arceus|70/100|[from] Stealth Rock
|
|upkeep
|turn|30
|
|t:|1662434936
|move|p2a: Arceus|Judgment|p1a: Giratina
|-supereffective|p1a: Giratina
|-damage|p1a: Giratina|0 fnt
|faint|p1a: Giratina
|
|upkeep
|
|t:|1662434940
|switch|p1a: Ditto|Ditto|77/100
|-damage|p1a: Ditto|64/100|[from] Stealth Rock
|-transform|p1a: Ditto|p2a: Arceus|[from] ability: Imposter
|turn|31
|
|t:|1662434945
|switch|p2a: Calyrex|Calyrex-Shadow|57/100
|-ability|p2a: Calyrex|As One
|-ability|p2a: Calyrex|Unnerve
|-damage|p2a: Calyrex|44/100|[from] Stealth Rock
|move|p1a: Ditto|Judgment|p2a: Calyrex
|-immune|p2a: Calyrex
|
|-heal|p2a: Calyrex|50/100|[from] item: Leftovers
|upkeep
|turn|32
|
|t:|1662434947
|switch|p1a: Wobbuffet|Wobbuffet, M|100/100
|-damage|p1a: Wobbuffet|88/100|[from] Stealth Rock
|move|p2a: Calyrex|Substitute|p2a: Calyrex
|-start|p2a: Calyrex|Substitute
|-damage|p2a: Calyrex|25/100
|
|-heal|p2a: Calyrex|32/100|[from] item: Leftovers
|upkeep
|turn|33
|
|t:|1662434950
|move|p2a: Calyrex|Astral Barrage|p1a: Wobbuffet
|-supereffective|p1a: Wobbuffet
|-damage|p1a: Wobbuffet|15/100
|move|p1a: Wobbuffet|Destiny Bond|p1a: Wobbuffet
|-singlemove|p1a: Wobbuffet|Destiny Bond
|
|-heal|p2a: Calyrex|38/100|[from] item: Leftovers
|upkeep
|turn|34
|
|t:|1662434952
|move|p2a: Calyrex|Nasty Plot|p2a: Calyrex
|-boost|p2a: Calyrex|spa|2
|move|p1a: Wobbuffet|Mirror Coat||[still]
|-fail|p1a: Wobbuffet
|
|-heal|p2a: Calyrex|44/100|[from] item: Leftovers
|upkeep
|turn|35
|
|t:|1662434955
|move|p2a: Calyrex|Astral Barrage|p1a: Wobbuffet
|-supereffective|p1a: Wobbuffet
|-damage|p1a: Wobbuffet|0 fnt
|faint|p1a: Wobbuffet
|-ability|p2a: Calyrex|Grim Neigh|boost
|-boost|p2a: Calyrex|spa|1
|
|-heal|p2a: Calyrex|50/100|[from] item: Leftovers
|upkeep
|-message|iroeweuio forfeited.
|
|win|MiguelRRM
|raw|iroeweuio's rating: 1676 &rarr; <strong>1666</strong><br />(-10 for losing)
|raw|MiguelRRM's rating: 1857 &rarr; <strong>1867</strong><br />(+10 for winning)
|l|☆iroeweuio
||Ladder isn't responding, score probably updated but might not have (Request timeout).
