|j|☆CHRYSACIER_GOD
|j|☆Enjoy enjoy
|player|p1|CHRYSACIER_GOD|ryuki|1750
|player|p2|Enjoy enjoy|cilan|1457
|teamsize|p1|6
|teamsize|p2|6
|gametype|singles
|gen|8
|tier|[Gen 8] National Dex AG
|rated|
|clearpoke
|poke|p1|Groudon|
|poke|p1|Smeargle, M|
|poke|p1|Yveltal|
|poke|p1|Vivillon, F|
|poke|p1|Zacian-Crowned|
|poke|p1|Ditto|
|poke|p2|Smeargle, M|
|poke|p2|Rayquaza|
|poke|p2|Groudon|
|poke|p2|Kyogre|
|poke|p2|Yveltal|
|poke|p2|Shaymin-Sky|
|rule|HP Percentage Mod: HP is shown in percentages
|rule|Endless Battle Clause: Forcing endless battles is banned
|teampreview
|inactive|Battle timer is ON: inactive players will automatically lose when time's up. (requested by Enjoy enjoy)
|
|start
|switch|p1a: Smeargle|Smeargle, M|100/100
|switch|p2a: Smeargle|Smeargle, M|100/100
|turn|1
|
|move|p1a: Smeargle|Magic Coat|p1a: Smeargle
|-singleturn|p1a: Smeargle|move: Magic Coat
|move|p2a: Smeargle|Magic Coat|p2a: Smeargle
|-singleturn|p2a: Smeargle|move: Magic Coat
|
|-ability|p1a: Smeargle|Moody|boost
|-boost|p1a: Smeargle|spe|2
|-unboost|p1a: Smeargle|spd|1
|upkeep
|turn|2
|
|move|p1a: Smeargle|Magic Coat|p1a: Smeargle
|-singleturn|p1a: Smeargle|move: Magic Coat
|move|p2a: Smeargle|Magic Coat|p2a: Smeargle
|-singleturn|p2a: Smeargle|move: Magic Coat
|
|-ability|p1a: Smeargle|Moody|boost
|-boost|p1a: Smeargle|spe|2
|-unboost|p1a: Smeargle|spd|1
|upkeep
|turn|3
|
|move|p1a: Smeargle|Magic Coat|p1a: Smeargle
|-singleturn|p1a: Smeargle|move: Magic Coat
|move|p2a: Smeargle|Nuzzle|p1a: Smeargle
|-damage|p1a: Smeargle|94/100
|-status|p1a: Smeargle|par
|
|-ability|p1a: Smeargle|Moody|boost
|-boost|p1a: Smeargle|spe|2
|-unboost|p1a: Smeargle|spa|1
|upkeep
|turn|4
|
|switch|p2a: Shaymin|Shaymin-Sky|100/100
|move|p1a: Smeargle|Sticky Web|p2a: Shaymin
|-sidestart|p2: Enjoy enjoy|move: Sticky Web
|
|-ability|p1a: Smeargle|Moody|boost
|-boost|p1a: Smeargle|atk|2
|-unboost|p1a: Smeargle|def|1
|upkeep
|turn|5
|
|move|p1a: Smeargle|Stealth Rock|p2a: Shaymin
|-sidestart|p2: Enjoy enjoy|move: Stealth Rock
|move|p2a: Shaymin|Air Slash|p1a: Smeargle
|-damage|p1a: Smeargle|0 fnt
|faint|p1a: Smeargle
|
|upkeep
|
|switch|p1a: Yveltal|Yveltal|100/100
|-ability|p1a: Yveltal|Dark Aura
|turn|6
|
|-start|p1a: Yveltal|Dynamax
|-heal|p1a: Yveltal|100/100|[silent]
|move|p2a: Shaymin|Air Slash|p1a: Yveltal
|-damage|p1a: Yveltal|80/100
|move|p1a: Yveltal|Max Airstream|p2a: Shaymin
|-supereffective|p2a: Shaymin
|-crit|p2a: Shaymin
|-damage|p2a: Shaymin|0 fnt
|-boost|p1a: Yveltal|spe|1
|-damage|p1a: Yveltal|75/100|[from] item: Life Orb
|faint|p2a: Shaymin
|
|upkeep
|
|switch|p2a: Yveltal|Yveltal|100/100
|-damage|p2a: Yveltal|76/100|[from] Stealth Rock
|-ability|p2a: Yveltal|Dark Aura
|turn|7
|
|move|p1a: Yveltal|Max Airstream|p2a: Yveltal
|-damage|p2a: Yveltal|0 fnt
|-boost|p1a: Yveltal|spe|1
|-damage|p1a: Yveltal|70/100|[from] item: Life Orb
|faint|p2a: Yveltal
|
|upkeep
|
|switch|p2a: Smeargle|Smeargle, M|100/100
|-damage|p2a: Smeargle|88/100|[from] Stealth Rock
|-activate|p2a: Smeargle|move: Sticky Web
|-unboost|p2a: Smeargle|spe|1
|turn|8
|
|move|p1a: Yveltal|Max Darkness|p2a: Smeargle
|-damage|p2a: Smeargle|0 fnt
|-damage|p1a: Yveltal|65/100|[from] item: Life Orb
|faint|p2a: Smeargle
|
|-end|p1a: Yveltal|Dynamax
|-heal|p1a: Yveltal|65/100|[silent]
|upkeep
|
|switch|p2a: Groudon|Groudon|100/100
|-damage|p2a: Groudon|94/100|[from] Stealth Rock
|-activate|p2a: Groudon|move: Sticky Web
|-unboost|p2a: Groudon|spe|1
|detailschange|p2a: Groudon|Groudon-Primal
|-primal|p2a: Groudon
|-weather|DesolateLand|[from] ability: Desolate Land|[of] p2a: Groudon
|turn|9
|
|move|p1a: Yveltal|Oblivion Wing|p2a: Groudon
|-damage|p2a: Groudon|40/100
|-heal|p1a: Yveltal|100/100|[from] drain|[of] p2a: Groudon
|-damage|p1a: Yveltal|91/100|[from] item: Life Orb
|move|p2a: Groudon|Fire Punch|p1a: Yveltal
|-damage|p1a: Yveltal|14/100
|
|-weather|DesolateLand|[upkeep]
|upkeep
|turn|10
|
|move|p1a: Yveltal|Oblivion Wing|p2a: Groudon
|-damage|p2a: Groudon|0 fnt
|-heal|p1a: Yveltal|40/100|[from] drain|[of] p2a: Groudon
|-damage|p1a: Yveltal|30/100|[from] item: Life Orb
|faint|p2a: Groudon
|-weather|none
|
|upkeep
|
|switch|p2a: Rayquaza|Rayquaza|100/100
|-damage|p2a: Rayquaza|76/100|[from] Stealth Rock
|-ability|p2a: Rayquaza|Air Lock
|turn|11
|
|move|p2a: Rayquaza|Extreme Speed|p1a: Yveltal
|-damage|p1a: Yveltal|1/100
|move|p1a: Yveltal|Dark Pulse|p2a: Rayquaza
|-damage|p2a: Rayquaza|2/100
|-damage|p1a: Yveltal|0 fnt|[from] item: Life Orb
|faint|p1a: Yveltal
|
|upkeep
|
|switch|p1a: Zacian|Zacian-Crowned|100/100
|-ability|p1a: Zacian|Intrepid Sword|boost
|-boost|p1a: Zacian|atk|1
|turn|12
|
|move|p1a: Zacian|Behemoth Blade|p2a: Rayquaza
|-damage|p2a: Rayquaza|0 fnt
|faint|p2a: Rayquaza
|
|upkeep
|
|switch|p2a: Kyogre|Kyogre|100/100
|-activate|p2a: Kyogre|move: Sticky Web
|-unboost|p2a: Kyogre|spe|1
|-damage|p2a: Kyogre|88/100|[from] Stealth Rock
|detailschange|p2a: Kyogre|Kyogre-Primal
|-primal|p2a: Kyogre
|-weather|PrimordialSea|[from] ability: Primordial Sea|[of] p2a: Kyogre
|turn|13
|
|move|p1a: Zacian|Wild Charge|p2a: Kyogre
|-supereffective|p2a: Kyogre
|-crit|p2a: Kyogre
|-damage|p2a: Kyogre|0 fnt
|-damage|p1a: Zacian|77/100|[from] Recoil
|faint|p2a: Kyogre
|-weather|none
|
|win|CHRYSACIER_GOD
|l|☆Enjoy enjoy
|raw|CHRYSACIER_GOD's rating: 1751 &rarr; <strong>1756</strong><br />(+5 for winning)
|raw|Enjoy enjoy's rating: 1432 &rarr; <strong>1426</strong><br />(-6 for losing)
