|j|☆MurderousMantyke
|j|☆Blackstar152001
|t:|1665502425
|gametype|singles
|player|p1|MurderousMantyke|#helpstaffxmas|1712
|player|p2|Blackstar152001|blue-gen3two|2015
|teamsize|p1|6
|teamsize|p2|6
|gen|8
|tier|[Gen 8] National Dex AG
|rated|
|rule|HP Percentage Mod: HP is shown in percentages
|rule|Endless Battle Clause: Forcing endless battles is banned
|clearpoke
|poke|p1|Groudon|
|poke|p1|Rayquaza|
|poke|p1|Calyrex-Shadow|
|poke|p1|Arceus-*|
|poke|p1|Yveltal|
|poke|p1|Marshadow|
|poke|p2|Yveltal|
|poke|p2|Xerneas-*|
|poke|p2|Arceus-*|
|poke|p2|Ditto|
|poke|p2|Rayquaza|
|poke|p2|Necrozma-Dusk-Mane|
|teampreview
|inactive|Battle timer is ON: inactive players will automatically lose when time's up. (requested by Blackstar152001)
|c|☆MurderousMantyke|hf
|
|t:|1665502437
|start
|switch|p1a: Groudon|Groudon|100/100
|switch|p2a: Rayquaza|Rayquaza, shiny|100/100
|-ability|p2a: Rayquaza|Air Lock
|detailschange|p1a: Groudon|Groudon-Primal
|-primal|p1a: Groudon
|-weather|DesolateLand|[from] ability: Desolate Land|[of] p1a: Groudon
|turn|1
|
|t:|1665502440
|detailschange|p2a: Rayquaza|Rayquaza-Mega, shiny
|-mega|p2a: Rayquaza|Rayquaza|
|-weather|DeltaStream|[from] ability: Delta Stream|[of] p2a: Rayquaza
|move|p2a: Rayquaza|Draco Meteor|p1a: Groudon
|-damage|p1a: Groudon|0 fnt
|-unboost|p2a: Rayquaza|spa|2
|faint|p1a: Groudon
|-damage|p2a: Rayquaza|91/100|[from] item: Life Orb
|
|-weather|DeltaStream|[upkeep]
|upkeep
|
|t:|1665502443
|switch|p1a: Calyrex|Calyrex-Shadow|100/100
|-ability|p1a: Calyrex|As One
|-ability|p1a: Calyrex|Unnerve
|turn|2
|
|t:|1665502448
|-weather|none
|switch|p2a: Arceus|Arceus|100/100
|move|p1a: Calyrex|Substitute|p1a: Calyrex
|-start|p1a: Calyrex|Substitute
|-damage|p1a: Calyrex|76/100
|
|upkeep
|turn|3
|
|t:|1665502452
|move|p1a: Calyrex|Nasty Plot|p1a: Calyrex
|-boost|p1a: Calyrex|spa|2
|move|p2a: Arceus|Shadow Claw|p1a: Calyrex
|-supereffective|p1a: Calyrex
|-crit|p1a: Calyrex
|-end|p1a: Calyrex|Substitute
|
|upkeep
|turn|4
|
|t:|1665502456
|move|p1a: Calyrex|Baton Pass|p1a: Calyrex
|
|t:|1665502458
|switch|p1a: Yveltal|Yveltal|100/100|[from]move: Baton Pass
|-ability|p1a: Yveltal|Dark Aura
|move|p2a: Arceus|Shadow Claw|p1a: Yveltal
|-resisted|p1a: Yveltal
|-damage|p1a: Yveltal|89/100
|
|upkeep
|turn|5
|
|t:|1665502468
|move|p2a: Arceus|Extreme Speed|p1a: Yveltal
|-damage|p1a: Yveltal|47/100
|move|p1a: Yveltal|Oblivion Wing|p2a: Arceus
|-damage|p2a: Arceus|19/100
|-heal|p1a: Yveltal|100/100|[from] drain|[of] p2a: Arceus
|-damage|p1a: Yveltal|91/100|[from] item: Life Orb
|
|upkeep
|turn|6
|
|t:|1665502475
|move|p2a: Arceus|Extreme Speed|p1a: Yveltal
|-damage|p1a: Yveltal|54/100
|move|p1a: Yveltal|Oblivion Wing|p2a: Arceus
|-damage|p2a: Arceus|0 fnt
|-heal|p1a: Yveltal|70/100|[from] drain|[of] p2a: Arceus
|faint|p2a: Arceus
|-damage|p1a: Yveltal|60/100|[from] item: Life Orb
|
|upkeep
|
|t:|1665502479
|switch|p2a: Xerneas|Xerneas, shiny|100/100
|-ability|p2a: Xerneas|Fairy Aura
|turn|7
|
|t:|1665502483
|move|p2a: Xerneas|Moonblast|p1a: Yveltal
|-supereffective|p1a: Yveltal
|-damage|p1a: Yveltal|0 fnt
|faint|p1a: Yveltal
|
|upkeep
|
|t:|1665502489
|switch|p1a: Arceus|Arceus|100/100
|turn|8
|
|t:|1665502491
|switch|p2a: Necrozma|Necrozma-Dusk-Mane|100/100
|move|p1a: Arceus|Extreme Speed|p2a: Necrozma
|-resisted|p2a: Necrozma
|-damage|p2a: Necrozma|88/100
|-damage|p1a: Arceus|84/100|[from] item: Rocky Helmet|[of] p2a: Necrozma
|-damage|p1a: Arceus|74/100|[from] item: Life Orb
|
|upkeep
|turn|9
|
|t:|1665502495
|move|p1a: Arceus|Swords Dance|p1a: Arceus
|-boost|p1a: Arceus|atk|2
|move|p2a: Necrozma|Stealth Rock|p1a: Arceus
|-sidestart|p1: MurderousMantyke|move: Stealth Rock
|
|upkeep
|turn|10
|
|t:|1665502500
|move|p1a: Arceus|Earthquake|p2a: Necrozma
|-supereffective|p2a: Necrozma
|-damage|p2a: Necrozma|26/100
|-damage|p1a: Arceus|64/100|[from] item: Life Orb
|move|p2a: Necrozma|Thunder Wave|p1a: Arceus
|-status|p1a: Arceus|par
|
|upkeep
|turn|11
|
|t:|1665502505
|move|p2a: Necrozma|Sunsteel Strike|p1a: Arceus
|-damage|p1a: Arceus|25/100 par
|move|p1a: Arceus|Earthquake|p2a: Necrozma
|-supereffective|p2a: Necrozma
|-damage|p2a: Necrozma|0 fnt
|faint|p2a: Necrozma
|-damage|p1a: Arceus|15/100 par|[from] item: Life Orb
|
|upkeep
|
|t:|1665502513
|switch|p2a: Ditto|Ditto|100/100
|-transform|p2a: Ditto|p1a: Arceus|[from] ability: Imposter
|turn|12
|
|t:|1665502516
|move|p2a: Ditto|Extreme Speed|p1a: Arceus
|-damage|p1a: Arceus|0 fnt
|faint|p1a: Arceus
|
|upkeep
|
|t:|1665502518
|switch|p1a: Marshadow|Marshadow|100/100
|-damage|p1a: Marshadow|94/100|[from] Stealth Rock
|turn|13
|
|t:|1665502521
|switch|p2a: Xerneas|Xerneas, shiny|100/100
|-ability|p2a: Xerneas|Fairy Aura
|move|p1a: Marshadow|Rock Tomb|p2a: Xerneas
|-crit|p2a: Xerneas
|-damage|p2a: Xerneas|42/100
|-unboost|p2a: Xerneas|spe|1
|-damage|p1a: Marshadow|84/100|[from] item: Life Orb
|
|upkeep
|turn|14
|
|t:|1665502533
|switch|p2a: Yveltal|Yveltal, shiny|100/100
|-ability|p2a: Yveltal|Dark Aura
|move|p1a: Marshadow|Spectral Thief|p2a: Yveltal
|-resisted|p2a: Yveltal
|-damage|p2a: Yveltal|74/100
|-damage|p1a: Marshadow|74/100|[from] item: Life Orb
|
|upkeep
|turn|15
|
|t:|1665502537
|move|p1a: Marshadow|Close Combat|p2a: Yveltal
|-crit|p2a: Yveltal
|-damage|p2a: Yveltal|0 fnt
|-unboost|p1a: Marshadow|def|1
|-unboost|p1a: Marshadow|spd|1
|faint|p2a: Yveltal
|-damage|p1a: Marshadow|64/100|[from] item: Life Orb
|
|upkeep
|
|t:|1665502543
|switch|p2a: Ditto|Ditto|100/100
|-transform|p2a: Ditto|p1a: Marshadow|[from] ability: Imposter
|turn|16
|
|t:|1665502546
|move|p2a: Ditto|Shadow Sneak|p1a: Marshadow
|-supereffective|p1a: Marshadow
|-damage|p1a: Marshadow|0 fnt
|faint|p1a: Marshadow
|
|upkeep
|
|t:|1665502548
|switch|p1a: Rayquaza|Rayquaza|100/100
|-damage|p1a: Rayquaza|76/100|[from] Stealth Rock
|-ability|p1a: Rayquaza|Air Lock
|turn|17
|
|t:|1665502578
|switch|p2a: Rayquaza|Rayquaza-Mega, shiny|91/100
|-weather|DeltaStream|[from] ability: Delta Stream|[of] p2a: Rayquaza
|move|p1a: Rayquaza|Dragon Dance|p1a: Rayquaza
|-boost|p1a: Rayquaza|atk|1
|-boost|p1a: Rayquaza|spe|1
|
|-weather|DeltaStream|[upkeep]
|upkeep
|turn|18
|
|t:|1665502585
|detailschange|p1a: Rayquaza|Rayquaza-Mega
|-mega|p1a: Rayquaza|Rayquaza|
|move|p2a: Rayquaza|Extreme Speed|p1a: Rayquaza
|-damage|p1a: Rayquaza|28/100
|-damage|p2a: Rayquaza|81/100|[from] item: Life Orb
|move|p1a: Rayquaza|Dragon Ascent|p2a: Rayquaza
|-damage|p2a: Rayquaza|0 fnt
|-unboost|p1a: Rayquaza|def|1
|-unboost|p1a: Rayquaza|spd|1
|faint|p2a: Rayquaza
|-damage|p1a: Rayquaza|18/100|[from] item: Life Orb
|
|-weather|DeltaStream|[upkeep]
|upkeep
|
|t:|1665502592
|switch|p2a: Ditto|Ditto|100/100
|-transform|p2a: Ditto|p1a: Rayquaza|[from] ability: Imposter
|turn|19
|
|t:|1665502597
|move|p2a: Ditto|Extreme Speed|p1a: Rayquaza
|-damage|p1a: Rayquaza|0 fnt
|faint|p1a: Rayquaza
|
|-weather|DeltaStream|[upkeep]
|upkeep
|
|t:|1665502599
|switch|p1a: Calyrex|Calyrex-Shadow|76/100
|-ability|p1a: Calyrex|As One
|-ability|p1a: Calyrex|Unnerve
|-damage|p1a: Calyrex|63/100|[from] Stealth Rock
|turn|20
|
|t:|1665502601
|-weather|none
|switch|p2a: Xerneas|Xerneas, shiny|42/100
|-ability|p2a: Xerneas|Fairy Aura
|move|p1a: Calyrex|Substitute|p1a: Calyrex
|-start|p1a: Calyrex|Substitute
|-damage|p1a: Calyrex|39/100
|
|upkeep
|turn|21
|
|t:|1665502604
|move|p2a: Xerneas|Moonblast|p1a: Calyrex
|-end|p1a: Calyrex|Substitute
|move|p1a: Calyrex|Astral Barrage|p2a: Xerneas
|-damage|p2a: Xerneas|0 fnt
|faint|p2a: Xerneas
|-ability|p1a: Calyrex|Grim Neigh|boost
|-boost|p1a: Calyrex|spa|1
|
|upkeep
|
|t:|1665502606
|switch|p2a: Ditto|Ditto|100/100
|-transform|p2a: Ditto|p1a: Calyrex|[from] ability: Imposter
|turn|22
|
|t:|1665502609
|move|p2a: Ditto|Astral Barrage|p1a: Calyrex
|-supereffective|p1a: Calyrex
|-crit|p1a: Calyrex
|-damage|p1a: Calyrex|0 fnt
|faint|p1a: Calyrex
|
|win|Blackstar152001
|raw|MurderousMantyke's rating: 1712 &rarr; <strong>1706</strong><br />(-6 for losing)
|raw|Blackstar152001's rating: 2015 &rarr; <strong>2021</strong><br />(+6 for winning)
|c|☆MurderousMantyke|gg
|l|☆MurderousMantyke
|c|☆Blackstar152001|Gg
