|j|☆ach27
|j|☆cllout
|t:|1668101033
|gametype|singles
|player|p1|ach27|170|1540
|player|p2|cllout|misty-lgpe|1623
|teamsize|p1|6
|teamsize|p2|6
|gen|8
|tier|[Gen 8] National Dex AG
|rated|
|rule|HP Percentage Mod: HP is shown in percentages
|rule|Endless Battle Clause: Forcing endless battles is banned
|clearpoke
|poke|p1|Calyrex-Shadow|
|poke|p1|Marshadow|
|poke|p1|Dragapult, F|
|poke|p1|Gengar, F|
|poke|p1|Mimikyu, F|
|poke|p1|Arceus-*|
|poke|p2|Rayquaza|
|poke|p2|Groudon|
|poke|p2|Necrozma-Dusk-Mane|
|poke|p2|Yveltal|
|poke|p2|Calyrex-Shadow|
|poke|p2|Shaymin-Sky|
|teampreview
|inactive|Battle timer is ON: inactive players will automatically lose when time's up. (requested by cllout)
|
|t:|1668101049
|start
|switch|p1a: Dragapult|Dragapult, F|100/100
|switch|p2a: Groudon|Groudon|100/100
|detailschange|p2a: Groudon|Groudon-Primal
|-primal|p2a: Groudon
|-weather|DesolateLand|[from] ability: Desolate Land|[of] p2a: Groudon
|turn|1
|
|t:|1668101057
|move|p1a: Dragapult|Dragon Dance|p1a: Dragapult
|-boost|p1a: Dragapult|atk|1
|-boost|p1a: Dragapult|spe|1
|move|p2a: Groudon|Thunder Wave|p1a: Dragapult
|-status|p1a: Dragapult|par
|
|-weather|DesolateLand|[upkeep]
|upkeep
|turn|2
|
|t:|1668101063
|move|p1a: Dragapult|Dragon Darts|p2a: Groudon
|-damage|p2a: Groudon|73/100
|-anim|p1a: Dragapult|Dragon Darts|p2a: Groudon
|-damage|p2a: Groudon|45/100
|-damage|p1a: Dragapult|91/100 par|[from] item: Life Orb
|move|p2a: Groudon|Precipice Blades|p1a: Dragapult
|-damage|p1a: Dragapult|5/100 par
|
|-weather|DesolateLand|[upkeep]
|upkeep
|turn|3
|
|t:|1668101087
|move|p1a: Dragapult|Outrage|p2a: Groudon
|-damage|p2a: Groudon|0 fnt
|faint|p2a: Groudon
|-weather|none
|-damage|p1a: Dragapult|0 fnt|[from] item: Life Orb
|faint|p1a: Dragapult
|
|upkeep
|
|t:|1668101106
|switch|p1a: Gengar|Gengar, F|100/100
|switch|p2a: Calyrex|Calyrex-Shadow|100/100
|-ability|p2a: Calyrex|As One
|-ability|p2a: Calyrex|Unnerve
|turn|4
|
|t:|1668101115
|detailschange|p1a: Gengar|Gengar-Mega, F
|-mega|p1a: Gengar|Gengar|Gengarite
|move|p2a: Calyrex|Taunt|p1a: Gengar
|-start|p1a: Gengar|move: Taunt
|move|p1a: Gengar|Shadow Ball|p2a: Calyrex
|-supereffective|p2a: Calyrex
|-enditem|p2a: Calyrex|Focus Sash
|-damage|p2a: Calyrex|1/100
|-unboost|p2a: Calyrex|spd|1
|
|upkeep
|turn|5
|
|t:|1668101128
|move|p2a: Calyrex|Astral Barrage|p1a: Gengar
|-supereffective|p1a: Gengar
|-damage|p1a: Gengar|0 fnt
|faint|p1a: Gengar
|-ability|p2a: Calyrex|Grim Neigh|boost
|-boost|p2a: Calyrex|spa|1
|
|upkeep
|
|t:|1668101142
|switch|p1a: Calyrex|Calyrex-Shadow|100/100
|-ability|p1a: Calyrex|As One
|-ability|p1a: Calyrex|Unnerve
|turn|6
|
|t:|1668101148
|switch|p2a: Yveltal|Yveltal, shiny|100/100
|-ability|p2a: Yveltal|Dark Aura
|move|p1a: Calyrex|Astral Barrage|p2a: Yveltal
|-resisted|p2a: Yveltal
|-damage|p2a: Yveltal|78/100
|
|upkeep
|turn|7
|
|t:|1668101156
|switch|p1a: Arceus|Arceus-Ghost|100/100
|move|p2a: Yveltal|Foul Play|p1a: Arceus
|-supereffective|p1a: Arceus
|-damage|p1a: Arceus|6/100
|
|upkeep
|turn|8
|
|t:|1668101166
|move|p1a: Arceus|Extreme Speed|p2a: Yveltal
|-damage|p2a: Yveltal|56/100
|move|p2a: Yveltal|Foul Play|p1a: Arceus
|-supereffective|p1a: Arceus
|-damage|p1a: Arceus|0 fnt
|faint|p1a: Arceus
|
|upkeep
|
|t:|1668101173
|switch|p1a: Mimikyu|Mimikyu, F|100/100
|turn|9
|
|t:|1668101188
|switch|p2a: Necrozma|Necrozma-Dusk-Mane|100/100
|move|p1a: Mimikyu|Play Rough|p2a: Necrozma
|-resisted|p2a: Necrozma
|-damage|p2a: Necrozma|91/100
|-damage|p1a: Mimikyu|84/100|[from] item: Rocky Helmet|[of] p2a: Necrozma
|
|upkeep
|turn|10
|
|t:|1668101198
|switch|p1a: Calyrex|Calyrex-Shadow|100/100
|-ability|p1a: Calyrex|As One
|-ability|p1a: Calyrex|Unnerve
|move|p2a: Necrozma|Thunder Wave|p1a: Calyrex
|-status|p1a: Calyrex|par
|
|upkeep
|turn|11
|
|t:|1668101221
|switch|p2a: Yveltal|Yveltal, shiny|56/100
|-ability|p2a: Yveltal|Dark Aura
|move|p1a: Calyrex|Astral Barrage|p2a: Yveltal
|-resisted|p2a: Yveltal
|-damage|p2a: Yveltal|31/100
|
|upkeep
|turn|12
|
|t:|1668101231
|move|p1a: Calyrex|Astral Barrage|p2a: Yveltal
|-resisted|p2a: Yveltal
|-damage|p2a: Yveltal|9/100
|move|p2a: Yveltal|Foul Play|p1a: Calyrex
|-supereffective|p1a: Calyrex
|-damage|p1a: Calyrex|0 fnt
|faint|p1a: Calyrex
|
|upkeep
|
|t:|1668101244
|switch|p1a: Mimikyu|Mimikyu, F|84/100
|turn|13
|c|☆cllout|sash is better
|
|t:|1668101257
|switch|p2a: Necrozma|Necrozma-Dusk-Mane|91/100
|move|p1a: Mimikyu|Drain Punch|p2a: Necrozma
|-damage|p2a: Necrozma|81/100
|-heal|p1a: Mimikyu|92/100|[from] drain|[of] p2a: Necrozma
|-damage|p1a: Mimikyu|75/100|[from] item: Rocky Helmet|[of] p2a: Necrozma
|
|upkeep
|turn|14
|
|t:|1668101267
|move|p1a: Mimikyu|Swords Dance|p1a: Mimikyu
|-boost|p1a: Mimikyu|atk|2
|move|p2a: Necrozma|Sunsteel Strike|p1a: Mimikyu
|-supereffective|p1a: Mimikyu
|-damage|p1a: Mimikyu|0 fnt
|faint|p1a: Mimikyu
|
|upkeep
|
|t:|1668101275
|switch|p1a: Marshadow|Marshadow|100/100
|turn|15
|c|☆ach27|gg
|
|t:|1668101292
|move|p1a: Marshadow|Spectral Thief|p2a: Necrozma
|-supereffective|p2a: Necrozma
|-damage|p2a: Necrozma|45/100
|-damage|p1a: Marshadow|84/100|[from] item: Rocky Helmet|[of] p2a: Necrozma
|move|p2a: Necrozma|Thunder Wave|p1a: Marshadow
|-status|p1a: Marshadow|par
|
|upkeep
|turn|16
|
|t:|1668101302
|move|p1a: Marshadow|Spectral Thief|p2a: Necrozma
|-supereffective|p2a: Necrozma
|-damage|p2a: Necrozma|9/100
|-damage|p1a: Marshadow|68/100 par|[from] item: Rocky Helmet|[of] p2a: Necrozma
|move|p2a: Necrozma|Morning Sun|p2a: Necrozma
|-heal|p2a: Necrozma|59/100
|
|upkeep
|turn|17
|
|t:|1668101316
|move|p1a: Marshadow|Spectral Thief|p2a: Necrozma
|-supereffective|p2a: Necrozma
|-damage|p2a: Necrozma|20/100
|-damage|p1a: Marshadow|51/100 par|[from] item: Rocky Helmet|[of] p2a: Necrozma
|move|p2a: Necrozma|Sunsteel Strike|p1a: Marshadow
|-damage|p1a: Marshadow|0 fnt
|faint|p1a: Marshadow
|
|win|cllout
|raw|ach27's rating: 1540 &rarr; <strong>1525</strong><br />(-15 for losing)
|raw|cllout's rating: 1623 &rarr; <strong>1638</strong><br />(+15 for winning)
