|j|☆yoshi fanfic
|j|☆Hhhhhhhhhhhhx
|t:|1667225711
|gametype|singles
|player|p1|yoshi fanfic|ballguy|1580
|player|p2|Hhhhhhhhhhhhx|hilbert-wonderlauncher|1625
|teamsize|p1|6
|teamsize|p2|6
|gen|8
|tier|[Gen 8] National Dex AG
|rated|
|rule|HP Percentage Mod: HP is shown in percentages
|rule|Endless Battle Clause: Forcing endless battles is banned
|clearpoke
|poke|p1|Calyrex-Shadow|
|poke|p1|Zacian-*|
|poke|p1|Slowbro, M|
|poke|p1|Blissey, F|
|poke|p1|Liepard, F|
|poke|p1|Landorus, M|
|poke|p2|Cinderace, M|
|poke|p2|Yveltal|
|poke|p2|Zekrom|
|poke|p2|Lugia|
|poke|p2|Groudon|
|poke|p2|Zacian-*|
|teampreview
|inactive|Battle timer is ON: inactive players will automatically lose when time's up. (requested by yoshi fanfic)
|
|t:|1667225725
|start
|switch|p1a: muahahaha|Landorus, M|100/100
|switch|p2a: Zekrom|Zekrom|100/100
|-ability|p2a: Zekrom|Teravolt
|turn|1
|
|t:|1667225741
|switch|p2a: Yveltal|Yveltal|100/100
|-ability|p2a: Yveltal|Dark Aura
|move|p1a: muahahaha|Stealth Rock|p2a: Yveltal
|-sidestart|p2: Hhhhhhhhhhhhx|move: Stealth Rock
|
|upkeep
|turn|2
|
|t:|1667225759
|switch|p1a: groudon killer|Zacian-Crowned, shiny|100/100
|-ability|p1a: groudon killer|Intrepid Sword|boost
|-boost|p1a: groudon killer|atk|1
|move|p2a: Yveltal|Oblivion Wing|p1a: groudon killer
|-resisted|p1a: groudon killer
|-damage|p1a: groudon killer|82/100
|
|upkeep
|turn|3
|
|t:|1667225774
|switch|p1a: muahahaha|Landorus, M|100/100
|switch|p2a: Zekrom|Zekrom|100/100
|-damage|p2a: Zekrom|88/100|[from] Stealth Rock
|-ability|p2a: Zekrom|Teravolt
|
|upkeep
|turn|4
|
|t:|1667225783
|move|p1a: muahahaha|Earth Power|p2a: Zekrom
|-supereffective|p2a: Zekrom
|-damage|p2a: Zekrom|0 fnt
|faint|p2a: Zekrom
|
|upkeep
|inactive|Hhhhhhhhhhhhx has 120 seconds left.
|l|☆Hhhhhhhhhhhhx
|inactive|Hhhhhhhhhhhhx disconnected and has a minute to reconnect!
|player|p2|
|j|☆Hhhhhhhhhhhhx
|inactive|Hhhhhhhhhhhhx reconnected and has 110 seconds left.
|player|p2|Hhhhhhhhhhhhx|hilbert-wonderlauncher
|
|t:|1667225826
|switch|p2a: Aceburn|Cinderace, M|100/100
|-damage|p2a: Aceburn|76/100|[from] Stealth Rock
|turn|5
|
|t:|1667225841
|switch|p1a: will feral|Slowbro, M|100/100
|-start|p2a: Aceburn|Dynamax|Gmax
|-heal|p2a: Aceburn|76/100|[silent]
|move|p2a: Aceburn|Max Airstream|p1a: will feral
|-start|p2a: Aceburn|typechange|Flying|[from] ability: Libero
|-damage|p1a: will feral|51/100
|-boost|p2a: Aceburn|spe|1
|-damage|p2a: Aceburn|71/100|[from] item: Life Orb
|
|upkeep
|turn|6
|
|t:|1667225854
|detailschange|p1a: will feral|Slowbro-Mega, M
|-mega|p1a: will feral|Slowbro|Slowbronite
|move|p2a: Aceburn|Max Darkness|p1a: will feral
|-start|p2a: Aceburn|typechange|Dark|[from] ability: Libero
|-supereffective|p1a: will feral
|-damage|p1a: will feral|0 fnt
|faint|p1a: will feral
|-damage|p2a: Aceburn|66/100|[from] item: Life Orb
|
|upkeep
|
|t:|1667225870
|switch|p1a: pee|Liepard, F, shiny|100/100
|turn|7
|l|☆Hhhhhhhhhhhhx
|inactive|Hhhhhhhhhhhhx disconnected and has a minute to reconnect!
|player|p2|
|j|☆Hhhhhhhhhhhhx
|inactive|Hhhhhhhhhhhhx reconnected and has 95 seconds left.
|player|p2|Hhhhhhhhhhhhx|hilbert-wonderlauncher
|inactive|Hhhhhhhhhhhhx has 90 seconds left.
|
|t:|1667225903
|move|p1a: pee|Substitute|p1a: pee
|-start|p1a: pee|Substitute
|-damage|p1a: pee|76/100
|move|p2a: Aceburn|Max Knuckle|p1a: pee
|-start|p2a: Aceburn|typechange|Fighting|[from] ability: Libero
|-supereffective|p1a: pee
|-end|p1a: pee|Substitute
|-boost|p2a: Aceburn|atk|1
|-damage|p2a: Aceburn|61/100|[from] item: Life Orb
|
|-heal|p1a: pee|82/100|[from] item: Leftovers
|upkeep
|-end|p2a: Aceburn|Dynamax
|-heal|p2a: Aceburn|61/100|[silent]
|turn|8
|inactive|Hhhhhhhhhhhhx has 90 seconds left.
|
|t:|1667225917
|move|p1a: pee|Encore|p2a: Aceburn
|-start|p2a: Aceburn|Encore
|move|p2a: Aceburn|High Jump Kick|p1a: pee
|-supereffective|p1a: pee
|-damage|p1a: pee|0 fnt
|faint|p1a: pee
|-damage|p2a: Aceburn|51/100|[from] item: Life Orb
|
|upkeep
|
|t:|1667225921
|switch|p1a: cinnamon bun|Calyrex-Shadow|100/100
|-ability|p1a: cinnamon bun|As One
|-ability|p1a: cinnamon bun|Unnerve
|turn|9
|inactive|Hhhhhhhhhhhhx has 90 seconds left.
|l|☆Hhhhhhhhhhhhx
|inactive|Hhhhhhhhhhhhx disconnected and has a minute to reconnect!
|player|p2|
|inactive|Hhhhhhhhhhhhx has 30 seconds to reconnect!
|inactive|Hhhhhhhhhhhhx has 20 seconds to reconnect!
|j|☆Hhhhhhhhhhhhx
|inactive|Hhhhhhhhhhhhx reconnected and has 50 seconds left.
|player|p2|Hhhhhhhhhhhhx|hilbert-wonderlauncher
|
|t:|1667225980
|switch|p2a: Yveltal|Yveltal|100/100
|-damage|p2a: Yveltal|76/100|[from] Stealth Rock
|-ability|p2a: Yveltal|Dark Aura
|move|p1a: cinnamon bun|Nasty Plot|p1a: cinnamon bun
|-boost|p1a: cinnamon bun|spa|2
|
|upkeep
|turn|10
|
|t:|1667225986
|-start|p1a: cinnamon bun|Dynamax|
|-heal|p1a: cinnamon bun|100/100|[silent]
|move|p2a: Yveltal|Sucker Punch|p1a: cinnamon bun
|-supereffective|p1a: cinnamon bun
|-enditem|p1a: cinnamon bun|Focus Sash
|-damage|p1a: cinnamon bun|1/100
|move|p1a: cinnamon bun|Max Starfall|p2a: Yveltal
|-supereffective|p2a: Yveltal
|-damage|p2a: Yveltal|0 fnt
|-fieldstart|move: Misty Terrain
|faint|p2a: Yveltal
|-ability|p1a: cinnamon bun|Grim Neigh|boost
|-boost|p1a: cinnamon bun|spa|1
|
|upkeep
|
|t:|1667225991
|switch|p2a: Aceburn|Cinderace, M|51/100
|-damage|p2a: Aceburn|26/100|[from] Stealth Rock
|turn|11
|
|t:|1667225999
|-end|p1a: cinnamon bun|Dynamax
|-heal|p1a: cinnamon bun|1/100|[silent]
|switch|p1a: groudon killer|Zacian-Crowned, shiny|82/100
|-ability|p1a: groudon killer|Intrepid Sword|boost
|-boost|p1a: groudon killer|atk|1
|move|p2a: Aceburn|Sucker Punch||[still]
|-fail|p2a: Aceburn
|
|upkeep
|turn|12
|
|t:|1667226010
|switch|p2a: Groudon|Groudon|100/100
|-damage|p2a: Groudon|94/100|[from] Stealth Rock
|-weather|SunnyDay|[from] ability: Drought|[of] p2a: Groudon
|move|p1a: groudon killer|Close Combat|p2a: Groudon
|-damage|p2a: Groudon|50/100
|-unboost|p1a: groudon killer|def|1
|-unboost|p1a: groudon killer|spd|1
|
|-weather|SunnyDay|[upkeep]
|upkeep
|turn|13
|l|☆yoshi fanfic
|inactive|yoshi fanfic disconnected and has a minute to reconnect!
|player|p1|
|inactive|yoshi fanfic has 30 seconds to reconnect!
|inactive|yoshi fanfic has 20 seconds to reconnect!
|j|☆yoshi fanfic
|inactive|yoshi fanfic reconnected and has 95 seconds left.
|player|p1|yoshi fanfic|ballguy
|inactive|yoshi fanfic has 90 seconds left.
|
|t:|1667226073
|move|p1a: groudon killer|Close Combat|p2a: Groudon
|-damage|p2a: Groudon|4/100
|-unboost|p1a: groudon killer|def|1
|-unboost|p1a: groudon killer|spd|1
|move|p2a: Groudon|Overheat|p1a: groudon killer|[miss]
|-miss|p2a: Groudon|p1a: groudon killer
|
|-weather|SunnyDay|[upkeep]
|upkeep
|turn|14
|inactive|yoshi fanfic has 90 seconds left.
|
|t:|1667226089
|move|p1a: groudon killer|Behemoth Blade|p2a: Groudon
|-damage|p2a: Groudon|0 fnt
|faint|p2a: Groudon
|
|-weather|SunnyDay|[upkeep]
|-fieldend|Misty Terrain
|upkeep
|
|t:|1667226093
|switch|p2a: Zacian|Zacian-Crowned|100/100
|-damage|p2a: Zacian|94/100|[from] Stealth Rock
|-ability|p2a: Zacian|Intrepid Sword|boost
|-boost|p2a: Zacian|atk|1
|turn|15
|
|t:|1667226098
|move|p1a: groudon killer|Behemoth Blade|p2a: Zacian
|-damage|p2a: Zacian|4/100
|move|p2a: Zacian|Behemoth Blade|p1a: groudon killer
|-damage|p1a: groudon killer|0 fnt
|faint|p1a: groudon killer
|
|-weather|SunnyDay|[upkeep]
|upkeep
|
|t:|1667226110
|switch|p1a: cinnamon bun|Calyrex-Shadow|1/100
|-ability|p1a: cinnamon bun|As One
|-ability|p1a: cinnamon bun|Unnerve
|turn|16
|
|t:|1667226117
|move|p1a: cinnamon bun|Astral Barrage|p2a: Zacian
|-damage|p2a: Zacian|0 fnt
|faint|p2a: Zacian
|-ability|p1a: cinnamon bun|Grim Neigh|boost
|-boost|p1a: cinnamon bun|spa|1
|
|-weather|none
|upkeep
|
|t:|1667226121
|switch|p2a: Aceburn|Cinderace, M|26/100
|-damage|p2a: Aceburn|1/100|[from] Stealth Rock
|turn|17
|
|t:|1667226129
|move|p1a: cinnamon bun|Astral Barrage|p2a: Aceburn
|-damage|p2a: Aceburn|0 fnt
|faint|p2a: Aceburn
|-ability|p1a: cinnamon bun|Grim Neigh|boost
|-boost|p1a: cinnamon bun|spa|1
|
|upkeep
|-message|Hhhhhhhhhhhhx forfeited.
|
|win|yoshi fanfic
|raw|yoshi fanfic's rating: 1580 &rarr; <strong>1603</strong><br />(+23 for winning)
|raw|Hhhhhhhhhhhhx's rating: 1625 &rarr; <strong>1602</strong><br />(-23 for losing)
|l|☆Hhhhhhhhhhhhx
|c|☆yoshi fanfic|washed
|l|☆yoshi fanfic
||Ladder isn't responding, score probably updated but might not have (Request timeout).
|j| jklasfdjkladfs
