|j|☆Czefkuu
|j|☆TestingIdiotTeams
|t:|1635978144
|gametype|singles
|player|p1|Czefkuu|170|1748
|player|p2|TestingIdiotTeams|artist-gen4|1687
|teamsize|p1|6
|teamsize|p2|6
|gen|8
|tier|[Gen 8] National Dex AG
|rated|
|rule|HP Percentage Mod: HP is shown in percentages
|rule|Endless Battle Clause: Forcing endless battles is banned
|clearpoke
|poke|p1|Groudon|
|poke|p1|Arceus-*|
|poke|p1|Gliscor, M|
|poke|p1|Marshadow|
|poke|p1|Muk-Alola, F|
|poke|p1|Yveltal|
|poke|p2|Zacian-*|
|poke|p2|Calyrex-Shadow|
|poke|p2|Necrozma-Dusk-Mane|
|poke|p2|Ditto|
|poke|p2|Chansey, F|
|poke|p2|Arceus-*|
|teampreview
|inactive|Battle timer is ON: inactive players will automatically lose when time's up. (requested by TestingIdiotTeams)
|
|t:|1635978171
|start
|switch|p1a: Groudon|Groudon|100/100
|switch|p2a: God is a horse|Arceus|100/100
|detailschange|p1a: Groudon|Groudon-Primal
|-primal|p1a: Groudon
|-weather|DesolateLand|[from] ability: Desolate Land|[of] p1a: Groudon
|turn|1
|
|t:|1635978191
|-weather|none
|switch|p1a: Gliscor|Gliscor, M|100/100
|move|p2a: God is a horse|Swords Dance|p2a: God is a horse
|-boost|p2a: God is a horse|atk|2
|
|-status|p1a: Gliscor|tox|[from] item: Toxic Orb
|upkeep
|turn|2
|
|t:|1635978200
|-start|p2a: God is a horse|Dynamax
|-heal|p2a: God is a horse|100/100|[silent]
|move|p2a: God is a horse|Max Strike|p1a: Gliscor
|-damage|p1a: Gliscor|16/100 tox
|-unboost|p1a: Gliscor|spe|1
|move|p1a: Gliscor|Toxic|p2a: God is a horse|[miss]
|-miss|p1a: Gliscor|p2a: God is a horse
|
|-heal|p1a: Gliscor|29/100 tox|[from] ability: Poison Heal
|upkeep
|turn|3
|
|t:|1635978212
|-start|p1a: Gliscor|Dynamax
|-heal|p1a: Gliscor|29/100 tox|[silent]
|move|p1a: Gliscor|Max Guard|p1a: Gliscor
|-singleturn|p1a: Gliscor|Max Guard
|move|p2a: God is a horse|Max Strike|p1a: Gliscor
|-activate|p1a: Gliscor|move: Max Guard
|
|-heal|p1a: Gliscor|35/100 tox|[from] ability: Poison Heal
|upkeep
|turn|4
|c|☆TestingIdiotTeams|worst dynamax use ever
|
|t:|1635978226
|move|p2a: God is a horse|Max Strike|p1a: Gliscor
|-damage|p1a: Gliscor|0 fnt
|faint|p1a: Gliscor
|
|-end|p2a: God is a horse|Dynamax
|-heal|p2a: God is a horse|100/100|[silent]
|upkeep
|inactive|Czefkuu has 120 seconds left.
|c|☆Czefkuu|i used dynamax to wait yours because i couldnt do anything else
|c|☆Czefkuu|moron
|c|☆TestingIdiotTeams|switch?
|c|☆Czefkuu|and sacrafice another shit?
|c|☆TestingIdiotTeams|groudon would survive at least 3 hits
|c|☆Czefkuu|are you thinking?
|c|☆Czefkuu|XD
|inactive|Czefkuu has 90 seconds left.
|
|t:|1635978287
|switch|p1a: Marshadow|Marshadow|100/100
|turn|5
|
|t:|1635978290
|move|p1a: Marshadow|Close Combat|p2a: God is a horse
|-supereffective|p2a: God is a horse
|-damage|p2a: God is a horse|22/100
|-unboost|p1a: Marshadow|def|1
|-unboost|p1a: Marshadow|spd|1
|move|p2a: God is a horse|Shadow Force||[still]
|-prepare|p2a: God is a horse|Shadow Force
|
|upkeep
|turn|6
|
|t:|1635978300
|switch|p1a: Groudon|Groudon-Primal|100/100
|-weather|DesolateLand|[from] ability: Desolate Land|[of] p1a: Groudon
|move|p2a: God is a horse|Shadow Force|p1a: Groudon|[from]lockedmove
|-damage|p1a: Groudon|67/100
|
|-weather|DesolateLand|[upkeep]
|upkeep
|turn|7
|
|t:|1635978318
|move|p2a: God is a horse|Extreme Speed|p1a: Groudon
|-damage|p1a: Groudon|23/100
|move|p1a: Groudon|Precipice Blades|p2a: God is a horse
|-damage|p2a: God is a horse|0 fnt
|faint|p2a: God is a horse
|
|-weather|DesolateLand|[upkeep]
|upkeep
|
|t:|1635978325
|switch|p2a: Cooler Daniel|Ditto, shiny|100/100
|-transform|p2a: Cooler Daniel|p1a: Groudon|[from] ability: Imposter
|turn|8
|
|t:|1635978338
|switch|p1a: Yveltal|Yveltal|100/100
|-ability|p1a: Yveltal|Dark Aura
|move|p2a: Cooler Daniel|Overheat|p1a: Yveltal
|-damage|p1a: Yveltal|22/100
|-unboost|p2a: Cooler Daniel|spa|2
|
|-weather|DesolateLand|[upkeep]
|upkeep
|turn|9
|
|t:|1635978347
|-weather|none
|switch|p2a: "Balanced"|Zacian-Crowned, shiny|100/100
|-ability|p2a: "Balanced"|Intrepid Sword|boost
|-boost|p2a: "Balanced"|atk|1
|move|p1a: Yveltal|Oblivion Wing|p2a: "Balanced"
|-resisted|p2a: "Balanced"
|-damage|p2a: "Balanced"|73/100
|-heal|p1a: Yveltal|39/100|[from] drain|[of] p2a: "Balanced"
|-damage|p1a: Yveltal|29/100|[from] item: Life Orb
|
|upkeep
|turn|10
|
|t:|1635978376
|switch|p1a: Groudon|Groudon-Primal|23/100
|-weather|DesolateLand|[from] ability: Desolate Land|[of] p1a: Groudon
|move|p2a: "Balanced"|Behemoth Blade|p1a: Groudon
|-resisted|p1a: Groudon
|-damage|p1a: Groudon|2/100
|
|-weather|DesolateLand|[upkeep]
|upkeep
|turn|11
|
|t:|1635978383
|move|p2a: "Balanced"|Behemoth Blade|p1a: Groudon
|-resisted|p1a: Groudon
|-damage|p1a: Groudon|0 fnt
|faint|p1a: Groudon
|-weather|none
|
|upkeep
|
|t:|1635978389
|switch|p1a: Marshadow|Marshadow|100/100
|turn|12
|
|t:|1635978398
|switch|p2a: Necrozma|Necrozma-Dusk-Mane|100/100
|move|p1a: Marshadow|Close Combat|p2a: Necrozma
|-damage|p2a: Necrozma|70/100
|-unboost|p1a: Marshadow|def|1
|-unboost|p1a: Marshadow|spd|1
|-damage|p1a: Marshadow|84/100|[from] item: Rocky Helmet|[of] p2a: Necrozma
|
|upkeep
|turn|13
|
|t:|1635978417
|switch|p1a: Arceus|Arceus|100/100
|move|p2a: Necrozma|Thunder Wave|p1a: Arceus
|-status|p1a: Arceus|par
|
|upkeep
|turn|14
|
|t:|1635978426
|move|p2a: Necrozma|Knock Off|p1a: Arceus
|-damage|p1a: Arceus|80/100 par
|-enditem|p1a: Arceus|Leftovers|[from] move: Knock Off|[of] p2a: Necrozma
|move|p1a: Arceus|Earthquake|p2a: Necrozma
|-supereffective|p2a: Necrozma
|-damage|p2a: Necrozma|40/100
|
|upkeep
|turn|15
|
|t:|1635978433
|move|p2a: Necrozma|Morning Sun|p2a: Necrozma
|-heal|p2a: Necrozma|90/100
|cant|p1a: Arceus|par
|
|upkeep
|turn|16
|
|t:|1635978438
|move|p2a: Necrozma|Stealth Rock|p1a: Arceus
|-sidestart|p1: Czefkuu|move: Stealth Rock
|move|p1a: Arceus|Swords Dance|p1a: Arceus
|-boost|p1a: Arceus|atk|2
|
|upkeep
|turn|17
|
|t:|1635978445
|move|p2a: Necrozma|Knock Off|p1a: Arceus
|-damage|p1a: Arceus|65/100 par
|move|p1a: Arceus|Swords Dance|p1a: Arceus
|-boost|p1a: Arceus|atk|2
|
|upkeep
|turn|18
|
|t:|1635978452
|move|p2a: Necrozma|Knock Off|p1a: Arceus
|-damage|p1a: Arceus|50/100 par
|cant|p1a: Arceus|par
|
|upkeep
|turn|19
|
|t:|1635978459
|switch|p2a: E-Girl|Calyrex-Shadow|100/100
|-ability|p2a: E-Girl|As One
|-ability|p2a: E-Girl|Unnerve
|move|p1a: Arceus|Recover|p1a: Arceus
|-heal|p1a: Arceus|99/100 par
|
|upkeep
|turn|20
|
|t:|1635978467
|move|p2a: E-Girl|Psyshock|p1a: Arceus
|-damage|p1a: Arceus|64/100 par
|cant|p1a: Arceus|par
|
|upkeep
|turn|21
|
|t:|1635978473
|move|p2a: E-Girl|Psyshock|p1a: Arceus
|-crit|p1a: Arceus
|-damage|p1a: Arceus|12/100 par
|move|p1a: Arceus|Recover|p1a: Arceus
|-heal|p1a: Arceus|62/100 par
|
|upkeep
|turn|22
|
|t:|1635978480
|move|p2a: E-Girl|Psyshock|p1a: Arceus
|-damage|p1a: Arceus|31/100 par
|cant|p1a: Arceus|par
|
|upkeep
|turn|23
|c|☆Czefkuu|so lucky
|
|t:|1635978490
|switch|p1a: Muk|Muk-Alola, F|100/100
|-damage|p1a: Muk|88/100|[from] Stealth Rock
|move|p2a: E-Girl|Psyshock|p1a: Muk
|-immune|p1a: Muk
|
|upkeep
|turn|24
|c|☆TestingIdiotTeams|yeye
|
|t:|1635978499
|-activate|p2a: E-Girl|move: Pursuit
|move|p1a: Muk|Pursuit|p2a: E-Girl|[from]Pursuit
|-supereffective|p2a: E-Girl
|-enditem|p2a: E-Girl|Focus Sash
|-damage|p2a: E-Girl|1/100
|switch|p2a: "Balanced"|Zacian-Crowned, shiny|73/100
|-ability|p2a: "Balanced"|Intrepid Sword|boost
|-boost|p2a: "Balanced"|atk|1
|
|upkeep
|turn|25
|c|☆Czefkuu|gg
|c|☆Czefkuu|idk
|c|☆Czefkuu|more luck than anything
|
|t:|1635978526
|move|p1a: Muk|Shadow Sneak|p2a: "Balanced"
|-damage|p2a: "Balanced"|64/100
|move|p2a: "Balanced"|Behemoth Blade|p1a: Muk
|-damage|p1a: Muk|0 fnt
|faint|p1a: Muk
|
|upkeep
|inactive|Czefkuu has 120 seconds left.
|-message|Czefkuu forfeited.
|
|win|TestingIdiotTeams
|raw|Czefkuu's rating: 1748 &rarr; <strong>1725</strong><br />(-23 for losing)
|raw|TestingIdiotTeams's rating: 1687 &rarr; <strong>1710</strong><br />(+23 for winning)
|l|☆Czefkuu
||Ladder isn't responding, score probably updated but might not have (Request timeout).
