|j|☆JAY100064
|j|☆hjksgdf
|t:|1631483460
|gametype|singles
|player|p1|JAY100064|preschooler|1558
|player|p2|hjksgdf|2|1741
|teamsize|p1|6
|teamsize|p2|6
|gen|8
|tier|[Gen 8] National Dex AG
|rated|
|rule|HP Percentage Mod: HP is shown in percentages
|rule|Endless Battle Clause: Forcing endless battles is banned
|clearpoke
|poke|p1|Arceus-*|
|poke|p1|Chansey, F|
|poke|p1|Giratina|
|poke|p1|Sableye, M|
|poke|p1|Necrozma-Dusk-Mane|
|poke|p1|Ho-Oh|
|poke|p2|Arceus-*|
|poke|p2|Arceus-*|
|poke|p2|Arceus-*|
|poke|p2|Rayquaza|
|poke|p2|Necrozma-Dusk-Mane|
|poke|p2|Ditto|
|teampreview
|inactive|Battle timer is ON: inactive players will automatically lose when time's up. (requested by hjksgdf)
|
|t:|1631483464
|start
|switch|p1a: Annoyance|Sableye, M, shiny|100/100
|switch|p2a: Arceus|Arceus-Ground|100/100
|turn|1
|
|t:|1631483472
|detailschange|p1a: Annoyance|Sableye-Mega, M, shiny
|-mega|p1a: Annoyance|Sableye|Sablenite
|move|p1a: Annoyance|Fake Out|p2a: Arceus
|-damage|p2a: Arceus|96/100
|cant|p2a: Arceus|flinch
|
|upkeep
|turn|2
|
|t:|1631483489
|switch|p1a: God|Arceus|100/100
|move|p2a: Arceus|Judgment|p1a: God
|-damage|p1a: God|71/100
|
|-heal|p1a: God|77/100|[from] item: Leftovers
|upkeep
|turn|3
|
|t:|1631483497
|switch|p2a: Arceus|Arceus-Fairy|100/100
|move|p1a: God|Toxic|p2a: Arceus
|-status|p2a: Arceus|tox
|
|-heal|p1a: God|83/100|[from] item: Leftovers
|-damage|p2a: Arceus|94/100 tox|[from] psn
|upkeep
|turn|4
|
|t:|1631483524
|switch|p1a: Miss Joy|Chansey, F|100/100
|move|p2a: Arceus|Will-O-Wisp|p1a: Miss Joy
|-status|p1a: Miss Joy|brn
|
|-damage|p2a: Arceus|82/100 tox|[from] psn
|-damage|p1a: Miss Joy|94/100 brn|[from] brn
|upkeep
|turn|5
|
|t:|1631483534
|switch|p2a: Rayquaza|Rayquaza|100/100
|-ability|p2a: Rayquaza|Air Lock
|move|p1a: Miss Joy|Confide|p2a: Rayquaza
|-unboost|p2a: Rayquaza|spa|1
|
|-damage|p1a: Miss Joy|88/100 brn|[from] brn
|upkeep
|turn|6
|
|t:|1631483548
|switch|p1a: Annoyance|Sableye-Mega, M, shiny|100/100
|detailschange|p2a: Rayquaza|Rayquaza-Mega
|-mega|p2a: Rayquaza|Rayquaza|
|-weather|DeltaStream|[from] ability: Delta Stream|[of] p2a: Rayquaza
|move|p2a: Rayquaza|Earthquake|p1a: Annoyance
|-damage|p1a: Annoyance|55/100
|
|-weather|DeltaStream|[upkeep]
|upkeep
|turn|7
|
|t:|1631483561
|-weather|none
|switch|p2a: Arceus|Arceus-Fairy|82/100 tox
|move|p1a: Annoyance|Fake Out|p2a: Arceus
|-damage|p2a: Arceus|78/100 tox
|
|-damage|p2a: Arceus|72/100 tox|[from] psn
|upkeep
|turn|8
|
|t:|1631483575
|switch|p2a: Rayquaza|Rayquaza-Mega|100/100
|-weather|DeltaStream|[from] ability: Delta Stream|[of] p2a: Rayquaza
|switch|p1a: Chicken Little|Ho-Oh, shiny|100/100
|
|-weather|DeltaStream|[upkeep]
|upkeep
|turn|9
|
|t:|1631483591
|move|p2a: Rayquaza|Dragon Ascent|p1a: Chicken Little
|-damage|p1a: Chicken Little|28/100
|-unboost|p2a: Rayquaza|def|1
|-unboost|p2a: Rayquaza|spd|1
|move|p1a: Chicken Little|Toxic|p2a: Rayquaza
|-status|p2a: Rayquaza|tox
|
|-weather|DeltaStream|[upkeep]
|-damage|p2a: Rayquaza|95/100 tox|[from] psn
|upkeep
|turn|10
|
|t:|1631483608
|switch|p1a: Annoyance|Sableye-Mega, M, shiny|55/100
|move|p2a: Rayquaza|Dragon Ascent|p1a: Annoyance
|-damage|p1a: Annoyance|0 fnt
|-unboost|p2a: Rayquaza|def|1
|-unboost|p2a: Rayquaza|spd|1
|faint|p1a: Annoyance
|
|-weather|DeltaStream|[upkeep]
|-damage|p2a: Rayquaza|83/100 tox|[from] psn
|upkeep
|
|t:|1631483618
|switch|p1a: Chicken Little|Ho-Oh, shiny|61/100
|turn|11
|
|t:|1631483630
|switch|p1a: Stainless Steel|Necrozma-Dusk-Mane|100/100
|move|p2a: Rayquaza|Dragon Ascent|p1a: Stainless Steel
|-resisted|p1a: Stainless Steel
|-damage|p1a: Stainless Steel|72/100
|-unboost|p2a: Rayquaza|def|1
|-unboost|p2a: Rayquaza|spd|1
|-damage|p2a: Rayquaza|66/100 tox|[from] item: Rocky Helmet|[of] p1a: Stainless Steel
|
|-weather|DeltaStream|[upkeep]
|-damage|p2a: Rayquaza|48/100 tox|[from] psn
|upkeep
|turn|12
|
|t:|1631483642
|-weather|none
|switch|p2a: Arceus|Arceus-Dark|100/100
|switch|p1a: Chicken Little|Ho-Oh, shiny|94/100
|
|upkeep
|turn|13
|inactive|hjksgdf has 120 seconds left.
|inactive|hjksgdf has 90 seconds left.
|inactive|hjksgdf has 60 seconds left.
|
|t:|1631483738
|move|p2a: Arceus|Calm Mind|p2a: Arceus
|-boost|p2a: Arceus|spa|1
|-boost|p2a: Arceus|spd|1
|move|p1a: Chicken Little|Toxic|p2a: Arceus
|-status|p2a: Arceus|tox
|
|-damage|p2a: Arceus|94/100 tox|[from] psn
|upkeep
|turn|14
|
|t:|1631483751
|switch|p1a: Miss Joy|Chansey, F|88/100
|move|p2a: Arceus|Refresh|p2a: Arceus
|-curestatus|p2a: Arceus|tox|[msg]
|
|upkeep
|turn|15
|inactive|hjksgdf has 60 seconds left.
|inactive|hjksgdf has 30 seconds left.
|inactive|hjksgdf has 20 seconds left.
|
|t:|1631483809
|move|p2a: Arceus|Judgment|p1a: Miss Joy
|-damage|p1a: Miss Joy|71/100
|move|p1a: Miss Joy|Confide|p2a: Arceus
|-unboost|p2a: Arceus|spa|1
|
|upkeep
|turn|16
|inactive|hjksgdf has 30 seconds left this turn.
|
|t:|1631483816
|switch|p2a: Rayquaza|Rayquaza-Mega|48/100 tox
|-weather|DeltaStream|[from] ability: Delta Stream|[of] p2a: Rayquaza
|move|p1a: Miss Joy|Toxic|p2a: Rayquaza|[miss]
|-miss|p1a: Miss Joy|p2a: Rayquaza
|
|-weather|DeltaStream|[upkeep]
|-damage|p2a: Rayquaza|42/100 tox|[from] psn
|upkeep
|turn|17
|
|t:|1631483826
|switch|p1a: Stainless Steel|Necrozma-Dusk-Mane|72/100
|move|p2a: Rayquaza|V-create|p1a: Stainless Steel
|-supereffective|p1a: Stainless Steel
|-crit|p1a: Stainless Steel
|-damage|p1a: Stainless Steel|0 fnt
|-unboost|p2a: Rayquaza|spe|1
|-unboost|p2a: Rayquaza|def|1
|-unboost|p2a: Rayquaza|spd|1
|-damage|p2a: Rayquaza|26/100 tox|[from] item: Rocky Helmet|[of] p1a: Stainless Steel
|faint|p1a: Stainless Steel
|
|-weather|DeltaStream|[upkeep]
|-damage|p2a: Rayquaza|14/100 tox|[from] psn
|upkeep
|
|t:|1631483841
|switch|p1a: Chicken Little|Ho-Oh, shiny|100/100
|turn|18
|
|t:|1631483849
|-weather|none
|switch|p2a: Arceus|Arceus-Ground|96/100
|move|p1a: Chicken Little|Recover||[still]
|-fail|p1a: Chicken Little|heal
|
|upkeep
|turn|19
|
|t:|1631483861
|switch|p1a: God|Arceus|83/100
|move|p2a: Arceus|Stealth Rock|p1a: God
|-sidestart|p1: JAY100064|move: Stealth Rock
|
|-heal|p1a: God|89/100|[from] item: Leftovers
|upkeep
|turn|20
|
|t:|1631483878
|switch|p2a: Arceus|Arceus-Fairy|72/100 tox
|move|p1a: God|Ice Beam|p2a: Arceus
|-damage|p2a: Arceus|56/100 tox
|
|-heal|p1a: God|95/100|[from] item: Leftovers
|-damage|p2a: Arceus|50/100 tox|[from] psn
|upkeep
|turn|21
|
|t:|1631483893
|switch|p1a: Chicken Little|Ho-Oh, shiny|100/100
|move|p2a: Arceus|Recover|p2a: Arceus
|-heal|p2a: Arceus|99/100 tox
|
|-damage|p2a: Arceus|88/100 tox|[from] psn
|upkeep
|turn|22
|
|t:|1631483920
|switch|p2a: Arceus|Arceus-Dark|94/100
|move|p1a: Chicken Little|Brave Bird|p2a: Arceus
|-damage|p2a: Arceus|68/100
|-damage|p1a: Chicken Little|91/100|[from] Recoil
|
|upkeep
|turn|23
|
|t:|1631483933
|move|p2a: Arceus|Judgment|p1a: Chicken Little
|-damage|p1a: Chicken Little|65/100
|move|p1a: Chicken Little|Toxic|p2a: Arceus
|-status|p2a: Arceus|tox
|
|-damage|p2a: Arceus|62/100 tox|[from] psn
|upkeep
|turn|24
|
|t:|1631483945
|switch|p1a: Miss Joy|Chansey, F|71/100
|-damage|p1a: Miss Joy|58/100|[from] Stealth Rock
|move|p2a: Arceus|Refresh|p2a: Arceus
|-curestatus|p2a: Arceus|tox|[msg]
|
|upkeep
|turn|25
|
|t:|1631483953
|switch|p2a: Necrozma|Necrozma-Dusk-Mane|100/100
|move|p1a: Miss Joy|Soft-Boiled|p1a: Miss Joy
|-heal|p1a: Miss Joy|100/100
|
|upkeep
|turn|26
|
|t:|1631483965
|switch|p1a: Chicken Little|Ho-Oh, shiny|98/100
|move|p2a: Necrozma|Knock Off|p1a: Chicken Little
|-damage|p1a: Chicken Little|78/100
|-enditem|p1a: Chicken Little|Heavy-Duty Boots|[from] move: Knock Off|[of] p2a: Necrozma
|
|upkeep
|turn|27
|
|t:|1631483975
|move|p1a: Chicken Little|Sacred Fire|p2a: Necrozma
|-supereffective|p2a: Necrozma
|-damage|p2a: Necrozma|67/100
|-status|p2a: Necrozma|brn
|move|p2a: Necrozma|Stone Edge|p1a: Chicken Little
|-supereffective|p1a: Chicken Little
|-damage|p1a: Chicken Little|33/100
|
|-damage|p2a: Necrozma|61/100 brn|[from] brn
|upkeep
|turn|28
|
|t:|1631483995
|switch|p1a: God|Arceus|95/100
|-damage|p1a: God|83/100|[from] Stealth Rock
|move|p2a: Necrozma|Stone Edge|p1a: God
|-crit|p1a: God
|-damage|p1a: God|65/100
|
|-heal|p1a: God|71/100|[from] item: Leftovers
|-damage|p2a: Necrozma|55/100 brn|[from] brn
|upkeep
|turn|29
|
|t:|1631484010
|move|p1a: God|Recover|p1a: God
|-heal|p1a: God|100/100
|move|p2a: Necrozma|Morning Sun|p2a: Necrozma
|-heal|p2a: Necrozma|100/100 brn
|
|-damage|p2a: Necrozma|94/100 brn|[from] brn
|upkeep
|turn|30
|
|t:|1631484022
|switch|p1a: High and Mighty|Giratina, shiny|100/100
|-damage|p1a: High and Mighty|88/100|[from] Stealth Rock
|-ability|p1a: High and Mighty|Pressure
|move|p2a: Necrozma|Knock Off|p1a: High and Mighty
|-supereffective|p1a: High and Mighty
|-damage|p1a: High and Mighty|73/100
|-enditem|p1a: High and Mighty|Leftovers|[from] move: Knock Off|[of] p2a: Necrozma
|
|-damage|p2a: Necrozma|88/100 brn|[from] brn
|upkeep
|turn|31
|
|t:|1631484037
|switch|p2a: Arceus|Arceus-Dark|62/100
|move|p1a: High and Mighty|Defog|p2a: Arceus
|-unboost|p2a: Arceus|evasion|1
|-sideend|p1: JAY100064|Stealth Rock|[from] move: Defog|[of] p1a: High and Mighty
|
|upkeep
|turn|32
|
|t:|1631484055
|switch|p1a: Chicken Little|Ho-Oh, shiny|66/100
|move|p2a: Arceus|Recover|p2a: Arceus
|-heal|p2a: Arceus|100/100
|
|upkeep
|turn|33
|
|t:|1631484064
|move|p2a: Arceus|Calm Mind|p2a: Arceus
|-boost|p2a: Arceus|spa|1
|-boost|p2a: Arceus|spd|1
|move|p1a: Chicken Little|Recover|p1a: Chicken Little
|-heal|p1a: Chicken Little|100/100
|
|upkeep
|turn|34
|
|t:|1631484077
|move|p2a: Arceus|Calm Mind|p2a: Arceus
|-boost|p2a: Arceus|spa|1
|-boost|p2a: Arceus|spd|1
|move|p1a: Chicken Little|Toxic|p2a: Arceus
|-status|p2a: Arceus|tox
|
|-damage|p2a: Arceus|94/100 tox|[from] psn
|upkeep
|turn|35
|
|t:|1631484086
|switch|p1a: Miss Joy|Chansey, F|100/100
|move|p2a: Arceus|Calm Mind|p2a: Arceus
|-boost|p2a: Arceus|spa|1
|-boost|p2a: Arceus|spd|1
|
|-damage|p2a: Arceus|82/100 tox|[from] psn
|upkeep
|turn|36
|
|t:|1631484096
|-start|p2a: Arceus|Dynamax
|-heal|p2a: Arceus|82/100 tox|[silent]
|move|p2a: Arceus|Max Darkness|p1a: Miss Joy
|-damage|p1a: Miss Joy|59/100
|-unboost|p1a: Miss Joy|spd|1
|move|p1a: Miss Joy|Confide|p2a: Arceus
|-unboost|p2a: Arceus|spa|1
|
|-damage|p2a: Arceus|73/100 tox|[from] psn
|upkeep
|turn|37
|
|t:|1631484118
|move|p2a: Arceus|Max Darkness|p1a: Miss Joy
|-damage|p1a: Miss Joy|9/100
|-unboost|p1a: Miss Joy|spd|1
|move|p1a: Miss Joy|Soft-Boiled|p1a: Miss Joy
|-heal|p1a: Miss Joy|59/100
|
|-damage|p2a: Arceus|61/100 tox|[from] psn
|upkeep
|turn|38
|
|t:|1631484131
|switch|p1a: Chicken Little|Ho-Oh, shiny|100/100
|move|p2a: Arceus|Max Darkness|p1a: Chicken Little
|-damage|p1a: Chicken Little|31/100
|-unboost|p1a: Chicken Little|spd|1
|
|-damage|p2a: Arceus|46/100 tox|[from] psn
|-end|p2a: Arceus|Dynamax
|-heal|p2a: Arceus|46/100 tox|[silent]
|upkeep
|turn|39
|
|t:|1631484146
|switch|p1a: Miss Joy|Chansey, F|59/100
|move|p2a: Arceus|Judgment|p1a: Miss Joy
|-damage|p1a: Miss Joy|33/100
|
|-damage|p2a: Arceus|9/100 tox|[from] psn
|upkeep
|turn|40
|
|t:|1631484155
|move|p2a: Arceus|Judgment|p1a: Miss Joy
|-damage|p1a: Miss Joy|11/100
|move|p1a: Miss Joy|Soft-Boiled|p1a: Miss Joy
|-heal|p1a: Miss Joy|61/100
|
|-damage|p2a: Arceus|0 fnt|[from] psn
|faint|p2a: Arceus
|upkeep
|
|t:|1631484160
|switch|p2a: Rayquaza|Rayquaza-Mega|14/100 tox
|-weather|DeltaStream|[from] ability: Delta Stream|[of] p2a: Rayquaza
|turn|41
|j| Beatboxing_Phantom
|
|t:|1631484178
|switch|p1a: God|Arceus|100/100
|move|p2a: Rayquaza|Dragon Ascent|p1a: God
|-damage|p1a: God|23/100
|-unboost|p2a: Rayquaza|def|1
|-unboost|p2a: Rayquaza|spd|1
|
|-weather|DeltaStream|[upkeep]
|-heal|p1a: God|29/100|[from] item: Leftovers
|-damage|p2a: Rayquaza|8/100 tox|[from] psn
|upkeep
|turn|42
|
|t:|1631484193
|-weather|none
|switch|p2a: Arceus|Arceus-Ground|96/100
|move|p1a: God|Recover|p1a: God
|-heal|p1a: God|79/100
|
|-heal|p1a: God|85/100|[from] item: Leftovers
|upkeep
|turn|43
|
|t:|1631484208
|switch|p1a: High and Mighty|Giratina, shiny|73/100
|-ability|p1a: High and Mighty|Pressure
|move|p2a: Arceus|Stealth Rock|p1a: High and Mighty
|-sidestart|p1: JAY100064|move: Stealth Rock
|
|upkeep
|turn|44
|
|t:|1631484218
|move|p2a: Arceus|Ice Beam|p1a: High and Mighty
|-supereffective|p1a: High and Mighty
|-damage|p1a: High and Mighty|44/100
|move|p1a: High and Mighty|Defog|p2a: Arceus
|-unboost|p2a: Arceus|evasion|1
|-sideend|p1: JAY100064|Stealth Rock|[from] move: Defog|[of] p1a: High and Mighty
|
|upkeep
|turn|45
|
|t:|1631484228
|move|p2a: Arceus|Stealth Rock|p1a: High and Mighty
|-sidestart|p1: JAY100064|move: Stealth Rock
|move|p1a: High and Mighty|Rest|p1a: High and Mighty
|-status|p1a: High and Mighty|slp|[from] move: Rest
|-heal|p1a: High and Mighty|100/100 slp|[silent]
|
|upkeep
|turn|46
|
|t:|1631484237
|switch|p2a: Arceus|Arceus-Fairy|88/100 tox
|cant|p1a: High and Mighty|slp
|
|-damage|p2a: Arceus|82/100 tox|[from] psn
|upkeep
|turn|47
|
|t:|1631484248
|switch|p1a: Chicken Little|Ho-Oh, shiny|64/100
|-damage|p1a: Chicken Little|14/100|[from] Stealth Rock
|move|p2a: Arceus|Judgment|p1a: Chicken Little
|-resisted|p1a: Chicken Little
|-damage|p1a: Chicken Little|2/100
|
|-damage|p2a: Arceus|69/100 tox|[from] psn
|upkeep
|turn|48
|
|t:|1631484264
|switch|p1a: Miss Joy|Chansey, F|61/100
|-damage|p1a: Miss Joy|48/100|[from] Stealth Rock
|move|p2a: Arceus|Will-O-Wisp|p1a: Miss Joy
|-status|p1a: Miss Joy|brn
|
|-damage|p2a: Arceus|51/100 tox|[from] psn
|-damage|p1a: Miss Joy|42/100 brn|[from] brn
|upkeep
|turn|49
|
|t:|1631484276
|move|p2a: Arceus|Recover|p2a: Arceus
|-heal|p2a: Arceus|100/100 tox
|move|p1a: Miss Joy|Soft-Boiled|p1a: Miss Joy
|-heal|p1a: Miss Joy|92/100 brn
|
|-damage|p2a: Arceus|76/100 tox|[from] psn
|-damage|p1a: Miss Joy|86/100 brn|[from] brn
|upkeep
|turn|50
|
|t:|1631484287
|switch|p2a: Necrozma|Necrozma-Dusk-Mane|88/100 brn
|move|p1a: Miss Joy|Confide|p2a: Necrozma
|-unboost|p2a: Necrozma|spa|1
|
|-damage|p2a: Necrozma|82/100 brn|[from] brn
|-damage|p1a: Miss Joy|80/100 brn|[from] brn
|upkeep
|turn|51
|
|t:|1631484298
|-curestatus|p1a: Miss Joy|brn|[from] ability: Natural Cure
|switch|p1a: High and Mighty|Giratina, shiny|100/100 slp
|-damage|p1a: High and Mighty|88/100 slp|[from] Stealth Rock
|-ability|p1a: High and Mighty|Pressure
|move|p2a: Necrozma|Knock Off|p1a: High and Mighty
|-supereffective|p1a: High and Mighty
|-damage|p1a: High and Mighty|78/100 slp
|
|-damage|p2a: Necrozma|76/100 brn|[from] brn
|upkeep
|turn|52
|
|t:|1631484315
|switch|p2a: Arceus|Arceus-Ground|96/100
|cant|p1a: High and Mighty|slp
|
|upkeep
|turn|53
|
|t:|1631484326
|move|p2a: Arceus|Ice Beam|p1a: High and Mighty
|-supereffective|p1a: High and Mighty
|-damage|p1a: High and Mighty|48/100 slp
|-curestatus|p1a: High and Mighty|slp|[msg]
|move|p1a: High and Mighty|Defog|p2a: Arceus
|-unboost|p2a: Arceus|evasion|1
|-sideend|p1: JAY100064|Stealth Rock|[from] move: Defog|[of] p1a: High and Mighty
|
|upkeep
|turn|54
|
|t:|1631484342
|switch|p1a: Chicken Little|Ho-Oh, shiny|35/100
|move|p2a: Arceus|Ice Beam|p1a: Chicken Little
|-damage|p1a: Chicken Little|21/100
|
|upkeep
|turn|55
|
|t:|1631484352
|move|p2a: Arceus|Stealth Rock|p1a: Chicken Little
|-sidestart|p1: JAY100064|move: Stealth Rock
|move|p1a: Chicken Little|Recover|p1a: Chicken Little
|-heal|p1a: Chicken Little|72/100
|
|upkeep
|turn|56
|
|t:|1631484370
|switch|p2a: Necrozma|Necrozma-Dusk-Mane|76/100 brn
|move|p1a: Chicken Little|Toxic||[still]
|-fail|p1a: Chicken Little
|
|-damage|p2a: Necrozma|70/100 brn|[from] brn
|upkeep
|turn|57
|
|t:|1631484381
|switch|p1a: High and Mighty|Giratina, shiny|48/100
|-damage|p1a: High and Mighty|35/100|[from] Stealth Rock
|-ability|p1a: High and Mighty|Pressure
|move|p2a: Necrozma|Stone Edge|p1a: High and Mighty|[miss]
|-miss|p2a: Necrozma|p1a: High and Mighty
|
|-damage|p2a: Necrozma|64/100 brn|[from] brn
|upkeep
|turn|58
|
|t:|1631484399
|switch|p2a: Arceus|Arceus-Ground|96/100
|move|p1a: High and Mighty|Rest|p1a: High and Mighty
|-status|p1a: High and Mighty|slp|[from] move: Rest
|-heal|p1a: High and Mighty|100/100 slp|[silent]
|
|upkeep
|turn|59
|
|t:|1631484409
|move|p2a: Arceus|Ice Beam|p1a: High and Mighty
|-supereffective|p1a: High and Mighty
|-damage|p1a: High and Mighty|71/100 slp
|cant|p1a: High and Mighty|slp
|
|upkeep
|turn|60
|
|t:|1631484427
|move|p2a: Arceus|Ice Beam|p1a: High and Mighty
|-supereffective|p1a: High and Mighty
|-damage|p1a: High and Mighty|43/100 slp
|cant|p1a: High and Mighty|slp
|
|upkeep
|turn|61
|
|t:|1631484435
|move|p2a: Arceus|Ice Beam|p1a: High and Mighty
|-supereffective|p1a: High and Mighty
|-crit|p1a: High and Mighty
|-damage|p1a: High and Mighty|1/100 slp
|-curestatus|p1a: High and Mighty|slp|[msg]
|move|p1a: High and Mighty|Rest|p1a: High and Mighty
|-status|p1a: High and Mighty|slp|[from] move: Rest
|-heal|p1a: High and Mighty|100/100 slp|[silent]
|
|upkeep
|turn|62
|c|☆hjksgdf|Crit but no ko
|c|☆hjksgdf|Bro can you just forefit
|
|t:|1631484454
|switch|p1a: Miss Joy|Chansey, F|80/100
|-damage|p1a: Miss Joy|67/100|[from] Stealth Rock
|move|p2a: Arceus|Ice Beam|p1a: Miss Joy
|-crit|p1a: Miss Joy
|-damage|p1a: Miss Joy|58/100
|
|upkeep
|turn|63
|c|☆hjksgdf|I already won
|
|t:|1631484463
|switch|p2a: Necrozma|Necrozma-Dusk-Mane|64/100 brn
|move|p1a: Miss Joy|Soft-Boiled|p1a: Miss Joy
|-heal|p1a: Miss Joy|100/100
|
|-damage|p2a: Necrozma|58/100 brn|[from] brn
|upkeep
|turn|64
|
|t:|1631484473
|switch|p1a: High and Mighty|Giratina, shiny|100/100 slp
|-damage|p1a: High and Mighty|88/100 slp|[from] Stealth Rock
|-ability|p1a: High and Mighty|Pressure
|move|p2a: Necrozma|Morning Sun|p2a: Necrozma
|-heal|p2a: Necrozma|100/100 brn
|
|-damage|p2a: Necrozma|94/100 brn|[from] brn
|upkeep
|turn|65
|inactive|hjksgdf has 120 seconds left.
|
|t:|1631484508
|cant|p1a: High and Mighty|slp
|move|p2a: Necrozma|Knock Off|p1a: High and Mighty
|-supereffective|p1a: High and Mighty
|-damage|p1a: High and Mighty|78/100 slp
|
|-damage|p2a: Necrozma|88/100 brn|[from] brn
|upkeep
|turn|66
|inactive|hjksgdf has 120 seconds left.
|
|t:|1631484536
|switch|p2a: Arceus|Arceus-Fairy|76/100 tox
|cant|p1a: High and Mighty|slp
|
|-damage|p2a: Arceus|70/100 tox|[from] psn
|upkeep
|turn|67
|
|t:|1631484545
|switch|p1a: Miss Joy|Chansey, F|100/100
|-damage|p1a: Miss Joy|88/100|[from] Stealth Rock
|move|p2a: Arceus|Judgment|p1a: Miss Joy
|-damage|p1a: Miss Joy|76/100
|
|-damage|p2a: Arceus|58/100 tox|[from] psn
|upkeep
|turn|68
|inactive|hjksgdf has 120 seconds left.
|
|t:|1631484576
|move|p2a: Arceus|Recover|p2a: Arceus
|-heal|p2a: Arceus|100/100 tox
|move|p1a: Miss Joy|Confide|p2a: Arceus
|-unboost|p2a: Arceus|spa|1
|
|-damage|p2a: Arceus|82/100 tox|[from] psn
|upkeep
|turn|69
|inactive|hjksgdf has 90 seconds left.
|
|t:|1631484606
|switch|p2a: Ditto|Ditto|100/100
|-transform|p2a: Ditto|p1a: Miss Joy|[from] ability: Imposter
|move|p1a: Miss Joy|Confide|p2a: Ditto
|-unboost|p2a: Ditto|spa|1
|
|upkeep
|turn|70
|
|t:|1631484616
|switch|p1a: High and Mighty|Giratina, shiny|78/100 slp
|-damage|p1a: High and Mighty|66/100 slp|[from] Stealth Rock
|-ability|p1a: High and Mighty|Pressure
|move|p2a: Ditto|Aromatherapy|p2a: Ditto
|-activate|p2a: Ditto|move: Aromatherapy
|-curestatus|p2: Rayquaza|tox|[msg]
|-curestatus|p2: Necrozma|brn|[msg]
|-curestatus|p2: Arceus|tox|[msg]
|
|upkeep
|turn|71
|inactive|hjksgdf has 90 seconds left.
|
|t:|1631484640
|switch|p2a: Arceus|Arceus-Fairy|82/100
|-curestatus|p1a: High and Mighty|slp|[msg]
|move|p1a: High and Mighty|Defog|p2a: Arceus
|-unboost|p2a: Arceus|evasion|1
|-sideend|p1: JAY100064|Stealth Rock|[from] move: Defog|[of] p1a: High and Mighty
|
|upkeep
|turn|72
|
|t:|1631484650
|switch|p2a: Arceus|Arceus-Ground|96/100
|switch|p1a: Chicken Little|Ho-Oh, shiny|100/100
|
|upkeep
|turn|73
|inactive|hjksgdf has 90 seconds left.
|
|t:|1631484659
|move|p2a: Arceus|Stealth Rock|p1a: Chicken Little
|-sidestart|p1: JAY100064|move: Stealth Rock
|move|p1a: Chicken Little|Toxic|p2a: Arceus
|-status|p2a: Arceus|tox
|
|-damage|p2a: Arceus|90/100 tox|[from] psn
|upkeep
|turn|74
|inactive|hjksgdf has 90 seconds left.
|
|t:|1631484677
|switch|p2a: Necrozma|Necrozma-Dusk-Mane|88/100
|move|p1a: Chicken Little|Brave Bird|p2a: Necrozma
|-resisted|p2a: Necrozma
|-damage|p2a: Necrozma|75/100
|-damage|p1a: Chicken Little|84/100|[from] item: Rocky Helmet|[of] p2a: Necrozma
|-damage|p1a: Chicken Little|80/100|[from] Recoil
|
|upkeep
|turn|75
|inactive|hjksgdf has 90 seconds left.
|
|t:|1631484691
|switch|p1a: High and Mighty|Giratina, shiny|66/100
|-damage|p1a: High and Mighty|53/100|[from] Stealth Rock
|-ability|p1a: High and Mighty|Pressure
|move|p2a: Necrozma|Stone Edge|p1a: High and Mighty
|-damage|p1a: High and Mighty|38/100
|
|upkeep
|turn|76
|inactive|hjksgdf has 90 seconds left.
|
|t:|1631484703
|move|p1a: High and Mighty|Rest|p1a: High and Mighty
|-status|p1a: High and Mighty|slp|[from] move: Rest
|-heal|p1a: High and Mighty|100/100 slp|[silent]
|move|p2a: Necrozma|Knock Off|p1a: High and Mighty
|-supereffective|p1a: High and Mighty
|-damage|p1a: High and Mighty|81/100 slp
|
|upkeep
|turn|77
|
|t:|1631484712
|switch|p2a: Rayquaza|Rayquaza-Mega|8/100
|-weather|DeltaStream|[from] ability: Delta Stream|[of] p2a: Rayquaza
|cant|p1a: High and Mighty|slp
|
|-weather|DeltaStream|[upkeep]
|upkeep
|turn|78
|
|t:|1631484725
|switch|p1a: God|Arceus|85/100
|-damage|p1a: God|72/100|[from] Stealth Rock
|move|p2a: Rayquaza|Dragon Ascent|p1a: God
|-damage|p1a: God|0 fnt
|-unboost|p2a: Rayquaza|def|1
|-unboost|p2a: Rayquaza|spd|1
|faint|p1a: God
|
|-weather|DeltaStream|[upkeep]
|upkeep
|c|☆hjksgdf|Gg
|
|t:|1631484746
|switch|p1a: Miss Joy|Chansey, F|76/100
|-damage|p1a: Miss Joy|64/100|[from] Stealth Rock
|turn|79
|
|t:|1631484758
|-start|p1a: Miss Joy|Dynamax
|-heal|p1a: Miss Joy|64/100|[silent]
|move|p1a: Miss Joy|Max Guard|p1a: Miss Joy
|-singleturn|p1a: Miss Joy|Max Guard
|move|p2a: Rayquaza|Dragon Ascent|p1a: Miss Joy
|-activate|p1a: Miss Joy|move: Max Guard
|
|-weather|DeltaStream|[upkeep]
|upkeep
|turn|80
|-message|JAY100064 forfeited.
|
|win|hjksgdf
|l|☆JAY100064
|raw|JAY100064's rating: 1558 &rarr; <strong>1549</strong><br />(-9 for losing)
|raw|hjksgdf's rating: 1766 &rarr; <strong>1775</strong><br />(+9 for winning)
|l|☆hjksgdf
|j|☆hjksgdf
|player|p2|hjksgdf|2
|inactive|Battle timer is ON: inactive players will automatically lose when time's up. (requested by hjksgdf)
