|j|☆fartoz
|j|☆MRH1106
|t:|1663455330
|gametype|singles
|player|p1|fartoz|sisandbro|1564
|player|p2|MRH1106|ghetsis|1811
|teamsize|p1|6
|teamsize|p2|6
|gen|8
|tier|[Gen 8] National Dex AG
|rated|
|rule|HP Percentage Mod: HP is shown in percentages
|rule|Endless Battle Clause: Forcing endless battles is banned
|clearpoke
|poke|p1|Deoxys-Speed|
|poke|p1|Deoxys-Speed|
|poke|p1|Eternatus|
|poke|p1|Xerneas-*|
|poke|p1|Necrozma-Dusk-Mane|
|poke|p1|Rayquaza|
|poke|p2|Zacian-*|
|poke|p2|Calyrex-Shadow|
|poke|p2|Rayquaza|
|poke|p2|Ditto|
|poke|p2|Yveltal|
|poke|p2|Arceus-*|
|teampreview
|inactive|Battle timer is ON: inactive players will automatically lose when time's up. (requested by MRH1106)
|
|t:|1663455340
|start
|switch|p1a: Deoxys|Deoxys-Speed|100/100
|switch|p2a: Legit god|Arceus-Ground|100/100
|-ability|p1a: Deoxys|Pressure
|turn|1
|
|t:|1663455347
|move|p1a: Deoxys|Taunt|p2a: Legit god
|-start|p2a: Legit god|move: Taunt
|move|p2a: Legit god|Judgment|p1a: Deoxys
|-damage|p1a: Deoxys|22/100
|
|upkeep
|turn|2
|
|t:|1663455355
|move|p1a: Deoxys|Skill Swap||[still]
|-fail|p1a: Deoxys
|move|p2a: Legit god|Ice Beam|p1a: Deoxys
|-damage|p1a: Deoxys|0 fnt
|faint|p1a: Deoxys
|
|upkeep
|
|t:|1663455357
|switch|p1a: Deoxys|Deoxys-Speed|100/100
|-ability|p1a: Deoxys|Pressure
|turn|3
|
|t:|1663455361
|move|p1a: Deoxys|Reflect|p1a: Deoxys
|-sidestart|p1: fartoz|Reflect
|move|p2a: Legit god|Judgment|p1a: Deoxys
|-damage|p1a: Deoxys|43/100
|
|-end|p2a: Legit god|move: Taunt
|upkeep
|turn|4
|
|t:|1663455367
|move|p1a: Deoxys|Light Screen|p1a: Deoxys
|-sidestart|p1: fartoz|move: Light Screen
|move|p2a: Legit god|Defog|p1a: Deoxys
|-unboost|p1a: Deoxys|evasion|1
|-sideend|p1: fartoz|Reflect
|-sideend|p1: fartoz|move: Light Screen
|
|upkeep
|turn|5
|
|t:|1663455373
|move|p1a: Deoxys|Reflect|p1a: Deoxys
|-sidestart|p1: fartoz|Reflect
|move|p2a: Legit god|Defog|p1a: Deoxys
|-unboost|p1a: Deoxys|evasion|1
|-sideend|p1: fartoz|Reflect
|
|upkeep
|turn|6
|
|t:|1663455382
|move|p1a: Deoxys|Taunt|p2a: Legit god
|-start|p2a: Legit god|move: Taunt
|move|p2a: Legit god|Judgment|p1a: Deoxys
|-damage|p1a: Deoxys|0 fnt
|faint|p1a: Deoxys
|
|upkeep
|
|t:|1663455390
|switch|p1a: Necrozma|Necrozma-Dusk-Mane|100/100
|turn|7
|
|t:|1663455393
|detailschange|p1a: Necrozma|Necrozma-Ultra
|-burst|p1a: Necrozma|Necrozma|Ultranecrozium Z
|move|p2a: Legit god|Judgment|p1a: Necrozma
|-damage|p1a: Necrozma|46/100
|move|p1a: Necrozma|Dragon Dance|p1a: Necrozma
|-boost|p1a: Necrozma|atk|1
|-boost|p1a: Necrozma|spe|1
|
|upkeep
|turn|8
|
|t:|1663455403
|switch|p2a: Hells dragon|Yveltal, shiny|100/100
|-ability|p2a: Hells dragon|Dark Aura
|move|p1a: Necrozma|Photon Geyser|p2a: Hells dragon
|-immune|p2a: Hells dragon
|
|upkeep
|turn|9
|
|t:|1663455413
|move|p2a: Hells dragon|Sucker Punch|p1a: Necrozma
|-supereffective|p1a: Necrozma
|-damage|p1a: Necrozma|0 fnt
|faint|p1a: Necrozma
|-damage|p2a: Hells dragon|91/100|[from] item: Life Orb
|
|upkeep
|
|t:|1663455419
|switch|p1a: Xerneas|Xerneas|100/100
|-ability|p1a: Xerneas|Fairy Aura
|turn|10
|
|t:|1663455433
|move|p2a: Hells dragon|Taunt|p1a: Xerneas
|-start|p1a: Xerneas|move: Taunt
|cant|p1a: Xerneas|move: Taunt|Geomancy
|
|upkeep
|turn|11
|
|t:|1663455438
|switch|p2a: Knifepuppy|Zacian-Crowned|100/100
|-ability|p2a: Knifepuppy|Intrepid Sword|boost
|-boost|p2a: Knifepuppy|atk|1
|move|p1a: Xerneas|Moonblast|p2a: Knifepuppy
|-resisted|p2a: Knifepuppy
|-damage|p2a: Knifepuppy|69/100
|-unboost|p2a: Knifepuppy|spa|1
|
|upkeep
|turn|12
|
|t:|1663455456
|-start|p1a: Xerneas|Dynamax|
|-heal|p1a: Xerneas|100/100|[silent]
|move|p2a: Knifepuppy|Behemoth Blade|p1a: Xerneas
|-supereffective|p1a: Xerneas
|-damage|p1a: Xerneas|0 fnt
|faint|p1a: Xerneas
|
|upkeep
|
|t:|1663455466
|switch|p1a: Eternatus|Eternatus|100/100
|-ability|p1a: Eternatus|Pressure
|turn|13
|
|t:|1663455475
|move|p2a: Knifepuppy|Behemoth Blade|p1a: Eternatus
|-damage|p1a: Eternatus|29/100
|move|p1a: Eternatus|Agility|p1a: Eternatus
|-boost|p1a: Eternatus|spe|2
|
|upkeep
|turn|14
|
|t:|1663455493
|switch|p2a: Fuck you <3|Ditto, shiny|100/100
|-transform|p2a: Fuck you <3|p1a: Eternatus|[from] ability: Imposter
|-ability|p2a: Fuck you <3|Pressure
|move|p1a: Eternatus|Flamethrower|p2a: Fuck you <3
|-resisted|p2a: Fuck you <3
|-damage|p2a: Fuck you <3|79/100
|-status|p2a: Fuck you <3|brn
|
|-damage|p2a: Fuck you <3|73/100 brn|[from] brn
|upkeep
|turn|15
|
|t:|1663455509
|move|p2a: Fuck you <3|Dynamax Cannon|p1a: Eternatus
|-supereffective|p1a: Eternatus
|-damage|p1a: Eternatus|0 fnt
|faint|p1a: Eternatus
|
|-damage|p2a: Fuck you <3|67/100 brn|[from] brn
|upkeep
|
|t:|1663455515
|switch|p1a: Rayquaza|Rayquaza|100/100
|-ability|p1a: Rayquaza|Air Lock
|turn|16
|
|t:|1663455520
|detailschange|p1a: Rayquaza|Rayquaza-Mega
|-mega|p1a: Rayquaza|Rayquaza|
|-weather|DeltaStream|[from] ability: Delta Stream|[of] p1a: Rayquaza
|move|p1a: Rayquaza|Extreme Speed|p2a: Fuck you <3
|-damage|p2a: Fuck you <3|23/100 brn
|move|p2a: Fuck you <3|Dynamax Cannon|p1a: Rayquaza
|-supereffective|p1a: Rayquaza
|-damage|p1a: Rayquaza|0 fnt
|faint|p1a: Rayquaza
|-weather|none
|
|win|MRH1106
|raw|fartoz's rating: 1564 &rarr; <strong>1556</strong><br />(-8 for losing)
|raw|MRH1106's rating: 1811 &rarr; <strong>1819</strong><br />(+8 for winning)
|c|☆fartoz|gg
||Ladder isn't responding, score probably updated but might not have (Request timeout).
