|j|☆MiguelRRM
|j|☆Mak the ZekLordメ✩
|t:|1631580991
|gametype|singles
|player|p1|MiguelRRM|lucas|1776
|player|p2|Mak the ZekLordメ✩|ash-kalos|1869
|teamsize|p1|6
|teamsize|p2|6
|gen|8
|tier|[Gen 8] National Dex AG
|rated|
|rule|HP Percentage Mod: HP is shown in percentages
|rule|Endless Battle Clause: Forcing endless battles is banned
|clearpoke
|poke|p1|Marshadow|
|poke|p1|Yveltal|
|poke|p1|Rayquaza|
|poke|p1|Zacian-*|
|poke|p1|Arceus-*|
|poke|p1|Groudon|
|poke|p2|Groudon|
|poke|p2|Grimmsnarl, M|
|poke|p2|Kyogre|
|poke|p2|Yveltal|
|poke|p2|Rayquaza|
|poke|p2|Calyrex-Ice|
|teampreview
|inactive|Battle timer is ON: inactive players will automatically lose when time's up. (requested by Mak the ZekLordメ✩)
|j| DanielRiodani
|
|t:|1631581015
|start
|switch|p1a: Groudon|Groudon|100/100
|switch|p2a: Rayquaza|Rayquaza|100/100
|-ability|p2a: Rayquaza|Air Lock
|detailschange|p1a: Groudon|Groudon-Primal
|-primal|p1a: Groudon
|-weather|DesolateLand|[from] ability: Desolate Land|[of] p1a: Groudon
|turn|1
|
|t:|1631581021
|-weather|none
|switch|p1a: Rayquaza|Rayquaza|100/100
|-ability|p1a: Rayquaza|Air Lock
|detailschange|p2a: Rayquaza|Rayquaza-Mega
|-mega|p2a: Rayquaza|Rayquaza|
|-weather|DeltaStream|[from] ability: Delta Stream|[of] p2a: Rayquaza
|move|p2a: Rayquaza|Dragon Ascent|p1a: Rayquaza
|-damage|p1a: Rayquaza|0 fnt
|-unboost|p2a: Rayquaza|def|1
|-unboost|p2a: Rayquaza|spd|1
|faint|p1a: Rayquaza
|-damage|p2a: Rayquaza|91/100|[from] item: Life Orb
|
|-weather|DeltaStream|[upkeep]
|upkeep
|
|t:|1631581025
|switch|p1a: Zacian|Zacian-Crowned|100/100
|-ability|p1a: Zacian|Intrepid Sword|boost
|-boost|p1a: Zacian|atk|1
|turn|2
|j| Dark Ethan 234
|
|t:|1631581028
|move|p1a: Zacian|Behemoth Blade|p2a: Rayquaza
|-crit|p2a: Rayquaza
|-damage|p2a: Rayquaza|0 fnt
|faint|p2a: Rayquaza
|-weather|none
|
|upkeep
|
|t:|1631581030
|switch|p2a: Groudon|Groudon|100/100
|detailschange|p2a: Groudon|Groudon-Primal
|-primal|p2a: Groudon
|-weather|DesolateLand|[from] ability: Desolate Land|[of] p2a: Groudon
|turn|3
|
|t:|1631581038
|switch|p1a: Arceus|Arceus-Ground|100/100
|move|p2a: Groudon|Stealth Rock|p1a: Arceus
|-sidestart|p1: MiguelRRM|move: Stealth Rock
|
|-weather|DesolateLand|[upkeep]
|upkeep
|turn|4
|
|t:|1631581041
|move|p1a: Arceus|Judgment|p2a: Groudon
|-supereffective|p2a: Groudon
|-damage|p2a: Groudon|0 fnt
|faint|p2a: Groudon
|-weather|none
|
|upkeep
|
|t:|1631581044
|switch|p2a: Calyrex|Calyrex-Ice|100/100
|-ability|p2a: Calyrex|As One
|-ability|p2a: Calyrex|Unnerve
|turn|5
|
|t:|1631581047
|move|p1a: Arceus|Defog|p2a: Calyrex
|-unboost|p2a: Calyrex|evasion|1
|-sideend|p1: MiguelRRM|Stealth Rock|[from] move: Defog|[of] p1a: Arceus
|move|p2a: Calyrex|Swords Dance|p2a: Calyrex
|-boost|p2a: Calyrex|atk|2
|
|upkeep
|turn|6
|
|t:|1631581054
|switch|p1a: Zacian|Zacian-Crowned|100/100
|-ability|p1a: Zacian|Intrepid Sword|boost
|-boost|p1a: Zacian|atk|1
|move|p2a: Calyrex|Trick Room|p2a: Calyrex
|-fieldstart|move: Trick Room|[of] p2a: Calyrex
|
|upkeep
|turn|7
|
|t:|1631581057
|move|p2a: Calyrex|High Horsepower|p1a: Zacian
|-supereffective|p1a: Zacian
|-damage|p1a: Zacian|0 fnt
|faint|p1a: Zacian
|-ability|p2a: Calyrex|Chilling Neigh|boost
|-boost|p2a: Calyrex|atk|1
|
|upkeep
|
|t:|1631581060
|switch|p1a: Marshadow|Marshadow|100/100
|turn|8
|
|t:|1631581065
|switch|p2a: Grimmsnarl|Grimmsnarl, M|100/100
|move|p1a: Marshadow|Spectral Thief|p2a: Grimmsnarl
|-resisted|p2a: Grimmsnarl
|-damage|p2a: Grimmsnarl|81/100
|
|upkeep
|turn|9
|
|t:|1631581082
|switch|p1a: Groudon|Groudon-Primal|100/100
|-weather|DesolateLand|[from] ability: Desolate Land|[of] p1a: Groudon
|move|p2a: Grimmsnarl|Reflect|p2a: Grimmsnarl
|-sidestart|p2: Mak the ZekLordメ✩|Reflect
|
|-weather|DesolateLand|[upkeep]
|upkeep
|turn|10
|
|t:|1631581088
|move|p2a: Grimmsnarl|Light Screen|p2a: Grimmsnarl
|-sidestart|p2: Mak the ZekLordメ✩|move: Light Screen
|move|p1a: Groudon|Stealth Rock|p2a: Grimmsnarl
|-sidestart|p2: Mak the ZekLordメ✩|move: Stealth Rock
|
|-weather|DesolateLand|[upkeep]
|-fieldend|move: Trick Room
|upkeep
|turn|11
|
|t:|1631581091
|switch|p2a: Kyogre|Kyogre|100/100
|-damage|p2a: Kyogre|88/100|[from] Stealth Rock
|detailschange|p2a: Kyogre|Kyogre-Primal
|-primal|p2a: Kyogre
|-weather|PrimordialSea|[from] ability: Primordial Sea|[of] p2a: Kyogre
|move|p1a: Groudon|Toxic|p2a: Kyogre
|-status|p2a: Kyogre|tox
|
|-weather|PrimordialSea|[upkeep]
|-damage|p2a: Kyogre|82/100 tox|[from] psn
|upkeep
|turn|12
|
|t:|1631581097
|switch|p1a: Arceus|Arceus-Ground|100/100
|move|p2a: Kyogre|Origin Pulse|p1a: Arceus|[miss]
|-miss|p2a: Kyogre|p1a: Arceus
|
|-weather|PrimordialSea|[upkeep]
|-damage|p2a: Kyogre|70/100 tox|[from] psn
|upkeep
|turn|13
|
|t:|1631581100
|switch|p1a: Groudon|Groudon-Primal|100/100
|-weather|DesolateLand|[from] ability: Desolate Land|[of] p1a: Groudon
|move|p2a: Kyogre|Ice Beam|p1a: Groudon
|-damage|p1a: Groudon|59/100
|
|-weather|DesolateLand|[upkeep]
|-damage|p2a: Kyogre|51/100 tox|[from] psn
|upkeep
|turn|14
|
|t:|1631581105
|move|p1a: Groudon|Rock Tomb|p2a: Kyogre
|-damage|p2a: Kyogre|42/100 tox
|-unboost|p2a: Kyogre|spe|1
|move|p2a: Kyogre|Ice Beam|p1a: Groudon
|-damage|p1a: Groudon|19/100
|
|-weather|DesolateLand|[upkeep]
|-damage|p2a: Kyogre|17/100 tox|[from] psn
|upkeep
|turn|15
|
|t:|1631581108
|move|p1a: Groudon|Rock Tomb|p2a: Kyogre
|-damage|p2a: Kyogre|8/100 tox
|-unboost|p2a: Kyogre|spe|1
|move|p2a: Kyogre|Ice Beam|p1a: Groudon
|-damage|p1a: Groudon|0 fnt
|faint|p1a: Groudon
|-weather|none
|
|-damage|p2a: Kyogre|0 fnt|[from] psn
|faint|p2a: Kyogre
|upkeep
|
|t:|1631581116
|switch|p1a: Arceus|Arceus-Ground|100/100
|switch|p2a: Grimmsnarl|Grimmsnarl, M|81/100
|-damage|p2a: Grimmsnarl|69/100|[from] Stealth Rock
|turn|16
|
|t:|1631581120
|move|p2a: Grimmsnarl|Taunt|p1a: Arceus
|-start|p1a: Arceus|move: Taunt
|move|p1a: Arceus|Judgment|p2a: Grimmsnarl
|-damage|p2a: Grimmsnarl|37/100
|
|-sideend|p2: Mak the ZekLordメ✩|Reflect
|upkeep
|turn|17
|
|t:|1631581124
|move|p2a: Grimmsnarl|Reflect|p2a: Grimmsnarl
|-sidestart|p2: Mak the ZekLordメ✩|Reflect
|move|p1a: Arceus|Judgment|p2a: Grimmsnarl
|-damage|p2a: Grimmsnarl|6/100
|
|-sideend|p2: Mak the ZekLordメ✩|move: Light Screen
|upkeep
|turn|18
|
|t:|1631581131
|move|p2a: Grimmsnarl|Light Screen|p2a: Grimmsnarl
|-sidestart|p2: Mak the ZekLordメ✩|move: Light Screen
|move|p1a: Arceus|Judgment|p2a: Grimmsnarl
|-damage|p2a: Grimmsnarl|0 fnt
|faint|p2a: Grimmsnarl
|
|-end|p1a: Arceus|move: Taunt
|upkeep
|
|t:|1631581133
|switch|p2a: Calyrex|Calyrex-Ice|100/100
|-ability|p2a: Calyrex|As One
|-ability|p2a: Calyrex|Unnerve
|-damage|p2a: Calyrex|76/100|[from] Stealth Rock
|turn|19
|
|t:|1631581147
|move|p1a: Arceus|Defog|p2a: Calyrex
|-unboost|p2a: Calyrex|evasion|1
|-sideend|p2: Mak the ZekLordメ✩|Reflect
|-sideend|p2: Mak the ZekLordメ✩|move: Light Screen
|-sideend|p2: Mak the ZekLordメ✩|Stealth Rock|[from] move: Defog|[of] p1a: Arceus
|move|p2a: Calyrex|Swords Dance|p2a: Calyrex
|-boost|p2a: Calyrex|atk|2
|
|upkeep
|turn|20
|
|t:|1631581152
|switch|p1a: Marshadow|Marshadow|100/100
|move|p2a: Calyrex|Trick Room|p2a: Calyrex
|-fieldstart|move: Trick Room|[of] p2a: Calyrex
|
|upkeep
|turn|21
|j| Beatboxing_Phantom
|
|t:|1631581175
|switch|p2a: Yveltal|Yveltal|100/100
|-ability|p2a: Yveltal|Dark Aura
|move|p1a: Marshadow|Spectral Thief|p2a: Yveltal
|-resisted|p2a: Yveltal
|-damage|p2a: Yveltal|81/100
|
|upkeep
|turn|22
|
|t:|1631581181
|switch|p1a: Arceus|Arceus-Ground|100/100
|move|p2a: Yveltal|Oblivion Wing|p1a: Arceus
|-damage|p1a: Arceus|54/100
|-heal|p2a: Yveltal|100/100|[from] drain|[of] p1a: Arceus
|-damage|p2a: Yveltal|91/100|[from] item: Life Orb
|
|upkeep
|turn|23
|j| BOTICE MEH SENPI
|
|t:|1631581187
|switch|p2a: Calyrex|Calyrex-Ice|76/100
|-ability|p2a: Calyrex|As One
|-ability|p2a: Calyrex|Unnerve
|move|p1a: Arceus|Recover|p1a: Arceus
|-heal|p1a: Arceus|100/100
|
|upkeep
|turn|24
|
|t:|1631581206
|move|p2a: Calyrex|Glacial Lance|p1a: Arceus
|-supereffective|p1a: Arceus
|-damage|p1a: Arceus|0 fnt
|faint|p1a: Arceus
|-ability|p2a: Calyrex|Chilling Neigh|boost
|-boost|p2a: Calyrex|atk|1
|
|-fieldend|move: Trick Room
|upkeep
|
|t:|1631581209
|switch|p1a: Yveltal|Yveltal|100/100
|-ability|p1a: Yveltal|Dark Aura
|turn|25
|
|t:|1631581212
|-start|p1a: Yveltal|Dynamax
|-heal|p1a: Yveltal|100/100|[silent]
|move|p1a: Yveltal|Max Darkness|p2a: Calyrex
|-supereffective|p2a: Calyrex
|-damage|p2a: Calyrex|0 fnt
|faint|p2a: Calyrex
|-damage|p1a: Yveltal|96/100|[from] item: Life Orb
|
|upkeep
|
|t:|1631581214
|switch|p2a: Yveltal|Yveltal|91/100
|-ability|p2a: Yveltal|Dark Aura
|turn|26
|
|t:|1631581219
|-start|p2a: Yveltal|Dynamax
|-heal|p2a: Yveltal|91/100|[silent]
|move|p2a: Yveltal|Max Airstream|p1a: Yveltal
|-damage|p1a: Yveltal|49/100
|-boost|p2a: Yveltal|spe|1
|-damage|p2a: Yveltal|86/100|[from] item: Life Orb
|move|p1a: Yveltal|Max Darkness|p2a: Yveltal
|-resisted|p2a: Yveltal
|-damage|p2a: Yveltal|64/100
|-unboost|p2a: Yveltal|spd|1
|-damage|p1a: Yveltal|44/100|[from] item: Life Orb
|
|upkeep
|turn|27
|
|t:|1631581224
|move|p2a: Yveltal|Max Airstream|p1a: Yveltal
|-damage|p1a: Yveltal|0 fnt
|-boost|p2a: Yveltal|spe|1
|faint|p1a: Yveltal
|-damage|p2a: Yveltal|59/100|[from] item: Life Orb
|
|upkeep
|
|t:|1631581248
|switch|p1a: Marshadow|Marshadow|100/100
|turn|28
|
|t:|1631581254
|move|p2a: Yveltal|Max Flare|p1a: Marshadow
|-damage|p1a: Marshadow|25/100
|-weather|SunnyDay
|-damage|p2a: Yveltal|54/100|[from] item: Life Orb
|move|p1a: Marshadow|Spectral Thief||[still]
|-clearpositiveboost|p2a: Yveltal|p1a: Marshadow|move: Spectral Thief
|-boost|p1a: Marshadow|spe|2
|-anim|p1a: Marshadow|Spectral Thief|p2a: Yveltal
|-resisted|p2a: Yveltal
|-damage|p2a: Yveltal|43/100
|
|-weather|SunnyDay|[upkeep]
|-end|p2a: Yveltal|Dynamax
|-heal|p2a: Yveltal|43/100|[silent]
|upkeep
|turn|29
|inactive|MiguelRRM has 120 seconds left.
|
|t:|1631581298
|move|p1a: Marshadow|Shadow Sneak|p2a: Yveltal
|-resisted|p2a: Yveltal
|-damage|p2a: Yveltal|31/100
|move|p2a: Yveltal|Oblivion Wing|p1a: Marshadow
|-supereffective|p1a: Marshadow
|-damage|p1a: Marshadow|0 fnt
|-heal|p2a: Yveltal|46/100|[from] drain|[of] p1a: Marshadow
|faint|p1a: Marshadow
|-damage|p2a: Yveltal|36/100|[from] item: Life Orb
|
|win|Mak the ZekLordメ✩
|raw|MiguelRRM's rating: 1776 &rarr; <strong>1761</strong><br />(-15 for losing)
|raw|Mak the ZekLordメ✩'s rating: 1869 &rarr; <strong>1884</strong><br />(+15 for winning)
||Ladder isn't responding, score probably updated but might not have (Request timeout).
|l| Dark Ethan 234
|l| BOTICE MEH SENPI
|j| BOTICE MEH SENPI
|l| BOTICE MEH SENPI
|l|☆MiguelRRM
