|j|☆RYROX
|j|☆Booooty Bandit
|t:|1657987059
|gametype|singles
|player|p1|RYROX|hoopster|1417
|player|p2|Booooty Bandit|shadowtriad|1489
|teamsize|p1|6
|teamsize|p2|6
|gen|8
|tier|[Gen 8] National Dex AG
|rated|
|rule|HP Percentage Mod: HP is shown in percentages
|rule|Endless Battle Clause: Forcing endless battles is banned
|clearpoke
|poke|p1|Snorlax, F|
|poke|p1|Slowbro, F|
|poke|p1|Noivern, F|
|poke|p1|Chansey, F|
|poke|p1|Rotom-Heat|
|poke|p1|Dracovish|
|poke|p2|Zacian-*|
|poke|p2|Marshadow|
|poke|p2|Forretress, F|
|poke|p2|Serperior, M|
|poke|p2|Bisharp, M|
|poke|p2|Gengar, M|
|teampreview
|
|t:|1657987073
|start
|switch|p1a: Rotom|Rotom-Heat|100/100
|switch|p2a: Forretress|Forretress, F|100/100
|turn|1
|
|t:|1657987078
|move|p1a: Rotom|Overheat|p2a: Forretress
|-supereffective|p2a: Forretress
|-ability|p2a: Forretress|Sturdy
|-damage|p2a: Forretress|1/100
|-unboost|p1a: Rotom|spa|2
|-enditem|p2a: Forretress|Aguav Berry|[eat]
|-heal|p2a: Forretress|34/100|[from] item: Aguav Berry
|move|p2a: Forretress|Stealth Rock|p1a: Rotom
|-sidestart|p1: RYROX|move: Stealth Rock
|
|upkeep
|turn|2
|inactive|Battle timer is ON: inactive players will automatically lose when time's up. (requested by Booooty Bandit)
|
|t:|1657987090
|move|p1a: Rotom|Overheat|p2a: Forretress|[miss]
|-miss|p1a: Rotom|p2a: Forretress
|move|p2a: Forretress|Spikes|p1a: Rotom
|-sidestart|p1: RYROX|Spikes
|
|upkeep
|turn|3
|
|t:|1657987095
|move|p1a: Rotom|Overheat|p2a: Forretress
|-supereffective|p2a: Forretress
|-damage|p2a: Forretress|0 fnt
|-unboost|p1a: Rotom|spa|2
|faint|p2a: Forretress
|
|upkeep
|
|t:|1657987098
|switch|p2a: Gengar|Gengar, M|100/100
|turn|4
|
|t:|1657987103
|detailschange|p2a: Gengar|Gengar-Mega, M
|-mega|p2a: Gengar|Gengar|Gengarite
|move|p2a: Gengar|Sludge Bomb|p1a: Rotom
|-damage|p1a: Rotom|43/100
|move|p1a: Rotom|Defog|p2a: Gengar
|-unboost|p2a: Gengar|evasion|1
|-sideend|p1: RYROX|Spikes|[from] move: Defog|[of] p1a: Rotom
|-sideend|p1: RYROX|Stealth Rock|[from] move: Defog|[of] p1a: Rotom
|
|-heal|p1a: Rotom|49/100|[from] item: Leftovers
|upkeep
|turn|5
|
|t:|1657987111
|move|p2a: Gengar|Sludge Bomb|p1a: Rotom
|-damage|p1a: Rotom|0 fnt
|faint|p1a: Rotom
|
|upkeep
|
|t:|1657987121
|switch|p1a: Dracovish|Dracovish|100/100
|turn|6
|
|t:|1657987124
|move|p1a: Dracovish|Fishious Rend|p2a: Gengar
|-damage|p2a: Gengar|0 fnt
|faint|p2a: Gengar
|
|upkeep
|
|t:|1657987138
|switch|p2a: Zacian|Zacian-Crowned|100/100
|-ability|p2a: Zacian|Intrepid Sword|boost
|-boost|p2a: Zacian|atk|1
|turn|7
|
|t:|1657987141
|move|p2a: Zacian|Play Rough|p1a: Dracovish
|-supereffective|p1a: Dracovish
|-damage|p1a: Dracovish|0 fnt
|faint|p1a: Dracovish
|
|upkeep
|
|t:|1657987149
|switch|p1a: Slowbro|Slowbro, F|100/100
|turn|8
|
|t:|1657987153
|switch|p2a: Bisharp|Bisharp, M|100/100
|detailschange|p1a: Slowbro|Slowbro-Mega, F
|-mega|p1a: Slowbro|Slowbro|Slowbronite
|move|p1a: Slowbro|Yawn|p2a: Bisharp
|-start|p2a: Bisharp|move: Yawn|[of] p1a: Slowbro
|
|upkeep
|turn|9
|
|t:|1657987166
|move|p2a: Bisharp|Sucker Punch||[still]
|-fail|p2a: Bisharp
|move|p1a: Slowbro|Trick Room|p1a: Slowbro
|-fieldstart|move: Trick Room|[of] p1a: Slowbro
|
|-end|p2a: Bisharp|move: Yawn|[silent]
|-status|p2a: Bisharp|slp
|upkeep
|turn|10
|
|t:|1657987170
|cant|p2a: Bisharp|slp
|move|p1a: Slowbro|Teleport|p1a: Slowbro
|
|t:|1657987175
|switch|p1a: Snorlax|Snorlax, F|100/100|[from]move: Teleport
|
|upkeep
|turn|11
|
|t:|1657987182
|move|p1a: Snorlax|Curse|p1a: Snorlax
|-unboost|p1a: Snorlax|spe|1
|-boost|p1a: Snorlax|atk|1
|-boost|p1a: Snorlax|def|1
|cant|p2a: Bisharp|slp
|
|upkeep
|turn|12
|
|t:|1657987188
|move|p1a: Snorlax|Curse|p1a: Snorlax
|-unboost|p1a: Snorlax|spe|1
|-boost|p1a: Snorlax|atk|1
|-boost|p1a: Snorlax|def|1
|cant|p2a: Bisharp|slp
|
|upkeep
|turn|13
|
|t:|1657987194
|move|p1a: Snorlax|Curse|p1a: Snorlax
|-unboost|p1a: Snorlax|spe|1
|-boost|p1a: Snorlax|atk|1
|-boost|p1a: Snorlax|def|1
|-curestatus|p2a: Bisharp|slp|[msg]
|move|p2a: Bisharp|Swords Dance|p2a: Bisharp
|-boost|p2a: Bisharp|atk|2
|
|-fieldend|move: Trick Room
|upkeep
|turn|14
|
|t:|1657987205
|move|p2a: Bisharp|Swords Dance|p2a: Bisharp
|-boost|p2a: Bisharp|atk|2
|move|p1a: Snorlax|Darkest Lariat|p2a: Bisharp
|-resisted|p2a: Bisharp
|-crit|p2a: Bisharp
|-damage|p2a: Bisharp|45/100
|
|upkeep
|turn|15
|
|t:|1657987213
|-start|p1a: Snorlax|Dynamax|Gmax
|-heal|p1a: Snorlax|100/100|[silent]
|move|p2a: Bisharp|Knock Off|p1a: Snorlax
|-damage|p1a: Snorlax|70/100
|-enditem|p1a: Snorlax|Aguav Berry|[from] move: Knock Off|[of] p2a: Bisharp
|move|p1a: Snorlax|Max Darkness|p2a: Bisharp
|-resisted|p2a: Bisharp
|-damage|p2a: Bisharp|0 fnt
|faint|p2a: Bisharp
|
|upkeep
|
|t:|1657987229
|switch|p2a: Marshadow|Marshadow|100/100
|turn|16
|
|t:|1657987233
|move|p2a: Marshadow|Drain Punch|p1a: Snorlax
|-supereffective|p1a: Snorlax
|-damage|p1a: Snorlax|57/100
|move|p1a: Snorlax|Max Darkness|p2a: Marshadow
|-enditem|p2a: Marshadow|Focus Sash
|-damage|p2a: Marshadow|1/100
|-unboost|p2a: Marshadow|spd|1
|
|upkeep
|turn|17
|
|t:|1657987239
|move|p2a: Marshadow|Drain Punch|p1a: Snorlax
|-supereffective|p1a: Snorlax
|-damage|p1a: Snorlax|42/100
|-heal|p2a: Marshadow|24/100|[from] drain|[of] p1a: Snorlax
|move|p1a: Snorlax|Max Darkness|p2a: Marshadow
|-damage|p2a: Marshadow|0 fnt
|faint|p2a: Marshadow
|
|upkeep
|
|t:|1657987242
|switch|p2a: Serperior|Serperior, M|100/100
|-end|p1a: Snorlax|Dynamax
|-heal|p1a: Snorlax|42/100|[silent]
|turn|18
|
|t:|1657987250
|move|p2a: Serperior|Leaf Storm|p1a: Snorlax
|-damage|p1a: Snorlax|14/100
|-boost|p2a: Serperior|spa|2
|move|p1a: Snorlax|Body Slam|p2a: Serperior
|-enditem|p2a: Serperior|Focus Sash
|-damage|p2a: Serperior|1/100
|
|upkeep
|turn|19
|
|t:|1657987258
|move|p2a: Serperior|Leaf Storm|p1a: Snorlax
|-damage|p1a: Snorlax|0 fnt
|-boost|p2a: Serperior|spa|2
|faint|p1a: Snorlax
|
|upkeep
|
|t:|1657987264
|switch|p1a: Noivern|Noivern, F|100/100
|turn|20
|
|t:|1657987268
|-start|p2a: Serperior|Dynamax|
|-heal|p2a: Serperior|1/100|[silent]
|move|p1a: Noivern|U-turn|p2a: Serperior
|-supereffective|p2a: Serperior
|-damage|p2a: Serperior|0 fnt
|faint|p2a: Serperior
|
|t:|1657987274
|switch|p1a: Slowbro|Slowbro-Mega, F|100/100|[from]move: U-turn
|
|upkeep
|
|t:|1657987277
|switch|p2a: Zacian|Zacian-Crowned|100/100
|-ability|p2a: Zacian|Intrepid Sword|boost
|-boost|p2a: Zacian|atk|1
|turn|21
|
|t:|1657987281
|move|p2a: Zacian|Wild Charge|p1a: Slowbro
|-supereffective|p1a: Slowbro
|-damage|p1a: Slowbro|56/100
|-damage|p2a: Zacian|87/100|[from] Recoil
|move|p1a: Slowbro|Yawn|p2a: Zacian
|-start|p2a: Zacian|move: Yawn|[of] p1a: Slowbro
|
|upkeep
|turn|22
|
|t:|1657987285
|move|p2a: Zacian|Wild Charge|p1a: Slowbro
|-supereffective|p1a: Slowbro
|-damage|p1a: Slowbro|6/100
|-damage|p2a: Zacian|72/100|[from] Recoil
|move|p1a: Slowbro|Slack Off|p1a: Slowbro
|-heal|p1a: Slowbro|56/100
|
|-end|p2a: Zacian|move: Yawn|[silent]
|-status|p2a: Zacian|slp
|upkeep
|turn|23
|
|t:|1657987289
|cant|p2a: Zacian|slp
|move|p1a: Slowbro|Trick Room|p1a: Slowbro
|-fieldstart|move: Trick Room|[of] p1a: Slowbro
|
|upkeep
|turn|24
|
|t:|1657987295
|move|p1a: Slowbro|Slack Off|p1a: Slowbro
|-heal|p1a: Slowbro|100/100
|cant|p2a: Zacian|slp
|
|upkeep
|turn|25
|
|t:|1657987300
|-curestatus|p2a: Zacian|slp|[msg]
|move|p2a: Zacian|Play Rough|p1a: Slowbro
|-damage|p1a: Slowbro|66/100
|move|p1a: Slowbro|Teleport|p1a: Slowbro
|
|t:|1657987307
|switch|p1a: Noivern|Noivern, F|100/100|[from]move: Teleport
|
|upkeep
|turn|26
|
|t:|1657987324
|move|p1a: Noivern|Air Slash|p2a: Zacian
|-resisted|p2a: Zacian
|-damage|p2a: Zacian|49/100
|move|p2a: Zacian|Play Rough|p1a: Noivern
|-supereffective|p1a: Noivern
|-crit|p1a: Noivern
|-damage|p1a: Noivern|0 fnt
|faint|p1a: Noivern
|
|upkeep
|
|t:|1657987332
|switch|p1a: Slowbro|Slowbro-Mega, F|66/100
|turn|27
|
|t:|1657987337
|move|p1a: Slowbro|Yawn|p2a: Zacian
|-start|p2a: Zacian|move: Yawn|[of] p1a: Slowbro
|move|p2a: Zacian|Play Rough|p1a: Slowbro
|-damage|p1a: Slowbro|30/100
|
|-fieldend|move: Trick Room
|upkeep
|turn|28
|
|t:|1657987345
|switch|p1a: Chansey|Chansey, F|100/100
|move|p2a: Zacian|Play Rough|p1a: Chansey
|-damage|p1a: Chansey|37/100
|-unboost|p1a: Chansey|atk|1
|
|-end|p2a: Zacian|move: Yawn|[silent]
|-status|p2a: Zacian|slp
|upkeep
|turn|29
|
|t:|1657987352
|cant|p2a: Zacian|slp
|move|p1a: Chansey|Seismic Toss|p2a: Zacian
|-damage|p2a: Zacian|19/100 slp
|
|upkeep
|turn|30
|
|t:|1657987355
|cant|p2a: Zacian|slp
|move|p1a: Chansey|Seismic Toss|p2a: Zacian
|-damage|p2a: Zacian|0 fnt
|faint|p2a: Zacian
|
|win|RYROX
|raw|RYROX's rating: 1417 &rarr; <strong>1441</strong><br />(+24 for winning)
|raw|Booooty Bandit's rating: 1489 &rarr; <strong>1465</strong><br />(-24 for losing)
|c|☆RYROX|Ggs
|c|☆Booooty Bandit|gg
