|j|☆drmario69
|j|☆Bobsican
|t:|1663802086
|gametype|singles
|player|p1|drmario69|hiker-gen4|1910
|player|p2|Bobsican|n|1759
|teamsize|p1|6
|teamsize|p2|6
|gen|8
|tier|[Gen 8] National Dex AG
|rated|
|rule|HP Percentage Mod: HP is shown in percentages
|rule|Endless Battle Clause: Forcing endless battles is banned
|clearpoke
|poke|p1|Groudon|
|poke|p1|Rayquaza|
|poke|p1|Zygarde|
|poke|p1|Calyrex-Shadow|
|poke|p1|Arceus-*|
|poke|p1|Arceus-*|
|poke|p2|Ditto|
|poke|p2|Gengar, F|
|poke|p2|Tyranitar, F|
|poke|p2|Necrozma-Dusk-Mane|
|poke|p2|Arceus-*|
|poke|p2|Ho-Oh|
|teampreview
|
|t:|1663802093
|start
|switch|p1a: the goat|Zygarde, shiny|100/100
|switch|p2a: Gengar|Gengar, F|100/100
|turn|1
|j| Jelly cookie
|
|t:|1663802099
|detailschange|p2a: Gengar|Gengar-Mega, F
|-mega|p2a: Gengar|Gengar|Gengarite
|move|p2a: Gengar|Substitute|p2a: Gengar
|-start|p2a: Gengar|Substitute
|-damage|p2a: Gengar|76/100
|move|p1a: the goat|Thousand Arrows|p2a: Gengar
|-supereffective|p2a: Gengar
|-end|p2a: Gengar|Substitute
|
|upkeep
|turn|2
|c|☆drmario69|this thing lol
|
|t:|1663802104
|switch|p2a: Ho-Oh|Ho-Oh|100/100
|move|p1a: the goat|Thousand Arrows|p2a: Ho-Oh
|-damage|p2a: Ho-Oh|78/100
|-start|p2a: Ho-Oh|Smack Down
|
|upkeep
|turn|3
|
|t:|1663802109
|move|p1a: the goat|Glare|p2a: Ho-Oh
|-status|p2a: Ho-Oh|par
|move|p2a: Ho-Oh|Toxic|p1a: the goat
|-status|p1a: the goat|tox
|
|-damage|p1a: the goat|94/100 tox|[from] psn
|upkeep
|turn|4
|
|t:|1663802117
|switch|p1a: the gwoat|Rayquaza|100/100
|-ability|p1a: the gwoat|Air Lock
|switch|p2a: Arceus|Arceus-Ground|100/100
|
|upkeep
|turn|5
|
|t:|1663802125
|detailschange|p1a: the gwoat|Rayquaza-Mega
|-mega|p1a: the gwoat|Rayquaza|
|-weather|DeltaStream|[from] ability: Delta Stream|[of] p1a: the gwoat
|move|p1a: the gwoat|Scale Shot|p2a: Arceus
|-damage|p2a: Arceus|88/100
|-damage|p2a: Arceus|75/100
|-hitcount|p2a: Arceus|2
|-unboost|p1a: the gwoat|def|1
|-boost|p1a: the gwoat|spe|1
|-damage|p1a: the gwoat|91/100|[from] item: Life Orb
|move|p2a: Arceus|Ice Beam|p1a: the gwoat
|-activate||deltastream
|-supereffective|p1a: the gwoat
|-damage|p1a: the gwoat|42/100
|
|-weather|DeltaStream|[upkeep]
|upkeep
|turn|6
|
|t:|1663802132
|move|p1a: the gwoat|Dragon Ascent|p2a: Arceus
|-damage|p2a: Arceus|14/100
|-unboost|p1a: the gwoat|def|1
|-unboost|p1a: the gwoat|spd|1
|-damage|p1a: the gwoat|32/100|[from] item: Life Orb
|move|p2a: Arceus|Ice Beam|p1a: the gwoat
|-activate||deltastream
|-supereffective|p1a: the gwoat
|-damage|p1a: the gwoat|0 fnt
|faint|p1a: the gwoat
|-weather|none
|
|upkeep
|
|t:|1663802136
|switch|p1a: Calyrex|Calyrex-Shadow|100/100
|-ability|p1a: Calyrex|As One
|-ability|p1a: Calyrex|Unnerve
|turn|7
|
|t:|1663802141
|switch|p1a: Pyra|Groudon|100/100
|detailschange|p1a: Pyra|Groudon-Primal
|-primal|p1a: Pyra
|-weather|DesolateLand|[from] ability: Desolate Land|[of] p1a: Pyra
|switch|p2a: Tyranitar|Tyranitar, F|100/100
|-ability|p2a: Tyranitar|Sand Stream|[from] desolateland|[fail]
|
|-weather|DesolateLand|[upkeep]
|upkeep
|turn|8
|
|t:|1663802146
|switch|p2a: Ho-Oh|Ho-Oh|100/100 par
|move|p1a: Pyra|Stone Edge|p2a: Ho-Oh
|-supereffective|p2a: Ho-Oh
|-damage|p2a: Ho-Oh|0 fnt
|faint|p2a: Ho-Oh
|
|-weather|DesolateLand|[upkeep]
|upkeep
|
|t:|1663802150
|switch|p2a: Arceus|Arceus-Ground|14/100
|turn|9
|
|t:|1663802155
|move|p2a: Arceus|Recover|p2a: Arceus
|-heal|p2a: Arceus|64/100
|move|p1a: Pyra|Precipice Blades|p2a: Arceus
|-damage|p2a: Arceus|18/100
|
|-weather|DesolateLand|[upkeep]
|upkeep
|turn|10
|
|t:|1663802161
|-weather|none
|switch|p1a: the goat|Zygarde, shiny|94/100 tox
|move|p2a: Arceus|Recover|p2a: Arceus
|-heal|p2a: Arceus|68/100
|
|-heal|p1a: the goat|100/100 tox|[from] item: Leftovers
|-damage|p1a: the goat|94/100 tox|[from] psn
|upkeep
|turn|11
|
|t:|1663802165
|move|p2a: Arceus|Recover|p2a: Arceus
|-heal|p2a: Arceus|100/100
|move|p1a: the goat|Glare|p2a: Arceus
|-status|p2a: Arceus|par
|
|-heal|p1a: the goat|100/100 tox|[from] item: Leftovers
|-damage|p1a: the goat|88/100 tox|[from] psn
|upkeep
|turn|12
|
|t:|1663802171
|switch|p1a: Arceus|Arceus|100/100
|move|p2a: Arceus|Refresh|p2a: Arceus
|-curestatus|p2a: Arceus|par|[msg]
|
|upkeep
|turn|13
|
|t:|1663802185
|switch|p2a: Gengar|Gengar-Mega, F|76/100
|move|p1a: Arceus|Swords Dance|p1a: Arceus
|-boost|p1a: Arceus|atk|2
|
|upkeep
|turn|14
|
|t:|1663802189
|-start|p1a: Arceus|Dynamax|
|-heal|p1a: Arceus|100/100|[silent]
|move|p2a: Gengar|Encore||[still]
|-fail|p2a: Gengar
|move|p1a: Arceus|Max Phantasm|p2a: Gengar
|-supereffective|p2a: Gengar
|-damage|p2a: Gengar|0 fnt
|faint|p2a: Gengar
|
|upkeep
|
|t:|1663802195
|switch|p2a: Necrozma|Necrozma-Dusk-Mane|100/100
|turn|15
|c|☆drmario69|gengar is rly interesting in this meta
|c|☆drmario69|ngl
|c|☆drmario69|forces a lotta shit
|
|t:|1663802208
|move|p1a: Arceus|Max Phantasm|p2a: Necrozma
|-supereffective|p2a: Necrozma
|-damage|p2a: Necrozma|37/100
|-unboost|p2a: Necrozma|def|1
|move|p2a: Necrozma|Stealth Rock|p1a: Arceus
|-sidestart|p1: drmario69|move: Stealth Rock
|
|upkeep
|turn|16
|
|t:|1663802214
|move|p1a: Arceus|Max Strike|p2a: Necrozma
|-resisted|p2a: Necrozma
|-damage|p2a: Necrozma|0 fnt
|faint|p2a: Necrozma
|
|upkeep
|
|t:|1663802217
|switch|p2a: Ditto|Ditto|100/100
|-transform|p2a: Ditto|p1a: Arceus|[from] ability: Imposter
|-end|p1a: Arceus|Dynamax
|-heal|p1a: Arceus|100/100|[silent]
|turn|17
|
|t:|1663802221
|move|p2a: Ditto|Extreme Speed|p1a: Arceus
|-damage|p1a: Arceus|39/100
|move|p1a: Arceus|Extreme Speed|p2a: Ditto
|-damage|p2a: Ditto|15/100
|
|upkeep
|turn|18
|
|t:|1663802224
|switch|p1a: Calyrex|Calyrex-Shadow|100/100
|-ability|p1a: Calyrex|As One
|-ability|p1a: Calyrex|Unnerve
|-damage|p1a: Calyrex|88/100|[from] Stealth Rock
|move|p2a: Ditto|Extreme Speed|p1a: Calyrex
|-immune|p1a: Calyrex
|
|-heal|p1a: Calyrex|94/100|[from] item: Leftovers
|upkeep
|turn|19
|
|t:|1663802227
|switch|p2a: Tyranitar|Tyranitar, F|100/100
|-weather|Sandstorm|[from] ability: Sand Stream|[of] p2a: Tyranitar
|move|p1a: Calyrex|Substitute|p1a: Calyrex
|-start|p1a: Calyrex|Substitute
|-damage|p1a: Calyrex|70/100
|
|-weather|Sandstorm|[upkeep]
|-damage|p1a: Calyrex|63/100|[from] Sandstorm
|-heal|p1a: Calyrex|70/100|[from] item: Leftovers
|upkeep
|turn|20
|
|t:|1663802230
|move|p1a: Calyrex|Leech Seed|p2a: Tyranitar
|-start|p2a: Tyranitar|move: Leech Seed
|move|p2a: Tyranitar|Pursuit|p1a: Calyrex
|-supereffective|p1a: Calyrex
|-end|p1a: Calyrex|Substitute
|
|-weather|Sandstorm|[upkeep]
|-damage|p1a: Calyrex|63/100|[from] Sandstorm
|-heal|p1a: Calyrex|70/100|[from] item: Leftovers
|-damage|p2a: Tyranitar|88/100|[from] Leech Seed|[of] p1a: Calyrex
|-heal|p1a: Calyrex|84/100|[silent]
|upkeep
|turn|21
|
|t:|1663802233
|switch|p2a: Arceus|Arceus-Ground|100/100
|move|p1a: Calyrex|Substitute|p1a: Calyrex
|-start|p1a: Calyrex|Substitute
|-damage|p1a: Calyrex|59/100
|
|-weather|Sandstorm|[upkeep]
|-damage|p1a: Calyrex|53/100|[from] Sandstorm
|-heal|p1a: Calyrex|59/100|[from] item: Leftovers
|upkeep
|turn|22
|
|t:|1663802237
|move|p1a: Calyrex|Astral Barrage|p2a: Arceus
|-damage|p2a: Arceus|53/100
|move|p2a: Arceus|Judgment|p1a: Calyrex
|-end|p1a: Calyrex|Substitute
|
|-weather|Sandstorm|[upkeep]
|-damage|p1a: Calyrex|53/100|[from] Sandstorm
|-heal|p1a: Calyrex|59/100|[from] item: Leftovers
|upkeep
|turn|23
|
|t:|1663802241
|move|p1a: Calyrex|Substitute|p1a: Calyrex
|-start|p1a: Calyrex|Substitute
|-damage|p1a: Calyrex|34/100
|move|p2a: Arceus|Recover|p2a: Arceus
|-heal|p2a: Arceus|100/100
|
|-weather|none
|-heal|p1a: Calyrex|41/100|[from] item: Leftovers
|upkeep
|turn|24
|
|t:|1663802243
|move|p1a: Calyrex|Leech Seed|p2a: Arceus|[miss]
|-miss|p1a: Calyrex|p2a: Arceus
|move|p2a: Arceus|Judgment|p1a: Calyrex
|-end|p1a: Calyrex|Substitute
|
|-heal|p1a: Calyrex|47/100|[from] item: Leftovers
|upkeep
|turn|25
|
|t:|1663802247
|move|p1a: Calyrex|Substitute|p1a: Calyrex
|-start|p1a: Calyrex|Substitute
|-damage|p1a: Calyrex|22/100
|move|p2a: Arceus|Judgment|p1a: Calyrex
|-end|p1a: Calyrex|Substitute
|
|-heal|p1a: Calyrex|28/100|[from] item: Leftovers
|upkeep
|turn|26
|
|t:|1663802250
|move|p1a: Calyrex|Astral Barrage|p2a: Arceus
|-damage|p2a: Arceus|51/100
|move|p2a: Arceus|Judgment|p1a: Calyrex
|-damage|p1a: Calyrex|0 fnt
|faint|p1a: Calyrex
|
|upkeep
|
|t:|1663802263
|switch|p1a: Arceus|Arceus|39/100
|-damage|p1a: Arceus|27/100|[from] Stealth Rock
|turn|27
|
|t:|1663802268
|move|p1a: Arceus|Swords Dance|p1a: Arceus
|-boost|p1a: Arceus|atk|2
|move|p2a: Arceus|Recover|p2a: Arceus
|-heal|p2a: Arceus|100/100
|
|upkeep
|turn|28
|
|t:|1663802270
|move|p1a: Arceus|Extreme Speed|p2a: Arceus
|-damage|p2a: Arceus|56/100
|move|p2a: Arceus|Judgment|p1a: Arceus
|-damage|p1a: Arceus|0 fnt
|faint|p1a: Arceus
|
|upkeep
|
|t:|1663802273
|switch|p1a: Arceus|Arceus-Fairy|100/100
|-damage|p1a: Arceus|88/100|[from] Stealth Rock
|turn|29
|
|t:|1663802277
|move|p1a: Arceus|Judgment|p2a: Arceus
|-damage|p2a: Arceus|22/100
|move|p2a: Arceus|Recover|p2a: Arceus
|-heal|p2a: Arceus|72/100
|
|upkeep
|turn|30
|
|t:|1663802284
|move|p1a: Arceus|Earth Power|p2a: Arceus
|-damage|p2a: Arceus|57/100
|move|p2a: Arceus|Recover|p2a: Arceus
|-heal|p2a: Arceus|100/100
|
|upkeep
|turn|31
|
|t:|1663802287
|move|p1a: Arceus|Earth Power|p2a: Arceus
|-damage|p2a: Arceus|83/100
|-unboost|p2a: Arceus|spd|1
|move|p2a: Arceus|Ice Beam|p1a: Arceus
|-damage|p1a: Arceus|75/100
|
|upkeep
|turn|32
|
|t:|1663802291
|move|p1a: Arceus|Judgment|p2a: Arceus
|-damage|p2a: Arceus|31/100
|move|p2a: Arceus|Ice Beam|p1a: Arceus
|-damage|p1a: Arceus|59/100
|
|upkeep
|turn|33
|
|t:|1663802295
|switch|p2a: Tyranitar|Tyranitar, F|88/100
|-weather|Sandstorm|[from] ability: Sand Stream|[of] p2a: Tyranitar
|move|p1a: Arceus|Judgment|p2a: Tyranitar
|-supereffective|p2a: Tyranitar
|-damage|p2a: Tyranitar|48/100
|
|-weather|Sandstorm|[upkeep]
|-damage|p1a: Arceus|53/100|[from] Sandstorm
|-heal|p2a: Tyranitar|54/100|[from] item: Leftovers
|upkeep
|turn|34
|
|t:|1663802302
|move|p1a: Arceus|Thunder Wave|p2a: Tyranitar
|-status|p2a: Tyranitar|par
|move|p2a: Tyranitar|Rest|p2a: Tyranitar
|-status|p2a: Tyranitar|slp|[from] move: Rest
|-heal|p2a: Tyranitar|100/100 slp|[silent]
|
|-weather|Sandstorm|[upkeep]
|-damage|p1a: Arceus|47/100|[from] Sandstorm
|upkeep
|turn|35
|
|t:|1663802309
|move|p1a: Arceus|Recover|p1a: Arceus
|-heal|p1a: Arceus|97/100
|cant|p2a: Tyranitar|slp
|
|-weather|Sandstorm|[upkeep]
|-damage|p1a: Arceus|91/100|[from] Sandstorm
|upkeep
|turn|36
|
|t:|1663802311
|move|p1a: Arceus|Judgment|p2a: Tyranitar
|-supereffective|p2a: Tyranitar
|-damage|p2a: Tyranitar|59/100 slp
|cant|p2a: Tyranitar|slp
|
|-weather|Sandstorm|[upkeep]
|-damage|p1a: Arceus|85/100|[from] Sandstorm
|-heal|p2a: Tyranitar|65/100 slp|[from] item: Leftovers
|upkeep
|turn|37
|
|t:|1663802314
|move|p1a: Arceus|Judgment|p2a: Tyranitar
|-supereffective|p2a: Tyranitar
|-damage|p2a: Tyranitar|24/100 slp
|-curestatus|p2a: Tyranitar|slp|[msg]
|move|p2a: Tyranitar|Rest|p2a: Tyranitar
|-status|p2a: Tyranitar|slp|[from] move: Rest
|-heal|p2a: Tyranitar|100/100 slp|[silent]
|
|-weather|none
|upkeep
|turn|38
|
|t:|1663802324
|move|p1a: Arceus|Judgment|p2a: Tyranitar
|-supereffective|p2a: Tyranitar
|-damage|p2a: Tyranitar|33/100 slp
|cant|p2a: Tyranitar|slp
|
|-heal|p2a: Tyranitar|39/100 slp|[from] item: Leftovers
|upkeep
|turn|39
|
|t:|1663802328
|move|p1a: Arceus|Judgment|p2a: Tyranitar
|-supereffective|p2a: Tyranitar
|-damage|p2a: Tyranitar|0 fnt
|faint|p2a: Tyranitar
|
|upkeep
|
|t:|1663802333
|switch|p2a: Ditto|Ditto|15/100
|-transform|p2a: Ditto|p1a: Arceus|[from] ability: Imposter
|turn|40
|
|t:|1663802337
|switch|p1a: Pyra|Groudon-Primal|100/100
|-damage|p1a: Pyra|88/100|[from] Stealth Rock
|-weather|DesolateLand|[from] ability: Desolate Land|[of] p1a: Pyra
|move|p2a: Ditto|Thunder Wave|p1a: Pyra
|-immune|p1a: Pyra
|
|-weather|DesolateLand|[upkeep]
|upkeep
|turn|41
|
|t:|1663802350
|move|p2a: Ditto|Thunder Wave|p1a: Pyra
|-immune|p1a: Pyra
|move|p1a: Pyra|Precipice Blades|p2a: Ditto|[miss]
|-miss|p1a: Pyra|p2a: Ditto
|
|-weather|DesolateLand|[upkeep]
|upkeep
|turn|42
|
|t:|1663802360
|move|p2a: Ditto|Thunder Wave|p1a: Pyra
|-immune|p1a: Pyra
|move|p1a: Pyra|Stealth Rock|p2a: Ditto
|-sidestart|p2: Bobsican|move: Stealth Rock
|
|-weather|DesolateLand|[upkeep]
|upkeep
|turn|43
|
|t:|1663802366
|-weather|none
|switch|p1a: Arceus|Arceus-Fairy|85/100
|-damage|p1a: Arceus|73/100|[from] Stealth Rock
|move|p2a: Ditto|Thunder Wave|p1a: Arceus|[miss]
|-miss|p2a: Ditto|p1a: Arceus
|
|upkeep
|turn|44
|c|☆drmario69|misclick
|c|☆drmario69|fuck
|
|t:|1663802374
|switch|p1a: Pyra|Groudon-Primal|88/100
|-damage|p1a: Pyra|76/100|[from] Stealth Rock
|-weather|DesolateLand|[from] ability: Desolate Land|[of] p1a: Pyra
|move|p2a: Ditto|Thunder Wave|p1a: Pyra
|-immune|p1a: Pyra
|
|-weather|DesolateLand|[upkeep]
|upkeep
|turn|45
|
|t:|1663802378
|-activate|p2a: Ditto|move: Struggle
|move|p2a: Ditto|Struggle|p1a: Pyra
|-damage|p1a: Pyra|70/100
|-damage|p2a: Ditto|0 fnt|[from] recoil
|faint|p2a: Ditto
|move|p1a: Pyra|Precipice Blades|p2: Ditto|[notarget]
|-fail|p1a: Pyra
|
|-weather|DesolateLand|[upkeep]
|upkeep
|
|t:|1663802382
|switch|p2a: Arceus|Arceus-Ground|31/100
|-damage|p2a: Arceus|25/100|[from] Stealth Rock
|turn|46
|
|t:|1663802386
|move|p2a: Arceus|Recover|p2a: Arceus
|-heal|p2a: Arceus|75/100
|move|p1a: Pyra|Precipice Blades|p2a: Arceus
|-damage|p2a: Arceus|31/100
|
|-weather|DesolateLand|[upkeep]
|upkeep
|turn|47
|
|t:|1663802389
|move|p2a: Arceus|Recover|p2a: Arceus
|-heal|p2a: Arceus|81/100
|move|p1a: Pyra|Precipice Blades|p2a: Arceus
|-damage|p2a: Arceus|36/100
|
|-weather|DesolateLand|[upkeep]
|upkeep
|turn|48
|
|t:|1663802391
|move|p2a: Arceus|Recover|p2a: Arceus
|-heal|p2a: Arceus|86/100
|move|p1a: Pyra|Precipice Blades|p2a: Arceus
|-damage|p2a: Arceus|41/100
|
|-weather|DesolateLand|[upkeep]
|upkeep
|turn|49
|
|t:|1663802395
|move|p2a: Arceus|Recover|p2a: Arceus
|-heal|p2a: Arceus|91/100
|move|p1a: Pyra|Precipice Blades|p2a: Arceus
|-damage|p2a: Arceus|44/100
|
|-weather|DesolateLand|[upkeep]
|upkeep
|turn|50
|
|t:|1663802398
|move|p2a: Arceus|Recover|p2a: Arceus
|-heal|p2a: Arceus|94/100
|move|p1a: Pyra|Precipice Blades|p2a: Arceus|[miss]
|-miss|p1a: Pyra|p2a: Arceus
|
|-weather|DesolateLand|[upkeep]
|upkeep
|turn|51
|c|☆drmario69|do u rly wanna play this out?
|
|t:|1663802411
|-start|p2a: Arceus|Dynamax|
|-heal|p2a: Arceus|94/100|[silent]
|move|p2a: Arceus|Max Quake|p1a: Pyra
|-supereffective|p1a: Pyra
|-damage|p1a: Pyra|0 fnt
|-boost|p2a: Arceus|spd|1
|faint|p1a: Pyra
|-weather|none
|
|upkeep
|c|☆Bobsican|better than nothing
|
|t:|1663802415
|switch|p1a: the goat|Zygarde, shiny|88/100 tox
|-damage|p1a: the goat|82/100 tox|[from] Stealth Rock
|turn|52
|c|☆drmario69|fair enough
|
|t:|1663802420
|move|p2a: Arceus|Max Hailstorm|p1a: the goat
|-supereffective|p1a: the goat
|-damage|p1a: the goat|0 fnt
|-weather|Hail
|faint|p1a: the goat
|
|-weather|Hail|[upkeep]
|-damage|p2a: Arceus|91/100|[from] Hail
|upkeep
|
|t:|1663802422
|switch|p1a: Arceus|Arceus-Fairy|73/100
|-damage|p1a: Arceus|60/100|[from] Stealth Rock
|turn|53
|
|t:|1663802425
|move|p1a: Arceus|Recover|p1a: Arceus
|-heal|p1a: Arceus|100/100
|move|p2a: Arceus|Max Quake|p1a: Arceus
|-damage|p1a: Arceus|64/100
|-boost|p2a: Arceus|spd|1
|
|-weather|Hail|[upkeep]
|-damage|p1a: Arceus|58/100|[from] Hail
|-damage|p2a: Arceus|88/100|[from] Hail
|upkeep
|-end|p2a: Arceus|Dynamax
|-heal|p2a: Arceus|88/100|[silent]
|turn|54
|
|t:|1663802428
|move|p1a: Arceus|Recover|p1a: Arceus
|-heal|p1a: Arceus|100/100
|move|p2a: Arceus|Ice Beam|p1a: Arceus
|-damage|p1a: Arceus|86/100
|-status|p1a: Arceus|frz
|
|-weather|Hail|[upkeep]
|-damage|p1a: Arceus|80/100 frz|[from] Hail
|-damage|p2a: Arceus|82/100|[from] Hail
|upkeep
|turn|55
|c|☆drmario69|o ye freeze lol
|
|t:|1663802437
|-curestatus|p1a: Arceus|frz|[msg]
|move|p1a: Arceus|Recover|p1a: Arceus
|-heal|p1a: Arceus|100/100
|move|p2a: Arceus|Judgment|p1a: Arceus
|-damage|p1a: Arceus|74/100
|
|-weather|Hail|[upkeep]
|-damage|p1a: Arceus|68/100|[from] Hail
|-damage|p2a: Arceus|76/100|[from] Hail
|upkeep
|turn|56
|c|☆Bobsican|ye
|
|t:|1663802441
|move|p1a: Arceus|Earth Power|p2a: Arceus
|-damage|p2a: Arceus|68/100
|move|p2a: Arceus|Ice Beam|p1a: Arceus
|-damage|p1a: Arceus|55/100
|
|-weather|none
|upkeep
|turn|57
|c|☆drmario69|we just gonna be banking on rng
|c|☆drmario69|gg eiher way
|c|☆Bobsican|gg
|
|t:|1663802453
|move|p1a: Arceus|Earth Power|p2a: Arceus
|-damage|p2a: Arceus|59/100
|move|p2a: Arceus|Ice Beam|p1a: Arceus
|-damage|p1a: Arceus|40/100
|
|upkeep
|turn|58
|
|t:|1663802457
|move|p1a: Arceus|Recover|p1a: Arceus
|-heal|p1a: Arceus|90/100
|move|p2a: Arceus|Ice Beam|p1a: Arceus
|-damage|p1a: Arceus|77/100
|
|upkeep
|turn|59
|
|t:|1663802459
|move|p1a: Arceus|Earth Power|p2a: Arceus
|-damage|p2a: Arceus|50/100
|move|p2a: Arceus|Ice Beam|p1a: Arceus
|-damage|p1a: Arceus|62/100
|
|upkeep
|turn|60
|
|t:|1663802462
|move|p1a: Arceus|Earth Power|p2a: Arceus
|-damage|p2a: Arceus|42/100
|move|p2a: Arceus|Ice Beam|p1a: Arceus
|-damage|p1a: Arceus|48/100
|
|upkeep
|turn|61
|
|t:|1663802467
|move|p1a: Arceus|Earth Power|p2a: Arceus
|-damage|p2a: Arceus|34/100
|move|p2a: Arceus|Ice Beam|p1a: Arceus
|-damage|p1a: Arceus|34/100
|
|upkeep
|turn|62
|
|t:|1663802470
|move|p1a: Arceus|Recover|p1a: Arceus
|-heal|p1a: Arceus|84/100
|move|p2a: Arceus|Judgment|p1a: Arceus
|-damage|p1a: Arceus|57/100
|
|upkeep
|turn|63
|
|t:|1663802473
|move|p1a: Arceus|Earth Power|p2a: Arceus
|-damage|p2a: Arceus|25/100
|move|p2a: Arceus|Ice Beam|p1a: Arceus
|-damage|p1a: Arceus|44/100
|
|upkeep
|turn|64
|
|t:|1663802477
|move|p1a: Arceus|Earth Power|p2a: Arceus
|-damage|p2a: Arceus|17/100
|move|p2a: Arceus|Recover|p2a: Arceus
|-heal|p2a: Arceus|67/100
|
|upkeep
|turn|65
|
|t:|1663802480
|move|p1a: Arceus|Earth Power|p2a: Arceus
|-damage|p2a: Arceus|59/100
|move|p2a: Arceus|Ice Beam|p1a: Arceus
|-damage|p1a: Arceus|29/100
|-status|p1a: Arceus|frz
|
|upkeep
|turn|66
|
|t:|1663802487
|cant|p1a: Arceus|frz
|move|p2a: Arceus|Judgment|p1a: Arceus
|-damage|p1a: Arceus|0 fnt
|faint|p1a: Arceus
|
|win|Bobsican
|raw|drmario69's rating: 1910 &rarr; <strong>1882</strong><br />(-28 for losing)
|raw|Bobsican's rating: 1759 &rarr; <strong>1787</strong><br />(+28 for winning)
|c|☆drmario69|ouf
|c|☆drmario69|o well
|c|☆Bobsican|rip
|c|☆Bobsican|gg for sure
