|j|☆Booooty Bandit
|j|☆Miffcofetanol
|t:|1658456651
|gametype|singles
|player|p1|Booooty Bandit|shadowtriad|1452
|player|p2|Miffcofetanol|pokemaniac|1432
|teamsize|p1|6
|teamsize|p2|6
|gen|8
|tier|[Gen 8] National Dex AG
|rated|
|rule|HP Percentage Mod: HP is shown in percentages
|rule|Endless Battle Clause: Forcing endless battles is banned
|clearpoke
|poke|p1|Zacian-*|
|poke|p1|Marshadow|
|poke|p1|Forretress, F|
|poke|p1|Serperior, M|
|poke|p1|Bisharp, M|
|poke|p1|Gengar, M|
|poke|p2|Zacian-*|
|poke|p2|Groudon|
|poke|p2|Rayquaza|
|poke|p2|Ditto|
|poke|p2|Calyrex-Shadow|
|poke|p2|Dracovish|
|teampreview
|inactive|Battle timer is ON: inactive players will automatically lose when time's up. (requested by Booooty Bandit)
|
|t:|1658456667
|start
|switch|p1a: Forretress|Forretress, F|100/100
|switch|p2a: Groudon|Groudon, shiny|100/100
|detailschange|p2a: Groudon|Groudon-Primal, shiny
|-primal|p2a: Groudon
|-weather|DesolateLand|[from] ability: Desolate Land|[of] p2a: Groudon
|turn|1
|
|t:|1658456675
|move|p2a: Groudon|Eruption|p1a: Forretress
|-supereffective|p1a: Forretress
|-ability|p1a: Forretress|Sturdy
|-damage|p1a: Forretress|1/100
|-enditem|p1a: Forretress|Aguav Berry|[eat]
|-heal|p1a: Forretress|34/100|[from] item: Aguav Berry
|move|p1a: Forretress|Stealth Rock|p2a: Groudon
|-sidestart|p2: Miffcofetanol|move: Stealth Rock
|
|-weather|DesolateLand|[upkeep]
|upkeep
|turn|2
|
|t:|1658456685
|switch|p1a: Gengar|Gengar, M|100/100
|move|p2a: Groudon|Eruption|p1a: Gengar
|-damage|p1a: Gengar|0 fnt
|faint|p1a: Gengar
|
|-weather|DesolateLand|[upkeep]
|upkeep
|
|t:|1658456688
|switch|p1a: Serperior|Serperior, M|100/100
|turn|3
|
|t:|1658456695
|move|p1a: Serperior|Leaf Storm|p2a: Groudon
|-damage|p2a: Groudon|47/100
|-boost|p1a: Serperior|spa|2
|move|p2a: Groudon|Eruption|p1a: Serperior
|-supereffective|p1a: Serperior
|-enditem|p1a: Serperior|Focus Sash
|-damage|p1a: Serperior|1/100
|
|-weather|DesolateLand|[upkeep]
|upkeep
|turn|4
|
|t:|1658456704
|move|p1a: Serperior|Leaf Storm|p2a: Groudon
|-damage|p2a: Groudon|0 fnt
|-boost|p1a: Serperior|spa|2
|faint|p2a: Groudon
|-weather|none
|
|upkeep
|
|t:|1658456715
|switch|p2a: Rayquaza|Rayquaza, shiny|100/100
|-damage|p2a: Rayquaza|76/100|[from] Stealth Rock
|-ability|p2a: Rayquaza|Air Lock
|turn|5
|
|t:|1658456718
|detailschange|p2a: Rayquaza|Rayquaza-Mega, shiny
|-mega|p2a: Rayquaza|Rayquaza|
|-weather|DeltaStream|[from] ability: Delta Stream|[of] p2a: Rayquaza
|move|p2a: Rayquaza|Extreme Speed|p1a: Serperior
|-damage|p1a: Serperior|0 fnt
|faint|p1a: Serperior
|-damage|p2a: Rayquaza|66/100|[from] item: Life Orb
|
|-weather|DeltaStream|[upkeep]
|upkeep
|
|t:|1658456725
|switch|p1a: Zacian|Zacian-Crowned|100/100
|-ability|p1a: Zacian|Intrepid Sword|boost
|-boost|p1a: Zacian|atk|1
|turn|6
|
|t:|1658456733
|move|p1a: Zacian|Play Rough|p2a: Rayquaza
|-supereffective|p2a: Rayquaza
|-damage|p2a: Rayquaza|0 fnt
|faint|p2a: Rayquaza
|-weather|none
|
|upkeep
|
|t:|1658456739
|switch|p2a: Zacian|Zacian-Crowned, shiny|100/100
|-damage|p2a: Zacian|94/100|[from] Stealth Rock
|-ability|p2a: Zacian|Intrepid Sword|boost
|-boost|p2a: Zacian|atk|1
|turn|7
|
|t:|1658456742
|move|p1a: Zacian|Behemoth Blade|p2a: Zacian
|-damage|p2a: Zacian|6/100
|move|p2a: Zacian|Behemoth Blade|p1a: Zacian
|-damage|p1a: Zacian|6/100
|
|upkeep
|turn|8
|
|t:|1658456749
|switch|p1a: Forretress|Forretress, F|34/100
|move|p2a: Zacian|Behemoth Blade|p1a: Forretress
|-resisted|p1a: Forretress
|-damage|p1a: Forretress|2/100
|
|upkeep
|turn|9
|
|t:|1658456765
|move|p2a: Zacian|Behemoth Blade|p1a: Forretress
|-resisted|p1a: Forretress
|-damage|p1a: Forretress|0 fnt
|faint|p1a: Forretress
|
|upkeep
|
|t:|1658456769
|switch|p1a: Marshadow|Marshadow|100/100
|turn|10
|
|t:|1658456776
|move|p1a: Marshadow|Shadow Sneak|p2a: Zacian
|-crit|p2a: Zacian
|-damage|p2a: Zacian|0 fnt
|faint|p2a: Zacian
|
|upkeep
|
|t:|1658456783
|switch|p2a: Calyrex|Calyrex-Shadow|100/100
|-ability|p2a: Calyrex|As One
|-ability|p2a: Calyrex|Unnerve
|-damage|p2a: Calyrex|88/100|[from] Stealth Rock
|turn|11
|
|t:|1658456796
|move|p1a: Marshadow|Shadow Sneak|p2a: Calyrex
|-supereffective|p2a: Calyrex
|-damage|p2a: Calyrex|0 fnt
|faint|p2a: Calyrex
|
|upkeep
|
|t:|1658456801
|switch|p2a: Ditto|Ditto, shiny|100/100
|-damage|p2a: Ditto|88/100|[from] Stealth Rock
|-transform|p2a: Ditto|p1a: Marshadow|[from] ability: Imposter
|turn|12
|
|t:|1658456805
|move|p2a: Ditto|Shadow Sneak|p1a: Marshadow
|-supereffective|p1a: Marshadow
|-damage|p1a: Marshadow|16/100
|move|p1a: Marshadow|Spectral Thief|p2a: Ditto
|-supereffective|p2a: Ditto
|-damage|p2a: Ditto|0 fnt
|faint|p2a: Ditto
|
|upkeep
|
|t:|1658456808
|switch|p2a: Dracovish|Dracovish, shiny|100/100
|-damage|p2a: Dracovish|88/100|[from] Stealth Rock
|turn|13
|
|t:|1658456812
|move|p1a: Marshadow|Shadow Sneak|p2a: Dracovish
|-damage|p2a: Dracovish|53/100
|move|p2a: Dracovish|Fishious Rend|p1a: Marshadow
|-damage|p1a: Marshadow|0 fnt
|faint|p1a: Marshadow
|
|upkeep
|
|t:|1658456816
|switch|p1a: Bisharp|Bisharp, M|100/100
|turn|14
|
|t:|1658456820
|move|p2a: Dracovish|Fishious Rend|p1a: Bisharp
|-damage|p1a: Bisharp|2/100
|move|p1a: Bisharp|Knock Off|p2a: Dracovish
|-damage|p2a: Dracovish|0 fnt
|-enditem|p2a: Dracovish|Choice Scarf|[from] move: Knock Off|[of] p1a: Bisharp
|faint|p2a: Dracovish
|
|win|Booooty Bandit
|raw|Booooty Bandit's rating: 1452 &rarr; <strong>1471</strong><br />(+19 for winning)
|raw|Miffcofetanol's rating: 1432 &rarr; <strong>1413</strong><br />(-19 for losing)
|l|☆Miffcofetanol
||Ladder isn't responding, score probably updated but might not have (Request timeout).
