|j|☆Ligmaks
|j|‽Reincarnation of …
|t:|1665739463
|gametype|singles
|player|p1|Ligmaks|265|1302
|player|p2|Reincarnation of …|blue-gen3two|1265
|teamsize|p1|6
|teamsize|p2|6
|gen|8
|tier|[Gen 8] National Dex AG
|rated|
|rule|HP Percentage Mod: HP is shown in percentages
|rule|Endless Battle Clause: Forcing endless battles is banned
|clearpoke
|poke|p1|Charizard, M|
|poke|p1|Forretress, F|
|poke|p1|Aegislash, M|
|poke|p1|Zacian-*|
|poke|p1|Rillaboom, F|
|poke|p1|Xerneas-*|
|poke|p2|Hatterene, F|
|poke|p2|Glalie, F|
|poke|p2|Steelix, M|
|poke|p2|Diancie|
|poke|p2|Arceus-*|
|poke|p2|Ditto|
|teampreview
|inactive|Battle timer is ON: inactive players will automatically lose when time's up. (requested by Reincarnation of …)
|
|t:|1665739475
|start
|switch|p1a: Forretress|Forretress, F|100/100
|switch|p2a: Steelix|Steelix, M|100/100
|turn|1
|
|t:|1665739479
|switch|p2a: Hatterene|Hatterene, F|100/100
|move|p1a: Forretress|Toxic Spikes|p2a: Hatterene
|move|p2a: Hatterene|Toxic Spikes|p1a: Forretress|[from]ability: Magic Bounce
|-sidestart|p1: Ligmaks|move: Toxic Spikes
|
|upkeep
|turn|2
|
|t:|1665739488
|move|p1a: Forretress|Rapid Spin|p2a: Hatterene
|-damage|p2a: Hatterene|89/100
|-boost|p1a: Forretress|spe|1
|-sideend|p1: Ligmaks|Toxic Spikes|[from] move: Rapid Spin|[of] p1a: Forretress
|move|p2a: Hatterene|Mystical Fire|p1a: Forretress
|-supereffective|p1a: Forretress
|-ability|p1a: Forretress|Sturdy
|-damage|p1a: Forretress|1/100
|-unboost|p1a: Forretress|spa|1
|
|upkeep
|turn|3
|
|t:|1665739498
|move|p1a: Forretress|Volt Switch|p2a: Hatterene
|-damage|p2a: Hatterene|81/100
|
|t:|1665739504
|switch|p1a: Aegislash|Aegislash, M|100/100|[from]move: Volt Switch
|move|p2a: Hatterene|Mystical Fire|p1a: Aegislash
|-supereffective|p1a: Aegislash
|-damage|p1a: Aegislash|28/100
|-unboost|p1a: Aegislash|spa|1
|-enditem|p1a: Aegislash|Weakness Policy
|-boost|p1a: Aegislash|atk|2|[from] item: Weakness Policy
|-boost|p1a: Aegislash|spa|2|[from] item: Weakness Policy
|
|upkeep
|turn|4
|
|t:|1665739516
|-formechange|p1a: Aegislash|Aegislash-Blade||[from] ability: Stance Change
|move|p1a: Aegislash|Iron Head|p2a: Hatterene
|-supereffective|p2a: Hatterene
|-damage|p2a: Hatterene|0 fnt
|faint|p2a: Hatterene
|
|upkeep
|
|t:|1665739523
|switch|p2a: Ditto|Ditto, shiny|100/100
|-transform|p2a: Ditto|p1a: Aegislash|[from] ability: Imposter
|turn|5
|
|t:|1665739530
|move|p2a: Ditto|Shadow Sneak|p1a: Aegislash
|-supereffective|p1a: Aegislash
|-damage|p1a: Aegislash|0 fnt
|faint|p1a: Aegislash
|
|upkeep
|
|t:|1665739538
|switch|p1a: Charizard|Charizard, M|100/100
|turn|6
|
|t:|1665739545
|switch|p2a: Diancie|Diancie|100/100
|move|p1a: Charizard|Dragon Dance|p1a: Charizard
|-boost|p1a: Charizard|atk|1
|-boost|p1a: Charizard|spe|1
|
|upkeep
|turn|7
|
|t:|1665739551
|detailschange|p1a: Charizard|Charizard-Mega-X, M
|-mega|p1a: Charizard|Charizard|Charizardite X
|move|p1a: Charizard|Steel Wing|p2a: Diancie
|-supereffective|p2a: Diancie
|-damage|p2a: Diancie|0 fnt
|-damage|p1a: Charizard|84/100|[from] item: Rocky Helmet|[of] p2a: Diancie
|faint|p2a: Diancie
|
|upkeep
|
|t:|1665739557
|switch|p2a: Ditto|Ditto, shiny|100/100
|-transform|p2a: Ditto|p1a: Charizard|[from] ability: Imposter
|turn|8
|
|t:|1665739560
|move|p2a: Ditto|Dragon Claw|p1a: Charizard
|-supereffective|p1a: Charizard
|-damage|p1a: Charizard|0 fnt
|faint|p1a: Charizard
|
|upkeep
|
|t:|1665739564
|switch|p1a: Zoroak|Xerneas|100/100
|-ability|p1a: Zoroak|Fairy Aura
|turn|9
|
|t:|1665739566
|switch|p2a: Steelix|Steelix, M|100/100
|move|p1a: Zoroak|Geomancy||[still]
|-prepare|p1a: Zoroak|Geomancy
|-enditem|p1a: Zoroak|Power Herb
|-anim|p1a: Zoroak|Geomancy|p1a: Zoroak
|-boost|p1a: Zoroak|spa|2
|-boost|p1a: Zoroak|spd|2
|-boost|p1a: Zoroak|spe|2
|
|upkeep
|turn|10
|
|t:|1665739585
|move|p1a: Zoroak|Focus Blast|p2a: Steelix
|-supereffective|p2a: Steelix
|-ability|p2a: Steelix|Sturdy
|-damage|p2a: Steelix|1/100
|move|p2a: Steelix|Gyro Ball|p1a: Zoroak
|-supereffective|p1a: Zoroak
|-damage|p1a: Zoroak|0 fnt
|faint|p1a: Zoroak
|
|upkeep
|
|t:|1665739592
|switch|p1a: Rillaboom|Rillaboom, F|100/100
|-fieldstart|move: Grassy Terrain|[from] ability: Grassy Surge|[of] p1a: Rillaboom
|turn|11
|
|t:|1665739603
|switch|p2a: Ditto|Ditto, shiny|100/100
|-transform|p2a: Ditto|p1a: Rillaboom|[from] ability: Imposter
|move|p1a: Rillaboom|Knock Off|p2a: Ditto
|-damage|p2a: Ditto|46/100
|-enditem|p2a: Ditto|Choice Scarf|[from] move: Knock Off|[of] p1a: Rillaboom
|-damage|p1a: Rillaboom|91/100|[from] item: Life Orb
|
|-heal|p2a: Ditto|52/100|[from] Grassy Terrain
|-heal|p1a: Rillaboom|97/100|[from] Grassy Terrain
|upkeep
|turn|12
|
|t:|1665739616
|-start|p1a: Rillaboom|Dynamax|
|-heal|p1a: Rillaboom|97/100|[silent]
|move|p2a: Ditto|Knock Off|p1a: Rillaboom
|-damage|p1a: Rillaboom|79/100
|-enditem|p1a: Rillaboom|Life Orb|[from] move: Knock Off|[of] p2a: Ditto
|move|p1a: Rillaboom|Max Darkness|p2a: Ditto
|-damage|p2a: Ditto|0 fnt
|faint|p2a: Ditto
|
|-heal|p1a: Rillaboom|82/100|[from] Grassy Terrain
|upkeep
|
|t:|1665739622
|switch|p2a: Glalie|Glalie, F|100/100
|turn|13
|
|t:|1665739628
|detailschange|p2a: Glalie|Glalie-Mega, F
|-mega|p2a: Glalie|Glalie|Glalitite
|move|p2a: Glalie|Frustration|p1a: Rillaboom
|-supereffective|p1a: Rillaboom
|-damage|p1a: Rillaboom|19/100
|move|p1a: Rillaboom|Max Knuckle|p2a: Glalie
|-supereffective|p2a: Glalie
|-damage|p2a: Glalie|10/100
|-boost|p1a: Rillaboom|atk|1
|
|-heal|p2a: Glalie|16/100|[from] Grassy Terrain
|-heal|p1a: Rillaboom|22/100|[from] Grassy Terrain
|upkeep
|turn|14
|
|t:|1665739633
|move|p2a: Glalie|Frustration|p1a: Rillaboom
|-supereffective|p1a: Rillaboom
|-damage|p1a: Rillaboom|0 fnt
|faint|p1a: Rillaboom
|
|-heal|p2a: Glalie|22/100|[from] Grassy Terrain
|upkeep
|
|t:|1665739639
|switch|p1a: Zacian|Zacian-Crowned|100/100
|-ability|p1a: Zacian|Intrepid Sword|boost
|-boost|p1a: Zacian|atk|1
|turn|15
|
|t:|1665739646
|move|p2a: Glalie|Ice Shard|p1a: Zacian
|-resisted|p1a: Zacian
|-damage|p1a: Zacian|90/100
|move|p1a: Zacian|Sacred Sword|p2a: Glalie
|-supereffective|p2a: Glalie
|-damage|p2a: Glalie|0 fnt
|faint|p2a: Glalie
|
|-heal|p1a: Zacian|96/100|[from] Grassy Terrain
|-fieldend|move: Grassy Terrain
|upkeep
|
|t:|1665739649
|switch|p2a: Steelix|Steelix, M|1/100
|turn|16
|-enditem|p2a: Steelix|Custap Berry|[eat]
|-activate|p2a: Steelix|item: Custap Berry|[consumed]
|
|t:|1665739660
|move|p2a: Steelix|Earthquake|p1a: Zacian
|-supereffective|p1a: Zacian
|-damage|p1a: Zacian|22/100
|move|p1a: Zacian|Sacred Sword|p2a: Steelix
|-supereffective|p2a: Steelix
|-damage|p2a: Steelix|0 fnt
|faint|p2a: Steelix
|
|upkeep
|
|t:|1665739666
|switch|p2a: Arceus|Arceus|100/100
|turn|17
|
|t:|1665739672
|-start|p2a: Arceus|Dynamax|
|-heal|p2a: Arceus|100/100|[silent]
|move|p1a: Zacian|Sacred Sword|p2a: Arceus
|-supereffective|p2a: Arceus
|-damage|p2a: Arceus|65/100
|move|p2a: Arceus|Max Phantasm|p1a: Zacian
|-damage|p1a: Zacian|0 fnt
|faint|p1a: Zacian
|
|upkeep
|
|t:|1665739674
|switch|p1a: Forretress|Forretress, F|1/100
|turn|18
|
|t:|1665739679
|move|p2a: Arceus|Max Phantasm|p1a: Forretress
|-damage|p1a: Forretress|0 fnt
|faint|p1a: Forretress
|
|win|Reincarnation of …
|raw|Ligmaks's rating: 1302 &rarr; <strong>1280</strong><br />(-22 for losing)
|raw|Reincarnation of …'s rating: 1265 &rarr; <strong>1293</strong><br />(+28 for winning)
