|j|☆MRH1106
|j|☆devil's secretary
|t:|1657323482
|gametype|singles
|player|p1|MRH1106|red|1791
|player|p2|devil's secretary|blue-gen2|1777
|teamsize|p1|6
|teamsize|p2|6
|gen|8
|tier|[Gen 8] National Dex AG
|rated|
|rule|HP Percentage Mod: HP is shown in percentages
|rule|Endless Battle Clause: Forcing endless battles is banned
|clearpoke
|poke|p1|Zacian-*|
|poke|p1|Calyrex-Shadow|
|poke|p1|Rayquaza|
|poke|p1|Ditto|
|poke|p1|Yveltal|
|poke|p1|Arceus-*|
|poke|p2|Smeargle, M|
|poke|p2|Ditto|
|poke|p2|Arceus-*|
|poke|p2|Zacian-*|
|poke|p2|Deoxys-Speed|
|poke|p2|Marshadow|
|teampreview
|inactive|Battle timer is ON: inactive players will automatically lose when time's up. (requested by MRH1106)
|inactive|MRH1106 has 120 seconds left.
|inactive|MRH1106 has 90 seconds left.
|inactive|MRH1106 has 60 seconds left.
|
|t:|1657323595
|start
|switch|p1a: Hells dragon|Yveltal, shiny|100/100
|switch|p2a: Deoxys|Deoxys-Speed, shiny|100/100
|-ability|p2a: Deoxys|Pressure
|-ability|p1a: Hells dragon|Dark Aura
|turn|1
|
|t:|1657323602
|move|p2a: Deoxys|Taunt|p1a: Hells dragon
|-start|p1a: Hells dragon|move: Taunt
|move|p1a: Hells dragon|Oblivion Wing|p2a: Deoxys
|-damage|p2a: Deoxys|12/100
|-damage|p1a: Hells dragon|91/100|[from] item: Life Orb
|
|upkeep
|turn|2
|
|t:|1657323606
|move|p2a: Deoxys|Stealth Rock|p1a: Hells dragon
|-sidestart|p1: MRH1106|move: Stealth Rock
|move|p1a: Hells dragon|Oblivion Wing|p2a: Deoxys
|-damage|p2a: Deoxys|0 fnt
|-heal|p1a: Hells dragon|96/100|[from] drain|[of] p2a: Deoxys
|faint|p2a: Deoxys
|-damage|p1a: Hells dragon|86/100|[from] item: Life Orb
|
|upkeep
|
|t:|1657323615
|switch|p2a: Arceus|Arceus|100/100
|turn|3
|
|t:|1657323621
|-start|p1a: Hells dragon|Dynamax|
|-heal|p1a: Hells dragon|86/100|[silent]
|move|p1a: Hells dragon|Max Airstream|p2a: Arceus
|-damage|p2a: Arceus|58/100
|-boost|p1a: Hells dragon|spe|1
|-damage|p1a: Hells dragon|81/100|[from] item: Life Orb
|move|p2a: Arceus|Stone Edge|p1a: Hells dragon
|-supereffective|p1a: Hells dragon
|-damage|p1a: Hells dragon|42/100
|
|-end|p1a: Hells dragon|move: Taunt
|upkeep
|turn|4
|
|t:|1657323636
|move|p2a: Arceus|Extreme Speed|p1a: Hells dragon
|-damage|p1a: Hells dragon|19/100
|move|p1a: Hells dragon|Max Darkness|p2a: Arceus
|-damage|p2a: Arceus|0 fnt
|faint|p2a: Arceus
|-damage|p1a: Hells dragon|14/100|[from] item: Life Orb
|
|upkeep
|
|t:|1657323646
|switch|p2a: Ditto|Ditto|100/100
|-transform|p2a: Ditto|p1a: Hells dragon|[from] ability: Imposter
|-ability|p2a: Ditto|Dark Aura
|turn|5
|inactive|devil's secretary has 120 seconds left.
|
|t:|1657323671
|-start|p2a: Ditto|Dynamax|
|-heal|p2a: Ditto|100/100|[silent]
|move|p1a: Hells dragon|Max Airstream|p2a: Ditto
|-damage|p2a: Ditto|50/100
|-boost|p1a: Hells dragon|spe|1
|-damage|p1a: Hells dragon|9/100|[from] item: Life Orb
|move|p2a: Ditto|Max Airstream|p1a: Hells dragon
|-damage|p1a: Hells dragon|0 fnt
|-boost|p2a: Ditto|spe|1
|faint|p1a: Hells dragon
|
|upkeep
|
|t:|1657323674
|switch|p1a: Legit god|Arceus-Ground|100/100
|-damage|p1a: Legit god|94/100|[from] Stealth Rock
|turn|6
|
|t:|1657323678
|move|p2a: Ditto|Max Darkness|p1a: Legit god
|-damage|p1a: Legit god|48/100
|-unboost|p1a: Legit god|spd|1
|move|p1a: Legit god|Defog|p2a: Ditto
|-unboost|p2a: Ditto|evasion|1
|-sideend|p1: MRH1106|Stealth Rock|[from] move: Defog|[of] p1a: Legit god
|
|upkeep
|turn|7
|inactive|devil's secretary has 120 seconds left.
|
|t:|1657323716
|move|p2a: Ditto|Max Darkness|p1a: Legit god
|-damage|p1a: Legit god|1/100
|-unboost|p1a: Legit god|spd|1
|move|p1a: Legit god|Ice Beam|p2a: Ditto
|-supereffective|p2a: Ditto
|-damage|p2a: Ditto|23/100
|
|upkeep
|-end|p2a: Ditto|Dynamax
|-heal|p2a: Ditto|23/100|[silent]
|turn|8
|
|t:|1657323738
|move|p2a: Ditto|Sucker Punch||[still]
|-fail|p2a: Ditto
|move|p1a: Legit god|Recover|p1a: Legit god
|-heal|p1a: Legit god|51/100
|
|upkeep
|turn|9
|
|t:|1657323744
|switch|p2a: Zacian|Zacian-Crowned|100/100
|-ability|p2a: Zacian|Intrepid Sword|boost
|-boost|p2a: Zacian|atk|1
|move|p1a: Legit god|Recover|p1a: Legit god
|-heal|p1a: Legit god|100/100
|
|upkeep
|turn|10
|
|t:|1657323749
|move|p2a: Zacian|Behemoth Blade|p1a: Legit god
|-damage|p1a: Legit god|37/100
|move|p1a: Legit god|Judgment|p2a: Zacian
|-supereffective|p2a: Zacian
|-damage|p2a: Zacian|15/100
|
|upkeep
|turn|11
|inactive|devil's secretary has 120 seconds left.
|
|t:|1657323772
|move|p2a: Zacian|Behemoth Blade|p1a: Legit god
|-damage|p1a: Legit god|0 fnt
|faint|p1a: Legit god
|
|upkeep
|
|t:|1657323782
|switch|p1a: Fuck you <3|Ditto, shiny|100/100
|-transform|p1a: Fuck you <3|p2a: Zacian|[from] ability: Imposter
|-ability|p1a: Fuck you <3|Intrepid Sword|boost
|-boost|p1a: Fuck you <3|atk|1
|turn|12
|
|t:|1657323786
|move|p1a: Fuck you <3|Behemoth Blade|p2a: Zacian
|-damage|p2a: Zacian|0 fnt
|faint|p2a: Zacian
|
|upkeep
|
|t:|1657323790
|switch|p2a: Smeargle|Smeargle, M|100/100
|turn|13
|
|t:|1657323792
|move|p1a: Fuck you <3|Behemoth Blade|p2a: Smeargle
|-enditem|p2a: Smeargle|Focus Sash
|-damage|p2a: Smeargle|1/100
|move|p2a: Smeargle|Spore|p1a: Fuck you <3
|-status|p1a: Fuck you <3|slp|[from] move: Spore
|
|-ability|p2a: Smeargle|Moody|boost
|-boost|p2a: Smeargle|spd|2
|-unboost|p2a: Smeargle|spe|1
|upkeep
|turn|14
|
|t:|1657323797
|switch|p2a: Marshadow|Marshadow|100/100
|cant|p1a: Fuck you <3|slp
|
|upkeep
|turn|15
|
|t:|1657323803
|cant|p1a: Fuck you <3|slp
|move|p2a: Marshadow|Spectral Thief||[still]
|-clearpositiveboost|p1a: Fuck you <3|p2a: Marshadow|move: Spectral Thief
|-boost|p2a: Marshadow|atk|2
|-anim|p2a: Marshadow|Spectral Thief|p1a: Fuck you <3
|-damage|p1a: Fuck you <3|2/100 slp
|
|upkeep
|turn|16
|
|t:|1657323812
|move|p2a: Marshadow|Shadow Sneak|p1a: Fuck you <3
|-crit|p1a: Fuck you <3
|-damage|p1a: Fuck you <3|0 fnt
|faint|p1a: Fuck you <3
|
|upkeep
|
|t:|1657323817
|switch|p1a: Rayyyy|Rayquaza|100/100
|-ability|p1a: Rayyyy|Air Lock
|turn|17
|
|t:|1657323829
|detailschange|p1a: Rayyyy|Rayquaza-Mega
|-mega|p1a: Rayyyy|Rayquaza|
|-weather|DeltaStream|[from] ability: Delta Stream|[of] p1a: Rayyyy
|move|p2a: Marshadow|Spectral Thief|p1a: Rayyyy
|-damage|p1a: Rayyyy|6/100
|move|p1a: Rayyyy|Dragon Ascent|p2a: Marshadow
|-supereffective|p2a: Marshadow
|-enditem|p2a: Marshadow|Focus Sash
|-damage|p2a: Marshadow|1/100
|-unboost|p1a: Rayyyy|def|1
|-unboost|p1a: Rayyyy|spd|1
|
|-weather|DeltaStream|[upkeep]
|upkeep
|turn|18
|
|t:|1657323837
|move|p1a: Rayyyy|Extreme Speed|p2a: Marshadow
|-immune|p2a: Marshadow
|move|p2a: Marshadow|Shadow Sneak|p1a: Rayyyy
|-damage|p1a: Rayyyy|0 fnt
|faint|p1a: Rayyyy
|-weather|none
|
|upkeep
|inactive|MRH1106 has 120 seconds left.
|inactive|MRH1106 has 90 seconds left.
|
|t:|1657323913
|switch|p1a: YeeHaw~|Calyrex-Shadow|100/100
|-ability|p1a: YeeHaw~|As One
|-ability|p1a: YeeHaw~|Unnerve
|turn|19
|
|t:|1657323931
|switch|p1a: Knifepuppy|Zacian-Crowned|100/100
|-ability|p1a: Knifepuppy|Intrepid Sword|boost
|-boost|p1a: Knifepuppy|atk|1
|move|p2a: Marshadow|Shadow Sneak|p1a: Knifepuppy
|-damage|p1a: Knifepuppy|40/100
|
|upkeep
|turn|20
|inactive|MRH1106 has 90 seconds left.
|
|t:|1657323936
|move|p2a: Marshadow|Shadow Sneak|p1a: Knifepuppy
|-damage|p1a: Knifepuppy|0 fnt
|faint|p1a: Knifepuppy
|
|upkeep
|
|t:|1657323937
|switch|p1a: YeeHaw~|Calyrex-Shadow|100/100
|-ability|p1a: YeeHaw~|As One
|-ability|p1a: YeeHaw~|Unnerve
|turn|21
|
|t:|1657323940
|move|p2a: Marshadow|Shadow Sneak|p1a: YeeHaw~
|-supereffective|p1a: YeeHaw~
|-enditem|p1a: YeeHaw~|Focus Sash
|-damage|p1a: YeeHaw~|1/100
|move|p1a: YeeHaw~|Astral Barrage|p2a: Marshadow
|-supereffective|p2a: Marshadow
|-damage|p2a: Marshadow|0 fnt
|faint|p2a: Marshadow
|-ability|p1a: YeeHaw~|Grim Neigh|boost
|-boost|p1a: YeeHaw~|spa|1
|
|upkeep
|-message|MRH1106 forfeited.
|
|win|devil's secretary
|raw|MRH1106's rating: 1770 &rarr; <strong>1750</strong><br />(-20 for losing)
|raw|devil&apos;s secretary's rating: 1777 &rarr; <strong>1797</strong><br />(+20 for winning)
|l|☆MRH1106
