|j|☆Airen yeager
|j|☆Kenesitto
|t:|1638016061
|gametype|singles
|player|p1|Airen yeager|silver|1513
|player|p2|Kenesitto|red|1541
|teamsize|p1|6
|teamsize|p2|6
|gen|8
|tier|[Gen 8] National Dex AG
|rated|
|rule|HP Percentage Mod: HP is shown in percentages
|rule|Endless Battle Clause: Forcing endless battles is banned
|clearpoke
|poke|p1|Arceus-*|
|poke|p1|Zacian-*|
|poke|p1|Groudon|
|poke|p1|Yveltal|
|poke|p1|Rayquaza|
|poke|p1|Arceus-*|
|poke|p2|Marshadow|
|poke|p2|Arceus-*|
|poke|p2|Calyrex-Shadow|
|poke|p2|Eternatus|
|poke|p2|Zacian-*|
|poke|p2|Yveltal|
|teampreview
|
|t:|1638016068
|start
|switch|p1a: Arceus|Arceus-Ground, shiny|100/100
|switch|p2a: Bidóof|Arceus-Ground|100/100
|turn|1
|
|t:|1638016071
|move|p1a: Arceus|Magic Coat|p1a: Arceus
|-singleturn|p1a: Arceus|move: Magic Coat
|move|p2a: Bidóof|Ice Beam|p1a: Arceus
|-supereffective|p1a: Arceus
|-damage|p1a: Arceus|62/100
|
|upkeep
|turn|2
|
|t:|1638016076
|move|p2a: Bidóof|Ice Beam|p1a: Arceus
|-supereffective|p1a: Arceus
|-damage|p1a: Arceus|19/100
|move|p1a: Arceus|Ice Beam|p2a: Bidóof
|-supereffective|p2a: Bidóof
|-damage|p2a: Bidóof|65/100
|
|upkeep
|turn|3
|
|t:|1638016093
|switch|p1a: Zacian|Zacian-Crowned, shiny|100/100
|-ability|p1a: Zacian|Intrepid Sword|boost
|-boost|p1a: Zacian|atk|1
|move|p2a: Bidóof|Ice Beam|p1a: Zacian
|-resisted|p1a: Zacian
|-damage|p1a: Zacian|84/100
|
|upkeep
|turn|4
|
|t:|1638016102
|move|p1a: Zacian|Behemoth Blade|p2a: Bidóof
|-damage|p2a: Bidóof|0 fnt
|faint|p2a: Bidóof
|
|upkeep
|
|t:|1638016104
|switch|p2a: Shady Guy|Marshadow|100/100
|turn|5
|
|t:|1638016107
|switch|p1a: Yveltal|Yveltal|100/100
|-ability|p1a: Yveltal|Dark Aura
|move|p2a: Shady Guy|Spectral Thief|p1a: Yveltal
|-resisted|p1a: Yveltal
|-damage|p1a: Yveltal|78/100
|
|upkeep
|turn|6
|
|t:|1638016116
|switch|p2a: Doge|Zacian-Crowned|100/100
|-ability|p2a: Doge|Intrepid Sword|boost
|-boost|p2a: Doge|atk|1
|move|p1a: Yveltal|Oblivion Wing|p2a: Doge
|-resisted|p2a: Doge
|-damage|p2a: Doge|76/100
|-heal|p1a: Yveltal|93/100|[from] drain|[of] p2a: Doge
|-damage|p1a: Yveltal|83/100|[from] item: Life Orb
|
|upkeep
|turn|7
|
|t:|1638016124
|switch|p1a: Groudon|Groudon|100/100
|detailschange|p1a: Groudon|Groudon-Primal
|-primal|p1a: Groudon
|-weather|DesolateLand|[from] ability: Desolate Land|[of] p1a: Groudon
|move|p2a: Doge|Play Rough|p1a: Groudon
|-resisted|p1a: Groudon
|-damage|p1a: Groudon|70/100
|
|-weather|DesolateLand|[upkeep]
|upkeep
|turn|8
|
|t:|1638016132
|switch|p2a: Yveltal|Yveltal|100/100
|-ability|p2a: Yveltal|Dark Aura
|move|p1a: Groudon|Rock Tomb|p2a: Yveltal
|-supereffective|p2a: Yveltal
|-damage|p2a: Yveltal|47/100
|-unboost|p2a: Yveltal|spe|1
|
|-weather|DesolateLand|[upkeep]
|upkeep
|turn|9
|
|t:|1638016139
|move|p2a: Yveltal|Sucker Punch|p1a: Groudon
|-damage|p1a: Groudon|32/100
|-damage|p2a: Yveltal|37/100|[from] item: Life Orb
|move|p1a: Groudon|Rock Tomb|p2a: Yveltal
|-supereffective|p2a: Yveltal
|-damage|p2a: Yveltal|0 fnt
|faint|p2a: Yveltal
|
|-weather|DesolateLand|[upkeep]
|upkeep
|
|t:|1638016141
|switch|p2a: Horse|Calyrex-Shadow|100/100
|-ability|p2a: Horse|As One
|-ability|p2a: Horse|Unnerve
|turn|10
|
|t:|1638016146
|move|p2a: Horse|Astral Barrage|p1a: Groudon
|-crit|p1a: Groudon
|-damage|p1a: Groudon|0 fnt
|faint|p1a: Groudon
|-weather|none
|-ability|p2a: Horse|Grim Neigh|boost
|-boost|p2a: Horse|spa|1
|
|upkeep
|
|t:|1638016151
|switch|p1a: Yveltal|Yveltal|83/100
|-ability|p1a: Yveltal|Dark Aura
|turn|11
|
|t:|1638016155
|switch|p2a: D Killer|Eternatus|100/100
|-ability|p2a: D Killer|Pressure
|-start|p1a: Yveltal|Dynamax
|-heal|p1a: Yveltal|83/100|[silent]
|move|p1a: Yveltal|Max Airstream|p2a: D Killer
|-damage|p2a: D Killer|28/100
|-boost|p1a: Yveltal|spe|1
|-damage|p1a: Yveltal|78/100|[from] item: Life Orb
|
|upkeep
|turn|12
|
|t:|1638016162
|move|p2a: D Killer|Protect|p2a: D Killer
|-singleturn|p2a: D Killer|Protect
|move|p1a: Yveltal|Max Airstream|p2a: D Killer
|-zbroken|p2a: D Killer
|-damage|p2a: D Killer|12/100
|-boost|p1a: Yveltal|spe|1
|-damage|p1a: Yveltal|74/100|[from] item: Life Orb
|
|upkeep
|turn|13
|
|t:|1638016166
|move|p1a: Yveltal|Max Airstream|p2a: D Killer
|-damage|p2a: D Killer|0 fnt
|-boost|p1a: Yveltal|spe|1
|faint|p2a: D Killer
|-damage|p1a: Yveltal|69/100|[from] item: Life Orb
|
|-end|p1a: Yveltal|Dynamax
|-heal|p1a: Yveltal|69/100|[silent]
|upkeep
|
|t:|1638016169
|switch|p2a: Shady Guy|Marshadow|100/100
|turn|14
|
|t:|1638016174
|move|p1a: Yveltal|Oblivion Wing|p2a: Shady Guy
|-supereffective|p2a: Shady Guy
|-enditem|p2a: Shady Guy|Focus Sash
|-damage|p2a: Shady Guy|1/100
|-heal|p1a: Yveltal|100/100|[from] drain|[of] p2a: Shady Guy
|-damage|p1a: Yveltal|91/100|[from] item: Life Orb
|move|p2a: Shady Guy|Spectral Thief||[still]
|-clearpositiveboost|p1a: Yveltal|p2a: Shady Guy|move: Spectral Thief
|-boost|p2a: Shady Guy|spe|3
|-anim|p2a: Shady Guy|Spectral Thief|p1a: Yveltal
|-resisted|p1a: Yveltal
|-damage|p1a: Yveltal|67/100
|
|upkeep
|turn|15
|
|t:|1638016178
|move|p1a: Yveltal|Sucker Punch|p2a: Shady Guy
|-damage|p2a: Shady Guy|0 fnt
|faint|p2a: Shady Guy
|-damage|p1a: Yveltal|57/100|[from] item: Life Orb
|
|upkeep
|
|t:|1638016179
|switch|p2a: Doge|Zacian-Crowned|76/100
|-ability|p2a: Doge|Intrepid Sword|boost
|-boost|p2a: Doge|atk|1
|turn|16
|
|t:|1638016188
|move|p2a: Doge|Behemoth Blade|p1a: Yveltal
|-damage|p1a: Yveltal|0 fnt
|faint|p1a: Yveltal
|
|upkeep
|
|t:|1638016192
|switch|p1a: Zacian|Zacian-Crowned, shiny|84/100
|-ability|p1a: Zacian|Intrepid Sword|boost
|-boost|p1a: Zacian|atk|1
|turn|17
|
|t:|1638016195
|move|p2a: Doge|Behemoth Blade|p1a: Zacian
|-damage|p1a: Zacian|0 fnt
|faint|p1a: Zacian
|
|upkeep
|
|t:|1638016203
|switch|p1a: Arceus|Arceus-Ground, shiny|19/100
|turn|18
|
|t:|1638016216
|move|p2a: Doge|Sacred Sword|p1a: Arceus
|-damage|p1a: Arceus|0 fnt
|faint|p1a: Arceus
|
|upkeep
|
|t:|1638016220
|switch|p1a: Arceus|Arceus|100/100
|turn|19
|
|t:|1638016223
|move|p2a: Doge|Sacred Sword|p1a: Arceus
|-supereffective|p1a: Arceus
|-damage|p1a: Arceus|23/100
|move|p1a: Arceus|Earthquake|p2a: Doge
|-supereffective|p2a: Doge
|-damage|p2a: Doge|14/100
|
|upkeep
|turn|20
|
|t:|1638016227
|move|p2a: Doge|Sacred Sword|p1a: Arceus
|-supereffective|p1a: Arceus
|-damage|p1a: Arceus|0 fnt
|faint|p1a: Arceus
|
|upkeep
|
|t:|1638016230
|switch|p1a: Rayquaza|Rayquaza|100/100
|-ability|p1a: Rayquaza|Air Lock
|turn|21
|
|t:|1638016233
|detailschange|p1a: Rayquaza|Rayquaza-Mega
|-mega|p1a: Rayquaza|Rayquaza|
|-weather|DeltaStream|[from] ability: Delta Stream|[of] p1a: Rayquaza
|move|p1a: Rayquaza|Extreme Speed|p2a: Doge
|-resisted|p2a: Doge
|-damage|p2a: Doge|0 fnt
|faint|p2a: Doge
|-damage|p1a: Rayquaza|91/100|[from] item: Life Orb
|
|-weather|DeltaStream|[upkeep]
|upkeep
|
|t:|1638016236
|switch|p2a: Horse|Calyrex-Shadow|100/100
|-ability|p2a: Horse|As One
|-ability|p2a: Horse|Unnerve
|turn|22
|
|t:|1638016240
|move|p2a: Horse|Astral Barrage|p1a: Rayquaza
|-damage|p1a: Rayquaza|17/100
|move|p1a: Rayquaza|Scale Shot|p2a: Horse
|-damage|p2a: Horse|75/100
|-damage|p2a: Horse|47/100
|-damage|p2a: Horse|21/100
|-damage|p2a: Horse|0 fnt
|faint|p2a: Horse
|-hitcount|p2: Horse|4
|-damage|p1a: Rayquaza|7/100|[from] item: Life Orb
|
|win|Airen yeager
|raw|Airen yeager's rating: 1513 &rarr; <strong>1535</strong><br />(+22 for winning)
|raw|Kenesitto's rating: 1541 &rarr; <strong>1519</strong><br />(-22 for losing)
|l|☆Kenesitto
|c|☆Airen yeager|gg
