|j|☆Meet1234
|j|☆2miko
|t:|1606378691
|player|p1|Meet1234|acetrainer-gen4dp|1268
|player|p2|2miko|dawn|1199
|teamsize|p1|6
|teamsize|p2|6
|gametype|singles
|gen|8
|tier|[Gen 8] National Dex AG
|rated|
|clearpoke
|poke|p1|Zygarde|
|poke|p1|Rayquaza|
|poke|p1|Zacian-Crowned|
|poke|p1|Zacian-Crowned|
|poke|p1|Zygarde|
|poke|p1|Cloyster, M|
|poke|p2|Dragapult, M|
|poke|p2|Corsola-Galar, F|
|poke|p2|Swampert, M|
|poke|p2|Amoonguss, F|
|poke|p2|Bisharp, F|
|poke|p2|Mantine, M|
|rule|HP Percentage Mod: HP is shown in percentages
|rule|Endless Battle Clause: Forcing endless battles is banned
|teampreview
|inactive|Battle timer is ON: inactive players will automatically lose when time's up. (requested by Meet1234)
|j| Cmkckvkv
|
|t:|1606378701
|start
|switch|p1a: Cloyster|Cloyster, M|100/100
|switch|p2a: Corsola|Corsola-Galar, F|100/100
|turn|1
|
|t:|1606378711
|move|p1a: Cloyster|Toxic Spikes|p2a: Corsola
|-sidestart|p2: 2miko|move: Toxic Spikes
|move|p2a: Corsola|Will-O-Wisp|p1a: Cloyster
|-status|p1a: Cloyster|brn
|
|-damage|p1a: Cloyster|94/100 brn|[from] brn
|upkeep
|turn|2
|
|t:|1606378716
|move|p1a: Cloyster|Toxic Spikes|p2a: Corsola
|-sidestart|p2: 2miko|move: Toxic Spikes
|move|p2a: Corsola|Stealth Rock|p1a: Cloyster
|-sidestart|p1: Meet1234|move: Stealth Rock
|
|-damage|p1a: Cloyster|88/100 brn|[from] brn
|upkeep
|turn|3
|
|t:|1606378720
|move|p1a: Cloyster|Spikes|p2a: Corsola
|-sidestart|p2: 2miko|Spikes
|move|p2a: Corsola|Strength Sap|p1a: Cloyster
|-unboost|p1a: Cloyster|atk|1
|
|-damage|p1a: Cloyster|82/100 brn|[from] brn
|upkeep
|turn|4
|
|t:|1606378725
|move|p1a: Cloyster|Spikes|p2a: Corsola
|-sidestart|p2: 2miko|Spikes
|move|p2a: Corsola|Night Shade|p1a: Cloyster
|-damage|p1a: Cloyster|40/100 brn
|
|-damage|p1a: Cloyster|34/100 brn|[from] brn
|upkeep
|turn|5
|
|t:|1606378731
|move|p1a: Cloyster|Spikes|p2a: Corsola
|-sidestart|p2: 2miko|Spikes
|move|p2a: Corsola|Night Shade|p1a: Cloyster
|-damage|p1a: Cloyster|0 fnt
|faint|p1a: Cloyster
|
|upkeep
|
|t:|1606378751
|switch|p1a: Zygarde|Zygarde|100/100
|-damage|p1a: Zygarde|94/100|[from] Stealth Rock
|turn|6
|
|t:|1606378760
|-zpower|p1a: Zygarde
|move|p1a: Zygarde|Devastating Drake|p2a: Corsola|[zeffect]
|-damage|p2a: Corsola|45/100
|move|p2a: Corsola|Will-O-Wisp|p1a: Zygarde
|-status|p1a: Zygarde|brn
|
|-damage|p1a: Zygarde|88/100 brn|[from] brn
|upkeep
|turn|7
|
|t:|1606378771
|move|p2a: Corsola|Strength Sap|p1a: Zygarde
|-unboost|p1a: Zygarde|atk|1
|-heal|p2a: Corsola|100/100
|move|p1a: Zygarde|Dragon Tail|p2a: Corsola
|-damage|p2a: Corsola|95/100
|drag|p2a: Amoonguss|Amoonguss, F|100/100
|-sideend|p2: 2miko|move: Toxic Spikes|[of] p2a: Amoonguss
|-damage|p2a: Amoonguss|76/100|[from] Spikes
|
|-heal|p2a: Amoonguss|82/100|[from] item: Black Sludge
|-damage|p1a: Zygarde|82/100 brn|[from] brn
|upkeep
|turn|8
|
|t:|1606378789
|move|p1a: Zygarde|Dragon Dance|p1a: Zygarde
|-boost|p1a: Zygarde|atk|1
|-boost|p1a: Zygarde|spe|1
|move|p2a: Amoonguss|Giga Drain|p1a: Zygarde
|-damage|p1a: Zygarde|60/100 brn
|-heal|p2a: Amoonguss|91/100|[from] drain|[of] p1a: Zygarde
|
|-heal|p2a: Amoonguss|97/100|[from] item: Black Sludge
|-damage|p1a: Zygarde|53/100 brn|[from] brn
|upkeep
|turn|9
|
|t:|1606378797
|switch|p2a: Corsola|Corsola-Galar, F|95/100
|-damage|p2a: Corsola|70/100|[from] Spikes
|move|p1a: Zygarde|Dragon Dance|p1a: Zygarde
|-boost|p1a: Zygarde|atk|1
|-boost|p1a: Zygarde|spe|1
|
|-damage|p1a: Zygarde|47/100 brn|[from] brn
|-activate|p1a: Zygarde|ability: Power Construct
|detailschange|p1a: Zygarde|Zygarde-Complete
|-heal|p1a: Zygarde|67/100 brn|[silent]
|upkeep
|turn|10
|
|t:|1606378808
|move|p1a: Zygarde|Thousand Arrows|p2a: Corsola
|-damage|p2a: Corsola|53/100
|move|p2a: Corsola|Strength Sap|p1a: Zygarde
|-unboost|p1a: Zygarde|atk|1
|-heal|p2a: Corsola|100/100
|
|-damage|p1a: Zygarde|61/100 brn|[from] brn
|upkeep
|turn|11
|
|t:|1606378814
|move|p2a: Corsola|Night Shade|p1a: Zygarde
|-damage|p1a: Zygarde|44/100 brn
|move|p1a: Zygarde|Dragon Tail|p2a: Corsola
|-damage|p2a: Corsola|92/100
|drag|p2a: Swampert|Swampert, M|100/100
|-damage|p2a: Swampert|76/100|[from] Spikes
|
|-damage|p1a: Zygarde|37/100 brn|[from] brn
|upkeep
|turn|12
|
|t:|1606378824
|switch|p2a: Corsola|Corsola-Galar, F|92/100
|-damage|p2a: Corsola|68/100|[from] Spikes
|move|p1a: Zygarde|Thousand Arrows|p2a: Corsola
|-damage|p2a: Corsola|56/100
|-start|p1a: Zygarde|Disable|Thousand Arrows|[from] ability: Cursed Body|[of] p2a: Corsola
|
|-damage|p1a: Zygarde|31/100 brn|[from] brn
|upkeep
|turn|13
|
|t:|1606378833
|move|p1a: Zygarde|Outrage|p2a: Corsola
|-damage|p2a: Corsola|40/100
|move|p2a: Corsola|Strength Sap|p1a: Zygarde
|-unboost|p1a: Zygarde|atk|1
|-heal|p2a: Corsola|100/100
|
|-damage|p1a: Zygarde|25/100 brn|[from] brn
|upkeep
|turn|14
|
|t:|1606378841
|move|p1a: Zygarde|Outrage|p2a: Corsola|[from]lockedmove
|-damage|p2a: Corsola|89/100
|-start|p1a: Zygarde|confusion|[fatigue]
|move|p2a: Corsola|Night Shade|p1a: Zygarde
|-damage|p1a: Zygarde|8/100 brn
|
|-damage|p1a: Zygarde|1/100 brn|[from] brn
|upkeep
|turn|15
|
|t:|1606378849
|move|p2a: Corsola|Strength Sap|p1a: Zygarde
|-unboost|p1a: Zygarde|atk|1
|-heal|p2a: Corsola|100/100
|-activate|p1a: Zygarde|confusion
|-damage|p1a: Zygarde|0 fnt|[from] confusion
|faint|p1a: Zygarde
|
|upkeep
|
|t:|1606378873
|switch|p1a: Zacian|Zacian-Crowned|100/100
|-damage|p1a: Zacian|94/100|[from] Stealth Rock
|-ability|p1a: Zacian|Intrepid Sword|boost
|-boost|p1a: Zacian|atk|1
|turn|16
|
|t:|1606378878
|move|p1a: Zacian|Behemoth Blade|p2a: Corsola
|-damage|p2a: Corsola|35/100
|-start|p1a: Zacian|Disable|Behemoth Blade|[from] ability: Cursed Body|[of] p2a: Corsola
|move|p2a: Corsola|Will-O-Wisp|p1a: Zacian
|-status|p1a: Zacian|brn
|
|-damage|p1a: Zacian|88/100 brn|[from] brn
|upkeep
|turn|17
|
|t:|1606378890
|move|p1a: Zacian|Psychic Fangs|p2a: Corsola
|-damage|p2a: Corsola|19/100
|move|p2a: Corsola|Strength Sap|p1a: Zacian
|-unboost|p1a: Zacian|atk|1
|-heal|p2a: Corsola|100/100
|
|-damage|p1a: Zacian|82/100 brn|[from] brn
|upkeep
|turn|18
|
|t:|1606378899
|move|p1a: Zacian|Swords Dance|p1a: Zacian
|-boost|p1a: Zacian|atk|2
|move|p2a: Corsola|Night Shade|p1a: Zacian
|-damage|p1a: Zacian|51/100 brn
|
|-damage|p1a: Zacian|45/100 brn|[from] brn
|upkeep
|turn|19
|
|t:|1606378905
|move|p1a: Zacian|Wild Charge|p2a: Corsola
|-damage|p2a: Corsola|76/100
|-damage|p1a: Zacian|40/100 brn|[from] Recoil
|move|p2a: Corsola|Strength Sap|p1a: Zacian
|-unboost|p1a: Zacian|atk|1
|-heal|p2a: Corsola|100/100
|
|-damage|p1a: Zacian|34/100 brn|[from] brn
|-end|p1a: Zacian|Disable
|upkeep
|turn|20
|
|t:|1606378915
|move|p1a: Zacian|Behemoth Blade|p2a: Corsola
|-damage|p2a: Corsola|72/100
|move|p2a: Corsola|Strength Sap|p1a: Zacian
|-unboost|p1a: Zacian|atk|1
|-heal|p2a: Corsola|100/100
|
|-damage|p1a: Zacian|28/100 brn|[from] brn
|upkeep
|turn|21
|
|t:|1606378940
|move|p1a: Zacian|Behemoth Blade|p2a: Corsola
|-damage|p2a: Corsola|82/100
|-start|p1a: Zacian|Disable|Behemoth Blade|[from] ability: Cursed Body|[of] p2a: Corsola
|move|p2a: Corsola|Night Shade|p1a: Zacian
|-damage|p1a: Zacian|0 fnt
|faint|p1a: Zacian
|
|upkeep
|
|t:|1606378952
|switch|p1a: Zacian|Zacian-Crowned|100/100
|-damage|p1a: Zacian|94/100|[from] Stealth Rock
|-ability|p1a: Zacian|Intrepid Sword|boost
|-boost|p1a: Zacian|atk|1
|turn|22
|
|t:|1606378958
|move|p1a: Zacian|Behemoth Blade|p2a: Corsola
|-damage|p2a: Corsola|22/100
|-start|p1a: Zacian|Disable|Behemoth Blade|[from] ability: Cursed Body|[of] p2a: Corsola
|move|p2a: Corsola|Will-O-Wisp|p1a: Zacian
|-status|p1a: Zacian|brn
|
|-damage|p1a: Zacian|88/100 brn|[from] brn
|upkeep
|turn|23
|
|t:|1606378966
|move|p1a: Zacian|Play Rough|p2a: Corsola
|-damage|p2a: Corsola|0 fnt
|faint|p2a: Corsola
|
|-damage|p1a: Zacian|82/100 brn|[from] brn
|upkeep
|
|t:|1606378972
|switch|p2a: Mantine|Mantine, M|100/100
|turn|24
|
|t:|1606378980
|switch|p1a: Zygarde|Zygarde|100/100
|-damage|p1a: Zygarde|94/100|[from] Stealth Rock
|move|p2a: Mantine|Defog|p1a: Zygarde
|-unboost|p1a: Zygarde|evasion|1
|-sideend|p1: Meet1234|Stealth Rock|[from] move: Defog|[of] p2a: Mantine
|-sideend|p2: 2miko|Spikes|[from] move: Defog|[of] p2a: Mantine
|
|-heal|p1a: Zygarde|100/100|[from] item: Leftovers
|upkeep
|turn|25
|
|t:|1606378988
|move|p1a: Zygarde|Thousand Arrows|p2a: Mantine
|-damage|p2a: Mantine|62/100
|-start|p2a: Mantine|Smack Down
|move|p2a: Mantine|Toxic|p1a: Zygarde
|-status|p1a: Zygarde|tox
|
|-damage|p1a: Zygarde|94/100 tox|[from] psn
|upkeep
|turn|26
|
|t:|1606378995
|move|p1a: Zygarde|Thousand Arrows|p2a: Mantine
|-damage|p2a: Mantine|26/100
|move|p2a: Mantine|Defog|p1a: Zygarde
|-unboost|p1a: Zygarde|evasion|1
|
|-heal|p1a: Zygarde|100/100 tox|[from] item: Leftovers
|-damage|p1a: Zygarde|88/100 tox|[from] psn
|upkeep
|turn|27
|
|t:|1606379006
|move|p1a: Zygarde|Thousand Arrows|p2a: Mantine
|-damage|p2a: Mantine|0 fnt
|faint|p2a: Mantine
|
|-heal|p1a: Zygarde|94/100 tox|[from] item: Leftovers
|-damage|p1a: Zygarde|76/100 tox|[from] psn
|upkeep
|
|t:|1606379014
|switch|p2a: Swampert|Swampert, M|76/100
|turn|28
|
|t:|1606379020
|detailschange|p2a: Swampert|Swampert-Mega, M
|-mega|p2a: Swampert|Swampert|Swampertite
|-start|p1a: Zygarde|Dynamax
|-heal|p1a: Zygarde|76/100 tox|[silent]
|move|p2a: Swampert|Power-Up Punch|p1a: Zygarde
|-damage|p1a: Zygarde|71/100 tox
|-boost|p2a: Swampert|atk|1
|move|p1a: Zygarde|Max Quake|p2a: Swampert
|-damage|p2a: Swampert|36/100
|-boost|p1a: Zygarde|spd|1
|
|-heal|p1a: Zygarde|75/100 tox|[from] item: Leftovers
|-damage|p1a: Zygarde|62/100 tox|[from] psn
|upkeep
|turn|29
|
|t:|1606379038
|move|p2a: Swampert|Ice Punch|p1a: Zygarde
|-supereffective|p1a: Zygarde
|-damage|p1a: Zygarde|14/100 tox
|move|p1a: Zygarde|Max Quake|p2a: Swampert
|-damage|p2a: Swampert|0 fnt
|-boost|p1a: Zygarde|spd|1
|faint|p2a: Swampert
|
|-heal|p1a: Zygarde|17/100 tox|[from] item: Leftovers
|-damage|p1a: Zygarde|2/100 tox|[from] psn
|-activate|p1a: Zygarde|ability: Power Construct
|detailschange|p1a: Zygarde|Zygarde-Complete
|-heal|p1a: Zygarde|35/100 tox|[silent]
|upkeep
|
|t:|1606379055
|switch|p2a: Dragapult|Dragapult, M, shiny|100/100
|turn|30
|
|t:|1606379062
|-start|p2a: Dragapult|Dynamax
|-heal|p2a: Dragapult|100/100|[silent]
|move|p1a: Zygarde|Max Guard|p1a: Zygarde
|-singleturn|p1a: Zygarde|Max Guard
|move|p2a: Dragapult|Max Wyrmwind|p1a: Zygarde
|-activate|p1a: Zygarde|move: Max Guard
|
|-heal|p1a: Zygarde|38/100 tox|[from] item: Leftovers
|-damage|p1a: Zygarde|20/100 tox|[from] psn
|-end|p1a: Zygarde|Dynamax
|-heal|p1a: Zygarde|20/100 tox|[silent]
|upkeep
|turn|31
|
|t:|1606379071
|move|p2a: Dragapult|Max Wyrmwind|p1a: Zygarde
|-supereffective|p1a: Zygarde
|-damage|p1a: Zygarde|0 fnt
|faint|p1a: Zygarde
|
|upkeep
|
|t:|1606379077
|switch|p1a: Zacian|Zacian-Crowned|82/100 brn
|-ability|p1a: Zacian|Intrepid Sword|boost
|-boost|p1a: Zacian|atk|1
|turn|32
|
|t:|1606379084
|move|p1a: Zacian|Play Rough|p2a: Dragapult
|-supereffective|p2a: Dragapult
|-damage|p2a: Dragapult|38/100
|move|p2a: Dragapult|Max Flare|p1a: Zacian
|-supereffective|p1a: Zacian
|-damage|p1a: Zacian|17/100 brn
|-weather|SunnyDay
|
|-weather|SunnyDay|[upkeep]
|-damage|p1a: Zacian|11/100 brn|[from] brn
|-end|p2a: Dragapult|Dynamax
|-heal|p2a: Dragapult|38/100|[silent]
|upkeep
|turn|33
|
|t:|1606379098
|move|p1a: Zacian|Behemoth Blade|p2a: Dragapult
|-damage|p2a: Dragapult|0 fnt
|faint|p2a: Dragapult
|
|-weather|SunnyDay|[upkeep]
|-damage|p1a: Zacian|4/100 brn|[from] brn
|upkeep
|
|t:|1606379104
|switch|p2a: Bisharp|Bisharp, F|100/100
|turn|34
|
|t:|1606379110
|move|p2a: Bisharp|Sucker Punch|p1a: Zacian
|-resisted|p1a: Zacian
|-damage|p1a: Zacian|0 fnt
|-damage|p2a: Bisharp|91/100|[from] item: Life Orb
|faint|p1a: Zacian
|
|-weather|SunnyDay|[upkeep]
|upkeep
|
|t:|1606379114
|switch|p1a: Rayquaza|Rayquaza|100/100
|-ability|p1a: Rayquaza|Air Lock
|turn|35
|
|t:|1606379125
|detailschange|p1a: Rayquaza|Rayquaza-Mega
|-mega|p1a: Rayquaza|Rayquaza|
|-weather|DeltaStream|[from] ability: Delta Stream|[of] p1a: Rayquaza
|move|p1a: Rayquaza|Dragon Ascent|p2a: Bisharp
|-resisted|p2a: Bisharp
|-damage|p2a: Bisharp|38/100
|-unboost|p1a: Rayquaza|def|1
|-unboost|p1a: Rayquaza|spd|1
|move|p2a: Bisharp|Thunder Wave|p1a: Rayquaza
|-status|p1a: Rayquaza|par
|
|-weather|DeltaStream|[upkeep]
|upkeep
|turn|36
|
|t:|1606379137
|move|p2a: Bisharp|Knock Off|p1a: Rayquaza
|-damage|p1a: Rayquaza|12/100 par
|-enditem|p1a: Rayquaza|Choice Scarf|[from] move: Knock Off|[of] p2a: Bisharp
|-damage|p2a: Bisharp|28/100|[from] item: Life Orb
|move|p1a: Rayquaza|Dragon Ascent|p2a: Bisharp
|-resisted|p2a: Bisharp
|-damage|p2a: Bisharp|0 fnt
|-unboost|p1a: Rayquaza|def|1
|-unboost|p1a: Rayquaza|spd|1
|faint|p2a: Bisharp
|
|-weather|DeltaStream|[upkeep]
|upkeep
|
|t:|1606379143
|switch|p2a: Amoonguss|Amoonguss, F|100/100
|turn|37
|
|t:|1606379150
|move|p1a: Rayquaza|V-create|p2a: Amoonguss
|-supereffective|p2a: Amoonguss
|-damage|p2a: Amoonguss|0 fnt
|-unboost|p1a: Rayquaza|spe|1
|-unboost|p1a: Rayquaza|def|1
|-unboost|p1a: Rayquaza|spd|1
|faint|p2a: Amoonguss
|
|win|Meet1234
