|j|☆Hikhanh123
|j|☆Lunch haver
|t:|1602618701
|player|p1|Hikhanh123|red|1268
|player|p2|Lunch haver|lucas-gen4pt|1155
|teamsize|p1|6
|teamsize|p2|6
|gametype|singles
|gen|8
|tier|[Gen 8] National Dex AG
|rated|
|clearpoke
|poke|p1|Xurkitree|
|poke|p1|Lopunny, M|
|poke|p1|Gigalith, F|
|poke|p1|Shuckle, M|
|poke|p1|Eiscue, M|
|poke|p1|Barbaracle, M|
|poke|p2|Skarmory, F|
|poke|p2|Type: Null|
|poke|p2|Type: Null|
|poke|p2|Type: Null|
|poke|p2|Type: Null|
|poke|p2|Riolu, M|
|rule|HP Percentage Mod: HP is shown in percentages
|rule|Endless Battle Clause: Forcing endless battles is banned
|teampreview
|inactive|Battle timer is ON: inactive players will automatically lose when time's up. (requested by Hikhanh123)
|
|t:|1602618714
|start
|switch|p1a: Shuckle|Shuckle, M|100/100
|switch|p2a: da win con|Riolu, M|100/100
|turn|1
|
|t:|1602618719
|move|p2a: da win con|Dig||[still]
|-prepare|p2a: da win con|Dig
|move|p1a: Shuckle|Sticky Web|p2a: da win con
|-sidestart|p2: Lunch haver|move: Sticky Web
|
|upkeep
|turn|2
|
|t:|1602618727
|move|p2a: da win con|Dig|p1a: Shuckle|[from]lockedmove
|-damage|p1a: Shuckle|87/100
|-damage|p2a: da win con|84/100|[from] item: Rocky Helmet|[of] p1a: Shuckle
|move|p1a: Shuckle|Stealth Rock|p2a: da win con
|-sidestart|p2: Lunch haver|move: Stealth Rock
|
|upkeep
|turn|3
|
|t:|1602618742
|switch|p2a: 𝒂|Type: Null|100/100
|-activate|p2a: 𝒂|move: Sticky Web
|-unboost|p2a: 𝒂|spe|1
|-damage|p2a: 𝒂|88/100|[from] Stealth Rock
|move|p1a: Shuckle|Gyro Ball|p2a: 𝒂
|-damage|p2a: 𝒂|79/100
|
|upkeep
|turn|4
|
|t:|1602618750
|move|p2a: 𝒂|Toxic|p1a: Shuckle
|-status|p1a: Shuckle|tox
|move|p1a: Shuckle|Toxic|p2a: 𝒂
|-status|p2a: 𝒂|tox
|
|-damage|p2a: 𝒂|73/100 tox|[from] psn
|-damage|p1a: Shuckle|81/100 tox|[from] psn
|upkeep
|turn|5
|
|t:|1602618758
|move|p1a: Shuckle|Gyro Ball|p2a: 𝒂
|-damage|p2a: 𝒂|65/100 tox
|move|p2a: 𝒂|Roar|p1a: Shuckle
|drag|p1a: Gigalith|Gigalith, F|100/100
|
|-damage|p2a: 𝒂|53/100 tox|[from] psn
|upkeep
|turn|6
|
|t:|1602618765
|switch|p1a: Shuckle|Shuckle, M|81/100 tox
|move|p2a: 𝒂|Rest|p2a: 𝒂
|-status|p2a: 𝒂|slp|[from] move: Rest
|-heal|p2a: 𝒂|100/100 slp|[silent]
|
|-damage|p1a: Shuckle|75/100 tox|[from] psn
|upkeep
|turn|7
|
|t:|1602618777
|switch|p2a: skree|Skarmory, F|100/100
|-damage|p2a: skree|88/100|[from] Stealth Rock
|move|p1a: Shuckle|Gyro Ball|p2a: skree
|-resisted|p2a: skree
|-damage|p2a: skree|81/100
|-enditem|p2a: skree|Red Card|[of] p1a: Shuckle
|drag|p1a: Gigalith|Gigalith, F|100/100
|
|upkeep
|turn|8
|
|t:|1602618787
|switch|p1a: Lopunny|Lopunny, M|100/100
|move|p2a: skree|Stealth Rock|p1a: Lopunny
|-sidestart|p1: Hikhanh123|move: Stealth Rock
|
|upkeep
|turn|9
|
|t:|1602618795
|switch|p2a: da win con|Riolu, M|84/100
|-damage|p2a: da win con|78/100|[from] Stealth Rock
|-activate|p2a: da win con|move: Sticky Web
|-unboost|p2a: da win con|spe|1
|detailschange|p1a: Lopunny|Lopunny-Mega, M
|-mega|p1a: Lopunny|Lopunny|Lopunnite
|move|p1a: Lopunny|Fake Out|p2a: da win con
|-damage|p2a: da win con|28/100
|
|upkeep
|turn|10
|
|t:|1602618805
|move|p1a: Lopunny|Quick Attack|p2a: da win con
|-damage|p2a: da win con|0 fnt
|faint|p2a: da win con
|
|upkeep
|
|t:|1602618815
|switch|p2a: 𝓪|Type: Null|100/100
|-activate|p2a: 𝓪|move: Sticky Web
|-unboost|p2a: 𝓪|spe|1
|-damage|p2a: 𝓪|88/100|[from] Stealth Rock
|turn|11
|
|t:|1602618822
|-start|p2a: 𝓪|Dynamax
|-heal|p2a: 𝓪|88/100|[silent]
|move|p2a: 𝓪|Max Guard|p2a: 𝓪
|-singleturn|p2a: 𝓪|Max Guard
|move|p1a: Lopunny|Close Combat|p2a: 𝓪
|-activate|p2a: 𝓪|move: Max Guard
|
|upkeep
|turn|12
|
|t:|1602618828
|move|p2a: 𝓪|Max Guard|p2a: 𝓪
|-singleturn|p2a: 𝓪|Max Guard
|move|p1a: Lopunny|Close Combat|p2a: 𝓪
|-activate|p2a: 𝓪|move: Max Guard
|
|upkeep
|turn|13
|
|t:|1602618832
|move|p2a: 𝓪|Max Guard||[still]
|-fail|p2a: 𝓪
|move|p1a: Lopunny|Close Combat|p2a: 𝓪
|-supereffective|p2a: 𝓪
|-damage|p2a: 𝓪|59/100
|-unboost|p1a: Lopunny|def|1
|-unboost|p1a: Lopunny|spd|1
|
|-end|p2a: 𝓪|Dynamax
|-heal|p2a: 𝓪|59/100|[silent]
|upkeep
|turn|14
|
|t:|1602618848
|move|p1a: Lopunny|Close Combat|p2a: 𝓪
|-supereffective|p2a: 𝓪
|-damage|p2a: 𝓪|7/100
|-unboost|p1a: Lopunny|def|1
|-unboost|p1a: Lopunny|spd|1
|move|p2a: 𝓪|Toxic|p1a: Lopunny
|-status|p1a: Lopunny|tox
|
|-damage|p1a: Lopunny|95/100 tox|[from] psn
|upkeep
|turn|15
|
|t:|1602618857
|move|p1a: Lopunny|Quick Attack|p2a: 𝓪
|-damage|p2a: 𝓪|0 fnt
|faint|p2a: 𝓪
|
|-damage|p1a: Lopunny|83/100 tox|[from] psn
|upkeep
|
|t:|1602618867
|switch|p2a: skree|Skarmory, F|81/100
|-damage|p2a: skree|68/100|[from] Stealth Rock
|turn|16
|
|t:|1602618871
|switch|p1a: Barbaracle|Barbaracle, M|100/100
|-damage|p1a: Barbaracle|88/100|[from] Stealth Rock
|move|p2a: skree|Roost|p2a: skree
|-heal|p2a: skree|100/100
|-singleturn|p2a: skree|move: Roost
|
|upkeep
|turn|17
|
|t:|1602618879
|move|p1a: Barbaracle|Shell Smash|p1a: Barbaracle
|-unboost|p1a: Barbaracle|def|1
|-unboost|p1a: Barbaracle|spd|1
|-boost|p1a: Barbaracle|atk|2
|-boost|p1a: Barbaracle|spa|2
|-boost|p1a: Barbaracle|spe|2
|-enditem|p1a: Barbaracle|White Herb
|-clearnegativeboost|p1a: Barbaracle|[silent]
|move|p2a: skree|Whirlwind|p1a: Barbaracle
|drag|p1a: Lopunny|Lopunny-Mega, M|83/100 tox
|-damage|p1a: Lopunny|77/100 tox|[from] Stealth Rock
|
|-damage|p1a: Lopunny|71/100 tox|[from] psn
|upkeep
|turn|18
|
|t:|1602618892
|move|p1a: Lopunny|Fake Out|p2a: skree
|-resisted|p2a: skree
|-damage|p2a: skree|92/100
|cant|p2a: skree|flinch
|
|-damage|p1a: Lopunny|59/100 tox|[from] psn
|upkeep
|turn|19
|
|t:|1602618898
|move|p1a: Lopunny|Close Combat|p2a: skree
|-damage|p2a: skree|41/100
|-unboost|p1a: Lopunny|def|1
|-unboost|p1a: Lopunny|spd|1
|move|p2a: skree|Roost|p2a: skree
|-heal|p2a: skree|91/100
|-singleturn|p2a: skree|move: Roost
|
|-damage|p1a: Lopunny|41/100 tox|[from] psn
|upkeep
|turn|20
|
|t:|1602618909
|move|p1a: Lopunny|Close Combat|p2a: skree
|-damage|p2a: skree|42/100
|-unboost|p1a: Lopunny|def|1
|-unboost|p1a: Lopunny|spd|1
|move|p2a: skree|Roost|p2a: skree
|-heal|p2a: skree|92/100
|-singleturn|p2a: skree|move: Roost
|
|-damage|p1a: Lopunny|18/100 tox|[from] psn
|upkeep
|turn|21
|
|t:|1602618920
|switch|p1a: Eiscue|Eiscue, M|100/100
|-damage|p1a: Eiscue|76/100|[from] Stealth Rock
|move|p2a: skree|Roost|p2a: skree
|-heal|p2a: skree|100/100
|-singleturn|p2a: skree|move: Roost
|
|-heal|p1a: Eiscue|82/100|[from] item: Leftovers
|upkeep
|turn|22
|
|t:|1602618930
|move|p1a: Eiscue|Ice Punch|p2a: skree
|-damage|p2a: skree|79/100
|move|p2a: skree|Spikes|p1a: Eiscue
|-sidestart|p1: Hikhanh123|Spikes
|
|-heal|p1a: Eiscue|88/100|[from] item: Leftovers
|upkeep
|turn|23
|
|t:|1602618936
|move|p1a: Eiscue|Ice Punch|p2a: skree
|-damage|p2a: skree|53/100
|move|p2a: skree|Spikes|p1a: Eiscue
|-sidestart|p1: Hikhanh123|Spikes
|
|-heal|p1a: Eiscue|94/100|[from] item: Leftovers
|upkeep
|turn|24
|
|t:|1602618942
|move|p1a: Eiscue|Ice Punch|p2a: skree
|-damage|p2a: skree|29/100
|move|p2a: skree|Spikes|p1a: Eiscue
|-sidestart|p1: Hikhanh123|Spikes
|
|-heal|p1a: Eiscue|100/100|[from] item: Leftovers
|upkeep
|turn|25
|
|t:|1602618948
|-start|p1a: Eiscue|Dynamax
|-heal|p1a: Eiscue|100/100|[silent]
|move|p1a: Eiscue|Max Hailstorm|p2a: skree
|-damage|p2a: skree|0 fnt
|-weather|Hail
|faint|p2a: skree
|
|-weather|Hail|[upkeep]
|upkeep
|
|t:|1602618959
|switch|p2a: 𝒂|Type: Null|100/100 slp
|-activate|p2a: 𝒂|move: Sticky Web
|-unboost|p2a: 𝒂|spe|1
|-damage|p2a: 𝒂|88/100 slp|[from] Stealth Rock
|turn|26
|
|t:|1602618966
|move|p1a: Eiscue|Max Geyser|p2a: 𝒂
|-damage|p2a: 𝒂|73/100 slp
|-weather|RainDance
|cant|p2a: 𝒂|slp
|move|p2a: 𝒂|Sleep Talk|p2a: 𝒂
|move|p2a: 𝒂|Rest|p2a: 𝒂|[from]Sleep Talk
|-fail|p2a: 𝒂
|
|-weather|RainDance|[upkeep]
|upkeep
|turn|27
|
|t:|1602618974
|move|p1a: Eiscue|Max Geyser|p2a: 𝒂
|-damage|p2a: 𝒂|50/100 slp
|cant|p2a: 𝒂|slp
|move|p2a: 𝒂|Sleep Talk|p2a: 𝒂
|move|p2a: 𝒂|Rest|p2a: 𝒂|[from]Sleep Talk
|-fail|p2a: 𝒂
|
|-weather|RainDance|[upkeep]
|-end|p1a: Eiscue|Dynamax
|-heal|p1a: Eiscue|100/100|[silent]
|upkeep
|turn|28
|
|t:|1602618986
|move|p1a: Eiscue|Belly Drum|p1a: Eiscue
|-damage|p1a: Eiscue|51/100
|-setboost|p1a: Eiscue|atk|6|[from] move: Belly Drum
|-curestatus|p2a: 𝒂|slp|[msg]
|move|p2a: 𝒂|Toxic|p1a: Eiscue
|-status|p1a: Eiscue|tox
|
|-weather|RainDance|[upkeep]
|-heal|p1a: Eiscue|57/100 tox|[from] item: Leftovers
|-damage|p1a: Eiscue|51/100 tox|[from] psn
|upkeep
|turn|29
|
|t:|1602618996
|move|p1a: Eiscue|Agility|p1a: Eiscue
|-boost|p1a: Eiscue|spe|2
|move|p2a: 𝒂|Roar|p1a: Eiscue
|drag|p1a: Gigalith|Gigalith, F|100/100
|
|-weather|RainDance|[upkeep]
|upkeep
|turn|30
|
|t:|1602619006
|move|p2a: 𝒂|Toxic|p1a: Gigalith
|-status|p1a: Gigalith|tox
|move|p1a: Gigalith|Iron Head|p2a: 𝒂
|-damage|p2a: 𝒂|35/100
|
|-weather|none
|-damage|p1a: Gigalith|94/100 tox|[from] psn
|upkeep
|turn|31
|
|t:|1602619013
|move|p2a: 𝒂|Rest|p2a: 𝒂
|-status|p2a: 𝒂|slp|[from] move: Rest
|-heal|p2a: 𝒂|100/100 slp|[silent]
|move|p1a: Gigalith|Iron Head|p2a: 𝒂
|-damage|p2a: 𝒂|87/100 slp
|
|-damage|p1a: Gigalith|82/100 tox|[from] psn
|upkeep
|turn|32
|
|t:|1602619021
|cant|p2a: 𝒂|slp
|move|p2a: 𝒂|Sleep Talk|p2a: 𝒂
|move|p2a: 𝒂|Rest|p2a: 𝒂|[from]Sleep Talk
|-fail|p2a: 𝒂
|move|p1a: Gigalith|Explosion|p2a: 𝒂
|-damage|p2a: 𝒂|44/100 slp
|faint|p1a: Gigalith
|
|upkeep
|
|t:|1602619025
|switch|p1a: Lopunny|Lopunny-Mega, M|18/100 tox
|-damage|p1a: Lopunny|0 fnt|[from] Spikes
|faint|p1a: Lopunny
|
|t:|1602619033
|switch|p1a: Xurkitree|Xurkitree|100/100
|-damage|p1a: Xurkitree|76/100|[from] Spikes
|-damage|p1a: Xurkitree|63/100|[from] Stealth Rock
|turn|33
|
|t:|1602619038
|move|p1a: Xurkitree|Discharge|p2a: 𝒂
|-damage|p2a: 𝒂|14/100 slp
|cant|p2a: 𝒂|slp
|move|p2a: 𝒂|Sleep Talk|p2a: 𝒂
|move|p2a: 𝒂|Toxic|p1a: Xurkitree|[from]Sleep Talk
|-status|p1a: Xurkitree|tox
|
|-damage|p1a: Xurkitree|57/100 tox|[from] psn
|upkeep
|turn|34
|
|t:|1602619049
|switch|p2a: 𝒃|Type: Null|100/100
|-activate|p2a: 𝒃|move: Sticky Web
|-unboost|p2a: 𝒃|spe|1
|-damage|p2a: 𝒃|88/100|[from] Stealth Rock
|move|p1a: Xurkitree|Discharge|p2a: 𝒃
|-damage|p2a: 𝒃|67/100
|
|-damage|p1a: Xurkitree|45/100 tox|[from] psn
|upkeep
|turn|35
|
|t:|1602619061
|move|p1a: Xurkitree|Discharge|p2a: 𝒃
|-damage|p2a: 𝒃|43/100
|-status|p2a: 𝒃|par
|move|p2a: 𝒃|Roar|p1a: Xurkitree
|drag|p1a: Shuckle|Shuckle, M|75/100 tox
|-damage|p1a: Shuckle|50/100 tox|[from] Spikes
|-damage|p1a: Shuckle|25/100 tox|[from] Stealth Rock
|
|-damage|p1a: Shuckle|19/100 tox|[from] psn
|upkeep
|turn|36
|
|t:|1602619071
|cant|p2a: 𝒃|par
|move|p1a: Shuckle|Gyro Ball|p2a: 𝒃
|-damage|p2a: 𝒃|37/100 par
|
|-damage|p1a: Shuckle|7/100 tox|[from] psn
|upkeep
|turn|37
|
|t:|1602619077
|move|p2a: 𝒃|Rest|p2a: 𝒃
|-status|p2a: 𝒃|slp|[from] move: Rest
|-heal|p2a: 𝒃|100/100 slp|[silent]
|move|p1a: Shuckle|Gyro Ball|p2a: 𝒃
|-damage|p2a: 𝒃|89/100 slp
|
|-damage|p1a: Shuckle|0 fnt|[from] psn
|faint|p1a: Shuckle
|upkeep
|
|t:|1602619082
|switch|p1a: Barbaracle|Barbaracle, M|88/100
|-damage|p1a: Barbaracle|76/100|[from] Stealth Rock
|-damage|p1a: Barbaracle|51/100|[from] Spikes
|turn|38
|
|t:|1602619090
|move|p1a: Barbaracle|Shell Smash|p1a: Barbaracle
|-unboost|p1a: Barbaracle|def|1
|-unboost|p1a: Barbaracle|spd|1
|-boost|p1a: Barbaracle|atk|2
|-boost|p1a: Barbaracle|spa|2
|-boost|p1a: Barbaracle|spe|2
|cant|p2a: 𝒃|slp
|move|p2a: 𝒃|Sleep Talk|p2a: 𝒃
|move|p2a: 𝒃|Roar|p1a: Barbaracle|[from]Sleep Talk
|drag|p1a: Xurkitree|Xurkitree|45/100 tox
|-damage|p1a: Xurkitree|20/100 tox|[from] Spikes
|-damage|p1a: Xurkitree|8/100 tox|[from] Stealth Rock
|
|-damage|p1a: Xurkitree|1/100 tox|[from] psn
|upkeep
|turn|39
|
|t:|1602619103
|move|p1a: Xurkitree|Energy Ball|p2a: 𝒃
|-damage|p2a: 𝒃|73/100 slp
|cant|p2a: 𝒃|slp
|move|p2a: 𝒃|Sleep Talk|p2a: 𝒃
|move|p2a: 𝒃|Toxic|p1a: Xurkitree|[from]Sleep Talk
|-fail|p1a: Xurkitree|tox
|
|-damage|p1a: Xurkitree|0 fnt|[from] psn
|faint|p1a: Xurkitree
|upkeep
|
|t:|1602619108
|switch|p1a: Barbaracle|Barbaracle, M|51/100
|-damage|p1a: Barbaracle|26/100|[from] Spikes
|-damage|p1a: Barbaracle|14/100|[from] Stealth Rock
|turn|40
|
|t:|1602619117
|move|p1a: Barbaracle|Liquidation|p2a: 𝒃
|-damage|p2a: 𝒃|42/100 slp
|-curestatus|p2a: 𝒃|slp|[msg]
|move|p2a: 𝒃|Toxic|p1a: Barbaracle
|-status|p1a: Barbaracle|tox
|
|-damage|p1a: Barbaracle|8/100 tox|[from] psn
|upkeep
|turn|41
|
|t:|1602619125
|move|p1a: Barbaracle|Liquidation|p2a: 𝒃
|-damage|p2a: 𝒃|11/100
|move|p2a: 𝒃|Rest|p2a: 𝒃
|-status|p2a: 𝒃|slp|[from] move: Rest
|-heal|p2a: 𝒃|100/100 slp|[silent]
|
|-damage|p1a: Barbaracle|0 fnt|[from] psn
|faint|p1a: Barbaracle
|upkeep
|
|t:|1602619128
|switch|p1a: Eiscue|Eiscue, M|51/100 tox
|-damage|p1a: Eiscue|26/100 tox|[from] Spikes
|-damage|p1a: Eiscue|1/100 tox|[from] Stealth Rock
|turn|42
|-message|Hikhanh123 forfeited.
|
|win|Lunch haver
|l|☆Hikhanh123
|c|☆Lunch haver|gg
