|j|☆OneWithTheSnom
|j|☆theChikunEater
|t:|1667424131
|gametype|singles
|player|p1|OneWithTheSnom|gladion|1538
|player|p2|theChikunEater|guitarist|1551
|teamsize|p1|6
|teamsize|p2|6
|gen|8
|tier|[Gen 8] National Dex AG
|rated|
|rule|HP Percentage Mod: HP is shown in percentages
|rule|Endless Battle Clause: Forcing endless battles is banned
|clearpoke
|poke|p1|Zacian-*|
|poke|p1|Groudon|
|poke|p1|Calyrex-Shadow|
|poke|p1|Yveltal|
|poke|p1|Deoxys-Speed|
|poke|p1|Rayquaza|
|poke|p2|Smeargle, F|
|poke|p2|Smeargle, F|
|poke|p2|Lopunny, F|
|poke|p2|Bibarel, F|
|poke|p2|Ditto|
|poke|p2|Arceus-*|
|teampreview
|inactive|Battle timer is ON: inactive players will automatically lose when time's up. (requested by theChikunEater)
|inactive|OneWithTheSnom also wants the timer to be on.
|
|t:|1667424135
|start
|switch|p1a: Deoxys|Deoxys-Speed|100/100
|switch|p2a: Pasta|Ditto|100/100
|-ability|p1a: Deoxys|Pressure
|-transform|p2a: Pasta|p1a: Deoxys|[from] ability: Imposter
|-ability|p2a: Pasta|Pressure
|turn|1
|c|☆theChikunEater|glhf
|c|☆OneWithTheSnom|glhf
|
|t:|1667424148
|switch|p1a: Yveltal|Yveltal|100/100
|-ability|p1a: Yveltal|Dark Aura
|move|p2a: Pasta|Taunt|p1a: Yveltal
|-start|p1a: Yveltal|move: Taunt
|
|upkeep
|turn|2
|
|t:|1667424155
|move|p2a: Pasta|Taunt||[still]
|-fail|p2a: Pasta
|move|p1a: Yveltal|Foul Play|p2a: Pasta
|-supereffective|p2a: Pasta
|-crit|p2a: Pasta
|-damage|p2a: Pasta|0 fnt
|faint|p2a: Pasta
|
|upkeep
|
|t:|1667424160
|switch|p2a: Why?|Lopunny, F, shiny|100/100
|turn|3
|
|t:|1667424163
|detailschange|p2a: Why?|Lopunny-Mega, F, shiny
|-mega|p2a: Why?|Lopunny|Lopunnite
|move|p2a: Why?|Fake Out|p1a: Yveltal
|-damage|p1a: Yveltal|85/100
|cant|p1a: Yveltal|flinch
|
|-end|p1a: Yveltal|move: Taunt
|upkeep
|turn|4
|
|t:|1667424173
|move|p2a: Why?|High Jump Kick|p1a: Yveltal
|-damage|p1a: Yveltal|37/100
|move|p1a: Yveltal|Oblivion Wing|p2a: Why?
|-supereffective|p2a: Why?
|-damage|p2a: Why?|14/100
|-heal|p1a: Yveltal|76/100|[from] drain|[of] p2a: Why?
|
|upkeep
|turn|5
|
|t:|1667424181
|move|p1a: Yveltal|Sucker Punch|p2a: Why?
|-resisted|p2a: Why?
|-damage|p2a: Why?|0 fnt
|faint|p2a: Why?
|
|upkeep
|
|t:|1667424185
|switch|p2a: Wuzzy|Smeargle, F|100/100
|turn|6
|
|t:|1667424193
|move|p2a: Wuzzy|Shell Smash|p2a: Wuzzy
|-unboost|p2a: Wuzzy|def|1
|-unboost|p2a: Wuzzy|spd|1
|-boost|p2a: Wuzzy|atk|2
|-boost|p2a: Wuzzy|spa|2
|-boost|p2a: Wuzzy|spe|2
|move|p1a: Yveltal|Foul Play|p2a: Wuzzy
|-enditem|p2a: Wuzzy|Focus Sash
|-damage|p2a: Wuzzy|1/100
|
|-ability|p2a: Wuzzy|Moody|boost
|-boost|p2a: Wuzzy|atk|2
|-unboost|p2a: Wuzzy|def|1
|upkeep
|turn|7
|
|t:|1667424200
|move|p2a: Wuzzy|Spore|p1a: Yveltal
|-status|p1a: Yveltal|slp|[from] move: Spore
|cant|p1a: Yveltal|slp
|
|-ability|p2a: Wuzzy|Moody|boost
|-boost|p2a: Wuzzy|spd|2
|-unboost|p2a: Wuzzy|spe|1
|upkeep
|turn|8
|
|t:|1667424207
|switch|p1a: Deoxys|Deoxys-Speed|100/100
|-ability|p1a: Deoxys|Pressure
|move|p2a: Wuzzy|Baton Pass|p2a: Wuzzy
|
|t:|1667424224
|switch|p2a: Horsecokccc|Arceus|100/100|[from]move: Baton Pass
|
|upkeep
|turn|9
|
|t:|1667424237
|move|p2a: Horsecokccc|Judgment|p1a: Deoxys
|-enditem|p1a: Deoxys|Focus Sash
|-damage|p1a: Deoxys|1/100
|move|p1a: Deoxys|Stealth Rock|p2a: Horsecokccc
|-sidestart|p2: theChikunEater|move: Stealth Rock
|
|upkeep
|turn|10
|
|t:|1667424242
|move|p2a: Horsecokccc|Judgment|p1a: Deoxys
|-damage|p1a: Deoxys|0 fnt
|faint|p1a: Deoxys
|
|upkeep
|
|t:|1667424251
|switch|p1a: Rayquaza|Rayquaza|100/100
|-ability|p1a: Rayquaza|Air Lock
|turn|11
|
|t:|1667424259
|detailschange|p1a: Rayquaza|Rayquaza-Mega
|-mega|p1a: Rayquaza|Rayquaza|
|-weather|DeltaStream|[from] ability: Delta Stream|[of] p1a: Rayquaza
|-start|p2a: Horsecokccc|Dynamax|
|-heal|p2a: Horsecokccc|100/100|[silent]
|move|p2a: Horsecokccc|Max Steelspike|p1a: Rayquaza
|-damage|p1a: Rayquaza|17/100
|-boost|p2a: Horsecokccc|def|1
|move|p1a: Rayquaza|Dragon Dance|p1a: Rayquaza
|-boost|p1a: Rayquaza|atk|1
|-boost|p1a: Rayquaza|spe|1
|
|-weather|DeltaStream|[upkeep]
|upkeep
|turn|12
|
|t:|1667424271
|move|p2a: Horsecokccc|Max Mindstorm|p1a: Rayquaza
|-damage|p1a: Rayquaza|0 fnt
|-fieldstart|move: Psychic Terrain
|faint|p1a: Rayquaza
|-weather|none
|
|upkeep
|
|t:|1667424277
|switch|p1a: Zacian|Zacian-Crowned|100/100
|-ability|p1a: Zacian|Intrepid Sword|boost
|-boost|p1a: Zacian|atk|1
|turn|13
|
|t:|1667424282
|move|p2a: Horsecokccc|Max Steelspike|p1a: Zacian
|-damage|p1a: Zacian|22/100
|-boost|p2a: Horsecokccc|def|1
|move|p1a: Zacian|Behemoth Blade|p2a: Horsecokccc
|-damage|p2a: Horsecokccc|25/100
|
|upkeep
|-end|p2a: Horsecokccc|Dynamax
|-heal|p2a: Horsecokccc|25/100|[silent]
|turn|14
|
|t:|1667424296
|move|p2a: Horsecokccc|Judgment|p1a: Zacian
|-resisted|p1a: Zacian
|-damage|p1a: Zacian|0 fnt
|faint|p1a: Zacian
|
|upkeep
|
|t:|1667424301
|switch|p1a: Calyrex|Calyrex-Shadow|100/100
|-ability|p1a: Calyrex|As One
|-ability|p1a: Calyrex|Unnerve
|turn|15
|
|t:|1667424306
|-start|p1a: Calyrex|Dynamax|
|-heal|p1a: Calyrex|100/100|[silent]
|move|p2a: Horsecokccc|Judgment|p1a: Calyrex
|-immune|p1a: Calyrex
|move|p1a: Calyrex|Max Mindstorm|p2a: Horsecokccc
|-damage|p2a: Horsecokccc|0 fnt
|faint|p2a: Horsecokccc
|-ability|p1a: Calyrex|Grim Neigh|boost
|-boost|p1a: Calyrex|spa|1
|
|upkeep
|
|t:|1667424311
|switch|p2a: YES|Bibarel, F|100/100
|-damage|p2a: YES|88/100|[from] Stealth Rock
|turn|16
|
|t:|1667424320
|move|p1a: Calyrex|Max Mindstorm|p2a: YES
|-damage|p2a: YES|0 fnt
|faint|p2a: YES
|-ability|p1a: Calyrex|Grim Neigh|boost
|-boost|p1a: Calyrex|spa|1
|
|-fieldend|move: Psychic Terrain
|upkeep
|c|☆theChikunEater|gg
|c|☆OneWithTheSnom|gg
|
|t:|1667424326
|switch|p2a: Wuzzy|Smeargle, F|1/100
|-damage|p2a: Wuzzy|0 fnt|[from] Stealth Rock
|faint|p2a: Wuzzy
|
|t:|1667424328
|switch|p2a: Fuzzy|Smeargle, F|100/100
|-damage|p2a: Fuzzy|88/100|[from] Stealth Rock
|turn|17
|
|t:|1667424331
|move|p1a: Calyrex|Max Mindstorm|p2a: Fuzzy
|-damage|p2a: Fuzzy|0 fnt
|-fieldstart|move: Psychic Terrain
|faint|p2a: Fuzzy
|
|win|OneWithTheSnom
|raw|OneWithTheSnom's rating: 1538 &rarr; <strong>1560</strong><br />(+22 for winning)
|raw|theChikunEater's rating: 1573 &rarr; <strong>1551</strong><br />(-22 for losing)
