|j|☆Infinitus X
|j|☆1WeedBeard
|player|p1|Infinitus X|brawly|1492
|player|p2|1WeedBeard|lusamine-nihilego|1267
|teamsize|p1|6
|teamsize|p2|6
|gametype|singles
|gen|8
|tier|[Gen 8] National Dex AG
|rated|
|clearpoke
|poke|p1|Vivillon-Pokeball, F|
|poke|p1|Zacian-Crowned|
|poke|p1|Rayquaza|
|poke|p1|Ditto|
|poke|p1|Marshadow|
|poke|p1|Dragapult, M|
|poke|p2|Xerneas|
|poke|p2|Arceus-*|
|poke|p2|Smeargle, F|
|poke|p2|Marshadow|
|poke|p2|Groudon|
|poke|p2|Blaziken, M|
|rule|HP Percentage Mod: HP is shown in percentages
|teampreview
|inactive|Battle timer is ON: inactive players will automatically lose when time's up. (requested by 1WeedBeard)
|j|‽lIEchoIl
|
|start
|switch|p1a: Vivillon|Vivillon-Pokeball, F|100/100
|switch|p2a: Bussunda|Smeargle, F, shiny|100/100
|turn|1
|
|move|p1a: Vivillon|Substitute|p1a: Vivillon
|-start|p1a: Vivillon|Substitute
|-damage|p1a: Vivillon|76/100
|move|p2a: Bussunda|Spore||[still]
|-fail|p2a: Bussunda
|
|-heal|p1a: Vivillon|82/100|[from] item: Leftovers
|-ability|p2a: Bussunda|Moody|boost
|-boost|p2a: Bussunda|spe|2
|-unboost|p2a: Bussunda|spa|1
|upkeep
|turn|2
|
|move|p2a: Bussunda|Sticky Web|p1a: Vivillon
|-sidestart|p1: Infinitus X|move: Sticky Web
|move|p1a: Vivillon|Sleep Powder|p2a: Bussunda
|-status|p2a: Bussunda|slp|[from] move: Sleep Powder
|
|-heal|p1a: Vivillon|88/100|[from] item: Leftovers
|-ability|p2a: Bussunda|Moody|boost
|-boost|p2a: Bussunda|spe|2
|-unboost|p2a: Bussunda|atk|1
|upkeep
|turn|3
|
|switch|p2a: Agumon|Groudon, shiny|100/100
|detailschange|p2a: Agumon|Groudon-Primal, shiny
|-primal|p2a: Agumon
|-weather|DesolateLand|[from] ability: Desolate Land|[of] p2a: Agumon
|move|p1a: Vivillon|Quiver Dance|p1a: Vivillon
|-boost|p1a: Vivillon|spa|1
|-boost|p1a: Vivillon|spd|1
|-boost|p1a: Vivillon|spe|1
|
|-weather|DesolateLand|[upkeep]
|-heal|p1a: Vivillon|94/100|[from] item: Leftovers
|upkeep
|turn|4
|
|move|p1a: Vivillon|Sleep Powder|p2a: Agumon
|-status|p2a: Agumon|slp|[from] move: Sleep Powder
|cant|p2a: Agumon|slp
|
|-weather|DesolateLand|[upkeep]
|-heal|p1a: Vivillon|99/100|[from] item: Leftovers
|upkeep
|turn|5
|
|move|p1a: Vivillon|Hurricane|p2a: Agumon
|-damage|p2a: Agumon|37/100 slp
|-start|p2a: Agumon|confusion
|-curestatus|p2a: Agumon|slp|[msg]
|-activate|p2a: Agumon|confusion
|-damage|p2a: Agumon|26/100|[from] confusion
|
|-weather|DesolateLand|[upkeep]
|-heal|p1a: Vivillon|100/100|[from] item: Leftovers
|upkeep
|turn|6
|
|move|p1a: Vivillon|Sleep Powder|p2a: Agumon
|-status|p2a: Agumon|slp|[from] move: Sleep Powder
|cant|p2a: Agumon|slp
|
|-weather|DesolateLand|[upkeep]
|upkeep
|turn|7
|-message|1WeedBeard forfeited.
|
|win|Infinitus X
|l|☆1WeedBeard
|l|☆Infinitus X
|raw|Infinitus X's rating: 1492 &rarr; <strong>1500</strong><br />(+8 for winning)
|raw|1WeedBeard's rating: 1267 &rarr; <strong>1257</strong><br />(-10 for losing)
