|j|☆KINGJ345
|j|‽Chrisbensoo
|t:|1667751840
|gametype|singles
|player|p1|KINGJ345|266|1713
|player|p2|Chrisbensoo|winona|1788
|teamsize|p1|6
|teamsize|p2|6
|gen|8
|tier|[Gen 8] National Dex AG
|rated|
|rule|HP Percentage Mod: HP is shown in percentages
|rule|Endless Battle Clause: Forcing endless battles is banned
|clearpoke
|poke|p1|Kyogre|
|poke|p1|Groudon|
|poke|p1|Calyrex-Shadow|
|poke|p1|Necrozma-Dusk-Mane|
|poke|p1|Yveltal|
|poke|p1|Rayquaza|
|poke|p2|Magearna|
|poke|p2|Calyrex-Shadow|
|poke|p2|Arceus-*|
|poke|p2|Ho-Oh|
|poke|p2|Tyranitar, M|
|poke|p2|Necrozma-Dusk-Mane|
|teampreview
|inactive|Battle timer is ON: inactive players will automatically lose when time's up. (requested by Chrisbensoo)
|
|t:|1667751852
|start
|switch|p1a: Groudon|Groudon|100/100
|switch|p2a: Arceus|Arceus-Ground|100/100
|detailschange|p1a: Groudon|Groudon-Primal
|-primal|p1a: Groudon
|-weather|DesolateLand|[from] ability: Desolate Land|[of] p1a: Groudon
|turn|1
|
|t:|1667751860
|-weather|none
|switch|p1a: Kyogre|Kyogre|100/100
|detailschange|p1a: Kyogre|Kyogre-Primal
|-primal|p1a: Kyogre
|-weather|PrimordialSea|[from] ability: Primordial Sea|[of] p1a: Kyogre
|move|p2a: Arceus|Judgment|p1a: Kyogre
|-damage|p1a: Kyogre|78/100
|
|-weather|PrimordialSea|[upkeep]
|upkeep
|turn|2
|
|t:|1667751869
|switch|p2a: Magearna|Magearna|100/100
|move|p1a: Kyogre|Origin Pulse|p2a: Magearna
|-damage|p2a: Magearna|36/100
|
|-weather|PrimordialSea|[upkeep]
|-heal|p2a: Magearna|42/100|[from] item: Leftovers
|upkeep
|turn|3
|
|t:|1667751875
|move|p1a: Kyogre|Origin Pulse|p2a: Magearna
|-damage|p2a: Magearna|0 fnt
|faint|p2a: Magearna
|
|-weather|PrimordialSea|[upkeep]
|upkeep
|
|t:|1667751877
|switch|p2a: Calyrex|Calyrex-Shadow|100/100
|-ability|p2a: Calyrex|As One
|-ability|p2a: Calyrex|Unnerve
|turn|4
|
|t:|1667751883
|-weather|none
|switch|p1a: Yveltal|Yveltal|100/100
|-ability|p1a: Yveltal|Dark Aura
|move|p2a: Calyrex|Astral Barrage|p1a: Yveltal
|-resisted|p1a: Yveltal
|-damage|p1a: Yveltal|68/100
|
|upkeep
|turn|5
|
|t:|1667751893
|switch|p2a: Ho-Oh|Ho-Oh|100/100
|move|p1a: Yveltal|Knock Off|p2a: Ho-Oh
|-damage|p2a: Ho-Oh|68/100
|-enditem|p2a: Ho-Oh|Heavy-Duty Boots|[from] move: Knock Off|[of] p1a: Yveltal
|
|upkeep
|turn|6
|
|t:|1667751900
|switch|p1a: Groudon|Groudon-Primal|100/100
|-weather|DesolateLand|[from] ability: Desolate Land|[of] p1a: Groudon
|move|p2a: Ho-Oh|Toxic|p1a: Groudon
|-status|p1a: Groudon|tox
|
|-weather|DesolateLand|[upkeep]
|-damage|p1a: Groudon|94/100 tox|[from] psn
|upkeep
|turn|7
|
|t:|1667751916
|switch|p2a: Arceus|Arceus-Ground|100/100
|move|p1a: Groudon|Thunder Wave|p2a: Arceus
|-immune|p2a: Arceus
|
|-weather|DesolateLand|[upkeep]
|-damage|p1a: Groudon|82/100 tox|[from] psn
|upkeep
|turn|8
|j| ds des chats
|
|t:|1667751922
|switch|p2a: Calyrex|Calyrex-Shadow|100/100
|-ability|p2a: Calyrex|As One
|-ability|p2a: Calyrex|Unnerve
|-weather|none
|switch|p1a: Kyogre|Kyogre-Primal|78/100
|-weather|PrimordialSea|[from] ability: Primordial Sea|[of] p1a: Kyogre
|
|-weather|PrimordialSea|[upkeep]
|upkeep
|turn|9
|
|t:|1667751926
|-weather|none
|switch|p1a: Yveltal|Yveltal|68/100
|-ability|p1a: Yveltal|Dark Aura
|move|p2a: Calyrex|Astral Barrage|p1a: Yveltal
|-resisted|p1a: Yveltal
|-damage|p1a: Yveltal|40/100
|
|upkeep
|turn|10
|
|t:|1667751931
|switch|p2a: Ho-Oh|Ho-Oh|100/100
|move|p1a: Yveltal|Roost|p1a: Yveltal
|-heal|p1a: Yveltal|90/100
|-singleturn|p1a: Yveltal|move: Roost
|
|upkeep
|turn|11
|
|t:|1667751935
|switch|p1a: Necrozma|Necrozma-Dusk-Mane|100/100
|switch|p2a: Calyrex|Calyrex-Shadow|100/100
|-ability|p2a: Calyrex|As One
|-ability|p2a: Calyrex|Unnerve
|
|upkeep
|turn|12
|
|t:|1667751942
|switch|p1a: Yveltal|Yveltal|90/100
|-ability|p1a: Yveltal|Dark Aura
|move|p2a: Calyrex|Draining Kiss|p1a: Yveltal
|-supereffective|p1a: Yveltal
|-damage|p1a: Yveltal|57/100
|
|upkeep
|turn|13
|
|t:|1667751947
|switch|p2a: Tyranitar|Tyranitar, M, shiny|100/100
|-weather|Sandstorm|[from] ability: Sand Stream|[of] p2a: Tyranitar
|move|p1a: Yveltal|Roost|p1a: Yveltal
|-heal|p1a: Yveltal|100/100
|-singleturn|p1a: Yveltal|move: Roost
|
|-weather|Sandstorm|[upkeep]
|-damage|p1a: Yveltal|94/100|[from] Sandstorm
|upkeep
|turn|14
|
|t:|1667751952
|switch|p1a: Necrozma|Necrozma-Dusk-Mane|100/100
|move|p2a: Tyranitar|Stealth Rock|p1a: Necrozma
|-sidestart|p1: KINGJ345|move: Stealth Rock
|
|-weather|Sandstorm|[upkeep]
|upkeep
|turn|15
|
|t:|1667751956
|switch|p2a: Necrozma|Necrozma-Dusk-Mane, shiny|100/100
|move|p1a: Necrozma|Stealth Rock|p2a: Necrozma
|-sidestart|p2: Chrisbensoo|move: Stealth Rock
|
|-weather|Sandstorm|[upkeep]
|upkeep
|turn|16
|
|t:|1667751961
|switch|p1a: Groudon|Groudon-Primal|82/100 tox
|-damage|p1a: Groudon|70/100 tox|[from] Stealth Rock
|-weather|DesolateLand|[from] ability: Desolate Land|[of] p1a: Groudon
|detailschange|p2a: Necrozma|Necrozma-Ultra, shiny
|-burst|p2a: Necrozma|Necrozma|Ultranecrozium Z
|move|p2a: Necrozma|Dragon Dance|p2a: Necrozma
|-boost|p2a: Necrozma|atk|1
|-boost|p2a: Necrozma|spe|1
|
|-weather|DesolateLand|[upkeep]
|-damage|p1a: Groudon|63/100 tox|[from] psn
|upkeep
|turn|17
|
|t:|1667751967
|move|p2a: Necrozma|Earthquake|p1a: Groudon
|-supereffective|p1a: Groudon
|-crit|p1a: Groudon
|-damage|p1a: Groudon|0 fnt
|faint|p1a: Groudon
|-weather|none
|
|upkeep
|
|t:|1667751988
|switch|p1a: Kyogre|Kyogre-Primal|78/100
|-damage|p1a: Kyogre|66/100|[from] Stealth Rock
|-weather|PrimordialSea|[from] ability: Primordial Sea|[of] p1a: Kyogre
|turn|18
|
|t:|1667751992
|move|p2a: Necrozma|Photon Geyser|p1a: Kyogre
|-damage|p1a: Kyogre|0 fnt
|faint|p1a: Kyogre
|-weather|none
|
|upkeep
|
|t:|1667751999
|switch|p1a: Rayquaza|Rayquaza|100/100
|-damage|p1a: Rayquaza|75/100|[from] Stealth Rock
|-ability|p1a: Rayquaza|Air Lock
|turn|19
|
|t:|1667752004
|detailschange|p1a: Rayquaza|Rayquaza-Mega
|-mega|p1a: Rayquaza|Rayquaza|
|-weather|DeltaStream|[from] ability: Delta Stream|[of] p1a: Rayquaza
|move|p1a: Rayquaza|Outrage|p2a: Necrozma
|-supereffective|p2a: Necrozma
|-damage|p2a: Necrozma|0 fnt
|faint|p2a: Necrozma
|
|-weather|DeltaStream|[upkeep]
|upkeep
|
|t:|1667752011
|switch|p2a: Tyranitar|Tyranitar, M, shiny|100/100
|-damage|p2a: Tyranitar|88/100|[from] Stealth Rock
|-ability|p2a: Tyranitar|Sand Stream|[from] deltastream|[fail]
|turn|20
|
|t:|1667752018
|move|p1a: Rayquaza|Outrage|p2a: Tyranitar|[from]lockedmove
|-damage|p2a: Tyranitar|29/100
|move|p2a: Tyranitar|Rock Tomb|p1a: Rayquaza
|-activate||deltastream
|-damage|p1a: Rayquaza|50/100
|-unboost|p1a: Rayquaza|spe|1
|
|-weather|DeltaStream|[upkeep]
|-heal|p2a: Tyranitar|36/100|[from] item: Leftovers
|upkeep
|turn|21
|
|t:|1667752024
|move|p1a: Rayquaza|Outrage|p2a: Tyranitar|[from]lockedmove
|-crit|p2a: Tyranitar
|-damage|p2a: Tyranitar|0 fnt
|faint|p2a: Tyranitar
|-start|p1a: Rayquaza|confusion|[fatigue]
|
|-weather|DeltaStream|[upkeep]
|upkeep
|
|t:|1667752027
|switch|p2a: Arceus|Arceus-Ground|100/100
|-damage|p2a: Arceus|94/100|[from] Stealth Rock
|turn|22
|
|t:|1667752034
|-activate|p1a: Rayquaza|confusion
|move|p1a: Rayquaza|Outrage|p2a: Arceus
|-damage|p2a: Arceus|56/100
|move|p2a: Arceus|Ice Beam|p1a: Rayquaza
|-activate||deltastream
|-supereffective|p1a: Rayquaza
|-damage|p1a: Rayquaza|6/100
|
|-weather|DeltaStream|[upkeep]
|upkeep
|turn|23
|
|t:|1667752038
|-activate|p1a: Rayquaza|confusion
|move|p1a: Rayquaza|Outrage|p2a: Arceus|[from]lockedmove
|-damage|p2a: Arceus|17/100
|move|p2a: Arceus|Recover|p2a: Arceus
|-heal|p2a: Arceus|67/100
|
|-weather|DeltaStream|[upkeep]
|upkeep
|turn|24
|
|t:|1667752043
|-end|p1a: Rayquaza|confusion
|move|p1a: Rayquaza|Outrage|p2a: Arceus|[from]lockedmove
|-damage|p2a: Arceus|25/100
|-start|p1a: Rayquaza|confusion|[fatigue]
|move|p2a: Arceus|Recover|p2a: Arceus
|-heal|p2a: Arceus|75/100
|
|-weather|DeltaStream|[upkeep]
|upkeep
|turn|25
|
|t:|1667752050
|-weather|none
|switch|p1a: Necrozma|Necrozma-Dusk-Mane|100/100
|-damage|p1a: Necrozma|94/100|[from] Stealth Rock
|move|p2a: Arceus|Recover|p2a: Arceus
|-heal|p2a: Arceus|100/100
|
|-heal|p1a: Necrozma|100/100|[from] item: Leftovers
|upkeep
|turn|26
|
|t:|1667752055
|move|p2a: Arceus|Judgment|p1a: Necrozma
|-supereffective|p1a: Necrozma
|-damage|p1a: Necrozma|44/100
|move|p1a: Necrozma|Toxic|p2a: Arceus
|-status|p2a: Arceus|tox
|
|-heal|p1a: Necrozma|50/100|[from] item: Leftovers
|-damage|p2a: Arceus|94/100 tox|[from] psn
|upkeep
|turn|27
|
|t:|1667752062
|switch|p1a: Rayquaza|Rayquaza-Mega|6/100
|-damage|p1a: Rayquaza|0 fnt|[from] Stealth Rock
|faint|p1a: Rayquaza
|move|p2a: Arceus|Refresh|p2a: Arceus
|-curestatus|p2a: Arceus|tox|[msg]
|
|upkeep
|
|t:|1667752066
|switch|p1a: Calyrex|Calyrex-Shadow|100/100
|-ability|p1a: Calyrex|As One
|-ability|p1a: Calyrex|Unnerve
|-damage|p1a: Calyrex|88/100|[from] Stealth Rock
|turn|28
|
|t:|1667752070
|-start|p2a: Arceus|Dynamax|
|-heal|p2a: Arceus|94/100|[silent]
|move|p1a: Calyrex|Energy Ball|p2a: Arceus
|-supereffective|p2a: Arceus
|-damage|p2a: Arceus|72/100
|move|p2a: Arceus|Max Quake|p1a: Calyrex
|-damage|p1a: Calyrex|29/100
|-boost|p2a: Arceus|spd|1
|
|upkeep
|turn|29
|
|t:|1667752080
|-start|p1a: Calyrex|Dynamax|
|-heal|p1a: Calyrex|29/100|[silent]
|move|p1a: Calyrex|Max Overgrowth|p2a: Arceus
|-supereffective|p2a: Arceus
|-damage|p2a: Arceus|47/100
|-fieldstart|move: Grassy Terrain
|move|p2a: Arceus|Max Hailstorm|p1a: Calyrex
|-damage|p1a: Calyrex|12/100
|-weather|Hail
|
|-weather|Hail|[upkeep]
|-damage|p1a: Calyrex|9/100|[from] Hail
|-damage|p2a: Arceus|44/100|[from] Hail
|-heal|p1a: Calyrex|12/100|[from] Grassy Terrain
|-heal|p2a: Arceus|47/100|[from] Grassy Terrain
|upkeep
|turn|30
|
|t:|1667752089
|move|p1a: Calyrex|Max Overgrowth|p2a: Arceus
|-supereffective|p2a: Arceus
|-damage|p2a: Arceus|15/100
|move|p2a: Arceus|Max Quake|p1a: Calyrex
|-damage|p1a: Calyrex|0 fnt
|-boost|p2a: Arceus|spd|1
|faint|p1a: Calyrex
|
|-weather|Hail|[upkeep]
|-damage|p2a: Arceus|12/100|[from] Hail
|-heal|p2a: Arceus|15/100|[from] Grassy Terrain
|upkeep
|
|t:|1667752094
|switch|p1a: Yveltal|Yveltal|94/100
|-ability|p1a: Yveltal|Dark Aura
|-end|p2a: Arceus|Dynamax
|-heal|p2a: Arceus|15/100|[silent]
|turn|31
|
|t:|1667752096
|move|p2a: Arceus|Recover|p2a: Arceus
|-heal|p2a: Arceus|65/100
|move|p1a: Yveltal|Knock Off|p2a: Arceus
|-damage|p2a: Arceus|48/100
|
|-weather|Hail|[upkeep]
|-damage|p2a: Arceus|42/100|[from] Hail
|-damage|p1a: Yveltal|88/100|[from] Hail
|-heal|p2a: Arceus|48/100|[from] Grassy Terrain
|upkeep
|turn|32
|
|t:|1667752100
|move|p2a: Arceus|Recover|p2a: Arceus
|-heal|p2a: Arceus|98/100
|move|p1a: Yveltal|Knock Off|p2a: Arceus
|-damage|p2a: Arceus|81/100
|
|-weather|Hail|[upkeep]
|-damage|p2a: Arceus|75/100|[from] Hail
|-damage|p1a: Yveltal|82/100|[from] Hail
|-heal|p2a: Arceus|81/100|[from] Grassy Terrain
|upkeep
|turn|33
|
|t:|1667752105
|move|p2a: Arceus|Ice Beam|p1a: Yveltal
|-supereffective|p1a: Yveltal
|-damage|p1a: Yveltal|54/100
|move|p1a: Yveltal|Knock Off|p2a: Arceus
|-damage|p2a: Arceus|66/100
|
|-weather|none
|-heal|p2a: Arceus|72/100|[from] Grassy Terrain
|-fieldend|move: Grassy Terrain
|upkeep
|turn|34
|
|t:|1667752110
|move|p2a: Arceus|Recover|p2a: Arceus
|-heal|p2a: Arceus|100/100
|move|p1a: Yveltal|Oblivion Wing|p2a: Arceus
|-damage|p2a: Arceus|90/100
|-heal|p1a: Yveltal|62/100|[from] drain|[of] p2a: Arceus
|
|upkeep
|turn|35
|-message|KINGJ345 forfeited.
|
|win|Chrisbensoo
|raw|KINGJ345's rating: 1713 &rarr; <strong>1697</strong><br />(-16 for losing)
|raw|Chrisbensoo's rating: 1788 &rarr; <strong>1804</strong><br />(+16 for winning)
|l|☆KINGJ345
