|j|☆inoion
|j|☆Pr3ssur3
|t:|1652072223
|gametype|singles
|player|p1|inoion|tateandliza-gen6|1962
|player|p2|Pr3ssur3|schoolkid-gen4dp|1874
|teamsize|p1|6
|teamsize|p2|6
|gen|8
|tier|[Gen 8] National Dex AG
|rated|
|rule|HP Percentage Mod: HP is shown in percentages
|rule|Endless Battle Clause: Forcing endless battles is banned
|clearpoke
|poke|p1|Necrozma-Dusk-Mane|
|poke|p1|Yveltal|
|poke|p1|Arceus-*|
|poke|p1|Arceus-*|
|poke|p1|Rayquaza|
|poke|p1|Arceus-*|
|poke|p2|Arceus-*|
|poke|p2|Necrozma-Dusk-Mane|
|poke|p2|Arceus-*|
|poke|p2|Groudon, L99|
|poke|p2|Rayquaza|
|poke|p2|Yveltal|
|teampreview
|inactive|Battle timer is ON: inactive players will automatically lose when time's up. (requested by Pr3ssur3)
|
|t:|1652072235
|start
|switch|p1a: Arceus|Arceus-Electric|100/100
|switch|p2a: Arceus|Arceus-Water|100/100
|turn|1
|
|t:|1652072242
|move|p2a: Arceus|Toxic|p1a: Arceus
|-status|p1a: Arceus|tox
|move|p1a: Arceus|Ice Beam|p2a: Arceus
|-resisted|p2a: Arceus
|-damage|p2a: Arceus|88/100
|-status|p2a: Arceus|frz
|
|-damage|p1a: Arceus|94/100 tox|[from] psn
|upkeep
|turn|2
|
|t:|1652072249
|switch|p2a: Groudon|Groudon, L99, shiny|100/100
|detailschange|p2a: Groudon|Groudon-Primal, L99, shiny
|-primal|p2a: Groudon
|-weather|DesolateLand|[from] ability: Desolate Land|[of] p2a: Groudon
|move|p1a: Arceus|Ice Beam|p2a: Groudon
|-damage|p2a: Groudon|79/100
|
|-weather|DesolateLand|[upkeep]
|-damage|p1a: Arceus|82/100 tox|[from] psn
|upkeep
|turn|3
|
|t:|1652072256
|switch|p1a: Arceus|Arceus-Ground|100/100
|move|p2a: Groudon|Stealth Rock|p1a: Arceus
|-sidestart|p1: inoion|move: Stealth Rock
|
|-weather|DesolateLand|[upkeep]
|upkeep
|turn|4
|
|t:|1652072263
|-weather|none
|switch|p2a: Yveltal|Yveltal, shiny|100/100
|-ability|p2a: Yveltal|Dark Aura
|move|p1a: Arceus|Ice Beam|p2a: Yveltal
|-supereffective|p2a: Yveltal
|-damage|p2a: Yveltal|71/100
|
|upkeep
|turn|5
|
|t:|1652072269
|switch|p1a: Arceus|Arceus-Water|100/100
|-damage|p1a: Arceus|88/100|[from] Stealth Rock
|move|p2a: Yveltal|Roost|p2a: Yveltal
|-heal|p2a: Yveltal|100/100
|-singleturn|p2a: Yveltal|move: Roost
|
|upkeep
|turn|6
|
|t:|1652072275
|switch|p2a: Arceus|Arceus-Water|88/100 frz
|move|p1a: Arceus|Defog|p2a: Arceus
|-unboost|p2a: Arceus|evasion|1
|-sideend|p1: inoion|Stealth Rock|[from] move: Defog|[of] p1a: Arceus
|
|upkeep
|turn|7
|
|t:|1652072282
|switch|p1a: Necrozma|Necrozma-Dusk-Mane|100/100
|cant|p2a: Arceus|frz
|
|upkeep
|turn|8
|
|t:|1652072289
|switch|p2a: Rayquaza|Rayquaza|100/100
|-ability|p2a: Rayquaza|Air Lock
|move|p1a: Necrozma|Dragon Dance|p1a: Necrozma
|-boost|p1a: Necrozma|atk|1
|-boost|p1a: Necrozma|spe|1
|
|upkeep
|turn|9
|
|t:|1652072309
|detailschange|p2a: Rayquaza|Rayquaza-Mega
|-mega|p2a: Rayquaza|Rayquaza|
|-weather|DeltaStream|[from] ability: Delta Stream|[of] p2a: Rayquaza
|move|p1a: Necrozma|Photon Geyser|p2a: Rayquaza
|-damage|p2a: Rayquaza|0 fnt
|faint|p2a: Rayquaza
|-weather|none
|
|upkeep
|
|t:|1652072315
|switch|p2a: Yveltal|Yveltal, shiny|100/100
|-ability|p2a: Yveltal|Dark Aura
|turn|10
|
|t:|1652072319
|detailschange|p1a: Necrozma|Necrozma-Ultra
|-burst|p1a: Necrozma|Necrozma|Ultranecrozium Z
|move|p1a: Necrozma|Stone Edge|p2a: Yveltal
|-supereffective|p2a: Yveltal
|-crit|p2a: Yveltal
|-damage|p2a: Yveltal|0 fnt
|faint|p2a: Yveltal
|
|upkeep
|-message|Pr3ssur3 forfeited.
|
|win|inoion
|raw|inoion's rating: 1968 &rarr; <strong>1983</strong><br />(+15 for winning)
|raw|Pr3ssur3's rating: 1884 &rarr; <strong>1869</strong><br />(-15 for losing)
|l|☆Pr3ssur3
|j|☆Pr3ssur3
|player|p2|Pr3ssur3|schoolkid-gen4dp
