|j|☆JAY100064
|j|☆Fudo Nomura
|t:|1623005191
|gametype|singles
|player|p1|JAY100064|preschooler|1440
|player|p2|Fudo Nomura|palmer|1499
|teamsize|p1|6
|teamsize|p2|6
|gen|8
|tier|[Gen 8] National Dex AG
|rated|
|rule|HP Percentage Mod: HP is shown in percentages
|rule|Endless Battle Clause: Forcing endless battles is banned
|clearpoke
|poke|p1|Arceus-*|
|poke|p1|Ferrothorn, M|
|poke|p1|Giratina|
|poke|p1|Sableye, F|
|poke|p1|Clefable, M|
|poke|p1|Ho-Oh|
|poke|p2|Groudon|
|poke|p2|Rayquaza|
|poke|p2|Eternatus|
|poke|p2|Melmetal|
|poke|p2|Ferrothorn, M|
|poke|p2|Yveltal|
|teampreview
|
|t:|1623005198
|start
|switch|p1a: Sableye|Sableye, F, shiny|100/100
|switch|p2a: Rayquaza|Rayquaza|100/100
|-ability|p2a: Rayquaza|Air Lock
|turn|1
|
|t:|1623005213
|detailschange|p2a: Rayquaza|Rayquaza-Mega
|-mega|p2a: Rayquaza|Rayquaza|
|-weather|DeltaStream|[from] ability: Delta Stream|[of] p2a: Rayquaza
|move|p1a: Sableye|Fake Out|p2a: Rayquaza
|-damage|p2a: Rayquaza|93/100
|cant|p2a: Rayquaza|flinch
|
|-weather|DeltaStream|[upkeep]
|upkeep
|turn|2
|
|t:|1623005232
|detailschange|p1a: Sableye|Sableye-Mega, F, shiny
|-mega|p1a: Sableye|Sableye|Sablenite
|move|p2a: Rayquaza|Dragon Ascent|p1a: Sableye
|-damage|p1a: Sableye|2/100
|-unboost|p2a: Rayquaza|def|1
|-unboost|p2a: Rayquaza|spd|1
|move|p1a: Sableye|Foul Play|p2a: Rayquaza
|-damage|p2a: Rayquaza|0 fnt
|faint|p2a: Rayquaza
|-weather|none
|
|upkeep
|
|t:|1623005245
|switch|p2a: Yveltal|Yveltal|100/100
|-ability|p2a: Yveltal|Dark Aura
|turn|3
|inactive|Battle timer is ON: inactive players will automatically lose when time's up. (requested by Fudo Nomura)
|
|t:|1623005266
|switch|p1a: Arceus|Arceus-Ground, shiny|100/100
|move|p2a: Yveltal|Knock Off|p1a: Arceus
|-damage|p1a: Arceus|80/100
|
|upkeep
|turn|4
|
|t:|1623005282
|move|p1a: Arceus|Stealth Rock|p2a: Yveltal
|-sidestart|p2: Fudo Nomura|move: Stealth Rock
|move|p2a: Yveltal|Dark Pulse|p1a: Arceus
|-damage|p1a: Arceus|46/100
|
|upkeep
|turn|5
|
|t:|1623005289
|move|p1a: Arceus|Recover|p1a: Arceus
|-heal|p1a: Arceus|96/100
|move|p2a: Yveltal|Dark Pulse|p1a: Arceus
|-damage|p1a: Arceus|59/100
|
|upkeep
|turn|6
|
|t:|1623005295
|move|p1a: Arceus|Recover|p1a: Arceus
|-heal|p1a: Arceus|100/100
|move|p2a: Yveltal|Oblivion Wing|p1a: Arceus
|-damage|p1a: Arceus|71/100
|
|upkeep
|turn|7
|
|t:|1623005309
|switch|p2a: Ferrothorn|Ferrothorn, M|100/100
|-damage|p2a: Ferrothorn|94/100|[from] Stealth Rock
|move|p1a: Arceus|Ice Beam|p2a: Ferrothorn
|-damage|p2a: Ferrothorn|77/100
|
|-heal|p2a: Ferrothorn|83/100|[from] item: Leftovers
|upkeep
|turn|8
|
|t:|1623005325
|switch|p1a: Ho-Oh|Ho-Oh, shiny|100/100
|move|p2a: Ferrothorn|Stealth Rock|p1a: Ho-Oh
|-sidestart|p1: JAY100064|move: Stealth Rock
|
|-heal|p2a: Ferrothorn|89/100|[from] item: Leftovers
|upkeep
|turn|9
|
|t:|1623005338
|move|p2a: Ferrothorn|Protect|p2a: Ferrothorn
|-singleturn|p2a: Ferrothorn|Protect
|move|p1a: Ho-Oh|Toxic|p2a: Ferrothorn
|-activate|p2a: Ferrothorn|move: Protect
|
|-heal|p2a: Ferrothorn|95/100|[from] item: Leftovers
|upkeep
|turn|10
|
|t:|1623005346
|move|p1a: Ho-Oh|Sacred Fire|p2a: Ferrothorn
|-supereffective|p2a: Ferrothorn
|-damage|p2a: Ferrothorn|0 fnt
|faint|p2a: Ferrothorn
|
|upkeep
|
|t:|1623005349
|switch|p2a: Eternatus|Eternatus|100/100
|-damage|p2a: Eternatus|88/100|[from] Stealth Rock
|-ability|p2a: Eternatus|Pressure
|turn|11
|
|t:|1623005377
|switch|p1a: Clefable|Clefable, M, shiny|100/100
|-damage|p1a: Clefable|88/100|[from] Stealth Rock
|move|p2a: Eternatus|Sludge Bomb|p1a: Clefable
|-supereffective|p1a: Clefable
|-damage|p1a: Clefable|24/100
|-status|p1a: Clefable|psn
|
|-heal|p1a: Clefable|30/100 psn|[from] item: Leftovers
|-damage|p1a: Clefable|18/100 psn|[from] psn
|upkeep
|turn|12
|
|t:|1623005392
|move|p1a: Clefable|Protect|p1a: Clefable
|-singleturn|p1a: Clefable|Protect
|move|p2a: Eternatus|Flamethrower|p1a: Clefable
|-activate|p1a: Clefable|move: Protect
|
|-heal|p1a: Clefable|24/100 psn|[from] item: Leftovers
|-damage|p1a: Clefable|11/100 psn|[from] psn
|upkeep
|turn|13
|
|t:|1623005401
|move|p2a: Eternatus|Flamethrower|p1a: Clefable
|-crit|p1a: Clefable
|-damage|p1a: Clefable|0 fnt
|faint|p1a: Clefable
|
|upkeep
|
|t:|1623005406
|switch|p1a: Arceus|Arceus-Ground, shiny|71/100
|-damage|p1a: Arceus|65/100|[from] Stealth Rock
|turn|14
|
|t:|1623005411
|move|p2a: Eternatus|Flamethrower|p1a: Arceus
|-damage|p1a: Arceus|43/100
|move|p1a: Arceus|Ice Beam|p2a: Eternatus
|-supereffective|p2a: Eternatus
|-damage|p2a: Eternatus|42/100
|
|upkeep
|turn|15
|
|t:|1623005423
|move|p2a: Eternatus|Recover|p2a: Eternatus
|-heal|p2a: Eternatus|92/100
|move|p1a: Arceus|Recover|p1a: Arceus
|-heal|p1a: Arceus|93/100
|
|upkeep
|turn|16
|
|t:|1623005432
|move|p2a: Eternatus|Sludge Bomb|p1a: Arceus
|-resisted|p1a: Arceus
|-damage|p1a: Arceus|75/100
|move|p1a: Arceus|Judgment|p2a: Eternatus
|-supereffective|p2a: Eternatus
|-damage|p2a: Eternatus|0 fnt
|faint|p2a: Eternatus
|
|upkeep
|
|t:|1623005441
|switch|p2a: Melmetal|Melmetal|100/100
|-damage|p2a: Melmetal|94/100|[from] Stealth Rock
|turn|17
|
|t:|1623005452
|switch|p1a: Giratina|Giratina, shiny|100/100
|-damage|p1a: Giratina|88/100|[from] Stealth Rock
|-ability|p1a: Giratina|Pressure
|move|p2a: Melmetal|Body Slam|p1a: Giratina
|-immune|p1a: Giratina
|
|-heal|p1a: Giratina|94/100|[from] item: Leftovers
|upkeep
|turn|18
|
|t:|1623005466
|move|p1a: Giratina|Defog|p2a: Melmetal
|-unboost|p2a: Melmetal|evasion|1
|-sideend|p2: Fudo Nomura|Stealth Rock|[from] move: Defog|[of] p1a: Giratina
|-sideend|p1: JAY100064|Stealth Rock|[from] move: Defog|[of] p1a: Giratina
|move|p2a: Melmetal|Double Iron Bash|p1a: Giratina
|-damage|p1a: Giratina|80/100
|-damage|p1a: Giratina|65/100
|-hitcount|p1a: Giratina|2
|
|-heal|p1a: Giratina|71/100|[from] item: Leftovers
|upkeep
|turn|19
|
|t:|1623005484
|move|p1a: Giratina|Rest|p1a: Giratina
|-status|p1a: Giratina|slp|[from] move: Rest
|-heal|p1a: Giratina|100/100 slp|[silent]
|move|p2a: Melmetal|Earthquake|p1a: Giratina
|-damage|p1a: Giratina|87/100 slp
|
|-heal|p1a: Giratina|93/100 slp|[from] item: Leftovers
|upkeep
|turn|20
|
|t:|1623005497
|switch|p1a: Ho-Oh|Ho-Oh, shiny|100/100
|switch|p2a: Groudon|Groudon|100/100
|detailschange|p2a: Groudon|Groudon-Primal
|-primal|p2a: Groudon
|-weather|DesolateLand|[from] ability: Desolate Land|[of] p2a: Groudon
|
|-weather|DesolateLand|[upkeep]
|upkeep
|turn|21
|
|t:|1623005511
|switch|p1a: Arceus|Arceus-Ground, shiny|75/100
|move|p2a: Groudon|Toxic|p1a: Arceus
|-status|p1a: Arceus|tox
|
|-weather|DesolateLand|[upkeep]
|-damage|p1a: Arceus|69/100 tox|[from] psn
|upkeep
|turn|22
|
|t:|1623005526
|-weather|none
|switch|p2a: Yveltal|Yveltal|100/100
|-ability|p2a: Yveltal|Dark Aura
|move|p1a: Arceus|Recover|p1a: Arceus
|-heal|p1a: Arceus|100/100 tox
|
|-damage|p1a: Arceus|88/100 tox|[from] psn
|upkeep
|turn|23
|
|t:|1623005544
|move|p1a: Arceus|Ice Beam|p2a: Yveltal
|-supereffective|p2a: Yveltal
|-damage|p2a: Yveltal|57/100
|move|p2a: Yveltal|Oblivion Wing|p1a: Arceus
|-damage|p1a: Arceus|63/100 tox
|-heal|p2a: Yveltal|79/100|[from] drain|[of] p1a: Arceus
|
|-damage|p1a: Arceus|45/100 tox|[from] psn
|upkeep
|turn|24
|
|t:|1623005556
|move|p1a: Arceus|Recover|p1a: Arceus
|-heal|p1a: Arceus|95/100 tox
|move|p2a: Yveltal|Oblivion Wing|p1a: Arceus
|-damage|p1a: Arceus|68/100 tox
|-heal|p2a: Yveltal|100/100|[from] drain|[of] p1a: Arceus
|
|-damage|p1a: Arceus|44/100 tox|[from] psn
|upkeep
|turn|25
|inactive|JAY100064 has 120 seconds left.
|
|t:|1623005601
|switch|p1a: Ferrothorn|Ferrothorn, M|100/100
|move|p2a: Yveltal|Oblivion Wing|p1a: Ferrothorn
|-damage|p1a: Ferrothorn|75/100
|
|-heal|p1a: Ferrothorn|81/100|[from] item: Leftovers
|upkeep
|turn|26
|
|t:|1623005610
|move|p1a: Ferrothorn|Protect|p1a: Ferrothorn
|-singleturn|p1a: Ferrothorn|Protect
|move|p2a: Yveltal|Knock Off|p1a: Ferrothorn
|-activate|p1a: Ferrothorn|move: Protect
|
|-heal|p1a: Ferrothorn|87/100|[from] item: Leftovers
|upkeep
|turn|27
|inactive|JAY100064 has 120 seconds left.
|
|t:|1623005618
|move|p2a: Yveltal|Knock Off|p1a: Ferrothorn
|-damage|p1a: Ferrothorn|49/100
|-damage|p2a: Yveltal|88/100|[from] ability: Iron Barbs|[of] p1a: Ferrothorn
|-enditem|p1a: Ferrothorn|Leftovers|[from] move: Knock Off|[of] p2a: Yveltal
|move|p1a: Ferrothorn|Leech Seed|p2a: Yveltal
|-start|p2a: Yveltal|move: Leech Seed
|
|-damage|p2a: Yveltal|76/100|[from] Leech Seed|[of] p1a: Ferrothorn
|-heal|p1a: Ferrothorn|63/100|[silent]
|upkeep
|turn|28
|inactive|JAY100064 has 120 seconds left.
|
|t:|1623005629
|switch|p2a: Groudon|Groudon-Primal|100/100
|-weather|DesolateLand|[from] ability: Desolate Land|[of] p2a: Groudon
|move|p1a: Ferrothorn|Protect||[still]
|-fail|p1a: Ferrothorn
|
|-weather|DesolateLand|[upkeep]
|upkeep
|turn|29
|inactive|JAY100064 has 120 seconds left.
|
|t:|1623005644
|switch|p1a: Giratina|Giratina, shiny|93/100 slp
|-ability|p1a: Giratina|Pressure
|move|p2a: Groudon|Overheat|p1a: Giratina
|-resisted|p1a: Giratina
|-damage|p1a: Giratina|70/100 slp
|-unboost|p2a: Groudon|spa|2
|
|-weather|DesolateLand|[upkeep]
|-heal|p1a: Giratina|76/100 slp|[from] item: Leftovers
|upkeep
|turn|30
|inactive|JAY100064 has 120 seconds left.
|
|t:|1623005657
|cant|p1a: Giratina|slp
|move|p2a: Groudon|Stealth Rock|p1a: Giratina
|-sidestart|p1: JAY100064|move: Stealth Rock
|
|-weather|DesolateLand|[upkeep]
|-heal|p1a: Giratina|82/100 slp|[from] item: Leftovers
|upkeep
|turn|31
|inactive|JAY100064 has 120 seconds left.
|
|t:|1623005666
|cant|p1a: Giratina|slp
|move|p2a: Groudon|Precipice Blades|p1a: Giratina
|-damage|p1a: Giratina|55/100 slp
|
|-weather|DesolateLand|[upkeep]
|-heal|p1a: Giratina|61/100 slp|[from] item: Leftovers
|upkeep
|turn|32
|inactive|JAY100064 has 120 seconds left.
|
|t:|1623005679
|-curestatus|p1a: Giratina|slp|[msg]
|move|p1a: Giratina|Toxic|p2a: Groudon
|-status|p2a: Groudon|tox
|move|p2a: Groudon|Precipice Blades|p1a: Giratina
|-damage|p1a: Giratina|32/100
|
|-weather|DesolateLand|[upkeep]
|-heal|p1a: Giratina|38/100|[from] item: Leftovers
|-damage|p2a: Groudon|94/100 tox|[from] psn
|upkeep
|turn|33
|inactive|JAY100064 has 120 seconds left.
|
|t:|1623005690
|-weather|none
|switch|p2a: Yveltal|Yveltal|76/100
|-ability|p2a: Yveltal|Dark Aura
|move|p1a: Giratina|Rest|p1a: Giratina
|-status|p1a: Giratina|slp|[from] move: Rest
|-heal|p1a: Giratina|100/100 slp|[silent]
|
|upkeep
|turn|34
|inactive|JAY100064 has 120 seconds left.
|c|☆Fudo Nomura|man
|c|☆Fudo Nomura|i copy u team
|
|t:|1623005713
|switch|p1a: Sableye|Sableye-Mega, F, shiny|2/100
|-damage|p1a: Sableye|0 fnt|[from] Stealth Rock
|faint|p1a: Sableye
|move|p2a: Yveltal|Oblivion Wing|p1: Sableye|[notarget]
|-fail|p2a: Yveltal
|
|upkeep
|
|t:|1623005724
|switch|p1a: Ferrothorn|Ferrothorn, M|63/100
|-damage|p1a: Ferrothorn|57/100|[from] Stealth Rock
|turn|35
|c|☆Fudo Nomura|bold on giratina?
|
|t:|1623005731
|move|p2a: Yveltal|Oblivion Wing|p1a: Ferrothorn
|-damage|p1a: Ferrothorn|29/100
|-heal|p2a: Yveltal|94/100|[from] drain|[of] p1a: Ferrothorn
|move|p1a: Ferrothorn|Leech Seed|p2a: Yveltal
|-start|p2a: Yveltal|move: Leech Seed
|
|-damage|p2a: Yveltal|82/100|[from] Leech Seed|[of] p1a: Ferrothorn
|-heal|p1a: Ferrothorn|43/100|[silent]
|upkeep
|turn|36
|
|t:|1623005743
|switch|p2a: Groudon|Groudon-Primal|94/100 tox
|-weather|DesolateLand|[from] ability: Desolate Land|[of] p2a: Groudon
|move|p1a: Ferrothorn|Protect||[still]
|-fail|p1a: Ferrothorn
|
|-weather|DesolateLand|[upkeep]
|-damage|p2a: Groudon|88/100 tox|[from] psn
|upkeep
|turn|37
|inactive|JAY100064 has 120 seconds left.
|
|t:|1623005752
|switch|p1a: Giratina|Giratina, shiny|100/100 slp
|-damage|p1a: Giratina|88/100 slp|[from] Stealth Rock
|-ability|p1a: Giratina|Pressure
|move|p2a: Groudon|Overheat|p1a: Giratina
|-resisted|p1a: Giratina
|-damage|p1a: Giratina|62/100 slp
|-unboost|p2a: Groudon|spa|2
|
|-weather|DesolateLand|[upkeep]
|-heal|p1a: Giratina|68/100 slp|[from] item: Leftovers
|-damage|p2a: Groudon|76/100 tox|[from] psn
|upkeep
|turn|38
|inactive|JAY100064 has 120 seconds left.
|
|t:|1623005777
|-weather|none
|switch|p2a: Yveltal|Yveltal|82/100
|-ability|p2a: Yveltal|Dark Aura
|cant|p1a: Giratina|slp
|
|-heal|p1a: Giratina|74/100 slp|[from] item: Leftovers
|upkeep
|turn|39
|
|t:|1623005793
|switch|p1a: Ferrothorn|Ferrothorn, M|43/100
|-damage|p1a: Ferrothorn|37/100|[from] Stealth Rock
|move|p2a: Yveltal|Oblivion Wing|p1a: Ferrothorn
|-damage|p1a: Ferrothorn|8/100
|-heal|p2a: Yveltal|100/100|[from] drain|[of] p1a: Ferrothorn
|
|upkeep
|turn|40
|
|t:|1623005809
|move|p1a: Ferrothorn|Protect|p1a: Ferrothorn
|-singleturn|p1a: Ferrothorn|Protect
|move|p2a: Yveltal|Dark Pulse|p1a: Ferrothorn
|-activate|p1a: Ferrothorn|move: Protect
|
|upkeep
|turn|41
|
|t:|1623005827
|move|p2a: Yveltal|Dark Pulse|p1a: Ferrothorn
|-damage|p1a: Ferrothorn|0 fnt
|faint|p1a: Ferrothorn
|
|upkeep
|
|t:|1623005833
|switch|p1a: Arceus|Arceus-Ground, shiny|44/100 tox
|-damage|p1a: Arceus|37/100 tox|[from] Stealth Rock
|turn|42
|
|t:|1623005839
|-start|p2a: Yveltal|Dynamax
|-heal|p2a: Yveltal|100/100|[silent]
|move|p1a: Arceus|Recover|p1a: Arceus
|-heal|p1a: Arceus|87/100 tox
|move|p2a: Yveltal|Max Airstream|p1a: Arceus
|-damage|p1a: Arceus|39/100 tox
|-boost|p2a: Yveltal|spe|1
|
|-damage|p1a: Arceus|33/100 tox|[from] psn
|upkeep
|turn|43
|inactive|JAY100064 has 90 seconds left.
|inactive|Fudo Nomura has 120 seconds left.
|inactive|Fudo Nomura has 90 seconds left.
|
|t:|1623005909
|move|p2a: Yveltal|Max Airstream|p1a: Arceus
|-damage|p1a: Arceus|0 fnt
|-boost|p2a: Yveltal|spe|1
|faint|p1a: Arceus
|
|upkeep
|
|t:|1623005923
|switch|p1a: Ho-Oh|Ho-Oh, shiny|100/100
|-damage|p1a: Ho-Oh|51/100|[from] Stealth Rock
|turn|44
|
|t:|1623005942
|-start|p1a: Ho-Oh|Dynamax
|-heal|p1a: Ho-Oh|51/100|[silent]
|move|p2a: Yveltal|Max Airstream|p1a: Ho-Oh
|-damage|p1a: Ho-Oh|32/100
|-boost|p2a: Yveltal|spe|1
|move|p1a: Ho-Oh|Max Flare|p2a: Yveltal
|-damage|p2a: Yveltal|74/100
|-weather|SunnyDay
|
|-weather|SunnyDay|[upkeep]
|-heal|p1a: Ho-Oh|35/100|[from] item: Leftovers
|-end|p2a: Yveltal|Dynamax
|-heal|p2a: Yveltal|75/100|[silent]
|upkeep
|turn|45
|
|t:|1623005963
|move|p1a: Ho-Oh|Max Guard|p1a: Ho-Oh
|-singleturn|p1a: Ho-Oh|Max Guard
|move|p2a: Yveltal|Knock Off|p1a: Ho-Oh
|-activate|p1a: Ho-Oh|move: Max Guard
|
|-weather|SunnyDay|[upkeep]
|-heal|p1a: Ho-Oh|38/100|[from] item: Leftovers
|upkeep
|turn|46
|
|t:|1623005973
|move|p2a: Yveltal|Knock Off|p1a: Ho-Oh
|-damage|p1a: Ho-Oh|22/100
|-enditem|p1a: Ho-Oh|Leftovers|[from] move: Knock Off|[of] p2a: Yveltal
|move|p1a: Ho-Oh|Max Flare|p2a: Yveltal
|-damage|p2a: Yveltal|1/100
|
|-weather|SunnyDay|[upkeep]
|-end|p1a: Ho-Oh|Dynamax
|-heal|p1a: Ho-Oh|22/100|[silent]
|upkeep
|turn|47
|inactive|Fudo Nomura has 120 seconds left.
|inactive|Fudo Nomura has 90 seconds left.
|inactive|Fudo Nomura has 60 seconds left.
|
|t:|1623006039
|move|p2a: Yveltal|Oblivion Wing|p1a: Ho-Oh
|-damage|p1a: Ho-Oh|1/100
|-heal|p2a: Yveltal|18/100|[from] drain|[of] p1a: Ho-Oh
|move|p1a: Ho-Oh|Recover|p1a: Ho-Oh
|-heal|p1a: Ho-Oh|52/100
|
|-weather|SunnyDay|[upkeep]
|upkeep
|turn|48
|inactive|JAY100064 has 60 seconds left.
|
|t:|1623006072
|move|p2a: Yveltal|Oblivion Wing|p1a: Ho-Oh
|-damage|p1a: Ho-Oh|27/100
|-heal|p2a: Yveltal|37/100|[from] drain|[of] p1a: Ho-Oh
|move|p1a: Ho-Oh|Recover|p1a: Ho-Oh
|-heal|p1a: Ho-Oh|77/100
|
|-weather|none
|upkeep
|turn|49
|
|t:|1623006082
|move|p2a: Yveltal|Oblivion Wing|p1a: Ho-Oh
|-damage|p1a: Ho-Oh|54/100
|-heal|p2a: Yveltal|56/100|[from] drain|[of] p1a: Ho-Oh
|move|p1a: Ho-Oh|Sacred Fire|p2a: Yveltal
|-damage|p2a: Yveltal|15/100
|-status|p2a: Yveltal|brn
|
|-damage|p2a: Yveltal|9/100 brn|[from] brn
|upkeep
|turn|50
|
|t:|1623006093
|move|p2a: Yveltal|Dark Pulse|p1a: Ho-Oh
|-damage|p1a: Ho-Oh|24/100
|move|p1a: Ho-Oh|Sacred Fire|p2a: Yveltal
|-damage|p2a: Yveltal|0 fnt
|faint|p2a: Yveltal
|
|upkeep
|
|t:|1623006099
|switch|p2a: Groudon|Groudon-Primal|76/100 tox
|-weather|DesolateLand|[from] ability: Desolate Land|[of] p2a: Groudon
|turn|51
|j| Natasha Grieves
|inactive|JAY100064 has 60 seconds left.
|inactive|Fudo Nomura has 90 seconds left.
|
|t:|1623006108
|move|p2a: Groudon|Toxic|p1a: Ho-Oh
|-status|p1a: Ho-Oh|tox
|move|p1a: Ho-Oh|Recover|p1a: Ho-Oh
|-heal|p1a: Ho-Oh|74/100 tox
|
|-weather|DesolateLand|[upkeep]
|-damage|p2a: Groudon|70/100 tox|[from] psn
|-damage|p1a: Ho-Oh|68/100 tox|[from] psn
|upkeep
|turn|52
|
|t:|1623006116
|move|p1a: Ho-Oh|Recover|p1a: Ho-Oh
|-heal|p1a: Ho-Oh|100/100 tox
|move|p2a: Groudon|Overheat|p1a: Ho-Oh
|-resisted|p1a: Ho-Oh
|-damage|p1a: Ho-Oh|78/100 tox
|-unboost|p2a: Groudon|spa|2
|
|-weather|DesolateLand|[upkeep]
|-damage|p2a: Groudon|57/100 tox|[from] psn
|-damage|p1a: Ho-Oh|66/100 tox|[from] psn
|upkeep
|turn|53
|
|t:|1623006130
|-weather|none
|switch|p2a: Melmetal|Melmetal|94/100
|switch|p1a: Giratina|Giratina, shiny|74/100 slp
|-damage|p1a: Giratina|62/100 slp|[from] Stealth Rock
|-ability|p1a: Giratina|Pressure
|
|-heal|p1a: Giratina|68/100 slp|[from] item: Leftovers
|upkeep
|turn|54
|inactive|Fudo Nomura has 90 seconds left.
|
|t:|1623006158
|cant|p1a: Giratina|slp
|move|p2a: Melmetal|Earthquake|p1a: Giratina
|-crit|p1a: Giratina
|-damage|p1a: Giratina|49/100 slp
|
|-heal|p1a: Giratina|55/100 slp|[from] item: Leftovers
|upkeep
|turn|55
|inactive|Fudo Nomura has 90 seconds left.
|
|t:|1623006166
|-curestatus|p1a: Giratina|slp|[msg]
|move|p1a: Giratina|Defog|p2a: Melmetal
|-unboost|p2a: Melmetal|evasion|1
|-sideend|p1: JAY100064|Stealth Rock|[from] move: Defog|[of] p1a: Giratina
|move|p2a: Melmetal|Earthquake|p1a: Giratina
|-damage|p1a: Giratina|42/100
|
|-heal|p1a: Giratina|49/100|[from] item: Leftovers
|upkeep
|turn|56
|
|t:|1623006184
|switch|p2a: Groudon|Groudon-Primal|57/100 tox
|-weather|DesolateLand|[from] ability: Desolate Land|[of] p2a: Groudon
|move|p1a: Giratina|Dragon Tail|p2a: Groudon
|-damage|p2a: Groudon|48/100 tox
|-weather|none
|drag|p2a: Melmetal|Melmetal|94/100
|
|-heal|p1a: Giratina|55/100|[from] item: Leftovers
|upkeep
|turn|57
|inactive|JAY100064 has 60 seconds left.
|inactive|Fudo Nomura has 90 seconds left.
|c|☆JAY100064|:_3
|
|t:|1623006224
|move|p2a: Melmetal|Earthquake|p1a: Giratina
|-damage|p1a: Giratina|41/100
|move|p1a: Giratina|Dragon Tail|p2a: Melmetal
|-resisted|p2a: Melmetal
|-damage|p2a: Melmetal|90/100
|drag|p2a: Groudon|Groudon-Primal|48/100 tox
|-weather|DesolateLand|[from] ability: Desolate Land|[of] p2a: Groudon
|
|-weather|DesolateLand|[upkeep]
|-heal|p1a: Giratina|47/100|[from] item: Leftovers
|-damage|p2a: Groudon|42/100 tox|[from] psn
|upkeep
|turn|58
|inactive|JAY100064 has 60 seconds left.
|
|t:|1623006239
|move|p1a: Giratina|Rest|p1a: Giratina
|-status|p1a: Giratina|slp|[from] move: Rest
|-heal|p1a: Giratina|100/100 slp|[silent]
|move|p2a: Groudon|Stealth Rock|p1a: Giratina
|-sidestart|p1: JAY100064|move: Stealth Rock
|
|-weather|DesolateLand|[upkeep]
|-damage|p2a: Groudon|29/100 tox|[from] psn
|upkeep
|turn|59
|inactive|JAY100064 has 60 seconds left.
|inactive|Fudo Nomura has 60 seconds left.
|
|t:|1623006265
|-weather|none
|switch|p2a: Melmetal|Melmetal|90/100
|cant|p1a: Giratina|slp
|
|upkeep
|turn|60
|
|t:|1623006273
|cant|p1a: Giratina|slp
|move|p2a: Melmetal|Earthquake|p1a: Giratina
|-damage|p1a: Giratina|88/100 slp
|
|-heal|p1a: Giratina|94/100 slp|[from] item: Leftovers
|upkeep
|turn|61
|
|t:|1623006280
|-curestatus|p1a: Giratina|slp|[msg]
|move|p1a: Giratina|Defog|p2a: Melmetal
|-unboost|p2a: Melmetal|evasion|1
|-sideend|p1: JAY100064|Stealth Rock|[from] move: Defog|[of] p1a: Giratina
|move|p2a: Melmetal|Earthquake|p1a: Giratina
|-damage|p1a: Giratina|81/100
|
|-heal|p1a: Giratina|87/100|[from] item: Leftovers
|upkeep
|turn|62
|c|☆JAY100064|Weak
|
|t:|1623006293
|switch|p1a: Ho-Oh|Ho-Oh, shiny|99/100 tox
|move|p2a: Melmetal|Earthquake|p1a: Ho-Oh
|-immune|p1a: Ho-Oh
|
|-damage|p1a: Ho-Oh|93/100 tox|[from] psn
|upkeep
|turn|63
|
|t:|1623006302
|move|p1a: Ho-Oh|Brave Bird|p2a: Melmetal
|-resisted|p2a: Melmetal
|-damage|p2a: Melmetal|79/100
|-damage|p1a: Ho-Oh|89/100 tox|[from] Recoil
|move|p2a: Melmetal|Double Iron Bash|p1a: Ho-Oh
|-resisted|p1a: Ho-Oh
|-damage|p1a: Ho-Oh|78/100 tox
|-resisted|p1a: Ho-Oh
|-damage|p1a: Ho-Oh|67/100 tox
|-hitcount|p1a: Ho-Oh|2
|
|-damage|p1a: Ho-Oh|55/100 tox|[from] psn
|upkeep
|turn|64
|
|t:|1623006314
|move|p1a: Ho-Oh|Sacred Fire|p2a: Melmetal
|-supereffective|p2a: Melmetal
|-damage|p2a: Melmetal|41/100
|move|p2a: Melmetal|Superpower|p1a: Ho-Oh
|-resisted|p1a: Ho-Oh
|-damage|p1a: Ho-Oh|42/100 tox
|-unboost|p2a: Melmetal|atk|1
|-unboost|p2a: Melmetal|def|1
|
|-damage|p1a: Ho-Oh|24/100 tox|[from] psn
|upkeep
|turn|65
|
|t:|1623006327
|switch|p2a: Groudon|Groudon-Primal|29/100 tox
|-weather|DesolateLand|[from] ability: Desolate Land|[of] p2a: Groudon
|move|p1a: Ho-Oh|Recover|p1a: Ho-Oh
|-heal|p1a: Ho-Oh|74/100 tox
|
|-weather|DesolateLand|[upkeep]
|-damage|p1a: Ho-Oh|50/100 tox|[from] psn
|-damage|p2a: Groudon|23/100 tox|[from] psn
|upkeep
|turn|66
|
|t:|1623006337
|switch|p1a: Giratina|Giratina, shiny|87/100
|-ability|p1a: Giratina|Pressure
|move|p2a: Groudon|Overheat|p1a: Giratina
|-resisted|p1a: Giratina
|-damage|p1a: Giratina|61/100
|-unboost|p2a: Groudon|spa|2
|
|-weather|DesolateLand|[upkeep]
|-heal|p1a: Giratina|67/100|[from] item: Leftovers
|-damage|p2a: Groudon|11/100 tox|[from] psn
|upkeep
|turn|67
|
|t:|1623006352
|move|p2a: Groudon|Toxic|p1a: Giratina
|-status|p1a: Giratina|tox
|move|p1a: Giratina|Dragon Tail|p2a: Groudon
|-damage|p2a: Groudon|2/100 tox
|-weather|none
|drag|p2a: Melmetal|Melmetal|41/100
|
|-heal|p1a: Giratina|73/100 tox|[from] item: Leftovers
|-damage|p1a: Giratina|67/100 tox|[from] psn
|upkeep
|turn|68
|inactive|Fudo Nomura has 120 seconds left.
|
|t:|1623006369
|move|p2a: Melmetal|Double Iron Bash|p1a: Giratina
|-damage|p1a: Giratina|53/100 tox
|-damage|p1a: Giratina|38/100 tox
|-hitcount|p1a: Giratina|2
|cant|p1a: Giratina|flinch
|
|-heal|p1a: Giratina|44/100 tox|[from] item: Leftovers
|-damage|p1a: Giratina|32/100 tox|[from] psn
|upkeep
|turn|69
|inactive|Fudo Nomura has 120 seconds left.
|
|t:|1623006386
|switch|p1a: Ho-Oh|Ho-Oh, shiny|83/100 tox
|move|p2a: Melmetal|Double Iron Bash|p1a: Ho-Oh
|-resisted|p1a: Ho-Oh
|-damage|p1a: Ho-Oh|71/100 tox
|-resisted|p1a: Ho-Oh
|-damage|p1a: Ho-Oh|59/100 tox
|-hitcount|p1a: Ho-Oh|2
|
|-damage|p1a: Ho-Oh|53/100 tox|[from] psn
|upkeep
|turn|70
|inactive|Fudo Nomura has 120 seconds left.
|
|t:|1623006399
|move|p1a: Ho-Oh|Sacred Fire|p2a: Melmetal|[miss]
|-miss|p1a: Ho-Oh|p2a: Melmetal
|move|p2a: Melmetal|Body Slam|p1a: Ho-Oh
|-damage|p1a: Ho-Oh|37/100 tox
|
|-damage|p1a: Ho-Oh|25/100 tox|[from] psn
|upkeep
|turn|71
|
|t:|1623006409
|move|p1a: Ho-Oh|Recover|p1a: Ho-Oh
|-heal|p1a: Ho-Oh|75/100 tox
|move|p2a: Melmetal|Double Iron Bash|p1a: Ho-Oh
|-resisted|p1a: Ho-Oh
|-damage|p1a: Ho-Oh|64/100 tox
|-resisted|p1a: Ho-Oh
|-damage|p1a: Ho-Oh|53/100 tox
|-hitcount|p1a: Ho-Oh|2
|
|-damage|p1a: Ho-Oh|35/100 tox|[from] psn
|upkeep
|turn|72
|
|t:|1623006419
|move|p1a: Ho-Oh|Sacred Fire|p2a: Melmetal
|-supereffective|p2a: Melmetal
|-damage|p2a: Melmetal|5/100
|-status|p2a: Melmetal|brn
|move|p2a: Melmetal|Superpower|p1a: Ho-Oh
|-resisted|p1a: Ho-Oh
|-damage|p1a: Ho-Oh|29/100 tox
|-unboost|p2a: Melmetal|atk|1
|-unboost|p2a: Melmetal|def|1
|
|-damage|p1a: Ho-Oh|5/100 tox|[from] psn
|-damage|p2a: Melmetal|0 fnt|[from] brn
|faint|p2a: Melmetal
|upkeep
|
|t:|1623006430
|switch|p2a: Groudon|Groudon-Primal|2/100 tox
|-weather|DesolateLand|[from] ability: Desolate Land|[of] p2a: Groudon
|turn|73
|
|t:|1623006440
|move|p1a: Ho-Oh|Brave Bird|p2a: Groudon
|-damage|p2a: Groudon|0 fnt
|faint|p2a: Groudon
|-weather|none
|-damage|p1a: Ho-Oh|5/100 tox|[from] Recoil
|
|win|JAY100064
|raw|JAY100064's rating: 1440 &rarr; <strong>1463</strong><br />(+23 for winning)
|raw|Fudo Nomura's rating: 1499 &rarr; <strong>1476</strong><br />(-23 for losing)
|l|☆Fudo Nomura
|c|☆JAY100064|gg
|c|☆JAY100064|proper beat down
