|j|☆Llhama123
|j|☆Pawnnel
|t:|1656258207
|gametype|singles
|player|p1|Llhama123|170|1429
|player|p2|Pawnnel|265|1526
|teamsize|p1|6
|teamsize|p2|6
|gen|8
|tier|[Gen 8] National Dex AG
|rated|
|rule|HP Percentage Mod: HP is shown in percentages
|rule|Endless Battle Clause: Forcing endless battles is banned
|clearpoke
|poke|p1|Darmanitan-Galar, F|
|poke|p1|Kangaskhan, F|
|poke|p1|Pheromosa|
|poke|p1|Deoxys-Speed|
|poke|p1|Zeraora|
|poke|p1|Naganadel|
|poke|p2|Venusaur, M|
|poke|p2|Torkoal, M|
|poke|p2|Alakazam, M|
|poke|p2|Quagsire, M|
|poke|p2|Metagross|
|poke|p2|Garchomp, M|
|teampreview
|inactive|Battle timer is ON: inactive players will automatically lose when time's up. (requested by Pawnnel)
|inactive|Pawnnel has 120 seconds left.
|
|t:|1656258251
|start
|switch|p1a: Deoxys|Deoxys-Speed|100/100
|switch|p2a: Rex|Garchomp, M|100/100
|-ability|p1a: Deoxys|Pressure
|turn|1
|
|t:|1656258274
|move|p1a: Deoxys|Magic Coat|p1a: Deoxys
|-singleturn|p1a: Deoxys|move: Magic Coat
|move|p2a: Rex|Scale Shot|p1a: Deoxys|[miss]
|-miss|p2a: Rex|p1a: Deoxys
|
|upkeep
|turn|2
|
|t:|1656258281
|move|p1a: Deoxys|Stealth Rock|p2a: Rex
|-sidestart|p2: Pawnnel|move: Stealth Rock
|move|p2a: Rex|Scale Shot|p1a: Deoxys
|-damage|p1a: Deoxys|83/100
|-damage|p1a: Deoxys|65/100
|-damage|p1a: Deoxys|46/100
|-damage|p1a: Deoxys|27/100
|-damage|p1a: Deoxys|10/100
|-hitcount|p1a: Deoxys|5
|-unboost|p2a: Rex|def|1
|-boost|p2a: Rex|spe|1
|
|upkeep
|turn|3
|
|t:|1656258294
|move|p1a: Deoxys|Psycho Boost|p2a: Rex
|-damage|p2a: Rex|37/100
|-unboost|p1a: Deoxys|spa|2
|move|p2a: Rex|Swords Dance|p2a: Rex
|-boost|p2a: Rex|atk|2
|
|upkeep
|turn|4
|
|t:|1656258303
|move|p1a: Deoxys|Taunt|p2a: Rex
|-start|p2a: Rex|move: Taunt
|move|p2a: Rex|Scale Shot|p1a: Deoxys
|-damage|p1a: Deoxys|0 fnt
|faint|p1a: Deoxys
|-hitcount|p1: Deoxys|1
|-unboost|p2a: Rex|def|1
|-boost|p2a: Rex|spe|1
|
|upkeep
|
|t:|1656258308
|switch|p1a: Kangaskhan|Kangaskhan, F|100/100
|turn|5
|
|t:|1656258318
|detailschange|p1a: Kangaskhan|Kangaskhan-Mega, F
|-mega|p1a: Kangaskhan|Kangaskhan|Kangaskhanite
|move|p1a: Kangaskhan|Sucker Punch|p2a: Rex
|-damage|p2a: Rex|0 fnt
|-damage|p1a: Kangaskhan|88/100|[from] ability: Rough Skin|[of] p2a: Rex
|-damage|p1a: Kangaskhan|72/100|[from] item: Rocky Helmet|[of] p2a: Rex
|faint|p2a: Rex
|-hitcount|p2: Rex|1
|
|upkeep
|
|t:|1656258327
|switch|p2a: Metallix|Metagross|100/100
|-damage|p2a: Metallix|95/100|[from] Stealth Rock
|turn|6
|
|t:|1656258332
|detailschange|p2a: Metallix|Metagross-Mega
|-mega|p2a: Metallix|Metagross|Metagrossite
|move|p1a: Kangaskhan|Seismic Toss|p2a: Metallix
|-damage|p2a: Metallix|61/100
|-damage|p2a: Metallix|28/100
|-hitcount|p2a: Metallix|2
|move|p2a: Metallix|Agility|p2a: Metallix
|-boost|p2a: Metallix|spe|2
|
|upkeep
|turn|7
|
|t:|1656258343
|move|p1a: Kangaskhan|Sucker Punch|p2a: Metallix
|-supereffective|p2a: Metallix
|-damage|p2a: Metallix|0 fnt
|faint|p2a: Metallix
|-hitcount|p2: Metallix|1
|
|upkeep
|
|t:|1656258349
|switch|p2a: Faust|Alakazam, M|100/100
|turn|8
|
|t:|1656258352
|move|p1a: Kangaskhan|Sucker Punch|p2a: Faust
|-supereffective|p2a: Faust
|-enditem|p2a: Faust|Focus Sash
|-damage|p2a: Faust|1/100
|-supereffective|p2a: Faust
|-damage|p2a: Faust|0 fnt
|faint|p2a: Faust
|-hitcount|p2: Faust|2
|
|upkeep
|
|t:|1656258366
|switch|p2a: Flop|Quagsire, M|100/100
|-damage|p2a: Flop|94/100|[from] Stealth Rock
|turn|9
|
|t:|1656258371
|move|p1a: Kangaskhan|Seismic Toss|p2a: Flop
|-damage|p2a: Flop|69/100
|-damage|p2a: Flop|44/100
|-hitcount|p2a: Flop|2
|move|p2a: Flop|Recover|p2a: Flop
|-heal|p2a: Flop|94/100
|
|-heal|p2a: Flop|99/100|[from] item: Leftovers
|upkeep
|turn|10
|
|t:|1656258382
|move|p1a: Kangaskhan|Seismic Toss|p2a: Flop
|-damage|p2a: Flop|74/100
|-damage|p2a: Flop|49/100
|-hitcount|p2a: Flop|2
|move|p2a: Flop|Recover|p2a: Flop
|-heal|p2a: Flop|99/100
|
|-heal|p2a: Flop|100/100|[from] item: Leftovers
|upkeep
|turn|11
|
|t:|1656258392
|move|p1a: Kangaskhan|Seismic Toss|p2a: Flop
|-damage|p2a: Flop|75/100
|-damage|p2a: Flop|50/100
|-hitcount|p2a: Flop|2
|move|p2a: Flop|Curse|p2a: Flop
|-unboost|p2a: Flop|spe|1
|-boost|p2a: Flop|atk|1
|-boost|p2a: Flop|def|1
|
|-heal|p2a: Flop|56/100|[from] item: Leftovers
|upkeep
|turn|12
|
|t:|1656258403
|move|p1a: Kangaskhan|Seismic Toss|p2a: Flop
|-damage|p2a: Flop|30/100
|-damage|p2a: Flop|5/100
|-hitcount|p2a: Flop|2
|move|p2a: Flop|Recover|p2a: Flop
|-heal|p2a: Flop|55/100
|
|-heal|p2a: Flop|61/100|[from] item: Leftovers
|upkeep
|turn|13
|
|t:|1656258413
|move|p1a: Kangaskhan|Seismic Toss|p2a: Flop
|-damage|p2a: Flop|36/100
|-damage|p2a: Flop|10/100
|-hitcount|p2a: Flop|2
|move|p2a: Flop|Recover|p2a: Flop
|-heal|p2a: Flop|60/100
|
|-heal|p2a: Flop|66/100|[from] item: Leftovers
|upkeep
|turn|14
|
|t:|1656258423
|move|p1a: Kangaskhan|Seismic Toss|p2a: Flop
|-damage|p2a: Flop|41/100
|-damage|p2a: Flop|16/100
|-hitcount|p2a: Flop|2
|move|p2a: Flop|Recover|p2a: Flop
|-heal|p2a: Flop|66/100
|
|-heal|p2a: Flop|72/100|[from] item: Leftovers
|upkeep
|turn|15
|inactive|Pawnnel has 120 seconds left.
|
|t:|1656258465
|move|p1a: Kangaskhan|Seismic Toss|p2a: Flop
|-damage|p2a: Flop|46/100
|-damage|p2a: Flop|21/100
|-hitcount|p2a: Flop|2
|move|p2a: Flop|Recover|p2a: Flop
|-heal|p2a: Flop|71/100
|
|-heal|p2a: Flop|77/100|[from] item: Leftovers
|upkeep
|turn|16
|
|t:|1656258476
|move|p1a: Kangaskhan|Seismic Toss|p2a: Flop
|-damage|p2a: Flop|52/100
|-damage|p2a: Flop|26/100
|-hitcount|p2a: Flop|2
|move|p2a: Flop|Recover|p2a: Flop
|-heal|p2a: Flop|76/100
|
|-heal|p2a: Flop|82/100|[from] item: Leftovers
|upkeep
|turn|17
|
|t:|1656258492
|move|p1a: Kangaskhan|Seismic Toss|p2a: Flop
|-damage|p2a: Flop|57/100
|-damage|p2a: Flop|32/100
|-hitcount|p2a: Flop|2
|move|p2a: Flop|Recover|p2a: Flop
|-heal|p2a: Flop|82/100
|
|-heal|p2a: Flop|88/100|[from] item: Leftovers
|upkeep
|turn|18
|
|t:|1656258503
|move|p1a: Kangaskhan|Seismic Toss|p2a: Flop
|-damage|p2a: Flop|62/100
|-damage|p2a: Flop|37/100
|-hitcount|p2a: Flop|2
|move|p2a: Flop|Earthquake|p1a: Kangaskhan
|-damage|p1a: Kangaskhan|34/100
|
|-heal|p2a: Flop|43/100|[from] item: Leftovers
|upkeep
|turn|19
|
|t:|1656258513
|move|p1a: Kangaskhan|Seismic Toss|p2a: Flop
|-damage|p2a: Flop|18/100
|-damage|p2a: Flop|0 fnt
|faint|p2a: Flop
|-hitcount|p2: Flop|2
|
|upkeep
|
|t:|1656258520
|switch|p2a: Turt|Torkoal, M|100/100
|-damage|p2a: Turt|76/100|[from] Stealth Rock
|-weather|SunnyDay|[from] ability: Drought|[of] p2a: Turt
|turn|20
|
|t:|1656258526
|move|p1a: Kangaskhan|Seismic Toss|p2a: Turt
|-damage|p2a: Turt|47/100
|-damage|p2a: Turt|17/100
|-hitcount|p2a: Turt|2
|move|p2a: Turt|Stealth Rock|p1a: Kangaskhan
|-sidestart|p1: Llhama123|move: Stealth Rock
|
|-weather|SunnyDay|[upkeep]
|upkeep
|turn|21
|
|t:|1656258534
|move|p1a: Kangaskhan|Seismic Toss|p2a: Turt
|-damage|p2a: Turt|0 fnt
|faint|p2a: Turt
|-hitcount|p2: Turt|1
|
|-weather|SunnyDay|[upkeep]
|upkeep
|c|☆Pawnnel|.its time
|
|t:|1656258551
|switch|p2a: Bobsor|Venusaur, M|100/100
|-damage|p2a: Bobsor|88/100|[from] Stealth Rock
|turn|22
|
|t:|1656258556
|-start|p2a: Bobsor|Dynamax|Gmax
|-heal|p2a: Bobsor|88/100|[silent]
|move|p2a: Bobsor|Max Ooze|p1a: Kangaskhan
|-crit|p1a: Kangaskhan
|-damage|p1a: Kangaskhan|0 fnt
|-boost|p2a: Bobsor|spa|1
|faint|p1a: Kangaskhan
|-damage|p2a: Bobsor|83/100|[from] item: Life Orb
|
|-weather|SunnyDay|[upkeep]
|upkeep
|
|t:|1656258579
|switch|p1a: Naganadel|Naganadel|100/100
|-damage|p1a: Naganadel|88/100|[from] Stealth Rock
|turn|23
|
|t:|1656258583
|-start|p1a: Naganadel|Dynamax|
|-heal|p1a: Naganadel|88/100|[silent]
|move|p2a: Bobsor|Max Quake|p1a: Naganadel
|-supereffective|p1a: Naganadel
|-damage|p1a: Naganadel|0 fnt
|-boost|p2a: Bobsor|spd|1
|faint|p1a: Naganadel
|-damage|p2a: Bobsor|78/100|[from] item: Life Orb
|
|-weather|SunnyDay|[upkeep]
|upkeep
|
|t:|1656258596
|switch|p1a: Darmanitan|Darmanitan-Galar, F, shiny|100/100
|-damage|p1a: Darmanitan|76/100|[from] Stealth Rock
|turn|24
|
|t:|1656258600
|move|p2a: Bobsor|Max Ooze|p1a: Darmanitan
|-damage|p1a: Darmanitan|0 fnt
|-boost|p2a: Bobsor|spa|1
|faint|p1a: Darmanitan
|-damage|p2a: Bobsor|73/100|[from] item: Life Orb
|
|-weather|SunnyDay|[upkeep]
|upkeep
|
|t:|1656258608
|switch|p1a: Zeraora|Zeraora|100/100
|-damage|p1a: Zeraora|88/100|[from] Stealth Rock
|-end|p2a: Bobsor|Dynamax
|-heal|p2a: Bobsor|73/100|[silent]
|turn|25
|
|t:|1656258615
|move|p2a: Bobsor|Giga Drain|p1a: Zeraora
|-damage|p1a: Zeraora|0 fnt
|-heal|p2a: Bobsor|100/100|[from] drain|[of] p1a: Zeraora
|faint|p1a: Zeraora
|-damage|p2a: Bobsor|91/100|[from] item: Life Orb
|
|-weather|SunnyDay|[upkeep]
|upkeep
|c|☆Llhama123|Dam
|c|☆Pawnnel|Ggs
|c|☆Llhama123|nice
|
|t:|1656258623
|switch|p1a: Pheromosa|Pheromosa|100/100
|-damage|p1a: Pheromosa|88/100|[from] Stealth Rock
|turn|26
|
|t:|1656258628
|move|p2a: Bobsor|Weather Ball|p1a: Pheromosa
|-supereffective|p1a: Pheromosa
|-damage|p1a: Pheromosa|0 fnt
|faint|p1a: Pheromosa
|-damage|p2a: Bobsor|81/100|[from] item: Life Orb
|
|win|Pawnnel
|raw|Llhama123's rating: 1429 &rarr; <strong>1414</strong><br />(-15 for losing)
|raw|Pawnnel's rating: 1526 &rarr; <strong>1541</strong><br />(+15 for winning)
|l|☆Llhama123
