|j|☆Better Alone
|j|☆CLEAR GEM清瑜
|t:|1664895254
|gametype|singles
|player|p1|Better Alone|swimmerf-gen4|1908
|player|p2|CLEAR GEM清瑜|skierf|1775
|teamsize|p1|6
|teamsize|p2|6
|gen|8
|tier|[Gen 8] National Dex AG
|rated|
|rule|HP Percentage Mod: HP is shown in percentages
|rule|Endless Battle Clause: Forcing endless battles is banned
|clearpoke
|poke|p1|Ditto|
|poke|p1|Calyrex-Shadow|
|poke|p1|Groudon|
|poke|p1|Rayquaza|
|poke|p1|Tyranitar, M|
|poke|p1|Arceus-*|
|poke|p2|Rayquaza|
|poke|p2|Groudon|
|poke|p2|Necrozma-Dusk-Mane|
|poke|p2|Arceus-*|
|poke|p2|Arceus-*|
|poke|p2|Arceus-*|
|teampreview
|inactive|Battle timer is ON: inactive players will automatically lose when time's up. (requested by Better Alone)
|
|t:|1664895267
|start
|switch|p1a: Arceus|Arceus-Ground|100/100
|switch|p2a: 乱杀P固|Arceus-Ground|100/100
|turn|1
|
|t:|1664895271
|move|p2a: 乱杀P固|Stealth Rock|p1a: Arceus
|-sidestart|p1: Better Alone|move: Stealth Rock
|move|p1a: Arceus|Toxic|p2a: 乱杀P固
|-status|p2a: 乱杀P固|tox
|
|-damage|p2a: 乱杀P固|94/100 tox|[from] psn
|upkeep
|turn|2
|
|t:|1664895274
|move|p1a: Arceus|Stealth Rock|p2a: 乱杀P固
|-sidestart|p2: CLEAR GEM清瑜|move: Stealth Rock
|move|p2a: 乱杀P固|Ice Beam|p1a: Arceus
|-supereffective|p1a: Arceus
|-damage|p1a: Arceus|56/100
|
|-damage|p2a: 乱杀P固|82/100 tox|[from] psn
|upkeep
|turn|3
|
|t:|1664895277
|move|p1a: Arceus|Recover|p1a: Arceus
|-heal|p1a: Arceus|100/100
|move|p2a: 乱杀P固|Ice Beam|p1a: Arceus
|-supereffective|p1a: Arceus
|-damage|p1a: Arceus|57/100
|
|-damage|p2a: 乱杀P固|64/100 tox|[from] psn
|upkeep
|turn|4
|
|t:|1664895282
|switch|p2a: 烈龙无敌|Rayquaza|100/100
|-damage|p2a: 烈龙无敌|76/100|[from] Stealth Rock
|-ability|p2a: 烈龙无敌|Air Lock
|move|p1a: Arceus|Recover|p1a: Arceus
|-heal|p1a: Arceus|100/100
|
|upkeep
|turn|5
|
|t:|1664895285
|detailschange|p2a: 烈龙无敌|Rayquaza-Mega
|-mega|p2a: 烈龙无敌|Rayquaza|
|-weather|DeltaStream|[from] ability: Delta Stream|[of] p2a: 烈龙无敌
|move|p1a: Arceus|Toxic|p2a: 烈龙无敌
|-status|p2a: 烈龙无敌|tox
|move|p2a: 烈龙无敌|Dragon Ascent|p1a: Arceus
|-damage|p1a: Arceus|50/100
|-unboost|p2a: 烈龙无敌|def|1
|-unboost|p2a: 烈龙无敌|spd|1
|
|-weather|DeltaStream|[upkeep]
|-damage|p2a: 烈龙无敌|69/100 tox|[from] psn
|upkeep
|turn|6
|
|t:|1664895288
|move|p2a: 烈龙无敌|Dragon Ascent|p1a: Arceus
|-damage|p1a: Arceus|3/100
|-unboost|p2a: 烈龙无敌|def|1
|-unboost|p2a: 烈龙无敌|spd|1
|move|p1a: Arceus|Recover|p1a: Arceus
|-heal|p1a: Arceus|53/100
|
|-weather|DeltaStream|[upkeep]
|-damage|p2a: 烈龙无敌|57/100 tox|[from] psn
|upkeep
|turn|7
|
|t:|1664895296
|move|p1a: Arceus|Recover|p1a: Arceus
|-heal|p1a: Arceus|100/100
|move|p2a: 烈龙无敌|Dragon Ascent|p1a: Arceus
|-damage|p1a: Arceus|55/100
|-unboost|p2a: 烈龙无敌|def|1
|-unboost|p2a: 烈龙无敌|spd|1
|
|-weather|DeltaStream|[upkeep]
|-damage|p2a: 烈龙无敌|39/100 tox|[from] psn
|upkeep
|turn|8
|
|t:|1664895301
|move|p1a: Arceus|Recover|p1a: Arceus
|-heal|p1a: Arceus|100/100
|move|p2a: 烈龙无敌|Dragon Ascent|p1a: Arceus
|-damage|p1a: Arceus|55/100
|-unboost|p2a: 烈龙无敌|def|1
|-unboost|p2a: 烈龙无敌|spd|1
|
|-weather|DeltaStream|[upkeep]
|-damage|p2a: 烈龙无敌|14/100 tox|[from] psn
|upkeep
|turn|9
|
|t:|1664895303
|move|p1a: Arceus|Recover|p1a: Arceus
|-heal|p1a: Arceus|100/100
|move|p2a: 烈龙无敌|Dragon Ascent|p1a: Arceus
|-damage|p1a: Arceus|53/100
|-unboost|p2a: 烈龙无敌|def|1
|-unboost|p2a: 烈龙无敌|spd|1
|
|-weather|DeltaStream|[upkeep]
|-damage|p2a: 烈龙无敌|0 fnt|[from] psn
|faint|p2a: 烈龙无敌
|-weather|none
|upkeep
|
|t:|1664895306
|switch|p2a: 悬空羊驼|Arceus-Flying|100/100
|-damage|p2a: 悬空羊驼|76/100|[from] Stealth Rock
|turn|10
|
|t:|1664895323
|move|p1a: Arceus|Recover|p1a: Arceus
|-heal|p1a: Arceus|100/100
|move|p2a: 悬空羊驼|Swords Dance|p2a: 悬空羊驼
|-boost|p2a: 悬空羊驼|atk|2
|
|upkeep
|turn|11
|
|t:|1664895325
|-start|p2a: 悬空羊驼|Dynamax|
|-heal|p2a: 悬空羊驼|76/100|[silent]
|move|p1a: Arceus|Toxic|p2a: 悬空羊驼
|-status|p2a: 悬空羊驼|tox
|move|p2a: 悬空羊驼|Max Airstream|p1a: Arceus
|-damage|p1a: Arceus|16/100
|-boost|p2a: 悬空羊驼|spe|1
|
|-damage|p2a: 悬空羊驼|73/100 tox|[from] psn
|upkeep
|turn|12
|
|t:|1664895336
|move|p2a: 悬空羊驼|Max Quake|p1a: Arceus
|-damage|p1a: Arceus|0 fnt
|-boost|p2a: 悬空羊驼|spd|1
|faint|p1a: Arceus
|
|-damage|p2a: 悬空羊驼|67/100 tox|[from] psn
|upkeep
|
|t:|1664895352
|switch|p1a: Ditto|Ditto|100/100
|-damage|p1a: Ditto|88/100|[from] Stealth Rock
|-transform|p1a: Ditto|p2a: 悬空羊驼|[from] ability: Imposter
|turn|13
|
|t:|1664895356
|move|p1a: Ditto|Swords Dance|p1a: Ditto
|-boost|p1a: Ditto|atk|2
|move|p2a: 悬空羊驼|Max Airstream|p1a: Ditto
|-damage|p1a: Ditto|0 fnt
|-boost|p2a: 悬空羊驼|spe|1
|faint|p1a: Ditto
|
|-damage|p2a: 悬空羊驼|58/100 tox|[from] psn
|upkeep
|
|t:|1664895360
|switch|p1a: Rayquaza|Rayquaza|100/100
|-damage|p1a: Rayquaza|75/100|[from] Stealth Rock
|-ability|p1a: Rayquaza|Air Lock
|-end|p2a: 悬空羊驼|Dynamax
|-heal|p2a: 悬空羊驼|58/100 tox|[silent]
|turn|14
|
|t:|1664895362
|detailschange|p1a: Rayquaza|Rayquaza-Mega
|-mega|p1a: Rayquaza|Rayquaza|
|-weather|DeltaStream|[from] ability: Delta Stream|[of] p1a: Rayquaza
|move|p2a: 悬空羊驼|Fly||[still]
|-prepare|p2a: 悬空羊驼|Fly
|move|p1a: Rayquaza|Dragon Ascent|p2a: 悬空羊驼|[miss]
|-miss|p1a: Rayquaza|p2a: 悬空羊驼
|
|-weather|DeltaStream|[upkeep]
|-damage|p2a: 悬空羊驼|33/100 tox|[from] psn
|upkeep
|turn|15
|
|t:|1664895381
|move|p2a: 悬空羊驼|Fly|p1a: Rayquaza|[from]lockedmove
|-damage|p1a: Rayquaza|0 fnt
|faint|p1a: Rayquaza
|-weather|none
|
|-damage|p2a: 悬空羊驼|3/100 tox|[from] psn
|upkeep
|j| Ash6056
|
|t:|1664895386
|switch|p1a: Calyrex|Calyrex-Shadow|100/100
|-ability|p1a: Calyrex|As One
|-ability|p1a: Calyrex|Unnerve
|-damage|p1a: Calyrex|88/100|[from] Stealth Rock
|turn|16
|
|t:|1664895389
|move|p1a: Calyrex|Astral Barrage|p2a: 悬空羊驼
|-damage|p2a: 悬空羊驼|0 fnt
|faint|p2a: 悬空羊驼
|-ability|p1a: Calyrex|Grim Neigh|boost
|-boost|p1a: Calyrex|spa|1
|
|upkeep
|
|t:|1664895391
|switch|p2a: 究极辅助|Arceus-Dark|100/100
|-damage|p2a: 究极辅助|88/100|[from] Stealth Rock
|turn|17
|
|t:|1664895394
|switch|p1a: Tyranitar|Tyranitar, M|100/100
|-damage|p1a: Tyranitar|88/100|[from] Stealth Rock
|-weather|Sandstorm|[from] ability: Sand Stream|[of] p1a: Tyranitar
|move|p2a: 究极辅助|Judgment|p1a: Tyranitar
|-resisted|p1a: Tyranitar
|-damage|p1a: Tyranitar|80/100
|
|-weather|Sandstorm|[upkeep]
|-damage|p2a: 究极辅助|82/100|[from] Sandstorm
|upkeep
|turn|18
|
|t:|1664895398
|switch|p2a: 乱杀P固|Arceus-Ground|64/100 tox
|-damage|p2a: 乱杀P固|58/100 tox|[from] Stealth Rock
|move|p1a: Tyranitar|Stone Edge|p2a: 乱杀P固
|-resisted|p2a: 乱杀P固
|-damage|p2a: 乱杀P固|44/100 tox
|
|-weather|Sandstorm|[upkeep]
|-damage|p2a: 乱杀P固|38/100 tox|[from] psn
|upkeep
|turn|19
|
|t:|1664895403
|switch|p1a: Calyrex|Calyrex-Shadow|88/100
|-ability|p1a: Calyrex|As One
|-ability|p1a: Calyrex|Unnerve
|-damage|p1a: Calyrex|76/100|[from] Stealth Rock
|move|p2a: 乱杀P固|Judgment|p1a: Calyrex
|-damage|p1a: Calyrex|9/100
|
|-weather|Sandstorm|[upkeep]
|-damage|p1a: Calyrex|3/100|[from] Sandstorm
|-damage|p2a: 乱杀P固|26/100 tox|[from] psn
|upkeep
|turn|20
|
|t:|1664895405
|-start|p1a: Calyrex|Dynamax|
|-heal|p1a: Calyrex|3/100|[silent]
|move|p1a: Calyrex|Max Starfall|p2a: 乱杀P固
|-damage|p2a: 乱杀P固|0 fnt
|-fieldstart|move: Misty Terrain
|faint|p2a: 乱杀P固
|-ability|p1a: Calyrex|Grim Neigh|boost
|-boost|p1a: Calyrex|spa|1
|
|-weather|Sandstorm|[upkeep]
|-damage|p1a: Calyrex|0 fnt|[from] Sandstorm
|faint|p1a: Calyrex
|upkeep
|-message|Better Alone forfeited.
|
|win|CLEAR GEM清瑜
|raw|Better Alone's rating: 1908 &rarr; <strong>1881</strong><br />(-27 for losing)
|raw|CLEAR GEM清瑜's rating: 1775 &rarr; <strong>1802</strong><br />(+27 for winning)
|l|☆Better Alone
||Ladder isn't responding, score probably updated but might not have (Request timeout).
