|j|☆Blake-Mamba
|j|☆Schweppess
|t:|1660968530
|gametype|singles
|player|p1|Blake-Mamba|170|1577
|player|p2|Schweppess|1|1551
|teamsize|p1|6
|teamsize|p2|6
|gen|8
|tier|[Gen 8] National Dex AG
|rated|
|rule|HP Percentage Mod: HP is shown in percentages
|rule|Endless Battle Clause: Forcing endless battles is banned
|clearpoke
|poke|p1|Diancie|
|poke|p1|Marshadow|
|poke|p1|Xerneas-*|
|poke|p1|Ho-Oh|
|poke|p1|Necrozma-Dusk-Mane|
|poke|p1|Arceus-*|
|poke|p2|Rayquaza|
|poke|p2|Groudon|
|poke|p2|Mewtwo|
|poke|p2|Yveltal|
|poke|p2|Klefki, F|
|poke|p2|Ditto|
|teampreview
|inactive|Battle timer is ON: inactive players will automatically lose when time's up. (requested by Blake-Mamba)
|j| Hoopadoop
|
|t:|1660968541
|start
|switch|p1a: Diancie|Diancie, shiny|100/100
|switch|p2a: Klefki|Klefki, F, shiny|100/100
|turn|1
|
|t:|1660968549
|detailschange|p1a: Diancie|Diancie-Mega, shiny
|-mega|p1a: Diancie|Diancie|Diancite
|move|p2a: Klefki|Reflect|p2a: Klefki
|-sidestart|p2: Schweppess|Reflect
|move|p1a: Diancie|Earth Power|p2a: Klefki
|-supereffective|p2a: Klefki
|-damage|p2a: Klefki|0 fnt
|faint|p2a: Klefki
|
|upkeep
|
|t:|1660968565
|switch|p2a: Ditto|Ditto, shiny|100/100
|-transform|p2a: Ditto|p1a: Diancie|[from] ability: Imposter
|turn|2
|
|t:|1660968574
|switch|p1a: Ho-Oh|Ho-Oh|100/100
|-ability|p1a: Ho-Oh|Pressure
|move|p2a: Ditto|Ancient Power|p1a: Ho-Oh
|-supereffective|p1a: Ho-Oh
|-damage|p1a: Ho-Oh|13/100
|-boost|p2a: Ditto|atk|1
|-boost|p2a: Ditto|def|1
|-boost|p2a: Ditto|spa|1
|-boost|p2a: Ditto|spd|1
|-boost|p2a: Ditto|spe|1
|
|upkeep
|turn|3
|c|☆Blake-Mamba|0_0
|
|t:|1660968598
|move|p2a: Ditto|Ancient Power|p1a: Ho-Oh
|-supereffective|p1a: Ho-Oh
|-damage|p1a: Ho-Oh|0 fnt
|-boost|p2a: Ditto|atk|1
|-boost|p2a: Ditto|def|1
|-boost|p2a: Ditto|spa|1
|-boost|p2a: Ditto|spd|1
|-boost|p2a: Ditto|spe|1
|faint|p1a: Ho-Oh
|
|upkeep
|
|t:|1660968606
|switch|p1a: Marshadow|Marshadow|100/100
|turn|4
|
|t:|1660968619
|switch|p2a: Yveltal|Yveltal|100/100
|-ability|p2a: Yveltal|Dark Aura
|move|p1a: Marshadow|Spectral Thief|p2a: Yveltal
|-resisted|p2a: Yveltal
|-damage|p2a: Yveltal|90/100
|
|upkeep
|turn|5
|
|t:|1660968629
|switch|p1a: Diancie|Diancie-Mega, shiny|100/100
|move|p2a: Yveltal|Dual Wingbeat|p1a: Diancie
|-resisted|p1a: Diancie
|-damage|p1a: Diancie|83/100
|-resisted|p1a: Diancie
|-damage|p1a: Diancie|66/100
|-hitcount|p1a: Diancie|2
|-damage|p2a: Yveltal|80/100|[from] item: Life Orb
|
|upkeep
|turn|6
|
|t:|1660968643
|switch|p2a: Groudon|Groudon, shiny|100/100
|detailschange|p2a: Groudon|Groudon-Primal, shiny
|-primal|p2a: Groudon
|-weather|DesolateLand|[from] ability: Desolate Land|[of] p2a: Groudon
|move|p1a: Diancie|Stealth Rock|p2a: Groudon
|-sidestart|p2: Schweppess|move: Stealth Rock
|
|-weather|DesolateLand|[upkeep]
|upkeep
|turn|7
|l| Hoopadoop
|
|t:|1660968663
|move|p1a: Diancie|Earth Power|p2a: Groudon
|-supereffective|p2a: Groudon
|-damage|p2a: Groudon|11/100
|move|p2a: Groudon|Rock Polish|p2a: Groudon
|-boost|p2a: Groudon|spe|2
|
|-weather|DesolateLand|[upkeep]
|upkeep
|turn|8
|
|t:|1660968676
|switch|p1a: Arceus|Arceus|100/100
|move|p2a: Groudon|Earthquake|p1a: Arceus
|-damage|p1a: Arceus|50/100
|
|-weather|DesolateLand|[upkeep]
|-heal|p1a: Arceus|57/100|[from] item: Leftovers
|-sideend|p2: Schweppess|Reflect
|upkeep
|turn|9
|
|t:|1660968685
|move|p1a: Arceus|Extreme Speed|p2a: Groudon
|-damage|p2a: Groudon|0 fnt
|faint|p2a: Groudon
|-weather|none
|
|-heal|p1a: Arceus|63/100|[from] item: Leftovers
|upkeep
|
|t:|1660968690
|switch|p2a: Mewtwo|Mewtwo, shiny|100/100
|-ability|p2a: Mewtwo|Unnerve
|-damage|p2a: Mewtwo|88/100|[from] Stealth Rock
|turn|10
|
|t:|1660968700
|-start|p2a: Mewtwo|Dynamax|
|-heal|p2a: Mewtwo|88/100|[silent]
|move|p1a: Arceus|Extreme Speed|p2a: Mewtwo
|-damage|p2a: Mewtwo|63/100
|move|p2a: Mewtwo|Max Mindstorm|p1a: Arceus
|-damage|p1a: Arceus|0 fnt
|-fieldstart|move: Psychic Terrain
|faint|p1a: Arceus
|-damage|p2a: Mewtwo|58/100|[from] item: Life Orb
|
|upkeep
|
|t:|1660968714
|switch|p1a: Xerneas|Xerneas|100/100
|-ability|p1a: Xerneas|Fairy Aura
|turn|11
|
|t:|1660968719
|move|p2a: Mewtwo|Max Airstream|p1a: Xerneas
|-damage|p1a: Xerneas|51/100
|-boost|p2a: Mewtwo|spe|1
|-damage|p2a: Mewtwo|53/100|[from] item: Life Orb
|-zpower|p1a: Xerneas
|move|p1a: Xerneas|Z-Geomancy||[anim]Geomancy|[still]
|-boost|p1a: Xerneas|atk|1|[zeffect]
|-boost|p1a: Xerneas|def|1|[zeffect]
|-boost|p1a: Xerneas|spa|1|[zeffect]
|-boost|p1a: Xerneas|spd|1|[zeffect]
|-boost|p1a: Xerneas|spe|1|[zeffect]
|-prepare|p1a: Xerneas|Geomancy
|
|upkeep
|turn|12
|
|t:|1660968732
|move|p2a: Mewtwo|Max Mindstorm|p1a: Xerneas
|-damage|p1a: Xerneas|0 fnt
|faint|p1a: Xerneas
|-damage|p2a: Mewtwo|48/100|[from] item: Life Orb
|
|upkeep
|
|t:|1660968742
|switch|p1a: Necrozma|Necrozma-Dusk-Mane, shiny|100/100
|-end|p2a: Mewtwo|Dynamax
|-heal|p2a: Mewtwo|48/100|[silent]
|turn|13
|
|t:|1660968748
|move|p2a: Mewtwo|Focus Blast|p1a: Necrozma
|-damage|p1a: Necrozma|50/100
|-damage|p2a: Mewtwo|38/100|[from] item: Life Orb
|move|p1a: Necrozma|Autotomize|p1a: Necrozma
|-boost|p1a: Necrozma|spe|2
|-start|p1a: Necrozma|Autotomize
|
|upkeep
|turn|14
|
|t:|1660968757
|move|p2a: Mewtwo|Focus Blast|p1a: Necrozma|[miss]
|-miss|p2a: Mewtwo|p1a: Necrozma
|move|p1a: Necrozma|Sunsteel Strike|p2a: Mewtwo
|-damage|p2a: Mewtwo|0 fnt
|faint|p2a: Mewtwo
|
|-fieldend|move: Psychic Terrain
|upkeep
|
|t:|1660968769
|switch|p2a: Yveltal|Yveltal|80/100
|-damage|p2a: Yveltal|55/100|[from] Stealth Rock
|-ability|p2a: Yveltal|Dark Aura
|turn|15
|
|t:|1660968774
|move|p2a: Yveltal|Sucker Punch|p1a: Necrozma
|-supereffective|p1a: Necrozma
|-damage|p1a: Necrozma|0 fnt
|faint|p1a: Necrozma
|-damage|p2a: Yveltal|45/100|[from] item: Life Orb
|
|upkeep
|
|t:|1660968782
|switch|p1a: Diancie|Diancie-Mega, shiny|66/100
|turn|16
|
|t:|1660968788
|move|p2a: Yveltal|Sucker Punch|p1a: Diancie
|-resisted|p1a: Diancie
|-damage|p1a: Diancie|26/100
|-damage|p2a: Yveltal|35/100|[from] item: Life Orb
|move|p1a: Diancie|Moonblast|p2a: Yveltal
|-supereffective|p2a: Yveltal
|-damage|p2a: Yveltal|0 fnt
|faint|p2a: Yveltal
|
|upkeep
|
|t:|1660968792
|switch|p2a: Ditto|Ditto, shiny|100/100
|-damage|p2a: Ditto|88/100|[from] Stealth Rock
|-transform|p2a: Ditto|p1a: Diancie|[from] ability: Imposter
|turn|17
|
|t:|1660968802
|move|p2a: Ditto|Earth Power|p1a: Diancie
|-supereffective|p1a: Diancie
|-damage|p1a: Diancie|0 fnt
|faint|p1a: Diancie
|
|upkeep
|
|t:|1660968807
|switch|p1a: Marshadow|Marshadow|100/100
|turn|18
|
|t:|1660968814
|-start|p1a: Marshadow|Dynamax|
|-heal|p1a: Marshadow|100/100|[silent]
|move|p2a: Ditto|Earth Power|p1a: Marshadow
|-damage|p1a: Marshadow|78/100
|move|p1a: Marshadow|Max Knuckle|p2a: Ditto
|-damage|p2a: Ditto|33/100
|-boost|p1a: Marshadow|atk|1
|
|upkeep
|turn|19
|
|t:|1660968826
|move|p2a: Ditto|Earth Power|p1a: Marshadow
|-damage|p1a: Marshadow|55/100
|move|p1a: Marshadow|Max Knuckle|p2a: Ditto
|-damage|p2a: Ditto|0 fnt
|-boost|p1a: Marshadow|atk|1
|faint|p2a: Ditto
|
|upkeep
|
|t:|1660968829
|switch|p2a: Rayquaza|Rayquaza, shiny|100/100
|-damage|p2a: Rayquaza|76/100|[from] Stealth Rock
|-ability|p2a: Rayquaza|Air Lock
|turn|20
|
|t:|1660968840
|detailschange|p2a: Rayquaza|Rayquaza-Mega, shiny
|-mega|p2a: Rayquaza|Rayquaza|
|-weather|DeltaStream|[from] ability: Delta Stream|[of] p2a: Rayquaza
|move|p1a: Marshadow|Max Phantasm|p2a: Rayquaza
|-damage|p2a: Rayquaza|0 fnt
|faint|p2a: Rayquaza
|-weather|none
|
|win|Blake-Mamba
|raw|Blake-Mamba's rating: 1577 &rarr; <strong>1596</strong><br />(+19 for winning)
|raw|Schweppess's rating: 1551 &rarr; <strong>1532</strong><br />(-19 for losing)
|c|☆Blake-Mamba|Gg
