|j|☆Hhhhhhhhhhhhx
|j|‽isleptwithurcousin
|t:|1660119182
|gametype|singles
|player|p1|Hhhhhhhhhhhhx|hilbert-wonderlauncher|1296
|player|p2|isleptwithurcousin|1|1224
|teamsize|p1|6
|teamsize|p2|6
|gen|8
|tier|[Gen 8] National Dex AG
|rated|
|rule|HP Percentage Mod: HP is shown in percentages
|rule|Endless Battle Clause: Forcing endless battles is banned
|clearpoke
|poke|p1|Kyogre|
|poke|p1|Greninja, M|
|poke|p1|Zacian-*|
|poke|p1|Ditto|
|poke|p1|Wobbuffet, M|
|poke|p1|Zapdos|
|poke|p2|Yveltal|
|poke|p2|Rayquaza|
|poke|p2|Necrozma-Dusk-Mane|
|poke|p2|Xerneas-*|
|poke|p2|Marshadow|
|poke|p2|Kyogre|
|teampreview
|inactive|Battle timer is ON: inactive players will automatically lose when time's up. (requested by isleptwithurcousin)
|
|t:|1660119196
|start
|switch|p1a: Zapdos|Zapdos|100/100
|switch|p2a: Necrozma|Necrozma-Dusk-Mane|100/100
|turn|1
|
|t:|1660119208
|move|p2a: Necrozma|Dragon Dance|p2a: Necrozma
|-boost|p2a: Necrozma|atk|1
|-boost|p2a: Necrozma|spe|1
|move|p1a: Zapdos|Thunderbolt|p2a: Necrozma
|-damage|p2a: Necrozma|65/100
|
|-heal|p2a: Necrozma|71/100|[from] item: Leftovers
|upkeep
|turn|2
|
|t:|1660119218
|move|p2a: Necrozma|Dragon Dance|p2a: Necrozma
|-boost|p2a: Necrozma|atk|1
|-boost|p2a: Necrozma|spe|1
|move|p1a: Zapdos|Thunderbolt|p2a: Necrozma
|-damage|p2a: Necrozma|33/100
|
|-heal|p2a: Necrozma|39/100|[from] item: Leftovers
|upkeep
|turn|3
|
|t:|1660119228
|move|p2a: Necrozma|Morning Sun|p2a: Necrozma
|-heal|p2a: Necrozma|89/100
|move|p1a: Zapdos|Thunderbolt|p2a: Necrozma
|-damage|p2a: Necrozma|52/100
|
|-heal|p2a: Necrozma|58/100|[from] item: Leftovers
|upkeep
|turn|4
|
|t:|1660119237
|move|p2a: Necrozma|Sunsteel Strike|p1a: Zapdos
|-resisted|p1a: Zapdos
|-damage|p1a: Zapdos|49/100
|move|p1a: Zapdos|Thunderbolt|p2a: Necrozma
|-damage|p2a: Necrozma|25/100
|
|-heal|p2a: Necrozma|31/100|[from] item: Leftovers
|upkeep
|turn|5
|
|t:|1660119248
|move|p2a: Necrozma|Sunsteel Strike|p1a: Zapdos
|-resisted|p1a: Zapdos
|-damage|p1a: Zapdos|0 fnt
|-status|p2a: Necrozma|par|[from] ability: Static|[of] p1a: Zapdos
|faint|p1a: Zapdos
|
|-heal|p2a: Necrozma|37/100 par|[from] item: Leftovers
|upkeep
|
|t:|1660119265
|switch|p1a: Ditto|Ditto|100/100
|-transform|p1a: Ditto|p2a: Necrozma|[from] ability: Imposter
|turn|6
|
|t:|1660119279
|move|p1a: Ditto|Sunsteel Strike|p2a: Necrozma
|-resisted|p2a: Necrozma
|-damage|p2a: Necrozma|0 fnt
|faint|p2a: Necrozma
|
|upkeep
|
|t:|1660119284
|switch|p2a: Marshadow|Marshadow|100/100
|turn|7
|
|t:|1660119291
|move|p1a: Ditto|Sunsteel Strike|p2a: Marshadow
|-enditem|p2a: Marshadow|Focus Sash
|-damage|p2a: Marshadow|1/100
|move|p2a: Marshadow|Spectral Thief||[still]
|-clearpositiveboost|p1a: Ditto|p2a: Marshadow|move: Spectral Thief
|-boost|p2a: Marshadow|atk|2
|-boost|p2a: Marshadow|spe|2
|-anim|p2a: Marshadow|Spectral Thief|p1a: Ditto
|-supereffective|p1a: Ditto
|-damage|p1a: Ditto|0 fnt
|faint|p1a: Ditto
|
|upkeep
|
|t:|1660119307
|switch|p1a: Greninja|Greninja, M|100/100
|turn|8
|
|t:|1660119313
|move|p1a: Greninja|Water Shuriken|p2a: Marshadow
|-damage|p2a: Marshadow|0 fnt
|faint|p2a: Marshadow
|-activate|p1a: Greninja|ability: Battle Bond
|detailschange|p1a: Greninja|Greninja-Ash, M
|-hitcount|p2: Marshadow|1
|
|upkeep
|
|t:|1660119321
|switch|p2a: Xerneas|Xerneas|100/100
|-ability|p2a: Xerneas|Fairy Aura
|turn|9
|
|t:|1660119340
|-start|p1a: Greninja|Dynamax|
|-heal|p1a: Greninja|100/100|[silent]
|move|p1a: Greninja|Max Geyser|p2a: Xerneas
|-damage|p2a: Xerneas|24/100
|-weather|RainDance
|move|p2a: Xerneas|Geomancy||[still]
|-prepare|p2a: Xerneas|Geomancy
|-enditem|p2a: Xerneas|Power Herb
|-anim|p2a: Xerneas|Geomancy|p2a: Xerneas
|-boost|p2a: Xerneas|spa|2
|-boost|p2a: Xerneas|spd|2
|-boost|p2a: Xerneas|spe|2
|
|-weather|RainDance|[upkeep]
|upkeep
|turn|10
|
|t:|1660119355
|-start|p2a: Xerneas|Dynamax|
|-heal|p2a: Xerneas|24/100|[silent]
|move|p2a: Xerneas|Max Starfall|p1a: Greninja
|-supereffective|p1a: Greninja
|-damage|p1a: Greninja|0 fnt
|-fieldstart|move: Misty Terrain
|faint|p1a: Greninja
|
|-weather|RainDance|[upkeep]
|upkeep
|
|t:|1660119367
|switch|p1a: Zacian|Zacian-Crowned|100/100
|-ability|p1a: Zacian|Intrepid Sword|boost
|-boost|p1a: Zacian|atk|1
|turn|11
|
|t:|1660119373
|move|p2a: Xerneas|Max Steelspike|p1a: Zacian
|-damage|p1a: Zacian|9/100
|-boost|p2a: Xerneas|def|1
|move|p1a: Zacian|Behemoth Blade|p2a: Xerneas
|-supereffective|p2a: Xerneas
|-damage|p2a: Xerneas|0 fnt
|faint|p2a: Xerneas
|
|-weather|RainDance|[upkeep]
|upkeep
|
|t:|1660119379
|switch|p2a: Kyogre|Kyogre|100/100
|detailschange|p2a: Kyogre|Kyogre-Primal
|-primal|p2a: Kyogre
|-weather|PrimordialSea|[from] ability: Primordial Sea|[of] p2a: Kyogre
|turn|12
|
|t:|1660119390
|move|p1a: Zacian|Sacred Sword|p2a: Kyogre
|-damage|p2a: Kyogre|43/100
|move|p2a: Kyogre|Thunder|p1a: Zacian
|-damage|p1a: Zacian|0 fnt
|faint|p1a: Zacian
|
|-weather|PrimordialSea|[upkeep]
|upkeep
|
|t:|1660119400
|switch|p1a: Wobbuffet|Wobbuffet, M|100/100
|turn|13
|
|t:|1660119404
|move|p2a: Kyogre|Calm Mind|p2a: Kyogre
|-boost|p2a: Kyogre|spa|1
|-boost|p2a: Kyogre|spd|1
|move|p1a: Wobbuffet|Mirror Coat||[still]
|-fail|p1a: Wobbuffet
|
|-weather|PrimordialSea|[upkeep]
|upkeep
|turn|14
|
|t:|1660119412
|move|p2a: Kyogre|Calm Mind|p2a: Kyogre
|-boost|p2a: Kyogre|spa|1
|-boost|p2a: Kyogre|spd|1
|move|p1a: Wobbuffet|Mirror Coat||[still]
|-fail|p1a: Wobbuffet
|
|-weather|PrimordialSea|[upkeep]
|-fieldend|Misty Terrain
|upkeep
|turn|15
|
|t:|1660119420
|move|p2a: Kyogre|Thunder Wave|p1a: Wobbuffet
|-status|p1a: Wobbuffet|par
|move|p1a: Wobbuffet|Mirror Coat||[still]
|-fail|p1a: Wobbuffet
|
|-weather|PrimordialSea|[upkeep]
|upkeep
|turn|16
|
|t:|1660119427
|move|p2a: Kyogre|Calm Mind|p2a: Kyogre
|-boost|p2a: Kyogre|spa|1
|-boost|p2a: Kyogre|spd|1
|move|p1a: Wobbuffet|Mirror Coat||[still]
|-fail|p1a: Wobbuffet
|
|-weather|PrimordialSea|[upkeep]
|upkeep
|turn|17
|
|t:|1660119435
|move|p2a: Kyogre|Calm Mind|p2a: Kyogre
|-boost|p2a: Kyogre|spa|1
|-boost|p2a: Kyogre|spd|1
|move|p1a: Wobbuffet|Mirror Coat||[still]
|-fail|p1a: Wobbuffet
|
|-weather|PrimordialSea|[upkeep]
|upkeep
|turn|18
|
|t:|1660119442
|move|p2a: Kyogre|Calm Mind|p2a: Kyogre
|-boost|p2a: Kyogre|spa|1
|-boost|p2a: Kyogre|spd|1
|move|p1a: Wobbuffet|Mirror Coat||[still]
|-fail|p1a: Wobbuffet
|
|-weather|PrimordialSea|[upkeep]
|upkeep
|turn|19
|
|t:|1660119449
|move|p2a: Kyogre|Calm Mind|p2a: Kyogre
|-boost|p2a: Kyogre|spa|1
|-boost|p2a: Kyogre|spd|1
|move|p1a: Wobbuffet|Mirror Coat||[still]
|-fail|p1a: Wobbuffet
|
|-weather|PrimordialSea|[upkeep]
|upkeep
|turn|20
|
|t:|1660119456
|move|p2a: Kyogre|Thunder|p1a: Wobbuffet
|-enditem|p1a: Wobbuffet|Focus Sash
|-damage|p1a: Wobbuffet|1/100 par
|move|p1a: Wobbuffet|Mirror Coat|p2a: Kyogre
|-damage|p2a: Kyogre|0 fnt
|faint|p2a: Kyogre
|-weather|none
|
|upkeep
|
|t:|1660119463
|switch|p2a: Yveltal|Yveltal|100/100
|-ability|p2a: Yveltal|Dark Aura
|turn|21
|
|t:|1660119471
|move|p2a: Yveltal|Knock Off|p1a: Wobbuffet
|-supereffective|p1a: Wobbuffet
|-damage|p1a: Wobbuffet|0 fnt
|faint|p1a: Wobbuffet
|-damage|p2a: Yveltal|91/100|[from] item: Life Orb
|
|upkeep
|
|t:|1660119478
|switch|p1a: Kyogre|Kyogre|100/100
|-weather|RainDance|[from] ability: Drizzle|[of] p1a: Kyogre
|turn|22
|
|t:|1660119485
|move|p2a: Yveltal|Knock Off|p1a: Kyogre
|-damage|p1a: Kyogre|42/100
|-enditem|p1a: Kyogre|Aguav Berry|[from] move: Knock Off|[of] p2a: Yveltal
|-damage|p2a: Yveltal|81/100|[from] item: Life Orb
|move|p1a: Kyogre|Thunder|p2a: Yveltal
|-supereffective|p2a: Yveltal
|-damage|p2a: Yveltal|5/100
|
|-weather|RainDance|[upkeep]
|upkeep
|turn|23
|
|t:|1660119500
|move|p2a: Yveltal|Sucker Punch|p1a: Kyogre
|-damage|p1a: Kyogre|0 fnt
|faint|p1a: Kyogre
|-damage|p2a: Yveltal|0 fnt|[from] item: Life Orb
|faint|p2a: Yveltal
|
|win|isleptwithurcousin
|raw|Hhhhhhhhhhhhx's rating: 1296 &rarr; <strong>1266</strong><br />(-30 for losing)
|raw|isleptwithurcousin's rating: 1224 &rarr; <strong>1254</strong><br />(+30 for winning)
|l|☆Hhhhhhhhhhhhx
