|j|☆Travency
|j|☆alt1445645
|t:|1659583734
|gametype|singles
|player|p1|Travency|ninjaboy|1762
|player|p2|alt1445645|102|1877
|teamsize|p1|6
|teamsize|p2|6
|gen|8
|tier|[Gen 8] National Dex AG
|rated|
|rule|HP Percentage Mod: HP is shown in percentages
|rule|Endless Battle Clause: Forcing endless battles is banned
|clearpoke
|poke|p1|Yveltal|
|poke|p1|Deoxys-Speed|
|poke|p1|Marshadow|
|poke|p1|Arceus-*|
|poke|p1|Calyrex-Shadow|
|poke|p1|Arceus-*|
|poke|p2|Arceus-*|
|poke|p2|Groudon|
|poke|p2|Zacian-*|
|poke|p2|Rayquaza|
|poke|p2|Calyrex-Shadow|
|poke|p2|Yveltal|
|teampreview
|
|t:|1659583744
|start
|switch|p1a: Robot|Deoxys-Speed|100/100
|switch|p2a: Arceus|Arceus|100/100
|-ability|p1a: Robot|Pressure
|turn|1
|
|t:|1659583750
|move|p1a: Robot|Stealth Rock|p2a: Arceus
|-sidestart|p2: alt1445645|move: Stealth Rock
|move|p2a: Arceus|Defog|p1a: Robot
|-unboost|p1a: Robot|evasion|1
|-sideend|p2: alt1445645|Stealth Rock|[from] move: Defog|[of] p2a: Arceus
|
|upkeep
|turn|2
|
|t:|1659583754
|move|p1a: Robot|Taunt|p2a: Arceus
|-start|p2a: Arceus|move: Taunt
|move|p2a: Arceus|Shadow Claw|p1a: Robot
|-supereffective|p1a: Robot
|-damage|p1a: Robot|27/100
|
|upkeep
|turn|3
|
|t:|1659583756
|move|p2a: Arceus|Extreme Speed|p1a: Robot
|-damage|p1a: Robot|0 fnt
|faint|p1a: Robot
|
|upkeep
|
|t:|1659583765
|switch|p1a: Black Bird|Yveltal|100/100
|-ability|p1a: Black Bird|Dark Aura
|turn|4
|j| icecube0
|
|t:|1659583769
|-start|p1a: Black Bird|Dynamax|
|-heal|p1a: Black Bird|100/100|[silent]
|-start|p2a: Arceus|Dynamax|
|-heal|p2a: Arceus|100/100|[silent]
|move|p1a: Black Bird|Max Airstream|p2a: Arceus
|-damage|p2a: Arceus|69/100
|-boost|p1a: Black Bird|spe|1
|-damage|p1a: Black Bird|96/100|[from] item: Life Orb
|move|p2a: Arceus|Max Strike|p1a: Black Bird
|-damage|p1a: Black Bird|63/100
|-unboost|p1a: Black Bird|spe|1
|
|-end|p2a: Arceus|move: Taunt
|upkeep
|turn|5
|
|t:|1659583774
|move|p2a: Arceus|Max Guard|p2a: Arceus
|-singleturn|p2a: Arceus|Max Guard
|move|p1a: Black Bird|Max Ooze|p2a: Arceus
|-activate|p2a: Arceus|move: Max Guard
|
|upkeep
|turn|6
|
|t:|1659583776
|move|p1a: Black Bird|Max Airstream|p2a: Arceus
|-damage|p2a: Arceus|37/100
|-boost|p1a: Black Bird|spe|1
|-damage|p1a: Black Bird|58/100|[from] item: Life Orb
|move|p2a: Arceus|Max Strike|p1a: Black Bird
|-damage|p1a: Black Bird|24/100
|-unboost|p1a: Black Bird|spe|1
|
|upkeep
|-end|p1a: Black Bird|Dynamax
|-heal|p1a: Black Bird|24/100|[silent]
|-end|p2a: Arceus|Dynamax
|-heal|p2a: Arceus|37/100|[silent]
|turn|7
|
|t:|1659583780
|move|p2a: Arceus|Extreme Speed|p1a: Black Bird
|-damage|p1a: Black Bird|0 fnt
|faint|p1a: Black Bird
|
|upkeep
|
|t:|1659583786
|switch|p1a: Tiny Man|Marshadow|100/100
|turn|8
|
|t:|1659583788
|switch|p2a: Groudon|Groudon|100/100
|detailschange|p2a: Groudon|Groudon-Primal
|-primal|p2a: Groudon
|-weather|DesolateLand|[from] ability: Desolate Land|[of] p2a: Groudon
|move|p1a: Tiny Man|Close Combat|p2a: Groudon
|-damage|p2a: Groudon|71/100
|-unboost|p1a: Tiny Man|def|1
|-unboost|p1a: Tiny Man|spd|1
|
|-weather|DesolateLand|[upkeep]
|upkeep
|turn|9
|
|t:|1659583794
|move|p1a: Tiny Man|Spectral Thief|p2a: Groudon
|-damage|p2a: Groudon|48/100
|move|p2a: Groudon|Stealth Rock|p1a: Tiny Man
|-sidestart|p1: Travency|move: Stealth Rock
|
|-weather|DesolateLand|[upkeep]
|upkeep
|turn|10
|
|t:|1659583798
|move|p1a: Tiny Man|Close Combat|p2a: Groudon
|-damage|p2a: Groudon|15/100
|-unboost|p1a: Tiny Man|def|1
|-unboost|p1a: Tiny Man|spd|1
|move|p2a: Groudon|Fire Punch|p1a: Tiny Man
|-enditem|p1a: Tiny Man|Focus Sash
|-damage|p1a: Tiny Man|1/100
|
|-weather|DesolateLand|[upkeep]
|upkeep
|turn|11
|j| PSaddict123
|
|t:|1659583808
|move|p1a: Tiny Man|Close Combat|p2a: Groudon
|-damage|p2a: Groudon|0 fnt
|-unboost|p1a: Tiny Man|def|1
|-unboost|p1a: Tiny Man|spd|1
|faint|p2a: Groudon
|-weather|none
|
|upkeep
|
|t:|1659583813
|switch|p2a: Yveltal|Yveltal|100/100
|-ability|p2a: Yveltal|Dark Aura
|turn|12
|
|t:|1659583815
|move|p2a: Yveltal|Sucker Punch|p1a: Tiny Man
|-damage|p1a: Tiny Man|0 fnt
|faint|p1a: Tiny Man
|-damage|p2a: Yveltal|91/100|[from] item: Life Orb
|
|upkeep
|
|t:|1659583818
|switch|p1a: Other Weird Dog|Arceus-Ground|100/100
|-damage|p1a: Other Weird Dog|94/100|[from] Stealth Rock
|turn|13
|
|t:|1659583820
|move|p1a: Other Weird Dog|Ice Beam|p2a: Yveltal
|-supereffective|p2a: Yveltal
|-damage|p2a: Yveltal|36/100
|move|p2a: Yveltal|Dark Pulse|p1a: Other Weird Dog
|-damage|p1a: Other Weird Dog|29/100
|-damage|p2a: Yveltal|27/100|[from] item: Life Orb
|
|upkeep
|turn|14
|
|t:|1659583823
|move|p2a: Yveltal|Sucker Punch|p1a: Other Weird Dog
|-damage|p1a: Other Weird Dog|0 fnt
|faint|p1a: Other Weird Dog
|-damage|p2a: Yveltal|17/100|[from] item: Life Orb
|
|upkeep
|
|t:|1659583825
|switch|p1a: Weird Dog|Arceus, shiny|100/100
|-damage|p1a: Weird Dog|88/100|[from] Stealth Rock
|turn|15
|l| icecube0
|
|t:|1659583829
|switch|p2a: Calyrex|Calyrex-Shadow|100/100
|-ability|p2a: Calyrex|As One
|-ability|p2a: Calyrex|Unnerve
|move|p1a: Weird Dog|Extreme Speed|p2a: Calyrex
|-immune|p2a: Calyrex
|
|upkeep
|turn|16
|
|t:|1659583836
|move|p2a: Calyrex|Nasty Plot|p2a: Calyrex
|-boost|p2a: Calyrex|spa|2
|move|p1a: Weird Dog|Shadow Claw|p2a: Calyrex
|-supereffective|p2a: Calyrex
|-crit|p2a: Calyrex
|-enditem|p2a: Calyrex|Focus Sash
|-damage|p2a: Calyrex|1/100
|-damage|p1a: Weird Dog|78/100|[from] item: Life Orb
|
|upkeep
|turn|17
|
|t:|1659583840
|move|p2a: Calyrex|Psyshock|p1a: Weird Dog
|-damage|p1a: Weird Dog|5/100
|move|p1a: Weird Dog|Shadow Claw|p2a: Calyrex
|-supereffective|p2a: Calyrex
|-crit|p2a: Calyrex
|-damage|p2a: Calyrex|0 fnt
|faint|p2a: Calyrex
|-damage|p1a: Weird Dog|0 fnt|[from] item: Life Orb
|faint|p1a: Weird Dog
|
|upkeep
|
|t:|1659583848
|switch|p2a: Zacian|Zacian-Crowned|100/100
|switch|p1a: Sweeping House|Calyrex-Shadow|100/100
|-ability|p1a: Sweeping House|As One
|-ability|p1a: Sweeping House|Unnerve
|-damage|p1a: Sweeping House|88/100|[from] Stealth Rock
|-ability|p2a: Zacian|Intrepid Sword|boost
|-boost|p2a: Zacian|atk|1
|turn|18
|
|t:|1659583850
|move|p1a: Sweeping House|Astral Barrage|p2a: Zacian
|-damage|p2a: Zacian|25/100
|move|p2a: Zacian|Behemoth Blade|p1a: Sweeping House
|-damage|p1a: Sweeping House|0 fnt
|faint|p1a: Sweeping House
|
|win|alt1445645
|raw|Travency's rating: 1762 &rarr; <strong>1748</strong><br />(-14 for losing)
|raw|alt1445645's rating: 1877 &rarr; <strong>1891</strong><br />(+14 for winning)
|c|☆alt1445645|gg
|c|☆Travency|Gg
|l|☆Travency
||Ladder isn't responding, score probably updated but might not have (Request timeout).
