|j|☆CR7 safado
|j|☆1337RedGlitchFox
|t:|1665853234
|gametype|singles
|player|p1|CR7 safado|steven|1544
|player|p2|1337RedGlitchFox|red|1715
|teamsize|p1|6
|teamsize|p2|6
|gen|8
|tier|[Gen 8] National Dex AG
|rated|
|rule|HP Percentage Mod: HP is shown in percentages
|rule|Endless Battle Clause: Forcing endless battles is banned
|clearpoke
|poke|p1|Calyrex-Shadow|
|poke|p1|Zygarde|
|poke|p1|Lugia|
|poke|p1|Necrozma-Dusk-Mane|
|poke|p1|Rayquaza|
|poke|p1|Urshifu-*, M|
|poke|p2|Mewtwo|
|poke|p2|Zygarde|
|poke|p2|Rayquaza|
|poke|p2|Necrozma-Dusk-Mane|
|poke|p2|Ho-Oh|
|poke|p2|Arceus-*|
|teampreview
|inactive|Battle timer is ON: inactive players will automatically lose when time's up. (requested by 1337RedGlitchFox)
|
|t:|1665853240
|start
|switch|p1a: Zygarde|Zygarde, shiny|100/100
|switch|p2a: Mewtwo|Mewtwo|100/100
|-ability|p2a: Mewtwo|Pressure
|turn|1
|
|t:|1665853260
|switch|p1a: Calyrex|Calyrex-Shadow|100/100
|-ability|p1a: Calyrex|As One
|-ability|p1a: Calyrex|Unnerve
|move|p2a: Mewtwo|Taunt|p1a: Calyrex
|-start|p1a: Calyrex|move: Taunt
|
|upkeep
|turn|2
|
|t:|1665853270
|switch|p2a: Ho-Oh|Ho-Oh|100/100
|-start|p1a: Calyrex|Dynamax|
|-heal|p1a: Calyrex|100/100|[silent]
|move|p1a: Calyrex|Max Phantasm|p2a: Ho-Oh
|-damage|p2a: Ho-Oh|45/100
|-unboost|p2a: Ho-Oh|def|1
|-damage|p1a: Calyrex|96/100|[from] item: Life Orb
|
|upkeep
|turn|3
|
|t:|1665853286
|switch|p2a: Arceus|Arceus|100/100
|move|p1a: Calyrex|Max Darkness|p2a: Arceus
|-damage|p2a: Arceus|54/100
|-unboost|p2a: Arceus|spd|1
|-damage|p1a: Calyrex|91/100|[from] item: Life Orb
|
|-heal|p2a: Arceus|60/100|[from] item: Leftovers
|-end|p1a: Calyrex|move: Taunt
|upkeep
|turn|4
|
|t:|1665853299
|move|p1a: Calyrex|Max Mindstorm|p2a: Arceus
|-damage|p2a: Arceus|0 fnt
|-fieldstart|move: Psychic Terrain
|faint|p2a: Arceus
|-ability|p1a: Calyrex|Grim Neigh|boost
|-boost|p1a: Calyrex|spa|1
|-damage|p1a: Calyrex|86/100|[from] item: Life Orb
|
|upkeep
|
|t:|1665853302
|switch|p2a: Zygarde|Zygarde, shiny|100/100
|-end|p1a: Calyrex|Dynamax
|-heal|p1a: Calyrex|86/100|[silent]
|turn|5
|
|t:|1665853312
|move|p1a: Calyrex|Taunt|p2a: Zygarde
|-start|p2a: Zygarde|move: Taunt
|cant|p2a: Zygarde|move: Taunt|Glare
|
|upkeep
|turn|6
|
|t:|1665853318
|switch|p2a: Ho-Oh|Ho-Oh|78/100
|move|p1a: Calyrex|Astral Barrage|p2a: Ho-Oh
|-damage|p2a: Ho-Oh|9/100
|-damage|p1a: Calyrex|76/100|[from] item: Life Orb
|
|upkeep
|turn|7
|
|t:|1665853327
|move|p1a: Calyrex|Astral Barrage|p2a: Ho-Oh
|-damage|p2a: Ho-Oh|0 fnt
|faint|p2a: Ho-Oh
|-ability|p1a: Calyrex|Grim Neigh|boost
|-boost|p1a: Calyrex|spa|1
|-damage|p1a: Calyrex|66/100|[from] item: Life Orb
|
|upkeep
|
|t:|1665853333
|switch|p2a: Zygarde|Zygarde, shiny|100/100
|turn|8
|
|t:|1665853338
|-start|p2a: Zygarde|Dynamax|
|-heal|p2a: Zygarde|100/100|[silent]
|move|p1a: Calyrex|Taunt|p2a: Zygarde
|-start|p2a: Zygarde|move: Taunt
|move|p2a: Zygarde|Max Quake|p1a: Calyrex
|-damage|p1a: Calyrex|16/100
|-boost|p2a: Zygarde|spd|1
|
|-fieldend|move: Psychic Terrain
|upkeep
|turn|9
|
|t:|1665853353
|move|p1a: Calyrex|Astral Barrage|p2a: Zygarde
|-damage|p2a: Zygarde|50/100
|-damage|p1a: Calyrex|6/100|[from] item: Life Orb
|move|p2a: Zygarde|Max Quake|p1a: Calyrex
|-damage|p1a: Calyrex|0 fnt
|-boost|p2a: Zygarde|spd|1
|faint|p1a: Calyrex
|
|-heal|p2a: Zygarde|53/100|[from] item: Leftovers
|upkeep
|
|t:|1665853376
|switch|p1a: Lugia|Lugia|100/100
|turn|10
|
|t:|1665853381
|-end|p2a: Zygarde|Dynamax
|-heal|p2a: Zygarde|54/100|[silent]
|switch|p2a: Necrozma|Necrozma-Dusk-Mane|100/100
|move|p1a: Lugia|Tailwind|p1a: Lugia
|-sidestart|p1: CR7 safado|move: Tailwind
|
|upkeep
|turn|11
|
|t:|1665853398
|switch|p1a: Urshifu|Urshifu, M|100/100
|switch|p2a: Mewtwo|Mewtwo|100/100
|-ability|p2a: Mewtwo|Pressure
|
|upkeep
|turn|12
|
|t:|1665853408
|switch|p2a: Zygarde|Zygarde, shiny|54/100
|move|p1a: Urshifu|Wicked Blow|p2a: Zygarde
|-crit|p2a: Zygarde
|-damage|p2a: Zygarde|6/100
|
|-heal|p2a: Zygarde|13/100|[from] item: Leftovers
|-activate|p2a: Zygarde|ability: Power Construct
|detailschange|p2a: Zygarde|Zygarde-Complete, shiny
|-heal|p2a: Zygarde|46/100|[silent]
|upkeep
|turn|13
|
|t:|1665853425
|switch|p1a: Zygarde|Zygarde, shiny|100/100
|move|p2a: Zygarde|Glare|p1a: Zygarde
|-status|p1a: Zygarde|par
|
|-heal|p2a: Zygarde|52/100|[from] item: Leftovers
|-sideend|p1: CR7 safado|move: Tailwind
|upkeep
|turn|14
|
|t:|1665853435
|switch|p2a: Mewtwo|Mewtwo|100/100
|-ability|p2a: Mewtwo|Pressure
|cant|p1a: Zygarde|par
|
|upkeep
|turn|15
|
|t:|1665853444
|move|p2a: Mewtwo|Taunt|p1a: Zygarde
|-start|p1a: Zygarde|move: Taunt
|cant|p1a: Zygarde|move: Taunt|Coil
|
|upkeep
|turn|16
|
|t:|1665853451
|move|p2a: Mewtwo|Ice Beam|p1a: Zygarde
|-supereffective|p1a: Zygarde
|-damage|p1a: Zygarde|0 fnt
|faint|p1a: Zygarde
|
|upkeep
|
|t:|1665853458
|switch|p1a: Lugia|Lugia|100/100
|turn|17
|
|t:|1665853462
|move|p2a: Mewtwo|Taunt|p1a: Lugia
|-start|p1a: Lugia|move: Taunt
|cant|p1a: Lugia|move: Taunt|Tailwind
|
|upkeep
|turn|18
|
|t:|1665853468
|move|p2a: Mewtwo|Will-O-Wisp|p1a: Lugia
|-status|p1a: Lugia|brn
|move|p1a: Lugia|Aeroblast|p2a: Mewtwo
|-damage|p2a: Mewtwo|65/100
|
|-heal|p2a: Mewtwo|72/100|[from] item: Leftovers
|-damage|p1a: Lugia|94/100 brn|[from] brn
|upkeep
|turn|19
|
|t:|1665853480
|move|p2a: Mewtwo|Ice Beam|p1a: Lugia
|-supereffective|p1a: Lugia
|-damage|p1a: Lugia|60/100 brn
|move|p1a: Lugia|Aeroblast|p2a: Mewtwo
|-damage|p2a: Mewtwo|38/100
|
|-heal|p2a: Mewtwo|44/100|[from] item: Leftovers
|-damage|p1a: Lugia|54/100 brn|[from] brn
|-end|p1a: Lugia|move: Taunt
|upkeep
|turn|20
|
|t:|1665853493
|move|p2a: Mewtwo|Taunt|p1a: Lugia
|-start|p1a: Lugia|move: Taunt
|move|p1a: Lugia|Aeroblast|p2a: Mewtwo
|-damage|p2a: Mewtwo|8/100
|
|-heal|p2a: Mewtwo|15/100|[from] item: Leftovers
|-damage|p1a: Lugia|48/100 brn|[from] brn
|upkeep
|turn|21
|
|t:|1665853503
|move|p2a: Mewtwo|Recover|p2a: Mewtwo
|-heal|p2a: Mewtwo|65/100
|move|p1a: Lugia|Aeroblast|p2a: Mewtwo
|-damage|p2a: Mewtwo|33/100
|
|-heal|p2a: Mewtwo|40/100|[from] item: Leftovers
|-damage|p1a: Lugia|42/100 brn|[from] brn
|upkeep
|turn|22
|
|t:|1665853514
|move|p2a: Mewtwo|Recover|p2a: Mewtwo
|-heal|p2a: Mewtwo|90/100
|-activate|p1a: Lugia|move: Struggle
|move|p1a: Lugia|Struggle|p2a: Mewtwo
|-crit|p2a: Mewtwo
|-damage|p2a: Mewtwo|85/100
|-damage|p1a: Lugia|17/100 brn|[from] recoil
|
|-heal|p2a: Mewtwo|91/100|[from] item: Leftovers
|-damage|p1a: Lugia|10/100 brn|[from] brn
|-end|p1a: Lugia|move: Taunt
|upkeep
|turn|23
|
|t:|1665853526
|switch|p1a: Urshifu|Urshifu, M|100/100
|move|p2a: Mewtwo|Taunt|p1a: Urshifu
|-start|p1a: Urshifu|move: Taunt
|
|-heal|p2a: Mewtwo|97/100|[from] item: Leftovers
|upkeep
|turn|24
|
|t:|1665853535
|move|p2a: Mewtwo|Will-O-Wisp|p1a: Urshifu
|-status|p1a: Urshifu|brn
|move|p1a: Urshifu|Wicked Blow|p2a: Mewtwo
|-supereffective|p2a: Mewtwo
|-crit|p2a: Mewtwo
|-damage|p2a: Mewtwo|35/100
|
|-heal|p2a: Mewtwo|42/100|[from] item: Leftovers
|-damage|p1a: Urshifu|94/100 brn|[from] brn
|upkeep
|turn|25
|
|t:|1665853545
|move|p2a: Mewtwo|Recover|p2a: Mewtwo
|-heal|p2a: Mewtwo|92/100
|move|p1a: Urshifu|Wicked Blow|p2a: Mewtwo
|-supereffective|p2a: Mewtwo
|-crit|p2a: Mewtwo
|-damage|p2a: Mewtwo|30/100
|
|-heal|p2a: Mewtwo|36/100|[from] item: Leftovers
|-damage|p1a: Urshifu|88/100 brn|[from] brn
|-end|p1a: Urshifu|move: Taunt
|upkeep
|turn|26
|
|t:|1665853558
|move|p2a: Mewtwo|Recover|p2a: Mewtwo
|-heal|p2a: Mewtwo|86/100
|move|p1a: Urshifu|Wicked Blow|p2a: Mewtwo
|-supereffective|p2a: Mewtwo
|-crit|p2a: Mewtwo
|-damage|p2a: Mewtwo|24/100
|
|-heal|p2a: Mewtwo|30/100|[from] item: Leftovers
|-damage|p1a: Urshifu|82/100 brn|[from] brn
|upkeep
|turn|27
|
|t:|1665853577
|move|p2a: Mewtwo|Recover|p2a: Mewtwo
|-heal|p2a: Mewtwo|80/100
|move|p1a: Urshifu|Wicked Blow|p2a: Mewtwo
|-supereffective|p2a: Mewtwo
|-crit|p2a: Mewtwo
|-damage|p2a: Mewtwo|17/100
|
|-heal|p2a: Mewtwo|23/100|[from] item: Leftovers
|-damage|p1a: Urshifu|76/100 brn|[from] brn
|upkeep
|turn|28
|
|t:|1665853589
|move|p2a: Mewtwo|Recover|p2a: Mewtwo
|-heal|p2a: Mewtwo|73/100
|move|p1a: Urshifu|Poison Jab|p2a: Mewtwo
|-damage|p2a: Mewtwo|62/100
|
|-heal|p2a: Mewtwo|68/100|[from] item: Leftovers
|-damage|p1a: Urshifu|70/100 brn|[from] brn
|upkeep
|turn|29
|
|t:|1665853598
|move|p2a: Mewtwo|Ice Beam|p1a: Urshifu
|-damage|p1a: Urshifu|24/100 brn
|move|p1a: Urshifu|Poison Jab|p2a: Mewtwo
|-damage|p2a: Mewtwo|57/100
|
|-heal|p2a: Mewtwo|63/100|[from] item: Leftovers
|-damage|p1a: Urshifu|18/100 brn|[from] brn
|upkeep
|turn|30
|
|t:|1665853609
|switch|p2a: Necrozma|Necrozma-Dusk-Mane|100/100
|move|p1a: Urshifu|Sucker Punch||[still]
|-fail|p1a: Urshifu
|
|-damage|p1a: Urshifu|12/100 brn|[from] brn
|upkeep
|turn|31
|
|t:|1665853619
|move|p1a: Urshifu|Close Combat|p2a: Necrozma
|-damage|p2a: Necrozma|74/100
|-unboost|p1a: Urshifu|def|1
|-unboost|p1a: Urshifu|spd|1
|move|p2a: Necrozma|Dragon Dance|p2a: Necrozma
|-boost|p2a: Necrozma|atk|1
|-boost|p2a: Necrozma|spe|1
|
|-heal|p2a: Necrozma|80/100|[from] item: Leftovers
|-damage|p1a: Urshifu|6/100 brn|[from] brn
|upkeep
|turn|32
|
|t:|1665853632
|switch|p1a: Rayquaza|Rayquaza|100/100
|-ability|p1a: Rayquaza|Air Lock
|move|p2a: Necrozma|Dragon Dance|p2a: Necrozma
|-boost|p2a: Necrozma|atk|1
|-boost|p2a: Necrozma|spe|1
|
|-heal|p2a: Necrozma|86/100|[from] item: Leftovers
|upkeep
|turn|33
|
|t:|1665853643
|detailschange|p1a: Rayquaza|Rayquaza-Mega
|-mega|p1a: Rayquaza|Rayquaza|
|-weather|DeltaStream|[from] ability: Delta Stream|[of] p1a: Rayquaza
|move|p2a: Necrozma|Iron Defense|p2a: Necrozma
|-boost|p2a: Necrozma|def|2
|move|p1a: Rayquaza|Overheat|p2a: Necrozma
|-supereffective|p2a: Necrozma
|-damage|p2a: Necrozma|0 fnt
|-unboost|p1a: Rayquaza|spa|2
|faint|p2a: Necrozma
|-damage|p1a: Rayquaza|91/100|[from] item: Life Orb
|
|-weather|DeltaStream|[upkeep]
|upkeep
|
|t:|1665853652
|switch|p2a: Rayquaza|Rayquaza|100/100
|-ability|p2a: Rayquaza|Air Lock
|turn|34
|
|t:|1665853662
|detailschange|p2a: Rayquaza|Rayquaza-Mega
|-mega|p2a: Rayquaza|Rayquaza|
|move|p2a: Rayquaza|Dragon Ascent|p1a: Rayquaza
|-damage|p1a: Rayquaza|0 fnt
|-unboost|p2a: Rayquaza|def|1
|-unboost|p2a: Rayquaza|spd|1
|faint|p1a: Rayquaza
|
|-weather|DeltaStream|[upkeep]
|upkeep
|
|t:|1665853674
|switch|p1a: Necrozma|Necrozma-Dusk-Mane|100/100
|turn|35
|
|t:|1665853681
|-weather|none
|switch|p2a: Mewtwo|Mewtwo|63/100
|-ability|p2a: Mewtwo|Pressure
|move|p1a: Necrozma|Dragon Dance|p1a: Necrozma
|-boost|p1a: Necrozma|atk|1
|-boost|p1a: Necrozma|spe|1
|
|-heal|p2a: Mewtwo|70/100|[from] item: Leftovers
|upkeep
|turn|36
|
|t:|1665853693
|detailschange|p1a: Necrozma|Necrozma-Ultra
|-burst|p1a: Necrozma|Necrozma|Ultranecrozium Z
|move|p1a: Necrozma|Sunsteel Strike|p2a: Mewtwo
|-damage|p2a: Mewtwo|16/100
|move|p2a: Mewtwo|Will-O-Wisp|p1a: Necrozma
|-status|p1a: Necrozma|brn
|
|-heal|p2a: Mewtwo|22/100|[from] item: Leftovers
|-damage|p1a: Necrozma|95/100 brn|[from] brn
|upkeep
|turn|37
|
|t:|1665853707
|move|p1a: Necrozma|Sunsteel Strike|p2a: Mewtwo
|-damage|p2a: Mewtwo|0 fnt
|faint|p2a: Mewtwo
|
|-damage|p1a: Necrozma|89/100 brn|[from] brn
|upkeep
|
|t:|1665853711
|switch|p2a: Zygarde|Zygarde-Complete, shiny|52/100
|turn|38
|
|t:|1665853718
|-zpower|p1a: Necrozma
|move|p1a: Necrozma|Light That Burns the Sky|p2a: Zygarde|[zeffect]
|-damage|p2a: Zygarde|16/100
|move|p2a: Zygarde|Haze|p2a: Zygarde
|-clearallboost
|
|-heal|p2a: Zygarde|22/100|[from] item: Leftovers
|-damage|p1a: Necrozma|83/100 brn|[from] brn
|upkeep
|turn|39
|
|t:|1665853732
|move|p1a: Necrozma|Photon Geyser|p2a: Zygarde
|-damage|p2a: Zygarde|10/100
|move|p2a: Zygarde|Thousand Arrows|p1a: Necrozma
|-damage|p1a: Necrozma|49/100 brn
|
|-heal|p2a: Zygarde|16/100|[from] item: Leftovers
|-damage|p1a: Necrozma|43/100 brn|[from] brn
|upkeep
|turn|40
|
|t:|1665853745
|move|p1a: Necrozma|Stealth Rock|p2a: Zygarde
|-sidestart|p2: 1337RedGlitchFox|move: Stealth Rock
|move|p2a: Zygarde|Thousand Arrows|p1a: Necrozma
|-damage|p1a: Necrozma|12/100 brn
|
|-heal|p2a: Zygarde|22/100|[from] item: Leftovers
|-damage|p1a: Necrozma|6/100 brn|[from] brn
|upkeep
|turn|41
|
|t:|1665853754
|move|p2a: Zygarde|Extreme Speed|p1a: Necrozma
|-damage|p1a: Necrozma|0 fnt
|faint|p1a: Necrozma
|
|-heal|p2a: Zygarde|28/100|[from] item: Leftovers
|upkeep
|
|t:|1665853762
|switch|p1a: Urshifu|Urshifu, M|6/100 brn
|turn|42
|
|t:|1665853766
|move|p2a: Zygarde|Extreme Speed|p1a: Urshifu
|-damage|p1a: Urshifu|0 fnt
|faint|p1a: Urshifu
|
|-heal|p2a: Zygarde|34/100|[from] item: Leftovers
|upkeep
|-message|CR7 safado forfeited.
|
|win|1337RedGlitchFox
|raw|CR7 safado's rating: 1544 &rarr; <strong>1533</strong><br />(-11 for losing)
|raw|1337RedGlitchFox's rating: 1715 &rarr; <strong>1726</strong><br />(+11 for winning)
|l|☆CR7 safado
