|j|☆Heheheh372
|j|☆IAmJklol
|t:|1661706925
|gametype|singles
|player|p1|Heheheh372|lady|1616
|player|p2|IAmJklol|red|1914
|teamsize|p1|6
|teamsize|p2|6
|gen|8
|tier|[Gen 8] National Dex AG
|rated|
|rule|HP Percentage Mod: HP is shown in percentages
|rule|Endless Battle Clause: Forcing endless battles is banned
|clearpoke
|poke|p1|Excadrill, M|
|poke|p1|Smeargle, F|
|poke|p1|Smeargle, M|
|poke|p1|Arceus-*|
|poke|p1|Kartana|
|poke|p1|Dialga|
|poke|p2|Ho-Oh|
|poke|p2|Necrozma-Dusk-Mane|
|poke|p2|Zygarde|
|poke|p2|Rayquaza|
|poke|p2|Calyrex-Shadow|
|poke|p2|Arceus-*|
|teampreview
|inactive|Battle timer is ON: inactive players will automatically lose when time's up. (requested by IAmJklol)
|
|t:|1661706928
|start
|switch|p1a: Excadrill|Excadrill, M|100/100
|switch|p2a: Rayquaza|Rayquaza|100/100
|-ability|p2a: Rayquaza|Air Lock
|-ability|p1a: Excadrill|Mold Breaker
|turn|1
|
|t:|1661706935
|detailschange|p2a: Rayquaza|Rayquaza-Mega
|-mega|p2a: Rayquaza|Rayquaza|
|-weather|DeltaStream|[from] ability: Delta Stream|[of] p2a: Rayquaza
|move|p2a: Rayquaza|Waterfall|p1a: Excadrill
|-supereffective|p1a: Excadrill
|-enditem|p1a: Excadrill|Focus Sash
|-damage|p1a: Excadrill|1/100
|move|p1a: Excadrill|Stealth Rock|p2a: Rayquaza
|-sidestart|p2: IAmJklol|move: Stealth Rock
|
|-weather|DeltaStream|[upkeep]
|upkeep
|turn|2
|
|t:|1661706942
|move|p2a: Rayquaza|Waterfall|p1a: Excadrill
|-supereffective|p1a: Excadrill
|-damage|p1a: Excadrill|0 fnt
|faint|p1a: Excadrill
|
|-weather|DeltaStream|[upkeep]
|upkeep
|
|t:|1661706943
|switch|p1a: Arceus|Arceus|100/100
|turn|3
|
|t:|1661706949
|move|p2a: Rayquaza|Waterfall|p1a: Arceus
|-damage|p1a: Arceus|64/100
|cant|p1a: Arceus|flinch
|
|-weather|DeltaStream|[upkeep]
|upkeep
|turn|4
|
|t:|1661706953
|move|p2a: Rayquaza|Waterfall|p1a: Arceus
|-damage|p1a: Arceus|32/100
|-zpower|p1a: Arceus
|move|p1a: Arceus|Breakneck Blitz|p2a: Rayquaza|[zeffect]
|-damage|p2a: Rayquaza|23/100
|
|-weather|DeltaStream|[upkeep]
|upkeep
|turn|5
|
|t:|1661706956
|move|p1a: Arceus|Extreme Speed|p2a: Rayquaza
|-damage|p2a: Rayquaza|0 fnt
|faint|p2a: Rayquaza
|-weather|none
|
|upkeep
|
|t:|1661706961
|switch|p2a: Calyrex|Calyrex-Shadow|100/100
|-ability|p2a: Calyrex|As One
|-ability|p2a: Calyrex|Unnerve
|-damage|p2a: Calyrex|88/100|[from] Stealth Rock
|turn|6
|
|t:|1661706966
|move|p2a: Calyrex|Psyshock|p1a: Arceus
|-damage|p1a: Arceus|0 fnt
|faint|p1a: Arceus
|-ability|p2a: Calyrex|Grim Neigh|boost
|-boost|p2a: Calyrex|spa|1
|
|upkeep
|
|t:|1661706970
|switch|p1a: Smeargle|Smeargle, F|100/100
|turn|7
|
|t:|1661706975
|switch|p2a: Zygarde|Zygarde|100/100
|-damage|p2a: Zygarde|94/100|[from] Stealth Rock
|move|p1a: Smeargle|Shell Smash|p1a: Smeargle
|-unboost|p1a: Smeargle|def|1
|-unboost|p1a: Smeargle|spd|1
|-boost|p1a: Smeargle|atk|2
|-boost|p1a: Smeargle|spa|2
|-boost|p1a: Smeargle|spe|2
|
|-heal|p2a: Zygarde|100/100|[from] item: Leftovers
|-ability|p1a: Smeargle|Moody|boost
|-boost|p1a: Smeargle|spd|2
|-unboost|p1a: Smeargle|spa|1
|upkeep
|turn|8
|
|t:|1661706980
|move|p1a: Smeargle|Taunt|p2a: Zygarde
|-start|p2a: Zygarde|move: Taunt
|cant|p2a: Zygarde|move: Taunt|Sleep Talk
|
|-ability|p1a: Smeargle|Moody|boost
|-boost|p1a: Smeargle|spd|2
|-unboost|p1a: Smeargle|atk|1
|upkeep
|turn|9
|
|t:|1661706986
|move|p1a: Smeargle|Spore|p2a: Zygarde
|-status|p2a: Zygarde|slp|[from] move: Spore
|cant|p2a: Zygarde|slp
|
|-ability|p1a: Smeargle|Moody|boost
|-boost|p1a: Smeargle|def|2
|-unboost|p1a: Smeargle|spe|1
|upkeep
|turn|10
|
|t:|1661706995
|move|p1a: Smeargle|Baton Pass|p1a: Smeargle
|
|t:|1661706996
|switch|p1a: Dialga|Dialga|100/100|[from]move: Baton Pass
|-ability|p1a: Dialga|Pressure
|-curestatus|p2a: Zygarde|slp|[msg]
|move|p2a: Zygarde|Thousand Arrows|p1a: Dialga
|-supereffective|p1a: Dialga
|-damage|p1a: Dialga|68/100
|
|-end|p2a: Zygarde|move: Taunt
|upkeep
|turn|11
|
|t:|1661707004
|move|p1a: Dialga|Dragon Pulse|p2a: Zygarde
|-supereffective|p2a: Zygarde
|-damage|p2a: Zygarde|2/100
|move|p2a: Zygarde|Rest|p2a: Zygarde
|-status|p2a: Zygarde|slp|[from] move: Rest
|-heal|p2a: Zygarde|100/100 slp|[silent]
|
|upkeep
|turn|12
|
|t:|1661707014
|switch|p2a: Ho-Oh|Ho-Oh|100/100
|-start|p1a: Dialga|Dynamax|
|-heal|p1a: Dialga|68/100|[silent]
|move|p1a: Dialga|Max Wyrmwind|p2a: Ho-Oh
|-damage|p2a: Ho-Oh|48/100
|-unboost|p2a: Ho-Oh|atk|1
|
|upkeep
|turn|13
|
|t:|1661707019
|switch|p2a: Necrozma|Necrozma-Dusk-Mane|100/100
|-damage|p2a: Necrozma|94/100|[from] Stealth Rock
|move|p1a: Dialga|Max Lightning|p2a: Necrozma
|-damage|p2a: Necrozma|23/100
|-fieldstart|move: Electric Terrain
|
|upkeep
|turn|14
|
|t:|1661707029
|move|p1a: Dialga|Max Wyrmwind|p2a: Necrozma
|-resisted|p2a: Necrozma
|-damage|p2a: Necrozma|0 fnt
|faint|p2a: Necrozma
|
|upkeep
|
|t:|1661707037
|switch|p2a: Ho-Oh|Ho-Oh|81/100
|-end|p1a: Dialga|Dynamax
|-heal|p1a: Dialga|68/100|[silent]
|turn|15
|
|t:|1661707043
|move|p1a: Dialga|Thunderbolt|p2a: Ho-Oh
|-supereffective|p2a: Ho-Oh
|-crit|p2a: Ho-Oh
|-damage|p2a: Ho-Oh|0 fnt
|faint|p2a: Ho-Oh
|
|upkeep
|c|☆IAmJklol|:/
|
|t:|1661707055
|switch|p2a: Zygarde|Zygarde|100/100 slp
|-damage|p2a: Zygarde|94/100 slp|[from] Stealth Rock
|turn|16
|
|t:|1661707059
|-start|p2a: Zygarde|Dynamax|
|-heal|p2a: Zygarde|94/100 slp|[silent]
|move|p1a: Dialga|Dragon Pulse|p2a: Zygarde
|-supereffective|p2a: Zygarde
|-damage|p2a: Zygarde|47/100 slp
|cant|p2a: Zygarde|slp
|
|-heal|p2a: Zygarde|50/100 slp|[from] item: Leftovers
|-activate|p2a: Zygarde|ability: Power Construct
|detailschange|p2a: Zygarde|Zygarde-Complete
|-heal|p2a: Zygarde|67/100 slp|[silent]
|upkeep
|turn|17
|
|t:|1661707063
|move|p1a: Dialga|Dragon Pulse|p2a: Zygarde
|-supereffective|p2a: Zygarde
|-crit|p2a: Zygarde
|-damage|p2a: Zygarde|20/100 slp
|cant|p2a: Zygarde|slp
|
|-heal|p2a: Zygarde|23/100 slp|[from] item: Leftovers
|-fieldend|move: Electric Terrain
|upkeep
|turn|18
|
|t:|1661707071
|-curestatus|p2a: Zygarde|slp|[msg]
|move|p2a: Zygarde|Max Guard|p2a: Zygarde
|-singleturn|p2a: Zygarde|Max Guard
|move|p1a: Dialga|Dragon Pulse|p2a: Zygarde
|-activate|p2a: Zygarde|move: Max Guard
|
|-heal|p2a: Zygarde|26/100|[from] item: Leftovers
|upkeep
|-end|p2a: Zygarde|Dynamax
|-heal|p2a: Zygarde|26/100|[silent]
|turn|19
|
|t:|1661707076
|move|p1a: Dialga|Dragon Pulse|p2a: Zygarde
|-supereffective|p2a: Zygarde
|-damage|p2a: Zygarde|0 fnt
|faint|p2a: Zygarde
|
|upkeep
|
|t:|1661707078
|switch|p2a: Calyrex|Calyrex-Shadow|88/100
|-ability|p2a: Calyrex|As One
|-ability|p2a: Calyrex|Unnerve
|-damage|p2a: Calyrex|76/100|[from] Stealth Rock
|turn|20
|
|t:|1661707085
|move|p2a: Calyrex|Astral Barrage|p1a: Dialga
|-damage|p1a: Dialga|36/100
|move|p1a: Dialga|Dragon Pulse|p2a: Calyrex
|-damage|p2a: Calyrex|0 fnt
|faint|p2a: Calyrex
|
|upkeep
|
|t:|1661707087
|switch|p2a: Arceus|Arceus-Water|100/100
|-damage|p2a: Arceus|88/100|[from] Stealth Rock
|turn|21
|
|t:|1661707091
|move|p1a: Dialga|Thunderbolt|p2a: Arceus
|-supereffective|p2a: Arceus
|-damage|p2a: Arceus|14/100
|move|p2a: Arceus|Calm Mind|p2a: Arceus
|-boost|p2a: Arceus|spa|1
|-boost|p2a: Arceus|spd|1
|
|upkeep
|turn|22
|
|t:|1661707096
|move|p1a: Dialga|Thunderbolt|p2a: Arceus
|-supereffective|p2a: Arceus
|-damage|p2a: Arceus|0 fnt
|faint|p2a: Arceus
|
|win|Heheheh372
|raw|Heheheh372's rating: 1616 &rarr; <strong>1650</strong><br />(+34 for winning)
|raw|IAmJklol's rating: 1914 &rarr; <strong>1880</strong><br />(-34 for losing)
|l|☆IAmJklol
|l|☆Heheheh372
||Ladder isn't responding, score probably updated but might not have (Request timeout).
|j|☆Heheheh372
|player|p1|Heheheh372|lady
