|j|☆Cringe'ntMan
|j|☆Milo12345
|t:|1668684424
|gametype|singles
|player|p1|Cringe'ntMan|policeman|1498
|player|p2|Milo12345|266|1652
|teamsize|p1|6
|teamsize|p2|6
|gen|8
|tier|[Gen 8] National Dex AG
|rated|
|rule|HP Percentage Mod: HP is shown in percentages
|rule|Endless Battle Clause: Forcing endless battles is banned
|clearpoke
|poke|p1|Tyranitar, M|
|poke|p1|Garchomp, F|
|poke|p1|Excadrill, M|
|poke|p1|Kommo-o, F|
|poke|p1|Aegislash, F|
|poke|p1|Nihilego|
|poke|p2|Blaziken, M|
|poke|p2|Deoxys-Speed|
|poke|p2|Smeargle, F|
|poke|p2|Lugia|
|poke|p2|Rayquaza|
|poke|p2|Zacian-*|
|teampreview
|
|t:|1668684434
|start
|switch|p1a: Fodder|Tyranitar, M|100/100
|switch|p2a: Smeargle|Smeargle, F|100/100
|-weather|Sandstorm|[from] ability: Sand Stream|[of] p1a: Fodder
|turn|1
|
|t:|1668684438
|switch|p1a: Screamer|Kommo-o, F|100/100
|move|p2a: Smeargle|Spore|p1a: Screamer
|-immune|p1a: Screamer|[from] ability: Overcoat
|
|-weather|Sandstorm|[upkeep]
|-damage|p2a: Smeargle|94/100|[from] Sandstorm
|-ability|p2a: Smeargle|Moody|boost
|-boost|p2a: Smeargle|spd|2
|-unboost|p2a: Smeargle|def|1
|upkeep
|turn|2
|
|t:|1668684448
|move|p2a: Smeargle|Baneful Bunker|p2a: Smeargle
|-singleturn|p2a: Smeargle|move: Protect
|-zpower|p1a: Screamer
|move|p1a: Screamer|Clangorous Soulblaze|p2a: Smeargle|[zeffect]
|-zbroken|p2a: Smeargle
|-damage|p2a: Smeargle|73/100
|-boost|p1a: Screamer|atk|1
|-boost|p1a: Screamer|def|1
|-boost|p1a: Screamer|spa|1
|-boost|p1a: Screamer|spd|1
|-boost|p1a: Screamer|spe|1
|
|-weather|Sandstorm|[upkeep]
|-damage|p2a: Smeargle|67/100|[from] Sandstorm
|-ability|p2a: Smeargle|Moody|boost
|-boost|p2a: Smeargle|spa|2
|-unboost|p2a: Smeargle|def|1
|upkeep
|turn|3
|inactive|Battle timer is ON: inactive players will automatically lose when time's up. (requested by Cringe'ntMan)
|
|t:|1668684503
|move|p1a: Screamer|Aura Sphere|p2a: Smeargle
|-supereffective|p2a: Smeargle
|-damage|p2a: Smeargle|0 fnt
|faint|p2a: Smeargle
|
|-weather|Sandstorm|[upkeep]
|upkeep
|
|t:|1668684526
|switch|p2a: Lugia|Lugia|100/100
|turn|4
|
|t:|1668684530
|move|p1a: Screamer|Flamethrower|p2a: Lugia
|-damage|p2a: Lugia|89/100
|move|p2a: Lugia|Light Screen|p2a: Lugia
|-sidestart|p2: Milo12345|move: Light Screen
|
|-weather|Sandstorm|[upkeep]
|-damage|p2a: Lugia|83/100|[from] Sandstorm
|upkeep
|turn|5
|
|t:|1668684541
|move|p1a: Screamer|Clanging Scales|p2a: Lugia
|-damage|p2a: Lugia|62/100
|-unboost|p1a: Screamer|def|1
|move|p2a: Lugia|Toxic|p1a: Screamer
|-status|p1a: Screamer|tox
|
|-weather|Sandstorm|[upkeep]
|-damage|p2a: Lugia|56/100|[from] Sandstorm
|-damage|p1a: Screamer|94/100 tox|[from] psn
|upkeep
|turn|6
|
|t:|1668684550
|move|p1a: Screamer|Clanging Scales|p2a: Lugia
|-damage|p2a: Lugia|36/100
|-unboost|p1a: Screamer|def|1
|move|p2a: Lugia|Roost|p2a: Lugia
|-heal|p2a: Lugia|87/100
|-singleturn|p2a: Lugia|move: Roost
|
|-weather|Sandstorm|[upkeep]
|-damage|p2a: Lugia|80/100|[from] Sandstorm
|-damage|p1a: Screamer|82/100 tox|[from] psn
|upkeep
|turn|7
|
|t:|1668684566
|switch|p1a: Idk|Nihilego|100/100
|move|p2a: Lugia|Roost|p2a: Lugia
|-heal|p2a: Lugia|100/100
|-singleturn|p2a: Lugia|move: Roost
|
|-weather|Sandstorm|[upkeep]
|-damage|p2a: Lugia|94/100|[from] Sandstorm
|upkeep
|turn|8
|
|t:|1668684579
|switch|p2a: Deoxys|Deoxys-Speed|100/100
|-ability|p2a: Deoxys|Pressure
|move|p1a: Idk|Power Gem|p2a: Deoxys
|-damage|p2a: Deoxys|74/100
|
|-weather|none
|upkeep
|turn|9
|
|t:|1668684591
|switch|p1a: Fodder|Tyranitar, M|100/100
|-weather|Sandstorm|[from] ability: Sand Stream|[of] p1a: Fodder
|move|p2a: Deoxys|Thunder Wave|p1a: Fodder
|-status|p1a: Fodder|par
|
|-weather|Sandstorm|[upkeep]
|-damage|p2a: Deoxys|68/100|[from] Sandstorm
|upkeep
|turn|10
|
|t:|1668684601
|move|p2a: Deoxys|Stealth Rock|p1a: Fodder
|-sidestart|p1: Cringe'ntMan|move: Stealth Rock
|move|p1a: Fodder|Crunch|p2a: Deoxys
|-supereffective|p2a: Deoxys
|-damage|p2a: Deoxys|0 fnt
|faint|p2a: Deoxys
|
|-weather|Sandstorm|[upkeep]
|upkeep
|
|t:|1668684611
|switch|p2a: Lugia|Lugia|94/100
|turn|11
|
|t:|1668684618
|move|p2a: Lugia|Reflect|p2a: Lugia
|-sidestart|p2: Milo12345|Reflect
|move|p1a: Fodder|Stealth Rock|p2a: Lugia
|-sidestart|p2: Milo12345|move: Stealth Rock
|
|-weather|Sandstorm|[upkeep]
|-damage|p2a: Lugia|88/100|[from] Sandstorm
|-sideend|p2: Milo12345|move: Light Screen
|upkeep
|turn|12
|
|t:|1668684641
|switch|p2a: Blaziken|Blaziken, M|100/100
|-damage|p2a: Blaziken|88/100|[from] Stealth Rock
|move|p1a: Fodder|Thunder Wave|p2a: Blaziken
|-status|p2a: Blaziken|par
|
|-weather|Sandstorm|[upkeep]
|-damage|p2a: Blaziken|82/100 par|[from] Sandstorm
|upkeep
|turn|13
|
|t:|1668684654
|switch|p1a: Reaper|Garchomp, F|100/100
|-damage|p1a: Reaper|94/100|[from] Stealth Rock
|detailschange|p2a: Blaziken|Blaziken-Mega, M
|-mega|p2a: Blaziken|Blaziken|Blazikenite
|move|p2a: Blaziken|Swords Dance|p2a: Blaziken
|-boost|p2a: Blaziken|atk|2
|
|-weather|Sandstorm|[upkeep]
|-damage|p2a: Blaziken|76/100 par|[from] Sandstorm
|-ability|p2a: Blaziken|Speed Boost|boost
|-boost|p2a: Blaziken|spe|1
|upkeep
|turn|14
|
|t:|1668684664
|detailschange|p1a: Reaper|Garchomp-Mega, F
|-mega|p1a: Reaper|Garchomp|Garchompite
|cant|p2a: Blaziken|par
|move|p1a: Reaper|Scale Shot|p2a: Blaziken
|-damage|p2a: Blaziken|64/100 par
|-damage|p2a: Blaziken|52/100 par
|-crit|p2a: Blaziken
|-damage|p2a: Blaziken|18/100 par
|-damage|p2a: Blaziken|7/100 par
|-hitcount|p2a: Blaziken|4
|-unboost|p1a: Reaper|def|1
|-boost|p1a: Reaper|spe|1
|
|-weather|Sandstorm|[upkeep]
|-damage|p2a: Blaziken|1/100 par|[from] Sandstorm
|-ability|p2a: Blaziken|Speed Boost|boost
|-boost|p2a: Blaziken|spe|1
|upkeep
|turn|15
|
|t:|1668684685
|move|p1a: Reaper|Earthquake|p2a: Blaziken
|-supereffective|p2a: Blaziken
|-damage|p2a: Blaziken|0 fnt
|faint|p2a: Blaziken
|
|-weather|Sandstorm|[upkeep]
|upkeep
|
|t:|1668684691
|switch|p2a: Lugia|Lugia|88/100
|-damage|p2a: Lugia|64/100|[from] Stealth Rock
|turn|16
|
|t:|1668684704
|move|p1a: Reaper|Outrage|p2a: Lugia
|-damage|p2a: Lugia|36/100
|move|p2a: Lugia|Toxic|p1a: Reaper
|-status|p1a: Reaper|tox
|
|-weather|none
|-damage|p1a: Reaper|88/100 tox|[from] psn
|upkeep
|turn|17
|
|t:|1668684709
|move|p1a: Reaper|Outrage|p2a: Lugia|[from]lockedmove
|-damage|p2a: Lugia|7/100
|-start|p1a: Reaper|confusion|[fatigue]
|move|p2a: Lugia|Roost|p2a: Lugia
|-heal|p2a: Lugia|57/100
|-singleturn|p2a: Lugia|move: Roost
|
|-damage|p1a: Reaper|76/100 tox|[from] psn
|upkeep
|turn|18
|
|t:|1668684717
|switch|p1a: Fodder|Tyranitar, M|100/100 par
|-damage|p1a: Fodder|88/100 par|[from] Stealth Rock
|-weather|Sandstorm|[from] ability: Sand Stream|[of] p1a: Fodder
|move|p2a: Lugia|Roost|p2a: Lugia
|-heal|p2a: Lugia|100/100
|-singleturn|p2a: Lugia|move: Roost
|
|-weather|Sandstorm|[upkeep]
|-damage|p2a: Lugia|94/100|[from] Sandstorm
|-sideend|p2: Milo12345|Reflect
|upkeep
|turn|19
|
|t:|1668684736
|move|p2a: Lugia|Reflect|p2a: Lugia
|-sidestart|p2: Milo12345|Reflect
|cant|p1a: Fodder|par
|
|-weather|Sandstorm|[upkeep]
|-damage|p2a: Lugia|88/100|[from] Sandstorm
|upkeep
|turn|20
|
|t:|1668684751
|move|p2a: Lugia|Light Screen|p2a: Lugia
|-sidestart|p2: Milo12345|move: Light Screen
|move|p1a: Fodder|Thunder Wave|p2a: Lugia
|-status|p2a: Lugia|par
|
|-weather|Sandstorm|[upkeep]
|-damage|p2a: Lugia|82/100 par|[from] Sandstorm
|upkeep
|turn|21
|
|t:|1668684759
|cant|p2a: Lugia|par
|cant|p1a: Fodder|par
|
|-weather|Sandstorm|[upkeep]
|-damage|p2a: Lugia|76/100 par|[from] Sandstorm
|upkeep
|turn|22
|
|t:|1668684768
|move|p2a: Lugia|Roost|p2a: Lugia
|-heal|p2a: Lugia|100/100 par
|-singleturn|p2a: Lugia|move: Roost
|move|p1a: Fodder|Avalanche|p2a: Lugia
|-damage|p2a: Lugia|97/100 par
|
|-weather|Sandstorm|[upkeep]
|-damage|p2a: Lugia|91/100 par|[from] Sandstorm
|upkeep
|turn|23
|
|t:|1668684775
|move|p2a: Lugia|Roost|p2a: Lugia
|-heal|p2a: Lugia|100/100 par
|-singleturn|p2a: Lugia|move: Roost
|move|p1a: Fodder|Crunch|p2a: Lugia
|-supereffective|p2a: Lugia
|-damage|p2a: Lugia|85/100 par
|
|-weather|Sandstorm|[upkeep]
|-damage|p2a: Lugia|79/100 par|[from] Sandstorm
|upkeep
|turn|24
|
|t:|1668684787
|cant|p2a: Lugia|par
|move|p1a: Fodder|Crunch|p2a: Lugia
|-supereffective|p2a: Lugia
|-damage|p2a: Lugia|48/100 par
|
|-weather|Sandstorm|[upkeep]
|-damage|p2a: Lugia|42/100 par|[from] Sandstorm
|upkeep
|turn|25
|
|t:|1668684805
|cant|p2a: Lugia|par
|move|p1a: Fodder|Crunch|p2a: Lugia
|-supereffective|p2a: Lugia
|-damage|p2a: Lugia|13/100 par
|
|-weather|none
|upkeep
|turn|26
|
|t:|1668684824
|move|p2a: Lugia|Roost|p2a: Lugia
|-heal|p2a: Lugia|63/100 par
|-singleturn|p2a: Lugia|move: Roost
|cant|p1a: Fodder|par
|
|-sideend|p2: Milo12345|Reflect
|upkeep
|turn|27
|
|t:|1668684834
|move|p2a: Lugia|Reflect|p2a: Lugia
|-sidestart|p2: Milo12345|Reflect
|cant|p1a: Fodder|par
|
|-sideend|p2: Milo12345|move: Light Screen
|upkeep
|turn|28
|
|t:|1668684850
|cant|p2a: Lugia|par
|cant|p1a: Fodder|par
|
|upkeep
|turn|29
|
|t:|1668684871
|move|p2a: Lugia|Roost|p2a: Lugia
|-heal|p2a: Lugia|100/100 par
|-singleturn|p2a: Lugia|move: Roost
|move|p1a: Fodder|Crunch|p2a: Lugia
|-supereffective|p2a: Lugia
|-damage|p2a: Lugia|84/100 par
|
|upkeep
|turn|30
|inactive|Cringe'ntMan has 120 seconds left.
|
|t:|1668684911
|switch|p2a: Zacian|Zacian-Crowned|100/100
|-damage|p2a: Zacian|94/100|[from] Stealth Rock
|-ability|p2a: Zacian|Intrepid Sword|boost
|-boost|p2a: Zacian|atk|1
|move|p1a: Fodder|Crunch|p2a: Zacian
|-resisted|p2a: Zacian
|-damage|p2a: Zacian|84/100
|
|upkeep
|turn|31
|
|t:|1668684923
|move|p2a: Zacian|Behemoth Blade|p1a: Fodder
|-supereffective|p1a: Fodder
|-damage|p1a: Fodder|0 fnt
|faint|p1a: Fodder
|
|upkeep
|
|t:|1668684933
|switch|p1a: Keeper|Aegislash, F|100/100
|-damage|p1a: Keeper|94/100|[from] Stealth Rock
|turn|32
|
|t:|1668684938
|move|p2a: Zacian|Swords Dance|p2a: Zacian
|-boost|p2a: Zacian|atk|2
|move|p1a: Keeper|Swords Dance|p1a: Keeper
|-boost|p1a: Keeper|atk|2
|
|upkeep
|turn|33
|
|t:|1668684947
|move|p1a: Keeper|King's Shield|p1a: Keeper
|-singleturn|p1a: Keeper|Protect
|move|p2a: Zacian|Behemoth Blade|p1a: Keeper
|-activate|p1a: Keeper|move: Protect
|-unboost|p2a: Zacian|atk|1
|
|upkeep
|turn|34
|inactive|Cringe'ntMan has 120 seconds left.
|
|t:|1668684957
|move|p2a: Zacian|Swords Dance|p2a: Zacian
|-boost|p2a: Zacian|atk|2
|move|p1a: Keeper|Swords Dance|p1a: Keeper
|-boost|p1a: Keeper|atk|2
|
|-sideend|p2: Milo12345|Reflect
|upkeep
|turn|35
|
|t:|1668684962
|move|p1a: Keeper|King's Shield|p1a: Keeper
|-singleturn|p1a: Keeper|Protect
|move|p2a: Zacian|Swords Dance|p2a: Zacian
|-boost|p2a: Zacian|atk|2
|
|upkeep
|turn|36
|inactive|Cringe'ntMan has 120 seconds left.
|
|t:|1668684978
|move|p2a: Zacian|Behemoth Blade|p1a: Keeper
|-resisted|p1a: Keeper
|-damage|p1a: Keeper|0 fnt
|faint|p1a: Keeper
|
|upkeep
|inactive|Cringe'ntMan has 120 seconds left.
|
|t:|1668684997
|switch|p1a: Idk|Nihilego|100/100
|-damage|p1a: Idk|88/100|[from] Stealth Rock
|turn|37
|
|t:|1668685002
|move|p1a: Idk|Thunder|p2a: Zacian
|-damage|p2a: Zacian|52/100
|-status|p2a: Zacian|par
|move|p2a: Zacian|Behemoth Blade|p1a: Idk
|-supereffective|p1a: Idk
|-crit|p1a: Idk
|-damage|p1a: Idk|0 fnt
|faint|p1a: Idk
|
|upkeep
|c|☆Milo12345|Wow
|
|t:|1668685020
|switch|p1a: Sweeper|Excadrill, M|100/100
|-damage|p1a: Sweeper|97/100|[from] Stealth Rock
|-item|p1a: Sweeper|Air Balloon
|turn|38
|c|☆Milo12345|Had me on the ropes but damn
|
|t:|1668685029
|move|p1a: Sweeper|Earthquake|p2a: Zacian
|-supereffective|p2a: Zacian
|-damage|p2a: Zacian|0 fnt
|faint|p2a: Zacian
|
|upkeep
|inactive|Milo12345 has 120 seconds left.
|
|t:|1668685062
|switch|p2a: Lugia|Lugia|84/100 par
|-damage|p2a: Lugia|60/100 par|[from] Stealth Rock
|turn|39
|
|t:|1668685070
|move|p1a: Sweeper|Rapid Spin|p2a: Lugia
|-damage|p2a: Lugia|48/100 par
|-boost|p1a: Sweeper|spe|1
|-sideend|p1: Cringe'ntMan|Stealth Rock|[from] move: Rapid Spin|[of] p1a: Sweeper
|move|p2a: Lugia|Reflect|p2a: Lugia
|-sidestart|p2: Milo12345|Reflect
|
|upkeep
|turn|40
|
|t:|1668685078
|move|p1a: Sweeper|Swords Dance|p1a: Sweeper
|-boost|p1a: Sweeper|atk|2
|move|p2a: Lugia|Roost|p2a: Lugia
|-heal|p2a: Lugia|99/100 par
|-singleturn|p2a: Lugia|move: Roost
|
|upkeep
|turn|41
|j| trollingtryharder
|
|t:|1668685087
|switch|p2a: Rayquaza|Rayquaza|100/100
|-damage|p2a: Rayquaza|76/100|[from] Stealth Rock
|-ability|p2a: Rayquaza|Air Lock
|move|p1a: Sweeper|Swords Dance|p1a: Sweeper
|-boost|p1a: Sweeper|atk|2
|
|upkeep
|turn|42
|
|t:|1668685098
|-start|p1a: Sweeper|Dynamax|
|-heal|p1a: Sweeper|97/100|[silent]
|-start|p2a: Rayquaza|Dynamax|
|-heal|p2a: Rayquaza|76/100|[silent]
|move|p1a: Sweeper|Max Steelspike|p2a: Rayquaza
|-damage|p2a: Rayquaza|19/100
|-boost|p1a: Sweeper|def|1
|move|p2a: Rayquaza|Max Flare|p1a: Sweeper
|-supereffective|p1a: Sweeper
|-damage|p1a: Sweeper|19/100
|-weather|SunnyDay
|-enditem|p1a: Sweeper|Air Balloon
|-damage|p2a: Rayquaza|14/100|[from] item: Life Orb
|
|-weather|SunnyDay|[upkeep]
|upkeep
|turn|43
|
|t:|1668685118
|move|p1a: Sweeper|Max Steelspike|p2a: Rayquaza
|-damage|p2a: Rayquaza|0 fnt
|-boost|p1a: Sweeper|def|1
|faint|p2a: Rayquaza
|
|-weather|SunnyDay|[upkeep]
|upkeep
|c|☆Milo12345|Well played
|inactive|Milo12345 has 120 seconds left.
|c|☆Milo12345|Very good team synergy
|c|☆Milo12345|But Lucky para
|c|☆Milo12345|And hit
|
|t:|1668685156
|switch|p2a: Lugia|Lugia|99/100 par
|-damage|p2a: Lugia|74/100 par|[from] Stealth Rock
|turn|44
|
|t:|1668685161
|move|p1a: Sweeper|Max Steelspike|p2a: Lugia
|-damage|p2a: Lugia|5/100 par
|-boost|p1a: Sweeper|def|1
|move|p2a: Lugia|Roost|p2a: Lugia
|-heal|p2a: Lugia|55/100 par
|-singleturn|p2a: Lugia|move: Roost
|
|-weather|SunnyDay|[upkeep]
|upkeep
|-end|p1a: Sweeper|Dynamax
|-heal|p1a: Sweeper|19/100|[silent]
|turn|45
|
|t:|1668685177
|move|p1a: Sweeper|Swords Dance|p1a: Sweeper
|-boost|p1a: Sweeper|atk|2
|move|p2a: Lugia|Roost|p2a: Lugia
|-heal|p2a: Lugia|100/100 par
|-singleturn|p2a: Lugia|move: Roost
|
|-weather|SunnyDay|[upkeep]
|upkeep
|turn|46
|
|t:|1668685187
|move|p1a: Sweeper|Iron Head|p2a: Lugia
|-damage|p2a: Lugia|72/100 par
|cant|p2a: Lugia|par
|
|-weather|none
|-sideend|p2: Milo12345|Reflect
|upkeep
|turn|47
|-message|Milo12345 forfeited.
|
|win|Cringe'ntMan
|raw|Cringe&apos;ntMan's rating: 1498 &rarr; <strong>1526</strong><br />(+28 for winning)
|raw|Milo12345's rating: 1652 &rarr; <strong>1624</strong><br />(-28 for losing)
|l|☆Milo12345
|l| trollingtryharder
||Ladder isn't responding, score probably updated but might not have (Request timeout).
