|j|☆arthurious
|j|☆Joltemx
|t:|1617730873
|gametype|singles
|player|p1|arthurious|2|1321
|player|p2|Joltemx|scientist|1427
|teamsize|p1|6
|teamsize|p2|6
|gen|8
|tier|[Gen 8] National Dex AG
|rated|
|clearpoke
|poke|p1|Deoxys-Attack|
|poke|p1|Groudon|
|poke|p1|Cloyster, F|
|poke|p1|Landorus-Therian, M|
|poke|p1|Kyogre|
|poke|p1|Giratina-Origin|
|poke|p2|Ditto|
|poke|p2|Smeargle, F|
|poke|p2|Celesteela|
|poke|p2|Diancie|
|poke|p2|Ferrothorn, M|
|poke|p2|Kartana|
|rule|HP Percentage Mod: HP is shown in percentages
|rule|Endless Battle Clause: Forcing endless battles is banned
|teampreview
|j| DragonHeartedSaved
|inactive|Battle timer is ON: inactive players will automatically lose when time's up. (requested by Joltemx)
|l| DragonHeartedSaved
|inactive|arthurious has 120 seconds left.
|
|t:|1617730921
|start
|switch|p1a: Deoxys|Deoxys-Attack, shiny|100/100
|switch|p2a: Sofhia|Diancie|100/100
|-ability|p1a: Deoxys|Pressure
|turn|1
|
|t:|1617730943
|detailschange|p2a: Sofhia|Diancie-Mega
|-mega|p2a: Sofhia|Diancie|Diancite
|move|p1a: Deoxys|Psycho Boost|p2a: Sofhia
|-damage|p2a: Sofhia|0 fnt
|-unboost|p1a: Deoxys|spa|2
|faint|p2a: Sofhia
|
|upkeep
|
|t:|1617730955
|switch|p2a: Shishio|Kartana|100/100
|turn|2
|
|t:|1617730974
|-start|p2a: Shishio|Dynamax
|-heal|p2a: Shishio|100/100|[silent]
|move|p1a: Deoxys|Superpower|p2a: Shishio
|-supereffective|p2a: Shishio
|-damage|p2a: Shishio|51/100
|-unboost|p1a: Deoxys|atk|1
|-unboost|p1a: Deoxys|def|1
|move|p2a: Shishio|Max Airstream|p1a: Deoxys
|-enditem|p1a: Deoxys|Focus Sash
|-damage|p1a: Deoxys|1/100
|-boost|p2a: Shishio|spe|1
|
|upkeep
|turn|3
|
|t:|1617730990
|move|p2a: Shishio|Max Knuckle|p1a: Deoxys
|-resisted|p1a: Deoxys
|-damage|p1a: Deoxys|0 fnt
|-boost|p2a: Shishio|atk|1
|faint|p1a: Deoxys
|-ability|p2a: Shishio|Beast Boost|boost
|-boost|p2a: Shishio|atk|1
|
|upkeep
|inactive|arthurious has 120 seconds left.
|
|t:|1617731022
|switch|p1a: Landorus|Landorus-Therian, M|100/100
|-ability|p1a: Landorus|Intimidate|boost
|-unboost|p2a: Shishio|atk|1
|turn|4
|
|t:|1617731029
|move|p2a: Shishio|Max Overgrowth|p1a: Landorus
|-damage|p1a: Landorus|0 fnt
|-fieldstart|move: Grassy Terrain
|faint|p1a: Landorus
|-ability|p2a: Shishio|Beast Boost|boost
|-boost|p2a: Shishio|atk|1
|
|-heal|p2a: Shishio|55/100|[from] Grassy Terrain
|-end|p2a: Shishio|Dynamax
|-heal|p2a: Shishio|55/100|[silent]
|upkeep
|
|t:|1617731039
|switch|p1a: Cloyster|Cloyster, F, shiny|100/100
|turn|5
|
|t:|1617731045
|move|p2a: Shishio|Leaf Blade|p1a: Cloyster
|-supereffective|p1a: Cloyster
|-enditem|p1a: Cloyster|Focus Sash
|-damage|p1a: Cloyster|1/100
|move|p1a: Cloyster|Shell Smash|p1a: Cloyster
|-unboost|p1a: Cloyster|def|1
|-unboost|p1a: Cloyster|spd|1
|-boost|p1a: Cloyster|atk|2
|-boost|p1a: Cloyster|spa|2
|-boost|p1a: Cloyster|spe|2
|
|-heal|p2a: Shishio|61/100|[from] Grassy Terrain
|-heal|p1a: Cloyster|7/100|[from] Grassy Terrain
|upkeep
|turn|6
|inactive|arthurious has 120 seconds left.
|
|t:|1617731059
|move|p1a: Cloyster|Ice Shard|p2a: Shishio
|-damage|p2a: Shishio|22/100
|move|p2a: Shishio|Smart Strike|p1a: Cloyster
|-damage|p1a: Cloyster|0 fnt
|faint|p1a: Cloyster
|-ability|p2a: Shishio|Beast Boost|boost
|-boost|p2a: Shishio|atk|1
|
|-heal|p2a: Shishio|28/100|[from] Grassy Terrain
|upkeep
|
|t:|1617731069
|switch|p1a: Giratina|Giratina-Origin|100/100
|turn|7
|
|t:|1617731075
|move|p1a: Giratina|Shadow Sneak|p2a: Shishio
|-damage|p2a: Shishio|2/100
|move|p2a: Shishio|Smart Strike|p1a: Giratina
|-damage|p1a: Giratina|27/100
|
|-heal|p2a: Shishio|9/100|[from] Grassy Terrain
|upkeep
|turn|8
|
|t:|1617731085
|move|p1a: Giratina|Shadow Sneak|p2a: Shishio
|-damage|p2a: Shishio|0 fnt
|faint|p2a: Shishio
|
|-fieldend|move: Grassy Terrain
|upkeep
|
|t:|1617731093
|switch|p2a: Ferrothorn|Ferrothorn, M|100/100
|turn|9
|
|t:|1617731099
|move|p1a: Giratina|Shadow Force||[still]
|-prepare|p1a: Giratina|Shadow Force
|move|p2a: Ferrothorn|Toxic|p1a: Giratina|[miss]
|-miss|p2a: Ferrothorn|p1a: Giratina
|
|upkeep
|turn|10
|
|t:|1617731105
|switch|p2a: Mephisto|Smeargle, F|100/100
|move|p1a: Giratina|Shadow Force|p2a: Mephisto|[from]lockedmove
|-immune|p2a: Mephisto
|
|upkeep
|turn|11
|
|t:|1617731115
|move|p2a: Mephisto|Spore|p1a: Giratina
|-status|p1a: Giratina|slp|[from] move: Spore
|cant|p1a: Giratina|slp
|
|upkeep
|turn|12
|
|t:|1617731128
|switch|p1a: Groudon|Groudon, shiny|100/100
|detailschange|p1a: Groudon|Groudon-Primal, shiny
|-primal|p1a: Groudon
|-weather|DesolateLand|[from] ability: Desolate Land|[of] p1a: Groudon
|move|p2a: Mephisto|No Retreat|p2a: Mephisto
|-boost|p2a: Mephisto|atk|1
|-boost|p2a: Mephisto|def|1
|-boost|p2a: Mephisto|spa|1
|-boost|p2a: Mephisto|spd|1
|-boost|p2a: Mephisto|spe|1
|-start|p2a: Mephisto|move: No Retreat
|
|-weather|DesolateLand|[upkeep]
|upkeep
|turn|13
|
|t:|1617731139
|move|p2a: Mephisto|Spore|p1a: Groudon
|-status|p1a: Groudon|slp|[from] move: Spore
|cant|p1a: Groudon|slp
|
|-weather|DesolateLand|[upkeep]
|upkeep
|turn|14
|
|t:|1617731153
|move|p2a: Mephisto|Baton Pass|p2a: Mephisto
|
|t:|1617731155
|switch|p2a: Calcuta|Celesteela|100/100|[from]move: Baton Pass
|cant|p1a: Groudon|slp
|
|-weather|DesolateLand|[upkeep]
|upkeep
|turn|15
|
|t:|1617731164
|cant|p1a: Groudon|slp
|move|p2a: Calcuta|Leech Seed|p1a: Groudon
|-start|p1a: Groudon|move: Leech Seed
|
|-weather|DesolateLand|[upkeep]
|-damage|p1a: Groudon|88/100 slp|[from] Leech Seed|[of] p2a: Calcuta
|upkeep
|turn|16
|
|t:|1617731184
|-curestatus|p1a: Groudon|slp|[msg]
|move|p1a: Groudon|Overheat|p2a: Calcuta
|-supereffective|p2a: Calcuta
|-crit|p2a: Calcuta
|-damage|p2a: Calcuta|0 fnt
|-unboost|p1a: Groudon|spa|2
|faint|p2a: Calcuta
|
|-weather|DesolateLand|[upkeep]
|upkeep
|
|t:|1617731196
|switch|p2a: Mephisto|Smeargle, F|100/100
|turn|17
|
|t:|1617731204
|move|p1a: Groudon|Earthquake|p2a: Mephisto
|-enditem|p2a: Mephisto|Focus Sash
|-damage|p2a: Mephisto|1/100
|move|p2a: Mephisto|Spore|p1a: Groudon
|-status|p1a: Groudon|slp|[from] move: Spore
|
|-weather|DesolateLand|[upkeep]
|-damage|p1a: Groudon|76/100 slp|[from] Leech Seed|[of] p2a: Mephisto
|-heal|p2a: Mephisto|14/100|[silent]
|upkeep
|turn|18
|inactive|Joltemx has 120 seconds left.
|
|t:|1617731235
|-weather|none
|switch|p1a: Giratina|Giratina-Origin|27/100 slp
|switch|p2a: Ternurita|Ditto|100/100
|-transform|p2a: Ternurita|p1a: Giratina|[from] ability: Imposter
|
|upkeep
|turn|19
|inactive|Joltemx has 120 seconds left.
|
|t:|1617731246
|-curestatus|p1a: Giratina|slp|[msg]
|move|p1a: Giratina|Shadow Sneak|p2a: Ternurita
|-supereffective|p2a: Ternurita
|-damage|p2a: Ternurita|26/100
|move|p2a: Ternurita|Dragon Claw|p1a: Giratina
|-supereffective|p1a: Giratina
|-crit|p1a: Giratina
|-damage|p1a: Giratina|0 fnt
|faint|p1a: Giratina
|
|upkeep
|
|t:|1617731256
|switch|p1a: Kyogre|Kyogre|100/100
|detailschange|p1a: Kyogre|Kyogre-Primal
|-primal|p1a: Kyogre
|-weather|PrimordialSea|[from] ability: Primordial Sea|[of] p1a: Kyogre
|turn|20
|-activate|p2a: Ternurita|item: Quick Claw
|
|t:|1617731264
|move|p2a: Ternurita|Shadow Force||[still]
|-prepare|p2a: Ternurita|Shadow Force
|move|p1a: Kyogre|Ice Beam|p2a: Ternurita|[miss]
|-miss|p1a: Kyogre|p2a: Ternurita
|
|-weather|PrimordialSea|[upkeep]
|upkeep
|turn|21
|-activate|p2a: Ternurita|item: Quick Claw
|
|t:|1617731273
|move|p2a: Ternurita|Shadow Force|p1a: Kyogre|[from]lockedmove
|-damage|p1a: Kyogre|29/100
|move|p1a: Kyogre|Ice Beam|p2a: Ternurita
|-supereffective|p2a: Ternurita
|-damage|p2a: Ternurita|0 fnt
|faint|p2a: Ternurita
|
|-weather|PrimordialSea|[upkeep]
|upkeep
|
|t:|1617731284
|switch|p2a: Ferrothorn|Ferrothorn, M|100/100
|turn|22
|
|t:|1617731303
|move|p1a: Kyogre|Origin Pulse|p2a: Ferrothorn
|-resisted|p2a: Ferrothorn
|-damage|p2a: Ferrothorn|51/100
|move|p2a: Ferrothorn|Gyro Ball|p1a: Kyogre
|-resisted|p1a: Kyogre
|-damage|p1a: Kyogre|3/100
|
|-weather|PrimordialSea|[upkeep]
|upkeep
|turn|23
|
|t:|1617731313
|move|p1a: Kyogre|Ice Beam|p2a: Ferrothorn
|-damage|p2a: Ferrothorn|19/100
|move|p2a: Ferrothorn|Gyro Ball|p1a: Kyogre
|-resisted|p1a: Kyogre
|-damage|p1a: Kyogre|0 fnt
|faint|p1a: Kyogre
|-weather|none
|
|upkeep
|
|t:|1617731320
|switch|p1a: Groudon|Groudon-Primal, shiny|76/100 slp
|-weather|DesolateLand|[from] ability: Desolate Land|[of] p1a: Groudon
|turn|24
|
|t:|1617731327
|cant|p1a: Groudon|slp
|move|p2a: Ferrothorn|Gyro Ball|p1a: Groudon
|-resisted|p1a: Groudon
|-damage|p1a: Groudon|59/100 slp
|
|-weather|DesolateLand|[upkeep]
|upkeep
|turn|25
|
|t:|1617731333
|cant|p1a: Groudon|slp
|move|p2a: Ferrothorn|Gyro Ball|p1a: Groudon
|-resisted|p1a: Groudon
|-damage|p1a: Groudon|43/100 slp
|
|-weather|DesolateLand|[upkeep]
|upkeep
|turn|26
|
|t:|1617731343
|switch|p2a: Mephisto|Smeargle, F|14/100
|cant|p1a: Groudon|slp
|
|-weather|DesolateLand|[upkeep]
|upkeep
|turn|27
|
|t:|1617731355
|-curestatus|p1a: Groudon|slp|[msg]
|move|p1a: Groudon|Rock Polish|p1a: Groudon
|-boost|p1a: Groudon|spe|2
|move|p2a: Mephisto|No Retreat|p2a: Mephisto
|-boost|p2a: Mephisto|atk|1
|-boost|p2a: Mephisto|def|1
|-boost|p2a: Mephisto|spa|1
|-boost|p2a: Mephisto|spd|1
|-boost|p2a: Mephisto|spe|1
|-start|p2a: Mephisto|move: No Retreat
|
|-weather|DesolateLand|[upkeep]
|upkeep
|turn|28
|
|t:|1617731366
|move|p1a: Groudon|Earthquake|p2a: Mephisto
|-damage|p2a: Mephisto|0 fnt
|faint|p2a: Mephisto
|
|-weather|DesolateLand|[upkeep]
|upkeep
|
|t:|1617731371
|switch|p2a: Ferrothorn|Ferrothorn, M|19/100
|turn|29
|
|t:|1617731375
|move|p1a: Groudon|Earthquake|p2a: Ferrothorn
|-damage|p2a: Ferrothorn|0 fnt
|faint|p2a: Ferrothorn
|
|win|arthurious
|raw|arthurious's rating: 1321 &rarr; <strong>1347</strong><br />(+26 for winning)
|raw|Joltemx's rating: 1427 &rarr; <strong>1401</strong><br />(-26 for losing)
|l|☆arthurious
