|j|☆Kamikasero
|j|☆Obito 2001
|t:|1667332162
|gametype|singles
|player|p1|Kamikasero|clerk|1675
|player|p2|Obito 2001|teamrocket|2008
|teamsize|p1|6
|teamsize|p2|6
|gen|8
|tier|[Gen 8] National Dex AG
|rated|
|rule|HP Percentage Mod: HP is shown in percentages
|rule|Endless Battle Clause: Forcing endless battles is banned
|clearpoke
|poke|p1|Melmetal|
|poke|p1|Hatterene, F|
|poke|p1|Melmetal|
|poke|p1|Hatterene, F|
|poke|p1|Melmetal|
|poke|p1|Hatterene, F|
|poke|p2|Arceus-*|
|poke|p2|Mewtwo|
|poke|p2|Arceus-*|
|poke|p2|Arceus-*|
|poke|p2|Necrozma-Dusk-Mane|
|poke|p2|Arceus-*|
|teampreview
|inactive|Battle timer is ON: inactive players will automatically lose when time's up. (requested by Obito 2001)
|inactive|Kamikasero also wants the timer to be on.
|
|t:|1667332186
|start
|switch|p1a: Hatterene|Hatterene, F|100/100
|switch|p2a: Necrozma|Necrozma-Dusk-Mane|100/100
|turn|1
|
|t:|1667332191
|move|p2a: Necrozma|Iron Head|p1a: Hatterene
|-supereffective|p1a: Hatterene
|-damage|p1a: Hatterene|4/100
|move|p1a: Hatterene|Trick Room|p1a: Hatterene
|-fieldstart|move: Trick Room|[of] p1a: Hatterene
|
|upkeep
|turn|2
|
|t:|1667332195
|move|p1a: Hatterene|Mystical Fire|p2a: Necrozma
|-supereffective|p2a: Necrozma
|-damage|p2a: Necrozma|64/100
|-unboost|p2a: Necrozma|spa|1
|move|p2a: Necrozma|Morning Sun|p2a: Necrozma
|-heal|p2a: Necrozma|100/100
|
|upkeep
|turn|3
|
|t:|1667332202
|move|p1a: Hatterene|Misty Explosion|p2a: Necrozma
|-resisted|p2a: Necrozma
|-damage|p2a: Necrozma|75/100
|faint|p1a: Hatterene
|move|p2a: Necrozma|Morning Sun|p2a: Necrozma
|-heal|p2a: Necrozma|100/100
|
|upkeep
|
|t:|1667332205
|switch|p1a: Melmetal|Melmetal, shiny|100/100
|turn|4
|
|t:|1667332213
|-start|p1a: Melmetal|Dynamax|
|-heal|p1a: Melmetal|100/100|[silent]
|move|p1a: Melmetal|Max Knuckle|p2a: Necrozma
|-damage|p2a: Necrozma|80/100
|-boost|p1a: Melmetal|atk|1
|move|p2a: Necrozma|Morning Sun|p2a: Necrozma
|-heal|p2a: Necrozma|100/100
|
|upkeep
|turn|5
|
|t:|1667332222
|move|p1a: Melmetal|Max Knuckle|p2a: Necrozma
|-damage|p2a: Necrozma|72/100
|-boost|p1a: Melmetal|atk|1
|move|p2a: Necrozma|Morning Sun|p2a: Necrozma
|-heal|p2a: Necrozma|100/100
|
|-fieldend|move: Trick Room
|upkeep
|turn|6
|
|t:|1667332231
|move|p2a: Necrozma|Thunder Wave|p1a: Melmetal
|-status|p1a: Melmetal|par
|move|p1a: Melmetal|Max Darkness|p2a: Necrozma
|-supereffective|p2a: Necrozma
|-damage|p2a: Necrozma|18/100
|-unboost|p2a: Necrozma|spd|1
|
|upkeep
|-end|p1a: Melmetal|Dynamax
|-heal|p1a: Melmetal|100/100 par|[silent]
|turn|7
|
|t:|1667332238
|move|p2a: Necrozma|Knock Off|p1a: Melmetal
|-damage|p1a: Melmetal|84/100 par
|-enditem|p1a: Melmetal|Choice Band|[from] move: Knock Off|[of] p2a: Necrozma
|move|p1a: Melmetal|Darkest Lariat|p2a: Necrozma
|-supereffective|p2a: Necrozma
|-damage|p2a: Necrozma|0 fnt
|-damage|p1a: Melmetal|68/100 par|[from] item: Rocky Helmet|[of] p2a: Necrozma
|faint|p2a: Necrozma
|
|upkeep
|
|t:|1667332246
|switch|p2a: Mewtwo|Mewtwo|100/100
|-ability|p2a: Mewtwo|Pressure
|turn|8
|
|t:|1667332249
|detailschange|p2a: Mewtwo|Mewtwo-Mega-X
|-mega|p2a: Mewtwo|Mewtwo|Mewtwonite X
|move|p2a: Mewtwo|Low Kick|p1a: Melmetal
|-supereffective|p1a: Melmetal
|-damage|p1a: Melmetal|0 fnt
|faint|p1a: Melmetal
|
|upkeep
|
|t:|1667332255
|switch|p1a: Hatterene|Hatterene, F|100/100
|turn|9
|
|t:|1667332263
|switch|p2a: Arceus|Arceus-Fairy|100/100
|move|p1a: Hatterene|Trick Room|p1a: Hatterene
|-fieldstart|move: Trick Room|[of] p1a: Hatterene
|
|upkeep
|turn|10
|
|t:|1667332266
|move|p1a: Hatterene|Misty Explosion|p2a: Arceus
|-damage|p2a: Arceus|73/100
|faint|p1a: Hatterene
|move|p2a: Arceus|Recover|p2a: Arceus
|-heal|p2a: Arceus|100/100
|
|upkeep
|
|t:|1667332270
|switch|p1a: Melmetal|Melmetal|100/100
|turn|11
|
|t:|1667332275
|switch|p2a: Arceus|Arceus-Dragon|100/100
|move|p1a: Melmetal|Double Iron Bash|p2a: Arceus
|-damage|p2a: Arceus|50/100
|-damage|p2a: Arceus|0 fnt
|faint|p2a: Arceus
|-hitcount|p2: Arceus|2
|
|upkeep
|
|t:|1667332290
|switch|p2a: Arceus|Arceus-Flying|100/100
|turn|12
|
|t:|1667332294
|move|p1a: Melmetal|Double Iron Bash|p2a: Arceus
|-crit|p2a: Arceus
|-damage|p2a: Arceus|29/100
|-damage|p2a: Arceus|0 fnt
|faint|p2a: Arceus
|-hitcount|p2: Arceus|2
|
|upkeep
|
|t:|1667332303
|switch|p2a: Arceus|Arceus|100/100
|turn|13
|
|t:|1667332308
|move|p1a: Melmetal|Double Iron Bash|p2a: Arceus
|-damage|p2a: Arceus|56/100
|-damage|p2a: Arceus|9/100
|-hitcount|p2a: Arceus|2
|cant|p2a: Arceus|flinch
|
|-fieldend|move: Trick Room
|upkeep
|turn|14
|
|t:|1667332330
|-start|p2a: Arceus|Dynamax|
|-heal|p2a: Arceus|9/100|[silent]
|move|p2a: Arceus|Max Phantasm|p1a: Melmetal
|-damage|p1a: Melmetal|78/100
|-unboost|p1a: Melmetal|def|1
|move|p1a: Melmetal|Double Iron Bash|p2a: Arceus
|-damage|p2a: Arceus|0 fnt
|faint|p2a: Arceus
|-hitcount|p2: Arceus|1
|
|upkeep
|
|t:|1667332333
|switch|p2a: Arceus|Arceus-Fairy|100/100
|turn|15
|
|t:|1667332350
|move|p2a: Arceus|Stealth Rock|p1a: Melmetal
|-sidestart|p1: Kamikasero|move: Stealth Rock
|move|p1a: Melmetal|Double Iron Bash|p2a: Arceus
|-supereffective|p2a: Arceus
|-damage|p2a: Arceus|6/100
|-supereffective|p2a: Arceus
|-damage|p2a: Arceus|0 fnt
|faint|p2a: Arceus
|-hitcount|p2: Arceus|2
|
|upkeep
|
|t:|1667332354
|switch|p2a: Mewtwo|Mewtwo-Mega-X|100/100
|turn|16
|
|t:|1667332357
|move|p2a: Mewtwo|Low Kick|p1a: Melmetal
|-supereffective|p1a: Melmetal
|-damage|p1a: Melmetal|0 fnt
|faint|p1a: Melmetal
|
|upkeep
|
|t:|1667332360
|switch|p1a: Hatterene|Hatterene, F|100/100
|-damage|p1a: Hatterene|88/100|[from] Stealth Rock
|turn|17
|
|t:|1667332363
|move|p2a: Mewtwo|Stone Edge|p1a: Hatterene
|-crit|p1a: Hatterene
|-damage|p1a: Hatterene|8/100
|move|p1a: Hatterene|Trick Room|p1a: Hatterene
|-fieldstart|move: Trick Room|[of] p1a: Hatterene
|
|upkeep
|turn|18
|
|t:|1667332371
|move|p1a: Hatterene|Misty Explosion|p2a: Mewtwo
|-supereffective|p2a: Mewtwo
|-damage|p2a: Mewtwo|0 fnt
|faint|p1a: Hatterene
|faint|p2a: Mewtwo
|
|win|Kamikasero
|raw|Kamikasero's rating: 1675 &rarr; <strong>1710</strong><br />(+35 for winning)
|raw|Obito 2001's rating: 2008 &rarr; <strong>1973</strong><br />(-35 for losing)
|l|☆Obito 2001
||Ladder isn't responding, score probably updated but might not have (Request timeout).
|l|☆Kamikasero
|j|☆Kamikasero
|player|p1|Kamikasero|clerk
