|j|☆akari8188
|j|☆C0ld as Ic3
|t:|1653978663
|gametype|singles
|player|p1|akari8188|lisia|1539
|player|p2|C0ld as Ic3|schoolkid-gen4dp|1801
|teamsize|p1|6
|teamsize|p2|6
|gen|8
|tier|[Gen 8] National Dex AG
|rated|
|rule|HP Percentage Mod: HP is shown in percentages
|rule|Endless Battle Clause: Forcing endless battles is banned
|clearpoke
|poke|p1|Smeargle, F|
|poke|p1|Groudon|
|poke|p1|Calyrex-Shadow|
|poke|p1|Xerneas-*|
|poke|p1|Yveltal|
|poke|p1|Rayquaza|
|poke|p2|Necrozma-Dusk-Mane|
|poke|p2|Zygarde|
|poke|p2|Calyrex-Shadow|
|poke|p2|Marshadow|
|poke|p2|Xerneas-*|
|poke|p2|Skarmory, F|
|teampreview
|inactive|Battle timer is ON: inactive players will automatically lose when time's up. (requested by akari8188)
|inactive|C0ld as Ic3 also wants the timer to be on.
|inactive|akari8188 has 120 seconds left.
|
|t:|1653978699
|start
|switch|p1a: funny epic|Smeargle, F|100/100
|switch|p2a: Skarmory|Skarmory, F|100/100
|turn|1
|
|t:|1653978721
|move|p1a: funny epic|Sticky Web|p2a: Skarmory
|-sidestart|p2: C0ld as Ic3|move: Sticky Web
|move|p2a: Skarmory|Taunt|p1a: funny epic
|-start|p1a: funny epic|move: Taunt
|
|upkeep
|turn|2
|
|t:|1653978726
|move|p1a: funny epic|Nuzzle|p2a: Skarmory
|-supereffective|p2a: Skarmory
|-damage|p2a: Skarmory|95/100
|-status|p2a: Skarmory|par
|-damage|p1a: funny epic|84/100|[from] item: Rocky Helmet|[of] p2a: Skarmory
|move|p2a: Skarmory|Spikes|p1a: funny epic
|-sidestart|p1: akari8188|Spikes
|
|upkeep
|turn|3
|
|t:|1653978729
|move|p1a: funny epic|Rapid Spin|p2a: Skarmory
|-resisted|p2a: Skarmory
|-damage|p2a: Skarmory|91/100 par
|-boost|p1a: funny epic|spe|1
|-damage|p1a: funny epic|67/100|[from] item: Rocky Helmet|[of] p2a: Skarmory
|-sideend|p1: akari8188|Spikes|[from] move: Rapid Spin|[of] p1a: funny epic
|move|p2a: Skarmory|Spikes|p1a: funny epic
|-sidestart|p1: akari8188|Spikes
|
|upkeep
|turn|4
|
|t:|1653978732
|move|p1a: funny epic|Rapid Spin|p2a: Skarmory
|-resisted|p2a: Skarmory
|-damage|p2a: Skarmory|87/100 par
|-boost|p1a: funny epic|spe|1
|-damage|p1a: funny epic|51/100|[from] item: Rocky Helmet|[of] p2a: Skarmory
|-sideend|p1: akari8188|Spikes|[from] move: Rapid Spin|[of] p1a: funny epic
|move|p2a: Skarmory|Spikes|p1a: funny epic
|-sidestart|p1: akari8188|Spikes
|
|-end|p1a: funny epic|move: Taunt
|upkeep
|turn|5
|
|t:|1653978738
|move|p2a: Skarmory|Spikes|p1a: funny epic
|-sidestart|p1: akari8188|Spikes
|move|p1a: funny epic|Whirlwind|p2a: Skarmory
|drag|p2a: Marshadow|Marshadow|100/100
|-activate|p2a: Marshadow|move: Sticky Web
|-unboost|p2a: Marshadow|spe|1
|
|upkeep
|turn|6
|
|t:|1653978748
|switch|p2a: Skarmory|Skarmory, F|87/100 par
|move|p1a: funny epic|Nuzzle|p2a: Skarmory
|-supereffective|p2a: Skarmory
|-damage|p2a: Skarmory|82/100 par
|-damage|p1a: funny epic|34/100|[from] item: Rocky Helmet|[of] p2a: Skarmory
|
|upkeep
|turn|7
|
|t:|1653978754
|switch|p2a: Calyrex|Calyrex-Shadow|100/100
|-ability|p2a: Calyrex|As One
|-ability|p2a: Calyrex|Unnerve
|-activate|p2a: Calyrex|move: Sticky Web
|-unboost|p2a: Calyrex|spe|1
|move|p1a: funny epic|Rapid Spin|p2a: Calyrex
|-immune|p2a: Calyrex
|
|upkeep
|turn|8
|
|t:|1653978758
|switch|p1a: The Blazing Fury|Yveltal, shiny|100/100
|-ability|p1a: The Blazing Fury|Dark Aura
|switch|p2a: Skarmory|Skarmory, F|82/100 par
|
|upkeep
|turn|9
|
|t:|1653978763
|move|p1a: The Blazing Fury|Hone Claws|p1a: The Blazing Fury
|-boost|p1a: The Blazing Fury|atk|1
|-boost|p1a: The Blazing Fury|accuracy|1
|move|p2a: Skarmory|Rock Tomb|p1a: The Blazing Fury
|-supereffective|p1a: The Blazing Fury
|-damage|p1a: The Blazing Fury|72/100
|-unboost|p1a: The Blazing Fury|spe|1
|
|upkeep
|turn|10
|
|t:|1653978770
|move|p1a: The Blazing Fury|Knock Off|p2a: Skarmory
|-damage|p2a: Skarmory|0 fnt
|-damage|p1a: The Blazing Fury|55/100|[from] item: Rocky Helmet|[of] p2a: Skarmory
|-enditem|p2a: Skarmory|Rocky Helmet|[from] move: Knock Off|[of] p1a: The Blazing Fury
|faint|p2a: Skarmory
|
|upkeep
|
|t:|1653978790
|switch|p2a: Necrozma|Necrozma-Dusk-Mane|100/100
|-activate|p2a: Necrozma|move: Sticky Web
|-unboost|p2a: Necrozma|spe|1
|turn|11
|
|t:|1653978795
|detailschange|p2a: Necrozma|Necrozma-Ultra
|-burst|p2a: Necrozma|Necrozma|Ultranecrozium Z
|move|p1a: The Blazing Fury|Sucker Punch|p2a: Necrozma
|-supereffective|p2a: Necrozma
|-damage|p2a: Necrozma|0 fnt
|faint|p2a: Necrozma
|
|upkeep
|c|☆akari8188|oop
|
|t:|1653978800
|switch|p2a: Xerneas|Xerneas|100/100
|-activate|p2a: Xerneas|move: Sticky Web
|-unboost|p2a: Xerneas|spe|1
|-ability|p2a: Xerneas|Fairy Aura
|turn|12
|
|t:|1653978804
|move|p1a: The Blazing Fury|Dual Wingbeat|p2a: Xerneas
|-damage|p2a: Xerneas|73/100
|-damage|p2a: Xerneas|42/100
|-hitcount|p2a: Xerneas|2
|move|p2a: Xerneas|Moonblast|p1a: The Blazing Fury
|-supereffective|p1a: The Blazing Fury
|-damage|p1a: The Blazing Fury|0 fnt
|faint|p1a: The Blazing Fury
|
|upkeep
|
|t:|1653978809
|switch|p1a: funny epic|Smeargle, F|34/100
|-damage|p1a: funny epic|18/100|[from] Spikes
|turn|13
|
|t:|1653978812
|switch|p2a: Calyrex|Calyrex-Shadow|100/100
|-ability|p2a: Calyrex|As One
|-ability|p2a: Calyrex|Unnerve
|-activate|p2a: Calyrex|move: Sticky Web
|-unboost|p2a: Calyrex|spe|1
|move|p1a: funny epic|Nuzzle|p2a: Calyrex
|-damage|p2a: Calyrex|98/100
|-status|p2a: Calyrex|par
|
|upkeep
|turn|14
|-message|C0ld as Ic3 forfeited.
|
|win|akari8188
|raw|akari8188's rating: 1539 &rarr; <strong>1572</strong><br />(+33 for winning)
|raw|C0ld as Ic3's rating: 1801 &rarr; <strong>1768</strong><br />(-33 for losing)
|l|☆C0ld as Ic3
|c|☆akari8188|lol
