|j|☆ClickForVictory
|j|☆Nobodi_Nowan
|t:|1662399702
|gametype|singles
|player|p1|ClickForVictory|furisodegirl-black|1731
|player|p2|Nobodi_Nowan|akari|1924
|teamsize|p1|6
|teamsize|p2|6
|gen|8
|tier|[Gen 8] National Dex AG
|rated|
|rule|HP Percentage Mod: HP is shown in percentages
|rule|Endless Battle Clause: Forcing endless battles is banned
|clearpoke
|poke|p1|Zacian-*|
|poke|p1|Arceus-*|
|poke|p1|Groudon|
|poke|p1|Yveltal|
|poke|p1|Clefable, F|
|poke|p1|Rayquaza|
|poke|p2|Forretress, F|
|poke|p2|Arceus-*|
|poke|p2|Kyogre|
|poke|p2|Calyrex-Shadow|
|poke|p2|Zacian-*|
|poke|p2|Rayquaza|
|teampreview
|c|☆ClickForVictory|have fun!
|c|☆Nobodi_Nowan|u2
|
|t:|1662399723
|start
|switch|p1a: Angst Birb|Yveltal|100/100
|switch|p2a: Rayquaza|Rayquaza|100/100
|-ability|p1a: Angst Birb|Dark Aura
|-ability|p2a: Rayquaza|Air Lock
|turn|1
|
|t:|1662399741
|detailschange|p2a: Rayquaza|Rayquaza-Mega
|-mega|p2a: Rayquaza|Rayquaza|
|-weather|DeltaStream|[from] ability: Delta Stream|[of] p2a: Rayquaza
|move|p2a: Rayquaza|Dragon Ascent|p1a: Angst Birb
|-damage|p1a: Angst Birb|21/100
|-unboost|p2a: Rayquaza|def|1
|-unboost|p2a: Rayquaza|spd|1
|move|p1a: Angst Birb|Oblivion Wing|p2a: Rayquaza
|-damage|p2a: Rayquaza|0 fnt
|-heal|p1a: Angst Birb|87/100|[from] drain|[of] p2a: Rayquaza
|faint|p2a: Rayquaza
|-weather|none
|-damage|p1a: Angst Birb|77/100|[from] item: Life Orb
|
|upkeep
|
|t:|1662399758
|switch|p2a: Zacian|Zacian-Crowned, shiny|100/100
|-ability|p2a: Zacian|Intrepid Sword|boost
|-boost|p2a: Zacian|atk|1
|turn|2
|
|t:|1662399765
|switch|p1a: Dark Mode|Groudon, shiny|100/100
|detailschange|p1a: Dark Mode|Groudon-Primal, shiny
|-primal|p1a: Dark Mode
|-weather|DesolateLand|[from] ability: Desolate Land|[of] p1a: Dark Mode
|move|p2a: Zacian|Behemoth Blade|p1a: Dark Mode
|-resisted|p1a: Dark Mode
|-damage|p1a: Dark Mode|74/100
|
|-weather|DesolateLand|[upkeep]
|upkeep
|turn|3
|
|t:|1662399773
|switch|p2a: Forretress|Forretress, F|100/100
|move|p1a: Dark Mode|Stealth Rock|p2a: Forretress
|-sidestart|p2: Nobodi_Nowan|move: Stealth Rock
|
|-weather|DesolateLand|[upkeep]
|upkeep
|turn|4
|
|t:|1662399780
|move|p1a: Dark Mode|Fire Punch|p2a: Forretress
|-supereffective|p2a: Forretress
|-ability|p2a: Forretress|Sturdy
|-damage|p2a: Forretress|1/100
|move|p2a: Forretress|Stealth Rock|p1a: Dark Mode
|-sidestart|p1: ClickForVictory|move: Stealth Rock
|
|-weather|DesolateLand|[upkeep]
|-heal|p2a: Forretress|7/100|[from] item: Leftovers
|upkeep
|turn|5
|
|t:|1662399794
|switch|p2a: Kyogre|Kyogre|100/100
|-damage|p2a: Kyogre|88/100|[from] Stealth Rock
|detailschange|p2a: Kyogre|Kyogre-Primal
|-primal|p2a: Kyogre
|-weather|PrimordialSea|[from] ability: Primordial Sea|[of] p2a: Kyogre
|move|p1a: Dark Mode|Earthquake|p2a: Kyogre
|-damage|p2a: Kyogre|23/100
|
|-weather|PrimordialSea|[upkeep]
|upkeep
|turn|6
|
|t:|1662399804
|switch|p1a: Death Noodle|Rayquaza, shiny|100/100
|-damage|p1a: Death Noodle|76/100|[from] Stealth Rock
|-ability|p1a: Death Noodle|Air Lock
|move|p2a: Kyogre|Origin Pulse|p1a: Death Noodle
|-resisted|p1a: Death Noodle
|-damage|p1a: Death Noodle|39/100
|
|-weather|PrimordialSea|[upkeep]
|upkeep
|turn|7
|
|t:|1662399816
|detailschange|p1a: Death Noodle|Rayquaza-Mega, shiny
|-mega|p1a: Death Noodle|Rayquaza|
|-weather|DeltaStream|[from] ability: Delta Stream|[of] p1a: Death Noodle
|move|p1a: Death Noodle|Earthquake|p2a: Kyogre
|-damage|p2a: Kyogre|0 fnt
|faint|p2a: Kyogre
|-damage|p1a: Death Noodle|29/100|[from] item: Life Orb
|
|-weather|DeltaStream|[upkeep]
|upkeep
|
|t:|1662399833
|switch|p2a: Zacian|Zacian-Crowned, shiny|100/100
|-damage|p2a: Zacian|94/100|[from] Stealth Rock
|-ability|p2a: Zacian|Intrepid Sword|boost
|-boost|p2a: Zacian|atk|1
|turn|8
|
|t:|1662399844
|move|p1a: Death Noodle|Extreme Speed|p2a: Zacian
|-resisted|p2a: Zacian
|-damage|p2a: Zacian|71/100
|-damage|p1a: Death Noodle|19/100|[from] item: Life Orb
|move|p2a: Zacian|Close Combat|p1a: Death Noodle
|-resisted|p1a: Death Noodle
|-damage|p1a: Death Noodle|0 fnt
|-unboost|p2a: Zacian|def|1
|-unboost|p2a: Zacian|spd|1
|faint|p1a: Death Noodle
|-weather|none
|
|upkeep
|
|t:|1662399860
|switch|p1a: Dark Mode|Groudon-Primal, shiny|74/100
|-damage|p1a: Dark Mode|61/100|[from] Stealth Rock
|-weather|DesolateLand|[from] ability: Desolate Land|[of] p1a: Dark Mode
|turn|9
|
|t:|1662399866
|switch|p2a: Forretress|Forretress, F|7/100
|-damage|p2a: Forretress|0 fnt|[from] Stealth Rock
|faint|p2a: Forretress
|move|p1a: Dark Mode|Fire Punch|p2: Forretress|[notarget]
|-fail|p1a: Dark Mode
|
|-weather|DesolateLand|[upkeep]
|upkeep
|
|t:|1662399873
|switch|p2a: Calyrex|Calyrex-Shadow|100/100
|-ability|p2a: Calyrex|As One
|-ability|p2a: Calyrex|Unnerve
|-damage|p2a: Calyrex|88/100|[from] Stealth Rock
|turn|10
|
|t:|1662399881
|-weather|none
|switch|p1a: Dear Leader|Arceus|100/100
|-damage|p1a: Dear Leader|88/100|[from] Stealth Rock
|move|p2a: Calyrex|Astral Barrage|p1a: Dear Leader
|-immune|p1a: Dear Leader
|
|upkeep
|turn|11
|
|t:|1662399892
|switch|p2a: Zacian|Zacian-Crowned, shiny|71/100
|-damage|p2a: Zacian|65/100|[from] Stealth Rock
|-ability|p2a: Zacian|Intrepid Sword|boost
|-boost|p2a: Zacian|atk|1
|move|p1a: Dear Leader|Earthquake|p2a: Zacian
|-supereffective|p2a: Zacian
|-damage|p2a: Zacian|0 fnt
|faint|p2a: Zacian
|
|upkeep
|
|t:|1662399903
|switch|p2a: Arceus|Arceus|100/100
|-damage|p2a: Arceus|88/100|[from] Stealth Rock
|turn|12
|
|t:|1662399910
|move|p1a: Dear Leader|Swords Dance|p1a: Dear Leader
|-boost|p1a: Dear Leader|atk|2
|move|p2a: Arceus|Swords Dance|p2a: Arceus
|-boost|p2a: Arceus|atk|2
|
|upkeep
|turn|13
|
|t:|1662399920
|-start|p1a: Dear Leader|Dynamax|
|-heal|p1a: Dear Leader|88/100|[silent]
|-start|p2a: Arceus|Dynamax|
|-heal|p2a: Arceus|88/100|[silent]
|move|p1a: Dear Leader|Max Strike|p2a: Arceus
|-damage|p2a: Arceus|40/100
|-unboost|p2a: Arceus|spe|1
|move|p2a: Arceus|Max Strike|p1a: Dear Leader
|-damage|p1a: Dear Leader|32/100
|-unboost|p1a: Dear Leader|spe|1
|
|upkeep
|turn|14
|c|☆ClickForVictory|lol
|
|t:|1662399937
|move|p1a: Dear Leader|Max Guard|p1a: Dear Leader
|-singleturn|p1a: Dear Leader|Max Guard
|move|p2a: Arceus|Max Guard||[still]
|-fail|p2a: Arceus
|
|upkeep
|turn|15
|c|☆ClickForVictory|lmao
|
|t:|1662399949
|-end|p2a: Arceus|Dynamax
|-heal|p2a: Arceus|40/100|[silent]
|switch|p2a: Calyrex|Calyrex-Shadow|88/100
|-ability|p2a: Calyrex|As One
|-ability|p2a: Calyrex|Unnerve
|-damage|p2a: Calyrex|76/100|[from] Stealth Rock
|move|p1a: Dear Leader|Max Strike|p2a: Calyrex
|-immune|p2a: Calyrex
|
|upkeep
|-end|p1a: Dear Leader|Dynamax
|-heal|p1a: Dear Leader|32/100|[silent]
|turn|16
|
|t:|1662399967
|move|p2a: Calyrex|Psyshock|p1a: Dear Leader
|-damage|p1a: Dear Leader|0 fnt
|faint|p1a: Dear Leader
|-ability|p2a: Calyrex|Grim Neigh|boost
|-boost|p2a: Calyrex|spa|1
|
|upkeep
|
|t:|1662399971
|switch|p1a: Angst Birb|Yveltal|77/100
|-damage|p1a: Angst Birb|53/100|[from] Stealth Rock
|-ability|p1a: Angst Birb|Dark Aura
|turn|17
|
|t:|1662399978
|switch|p2a: Arceus|Arceus|40/100
|-damage|p2a: Arceus|27/100|[from] Stealth Rock
|move|p1a: Angst Birb|Dark Pulse|p2a: Arceus
|-damage|p2a: Arceus|0 fnt
|faint|p2a: Arceus
|-damage|p1a: Angst Birb|43/100|[from] item: Life Orb
|
|upkeep
|
|t:|1662399987
|switch|p2a: Calyrex|Calyrex-Shadow|76/100
|-ability|p2a: Calyrex|As One
|-ability|p2a: Calyrex|Unnerve
|-damage|p2a: Calyrex|64/100|[from] Stealth Rock
|turn|18
|
|t:|1662399993
|move|p2a: Calyrex|Astral Barrage|p1a: Angst Birb
|-resisted|p1a: Angst Birb
|-damage|p1a: Angst Birb|11/100
|move|p1a: Angst Birb|Dark Pulse|p2a: Calyrex
|-supereffective|p2a: Calyrex
|-damage|p2a: Calyrex|0 fnt
|faint|p2a: Calyrex
|-damage|p1a: Angst Birb|1/100|[from] item: Life Orb
|
|win|ClickForVictory
|raw|ClickForVictory's rating: 1731 &rarr; <strong>1761</strong><br />(+30 for winning)
|raw|Nobodi_Nowan's rating: 1924 &rarr; <strong>1894</strong><br />(-30 for losing)
|c|☆ClickForVictory|gg!
|l|☆Nobodi_Nowan
