|j|☆Lord Rekkuza
|j|☆TheBrightRising❤
|t:|1645451946
|gametype|singles
|player|p1|Lord Rekkuza|lance-gen1|1790
|player|p2|TheBrightRising❤|nate|1734
|teamsize|p1|6
|teamsize|p2|6
|gen|8
|tier|[Gen 8] National Dex AG
|rated|
|rule|HP Percentage Mod: HP is shown in percentages
|rule|Endless Battle Clause: Forcing endless battles is banned
|clearpoke
|poke|p1|Necrozma-Dusk-Mane|
|poke|p1|Arceus-*|
|poke|p1|Yveltal|
|poke|p1|Chansey, F|
|poke|p1|Lugia|
|poke|p1|Eternatus|
|poke|p2|Arceus-*|
|poke|p2|Marshadow|
|poke|p2|Rayquaza|
|poke|p2|Ditto|
|poke|p2|Yveltal|
|poke|p2|Arceus-*|
|teampreview
|inactive|Battle timer is ON: inactive players will automatically lose when time's up. (requested by Lord Rekkuza)
|
|t:|1645451952
|start
|switch|p1a: Arceus|Arceus-Ground|100/100
|switch|p2a: Arceus|Arceus-Ground|100/100
|turn|1
|
|t:|1645451957
|switch|p1a: Chansey|Chansey, F|100/100
|move|p2a: Arceus|Magic Coat|p2a: Arceus
|-singleturn|p2a: Arceus|move: Magic Coat
|
|upkeep
|turn|2
|
|t:|1645451969
|move|p2a: Arceus|Stealth Rock|p1a: Chansey
|-sidestart|p1: Lord Rekkuza|move: Stealth Rock
|move|p1a: Chansey|Toxic|p2a: Arceus
|-status|p2a: Arceus|tox
|
|-damage|p2a: Arceus|94/100 tox|[from] psn
|upkeep
|turn|3
|
|t:|1645451979
|-zpower|p2a: Arceus
|move|p2a: Arceus|Tectonic Rage|p1a: Chansey|[zeffect]
|-damage|p1a: Chansey|32/100
|move|p1a: Chansey|Toxic|p2a: Arceus
|-fail|p2a: Arceus|tox
|
|-damage|p2a: Arceus|82/100 tox|[from] psn
|upkeep
|turn|4
|c|☆TheBrightRising❤|;-;
|c|☆TheBrightRising❤|DIE
|
|t:|1645451994
|switch|p1a: Yveltal|Yveltal, shiny|100/100
|-ability|p1a: Yveltal|Dark Aura
|move|p2a: Arceus|Earthquake|p1a: Yveltal
|-immune|p1a: Yveltal
|
|-damage|p2a: Arceus|64/100 tox|[from] psn
|upkeep
|turn|5
|
|t:|1645452002
|move|p2a: Arceus|Stone Edge|p1a: Yveltal
|-supereffective|p1a: Yveltal
|-crit|p1a: Yveltal
|-damage|p1a: Yveltal|0 fnt
|faint|p1a: Yveltal
|
|-damage|p2a: Arceus|40/100 tox|[from] psn
|upkeep
|
|t:|1645452007
|switch|p1a: Arceus|Arceus-Ground|100/100
|-damage|p1a: Arceus|94/100|[from] Stealth Rock
|turn|6
|c|☆TheBrightRising❤|yup
|
|t:|1645452010
|move|p1a: Arceus|Calm Mind|p1a: Arceus
|-boost|p1a: Arceus|spa|1
|-boost|p1a: Arceus|spd|1
|move|p2a: Arceus|Earthquake|p1a: Arceus
|-damage|p1a: Arceus|61/100
|
|-damage|p2a: Arceus|9/100 tox|[from] psn
|upkeep
|turn|7
|
|t:|1645452012
|move|p1a: Arceus|Recover|p1a: Arceus
|-heal|p1a: Arceus|100/100
|move|p2a: Arceus|Earthquake|p1a: Arceus
|-damage|p1a: Arceus|65/100
|
|-damage|p2a: Arceus|0 fnt|[from] psn
|faint|p2a: Arceus
|upkeep
|
|t:|1645452018
|switch|p2a: Rayquaza|Rayquaza|100/100
|-ability|p2a: Rayquaza|Air Lock
|turn|8
|
|t:|1645452025
|detailschange|p2a: Rayquaza|Rayquaza-Mega
|-mega|p2a: Rayquaza|Rayquaza|
|-weather|DeltaStream|[from] ability: Delta Stream|[of] p2a: Rayquaza
|move|p1a: Arceus|Ice Beam|p2a: Rayquaza
|-activate||deltastream
|-supereffective|p2a: Rayquaza
|-damage|p2a: Rayquaza|28/100
|move|p2a: Rayquaza|Dragon Ascent|p1a: Arceus
|-damage|p1a: Arceus|0 fnt
|-unboost|p2a: Rayquaza|def|1
|-unboost|p2a: Rayquaza|spd|1
|faint|p1a: Arceus
|-damage|p2a: Rayquaza|18/100|[from] item: Life Orb
|
|-weather|DeltaStream|[upkeep]
|upkeep
|
|t:|1645452029
|switch|p1a: Lugia|Lugia|100/100
|turn|9
|
|t:|1645452034
|move|p2a: Rayquaza|Dragon Ascent|p1a: Lugia
|-damage|p1a: Lugia|71/100
|-unboost|p2a: Rayquaza|def|1
|-unboost|p2a: Rayquaza|spd|1
|-damage|p2a: Rayquaza|8/100|[from] item: Life Orb
|move|p1a: Lugia|Roost|p1a: Lugia
|-heal|p1a: Lugia|100/100
|-singleturn|p1a: Lugia|move: Roost
|
|-weather|DeltaStream|[upkeep]
|upkeep
|turn|10
|
|t:|1645452042
|move|p2a: Rayquaza|Dragon Dance|p2a: Rayquaza
|-boost|p2a: Rayquaza|atk|1
|-boost|p2a: Rayquaza|spe|1
|move|p1a: Lugia|Roost||[still]
|-fail|p1a: Lugia|heal
|
|-weather|DeltaStream|[upkeep]
|upkeep
|turn|11
|
|t:|1645452044
|move|p2a: Rayquaza|Dragon Ascent|p1a: Lugia
|-damage|p1a: Lugia|58/100
|-unboost|p2a: Rayquaza|def|1
|-unboost|p2a: Rayquaza|spd|1
|-damage|p2a: Rayquaza|0 fnt|[from] item: Life Orb
|faint|p2a: Rayquaza
|-weather|none
|move|p1a: Lugia|Roost|p1a: Lugia
|-heal|p1a: Lugia|100/100
|-singleturn|p1a: Lugia|move: Roost
|
|upkeep
|
|t:|1645452049
|switch|p2a: Yveltal|Yveltal|100/100
|-ability|p2a: Yveltal|Dark Aura
|turn|12
|
|t:|1645452059
|switch|p1a: Eternatus|Eternatus|100/100
|-damage|p1a: Eternatus|88/100|[from] Stealth Rock
|-ability|p1a: Eternatus|Pressure
|-start|p2a: Yveltal|Dynamax
|-heal|p2a: Yveltal|100/100|[silent]
|move|p2a: Yveltal|Max Airstream|p1a: Eternatus
|-damage|p1a: Eternatus|41/100
|-boost|p2a: Yveltal|spe|1
|-damage|p2a: Yveltal|95/100|[from] item: Life Orb
|
|-heal|p1a: Eternatus|47/100|[from] item: Black Sludge
|upkeep
|turn|13
|
|t:|1645452066
|move|p2a: Yveltal|Max Darkness|p1a: Eternatus
|-damage|p1a: Eternatus|0 fnt
|faint|p1a: Eternatus
|-damage|p2a: Yveltal|90/100|[from] item: Life Orb
|
|upkeep
|
|t:|1645452072
|switch|p1a: Chansey|Chansey, F|32/100
|-damage|p1a: Chansey|19/100|[from] Stealth Rock
|turn|14
|
|t:|1645452075
|move|p2a: Yveltal|Max Darkness|p1a: Chansey
|-damage|p1a: Chansey|0 fnt
|faint|p1a: Chansey
|-damage|p2a: Yveltal|85/100|[from] item: Life Orb
|
|-end|p2a: Yveltal|Dynamax
|-heal|p2a: Yveltal|85/100|[silent]
|upkeep
|
|t:|1645452087
|switch|p1a: Lugia|Lugia|100/100
|turn|15
|
|t:|1645452090
|move|p2a: Yveltal|Dark Pulse|p1a: Lugia
|-supereffective|p1a: Lugia
|-damage|p1a: Lugia|58/100
|-damage|p2a: Yveltal|75/100|[from] item: Life Orb
|move|p1a: Lugia|Toxic|p2a: Yveltal
|-status|p2a: Yveltal|tox
|
|-damage|p2a: Yveltal|69/100 tox|[from] psn
|upkeep
|turn|16
|
|t:|1645452096
|move|p2a: Yveltal|Dark Pulse|p1a: Lugia
|-supereffective|p1a: Lugia
|-damage|p1a: Lugia|0 fnt
|faint|p1a: Lugia
|-damage|p2a: Yveltal|59/100 tox|[from] item: Life Orb
|
|-damage|p2a: Yveltal|47/100 tox|[from] psn
|upkeep
|
|t:|1645452097
|switch|p1a: Necrozma|Necrozma-Dusk-Mane|100/100
|-damage|p1a: Necrozma|94/100|[from] Stealth Rock
|turn|17
|c|☆TheBrightRising❤|gg?
|
|t:|1645452104
|move|p2a: Yveltal|Dark Pulse|p1a: Necrozma
|-supereffective|p1a: Necrozma
|-damage|p1a: Necrozma|5/100
|-damage|p2a: Yveltal|37/100 tox|[from] item: Life Orb
|move|p1a: Necrozma|Morning Sun|p1a: Necrozma
|-heal|p1a: Necrozma|55/100
|
|-damage|p2a: Yveltal|18/100 tox|[from] psn
|upkeep
|turn|18
|
|t:|1645452108
|-start|p1a: Necrozma|Dynamax
|-heal|p1a: Necrozma|55/100|[silent]
|move|p1a: Necrozma|Max Guard|p1a: Necrozma
|-singleturn|p1a: Necrozma|Max Guard
|move|p2a: Yveltal|Dark Pulse|p1a: Necrozma
|-activate|p1a: Necrozma|move: Max Guard
|
|-damage|p2a: Yveltal|0 fnt|[from] psn
|faint|p2a: Yveltal
|upkeep
|c|☆TheBrightRising❤|gg
|c|☆TheBrightRising❤|wp
|
|t:|1645452113
|switch|p2a: Arceus|Arceus-Electric|100/100
|turn|19
|
|t:|1645452116
|move|p2a: Arceus|Calm Mind|p2a: Arceus
|-boost|p2a: Arceus|spa|1
|-boost|p2a: Arceus|spd|1
|move|p1a: Necrozma|Max Steelspike|p2a: Arceus
|-resisted|p2a: Arceus
|-crit|p2a: Arceus
|-damage|p2a: Arceus|65/100
|-boost|p1a: Necrozma|def|1
|
|upkeep
|turn|20
|
|t:|1645452119
|move|p2a: Arceus|Recover|p2a: Arceus
|-heal|p2a: Arceus|100/100
|move|p1a: Necrozma|Max Steelspike|p2a: Arceus
|-resisted|p2a: Arceus
|-damage|p2a: Arceus|76/100
|-boost|p1a: Necrozma|def|1
|
|-end|p1a: Necrozma|Dynamax
|-heal|p1a: Necrozma|55/100|[silent]
|upkeep
|turn|21
|
|t:|1645452122
|move|p2a: Arceus|Calm Mind|p2a: Arceus
|-boost|p2a: Arceus|spa|1
|-boost|p2a: Arceus|spd|1
|move|p1a: Necrozma|Morning Sun|p1a: Necrozma
|-heal|p1a: Necrozma|100/100
|
|upkeep
|turn|22
|-message|Lord Rekkuza forfeited.
|
|win|TheBrightRising❤
|raw|Lord Rekkuza's rating: 1790 &rarr; <strong>1767</strong><br />(-23 for losing)
|raw|TheBrightRising❤'s rating: 1734 &rarr; <strong>1757</strong><br />(+23 for winning)
|l|☆Lord Rekkuza
