|j|☆hahapokemongobrr
|j|☆lemoncell0
|t:|1662948954
|gametype|singles
|player|p1|hahapokemongobrr|shelly|1442
|player|p2|lemoncell0|allister|1703
|teamsize|p1|6
|teamsize|p2|6
|gen|8
|tier|[Gen 8] National Dex AG
|rated|
|rule|HP Percentage Mod: HP is shown in percentages
|rule|Endless Battle Clause: Forcing endless battles is banned
|clearpoke
|poke|p1|Chansey, F|
|poke|p1|Ferrothorn, F|
|poke|p1|Victini|
|poke|p1|Absol, M|
|poke|p1|Xurkitree|
|poke|p1|Gliscor, F|
|poke|p2|Gothitelle, F|
|poke|p2|Diancie|
|poke|p2|Quagsire, F|
|poke|p2|Tyranitar, M|
|poke|p2|Blissey, F|
|poke|p2|Zacian-*|
|teampreview
|j| rowletroost
|
|t:|1662948991
|start
|switch|p1a: Xurkitree|Xurkitree|100/100
|switch|p2a: Diancie|Diancie|100/100
|turn|1
|
|t:|1662948998
|detailschange|p2a: Diancie|Diancie-Mega
|-mega|p2a: Diancie|Diancie|Diancite
|-start|p1a: Xurkitree|Dynamax|
|-heal|p1a: Xurkitree|100/100|[silent]
|move|p2a: Diancie|Earth Power|p1a: Xurkitree
|-supereffective|p1a: Xurkitree
|-crit|p1a: Xurkitree
|-damage|p1a: Xurkitree|37/100
|move|p1a: Xurkitree|Max Overgrowth|p2a: Diancie
|-supereffective|p2a: Diancie
|-damage|p2a: Diancie|0 fnt
|-fieldstart|move: Grassy Terrain
|faint|p2a: Diancie
|-ability|p1a: Xurkitree|Beast Boost|boost
|-boost|p1a: Xurkitree|spa|1
|
|-heal|p1a: Xurkitree|40/100|[from] Grassy Terrain
|upkeep
|
|t:|1662949002
|switch|p2a: Zacian|Zacian-Crowned|100/100
|-ability|p2a: Zacian|Intrepid Sword|boost
|-boost|p2a: Zacian|atk|1
|turn|2
|
|t:|1662949005
|move|p2a: Zacian|Behemoth Blade|p1a: Xurkitree
|-resisted|p1a: Xurkitree
|-damage|p1a: Xurkitree|0 fnt
|faint|p1a: Xurkitree
|
|upkeep
|
|t:|1662949007
|switch|p1a: Victini|Victini|100/100
|turn|3
|
|t:|1662949009
|switch|p2a: Quagsire|Quagsire, F|100/100
|move|p1a: Victini|V-create|p2a: Quagsire
|-resisted|p2a: Quagsire
|-damage|p2a: Quagsire|76/100
|-unboost|p1a: Victini|spe|1
|-unboost|p1a: Victini|def|1
|-unboost|p1a: Victini|spd|1
|-damage|p1a: Victini|84/100|[from] item: Rocky Helmet|[of] p2a: Quagsire
|
|-heal|p1a: Victini|90/100|[from] Grassy Terrain
|-heal|p2a: Quagsire|82/100|[from] Grassy Terrain
|upkeep
|turn|4
|
|t:|1662949011
|switch|p1a: Ferrothorn|Ferrothorn, F|100/100
|move|p2a: Quagsire|Recover|p2a: Quagsire
|-heal|p2a: Quagsire|100/100
|
|upkeep
|turn|5
|
|t:|1662949014
|switch|p2a: Gothitelle|Gothitelle, F|100/100
|move|p1a: Ferrothorn|Stealth Rock|p2a: Gothitelle
|-sidestart|p2: lemoncell0|move: Stealth Rock
|
|-fieldend|move: Grassy Terrain
|upkeep
|turn|6
|
|t:|1662949018
|move|p2a: Gothitelle|Taunt|p1a: Ferrothorn
|-start|p1a: Ferrothorn|move: Taunt
|cant|p1a: Ferrothorn|move: Taunt|Leech Seed
|
|upkeep
|turn|7
|
|t:|1662949021
|move|p2a: Gothitelle|Charm|p1a: Ferrothorn
|-unboost|p1a: Ferrothorn|atk|2
|move|p1a: Ferrothorn|Gyro Ball|p2a: Gothitelle
|-damage|p2a: Gothitelle|83/100
|
|upkeep
|turn|8
|
|t:|1662949023
|move|p2a: Gothitelle|Charm|p1a: Ferrothorn
|-unboost|p1a: Ferrothorn|atk|2
|move|p1a: Ferrothorn|Gyro Ball|p2a: Gothitelle
|-damage|p2a: Gothitelle|72/100
|
|-end|p1a: Ferrothorn|move: Taunt
|upkeep
|turn|9
|
|t:|1662949026
|move|p1a: Ferrothorn|Protect|p1a: Ferrothorn
|-singleturn|p1a: Ferrothorn|Protect
|move|p2a: Gothitelle|Taunt|p1a: Ferrothorn
|-activate|p1a: Ferrothorn|move: Protect
|
|upkeep
|turn|10
|
|t:|1662949029
|move|p2a: Gothitelle|Taunt|p1a: Ferrothorn
|-start|p1a: Ferrothorn|move: Taunt
|move|p1a: Ferrothorn|Gyro Ball|p2a: Gothitelle
|-damage|p2a: Gothitelle|61/100
|
|upkeep
|turn|11
|
|t:|1662949035
|move|p2a: Gothitelle|Cosmic Power|p2a: Gothitelle
|-boost|p2a: Gothitelle|def|1
|-boost|p2a: Gothitelle|spd|1
|move|p1a: Ferrothorn|Gyro Ball|p2a: Gothitelle
|-damage|p2a: Gothitelle|54/100
|
|upkeep
|turn|12
|
|t:|1662949037
|move|p2a: Gothitelle|Cosmic Power|p2a: Gothitelle
|-boost|p2a: Gothitelle|def|1
|-boost|p2a: Gothitelle|spd|1
|move|p1a: Ferrothorn|Gyro Ball|p2a: Gothitelle
|-damage|p2a: Gothitelle|49/100
|
|-end|p1a: Ferrothorn|move: Taunt
|upkeep
|turn|13
|
|t:|1662949040
|move|p2a: Gothitelle|Taunt|p1a: Ferrothorn
|-start|p1a: Ferrothorn|move: Taunt
|move|p1a: Ferrothorn|Gyro Ball|p2a: Gothitelle
|-crit|p2a: Gothitelle
|-damage|p2a: Gothitelle|3/100
|
|upkeep
|turn|14
|
|t:|1662949045
|move|p2a: Gothitelle|Rest|p2a: Gothitelle
|-status|p2a: Gothitelle|slp|[from] move: Rest
|-heal|p2a: Gothitelle|100/100 slp|[silent]
|move|p1a: Ferrothorn|Gyro Ball|p2a: Gothitelle
|-damage|p2a: Gothitelle|95/100 slp
|
|upkeep
|turn|15
|
|t:|1662949047
|cant|p2a: Gothitelle|slp
|move|p1a: Ferrothorn|Gyro Ball|p2a: Gothitelle
|-damage|p2a: Gothitelle|90/100 slp
|
|-end|p1a: Ferrothorn|move: Taunt
|upkeep
|turn|16
|
|t:|1662949050
|cant|p2a: Gothitelle|slp
|move|p1a: Ferrothorn|Leech Seed|p2a: Gothitelle
|-start|p2a: Gothitelle|move: Leech Seed
|
|-damage|p2a: Gothitelle|78/100 slp|[from] Leech Seed|[of] p1a: Ferrothorn
|upkeep
|turn|17
|
|t:|1662949054
|-curestatus|p2a: Gothitelle|slp|[msg]
|move|p2a: Gothitelle|Taunt|p1a: Ferrothorn
|-start|p1a: Ferrothorn|move: Taunt
|cant|p1a: Ferrothorn|move: Taunt|Stealth Rock
|
|-damage|p2a: Gothitelle|65/100|[from] Leech Seed|[of] p1a: Ferrothorn
|upkeep
|turn|18
|
|t:|1662949056
|move|p2a: Gothitelle|Cosmic Power|p2a: Gothitelle
|-boost|p2a: Gothitelle|def|1
|-boost|p2a: Gothitelle|spd|1
|-activate|p1a: Ferrothorn|move: Struggle
|move|p1a: Ferrothorn|Struggle|p2a: Gothitelle
|-damage|p2a: Gothitelle|64/100
|-damage|p1a: Ferrothorn|75/100|[from] recoil
|
|-heal|p1a: Ferrothorn|82/100|[from] item: Leftovers
|-damage|p2a: Gothitelle|51/100|[from] Leech Seed|[of] p1a: Ferrothorn
|-heal|p1a: Ferrothorn|94/100|[silent]
|upkeep
|turn|19
|
|t:|1662949059
|move|p2a: Gothitelle|Cosmic Power|p2a: Gothitelle
|-boost|p2a: Gothitelle|def|1
|-boost|p2a: Gothitelle|spd|1
|-activate|p1a: Ferrothorn|move: Struggle
|move|p1a: Ferrothorn|Struggle|p2a: Gothitelle
|-damage|p2a: Gothitelle|50/100
|-damage|p1a: Ferrothorn|69/100|[from] recoil
|
|-heal|p1a: Ferrothorn|75/100|[from] item: Leftovers
|-damage|p2a: Gothitelle|37/100|[from] Leech Seed|[of] p1a: Ferrothorn
|-heal|p1a: Ferrothorn|87/100|[silent]
|-end|p1a: Ferrothorn|move: Taunt
|upkeep
|turn|20
|
|t:|1662949062
|move|p1a: Ferrothorn|Protect|p1a: Ferrothorn
|-singleturn|p1a: Ferrothorn|Protect
|move|p2a: Gothitelle|Taunt|p1a: Ferrothorn
|-activate|p1a: Ferrothorn|move: Protect
|
|-heal|p1a: Ferrothorn|94/100|[from] item: Leftovers
|-damage|p2a: Gothitelle|25/100|[from] Leech Seed|[of] p1a: Ferrothorn
|-heal|p1a: Ferrothorn|100/100|[silent]
|upkeep
|turn|21
|
|t:|1662949066
|move|p2a: Gothitelle|Rest|p2a: Gothitelle
|-status|p2a: Gothitelle|slp|[from] move: Rest
|-heal|p2a: Gothitelle|100/100 slp|[silent]
|move|p1a: Ferrothorn|Stealth Rock||[still]
|-fail|p1a: Ferrothorn
|
|-damage|p2a: Gothitelle|88/100 slp|[from] Leech Seed|[of] p1a: Ferrothorn
|upkeep
|turn|22
|
|t:|1662949070
|switch|p2a: Zacian|Zacian-Crowned|100/100
|-damage|p2a: Zacian|94/100|[from] Stealth Rock
|-ability|p2a: Zacian|Intrepid Sword|boost
|-boost|p2a: Zacian|atk|1
|move|p1a: Ferrothorn|Leech Seed|p2a: Zacian
|-start|p2a: Zacian|move: Leech Seed
|
|-damage|p2a: Zacian|82/100|[from] Leech Seed|[of] p1a: Ferrothorn
|upkeep
|turn|23
|
|t:|1662949075
|switch|p2a: Gothitelle|Gothitelle, F|88/100 slp
|-damage|p2a: Gothitelle|75/100 slp|[from] Stealth Rock
|move|p1a: Ferrothorn|Protect||[still]
|-fail|p1a: Ferrothorn
|
|upkeep
|turn|24
|
|t:|1662949079
|cant|p2a: Gothitelle|slp
|move|p1a: Ferrothorn|Leech Seed|p2a: Gothitelle
|-start|p2a: Gothitelle|move: Leech Seed
|
|-damage|p2a: Gothitelle|63/100 slp|[from] Leech Seed|[of] p1a: Ferrothorn
|upkeep
|turn|25
|
|t:|1662949081
|switch|p2a: Zacian|Zacian-Crowned|82/100
|-damage|p2a: Zacian|76/100|[from] Stealth Rock
|-ability|p2a: Zacian|Intrepid Sword|boost
|-boost|p2a: Zacian|atk|1
|move|p1a: Ferrothorn|Stealth Rock||[still]
|-fail|p1a: Ferrothorn
|
|upkeep
|turn|26
|
|t:|1662949084
|move|p2a: Zacian|Close Combat|p1a: Ferrothorn
|-supereffective|p1a: Ferrothorn
|-damage|p1a: Ferrothorn|1/100
|-unboost|p2a: Zacian|def|1
|-unboost|p2a: Zacian|spd|1
|-damage|p2a: Zacian|64/100|[from] ability: Iron Barbs|[of] p1a: Ferrothorn
|move|p1a: Ferrothorn|Leech Seed|p2a: Zacian
|-start|p2a: Zacian|move: Leech Seed
|
|-heal|p1a: Ferrothorn|7/100|[from] item: Leftovers
|-damage|p2a: Zacian|51/100|[from] Leech Seed|[of] p1a: Ferrothorn
|-heal|p1a: Ferrothorn|19/100|[silent]
|upkeep
|turn|27
|
|t:|1662949087
|switch|p2a: Gothitelle|Gothitelle, F|63/100 slp
|-damage|p2a: Gothitelle|50/100 slp|[from] Stealth Rock
|move|p1a: Ferrothorn|Protect||[still]
|-fail|p1a: Ferrothorn
|
|-heal|p1a: Ferrothorn|25/100|[from] item: Leftovers
|upkeep
|turn|28
|
|t:|1662949089
|cant|p2a: Gothitelle|slp
|move|p1a: Ferrothorn|Leech Seed|p2a: Gothitelle
|-start|p2a: Gothitelle|move: Leech Seed
|
|-heal|p1a: Ferrothorn|31/100|[from] item: Leftovers
|-damage|p2a: Gothitelle|38/100 slp|[from] Leech Seed|[of] p1a: Ferrothorn
|-heal|p1a: Ferrothorn|43/100|[silent]
|upkeep
|turn|29
|
|t:|1662949091
|-curestatus|p2a: Gothitelle|slp|[msg]
|move|p2a: Gothitelle|Taunt|p1a: Ferrothorn
|-start|p1a: Ferrothorn|move: Taunt
|cant|p1a: Ferrothorn|move: Taunt|Leech Seed
|
|-heal|p1a: Ferrothorn|50/100|[from] item: Leftovers
|-damage|p2a: Gothitelle|25/100|[from] Leech Seed|[of] p1a: Ferrothorn
|-heal|p1a: Ferrothorn|62/100|[silent]
|upkeep
|turn|30
|
|t:|1662949094
|switch|p2a: Zacian|Zacian-Crowned|51/100
|-damage|p2a: Zacian|45/100|[from] Stealth Rock
|-ability|p2a: Zacian|Intrepid Sword|boost
|-boost|p2a: Zacian|atk|1
|-activate|p1a: Ferrothorn|move: Struggle
|move|p1a: Ferrothorn|Struggle|p2a: Zacian
|-damage|p2a: Zacian|42/100
|-damage|p1a: Ferrothorn|37/100|[from] recoil
|
|-heal|p1a: Ferrothorn|43/100|[from] item: Leftovers
|upkeep
|turn|31
|
|t:|1662949096
|move|p2a: Zacian|Close Combat|p1a: Ferrothorn
|-supereffective|p1a: Ferrothorn
|-damage|p1a: Ferrothorn|0 fnt
|-unboost|p2a: Zacian|def|1
|-unboost|p2a: Zacian|spd|1
|-damage|p2a: Zacian|29/100|[from] ability: Iron Barbs|[of] p1a: Ferrothorn
|faint|p1a: Ferrothorn
|
|upkeep
|
|t:|1662949098
|switch|p1a: Victini|Victini|90/100
|turn|32
|
|t:|1662949102
|switch|p2a: Gothitelle|Gothitelle, F|25/100
|-damage|p2a: Gothitelle|13/100|[from] Stealth Rock
|move|p1a: Victini|Brick Break|p2a: Gothitelle
|-resisted|p2a: Gothitelle
|-damage|p2a: Gothitelle|5/100
|
|upkeep
|turn|33
|
|t:|1662949106
|move|p1a: Victini|Brick Break|p2a: Gothitelle
|-resisted|p2a: Gothitelle
|-damage|p2a: Gothitelle|0 fnt
|faint|p2a: Gothitelle
|
|upkeep
|
|t:|1662949108
|switch|p2a: Quagsire|Quagsire, F|100/100
|-damage|p2a: Quagsire|94/100|[from] Stealth Rock
|turn|34
|
|t:|1662949113
|switch|p1a: Gliscor|Gliscor, F|100/100
|move|p2a: Quagsire|Earthquake|p1a: Gliscor
|-immune|p1a: Gliscor
|
|-status|p1a: Gliscor|tox|[from] item: Toxic Orb
|upkeep
|turn|35
|
|t:|1662949116
|switch|p2a: Blissey|Blissey, F|100/100
|-damage|p2a: Blissey|88/100|[from] Stealth Rock
|move|p1a: Gliscor|Facade|p2a: Blissey
|-damage|p2a: Blissey|49/100
|
|upkeep
|turn|36
|-message|lemoncell0 forfeited.
|
|win|hahapokemongobrr
|raw|hahapokemongobrr's rating: 1442 &rarr; <strong>1475</strong><br />(+33 for winning)
|raw|lemoncell0's rating: 1703 &rarr; <strong>1670</strong><br />(-33 for losing)
|l|☆lemoncell0
|c|☆hahapokemongobrr|bRuH
|c|☆hahapokemongobrr|Mans really thought that I had a spa Gliscor
|l|☆hahapokemongobrr
||Ladder isn't responding, score probably updated but might not have (Request timeout).
