|j|☆elvisma
|j|☆JAY100064
|t:|1631482211
|gametype|singles
|player|p1|elvisma|youngster-gen4dp|1459
|player|p2|JAY100064|preschooler|1579
|teamsize|p1|6
|teamsize|p2|6
|gen|8
|tier|[Gen 8] National Dex AG
|rated|
|rule|HP Percentage Mod: HP is shown in percentages
|rule|Endless Battle Clause: Forcing endless battles is banned
|clearpoke
|poke|p1|Calyrex-Shadow|
|poke|p1|Zacian-*|
|poke|p1|Blaziken, M|
|poke|p1|Xerneas-*|
|poke|p1|Smeargle, M|
|poke|p1|Marshadow|
|poke|p2|Arceus-*|
|poke|p2|Chansey, F|
|poke|p2|Giratina|
|poke|p2|Sableye, F|
|poke|p2|Necrozma-Dusk-Mane|
|poke|p2|Ho-Oh|
|teampreview
|
|t:|1631482216
|start
|switch|p1a: Smeargle|Smeargle, M|100/100
|switch|p2a: Annoyance|Sableye, F, shiny|100/100
|turn|1
|inactive|Battle timer is ON: inactive players will automatically lose when time's up. (requested by JAY100064)
|c|☆elvisma|hummmmmmmmmmmmmm
|c|☆elvisma|is that a mega
|
|t:|1631482238
|detailschange|p2a: Annoyance|Sableye-Mega, F, shiny
|-mega|p2a: Annoyance|Sableye|Sablenite
|move|p1a: Smeargle|Baton Pass|p1a: Smeargle
|c|☆elvisma|yep
|
|t:|1631482245
|switch|p1a: Zacian|Zacian-Crowned|100/100|[from]move: Baton Pass
|-ability|p1a: Zacian|Intrepid Sword|boost
|-boost|p1a: Zacian|atk|1
|move|p2a: Annoyance|Will-O-Wisp|p1a: Zacian
|-status|p1a: Zacian|brn
|
|-damage|p1a: Zacian|94/100 brn|[from] brn
|upkeep
|turn|2
|c|☆elvisma|noooooooooooo
|c|☆elvisma|i want to die]
|
|t:|1631482256
|switch|p2a: Stainless Steel|Necrozma-Dusk-Mane|100/100
|move|p1a: Zacian|Play Rough|p2a: Stainless Steel
|-resisted|p2a: Stainless Steel
|-damage|p2a: Stainless Steel|89/100
|-damage|p1a: Zacian|78/100 brn|[from] item: Rocky Helmet|[of] p2a: Stainless Steel
|
|-damage|p1a: Zacian|72/100 brn|[from] brn
|upkeep
|turn|3
|c|☆elvisma|but i dont
|
|t:|1631482267
|switch|p1a: Calyrex|Calyrex-Shadow|100/100
|-ability|p1a: Calyrex|As One
|-ability|p1a: Calyrex|Unnerve
|move|p2a: Stainless Steel|Morning Sun|p2a: Stainless Steel
|-heal|p2a: Stainless Steel|100/100
|
|upkeep
|turn|4
|
|t:|1631482278
|switch|p2a: Miss Joy|Chansey, F|100/100
|move|p1a: Calyrex|Astral Barrage|p2a: Miss Joy
|-immune|p2a: Miss Joy
|
|upkeep
|turn|5
|
|t:|1631482287
|switch|p1a: Zacian|Zacian-Crowned|72/100 brn
|-ability|p1a: Zacian|Intrepid Sword|boost
|-boost|p1a: Zacian|atk|1
|move|p2a: Miss Joy|Toxic||[still]
|-fail|p2a: Miss Joy
|
|-damage|p1a: Zacian|65/100 brn|[from] brn
|upkeep
|turn|6
|c|☆elvisma|yep want to die
|
|t:|1631482298
|switch|p2a: Stainless Steel|Necrozma-Dusk-Mane|100/100
|move|p1a: Zacian|Play Rough|p2a: Stainless Steel
|-resisted|p2a: Stainless Steel
|-damage|p2a: Stainless Steel|90/100
|-damage|p1a: Zacian|49/100 brn|[from] item: Rocky Helmet|[of] p2a: Stainless Steel
|
|-damage|p1a: Zacian|43/100 brn|[from] brn
|upkeep
|turn|7
|
|t:|1631482312
|move|p1a: Zacian|Close Combat|p2a: Stainless Steel
|-damage|p2a: Stainless Steel|71/100
|-unboost|p1a: Zacian|def|1
|-unboost|p1a: Zacian|spd|1
|-damage|p1a: Zacian|26/100 brn|[from] item: Rocky Helmet|[of] p2a: Stainless Steel
|move|p2a: Stainless Steel|Stealth Rock|p1a: Zacian
|-sidestart|p1: elvisma|move: Stealth Rock
|
|-damage|p1a: Zacian|20/100 brn|[from] brn
|upkeep
|turn|8
|
|t:|1631482325
|move|p1a: Zacian|Close Combat|p2a: Stainless Steel
|-damage|p2a: Stainless Steel|53/100
|-unboost|p1a: Zacian|def|1
|-unboost|p1a: Zacian|spd|1
|-damage|p1a: Zacian|3/100 brn|[from] item: Rocky Helmet|[of] p2a: Stainless Steel
|move|p2a: Stainless Steel|Morning Sun|p2a: Stainless Steel
|-heal|p2a: Stainless Steel|100/100
|
|-damage|p1a: Zacian|0 fnt|[from] brn
|faint|p1a: Zacian
|upkeep
|
|t:|1631482329
|switch|p1a: Blaziken|Blaziken, M|100/100
|-damage|p1a: Blaziken|88/100|[from] Stealth Rock
|turn|9
|
|t:|1631482344
|switch|p2a: High and Mighty|Giratina, shiny|100/100
|-ability|p2a: High and Mighty|Pressure
|detailschange|p1a: Blaziken|Blaziken-Mega, M
|-mega|p1a: Blaziken|Blaziken|Blazikenite
|move|p1a: Blaziken|Substitute|p1a: Blaziken
|-start|p1a: Blaziken|Substitute
|-damage|p1a: Blaziken|63/100
|
|-ability|p1a: Blaziken|Speed Boost|boost
|-boost|p1a: Blaziken|spe|1
|upkeep
|turn|10
|c|☆elvisma|um
|c|☆elvisma|yes i am
|c|☆elvisma|high and mighty
|inactive|JAY100064 has 120 seconds left.
|
|t:|1631482373
|move|p1a: Blaziken|Swords Dance|p1a: Blaziken
|-boost|p1a: Blaziken|atk|2
|move|p2a: High and Mighty|Dragon Tail|p1a: Blaziken
|-activate|p1a: Blaziken|move: Substitute|[damage]
|
|-ability|p1a: Blaziken|Speed Boost|boost
|-boost|p1a: Blaziken|spe|1
|upkeep
|turn|11
|
|t:|1631482382
|move|p1a: Blaziken|Baton Pass|p1a: Blaziken
|c|☆elvisma|ummm sure?
|
|t:|1631482385
|switch|p1a: Marshadow|Marshadow|100/100|[from]move: Baton Pass
|-damage|p1a: Marshadow|94/100|[from] Stealth Rock
|move|p2a: High and Mighty|Dragon Tail|p1a: Marshadow
|-end|p1a: Marshadow|Substitute
|
|upkeep
|turn|12
|c|☆elvisma|hi mother fricker
|
|t:|1631482401
|switch|p2a: Chicken Little|Ho-Oh, shiny|100/100
|move|p1a: Marshadow|Spectral Thief|p2a: Chicken Little
|-damage|p2a: Chicken Little|35/100
|
|upkeep
|turn|13
|
|t:|1631482415
|switch|p2a: Miss Joy|Chansey, F|100/100
|move|p1a: Marshadow|Spectral Thief|p2a: Miss Joy
|-immune|p2a: Miss Joy
|
|upkeep
|turn|14
|
|t:|1631482424
|switch|p2a: Annoyance|Sableye-Mega, F, shiny|100/100
|-start|p1a: Marshadow|Dynamax
|-heal|p1a: Marshadow|94/100|[silent]
|move|p1a: Marshadow|Max Knuckle|p2a: Annoyance
|-immune|p2a: Annoyance
|
|upkeep
|turn|15
|c|☆elvisma|oh fricks
|
|t:|1631482439
|move|p1a: Marshadow|Max Phantasm|p2a: Annoyance
|-damage|p2a: Annoyance|2/100
|-unboost|p2a: Annoyance|def|1
|move|p2a: Annoyance|Will-O-Wisp|p1a: Marshadow
|-status|p1a: Marshadow|brn
|
|-damage|p1a: Marshadow|91/100 brn|[from] brn
|upkeep
|turn|16
|
|t:|1631482454
|switch|p2a: Miss Joy|Chansey, F|100/100
|move|p1a: Marshadow|Max Knuckle|p2a: Miss Joy
|-supereffective|p2a: Miss Joy
|-damage|p2a: Miss Joy|33/100
|-boost|p1a: Marshadow|atk|1
|
|-damage|p1a: Marshadow|88/100 brn|[from] brn
|-end|p1a: Marshadow|Dynamax
|-heal|p1a: Marshadow|88/100 brn|[silent]
|upkeep
|turn|17
|c|☆elvisma|ah ha
|c|☆elvisma|wrecked
|inactive|JAY100064 has 120 seconds left.
|
|t:|1631482478
|switch|p2a: High and Mighty|Giratina, shiny|100/100
|-ability|p2a: High and Mighty|Pressure
|move|p1a: Marshadow|Bulk Up|p1a: Marshadow
|-boost|p1a: Marshadow|atk|1
|-boost|p1a: Marshadow|def|1
|
|-damage|p1a: Marshadow|82/100 brn|[from] brn
|upkeep
|turn|18
|c|☆elvisma|burp
|inactive|JAY100064 has 120 seconds left.
|c|☆elvisma|i didnt even mean that
|
|t:|1631482499
|switch|p2a: Annoyance|Sableye-Mega, F, shiny|2/100
|move|p1a: Marshadow|Spectral Thief|p2a: Annoyance
|-damage|p2a: Annoyance|0 fnt
|faint|p2a: Annoyance
|
|-damage|p1a: Marshadow|76/100 brn|[from] brn
|upkeep
|c|☆elvisma|umm
|
|t:|1631482516
|switch|p2a: God|Arceus|100/100
|turn|19
|c|☆elvisma|god is weak
|
|t:|1631482528
|switch|p2a: High and Mighty|Giratina, shiny|100/100
|-ability|p2a: High and Mighty|Pressure
|move|p1a: Marshadow|Close Combat|p2a: High and Mighty
|-immune|p2a: High and Mighty
|
|-damage|p1a: Marshadow|69/100 brn|[from] brn
|upkeep
|turn|20
|c|☆elvisma|he is not real
|
|t:|1631482539
|move|p1a: Marshadow|Spectral Thief|p2a: High and Mighty
|-supereffective|p2a: High and Mighty
|-damage|p2a: High and Mighty|41/100
|move|p2a: High and Mighty|Dragon Tail|p1a: Marshadow
|-damage|p1a: Marshadow|50/100 brn
|drag|p1a: Calyrex|Calyrex-Shadow|100/100
|-ability|p1a: Calyrex|As One
|-ability|p1a: Calyrex|Unnerve
|-damage|p1a: Calyrex|88/100|[from] Stealth Rock
|
|-heal|p2a: High and Mighty|47/100|[from] item: Leftovers
|upkeep
|turn|21
|
|t:|1631482555
|switch|p1a: Marshadow|Marshadow|50/100 brn
|-damage|p1a: Marshadow|43/100 brn|[from] Stealth Rock
|switch|p2a: Miss Joy|Chansey, F|33/100
|
|-damage|p1a: Marshadow|37/100 brn|[from] brn
|upkeep
|turn|22
|
|t:|1631482569
|switch|p2a: High and Mighty|Giratina, shiny|47/100
|-ability|p2a: High and Mighty|Pressure
|move|p1a: Marshadow|Close Combat|p2a: High and Mighty
|-immune|p2a: High and Mighty
|
|-heal|p2a: High and Mighty|54/100|[from] item: Leftovers
|-damage|p1a: Marshadow|31/100 brn|[from] brn
|upkeep
|turn|23
|inactive|JAY100064 has 90 seconds left.
|
|t:|1631482585
|move|p1a: Marshadow|Spectral Thief|p2a: High and Mighty
|-supereffective|p2a: High and Mighty
|-damage|p2a: High and Mighty|32/100
|move|p2a: High and Mighty|Rest|p2a: High and Mighty
|-status|p2a: High and Mighty|slp|[from] move: Rest
|-heal|p2a: High and Mighty|100/100 slp|[silent]
|
|-damage|p1a: Marshadow|25/100 brn|[from] brn
|upkeep
|turn|24
|inactive|JAY100064 has 90 seconds left.
|
|t:|1631482596
|switch|p1a: Smeargle|Smeargle, M|100/100
|-damage|p1a: Smeargle|88/100|[from] Stealth Rock
|switch|p2a: Miss Joy|Chansey, F|33/100
|
|-ability|p1a: Smeargle|Moody|boost
|-boost|p1a: Smeargle|atk|2
|-unboost|p1a: Smeargle|spe|1
|upkeep
|turn|25
|inactive|JAY100064 has 90 seconds left.
|
|t:|1631482607
|move|p1a: Smeargle|Spore|p2a: Miss Joy
|-status|p2a: Miss Joy|slp|[from] move: Spore
|cant|p2a: Miss Joy|slp
|
|-ability|p1a: Smeargle|Moody|boost
|-boost|p1a: Smeargle|def|2
|-unboost|p1a: Smeargle|spd|1
|upkeep
|turn|26
|c|☆elvisma|bruh really - speed
|inactive|JAY100064 has 90 seconds left.
|
|t:|1631482618
|switch|p2a: High and Mighty|Giratina, shiny|100/100 slp
|-ability|p2a: High and Mighty|Pressure
|move|p1a: Smeargle|Sticky Web|p2a: High and Mighty
|-sidestart|p2: JAY100064|move: Sticky Web
|
|-ability|p1a: Smeargle|Moody|boost
|-boost|p1a: Smeargle|spd|2
|-unboost|p1a: Smeargle|def|1
|upkeep
|turn|27
|c|☆elvisma|sleep
|c|☆elvisma|sleep
|inactive|JAY100064 has 90 seconds left.
|c|☆elvisma|sleep
|c|☆elvisma|sleep
|
|t:|1631482632
|move|p1a: Smeargle|Stealth Rock|p2a: High and Mighty
|-sidestart|p2: JAY100064|move: Stealth Rock
|cant|p2a: High and Mighty|slp
|
|-ability|p1a: Smeargle|Moody|boost
|-boost|p1a: Smeargle|spd|2
|-unboost|p1a: Smeargle|spa|1
|upkeep
|turn|28
|c|☆elvisma|just sleep
|c|☆elvisma|dont worry
|
|t:|1631482643
|move|p1a: Smeargle|Stealth Rock||[still]
|-fail|p1a: Smeargle
|cant|p2a: High and Mighty|slp
|
|-ability|p1a: Smeargle|Moody|boost
|-boost|p1a: Smeargle|def|2
|-unboost|p1a: Smeargle|spe|1
|upkeep
|turn|29
|
|t:|1631482652
|move|p1a: Smeargle|Spore|p2a: High and Mighty
|-fail|p2a: High and Mighty|slp
|-curestatus|p2a: High and Mighty|slp|[msg]
|move|p2a: High and Mighty|Dragon Tail|p1a: Smeargle
|-damage|p1a: Smeargle|67/100
|drag|p1a: Marshadow|Marshadow|25/100 brn
|-damage|p1a: Marshadow|19/100 brn|[from] Stealth Rock
|
|-damage|p1a: Marshadow|12/100 brn|[from] brn
|upkeep
|turn|30
|
|t:|1631482669
|move|p1a: Marshadow|Spectral Thief|p2a: High and Mighty
|-supereffective|p2a: High and Mighty
|-damage|p2a: High and Mighty|82/100
|move|p2a: High and Mighty|Defog|p1a: Marshadow
|-unboost|p1a: Marshadow|evasion|1
|-sideend|p1: elvisma|Stealth Rock|[from] move: Defog|[of] p2a: High and Mighty
|-sideend|p2: JAY100064|Stealth Rock|[from] move: Defog|[of] p2a: High and Mighty
|-sideend|p2: JAY100064|Sticky Web|[from] move: Defog|[of] p2a: High and Mighty
|
|-heal|p2a: High and Mighty|89/100|[from] item: Leftovers
|-damage|p1a: Marshadow|6/100 brn|[from] brn
|upkeep
|turn|31
|c|☆elvisma|thansk
|
|t:|1631482682
|switch|p2a: Miss Joy|Chansey, F|33/100
|move|p1a: Marshadow|Spectral Thief|p2a: Miss Joy
|-immune|p2a: Miss Joy
|
|-damage|p1a: Marshadow|0 fnt|[from] brn
|faint|p1a: Marshadow
|upkeep
|
|t:|1631482687
|switch|p1a: Smeargle|Smeargle, M|67/100
|turn|32
|c|☆elvisma|sleep
|c|☆elvisma|sleep
|c|☆elvisma|sleep
|c|☆elvisma|again
|inactive|JAY100064 has 90 seconds left.
|
|t:|1631482711
|switch|p2a: High and Mighty|Giratina, shiny|89/100
|-ability|p2a: High and Mighty|Pressure
|move|p1a: Smeargle|Spore|p2a: High and Mighty
|-status|p2a: High and Mighty|slp|[from] move: Spore
|
|-heal|p2a: High and Mighty|95/100 slp|[from] item: Leftovers
|-ability|p1a: Smeargle|Moody|boost
|-boost|p1a: Smeargle|spe|2
|-unboost|p1a: Smeargle|spd|1
|upkeep
|turn|33
|inactive|JAY100064 has 90 seconds left.
|
|t:|1631482724
|move|p1a: Smeargle|Sticky Web|p2a: High and Mighty
|-sidestart|p2: JAY100064|move: Sticky Web
|cant|p2a: High and Mighty|slp
|
|-heal|p2a: High and Mighty|100/100 slp|[from] item: Leftovers
|-ability|p1a: Smeargle|Moody|boost
|-boost|p1a: Smeargle|atk|2
|-unboost|p1a: Smeargle|spa|1
|upkeep
|turn|34
|
|t:|1631482733
|switch|p1a: Calyrex|Calyrex-Shadow|88/100
|-ability|p1a: Calyrex|As One
|-ability|p1a: Calyrex|Unnerve
|-curestatus|p2a: High and Mighty|slp|[msg]
|move|p2a: High and Mighty|Dragon Tail|p1a: Calyrex
|-damage|p1a: Calyrex|63/100
|drag|p1a: Smeargle|Smeargle, M|67/100
|
|-ability|p1a: Smeargle|Moody|boost
|-boost|p1a: Smeargle|def|2
|-unboost|p1a: Smeargle|spa|1
|upkeep
|turn|35
|c|☆elvisma|sure
|c|☆elvisma|sleep
|inactive|JAY100064 has 90 seconds left.
|c|☆elvisma|again
|c|☆elvisma|your own fault
|
|t:|1631482756
|switch|p2a: Miss Joy|Chansey, F|33/100
|-activate|p2a: Miss Joy|move: Sticky Web
|-unboost|p2a: Miss Joy|spe|1
|move|p1a: Smeargle|Spore|p2a: Miss Joy
|-status|p2a: Miss Joy|slp|[from] move: Spore
|
|-ability|p1a: Smeargle|Moody|boost
|-boost|p1a: Smeargle|def|2
|-unboost|p1a: Smeargle|spa|1
|upkeep
|turn|36
|inactive|JAY100064 has 90 seconds left.
|
|t:|1631482767
|move|p1a: Smeargle|Stealth Rock|p2a: Miss Joy
|-sidestart|p2: JAY100064|move: Stealth Rock
|cant|p2a: Miss Joy|slp
|
|-ability|p1a: Smeargle|Moody|boost
|-boost|p1a: Smeargle|spd|2
|-unboost|p1a: Smeargle|atk|1
|upkeep
|turn|37
|inactive|JAY100064 has 90 seconds left.
|
|t:|1631482779
|move|p1a: Smeargle|Sticky Web||[still]
|-fail|p1a: Smeargle
|cant|p2a: Miss Joy|slp
|
|-ability|p1a: Smeargle|Moody|boost
|-boost|p1a: Smeargle|spa|2
|-unboost|p1a: Smeargle|spd|1
|upkeep
|turn|38
|
|t:|1631482787
|move|p1a: Smeargle|Sticky Web||[still]
|-fail|p1a: Smeargle
|-curestatus|p2a: Miss Joy|slp|[msg]
|move|p2a: Miss Joy|Soft-Boiled|p2a: Miss Joy
|-heal|p2a: Miss Joy|83/100
|
|-ability|p1a: Smeargle|Moody|boost
|-boost|p1a: Smeargle|spe|2
|-unboost|p1a: Smeargle|spd|1
|upkeep
|turn|39
|c|☆elvisma|sleep again
|
|t:|1631482798
|move|p1a: Smeargle|Spore|p2a: Miss Joy
|-status|p2a: Miss Joy|slp|[from] move: Spore
|cant|p2a: Miss Joy|slp
|
|-ability|p1a: Smeargle|Moody|boost
|-boost|p1a: Smeargle|atk|2
|-unboost|p1a: Smeargle|spe|1
|upkeep
|turn|40
|c|☆elvisma|idk why i keep saying the same thing
|
|t:|1631482807
|-curestatus|p2a: Miss Joy|slp|[from] ability: Natural Cure
|switch|p2a: High and Mighty|Giratina, shiny|100/100
|-damage|p2a: High and Mighty|88/100|[from] Stealth Rock
|-activate|p2a: High and Mighty|move: Sticky Web
|-unboost|p2a: High and Mighty|spe|1
|-ability|p2a: High and Mighty|Pressure
|move|p1a: Smeargle|Sticky Web||[still]
|-fail|p1a: Smeargle
|
|-heal|p2a: High and Mighty|94/100|[from] item: Leftovers
|-ability|p1a: Smeargle|Moody|boost
|-boost|p1a: Smeargle|def|2
|-unboost|p1a: Smeargle|spa|1
|upkeep
|turn|41
|c|☆elvisma|its funn to say ok
|c|☆elvisma|sleep again
|
|t:|1631482823
|move|p1a: Smeargle|Spore|p2a: High and Mighty
|-status|p2a: High and Mighty|slp|[from] move: Spore
|cant|p2a: High and Mighty|slp
|
|-heal|p2a: High and Mighty|100/100 slp|[from] item: Leftovers
|-ability|p1a: Smeargle|Moody|boost
|-boost|p1a: Smeargle|spe|2
|-unboost|p1a: Smeargle|atk|1
|upkeep
|turn|42
|
|t:|1631482835
|switch|p1a: Xerneas|Xerneas|100/100
|-ability|p1a: Xerneas|Fairy Aura
|cant|p2a: High and Mighty|slp
|
|upkeep
|turn|43
|c|☆elvisma|now die
|c|☆elvisma|again
|inactive|JAY100064 has 90 seconds left.
|
|t:|1631482854
|switch|p2a: Stainless Steel|Necrozma-Dusk-Mane|100/100
|-damage|p2a: Stainless Steel|94/100|[from] Stealth Rock
|-activate|p2a: Stainless Steel|move: Sticky Web
|-unboost|p2a: Stainless Steel|spe|1
|move|p1a: Xerneas|Geomancy||[still]
|-prepare|p1a: Xerneas|Geomancy
|-enditem|p1a: Xerneas|Power Herb
|-anim|p1a: Xerneas|Geomancy|p1a: Xerneas
|-boost|p1a: Xerneas|spa|2
|-boost|p1a: Xerneas|spd|2
|-boost|p1a: Xerneas|spe|2
|
|upkeep
|turn|44
|c|☆elvisma|you fell for it
|inactive|JAY100064 has 90 seconds left.
|
|t:|1631482881
|switch|p2a: Chicken Little|Ho-Oh, shiny|68/100
|move|p1a: Xerneas|Hidden Power|p2a: Chicken Little
|-immune|p2a: Chicken Little
|
|upkeep
|turn|45
|
|t:|1631482897
|move|p1a: Xerneas|Psychic|p2a: Chicken Little
|-damage|p2a: Chicken Little|30/100
|move|p2a: Chicken Little|Toxic|p1a: Xerneas
|-status|p1a: Xerneas|tox
|
|-damage|p1a: Xerneas|94/100 tox|[from] psn
|upkeep
|turn|46
|c|☆elvisma|you make me mad
|c|☆elvisma|you make me sad
|
|t:|1631482918
|switch|p2a: Miss Joy|Chansey, F|83/100
|-damage|p2a: Miss Joy|70/100|[from] Stealth Rock
|-activate|p2a: Miss Joy|move: Sticky Web
|-unboost|p2a: Miss Joy|spe|1
|move|p1a: Xerneas|Psychic|p2a: Miss Joy
|-damage|p2a: Miss Joy|52/100
|
|-damage|p1a: Xerneas|82/100 tox|[from] psn
|upkeep
|turn|47
|c|☆elvisma|you make life bad
|
|t:|1631482929
|move|p1a: Xerneas|Moonblast|p2a: Miss Joy
|-damage|p2a: Miss Joy|16/100
|move|p2a: Miss Joy|Soft-Boiled|p2a: Miss Joy
|-heal|p2a: Miss Joy|66/100
|
|-damage|p1a: Xerneas|64/100 tox|[from] psn
|upkeep
|turn|48
|
|t:|1631482938
|move|p1a: Xerneas|Psychic|p2a: Miss Joy
|-crit|p2a: Miss Joy
|-damage|p2a: Miss Joy|38/100
|move|p2a: Miss Joy|Soft-Boiled|p2a: Miss Joy
|-heal|p2a: Miss Joy|88/100
|
|-damage|p1a: Xerneas|39/100 tox|[from] psn
|upkeep
|turn|49
|
|t:|1631482946
|move|p1a: Xerneas|Moonblast|p2a: Miss Joy
|-damage|p2a: Miss Joy|54/100
|-unboost|p2a: Miss Joy|spa|1
|move|p2a: Miss Joy|Soft-Boiled|p2a: Miss Joy
|-heal|p2a: Miss Joy|100/100
|
|-damage|p1a: Xerneas|8/100 tox|[from] psn
|upkeep
|turn|50
|
|t:|1631482957
|switch|p2a: Stainless Steel|Necrozma-Dusk-Mane|94/100
|-activate|p2a: Stainless Steel|move: Sticky Web
|-unboost|p2a: Stainless Steel|spe|1
|-damage|p2a: Stainless Steel|88/100|[from] Stealth Rock
|move|p1a: Xerneas|Moonblast|p2a: Stainless Steel
|-resisted|p2a: Stainless Steel
|-damage|p2a: Stainless Steel|31/100
|-unboost|p2a: Stainless Steel|spa|1
|
|-damage|p1a: Xerneas|0 fnt|[from] psn
|faint|p1a: Xerneas
|upkeep
|
|t:|1631482962
|switch|p1a: Blaziken|Blaziken-Mega, M|63/100
|turn|51
|inactive|JAY100064 has 90 seconds left.
|
|t:|1631482973
|switch|p2a: High and Mighty|Giratina, shiny|100/100 slp
|-activate|p2a: High and Mighty|move: Sticky Web
|-unboost|p2a: High and Mighty|spe|1
|-damage|p2a: High and Mighty|88/100 slp|[from] Stealth Rock
|-ability|p2a: High and Mighty|Pressure
|move|p1a: Blaziken|Substitute|p1a: Blaziken
|-start|p1a: Blaziken|Substitute
|-damage|p1a: Blaziken|39/100
|
|-heal|p2a: High and Mighty|94/100 slp|[from] item: Leftovers
|-ability|p1a: Blaziken|Speed Boost|boost
|-boost|p1a: Blaziken|spe|1
|upkeep
|turn|52
|inactive|JAY100064 has 90 seconds left.
|
|t:|1631482988
|move|p1a: Blaziken|Baton Pass|p1a: Blaziken
|c|☆elvisma|yeah i got nothing
|
|t:|1631482991
|switch|p1a: Calyrex|Calyrex-Shadow|63/100|[from]move: Baton Pass
|-ability|p1a: Calyrex|As One
|-ability|p1a: Calyrex|Unnerve
|cant|p2a: High and Mighty|slp
|
|-heal|p2a: High and Mighty|100/100 slp|[from] item: Leftovers
|upkeep
|turn|53
|inactive|JAY100064 has 90 seconds left.
|
|t:|1631483005
|switch|p2a: Miss Joy|Chansey, F|100/100
|-damage|p2a: Miss Joy|88/100|[from] Stealth Rock
|-activate|p2a: Miss Joy|move: Sticky Web
|-unboost|p2a: Miss Joy|spe|1
|move|p1a: Calyrex|Psychic|p2a: Miss Joy
|-damage|p2a: Miss Joy|74/100
|
|upkeep
|turn|54
|inactive|JAY100064 has 90 seconds left.
|
|t:|1631483017
|move|p1a: Calyrex|Psychic|p2a: Miss Joy
|-damage|p2a: Miss Joy|62/100
|move|p2a: Miss Joy|Confide|p1a: Calyrex
|-unboost|p1a: Calyrex|spa|1
|
|upkeep
|turn|55
|inactive|JAY100064 has 90 seconds left.
|c|☆elvisma|nope this last longer then my battle with a full stall
|inactive|elvisma has 120 seconds left.
|-message|elvisma forfeited.
|
|win|JAY100064
|l|☆elvisma
|raw|elvisma's rating: 1458 &rarr; <strong>1445</strong><br />(-13 for losing)
|raw|JAY100064's rating: 1579 &rarr; <strong>1592</strong><br />(+13 for winning)
