|j|☆amnael01
|j|☆ImAPickleLord
|t:|1662632065
|gametype|singles
|player|p1|amnael01|266|1781
|player|p2|ImAPickleLord|1|1711
|teamsize|p1|6
|teamsize|p2|6
|gen|8
|tier|[Gen 8] National Dex AG
|rated|
|rule|HP Percentage Mod: HP is shown in percentages
|rule|Endless Battle Clause: Forcing endless battles is banned
|clearpoke
|poke|p1|Smeargle, F|
|poke|p1|Groudon|
|poke|p1|Espeon, F|
|poke|p1|Rayquaza|
|poke|p1|Xerneas-*|
|poke|p1|Zacian-*|
|poke|p2|Melmetal|
|poke|p2|Arceus-*|
|poke|p2|Arceus-*|
|poke|p2|Marshadow|
|poke|p2|Rayquaza|
|poke|p2|Zacian-*|
|teampreview
|inactive|Battle timer is ON: inactive players will automatically lose when time's up. (requested by amnael01)
|
|t:|1662632074
|start
|switch|p1a: Rayquaza|Rayquaza|100/100
|switch|p2a: Melmetal|Melmetal|100/100
|-ability|p1a: Rayquaza|Air Lock
|turn|1
|
|t:|1662632080
|switch|p2a: Arceus|Arceus-Ground|100/100
|detailschange|p1a: Rayquaza|Rayquaza-Mega
|-mega|p1a: Rayquaza|Rayquaza|
|-weather|DeltaStream|[from] ability: Delta Stream|[of] p1a: Rayquaza
|move|p1a: Rayquaza|Earthquake|p2a: Arceus
|-damage|p2a: Arceus|78/100
|
|-weather|DeltaStream|[upkeep]
|upkeep
|turn|2
|
|t:|1662632083
|-weather|none
|switch|p1a: Espeon|Espeon, F|100/100
|move|p2a: Arceus|Ice Beam|p1a: Espeon
|-damage|p1a: Espeon|67/100
|
|upkeep
|turn|3
|
|t:|1662632089
|move|p1a: Espeon|Psychic|p2a: Arceus
|-damage|p2a: Arceus|47/100
|move|p2a: Arceus|Judgment|p1a: Espeon
|-damage|p1a: Espeon|2/100
|
|upkeep
|turn|4
|
|t:|1662632094
|move|p1a: Espeon|Psychic|p2a: Arceus
|-damage|p2a: Arceus|16/100
|move|p2a: Arceus|Recover|p2a: Arceus
|-heal|p2a: Arceus|66/100
|
|upkeep
|turn|5
|
|t:|1662632102
|switch|p2a: Melmetal|Melmetal|100/100
|move|p1a: Espeon|Yawn|p2a: Melmetal
|-start|p2a: Melmetal|move: Yawn|[of] p1a: Espeon
|
|upkeep
|turn|6
|
|t:|1662632112
|switch|p2a: Arceus|Arceus-Fairy|100/100
|move|p1a: Espeon|Shadow Ball|p2a: Arceus
|-damage|p2a: Arceus|88/100
|-unboost|p2a: Arceus|spd|1
|
|upkeep
|turn|7
|
|t:|1662632115
|move|p1a: Espeon|Yawn|p2a: Arceus
|-start|p2a: Arceus|move: Yawn|[of] p1a: Espeon
|move|p2a: Arceus|Judgment|p1a: Espeon
|-damage|p1a: Espeon|0 fnt
|faint|p1a: Espeon
|
|upkeep
|
|t:|1662632121
|switch|p1a: Groudon|Groudon|100/100
|detailschange|p1a: Groudon|Groudon-Primal
|-primal|p1a: Groudon
|-weather|DesolateLand|[from] ability: Desolate Land|[of] p1a: Groudon
|turn|8
|j|+Dragonillis
|
|t:|1662632126
|move|p1a: Groudon|Stealth Rock|p2a: Arceus
|-sidestart|p2: ImAPickleLord|move: Stealth Rock
|move|p2a: Arceus|Stealth Rock|p1a: Groudon
|-sidestart|p1: amnael01|move: Stealth Rock
|
|-weather|DesolateLand|[upkeep]
|-end|p2a: Arceus|move: Yawn|[silent]
|-status|p2a: Arceus|slp
|upkeep
|turn|9
|
|t:|1662632130
|switch|p2a: Arceus|Arceus-Ground|66/100
|-damage|p2a: Arceus|60/100|[from] Stealth Rock
|move|p1a: Groudon|Fire Punch|p2a: Arceus
|-damage|p2a: Arceus|18/100
|-status|p2a: Arceus|brn
|
|-weather|DesolateLand|[upkeep]
|-damage|p2a: Arceus|12/100 brn|[from] brn
|upkeep
|turn|10
|
|t:|1662632133
|move|p2a: Arceus|Recover|p2a: Arceus
|-heal|p2a: Arceus|62/100 brn
|move|p1a: Groudon|Fire Punch|p2a: Arceus
|-damage|p2a: Arceus|25/100 brn
|
|-weather|DesolateLand|[upkeep]
|-damage|p2a: Arceus|19/100 brn|[from] brn
|upkeep
|turn|11
|
|t:|1662632136
|move|p2a: Arceus|Judgment|p1a: Groudon
|-supereffective|p1a: Groudon
|-damage|p1a: Groudon|0 fnt
|faint|p1a: Groudon
|-weather|none
|
|-damage|p2a: Arceus|13/100 brn|[from] brn
|upkeep
|
|t:|1662632140
|switch|p1a: Zacian|Zacian-Crowned|100/100
|-damage|p1a: Zacian|94/100|[from] Stealth Rock
|-ability|p1a: Zacian|Intrepid Sword|boost
|-boost|p1a: Zacian|atk|1
|turn|12
|
|t:|1662632142
|move|p1a: Zacian|Behemoth Blade|p2a: Arceus
|-damage|p2a: Arceus|0 fnt
|faint|p2a: Arceus
|
|upkeep
|
|t:|1662632143
|switch|p2a: Rayquaza|Rayquaza|100/100
|-damage|p2a: Rayquaza|76/100|[from] Stealth Rock
|-ability|p2a: Rayquaza|Air Lock
|turn|13
|
|t:|1662632146
|detailschange|p2a: Rayquaza|Rayquaza-Mega
|-mega|p2a: Rayquaza|Rayquaza|
|-weather|DeltaStream|[from] ability: Delta Stream|[of] p2a: Rayquaza
|move|p2a: Rayquaza|V-create|p1a: Zacian
|-supereffective|p1a: Zacian
|-damage|p1a: Zacian|0 fnt
|-unboost|p2a: Rayquaza|spe|1
|-unboost|p2a: Rayquaza|def|1
|-unboost|p2a: Rayquaza|spd|1
|faint|p1a: Zacian
|
|-weather|DeltaStream|[upkeep]
|upkeep
|
|t:|1662632153
|switch|p1a: Rayquaza|Rayquaza-Mega|100/100
|-damage|p1a: Rayquaza|76/100|[from] Stealth Rock
|turn|14
|
|t:|1662632156
|switch|p2a: Arceus|Arceus-Fairy|88/100 slp
|-damage|p2a: Arceus|75/100 slp|[from] Stealth Rock
|move|p1a: Rayquaza|Dragon Dance|p1a: Rayquaza
|-boost|p1a: Rayquaza|atk|1
|-boost|p1a: Rayquaza|spe|1
|
|-weather|DeltaStream|[upkeep]
|upkeep
|turn|15
|
|t:|1662632160
|move|p1a: Rayquaza|Dragon Dance|p1a: Rayquaza
|-boost|p1a: Rayquaza|atk|1
|-boost|p1a: Rayquaza|spe|1
|cant|p2a: Arceus|slp
|
|-weather|DeltaStream|[upkeep]
|upkeep
|turn|16
|
|t:|1662632162
|move|p1a: Rayquaza|Dragon Ascent|p2a: Arceus
|-damage|p2a: Arceus|0 fnt
|-unboost|p1a: Rayquaza|def|1
|-unboost|p1a: Rayquaza|spd|1
|faint|p2a: Arceus
|
|-weather|DeltaStream|[upkeep]
|upkeep
|
|t:|1662632166
|switch|p2a: Marshadow|Marshadow|100/100
|-damage|p2a: Marshadow|94/100|[from] Stealth Rock
|turn|17
|
|t:|1662632171
|switch|p2a: Zacian|Zacian-Crowned|100/100
|-damage|p2a: Zacian|94/100|[from] Stealth Rock
|-ability|p2a: Zacian|Intrepid Sword|boost
|-boost|p2a: Zacian|atk|1
|move|p1a: Rayquaza|Dragon Ascent|p2a: Zacian
|-resisted|p2a: Zacian
|-damage|p2a: Zacian|20/100
|-unboost|p1a: Rayquaza|def|1
|-unboost|p1a: Rayquaza|spd|1
|
|-weather|DeltaStream|[upkeep]
|upkeep
|turn|18
|
|t:|1662632174
|move|p1a: Rayquaza|Extreme Speed|p2a: Zacian
|-resisted|p2a: Zacian
|-damage|p2a: Zacian|0 fnt
|faint|p2a: Zacian
|
|-weather|DeltaStream|[upkeep]
|upkeep
|
|t:|1662632180
|switch|p2a: Marshadow|Marshadow|94/100
|-damage|p2a: Marshadow|88/100|[from] Stealth Rock
|turn|19
|
|t:|1662632182
|move|p2a: Marshadow|Shadow Sneak|p1a: Rayquaza
|-damage|p1a: Rayquaza|16/100
|move|p1a: Rayquaza|Dragon Ascent|p2a: Marshadow
|-supereffective|p2a: Marshadow
|-damage|p2a: Marshadow|0 fnt
|-unboost|p1a: Rayquaza|def|1
|-unboost|p1a: Rayquaza|spd|1
|faint|p2a: Marshadow
|
|-weather|DeltaStream|[upkeep]
|upkeep
|
|t:|1662632185
|switch|p2a: Melmetal|Melmetal|100/100
|-damage|p2a: Melmetal|94/100|[from] Stealth Rock
|turn|20
|
|t:|1662632187
|-start|p2a: Melmetal|Dynamax|
|-heal|p2a: Melmetal|94/100|[silent]
|move|p1a: Rayquaza|Earthquake|p2a: Melmetal
|-supereffective|p2a: Melmetal
|-damage|p2a: Melmetal|60/100
|move|p2a: Melmetal|Max Steelspike|p1a: Rayquaza
|-damage|p1a: Rayquaza|0 fnt
|-boost|p2a: Melmetal|def|1
|faint|p1a: Rayquaza
|-weather|none
|
|upkeep
|
|t:|1662632190
|switch|p1a: Smeargle|Smeargle, F|100/100
|-damage|p1a: Smeargle|88/100|[from] Stealth Rock
|turn|21
|
|t:|1662632192
|move|p1a: Smeargle|Spore|p2a: Melmetal
|-activate|p2a: Melmetal|item: Safety Goggles|Spore
|move|p2a: Melmetal|Max Steelspike|p1a: Smeargle
|-damage|p1a: Smeargle|0 fnt
|-boost|p2a: Melmetal|def|1
|faint|p1a: Smeargle
|
|upkeep
|
|t:|1662632195
|switch|p1a: Xerneas|Xerneas|100/100
|-damage|p1a: Xerneas|88/100|[from] Stealth Rock
|-ability|p1a: Xerneas|Fairy Aura
|turn|22
|
|t:|1662632197
|-start|p1a: Xerneas|Dynamax|
|-heal|p1a: Xerneas|88/100|[silent]
|move|p1a: Xerneas|Max Guard|p1a: Xerneas
|-singleturn|p1a: Xerneas|Max Guard
|move|p2a: Melmetal|Max Steelspike|p1a: Xerneas
|-activate|p1a: Xerneas|move: Max Guard
|
|upkeep
|-end|p2a: Melmetal|Dynamax
|-heal|p2a: Melmetal|60/100|[silent]
|turn|23
|
|t:|1662632199
|move|p1a: Xerneas|Max Flare|p2a: Melmetal
|-supereffective|p2a: Melmetal
|-damage|p2a: Melmetal|0 fnt
|-weather|SunnyDay
|faint|p2a: Melmetal
|
|-weather|SunnyDay|[upkeep]
|upkeep
|
|t:|1662632202
|switch|p2a: Rayquaza|Rayquaza-Mega|76/100
|-damage|p2a: Rayquaza|51/100|[from] Stealth Rock
|-weather|DeltaStream|[from] ability: Delta Stream|[of] p2a: Rayquaza
|turn|24
|
|t:|1662632204
|move|p2a: Rayquaza|Dragon Ascent|p1a: Xerneas
|-damage|p1a: Xerneas|62/100
|-unboost|p2a: Rayquaza|def|1
|-unboost|p2a: Rayquaza|spd|1
|move|p1a: Xerneas|Max Starfall|p2a: Rayquaza
|-supereffective|p2a: Rayquaza
|-damage|p2a: Rayquaza|0 fnt
|-fieldstart|move: Misty Terrain
|faint|p2a: Rayquaza
|-weather|none
|
|win|amnael01
|raw|amnael01's rating: 1781 &rarr; <strong>1797</strong><br />(+16 for winning)
|raw|ImAPickleLord's rating: 1711 &rarr; <strong>1695</strong><br />(-16 for losing)
|l|☆ImAPickleLord
|l|☆amnael01
