|j|☆Lasombralegendaria
|j|☆iHaveAsthma
|t:|1648142260
|gametype|singles
|player|p1|Lasombralegendaria|170|1777
|player|p2|iHaveAsthma|doctor|1774
|teamsize|p1|6
|teamsize|p2|6
|gen|8
|tier|[Gen 8] National Dex AG
|rated|
|rule|HP Percentage Mod: HP is shown in percentages
|rule|Endless Battle Clause: Forcing endless battles is banned
|clearpoke
|poke|p1|Groudon|
|poke|p1|Arceus-*|
|poke|p1|Necrozma-Dusk-Mane|
|poke|p1|Arceus-*|
|poke|p1|Tyranitar, M|
|poke|p1|Clefable, M|
|poke|p2|Rayquaza|
|poke|p2|Lugia|
|poke|p2|Calyrex-Shadow|
|poke|p2|Groudon|
|poke|p2|Arceus-*|
|poke|p2|Arceus-*|
|teampreview
|
|t:|1648142296
|start
|switch|p1a: Arceus|Arceus-Water|100/100
|switch|p2a: Rayquaza|Rayquaza|100/100
|-ability|p2a: Rayquaza|Air Lock
|turn|1
|
|t:|1648142300
|switch|p1a: Arceus|Arceus-Rock|100/100
|detailschange|p2a: Rayquaza|Rayquaza-Mega
|-mega|p2a: Rayquaza|Rayquaza|
|-weather|DeltaStream|[from] ability: Delta Stream|[of] p2a: Rayquaza
|move|p2a: Rayquaza|Dragon Ascent|p1a: Arceus
|-resisted|p1a: Arceus
|-crit|p1a: Arceus
|-damage|p1a: Arceus|67/100
|-unboost|p2a: Rayquaza|def|1
|-unboost|p2a: Rayquaza|spd|1
|
|-weather|DeltaStream|[upkeep]
|upkeep
|turn|2
|inactive|Battle timer is ON: inactive players will automatically lose when time's up. (requested by iHaveAsthma)
|
|t:|1648142309
|move|p2a: Rayquaza|Earthquake|p1a: Arceus
|-supereffective|p1a: Arceus
|-damage|p1a: Arceus|21/100
|move|p1a: Arceus|Recover|p1a: Arceus
|-heal|p1a: Arceus|71/100
|
|-weather|DeltaStream|[upkeep]
|upkeep
|turn|3
|
|t:|1648142312
|-weather|none
|switch|p2a: Groudon|Groudon|100/100
|detailschange|p2a: Groudon|Groudon-Primal
|-primal|p2a: Groudon
|-weather|DesolateLand|[from] ability: Desolate Land|[of] p2a: Groudon
|move|p1a: Arceus|Recover|p1a: Arceus
|-heal|p1a: Arceus|100/100
|
|-weather|DesolateLand|[upkeep]
|upkeep
|turn|4
|
|t:|1648142316
|switch|p1a: Arceus|Arceus-Water|100/100
|move|p2a: Groudon|Toxic|p1a: Arceus
|-status|p1a: Arceus|tox
|
|-weather|DesolateLand|[upkeep]
|-damage|p1a: Arceus|94/100 tox|[from] psn
|upkeep
|turn|5
|
|t:|1648142321
|move|p1a: Arceus|Toxic|p2a: Groudon
|-status|p2a: Groudon|tox
|move|p2a: Groudon|Earth Power|p1a: Arceus
|-damage|p1a: Arceus|61/100 tox
|
|-weather|DesolateLand|[upkeep]
|-damage|p1a: Arceus|49/100 tox|[from] psn
|-damage|p2a: Groudon|94/100 tox|[from] psn
|upkeep
|turn|6
|
|t:|1648142325
|move|p1a: Arceus|Recover|p1a: Arceus
|-heal|p1a: Arceus|99/100 tox
|move|p2a: Groudon|Stealth Rock|p1a: Arceus
|-sidestart|p1: Lasombralegendaria|move: Stealth Rock
|
|-weather|DesolateLand|[upkeep]
|-damage|p1a: Arceus|81/100 tox|[from] psn
|-damage|p2a: Groudon|82/100 tox|[from] psn
|upkeep
|turn|7
|
|t:|1648142327
|move|p1a: Arceus|Defog|p2a: Groudon
|-unboost|p2a: Groudon|evasion|1
|-sideend|p1: Lasombralegendaria|Stealth Rock|[from] move: Defog|[of] p1a: Arceus
|move|p2a: Groudon|Earth Power|p1a: Arceus
|-damage|p1a: Arceus|46/100 tox
|
|-weather|DesolateLand|[upkeep]
|-damage|p1a: Arceus|21/100 tox|[from] psn
|-damage|p2a: Groudon|64/100 tox|[from] psn
|upkeep
|turn|8
|
|t:|1648142338
|switch|p1a: Clefable|Clefable, M|100/100
|-weather|none
|switch|p2a: Rayquaza|Rayquaza-Mega|100/100
|-weather|DeltaStream|[from] ability: Delta Stream|[of] p2a: Rayquaza
|
|-weather|DeltaStream|[upkeep]
|upkeep
|turn|9
|
|t:|1648142342
|move|p1a: Clefable|Protect|p1a: Clefable
|-singleturn|p1a: Clefable|Protect
|move|p2a: Rayquaza|Dragon Ascent|p1a: Clefable
|-activate|p1a: Clefable|move: Protect
|
|-weather|DeltaStream|[upkeep]
|upkeep
|turn|10
|
|t:|1648142346
|switch|p1a: Arceus|Arceus-Rock|100/100
|move|p2a: Rayquaza|Dragon Ascent|p1a: Arceus
|-resisted|p1a: Arceus
|-damage|p1a: Arceus|80/100
|-unboost|p2a: Rayquaza|def|1
|-unboost|p2a: Rayquaza|spd|1
|
|-weather|DeltaStream|[upkeep]
|upkeep
|turn|11
|
|t:|1648142349
|-weather|none
|switch|p2a: Groudon|Groudon-Primal|64/100 tox
|-weather|DesolateLand|[from] ability: Desolate Land|[of] p2a: Groudon
|move|p1a: Arceus|Recover|p1a: Arceus
|-heal|p1a: Arceus|100/100
|
|-weather|DesolateLand|[upkeep]
|-damage|p2a: Groudon|58/100 tox|[from] psn
|upkeep
|turn|12
|
|t:|1648142354
|move|p2a: Groudon|Earth Power|p1a: Arceus
|-supereffective|p1a: Arceus
|-damage|p1a: Arceus|34/100
|move|p1a: Arceus|Judgment|p2a: Groudon
|-damage|p2a: Groudon|6/100 tox
|
|-weather|DesolateLand|[upkeep]
|-damage|p2a: Groudon|0 fnt|[from] psn
|faint|p2a: Groudon
|-weather|none
|upkeep
|
|t:|1648142363
|switch|p2a: Calyrex|Calyrex-Shadow|100/100
|-ability|p2a: Calyrex|As One
|-ability|p2a: Calyrex|Unnerve
|turn|13
|
|t:|1648142365
|switch|p2a: Arceus|Arceus-Ground|100/100
|switch|p1a: Tyranitar|Tyranitar, M|100/100
|-weather|Sandstorm|[from] ability: Sand Stream|[of] p1a: Tyranitar
|
|-weather|Sandstorm|[upkeep]
|upkeep
|turn|14
|
|t:|1648142371
|switch|p1a: Clefable|Clefable, M|100/100
|move|p2a: Arceus|Judgment|p1a: Clefable
|-crit|p1a: Clefable
|-damage|p1a: Clefable|50/100
|
|-weather|Sandstorm|[upkeep]
|-damage|p1a: Clefable|44/100|[from] Sandstorm
|-heal|p1a: Clefable|50/100|[from] item: Leftovers
|upkeep
|turn|15
|
|t:|1648142376
|move|p2a: Arceus|Calm Mind|p2a: Arceus
|-boost|p2a: Arceus|spa|1
|-boost|p2a: Arceus|spd|1
|move|p1a: Clefable|Wish|p1a: Clefable
|
|-weather|Sandstorm|[upkeep]
|-damage|p1a: Clefable|44/100|[from] Sandstorm
|-heal|p1a: Clefable|50/100|[from] item: Leftovers
|upkeep
|turn|16
|
|t:|1648142380
|move|p2a: Arceus|Calm Mind|p2a: Arceus
|-boost|p2a: Arceus|spa|1
|-boost|p2a: Arceus|spd|1
|move|p1a: Clefable|Moonblast|p2a: Arceus
|-damage|p2a: Arceus|82/100
|-unboost|p2a: Arceus|spa|1
|
|-weather|Sandstorm|[upkeep]
|-damage|p1a: Clefable|44/100|[from] Sandstorm
|-heal|p1a: Clefable|94/100|[from] move: Wish|[wisher] Clefable
|-heal|p1a: Clefable|99/100|[from] item: Leftovers
|upkeep
|turn|17
|
|t:|1648142383
|move|p2a: Arceus|Judgment|p1a: Clefable
|-damage|p1a: Clefable|70/100
|move|p1a: Clefable|Wish|p1a: Clefable
|
|-weather|none
|-heal|p1a: Clefable|76/100|[from] item: Leftovers
|upkeep
|turn|18
|
|t:|1648142389
|switch|p2a: Arceus|Arceus-Flying|100/100
|move|p1a: Clefable|Heal Bell|p1a: Clefable
|-activate|p1a: Clefable|move: Heal Bell
|-curestatus|p1: Arceus|tox|[msg]
|
|-heal|p1a: Clefable|100/100|[from] move: Wish|[wisher] Clefable
|upkeep
|turn|19
|
|t:|1648142393
|move|p2a: Arceus|Swords Dance|p2a: Arceus
|-boost|p2a: Arceus|atk|2
|move|p1a: Clefable|Wish|p1a: Clefable
|
|upkeep
|turn|20
|
|t:|1648142396
|switch|p1a: Arceus|Arceus-Rock|34/100
|move|p2a: Arceus|Swords Dance|p2a: Arceus
|-boost|p2a: Arceus|atk|2
|
|-heal|p1a: Arceus|78/100|[from] move: Wish|[wisher] Clefable
|upkeep
|turn|21
|
|t:|1648142400
|-start|p2a: Arceus|Dynamax
|-heal|p2a: Arceus|100/100|[silent]
|move|p2a: Arceus|Max Airstream|p1a: Arceus
|-resisted|p1a: Arceus
|-damage|p1a: Arceus|14/100
|-boost|p2a: Arceus|spe|1
|move|p1a: Arceus|Will-O-Wisp|p2a: Arceus
|-status|p2a: Arceus|brn
|
|-damage|p2a: Arceus|97/100 brn|[from] brn
|upkeep
|turn|22
|
|t:|1648142407
|move|p2a: Arceus|Max Quake|p1a: Arceus
|-supereffective|p1a: Arceus
|-damage|p1a: Arceus|0 fnt
|-boost|p2a: Arceus|spd|1
|faint|p1a: Arceus
|
|-damage|p2a: Arceus|94/100 brn|[from] brn
|upkeep
|
|t:|1648142414
|switch|p1a: Clefable|Clefable, M|100/100
|turn|23
|
|t:|1648142418
|move|p1a: Clefable|Protect|p1a: Clefable
|-singleturn|p1a: Clefable|Protect
|move|p2a: Arceus|Max Airstream|p1a: Clefable
|-zbroken|p1a: Clefable
|-damage|p1a: Clefable|89/100
|-boost|p2a: Arceus|spe|1
|
|-heal|p1a: Clefable|95/100|[from] item: Leftovers
|-damage|p2a: Arceus|91/100 brn|[from] brn
|-end|p2a: Arceus|Dynamax
|-heal|p2a: Arceus|91/100 brn|[silent]
|upkeep
|turn|24
|
|t:|1648142423
|move|p2a: Arceus|Swords Dance|p2a: Arceus
|-boost|p2a: Arceus|atk|2
|move|p1a: Clefable|Wish|p1a: Clefable
|
|-heal|p1a: Clefable|100/100|[from] item: Leftovers
|-damage|p2a: Arceus|85/100 brn|[from] brn
|upkeep
|turn|25
|
|t:|1648142444
|move|p2a: Arceus|Fly||[still]
|-prepare|p2a: Arceus|Fly
|move|p1a: Clefable|Moonblast|p2a: Arceus|[miss]
|-miss|p1a: Clefable|p2a: Arceus
|
|-damage|p2a: Arceus|79/100 brn|[from] brn
|upkeep
|turn|26
|
|t:|1648142450
|switch|p1a: Necrozma|Necrozma-Dusk-Mane|100/100
|move|p2a: Arceus|Fly|p1a: Necrozma|[from]lockedmove
|-resisted|p1a: Necrozma
|-damage|p1a: Necrozma|69/100
|-damage|p2a: Arceus|63/100 brn|[from] item: Rocky Helmet|[of] p1a: Necrozma
|
|-damage|p2a: Arceus|57/100 brn|[from] brn
|upkeep
|turn|27
|
|t:|1648142453
|move|p2a: Arceus|Earthquake|p1a: Necrozma
|-supereffective|p1a: Necrozma
|-damage|p1a: Necrozma|9/100
|move|p1a: Necrozma|Morning Sun|p1a: Necrozma
|-heal|p1a: Necrozma|59/100
|
|-damage|p2a: Arceus|51/100 brn|[from] brn
|upkeep
|turn|28
|
|t:|1648142458
|switch|p1a: Clefable|Clefable, M|100/100
|move|p2a: Arceus|Earthquake|p1a: Clefable
|-damage|p1a: Clefable|80/100
|
|-heal|p1a: Clefable|86/100|[from] item: Leftovers
|-damage|p2a: Arceus|45/100 brn|[from] brn
|upkeep
|turn|29
|
|t:|1648142461
|move|p2a: Arceus|Recover|p2a: Arceus
|-heal|p2a: Arceus|95/100 brn
|move|p1a: Clefable|Wish|p1a: Clefable
|
|-heal|p1a: Clefable|92/100|[from] item: Leftovers
|-damage|p2a: Arceus|89/100 brn|[from] brn
|upkeep
|turn|30
|
|t:|1648142472
|switch|p1a: Necrozma|Necrozma-Dusk-Mane|59/100
|move|p2a: Arceus|Fly||[still]
|-prepare|p2a: Arceus|Fly
|
|-heal|p1a: Necrozma|100/100|[from] move: Wish|[wisher] Clefable
|-damage|p2a: Arceus|82/100 brn|[from] brn
|upkeep
|turn|31
|
|t:|1648142478
|switch|p1a: Clefable|Clefable, M|92/100
|move|p2a: Arceus|Fly|p1a: Clefable|[from]lockedmove
|-damage|p1a: Clefable|61/100
|
|-heal|p1a: Clefable|68/100|[from] item: Leftovers
|-damage|p2a: Arceus|76/100 brn|[from] brn
|upkeep
|turn|32
|
|t:|1648142483
|move|p2a: Arceus|Swords Dance|p2a: Arceus
|-boost|p2a: Arceus|atk|0
|move|p1a: Clefable|Wish|p1a: Clefable
|
|-heal|p1a: Clefable|74/100|[from] item: Leftovers
|-damage|p2a: Arceus|70/100 brn|[from] brn
|upkeep
|turn|33
|
|t:|1648142487
|move|p2a: Arceus|Earthquake|p1a: Clefable
|-damage|p1a: Clefable|55/100
|move|p1a: Clefable|Moonblast|p2a: Arceus
|-damage|p2a: Arceus|49/100 brn
|
|-heal|p1a: Clefable|100/100|[from] move: Wish|[wisher] Clefable
|-damage|p2a: Arceus|43/100 brn|[from] brn
|upkeep
|turn|34
|
|t:|1648142490
|switch|p1a: Necrozma|Necrozma-Dusk-Mane|100/100
|move|p2a: Arceus|Recover|p2a: Arceus
|-heal|p2a: Arceus|93/100 brn
|
|-damage|p2a: Arceus|87/100 brn|[from] brn
|upkeep
|turn|35
|
|t:|1648142492
|move|p2a: Arceus|Earthquake|p1a: Necrozma
|-supereffective|p1a: Necrozma
|-damage|p1a: Necrozma|43/100
|move|p1a: Necrozma|Stealth Rock|p2a: Arceus
|-sidestart|p2: iHaveAsthma|move: Stealth Rock
|
|-damage|p2a: Arceus|81/100 brn|[from] brn
|upkeep
|turn|36
|
|t:|1648142495
|switch|p1a: Clefable|Clefable, M|100/100
|move|p2a: Arceus|Earthquake|p1a: Clefable
|-damage|p1a: Clefable|80/100
|
|-heal|p1a: Clefable|86/100|[from] item: Leftovers
|-damage|p2a: Arceus|75/100 brn|[from] brn
|upkeep
|turn|37
|
|t:|1648142499
|move|p2a: Arceus|Swords Dance|p2a: Arceus
|-boost|p2a: Arceus|atk|0
|move|p1a: Clefable|Wish|p1a: Clefable
|
|-heal|p1a: Clefable|92/100|[from] item: Leftovers
|-damage|p2a: Arceus|69/100 brn|[from] brn
|upkeep
|turn|38
|
|t:|1648142503
|move|p2a: Arceus|Earthquake|p1a: Clefable
|-damage|p1a: Clefable|71/100
|move|p1a: Clefable|Moonblast|p2a: Arceus
|-damage|p2a: Arceus|47/100 brn
|-unboost|p2a: Arceus|spa|1
|
|-heal|p1a: Clefable|100/100|[from] move: Wish|[wisher] Clefable
|-damage|p2a: Arceus|41/100 brn|[from] brn
|upkeep
|turn|39
|
|t:|1648142505
|move|p2a: Arceus|Recover|p2a: Arceus
|-heal|p2a: Arceus|91/100 brn
|move|p1a: Clefable|Wish|p1a: Clefable
|
|-damage|p2a: Arceus|85/100 brn|[from] brn
|upkeep
|turn|40
|
|t:|1648142511
|move|p2a: Arceus|Swords Dance|p2a: Arceus
|-boost|p2a: Arceus|atk|0
|move|p1a: Clefable|Moonblast|p2a: Arceus
|-damage|p2a: Arceus|63/100 brn
|-unboost|p2a: Arceus|spa|1
|
|-damage|p2a: Arceus|57/100 brn|[from] brn
|upkeep
|turn|41
|
|t:|1648142516
|move|p2a: Arceus|Recover|p2a: Arceus
|-heal|p2a: Arceus|100/100 brn
|move|p1a: Clefable|Wish|p1a: Clefable
|
|-damage|p2a: Arceus|94/100 brn|[from] brn
|upkeep
|turn|42
|
|t:|1648142522
|switch|p1a: Necrozma|Necrozma-Dusk-Mane|43/100
|move|p2a: Arceus|Fly||[still]
|-prepare|p2a: Arceus|Fly
|
|-heal|p1a: Necrozma|93/100|[from] move: Wish|[wisher] Clefable
|-damage|p2a: Arceus|88/100 brn|[from] brn
|upkeep
|turn|43
|
|t:|1648142529
|move|p2a: Arceus|Fly|p1a: Necrozma|[from]lockedmove
|-resisted|p1a: Necrozma
|-damage|p1a: Necrozma|60/100
|-damage|p2a: Arceus|72/100 brn|[from] item: Rocky Helmet|[of] p1a: Necrozma
|move|p1a: Necrozma|Sunsteel Strike|p2a: Arceus
|-damage|p2a: Arceus|34/100 brn
|
|-damage|p2a: Arceus|28/100 brn|[from] brn
|upkeep
|turn|44
|
|t:|1648142538
|move|p2a: Arceus|Recover|p2a: Arceus
|-heal|p2a: Arceus|78/100 brn
|move|p1a: Necrozma|Morning Sun|p1a: Necrozma
|-heal|p1a: Necrozma|100/100
|
|-damage|p2a: Arceus|72/100 brn|[from] brn
|upkeep
|turn|45
|
|t:|1648142546
|switch|p1a: Clefable|Clefable, M|100/100
|move|p2a: Arceus|Recover|p2a: Arceus
|-heal|p2a: Arceus|100/100 brn
|
|-damage|p2a: Arceus|94/100 brn|[from] brn
|upkeep
|turn|46
|
|t:|1648142551
|move|p2a: Arceus|Fly||[still]
|-prepare|p2a: Arceus|Fly
|move|p1a: Clefable|Moonblast|p2a: Arceus|[miss]
|-miss|p1a: Clefable|p2a: Arceus
|
|-damage|p2a: Arceus|88/100 brn|[from] brn
|upkeep
|turn|47
|
|t:|1648142554
|move|p1a: Clefable|Protect|p1a: Clefable
|-singleturn|p1a: Clefable|Protect
|move|p2a: Arceus|Fly|p1a: Clefable|[from]lockedmove
|-activate|p1a: Clefable|move: Protect
|
|-damage|p2a: Arceus|82/100 brn|[from] brn
|upkeep
|turn|48
|
|t:|1648142567
|move|p2a: Arceus|Swords Dance|p2a: Arceus
|-boost|p2a: Arceus|atk|0
|move|p1a: Clefable|Moonblast|p2a: Arceus
|-damage|p2a: Arceus|60/100 brn
|
|-damage|p2a: Arceus|54/100 brn|[from] brn
|upkeep
|turn|49
|
|t:|1648142574
|switch|p1a: Tyranitar|Tyranitar, M|100/100
|-weather|Sandstorm|[from] ability: Sand Stream|[of] p1a: Tyranitar
|move|p2a: Arceus|Swords Dance|p2a: Arceus
|-boost|p2a: Arceus|atk|0
|
|-weather|Sandstorm|[upkeep]
|-damage|p2a: Arceus|48/100 brn|[from] Sandstorm
|-damage|p2a: Arceus|42/100 brn|[from] brn
|upkeep
|turn|50
|
|t:|1648142580
|-start|p1a: Tyranitar|Dynamax
|-heal|p1a: Tyranitar|100/100|[silent]
|move|p2a: Arceus|Earthquake|p1a: Tyranitar
|-supereffective|p1a: Tyranitar
|-damage|p1a: Tyranitar|43/100
|move|p1a: Tyranitar|Max Rockfall|p2a: Arceus
|-supereffective|p2a: Arceus
|-damage|p2a: Arceus|0 fnt
|faint|p2a: Arceus
|
|-weather|Sandstorm|[upkeep]
|-heal|p1a: Tyranitar|46/100|[from] item: Leftovers
|upkeep
|
|t:|1648142583
|switch|p2a: Lugia|Lugia|100/100
|turn|51
|
|t:|1648142585
|move|p2a: Lugia|Defog|p1a: Tyranitar
|-unboost|p1a: Tyranitar|evasion|1
|-sideend|p2: iHaveAsthma|Stealth Rock|[from] move: Defog|[of] p2a: Lugia
|move|p1a: Tyranitar|Max Rockfall|p2a: Lugia
|-supereffective|p2a: Lugia
|-damage|p2a: Lugia|69/100
|
|-weather|Sandstorm|[upkeep]
|-damage|p2a: Lugia|62/100|[from] Sandstorm
|-heal|p1a: Tyranitar|49/100|[from] item: Leftovers
|upkeep
|turn|52
|
|t:|1648142589
|move|p2a: Lugia|Thunder Wave|p1a: Tyranitar
|-status|p1a: Tyranitar|par
|move|p1a: Tyranitar|Max Rockfall|p2a: Lugia
|-supereffective|p2a: Lugia
|-damage|p2a: Lugia|0 fnt
|faint|p2a: Lugia
|
|-weather|Sandstorm|[upkeep]
|-heal|p1a: Tyranitar|52/100 par|[from] item: Leftovers
|-end|p1a: Tyranitar|Dynamax
|-heal|p1a: Tyranitar|52/100 par|[silent]
|upkeep
|
|t:|1648142592
|switch|p2a: Arceus|Arceus-Ground|82/100
|turn|53
|
|t:|1648142594
|switch|p1a: Clefable|Clefable, M|100/100
|move|p2a: Arceus|Calm Mind|p2a: Arceus
|-boost|p2a: Arceus|spa|1
|-boost|p2a: Arceus|spd|1
|
|-weather|none
|upkeep
|turn|54
|
|t:|1648142597
|move|p2a: Arceus|Calm Mind|p2a: Arceus
|-boost|p2a: Arceus|spa|1
|-boost|p2a: Arceus|spd|1
|move|p1a: Clefable|Moonblast|p2a: Arceus
|-damage|p2a: Arceus|61/100
|
|upkeep
|turn|55
|
|t:|1648142603
|move|p2a: Arceus|Judgment|p1a: Clefable
|-damage|p1a: Clefable|69/100
|move|p1a: Clefable|Moonblast|p2a: Arceus
|-damage|p2a: Arceus|39/100
|
|-heal|p1a: Clefable|75/100|[from] item: Leftovers
|upkeep
|turn|56
|
|t:|1648142609
|move|p2a: Arceus|Calm Mind|p2a: Arceus
|-boost|p2a: Arceus|spa|1
|-boost|p2a: Arceus|spd|1
|move|p1a: Clefable|Moonblast|p2a: Arceus
|-damage|p2a: Arceus|16/100
|
|-heal|p1a: Clefable|81/100|[from] item: Leftovers
|upkeep
|turn|57
|
|t:|1648142610
|move|p2a: Arceus|Recover|p2a: Arceus
|-heal|p2a: Arceus|66/100
|move|p1a: Clefable|Moonblast|p2a: Arceus
|-damage|p2a: Arceus|47/100
|-unboost|p2a: Arceus|spa|1
|
|-heal|p1a: Clefable|87/100|[from] item: Leftovers
|upkeep
|turn|58
|
|t:|1648142618
|move|p2a: Arceus|Recover|p2a: Arceus
|-heal|p2a: Arceus|97/100
|move|p1a: Clefable|Heal Bell|p1a: Clefable
|-activate|p1a: Clefable|move: Heal Bell
|-curestatus|p1: Tyranitar|par|[msg]
|
|-heal|p1a: Clefable|93/100|[from] item: Leftovers
|upkeep
|turn|59
|
|t:|1648142629
|switch|p2a: Rayquaza|Rayquaza-Mega|100/100
|-weather|DeltaStream|[from] ability: Delta Stream|[of] p2a: Rayquaza
|move|p1a: Clefable|Wish|p1a: Clefable
|
|-weather|DeltaStream|[upkeep]
|-heal|p1a: Clefable|99/100|[from] item: Leftovers
|upkeep
|turn|60
|
|t:|1648142633
|switch|p1a: Necrozma|Necrozma-Dusk-Mane|100/100
|move|p2a: Rayquaza|Dragon Ascent|p1a: Necrozma
|-resisted|p1a: Necrozma
|-damage|p1a: Necrozma|79/100
|-unboost|p2a: Rayquaza|def|1
|-unboost|p2a: Rayquaza|spd|1
|-damage|p2a: Rayquaza|84/100|[from] item: Rocky Helmet|[of] p1a: Necrozma
|
|-weather|DeltaStream|[upkeep]
|-heal|p1a: Necrozma|100/100|[from] move: Wish|[wisher] Clefable
|upkeep
|turn|61
|
|t:|1648142637
|-weather|none
|switch|p2a: Calyrex|Calyrex-Shadow|100/100
|-ability|p2a: Calyrex|As One
|-ability|p2a: Calyrex|Unnerve
|move|p1a: Necrozma|Stealth Rock|p2a: Calyrex
|-sidestart|p2: iHaveAsthma|move: Stealth Rock
|
|upkeep
|turn|62
|
|t:|1648142642
|switch|p1a: Tyranitar|Tyranitar, M|52/100
|-weather|Sandstorm|[from] ability: Sand Stream|[of] p1a: Tyranitar
|move|p2a: Calyrex|Nasty Plot|p2a: Calyrex
|-boost|p2a: Calyrex|spa|2
|
|-weather|Sandstorm|[upkeep]
|-damage|p2a: Calyrex|94/100|[from] Sandstorm
|-heal|p1a: Tyranitar|58/100|[from] item: Leftovers
|upkeep
|turn|63
|
|t:|1648142647
|move|p2a: Calyrex|Draining Kiss|p1a: Tyranitar
|-supereffective|p1a: Tyranitar
|-damage|p1a: Tyranitar|27/100
|-heal|p2a: Calyrex|100/100|[from] drain|[of] p1a: Tyranitar
|move|p1a: Tyranitar|Pursuit|p2a: Calyrex
|-supereffective|p2a: Calyrex
|-damage|p2a: Calyrex|16/100
|
|-weather|Sandstorm|[upkeep]
|-damage|p2a: Calyrex|10/100|[from] Sandstorm
|-heal|p1a: Tyranitar|33/100|[from] item: Leftovers
|upkeep
|turn|64
|
|t:|1648142652
|switch|p1a: Necrozma|Necrozma-Dusk-Mane|100/100
|move|p2a: Calyrex|Draining Kiss|p1a: Necrozma
|-resisted|p1a: Necrozma
|-damage|p1a: Necrozma|83/100
|-heal|p2a: Calyrex|25/100|[from] drain|[of] p1a: Necrozma
|-damage|p2a: Calyrex|8/100|[from] item: Rocky Helmet|[of] p1a: Necrozma
|
|-weather|Sandstorm|[upkeep]
|-damage|p2a: Calyrex|2/100|[from] Sandstorm
|upkeep
|turn|65
|
|t:|1648142660
|switch|p1a: Arceus|Arceus-Water|21/100
|move|p2a: Calyrex|Draining Kiss|p1a: Arceus
|-crit|p1a: Arceus
|-damage|p1a: Arceus|0 fnt
|-heal|p2a: Calyrex|23/100|[from] drain|[of] p1a: Arceus
|faint|p1a: Arceus
|-ability|p2a: Calyrex|Grim Neigh|boost
|-boost|p2a: Calyrex|spa|1
|
|-weather|Sandstorm|[upkeep]
|-damage|p2a: Calyrex|17/100|[from] Sandstorm
|upkeep
|
|t:|1648142666
|switch|p1a: Clefable|Clefable, M|99/100
|turn|66
|
|t:|1648142670
|move|p2a: Calyrex|Astral Barrage|p1a: Clefable
|-damage|p1a: Clefable|45/100
|move|p1a: Clefable|Moonblast|p2a: Calyrex
|-damage|p2a: Calyrex|0 fnt
|faint|p2a: Calyrex
|
|-weather|none
|-heal|p1a: Clefable|51/100|[from] item: Leftovers
|upkeep
|
|t:|1648142673
|switch|p2a: Rayquaza|Rayquaza-Mega|84/100
|-damage|p2a: Rayquaza|59/100|[from] Stealth Rock
|-weather|DeltaStream|[from] ability: Delta Stream|[of] p2a: Rayquaza
|turn|67
|
|t:|1648142675
|switch|p1a: Necrozma|Necrozma-Dusk-Mane|83/100
|move|p2a: Rayquaza|Earthquake|p1a: Necrozma
|-supereffective|p1a: Necrozma
|-damage|p1a: Necrozma|48/100
|
|-weather|DeltaStream|[upkeep]
|upkeep
|turn|68
|
|t:|1648142679
|move|p2a: Rayquaza|Earthquake|p1a: Necrozma
|-supereffective|p1a: Necrozma
|-damage|p1a: Necrozma|9/100
|move|p1a: Necrozma|Morning Sun|p1a: Necrozma
|-heal|p1a: Necrozma|59/100
|
|-weather|DeltaStream|[upkeep]
|upkeep
|turn|69
|
|t:|1648142681
|move|p2a: Rayquaza|Earthquake|p1a: Necrozma
|-supereffective|p1a: Necrozma
|-damage|p1a: Necrozma|20/100
|move|p1a: Necrozma|Morning Sun|p1a: Necrozma
|-heal|p1a: Necrozma|70/100
|
|-weather|DeltaStream|[upkeep]
|upkeep
|turn|70
|
|t:|1648142684
|move|p2a: Rayquaza|Earthquake|p1a: Necrozma
|-supereffective|p1a: Necrozma
|-damage|p1a: Necrozma|33/100
|move|p1a: Necrozma|Morning Sun|p1a: Necrozma
|-heal|p1a: Necrozma|83/100
|
|-weather|DeltaStream|[upkeep]
|upkeep
|turn|71
|
|t:|1648142686
|move|p2a: Rayquaza|Earthquake|p1a: Necrozma
|-supereffective|p1a: Necrozma
|-damage|p1a: Necrozma|45/100
|move|p1a: Necrozma|Toxic|p2a: Rayquaza
|-status|p2a: Rayquaza|tox
|
|-weather|DeltaStream|[upkeep]
|-damage|p2a: Rayquaza|53/100 tox|[from] psn
|upkeep
|turn|72
|
|t:|1648142689
|move|p2a: Rayquaza|Earthquake|p1a: Necrozma
|-supereffective|p1a: Necrozma
|-damage|p1a: Necrozma|7/100
|move|p1a: Necrozma|Morning Sun|p1a: Necrozma
|-heal|p1a: Necrozma|56/100
|
|-weather|DeltaStream|[upkeep]
|-damage|p2a: Rayquaza|40/100 tox|[from] psn
|upkeep
|turn|73
|
|t:|1648142691
|move|p2a: Rayquaza|Earthquake|p1a: Necrozma
|-supereffective|p1a: Necrozma
|-damage|p1a: Necrozma|21/100
|move|p1a: Necrozma|Morning Sun|p1a: Necrozma
|-heal|p1a: Necrozma|71/100
|
|-weather|DeltaStream|[upkeep]
|-damage|p2a: Rayquaza|22/100 tox|[from] psn
|upkeep
|turn|74
|
|t:|1648142694
|move|p2a: Rayquaza|Earthquake|p1a: Necrozma
|-supereffective|p1a: Necrozma
|-damage|p1a: Necrozma|30/100
|move|p1a: Necrozma|Morning Sun|p1a: Necrozma
|-heal|p1a: Necrozma|80/100
|
|-weather|DeltaStream|[upkeep]
|-damage|p2a: Rayquaza|0 fnt|[from] psn
|faint|p2a: Rayquaza
|-weather|none
|upkeep
|
|t:|1648142696
|switch|p2a: Arceus|Arceus-Ground|97/100
|-damage|p2a: Arceus|91/100|[from] Stealth Rock
|turn|75
|
|t:|1648142698
|move|p2a: Arceus|Judgment|p1a: Necrozma
|-supereffective|p1a: Necrozma
|-damage|p1a: Necrozma|27/100
|move|p1a: Necrozma|Toxic|p2a: Arceus
|-status|p2a: Arceus|tox
|
|-damage|p2a: Arceus|85/100 tox|[from] psn
|upkeep
|turn|76
|
|t:|1648142701
|move|p2a: Arceus|Judgment|p1a: Necrozma
|-supereffective|p1a: Necrozma
|-damage|p1a: Necrozma|0 fnt
|faint|p1a: Necrozma
|
|-damage|p2a: Arceus|73/100 tox|[from] psn
|upkeep
|-message|iHaveAsthma forfeited.
|
|win|Lasombralegendaria
|raw|Lasombralegendaria's rating: 1777 &rarr; <strong>1797</strong><br />(+20 for winning)
|raw|iHaveAsthma's rating: 1774 &rarr; <strong>1754</strong><br />(-20 for losing)
|l|☆iHaveAsthma
||Ladder isn't responding, score probably updated but might not have (Request timeout).
