|j|☆seidou45
|j|☆CLEAR GEM清瑜
|t:|1667054531
|gametype|singles
|player|p1|seidou45|lucas|1879
|player|p2|CLEAR GEM清瑜|skierf|1783
|teamsize|p1|6
|teamsize|p2|6
|gen|8
|tier|[Gen 8] National Dex AG
|rated|
|rule|HP Percentage Mod: HP is shown in percentages
|rule|Endless Battle Clause: Forcing endless battles is banned
|clearpoke
|poke|p1|Tyranitar, M|
|poke|p1|Lugia|
|poke|p1|Gliscor, M|
|poke|p1|Giratina|
|poke|p1|Yveltal|
|poke|p1|Necrozma-Dusk-Mane|
|poke|p2|Rayquaza|
|poke|p2|Groudon|
|poke|p2|Necrozma-Dusk-Mane|
|poke|p2|Arceus-*|
|poke|p2|Zacian-*|
|poke|p2|Yveltal|
|teampreview
|inactive|Battle timer is ON: inactive players will automatically lose when time's up. (requested by CLEAR GEM清瑜)
|
|t:|1667054539
|start
|switch|p1a: Yveltal|Yveltal, shiny|100/100
|switch|p2a: 老烈|Rayquaza, shiny|100/100
|-ability|p1a: Yveltal|Dark Aura
|-ability|p2a: 老烈|Air Lock
|turn|1
|j| Abbiezsoft
|
|t:|1667054543
|detailschange|p2a: 老烈|Rayquaza-Mega, shiny
|-mega|p2a: 老烈|Rayquaza|
|-weather|DeltaStream|[from] ability: Delta Stream|[of] p2a: 老烈
|-start|p1a: Yveltal|Dynamax|
|-heal|p1a: Yveltal|100/100|[silent]
|move|p2a: 老烈|Scale Shot|p1a: Yveltal
|-damage|p1a: Yveltal|90/100
|-damage|p1a: Yveltal|79/100
|-damage|p1a: Yveltal|68/100
|-damage|p1a: Yveltal|57/100
|-hitcount|p1a: Yveltal|4
|-unboost|p2a: 老烈|def|1
|-boost|p2a: 老烈|spe|1
|-damage|p2a: 老烈|91/100|[from] item: Life Orb
|move|p1a: Yveltal|Max Airstream|p2a: 老烈
|-damage|p2a: 老烈|2/100
|-boost|p1a: Yveltal|spe|1
|-damage|p1a: Yveltal|53/100|[from] item: Life Orb
|
|-weather|DeltaStream|[upkeep]
|upkeep
|turn|2
|l| Abbiezsoft
|
|t:|1667054547
|move|p2a: 老烈|Dragon Ascent|p1a: Yveltal
|-damage|p1a: Yveltal|0 fnt
|-unboost|p2a: 老烈|def|1
|-unboost|p2a: 老烈|spd|1
|faint|p1a: Yveltal
|-damage|p2a: 老烈|0 fnt|[from] item: Life Orb
|faint|p2a: 老烈
|-weather|none
|
|upkeep
|
|t:|1667054554
|switch|p2a: 不会(?)|Groudon|100/100
|switch|p1a: Necrozma|Necrozma-Dusk-Mane, shiny|100/100
|detailschange|p2a: 不会(?)|Groudon-Primal
|-primal|p2a: 不会(?)
|-weather|DesolateLand|[from] ability: Desolate Land|[of] p2a: 不会(?)
|turn|3
|
|t:|1667054557
|detailschange|p1a: Necrozma|Necrozma-Ultra, shiny
|-burst|p1a: Necrozma|Necrozma|Ultranecrozium Z
|move|p1a: Necrozma|Earthquake|p2a: 不会(?)
|-supereffective|p2a: 不会(?)
|-damage|p2a: 不会(?)|50/100
|move|p2a: 不会(?)|Thunder Wave|p1a: Necrozma
|-status|p1a: Necrozma|par
|
|-weather|DesolateLand|[upkeep]
|upkeep
|turn|4
|
|t:|1667054561
|move|p2a: 不会(?)|Stealth Rock|p1a: Necrozma
|-sidestart|p1: seidou45|move: Stealth Rock
|move|p1a: Necrozma|Earthquake|p2a: 不会(?)
|-supereffective|p2a: 不会(?)
|-damage|p2a: 不会(?)|0 fnt
|faint|p2a: 不会(?)
|-weather|none
|
|upkeep
|
|t:|1667054564
|switch|p2a: Y鸟|Yveltal|100/100
|-ability|p2a: Y鸟|Dark Aura
|turn|5
|
|t:|1667054566
|move|p2a: Y鸟|Dark Pulse|p1a: Necrozma
|-supereffective|p1a: Necrozma
|-damage|p1a: Necrozma|0 fnt
|faint|p1a: Necrozma
|-damage|p2a: Y鸟|91/100|[from] item: Life Orb
|
|upkeep
|
|t:|1667054568
|switch|p1a: Tyranitar|Tyranitar, M, shiny|100/100
|-damage|p1a: Tyranitar|88/100|[from] Stealth Rock
|-weather|Sandstorm|[from] ability: Sand Stream|[of] p1a: Tyranitar
|turn|6
|
|t:|1667054570
|detailschange|p1a: Tyranitar|Tyranitar-Mega, M, shiny
|-mega|p1a: Tyranitar|Tyranitar|Tyranitarite
|move|p2a: Y鸟|Focus Blast|p1a: Tyranitar
|-supereffective|p1a: Tyranitar
|-damage|p1a: Tyranitar|0 fnt
|faint|p1a: Tyranitar
|-damage|p2a: Y鸟|81/100|[from] item: Life Orb
|
|-weather|Sandstorm|[upkeep]
|-damage|p2a: Y鸟|75/100|[from] Sandstorm
|upkeep
|
|t:|1667054573
|switch|p1a: Gliscor|Gliscor, M, shiny|100/100
|-damage|p1a: Gliscor|88/100|[from] Stealth Rock
|turn|7
|
|t:|1667054576
|-start|p2a: Y鸟|Dynamax|
|-heal|p2a: Y鸟|75/100|[silent]
|move|p1a: Gliscor|Protect|p1a: Gliscor
|-singleturn|p1a: Gliscor|Protect
|move|p2a: Y鸟|Max Airstream|p1a: Gliscor
|-zbroken|p1a: Gliscor
|-damage|p1a: Gliscor|54/100
|-boost|p2a: Y鸟|spe|1
|-damage|p2a: Y鸟|70/100|[from] item: Life Orb
|
|-weather|Sandstorm|[upkeep]
|-damage|p2a: Y鸟|67/100|[from] Sandstorm
|-status|p1a: Gliscor|tox|[from] item: Toxic Orb
|upkeep
|turn|8
|-message|seidou45 forfeited.
|
|win|CLEAR GEM清瑜
|raw|seidou45's rating: 1879 &rarr; <strong>1854</strong><br />(-25 for losing)
|raw|CLEAR GEM清瑜's rating: 1783 &rarr; <strong>1808</strong><br />(+25 for winning)
|l|☆seidou45
||Ladder isn't responding, score probably updated but might not have (Request timeout).
