|j|☆caprisong
|j|☆QuavoBibarel
|t:|1662020304
|gametype|singles
|player|p1|caprisong|nessa-masters|1659
|player|p2|QuavoBibarel|dawn|1499
|teamsize|p1|6
|teamsize|p2|6
|gen|8
|tier|[Gen 8] National Dex AG
|rated|
|rule|HP Percentage Mod: HP is shown in percentages
|rule|Endless Battle Clause: Forcing endless battles is banned
|clearpoke
|poke|p1|Arceus-*|
|poke|p1|Lunala|
|poke|p1|Necrozma-Dusk-Mane|
|poke|p1|Arceus-*|
|poke|p1|Groudon|
|poke|p1|Ho-Oh|
|poke|p2|Arceus-*|
|poke|p2|Tapu Koko|
|poke|p2|Regieleki|
|poke|p2|Darmanitan-Galar, M|
|poke|p2|Calyrex-Shadow|
|poke|p2|Magearna|
|teampreview
|inactive|Battle timer is ON: inactive players will automatically lose when time's up. (requested by caprisong)
|inactive|QuavoBibarel has 120 seconds left.
|
|t:|1662020340
|start
|switch|p1a: AFTER THE FIRE|Groudon, shiny|100/100
|switch|p2a: Darmanitan|Darmanitan-Galar, M|100/100
|detailschange|p1a: AFTER THE FIRE|Groudon-Primal, shiny
|-primal|p1a: AFTER THE FIRE
|-weather|DesolateLand|[from] ability: Desolate Land|[of] p1a: AFTER THE FIRE
|turn|1
|
|t:|1662020346
|-weather|none
|switch|p1a: LIGHTS GO OUT|Ho-Oh, shiny|100/100
|move|p2a: Darmanitan|Earthquake|p1a: LIGHTS GO OUT
|-immune|p1a: LIGHTS GO OUT
|
|upkeep
|turn|2
|
|t:|1662020366
|switch|p2a: Tapu Koko|Tapu Koko|100/100
|-fieldstart|move: Electric Terrain|[from] ability: Electric Surge|[of] p2a: Tapu Koko
|move|p1a: LIGHTS GO OUT|Sacred Fire|p2a: Tapu Koko
|-damage|p2a: Tapu Koko|46/100
|-status|p2a: Tapu Koko|brn
|
|-damage|p2a: Tapu Koko|40/100 brn|[from] brn
|upkeep
|turn|3
|
|t:|1662020377
|switch|p1a: GRAVITY BOUNCE|Arceus-Ground|100/100
|move|p2a: Tapu Koko|U-turn|p1a: GRAVITY BOUNCE
|-damage|p1a: GRAVITY BOUNCE|93/100
|
|t:|1662020387
|switch|p2a: Darmanitan|Darmanitan-Galar, M|100/100|[from]move: U-turn
|
|upkeep
|turn|4
|
|t:|1662020391
|switch|p1a: LIGHTS GO OUT|Ho-Oh, shiny|100/100
|move|p2a: Darmanitan|Icicle Crash|p1a: LIGHTS GO OUT
|-damage|p1a: LIGHTS GO OUT|55/100
|
|upkeep
|turn|5
|
|t:|1662020397
|move|p2a: Darmanitan|Icicle Crash|p1a: LIGHTS GO OUT
|-damage|p1a: LIGHTS GO OUT|11/100
|cant|p1a: LIGHTS GO OUT|flinch
|
|upkeep
|turn|6
|
|t:|1662020401
|switch|p1a: GIVE YOU THE WORLD|Necrozma-Dusk-Mane, shiny|100/100
|move|p2a: Darmanitan|Icicle Crash|p1a: GIVE YOU THE WORLD
|-resisted|p1a: GIVE YOU THE WORLD
|-damage|p1a: GIVE YOU THE WORLD|82/100
|
|-heal|p1a: GIVE YOU THE WORLD|88/100|[from] item: Leftovers
|-fieldend|move: Electric Terrain
|upkeep
|turn|7
|c|☆QuavoBibarel|oh right you can have more than one arceus
|c|☆QuavoBibarel|I should do that
|inactive|QuavoBibarel has 120 seconds left.
|
|t:|1662020438
|switch|p2a: Tapu Koko|Tapu Koko|40/100 brn
|-fieldstart|move: Electric Terrain|[from] ability: Electric Surge|[of] p2a: Tapu Koko
|move|p1a: GIVE YOU THE WORLD|Stealth Rock|p2a: Tapu Koko
|-sidestart|p2: QuavoBibarel|move: Stealth Rock
|
|-heal|p1a: GIVE YOU THE WORLD|94/100|[from] item: Leftovers
|-damage|p2a: Tapu Koko|34/100 brn|[from] brn
|upkeep
|turn|8
|
|t:|1662020442
|switch|p1a: GRAVITY BOUNCE|Arceus-Ground|93/100
|move|p2a: Tapu Koko|Wild Charge|p1a: GRAVITY BOUNCE
|-immune|p1a: GRAVITY BOUNCE
|
|-damage|p2a: Tapu Koko|28/100 brn|[from] brn
|upkeep
|turn|9
|
|t:|1662020449
|move|p2a: Tapu Koko|Wild Charge|p1a: GRAVITY BOUNCE
|-immune|p1a: GRAVITY BOUNCE
|move|p1a: GRAVITY BOUNCE|Judgment|p2a: Tapu Koko
|-supereffective|p2a: Tapu Koko
|-damage|p2a: Tapu Koko|0 fnt
|faint|p2a: Tapu Koko
|
|upkeep
|inactive|QuavoBibarel has 120 seconds left.
|
|t:|1662020468
|switch|p2a: Darmanitan|Darmanitan-Galar, M|100/100
|-damage|p2a: Darmanitan|76/100|[from] Stealth Rock
|turn|10
|
|t:|1662020473
|switch|p1a: GIVE YOU THE WORLD|Necrozma-Dusk-Mane, shiny|94/100
|move|p2a: Darmanitan|Icicle Crash|p1a: GIVE YOU THE WORLD
|-resisted|p1a: GIVE YOU THE WORLD
|-damage|p1a: GIVE YOU THE WORLD|73/100
|
|-heal|p1a: GIVE YOU THE WORLD|79/100|[from] item: Leftovers
|upkeep
|turn|11
|
|t:|1662020478
|switch|p2a: Regieleki|Regieleki|100/100
|-damage|p2a: Regieleki|88/100|[from] Stealth Rock
|move|p1a: GIVE YOU THE WORLD|Sunsteel Strike|p2a: Regieleki
|-resisted|p2a: Regieleki
|-crit|p2a: Regieleki
|-damage|p2a: Regieleki|11/100
|
|-heal|p1a: GIVE YOU THE WORLD|85/100|[from] item: Leftovers
|-fieldend|move: Electric Terrain
|upkeep
|turn|12
|
|t:|1662020485
|switch|p1a: GRAVITY BOUNCE|Arceus-Ground|93/100
|move|p2a: Regieleki|Rapid Spin|p1a: GRAVITY BOUNCE
|-damage|p1a: GRAVITY BOUNCE|87/100
|-boost|p2a: Regieleki|spe|1
|-sideend|p2: QuavoBibarel|Stealth Rock|[from] move: Rapid Spin|[of] p2a: Regieleki
|
|upkeep
|turn|13
|
|t:|1662020493
|move|p2a: Regieleki|Explosion|p1a: GRAVITY BOUNCE
|-damage|p1a: GRAVITY BOUNCE|56/100
|faint|p2a: Regieleki
|move|p1a: GRAVITY BOUNCE|Judgment|p2: Regieleki|[notarget]
|-fail|p1a: GRAVITY BOUNCE
|
|upkeep
|
|t:|1662020501
|switch|p2a: Calyrex|Calyrex-Shadow|100/100
|-ability|p2a: Calyrex|As One
|-ability|p2a: Calyrex|Unnerve
|turn|14
|
|t:|1662020505
|switch|p1a: MMISERERE MEI DEUS|Arceus-Dark|100/100
|move|p2a: Calyrex|Astral Barrage|p1a: MMISERERE MEI DEUS
|-resisted|p1a: MMISERERE MEI DEUS
|-damage|p1a: MMISERERE MEI DEUS|65/100
|
|upkeep
|turn|15
|
|t:|1662020513
|switch|p2a: Magearna|Magearna|100/100
|move|p1a: MMISERERE MEI DEUS|Judgment|p2a: Magearna
|-resisted|p2a: Magearna
|-damage|p2a: Magearna|76/100
|
|-heal|p2a: Magearna|82/100|[from] item: Leftovers
|upkeep
|turn|16
|
|t:|1662020525
|switch|p1a: AFTER THE FIRE|Groudon-Primal, shiny|100/100
|-weather|DesolateLand|[from] ability: Desolate Land|[of] p1a: AFTER THE FIRE
|switch|p2a: Arceus|Arceus-Electric|100/100
|
|-weather|DesolateLand|[upkeep]
|upkeep
|turn|17
|
|t:|1662020531
|move|p2a: Arceus|Ice Beam|p1a: AFTER THE FIRE
|-damage|p1a: AFTER THE FIRE|67/100
|move|p1a: AFTER THE FIRE|Precipice Blades|p2a: Arceus|[miss]
|-miss|p1a: AFTER THE FIRE|p2a: Arceus
|
|-weather|DesolateLand|[upkeep]
|upkeep
|turn|18
|
|t:|1662020535
|move|p2a: Arceus|Ice Beam|p1a: AFTER THE FIRE
|-damage|p1a: AFTER THE FIRE|37/100
|move|p1a: AFTER THE FIRE|Precipice Blades|p2a: Arceus
|-supereffective|p2a: Arceus
|-damage|p2a: Arceus|0 fnt
|faint|p2a: Arceus
|
|-weather|DesolateLand|[upkeep]
|upkeep
|
|t:|1662020539
|switch|p2a: Calyrex|Calyrex-Shadow|100/100
|-ability|p2a: Calyrex|As One
|-ability|p2a: Calyrex|Unnerve
|turn|19
|
|t:|1662020549
|-weather|none
|switch|p1a: LIGHTS GO OUT|Ho-Oh, shiny|45/100
|move|p2a: Calyrex|Astral Barrage|p1a: LIGHTS GO OUT
|-crit|p1a: LIGHTS GO OUT
|-damage|p1a: LIGHTS GO OUT|0 fnt
|faint|p1a: LIGHTS GO OUT
|-ability|p2a: Calyrex|Grim Neigh|boost
|-boost|p2a: Calyrex|spa|1
|
|upkeep
|
|t:|1662020553
|switch|p1a: MMISERERE MEI DEUS|Arceus-Dark|65/100
|turn|20
|
|t:|1662020561
|switch|p2a: Magearna|Magearna|82/100
|-start|p1a: MMISERERE MEI DEUS|Dynamax|
|-heal|p1a: MMISERERE MEI DEUS|65/100|[silent]
|move|p1a: MMISERERE MEI DEUS|Max Darkness|p2a: Magearna
|-resisted|p2a: Magearna
|-damage|p2a: Magearna|52/100
|-unboost|p2a: Magearna|spd|1
|
|-heal|p2a: Magearna|58/100|[from] item: Leftovers
|upkeep
|turn|21
|
|t:|1662020566
|-end|p1a: MMISERERE MEI DEUS|Dynamax
|-heal|p1a: MMISERERE MEI DEUS|65/100|[silent]
|switch|p1a: GRAVITY BOUNCE|Arceus-Ground|56/100
|move|p2a: Magearna|Draining Kiss|p1a: GRAVITY BOUNCE
|-damage|p1a: GRAVITY BOUNCE|38/100
|-heal|p2a: Magearna|79/100|[from] drain|[of] p1a: GRAVITY BOUNCE
|
|-heal|p2a: Magearna|85/100|[from] item: Leftovers
|upkeep
|turn|22
|
|t:|1662020585
|move|p1a: GRAVITY BOUNCE|Recover|p1a: GRAVITY BOUNCE
|-heal|p1a: GRAVITY BOUNCE|88/100
|move|p2a: Magearna|Draining Kiss|p1a: GRAVITY BOUNCE
|-damage|p1a: GRAVITY BOUNCE|69/100
|-heal|p2a: Magearna|100/100|[from] drain|[of] p1a: GRAVITY BOUNCE
|
|upkeep
|turn|23
|
|t:|1662020595
|switch|p2a: Darmanitan|Darmanitan-Galar, M|76/100
|move|p1a: GRAVITY BOUNCE|Judgment|p2a: Darmanitan
|-damage|p2a: Darmanitan|2/100
|
|upkeep
|turn|24
|
|t:|1662020600
|switch|p1a: AFTER THE FIRE|Groudon-Primal, shiny|37/100
|-weather|DesolateLand|[from] ability: Desolate Land|[of] p1a: AFTER THE FIRE
|move|p2a: Darmanitan|Icicle Crash|p1a: AFTER THE FIRE
|-crit|p1a: AFTER THE FIRE
|-damage|p1a: AFTER THE FIRE|0 fnt
|faint|p1a: AFTER THE FIRE
|-weather|none
|
|upkeep
|
|t:|1662020607
|switch|p1a: GIVE YOU THE WORLD|Necrozma-Dusk-Mane, shiny|85/100
|turn|25
|
|t:|1662020613
|move|p2a: Darmanitan|Icicle Crash|p1a: GIVE YOU THE WORLD
|-resisted|p1a: GIVE YOU THE WORLD
|-damage|p1a: GIVE YOU THE WORLD|66/100
|move|p1a: GIVE YOU THE WORLD|Stealth Rock|p2a: Darmanitan
|-sidestart|p2: QuavoBibarel|move: Stealth Rock
|
|-heal|p1a: GIVE YOU THE WORLD|73/100|[from] item: Leftovers
|upkeep
|turn|26
|
|t:|1662020617
|move|p2a: Darmanitan|Icicle Crash|p1a: GIVE YOU THE WORLD
|-resisted|p1a: GIVE YOU THE WORLD
|-damage|p1a: GIVE YOU THE WORLD|54/100
|move|p1a: GIVE YOU THE WORLD|Morning Sun|p1a: GIVE YOU THE WORLD
|-heal|p1a: GIVE YOU THE WORLD|100/100
|
|upkeep
|turn|27
|
|t:|1662020620
|move|p2a: Darmanitan|Icicle Crash|p1a: GIVE YOU THE WORLD
|-resisted|p1a: GIVE YOU THE WORLD
|-damage|p1a: GIVE YOU THE WORLD|79/100
|cant|p1a: GIVE YOU THE WORLD|flinch
|
|-heal|p1a: GIVE YOU THE WORLD|85/100|[from] item: Leftovers
|upkeep
|turn|28
|
|t:|1662020623
|move|p2a: Darmanitan|Icicle Crash|p1a: GIVE YOU THE WORLD
|-resisted|p1a: GIVE YOU THE WORLD
|-damage|p1a: GIVE YOU THE WORLD|66/100
|move|p1a: GIVE YOU THE WORLD|Sunsteel Strike|p2a: Darmanitan
|-supereffective|p2a: Darmanitan
|-damage|p2a: Darmanitan|0 fnt
|faint|p2a: Darmanitan
|
|-heal|p1a: GIVE YOU THE WORLD|72/100|[from] item: Leftovers
|upkeep
|
|t:|1662020627
|switch|p2a: Calyrex|Calyrex-Shadow|100/100
|-ability|p2a: Calyrex|As One
|-ability|p2a: Calyrex|Unnerve
|-damage|p2a: Calyrex|88/100|[from] Stealth Rock
|turn|29
|
|t:|1662020629
|move|p2a: Calyrex|Astral Barrage|p1a: GIVE YOU THE WORLD
|-supereffective|p1a: GIVE YOU THE WORLD
|-damage|p1a: GIVE YOU THE WORLD|0 fnt
|faint|p1a: GIVE YOU THE WORLD
|-ability|p2a: Calyrex|Grim Neigh|boost
|-boost|p2a: Calyrex|spa|1
|
|upkeep
|
|t:|1662020631
|switch|p1a: MMISERERE MEI DEUS|Arceus-Dark|65/100
|turn|30
|
|t:|1662020635
|-start|p2a: Calyrex|Dynamax|
|-heal|p2a: Calyrex|88/100|[silent]
|move|p2a: Calyrex|Max Starfall|p1a: MMISERERE MEI DEUS
|-supereffective|p1a: MMISERERE MEI DEUS
|-damage|p1a: MMISERERE MEI DEUS|0 fnt
|-fieldstart|move: Misty Terrain
|faint|p1a: MMISERERE MEI DEUS
|-ability|p2a: Calyrex|Grim Neigh|boost
|-boost|p2a: Calyrex|spa|1
|
|upkeep
|
|t:|1662020641
|switch|p1a: GALACTIC MERMAID|Lunala, shiny|100/100
|turn|31
|
|t:|1662020643
|move|p2a: Calyrex|Max Phantasm|p1a: GALACTIC MERMAID
|-supereffective|p1a: GALACTIC MERMAID
|-damage|p1a: GALACTIC MERMAID|0 fnt
|faint|p1a: GALACTIC MERMAID
|-ability|p2a: Calyrex|Grim Neigh|boost
|-boost|p2a: Calyrex|spa|1
|
|upkeep
|
|t:|1662020646
|switch|p1a: GRAVITY BOUNCE|Arceus-Ground|69/100
|turn|32
|-message|caprisong forfeited.
|
|win|QuavoBibarel
|raw|caprisong's rating: 1659 &rarr; <strong>1630</strong><br />(-29 for losing)
|raw|QuavoBibarel's rating: 1499 &rarr; <strong>1528</strong><br />(+29 for winning)
|l|☆caprisong
|c|☆QuavoBibarel|gg
