|j|☆kerrozxl-
|j|☆alt1445645
|t:|1662155165
|gametype|singles
|player|p1|kerrozxl-|unknownf|1743
|player|p2|alt1445645|1|1937
|teamsize|p1|6
|teamsize|p2|6
|gen|8
|tier|[Gen 8] National Dex AG
|rated|
|rule|HP Percentage Mod: HP is shown in percentages
|rule|Endless Battle Clause: Forcing endless battles is banned
|clearpoke
|poke|p1|Rayquaza|
|poke|p1|Groudon|
|poke|p1|Necrozma-Dusk-Mane|
|poke|p1|Marshadow|
|poke|p1|Yveltal|
|poke|p1|Xerneas-*|
|poke|p2|Arceus-*|
|poke|p2|Groudon|
|poke|p2|Zacian-*|
|poke|p2|Rayquaza|
|poke|p2|Calyrex-Shadow|
|poke|p2|Yveltal|
|teampreview
|
|t:|1662155189
|start
|switch|p1a: smeargle&lugiahate|Rayquaza, shiny|100/100
|switch|p2a: Zacian|Zacian-Crowned|100/100
|-ability|p2a: Zacian|Intrepid Sword|boost
|-boost|p2a: Zacian|atk|1
|-ability|p1a: smeargle&lugiahate|Air Lock
|turn|1
|
|t:|1662155196
|switch|p1a: Zacian-Crown3d|Groudon|100/100
|detailschange|p1a: Zacian-Crown3d|Groudon-Primal
|-primal|p1a: Zacian-Crown3d
|-weather|DesolateLand|[from] ability: Desolate Land|[of] p1a: Zacian-Crown3d
|move|p2a: Zacian|Close Combat|p1a: Zacian-Crown3d
|-damage|p1a: Zacian-Crown3d|58/100
|-unboost|p2a: Zacian|def|1
|-unboost|p2a: Zacian|spd|1
|
|-weather|DesolateLand|[upkeep]
|upkeep
|turn|2
|
|t:|1662155219
|move|p2a: Zacian|Close Combat|p1a: Zacian-Crown3d
|-damage|p1a: Zacian-Crown3d|14/100
|-unboost|p2a: Zacian|def|1
|-unboost|p2a: Zacian|spd|1
|move|p1a: Zacian-Crown3d|Overheat|p2a: Zacian
|-supereffective|p2a: Zacian
|-damage|p2a: Zacian|0 fnt
|-unboost|p1a: Zacian-Crown3d|spa|2
|faint|p2a: Zacian
|
|-weather|DesolateLand|[upkeep]
|upkeep
|
|t:|1662155224
|switch|p2a: Calyrex|Calyrex-Shadow|100/100
|-ability|p2a: Calyrex|As One
|-ability|p2a: Calyrex|Unnerve
|turn|3
|
|t:|1662155229
|-weather|none
|switch|p1a: Keqing|Yveltal|100/100
|-ability|p1a: Keqing|Dark Aura
|move|p2a: Calyrex|Substitute|p2a: Calyrex
|-start|p2a: Calyrex|Substitute
|-damage|p2a: Calyrex|76/100
|
|-heal|p2a: Calyrex|82/100|[from] item: Leftovers
|upkeep
|turn|4
|
|t:|1662155231
|move|p2a: Calyrex|Leech Seed|p1a: Keqing
|-start|p1a: Keqing|move: Leech Seed
|move|p1a: Keqing|Knock Off|p2a: Calyrex
|-supereffective|p2a: Calyrex
|-end|p2a: Calyrex|Substitute
|
|-heal|p2a: Calyrex|88/100|[from] item: Leftovers
|-damage|p1a: Keqing|88/100|[from] Leech Seed|[of] p2a: Calyrex
|-heal|p2a: Calyrex|100/100|[silent]
|upkeep
|turn|5
|
|t:|1662155236
|switch|p1a: Zacian-Crown3d|Groudon-Primal|14/100
|-weather|DesolateLand|[from] ability: Desolate Land|[of] p1a: Zacian-Crown3d
|move|p2a: Calyrex|Substitute|p2a: Calyrex
|-start|p2a: Calyrex|Substitute
|-damage|p2a: Calyrex|76/100
|
|-weather|DesolateLand|[upkeep]
|-heal|p2a: Calyrex|82/100|[from] item: Leftovers
|upkeep
|turn|6
|
|t:|1662155237
|move|p2a: Calyrex|Astral Barrage|p1a: Zacian-Crown3d
|-crit|p1a: Zacian-Crown3d
|-damage|p1a: Zacian-Crown3d|0 fnt
|faint|p1a: Zacian-Crown3d
|-weather|none
|-ability|p2a: Calyrex|Grim Neigh|boost
|-boost|p2a: Calyrex|spa|1
|
|-heal|p2a: Calyrex|88/100|[from] item: Leftovers
|upkeep
|
|t:|1662155247
|switch|p1a: Ho-0h|Marshadow|100/100
|turn|7
|
|t:|1662155249
|move|p2a: Calyrex|Astral Barrage|p1a: Ho-0h
|-supereffective|p1a: Ho-0h
|-enditem|p1a: Ho-0h|Focus Sash
|-damage|p1a: Ho-0h|1/100
|move|p1a: Ho-0h|Spectral Thief||[still]
|-clearpositiveboost|p2a: Calyrex|p1a: Ho-0h|move: Spectral Thief
|-boost|p1a: Ho-0h|spa|1
|-anim|p1a: Ho-0h|Spectral Thief|p2a: Calyrex
|-supereffective|p2a: Calyrex
|-damage|p2a: Calyrex|0 fnt
|faint|p2a: Calyrex
|
|upkeep
|
|t:|1662155255
|switch|p2a: Groudon|Groudon|100/100
|detailschange|p2a: Groudon|Groudon-Primal
|-primal|p2a: Groudon
|-weather|DesolateLand|[from] ability: Desolate Land|[of] p2a: Groudon
|turn|8
|
|t:|1662155263
|move|p1a: Ho-0h|Rock Tomb|p2a: Groudon
|-damage|p2a: Groudon|87/100
|-unboost|p2a: Groudon|spe|1
|move|p2a: Groudon|Toxic|p1a: Ho-0h
|-status|p1a: Ho-0h|tox
|
|-weather|DesolateLand|[upkeep]
|-damage|p1a: Ho-0h|0 fnt|[from] psn
|faint|p1a: Ho-0h
|upkeep
|
|t:|1662155273
|switch|p1a: smeargle&lugiahate|Rayquaza, shiny|100/100
|-ability|p1a: smeargle&lugiahate|Air Lock
|turn|9
|
|t:|1662155277
|detailschange|p1a: smeargle&lugiahate|Rayquaza-Mega, shiny
|-mega|p1a: smeargle&lugiahate|Rayquaza|
|-weather|DeltaStream|[from] ability: Delta Stream|[of] p1a: smeargle&lugiahate
|move|p1a: smeargle&lugiahate|Waterfall|p2a: Groudon
|-supereffective|p2a: Groudon
|-damage|p2a: Groudon|0 fnt
|faint|p2a: Groudon
|
|-weather|DeltaStream|[upkeep]
|upkeep
|
|t:|1662155284
|switch|p2a: Rayquaza|Rayquaza|100/100
|-ability|p2a: Rayquaza|Air Lock
|turn|10
|
|t:|1662155293
|-weather|none
|switch|p1a: Keqing|Yveltal|88/100
|-ability|p1a: Keqing|Dark Aura
|detailschange|p2a: Rayquaza|Rayquaza-Mega
|-mega|p2a: Rayquaza|Rayquaza|
|-weather|DeltaStream|[from] ability: Delta Stream|[of] p2a: Rayquaza
|move|p2a: Rayquaza|Dragon Dance|p2a: Rayquaza
|-boost|p2a: Rayquaza|atk|1
|-boost|p2a: Rayquaza|spe|1
|
|-weather|DeltaStream|[upkeep]
|upkeep
|turn|11
|
|t:|1662155295
|move|p2a: Rayquaza|Dragon Ascent|p1a: Keqing
|-damage|p1a: Keqing|0 fnt
|-unboost|p2a: Rayquaza|def|1
|-unboost|p2a: Rayquaza|spd|1
|faint|p1a: Keqing
|
|-weather|DeltaStream|[upkeep]
|upkeep
|
|t:|1662155297
|switch|p1a: Dynamax Yveltal|Xerneas|100/100
|-ability|p1a: Dynamax Yveltal|Fairy Aura
|turn|12
|
|t:|1662155299
|-start|p1a: Dynamax Yveltal|Dynamax|
|-heal|p1a: Dynamax Yveltal|100/100|[silent]
|move|p2a: Rayquaza|Dragon Ascent|p1a: Dynamax Yveltal
|-damage|p1a: Dynamax Yveltal|53/100
|-unboost|p2a: Rayquaza|def|1
|-unboost|p2a: Rayquaza|spd|1
|move|p1a: Dynamax Yveltal|Max Starfall|p2a: Rayquaza
|-supereffective|p2a: Rayquaza
|-enditem|p2a: Rayquaza|Focus Sash
|-damage|p2a: Rayquaza|1/100
|-fieldstart|move: Misty Terrain
|
|-weather|DeltaStream|[upkeep]
|upkeep
|turn|13
|
|t:|1662155304
|move|p2a: Rayquaza|Dragon Ascent|p1a: Dynamax Yveltal
|-damage|p1a: Dynamax Yveltal|0 fnt
|-unboost|p2a: Rayquaza|def|1
|-unboost|p2a: Rayquaza|spd|1
|faint|p1a: Dynamax Yveltal
|
|-weather|DeltaStream|[upkeep]
|upkeep
|
|t:|1662155306
|switch|p1a: smeargle&lugiahate|Rayquaza-Mega, shiny|100/100
|turn|14
|
|t:|1662155309
|move|p2a: Rayquaza|Extreme Speed|p1a: smeargle&lugiahate
|-damage|p1a: smeargle&lugiahate|47/100
|move|p1a: smeargle&lugiahate|Extreme Speed|p2a: Rayquaza
|-damage|p2a: Rayquaza|0 fnt
|faint|p2a: Rayquaza
|
|-weather|DeltaStream|[upkeep]
|upkeep
|
|t:|1662155313
|switch|p2a: Arceus|Arceus|100/100
|turn|15
|
|t:|1662155316
|move|p1a: smeargle&lugiahate|Extreme Speed|p2a: Arceus
|-damage|p2a: Arceus|61/100
|move|p2a: Arceus|Swords Dance|p2a: Arceus
|-boost|p2a: Arceus|atk|2
|
|-weather|DeltaStream|[upkeep]
|upkeep
|turn|16
|
|t:|1662155319
|move|p1a: smeargle&lugiahate|Extreme Speed|p2a: Arceus
|-damage|p2a: Arceus|25/100
|move|p2a: Arceus|Extreme Speed|p1a: smeargle&lugiahate
|-damage|p1a: smeargle&lugiahate|0 fnt
|faint|p1a: smeargle&lugiahate
|-weather|none
|
|-fieldend|Misty Terrain
|upkeep
|
|t:|1662155321
|switch|p1a: Aint no way|Necrozma-Dusk-Mane|100/100
|turn|17
|
|t:|1662155325
|move|p2a: Arceus|Shadow Claw|p1a: Aint no way
|-supereffective|p1a: Aint no way
|-damage|p1a: Aint no way|41/100
|move|p1a: Aint no way|Photon Geyser|p2a: Arceus
|-crit|p2a: Arceus
|-damage|p2a: Arceus|0 fnt
|faint|p2a: Arceus
|
|upkeep
|
|t:|1662155328
|switch|p2a: Yveltal|Yveltal|100/100
|-ability|p2a: Yveltal|Dark Aura
|turn|18
|
|t:|1662155331
|detailschange|p1a: Aint no way|Necrozma-Ultra
|-burst|p1a: Aint no way|Necrozma|Ultranecrozium Z
|-start|p2a: Yveltal|Dynamax|
|-heal|p2a: Yveltal|100/100|[silent]
|move|p1a: Aint no way|Stone Edge|p2a: Yveltal
|-supereffective|p2a: Yveltal
|-damage|p2a: Yveltal|45/100
|move|p2a: Yveltal|Max Darkness|p1a: Aint no way
|-supereffective|p1a: Aint no way
|-damage|p1a: Aint no way|0 fnt
|faint|p1a: Aint no way
|-damage|p2a: Yveltal|40/100|[from] item: Life Orb
|
|win|alt1445645
|raw|kerrozxl-'s rating: 1743 &rarr; <strong>1733</strong><br />(-10 for losing)
|raw|alt1445645's rating: 1937 &rarr; <strong>1947</strong><br />(+10 for winning)
|l|☆kerrozxl-
||Ladder isn't responding, score probably updated but might not have (Request timeout).
