|j|☆Zrp200 test3
|j|☆Hikhanh123
|t:|1613078719
|player|p1|Zrp200 test3|supernerd-gen3|1894
|player|p2|Hikhanh123|red|1657
|teamsize|p1|6
|teamsize|p2|6
|gametype|singles
|gen|8
|tier|[Gen 8] National Dex AG
|rated|
|clearpoke
|poke|p1|Calyrex-Shadow|
|poke|p1|Yveltal|
|poke|p1|Marshadow|
|poke|p1|Rayquaza|
|poke|p1|Groudon|
|poke|p1|Darkrai|
|poke|p2|Zacian-Crowned|
|poke|p2|Kyogre|
|poke|p2|Marshadow|
|poke|p2|Calyrex-Shadow|
|poke|p2|Yveltal|
|poke|p2|Groudon|
|rule|HP Percentage Mod: HP is shown in percentages
|rule|Endless Battle Clause: Forcing endless battles is banned
|teampreview
|inactive|Battle timer is ON: inactive players will automatically lose when time's up. (requested by Hikhanh123)
|
|t:|1613078734
|start
|switch|p1a: Darkrai|Darkrai|100/100
|switch|p2a: Groudon|Groudon|100/100
|detailschange|p2a: Groudon|Groudon-Primal
|-primal|p2a: Groudon
|-weather|DesolateLand|[from] ability: Desolate Land|[of] p2a: Groudon
|turn|1
|
|t:|1613078739
|move|p1a: Darkrai|Hypnosis|p2a: Groudon|[miss]
|-miss|p1a: Darkrai|p2a: Groudon
|-enditem|p1a: Darkrai|Blunder Policy
|-boost|p1a: Darkrai|spe|2
|move|p2a: Groudon|Stealth Rock|p1a: Darkrai
|-sidestart|p1: Zrp200 test3|move: Stealth Rock
|
|-weather|DesolateLand|[upkeep]
|upkeep
|turn|2
|
|t:|1613078746
|move|p1a: Darkrai|Hypnosis|p2a: Groudon
|-status|p2a: Groudon|slp|[from] move: Hypnosis
|cant|p2a: Groudon|slp
|
|-weather|DesolateLand|[upkeep]
|-damage|p2a: Groudon|88/100 slp|[from] ability: Bad Dreams|[of] p1a: Darkrai
|upkeep
|turn|3
|
|t:|1613078748
|move|p1a: Darkrai|Substitute|p1a: Darkrai
|-start|p1a: Darkrai|Substitute
|-damage|p1a: Darkrai|76/100
|cant|p2a: Groudon|slp
|
|-weather|DesolateLand|[upkeep]
|-damage|p2a: Groudon|76/100 slp|[from] ability: Bad Dreams|[of] p1a: Darkrai
|upkeep
|turn|4
|
|t:|1613078753
|move|p1a: Darkrai|Nasty Plot|p1a: Darkrai
|-boost|p1a: Darkrai|spa|2
|cant|p2a: Groudon|slp
|
|-weather|DesolateLand|[upkeep]
|-damage|p2a: Groudon|64/100 slp|[from] ability: Bad Dreams|[of] p1a: Darkrai
|upkeep
|turn|5
|
|t:|1613078759
|move|p1a: Darkrai|Dark Pulse|p2a: Groudon
|-damage|p2a: Groudon|0 fnt
|faint|p2a: Groudon
|-weather|none
|
|upkeep
|
|t:|1613078766
|switch|p2a: Marshadow|Marshadow|100/100
|turn|6
|
|t:|1613078769
|move|p1a: Darkrai|Hypnosis|p2a: Marshadow
|-status|p2a: Marshadow|slp|[from] move: Hypnosis
|cant|p2a: Marshadow|slp
|
|-damage|p2a: Marshadow|88/100 slp|[from] ability: Bad Dreams|[of] p1a: Darkrai
|upkeep
|turn|7
|
|t:|1613078772
|move|p1a: Darkrai|Dark Pulse|p2a: Marshadow
|-damage|p2a: Marshadow|0 fnt
|faint|p2a: Marshadow
|
|upkeep
|
|t:|1613078781
|switch|p2a: Zacian|Zacian-Crowned|100/100
|-ability|p2a: Zacian|Intrepid Sword|boost
|-boost|p2a: Zacian|atk|1
|turn|8
|
|t:|1613078789
|move|p1a: Darkrai|Hypnosis|p2a: Zacian
|-status|p2a: Zacian|slp|[from] move: Hypnosis
|cant|p2a: Zacian|slp
|
|-damage|p2a: Zacian|88/100 slp|[from] ability: Bad Dreams|[of] p1a: Darkrai
|upkeep
|turn|9
|
|t:|1613078792
|move|p1a: Darkrai|Dark Pulse|p2a: Zacian
|-resisted|p2a: Zacian
|-damage|p2a: Zacian|45/100 slp
|cant|p2a: Zacian|slp
|
|-damage|p2a: Zacian|32/100 slp|[from] ability: Bad Dreams|[of] p1a: Darkrai
|upkeep
|turn|10
|
|t:|1613078799
|move|p1a: Darkrai|Dark Pulse|p2a: Zacian
|-resisted|p2a: Zacian
|-damage|p2a: Zacian|0 fnt
|faint|p2a: Zacian
|
|upkeep
|-message|Hikhanh123 forfeited.
|
|win|Zrp200 test3
|l|☆Hikhanh123
||Ladder (probably) updated, but score could not be retrieved (Request timeout).
