|j|☆OnMaWa
|j|☆mixing dat beat
|player|p1|OnMaWa|psychic-gen4|1851
|player|p2|mixing dat beat|furisodegirl-black|1742
|teamsize|p1|6
|teamsize|p2|6
|gametype|singles
|gen|8
|tier|[Gen 8] National Dex AG
|rated|
|clearpoke
|poke|p1|Necrozma-Dusk-Mane|
|poke|p1|Arceus-*|
|poke|p1|Xerneas|
|poke|p1|Lugia|
|poke|p1|Yveltal|
|poke|p1|Zacian-Crowned|
|poke|p2|Lycanroc, M|
|poke|p2|Yveltal|
|poke|p2|Necrozma-Dusk-Mane|
|poke|p2|Kyogre|
|poke|p2|Marshadow|
|poke|p2|Cloyster, M|
|rule|HP Percentage Mod: HP is shown in percentages
|rule|Endless Battle Clause: Forcing endless battles is banned
|teampreview
|inactive|Battle timer is ON: inactive players will automatically lose when time's up. (requested by mixing dat beat)
|
|start
|switch|p1a: Xerneas|Xerneas|100/100
|switch|p2a: Lycanroc|Lycanroc, M|100/100
|-ability|p1a: Xerneas|Fairy Aura
|turn|1
|
|move|p2a: Lycanroc|Stealth Rock|p1a: Xerneas
|-sidestart|p1: OnMaWa|move: Stealth Rock
|move|p1a: Xerneas|Geomancy||[still]
|-prepare|p1a: Xerneas|Geomancy|p1a: Xerneas
|-enditem|p1a: Xerneas|Power Herb
|-anim|p1a: Xerneas|Geomancy|p1a: Xerneas
|-boost|p1a: Xerneas|spa|2
|-boost|p1a: Xerneas|spd|2
|-boost|p1a: Xerneas|spe|2
|
|upkeep
|turn|2
|
|move|p1a: Xerneas|Moonblast|p2a: Lycanroc
|-enditem|p2a: Lycanroc|Focus Sash
|-damage|p2a: Lycanroc|1/100
|move|p2a: Lycanroc|Endeavor|p1a: Xerneas
|-damage|p1a: Xerneas|1/100
|
|upkeep
|turn|3
|
|move|p1a: Xerneas|Moonblast|p2a: Lycanroc
|-damage|p2a: Lycanroc|0 fnt
|faint|p2a: Lycanroc
|
|upkeep
|
|switch|p2a: Marshadow|Marshadow|100/100
|turn|4
|
|move|p2a: Marshadow|Shadow Sneak|p1a: Xerneas
|-damage|p1a: Xerneas|0 fnt
|faint|p1a: Xerneas
|
|upkeep
|inactive|OnMaWa has 120 seconds left.
|
|switch|p1a: Arceus|Arceus|100/100
|-damage|p1a: Arceus|88/100|[from] Stealth Rock
|turn|5
|
|switch|p2a: Cloyster|Cloyster, M|100/100
|move|p1a: Arceus|Earthquake|p2a: Cloyster
|-damage|p2a: Cloyster|70/100
|
|upkeep
|turn|6
|inactive|OnMaWa has 90 seconds left.
|
|move|p1a: Arceus|Extreme Speed|p2a: Cloyster
|-damage|p2a: Cloyster|27/100
|move|p2a: Cloyster|Icicle Spear|p1a: Arceus
|-crit|p1a: Arceus
|-damage|p1a: Arceus|76/100
|-damage|p1a: Arceus|69/100
|-damage|p1a: Arceus|61/100
|-damage|p1a: Arceus|54/100
|-damage|p1a: Arceus|45/100
|-hitcount|p1a: Arceus|5
|
|upkeep
|turn|7
|inactive|OnMaWa has 90 seconds left.
|
|move|p1a: Arceus|Earthquake|p2a: Cloyster
|-damage|p2a: Cloyster|0 fnt
|faint|p2a: Cloyster
|
|upkeep
|
|switch|p2a: Marshadow|Marshadow|100/100
|turn|8
|inactive|OnMaWa has 90 seconds left.
|
|switch|p1a: Lugia|Lugia|100/100
|move|p2a: Marshadow|Close Combat|p1a: Lugia
|-resisted|p1a: Lugia
|-damage|p1a: Lugia|97/100
|-unboost|p2a: Marshadow|def|1
|-unboost|p2a: Marshadow|spd|1
|
|upkeep
|turn|9
|inactive|OnMaWa has 90 seconds left.
|
|switch|p2a: Yveltal|Yveltal|100/100
|-ability|p2a: Yveltal|Dark Aura
|move|p1a: Lugia|Toxic|p2a: Yveltal
|-status|p2a: Yveltal|tox
|
|-damage|p2a: Yveltal|94/100 tox|[from] psn
|upkeep
|turn|10
|inactive|OnMaWa has 90 seconds left.
|
|switch|p1a: Zacian|Zacian-Crowned|100/100
|-damage|p1a: Zacian|94/100|[from] Stealth Rock
|-ability|p1a: Zacian|Intrepid Sword|boost
|-boost|p1a: Zacian|atk|1
|move|p2a: Yveltal|Knock Off|p1a: Zacian
|-resisted|p1a: Zacian
|-damage|p1a: Zacian|65/100
|-damage|p2a: Yveltal|84/100 tox|[from] item: Life Orb
|
|-damage|p2a: Yveltal|72/100 tox|[from] psn
|upkeep
|turn|11
|
|move|p1a: Zacian|Behemoth Blade|p2a: Yveltal
|-damage|p2a: Yveltal|0 fnt
|faint|p2a: Yveltal
|
|upkeep
|
|switch|p2a: Kyogre|Kyogre|100/100
|-weather|RainDance|[from] ability: Drizzle|[of] p2a: Kyogre
|turn|12
|
|move|p2a: Kyogre|Water Spout|p1a: Zacian
|-damage|p1a: Zacian|0 fnt
|faint|p1a: Zacian
|
|-weather|RainDance|[upkeep]
|upkeep
|inactive|OnMaWa has 60 seconds left.
|
|switch|p1a: Arceus|Arceus|45/100
|-damage|p1a: Arceus|32/100|[from] Stealth Rock
|turn|13
|
|switch|p2a: Marshadow|Marshadow|100/100
|move|p1a: Arceus|Earthquake|p2a: Marshadow
|-damage|p2a: Marshadow|58/100
|
|-weather|RainDance|[upkeep]
|upkeep
|turn|14
|
|switch|p1a: Lugia|Lugia|97/100
|move|p2a: Marshadow|Close Combat|p1a: Lugia
|-resisted|p1a: Lugia
|-damage|p1a: Lugia|90/100
|-unboost|p2a: Marshadow|def|1
|-unboost|p2a: Marshadow|spd|1
|
|-weather|RainDance|[upkeep]
|upkeep
|turn|15
|
|move|p2a: Marshadow|Spectral Thief|p1a: Lugia
|-supereffective|p1a: Lugia
|-damage|p1a: Lugia|42/100
|move|p1a: Lugia|Thunder Wave|p2a: Marshadow
|-status|p2a: Marshadow|par
|
|-weather|RainDance|[upkeep]
|upkeep
|turn|16
|
|move|p1a: Lugia|Roost|p1a: Lugia
|-heal|p1a: Lugia|92/100
|-singleturn|p1a: Lugia|move: Roost
|move|p2a: Marshadow|Spectral Thief|p1a: Lugia
|-supereffective|p1a: Lugia
|-damage|p1a: Lugia|45/100
|
|-weather|none
|upkeep
|turn|17
|
|move|p1a: Lugia|Roost|p1a: Lugia
|-heal|p1a: Lugia|95/100
|-singleturn|p1a: Lugia|move: Roost
|move|p2a: Marshadow|Spectral Thief|p1a: Lugia
|-supereffective|p1a: Lugia
|-damage|p1a: Lugia|49/100
|
|upkeep
|turn|18
|
|move|p1a: Lugia|Roost|p1a: Lugia
|-heal|p1a: Lugia|99/100
|-singleturn|p1a: Lugia|move: Roost
|cant|p2a: Marshadow|par
|
|upkeep
|turn|19
|
|move|p1a: Lugia|Roost|p1a: Lugia
|-heal|p1a: Lugia|100/100
|-singleturn|p1a: Lugia|move: Roost
|move|p2a: Marshadow|Close Combat|p1a: Lugia
|-resisted|p1a: Lugia
|-damage|p1a: Lugia|93/100
|-unboost|p2a: Marshadow|def|1
|-unboost|p2a: Marshadow|spd|1
|
|upkeep
|turn|20
|
|move|p1a: Lugia|Roost|p1a: Lugia
|-heal|p1a: Lugia|100/100
|-singleturn|p1a: Lugia|move: Roost
|cant|p2a: Marshadow|par
|
|upkeep
|turn|21
|
|move|p2a: Marshadow|Close Combat|p1a: Lugia
|-resisted|p1a: Lugia
|-damage|p1a: Lugia|97/100
|-unboost|p2a: Marshadow|def|1
|-unboost|p2a: Marshadow|spd|1
|move|p1a: Lugia|Whirlwind|p2a: Marshadow
|drag|p2a: Kyogre|Kyogre|100/100
|-weather|RainDance|[from] ability: Drizzle|[of] p2a: Kyogre
|
|-weather|RainDance|[upkeep]
|upkeep
|turn|22
|
|switch|p2a: Marshadow|Marshadow|58/100 par
|move|p1a: Lugia|Thunder Wave|p2a: Marshadow
|-fail|p2a: Marshadow|par
|
|-weather|RainDance|[upkeep]
|upkeep
|turn|23
|
|move|p1a: Lugia|Roost|p1a: Lugia
|-heal|p1a: Lugia|100/100
|-singleturn|p1a: Lugia|move: Roost
|move|p2a: Marshadow|Spectral Thief|p1a: Lugia
|-supereffective|p1a: Lugia
|-damage|p1a: Lugia|77/100
|
|-weather|RainDance|[upkeep]
|upkeep
|turn|24
|
|move|p1a: Lugia|Roost|p1a: Lugia
|-heal|p1a: Lugia|100/100
|-singleturn|p1a: Lugia|move: Roost
|cant|p2a: Marshadow|par
|
|-weather|RainDance|[upkeep]
|upkeep
|turn|25
|
|cant|p2a: Marshadow|par
|move|p1a: Lugia|Whirlwind|p2a: Marshadow
|drag|p2a: Necrozma|Necrozma-Dusk-Mane|100/100
|
|-weather|none
|upkeep
|turn|26
|
|switch|p2a: Marshadow|Marshadow|58/100 par
|switch|p1a: Yveltal|Yveltal|100/100
|-damage|p1a: Yveltal|76/100|[from] Stealth Rock
|-ability|p1a: Yveltal|Dark Aura
|
|upkeep
|turn|27
|inactive|OnMaWa has 60 seconds left.
|
|-start|p1a: Yveltal|Dynamax
|-heal|p1a: Yveltal|76/100|[silent]
|move|p2a: Marshadow|Shadow Sneak|p1a: Yveltal
|-resisted|p1a: Yveltal
|-damage|p1a: Yveltal|68/100
|move|p1a: Yveltal|Max Airstream|p2a: Marshadow
|-supereffective|p2a: Marshadow
|-damage|p2a: Marshadow|0 fnt
|-boost|p1a: Yveltal|spe|1
|-damage|p1a: Yveltal|63/100|[from] item: Life Orb
|faint|p2a: Marshadow
|
|upkeep
|
|switch|p2a: Kyogre|Kyogre|100/100
|-weather|RainDance|[from] ability: Drizzle|[of] p2a: Kyogre
|turn|28
|inactive|OnMaWa has 60 seconds left.
|
|-start|p2a: Kyogre|Dynamax
|-heal|p2a: Kyogre|100/100|[silent]
|move|p1a: Yveltal|Max Darkness|p2a: Kyogre
|-damage|p2a: Kyogre|49/100
|-unboost|p2a: Kyogre|spd|1
|-damage|p1a: Yveltal|58/100|[from] item: Life Orb
|move|p2a: Kyogre|Max Geyser|p1a: Yveltal
|-damage|p1a: Yveltal|0 fnt
|faint|p1a: Yveltal
|
|-weather|RainDance|[upkeep]
|upkeep
|inactive|OnMaWa has 60 seconds left.
|
|switch|p1a: Lugia|Lugia|100/100
|turn|29
|
|move|p2a: Kyogre|Max Lightning|p1a: Lugia
|-supereffective|p1a: Lugia
|-damage|p1a: Lugia|68/100
|-fieldstart|move: Electric Terrain
|move|p1a: Lugia|Toxic|p2a: Kyogre
|-status|p2a: Kyogre|tox
|
|-weather|RainDance|[upkeep]
|-damage|p2a: Kyogre|46/100 tox|[from] psn
|upkeep
|turn|30
|
|move|p2a: Kyogre|Max Lightning|p1a: Lugia
|-supereffective|p1a: Lugia
|-damage|p1a: Lugia|0 fnt
|faint|p1a: Lugia
|
|-weather|RainDance|[upkeep]
|-damage|p2a: Kyogre|40/100 tox|[from] psn
|-end|p2a: Kyogre|Dynamax
|-heal|p2a: Kyogre|40/100 tox|[silent]
|upkeep
|inactive|OnMaWa has 30 seconds left.
|inactive|OnMaWa has 20 seconds left.
|inactive|OnMaWa has 15 seconds left.
|
|switch|p1a: Necrozma|Necrozma-Dusk-Mane|100/100
|-damage|p1a: Necrozma|94/100|[from] Stealth Rock
|turn|31
|inactive|OnMaWa has 25 seconds left this turn.
|inactive|OnMaWa has 20 seconds left.
|inactive|OnMaWa has 15 seconds left.
|
|detailschange|p1a: Necrozma|Necrozma-Ultra
|-burst|p1a: Necrozma|Necrozma|Ultranecrozium Z
|move|p2a: Kyogre|Origin Pulse|p1a: Necrozma
|-resisted|p1a: Necrozma
|-damage|p1a: Necrozma|53/100
|move|p1a: Necrozma|Dragon Dance|p1a: Necrozma
|-boost|p1a: Necrozma|atk|1
|-boost|p1a: Necrozma|spe|1
|
|-weather|RainDance|[upkeep]
|-damage|p2a: Kyogre|22/100 tox|[from] psn
|upkeep
|turn|32
|inactive|OnMaWa has 25 seconds left this turn.
|inactive|OnMaWa has 20 seconds left.
|inactive|OnMaWa has 15 seconds left.
|inactive|OnMaWa has 10 seconds left.
|
|move|p2a: Kyogre|Origin Pulse|p1a: Necrozma
|-resisted|p1a: Necrozma
|-damage|p1a: Necrozma|12/100
|move|p1a: Necrozma|Dragon Dance|p1a: Necrozma
|-boost|p1a: Necrozma|atk|1
|-boost|p1a: Necrozma|spe|1
|
|-weather|none
|-damage|p2a: Kyogre|0 fnt|[from] psn
|faint|p2a: Kyogre
|upkeep
|inactive|OnMaWa has 15 seconds left this turn.
|
|switch|p2a: Necrozma|Necrozma-Dusk-Mane|100/100
|turn|33
|inactive|OnMaWa has 25 seconds left this turn.
|inactive|OnMaWa has 20 seconds left.
|inactive|OnMaWa has 15 seconds left.
|
|move|p1a: Necrozma|Earthquake|p2a: Necrozma
|-supereffective|p2a: Necrozma
|-damage|p2a: Necrozma|0 fnt
|faint|p2a: Necrozma
|
|win|OnMaWa
|inactive|OnMaWa has 20 seconds left this turn.
|l|☆mixing dat beat
||Ladder (probably) updated, but score could not be retrieved (Response not received).
