|j|☆Tic-Tac-Toe Guru
|j|☆Lider Meliodas
|inactive|Battle timer is ON: inactive players will automatically lose when time's up.
|t:|1622658053
|gametype|singles
|player|p1|Tic-Tac-Toe Guru|rood|
|player|p2|Lider Meliodas|siebold|
|teamsize|p1|6
|teamsize|p2|6
|gen|8
|tier|[Gen 8] National Dex AG
|rated|Tournament battle
|rule|HP Percentage Mod: HP is shown in percentages
|rule|Endless Battle Clause: Forcing endless battles is banned
|clearpoke
|poke|p1|Eternatus|
|poke|p1|Arceus-*|
|poke|p1|Rayquaza|
|poke|p1|Yveltal|
|poke|p1|Necrozma-Dusk-Mane|
|poke|p1|Arceus-*|
|poke|p2|Smeargle, F|
|poke|p2|Groudon|
|poke|p2|Calyrex-Shadow|
|poke|p2|Yveltal|
|poke|p2|Arceus-*|
|poke|p2|Rayquaza|
|teampreview
|c|☆Lider Meliodas|Hf
|j| AGCL6 Swas ♫
|j|+Frito135 ❤
|
|t:|1622658078
|start
|switch|p1a: Eternatus|Eternatus|100/100
|switch|p2a: Smeargle|Smeargle, F|100/100
|-ability|p1a: Eternatus|Pressure
|turn|1
|j| Mak the ZekLord
|
|t:|1622658089
|move|p1a: Eternatus|Toxic|p2a: Smeargle
|-status|p2a: Smeargle|tox
|move|p2a: Smeargle|Sticky Web|p1a: Eternatus
|-sidestart|p1: Tic-Tac-Toe Guru|move: Sticky Web
|
|-damage|p2a: Smeargle|94/100 tox|[from] psn
|-ability|p2a: Smeargle|Moody|boost
|-boost|p2a: Smeargle|spa|2
|-unboost|p2a: Smeargle|atk|1
|upkeep
|turn|2
|
|t:|1622658096
|move|p2a: Smeargle|Icy Wind|p1a: Eternatus
|-supereffective|p1a: Eternatus
|-damage|p1a: Eternatus|92/100
|-unboost|p1a: Eternatus|spe|1
|move|p1a: Eternatus|Dragon Tail|p2a: Smeargle
|-damage|p2a: Smeargle|49/100 tox
|drag|p2a: Yveltal|Yveltal|100/100
|-ability|p2a: Yveltal|Dark Aura
|
|-heal|p1a: Eternatus|98/100|[from] item: Black Sludge
|upkeep
|turn|3
|l| Mak the ZekLord
|
|t:|1622658116
|move|p2a: Yveltal|Taunt|p1a: Eternatus
|-start|p1a: Eternatus|move: Taunt
|cant|p1a: Eternatus|move: Taunt|Toxic
|
|-heal|p1a: Eternatus|100/100|[from] item: Black Sludge
|upkeep
|turn|4
|
|t:|1622658120
|switch|p2a: Smeargle|Smeargle, F|49/100 tox
|switch|p1a: Yveltal|Yveltal|100/100
|-ability|p1a: Yveltal|Dark Aura
|
|-damage|p2a: Smeargle|43/100 tox|[from] psn
|-ability|p2a: Smeargle|Moody|boost
|-boost|p2a: Smeargle|spd|2
|-unboost|p2a: Smeargle|atk|1
|upkeep
|turn|5
|
|t:|1622658132
|move|p2a: Smeargle|Stealth Rock|p1a: Yveltal
|-sidestart|p1: Tic-Tac-Toe Guru|move: Stealth Rock
|move|p1a: Yveltal|Defog|p2a: Smeargle
|-unboost|p2a: Smeargle|evasion|1
|-sideend|p1: Tic-Tac-Toe Guru|Stealth Rock|[from] move: Defog|[of] p1a: Yveltal
|-sideend|p1: Tic-Tac-Toe Guru|Sticky Web|[from] move: Defog|[of] p1a: Yveltal
|
|-damage|p2a: Smeargle|31/100 tox|[from] psn
|-ability|p2a: Smeargle|Moody|boost
|-boost|p2a: Smeargle|spd|2
|-unboost|p2a: Smeargle|spe|1
|upkeep
|turn|6
|
|t:|1622658147
|move|p1a: Yveltal|U-turn|p2a: Smeargle
|-damage|p2a: Smeargle|0 fnt
|faint|p2a: Smeargle
|c| AGCL6 Swas ♫|rip spe drop
|
|t:|1622658158
|switch|p1a: Arceus|Arceus-Ground|100/100|[from]move: U-turn
|
|upkeep
|
|t:|1622658170
|switch|p2a: Calyrex|Calyrex-Shadow|100/100
|-ability|p2a: Calyrex|As One
|-ability|p2a: Calyrex|Unnerve
|turn|7
|c|☆Tic-Tac-Toe Guru|thats why i never run moody on my webs smeargles
|j|#cromagnet
|
|t:|1622658179
|move|p2a: Calyrex|Nasty Plot|p2a: Calyrex
|-boost|p2a: Calyrex|spa|2
|move|p1a: Arceus|Earthquake|p2a: Calyrex
|-damage|p2a: Calyrex|27/100
|
|upkeep
|turn|8
|c| AGCL6 Swas ♫|makes sense
|c|+Frito135 ❤|yeah i forgot to change that
|c|+Frito135 ❤|on that team
|c|☆Lider Meliodas|Rip
|c|+Frito135 ❤|whoops
|
|t:|1622658204
|switch|p1a: Arceus|Arceus-Water|100/100
|move|p2a: Calyrex|Baton Pass|p2a: Calyrex
|
|t:|1622658211
|switch|p2a: Yveltal|Yveltal|100/100|[from]move: Baton Pass
|-ability|p2a: Yveltal|Dark Aura
|
|upkeep
|turn|9
|j|%Mbouchon
|
|t:|1622658219
|-start|p2a: Yveltal|Dynamax
|-heal|p2a: Yveltal|100/100|[silent]
|move|p2a: Yveltal|Max Airstream|p1a: Arceus
|-damage|p1a: Arceus|0 fnt
|-boost|p2a: Yveltal|spe|1
|faint|p1a: Arceus
|-damage|p2a: Yveltal|96/100|[from] item: Life Orb
|
|upkeep
|
|t:|1622658225
|switch|p1a: Yveltal|Yveltal|100/100
|-ability|p1a: Yveltal|Dark Aura
|turn|10
|
|t:|1622658232
|-start|p1a: Yveltal|Dynamax
|-heal|p1a: Yveltal|100/100|[silent]
|move|p2a: Yveltal|Max Darkness|p1a: Yveltal
|-resisted|p1a: Yveltal
|-damage|p1a: Yveltal|71/100
|-unboost|p1a: Yveltal|spd|1
|-damage|p2a: Yveltal|91/100|[from] item: Life Orb
|move|p1a: Yveltal|Max Flutterby|p2a: Yveltal
|-damage|p2a: Yveltal|74/100
|-unboost|p2a: Yveltal|spa|1
|
|upkeep
|turn|11
|
|t:|1622658236
|move|p1a: Yveltal|Max Guard|p1a: Yveltal
|-singleturn|p1a: Yveltal|Max Guard
|move|p2a: Yveltal|Max Airstream|p1a: Yveltal
|-activate|p1a: Yveltal|move: Max Guard
|
|-end|p2a: Yveltal|Dynamax
|-heal|p2a: Yveltal|74/100|[silent]
|upkeep
|turn|12
|
|t:|1622658241
|move|p2a: Yveltal|Oblivion Wing|p1a: Yveltal
|-damage|p1a: Yveltal|35/100
|-heal|p2a: Yveltal|100/100|[from] drain|[of] p1a: Yveltal
|-damage|p2a: Yveltal|91/100|[from] item: Life Orb
|move|p1a: Yveltal|Max Flutterby|p2a: Yveltal
|-damage|p2a: Yveltal|61/100
|-unboost|p2a: Yveltal|spa|1
|
|-end|p1a: Yveltal|Dynamax
|-heal|p1a: Yveltal|35/100|[silent]
|upkeep
|turn|13
|
|t:|1622658253
|switch|p1a: Eternatus|Eternatus|100/100
|-ability|p1a: Eternatus|Pressure
|move|p2a: Yveltal|Oblivion Wing|p1a: Eternatus
|-damage|p1a: Eternatus|72/100
|-heal|p2a: Yveltal|88/100|[from] drain|[of] p1a: Eternatus
|-damage|p2a: Yveltal|78/100|[from] item: Life Orb
|
|-heal|p1a: Eternatus|78/100|[from] item: Black Sludge
|upkeep
|turn|14
|
|t:|1622658265
|move|p2a: Yveltal|Dark Pulse|p1a: Eternatus
|-damage|p1a: Eternatus|41/100
|-damage|p2a: Yveltal|68/100|[from] item: Life Orb
|move|p1a: Eternatus|Toxic Spikes|p2a: Yveltal
|-sidestart|p2: Lider Meliodas|move: Toxic Spikes
|
|-heal|p1a: Eternatus|47/100|[from] item: Black Sludge
|upkeep
|turn|15
|
|t:|1622658272
|move|p2a: Yveltal|Dark Pulse|p1a: Eternatus
|-damage|p1a: Eternatus|5/100
|-damage|p2a: Yveltal|58/100|[from] item: Life Orb
|move|p1a: Eternatus|Recover|p1a: Eternatus
|-heal|p1a: Eternatus|55/100
|
|-heal|p1a: Eternatus|61/100|[from] item: Black Sludge
|upkeep
|turn|16
|
|t:|1622658281
|move|p2a: Yveltal|Dark Pulse|p1a: Eternatus
|-damage|p1a: Eternatus|24/100
|-damage|p2a: Yveltal|48/100|[from] item: Life Orb
|move|p1a: Eternatus|Dragon Tail|p2a: Yveltal
|-damage|p2a: Yveltal|31/100
|drag|p2a: Calyrex|Calyrex-Shadow|27/100
|-ability|p2a: Calyrex|As One
|-ability|p2a: Calyrex|Unnerve
|-status|p2a: Calyrex|psn
|
|-heal|p1a: Eternatus|30/100|[from] item: Black Sludge
|-damage|p2a: Calyrex|15/100 psn|[from] psn
|upkeep
|turn|17
|
|t:|1622658293
|move|p2a: Calyrex|Nasty Plot|p2a: Calyrex
|-boost|p2a: Calyrex|spa|2
|move|p1a: Eternatus|Dragon Tail|p2a: Calyrex
|-damage|p2a: Calyrex|0 fnt
|faint|p2a: Calyrex
|
|-heal|p1a: Eternatus|36/100|[from] item: Black Sludge
|upkeep
|c|☆Lider Meliodas|rip
|
|t:|1622658299
|switch|p2a: Yveltal|Yveltal|31/100
|-ability|p2a: Yveltal|Dark Aura
|turn|18
|
|t:|1622658305
|move|p2a: Yveltal|Dark Pulse|p1a: Eternatus
|-damage|p1a: Eternatus|0 fnt
|faint|p1a: Eternatus
|-damage|p2a: Yveltal|21/100|[from] item: Life Orb
|
|upkeep
|
|t:|1622658308
|switch|p1a: Rayquaza|Rayquaza|100/100
|-ability|p1a: Rayquaza|Air Lock
|turn|19
|
|t:|1622658312
|detailschange|p1a: Rayquaza|Rayquaza-Mega
|-mega|p1a: Rayquaza|Rayquaza|
|-weather|DeltaStream|[from] ability: Delta Stream|[of] p1a: Rayquaza
|move|p1a: Rayquaza|Extreme Speed|p2a: Yveltal
|-damage|p2a: Yveltal|0 fnt
|faint|p2a: Yveltal
|-damage|p1a: Rayquaza|91/100|[from] item: Life Orb
|
|-weather|DeltaStream|[upkeep]
|upkeep
|
|t:|1622658329
|switch|p2a: Rayquaza|Rayquaza|100/100
|-ability|p2a: Rayquaza|Air Lock
|turn|20
|
|t:|1622658348
|detailschange|p2a: Rayquaza|Rayquaza-Mega
|-mega|p2a: Rayquaza|Rayquaza|
|move|p2a: Rayquaza|Dragon Ascent|p1a: Rayquaza
|-damage|p1a: Rayquaza|0 fnt
|-unboost|p2a: Rayquaza|def|1
|-unboost|p2a: Rayquaza|spd|1
|faint|p1a: Rayquaza
|-damage|p2a: Rayquaza|91/100|[from] item: Life Orb
|
|-weather|DeltaStream|[upkeep]
|upkeep
|
|t:|1622658358
|switch|p1a: Necrozma|Necrozma-Dusk-Mane|100/100
|turn|21
|j| Thegamingattack3ツ
|
|t:|1622658374
|-weather|none
|switch|p2a: Groudon|Groudon|100/100
|-status|p2a: Groudon|psn
|detailschange|p2a: Groudon|Groudon-Primal
|-primal|p2a: Groudon
|-weather|DesolateLand|[from] ability: Desolate Land|[of] p2a: Groudon
|move|p1a: Necrozma|Sunsteel Strike|p2a: Groudon
|-resisted|p2a: Groudon
|-damage|p2a: Groudon|84/100 psn
|
|-weather|DesolateLand|[upkeep]
|-damage|p2a: Groudon|71/100 psn|[from] psn
|upkeep
|turn|22
|
|t:|1622658383
|switch|p1a: Yveltal|Yveltal|35/100
|-ability|p1a: Yveltal|Dark Aura
|move|p2a: Groudon|Eruption|p1a: Yveltal
|-damage|p1a: Yveltal|0 fnt
|faint|p1a: Yveltal
|
|-weather|DesolateLand|[upkeep]
|-damage|p2a: Groudon|59/100 psn|[from] psn
|upkeep
|
|t:|1622658386
|switch|p1a: Arceus|Arceus-Ground|100/100
|turn|23
|
|t:|1622658394
|move|p1a: Arceus|Swords Dance|p1a: Arceus
|-boost|p1a: Arceus|atk|2
|move|p2a: Groudon|Solar Beam||[still]
|-prepare|p2a: Groudon|Solar Beam
|-anim|p2a: Groudon|Solar Beam|p1a: Arceus
|-supereffective|p1a: Arceus
|-damage|p1a: Arceus|31/100
|
|-weather|DesolateLand|[upkeep]
|-damage|p2a: Groudon|47/100 psn|[from] psn
|upkeep
|turn|24
|
|t:|1622658400
|move|p1a: Arceus|Earthquake|p2a: Groudon
|-supereffective|p2a: Groudon
|-damage|p2a: Groudon|0 fnt
|faint|p2a: Groudon
|-weather|none
|
|upkeep
|
|t:|1622658403
|switch|p2a: Rayquaza|Rayquaza-Mega|91/100
|-weather|DeltaStream|[from] ability: Delta Stream|[of] p2a: Rayquaza
|turn|25
|
|t:|1622658410
|move|p1a: Arceus|Stone Edge|p2a: Rayquaza|[miss]
|-miss|p1a: Arceus|p2a: Rayquaza
|move|p2a: Rayquaza|Dragon Ascent|p1a: Arceus
|-damage|p1a: Arceus|0 fnt
|-unboost|p2a: Rayquaza|def|1
|-unboost|p2a: Rayquaza|spd|1
|faint|p1a: Arceus
|-damage|p2a: Rayquaza|81/100|[from] item: Life Orb
|
|-weather|DeltaStream|[upkeep]
|upkeep
|c|☆Tic-Tac-Toe Guru|oh come on
|c|☆Lider Meliodas|max spe
|c|☆Tic-Tac-Toe Guru|seriously
|c|☆Lider Meliodas|...
|
|t:|1622658423
|switch|p1a: Necrozma|Necrozma-Dusk-Mane|100/100
|turn|26
|
|t:|1622658427
|move|p2a: Rayquaza|V-create|p1a: Necrozma
|-supereffective|p1a: Necrozma
|-damage|p1a: Necrozma|17/100
|-unboost|p2a: Rayquaza|spe|1
|-unboost|p2a: Rayquaza|def|1
|-unboost|p2a: Rayquaza|spd|1
|-damage|p2a: Rayquaza|64/100|[from] item: Rocky Helmet|[of] p1a: Necrozma
|-damage|p2a: Rayquaza|54/100|[from] item: Life Orb
|move|p1a: Necrozma|Sunsteel Strike|p2a: Rayquaza
|-damage|p2a: Rayquaza|0 fnt
|faint|p2a: Rayquaza
|-weather|none
|
|upkeep
|
|t:|1622658431
|switch|p2a: Arceus|Arceus|100/100
|-status|p2a: Arceus|psn
|-enditem|p2a: Arceus|Lum Berry|[eat]
|-curestatus|p2a: Arceus|psn|[msg]
|turn|27
|
|t:|1622658434
|move|p2a: Arceus|Earthquake|p1a: Necrozma
|-supereffective|p1a: Necrozma
|-damage|p1a: Necrozma|0 fnt
|faint|p1a: Necrozma
|
|win|Lider Meliodas
|n|☆Tic-Tac-Toe Guru|tictactoeguru
|n|☆Lider Meliodas|lidermeliodas
|n| AGCL6 Swas ♫|agcl6swas
|n| Frito135 ❤|frito135
|n|+cromagnet|cromagnet
|n| Mbouchon|mbouchon
|n| Thegamingattack3ツ|thegamingattack3
|c|☆Lider Meliodas|lol
