|j|☆lemoncell0
|j|☆Buck X
|t:|1661201449
|gametype|singles
|player|p1|lemoncell0|allister|1762
|player|p2|Buck X|lance-masters|1940
|teamsize|p1|6
|teamsize|p2|6
|gen|8
|tier|[Gen 8] National Dex AG
|rated|
|rule|HP Percentage Mod: HP is shown in percentages
|rule|Endless Battle Clause: Forcing endless battles is banned
|clearpoke
|poke|p1|Quagsire, M|
|poke|p1|Salamence, M|
|poke|p1|Ferrothorn, F|
|poke|p1|Zacian-*|
|poke|p1|Tyranitar, M|
|poke|p1|Ditto|
|poke|p2|Ho-Oh|
|poke|p2|Necrozma-Dusk-Mane|
|poke|p2|Yveltal|
|poke|p2|Ditto|
|poke|p2|Rayquaza|
|poke|p2|Marshadow|
|teampreview
|inactive|Battle timer is ON: inactive players will automatically lose when time's up. (requested by Buck X)
|
|t:|1661201458
|start
|switch|p1a: Ditto|Ditto|100/100
|switch|p2a: Ho-Oh|Ho-Oh|100/100
|-transform|p1a: Ditto|p2a: Ho-Oh|[from] ability: Imposter
|turn|1
|
|t:|1661201466
|switch|p2a: Necrozma|Necrozma-Dusk-Mane|100/100
|move|p1a: Ditto|Toxic|p2a: Necrozma
|-immune|p2a: Necrozma
|
|upkeep
|turn|2
|
|t:|1661201469
|switch|p1a: Ferrothorn|Ferrothorn, F|100/100
|move|p2a: Necrozma|Knock Off|p1a: Ferrothorn
|-damage|p1a: Ferrothorn|75/100
|-damage|p2a: Necrozma|88/100|[from] ability: Iron Barbs|[of] p1a: Ferrothorn
|-enditem|p1a: Ferrothorn|Leftovers|[from] move: Knock Off|[of] p2a: Necrozma
|
|-heal|p2a: Necrozma|94/100|[from] item: Leftovers
|upkeep
|turn|3
|
|t:|1661201474
|move|p2a: Necrozma|Stealth Rock|p1a: Ferrothorn
|-sidestart|p1: lemoncell0|move: Stealth Rock
|move|p1a: Ferrothorn|Knock Off|p2a: Necrozma
|-supereffective|p2a: Necrozma
|-damage|p2a: Necrozma|78/100
|-enditem|p2a: Necrozma|Leftovers|[from] move: Knock Off|[of] p1a: Ferrothorn
|
|upkeep
|turn|4
|
|t:|1661201480
|switch|p2a: Ho-Oh|Ho-Oh|100/100
|move|p1a: Ferrothorn|Leech Seed|p2a: Ho-Oh
|-start|p2a: Ho-Oh|move: Leech Seed
|
|-damage|p2a: Ho-Oh|88/100|[from] Leech Seed|[of] p1a: Ferrothorn
|-heal|p1a: Ferrothorn|89/100|[silent]
|upkeep
|turn|5
|
|t:|1661201485
|move|p1a: Ferrothorn|Protect|p1a: Ferrothorn
|-singleturn|p1a: Ferrothorn|Protect
|move|p2a: Ho-Oh|Whirlwind|p1a: Ferrothorn
|drag|p1a: Ditto|Ditto|100/100
|-damage|p1a: Ditto|88/100|[from] Stealth Rock
|-transform|p1a: Ditto|p2a: Ho-Oh|[from] ability: Imposter
|
|-damage|p2a: Ho-Oh|75/100|[from] Leech Seed|[of] p1a: Ditto
|-heal|p1a: Ditto|100/100|[silent]
|upkeep
|turn|6
|
|t:|1661201490
|move|p1a: Ditto|Toxic|p2a: Ho-Oh
|-status|p2a: Ho-Oh|tox
|move|p2a: Ho-Oh|Toxic|p1a: Ditto
|-status|p1a: Ditto|tox
|
|-damage|p2a: Ho-Oh|63/100 tox|[from] Leech Seed|[of] p1a: Ditto
|-damage|p1a: Ditto|94/100 tox|[from] psn
|-damage|p2a: Ho-Oh|57/100 tox|[from] psn
|upkeep
|turn|7
|
|t:|1661201495
|switch|p1a: Salamence|Salamence, M|100/100
|-damage|p1a: Salamence|76/100|[from] Stealth Rock
|-ability|p1a: Salamence|Intimidate|boost
|-unboost|p2a: Ho-Oh|atk|1
|switch|p2a: Rayquaza|Rayquaza|100/100
|-ability|p2a: Rayquaza|Air Lock
|
|upkeep
|turn|8
|
|t:|1661201501
|detailschange|p1a: Salamence|Salamence-Mega, M
|-mega|p1a: Salamence|Salamence|Salamencite
|detailschange|p2a: Rayquaza|Rayquaza-Mega
|-mega|p2a: Rayquaza|Rayquaza|
|-weather|DeltaStream|[from] ability: Delta Stream|[of] p2a: Rayquaza
|move|p1a: Salamence|Body Slam|p2a: Rayquaza
|-damage|p2a: Rayquaza|48/100
|move|p2a: Rayquaza|Dragon Ascent|p1a: Salamence
|-damage|p1a: Salamence|0 fnt
|-unboost|p2a: Rayquaza|def|1
|-unboost|p2a: Rayquaza|spd|1
|faint|p1a: Salamence
|-damage|p2a: Rayquaza|38/100|[from] item: Life Orb
|
|-weather|DeltaStream|[upkeep]
|upkeep
|
|t:|1661201508
|switch|p1a: Zacian|Zacian-Crowned|100/100
|-damage|p1a: Zacian|94/100|[from] Stealth Rock
|-ability|p1a: Zacian|Intrepid Sword|boost
|-boost|p1a: Zacian|atk|1
|turn|9
|
|t:|1661201514
|-weather|none
|switch|p2a: Necrozma|Necrozma-Dusk-Mane|78/100
|move|p1a: Zacian|Close Combat|p2a: Necrozma
|-damage|p2a: Necrozma|36/100
|-unboost|p1a: Zacian|def|1
|-unboost|p1a: Zacian|spd|1
|
|upkeep
|turn|10
|
|t:|1661201520
|-start|p2a: Necrozma|Dynamax|
|-heal|p2a: Necrozma|36/100|[silent]
|move|p1a: Zacian|Close Combat|p2a: Necrozma
|-crit|p2a: Necrozma
|-damage|p2a: Necrozma|1/100
|-unboost|p1a: Zacian|def|1
|-unboost|p1a: Zacian|spd|1
|move|p2a: Necrozma|Max Steelspike|p1a: Zacian
|-damage|p1a: Zacian|0 fnt
|-boost|p2a: Necrozma|def|1
|faint|p1a: Zacian
|
|upkeep
|
|t:|1661201528
|switch|p1a: Quagsire|Quagsire, M|100/100
|-damage|p1a: Quagsire|94/100|[from] Stealth Rock
|turn|11
|
|t:|1661201531
|-end|p2a: Necrozma|Dynamax
|-heal|p2a: Necrozma|1/100|[silent]
|switch|p2a: Rayquaza|Rayquaza-Mega|38/100
|-weather|DeltaStream|[from] ability: Delta Stream|[of] p2a: Rayquaza
|move|p1a: Quagsire|Earthquake|p2a: Rayquaza
|-immune|p2a: Rayquaza
|
|-weather|DeltaStream|[upkeep]
|upkeep
|turn|12
|
|t:|1661201536
|move|p2a: Rayquaza|Dragon Ascent|p1a: Quagsire
|-damage|p1a: Quagsire|18/100
|-unboost|p2a: Rayquaza|def|1
|-unboost|p2a: Rayquaza|spd|1
|-damage|p2a: Rayquaza|21/100|[from] item: Rocky Helmet|[of] p1a: Quagsire
|-damage|p2a: Rayquaza|11/100|[from] item: Life Orb
|move|p1a: Quagsire|Counter|p2a: Rayquaza
|-damage|p2a: Rayquaza|0 fnt
|faint|p2a: Rayquaza
|-weather|none
|
|upkeep
|
|t:|1661201540
|switch|p2a: Marshadow|Marshadow|100/100
|turn|13
|
|t:|1661201542
|move|p2a: Marshadow|Close Combat|p1a: Quagsire
|-damage|p1a: Quagsire|0 fnt
|-unboost|p2a: Marshadow|def|1
|-unboost|p2a: Marshadow|spd|1
|-damage|p2a: Marshadow|84/100|[from] item: Rocky Helmet|[of] p1a: Quagsire
|faint|p1a: Quagsire
|
|upkeep
|
|t:|1661201546
|switch|p1a: Ditto|Ditto|100/100 tox
|-damage|p1a: Ditto|88/100 tox|[from] Stealth Rock
|-transform|p1a: Ditto|p2a: Marshadow|[from] ability: Imposter
|turn|14
|
|t:|1661201554
|switch|p2a: Necrozma|Necrozma-Dusk-Mane|1/100
|move|p1a: Ditto|Close Combat|p2a: Necrozma
|-damage|p2a: Necrozma|0 fnt
|-unboost|p1a: Ditto|def|1
|-unboost|p1a: Ditto|spd|1
|faint|p2a: Necrozma
|
|-damage|p1a: Ditto|82/100 tox|[from] psn
|upkeep
|
|t:|1661201558
|switch|p2a: Marshadow|Marshadow|84/100
|turn|15
|
|t:|1661201568
|switch|p1a: Ferrothorn|Ferrothorn, F|89/100
|-damage|p1a: Ferrothorn|83/100|[from] Stealth Rock
|move|p2a: Marshadow|Close Combat|p1a: Ferrothorn
|-supereffective|p1a: Ferrothorn
|-crit|p1a: Ferrothorn
|-damage|p1a: Ferrothorn|0 fnt
|-unboost|p2a: Marshadow|def|1
|-unboost|p2a: Marshadow|spd|1
|-damage|p2a: Marshadow|72/100|[from] ability: Iron Barbs|[of] p1a: Ferrothorn
|faint|p1a: Ferrothorn
|
|upkeep
|
|t:|1661201570
|switch|p1a: Ditto|Ditto|82/100 tox
|-damage|p1a: Ditto|70/100 tox|[from] Stealth Rock
|-transform|p1a: Ditto|p2a: Marshadow|[from] ability: Imposter
|turn|16
|
|t:|1661201574
|switch|p2a: Yveltal|Yveltal|100/100
|-ability|p2a: Yveltal|Dark Aura
|move|p1a: Ditto|Shadow Sneak|p2a: Yveltal
|-resisted|p2a: Yveltal
|-damage|p2a: Yveltal|89/100
|
|-damage|p1a: Ditto|64/100 tox|[from] psn
|upkeep
|turn|17
|
|t:|1661201577
|switch|p1a: Tyranitar|Tyranitar, M|100/100
|-damage|p1a: Tyranitar|88/100|[from] Stealth Rock
|-weather|Sandstorm|[from] ability: Sand Stream|[of] p1a: Tyranitar
|switch|p2a: Marshadow|Marshadow|72/100
|
|-weather|Sandstorm|[upkeep]
|-damage|p2a: Marshadow|65/100|[from] Sandstorm
|-heal|p1a: Tyranitar|94/100|[from] item: Leftovers
|upkeep
|turn|18
|
|t:|1661201585
|-start|p1a: Tyranitar|Dynamax|
|-heal|p1a: Tyranitar|94/100|[silent]
|move|p2a: Marshadow|Close Combat|p1a: Tyranitar
|-supereffective|p1a: Tyranitar
|-damage|p1a: Tyranitar|2/100
|-unboost|p2a: Marshadow|def|1
|-unboost|p2a: Marshadow|spd|1
|move|p1a: Tyranitar|Max Rockfall|p2a: Marshadow
|-resisted|p2a: Marshadow
|-damage|p2a: Marshadow|6/100
|
|-weather|Sandstorm|[upkeep]
|-damage|p2a: Marshadow|0 fnt|[from] Sandstorm
|faint|p2a: Marshadow
|-heal|p1a: Tyranitar|5/100|[from] item: Leftovers
|upkeep
|-message|lemoncell0 forfeited.
|
|win|Buck X
|raw|lemoncell0's rating: 1762 &rarr; <strong>1751</strong><br />(-11 for losing)
|raw|Buck X's rating: 1940 &rarr; <strong>1951</strong><br />(+11 for winning)
|l|☆lemoncell0
