|j|☆RUiNtheExtinct
|j|☆Blackstar152001
|t:|1665324565
|gametype|singles
|player|p1|RUiNtheExtinct|red-gen7|1860
|player|p2|Blackstar152001|blue-gen3two|1957
|teamsize|p1|6
|teamsize|p2|6
|gen|8
|tier|[Gen 8] National Dex AG
|rated|
|rule|HP Percentage Mod: HP is shown in percentages
|rule|Endless Battle Clause: Forcing endless battles is banned
|clearpoke
|poke|p1|Groudon|
|poke|p1|Ditto|
|poke|p1|Rayquaza|
|poke|p1|Yveltal|
|poke|p1|Smeargle, M|
|poke|p1|Arceus-*|
|poke|p2|Xerneas-*|
|poke|p2|Ditto|
|poke|p2|Arceus-*|
|poke|p2|Alakazam, M|
|poke|p2|Ho-Oh|
|poke|p2|Arceus-*|
|teampreview
|inactive|Battle timer is ON: inactive players will automatically lose when time's up. (requested by Blackstar152001)
|
|t:|1665324577
|start
|switch|p1a: Smeargle|Smeargle, M|100/100
|switch|p2a: Arceus|Arceus-Electric|100/100
|turn|1
|
|t:|1665324593
|move|p2a: Arceus|Stealth Rock|p1a: Smeargle
|-sidestart|p1: RUiNtheExtinct|move: Stealth Rock
|move|p1a: Smeargle|Shell Smash|p1a: Smeargle
|-unboost|p1a: Smeargle|def|1
|-unboost|p1a: Smeargle|spd|1
|-boost|p1a: Smeargle|atk|2
|-boost|p1a: Smeargle|spa|2
|-boost|p1a: Smeargle|spe|2
|
|-ability|p1a: Smeargle|Moody|boost
|-boost|p1a: Smeargle|spd|2
|-unboost|p1a: Smeargle|spe|1
|upkeep
|turn|2
|
|t:|1665324600
|move|p1a: Smeargle|Spore|p2a: Arceus
|-status|p2a: Arceus|slp|[from] move: Spore
|cant|p2a: Arceus|slp
|
|-ability|p1a: Smeargle|Moody|boost
|-boost|p1a: Smeargle|spe|2
|-unboost|p1a: Smeargle|spd|1
|upkeep
|turn|3
|
|t:|1665324605
|move|p1a: Smeargle|Substitute|p1a: Smeargle
|-start|p1a: Smeargle|Substitute
|-damage|p1a: Smeargle|76/100
|cant|p2a: Arceus|slp
|
|-ability|p1a: Smeargle|Moody|boost
|-boost|p1a: Smeargle|spd|2
|-unboost|p1a: Smeargle|def|1
|upkeep
|turn|4
|
|t:|1665324610
|move|p1a: Smeargle|Shell Smash|p1a: Smeargle
|-unboost|p1a: Smeargle|def|1
|-unboost|p1a: Smeargle|spd|1
|-boost|p1a: Smeargle|atk|2
|-boost|p1a: Smeargle|spa|2
|-boost|p1a: Smeargle|spe|2
|cant|p2a: Arceus|slp
|
|-ability|p1a: Smeargle|Moody|boost
|-boost|p1a: Smeargle|spe|1
|-unboost|p1a: Smeargle|atk|1
|upkeep
|turn|5
|
|t:|1665324617
|move|p1a: Smeargle|Baton Pass|p1a: Smeargle
|
|t:|1665324619
|switch|p1a: Rayquaza|Rayquaza|100/100|[from]move: Baton Pass
|-damage|p1a: Rayquaza|76/100|[from] Stealth Rock
|-ability|p1a: Rayquaza|Air Lock
|-curestatus|p2a: Arceus|slp|[msg]
|move|p2a: Arceus|Judgment|p1a: Rayquaza
|-end|p1a: Rayquaza|Substitute
|
|upkeep
|turn|6
|
|t:|1665324635
|move|p1a: Rayquaza|Earthquake|p2a: Arceus
|-supereffective|p2a: Arceus
|-damage|p2a: Arceus|0 fnt
|faint|p2a: Arceus
|-damage|p1a: Rayquaza|66/100|[from] item: Life Orb
|
|upkeep
|
|t:|1665324639
|switch|p2a: Ditto|Ditto, shiny|100/100
|-transform|p2a: Ditto|p1a: Rayquaza|[from] ability: Imposter
|turn|7
|
|t:|1665324645
|detailschange|p1a: Rayquaza|Rayquaza-Mega
|-mega|p1a: Rayquaza|Rayquaza|
|-weather|DeltaStream|[from] ability: Delta Stream|[of] p1a: Rayquaza
|move|p2a: Ditto|Extreme Speed|p1a: Rayquaza
|-damage|p1a: Rayquaza|0 fnt
|faint|p1a: Rayquaza
|-weather|none
|
|upkeep
|-message|RUiNtheExtinct forfeited.
|
|win|Blackstar152001
|raw|RUiNtheExtinct's rating: 1860 &rarr; <strong>1845</strong><br />(-15 for losing)
|raw|Blackstar152001's rating: 1957 &rarr; <strong>1972</strong><br />(+15 for winning)
|l|☆RUiNtheExtinct
