|j|☆soda49
|j|☆Nintendo Corp
|t:|1640715502
|gametype|singles
|player|p1|soda49|169|1676
|player|p2|Nintendo Corp|lusamine-nihilego|1650
|teamsize|p1|6
|teamsize|p2|6
|gen|8
|tier|[Gen 8] National Dex AG
|rated|
|rule|HP Percentage Mod: HP is shown in percentages
|rule|Endless Battle Clause: Forcing endless battles is banned
|clearpoke
|poke|p1|Smeargle, F|
|poke|p1|Charizard, M|
|poke|p1|Mimikyu, F|
|poke|p1|Calyrex-Shadow|
|poke|p1|Rayquaza|
|poke|p1|Thundurus, M|
|poke|p2|Arceus-*|
|poke|p2|Necrozma-Dusk-Mane|
|poke|p2|Arceus-*|
|poke|p2|Arceus-*|
|poke|p2|Ditto|
|poke|p2|Groudon|
|teampreview
|inactive|Battle timer is ON: inactive players will automatically lose when time's up. (requested by soda49)
|
|t:|1640715531
|start
|switch|p1a: Charizard|Charizard, M|100/100
|switch|p2a: Arceus|Arceus-Water|100/100
|turn|1
|
|t:|1640715540
|-start|p1a: Charizard|Dynamax
|-formechange|p1a: Charizard|Charizard-Gmax
|-heal|p1a: Charizard|100/100|[silent]
|move|p1a: Charizard|Max Airstream|p2a: Arceus
|-damage|p2a: Arceus|60/100
|-boost|p1a: Charizard|spe|1
|move|p2a: Arceus|Whirlpool|p1a: Charizard
|-supereffective|p1a: Charizard
|-damage|p1a: Charizard|76/100
|-activate|p1a: Charizard|move: Whirlpool|[of] p2a: Arceus
|
|-damage|p1a: Charizard|70/100|[from] move: Whirlpool|[partiallytrapped]
|upkeep
|turn|2
|
|t:|1640715550
|move|p1a: Charizard|G-Max Wildfire|p2a: Arceus
|-resisted|p2a: Arceus
|-damage|p2a: Arceus|34/100
|-sidestart|p2: Nintendo Corp|G-Max Wildfire
|move|p2a: Arceus|Perish Song|p2a: Arceus
|-start|p1a: Charizard|perish3|[silent]
|-start|p2a: Arceus|perish3|[silent]
|-fieldactivate|move: Perish Song
|
|-damage|p2a: Arceus|17/100|[from] G-Max Wildfire
|-damage|p1a: Charizard|64/100|[from] move: Whirlpool|[partiallytrapped]
|-start|p1a: Charizard|perish3
|-start|p2a: Arceus|perish3
|upkeep
|turn|3
|
|t:|1640715558
|move|p1a: Charizard|Max Airstream|p2a: Arceus
|-damage|p2a: Arceus|0 fnt
|-boost|p1a: Charizard|spe|1
|faint|p2a: Arceus
|
|-end|p1a: Charizard|Whirlpool|[partiallytrapped]|[silent]
|-start|p1a: Charizard|perish2
|-end|p1a: Charizard|Dynamax
|-formechange|p1a: Charizard|Charizard
|-heal|p1a: Charizard|64/100|[silent]
|upkeep
|
|t:|1640715576
|switch|p2a: Arceus|Arceus-Water|100/100
|turn|4
|
|t:|1640715582
|move|p1a: Charizard|Air Slash|p2a: Arceus
|-damage|p2a: Arceus|73/100
|cant|p2a: Arceus|flinch
|
|-damage|p2a: Arceus|57/100|[from] G-Max Wildfire
|-start|p1a: Charizard|perish1
|upkeep
|turn|5
|
|t:|1640715591
|move|p1a: Charizard|Tailwind|p1a: Charizard
|-sidestart|p1: soda49|move: Tailwind
|move|p2a: Arceus|Recover|p2a: Arceus
|-heal|p2a: Arceus|100/100
|
|-damage|p2a: Arceus|84/100|[from] G-Max Wildfire
|-start|p1a: Charizard|perish0
|faint|p1a: Charizard
|-sideend|p2: Nintendo Corp|G-Max Wildfire
|upkeep
|
|t:|1640715593
|switch|p1a: The wobbler|Smeargle, F|100/100
|turn|6
|
|t:|1640715598
|move|p1a: The wobbler|Spore|p2a: Arceus
|-status|p2a: Arceus|slp|[from] move: Spore
|cant|p2a: Arceus|slp
|
|-ability|p1a: The wobbler|Moody|boost
|-boost|p1a: The wobbler|spa|2
|-unboost|p1a: The wobbler|spd|1
|upkeep
|turn|7
|
|t:|1640715604
|switch|p2a: Ditto|Ditto|100/100
|-transform|p2a: Ditto|p1a: The wobbler|[from] ability: Imposter
|move|p1a: The wobbler|Substitute|p1a: The wobbler
|-start|p1a: The wobbler|Substitute
|-damage|p1a: The wobbler|76/100
|
|-heal|p1a: The wobbler|82/100|[from] item: Leftovers
|-ability|p1a: The wobbler|Moody|boost
|-boost|p1a: The wobbler|spa|2
|-unboost|p1a: The wobbler|spd|1
|-ability|p2a: Ditto|Moody|boost
|-boost|p2a: Ditto|def|2
|-unboost|p2a: Ditto|spd|1
|upkeep
|turn|8
|
|t:|1640715609
|move|p1a: The wobbler|Spore|p2a: Ditto
|-status|p2a: Ditto|slp|[from] move: Spore
|cant|p2a: Ditto|slp
|
|-heal|p1a: The wobbler|88/100|[from] item: Leftovers
|-sideend|p1: soda49|move: Tailwind
|-ability|p1a: The wobbler|Moody|boost
|-boost|p1a: The wobbler|def|2
|-unboost|p1a: The wobbler|spa|1
|-ability|p2a: Ditto|Moody|boost
|-boost|p2a: Ditto|def|2
|-unboost|p2a: Ditto|spd|1
|upkeep
|turn|9
|
|t:|1640715613
|cant|p2a: Ditto|slp
|move|p1a: The wobbler|Shell Smash|p1a: The wobbler
|-unboost|p1a: The wobbler|def|1
|-unboost|p1a: The wobbler|spd|1
|-boost|p1a: The wobbler|atk|2
|-boost|p1a: The wobbler|spa|2
|-boost|p1a: The wobbler|spe|2
|
|-heal|p1a: The wobbler|94/100|[from] item: Leftovers
|-ability|p1a: The wobbler|Moody|boost
|-boost|p1a: The wobbler|atk|2
|-unboost|p1a: The wobbler|def|1
|-ability|p2a: Ditto|Moody|boost
|-boost|p2a: Ditto|def|2
|-unboost|p2a: Ditto|spa|1
|upkeep
|turn|10
|
|t:|1640715630
|move|p1a: The wobbler|Power Trip|p2a: Ditto
|-damage|p2a: Ditto|36/100 slp
|cant|p2a: Ditto|slp
|
|-heal|p1a: The wobbler|99/100|[from] item: Leftovers
|-ability|p1a: The wobbler|Moody|boost
|-boost|p1a: The wobbler|spe|2
|-unboost|p1a: The wobbler|spa|1
|-ability|p2a: Ditto|Moody|boost
|-boost|p2a: Ditto|atk|2
|-unboost|p2a: Ditto|spe|1
|upkeep
|turn|11
|
|t:|1640715636
|move|p1a: The wobbler|Power Trip|p2a: Ditto
|-damage|p2a: Ditto|0 fnt
|faint|p2a: Ditto
|
|-heal|p1a: The wobbler|100/100|[from] item: Leftovers
|-ability|p1a: The wobbler|Moody|boost
|-boost|p1a: The wobbler|spe|2
|-unboost|p1a: The wobbler|def|1
|upkeep
|
|t:|1640715647
|switch|p2a: Arceus|Arceus-Water|84/100 slp
|turn|12
|
|t:|1640715651
|move|p1a: The wobbler|Power Trip|p2a: Arceus
|-damage|p2a: Arceus|23/100 slp
|-curestatus|p2a: Arceus|slp|[msg]
|move|p2a: Arceus|Judgment|p1a: The wobbler
|-end|p1a: The wobbler|Substitute
|
|-ability|p1a: The wobbler|Moody|boost
|-boost|p1a: The wobbler|spd|2
|-unboost|p1a: The wobbler|spe|1
|upkeep
|turn|13
|
|t:|1640715664
|move|p1a: The wobbler|Power Trip|p2a: Arceus
|-damage|p2a: Arceus|0 fnt
|faint|p2a: Arceus
|
|-ability|p1a: The wobbler|Moody|boost
|-boost|p1a: The wobbler|spe|1
|-unboost|p1a: The wobbler|atk|1
|upkeep
|-message|Nintendo Corp forfeited.
|
|win|soda49
|raw|soda49's rating: 1676 &rarr; <strong>1695</strong><br />(+19 for winning)
|raw|Nintendo Corp's rating: 1650 &rarr; <strong>1631</strong><br />(-19 for losing)
|l|☆Nintendo Corp
||Ladder isn't responding, score probably updated but might not have (Request timeout).
