|j|☆MVP2536
|j|☆Maroratsu7
|t:|1661935954
|gametype|singles
|player|p1|MVP2536|giovanni|
|player|p2|Maroratsu7|ash-kalos|
|teamsize|p1|6
|teamsize|p2|6
|gen|8
|tier|[Gen 8] National Dex AG
|rule|HP Percentage Mod: HP is shown in percentages
|rule|Endless Battle Clause: Forcing endless battles is banned
|clearpoke
|poke|p1|Lucario, F|
|poke|p1|Rotom-Heat|
|poke|p1|Tyranitar, F|
|poke|p1|Nidoking, M|
|poke|p1|Zarude|
|poke|p1|Tapu Fini|
|poke|p2|Dracovish|
|poke|p2|Ferrothorn, M|
|poke|p2|Charizard, F|
|poke|p2|Excadrill, M|
|poke|p2|Tyranitar, M|
|poke|p2|Giratina-Origin|
|teampreview
|inactive|Battle timer is ON: inactive players will automatically lose when time's up. (requested by Maroratsu7)
|j| Snake of the Moon
|
|t:|1661935965
|start
|switch|p1a: Tapu Fini|Tapu Fini|100/100
|switch|p2a: Charizard|Charizard, F|100/100
|-fieldstart|move: Misty Terrain|[from] ability: Misty Surge|[of] p1a: Tapu Fini
|turn|1
|c|☆MVP2536|good start for me
|
|t:|1661935982
|move|p2a: Charizard|Hurricane|p1a: Tapu Fini
|-damage|p1a: Tapu Fini|42/100
|-damage|p2a: Charizard|91/100|[from] item: Life Orb
|move|p1a: Tapu Fini|Trick|p2a: Charizard
|-activate|p1a: Tapu Fini|move: Trick|[of] p2a: Charizard
|-item|p2a: Charizard|Choice Specs|[from] move: Trick
|-item|p1a: Tapu Fini|Life Orb|[from] move: Trick
|
|upkeep
|turn|2
|c| Snake of the Moon|Fuck
|
|t:|1661935993
|switch|p1a: Rotom|Rotom-Heat|100/100
|move|p2a: Charizard|Fire Blast|p1a: Rotom
|-resisted|p1a: Rotom
|-damage|p1a: Rotom|62/100
|
|upkeep
|turn|3
|c|☆MVP2536|expected switch
|
|t:|1661936002
|switch|p2a: Excadrill|Excadrill, M|100/100
|-ability|p2a: Excadrill|Mold Breaker
|move|p1a: Rotom|Pain Split|p2a: Excadrill
|-sethp|p2a: Excadrill|76/100|[from] move: Pain Split|[silent]
|-sethp|p1a: Rotom|91/100|[from] move: Pain Split
|
|upkeep
|turn|4
|
|t:|1661936009
|switch|p1a: Zarude|Zarude|100/100
|move|p2a: Excadrill|Stealth Rock|p1a: Zarude
|-sidestart|p1: MVP2536|move: Stealth Rock
|
|upkeep
|turn|5
|
|t:|1661936017
|switch|p2a: Charizard|Charizard, F|91/100
|move|p1a: Zarude|Bulk Up|p1a: Zarude
|-boost|p1a: Zarude|atk|1
|-boost|p1a: Zarude|def|1
|
|-fieldend|Misty Terrain
|upkeep
|turn|6
|
|t:|1661936024
|switch|p1a: Rotom|Rotom-Heat|91/100
|-start|p2a: Charizard|Dynamax|
|-heal|p2a: Charizard|91/100|[silent]
|move|p2a: Charizard|Max Airstream|p1a: Rotom
|-resisted|p1a: Rotom
|-damage|p1a: Rotom|55/100
|-boost|p2a: Charizard|spe|1
|
|upkeep
|turn|7
|
|t:|1661936034
|move|p2a: Charizard|Max Wyrmwind|p1a: Rotom
|-damage|p1a: Rotom|9/100
|-unboost|p1a: Rotom|atk|1
|move|p1a: Rotom|Pain Split|p2a: Charizard
|-sethp|p2a: Charizard|70/100|[from] move: Pain Split|[silent]
|-sethp|p1a: Rotom|49/100|[from] move: Pain Split
|
|upkeep
|turn|8
|
|t:|1661936047
|-start|p1a: Rotom|Dynamax|
|-heal|p1a: Rotom|49/100|[silent]
|move|p1a: Rotom|Max Guard|p1a: Rotom
|-singleturn|p1a: Rotom|Max Guard
|move|p2a: Charizard|Max Flare|p1a: Rotom
|-activate|p1a: Rotom|move: Max Guard
|
|upkeep
|-end|p2a: Charizard|Dynamax
|-heal|p2a: Charizard|71/100|[silent]
|turn|9
|
|t:|1661936056
|move|p2a: Charizard|Dragon Pulse|p1a: Rotom
|-damage|p1a: Rotom|28/100
|move|p1a: Rotom|Max Lightning|p2a: Charizard
|-supereffective|p2a: Charizard
|-damage|p2a: Charizard|0 fnt
|-fieldstart|move: Electric Terrain
|faint|p2a: Charizard
|
|upkeep
|
|t:|1661936059
|switch|p2a: Dracovish|Dracovish|100/100
|turn|10
|
|t:|1661936067
|move|p2a: Dracovish|Fishious Rend|p1a: Rotom
|-supereffective|p1a: Rotom
|-damage|p1a: Rotom|0 fnt
|faint|p1a: Rotom
|
|upkeep
|
|t:|1661936081
|switch|p1a: Zarude|Zarude|100/100
|-damage|p1a: Zarude|88/100|[from] Stealth Rock
|turn|11
|
|t:|1661936091
|switch|p2a: Giratina|Giratina-Origin|100/100
|move|p1a: Zarude|Bulk Up|p1a: Zarude
|-boost|p1a: Zarude|atk|1
|-boost|p1a: Zarude|def|1
|
|upkeep
|turn|12
|
|t:|1661936098
|move|p1a: Zarude|Darkest Lariat|p2a: Giratina
|-supereffective|p2a: Giratina
|-damage|p2a: Giratina|19/100
|move|p2a: Giratina|Draco Meteor|p1a: Zarude
|-damage|p1a: Zarude|10/100
|-unboost|p2a: Giratina|spa|2
|
|upkeep
|turn|13
|
|t:|1661936107
|switch|p2a: Excadrill|Excadrill, M|76/100
|-ability|p2a: Excadrill|Mold Breaker
|move|p1a: Zarude|Darkest Lariat|p2a: Excadrill
|-damage|p2a: Excadrill|0 fnt
|faint|p2a: Excadrill
|
|-fieldend|move: Electric Terrain
|upkeep
|
|t:|1661936109
|switch|p2a: Dracovish|Dracovish|100/100
|turn|14
|c| Snake of the Moon|F
|
|t:|1661936133
|move|p2a: Dracovish|Fishious Rend|p1a: Zarude
|-resisted|p1a: Zarude
|-damage|p1a: Zarude|0 fnt
|faint|p1a: Zarude
|
|upkeep
|
|t:|1661936139
|switch|p1a: Tapu Fini|Tapu Fini|42/100
|-damage|p1a: Tapu Fini|29/100|[from] Stealth Rock
|-fieldstart|move: Misty Terrain|[from] ability: Misty Surge|[of] p1a: Tapu Fini
|turn|15
|
|t:|1661936147
|switch|p2a: Giratina|Giratina-Origin|19/100
|move|p1a: Tapu Fini|Draining Kiss|p2a: Giratina
|-supereffective|p2a: Giratina
|-damage|p2a: Giratina|0 fnt
|-heal|p1a: Tapu Fini|52/100|[from] drain|[of] p2a: Giratina
|faint|p2a: Giratina
|-damage|p1a: Tapu Fini|42/100|[from] item: Life Orb
|
|upkeep
|
|t:|1661936150
|switch|p2a: Tyranitar|Tyranitar, M|100/100
|-weather|Sandstorm|[from] ability: Sand Stream|[of] p2a: Tyranitar
|turn|16
|c|☆MVP2536|?
|c| Snake of the Moon|Oh nvm
|c| Snake of the Moon|Just keep focus
|c|☆MVP2536|how im confused
|
|t:|1661936178
|move|p1a: Tapu Fini|Draining Kiss|p2a: Tyranitar
|-supereffective|p2a: Tyranitar
|-damage|p2a: Tyranitar|70/100
|-heal|p1a: Tapu Fini|69/100|[from] drain|[of] p2a: Tyranitar
|-damage|p1a: Tapu Fini|59/100|[from] item: Life Orb
|move|p2a: Tyranitar|Dragon Dance|p2a: Tyranitar
|-boost|p2a: Tyranitar|atk|1
|-boost|p2a: Tyranitar|spe|1
|
|-weather|Sandstorm|[upkeep]
|-damage|p1a: Tapu Fini|53/100|[from] Sandstorm
|-heal|p2a: Tyranitar|77/100|[from] item: Leftovers
|upkeep
|turn|17
|c|☆MVP2536|ah
|
|t:|1661936191
|move|p2a: Tyranitar|Stone Edge|p1a: Tapu Fini
|-damage|p1a: Tapu Fini|0 fnt
|faint|p1a: Tapu Fini
|
|-weather|Sandstorm|[upkeep]
|-heal|p2a: Tyranitar|83/100|[from] item: Leftovers
|upkeep
|inactive|MVP2536 has 270 seconds left.
|
|t:|1661936203
|switch|p1a: Tyranitar|Tyranitar, F|100/100
|-damage|p1a: Tyranitar|88/100|[from] Stealth Rock
|turn|18
|
|t:|1661936210
|move|p2a: Tyranitar|Earthquake|p1a: Tyranitar
|-supereffective|p1a: Tyranitar
|-damage|p1a: Tyranitar|0 fnt
|faint|p1a: Tyranitar
|
|-weather|Sandstorm|[upkeep]
|-heal|p2a: Tyranitar|89/100|[from] item: Leftovers
|upkeep
|inactive|MVP2536 has 270 seconds left.
|
|t:|1661936226
|switch|p1a: Nidoking|Nidoking, M|100/100
|-damage|p1a: Nidoking|94/100|[from] Stealth Rock
|turn|19
|
|t:|1661936231
|move|p1a: Nidoking|Earth Power|p2a: Tyranitar
|-supereffective|p2a: Tyranitar
|-damage|p2a: Tyranitar|27/100
|move|p2a: Tyranitar|Earthquake|p1a: Nidoking
|-supereffective|p1a: Nidoking
|-damage|p1a: Nidoking|0 fnt
|faint|p1a: Nidoking
|
|-weather|Sandstorm|[upkeep]
|-heal|p2a: Tyranitar|34/100|[from] item: Leftovers
|-fieldend|Misty Terrain
|upkeep
|
|t:|1661936240
|switch|p1a: Lucario|Lucario, F|100/100
|-damage|p1a: Lucario|98/100|[from] Stealth Rock
|turn|20
|
|t:|1661936250
|detailschange|p1a: Lucario|Lucario-Mega, F
|-mega|p1a: Lucario|Lucario|Lucarionite
|move|p1a: Lucario|Drain Punch|p2a: Tyranitar
|-supereffective|p2a: Tyranitar
|-damage|p2a: Tyranitar|0 fnt
|-heal|p1a: Lucario|100/100|[from] drain|[of] p2a: Tyranitar
|faint|p2a: Tyranitar
|
|-weather|none
|upkeep
|
|t:|1661936257
|switch|p2a: Dracovish|Dracovish|100/100
|turn|21
|
|t:|1661936261
|move|p2a: Dracovish|Fishious Rend|p1a: Lucario
|-damage|p1a: Lucario|0 fnt
|faint|p1a: Lucario
|
|win|Maroratsu7
|c|☆MVP2536|gg
|c| Snake of the Moon|What?
|l|☆Maroratsu7
|l| Snake of the Moon
|c|☆MVP2536|ik what i need to do
|l|☆MVP2536
|j| Snake of the Moon
|l| Snake of the Moon
|j|☆Maroratsu7
|player|p2|Maroratsu7|ash-kalos
