|j|☆DECLANO196
|j|☆Defensive0
|t:|1668496885
|gametype|singles
|player|p1|DECLANO196|1|1629
|player|p2|Defensive0|riley|1877
|teamsize|p1|6
|teamsize|p2|6
|gen|8
|tier|[Gen 8] National Dex AG
|rated|
|rule|HP Percentage Mod: HP is shown in percentages
|rule|Endless Battle Clause: Forcing endless battles is banned
|clearpoke
|poke|p1|Marshadow|
|poke|p1|Ho-Oh|
|poke|p1|Lugia|
|poke|p1|Xerneas-*|
|poke|p1|Chansey, F|
|poke|p1|Ditto|
|poke|p2|Xerneas-*|
|poke|p2|Arceus-*|
|poke|p2|Ditto|
|poke|p2|Necrozma-Dusk-Mane|
|poke|p2|Arceus-*|
|poke|p2|Groudon|
|teampreview
|inactive|Battle timer is ON: inactive players will automatically lose when time's up. (requested by Defensive0)
|
|t:|1668496898
|start
|switch|p1a: Lugia|Lugia|100/100
|switch|p2a: Groudon|Groudon|100/100
|detailschange|p2a: Groudon|Groudon-Primal
|-primal|p2a: Groudon
|-weather|DesolateLand|[from] ability: Desolate Land|[of] p2a: Groudon
|turn|1
|
|t:|1668496906
|move|p1a: Lugia|Reflect|p1a: Lugia
|-sidestart|p1: DECLANO196|Reflect
|move|p2a: Groudon|Lava Plume|p1a: Lugia
|-damage|p1a: Lugia|86/100
|
|-weather|DesolateLand|[upkeep]
|upkeep
|turn|2
|
|t:|1668496911
|move|p1a: Lugia|Toxic|p2a: Groudon
|-status|p2a: Groudon|tox
|move|p2a: Groudon|Lava Plume|p1a: Lugia
|-damage|p1a: Lugia|56/100
|
|-weather|DesolateLand|[upkeep]
|-damage|p2a: Groudon|94/100 tox|[from] psn
|upkeep
|turn|3
|
|t:|1668496921
|move|p1a: Lugia|Roost|p1a: Lugia
|-heal|p1a: Lugia|100/100
|-singleturn|p1a: Lugia|move: Roost
|move|p2a: Groudon|Lava Plume|p1a: Lugia
|-damage|p1a: Lugia|84/100
|
|-weather|DesolateLand|[upkeep]
|-damage|p2a: Groudon|82/100 tox|[from] psn
|upkeep
|turn|4
|
|t:|1668496929
|move|p1a: Lugia|Roost|p1a: Lugia
|-heal|p1a: Lugia|100/100
|-singleturn|p1a: Lugia|move: Roost
|move|p2a: Groudon|Stealth Rock|p1a: Lugia
|-sidestart|p1: DECLANO196|move: Stealth Rock
|
|-weather|DesolateLand|[upkeep]
|-damage|p2a: Groudon|63/100 tox|[from] psn
|upkeep
|turn|5
|
|t:|1668496937
|move|p1a: Lugia|Defog|p2a: Groudon
|-unboost|p2a: Groudon|evasion|1
|-sideend|p1: DECLANO196|Stealth Rock|[from] move: Defog|[of] p1a: Lugia
|move|p2a: Groudon|Roar|p1a: Lugia
|drag|p1a: Marshadow|Marshadow|100/100
|
|-weather|DesolateLand|[upkeep]
|-damage|p2a: Groudon|39/100 tox|[from] psn
|-sideend|p1: DECLANO196|Reflect
|upkeep
|turn|6
|
|t:|1668496947
|move|p1a: Marshadow|Close Combat|p2a: Groudon
|-damage|p2a: Groudon|12/100 tox
|-unboost|p1a: Marshadow|def|1
|-unboost|p1a: Marshadow|spd|1
|move|p2a: Groudon|Lava Plume|p1a: Marshadow
|-damage|p1a: Marshadow|3/100
|
|-weather|DesolateLand|[upkeep]
|-damage|p2a: Groudon|0 fnt|[from] psn
|faint|p2a: Groudon
|-weather|none
|upkeep
|
|t:|1668496962
|switch|p2a: Xerneas|Xerneas, shiny|100/100
|-ability|p2a: Xerneas|Fairy Aura
|turn|7
|
|t:|1668496966
|move|p1a: Marshadow|Endeavor|p2a: Xerneas
|-damage|p2a: Xerneas|2/100
|move|p2a: Xerneas|Geomancy||[still]
|-prepare|p2a: Xerneas|Geomancy
|-enditem|p2a: Xerneas|Power Herb
|-anim|p2a: Xerneas|Geomancy|p2a: Xerneas
|-boost|p2a: Xerneas|spa|2
|-boost|p2a: Xerneas|spd|2
|-boost|p2a: Xerneas|spe|2
|
|upkeep
|turn|8
|
|t:|1668496977
|move|p1a: Marshadow|Shadow Sneak|p2a: Xerneas
|-damage|p2a: Xerneas|0 fnt
|faint|p2a: Xerneas
|
|upkeep
|
|t:|1668496981
|switch|p2a: Necrozma|Necrozma-Dusk-Mane, shiny|100/100
|turn|9
|
|t:|1668496988
|detailschange|p2a: Necrozma|Necrozma-Ultra, shiny
|-burst|p2a: Necrozma|Necrozma|Ultranecrozium Z
|move|p2a: Necrozma|Photon Geyser|p1a: Marshadow
|-supereffective|p1a: Marshadow
|-damage|p1a: Marshadow|0 fnt
|faint|p1a: Marshadow
|
|upkeep
|
|t:|1668496996
|switch|p1a: Lugia|Lugia|100/100
|turn|10
|
|t:|1668497000
|switch|p2a: Arceus|Arceus-Steel, shiny|100/100
|move|p1a: Lugia|Reflect|p1a: Lugia
|-sidestart|p1: DECLANO196|Reflect
|
|upkeep
|turn|11
|
|t:|1668497008
|switch|p1a: Ho-Oh|Ho-Oh|100/100
|move|p2a: Arceus|Swords Dance|p2a: Arceus
|-boost|p2a: Arceus|atk|2
|
|upkeep
|turn|12
|
|t:|1668497017
|switch|p2a: Ditto|Ditto, shiny|100/100
|-transform|p2a: Ditto|p1a: Ho-Oh|[from] ability: Imposter
|move|p1a: Ho-Oh|Sacred Fire|p2a: Ditto
|-resisted|p2a: Ditto
|-damage|p2a: Ditto|77/100
|
|upkeep
|turn|13
|
|t:|1668497025
|switch|p1a: Chansey|Chansey, F|100/100
|move|p2a: Ditto|Whirlwind|p1a: Chansey
|drag|p1a: Lugia|Lugia|100/100
|
|upkeep
|turn|14
|
|t:|1668497030
|switch|p2a: Arceus|Arceus-Steel, shiny|100/100
|move|p1a: Lugia|Toxic|p2a: Arceus
|-immune|p2a: Arceus
|
|-sideend|p1: DECLANO196|Reflect
|upkeep
|turn|15
|
|t:|1668497037
|move|p2a: Arceus|Iron Head|p1a: Lugia
|-damage|p1a: Lugia|90/100
|cant|p1a: Lugia|flinch
|
|upkeep
|turn|16
|
|t:|1668497041
|move|p2a: Arceus|Swords Dance|p2a: Arceus
|-boost|p2a: Arceus|atk|2
|move|p1a: Lugia|Reflect|p1a: Lugia
|-sidestart|p1: DECLANO196|Reflect
|
|upkeep
|turn|17
|
|t:|1668497047
|switch|p1a: Ho-Oh|Ho-Oh|100/100
|move|p2a: Arceus|Swords Dance|p2a: Arceus
|-boost|p2a: Arceus|atk|2
|
|upkeep
|turn|18
|
|t:|1668497052
|-start|p2a: Arceus|Dynamax|
|-heal|p2a: Arceus|100/100|[silent]
|move|p2a: Arceus|Max Airstream|p1a: Ho-Oh
|-damage|p1a: Ho-Oh|61/100
|-boost|p2a: Arceus|spe|1
|move|p1a: Ho-Oh|Sacred Fire|p2a: Arceus
|-supereffective|p2a: Arceus
|-damage|p2a: Arceus|73/100
|-status|p2a: Arceus|brn
|
|-damage|p2a: Arceus|70/100 brn|[from] brn
|upkeep
|turn|19
|
|t:|1668497066
|move|p2a: Arceus|Max Steelspike|p1a: Ho-Oh
|-resisted|p1a: Ho-Oh
|-damage|p1a: Ho-Oh|45/100
|-boost|p2a: Arceus|def|1
|move|p1a: Ho-Oh|Roost|p1a: Ho-Oh
|-heal|p1a: Ho-Oh|96/100
|-singleturn|p1a: Ho-Oh|move: Roost
|
|-damage|p2a: Arceus|66/100 brn|[from] brn
|upkeep
|turn|20
|
|t:|1668497077
|-end|p2a: Arceus|Dynamax
|-heal|p2a: Arceus|66/100 brn|[silent]
|switch|p2a: Necrozma|Necrozma-Ultra, shiny|100/100
|move|p1a: Ho-Oh|Sacred Fire|p2a: Necrozma
|-resisted|p2a: Necrozma
|-damage|p2a: Necrozma|76/100
|
|-sideend|p1: DECLANO196|Reflect
|upkeep
|turn|21
|
|t:|1668497094
|switch|p1a: Lugia|Lugia|90/100
|move|p2a: Necrozma|Stone Edge|p1a: Lugia|[miss]
|-miss|p2a: Necrozma|p1a: Lugia
|
|upkeep
|turn|22
|
|t:|1668497102
|move|p2a: Necrozma|Stone Edge|p1a: Lugia
|-supereffective|p1a: Lugia
|-damage|p1a: Lugia|31/100
|move|p1a: Lugia|Reflect|p1a: Lugia
|-sidestart|p1: DECLANO196|Reflect
|
|upkeep
|turn|23
|
|t:|1668497107
|move|p2a: Necrozma|Stone Edge|p1a: Lugia|[miss]
|-miss|p2a: Necrozma|p1a: Lugia
|move|p1a: Lugia|Roost|p1a: Lugia
|-heal|p1a: Lugia|81/100
|-singleturn|p1a: Lugia|move: Roost
|
|upkeep
|turn|24
|
|t:|1668497113
|move|p2a: Necrozma|Stone Edge|p1a: Lugia
|-supereffective|p1a: Lugia
|-damage|p1a: Lugia|52/100
|move|p1a: Lugia|Toxic|p2a: Necrozma
|-status|p2a: Necrozma|tox
|
|-damage|p2a: Necrozma|70/100 tox|[from] psn
|upkeep
|turn|25
|
|t:|1668497120
|move|p2a: Necrozma|Dragon Dance|p2a: Necrozma
|-boost|p2a: Necrozma|atk|1
|-boost|p2a: Necrozma|spe|1
|move|p1a: Lugia|Roost|p1a: Lugia
|-heal|p1a: Lugia|100/100
|-singleturn|p1a: Lugia|move: Roost
|
|-damage|p2a: Necrozma|58/100 tox|[from] psn
|upkeep
|turn|26
|
|t:|1668497129
|move|p2a: Necrozma|Dragon Dance|p2a: Necrozma
|-boost|p2a: Necrozma|atk|1
|-boost|p2a: Necrozma|spe|1
|move|p1a: Lugia|Roost||[still]
|-fail|p1a: Lugia|heal
|
|-damage|p2a: Necrozma|40/100 tox|[from] psn
|-sideend|p1: DECLANO196|Reflect
|upkeep
|turn|27
|
|t:|1668497135
|move|p2a: Necrozma|Stone Edge|p1a: Lugia
|-supereffective|p1a: Lugia
|-damage|p1a: Lugia|42/100
|move|p1a: Lugia|Reflect|p1a: Lugia
|-sidestart|p1: DECLANO196|Reflect
|
|-damage|p2a: Necrozma|16/100 tox|[from] psn
|upkeep
|turn|28
|
|t:|1668497146
|move|p2a: Necrozma|Stone Edge|p1a: Lugia
|-supereffective|p1a: Lugia
|-crit|p1a: Lugia
|-damage|p1a: Lugia|0 fnt
|faint|p1a: Lugia
|
|-damage|p2a: Necrozma|0 fnt|[from] psn
|faint|p2a: Necrozma
|upkeep
|
|t:|1668497160
|switch|p2a: Arceus|Arceus|100/100
|switch|p1a: Xerneas|Xerneas|100/100
|-ability|p1a: Xerneas|Fairy Aura
|turn|29
|
|t:|1668497172
|move|p1a: Xerneas|Geomancy||[still]
|-prepare|p1a: Xerneas|Geomancy
|-enditem|p1a: Xerneas|Power Herb
|-anim|p1a: Xerneas|Geomancy|p1a: Xerneas
|-boost|p1a: Xerneas|spa|2
|-boost|p1a: Xerneas|spd|2
|-boost|p1a: Xerneas|spe|2
|move|p2a: Arceus|Swords Dance|p2a: Arceus
|-boost|p2a: Arceus|atk|2
|
|upkeep
|turn|30
|
|t:|1668497183
|move|p2a: Arceus|Extreme Speed|p1a: Xerneas
|-damage|p1a: Xerneas|62/100
|move|p1a: Xerneas|Moonblast|p2a: Arceus
|-damage|p2a: Arceus|12/100
|
|upkeep
|turn|31
|
|t:|1668497192
|move|p2a: Arceus|Extreme Speed|p1a: Xerneas
|-damage|p1a: Xerneas|25/100
|move|p1a: Xerneas|Moonblast|p2a: Arceus
|-damage|p2a: Arceus|0 fnt
|faint|p2a: Arceus
|
|-sideend|p1: DECLANO196|Reflect
|upkeep
|
|t:|1668497195
|switch|p2a: Ditto|Ditto, shiny|100/100
|-transform|p2a: Ditto|p1a: Xerneas|[from] ability: Imposter
|-ability|p2a: Ditto|Fairy Aura
|turn|32
|
|t:|1668497205
|-start|p1a: Xerneas|Dynamax|
|-heal|p1a: Xerneas|25/100|[silent]
|move|p2a: Ditto|Psyshock|p1a: Xerneas
|-crit|p1a: Xerneas
|-damage|p1a: Xerneas|0 fnt
|faint|p1a: Xerneas
|
|upkeep
|
|t:|1668497213
|switch|p1a: Ho-Oh|Ho-Oh|100/100
|turn|33
|
|t:|1668497220
|move|p2a: Ditto|Psyshock|p1a: Ho-Oh
|-damage|p1a: Ho-Oh|55/100
|move|p1a: Ho-Oh|Whirlwind|p2a: Ditto
|drag|p2a: Arceus|Arceus-Steel, shiny|66/100 brn
|
|-damage|p2a: Arceus|60/100 brn|[from] brn
|upkeep
|turn|34
|
|t:|1668497228
|move|p2a: Arceus|Recover|p2a: Arceus
|-heal|p2a: Arceus|100/100 brn
|move|p1a: Ho-Oh|Roost|p1a: Ho-Oh
|-heal|p1a: Ho-Oh|100/100
|-singleturn|p1a: Ho-Oh|move: Roost
|
|-damage|p2a: Arceus|94/100 brn|[from] brn
|upkeep
|turn|35
|
|t:|1668497236
|move|p2a: Arceus|Swords Dance|p2a: Arceus
|-boost|p2a: Arceus|atk|2
|move|p1a: Ho-Oh|Earthquake|p2a: Arceus
|-supereffective|p2a: Arceus
|-damage|p2a: Arceus|58/100 brn
|
|-damage|p2a: Arceus|52/100 brn|[from] brn
|upkeep
|turn|36
|
|t:|1668497244
|move|p2a: Arceus|Recover|p2a: Arceus
|-heal|p2a: Arceus|100/100 brn
|move|p1a: Ho-Oh|Sacred Fire|p2a: Arceus
|-supereffective|p2a: Arceus
|-damage|p2a: Arceus|42/100 brn
|
|-damage|p2a: Arceus|36/100 brn|[from] brn
|upkeep
|turn|37
|
|t:|1668497252
|move|p2a: Arceus|Recover|p2a: Arceus
|-heal|p2a: Arceus|86/100 brn
|move|p1a: Ho-Oh|Earthquake|p2a: Arceus
|-supereffective|p2a: Arceus
|-damage|p2a: Arceus|43/100 brn
|
|-damage|p2a: Arceus|37/100 brn|[from] brn
|upkeep
|turn|38
|
|t:|1668497260
|move|p2a: Arceus|Recover|p2a: Arceus
|-heal|p2a: Arceus|87/100 brn
|move|p1a: Ho-Oh|Sacred Fire|p2a: Arceus
|-supereffective|p2a: Arceus
|-damage|p2a: Arceus|32/100 brn
|
|-damage|p2a: Arceus|26/100 brn|[from] brn
|upkeep
|turn|39
|
|t:|1668497267
|move|p2a: Arceus|Recover|p2a: Arceus
|-heal|p2a: Arceus|76/100 brn
|move|p1a: Ho-Oh|Earthquake|p2a: Arceus
|-supereffective|p2a: Arceus
|-damage|p2a: Arceus|35/100 brn
|
|-damage|p2a: Arceus|28/100 brn|[from] brn
|upkeep
|turn|40
|
|t:|1668497274
|switch|p2a: Ditto|Ditto, shiny|100/100
|-transform|p2a: Ditto|p1a: Ho-Oh|[from] ability: Imposter
|move|p1a: Ho-Oh|Earthquake|p2a: Ditto
|-immune|p2a: Ditto
|
|upkeep
|turn|41
|
|t:|1668497283
|switch|p1a: Chansey|Chansey, F|100/100
|move|p2a: Ditto|Sacred Fire|p1a: Chansey
|-damage|p1a: Chansey|57/100
|-status|p1a: Chansey|brn
|
|-damage|p1a: Chansey|51/100 brn|[from] brn
|upkeep
|turn|42
|
|t:|1668497292
|move|p2a: Ditto|Sacred Fire|p1a: Chansey
|-damage|p1a: Chansey|5/100 brn
|move|p1a: Chansey|Soft-Boiled|p1a: Chansey
|-heal|p1a: Chansey|55/100 brn
|
|-damage|p1a: Chansey|49/100 brn|[from] brn
|upkeep
|turn|43
|
|t:|1668497299
|move|p2a: Ditto|Sacred Fire|p1a: Chansey
|-damage|p1a: Chansey|2/100 brn
|move|p1a: Chansey|Toxic|p2a: Ditto
|-status|p2a: Ditto|tox
|
|-damage|p2a: Ditto|94/100 tox|[from] psn
|-damage|p1a: Chansey|0 fnt|[from] brn
|faint|p1a: Chansey
|upkeep
|
|t:|1668497307
|switch|p1a: Ho-Oh|Ho-Oh|100/100
|turn|44
|-message|Defensive0 forfeited.
|
|win|DECLANO196
|raw|DECLANO196's rating: 1629 &rarr; <strong>1661</strong><br />(+32 for winning)
|raw|Defensive0's rating: 1877 &rarr; <strong>1845</strong><br />(-32 for losing)
|l|☆Defensive0
||Ladder isn't responding, score probably updated but might not have (Request timeout).
