|j|☆daode3
|j|☆shisky
|t:|1662786136
|gametype|singles
|player|p1|daode3|pokemonranger-gen4|1532
|player|p2|shisky|102|1593
|teamsize|p1|6
|teamsize|p2|6
|gen|8
|tier|[Gen 8] National Dex AG
|rated|
|rule|HP Percentage Mod: HP is shown in percentages
|rule|Endless Battle Clause: Forcing endless battles is banned
|clearpoke
|poke|p1|Kyogre|
|poke|p1|Marshadow|
|poke|p1|Rayquaza|
|poke|p1|Arceus-*|
|poke|p1|Zacian-*|
|poke|p1|Ditto|
|poke|p2|Arceus-*|
|poke|p2|Kyogre|
|poke|p2|Rayquaza|
|poke|p2|Zacian-*|
|poke|p2|Marshadow|
|poke|p2|Ditto|
|teampreview
|inactive|Battle timer is ON: inactive players will automatically lose when time's up. (requested by shisky)
|
|t:|1662786144
|start
|switch|p1a: Arceus|Arceus-Electric|100/100
|switch|p2a: Arceus|Arceus-Electric|100/100
|turn|1
|
|t:|1662786151
|move|p2a: Arceus|Stealth Rock|p1a: Arceus
|-sidestart|p1: daode3|move: Stealth Rock
|move|p1a: Arceus|Earth Power|p2a: Arceus
|-supereffective|p2a: Arceus
|-damage|p2a: Arceus|54/100
|
|upkeep
|turn|2
|
|t:|1662786159
|-start|p2a: Arceus|Dynamax|
|-heal|p2a: Arceus|54/100|[silent]
|move|p2a: Arceus|Max Quake|p1a: Arceus
|-supereffective|p1a: Arceus
|-damage|p1a: Arceus|34/100
|-boost|p2a: Arceus|spd|1
|move|p1a: Arceus|Stealth Rock|p2a: Arceus
|-sidestart|p2: shisky|move: Stealth Rock
|
|upkeep
|turn|3
|
|t:|1662786169
|move|p2a: Arceus|Max Lightning|p1a: Arceus
|-resisted|p1a: Arceus
|-damage|p1a: Arceus|6/100
|-fieldstart|move: Electric Terrain
|move|p1a: Arceus|Earth Power|p2a: Arceus
|-supereffective|p2a: Arceus
|-damage|p2a: Arceus|39/100
|-unboost|p2a: Arceus|spd|1
|
|upkeep
|turn|4
|
|t:|1662786179
|move|p2a: Arceus|Max Hailstorm|p1a: Arceus
|-damage|p1a: Arceus|0 fnt
|-weather|Hail
|faint|p1a: Arceus
|
|-weather|Hail|[upkeep]
|-damage|p2a: Arceus|36/100|[from] Hail
|upkeep
|
|t:|1662786191
|switch|p1a: Rayquaza|Rayquaza|100/100
|-damage|p1a: Rayquaza|76/100|[from] Stealth Rock
|-ability|p1a: Rayquaza|Air Lock
|-end|p2a: Arceus|Dynamax
|-heal|p2a: Arceus|36/100|[silent]
|turn|5
|
|t:|1662786205
|switch|p2a: Zacian|Zacian-Crowned|100/100
|-damage|p2a: Zacian|94/100|[from] Stealth Rock
|-ability|p2a: Zacian|Intrepid Sword|boost
|-boost|p2a: Zacian|atk|1
|detailschange|p1a: Rayquaza|Rayquaza-Mega
|-mega|p1a: Rayquaza|Rayquaza|
|-weather|DeltaStream|[from] ability: Delta Stream|[of] p1a: Rayquaza
|move|p1a: Rayquaza|Scale Shot|p2a: Zacian
|-immune|p2a: Zacian
|
|-weather|DeltaStream|[upkeep]
|upkeep
|turn|6
|
|t:|1662786217
|-weather|none
|switch|p1a: Kyogre|Kyogre|100/100
|-damage|p1a: Kyogre|88/100|[from] Stealth Rock
|detailschange|p1a: Kyogre|Kyogre-Primal
|-primal|p1a: Kyogre
|-weather|PrimordialSea|[from] ability: Primordial Sea|[of] p1a: Kyogre
|move|p2a: Zacian|Behemoth Blade|p1a: Kyogre
|-resisted|p1a: Kyogre
|-damage|p1a: Kyogre|38/100
|
|-weather|PrimordialSea|[upkeep]
|upkeep
|turn|7
|
|t:|1662786230
|move|p2a: Zacian|Behemoth Blade|p1a: Kyogre
|-resisted|p1a: Kyogre
|-damage|p1a: Kyogre|0 fnt
|faint|p1a: Kyogre
|-weather|none
|
|-fieldend|move: Electric Terrain
|upkeep
|
|t:|1662786234
|switch|p1a: Rayquaza|Rayquaza-Mega|76/100
|-damage|p1a: Rayquaza|51/100|[from] Stealth Rock
|-weather|DeltaStream|[from] ability: Delta Stream|[of] p1a: Rayquaza
|turn|8
|
|t:|1662786241
|move|p2a: Zacian|Behemoth Blade|p1a: Rayquaza
|-damage|p1a: Rayquaza|0 fnt
|faint|p1a: Rayquaza
|-weather|none
|
|upkeep
|
|t:|1662786245
|switch|p1a: Ditto|Ditto|100/100
|-damage|p1a: Ditto|88/100|[from] Stealth Rock
|-transform|p1a: Ditto|p2a: Zacian|[from] ability: Imposter
|-ability|p1a: Ditto|Intrepid Sword|boost
|-boost|p1a: Ditto|atk|1
|turn|9
|
|t:|1662786260
|switch|p2a: Arceus|Arceus-Electric|36/100
|-damage|p2a: Arceus|23/100|[from] Stealth Rock
|move|p1a: Ditto|Behemoth Blade|p2a: Arceus
|-resisted|p2a: Arceus
|-crit|p2a: Arceus
|-damage|p2a: Arceus|0 fnt
|faint|p2a: Arceus
|
|upkeep
|
|t:|1662786279
|switch|p2a: Rayquaza|Rayquaza|100/100
|-damage|p2a: Rayquaza|76/100|[from] Stealth Rock
|-ability|p2a: Rayquaza|Air Lock
|turn|10
|
|t:|1662786286
|detailschange|p2a: Rayquaza|Rayquaza-Mega
|-mega|p2a: Rayquaza|Rayquaza|
|-weather|DeltaStream|[from] ability: Delta Stream|[of] p2a: Rayquaza
|move|p1a: Ditto|Behemoth Blade|p2a: Rayquaza
|-damage|p2a: Rayquaza|0 fnt
|faint|p2a: Rayquaza
|-weather|none
|
|upkeep
|
|t:|1662786295
|switch|p2a: Kyogre|Kyogre|100/100
|-damage|p2a: Kyogre|88/100|[from] Stealth Rock
|detailschange|p2a: Kyogre|Kyogre-Primal
|-primal|p2a: Kyogre
|-weather|PrimordialSea|[from] ability: Primordial Sea|[of] p2a: Kyogre
|turn|11
|
|t:|1662786305
|move|p1a: Ditto|Behemoth Blade|p2a: Kyogre
|-resisted|p2a: Kyogre
|-damage|p2a: Kyogre|34/100
|move|p2a: Kyogre|Thunder Wave|p1a: Ditto
|-status|p1a: Ditto|par
|
|-weather|PrimordialSea|[upkeep]
|upkeep
|turn|12
|
|t:|1662786313
|move|p1a: Ditto|Behemoth Blade|p2a: Kyogre
|-resisted|p2a: Kyogre
|-damage|p2a: Kyogre|0 fnt
|faint|p2a: Kyogre
|-weather|none
|
|upkeep
|
|t:|1662786319
|switch|p2a: Zacian|Zacian-Crowned|94/100
|-damage|p2a: Zacian|88/100|[from] Stealth Rock
|-ability|p2a: Zacian|Intrepid Sword|boost
|-boost|p2a: Zacian|atk|1
|turn|13
|
|t:|1662786325
|move|p2a: Zacian|Behemoth Blade|p1a: Ditto
|-damage|p1a: Ditto|0 fnt
|faint|p1a: Ditto
|
|upkeep
|
|t:|1662786331
|switch|p1a: Zacian|Zacian-Crowned|100/100
|-damage|p1a: Zacian|94/100|[from] Stealth Rock
|-ability|p1a: Zacian|Intrepid Sword|boost
|-boost|p1a: Zacian|atk|1
|turn|14
|
|t:|1662786336
|move|p2a: Zacian|Behemoth Blade|p1a: Zacian
|-damage|p1a: Zacian|11/100
|move|p1a: Zacian|Behemoth Blade|p2a: Zacian
|-damage|p2a: Zacian|0 fnt
|faint|p2a: Zacian
|
|upkeep
|
|t:|1662786350
|switch|p2a: Marshadow|Marshadow|100/100
|-damage|p2a: Marshadow|94/100|[from] Stealth Rock
|turn|15
|
|t:|1662786355
|move|p2a: Marshadow|Shadow Sneak|p1a: Zacian
|-damage|p1a: Zacian|0 fnt
|faint|p1a: Zacian
|-damage|p2a: Marshadow|84/100|[from] item: Life Orb
|
|upkeep
|
|t:|1662786358
|switch|p1a: Marshadow|Marshadow|100/100
|-damage|p1a: Marshadow|94/100|[from] Stealth Rock
|turn|16
|
|t:|1662786364
|move|p1a: Marshadow|Shadow Sneak|p2a: Marshadow
|-supereffective|p2a: Marshadow
|-damage|p2a: Marshadow|0 fnt
|faint|p2a: Marshadow
|-damage|p1a: Marshadow|84/100|[from] item: Life Orb
|
|upkeep
|
|t:|1662786370
|switch|p2a: Ditto|Ditto|100/100
|-damage|p2a: Ditto|88/100|[from] Stealth Rock
|-transform|p2a: Ditto|p1a: Marshadow|[from] ability: Imposter
|turn|17
|
|t:|1662786379
|-start|p1a: Marshadow|Dynamax|
|-heal|p1a: Marshadow|84/100|[silent]
|move|p2a: Ditto|Spectral Thief|p1a: Marshadow
|-supereffective|p1a: Marshadow
|-damage|p1a: Marshadow|28/100
|move|p1a: Marshadow|Max Phantasm|p2a: Ditto
|-supereffective|p2a: Ditto
|-damage|p2a: Ditto|0 fnt
|faint|p2a: Ditto
|-damage|p1a: Marshadow|23/100|[from] item: Life Orb
|
|win|daode3
|raw|daode3's rating: 1532 &rarr; <strong>1555</strong><br />(+23 for winning)
|raw|shisky's rating: 1593 &rarr; <strong>1570</strong><br />(-23 for losing)
|l|☆shisky
