|j|☆biggerestdawg
|j|☆Obito 2001
|t:|1667540587
|gametype|singles
|player|p1|biggerestdawg|janitor|1653
|player|p2|Obito 2001|teamrocket|1995
|teamsize|p1|6
|teamsize|p2|6
|gen|8
|tier|[Gen 8] National Dex AG
|rated|
|rule|HP Percentage Mod: HP is shown in percentages
|rule|Endless Battle Clause: Forcing endless battles is banned
|clearpoke
|poke|p1|Arceus-*|
|poke|p1|Arceus-*|
|poke|p1|Eternatus|
|poke|p1|Calyrex-Shadow|
|poke|p1|Ferrothorn, M|
|poke|p1|Copperajah, M|
|poke|p2|Blaziken, M|
|poke|p2|Ditto|
|poke|p2|Necrozma-Dusk-Mane|
|poke|p2|Arceus-*|
|poke|p2|Yveltal|
|poke|p2|Arceus-*|
|teampreview
|inactive|Battle timer is ON: inactive players will automatically lose when time's up. (requested by Obito 2001)
|
|t:|1667540600
|start
|switch|p1a: Copperajah|Copperajah, M|100/100
|switch|p2a: Yveltal|Yveltal, shiny|100/100
|-ability|p2a: Yveltal|Dark Aura
|-item|p1a: Copperajah|Air Balloon
|turn|1
|
|t:|1667540605
|move|p2a: Yveltal|Taunt|p1a: Copperajah
|-start|p1a: Copperajah|move: Taunt
|cant|p1a: Copperajah|move: Taunt|Stealth Rock
|
|upkeep
|turn|2
|
|t:|1667540613
|move|p2a: Yveltal|Foul Play|p1a: Copperajah
|-damage|p1a: Copperajah|31/100
|-enditem|p1a: Copperajah|Air Balloon
|move|p1a: Copperajah|Iron Head|p2a: Yveltal
|-damage|p2a: Yveltal|70/100
|
|upkeep
|turn|3
|
|t:|1667540620
|switch|p1a: Eternatus|Eternatus|100/100
|-ability|p1a: Eternatus|Pressure
|move|p2a: Yveltal|Foul Play|p1a: Eternatus
|-damage|p1a: Eternatus|77/100
|
|-heal|p1a: Eternatus|84/100|[from] item: Black Sludge
|upkeep
|turn|4
|
|t:|1667540625
|switch|p2a: Necrozma|Necrozma-Dusk-Mane|100/100
|move|p1a: Eternatus|Toxic Spikes|p2a: Necrozma
|-sidestart|p2: Obito 2001|move: Toxic Spikes
|
|-heal|p1a: Eternatus|90/100|[from] item: Black Sludge
|upkeep
|turn|5
|
|t:|1667540630
|move|p1a: Eternatus|Flamethrower|p2a: Necrozma
|-supereffective|p2a: Necrozma
|-damage|p2a: Necrozma|65/100
|move|p2a: Necrozma|Stealth Rock|p1a: Eternatus
|-sidestart|p1: biggerestdawg|move: Stealth Rock
|
|-heal|p1a: Eternatus|96/100|[from] item: Black Sludge
|upkeep
|turn|6
|
|t:|1667540641
|move|p1a: Eternatus|Toxic Spikes|p2a: Necrozma
|-sidestart|p2: Obito 2001|move: Toxic Spikes
|move|p2a: Necrozma|Thunder Wave|p1a: Eternatus
|-status|p1a: Eternatus|par
|
|-heal|p1a: Eternatus|100/100 par|[from] item: Black Sludge
|upkeep
|turn|7
|
|t:|1667540652
|switch|p2a: Yveltal|Yveltal, shiny|70/100
|-ability|p2a: Yveltal|Dark Aura
|cant|p1a: Eternatus|par
|
|upkeep
|turn|8
|
|t:|1667540663
|move|p2a: Yveltal|Taunt|p1a: Eternatus
|-start|p1a: Eternatus|move: Taunt
|cant|p1a: Eternatus|move: Taunt|Toxic
|
|upkeep
|turn|9
|
|t:|1667540670
|move|p2a: Yveltal|Foul Play|p1a: Eternatus
|-damage|p1a: Eternatus|77/100 par
|move|p1a: Eternatus|Flamethrower|p2a: Yveltal
|-damage|p2a: Yveltal|46/100
|
|-heal|p1a: Eternatus|84/100 par|[from] item: Black Sludge
|upkeep
|turn|10
|
|t:|1667540676
|move|p2a: Yveltal|Roost|p2a: Yveltal
|-heal|p2a: Yveltal|96/100
|-singleturn|p2a: Yveltal|move: Roost
|move|p1a: Eternatus|Flamethrower|p2a: Yveltal
|-damage|p2a: Yveltal|74/100
|
|-heal|p1a: Eternatus|90/100 par|[from] item: Black Sludge
|-end|p1a: Eternatus|move: Taunt
|upkeep
|turn|11
|
|t:|1667540680
|switch|p1a: Ferrothorn|Ferrothorn, M|100/100
|-damage|p1a: Ferrothorn|94/100|[from] Stealth Rock
|move|p2a: Yveltal|Taunt|p1a: Ferrothorn
|-start|p1a: Ferrothorn|move: Taunt
|
|-heal|p1a: Ferrothorn|100/100|[from] item: Leftovers
|upkeep
|turn|12
|
|t:|1667540690
|move|p2a: Yveltal|Foul Play|p1a: Ferrothorn
|-damage|p1a: Ferrothorn|66/100
|-damage|p2a: Yveltal|61/100|[from] ability: Iron Barbs|[of] p1a: Ferrothorn
|move|p1a: Ferrothorn|Knock Off|p2a: Yveltal
|-resisted|p2a: Yveltal
|-damage|p2a: Yveltal|54/100
|-enditem|p2a: Yveltal|Heavy-Duty Boots|[from] move: Knock Off|[of] p1a: Ferrothorn
|
|-heal|p1a: Ferrothorn|72/100|[from] item: Leftovers
|upkeep
|turn|13
|
|t:|1667540703
|switch|p1a: Eternatus|Eternatus|90/100 par
|-damage|p1a: Eternatus|77/100 par|[from] Stealth Rock
|-ability|p1a: Eternatus|Pressure
|move|p2a: Yveltal|Foul Play|p1a: Eternatus
|-damage|p1a: Eternatus|55/100 par
|
|-heal|p1a: Eternatus|61/100 par|[from] item: Black Sludge
|upkeep
|turn|14
|
|t:|1667540706
|move|p2a: Yveltal|Taunt|p1a: Eternatus
|-start|p1a: Eternatus|move: Taunt
|move|p1a: Eternatus|Flamethrower|p2a: Yveltal
|-damage|p2a: Yveltal|33/100
|
|-heal|p1a: Eternatus|67/100 par|[from] item: Black Sludge
|upkeep
|turn|15
|
|t:|1667540711
|switch|p1a: Arceus|Arceus-Ground|100/100
|-damage|p1a: Arceus|94/100|[from] Stealth Rock
|move|p2a: Yveltal|Roost|p2a: Yveltal
|-heal|p2a: Yveltal|83/100
|-singleturn|p2a: Yveltal|move: Roost
|
|upkeep
|turn|16
|
|t:|1667540720
|switch|p2a: Arceus|Arceus-Fairy|100/100
|-status|p2a: Arceus|tox
|move|p1a: Arceus|Ice Beam|p2a: Arceus
|-damage|p2a: Arceus|89/100 tox
|
|-damage|p2a: Arceus|83/100 tox|[from] psn
|upkeep
|turn|17
|
|t:|1667540729
|switch|p1a: Copperajah|Copperajah, M|31/100
|-damage|p1a: Copperajah|24/100|[from] Stealth Rock
|move|p2a: Arceus|Toxic|p1a: Copperajah
|-immune|p1a: Copperajah
|
|-damage|p2a: Arceus|71/100 tox|[from] psn
|upkeep
|turn|18
|
|t:|1667540732
|move|p2a: Arceus|Judgment|p1a: Copperajah
|-resisted|p1a: Copperajah
|-damage|p1a: Copperajah|0 fnt
|faint|p1a: Copperajah
|
|-damage|p2a: Arceus|53/100 tox|[from] psn
|upkeep
|
|t:|1667540734
|switch|p1a: Ferrothorn|Ferrothorn, M|72/100
|-damage|p1a: Ferrothorn|66/100|[from] Stealth Rock
|turn|19
|
|t:|1667540740
|switch|p2a: Yveltal|Yveltal, shiny|83/100
|-ability|p2a: Yveltal|Dark Aura
|move|p1a: Ferrothorn|Leech Seed|p2a: Yveltal
|-start|p2a: Yveltal|move: Leech Seed
|
|-heal|p1a: Ferrothorn|72/100|[from] item: Leftovers
|-damage|p2a: Yveltal|70/100|[from] Leech Seed|[of] p1a: Ferrothorn
|-heal|p1a: Ferrothorn|88/100|[silent]
|upkeep
|turn|20
|
|t:|1667540749
|move|p1a: Ferrothorn|Protect|p1a: Ferrothorn
|-singleturn|p1a: Ferrothorn|Protect
|move|p2a: Yveltal|Taunt|p1a: Ferrothorn
|-activate|p1a: Ferrothorn|move: Protect
|
|-heal|p1a: Ferrothorn|95/100|[from] item: Leftovers
|-damage|p2a: Yveltal|58/100|[from] Leech Seed|[of] p1a: Ferrothorn
|-heal|p1a: Ferrothorn|100/100|[silent]
|upkeep
|turn|21
|
|t:|1667540756
|move|p2a: Yveltal|Roost|p2a: Yveltal
|-heal|p2a: Yveltal|100/100
|-singleturn|p2a: Yveltal|move: Roost
|move|p1a: Ferrothorn|Spikes|p2a: Yveltal
|-sidestart|p2: Obito 2001|Spikes
|
|-damage|p2a: Yveltal|88/100|[from] Leech Seed|[of] p1a: Ferrothorn
|upkeep
|turn|22
|
|t:|1667540762
|move|p2a: Yveltal|Taunt|p1a: Ferrothorn
|-start|p1a: Ferrothorn|move: Taunt
|cant|p1a: Ferrothorn|move: Taunt|Leech Seed
|
|-damage|p2a: Yveltal|76/100|[from] Leech Seed|[of] p1a: Ferrothorn
|upkeep
|turn|23
|
|t:|1667540767
|switch|p2a: Arceus|Arceus|100/100
|-status|p2a: Arceus|tox
|-enditem|p2a: Arceus|Lum Berry|[eat]
|-curestatus|p2a: Arceus|tox|[msg]
|-damage|p2a: Arceus|88/100|[from] Spikes
|move|p1a: Ferrothorn|Knock Off|p2a: Arceus
|-damage|p2a: Arceus|78/100
|
|upkeep
|turn|24
|
|t:|1667540777
|switch|p1a: Arceus|Arceus-Ground|94/100
|-damage|p1a: Arceus|88/100|[from] Stealth Rock
|move|p2a: Arceus|Swords Dance|p2a: Arceus
|-boost|p2a: Arceus|atk|2
|
|upkeep
|turn|25
|
|t:|1667540785
|move|p1a: Arceus|Judgment|p2a: Arceus
|-damage|p2a: Arceus|47/100
|move|p2a: Arceus|Recover|p2a: Arceus
|-heal|p2a: Arceus|97/100
|
|upkeep
|turn|26
|
|t:|1667540791
|move|p2a: Arceus|Extreme Speed|p1a: Arceus
|-damage|p1a: Arceus|44/100
|move|p1a: Arceus|Judgment|p2a: Arceus
|-damage|p2a: Arceus|66/100
|
|upkeep
|turn|27
|j| Nick072994
|
|t:|1667540799
|switch|p1a: Ferrothorn|Ferrothorn, M|100/100
|-damage|p1a: Ferrothorn|94/100|[from] Stealth Rock
|move|p2a: Arceus|Recover|p2a: Arceus
|-heal|p2a: Arceus|100/100
|
|-heal|p1a: Ferrothorn|100/100|[from] item: Leftovers
|upkeep
|turn|28
|
|t:|1667540804
|-start|p2a: Arceus|Dynamax|
|-heal|p2a: Arceus|100/100|[silent]
|move|p2a: Arceus|Max Phantasm|p1a: Ferrothorn
|-damage|p1a: Ferrothorn|40/100
|-unboost|p1a: Ferrothorn|def|1
|move|p1a: Ferrothorn|Leech Seed|p2a: Arceus
|-start|p2a: Arceus|move: Leech Seed
|
|-heal|p1a: Ferrothorn|46/100|[from] item: Leftovers
|-damage|p2a: Arceus|94/100|[from] Leech Seed|[of] p1a: Ferrothorn
|-heal|p1a: Ferrothorn|62/100|[silent]
|upkeep
|turn|29
|
|t:|1667540815
|move|p1a: Ferrothorn|Protect|p1a: Ferrothorn
|-singleturn|p1a: Ferrothorn|Protect
|move|p2a: Arceus|Max Strike|p1a: Ferrothorn
|-resisted|p1a: Ferrothorn
|-zbroken|p1a: Ferrothorn
|-damage|p1a: Ferrothorn|43/100
|-unboost|p1a: Ferrothorn|spe|1
|
|-heal|p1a: Ferrothorn|49/100|[from] item: Leftovers
|-damage|p2a: Arceus|88/100|[from] Leech Seed|[of] p1a: Ferrothorn
|-heal|p1a: Ferrothorn|64/100|[silent]
|upkeep
|turn|30
|
|t:|1667540820
|switch|p1a: Arceus|Arceus-Ground|44/100
|-damage|p1a: Arceus|38/100|[from] Stealth Rock
|move|p2a: Arceus|Max Phantasm|p1a: Arceus
|-damage|p1a: Arceus|0 fnt
|faint|p1a: Arceus
|
|upkeep
|
|t:|1667540822
|switch|p1a: Ferrothorn|Ferrothorn, M|64/100
|-damage|p1a: Ferrothorn|58/100|[from] Stealth Rock
|-end|p2a: Arceus|Dynamax
|-heal|p2a: Arceus|88/100|[silent]
|turn|31
|
|t:|1667540826
|move|p2a: Arceus|Swords Dance|p2a: Arceus
|-boost|p2a: Arceus|atk|2
|move|p1a: Ferrothorn|Spikes|p2a: Arceus
|-sidestart|p2: Obito 2001|Spikes
|
|-heal|p1a: Ferrothorn|64/100|[from] item: Leftovers
|-damage|p2a: Arceus|76/100|[from] Leech Seed|[of] p1a: Ferrothorn
|-heal|p1a: Ferrothorn|80/100|[silent]
|upkeep
|turn|32
|
|t:|1667540831
|move|p1a: Ferrothorn|Protect|p1a: Ferrothorn
|-singleturn|p1a: Ferrothorn|Protect
|move|p2a: Arceus|Swords Dance|p2a: Arceus
|-boost|p2a: Arceus|atk|2
|
|-heal|p1a: Ferrothorn|86/100|[from] item: Leftovers
|-damage|p2a: Arceus|63/100|[from] Leech Seed|[of] p1a: Ferrothorn
|-heal|p1a: Ferrothorn|100/100|[silent]
|upkeep
|turn|33
|
|t:|1667540836
|move|p2a: Arceus|Shadow Claw|p1a: Ferrothorn
|-damage|p1a: Ferrothorn|17/100
|-damage|p2a: Arceus|51/100|[from] ability: Iron Barbs|[of] p1a: Ferrothorn
|move|p1a: Ferrothorn|Spikes|p2a: Arceus
|-sidestart|p2: Obito 2001|Spikes
|
|-heal|p1a: Ferrothorn|23/100|[from] item: Leftovers
|-damage|p2a: Arceus|39/100|[from] Leech Seed|[of] p1a: Ferrothorn
|-heal|p1a: Ferrothorn|39/100|[silent]
|upkeep
|turn|34
|
|t:|1667540846
|move|p1a: Ferrothorn|Protect|p1a: Ferrothorn
|-singleturn|p1a: Ferrothorn|Protect
|move|p2a: Arceus|Recover|p2a: Arceus
|-heal|p2a: Arceus|89/100
|
|-heal|p1a: Ferrothorn|45/100|[from] item: Leftovers
|-damage|p2a: Arceus|76/100|[from] Leech Seed|[of] p1a: Ferrothorn
|-heal|p1a: Ferrothorn|61/100|[silent]
|upkeep
|turn|35
|
|t:|1667540854
|move|p1a: Ferrothorn|Protect||[still]
|-fail|p1a: Ferrothorn
|move|p2a: Arceus|Shadow Claw|p1a: Ferrothorn
|-damage|p1a: Ferrothorn|0 fnt
|-damage|p2a: Arceus|64/100|[from] ability: Iron Barbs|[of] p1a: Ferrothorn
|faint|p1a: Ferrothorn
|
|upkeep
|
|t:|1667540860
|switch|p1a: Calyrex|Calyrex-Shadow|100/100
|-ability|p1a: Calyrex|As One
|-ability|p1a: Calyrex|Unnerve
|-damage|p1a: Calyrex|88/100|[from] Stealth Rock
|turn|36
|
|t:|1667540865
|move|p1a: Calyrex|Substitute|p1a: Calyrex
|-start|p1a: Calyrex|Substitute
|-damage|p1a: Calyrex|63/100
|move|p2a: Arceus|Shadow Claw|p1a: Calyrex
|-supereffective|p1a: Calyrex
|-end|p1a: Calyrex|Substitute
|
|-damage|p2a: Arceus|51/100|[from] Leech Seed|[of] p1a: Calyrex
|-heal|p1a: Calyrex|79/100|[silent]
|upkeep
|turn|37
|
|t:|1667540874
|-zpower|p1a: Calyrex
|move|p1a: Calyrex|Twinkle Tackle|p2a: Arceus|[zeffect]
|-damage|p2a: Arceus|23/100
|move|p2a: Arceus|Shadow Claw|p1a: Calyrex
|-supereffective|p1a: Calyrex
|-crit|p1a: Calyrex
|-damage|p1a: Calyrex|0 fnt
|faint|p1a: Calyrex
|
|upkeep
|
|t:|1667540880
|switch|p1a: Arceus|Arceus|100/100
|-damage|p1a: Arceus|88/100|[from] Stealth Rock
|turn|38
|
|t:|1667540883
|move|p1a: Arceus|Extreme Speed|p2a: Arceus
|-damage|p2a: Arceus|0 fnt
|faint|p2a: Arceus
|
|upkeep
|
|t:|1667540893
|switch|p2a: Blaziken|Blaziken, M|100/100
|-status|p2a: Blaziken|tox
|-damage|p2a: Blaziken|76/100 tox|[from] Spikes
|turn|39
|
|t:|1667540899
|switch|p1a: Eternatus|Eternatus|67/100 par
|-damage|p1a: Eternatus|55/100 par|[from] Stealth Rock
|-ability|p1a: Eternatus|Pressure
|detailschange|p2a: Blaziken|Blaziken-Mega, M
|-mega|p2a: Blaziken|Blaziken|Blazikenite
|move|p2a: Blaziken|Close Combat|p1a: Eternatus
|-resisted|p1a: Eternatus
|-damage|p1a: Eternatus|27/100 par
|-unboost|p2a: Blaziken|def|1
|-unboost|p2a: Blaziken|spd|1
|
|-heal|p1a: Eternatus|33/100 par|[from] item: Black Sludge
|-damage|p2a: Blaziken|70/100 tox|[from] psn
|-ability|p2a: Blaziken|Speed Boost|boost
|-boost|p2a: Blaziken|spe|1
|upkeep
|turn|40
|
|t:|1667540912
|move|p2a: Blaziken|Stone Edge|p1a: Eternatus
|-damage|p1a: Eternatus|0 fnt
|faint|p1a: Eternatus
|
|-damage|p2a: Blaziken|58/100 tox|[from] psn
|-ability|p2a: Blaziken|Speed Boost|boost
|-boost|p2a: Blaziken|spe|1
|upkeep
|
|t:|1667540916
|switch|p1a: Arceus|Arceus|88/100
|-damage|p1a: Arceus|76/100|[from] Stealth Rock
|turn|41
|
|t:|1667540919
|move|p2a: Blaziken|Close Combat|p1a: Arceus
|-supereffective|p1a: Arceus
|-enditem|p1a: Arceus|Chople Berry|[eat]
|-enditem|p1a: Arceus|Chople Berry|[weaken]
|-damage|p1a: Arceus|21/100
|-unboost|p2a: Blaziken|def|1
|-unboost|p2a: Blaziken|spd|1
|move|p1a: Arceus|Swords Dance|p1a: Arceus
|-boost|p1a: Arceus|atk|2
|
|-damage|p2a: Blaziken|40/100 tox|[from] psn
|-ability|p2a: Blaziken|Speed Boost|boost
|-boost|p2a: Blaziken|spe|1
|upkeep
|turn|42
|
|t:|1667540924
|move|p1a: Arceus|Extreme Speed|p2a: Blaziken
|-damage|p2a: Blaziken|0 fnt
|faint|p2a: Blaziken
|
|upkeep
|
|t:|1667540929
|switch|p2a: Ditto|Ditto, shiny|100/100
|-status|p2a: Ditto|tox
|-damage|p2a: Ditto|76/100 tox|[from] Spikes
|-transform|p2a: Ditto|p1a: Arceus|[from] ability: Imposter
|turn|43
|
|t:|1667540937
|-start|p1a: Arceus|Dynamax|
|-heal|p1a: Arceus|21/100|[silent]
|move|p1a: Arceus|Max Guard|p1a: Arceus
|-singleturn|p1a: Arceus|Max Guard
|move|p2a: Ditto|Extreme Speed|p1a: Arceus
|-activate|p1a: Arceus|move: Max Guard
|
|-damage|p2a: Ditto|70/100 tox|[from] psn
|upkeep
|turn|44
|
|t:|1667540944
|move|p2a: Ditto|Extreme Speed|p1a: Arceus
|-damage|p1a: Arceus|0 fnt
|faint|p1a: Arceus
|
|win|Obito 2001
|raw|biggerestdawg's rating: 1653 &rarr; <strong>1648</strong><br />(-5 for losing)
|raw|Obito 2001's rating: 1995 &rarr; <strong>2000</strong><br />(+5 for winning)
|l|☆biggerestdawg
