|j|☆Alto God
|j|☆Hikhanh123
|t:|1601675514
|player|p1|Alto God|dahlia|1258
|player|p2|Hikhanh123|red|1357
|teamsize|p1|6
|teamsize|p2|6
|gametype|singles
|gen|8
|tier|[Gen 8] National Dex AG
|rated|
|clearpoke
|poke|p1|Umbreon, F|
|poke|p1|Beedrill, F|
|poke|p1|Klefki, F|
|poke|p1|Gastrodon-East, F|
|poke|p1|Skarmory, F|
|poke|p1|Noivern, F|
|poke|p2|Xurkitree|
|poke|p2|Gigalith, F|
|poke|p2|Dragonite, M|
|poke|p2|Shuckle, F|
|poke|p2|Gyarados, M|
|poke|p2|Lopunny, F|
|rule|HP Percentage Mod: HP is shown in percentages
|rule|Endless Battle Clause: Forcing endless battles is banned
|teampreview
|inactive|Battle timer is ON: inactive players will automatically lose when time's up. (requested by Alto God)
|inactive|Hikhanh123 also wants the timer to be on.
|
|t:|1601675519
|start
|switch|p1a: The Disastrous One|Beedrill, F, shiny|100/100
|switch|p2a: Shuckle|Shuckle, F|100/100
|turn|1
|
|t:|1601675523
|detailschange|p1a: The Disastrous One|Beedrill-Mega, F, shiny
|-mega|p1a: The Disastrous One|Beedrill|Beedrillite
|move|p1a: The Disastrous One|U-turn|p2a: Shuckle
|-damage|p2a: Shuckle|64/100
|-damage|p1a: The Disastrous One|84/100|[from] item: Rocky Helmet|[of] p2a: Shuckle
|
|t:|1601675529
|switch|p1a: Green Angel|Skarmory, F, shiny|100/100|[from]move: U-turn
|move|p2a: Shuckle|Sticky Web|p1a: Green Angel
|-sidestart|p1: Alto God|move: Sticky Web
|
|upkeep
|turn|2
|
|t:|1601675532
|move|p1a: Green Angel|Stealth Rock|p2a: Shuckle
|-sidestart|p2: Hikhanh123|move: Stealth Rock
|move|p2a: Shuckle|Stealth Rock|p1a: Green Angel
|-sidestart|p1: Alto God|move: Stealth Rock
|
|upkeep
|turn|3
|
|t:|1601675534
|move|p1a: Green Angel|Defog|p2a: Shuckle
|-unboost|p2a: Shuckle|evasion|1
|-sideend|p2: Hikhanh123|Stealth Rock|[from] move: Defog|[of] p1a: Green Angel
|-sideend|p1: Alto God|Stealth Rock|[from] move: Defog|[of] p1a: Green Angel
|-sideend|p1: Alto God|Sticky Web|[from] move: Defog|[of] p1a: Green Angel
|move|p2a: Shuckle|Encore|p1a: Green Angel
|-start|p1a: Green Angel|Encore
|
|upkeep
|turn|4
|
|t:|1601675541
|switch|p1a: The Disastrous One|Beedrill-Mega, F, shiny|84/100
|move|p2a: Shuckle|Sticky Web|p1a: The Disastrous One
|-sidestart|p1: Alto God|move: Sticky Web
|
|upkeep
|turn|5
|
|t:|1601675543
|move|p1a: The Disastrous One|U-turn|p2a: Shuckle
|-damage|p2a: Shuckle|25/100
|-damage|p1a: The Disastrous One|67/100|[from] item: Rocky Helmet|[of] p2a: Shuckle
|
|t:|1601675546
|switch|p1a: Green Angel|Skarmory, F, shiny|100/100|[from]move: U-turn
|move|p2a: Shuckle|Stealth Rock|p1a: Green Angel
|-sidestart|p1: Alto God|move: Stealth Rock
|
|upkeep
|turn|6
|
|t:|1601675551
|switch|p2a: Lopunny|Lopunny, F|100/100
|move|p1a: Green Angel|Defog|p2a: Lopunny
|-unboost|p2a: Lopunny|evasion|1
|-sideend|p1: Alto God|Stealth Rock|[from] move: Defog|[of] p1a: Green Angel
|-sideend|p1: Alto God|Sticky Web|[from] move: Defog|[of] p1a: Green Angel
|
|upkeep
|turn|7
|
|t:|1601675554
|detailschange|p2a: Lopunny|Lopunny-Mega, F
|-mega|p2a: Lopunny|Lopunny|Lopunnite
|move|p2a: Lopunny|Fake Out|p1a: Green Angel
|-resisted|p1a: Green Angel
|-damage|p1a: Green Angel|95/100
|cant|p1a: Green Angel|flinch
|
|-heal|p1a: Green Angel|100/100|[from] item: Leftovers
|upkeep
|turn|8
|
|t:|1601675565
|move|p2a: Lopunny|Close Combat|p1a: Green Angel
|-damage|p1a: Green Angel|65/100
|-unboost|p2a: Lopunny|def|1
|-unboost|p2a: Lopunny|spd|1
|move|p1a: Green Angel|Stealth Rock|p2a: Lopunny
|-sidestart|p2: Hikhanh123|move: Stealth Rock
|
|-heal|p1a: Green Angel|71/100|[from] item: Leftovers
|upkeep
|turn|9
|
|t:|1601675576
|switch|p2a: Gyarados|Gyarados, M|100/100
|-damage|p2a: Gyarados|76/100|[from] Stealth Rock
|move|p1a: Green Angel|Roost|p1a: Green Angel
|-heal|p1a: Green Angel|100/100
|-singleturn|p1a: Green Angel|move: Roost
|
|upkeep
|turn|10
|
|t:|1601675580
|move|p2a: Gyarados|Dragon Dance|p2a: Gyarados
|-boost|p2a: Gyarados|atk|1
|-boost|p2a: Gyarados|spe|1
|move|p1a: Green Angel|Whirlwind|p2a: Gyarados
|drag|p2a: Xurkitree|Xurkitree|100/100
|-damage|p2a: Xurkitree|88/100|[from] Stealth Rock
|
|upkeep
|turn|11
|
|t:|1601675584
|switch|p1a: Iron Lung|Gastrodon-East, F, shiny|100/100
|move|p2a: Xurkitree|Discharge|p1a: Iron Lung
|-immune|p1a: Iron Lung
|
|upkeep
|turn|12
|
|t:|1601675591
|switch|p1a: The Disastrous One|Beedrill-Mega, F, shiny|67/100
|-start|p2a: Xurkitree|Dynamax
|-heal|p2a: Xurkitree|88/100|[silent]
|move|p2a: Xurkitree|Max Overgrowth|p1a: The Disastrous One
|-resisted|p1a: The Disastrous One
|-damage|p1a: The Disastrous One|48/100
|-fieldstart|move: Grassy Terrain
|
|-heal|p1a: The Disastrous One|55/100|[from] Grassy Terrain
|-heal|p2a: Xurkitree|91/100|[from] Grassy Terrain
|upkeep
|turn|13
|
|t:|1601675601
|move|p1a: The Disastrous One|U-turn|p2a: Xurkitree
|-damage|p2a: Xurkitree|50/100
|
|t:|1601675605
|switch|p1a: Iron Lung|Gastrodon-East, F, shiny|100/100|[from]move: U-turn
|move|p2a: Xurkitree|Max Flutterby|p1a: Iron Lung
|-damage|p1a: Iron Lung|57/100
|-unboost|p1a: Iron Lung|spa|1
|
|-heal|p2a: Xurkitree|53/100|[from] Grassy Terrain
|-heal|p1a: Iron Lung|64/100|[from] item: Leftovers
|-heal|p1a: Iron Lung|70/100|[from] Grassy Terrain
|upkeep
|turn|14
|
|t:|1601675613
|switch|p1a: Green Angel|Skarmory, F, shiny|100/100
|move|p2a: Xurkitree|Max Lightning|p1a: Green Angel
|-supereffective|p1a: Green Angel
|-ability|p1a: Green Angel|Sturdy
|-damage|p1a: Green Angel|1/100
|-fieldstart|move: Electric Terrain
|
|-heal|p1a: Green Angel|7/100|[from] item: Leftovers
|-end|p2a: Xurkitree|Dynamax
|-heal|p2a: Xurkitree|53/100|[silent]
|upkeep
|turn|15
|
|t:|1601675629
|switch|p2a: Lopunny|Lopunny-Mega, F|100/100
|-damage|p2a: Lopunny|95/100|[from] Stealth Rock
|switch|p1a: Boo-boo Keys|Klefki, F, shiny|100/100
|
|upkeep
|turn|16
|
|t:|1601675634
|move|p2a: Lopunny|Fake Out|p1a: Boo-boo Keys
|-resisted|p1a: Boo-boo Keys
|-damage|p1a: Boo-boo Keys|90/100
|cant|p1a: Boo-boo Keys|flinch
|
|-heal|p1a: Boo-boo Keys|96/100|[from] item: Leftovers
|upkeep
|turn|17
|
|t:|1601675639
|move|p1a: Boo-boo Keys|Thunder Wave|p2a: Lopunny
|-status|p2a: Lopunny|par
|move|p2a: Lopunny|Return|p1a: Boo-boo Keys
|-resisted|p1a: Boo-boo Keys
|-damage|p1a: Boo-boo Keys|71/100
|
|-heal|p1a: Boo-boo Keys|77/100|[from] item: Leftovers
|upkeep
|turn|18
|
|t:|1601675643
|move|p1a: Boo-boo Keys|Reflect|p1a: Boo-boo Keys
|-sidestart|p1: Alto God|Reflect
|move|p2a: Lopunny|Close Combat|p1a: Boo-boo Keys
|-damage|p1a: Boo-boo Keys|46/100
|-unboost|p2a: Lopunny|def|1
|-unboost|p2a: Lopunny|spd|1
|
|-heal|p1a: Boo-boo Keys|52/100|[from] item: Leftovers
|-fieldend|move: Electric Terrain
|upkeep
|turn|19
|
|t:|1601675651
|switch|p2a: Gyarados|Gyarados, M|76/100
|-damage|p2a: Gyarados|51/100|[from] Stealth Rock
|switch|p1a: White Noise|Noivern, F, shiny|100/100
|
|upkeep
|turn|20
|
|t:|1601675656
|move|p1a: White Noise|Dragon Pulse|p2a: Gyarados
|-damage|p2a: Gyarados|6/100
|-damage|p1a: White Noise|91/100|[from] item: Life Orb
|move|p2a: Gyarados|Dragon Dance|p2a: Gyarados
|-boost|p2a: Gyarados|atk|1
|-boost|p2a: Gyarados|spe|1
|
|upkeep
|turn|21
|
|t:|1601675667
|move|p2a: Gyarados|Waterfall|p1a: White Noise
|-resisted|p1a: White Noise
|-damage|p1a: White Noise|69/100
|cant|p1a: White Noise|flinch
|
|upkeep
|turn|22
|
|t:|1601675671
|move|p2a: Gyarados|Crunch|p1a: White Noise
|-damage|p1a: White Noise|40/100
|move|p1a: White Noise|Agility|p1a: White Noise
|-boost|p1a: White Noise|spe|2
|
|-sideend|p1: Alto God|Reflect
|upkeep
|turn|23
|
|t:|1601675681
|move|p1a: White Noise|Dragon Pulse|p2a: Gyarados
|-damage|p2a: Gyarados|0 fnt
|-damage|p1a: White Noise|30/100|[from] item: Life Orb
|faint|p2a: Gyarados
|
|upkeep
|
|t:|1601675683
|switch|p2a: Lopunny|Lopunny-Mega, F|95/100 par
|-damage|p2a: Lopunny|89/100 par|[from] Stealth Rock
|turn|24
|
|t:|1601675686
|move|p2a: Lopunny|Fake Out|p1a: White Noise
|-damage|p1a: White Noise|2/100
|cant|p1a: White Noise|flinch
|
|upkeep
|turn|25
|
|t:|1601675689
|move|p2a: Lopunny|Quick Attack|p1a: White Noise
|-damage|p1a: White Noise|0 fnt
|faint|p1a: White Noise
|
|upkeep
|
|t:|1601675692
|switch|p1a: The Disastrous One|Beedrill-Mega, F, shiny|55/100
|turn|26
|
|t:|1601675703
|move|p2a: Lopunny|Quick Attack|p1a: The Disastrous One
|-damage|p1a: The Disastrous One|0 fnt
|faint|p1a: The Disastrous One
|
|upkeep
|
|t:|1601675709
|switch|p1a: Boo-boo Keys|Klefki, F, shiny|52/100
|turn|27
|
|t:|1601675715
|switch|p2a: Xurkitree|Xurkitree|53/100
|-damage|p2a: Xurkitree|41/100|[from] Stealth Rock
|move|p1a: Boo-boo Keys|Reflect|p1a: Boo-boo Keys
|-sidestart|p1: Alto God|Reflect
|
|-heal|p1a: Boo-boo Keys|58/100|[from] item: Leftovers
|upkeep
|turn|28
|
|t:|1601675726
|move|p1a: Boo-boo Keys|Light Screen|p1a: Boo-boo Keys
|-sidestart|p1: Alto God|move: Light Screen
|move|p2a: Xurkitree|Energy Ball|p1a: Boo-boo Keys
|-resisted|p1a: Boo-boo Keys
|-damage|p1a: Boo-boo Keys|48/100
|
|-heal|p1a: Boo-boo Keys|53/100|[from] item: Leftovers
|upkeep
|turn|29
|
|t:|1601675731
|move|p1a: Boo-boo Keys|Spikes|p2a: Xurkitree
|-sidestart|p2: Hikhanh123|Spikes
|move|p2a: Xurkitree|Energy Ball|p1a: Boo-boo Keys
|-resisted|p1a: Boo-boo Keys
|-damage|p1a: Boo-boo Keys|43/100
|
|-heal|p1a: Boo-boo Keys|49/100|[from] item: Leftovers
|upkeep
|turn|30
|
|t:|1601675734
|move|p1a: Boo-boo Keys|Spikes|p2a: Xurkitree
|-sidestart|p2: Hikhanh123|Spikes
|move|p2a: Xurkitree|Energy Ball|p1a: Boo-boo Keys
|-resisted|p1a: Boo-boo Keys
|-damage|p1a: Boo-boo Keys|40/100
|
|-heal|p1a: Boo-boo Keys|45/100|[from] item: Leftovers
|upkeep
|turn|31
|
|t:|1601675737
|move|p1a: Boo-boo Keys|Spikes|p2a: Xurkitree
|-sidestart|p2: Hikhanh123|Spikes
|move|p2a: Xurkitree|Energy Ball|p1a: Boo-boo Keys
|-resisted|p1a: Boo-boo Keys
|-damage|p1a: Boo-boo Keys|35/100
|
|-heal|p1a: Boo-boo Keys|41/100|[from] item: Leftovers
|-sideend|p1: Alto God|Reflect
|upkeep
|turn|32
|
|t:|1601675741
|move|p1a: Boo-boo Keys|Reflect|p1a: Boo-boo Keys
|-sidestart|p1: Alto God|Reflect
|move|p2a: Xurkitree|Energy Ball|p1a: Boo-boo Keys
|-resisted|p1a: Boo-boo Keys
|-damage|p1a: Boo-boo Keys|29/100
|
|-heal|p1a: Boo-boo Keys|35/100|[from] item: Leftovers
|-sideend|p1: Alto God|move: Light Screen
|upkeep
|turn|33
|
|t:|1601675742
|move|p1a: Boo-boo Keys|Light Screen|p1a: Boo-boo Keys
|-sidestart|p1: Alto God|move: Light Screen
|move|p2a: Xurkitree|Energy Ball|p1a: Boo-boo Keys
|-resisted|p1a: Boo-boo Keys
|-damage|p1a: Boo-boo Keys|26/100
|
|-heal|p1a: Boo-boo Keys|32/100|[from] item: Leftovers
|upkeep
|turn|34
|
|t:|1601675750
|switch|p1a: Old Nails Noctali|Umbreon, F, shiny|100/100
|move|p2a: Xurkitree|Energy Ball|p1a: Old Nails Noctali
|-damage|p1a: Old Nails Noctali|91/100
|
|-heal|p1a: Old Nails Noctali|97/100|[from] item: Leftovers
|upkeep
|turn|35
|
|t:|1601675752
|move|p2a: Xurkitree|Energy Ball|p1a: Old Nails Noctali
|-damage|p1a: Old Nails Noctali|87/100
|move|p1a: Old Nails Noctali|Curse|p1a: Old Nails Noctali
|-unboost|p1a: Old Nails Noctali|spe|1
|-boost|p1a: Old Nails Noctali|atk|1
|-boost|p1a: Old Nails Noctali|def|1
|
|-heal|p1a: Old Nails Noctali|93/100|[from] item: Leftovers
|upkeep
|turn|36
|
|t:|1601675756
|move|p2a: Xurkitree|Energy Ball|p1a: Old Nails Noctali
|-damage|p1a: Old Nails Noctali|82/100
|move|p1a: Old Nails Noctali|Curse|p1a: Old Nails Noctali
|-unboost|p1a: Old Nails Noctali|spe|1
|-boost|p1a: Old Nails Noctali|atk|1
|-boost|p1a: Old Nails Noctali|def|1
|
|-heal|p1a: Old Nails Noctali|89/100|[from] item: Leftovers
|-sideend|p1: Alto God|Reflect
|upkeep
|turn|37
|
|t:|1601675758
|move|p2a: Xurkitree|Energy Ball|p1a: Old Nails Noctali
|-damage|p1a: Old Nails Noctali|79/100
|move|p1a: Old Nails Noctali|Curse|p1a: Old Nails Noctali
|-unboost|p1a: Old Nails Noctali|spe|1
|-boost|p1a: Old Nails Noctali|atk|1
|-boost|p1a: Old Nails Noctali|def|1
|
|-heal|p1a: Old Nails Noctali|85/100|[from] item: Leftovers
|-sideend|p1: Alto God|move: Light Screen
|upkeep
|turn|38
|
|t:|1601675760
|move|p2a: Xurkitree|Energy Ball|p1a: Old Nails Noctali
|-damage|p1a: Old Nails Noctali|63/100
|move|p1a: Old Nails Noctali|Payback|p2a: Xurkitree
|-damage|p2a: Xurkitree|0 fnt
|faint|p2a: Xurkitree
|
|-heal|p1a: Old Nails Noctali|69/100|[from] item: Leftovers
|upkeep
|
|t:|1601675763
|switch|p2a: Lopunny|Lopunny-Mega, F|89/100 par
|-damage|p2a: Lopunny|64/100 par|[from] Spikes
|-damage|p2a: Lopunny|58/100 par|[from] Stealth Rock
|turn|39
|
|t:|1601675765
|cant|p2a: Lopunny|par
|move|p1a: Old Nails Noctali|Wish|p1a: Old Nails Noctali
|
|-heal|p1a: Old Nails Noctali|75/100|[from] item: Leftovers
|upkeep
|turn|40
|
|t:|1601675770
|cant|p2a: Lopunny|par
|move|p1a: Old Nails Noctali|Curse|p1a: Old Nails Noctali
|-unboost|p1a: Old Nails Noctali|spe|1
|-boost|p1a: Old Nails Noctali|atk|1
|-boost|p1a: Old Nails Noctali|def|1
|
|-heal|p1a: Old Nails Noctali|100/100|[from] move: Wish|[wisher] Old Nails Noctali
|upkeep
|turn|41
|
|t:|1601675774
|move|p2a: Lopunny|Close Combat|p1a: Old Nails Noctali
|-supereffective|p1a: Old Nails Noctali
|-damage|p1a: Old Nails Noctali|68/100
|-unboost|p2a: Lopunny|def|1
|-unboost|p2a: Lopunny|spd|1
|move|p1a: Old Nails Noctali|Wish|p1a: Old Nails Noctali
|
|-heal|p1a: Old Nails Noctali|74/100|[from] item: Leftovers
|upkeep
|turn|42
|
|t:|1601675780
|switch|p2a: Shuckle|Shuckle, F|25/100
|-damage|p2a: Shuckle|0 fnt|[from] Spikes
|faint|p2a: Shuckle
|move|p1a: Old Nails Noctali|Curse|p1a: Old Nails Noctali
|-unboost|p1a: Old Nails Noctali|spe|1
|-boost|p1a: Old Nails Noctali|atk|1
|-boost|p1a: Old Nails Noctali|def|1
|
|-heal|p1a: Old Nails Noctali|100/100|[from] move: Wish|[wisher] Old Nails Noctali
|upkeep
|
|t:|1601675784
|switch|p2a: Gigalith|Gigalith, F|100/100
|turn|43
|
|t:|1601675788
|move|p2a: Gigalith|Explosion|p1a: Old Nails Noctali
|-damage|p1a: Old Nails Noctali|79/100
|faint|p2a: Gigalith
|move|p1a: Old Nails Noctali|Payback|p2: Gigalith|[notarget]
|-fail|p1a: Old Nails Noctali
|
|-heal|p1a: Old Nails Noctali|85/100|[from] item: Leftovers
|upkeep
|
|t:|1601675791
|switch|p2a: Dragonite|Dragonite, M|100/100
|-damage|p2a: Dragonite|76/100|[from] Stealth Rock
|turn|44
|
|t:|1601675794
|move|p2a: Dragonite|Dragon Dance|p2a: Dragonite
|-boost|p2a: Dragonite|atk|1
|-boost|p2a: Dragonite|spe|1
|move|p1a: Old Nails Noctali|Wish|p1a: Old Nails Noctali
|
|-heal|p1a: Old Nails Noctali|91/100|[from] item: Leftovers
|upkeep
|turn|45
|
|t:|1601675797
|move|p2a: Dragonite|Dragon Dance|p2a: Dragonite
|-boost|p2a: Dragonite|atk|1
|-boost|p2a: Dragonite|spe|1
|move|p1a: Old Nails Noctali|Curse|p1a: Old Nails Noctali
|-unboost|p1a: Old Nails Noctali|spe|1
|-boost|p1a: Old Nails Noctali|atk|1
|-boost|p1a: Old Nails Noctali|def|1
|
|-heal|p1a: Old Nails Noctali|100/100|[from] move: Wish|[wisher] Old Nails Noctali
|upkeep
|turn|46
|
|t:|1601675799
|move|p2a: Dragonite|Dragon Dance|p2a: Dragonite
|-boost|p2a: Dragonite|atk|1
|-boost|p2a: Dragonite|spe|1
|move|p1a: Old Nails Noctali|Payback|p2a: Dragonite
|-damage|p2a: Dragonite|0 fnt
|faint|p2a: Dragonite
|
|upkeep
|
|t:|1601675802
|switch|p2a: Lopunny|Lopunny-Mega, F|58/100 par
|-damage|p2a: Lopunny|33/100 par|[from] Spikes
|-damage|p2a: Lopunny|27/100 par|[from] Stealth Rock
|turn|47
|c|☆Alto God|Good game.
|
|t:|1601675808
|move|p2a: Lopunny|Fake Out|p1a: Old Nails Noctali
|-crit|p1a: Old Nails Noctali
|-damage|p1a: Old Nails Noctali|76/100
|cant|p1a: Old Nails Noctali|flinch
|
|-heal|p1a: Old Nails Noctali|82/100|[from] item: Leftovers
|upkeep
|turn|48
|
|t:|1601675812
|move|p2a: Lopunny|Close Combat|p1a: Old Nails Noctali
|-supereffective|p1a: Old Nails Noctali
|-damage|p1a: Old Nails Noctali|57/100
|-unboost|p2a: Lopunny|def|1
|-unboost|p2a: Lopunny|spd|1
|move|p1a: Old Nails Noctali|Payback|p2a: Lopunny
|-resisted|p2a: Lopunny
|-damage|p2a: Lopunny|0 fnt
|faint|p2a: Lopunny
|
|win|Alto God
|l|☆Hikhanh123
