|j|☆Snake of the Moon
|j|☆v87
|t:|1659871977
|gametype|singles
|player|p1|Snake of the Moon|ethan-masters|1854
|player|p2|v87|266|1824
|teamsize|p1|6
|teamsize|p2|6
|gen|8
|tier|[Gen 8] National Dex AG
|rated|
|rule|HP Percentage Mod: HP is shown in percentages
|rule|Endless Battle Clause: Forcing endless battles is banned
|clearpoke
|poke|p1|Calyrex-Ice|
|poke|p1|Arceus-*|
|poke|p1|Arceus-*|
|poke|p1|Quagsire, M|
|poke|p1|Chansey, F|
|poke|p1|Arceus-*|
|poke|p2|Excadrill, F|
|poke|p2|Victini|
|poke|p2|Xerneas-*|
|poke|p2|Marshadow|
|poke|p2|Calyrex-Shadow|
|poke|p2|Arceus-*|
|teampreview
|inactive|Battle timer is ON: inactive players will automatically lose when time's up. (requested by Snake of the Moon)
|
|t:|1659871989
|start
|switch|p1a: Arceus|Arceus-Fairy|100/100
|switch|p2a: Excadrill|Excadrill, F|100/100
|-ability|p2a: Excadrill|Mold Breaker
|turn|1
|
|t:|1659871999
|move|p2a: Excadrill|Stealth Rock|p1a: Arceus
|-sidestart|p1: Snake of the Moon|move: Stealth Rock
|move|p1a: Arceus|Will-O-Wisp|p2a: Excadrill
|-status|p2a: Excadrill|brn
|
|-damage|p2a: Excadrill|94/100 brn|[from] brn
|upkeep
|turn|2
|
|t:|1659872010
|move|p2a: Excadrill|Rock Tomb|p1a: Arceus
|-crit|p1a: Arceus
|-damage|p1a: Arceus|93/100
|-unboost|p1a: Arceus|spe|1
|move|p1a: Arceus|Defog|p2a: Excadrill
|-unboost|p2a: Excadrill|evasion|1
|-sideend|p1: Snake of the Moon|Stealth Rock|[from] move: Defog|[of] p1a: Arceus
|
|-damage|p2a: Excadrill|88/100 brn|[from] brn
|upkeep
|turn|3
|
|t:|1659872021
|move|p2a: Excadrill|Stealth Rock|p1a: Arceus
|-sidestart|p1: Snake of the Moon|move: Stealth Rock
|move|p1a: Arceus|Judgment|p2a: Excadrill
|-resisted|p2a: Excadrill
|-crit|p2a: Excadrill
|-damage|p2a: Excadrill|43/100 brn
|
|-damage|p2a: Excadrill|37/100 brn|[from] brn
|upkeep
|turn|4
|
|t:|1659872033
|move|p2a: Excadrill|Earthquake|p1a: Arceus
|-damage|p1a: Arceus|81/100
|move|p1a: Arceus|Defog|p2a: Excadrill
|-unboost|p2a: Excadrill|evasion|1
|-sideend|p1: Snake of the Moon|Stealth Rock|[from] move: Defog|[of] p1a: Arceus
|
|-damage|p2a: Excadrill|31/100 brn|[from] brn
|upkeep
|turn|5
|
|t:|1659872043
|move|p2a: Excadrill|Stealth Rock|p1a: Arceus
|-sidestart|p1: Snake of the Moon|move: Stealth Rock
|move|p1a: Arceus|Defog|p2a: Excadrill
|-unboost|p2a: Excadrill|evasion|1
|-sideend|p1: Snake of the Moon|Stealth Rock|[from] move: Defog|[of] p1a: Arceus
|
|-damage|p2a: Excadrill|25/100 brn|[from] brn
|upkeep
|turn|6
|
|t:|1659872052
|move|p2a: Excadrill|Stealth Rock|p1a: Arceus
|-sidestart|p1: Snake of the Moon|move: Stealth Rock
|move|p1a: Arceus|Defog|p2a: Excadrill
|-unboost|p2a: Excadrill|evasion|1
|-sideend|p1: Snake of the Moon|Stealth Rock|[from] move: Defog|[of] p1a: Arceus
|
|-damage|p2a: Excadrill|19/100 brn|[from] brn
|upkeep
|turn|7
|
|t:|1659872068
|switch|p2a: Victini|Victini|100/100
|move|p1a: Arceus|Defog|p2a: Victini
|-unboost|p2a: Victini|evasion|1
|
|upkeep
|turn|8
|
|t:|1659872076
|switch|p1a: Chansey|Chansey, F|100/100
|move|p2a: Victini|Final Gambit|p1a: Chansey
|-damage|p1a: Chansey|38/100
|faint|p2a: Victini
|
|upkeep
|
|t:|1659872095
|switch|p2a: Excadrill|Excadrill, F|19/100 brn
|-ability|p2a: Excadrill|Mold Breaker
|turn|9
|
|t:|1659872103
|move|p2a: Excadrill|Stealth Rock|p1a: Chansey
|-sidestart|p1: Snake of the Moon|move: Stealth Rock
|move|p1a: Chansey|Soft-Boiled|p1a: Chansey
|-heal|p1a: Chansey|88/100
|
|-damage|p2a: Excadrill|13/100 brn|[from] brn
|upkeep
|turn|10
|
|t:|1659872112
|switch|p2a: Calyrex|Calyrex-Shadow|100/100
|-ability|p2a: Calyrex|As One
|-ability|p2a: Calyrex|Unnerve
|switch|p1a: Arceus|Arceus-Fairy|81/100
|-damage|p1a: Arceus|68/100|[from] Stealth Rock
|
|upkeep
|turn|11
|j| Lance's Time
|
|t:|1659872123
|move|p2a: Calyrex|Taunt|p1a: Arceus
|-start|p1a: Arceus|move: Taunt
|cant|p1a: Arceus|move: Taunt|Defog
|
|upkeep
|turn|12
|
|t:|1659872131
|switch|p1a: Arceus|Arceus-Dark|100/100
|-damage|p1a: Arceus|88/100|[from] Stealth Rock
|move|p2a: Calyrex|Light Screen|p2a: Calyrex
|-sidestart|p2: v87|move: Light Screen
|
|upkeep
|turn|13
|
|t:|1659872140
|move|p2a: Calyrex|Taunt|p1a: Arceus
|-start|p1a: Arceus|move: Taunt
|cant|p1a: Arceus|move: Taunt|Perish Song
|
|upkeep
|turn|14
|
|t:|1659872147
|move|p2a: Calyrex|Reflect|p2a: Calyrex
|-sidestart|p2: v87|Reflect
|move|p1a: Arceus|Snarl|p2a: Calyrex
|-supereffective|p2a: Calyrex
|-damage|p2a: Calyrex|59/100
|-unboost|p2a: Calyrex|spa|1
|
|upkeep
|turn|15
|c| Lance's Time|santa?
|
|t:|1659872166
|move|p2a: Calyrex|Astral Barrage|p1a: Arceus
|-resisted|p1a: Arceus
|-damage|p1a: Arceus|78/100
|move|p1a: Arceus|Snarl|p2a: Calyrex
|-supereffective|p2a: Calyrex
|-damage|p2a: Calyrex|17/100
|-unboost|p2a: Calyrex|spa|1
|
|-end|p1a: Arceus|move: Taunt
|upkeep
|turn|16
|
|t:|1659872178
|move|p2a: Calyrex|Taunt|p1a: Arceus
|-start|p1a: Arceus|move: Taunt
|move|p1a: Arceus|Snarl|p2a: Calyrex
|-supereffective|p2a: Calyrex
|-damage|p2a: Calyrex|0 fnt
|faint|p2a: Calyrex
|
|upkeep
|
|t:|1659872189
|switch|p2a: Xerneas|Xerneas|100/100
|-ability|p2a: Xerneas|Fairy Aura
|turn|17
|
|t:|1659872200
|switch|p1a: Chansey|Chansey, F|88/100
|-damage|p1a: Chansey|75/100|[from] Stealth Rock
|move|p2a: Xerneas|Moonblast|p1a: Chansey
|-damage|p1a: Chansey|59/100
|-unboost|p1a: Chansey|spa|1
|
|upkeep
|turn|18
|
|t:|1659872210
|-zpower|p2a: Xerneas
|move|p2a: Xerneas|Z-Geomancy||[anim]Geomancy|[still]
|-boost|p2a: Xerneas|atk|1|[zeffect]
|-boost|p2a: Xerneas|def|1|[zeffect]
|-boost|p2a: Xerneas|spa|1|[zeffect]
|-boost|p2a: Xerneas|spd|1|[zeffect]
|-boost|p2a: Xerneas|spe|1|[zeffect]
|-prepare|p2a: Xerneas|Geomancy
|move|p1a: Chansey|Soft-Boiled|p1a: Chansey
|-heal|p1a: Chansey|100/100
|
|upkeep
|turn|19
|
|t:|1659872222
|move|p2a: Xerneas|Geomancy|p2a: Xerneas|[from]lockedmove
|-boost|p2a: Xerneas|spa|2
|-boost|p2a: Xerneas|spd|2
|-boost|p2a: Xerneas|spe|2
|move|p1a: Chansey|Confide|p2a: Xerneas
|-unboost|p2a: Xerneas|spa|1
|
|-sideend|p2: v87|move: Light Screen
|upkeep
|turn|20
|
|t:|1659872251
|move|p2a: Xerneas|Moonblast|p1a: Chansey
|-damage|p1a: Chansey|66/100
|-unboost|p1a: Chansey|spa|1
|move|p1a: Chansey|Confide|p2a: Xerneas
|-unboost|p2a: Xerneas|spa|1
|
|upkeep
|turn|21
|
|t:|1659872274
|move|p2a: Xerneas|Geomancy||[still]
|-prepare|p2a: Xerneas|Geomancy
|move|p1a: Chansey|Confide|p2a: Xerneas
|-unboost|p2a: Xerneas|spa|1
|
|-sideend|p2: v87|Reflect
|upkeep
|turn|22
|
|t:|1659872282
|move|p2a: Xerneas|Geomancy|p2a: Xerneas|[from]lockedmove
|-boost|p2a: Xerneas|spa|2
|-boost|p2a: Xerneas|spd|2
|-boost|p2a: Xerneas|spe|2
|move|p1a: Chansey|Confide|p2a: Xerneas
|-unboost|p2a: Xerneas|spa|1
|
|upkeep
|turn|23
|inactive|Snake of the Moon has 120 seconds left.
|
|t:|1659872332
|move|p2a: Xerneas|Geomancy||[still]
|-prepare|p2a: Xerneas|Geomancy
|move|p1a: Chansey|Confide|p2a: Xerneas
|-unboost|p2a: Xerneas|spa|1
|
|upkeep
|turn|24
|
|t:|1659872338
|move|p2a: Xerneas|Geomancy|p2a: Xerneas|[from]lockedmove
|-boost|p2a: Xerneas|spa|2
|-boost|p2a: Xerneas|spd|1
|-boost|p2a: Xerneas|spe|1
|move|p1a: Chansey|Confide|p2a: Xerneas
|-unboost|p2a: Xerneas|spa|1
|
|upkeep
|turn|25
|
|t:|1659872366
|move|p2a: Xerneas|Geomancy||[still]
|-prepare|p2a: Xerneas|Geomancy
|move|p1a: Chansey|Confide|p2a: Xerneas
|-unboost|p2a: Xerneas|spa|1
|
|upkeep
|turn|26
|
|t:|1659872372
|move|p2a: Xerneas|Geomancy|p2a: Xerneas|[from]lockedmove
|-boost|p2a: Xerneas|spa|2
|-boost|p2a: Xerneas|spd|0
|-boost|p2a: Xerneas|spe|0
|move|p1a: Chansey|Confide|p2a: Xerneas
|-unboost|p2a: Xerneas|spa|1
|
|upkeep
|turn|27
|j| Sanju1
|
|t:|1659872388
|move|p2a: Xerneas|Geomancy||[still]
|-prepare|p2a: Xerneas|Geomancy
|move|p1a: Chansey|Confide|p2a: Xerneas
|-unboost|p2a: Xerneas|spa|1
|
|upkeep
|turn|28
|
|t:|1659872394
|move|p2a: Xerneas|Geomancy|p2a: Xerneas|[from]lockedmove
|-boost|p2a: Xerneas|spa|2
|-boost|p2a: Xerneas|spd|0
|-boost|p2a: Xerneas|spe|0
|move|p1a: Chansey|Confide|p2a: Xerneas
|-unboost|p2a: Xerneas|spa|1
|
|upkeep
|turn|29
|
|t:|1659872412
|move|p2a: Xerneas|Geomancy||[still]
|-prepare|p2a: Xerneas|Geomancy
|move|p1a: Chansey|Confide|p2a: Xerneas
|-unboost|p2a: Xerneas|spa|1
|
|upkeep
|turn|30
|
|t:|1659872434
|move|p2a: Xerneas|Geomancy|p2a: Xerneas|[from]lockedmove
|-boost|p2a: Xerneas|spa|2
|-boost|p2a: Xerneas|spd|0
|-boost|p2a: Xerneas|spe|0
|move|p1a: Chansey|Confide|p2a: Xerneas
|-unboost|p2a: Xerneas|spa|1
|
|upkeep
|turn|31
|
|t:|1659872444
|move|p2a: Xerneas|Geomancy||[still]
|-prepare|p2a: Xerneas|Geomancy
|move|p1a: Chansey|Confide|p2a: Xerneas
|-unboost|p2a: Xerneas|spa|1
|
|upkeep
|turn|32
|inactive|Snake of the Moon has 90 seconds left.
|
|t:|1659872487
|move|p2a: Xerneas|Geomancy|p2a: Xerneas|[from]lockedmove
|-boost|p2a: Xerneas|spa|2
|-boost|p2a: Xerneas|spd|0
|-boost|p2a: Xerneas|spe|0
|move|p1a: Chansey|Confide|p2a: Xerneas
|-unboost|p2a: Xerneas|spa|1
|
|upkeep
|turn|33
|
|t:|1659872495
|move|p2a: Xerneas|Geomancy||[still]
|-prepare|p2a: Xerneas|Geomancy
|move|p1a: Chansey|Confide|p2a: Xerneas
|-unboost|p2a: Xerneas|spa|1
|
|upkeep
|turn|34
|
|t:|1659872512
|move|p2a: Xerneas|Geomancy|p2a: Xerneas|[from]lockedmove
|-boost|p2a: Xerneas|spa|2
|-boost|p2a: Xerneas|spd|0
|-boost|p2a: Xerneas|spe|0
|move|p1a: Chansey|Confide|p2a: Xerneas
|-unboost|p2a: Xerneas|spa|1
|
|upkeep
|turn|35
|inactive|Snake of the Moon has 60 seconds left.
|
|t:|1659872537
|move|p2a: Xerneas|Geomancy||[still]
|-prepare|p2a: Xerneas|Geomancy
|move|p1a: Chansey|Confide|p2a: Xerneas
|-unboost|p2a: Xerneas|spa|1
|
|upkeep
|turn|36
|inactive|Snake of the Moon has 60 seconds left.
|
|t:|1659872544
|move|p2a: Xerneas|Geomancy|p2a: Xerneas|[from]lockedmove
|-boost|p2a: Xerneas|spa|2
|-boost|p2a: Xerneas|spd|0
|-boost|p2a: Xerneas|spe|0
|move|p1a: Chansey|Confide|p2a: Xerneas
|-unboost|p2a: Xerneas|spa|1
|
|upkeep
|turn|37
|
|t:|1659872551
|move|p2a: Xerneas|Geomancy||[still]
|-prepare|p2a: Xerneas|Geomancy
|move|p1a: Chansey|Confide|p2a: Xerneas
|-unboost|p2a: Xerneas|spa|1
|
|upkeep
|turn|38
|
|t:|1659872571
|move|p2a: Xerneas|Geomancy|p2a: Xerneas|[from]lockedmove
|-boost|p2a: Xerneas|spa|2
|-boost|p2a: Xerneas|spd|0
|-boost|p2a: Xerneas|spe|0
|move|p1a: Chansey|Confide|p2a: Xerneas
|-unboost|p2a: Xerneas|spa|1
|
|upkeep
|turn|39
|
|t:|1659872580
|move|p2a: Xerneas|Geomancy||[still]
|-prepare|p2a: Xerneas|Geomancy
|move|p1a: Chansey|Confide|p2a: Xerneas
|-unboost|p2a: Xerneas|spa|1
|
|upkeep
|turn|40
|
|t:|1659872587
|move|p2a: Xerneas|Geomancy|p2a: Xerneas|[from]lockedmove
|-boost|p2a: Xerneas|spa|2
|-boost|p2a: Xerneas|spd|0
|-boost|p2a: Xerneas|spe|0
|move|p1a: Chansey|Confide|p2a: Xerneas
|-unboost|p2a: Xerneas|spa|1
|
|upkeep
|turn|41
|
|t:|1659872595
|move|p2a: Xerneas|Geomancy||[still]
|-prepare|p2a: Xerneas|Geomancy
|move|p1a: Chansey|Confide|p2a: Xerneas
|-unboost|p2a: Xerneas|spa|1
|
|upkeep
|turn|42
|
|t:|1659872601
|move|p2a: Xerneas|Geomancy|p2a: Xerneas|[from]lockedmove
|-boost|p2a: Xerneas|spa|2
|-boost|p2a: Xerneas|spd|0
|-boost|p2a: Xerneas|spe|0
|move|p1a: Chansey|Confide|p2a: Xerneas
|-unboost|p2a: Xerneas|spa|1
|
|upkeep
|turn|43
|
|t:|1659872609
|move|p2a: Xerneas|Geomancy||[still]
|-prepare|p2a: Xerneas|Geomancy
|move|p1a: Chansey|Confide|p2a: Xerneas
|-unboost|p2a: Xerneas|spa|1
|
|upkeep
|turn|44
|
|t:|1659872616
|move|p2a: Xerneas|Geomancy|p2a: Xerneas|[from]lockedmove
|-boost|p2a: Xerneas|spa|2
|-boost|p2a: Xerneas|spd|0
|-boost|p2a: Xerneas|spe|0
|move|p1a: Chansey|Confide|p2a: Xerneas
|-unboost|p2a: Xerneas|spa|1
|
|upkeep
|turn|45
|l| Sanju1
|
|t:|1659872624
|move|p2a: Xerneas|Geomancy||[still]
|-prepare|p2a: Xerneas|Geomancy
|move|p1a: Chansey|Confide|p2a: Xerneas
|-unboost|p2a: Xerneas|spa|1
|
|upkeep
|turn|46
|
|t:|1659872635
|move|p2a: Xerneas|Geomancy|p2a: Xerneas|[from]lockedmove
|-boost|p2a: Xerneas|spa|2
|-boost|p2a: Xerneas|spd|0
|-boost|p2a: Xerneas|spe|0
|move|p1a: Chansey|Confide|p2a: Xerneas
|-unboost|p2a: Xerneas|spa|1
|
|upkeep
|turn|47
|
|t:|1659872643
|move|p2a: Xerneas|Geomancy||[still]
|-prepare|p2a: Xerneas|Geomancy
|move|p1a: Chansey|Wish|p1a: Chansey
|
|upkeep
|turn|48
|
|t:|1659872648
|move|p2a: Xerneas|Geomancy|p2a: Xerneas|[from]lockedmove
|-boost|p2a: Xerneas|spa|2
|-boost|p2a: Xerneas|spd|0
|-boost|p2a: Xerneas|spe|0
|move|p1a: Chansey|Confide|p2a: Xerneas
|-unboost|p2a: Xerneas|spa|1
|
|-heal|p1a: Chansey|100/100|[from] move: Wish|[wisher] Chansey
|upkeep
|turn|49
|
|t:|1659872659
|move|p2a: Xerneas|Geomancy||[still]
|-prepare|p2a: Xerneas|Geomancy
|move|p1a: Chansey|Confide|p2a: Xerneas
|-unboost|p2a: Xerneas|spa|1
|
|upkeep
|turn|50
|
|t:|1659872665
|move|p2a: Xerneas|Geomancy|p2a: Xerneas|[from]lockedmove
|-boost|p2a: Xerneas|spa|2
|-boost|p2a: Xerneas|spd|0
|-boost|p2a: Xerneas|spe|0
|move|p1a: Chansey|Confide|p2a: Xerneas
|-unboost|p2a: Xerneas|spa|1
|
|upkeep
|turn|51
|
|t:|1659872676
|move|p2a: Xerneas|Moonblast|p1a: Chansey
|-damage|p1a: Chansey|68/100
|move|p1a: Chansey|Confide|p2a: Xerneas
|-unboost|p2a: Xerneas|spa|1
|
|upkeep
|turn|52
|
|t:|1659872689
|move|p2a: Xerneas|Ingrain|p2a: Xerneas
|-start|p2a: Xerneas|move: Ingrain
|move|p1a: Chansey|Soft-Boiled|p1a: Chansey
|-heal|p1a: Chansey|100/100
|
|upkeep
|turn|53
|
|t:|1659872699
|move|p2a: Xerneas|Ingrain||[still]
|-fail|p2a: Xerneas
|move|p1a: Chansey|Wish|p1a: Chansey
|
|upkeep
|turn|54
|
|t:|1659872712
|move|p2a: Xerneas|Ingrain||[still]
|-fail|p2a: Xerneas
|move|p1a: Chansey|Soft-Boiled||[still]
|-fail|p1a: Chansey|heal
|
|upkeep
|turn|55
|
|t:|1659872721
|switch|p1a: Lonely rider|Calyrex-Ice|100/100
|-ability|p1a: Lonely rider|As One
|-ability|p1a: Lonely rider|Unnerve
|-damage|p1a: Lonely rider|76/100|[from] Stealth Rock
|move|p2a: Xerneas|Ingrain||[still]
|-fail|p2a: Xerneas
|
|upkeep
|turn|56
|
|t:|1659872730
|move|p2a: Xerneas|Moonblast|p1a: Lonely rider
|-damage|p1a: Lonely rider|3/100
|-zpower|p1a: Lonely rider
|move|p1a: Lonely rider|Subzero Slammer|p2a: Xerneas|[zeffect]
|-damage|p2a: Xerneas|55/100
|
|-heal|p2a: Xerneas|61/100|[from] Ingrain
|upkeep
|turn|57
|
|t:|1659872743
|switch|p1a: Chansey|Chansey, F|100/100
|-damage|p1a: Chansey|88/100|[from] Stealth Rock
|move|p2a: Xerneas|Moonblast|p1a: Chansey
|-damage|p1a: Chansey|61/100
|
|-heal|p2a: Xerneas|67/100|[from] Ingrain
|upkeep
|turn|58
|
|t:|1659872753
|move|p2a: Xerneas|Ingrain||[still]
|-fail|p2a: Xerneas
|move|p1a: Chansey|Soft-Boiled|p1a: Chansey
|-heal|p1a: Chansey|100/100
|
|-heal|p2a: Xerneas|73/100|[from] Ingrain
|upkeep
|turn|59
|
|t:|1659872761
|move|p2a: Xerneas|Ingrain||[still]
|-fail|p2a: Xerneas
|move|p1a: Chansey|Wish|p1a: Chansey
|
|-heal|p2a: Xerneas|79/100|[from] Ingrain
|upkeep
|turn|60
|
|t:|1659872769
|move|p2a: Xerneas|Ingrain||[still]
|-fail|p2a: Xerneas
|move|p1a: Chansey|Aromatherapy||[still]
|-activate|p1a: Chansey|move: Aromatherapy
|-fail|p1a: Chansey
|
|-heal|p2a: Xerneas|86/100|[from] Ingrain
|upkeep
|turn|61
|
|t:|1659872778
|move|p2a: Xerneas|Ingrain||[still]
|-fail|p2a: Xerneas
|move|p1a: Chansey|Wish|p1a: Chansey
|
|-heal|p2a: Xerneas|92/100|[from] Ingrain
|upkeep
|turn|62
|
|t:|1659872786
|switch|p1a: Lonely rider|Calyrex-Ice|3/100
|-ability|p1a: Lonely rider|As One
|-ability|p1a: Lonely rider|Unnerve
|-damage|p1a: Lonely rider|0 fnt|[from] Stealth Rock
|faint|p1a: Lonely rider
|move|p2a: Xerneas|Ingrain||[still]
|-fail|p2a: Xerneas
|
|-heal|p2a: Xerneas|98/100|[from] Ingrain
|upkeep
|-message|Snake of the Moon forfeited.
|
|win|v87
|raw|Snake of the Moon's rating: 1866 &rarr; <strong>1844</strong><br />(-22 for losing)
|raw|v87's rating: 1824 &rarr; <strong>1846</strong><br />(+22 for winning)
|l|☆Snake of the Moon
