|j|☆NOAH MK2
|j|☆Whitedevil12345678
|t:|1664176217
|gametype|singles
|player|p1|NOAH MK2|101|1786
|player|p2|Whitedevil12345678|blue-gen3two|2003
|teamsize|p1|6
|teamsize|p2|6
|gen|8
|tier|[Gen 8] National Dex AG
|rated|
|rule|HP Percentage Mod: HP is shown in percentages
|rule|Endless Battle Clause: Forcing endless battles is banned
|clearpoke
|poke|p1|Yveltal|
|poke|p1|Zacian-*|
|poke|p1|Arceus-*|
|poke|p1|Whimsicott, F|
|poke|p1|Klefki, F|
|poke|p1|Rayquaza|
|poke|p2|Arceus-*|
|poke|p2|Ditto|
|poke|p2|Zygarde|
|poke|p2|Eternatus|
|poke|p2|Arceus-*|
|poke|p2|Arceus-*|
|teampreview
|inactive|Battle timer is ON: inactive players will automatically lose when time's up. (requested by Whitedevil12345678)
|
|t:|1664176234
|start
|switch|p1a: Arceus|Arceus|100/100
|switch|p2a: Zygarde|Zygarde, shiny|100/100
|turn|1
|
|t:|1664176238
|move|p1a: Arceus|Stealth Rock|p2a: Zygarde
|-sidestart|p2: Whitedevil12345678|move: Stealth Rock
|move|p2a: Zygarde|Glare|p1a: Arceus
|-status|p1a: Arceus|par
|
|upkeep
|turn|2
|
|t:|1664176249
|switch|p1a: Whimsicott|Whimsicott, F|100/100
|move|p2a: Zygarde|Thousand Arrows|p1a: Whimsicott
|-resisted|p1a: Whimsicott
|-damage|p1a: Whimsicott|78/100
|
|-heal|p1a: Whimsicott|84/100|[from] item: Leftovers
|upkeep
|turn|3
|
|t:|1664176254
|switch|p2a: Eternatus|Eternatus|100/100
|-damage|p2a: Eternatus|88/100|[from] Stealth Rock
|-ability|p2a: Eternatus|Pressure
|move|p1a: Whimsicott|Substitute|p1a: Whimsicott
|-start|p1a: Whimsicott|Substitute
|-damage|p1a: Whimsicott|59/100
|
|-heal|p2a: Eternatus|94/100|[from] item: Black Sludge
|-heal|p1a: Whimsicott|65/100|[from] item: Leftovers
|upkeep
|turn|4
|
|t:|1664176257
|move|p1a: Whimsicott|Leech Seed|p2a: Eternatus
|-start|p2a: Eternatus|move: Leech Seed
|move|p2a: Eternatus|Sludge Bomb|p1a: Whimsicott
|-supereffective|p1a: Whimsicott
|-end|p1a: Whimsicott|Substitute
|
|-heal|p2a: Eternatus|100/100|[from] item: Black Sludge
|-heal|p1a: Whimsicott|71/100|[from] item: Leftovers
|-damage|p2a: Eternatus|88/100|[from] Leech Seed|[of] p1a: Whimsicott
|-heal|p1a: Whimsicott|94/100|[silent]
|upkeep
|turn|5
|
|t:|1664176265
|switch|p2a: Arceus|Arceus-Fairy|100/100
|-damage|p2a: Arceus|88/100|[from] Stealth Rock
|move|p1a: Whimsicott|Substitute|p1a: Whimsicott
|-start|p1a: Whimsicott|Substitute
|-damage|p1a: Whimsicott|69/100
|
|-heal|p1a: Whimsicott|75/100|[from] item: Leftovers
|upkeep
|turn|6
|
|t:|1664176270
|move|p1a: Whimsicott|Leech Seed|p2a: Arceus
|-start|p2a: Arceus|move: Leech Seed
|move|p2a: Arceus|Judgment|p1a: Whimsicott
|-end|p1a: Whimsicott|Substitute
|
|-heal|p1a: Whimsicott|81/100|[from] item: Leftovers
|-damage|p2a: Arceus|76/100|[from] Leech Seed|[of] p1a: Whimsicott
|-heal|p1a: Whimsicott|100/100|[silent]
|upkeep
|turn|7
|
|t:|1664176275
|move|p1a: Whimsicott|Substitute|p1a: Whimsicott
|-start|p1a: Whimsicott|Substitute
|-damage|p1a: Whimsicott|76/100
|move|p2a: Arceus|Stealth Rock|p1a: Whimsicott
|-sidestart|p1: NOAH MK2|move: Stealth Rock
|
|-heal|p1a: Whimsicott|82/100|[from] item: Leftovers
|-damage|p2a: Arceus|63/100|[from] Leech Seed|[of] p1a: Whimsicott
|-heal|p1a: Whimsicott|100/100|[silent]
|upkeep
|turn|8
|
|t:|1664176287
|switch|p2a: Arceus|Arceus|100/100
|-damage|p2a: Arceus|88/100|[from] Stealth Rock
|move|p1a: Whimsicott|Encore||[still]
|-fail|p1a: Whimsicott
|
|upkeep
|turn|9
|
|t:|1664176292
|move|p1a: Whimsicott|Leech Seed|p2a: Arceus
|-start|p2a: Arceus|move: Leech Seed
|move|p2a: Arceus|Swords Dance|p2a: Arceus
|-boost|p2a: Arceus|atk|2
|
|-damage|p2a: Arceus|76/100|[from] Leech Seed|[of] p1a: Whimsicott
|upkeep
|turn|10
|
|t:|1664176299
|move|p2a: Arceus|Extreme Speed|p1a: Whimsicott
|-end|p1a: Whimsicott|Substitute
|move|p1a: Whimsicott|Substitute|p1a: Whimsicott
|-start|p1a: Whimsicott|Substitute
|-damage|p1a: Whimsicott|76/100
|
|-heal|p1a: Whimsicott|82/100|[from] item: Leftovers
|-damage|p2a: Arceus|63/100|[from] Leech Seed|[of] p1a: Whimsicott
|-heal|p1a: Whimsicott|100/100|[silent]
|upkeep
|turn|11
|
|t:|1664176310
|move|p1a: Whimsicott|Substitute|p1a: Whimsicott
|-fail|p1a: Whimsicott|move: Substitute
|move|p2a: Arceus|Recover|p2a: Arceus
|-heal|p2a: Arceus|100/100
|
|-damage|p2a: Arceus|88/100|[from] Leech Seed|[of] p1a: Whimsicott
|upkeep
|turn|12
|
|t:|1664176318
|move|p2a: Arceus|Extreme Speed|p1a: Whimsicott
|-end|p1a: Whimsicott|Substitute
|move|p1a: Whimsicott|Substitute|p1a: Whimsicott
|-start|p1a: Whimsicott|Substitute
|-damage|p1a: Whimsicott|76/100
|
|-heal|p1a: Whimsicott|82/100|[from] item: Leftovers
|-damage|p2a: Arceus|76/100|[from] Leech Seed|[of] p1a: Whimsicott
|-heal|p1a: Whimsicott|100/100|[silent]
|upkeep
|turn|13
|
|t:|1664176335
|move|p2a: Arceus|Extreme Speed|p1a: Whimsicott
|-end|p1a: Whimsicott|Substitute
|move|p1a: Whimsicott|Moonblast|p2a: Arceus
|-damage|p2a: Arceus|52/100
|-unboost|p2a: Arceus|spa|1
|
|-damage|p2a: Arceus|39/100|[from] Leech Seed|[of] p1a: Whimsicott
|upkeep
|turn|14
|
|t:|1664176346
|switch|p1a: Arceus|Arceus|100/100 par
|-damage|p1a: Arceus|88/100 par|[from] Stealth Rock
|move|p2a: Arceus|Extreme Speed|p1a: Arceus
|-damage|p1a: Arceus|47/100 par
|-damage|p2a: Arceus|23/100|[from] item: Rocky Helmet|[of] p1a: Arceus
|
|-damage|p2a: Arceus|10/100|[from] Leech Seed|[of] p1a: Arceus
|-heal|p1a: Arceus|59/100 par|[silent]
|upkeep
|turn|15
|
|t:|1664176355
|move|p2a: Arceus|Recover|p2a: Arceus
|-heal|p2a: Arceus|60/100
|move|p1a: Arceus|Roar|p2a: Arceus
|drag|p2a: Ditto|Ditto|100/100
|-damage|p2a: Ditto|88/100|[from] Stealth Rock
|-transform|p2a: Ditto|p1a: Arceus|[from] ability: Imposter
|
|upkeep
|turn|16
|
|t:|1664176367
|cant|p1a: Arceus|par
|move|p2a: Ditto|Roar|p1a: Arceus
|drag|p1a: Klefki|Klefki, F|100/100
|-damage|p1a: Klefki|95/100|[from] Stealth Rock
|
|upkeep
|turn|17
|
|t:|1664176376
|move|p1a: Klefki|Foul Play|p2a: Ditto
|-damage|p2a: Ditto|72/100
|move|p2a: Ditto|Roar|p1a: Klefki
|drag|p1a: Whimsicott|Whimsicott, F|100/100
|-damage|p1a: Whimsicott|88/100|[from] Stealth Rock
|
|-heal|p1a: Whimsicott|94/100|[from] item: Leftovers
|upkeep
|turn|18
|
|t:|1664176380
|move|p1a: Whimsicott|Leech Seed|p2a: Ditto
|-start|p2a: Ditto|move: Leech Seed
|move|p2a: Ditto|Roar|p1a: Whimsicott
|drag|p1a: Klefki|Klefki, F|95/100
|-damage|p1a: Klefki|89/100|[from] Stealth Rock
|
|-damage|p2a: Ditto|60/100|[from] Leech Seed|[of] p1a: Klefki
|-heal|p1a: Klefki|99/100|[silent]
|upkeep
|turn|19
|
|t:|1664176389
|switch|p2a: Arceus|Arceus|60/100
|-damage|p2a: Arceus|48/100|[from] Stealth Rock
|move|p1a: Klefki|Reflect|p1a: Klefki
|-sidestart|p1: NOAH MK2|Reflect
|
|upkeep
|turn|20
|
|t:|1664176391
|move|p2a: Arceus|Recover|p2a: Arceus
|-heal|p2a: Arceus|98/100
|move|p1a: Klefki|Foul Play|p2a: Arceus
|-damage|p2a: Arceus|75/100
|
|upkeep
|turn|21
|
|t:|1664176398
|switch|p1a: Zacian|Zacian-Crowned|100/100
|-damage|p1a: Zacian|94/100|[from] Stealth Rock
|-ability|p1a: Zacian|Intrepid Sword|boost
|-boost|p1a: Zacian|atk|1
|move|p2a: Arceus|Swords Dance|p2a: Arceus
|-boost|p2a: Arceus|atk|2
|
|upkeep
|turn|22
|
|t:|1664176404
|-start|p2a: Arceus|Dynamax|
|-heal|p2a: Arceus|75/100|[silent]
|move|p1a: Zacian|Behemoth Blade|p2a: Arceus
|-damage|p2a: Arceus|8/100
|move|p2a: Arceus|Max Strike|p1a: Zacian
|-resisted|p1a: Zacian
|-damage|p1a: Zacian|59/100
|-unboost|p1a: Zacian|spe|1
|
|upkeep
|turn|23
|
|t:|1664176428
|switch|p1a: Arceus|Arceus|59/100 par
|-damage|p1a: Arceus|47/100 par|[from] Stealth Rock
|move|p2a: Arceus|Max Phantasm|p1a: Arceus
|-immune|p1a: Arceus
|
|upkeep
|turn|24
|inactive|NOAH MK2 has 120 seconds left.
|
|t:|1664176468
|switch|p1a: Zacian|Zacian-Crowned|59/100
|-damage|p1a: Zacian|53/100|[from] Stealth Rock
|-ability|p1a: Zacian|Intrepid Sword|boost
|-boost|p1a: Zacian|atk|1
|move|p2a: Arceus|Max Strike|p1a: Zacian
|-resisted|p1a: Zacian
|-damage|p1a: Zacian|23/100
|-unboost|p1a: Zacian|spe|1
|
|upkeep
|-end|p2a: Arceus|Dynamax
|-heal|p2a: Arceus|8/100|[silent]
|turn|25
|
|t:|1664176477
|move|p1a: Zacian|Behemoth Blade|p2a: Arceus
|-damage|p2a: Arceus|0 fnt
|faint|p2a: Arceus
|
|upkeep
|
|t:|1664176479
|switch|p2a: Ditto|Ditto|60/100
|-damage|p2a: Ditto|48/100|[from] Stealth Rock
|-transform|p2a: Ditto|p1a: Zacian|[from] ability: Imposter
|-ability|p2a: Ditto|Intrepid Sword|boost
|-boost|p2a: Ditto|atk|1
|turn|26
|inactive|NOAH MK2 has 120 seconds left.
|
|t:|1664176485
|switch|p1a: Klefki|Klefki, F|99/100
|-damage|p1a: Klefki|94/100|[from] Stealth Rock
|move|p2a: Ditto|Behemoth Blade|p1a: Klefki
|-damage|p1a: Klefki|46/100
|
|-sideend|p1: NOAH MK2|Reflect
|upkeep
|turn|27
|
|t:|1664176490
|move|p1a: Klefki|Reflect|p1a: Klefki
|-sidestart|p1: NOAH MK2|Reflect
|move|p2a: Ditto|Behemoth Blade|p1a: Klefki
|-damage|p1a: Klefki|0 fnt
|faint|p1a: Klefki
|
|upkeep
|inactive|NOAH MK2 has 120 seconds left.
|
|t:|1664176518
|switch|p1a: Whimsicott|Whimsicott, F|94/100
|-damage|p1a: Whimsicott|82/100|[from] Stealth Rock
|turn|28
|
|t:|1664176521
|move|p1a: Whimsicott|Substitute|p1a: Whimsicott
|-start|p1a: Whimsicott|Substitute
|-damage|p1a: Whimsicott|57/100
|move|p2a: Ditto|Behemoth Blade|p1a: Whimsicott
|-supereffective|p1a: Whimsicott
|-end|p1a: Whimsicott|Substitute
|
|-heal|p1a: Whimsicott|63/100|[from] item: Leftovers
|upkeep
|turn|29
|
|t:|1664176524
|move|p1a: Whimsicott|Substitute|p1a: Whimsicott
|-start|p1a: Whimsicott|Substitute
|-damage|p1a: Whimsicott|38/100
|move|p2a: Ditto|Behemoth Blade|p1a: Whimsicott
|-supereffective|p1a: Whimsicott
|-end|p1a: Whimsicott|Substitute
|
|-heal|p1a: Whimsicott|45/100|[from] item: Leftovers
|upkeep
|turn|30
|
|t:|1664176527
|move|p1a: Whimsicott|Substitute|p1a: Whimsicott
|-start|p1a: Whimsicott|Substitute
|-damage|p1a: Whimsicott|20/100
|move|p2a: Ditto|Behemoth Blade|p1a: Whimsicott
|-supereffective|p1a: Whimsicott
|-end|p1a: Whimsicott|Substitute
|
|-heal|p1a: Whimsicott|26/100|[from] item: Leftovers
|upkeep
|turn|31
|
|t:|1664176539
|switch|p2a: Arceus|Arceus-Fairy|63/100
|-damage|p2a: Arceus|51/100|[from] Stealth Rock
|move|p1a: Whimsicott|Substitute|p1a: Whimsicott
|-start|p1a: Whimsicott|Substitute
|-damage|p1a: Whimsicott|1/100
|
|-heal|p1a: Whimsicott|7/100|[from] item: Leftovers
|upkeep
|turn|32
|
|t:|1664176543
|move|p1a: Whimsicott|Leech Seed|p2a: Arceus|[miss]
|-miss|p1a: Whimsicott|p2a: Arceus
|move|p2a: Arceus|Judgment|p1a: Whimsicott
|-end|p1a: Whimsicott|Substitute
|
|-heal|p1a: Whimsicott|13/100|[from] item: Leftovers
|upkeep
|turn|33
|
|t:|1664176563
|move|p1a: Whimsicott|Leech Seed|p2a: Arceus
|-start|p2a: Arceus|move: Leech Seed
|move|p2a: Arceus|Judgment|p1a: Whimsicott
|-damage|p1a: Whimsicott|0 fnt
|faint|p1a: Whimsicott
|
|upkeep
|
|t:|1664176569
|switch|p1a: Arceus|Arceus|47/100 par
|-damage|p1a: Arceus|34/100 par|[from] Stealth Rock
|turn|34
|
|t:|1664176577
|move|p2a: Arceus|Recover|p2a: Arceus
|-heal|p2a: Arceus|100/100
|cant|p1a: Arceus|par
|
|-damage|p2a: Arceus|88/100|[from] Leech Seed|[of] p1a: Arceus
|-heal|p1a: Arceus|47/100 par|[silent]
|-sideend|p1: NOAH MK2|Reflect
|upkeep
|turn|35
|
|t:|1664176584
|move|p2a: Arceus|Judgment|p1a: Arceus
|-damage|p1a: Arceus|13/100 par
|move|p1a: Arceus|Recover|p1a: Arceus
|-heal|p1a: Arceus|63/100 par
|
|-damage|p2a: Arceus|76/100|[from] Leech Seed|[of] p1a: Arceus
|-heal|p1a: Arceus|76/100 par|[silent]
|upkeep
|turn|36
|
|t:|1664176594
|switch|p2a: Zygarde|Zygarde, shiny|100/100
|-damage|p2a: Zygarde|94/100|[from] Stealth Rock
|move|p1a: Arceus|Recover|p1a: Arceus
|-heal|p1a: Arceus|100/100 par
|
|-heal|p2a: Zygarde|100/100|[from] item: Leftovers
|upkeep
|turn|37
|
|t:|1664176606
|move|p2a: Zygarde|Thousand Arrows|p1a: Arceus
|-damage|p1a: Arceus|86/100 par
|move|p1a: Arceus|Roar|p2a: Zygarde
|drag|p2a: Eternatus|Eternatus|88/100
|-damage|p2a: Eternatus|76/100|[from] Stealth Rock
|-ability|p2a: Eternatus|Pressure
|
|-heal|p2a: Eternatus|82/100|[from] item: Black Sludge
|upkeep
|turn|38
|
|t:|1664176611
|move|p2a: Eternatus|Sludge Bomb|p1a: Arceus
|-damage|p1a: Arceus|57/100 par
|move|p1a: Arceus|Roar|p2a: Eternatus
|drag|p2a: Arceus|Arceus-Flying|100/100
|-damage|p2a: Arceus|76/100|[from] Stealth Rock
|
|upkeep
|turn|39
|
|t:|1664176618
|move|p2a: Arceus|Judgment|p1a: Arceus
|-damage|p1a: Arceus|19/100 par
|move|p1a: Arceus|Recover|p1a: Arceus
|-heal|p1a: Arceus|69/100 par
|
|upkeep
|turn|40
|
|t:|1664176623
|move|p2a: Arceus|Judgment|p1a: Arceus
|-damage|p1a: Arceus|28/100 par
|move|p1a: Arceus|Recover|p1a: Arceus
|-heal|p1a: Arceus|78/100 par
|
|upkeep
|turn|41
|
|t:|1664176628
|move|p2a: Arceus|Judgment|p1a: Arceus
|-damage|p1a: Arceus|39/100 par
|move|p1a: Arceus|Recover|p1a: Arceus
|-heal|p1a: Arceus|89/100 par
|
|upkeep
|turn|42
|
|t:|1664176633
|move|p2a: Arceus|Judgment|p1a: Arceus
|-damage|p1a: Arceus|53/100 par
|move|p1a: Arceus|Roar|p2a: Arceus
|drag|p2a: Eternatus|Eternatus|82/100
|-damage|p2a: Eternatus|70/100|[from] Stealth Rock
|-ability|p2a: Eternatus|Pressure
|
|-heal|p2a: Eternatus|76/100|[from] item: Black Sludge
|upkeep
|turn|43
|
|t:|1664176643
|move|p2a: Eternatus|Sludge Bomb|p1a: Arceus
|-damage|p1a: Arceus|24/100 par
|move|p1a: Arceus|Recover|p1a: Arceus
|-heal|p1a: Arceus|74/100 par
|
|-heal|p2a: Eternatus|82/100|[from] item: Black Sludge
|upkeep
|turn|44
|
|t:|1664176653
|move|p2a: Eternatus|Sludge Bomb|p1a: Arceus
|-damage|p1a: Arceus|44/100 par
|move|p1a: Arceus|Recover|p1a: Arceus
|-heal|p1a: Arceus|94/100 par
|
|-heal|p2a: Eternatus|88/100|[from] item: Black Sludge
|upkeep
|turn|45
|
|t:|1664176660
|switch|p2a: Zygarde|Zygarde, shiny|100/100
|-damage|p2a: Zygarde|94/100|[from] Stealth Rock
|move|p1a: Arceus|Roar|p2a: Zygarde
|drag|p2a: Ditto|Ditto|48/100
|-damage|p2a: Ditto|35/100|[from] Stealth Rock
|-transform|p2a: Ditto|p1a: Arceus|[from] ability: Imposter
|
|upkeep
|turn|46
|
|t:|1664176669
|switch|p1a: Yveltal|Yveltal|100/100
|-damage|p1a: Yveltal|76/100|[from] Stealth Rock
|-ability|p1a: Yveltal|Dark Aura
|move|p2a: Ditto|Recover|p2a: Ditto
|-heal|p2a: Ditto|85/100
|
|upkeep
|turn|47
|
|t:|1664176688
|switch|p2a: Zygarde|Zygarde, shiny|94/100
|-damage|p2a: Zygarde|88/100|[from] Stealth Rock
|-start|p1a: Yveltal|Dynamax|
|-heal|p1a: Yveltal|76/100|[silent]
|move|p1a: Yveltal|Max Airstream|p2a: Zygarde
|-damage|p2a: Zygarde|12/100
|-boost|p1a: Yveltal|spe|1
|-damage|p1a: Yveltal|71/100|[from] item: Life Orb
|
|-heal|p2a: Zygarde|18/100|[from] item: Leftovers
|-activate|p2a: Zygarde|ability: Power Construct
|detailschange|p2a: Zygarde|Zygarde-Complete, shiny
|-heal|p2a: Zygarde|46/100|[silent]
|upkeep
|turn|48
|
|t:|1664176694
|move|p1a: Yveltal|Max Darkness|p2a: Zygarde
|-damage|p2a: Zygarde|0 fnt
|faint|p2a: Zygarde
|-damage|p1a: Yveltal|66/100|[from] item: Life Orb
|
|upkeep
|
|t:|1664176696
|switch|p2a: Arceus|Arceus-Fairy|76/100
|-damage|p2a: Arceus|63/100|[from] Stealth Rock
|turn|49
|
|t:|1664176700
|move|p1a: Yveltal|Max Airstream|p2a: Arceus
|-damage|p2a: Arceus|23/100
|-boost|p1a: Yveltal|spe|1
|-damage|p1a: Yveltal|61/100|[from] item: Life Orb
|move|p2a: Arceus|Recover|p2a: Arceus
|-heal|p2a: Arceus|73/100
|
|upkeep
|-end|p1a: Yveltal|Dynamax
|-heal|p1a: Yveltal|61/100|[silent]
|turn|50
|
|t:|1664176707
|switch|p1a: Arceus|Arceus|94/100 par
|-damage|p1a: Arceus|82/100 par|[from] Stealth Rock
|move|p2a: Arceus|Judgment|p1a: Arceus
|-damage|p1a: Arceus|51/100 par
|
|upkeep
|turn|51
|
|t:|1664176710
|move|p2a: Arceus|Judgment|p1a: Arceus
|-damage|p1a: Arceus|22/100 par
|move|p1a: Arceus|Recover|p1a: Arceus
|-heal|p1a: Arceus|72/100 par
|
|upkeep
|turn|52
|
|t:|1664176715
|move|p2a: Arceus|Judgment|p1a: Arceus
|-damage|p1a: Arceus|43/100 par
|cant|p1a: Arceus|par
|
|upkeep
|turn|53
|
|t:|1664176722
|move|p2a: Arceus|Judgment|p1a: Arceus
|-damage|p1a: Arceus|14/100 par
|cant|p1a: Arceus|par
|
|upkeep
|turn|54
|
|t:|1664176726
|move|p2a: Arceus|Judgment|p1a: Arceus
|-damage|p1a: Arceus|0 fnt
|faint|p1a: Arceus
|
|upkeep
|
|t:|1664176728
|switch|p1a: Rayquaza|Rayquaza|100/100
|-damage|p1a: Rayquaza|76/100|[from] Stealth Rock
|-ability|p1a: Rayquaza|Air Lock
|turn|55
|
|t:|1664176737
|detailschange|p1a: Rayquaza|Rayquaza-Mega
|-mega|p1a: Rayquaza|Rayquaza|
|-weather|DeltaStream|[from] ability: Delta Stream|[of] p1a: Rayquaza
|move|p1a: Rayquaza|Dragon Ascent|p2a: Arceus
|-damage|p2a: Arceus|10/100
|-unboost|p1a: Rayquaza|def|1
|-unboost|p1a: Rayquaza|spd|1
|-damage|p1a: Rayquaza|66/100|[from] item: Life Orb
|move|p2a: Arceus|Judgment|p1a: Rayquaza
|-supereffective|p1a: Rayquaza
|-damage|p1a: Rayquaza|0 fnt
|faint|p1a: Rayquaza
|-weather|none
|
|upkeep
|-message|NOAH MK2 forfeited.
|
|win|Whitedevil12345678
|raw|NOAH MK2's rating: 1786 &rarr; <strong>1777</strong><br />(-9 for losing)
|raw|Whitedevil12345678's rating: 2003 &rarr; <strong>2012</strong><br />(+9 for winning)
|l|☆NOAH MK2
