|j|☆Crackerkid
|j|☆Blackstar152001
|t:|1664647872
|gametype|singles
|player|p1|Crackerkid|265|1657
|player|p2|Blackstar152001|blue-gen3two|1711
|teamsize|p1|6
|teamsize|p2|6
|gen|8
|tier|[Gen 8] National Dex AG
|rated|
|rule|HP Percentage Mod: HP is shown in percentages
|rule|Endless Battle Clause: Forcing endless battles is banned
|clearpoke
|poke|p1|Rayquaza|
|poke|p1|Groudon|
|poke|p1|Calyrex-Shadow|
|poke|p1|Tyranitar, M|
|poke|p1|Deoxys-Attack|
|poke|p1|Necrozma-Dusk-Mane|
|poke|p2|Urshifu-*, M|
|poke|p2|Arceus-*|
|poke|p2|Ditto|
|poke|p2|Mew|
|poke|p2|Arceus-*|
|poke|p2|Zygarde|
|teampreview
|inactive|Battle timer is ON: inactive players will automatically lose when time's up. (requested by Blackstar152001)
|inactive|Crackerkid also wants the timer to be on.
|
|t:|1664647888
|start
|switch|p1a: Deoxys|Deoxys-Attack|100/100
|switch|p2a: Arceus|Arceus-Fairy|100/100
|-ability|p1a: Deoxys|Pressure
|turn|1
|
|t:|1664647893
|move|p1a: Deoxys|Spikes|p2a: Arceus
|-sidestart|p2: Blackstar152001|Spikes
|move|p2a: Arceus|Stealth Rock|p1a: Deoxys
|-sidestart|p1: Crackerkid|move: Stealth Rock
|
|upkeep
|turn|2
|
|t:|1664647896
|move|p1a: Deoxys|Spikes|p2a: Arceus
|-sidestart|p2: Blackstar152001|Spikes
|move|p2a: Arceus|Judgment|p1a: Deoxys
|-enditem|p1a: Deoxys|Focus Sash
|-damage|p1a: Deoxys|1/100
|
|upkeep
|turn|3
|
|t:|1664647901
|move|p1a: Deoxys|Psycho Boost|p2a: Arceus
|-damage|p2a: Arceus|56/100
|-unboost|p1a: Deoxys|spa|2
|move|p2a: Arceus|Judgment|p1a: Deoxys
|-damage|p1a: Deoxys|0 fnt
|faint|p1a: Deoxys
|
|upkeep
|
|t:|1664647909
|switch|p1a: Groudon|Groudon|100/100
|-damage|p1a: Groudon|94/100|[from] Stealth Rock
|detailschange|p1a: Groudon|Groudon-Primal
|-primal|p1a: Groudon
|-weather|DesolateLand|[from] ability: Desolate Land|[of] p1a: Groudon
|turn|4
|
|t:|1664647914
|switch|p2a: Zygarde|Zygarde, shiny|100/100
|-damage|p2a: Zygarde|84/100|[from] Spikes
|move|p1a: Groudon|Thunder Wave|p2a: Zygarde
|-immune|p2a: Zygarde
|
|-weather|DesolateLand|[upkeep]
|-heal|p2a: Zygarde|90/100|[from] item: Leftovers
|upkeep
|turn|5
|
|t:|1664647917
|move|p2a: Zygarde|Glare|p1a: Groudon
|-status|p1a: Groudon|par
|move|p1a: Groudon|Roar|p2a: Zygarde
|drag|p2a: Arceus|Arceus|100/100
|-damage|p2a: Arceus|84/100|[from] Spikes
|
|-weather|DesolateLand|[upkeep]
|upkeep
|turn|6
|
|t:|1664647922
|move|p2a: Arceus|Swords Dance|p2a: Arceus
|-boost|p2a: Arceus|atk|2
|cant|p1a: Groudon|par
|
|-weather|DesolateLand|[upkeep]
|upkeep
|turn|7
|
|t:|1664647927
|move|p2a: Arceus|Extreme Speed|p1a: Groudon
|-damage|p1a: Groudon|54/100 par
|move|p1a: Groudon|Roar|p2a: Arceus
|drag|p2a: Mew|Mew|100/100
|-damage|p2a: Mew|84/100|[from] Spikes
|
|-weather|DesolateLand|[upkeep]
|upkeep
|turn|8
|
|t:|1664647931
|move|p2a: Mew|Psychic|p1a: Groudon
|-damage|p1a: Groudon|6/100 par
|-damage|p2a: Mew|74/100|[from] item: Life Orb
|move|p1a: Groudon|Stealth Rock|p2a: Mew
|-sidestart|p2: Blackstar152001|move: Stealth Rock
|
|-weather|DesolateLand|[upkeep]
|upkeep
|turn|9
|
|t:|1664647941
|move|p2a: Mew|Psychic|p1a: Groudon
|-damage|p1a: Groudon|0 fnt
|faint|p1a: Groudon
|-weather|none
|-damage|p2a: Mew|64/100|[from] item: Life Orb
|
|upkeep
|
|t:|1664647952
|switch|p1a: Tyranitar|Tyranitar, M|100/100
|-damage|p1a: Tyranitar|88/100|[from] Stealth Rock
|-weather|Sandstorm|[from] ability: Sand Stream|[of] p1a: Tyranitar
|turn|10
|
|t:|1664647955
|move|p2a: Mew|Aura Sphere|p1a: Tyranitar
|-supereffective|p1a: Tyranitar
|-damage|p1a: Tyranitar|37/100
|-damage|p2a: Mew|54/100|[from] item: Life Orb
|move|p1a: Tyranitar|Pursuit|p2a: Mew
|-supereffective|p2a: Mew
|-damage|p2a: Mew|17/100
|
|-weather|Sandstorm|[upkeep]
|-damage|p2a: Mew|10/100|[from] Sandstorm
|-heal|p1a: Tyranitar|43/100|[from] item: Leftovers
|upkeep
|turn|11
|
|t:|1664647963
|switch|p1a: Calyrex|Calyrex-Shadow|100/100
|-ability|p1a: Calyrex|As One
|-ability|p1a: Calyrex|Unnerve
|-damage|p1a: Calyrex|88/100|[from] Stealth Rock
|move|p2a: Mew|Aura Sphere|p1a: Calyrex
|-immune|p1a: Calyrex
|
|-weather|Sandstorm|[upkeep]
|-damage|p1a: Calyrex|82/100|[from] Sandstorm
|-damage|p2a: Mew|4/100|[from] Sandstorm
|upkeep
|turn|12
|
|t:|1664647966
|move|p1a: Calyrex|Astral Barrage|p2a: Mew
|-supereffective|p2a: Mew
|-damage|p2a: Mew|0 fnt
|faint|p2a: Mew
|-ability|p1a: Calyrex|Grim Neigh|boost
|-boost|p1a: Calyrex|spa|1
|
|-weather|Sandstorm|[upkeep]
|-damage|p1a: Calyrex|76/100|[from] Sandstorm
|upkeep
|
|t:|1664647974
|switch|p2a: Urshifu|Urshifu, M|100/100
|-damage|p2a: Urshifu|84/100|[from] Spikes
|-damage|p2a: Urshifu|78/100|[from] Stealth Rock
|turn|13
|
|t:|1664647983
|switch|p1a: Tyranitar|Tyranitar, M|43/100
|-damage|p1a: Tyranitar|30/100|[from] Stealth Rock
|move|p2a: Urshifu|Sucker Punch||[still]
|-fail|p2a: Urshifu
|
|-weather|Sandstorm|[upkeep]
|-damage|p2a: Urshifu|72/100|[from] Sandstorm
|-heal|p1a: Tyranitar|37/100|[from] item: Leftovers
|upkeep
|turn|14
|
|t:|1664647993
|move|p2a: Urshifu|Close Combat|p1a: Tyranitar
|-supereffective|p1a: Tyranitar
|-damage|p1a: Tyranitar|0 fnt
|-unboost|p2a: Urshifu|def|1
|-unboost|p2a: Urshifu|spd|1
|faint|p1a: Tyranitar
|-damage|p2a: Urshifu|62/100|[from] item: Life Orb
|
|-weather|none
|upkeep
|
|t:|1664647996
|switch|p1a: Rayquaza|Rayquaza|100/100
|-damage|p1a: Rayquaza|76/100|[from] Stealth Rock
|-ability|p1a: Rayquaza|Air Lock
|turn|15
|
|t:|1664648003
|switch|p2a: Arceus|Arceus-Fairy|56/100
|-damage|p2a: Arceus|40/100|[from] Spikes
|-damage|p2a: Arceus|27/100|[from] Stealth Rock
|detailschange|p1a: Rayquaza|Rayquaza-Mega
|-mega|p1a: Rayquaza|Rayquaza|
|-weather|DeltaStream|[from] ability: Delta Stream|[of] p1a: Rayquaza
|move|p1a: Rayquaza|Dragon Ascent|p2a: Arceus
|-crit|p2a: Arceus
|-damage|p2a: Arceus|0 fnt
|-unboost|p1a: Rayquaza|def|1
|-unboost|p1a: Rayquaza|spd|1
|faint|p2a: Arceus
|
|-weather|DeltaStream|[upkeep]
|upkeep
|
|t:|1664648011
|switch|p2a: Ditto|Ditto|100/100
|-damage|p2a: Ditto|84/100|[from] Spikes
|-damage|p2a: Ditto|72/100|[from] Stealth Rock
|-transform|p2a: Ditto|p1a: Rayquaza|[from] ability: Imposter
|turn|16
|
|t:|1664648015
|switch|p1a: Necrozma|Necrozma-Dusk-Mane|100/100
|-damage|p1a: Necrozma|95/100|[from] Stealth Rock
|move|p2a: Ditto|Extreme Speed|p1a: Necrozma
|-resisted|p1a: Necrozma
|-damage|p1a: Necrozma|80/100
|
|-weather|DeltaStream|[upkeep]
|upkeep
|turn|17
|
|t:|1664648020
|-weather|none
|switch|p2a: Zygarde|Zygarde, shiny|90/100
|-damage|p2a: Zygarde|73/100|[from] Spikes
|-damage|p2a: Zygarde|67/100|[from] Stealth Rock
|move|p1a: Necrozma|Sunsteel Strike|p2a: Zygarde
|-damage|p2a: Zygarde|35/100
|
|-heal|p2a: Zygarde|41/100|[from] item: Leftovers
|-activate|p2a: Zygarde|ability: Power Construct
|detailschange|p2a: Zygarde|Zygarde-Complete, shiny
|-heal|p2a: Zygarde|61/100|[silent]
|upkeep
|turn|18
|
|t:|1664648032
|move|p1a: Necrozma|Sunsteel Strike|p2a: Zygarde
|-damage|p2a: Zygarde|39/100
|move|p2a: Zygarde|Glare|p1a: Necrozma
|-status|p1a: Necrozma|par
|
|-heal|p2a: Zygarde|45/100|[from] item: Leftovers
|upkeep
|turn|19
|
|t:|1664648040
|move|p2a: Zygarde|Thousand Arrows|p1a: Necrozma
|-supereffective|p1a: Necrozma
|-damage|p1a: Necrozma|44/100 par
|-enditem|p1a: Necrozma|Weakness Policy
|-boost|p1a: Necrozma|atk|2|[from] item: Weakness Policy
|-boost|p1a: Necrozma|spa|2|[from] item: Weakness Policy
|move|p1a: Necrozma|Sunsteel Strike|p2a: Zygarde
|-damage|p2a: Zygarde|5/100
|
|-heal|p2a: Zygarde|11/100|[from] item: Leftovers
|upkeep
|turn|20
|
|t:|1664648050
|switch|p1a: Rayquaza|Rayquaza-Mega|76/100
|-damage|p1a: Rayquaza|51/100|[from] Stealth Rock
|-weather|DeltaStream|[from] ability: Delta Stream|[of] p1a: Rayquaza
|move|p2a: Zygarde|Rest|p2a: Zygarde
|-status|p2a: Zygarde|slp|[from] move: Rest
|-heal|p2a: Zygarde|100/100 slp|[silent]
|
|-weather|DeltaStream|[upkeep]
|upkeep
|turn|21
|
|t:|1664648058
|move|p1a: Rayquaza|Outrage|p2a: Zygarde
|-supereffective|p2a: Zygarde
|-damage|p2a: Zygarde|17/100 slp
|cant|p2a: Zygarde|slp
|
|-weather|DeltaStream|[upkeep]
|-heal|p2a: Zygarde|23/100 slp|[from] item: Leftovers
|upkeep
|turn|22
|
|t:|1664648063
|move|p1a: Rayquaza|Outrage|p2a: Zygarde|[from]lockedmove
|-supereffective|p2a: Zygarde
|-damage|p2a: Zygarde|0 fnt
|faint|p2a: Zygarde
|-start|p1a: Rayquaza|confusion|[fatigue]
|
|-weather|DeltaStream|[upkeep]
|upkeep
|
|t:|1664648067
|switch|p2a: Ditto|Ditto|72/100
|-damage|p2a: Ditto|55/100|[from] Spikes
|-damage|p2a: Ditto|43/100|[from] Stealth Rock
|-transform|p2a: Ditto|p1a: Rayquaza|[from] ability: Imposter
|turn|23
|
|t:|1664648076
|switch|p1a: Necrozma|Necrozma-Dusk-Mane|44/100 par
|-damage|p1a: Necrozma|38/100 par|[from] Stealth Rock
|move|p2a: Ditto|Dragon Ascent|p1a: Necrozma
|-resisted|p1a: Necrozma
|-crit|p1a: Necrozma
|-damage|p1a: Necrozma|0 fnt
|-unboost|p2a: Ditto|def|1
|-unboost|p2a: Ditto|spd|1
|faint|p1a: Necrozma
|
|-weather|DeltaStream|[upkeep]
|upkeep
|
|t:|1664648081
|switch|p1a: Calyrex|Calyrex-Shadow|76/100
|-ability|p1a: Calyrex|As One
|-ability|p1a: Calyrex|Unnerve
|-damage|p1a: Calyrex|64/100|[from] Stealth Rock
|turn|24
|
|t:|1664648086
|-weather|none
|switch|p2a: Arceus|Arceus|84/100
|-damage|p2a: Arceus|67/100|[from] Spikes
|-damage|p2a: Arceus|55/100|[from] Stealth Rock
|move|p1a: Calyrex|Astral Barrage|p2a: Arceus
|-immune|p2a: Arceus
|
|upkeep
|turn|25
|
|t:|1664648099
|-start|p1a: Calyrex|Dynamax|
|-heal|p1a: Calyrex|64/100|[silent]
|-start|p2a: Arceus|Dynamax|
|-heal|p2a: Arceus|55/100|[silent]
|move|p1a: Calyrex|Max Mindstorm|p2a: Arceus
|-damage|p2a: Arceus|30/100
|-fieldstart|move: Psychic Terrain
|move|p2a: Arceus|Max Phantasm|p1a: Calyrex
|-supereffective|p1a: Calyrex
|-damage|p1a: Calyrex|0 fnt
|faint|p1a: Calyrex
|
|upkeep
|
|t:|1664648102
|switch|p1a: Rayquaza|Rayquaza-Mega|51/100
|-damage|p1a: Rayquaza|26/100|[from] Stealth Rock
|-weather|DeltaStream|[from] ability: Delta Stream|[of] p1a: Rayquaza
|turn|26
|
|t:|1664648107
|move|p1a: Rayquaza|Extreme Speed|p2a: Arceus
|-activate|p2a: Arceus|move: Psychic Terrain
|move|p2a: Arceus|Max Strike|p1a: Rayquaza
|-damage|p1a: Rayquaza|0 fnt
|faint|p1a: Rayquaza
|-weather|none
|
|win|Blackstar152001
|raw|Crackerkid's rating: 1657 &rarr; <strong>1640</strong><br />(-17 for losing)
|raw|Blackstar152001's rating: 1711 &rarr; <strong>1728</strong><br />(+17 for winning)
|l|☆Crackerkid
