|j|☆inoion
|j|☆IsoCon
|t:|1651280621
|gametype|singles
|player|p1|inoion|lusamine-nihilego|1835
|player|p2|IsoCon|acetrainersnowf|1794
|teamsize|p1|6
|teamsize|p2|6
|gen|8
|tier|[Gen 8] National Dex AG
|rated|
|rule|HP Percentage Mod: HP is shown in percentages
|rule|Endless Battle Clause: Forcing endless battles is banned
|clearpoke
|poke|p1|Necrozma-Dusk-Mane|
|poke|p1|Yveltal|
|poke|p1|Eternatus|
|poke|p1|Arceus-*|
|poke|p1|Arceus-*|
|poke|p1|Rayquaza|
|poke|p2|Gengar, F|
|poke|p2|Yveltal|
|poke|p2|Zacian-*|
|poke|p2|Groudon|
|poke|p2|Ho-Oh|
|poke|p2|Arceus-*|
|teampreview
|inactive|Battle timer is ON: inactive players will automatically lose when time's up. (requested by inoion)
|
|t:|1651280628
|start
|switch|p1a: Yveltal|Yveltal|100/100
|switch|p2a: Gengar|Gengar, F|100/100
|-ability|p1a: Yveltal|Dark Aura
|turn|1
|
|t:|1651280632
|detailschange|p2a: Gengar|Gengar-Mega, F
|-mega|p2a: Gengar|Gengar|Gengarite
|move|p2a: Gengar|Substitute|p2a: Gengar
|-start|p2a: Gengar|Substitute
|-damage|p2a: Gengar|76/100
|move|p1a: Yveltal|Knock Off|p2a: Gengar
|-supereffective|p2a: Gengar
|-end|p2a: Gengar|Substitute
|
|upkeep
|turn|2
|
|t:|1651280636
|switch|p2a: Arceus|Arceus-Water|100/100
|move|p1a: Yveltal|Knock Off|p2a: Arceus
|-damage|p2a: Arceus|83/100
|
|upkeep
|turn|3
|
|t:|1651280638
|move|p2a: Arceus|Ice Beam|p1a: Yveltal
|-supereffective|p1a: Yveltal
|-damage|p1a: Yveltal|75/100
|move|p1a: Yveltal|Toxic|p2a: Arceus
|-status|p2a: Arceus|tox
|
|-damage|p2a: Arceus|77/100 tox|[from] psn
|upkeep
|turn|4
|
|t:|1651280647
|switch|p1a: Arceus|Arceus-Electric|100/100
|move|p2a: Arceus|Refresh|p2a: Arceus
|-curestatus|p2a: Arceus|tox|[msg]
|
|upkeep
|turn|5
|
|t:|1651280650
|switch|p2a: Groudon|Groudon|100/100
|detailschange|p2a: Groudon|Groudon-Primal
|-primal|p2a: Groudon
|-weather|DesolateLand|[from] ability: Desolate Land|[of] p2a: Groudon
|move|p1a: Arceus|Ice Beam|p2a: Groudon
|-damage|p2a: Groudon|77/100
|
|-weather|DesolateLand|[upkeep]
|upkeep
|turn|6
|
|t:|1651280654
|switch|p1a: Arceus|Arceus-Ground|100/100
|move|p2a: Groudon|Stealth Rock|p1a: Arceus
|-sidestart|p1: inoion|move: Stealth Rock
|
|-weather|DesolateLand|[upkeep]
|upkeep
|turn|7
|
|t:|1651280665
|-weather|none
|switch|p2a: Arceus|Arceus-Water|77/100
|move|p1a: Arceus|Ice Beam|p2a: Arceus
|-resisted|p2a: Arceus
|-damage|p2a: Arceus|69/100
|
|upkeep
|turn|8
|
|t:|1651280673
|switch|p1a: Yveltal|Yveltal|75/100
|-ability|p1a: Yveltal|Dark Aura
|move|p2a: Arceus|Recover|p2a: Arceus
|-heal|p2a: Arceus|100/100
|
|upkeep
|turn|9
|
|t:|1651280678
|move|p2a: Arceus|Ice Beam|p1a: Yveltal
|-supereffective|p1a: Yveltal
|-damage|p1a: Yveltal|49/100
|move|p1a: Yveltal|Roost|p1a: Yveltal
|-heal|p1a: Yveltal|99/100
|-singleturn|p1a: Yveltal|move: Roost
|
|upkeep
|turn|10
|
|t:|1651280686
|move|p2a: Arceus|Ice Beam|p1a: Yveltal
|-supereffective|p1a: Yveltal
|-damage|p1a: Yveltal|74/100
|-status|p1a: Yveltal|frz
|cant|p1a: Yveltal|frz
|
|upkeep
|turn|11
|c|☆inoion|ye
|
|t:|1651280709
|switch|p1a: Necrozma|Necrozma-Dusk-Mane|100/100
|-damage|p1a: Necrozma|94/100|[from] Stealth Rock
|move|p2a: Arceus|Judgment|p1a: Necrozma
|-damage|p1a: Necrozma|54/100
|
|upkeep
|turn|12
|
|t:|1651280712
|move|p2a: Arceus|Judgment|p1a: Necrozma
|-damage|p1a: Necrozma|13/100
|move|p1a: Necrozma|Morning Sun|p1a: Necrozma
|-heal|p1a: Necrozma|63/100
|
|upkeep
|turn|13
|
|t:|1651280714
|move|p2a: Arceus|Judgment|p1a: Necrozma
|-damage|p1a: Necrozma|26/100
|move|p1a: Necrozma|Morning Sun|p1a: Necrozma
|-heal|p1a: Necrozma|76/100
|
|upkeep
|turn|14
|
|t:|1651280717
|switch|p1a: Eternatus|Eternatus|100/100
|-damage|p1a: Eternatus|88/100|[from] Stealth Rock
|-ability|p1a: Eternatus|Pressure
|move|p2a: Arceus|Judgment|p1a: Eternatus
|-resisted|p1a: Eternatus
|-damage|p1a: Eternatus|68/100
|
|upkeep
|turn|15
|
|t:|1651280722
|move|p1a: Eternatus|Recover|p1a: Eternatus
|-heal|p1a: Eternatus|100/100
|move|p2a: Arceus|Recover||[still]
|-fail|p2a: Arceus|heal
|
|upkeep
|turn|16
|
|t:|1651280739
|move|p1a: Eternatus|Meteor Beam||[still]
|-prepare|p1a: Eternatus|Meteor Beam
|-boost|p1a: Eternatus|spa|1
|-enditem|p1a: Eternatus|Power Herb
|-anim|p1a: Eternatus|Meteor Beam|p2a: Arceus
|-damage|p2a: Arceus|58/100
|move|p2a: Arceus|Ice Beam|p1a: Eternatus
|-supereffective|p1a: Eternatus
|-damage|p1a: Eternatus|65/100
|-status|p1a: Eternatus|frz
|
|upkeep
|turn|17
|c|☆inoion|r u kidding me
|c|☆IsoCon|ok this is way worse than what happened last time im sorry
|
|t:|1651280766
|switch|p2a: Ho-Oh|Ho-Oh|100/100
|-curestatus|p1a: Eternatus|frz|[msg]
|move|p1a: Eternatus|Flamethrower|p2a: Ho-Oh
|-resisted|p2a: Ho-Oh
|-damage|p2a: Ho-Oh|87/100
|
|upkeep
|turn|18
|
|t:|1651280777
|move|p1a: Eternatus|Dynamax Cannon|p2a: Ho-Oh
|-damage|p2a: Ho-Oh|41/100
|move|p2a: Ho-Oh|Whirlwind|p1a: Eternatus
|drag|p1a: Arceus|Arceus-Ground|100/100
|-damage|p1a: Arceus|94/100|[from] Stealth Rock
|
|upkeep
|turn|19
|
|t:|1651280796
|switch|p1a: Yveltal|Yveltal|74/100 frz
|-ability|p1a: Yveltal|Dark Aura
|switch|p2a: Arceus|Arceus-Water|58/100
|
|upkeep
|turn|20
|
|t:|1651280806
|move|p2a: Arceus|Judgment|p1a: Yveltal
|-damage|p1a: Yveltal|50/100 frz
|-curestatus|p1a: Yveltal|frz|[msg]
|move|p1a: Yveltal|Roost|p1a: Yveltal
|-heal|p1a: Yveltal|99/100
|-singleturn|p1a: Yveltal|move: Roost
|
|upkeep
|turn|21
|
|t:|1651280811
|move|p2a: Arceus|Recover|p2a: Arceus
|-heal|p2a: Arceus|100/100
|move|p1a: Yveltal|Toxic|p2a: Arceus
|-status|p2a: Arceus|tox
|
|-damage|p2a: Arceus|94/100 tox|[from] psn
|upkeep
|turn|22
|
|t:|1651280814
|move|p2a: Arceus|Refresh|p2a: Arceus
|-curestatus|p2a: Arceus|tox|[msg]
|move|p1a: Yveltal|U-turn|p2a: Arceus
|-damage|p2a: Arceus|84/100
|
|t:|1651280817
|switch|p1a: Arceus|Arceus-Electric|100/100|[from]move: U-turn
|-damage|p1a: Arceus|88/100|[from] Stealth Rock
|
|upkeep
|turn|23
|
|t:|1651280829
|switch|p2a: Groudon|Groudon-Primal|77/100
|-weather|DesolateLand|[from] ability: Desolate Land|[of] p2a: Groudon
|move|p1a: Arceus|Judgment|p2a: Groudon
|-immune|p2a: Groudon
|
|-weather|DesolateLand|[upkeep]
|upkeep
|turn|24
|
|t:|1651280847
|switch|p1a: Arceus|Arceus-Ground|94/100
|-damage|p1a: Arceus|88/100|[from] Stealth Rock
|move|p2a: Groudon|Overheat|p1a: Arceus
|-damage|p1a: Arceus|29/100
|-unboost|p2a: Groudon|spa|2
|
|-weather|DesolateLand|[upkeep]
|upkeep
|turn|25
|
|t:|1651280854
|-weather|none
|switch|p2a: Gengar|Gengar-Mega, F|76/100
|move|p1a: Arceus|Recover|p1a: Arceus
|-heal|p1a: Arceus|79/100
|
|upkeep
|turn|26
|
|t:|1651280859
|move|p2a: Gengar|Encore|p1a: Arceus
|-start|p1a: Arceus|Encore
|move|p1a: Arceus|Recover|p1a: Arceus
|-heal|p1a: Arceus|100/100
|
|upkeep
|turn|27
|
|t:|1651280865
|-start|p1a: Arceus|Dynamax|
|-heal|p1a: Arceus|100/100|[silent]
|move|p2a: Gengar|Substitute|p2a: Gengar
|-start|p2a: Gengar|Substitute
|-damage|p2a: Gengar|51/100
|move|p1a: Arceus|Max Quake|p2a: Gengar
|-supereffective|p2a: Gengar
|-end|p2a: Gengar|Substitute
|-boost|p1a: Arceus|spd|1
|
|upkeep
|turn|28
|
|t:|1651280869
|switch|p2a: Ho-Oh|Ho-Oh|74/100
|move|p1a: Arceus|Max Quake|p2a: Ho-Oh
|-immune|p2a: Ho-Oh
|
|-end|p1a: Arceus|Encore
|upkeep
|turn|29
|inactive|inoion has 120 seconds left.
|inactive|inoion has 90 seconds left.
|
|t:|1651280945
|move|p1a: Arceus|Max Hailstorm|p2a: Ho-Oh
|-damage|p2a: Ho-Oh|56/100
|-weather|Hail
|move|p2a: Ho-Oh|Toxic|p1a: Arceus
|-status|p1a: Arceus|tox
|
|-weather|Hail|[upkeep]
|-damage|p1a: Arceus|97/100 tox|[from] Hail
|-damage|p2a: Ho-Oh|50/100|[from] Hail
|-damage|p1a: Arceus|94/100 tox|[from] psn
|upkeep
|-end|p1a: Arceus|Dynamax
|-heal|p1a: Arceus|94/100 tox|[silent]
|turn|30
|
|t:|1651280952
|switch|p1a: Eternatus|Eternatus|65/100
|-damage|p1a: Eternatus|52/100|[from] Stealth Rock
|-ability|p1a: Eternatus|Pressure
|switch|p2a: Arceus|Arceus-Water|84/100
|
|-weather|Hail|[upkeep]
|-damage|p1a: Eternatus|46/100|[from] Hail
|-damage|p2a: Arceus|78/100|[from] Hail
|upkeep
|turn|31
|inactive|inoion has 90 seconds left.
|
|t:|1651280969
|switch|p2a: Gengar|Gengar-Mega, F|51/100
|move|p1a: Eternatus|Recover|p1a: Eternatus
|-heal|p1a: Eternatus|96/100
|
|-weather|Hail|[upkeep]
|-damage|p2a: Gengar|45/100|[from] Hail
|-damage|p1a: Eternatus|90/100|[from] Hail
|upkeep
|turn|32
|
|t:|1651280974
|move|p2a: Gengar|Encore|p1a: Eternatus
|-start|p1a: Eternatus|Encore
|move|p1a: Eternatus|Recover|p1a: Eternatus
|-heal|p1a: Eternatus|100/100
|
|-weather|Hail|[upkeep]
|-damage|p2a: Gengar|38/100|[from] Hail
|-damage|p1a: Eternatus|94/100|[from] Hail
|upkeep
|turn|33
|inactive|inoion has 90 seconds left.
|
|t:|1651281013
|move|p2a: Gengar|Shadow Ball|p1a: Eternatus
|-damage|p1a: Eternatus|54/100
|move|p1a: Eternatus|Recover|p1a: Eternatus
|-heal|p1a: Eternatus|100/100
|
|-weather|none
|upkeep
|turn|34
|
|t:|1651281017
|move|p2a: Gengar|Shadow Ball|p1a: Eternatus
|-crit|p1a: Eternatus
|-damage|p1a: Eternatus|36/100
|-unboost|p1a: Eternatus|spd|1
|move|p1a: Eternatus|Recover|p1a: Eternatus
|-heal|p1a: Eternatus|86/100
|
|-end|p1a: Eternatus|Encore
|upkeep
|turn|35
|
|t:|1651281039
|move|p2a: Gengar|Encore|p1a: Eternatus
|-start|p1a: Eternatus|Encore
|move|p1a: Eternatus|Recover|p1a: Eternatus
|-heal|p1a: Eternatus|100/100
|
|upkeep
|turn|36
|
|t:|1651281042
|move|p2a: Gengar|Shadow Ball|p1a: Eternatus
|-crit|p1a: Eternatus
|-damage|p1a: Eternatus|2/100
|move|p1a: Eternatus|Recover|p1a: Eternatus
|-heal|p1a: Eternatus|52/100
|
|upkeep
|turn|37
|
|t:|1651281051
|move|p2a: Gengar|Shadow Ball|p1a: Eternatus
|-damage|p1a: Eternatus|0 fnt
|faint|p1a: Eternatus
|
|upkeep
|
|t:|1651281053
|switch|p1a: Yveltal|Yveltal|99/100
|-ability|p1a: Yveltal|Dark Aura
|turn|38
|
|t:|1651281061
|switch|p2a: Arceus|Arceus-Water|78/100
|move|p1a: Yveltal|Knock Off|p2a: Arceus
|-damage|p2a: Arceus|59/100
|
|upkeep
|turn|39
|
|t:|1651281065
|move|p2a: Arceus|Recover|p2a: Arceus
|-heal|p2a: Arceus|100/100
|move|p1a: Yveltal|Toxic|p2a: Arceus
|-status|p2a: Arceus|tox
|
|-damage|p2a: Arceus|94/100 tox|[from] psn
|upkeep
|turn|40
|inactive|inoion has 90 seconds left.
|inactive|inoion has 60 seconds left.
|
|t:|1651281122
|move|p2a: Arceus|Refresh|p2a: Arceus
|-curestatus|p2a: Arceus|tox|[msg]
|move|p1a: Yveltal|U-turn|p2a: Arceus
|-damage|p2a: Arceus|85/100
|
|t:|1651281124
|switch|p1a: Arceus|Arceus-Electric|88/100|[from]move: U-turn
|-damage|p1a: Arceus|76/100|[from] Stealth Rock
|
|upkeep
|turn|41
|
|t:|1651281129
|switch|p2a: Groudon|Groudon-Primal|77/100
|-weather|DesolateLand|[from] ability: Desolate Land|[of] p2a: Groudon
|move|p1a: Arceus|Ice Beam|p2a: Groudon
|-damage|p2a: Groudon|55/100
|
|-weather|DesolateLand|[upkeep]
|upkeep
|turn|42
|
|t:|1651281135
|move|p1a: Arceus|Ice Beam|p2a: Groudon
|-damage|p2a: Groudon|31/100
|move|p2a: Groudon|Precipice Blades|p1a: Arceus|[miss]
|-miss|p2a: Groudon|p1a: Arceus
|
|-weather|DesolateLand|[upkeep]
|upkeep
|turn|43
|inactive|inoion has 90 seconds left.
|
|t:|1651281141
|switch|p1a: Arceus|Arceus-Ground|94/100 tox
|-damage|p1a: Arceus|88/100 tox|[from] Stealth Rock
|move|p2a: Groudon|Precipice Blades|p1a: Arceus
|-damage|p1a: Arceus|55/100 tox
|
|-weather|DesolateLand|[upkeep]
|-damage|p1a: Arceus|49/100 tox|[from] psn
|upkeep
|turn|44
|
|t:|1651281152
|-weather|none
|switch|p2a: Ho-Oh|Ho-Oh|84/100
|move|p1a: Arceus|Judgment|p2a: Ho-Oh
|-immune|p2a: Ho-Oh
|
|-damage|p1a: Arceus|37/100 tox|[from] psn
|upkeep
|turn|45
|
|t:|1651281159
|switch|p1a: Arceus|Arceus-Electric|76/100
|-damage|p1a: Arceus|64/100|[from] Stealth Rock
|move|p2a: Ho-Oh|Toxic|p1a: Arceus
|-status|p1a: Arceus|tox
|
|-damage|p1a: Arceus|57/100 tox|[from] psn
|upkeep
|turn|46
|
|t:|1651281167
|switch|p2a: Groudon|Groudon-Primal|31/100
|-weather|DesolateLand|[from] ability: Desolate Land|[of] p2a: Groudon
|move|p1a: Arceus|Judgment|p2a: Groudon
|-immune|p2a: Groudon
|
|-weather|DesolateLand|[upkeep]
|-damage|p1a: Arceus|45/100 tox|[from] psn
|upkeep
|turn|47
|inactive|inoion has 120 seconds left.
|
|t:|1651281189
|move|p1a: Arceus|Ice Beam|p2a: Groudon
|-damage|p2a: Groudon|10/100
|move|p2a: Groudon|Overheat|p1a: Arceus
|-damage|p1a: Arceus|0 fnt
|-unboost|p2a: Groudon|spa|2
|faint|p1a: Arceus
|
|-weather|DesolateLand|[upkeep]
|upkeep
|
|t:|1651281193
|switch|p1a: Rayquaza|Rayquaza|100/100
|-damage|p1a: Rayquaza|76/100|[from] Stealth Rock
|-ability|p1a: Rayquaza|Air Lock
|turn|48
|
|t:|1651281201
|detailschange|p1a: Rayquaza|Rayquaza-Mega
|-mega|p1a: Rayquaza|Rayquaza|
|-weather|DeltaStream|[from] ability: Delta Stream|[of] p1a: Rayquaza
|move|p1a: Rayquaza|Earthquake|p2a: Groudon
|-supereffective|p2a: Groudon
|-damage|p2a: Groudon|0 fnt
|faint|p2a: Groudon
|-damage|p1a: Rayquaza|66/100|[from] item: Life Orb
|
|-weather|DeltaStream|[upkeep]
|upkeep
|
|t:|1651281215
|switch|p2a: Ho-Oh|Ho-Oh|100/100
|turn|49
|inactive|inoion has 120 seconds left.
|inactive|inoion has 90 seconds left.
|
|t:|1651281263
|move|p1a: Rayquaza|Dragon Ascent|p2a: Ho-Oh
|-damage|p2a: Ho-Oh|27/100
|-unboost|p1a: Rayquaza|def|1
|-unboost|p1a: Rayquaza|spd|1
|-damage|p1a: Rayquaza|56/100|[from] item: Life Orb
|move|p2a: Ho-Oh|Toxic|p1a: Rayquaza|[miss]
|-miss|p2a: Ho-Oh|p1a: Rayquaza
|
|-weather|DeltaStream|[upkeep]
|upkeep
|turn|50
|
|t:|1651281283
|move|p1a: Rayquaza|Dragon Ascent|p2a: Ho-Oh
|-crit|p2a: Ho-Oh
|-damage|p2a: Ho-Oh|0 fnt
|-unboost|p1a: Rayquaza|def|1
|-unboost|p1a: Rayquaza|spd|1
|faint|p2a: Ho-Oh
|-damage|p1a: Rayquaza|46/100|[from] item: Life Orb
|
|-weather|DeltaStream|[upkeep]
|upkeep
|
|t:|1651281285
|switch|p2a: Gengar|Gengar-Mega, F|38/100
|turn|51
|
|t:|1651281292
|move|p2a: Gengar|Sludge Wave|p1a: Rayquaza
|-damage|p1a: Rayquaza|0 fnt
|faint|p1a: Rayquaza
|-weather|none
|
|upkeep
|
|t:|1651281296
|switch|p1a: Yveltal|Yveltal|99/100
|-ability|p1a: Yveltal|Dark Aura
|turn|52
|
|t:|1651281298
|switch|p2a: Arceus|Arceus-Water|85/100
|move|p1a: Yveltal|Knock Off|p2a: Arceus
|-damage|p2a: Arceus|65/100
|
|upkeep
|turn|53
|
|t:|1651281302
|switch|p2a: Gengar|Gengar-Mega, F|38/100
|move|p1a: Yveltal|Toxic|p2a: Gengar|[miss]
|-miss|p1a: Yveltal|p2a: Gengar
|
|upkeep
|turn|54
|
|t:|1651281318
|move|p2a: Gengar|Encore|p1a: Yveltal
|-start|p1a: Yveltal|Encore
|move|p1a: Yveltal|Toxic|p2a: Gengar
|-immune|p2a: Gengar
|
|upkeep
|turn|55
|-message|inoion forfeited.
|
|win|IsoCon
|raw|inoion's rating: 1844 &rarr; <strong>1821</strong><br />(-23 for losing)
|raw|IsoCon's rating: 1794 &rarr; <strong>1817</strong><br />(+23 for winning)
|l|☆inoion
