|j|☆Vertical's-Shadow
|j|☆DrMario69
|t:|1664257011
|gametype|singles
|player|p1|Vertical's-Shadow|maylene|1829
|player|p2|DrMario69|lucas|1867
|teamsize|p1|6
|teamsize|p2|6
|gen|8
|tier|[Gen 8] National Dex AG
|rated|
|rule|HP Percentage Mod: HP is shown in percentages
|rule|Endless Battle Clause: Forcing endless battles is banned
|clearpoke
|poke|p1|Zacian-*|
|poke|p1|Rayquaza|
|poke|p1|Calyrex-Shadow|
|poke|p1|Yveltal|
|poke|p1|Arceus-*|
|poke|p1|Ditto|
|poke|p2|Groudon|
|poke|p2|Rayquaza|
|poke|p2|Zygarde|
|poke|p2|Calyrex-Shadow|
|poke|p2|Arceus-*|
|poke|p2|Arceus-*|
|teampreview
|
|t:|1664257016
|start
|switch|p1a: Arceus|Arceus-Ground|100/100
|switch|p2a: the gwoat|Rayquaza|100/100
|-ability|p2a: the gwoat|Air Lock
|turn|1
|
|t:|1664257018
|detailschange|p2a: the gwoat|Rayquaza-Mega
|-mega|p2a: the gwoat|Rayquaza|
|-weather|DeltaStream|[from] ability: Delta Stream|[of] p2a: the gwoat
|move|p2a: the gwoat|Scale Shot|p1a: Arceus
|-damage|p1a: Arceus|86/100
|-damage|p1a: Arceus|72/100
|-hitcount|p1a: Arceus|2
|-unboost|p2a: the gwoat|def|1
|-boost|p2a: the gwoat|spe|1
|-damage|p2a: the gwoat|91/100|[from] item: Life Orb
|move|p1a: Arceus|Ice Beam|p2a: the gwoat
|-activate||deltastream
|-supereffective|p2a: the gwoat
|-damage|p2a: the gwoat|43/100
|-status|p2a: the gwoat|frz
|
|-weather|DeltaStream|[upkeep]
|upkeep
|turn|2
|c|☆DrMario69|oh loooord
|
|t:|1664257030
|-curestatus|p2a: the gwoat|frz|[msg]
|move|p2a: the gwoat|Dragon Ascent|p1a: Arceus
|-damage|p1a: Arceus|2/100
|-unboost|p2a: the gwoat|def|1
|-unboost|p2a: the gwoat|spd|1
|-damage|p2a: the gwoat|33/100|[from] item: Life Orb
|move|p1a: Arceus|Recover|p1a: Arceus
|-heal|p1a: Arceus|53/100
|
|-weather|DeltaStream|[upkeep]
|upkeep
|turn|3
|c|☆DrMario69|AYY
|c|☆DrMario69|the goat right here
|
|t:|1664257044
|move|p2a: the gwoat|Dragon Ascent|p1a: Arceus
|-damage|p1a: Arceus|0 fnt
|-unboost|p2a: the gwoat|def|1
|-unboost|p2a: the gwoat|spd|1
|faint|p1a: Arceus
|-damage|p2a: the gwoat|23/100|[from] item: Life Orb
|
|-weather|DeltaStream|[upkeep]
|upkeep
|
|t:|1664257060
|switch|p1a: Ditto|Ditto|100/100
|-transform|p1a: Ditto|p2a: the gwoat|[from] ability: Imposter
|turn|4
|
|t:|1664257062
|switch|p2a: the goat|Zygarde, shiny|100/100
|move|p1a: Ditto|Extreme Speed|p2a: the goat
|-damage|p2a: the goat|78/100
|
|-weather|DeltaStream|[upkeep]
|-heal|p2a: the goat|84/100|[from] item: Leftovers
|upkeep
|turn|5
|
|t:|1664257071
|-weather|none
|switch|p1a: Rayquaza|Rayquaza|100/100
|-ability|p1a: Rayquaza|Air Lock
|move|p2a: the goat|Glare|p1a: Rayquaza
|-status|p1a: Rayquaza|par
|
|-heal|p2a: the goat|90/100|[from] item: Leftovers
|upkeep
|turn|6
|
|t:|1664257073
|detailschange|p1a: Rayquaza|Rayquaza-Mega
|-mega|p1a: Rayquaza|Rayquaza|
|-weather|DeltaStream|[from] ability: Delta Stream|[of] p1a: Rayquaza
|move|p2a: the goat|Substitute|p2a: the goat
|-start|p2a: the goat|Substitute
|-damage|p2a: the goat|65/100
|move|p1a: Rayquaza|Scale Shot|p2a: the goat
|-supereffective|p2a: the goat
|-activate|p2a: the goat|move: Substitute|[damage]
|-supereffective|p2a: the goat
|-end|p2a: the goat|Substitute
|-supereffective|p2a: the goat
|-damage|p2a: the goat|48/100
|-supereffective|p2a: the goat
|-damage|p2a: the goat|32/100
|-hitcount|p2a: the goat|4
|-unboost|p1a: Rayquaza|def|1
|-boost|p1a: Rayquaza|spe|1
|
|-weather|DeltaStream|[upkeep]
|-heal|p2a: the goat|38/100|[from] item: Leftovers
|-activate|p2a: the goat|ability: Power Construct
|detailschange|p2a: the goat|Zygarde-Complete, shiny
|-heal|p2a: the goat|59/100|[silent]
|upkeep
|turn|7
|
|t:|1664257080
|move|p1a: Rayquaza|Scale Shot|p2a: the goat
|-supereffective|p2a: the goat
|-damage|p2a: the goat|48/100
|-supereffective|p2a: the goat
|-damage|p2a: the goat|37/100
|-supereffective|p2a: the goat
|-damage|p2a: the goat|25/100
|-supereffective|p2a: the goat
|-damage|p2a: the goat|13/100
|-supereffective|p2a: the goat
|-damage|p2a: the goat|1/100
|-hitcount|p2a: the goat|5
|-unboost|p1a: Rayquaza|def|1
|-boost|p1a: Rayquaza|spe|1
|move|p2a: the goat|Thousand Arrows|p1a: Rayquaza
|-damage|p1a: Rayquaza|41/100 par
|-start|p1a: Rayquaza|Smack Down
|
|-weather|DeltaStream|[upkeep]
|-heal|p2a: the goat|7/100|[from] item: Leftovers
|upkeep
|turn|8
|
|t:|1664257091
|cant|p1a: Rayquaza|par
|move|p2a: the goat|Thousand Arrows|p1a: Rayquaza
|-damage|p1a: Rayquaza|0 fnt
|faint|p1a: Rayquaza
|-weather|none
|
|-heal|p2a: the goat|13/100|[from] item: Leftovers
|upkeep
|c|☆DrMario69|5 times
|c|☆DrMario69|sheeesh
|c|☆Vertical's-Shadow|and
|c|☆Vertical's-Shadow|Para
|
|t:|1664257101
|switch|p1a: Calyrex|Calyrex-Shadow|100/100
|-ability|p1a: Calyrex|As One
|-ability|p1a: Calyrex|Unnerve
|turn|9
|c|☆DrMario69|ye evens out almost
|
|t:|1664257109
|switch|p2a: Arceus|Arceus|100/100
|move|p1a: Calyrex|Draining Kiss|p2a: Arceus
|-damage|p2a: Arceus|87/100
|
|upkeep
|turn|10
|
|t:|1664257123
|switch|p2a: Pyra|Groudon|100/100
|detailschange|p2a: Pyra|Groudon-Primal
|-primal|p2a: Pyra
|-weather|DesolateLand|[from] ability: Desolate Land|[of] p2a: Pyra
|move|p1a: Calyrex|Baton Pass|p1a: Calyrex
|
|t:|1664257127
|switch|p1a: Yveltal|Yveltal|100/100|[from]move: Baton Pass
|-ability|p1a: Yveltal|Dark Aura
|
|-weather|DesolateLand|[upkeep]
|upkeep
|turn|11
|
|t:|1664257130
|-start|p1a: Yveltal|Dynamax|
|-heal|p1a: Yveltal|100/100|[silent]
|move|p1a: Yveltal|Max Airstream|p2a: Pyra
|-damage|p2a: Pyra|20/100
|-boost|p1a: Yveltal|spe|1
|-damage|p1a: Yveltal|96/100|[from] item: Life Orb
|move|p2a: Pyra|Thunder Wave|p1a: Yveltal
|-status|p1a: Yveltal|par
|
|-weather|DesolateLand|[upkeep]
|upkeep
|turn|12
|
|t:|1664257133
|move|p2a: Pyra|Stealth Rock|p1a: Yveltal
|-sidestart|p1: Vertical's-Shadow|move: Stealth Rock
|move|p1a: Yveltal|Max Airstream|p2a: Pyra
|-damage|p2a: Pyra|0 fnt
|-boost|p1a: Yveltal|spe|1
|faint|p2a: Pyra
|-weather|none
|-damage|p1a: Yveltal|91/100 par|[from] item: Life Orb
|
|upkeep
|
|t:|1664257138
|switch|p2a: Calyrex|Calyrex-Shadow|100/100
|-ability|p2a: Calyrex|As One
|-ability|p2a: Calyrex|Unnerve
|turn|13
|
|t:|1664257143
|move|p2a: Calyrex|Substitute|p2a: Calyrex
|-start|p2a: Calyrex|Substitute
|-damage|p2a: Calyrex|76/100
|cant|p1a: Yveltal|par
|
|-heal|p2a: Calyrex|82/100|[from] item: Leftovers
|upkeep
|-end|p1a: Yveltal|Dynamax
|-heal|p1a: Yveltal|91/100 par|[silent]
|turn|14
|
|t:|1664257147
|move|p2a: Calyrex|Leech Seed|p1a: Yveltal
|-start|p1a: Yveltal|move: Leech Seed
|cant|p1a: Yveltal|par
|
|-heal|p2a: Calyrex|88/100|[from] item: Leftovers
|-damage|p1a: Yveltal|78/100 par|[from] Leech Seed|[of] p2a: Calyrex
|-heal|p2a: Calyrex|100/100|[silent]
|upkeep
|turn|15
|
|t:|1664257151
|move|p2a: Calyrex|Draining Kiss|p1a: Yveltal
|-supereffective|p1a: Yveltal
|-damage|p1a: Yveltal|41/100 par
|cant|p1a: Yveltal|par
|
|-damage|p1a: Yveltal|29/100 par|[from] Leech Seed|[of] p2a: Calyrex
|upkeep
|turn|16
|
|t:|1664257155
|move|p2a: Calyrex|Draining Kiss|p1a: Yveltal
|-supereffective|p1a: Yveltal
|-damage|p1a: Yveltal|0 fnt
|faint|p1a: Yveltal
|-ability|p2a: Calyrex|Grim Neigh|boost
|-boost|p2a: Calyrex|spa|1
|
|upkeep
|c|☆DrMario69|:(
|
|t:|1664257162
|switch|p1a: Calyrex|Calyrex-Shadow|100/100
|-ability|p1a: Calyrex|As One
|-ability|p1a: Calyrex|Unnerve
|-damage|p1a: Calyrex|88/100|[from] Stealth Rock
|turn|17
|
|t:|1664257167
|move|p1a: Calyrex|Astral Barrage|p2a: Calyrex
|-supereffective|p2a: Calyrex
|-end|p2a: Calyrex|Substitute
|move|p2a: Calyrex|Astral Barrage|p1a: Calyrex
|-supereffective|p1a: Calyrex
|-damage|p1a: Calyrex|0 fnt
|faint|p1a: Calyrex
|-ability|p2a: Calyrex|Grim Neigh|boost
|-boost|p2a: Calyrex|spa|1
|
|upkeep
|
|t:|1664257171
|switch|p1a: Ditto|Ditto|100/100
|-damage|p1a: Ditto|88/100|[from] Stealth Rock
|-transform|p1a: Ditto|p2a: Calyrex|[from] ability: Imposter
|turn|18
|
|t:|1664257200
|move|p1a: Ditto|Astral Barrage|p2a: Calyrex
|-supereffective|p2a: Calyrex
|-damage|p2a: Calyrex|0 fnt
|faint|p2a: Calyrex
|-ability|p1a: Ditto|Grim Neigh|boost
|-boost|p1a: Ditto|spa|1
|
|upkeep
|
|t:|1664257205
|switch|p2a: Arceus|Arceus|87/100
|turn|19
|
|t:|1664257212
|-start|p2a: Arceus|Dynamax|
|-heal|p2a: Arceus|87/100|[silent]
|move|p1a: Ditto|Astral Barrage|p2a: Arceus
|-immune|p2a: Arceus
|move|p2a: Arceus|Max Strike|p1a: Ditto
|-immune|p1a: Ditto
|
|upkeep
|turn|20
|
|t:|1664257218
|switch|p1a: Zacian|Zacian-Crowned|100/100
|-damage|p1a: Zacian|94/100|[from] Stealth Rock
|-ability|p1a: Zacian|Intrepid Sword|boost
|-boost|p1a: Zacian|atk|1
|move|p2a: Arceus|Max Phantasm|p1a: Zacian
|-damage|p1a: Zacian|53/100
|-unboost|p1a: Zacian|def|1
|
|upkeep
|turn|21
|
|t:|1664257226
|move|p1a: Zacian|Behemoth Blade|p2a: Arceus
|-damage|p2a: Arceus|22/100
|move|p2a: Arceus|Max Strike|p1a: Zacian
|-resisted|p1a: Zacian
|-damage|p1a: Zacian|8/100
|-unboost|p1a: Zacian|spe|1
|
|upkeep
|-end|p2a: Arceus|Dynamax
|-heal|p2a: Arceus|22/100|[silent]
|turn|22
|
|t:|1664257230
|move|p2a: Arceus|Extreme Speed|p1a: Zacian
|-resisted|p1a: Zacian
|-damage|p1a: Zacian|0 fnt
|faint|p1a: Zacian
|
|upkeep
|
|t:|1664257233
|switch|p1a: Ditto|Ditto|88/100
|-damage|p1a: Ditto|76/100|[from] Stealth Rock
|-transform|p1a: Ditto|p2a: Arceus|[from] ability: Imposter
|turn|23
|
|t:|1664257239
|move|p1a: Ditto|Extreme Speed|p2a: Arceus
|-damage|p2a: Arceus|0 fnt
|faint|p2a: Arceus
|
|upkeep
|
|t:|1664257246
|switch|p2a: Arceus|Arceus-Fairy|100/100
|turn|24
|
|t:|1664257250
|move|p1a: Ditto|Extreme Speed|p2a: Arceus
|-damage|p2a: Arceus|70/100
|move|p2a: Arceus|Recover|p2a: Arceus
|-heal|p2a: Arceus|100/100
|
|upkeep
|turn|25
|c|☆DrMario69|so how yo day goin
|
|t:|1664257256
|move|p1a: Ditto|Extreme Speed|p2a: Arceus
|-damage|p2a: Arceus|72/100
|move|p2a: Arceus|Recover|p2a: Arceus
|-heal|p2a: Arceus|100/100
|
|upkeep
|turn|26
|-message|Vertical's-Shadow forfeited.
|
|win|DrMario69
|raw|Vertical&apos;s-Shadow's rating: 1829 &rarr; <strong>1811</strong><br />(-18 for losing)
|raw|DrMario69's rating: 1867 &rarr; <strong>1885</strong><br />(+18 for winning)
|c|☆Vertical's-Shadow|Good
|c|☆Vertical's-Shadow|Wbu
|c|☆DrMario69|eh pretty good
