|j|☆amnael01
|j|☆Nobodi_Nowan
|t:|1658839751
|gametype|singles
|player|p1|amnael01|dawn|1698
|player|p2|Nobodi_Nowan|akari|1956
|teamsize|p1|6
|teamsize|p2|6
|gen|8
|tier|[Gen 8] National Dex AG
|rated|
|rule|HP Percentage Mod: HP is shown in percentages
|rule|Endless Battle Clause: Forcing endless battles is banned
|clearpoke
|poke|p1|Smeargle, M|
|poke|p1|Groudon|
|poke|p1|Espeon, M|
|poke|p1|Rayquaza|
|poke|p1|Xerneas-*|
|poke|p1|Zacian-*|
|poke|p2|Forretress, M|
|poke|p2|Arceus-*|
|poke|p2|Kyogre|
|poke|p2|Calyrex-Shadow|
|poke|p2|Zacian-*|
|poke|p2|Rayquaza|
|teampreview
|c|☆Nobodi_Nowan|gotta have my revenge
|
|t:|1658839780
|start
|switch|p1a: Rayquaza|Rayquaza|100/100
|switch|p2a: Zacian|Zacian-Crowned, shiny|100/100
|-ability|p2a: Zacian|Intrepid Sword|boost
|-boost|p2a: Zacian|atk|1
|-ability|p1a: Rayquaza|Air Lock
|turn|1
|
|t:|1658839789
|detailschange|p1a: Rayquaza|Rayquaza-Mega
|-mega|p1a: Rayquaza|Rayquaza|
|-weather|DeltaStream|[from] ability: Delta Stream|[of] p1a: Rayquaza
|move|p2a: Zacian|Behemoth Blade|p1a: Rayquaza
|-damage|p1a: Rayquaza|14/100
|move|p1a: Rayquaza|Dragon Dance|p1a: Rayquaza
|-boost|p1a: Rayquaza|atk|1
|-boost|p1a: Rayquaza|spe|1
|
|-weather|DeltaStream|[upkeep]
|upkeep
|turn|2
|
|t:|1658839811
|switch|p2a: Arceus|Arceus|100/100
|move|p1a: Rayquaza|Earthquake|p2a: Arceus
|-damage|p2a: Arceus|57/100
|
|-weather|DeltaStream|[upkeep]
|upkeep
|turn|3
|
|t:|1658839816
|move|p1a: Rayquaza|Extreme Speed|p2a: Arceus
|-damage|p2a: Arceus|23/100
|move|p2a: Arceus|Extreme Speed|p1a: Rayquaza
|-damage|p1a: Rayquaza|0 fnt
|faint|p1a: Rayquaza
|-weather|none
|
|upkeep
|
|t:|1658839819
|switch|p1a: Zacian|Zacian-Crowned|100/100
|-ability|p1a: Zacian|Intrepid Sword|boost
|-boost|p1a: Zacian|atk|1
|turn|4
|
|t:|1658839826
|switch|p2a: Forretress|Forretress, M|100/100
|move|p1a: Zacian|Behemoth Blade|p2a: Forretress
|-resisted|p2a: Forretress
|-damage|p2a: Forretress|73/100
|
|-heal|p2a: Forretress|80/100|[from] item: Leftovers
|upkeep
|turn|5
|
|t:|1658839834
|switch|p1a: Espeon|Espeon, M|100/100
|move|p2a: Forretress|Volt Switch|p1a: Espeon
|-damage|p1a: Espeon|87/100
|
|t:|1658839839
|switch|p2a: Zacian|Zacian-Crowned, shiny|100/100|[from]move: Volt Switch
|-ability|p2a: Zacian|Intrepid Sword|boost
|-boost|p2a: Zacian|atk|1
|
|upkeep
|turn|6
|
|t:|1658839845
|move|p2a: Zacian|Behemoth Blade|p1a: Espeon
|-damage|p1a: Espeon|0 fnt
|faint|p1a: Espeon
|
|upkeep
|
|t:|1658839847
|switch|p1a: Groudon|Groudon|100/100
|detailschange|p1a: Groudon|Groudon-Primal
|-primal|p1a: Groudon
|-weather|DesolateLand|[from] ability: Desolate Land|[of] p1a: Groudon
|turn|7
|
|t:|1658839853
|switch|p2a: Rayquaza|Rayquaza|100/100
|-ability|p2a: Rayquaza|Air Lock
|move|p1a: Groudon|Stealth Rock|p2a: Rayquaza
|-sidestart|p2: Nobodi_Nowan|move: Stealth Rock
|
|-weather|DesolateLand|[upkeep]
|upkeep
|turn|8
|
|t:|1658839866
|detailschange|p2a: Rayquaza|Rayquaza-Mega
|-mega|p2a: Rayquaza|Rayquaza|
|-weather|DeltaStream|[from] ability: Delta Stream|[of] p2a: Rayquaza
|move|p2a: Rayquaza|V-create|p1a: Groudon
|-resisted|p1a: Groudon
|-damage|p1a: Groudon|71/100
|-unboost|p2a: Rayquaza|spe|1
|-unboost|p2a: Rayquaza|def|1
|-unboost|p2a: Rayquaza|spd|1
|move|p1a: Groudon|Roar|p2a: Rayquaza
|-weather|none
|drag|p2a: Arceus|Arceus|23/100
|-damage|p2a: Arceus|10/100|[from] Stealth Rock
|
|upkeep
|turn|9
|inactive|Battle timer is ON: inactive players will automatically lose when time's up. (requested by amnael01)
|
|t:|1658839878
|move|p1a: Groudon|Fire Punch|p2a: Arceus
|-damage|p2a: Arceus|0 fnt
|faint|p2a: Arceus
|
|upkeep
|
|t:|1658839886
|switch|p2a: Kyogre|Kyogre|100/100
|-damage|p2a: Kyogre|88/100|[from] Stealth Rock
|detailschange|p2a: Kyogre|Kyogre-Primal
|-primal|p2a: Kyogre
|-weather|PrimordialSea|[from] ability: Primordial Sea|[of] p2a: Kyogre
|turn|10
|
|t:|1658839891
|move|p1a: Groudon|Earthquake|p2a: Kyogre
|-damage|p2a: Kyogre|10/100
|move|p2a: Kyogre|Water Spout|p1a: Groudon
|-supereffective|p1a: Groudon
|-damage|p1a: Groudon|10/100
|
|-weather|PrimordialSea|[upkeep]
|upkeep
|turn|11
|
|t:|1658839899
|move|p2a: Kyogre|Ice Beam|p1a: Groudon
|-damage|p1a: Groudon|0 fnt
|faint|p1a: Groudon
|
|-weather|PrimordialSea|[upkeep]
|upkeep
|
|t:|1658839903
|switch|p1a: Smeargle|Smeargle, M|100/100
|turn|12
|
|t:|1658839905
|move|p1a: Smeargle|Spiky Shield|p1a: Smeargle
|-singleturn|p1a: Smeargle|move: Protect
|move|p2a: Kyogre|Thunder|p1a: Smeargle
|-activate|p1a: Smeargle|move: Protect
|
|-weather|PrimordialSea|[upkeep]
|-ability|p1a: Smeargle|Moody|boost
|-boost|p1a: Smeargle|spa|2
|-unboost|p1a: Smeargle|spe|1
|upkeep
|turn|13
|j| DiegoDM©
|
|t:|1658839913
|move|p2a: Kyogre|Thunder|p1a: Smeargle
|-crit|p1a: Smeargle
|-enditem|p1a: Smeargle|Focus Sash
|-damage|p1a: Smeargle|1/100
|move|p1a: Smeargle|Spore|p2a: Kyogre
|-status|p2a: Kyogre|slp|[from] move: Spore
|
|-weather|PrimordialSea|[upkeep]
|-ability|p1a: Smeargle|Moody|boost
|-boost|p1a: Smeargle|spe|2
|-unboost|p1a: Smeargle|spa|1
|upkeep
|turn|14
|
|t:|1658839923
|move|p1a: Smeargle|Baton Pass|p1a: Smeargle
|
|t:|1658839924
|switch|p1a: Xerneas|Xerneas|100/100|[from]move: Baton Pass
|-ability|p1a: Xerneas|Fairy Aura
|cant|p2a: Kyogre|slp
|
|-weather|PrimordialSea|[upkeep]
|upkeep
|turn|15
|
|t:|1658839931
|move|p1a: Xerneas|Geomancy||[still]
|-prepare|p1a: Xerneas|Geomancy
|-enditem|p1a: Xerneas|Power Herb
|-anim|p1a: Xerneas|Geomancy|p1a: Xerneas
|-boost|p1a: Xerneas|spa|2
|-boost|p1a: Xerneas|spd|2
|-boost|p1a: Xerneas|spe|2
|cant|p2a: Kyogre|slp
|
|-weather|PrimordialSea|[upkeep]
|upkeep
|turn|16
|
|t:|1658839938
|move|p1a: Xerneas|Moonblast|p2a: Kyogre
|-damage|p2a: Kyogre|0 fnt
|faint|p2a: Kyogre
|-weather|none
|
|upkeep
|
|t:|1658839955
|switch|p2a: Calyrex|Calyrex-Shadow|100/100
|-ability|p2a: Calyrex|As One
|-ability|p2a: Calyrex|Unnerve
|-damage|p2a: Calyrex|88/100|[from] Stealth Rock
|turn|17
|
|t:|1658839964
|-start|p2a: Calyrex|Dynamax|
|-heal|p2a: Calyrex|88/100|[silent]
|move|p1a: Xerneas|Moonblast|p2a: Calyrex
|-damage|p2a: Calyrex|17/100
|-unboost|p2a: Calyrex|spa|1
|move|p2a: Calyrex|Max Phantasm|p1a: Xerneas
|-damage|p1a: Xerneas|82/100
|-unboost|p1a: Xerneas|def|1
|
|upkeep
|turn|18
|
|t:|1658839975
|-end|p2a: Calyrex|Dynamax
|-heal|p2a: Calyrex|17/100|[silent]
|switch|p2a: Forretress|Forretress, M|80/100
|-damage|p2a: Forretress|67/100|[from] Stealth Rock
|move|p1a: Xerneas|Moonblast|p2a: Forretress
|-resisted|p2a: Forretress
|-damage|p2a: Forretress|0 fnt
|faint|p2a: Forretress
|
|upkeep
|
|t:|1658839986
|switch|p2a: Rayquaza|Rayquaza-Mega|100/100
|-damage|p2a: Rayquaza|76/100|[from] Stealth Rock
|-weather|DeltaStream|[from] ability: Delta Stream|[of] p2a: Rayquaza
|turn|19
|
|t:|1658839991
|-start|p1a: Xerneas|Dynamax|
|-heal|p1a: Xerneas|82/100|[silent]
|move|p2a: Rayquaza|Endure|p2a: Rayquaza
|-singleturn|p2a: Rayquaza|move: Endure
|move|p1a: Xerneas|Max Starfall|p2a: Rayquaza
|-supereffective|p2a: Rayquaza
|-activate|p2a: Rayquaza|move: Endure
|-damage|p2a: Rayquaza|1/100
|-fieldstart|move: Misty Terrain
|
|-weather|DeltaStream|[upkeep]
|upkeep
|turn|20
|j| MeloMeloMeloetta
|-enditem|p2a: Rayquaza|Custap Berry|[eat]
|-activate|p2a: Rayquaza|item: Custap Berry|[consumed]
|
|t:|1658840000
|move|p2a: Rayquaza|Dragon Ascent|p1a: Xerneas
|-damage|p1a: Xerneas|39/100
|-unboost|p2a: Rayquaza|def|1
|-unboost|p2a: Rayquaza|spd|1
|move|p1a: Xerneas|Max Overgrowth|p2a: Rayquaza
|-resisted|p2a: Rayquaza
|-damage|p2a: Rayquaza|0 fnt
|-fieldstart|move: Grassy Terrain
|faint|p2a: Rayquaza
|-weather|none
|
|-heal|p1a: Xerneas|42/100|[from] Grassy Terrain
|upkeep
|
|t:|1658840012
|switch|p2a: Zacian|Zacian-Crowned, shiny|100/100
|-damage|p2a: Zacian|94/100|[from] Stealth Rock
|-ability|p2a: Zacian|Intrepid Sword|boost
|-boost|p2a: Zacian|atk|1
|turn|21
|
|t:|1658840017
|move|p1a: Xerneas|Max Flare|p2a: Zacian
|-supereffective|p2a: Zacian
|-damage|p2a: Zacian|0 fnt
|-weather|SunnyDay
|faint|p2a: Zacian
|
|-weather|SunnyDay|[upkeep]
|-heal|p1a: Xerneas|45/100|[from] Grassy Terrain
|upkeep
|
|t:|1658840025
|switch|p2a: Calyrex|Calyrex-Shadow|17/100
|-ability|p2a: Calyrex|As One
|-ability|p2a: Calyrex|Unnerve
|-damage|p2a: Calyrex|5/100|[from] Stealth Rock
|-end|p1a: Xerneas|Dynamax
|-heal|p1a: Xerneas|45/100|[silent]
|turn|22
|
|t:|1658840032
|move|p2a: Calyrex|Psyshock|p1a: Xerneas
|-damage|p1a: Xerneas|0 fnt
|faint|p1a: Xerneas
|-ability|p2a: Calyrex|Grim Neigh|boost
|-boost|p2a: Calyrex|spa|1
|
|-weather|SunnyDay|[upkeep]
|-heal|p2a: Calyrex|11/100|[from] Grassy Terrain
|upkeep
|
|t:|1658840036
|switch|p1a: Zacian|Zacian-Crowned|100/100
|-ability|p1a: Zacian|Intrepid Sword|boost
|-boost|p1a: Zacian|atk|1
|turn|23
|
|t:|1658840042
|move|p2a: Calyrex|Psyshock|p1a: Zacian
|-resisted|p1a: Zacian
|-damage|p1a: Zacian|64/100
|move|p1a: Zacian|Behemoth Blade|p2a: Calyrex
|-crit|p2a: Calyrex
|-damage|p2a: Calyrex|0 fnt
|faint|p2a: Calyrex
|
|win|amnael01
|raw|amnael01's rating: 1698 &rarr; <strong>1731</strong><br />(+33 for winning)
|raw|Nobodi_Nowan's rating: 1956 &rarr; <strong>1923</strong><br />(-33 for losing)
|l|☆Nobodi_Nowan
