|j|☆hellotempt6t
|j|☆DrMario69
|t:|1664260918
|gametype|singles
|player|p1|hellotempt6t|265|1584
|player|p2|DrMario69|lucas|1837
|teamsize|p1|6
|teamsize|p2|6
|gen|8
|tier|[Gen 8] National Dex AG
|rated|
|rule|HP Percentage Mod: HP is shown in percentages
|rule|Endless Battle Clause: Forcing endless battles is banned
|clearpoke
|poke|p1|Rayquaza|
|poke|p1|Yveltal|
|poke|p1|Marshadow|
|poke|p1|Ditto|
|poke|p1|Lugia|
|poke|p1|Arceus-*|
|poke|p2|Arceus-*|
|poke|p2|Groudon|
|poke|p2|Zacian-*|
|poke|p2|Rayquaza|
|poke|p2|Calyrex-Shadow|
|poke|p2|Yveltal|
|teampreview
|inactive|Battle timer is ON: inactive players will automatically lose when time's up. (requested by DrMario69)
|
|t:|1664260975
|start
|switch|p1a: Marshadow|Marshadow|100/100
|switch|p2a: Zacian|Zacian-Crowned|100/100
|-ability|p2a: Zacian|Intrepid Sword|boost
|-boost|p2a: Zacian|atk|1
|turn|1
|inactive|hellotempt6t has 120 seconds left.
|inactive|hellotempt6t has 90 seconds left.
|
|t:|1664261046
|move|p2a: Zacian|Play Rough|p1a: Marshadow
|-supereffective|p1a: Marshadow
|-enditem|p1a: Marshadow|Focus Sash
|-damage|p1a: Marshadow|1/100
|move|p1a: Marshadow|Spectral Thief||[still]
|-clearpositiveboost|p2a: Zacian|p1a: Marshadow|move: Spectral Thief
|-boost|p1a: Marshadow|atk|1
|-anim|p1a: Marshadow|Spectral Thief|p2a: Zacian
|-damage|p2a: Zacian|36/100
|
|upkeep
|turn|2
|
|t:|1664261068
|switch|p2a: Yveltal|Yveltal|100/100
|-ability|p2a: Yveltal|Dark Aura
|move|p1a: Marshadow|Shadow Sneak|p2a: Yveltal
|-resisted|p2a: Yveltal
|-damage|p2a: Yveltal|78/100
|
|upkeep
|turn|3
|inactive|hellotempt6t has 90 seconds left.
|
|t:|1664261088
|move|p2a: Yveltal|Sucker Punch|p1a: Marshadow
|-damage|p1a: Marshadow|0 fnt
|faint|p1a: Marshadow
|-damage|p2a: Yveltal|68/100|[from] item: Life Orb
|
|upkeep
|
|t:|1664261093
|switch|p1a: Lugia|Lugia|100/100
|turn|4
|
|t:|1664261099
|move|p1a: Lugia|Thunder Wave|p2a: Yveltal
|-status|p2a: Yveltal|par
|cant|p2a: Yveltal|par
|
|upkeep
|turn|5
|inactive|hellotempt6t has 90 seconds left.
|c|☆DrMario69|zamn
|
|t:|1664261144
|switch|p1a: Yveltal|Yveltal|100/100
|-ability|p1a: Yveltal|Dark Aura
|cant|p2a: Yveltal|par
|
|upkeep
|turn|6
|
|t:|1664261151
|-start|p1a: Yveltal|Dynamax|
|-heal|p1a: Yveltal|100/100|[silent]
|move|p1a: Yveltal|Max Airstream|p2a: Yveltal
|-damage|p2a: Yveltal|0 fnt
|-boost|p1a: Yveltal|spe|1
|faint|p2a: Yveltal
|-damage|p1a: Yveltal|96/100|[from] item: Life Orb
|
|upkeep
|
|t:|1664261159
|switch|p2a: Arceus|Arceus|100/100
|turn|7
|inactive|hellotempt6t has 60 seconds left.
|
|t:|1664261197
|-start|p2a: Arceus|Dynamax|
|-heal|p2a: Arceus|100/100|[silent]
|move|p2a: Arceus|Max Guard|p2a: Arceus
|-singleturn|p2a: Arceus|Max Guard
|move|p1a: Yveltal|Max Darkness|p2a: Arceus
|-activate|p2a: Arceus|move: Max Guard
|
|upkeep
|turn|8
|
|t:|1664261201
|move|p1a: Yveltal|Max Darkness|p2a: Arceus
|-damage|p2a: Arceus|61/100
|-unboost|p2a: Arceus|spd|1
|-damage|p1a: Yveltal|91/100|[from] item: Life Orb
|move|p2a: Arceus|Max Strike|p1a: Yveltal
|-damage|p1a: Yveltal|59/100
|-unboost|p1a: Yveltal|spe|1
|
|upkeep
|-end|p1a: Yveltal|Dynamax
|-heal|p1a: Yveltal|59/100|[silent]
|turn|9
|inactive|hellotempt6t has 60 seconds left.
|inactive|hellotempt6t has 30 seconds left.
|inactive|hellotempt6t has 20 seconds left.
|
|t:|1664261251
|move|p1a: Yveltal|Oblivion Wing|p2a: Arceus
|-damage|p2a: Arceus|35/100
|-heal|p1a: Yveltal|100/100|[from] drain|[of] p2a: Arceus
|-damage|p1a: Yveltal|91/100|[from] item: Life Orb
|move|p2a: Arceus|Max Strike|p1a: Yveltal
|-damage|p1a: Yveltal|22/100
|-unboost|p1a: Yveltal|spe|1
|
|upkeep
|-end|p2a: Arceus|Dynamax
|-heal|p2a: Arceus|35/100|[silent]
|turn|10
|inactive|hellotempt6t has 30 seconds left this turn.
|
|t:|1664261257
|move|p2a: Arceus|Extreme Speed|p1a: Yveltal
|-damage|p1a: Yveltal|0 fnt
|faint|p1a: Yveltal
|
|upkeep
|inactive|hellotempt6t has 30 seconds left this turn.
|
|t:|1664261262
|switch|p1a: Rayquaza|Rayquaza|100/100
|-ability|p1a: Rayquaza|Air Lock
|turn|11
|
|t:|1664261272
|detailschange|p1a: Rayquaza|Rayquaza-Mega
|-mega|p1a: Rayquaza|Rayquaza|
|-weather|DeltaStream|[from] ability: Delta Stream|[of] p1a: Rayquaza
|move|p2a: Arceus|Extreme Speed|p1a: Rayquaza
|-damage|p1a: Rayquaza|58/100
|move|p1a: Rayquaza|Scale Shot|p2a: Arceus
|-damage|p2a: Arceus|19/100
|-damage|p2a: Arceus|4/100
|-damage|p2a: Arceus|0 fnt
|faint|p2a: Arceus
|-hitcount|p2: Arceus|3
|-unboost|p1a: Rayquaza|def|1
|-boost|p1a: Rayquaza|spe|1
|-damage|p1a: Rayquaza|48/100|[from] item: Life Orb
|
|-weather|DeltaStream|[upkeep]
|upkeep
|
|t:|1664261279
|switch|p2a: Groudon|Groudon|100/100
|detailschange|p2a: Groudon|Groudon-Primal
|-primal|p2a: Groudon
|-weather|DesolateLand|[from] ability: Desolate Land|[of] p2a: Groudon
|turn|12
|
|t:|1664261299
|move|p1a: Rayquaza|Scale Shot|p2a: Groudon
|-damage|p2a: Groudon|90/100
|-damage|p2a: Groudon|81/100
|-damage|p2a: Groudon|71/100
|-damage|p2a: Groudon|62/100
|-damage|p2a: Groudon|53/100
|-hitcount|p2a: Groudon|5
|-unboost|p1a: Rayquaza|def|1
|-boost|p1a: Rayquaza|spe|1
|-damage|p1a: Rayquaza|38/100|[from] item: Life Orb
|move|p2a: Groudon|Thunder Wave|p1a: Rayquaza
|-status|p1a: Rayquaza|par
|
|-weather|DesolateLand|[upkeep]
|upkeep
|turn|13
|
|t:|1664261304
|move|p1a: Rayquaza|Dragon Ascent|p2a: Groudon
|-damage|p2a: Groudon|7/100
|-unboost|p1a: Rayquaza|def|1
|-unboost|p1a: Rayquaza|spd|1
|-damage|p1a: Rayquaza|28/100 par|[from] item: Life Orb
|move|p2a: Groudon|Stealth Rock|p1a: Rayquaza
|-sidestart|p1: hellotempt6t|move: Stealth Rock
|
|-weather|DesolateLand|[upkeep]
|upkeep
|turn|14
|
|t:|1664261312
|move|p1a: Rayquaza|Scale Shot|p2a: Groudon
|-damage|p2a: Groudon|0 fnt
|faint|p2a: Groudon
|-weather|none
|-hitcount|p2: Groudon|1
|-unboost|p1a: Rayquaza|def|1
|-boost|p1a: Rayquaza|spe|1
|-damage|p1a: Rayquaza|18/100 par|[from] item: Life Orb
|
|upkeep
|
|t:|1664261321
|switch|p2a: Calyrex|Calyrex-Shadow|100/100
|-ability|p2a: Calyrex|As One
|-ability|p2a: Calyrex|Unnerve
|turn|15
|inactive|hellotempt6t has 60 seconds left.
|
|t:|1664261341
|move|p1a: Rayquaza|Dragon Ascent|p2a: Calyrex
|-damage|p2a: Calyrex|0 fnt
|-unboost|p1a: Rayquaza|def|1
|-unboost|p1a: Rayquaza|spd|1
|faint|p2a: Calyrex
|-damage|p1a: Rayquaza|8/100 par|[from] item: Life Orb
|
|upkeep
|
|t:|1664261352
|switch|p2a: Rayquaza|Rayquaza|100/100
|-ability|p2a: Rayquaza|Air Lock
|turn|16
|inactive|hellotempt6t has 60 seconds left.
|
|t:|1664261367
|detailschange|p2a: Rayquaza|Rayquaza-Mega
|-mega|p2a: Rayquaza|Rayquaza|
|-weather|DeltaStream|[from] ability: Delta Stream|[of] p2a: Rayquaza
|move|p2a: Rayquaza|Extreme Speed|p1a: Rayquaza
|-damage|p1a: Rayquaza|0 fnt
|faint|p1a: Rayquaza
|
|-weather|DeltaStream|[upkeep]
|upkeep
|
|t:|1664261374
|switch|p1a: Lugia|Lugia|100/100
|turn|17
|
|t:|1664261376
|-weather|none
|switch|p2a: Zacian|Zacian-Crowned|36/100
|-ability|p2a: Zacian|Intrepid Sword|boost
|-boost|p2a: Zacian|atk|1
|move|p1a: Lugia|Thunder Wave|p2a: Zacian
|-status|p2a: Zacian|par
|
|upkeep
|turn|18
|inactive|hellotempt6t has 60 seconds left.
|
|t:|1664261393
|move|p1a: Lugia|Roost||[still]
|-fail|p1a: Lugia|heal
|move|p2a: Zacian|Behemoth Blade|p1a: Lugia
|-damage|p1a: Lugia|72/100
|
|upkeep
|turn|19
|c|☆DrMario69|you actually got so lucky this game lmao
|
|t:|1664261399
|move|p1a: Lugia|Roost|p1a: Lugia
|-heal|p1a: Lugia|100/100
|-singleturn|p1a: Lugia|move: Roost
|move|p2a: Zacian|Behemoth Blade|p1a: Lugia
|-damage|p1a: Lugia|71/100
|
|upkeep
|turn|20
|inactive|hellotempt6t has 60 seconds left.
|inactive|hellotempt6t has 30 seconds left.
|
|t:|1664261446
|move|p1a: Lugia|Roost|p1a: Lugia
|-heal|p1a: Lugia|100/100
|-singleturn|p1a: Lugia|move: Roost
|move|p2a: Zacian|Wild Charge|p1a: Lugia
|-damage|p1a: Lugia|83/100
|-damage|p2a: Zacian|30/100 par|[from] Recoil
|
|upkeep
|turn|21
|
|t:|1664261450
|move|p1a: Lugia|Roost|p1a: Lugia
|-heal|p1a: Lugia|100/100
|-singleturn|p1a: Lugia|move: Roost
|move|p2a: Zacian|Wild Charge|p1a: Lugia
|-damage|p1a: Lugia|83/100
|-damage|p2a: Zacian|24/100 par|[from] Recoil
|
|upkeep
|turn|22
|
|t:|1664261457
|move|p1a: Lugia|Roost|p1a: Lugia
|-heal|p1a: Lugia|100/100
|-singleturn|p1a: Lugia|move: Roost
|cant|p2a: Zacian|par
|
|upkeep
|turn|23
|
|t:|1664261461
|move|p1a: Lugia|Thunder Wave|p2a: Zacian
|-fail|p2a: Zacian|par
|cant|p2a: Zacian|par
|
|upkeep
|turn|24
|
|t:|1664261464
|move|p1a: Lugia|Thunder Wave|p2a: Zacian
|-fail|p2a: Zacian|par
|move|p2a: Zacian|Wild Charge|p1a: Lugia
|-supereffective|p1a: Lugia
|-damage|p1a: Lugia|62/100
|-damage|p2a: Zacian|12/100 par|[from] Recoil
|
|upkeep
|turn|25
|
|t:|1664261468
|move|p1a: Lugia|Roost|p1a: Lugia
|-heal|p1a: Lugia|100/100
|-singleturn|p1a: Lugia|move: Roost
|cant|p2a: Zacian|par
|
|upkeep
|turn|26
|
|t:|1664261470
|move|p1a: Lugia|Thunder Wave|p2a: Zacian
|-fail|p2a: Zacian|par
|move|p2a: Zacian|Wild Charge|p1a: Lugia
|-supereffective|p1a: Lugia
|-damage|p1a: Lugia|62/100
|-damage|p2a: Zacian|0 fnt|[from] Recoil
|faint|p2a: Zacian
|
|upkeep
|
|t:|1664261472
|switch|p2a: Rayquaza|Rayquaza-Mega|100/100
|-weather|DeltaStream|[from] ability: Delta Stream|[of] p2a: Rayquaza
|turn|27
|inactive|hellotempt6t has 90 seconds left.
|inactive|hellotempt6t has 60 seconds left.
|
|t:|1664261528
|move|p1a: Lugia|Thunder Wave|p2a: Rayquaza
|-status|p2a: Rayquaza|par
|move|p2a: Rayquaza|Dragon Dance|p2a: Rayquaza
|-boost|p2a: Rayquaza|atk|1
|-boost|p2a: Rayquaza|spe|1
|
|-weather|DeltaStream|[upkeep]
|upkeep
|turn|28
|
|t:|1664261534
|move|p1a: Lugia|Roost|p1a: Lugia
|-heal|p1a: Lugia|100/100
|-singleturn|p1a: Lugia|move: Roost
|move|p2a: Rayquaza|Dragon Dance|p2a: Rayquaza
|-boost|p2a: Rayquaza|atk|1
|-boost|p2a: Rayquaza|spe|1
|
|-weather|DeltaStream|[upkeep]
|upkeep
|turn|29
|
|t:|1664261539
|switch|p1a: Arceus|Arceus-Ground|100/100
|-damage|p1a: Arceus|94/100|[from] Stealth Rock
|move|p2a: Rayquaza|Dragon Dance|p2a: Rayquaza
|-boost|p2a: Rayquaza|atk|1
|-boost|p2a: Rayquaza|spe|1
|
|-weather|DeltaStream|[upkeep]
|upkeep
|turn|30
|
|t:|1664261545
|move|p2a: Rayquaza|Dragon Ascent|p1a: Arceus
|-damage|p1a: Arceus|0 fnt
|-unboost|p2a: Rayquaza|def|1
|-unboost|p2a: Rayquaza|spd|1
|faint|p1a: Arceus
|
|-weather|DeltaStream|[upkeep]
|upkeep
|
|t:|1664261551
|switch|p1a: Ditto|Ditto|100/100
|-damage|p1a: Ditto|88/100|[from] Stealth Rock
|-transform|p1a: Ditto|p2a: Rayquaza|[from] ability: Imposter
|turn|31
|
|t:|1664261555
|move|p1a: Ditto|Extreme Speed|p2a: Rayquaza
|-enditem|p2a: Rayquaza|Focus Sash
|-damage|p2a: Rayquaza|1/100 par
|move|p2a: Rayquaza|Dragon Ascent|p1a: Ditto
|-damage|p1a: Ditto|0 fnt
|-unboost|p2a: Rayquaza|def|1
|-unboost|p2a: Rayquaza|spd|1
|faint|p1a: Ditto
|
|-weather|DeltaStream|[upkeep]
|upkeep
|
|t:|1664261558
|switch|p1a: Lugia|Lugia|100/100
|turn|32
|
|t:|1664261561
|move|p2a: Rayquaza|Dragon Ascent|p1a: Lugia
|-damage|p1a: Lugia|32/100
|-unboost|p2a: Rayquaza|def|1
|-unboost|p2a: Rayquaza|spd|1
|move|p1a: Lugia|Roost|p1a: Lugia
|-heal|p1a: Lugia|82/100
|-singleturn|p1a: Lugia|move: Roost
|
|-weather|DeltaStream|[upkeep]
|upkeep
|turn|33
|
|t:|1664261564
|move|p2a: Rayquaza|Dragon Ascent|p1a: Lugia
|-damage|p1a: Lugia|0 fnt
|-unboost|p2a: Rayquaza|def|1
|-unboost|p2a: Rayquaza|spd|1
|faint|p1a: Lugia
|
|win|DrMario69
|raw|hellotempt6t's rating: 1584 &rarr; <strong>1576</strong><br />(-8 for losing)
|raw|DrMario69's rating: 1837 &rarr; <strong>1845</strong><br />(+8 for winning)
|c|☆DrMario69|L
|l|☆hellotempt6t
