|j|☆JoeyArms0617
|j|☆testingstupidteams
|t:|1647128932
|gametype|singles
|player|p1|JoeyArms0617|rosa|1306
|player|p2|testingstupidteams|ninjaboy|1296
|teamsize|p1|6
|teamsize|p2|6
|gen|8
|tier|[Gen 8] National Dex AG
|rated|
|rule|HP Percentage Mod: HP is shown in percentages
|rule|Endless Battle Clause: Forcing endless battles is banned
|clearpoke
|poke|p1|Celebi|
|poke|p1|Regidrago|
|poke|p1|Durant, M|
|poke|p1|Mesprit|
|poke|p1|Breloom, M|
|poke|p1|Mudsdale, M|
|poke|p2|Weavile, F|
|poke|p2|Landorus-Therian, M|
|poke|p2|Deoxys-Attack|
|poke|p2|Deoxys-Attack|
|poke|p2|Deoxys-Attack|
|poke|p2|Deoxys-Attack|
|teampreview
|inactive|Battle timer is ON: inactive players will automatically lose when time's up. (requested by testingstupidteams)
|
|t:|1647128942
|start
|switch|p1a: Celebi|Celebi|100/100
|switch|p2a: i beat u up|Weavile, F|100/100
|turn|1
|
|t:|1647128948
|move|p1a: Celebi|U-turn|p2a: i beat u up
|-supereffective|p2a: i beat u up
|-damage|p2a: i beat u up|52/100
|
|t:|1647128953
|switch|p1a: Durant|Durant, M|100/100|[from]move: U-turn
|move|p2a: i beat u up|Beat Up|p1a: Durant
|-damage|p1a: Durant|86/100
|-damage|p1a: Durant|69/100
|-damage|p1a: Durant|49/100
|-damage|p1a: Durant|28/100
|-damage|p1a: Durant|9/100
|-damage|p1a: Durant|0 fnt
|faint|p1a: Durant
|-hitcount|p1: Durant|6
|
|upkeep
|
|t:|1647128968
|switch|p1a: Breloom|Breloom, M|100/100
|turn|2
|
|t:|1647128971
|move|p1a: Breloom|Mach Punch|p2a: i beat u up
|-supereffective|p2a: i beat u up
|-damage|p2a: i beat u up|0 fnt
|faint|p2a: i beat u up
|
|upkeep
|
|t:|1647128982
|switch|p2a: Deo Fi|Deoxys-Attack|100/100
|-ability|p2a: Deo Fi|Pressure
|turn|3
|
|t:|1647128991
|move|p2a: Deo Fi|Fire Punch|p1a: Breloom
|-supereffective|p1a: Breloom
|-damage|p1a: Breloom|0 fnt
|faint|p1a: Breloom
|
|upkeep
|
|t:|1647128996
|switch|p1a: Celebi|Celebi|100/100
|turn|4
|
|t:|1647129001
|move|p1a: Celebi|Trick|p2a: Deo Fi
|-activate|p1a: Celebi|move: Trick|[of] p2a: Deo Fi
|-item|p2a: Deo Fi|Choice Scarf|[from] move: Trick
|-item|p1a: Celebi|Focus Sash|[from] move: Trick
|move|p2a: Deo Fi|Fire Punch|p1a: Celebi
|-supereffective|p1a: Celebi
|-damage|p1a: Celebi|22/100
|
|upkeep
|turn|5
|
|t:|1647129007
|move|p2a: Deo Fi|Fire Punch|p1a: Celebi
|-supereffective|p1a: Celebi
|-damage|p1a: Celebi|0 fnt
|faint|p1a: Celebi
|
|upkeep
|
|t:|1647129012
|switch|p1a: Regidrago|Regidrago|100/100
|turn|6
|
|t:|1647129015
|move|p2a: Deo Fi|Fire Punch|p1a: Regidrago
|-resisted|p1a: Regidrago
|-damage|p1a: Regidrago|80/100
|move|p1a: Regidrago|Outrage|p2a: Deo Fi
|-damage|p2a: Deo Fi|0 fnt
|faint|p2a: Deo Fi
|
|upkeep
|
|t:|1647129026
|switch|p2a: Deo Dk|Deoxys-Attack|100/100
|-ability|p2a: Deo Dk|Pressure
|turn|7
|
|t:|1647129031
|move|p2a: Deo Dk|Psycho Boost|p1a: Regidrago
|-damage|p1a: Regidrago|0 fnt
|-unboost|p2a: Deo Dk|spa|2
|faint|p1a: Regidrago
|
|upkeep
|
|t:|1647129038
|switch|p1a: Mesprit|Mesprit|100/100
|turn|8
|
|t:|1647129040
|move|p2a: Deo Dk|Knock Off|p1a: Mesprit
|-supereffective|p1a: Mesprit
|-enditem|p1a: Mesprit|Colbur Berry|[eat]
|-enditem|p1a: Mesprit|Colbur Berry|[weaken]
|-damage|p1a: Mesprit|53/100
|move|p1a: Mesprit|Nasty Plot|p1a: Mesprit
|-boost|p1a: Mesprit|spa|2
|
|upkeep
|turn|9
|
|t:|1647129049
|move|p2a: Deo Dk|Knock Off|p1a: Mesprit
|-supereffective|p1a: Mesprit
|-damage|p1a: Mesprit|0 fnt
|faint|p1a: Mesprit
|
|upkeep
|
|t:|1647129053
|switch|p1a: Mudsdale|Mudsdale, M|100/100
|turn|10
|c|☆JoeyArms0617|Heh. It is effective, I will give you that.
|
|t:|1647129065
|-start|p1a: Mudsdale|Dynamax
|-heal|p1a: Mudsdale|100/100|[silent]
|move|p2a: Deo Dk|Superpower|p1a: Mudsdale
|-damage|p1a: Mudsdale|82/100
|-unboost|p2a: Deo Dk|atk|1
|-unboost|p2a: Deo Dk|def|1
|-ability|p1a: Mudsdale|Stamina|boost
|-boost|p1a: Mudsdale|def|1
|move|p1a: Mudsdale|Max Quake|p2a: Deo Dk
|-enditem|p2a: Deo Dk|Focus Sash
|-damage|p2a: Deo Dk|1/100
|-boost|p1a: Mudsdale|spd|1
|
|-heal|p1a: Mudsdale|85/100|[from] item: Leftovers
|upkeep
|turn|11
|c|☆testingstupidteams|lmfao
|
|t:|1647129081
|move|p2a: Deo Dk|Superpower|p1a: Mudsdale
|-damage|p1a: Mudsdale|77/100
|-unboost|p2a: Deo Dk|atk|1
|-unboost|p2a: Deo Dk|def|1
|-ability|p1a: Mudsdale|Stamina|boost
|-boost|p1a: Mudsdale|def|1
|move|p1a: Mudsdale|Max Rockfall|p2a: Deo Dk
|-damage|p2a: Deo Dk|0 fnt
|-weather|Sandstorm
|faint|p2a: Deo Dk
|
|-weather|Sandstorm|[upkeep]
|-heal|p1a: Mudsdale|80/100|[from] item: Leftovers
|upkeep
|c|☆testingstupidteams|stamina kills my team tho
|
|t:|1647129092
|switch|p2a: Deo Po|Deoxys-Attack|100/100
|-ability|p2a: Deo Po|Pressure
|turn|12
|
|t:|1647129096
|-start|p2a: Deo Po|Dynamax
|-heal|p2a: Deo Po|100/100|[silent]
|move|p2a: Deo Po|Max Mindstorm|p1a: Mudsdale
|-damage|p1a: Mudsdale|54/100
|-fieldstart|move: Psychic Terrain
|-ability|p1a: Mudsdale|Stamina|boost
|-boost|p1a: Mudsdale|def|1
|move|p1a: Mudsdale|Max Quake|p2a: Deo Po
|-enditem|p2a: Deo Po|Focus Sash
|-damage|p2a: Deo Po|1/100
|-boost|p1a: Mudsdale|spd|1
|
|-weather|Sandstorm|[upkeep]
|-damage|p2a: Deo Po|0 fnt|[from] Sandstorm
|faint|p2a: Deo Po
|-heal|p1a: Mudsdale|57/100|[from] item: Leftovers
|-end|p1a: Mudsdale|Dynamax
|-heal|p1a: Mudsdale|57/100|[silent]
|upkeep
|
|t:|1647129104
|switch|p2a: Ned Flandorus|Landorus-Therian, M|100/100
|-ability|p2a: Ned Flandorus|Intimidate|boost
|-unboost|p1a: Mudsdale|atk|1
|turn|13
|c|☆JoeyArms0617|Do you have a Special move though
|c|☆testingstupidteams|that was a special move-
|
|t:|1647129120
|move|p2a: Ned Flandorus|Earthquake|p1a: Mudsdale
|-damage|p1a: Mudsdale|42/100
|-ability|p1a: Mudsdale|Stamina|boost
|-boost|p1a: Mudsdale|def|1
|move|p1a: Mudsdale|Toxic|p2a: Ned Flandorus
|-status|p2a: Ned Flandorus|tox
|-enditem|p2a: Ned Flandorus|Lum Berry|[eat]
|-curestatus|p2a: Ned Flandorus|tox|[msg]
|
|-weather|Sandstorm|[upkeep]
|-heal|p1a: Mudsdale|48/100|[from] item: Leftovers
|upkeep
|turn|14
|
|t:|1647129130
|move|p2a: Ned Flandorus|Earthquake|p1a: Mudsdale
|-damage|p1a: Mudsdale|34/100
|-ability|p1a: Mudsdale|Stamina|boost
|-boost|p1a: Mudsdale|def|1
|move|p1a: Mudsdale|Toxic|p2a: Ned Flandorus
|-status|p2a: Ned Flandorus|tox
|
|-weather|Sandstorm|[upkeep]
|-heal|p1a: Mudsdale|41/100|[from] item: Leftovers
|-damage|p2a: Ned Flandorus|94/100 tox|[from] psn
|upkeep
|turn|15
|
|t:|1647129143
|move|p2a: Ned Flandorus|Earthquake|p1a: Mudsdale
|-damage|p1a: Mudsdale|30/100
|-ability|p1a: Mudsdale|Stamina|boost
|-boost|p1a: Mudsdale|def|1
|move|p1a: Mudsdale|Smack Down|p2a: Ned Flandorus
|-damage|p2a: Ned Flandorus|86/100 tox
|-start|p2a: Ned Flandorus|Smack Down
|
|-weather|none
|-heal|p1a: Mudsdale|36/100|[from] item: Leftovers
|-damage|p2a: Ned Flandorus|73/100 tox|[from] psn
|upkeep
|turn|16
|
|t:|1647129155
|move|p2a: Ned Flandorus|Earthquake|p1a: Mudsdale
|-damage|p1a: Mudsdale|26/100
|move|p1a: Mudsdale|Earthquake|p2a: Ned Flandorus
|-damage|p2a: Ned Flandorus|46/100 tox
|
|-heal|p1a: Mudsdale|33/100|[from] item: Leftovers
|-damage|p2a: Ned Flandorus|28/100 tox|[from] psn
|-fieldend|move: Psychic Terrain
|upkeep
|turn|17
|
|t:|1647129163
|move|p2a: Ned Flandorus|Earthquake|p1a: Mudsdale
|-damage|p1a: Mudsdale|23/100
|move|p1a: Mudsdale|Smack Down|p2a: Ned Flandorus
|-damage|p2a: Ned Flandorus|19/100 tox
|
|-heal|p1a: Mudsdale|29/100|[from] item: Leftovers
|-damage|p2a: Ned Flandorus|0 fnt|[from] psn
|faint|p2a: Ned Flandorus
|upkeep
|
|t:|1647129166
|switch|p2a: Deo El|Deoxys-Attack|100/100
|-ability|p2a: Deo El|Pressure
|turn|18
|
|t:|1647129174
|move|p2a: Deo El|Psycho Boost|p1a: Mudsdale
|-damage|p1a: Mudsdale|0 fnt
|-unboost|p2a: Deo El|spa|2
|faint|p1a: Mudsdale
|
|win|testingstupidteams
|raw|JoeyArms0617's rating: 1306 &rarr; <strong>1285</strong><br />(-21 for losing)
|raw|testingstupidteams's rating: 1296 &rarr; <strong>1322</strong><br />(+26 for winning)
|c|☆testingstupidteams|that was close, ggs
|c|☆JoeyArms0617|GG
|l|☆testingstupidteams
