|j|☆Elder God Lamen
|j|☆starkorea74
|t:|1610920835
|player|p1|Elder God Lamen|courtney-gen3|
|player|p2|starkorea74|101|
|teamsize|p1|6
|teamsize|p2|6
|gametype|singles
|gen|8
|tier|[Gen 8] National Dex AG
|rated|Tournament battle
|clearpoke
|poke|p1|Marshadow|
|poke|p1|Necrozma-Dusk-Mane|
|poke|p1|Arceus-*|
|poke|p1|Yveltal|
|poke|p1|Calyrex-Shadow|
|poke|p1|Ho-Oh|
|poke|p2|Arceus-*|
|poke|p2|Ditto|
|poke|p2|Necrozma-Dusk-Mane|
|poke|p2|Ho-Oh|
|poke|p2|Rayquaza|
|poke|p2|Yveltal|
|rule|HP Percentage Mod: HP is shown in percentages
|rule|Endless Battle Clause: Forcing endless battles is banned
|teampreview
|j| waaflee
|j| Serp Shadowshark1
|
|t:|1610920851
|start
|switch|p1a: Yveltal|Yveltal|100/100
|switch|p2a: Arceus|Arceus-Dark|100/100
|-ability|p1a: Yveltal|Dark Aura
|turn|1
|j| NB402141
|
|t:|1610920858
|move|p1a: Yveltal|Taunt|p2a: Arceus
|-start|p2a: Arceus|move: Taunt
|cant|p2a: Arceus|move: Taunt|Calm Mind
|
|upkeep
|turn|2
|
|t:|1610920863
|switch|p1a: Ho-Oh|Ho-Oh|100/100
|switch|p2a: Ho-Oh|Ho-Oh|100/100
|
|upkeep
|turn|3
|
|t:|1610920868
|switch|p1a: Necrozma|Necrozma-Dusk-Mane|100/100
|move|p2a: Ho-Oh|Toxic|p1a: Necrozma
|-immune|p1a: Necrozma
|
|upkeep
|turn|4
|
|t:|1610920873
|switch|p1a: Arceus|Arceus-Dark|100/100
|move|p2a: Ho-Oh|Sacred Fire|p1a: Arceus
|-damage|p1a: Arceus|79/100
|
|upkeep
|turn|5
|
|t:|1610920879
|move|p1a: Arceus|Whirlpool|p2a: Ho-Oh
|-supereffective|p2a: Ho-Oh
|-damage|p2a: Ho-Oh|89/100
|-activate|p2a: Ho-Oh|move: Whirlpool|[of] p1a: Arceus
|move|p2a: Ho-Oh|Toxic|p1a: Arceus
|-status|p1a: Arceus|tox
|
|-damage|p1a: Arceus|72/100 tox|[from] psn
|-damage|p2a: Ho-Oh|77/100|[from] move: Whirlpool|[partiallytrapped]
|upkeep
|turn|6
|
|t:|1610920887
|move|p1a: Arceus|Perish Song|p1a: Arceus
|-start|p1a: Arceus|perish3|[silent]
|-start|p2a: Ho-Oh|perish3|[silent]
|-fieldactivate|move: Perish Song
|move|p2a: Ho-Oh|Sacred Fire|p1a: Arceus
|-damage|p1a: Arceus|50/100 tox
|
|-damage|p1a: Arceus|37/100 tox|[from] psn
|-damage|p2a: Ho-Oh|65/100|[from] move: Whirlpool|[partiallytrapped]
|-start|p1a: Arceus|perish3
|-start|p2a: Ho-Oh|perish3
|upkeep
|turn|7
|
|t:|1610920897
|move|p1a: Arceus|Recover|p1a: Arceus
|-heal|p1a: Arceus|87/100 tox
|move|p2a: Ho-Oh|Sacred Fire|p1a: Arceus
|-damage|p1a: Arceus|66/100 tox
|
|-damage|p1a: Arceus|48/100 tox|[from] psn
|-damage|p2a: Ho-Oh|53/100|[from] move: Whirlpool|[partiallytrapped]
|-start|p1a: Arceus|perish2
|-start|p2a: Ho-Oh|perish2
|upkeep
|turn|8
|
|t:|1610920906
|move|p1a: Arceus|Recover|p1a: Arceus
|-heal|p1a: Arceus|98/100 tox
|move|p2a: Ho-Oh|Sacred Fire|p1a: Arceus
|-damage|p1a: Arceus|73/100 tox
|
|-damage|p1a: Arceus|49/100 tox|[from] psn
|-damage|p2a: Ho-Oh|40/100|[from] move: Whirlpool|[partiallytrapped]
|-start|p1a: Arceus|perish1
|-start|p2a: Ho-Oh|perish1
|upkeep
|turn|9
|j| ImAbroom
|
|t:|1610920917
|switch|p1a: Necrozma|Necrozma-Dusk-Mane|100/100
|move|p2a: Ho-Oh|Toxic|p1a: Necrozma
|-immune|p1a: Necrozma
|
|-end|p2a: Ho-Oh|Whirlpool|[partiallytrapped]
|-start|p2a: Ho-Oh|perish0
|upkeep
|faint|p2a: Ho-Oh
|
|t:|1610920923
|switch|p2a: Yveltal|Yveltal|100/100
|-ability|p2a: Yveltal|Dark Aura
|turn|10
|
|t:|1610920928
|switch|p1a: Arceus|Arceus-Dark|49/100 tox
|move|p2a: Yveltal|Dark Pulse|p1a: Arceus
|-resisted|p1a: Arceus
|-damage|p1a: Arceus|27/100 tox
|-damage|p2a: Yveltal|91/100|[from] item: Life Orb
|
|-damage|p1a: Arceus|21/100 tox|[from] psn
|upkeep
|turn|11
|
|t:|1610920937
|move|p2a: Yveltal|Oblivion Wing|p1a: Arceus
|-damage|p1a: Arceus|0 fnt
|-heal|p2a: Yveltal|100/100|[from] drain|[of] p1a: Arceus
|-damage|p2a: Yveltal|91/100|[from] item: Life Orb
|faint|p1a: Arceus
|
|upkeep
|
|t:|1610920948
|switch|p1a: Ho-Oh|Ho-Oh|100/100
|turn|12
|
|t:|1610920969
|-start|p2a: Yveltal|Dynamax
|-heal|p2a: Yveltal|91/100|[silent]
|move|p2a: Yveltal|Max Airstream|p1a: Ho-Oh
|-damage|p1a: Ho-Oh|56/100
|-boost|p2a: Yveltal|spe|1
|-damage|p2a: Yveltal|86/100|[from] item: Life Orb
|move|p1a: Ho-Oh|Sacred Fire|p2a: Yveltal
|-damage|p2a: Yveltal|65/100
|
|upkeep
|turn|13
|j| NDAG
|
|t:|1610920981
|move|p2a: Yveltal|Max Darkness|p1a: Ho-Oh
|-damage|p1a: Ho-Oh|0 fnt
|-damage|p2a: Yveltal|60/100|[from] item: Life Orb
|faint|p1a: Ho-Oh
|
|upkeep
|l| NDAG
|
|t:|1610920988
|switch|p1a: Yveltal|Yveltal|100/100
|-ability|p1a: Yveltal|Dark Aura
|turn|14
|
|t:|1610920996
|-start|p1a: Yveltal|Dynamax
|-heal|p1a: Yveltal|100/100|[silent]
|move|p1a: Yveltal|Max Guard|p1a: Yveltal
|-singleturn|p1a: Yveltal|Max Guard
|move|p2a: Yveltal|Max Airstream|p1a: Yveltal
|-activate|p1a: Yveltal|move: Max Guard
|
|-end|p2a: Yveltal|Dynamax
|-heal|p2a: Yveltal|60/100|[silent]
|upkeep
|turn|15
|
|t:|1610921004
|move|p2a: Yveltal|Oblivion Wing|p1a: Yveltal
|-damage|p1a: Yveltal|74/100
|-heal|p2a: Yveltal|99/100|[from] drain|[of] p1a: Yveltal
|-damage|p2a: Yveltal|90/100|[from] item: Life Orb
|move|p1a: Yveltal|Max Airstream|p2a: Yveltal
|-damage|p2a: Yveltal|6/100
|-boost|p1a: Yveltal|spe|1
|-damage|p1a: Yveltal|69/100|[from] item: Life Orb
|
|upkeep
|turn|16
|inactive|Battle timer is ON: inactive players will automatically lose when time's up. (requested by Elder God Lamen)
|
|t:|1610921019
|move|p1a: Yveltal|Max Airstream|p2a: Yveltal
|-damage|p2a: Yveltal|0 fnt
|-boost|p1a: Yveltal|spe|1
|-damage|p1a: Yveltal|64/100|[from] item: Life Orb
|faint|p2a: Yveltal
|
|-end|p1a: Yveltal|Dynamax
|-heal|p1a: Yveltal|64/100|[silent]
|upkeep
|
|t:|1610921033
|switch|p2a: Rayquaza|Rayquaza|100/100
|-ability|p2a: Rayquaza|Air Lock
|turn|17
|
|t:|1610921037
|detailschange|p2a: Rayquaza|Rayquaza-Mega
|-mega|p2a: Rayquaza|Rayquaza|
|-weather|DeltaStream|[from] ability: Delta Stream|[of] p2a: Rayquaza
|move|p1a: Yveltal|Dark Pulse|p2a: Rayquaza
|-damage|p2a: Rayquaza|28/100
|-damage|p1a: Yveltal|54/100|[from] item: Life Orb
|move|p2a: Rayquaza|Dragon Ascent|p1a: Yveltal
|-damage|p1a: Yveltal|0 fnt
|-unboost|p2a: Rayquaza|def|1
|-unboost|p2a: Rayquaza|spd|1
|-damage|p2a: Rayquaza|18/100|[from] item: Life Orb
|faint|p1a: Yveltal
|
|-weather|DeltaStream|[upkeep]
|upkeep
|
|t:|1610921053
|switch|p1a: Marshadow|Marshadow|100/100
|turn|18
|
|t:|1610921057
|-weather|none
|switch|p2a: Necrozma|Necrozma-Dusk-Mane|100/100
|move|p1a: Marshadow|Spectral Thief|p2a: Necrozma
|-supereffective|p2a: Necrozma
|-damage|p2a: Necrozma|67/100
|
|-heal|p2a: Necrozma|73/100|[from] item: Leftovers
|upkeep
|turn|19
|
|t:|1610921068
|switch|p1a: Necrozma|Necrozma-Dusk-Mane|100/100
|move|p2a: Necrozma|Stealth Rock|p1a: Necrozma
|-sidestart|p1: Elder God Lamen|move: Stealth Rock
|
|-heal|p2a: Necrozma|79/100|[from] item: Leftovers
|upkeep
|turn|20
|j|+GRNxBLN
|
|t:|1610921075
|switch|p2a: Rayquaza|Rayquaza-Mega|18/100
|-weather|DeltaStream|[from] ability: Delta Stream|[of] p2a: Rayquaza
|move|p1a: Necrozma|Knock Off|p2a: Rayquaza
|-damage|p2a: Rayquaza|0 fnt
|-enditem|p2a: Rayquaza|Life Orb|[from] move: Knock Off|[of] p1a: Necrozma
|faint|p2a: Rayquaza
|-weather|none
|
|upkeep
|j| Arct!c
|
|t:|1610921084
|switch|p2a: Arceus|Arceus-Dark|100/100
|turn|21
|
|t:|1610921087
|move|p2a: Arceus|Judgment|p1a: Necrozma
|-supereffective|p1a: Necrozma
|-damage|p1a: Necrozma|34/100
|move|p1a: Necrozma|Sunsteel Strike|p2a: Arceus
|-crit|p2a: Arceus
|-damage|p2a: Arceus|32/100
|
|-heal|p1a: Necrozma|40/100|[from] item: Leftovers
|upkeep
|turn|22
|
|t:|1610921096
|move|p2a: Arceus|Recover|p2a: Arceus
|-heal|p2a: Arceus|82/100
|move|p1a: Necrozma|Sunsteel Strike|p2a: Arceus
|-damage|p2a: Arceus|37/100
|
|-heal|p1a: Necrozma|47/100|[from] item: Leftovers
|upkeep
|turn|23
|
|t:|1610921103
|move|p2a: Arceus|Recover|p2a: Arceus
|-heal|p2a: Arceus|87/100
|move|p1a: Necrozma|Sunsteel Strike|p2a: Arceus
|-damage|p2a: Arceus|41/100
|
|-heal|p1a: Necrozma|53/100|[from] item: Leftovers
|upkeep
|turn|24
|
|t:|1610921110
|move|p2a: Arceus|Recover|p2a: Arceus
|-heal|p2a: Arceus|91/100
|move|p1a: Necrozma|Sunsteel Strike|p2a: Arceus
|-damage|p2a: Arceus|46/100
|
|-heal|p1a: Necrozma|59/100|[from] item: Leftovers
|upkeep
|turn|25
|
|t:|1610921118
|move|p2a: Arceus|Recover|p2a: Arceus
|-heal|p2a: Arceus|96/100
|move|p1a: Necrozma|Sunsteel Strike|p2a: Arceus
|-damage|p2a: Arceus|49/100
|
|-heal|p1a: Necrozma|65/100|[from] item: Leftovers
|upkeep
|turn|26
|
|t:|1610921126
|move|p2a: Arceus|Recover|p2a: Arceus
|-heal|p2a: Arceus|99/100
|move|p1a: Necrozma|Sunsteel Strike|p2a: Arceus
|-damage|p2a: Arceus|52/100
|
|-heal|p1a: Necrozma|71/100|[from] item: Leftovers
|upkeep
|turn|27
|
|t:|1610921133
|move|p2a: Arceus|Recover|p2a: Arceus
|-heal|p2a: Arceus|100/100
|move|p1a: Necrozma|Sunsteel Strike|p2a: Arceus
|-damage|p2a: Arceus|55/100
|
|-heal|p1a: Necrozma|77/100|[from] item: Leftovers
|upkeep
|turn|28
|
|t:|1610921140
|move|p2a: Arceus|Recover|p2a: Arceus
|-heal|p2a: Arceus|100/100
|move|p1a: Necrozma|Earthquake|p2a: Arceus
|-damage|p2a: Arceus|71/100
|
|-heal|p1a: Necrozma|83/100|[from] item: Leftovers
|upkeep
|turn|29
|
|t:|1610921147
|move|p2a: Arceus|Calm Mind|p2a: Arceus
|-boost|p2a: Arceus|spa|1
|-boost|p2a: Arceus|spd|1
|move|p1a: Necrozma|Sunsteel Strike|p2a: Arceus
|-damage|p2a: Arceus|30/100
|
|-heal|p1a: Necrozma|89/100|[from] item: Leftovers
|upkeep
|turn|30
|
|t:|1610921155
|switch|p1a: Marshadow|Marshadow|100/100
|-damage|p1a: Marshadow|94/100|[from] Stealth Rock
|move|p2a: Arceus|Recover|p2a: Arceus
|-heal|p2a: Arceus|80/100
|
|upkeep
|turn|31
|
|t:|1610921162
|switch|p2a: Necrozma|Necrozma-Dusk-Mane|79/100
|move|p1a: Marshadow|Close Combat|p2a: Necrozma
|-damage|p2a: Necrozma|47/100
|-unboost|p1a: Marshadow|def|1
|-unboost|p1a: Marshadow|spd|1
|
|-heal|p2a: Necrozma|54/100|[from] item: Leftovers
|upkeep
|turn|32
|
|t:|1610921171
|switch|p1a: Calyrex|Calyrex-Shadow|100/100
|-ability|p1a: Calyrex|As One
|-ability|p1a: Calyrex|Unnerve|p2: starkorea74
|-damage|p1a: Calyrex|88/100|[from] Stealth Rock
|move|p2a: Necrozma|Morning Sun|p2a: Necrozma
|-heal|p2a: Necrozma|100/100
|
|upkeep
|turn|33
|j| silverreddaniel
|
|t:|1610921180
|switch|p2a: Arceus|Arceus-Dark|80/100
|move|p1a: Calyrex|Pollen Puff|p2a: Arceus
|-supereffective|p2a: Arceus
|-damage|p2a: Arceus|41/100
|
|upkeep
|turn|34
|
|t:|1610921187
|move|p1a: Calyrex|Pollen Puff|p2a: Arceus
|-supereffective|p2a: Arceus
|-damage|p2a: Arceus|2/100
|move|p2a: Arceus|Recover|p2a: Arceus
|-heal|p2a: Arceus|52/100
|
|upkeep
|turn|35
|
|t:|1610921196
|switch|p1a: Marshadow|Marshadow|94/100
|-damage|p1a: Marshadow|88/100|[from] Stealth Rock
|move|p2a: Arceus|Judgment|p1a: Marshadow
|-damage|p1a: Marshadow|35/100
|
|upkeep
|turn|36
|
|t:|1610921208
|switch|p1a: Calyrex|Calyrex-Shadow|88/100
|-ability|p1a: Calyrex|As One
|-ability|p1a: Calyrex|Unnerve|p2: starkorea74
|-damage|p1a: Calyrex|76/100|[from] Stealth Rock
|switch|p2a: Necrozma|Necrozma-Dusk-Mane|100/100
|
|upkeep
|turn|37
|inactive|starkorea74 has 120 seconds left.
|
|t:|1610921249
|switch|p2a: Arceus|Arceus-Dark|52/100
|move|p1a: Calyrex|Astral Barrage|p2a: Arceus
|-resisted|p2a: Arceus
|-damage|p2a: Arceus|34/100
|
|upkeep
|turn|38
|
|t:|1610921257
|switch|p1a: Necrozma|Necrozma-Dusk-Mane|89/100
|-damage|p1a: Necrozma|83/100|[from] Stealth Rock
|switch|p2a: Ditto|Ditto|100/100
|-transform|p2a: Ditto|p1a: Necrozma|[from] ability: Imposter
|
|-heal|p1a: Necrozma|89/100|[from] item: Leftovers
|upkeep
|turn|39
|inactive|starkorea74 has 120 seconds left.
|
|t:|1610921272
|move|p2a: Ditto|Knock Off|p1a: Necrozma
|-supereffective|p1a: Necrozma
|-damage|p1a: Necrozma|42/100
|-enditem|p1a: Necrozma|Leftovers|[from] move: Knock Off|[of] p2a: Ditto
|move|p1a: Necrozma|Knock Off|p2a: Ditto
|-supereffective|p2a: Ditto
|-damage|p2a: Ditto|49/100
|-enditem|p2a: Ditto|Choice Scarf|[from] move: Knock Off|[of] p1a: Necrozma
|
|upkeep
|turn|40
|inactive|starkorea74 has 120 seconds left.
|
|t:|1610921280
|move|p2a: Ditto|Earthquake|p1a: Necrozma
|-supereffective|p1a: Necrozma
|-damage|p1a: Necrozma|0 fnt
|faint|p1a: Necrozma
|
|upkeep
|
|t:|1610921290
|switch|p1a: Calyrex|Calyrex-Shadow|76/100
|-ability|p1a: Calyrex|As One
|-ability|p1a: Calyrex|Unnerve|p2: starkorea74
|-damage|p1a: Calyrex|64/100|[from] Stealth Rock
|turn|41
|
|t:|1610921304
|switch|p2a: Arceus|Arceus-Dark|34/100
|move|p1a: Calyrex|Astral Barrage|p2a: Arceus
|-resisted|p2a: Arceus
|-damage|p2a: Arceus|16/100
|
|upkeep
|turn|42
|
|t:|1610921310
|move|p1a: Calyrex|Astral Barrage|p2a: Arceus
|-resisted|p2a: Arceus
|-damage|p2a: Arceus|0 fnt
|faint|p2a: Arceus
|-ability|p1a: Calyrex|Grim Neigh|boost
|-boost|p1a: Calyrex|spa|1
|
|upkeep
|
|t:|1610921317
|switch|p2a: Ditto|Ditto|49/100
|-transform|p2a: Ditto|p1a: Calyrex|[from] ability: Imposter
|turn|43
|
|t:|1610921321
|move|p1a: Calyrex|Astral Barrage|p2a: Ditto
|-supereffective|p2a: Ditto
|-damage|p2a: Ditto|0 fnt
|faint|p2a: Ditto
|-ability|p1a: Calyrex|Grim Neigh|boost
|-boost|p1a: Calyrex|spa|1
|
|upkeep
|c|☆starkorea74|gg
|
|t:|1610921328
|switch|p2a: Necrozma|Necrozma-Dusk-Mane|100/100
|turn|44
|l| ImAbroom
|c|☆Elder God Lamen|gg
|
|t:|1610921332
|move|p1a: Calyrex|Astral Barrage|p2a: Necrozma
|-supereffective|p2a: Necrozma
|-damage|p2a: Necrozma|0 fnt
|faint|p2a: Necrozma
|
|win|Elder God Lamen
|n|☆Elder God Lamen|eldergodlamen
|n|☆starkorea74|starkorea74
|n| waaflee|waaflee
|n| Serp Shadowshark1|serpshadowshark1
|n| NB402141|nb402141
|n| GRNxBLN|grnxbln
|n| Arct!c|arctc
|n| silverreddaniel|silverreddaniel
|l| waaflee
