|j|☆Sean1445645
|j|☆Nobodi_Nowan
|t:|1666338841
|gametype|singles
|player|p1|Sean1445645|lucas|1904
|player|p2|Nobodi_Nowan|akari|2042
|teamsize|p1|6
|teamsize|p2|6
|gen|8
|tier|[Gen 8] National Dex AG
|rated|
|rule|HP Percentage Mod: HP is shown in percentages
|rule|Endless Battle Clause: Forcing endless battles is banned
|clearpoke
|poke|p1|Groudon|
|poke|p1|Rayquaza|
|poke|p1|Zygarde|
|poke|p1|Calyrex-Shadow|
|poke|p1|Arceus-*|
|poke|p1|Arceus-*|
|poke|p2|Forretress, M|
|poke|p2|Arceus-*|
|poke|p2|Kyogre|
|poke|p2|Calyrex-Shadow|
|poke|p2|Zacian-*|
|poke|p2|Rayquaza|
|teampreview
|
|t:|1666338847
|start
|switch|p1a: the gwoat|Rayquaza|100/100
|switch|p2a: Rayquaza|Rayquaza|100/100
|-ability|p2a: Rayquaza|Air Lock
|-ability|p1a: the gwoat|Air Lock
|turn|1
|
|t:|1666338856
|switch|p2a: Zacian|Zacian-Crowned, shiny|100/100
|-ability|p2a: Zacian|Intrepid Sword|boost
|-boost|p2a: Zacian|atk|1
|detailschange|p1a: the gwoat|Rayquaza-Mega
|-mega|p1a: the gwoat|Rayquaza|
|-weather|DeltaStream|[from] ability: Delta Stream|[of] p1a: the gwoat
|move|p1a: the gwoat|Scale Shot|p2a: Zacian
|-immune|p2a: Zacian
|
|-weather|DeltaStream|[upkeep]
|upkeep
|turn|2
|
|t:|1666338865
|-weather|none
|switch|p1a: Pyra|Groudon|100/100
|detailschange|p1a: Pyra|Groudon-Primal
|-primal|p1a: Pyra
|-weather|DesolateLand|[from] ability: Desolate Land|[of] p1a: Pyra
|move|p2a: Zacian|Substitute|p2a: Zacian
|-start|p2a: Zacian|Substitute
|-damage|p2a: Zacian|76/100
|
|-weather|DesolateLand|[upkeep]
|upkeep
|turn|3
|
|t:|1666338873
|move|p2a: Zacian|Close Combat|p1a: Pyra
|-damage|p1a: Pyra|68/100
|-unboost|p2a: Zacian|def|1
|-unboost|p2a: Zacian|spd|1
|move|p1a: Pyra|Precipice Blades|p2a: Zacian
|-supereffective|p2a: Zacian
|-end|p2a: Zacian|Substitute
|
|-weather|DesolateLand|[upkeep]
|upkeep
|turn|4
|
|t:|1666338882
|switch|p2a: Kyogre|Kyogre|100/100
|detailschange|p2a: Kyogre|Kyogre-Primal
|-primal|p2a: Kyogre
|-weather|PrimordialSea|[from] ability: Primordial Sea|[of] p2a: Kyogre
|move|p1a: Pyra|Thunder Wave|p2a: Kyogre|[miss]
|-miss|p1a: Pyra|p2a: Kyogre
|
|-weather|PrimordialSea|[upkeep]
|upkeep
|turn|5
|
|t:|1666338890
|switch|p1a: the gwoat|Rayquaza-Mega|100/100
|-weather|DeltaStream|[from] ability: Delta Stream|[of] p1a: the gwoat
|move|p2a: Kyogre|Water Spout|p1a: the gwoat
|-resisted|p1a: the gwoat
|-damage|p1a: the gwoat|50/100
|
|-weather|DeltaStream|[upkeep]
|upkeep
|turn|6
|
|t:|1666338899
|move|p1a: the gwoat|Earthquake|p2a: Kyogre
|-damage|p2a: Kyogre|33/100
|-damage|p1a: the gwoat|40/100|[from] item: Life Orb
|move|p2a: Kyogre|Ice Beam|p1a: the gwoat
|-activate||deltastream
|-supereffective|p1a: the gwoat
|-damage|p1a: the gwoat|0 fnt
|faint|p1a: the gwoat
|-weather|none
|
|upkeep
|
|t:|1666338905
|switch|p1a: Arceus|Arceus|100/100
|turn|7
|
|t:|1666338909
|switch|p2a: Forretress|Forretress, M|100/100
|move|p1a: Arceus|Swords Dance|p1a: Arceus
|-boost|p1a: Arceus|atk|2
|
|upkeep
|turn|8
|
|t:|1666338914
|move|p1a: Arceus|Swords Dance|p1a: Arceus
|-boost|p1a: Arceus|atk|2
|move|p2a: Forretress|Toxic|p1a: Arceus
|-status|p1a: Arceus|tox
|-enditem|p1a: Arceus|Lum Berry|[eat]
|-curestatus|p1a: Arceus|tox|[msg]
|
|upkeep
|turn|9
|
|t:|1666338920
|move|p1a: Arceus|Shadow Claw|p2a: Forretress
|-damage|p2a: Forretress|62/100
|move|p2a: Forretress|Toxic|p1a: Arceus
|-status|p1a: Arceus|tox
|
|-heal|p2a: Forretress|68/100|[from] item: Leftovers
|-damage|p1a: Arceus|94/100 tox|[from] psn
|upkeep
|turn|10
|
|t:|1666338929
|move|p1a: Arceus|Shadow Claw|p2a: Forretress
|-damage|p2a: Forretress|23/100
|move|p2a: Forretress|Stealth Rock|p1a: Arceus
|-sidestart|p1: Sean1445645|move: Stealth Rock
|
|-heal|p2a: Forretress|30/100|[from] item: Leftovers
|-damage|p1a: Arceus|82/100 tox|[from] psn
|upkeep
|turn|11
|
|t:|1666338936
|move|p1a: Arceus|Extreme Speed|p2a: Forretress
|-resisted|p2a: Forretress
|-damage|p2a: Forretress|0 fnt
|faint|p2a: Forretress
|
|-damage|p1a: Arceus|64/100 tox|[from] psn
|upkeep
|
|t:|1666338943
|switch|p2a: Zacian|Zacian-Crowned, shiny|76/100
|-ability|p2a: Zacian|Intrepid Sword|boost
|-boost|p2a: Zacian|atk|1
|turn|12
|
|t:|1666338947
|move|p1a: Arceus|Extreme Speed|p2a: Zacian
|-resisted|p2a: Zacian
|-damage|p2a: Zacian|18/100
|move|p2a: Zacian|Behemoth Blade|p1a: Arceus
|-damage|p1a: Arceus|0 fnt
|faint|p1a: Arceus
|
|upkeep
|
|t:|1666338951
|switch|p1a: Pyra|Groudon-Primal|68/100
|-damage|p1a: Pyra|56/100|[from] Stealth Rock
|-weather|DesolateLand|[from] ability: Desolate Land|[of] p1a: Pyra
|turn|13
|
|t:|1666338958
|move|p2a: Zacian|Close Combat|p1a: Pyra
|-damage|p1a: Pyra|22/100
|-unboost|p2a: Zacian|def|1
|-unboost|p2a: Zacian|spd|1
|move|p1a: Pyra|Thunder Wave|p2a: Zacian
|-status|p2a: Zacian|par
|
|-weather|DesolateLand|[upkeep]
|upkeep
|turn|14
|
|t:|1666338965
|move|p1a: Pyra|Stealth Rock|p2a: Zacian
|-sidestart|p2: Nobodi_Nowan|move: Stealth Rock
|cant|p2a: Zacian|par
|
|-weather|DesolateLand|[upkeep]
|upkeep
|turn|15
|
|t:|1666338969
|move|p1a: Pyra|Thunder Wave|p2a: Zacian
|-fail|p2a: Zacian|par
|move|p2a: Zacian|Close Combat|p1a: Pyra
|-damage|p1a: Pyra|0 fnt
|-unboost|p2a: Zacian|def|1
|-unboost|p2a: Zacian|spd|1
|faint|p1a: Pyra
|-weather|none
|
|upkeep
|
|t:|1666338971
|switch|p1a: Calyrex|Calyrex-Shadow|100/100
|-ability|p1a: Calyrex|As One
|-ability|p1a: Calyrex|Unnerve
|-damage|p1a: Calyrex|88/100|[from] Stealth Rock
|turn|16
|
|t:|1666338982
|switch|p2a: Arceus|Arceus|100/100
|-damage|p2a: Arceus|88/100|[from] Stealth Rock
|move|p1a: Calyrex|Substitute|p1a: Calyrex
|-start|p1a: Calyrex|Substitute
|-damage|p1a: Calyrex|63/100
|
|-heal|p1a: Calyrex|70/100|[from] item: Leftovers
|upkeep
|turn|17
|
|t:|1666338989
|move|p1a: Calyrex|Leech Seed|p2a: Arceus
|-start|p2a: Arceus|move: Leech Seed
|move|p2a: Arceus|Shadow Claw|p1a: Calyrex
|-supereffective|p1a: Calyrex
|-end|p1a: Calyrex|Substitute
|
|-heal|p1a: Calyrex|76/100|[from] item: Leftovers
|-damage|p2a: Arceus|76/100|[from] Leech Seed|[of] p1a: Calyrex
|-heal|p1a: Calyrex|92/100|[silent]
|upkeep
|turn|18
|
|t:|1666338997
|move|p1a: Calyrex|Substitute|p1a: Calyrex
|-start|p1a: Calyrex|Substitute
|-damage|p1a: Calyrex|67/100
|move|p2a: Arceus|Shadow Claw|p1a: Calyrex
|-supereffective|p1a: Calyrex
|-crit|p1a: Calyrex
|-end|p1a: Calyrex|Substitute
|
|-heal|p1a: Calyrex|73/100|[from] item: Leftovers
|-damage|p2a: Arceus|63/100|[from] Leech Seed|[of] p1a: Calyrex
|-heal|p1a: Calyrex|89/100|[silent]
|upkeep
|turn|19
|
|t:|1666339006
|move|p1a: Calyrex|Substitute|p1a: Calyrex
|-start|p1a: Calyrex|Substitute
|-damage|p1a: Calyrex|64/100
|move|p2a: Arceus|Shadow Claw|p1a: Calyrex
|-supereffective|p1a: Calyrex
|-end|p1a: Calyrex|Substitute
|
|-heal|p1a: Calyrex|70/100|[from] item: Leftovers
|-damage|p2a: Arceus|51/100|[from] Leech Seed|[of] p1a: Calyrex
|-heal|p1a: Calyrex|86/100|[silent]
|upkeep
|turn|20
|
|t:|1666339015
|move|p1a: Calyrex|Substitute|p1a: Calyrex
|-start|p1a: Calyrex|Substitute
|-damage|p1a: Calyrex|62/100
|move|p2a: Arceus|Recover|p2a: Arceus
|-heal|p2a: Arceus|100/100
|
|-heal|p1a: Calyrex|68/100|[from] item: Leftovers
|-damage|p2a: Arceus|88/100|[from] Leech Seed|[of] p1a: Calyrex
|-heal|p1a: Calyrex|84/100|[silent]
|upkeep
|turn|21
|
|t:|1666339023
|move|p1a: Calyrex|Draining Kiss|p2a: Arceus
|-damage|p2a: Arceus|75/100
|-heal|p1a: Calyrex|96/100|[from] drain|[of] p2a: Arceus
|move|p2a: Arceus|Shadow Claw|p1a: Calyrex
|-supereffective|p1a: Calyrex
|-end|p1a: Calyrex|Substitute
|
|-heal|p1a: Calyrex|100/100|[from] item: Leftovers
|-damage|p2a: Arceus|63/100|[from] Leech Seed|[of] p1a: Calyrex
|upkeep
|turn|22
|
|t:|1666339032
|switch|p1a: the goat|Zygarde, shiny|100/100
|-damage|p1a: the goat|94/100|[from] Stealth Rock
|move|p2a: Arceus|Shadow Claw|p1a: the goat
|-damage|p1a: the goat|81/100
|
|-heal|p1a: the goat|87/100|[from] item: Leftovers
|-damage|p2a: Arceus|50/100|[from] Leech Seed|[of] p1a: the goat
|-heal|p1a: the goat|99/100|[silent]
|upkeep
|turn|23
|
|t:|1666339043
|switch|p2a: Kyogre|Kyogre-Primal|33/100
|-damage|p2a: Kyogre|20/100|[from] Stealth Rock
|-weather|PrimordialSea|[from] ability: Primordial Sea|[of] p2a: Kyogre
|move|p1a: the goat|Glare|p2a: Kyogre
|-status|p2a: Kyogre|par
|
|-weather|PrimordialSea|[upkeep]
|-heal|p1a: the goat|100/100|[from] item: Leftovers
|upkeep
|turn|24
|
|t:|1666339051
|move|p1a: the goat|Substitute|p1a: the goat
|-start|p1a: the goat|Substitute
|-damage|p1a: the goat|75/100
|move|p2a: Kyogre|Ice Beam|p1a: the goat
|-supereffective|p1a: the goat
|-end|p1a: the goat|Substitute
|
|-weather|PrimordialSea|[upkeep]
|-heal|p1a: the goat|82/100|[from] item: Leftovers
|upkeep
|turn|25
|
|t:|1666339058
|move|p1a: the goat|Substitute|p1a: the goat
|-start|p1a: the goat|Substitute
|-damage|p1a: the goat|57/100
|cant|p2a: Kyogre|par
|
|-weather|PrimordialSea|[upkeep]
|-heal|p1a: the goat|63/100|[from] item: Leftovers
|upkeep
|turn|26
|
|t:|1666339065
|move|p1a: the goat|Coil|p1a: the goat
|-boost|p1a: the goat|atk|1
|-boost|p1a: the goat|def|1
|-boost|p1a: the goat|accuracy|1
|move|p2a: Kyogre|Ice Beam|p1a: the goat
|-supereffective|p1a: the goat
|-end|p1a: the goat|Substitute
|
|-weather|PrimordialSea|[upkeep]
|-heal|p1a: the goat|69/100|[from] item: Leftovers
|upkeep
|turn|27
|
|t:|1666339073
|move|p1a: the goat|Substitute|p1a: the goat
|-start|p1a: the goat|Substitute
|-damage|p1a: the goat|44/100
|cant|p2a: Kyogre|par
|
|-weather|PrimordialSea|[upkeep]
|-heal|p1a: the goat|50/100|[from] item: Leftovers
|-activate|p1a: the goat|ability: Power Construct
|detailschange|p1a: the goat|Zygarde-Complete, shiny
|-heal|p1a: the goat|67/100|[silent]
|upkeep
|turn|28
|
|t:|1666339082
|move|p1a: the goat|Thousand Arrows|p2a: Kyogre
|-damage|p2a: Kyogre|0 fnt
|faint|p2a: Kyogre
|-weather|none
|
|-heal|p1a: the goat|73/100|[from] item: Leftovers
|upkeep
|
|t:|1666339088
|switch|p2a: Calyrex|Calyrex-Shadow|100/100
|-ability|p2a: Calyrex|As One
|-ability|p2a: Calyrex|Unnerve
|-damage|p2a: Calyrex|88/100|[from] Stealth Rock
|turn|29
|
|t:|1666339095
|-start|p2a: Calyrex|Dynamax|
|-heal|p2a: Calyrex|88/100|[silent]
|move|p2a: Calyrex|Max Starfall|p1a: the goat
|-supereffective|p1a: the goat
|-end|p1a: the goat|Substitute
|-fieldstart|move: Misty Terrain
|move|p1a: the goat|Glare|p2a: Calyrex
|-activate|p2a: Calyrex|move: Misty Terrain
|
|-heal|p1a: the goat|80/100|[from] item: Leftovers
|upkeep
|turn|30
|
|t:|1666339117
|-start|p1a: the goat|Dynamax|
|-heal|p1a: the goat|80/100|[silent]
|move|p2a: Calyrex|Max Starfall|p1a: the goat
|-supereffective|p1a: the goat
|-damage|p1a: the goat|55/100
|move|p1a: the goat|Max Quake|p2a: Calyrex
|-damage|p2a: Calyrex|47/100
|-boost|p1a: the goat|spd|1
|
|-heal|p1a: the goat|58/100|[from] item: Leftovers
|upkeep
|turn|31
|
|t:|1666339128
|-end|p2a: Calyrex|Dynamax
|-heal|p2a: Calyrex|47/100|[silent]
|switch|p2a: Rayquaza|Rayquaza|100/100
|-damage|p2a: Rayquaza|76/100|[from] Stealth Rock
|-ability|p2a: Rayquaza|Air Lock
|move|p1a: the goat|Max Quake|p2a: Rayquaza
|-immune|p2a: Rayquaza
|
|-heal|p1a: the goat|62/100|[from] item: Leftovers
|upkeep
|turn|32
|
|t:|1666339143
|detailschange|p2a: Rayquaza|Rayquaza-Mega
|-mega|p2a: Rayquaza|Rayquaza|
|-weather|DeltaStream|[from] ability: Delta Stream|[of] p2a: Rayquaza
|move|p1a: the goat|Max Guard|p1a: the goat
|-singleturn|p1a: the goat|Max Guard
|move|p2a: Rayquaza|Dragon Ascent|p1a: the goat
|-activate|p1a: the goat|move: Max Guard
|
|-weather|DeltaStream|[upkeep]
|-heal|p1a: the goat|65/100|[from] item: Leftovers
|upkeep
|-end|p1a: the goat|Dynamax
|-heal|p1a: the goat|65/100|[silent]
|turn|33
|
|t:|1666339153
|move|p2a: Rayquaza|Dragon Ascent|p1a: the goat
|-damage|p1a: the goat|46/100
|-unboost|p2a: Rayquaza|def|1
|-unboost|p2a: Rayquaza|spd|1
|move|p1a: the goat|Coil|p1a: the goat
|-boost|p1a: the goat|atk|1
|-boost|p1a: the goat|def|1
|-boost|p1a: the goat|accuracy|1
|
|-weather|DeltaStream|[upkeep]
|-heal|p1a: the goat|52/100|[from] item: Leftovers
|-fieldend|Misty Terrain
|upkeep
|turn|34
|
|t:|1666339162
|move|p2a: Rayquaza|Dragon Ascent|p1a: the goat
|-damage|p1a: the goat|36/100
|-unboost|p2a: Rayquaza|def|1
|-unboost|p2a: Rayquaza|spd|1
|move|p1a: the goat|Glare|p2a: Rayquaza
|-status|p2a: Rayquaza|par
|
|-weather|DeltaStream|[upkeep]
|-heal|p1a: the goat|42/100|[from] item: Leftovers
|upkeep
|turn|35
|
|t:|1666339171
|move|p1a: the goat|Substitute|p1a: the goat
|-start|p1a: the goat|Substitute
|-damage|p1a: the goat|17/100
|move|p2a: Rayquaza|Surf|p1a: the goat
|-activate|p1a: the goat|move: Substitute|[damage]
|
|-weather|DeltaStream|[upkeep]
|-heal|p1a: the goat|23/100|[from] item: Leftovers
|upkeep
|turn|36
|
|t:|1666339177
|move|p1a: the goat|Thousand Arrows|p2a: Rayquaza
|-damage|p2a: Rayquaza|0 fnt
|faint|p2a: Rayquaza
|-weather|none
|
|-heal|p1a: the goat|30/100|[from] item: Leftovers
|upkeep
|
|t:|1666339183
|switch|p2a: Calyrex|Calyrex-Shadow|47/100
|-ability|p2a: Calyrex|As One
|-ability|p2a: Calyrex|Unnerve
|-damage|p2a: Calyrex|35/100|[from] Stealth Rock
|turn|37
|
|t:|1666339192
|move|p2a: Calyrex|Astral Barrage|p1a: the goat
|-end|p1a: the goat|Substitute
|move|p1a: the goat|Thousand Arrows|p2a: Calyrex
|-damage|p2a: Calyrex|0 fnt
|faint|p2a: Calyrex
|
|-heal|p1a: the goat|36/100|[from] item: Leftovers
|upkeep
|
|t:|1666339201
|switch|p2a: Zacian|Zacian-Crowned, shiny|18/100 par
|-damage|p2a: Zacian|12/100 par|[from] Stealth Rock
|-ability|p2a: Zacian|Intrepid Sword|boost
|-boost|p2a: Zacian|atk|1
|turn|38
|
|t:|1666339206
|move|p1a: the goat|Thousand Arrows|p2a: Zacian
|-supereffective|p2a: Zacian
|-damage|p2a: Zacian|0 fnt
|faint|p2a: Zacian
|
|-heal|p1a: the goat|42/100|[from] item: Leftovers
|upkeep
|c|☆Nobodi_Nowan|gg
|c|☆Sean1445645|gg
|c|☆Nobodi_Nowan|f 4 my elo :)
|-message|Nobodi_Nowan forfeited.
|
|win|Sean1445645
|raw|Sean1445645's rating: 1904 &rarr; <strong>1932</strong><br />(+28 for winning)
|raw|Nobodi_Nowan's rating: 2042 &rarr; <strong>2014</strong><br />(-28 for losing)
|c|☆Sean1445645|F
