|j|☆CreeperZack20
|j|☆AnimeZZZZ5
|t:|1623827588
|gametype|singles
|player|p1|CreeperZack20|gambler|1671
|player|p2|AnimeZZZZ5|2|1888
|teamsize|p1|6
|teamsize|p2|6
|gen|8
|tier|[Gen 8] National Dex AG
|rated|
|rule|HP Percentage Mod: HP is shown in percentages
|rule|Endless Battle Clause: Forcing endless battles is banned
|clearpoke
|poke|p1|Yveltal|
|poke|p1|Zacian-*|
|poke|p1|Ho-Oh|
|poke|p1|Necrozma-Dusk-Mane|
|poke|p1|Calyrex-Shadow|
|poke|p1|Ditto|
|poke|p2|Tapu Lele|
|poke|p2|Alakazam, F|
|poke|p2|Smeargle, M|
|poke|p2|Yveltal|
|poke|p2|Landorus-Therian, M|
|poke|p2|Marshadow|
|teampreview
|inactive|Battle timer is ON: inactive players will automatically lose when time's up. (requested by CreeperZack20)
|
|t:|1623827615
|start
|switch|p1a: Ditto|Ditto|100/100
|switch|p2a: Landorus|Landorus-Therian, M|100/100
|-ability|p2a: Landorus|Intimidate|boost
|-unboost|p1a: Ditto|atk|1
|-transform|p1a: Ditto|p2a: Landorus|[from] ability: Imposter
|-ability|p1a: Ditto|Intimidate|boost
|-unboost|p2a: Landorus|atk|1
|turn|1
|j| Moka Akashiya 11
|
|t:|1623827625
|move|p1a: Ditto|U-turn|p2a: Landorus
|-resisted|p2a: Landorus
|-damage|p2a: Landorus|89/100
|j| Enjoy enjoy 2
|
|t:|1623827631
|switch|p1a: Calyrex|Calyrex-Shadow|100/100|[from]move: U-turn
|-ability|p1a: Calyrex|As One
|-ability|p1a: Calyrex|Unnerve
|move|p2a: Landorus|Rock Tomb|p1a: Calyrex
|-crit|p1a: Calyrex
|-damage|p1a: Calyrex|63/100
|-unboost|p1a: Calyrex|spe|1
|
|upkeep
|turn|2
|l| Enjoy enjoy 2
|
|t:|1623827654
|move|p1a: Calyrex|Draining Kiss|p2a: Landorus
|-damage|p2a: Landorus|68/100
|-heal|p1a: Calyrex|81/100|[from] drain|[of] p2a: Landorus
|move|p2a: Landorus|Stealth Rock|p1a: Calyrex
|-sidestart|p1: CreeperZack20|move: Stealth Rock
|
|upkeep
|turn|3
|
|t:|1623827660
|switch|p1a: Zacian|Zacian-Crowned|100/100
|-damage|p1a: Zacian|94/100|[from] Stealth Rock
|-ability|p1a: Zacian|Intrepid Sword|boost
|-boost|p1a: Zacian|atk|1
|move|p2a: Landorus|Rock Tomb|p1a: Zacian
|-resisted|p1a: Zacian
|-damage|p1a: Zacian|88/100
|-unboost|p1a: Zacian|spe|1
|
|upkeep
|turn|4
|
|t:|1623827663
|move|p2a: Landorus|Rock Tomb|p1a: Zacian
|-resisted|p1a: Zacian
|-damage|p1a: Zacian|82/100
|-unboost|p1a: Zacian|spe|1
|move|p1a: Zacian|Behemoth Blade|p2a: Landorus
|-damage|p2a: Landorus|0 fnt
|faint|p2a: Landorus
|
|upkeep
|
|t:|1623827666
|switch|p2a: Smeargle|Smeargle, M|100/100
|turn|5
|
|t:|1623827671
|switch|p1a: Calyrex|Calyrex-Shadow|81/100
|-ability|p1a: Calyrex|As One
|-ability|p1a: Calyrex|Unnerve
|-damage|p1a: Calyrex|69/100|[from] Stealth Rock
|move|p2a: Smeargle|Shell Smash|p2a: Smeargle
|-unboost|p2a: Smeargle|def|1
|-unboost|p2a: Smeargle|spd|1
|-boost|p2a: Smeargle|atk|2
|-boost|p2a: Smeargle|spa|2
|-boost|p2a: Smeargle|spe|2
|
|-ability|p2a: Smeargle|Moody|boost
|-boost|p2a: Smeargle|atk|2
|-unboost|p2a: Smeargle|spe|1
|upkeep
|turn|6
|
|t:|1623827675
|move|p1a: Calyrex|Psychic|p2a: Smeargle
|-enditem|p2a: Smeargle|Focus Sash
|-damage|p2a: Smeargle|1/100
|move|p2a: Smeargle|Spore|p1a: Calyrex
|-status|p1a: Calyrex|slp|[from] move: Spore
|
|-ability|p2a: Smeargle|Moody|boost
|-boost|p2a: Smeargle|atk|2
|-unboost|p2a: Smeargle|spd|1
|upkeep
|turn|7
|
|t:|1623827679
|cant|p1a: Calyrex|slp
|move|p2a: Smeargle|Baton Pass|p2a: Smeargle
|
|t:|1623827690
|switch|p2a: Yveltal|Yveltal|100/100|[from]move: Baton Pass
|-enditem|p2a: Yveltal|White Herb
|-clearnegativeboost|p2a: Yveltal|[silent]
|-ability|p2a: Yveltal|Dark Aura
|
|upkeep
|turn|8
|
|t:|1623827698
|-start|p2a: Yveltal|Dynamax
|-heal|p2a: Yveltal|100/100|[silent]
|cant|p1a: Calyrex|slp
|move|p2a: Yveltal|Max Airstream|p1a: Calyrex
|-crit|p1a: Calyrex
|-damage|p1a: Calyrex|0 fnt
|-boost|p2a: Yveltal|spe|1
|faint|p1a: Calyrex
|
|upkeep
|
|t:|1623827702
|switch|p1a: Zacian|Zacian-Crowned|82/100
|-damage|p1a: Zacian|76/100|[from] Stealth Rock
|-ability|p1a: Zacian|Intrepid Sword|boost
|-boost|p1a: Zacian|atk|1
|turn|9
|
|t:|1623827705
|move|p2a: Yveltal|Max Flare|p1a: Zacian
|-supereffective|p1a: Zacian
|-damage|p1a: Zacian|0 fnt
|-weather|SunnyDay
|faint|p1a: Zacian
|
|-weather|SunnyDay|[upkeep]
|upkeep
|
|t:|1623827709
|switch|p1a: Ho-Oh|Ho-Oh|100/100
|turn|10
|
|t:|1623827713
|move|p2a: Yveltal|Max Darkness|p1a: Ho-Oh
|-damage|p1a: Ho-Oh|0 fnt
|faint|p1a: Ho-Oh
|
|-weather|SunnyDay|[upkeep]
|-end|p2a: Yveltal|Dynamax
|-heal|p2a: Yveltal|100/100|[silent]
|upkeep
|
|t:|1623827715
|switch|p1a: Ditto|Ditto|100/100
|-damage|p1a: Ditto|88/100|[from] Stealth Rock
|-transform|p1a: Ditto|p2a: Yveltal|[from] ability: Imposter
|-ability|p1a: Ditto|Dark Aura
|turn|11
|
|t:|1623827722
|-start|p1a: Ditto|Dynamax
|-heal|p1a: Ditto|88/100|[silent]
|move|p1a: Ditto|Max Airstream|p2a: Yveltal
|-damage|p2a: Yveltal|0 fnt
|-boost|p1a: Ditto|spe|1
|faint|p2a: Yveltal
|
|-weather|SunnyDay|[upkeep]
|upkeep
|
|t:|1623827731
|switch|p2a: Marshadow|Marshadow|100/100
|turn|12
|
|t:|1623827736
|switch|p2a: Smeargle|Smeargle, M|1/100
|move|p1a: Ditto|Max Airstream|p2a: Smeargle
|-damage|p2a: Smeargle|0 fnt
|-boost|p1a: Ditto|spe|1
|faint|p2a: Smeargle
|
|-weather|SunnyDay|[upkeep]
|upkeep
|
|t:|1623827744
|switch|p2a: Tapu Lele|Tapu Lele|100/100
|-fieldstart|move: Psychic Terrain|[from] ability: Psychic Surge|[of] p2a: Tapu Lele
|turn|13
|
|t:|1623827748
|move|p1a: Ditto|Max Darkness|p2a: Tapu Lele
|-damage|p2a: Tapu Lele|0 fnt
|faint|p2a: Tapu Lele
|
|-weather|none
|-end|p1a: Ditto|Dynamax
|-heal|p1a: Ditto|88/100|[silent]
|upkeep
|
|t:|1623827750
|switch|p2a: Marshadow|Marshadow|100/100
|turn|14
|
|t:|1623827756
|move|p1a: Ditto|Oblivion Wing|p2a: Marshadow
|-supereffective|p2a: Marshadow
|-enditem|p2a: Marshadow|Focus Sash
|-damage|p2a: Marshadow|1/100
|-heal|p1a: Ditto|100/100|[from] drain|[of] p2a: Marshadow
|move|p2a: Marshadow|Endeavor|p1a: Ditto
|-damage|p1a: Ditto|1/100
|
|upkeep
|turn|15
|
|t:|1623827760
|move|p2a: Marshadow|Shadow Sneak|p1a: Ditto
|-hint|Psychic Terrain doesn't affect Pokémon immune to Ground.
|-resisted|p1a: Ditto
|-damage|p1a: Ditto|0 fnt
|faint|p1a: Ditto
|
|upkeep
|
|t:|1623827762
|switch|p1a: Yveltal|Yveltal|100/100
|-damage|p1a: Yveltal|76/100|[from] Stealth Rock
|-ability|p1a: Yveltal|Dark Aura
|turn|16
|
|t:|1623827771
|switch|p2a: Alakazam|Alakazam, F|100/100
|move|p1a: Yveltal|Oblivion Wing|p2a: Alakazam
|-damage|p2a: Alakazam|21/100
|-heal|p1a: Yveltal|100/100|[from] drain|[of] p2a: Alakazam
|-damage|p1a: Yveltal|91/100|[from] item: Life Orb
|
|upkeep
|turn|17
|
|t:|1623827777
|switch|p1a: Necrozma|Necrozma-Dusk-Mane|100/100
|-damage|p1a: Necrozma|95/100|[from] Stealth Rock
|detailschange|p2a: Alakazam|Alakazam-Mega, F
|-mega|p2a: Alakazam|Alakazam|Alakazite
|-ability|p2a: Alakazam|Prism Armor|[from] ability: Trace|[of] p1a: Necrozma
|move|p2a: Alakazam|Dazzling Gleam|p1a: Necrozma
|-resisted|p1a: Necrozma
|-damage|p1a: Necrozma|77/100
|
|-fieldend|move: Psychic Terrain
|upkeep
|turn|18
|l| Moka Akashiya 11
|
|t:|1623827780
|move|p2a: Alakazam|Focus Blast|p1a: Necrozma|[miss]
|-miss|p2a: Alakazam|p1a: Necrozma
|move|p1a: Necrozma|Autotomize|p1a: Necrozma
|-boost|p1a: Necrozma|spe|2
|-start|p1a: Necrozma|Autotomize
|
|upkeep
|turn|19
|
|t:|1623827783
|move|p1a: Necrozma|Earthquake|p2a: Alakazam
|-damage|p2a: Alakazam|0 fnt
|faint|p2a: Alakazam
|
|upkeep
|c|☆CreeperZack20|gg
|-message|AnimeZZZZ5 forfeited.
|
|win|CreeperZack20
|raw|CreeperZack20's rating: 1671 &rarr; <strong>1702</strong><br />(+31 for winning)
|raw|AnimeZZZZ5's rating: 1888 &rarr; <strong>1857</strong><br />(-31 for losing)
|l|☆AnimeZZZZ5
|l|☆CreeperZack20
