|j|☆Reincarnation of .
|j|☆Buckfromgothamcity
|t:|1667026346
|gametype|singles
|player|p1|Reincarnation of .|blue-gen3two|2148
|player|p2|Buckfromgothamcity|265|2035
|teamsize|p1|6
|teamsize|p2|6
|gen|8
|tier|[Gen 8] National Dex AG
|rated|
|rule|HP Percentage Mod: HP is shown in percentages
|rule|Endless Battle Clause: Forcing endless battles is banned
|clearpoke
|poke|p1|Rayquaza|
|poke|p1|Rayquaza|
|poke|p1|Ditto|
|poke|p1|Necrozma-Dusk-Mane|
|poke|p1|Arceus-*|
|poke|p1|Groudon|
|poke|p2|Ho-Oh|
|poke|p2|Necrozma-Dusk-Mane|
|poke|p2|Zygarde|
|poke|p2|Yveltal|
|poke|p2|Chansey, F|
|poke|p2|Arceus-*|
|teampreview
|inactive|Battle timer is ON: inactive players will automatically lose when time's up. (requested by Reincarnation of .)
|
|t:|1667026362
|start
|switch|p1a: Rayquaza|Rayquaza|100/100
|switch|p2a: Zygarde|Zygarde|100/100
|-ability|p1a: Rayquaza|Air Lock
|turn|1
|
|t:|1667026371
|switch|p2a: Arceus|Arceus-Fairy|100/100
|detailschange|p1a: Rayquaza|Rayquaza-Mega
|-mega|p1a: Rayquaza|Rayquaza|
|-weather|DeltaStream|[from] ability: Delta Stream|[of] p1a: Rayquaza
|move|p1a: Rayquaza|Earthquake|p2a: Arceus
|-damage|p2a: Arceus|70/100
|-damage|p1a: Rayquaza|91/100|[from] item: Life Orb
|
|-weather|DeltaStream|[upkeep]
|upkeep
|turn|2
|j| ZackFa
|
|t:|1667026378
|-weather|none
|switch|p1a: Groudon|Groudon|100/100
|detailschange|p1a: Groudon|Groudon-Primal
|-primal|p1a: Groudon
|-weather|DesolateLand|[from] ability: Desolate Land|[of] p1a: Groudon
|move|p2a: Arceus|Recover|p2a: Arceus
|-heal|p2a: Arceus|100/100
|
|-weather|DesolateLand|[upkeep]
|upkeep
|turn|3
|
|t:|1667026389
|switch|p2a: Zygarde|Zygarde|100/100
|move|p1a: Groudon|Stealth Rock|p2a: Zygarde
|-sidestart|p2: Buckfromgothamcity|move: Stealth Rock
|
|-weather|DesolateLand|[upkeep]
|upkeep
|turn|4
|
|t:|1667026398
|move|p2a: Zygarde|Glare|p1a: Groudon
|-status|p1a: Groudon|par
|move|p1a: Groudon|Dragon Tail|p2a: Zygarde
|-supereffective|p2a: Zygarde
|-damage|p2a: Zygarde|75/100
|drag|p2a: Yveltal|Yveltal|100/100
|-ability|p2a: Yveltal|Dark Aura
|
|-weather|DesolateLand|[upkeep]
|upkeep
|turn|5
|
|t:|1667026403
|move|p2a: Yveltal|Foul Play|p1a: Groudon
|-damage|p1a: Groudon|70/100 par
|move|p1a: Groudon|Fire Punch|p2a: Yveltal
|-damage|p2a: Yveltal|54/100
|
|-weather|DesolateLand|[upkeep]
|upkeep
|turn|6
|
|t:|1667026409
|move|p2a: Yveltal|Roost|p2a: Yveltal
|-heal|p2a: Yveltal|100/100
|-singleturn|p2a: Yveltal|move: Roost
|move|p1a: Groudon|Fire Punch|p2a: Yveltal
|-damage|p2a: Yveltal|49/100
|
|-weather|DesolateLand|[upkeep]
|upkeep
|turn|7
|j| Pokemh
|
|t:|1667026414
|move|p2a: Yveltal|Roost|p2a: Yveltal
|-heal|p2a: Yveltal|99/100
|-singleturn|p2a: Yveltal|move: Roost
|move|p1a: Groudon|Fire Punch|p2a: Yveltal
|-damage|p2a: Yveltal|46/100
|
|-weather|DesolateLand|[upkeep]
|upkeep
|turn|8
|
|t:|1667026427
|move|p2a: Yveltal|Roost|p2a: Yveltal
|-heal|p2a: Yveltal|96/100
|-singleturn|p2a: Yveltal|move: Roost
|move|p1a: Groudon|Fire Punch|p2a: Yveltal
|-damage|p2a: Yveltal|43/100
|
|-weather|DesolateLand|[upkeep]
|upkeep
|turn|9
|
|t:|1667026434
|move|p2a: Yveltal|Roost|p2a: Yveltal
|-heal|p2a: Yveltal|93/100
|-singleturn|p2a: Yveltal|move: Roost
|cant|p1a: Groudon|par
|
|-weather|DesolateLand|[upkeep]
|upkeep
|turn|10
|
|t:|1667026447
|switch|p2a: Zygarde|Zygarde|75/100
|-damage|p2a: Zygarde|69/100|[from] Stealth Rock
|move|p1a: Groudon|Fire Punch|p2a: Zygarde
|-resisted|p2a: Zygarde
|-damage|p2a: Zygarde|53/100
|
|-weather|DesolateLand|[upkeep]
|upkeep
|turn|11
|j| KAREN STEPHANIE
|
|t:|1667026457
|move|p2a: Zygarde|Thousand Arrows|p1a: Groudon
|-supereffective|p1a: Groudon
|-damage|p1a: Groudon|42/100 par
|move|p1a: Groudon|Dragon Tail|p2a: Zygarde
|-supereffective|p2a: Zygarde
|-damage|p2a: Zygarde|30/100
|drag|p2a: Necrozma|Necrozma-Dusk-Mane|100/100
|-damage|p2a: Necrozma|94/100|[from] Stealth Rock
|
|-weather|DesolateLand|[upkeep]
|upkeep
|turn|12
|
|t:|1667026465
|switch|p2a: Ho-Oh|Ho-Oh|100/100
|move|p1a: Groudon|Dragon Tail|p2a: Ho-Oh
|-damage|p2a: Ho-Oh|80/100
|drag|p2a: Zygarde|Zygarde|30/100
|-damage|p2a: Zygarde|24/100|[from] Stealth Rock
|
|-weather|DesolateLand|[upkeep]
|-activate|p2a: Zygarde|ability: Power Construct
|detailschange|p2a: Zygarde|Zygarde-Complete
|-heal|p2a: Zygarde|50/100|[silent]
|upkeep
|turn|13
|
|t:|1667026469
|move|p2a: Zygarde|Rest|p2a: Zygarde
|-status|p2a: Zygarde|slp|[from] move: Rest
|-heal|p2a: Zygarde|100/100 slp|[silent]
|move|p1a: Groudon|Dragon Tail|p2a: Zygarde
|-supereffective|p2a: Zygarde
|-damage|p2a: Zygarde|85/100 slp
|drag|p2a: Yveltal|Yveltal|93/100
|-ability|p2a: Yveltal|Dark Aura
|
|-weather|DesolateLand|[upkeep]
|upkeep
|turn|14
|
|t:|1667026474
|move|p2a: Yveltal|Foul Play|p1a: Groudon
|-damage|p1a: Groudon|7/100 par
|move|p1a: Groudon|Fire Punch|p2a: Yveltal
|-damage|p2a: Yveltal|45/100
|
|-weather|DesolateLand|[upkeep]
|upkeep
|turn|15
|
|t:|1667026480
|move|p2a: Yveltal|Roost|p2a: Yveltal
|-heal|p2a: Yveltal|95/100
|-singleturn|p2a: Yveltal|move: Roost
|move|p1a: Groudon|Fire Punch|p2a: Yveltal
|-damage|p2a: Yveltal|47/100
|
|-weather|DesolateLand|[upkeep]
|upkeep
|turn|16
|
|t:|1667026483
|move|p2a: Yveltal|Roost|p2a: Yveltal
|-heal|p2a: Yveltal|97/100
|-singleturn|p2a: Yveltal|move: Roost
|move|p1a: Groudon|Fire Punch|p2a: Yveltal
|-damage|p2a: Yveltal|48/100
|
|-weather|DesolateLand|[upkeep]
|upkeep
|turn|17
|
|t:|1667026488
|move|p2a: Yveltal|Roost|p2a: Yveltal
|-heal|p2a: Yveltal|98/100
|-singleturn|p2a: Yveltal|move: Roost
|move|p1a: Groudon|Fire Punch|p2a: Yveltal
|-crit|p2a: Yveltal
|-damage|p2a: Yveltal|19/100
|
|-weather|DesolateLand|[upkeep]
|upkeep
|turn|18
|
|t:|1667026492
|move|p2a: Yveltal|Roost|p2a: Yveltal
|-heal|p2a: Yveltal|69/100
|-singleturn|p2a: Yveltal|move: Roost
|move|p1a: Groudon|Fire Punch|p2a: Yveltal
|-damage|p2a: Yveltal|14/100
|
|-weather|DesolateLand|[upkeep]
|upkeep
|turn|19
|
|t:|1667026495
|move|p2a: Yveltal|Roost|p2a: Yveltal
|-heal|p2a: Yveltal|64/100
|-singleturn|p2a: Yveltal|move: Roost
|move|p1a: Groudon|Fire Punch|p2a: Yveltal
|-damage|p2a: Yveltal|17/100
|
|-weather|DesolateLand|[upkeep]
|upkeep
|turn|20
|
|t:|1667026499
|move|p2a: Yveltal|Roost|p2a: Yveltal
|-heal|p2a: Yveltal|67/100
|-singleturn|p2a: Yveltal|move: Roost
|move|p1a: Groudon|Fire Punch|p2a: Yveltal
|-crit|p2a: Yveltal
|-damage|p2a: Yveltal|0 fnt
|faint|p2a: Yveltal
|
|-weather|DesolateLand|[upkeep]
|upkeep
|c|☆Buckfromgothamcity|Huh
|
|t:|1667026517
|switch|p2a: Arceus|Arceus-Fairy|100/100
|-damage|p2a: Arceus|88/100|[from] Stealth Rock
|turn|21
|
|t:|1667026521
|move|p2a: Arceus|Judgment|p1a: Groudon
|-resisted|p1a: Groudon
|-damage|p1a: Groudon|0 fnt
|faint|p1a: Groudon
|-weather|none
|
|upkeep
|
|t:|1667026529
|switch|p1a: Rayquaza|Rayquaza-Mega|91/100
|-weather|DeltaStream|[from] ability: Delta Stream|[of] p1a: Rayquaza
|turn|22
|
|t:|1667026534
|move|p1a: Rayquaza|Dragon Ascent|p2a: Arceus
|-damage|p2a: Arceus|33/100
|-unboost|p1a: Rayquaza|def|1
|-unboost|p1a: Rayquaza|spd|1
|-damage|p1a: Rayquaza|81/100|[from] item: Life Orb
|move|p2a: Arceus|Will-O-Wisp|p1a: Rayquaza
|-status|p1a: Rayquaza|brn
|
|-weather|DeltaStream|[upkeep]
|-damage|p1a: Rayquaza|75/100 brn|[from] brn
|upkeep
|turn|23
|
|t:|1667026539
|move|p1a: Rayquaza|Dragon Ascent|p2a: Arceus
|-damage|p2a: Arceus|6/100
|-unboost|p1a: Rayquaza|def|1
|-unboost|p1a: Rayquaza|spd|1
|-damage|p1a: Rayquaza|65/100 brn|[from] item: Life Orb
|move|p2a: Arceus|Recover|p2a: Arceus
|-heal|p2a: Arceus|56/100
|
|-weather|DeltaStream|[upkeep]
|-damage|p1a: Rayquaza|59/100 brn|[from] brn
|upkeep
|turn|24
|
|t:|1667026544
|-weather|none
|switch|p1a: Arceus|Arceus|100/100
|move|p2a: Arceus|Recover|p2a: Arceus
|-heal|p2a: Arceus|100/100
|
|upkeep
|turn|25
|
|t:|1667026555
|switch|p1a: Rayquaza|Rayquaza-Mega|59/100 brn
|-weather|DeltaStream|[from] ability: Delta Stream|[of] p1a: Rayquaza
|move|p2a: Arceus|Will-O-Wisp|p1a: Rayquaza
|-fail|p1a: Rayquaza|brn
|
|-weather|DeltaStream|[upkeep]
|-damage|p1a: Rayquaza|53/100 brn|[from] brn
|upkeep
|turn|26
|
|t:|1667026559
|move|p1a: Rayquaza|Dragon Ascent|p2a: Arceus
|-damage|p2a: Arceus|77/100
|-unboost|p1a: Rayquaza|def|1
|-unboost|p1a: Rayquaza|spd|1
|-damage|p1a: Rayquaza|43/100 brn|[from] item: Life Orb
|move|p2a: Arceus|Defog|p1a: Rayquaza
|-unboost|p1a: Rayquaza|evasion|1
|-sideend|p2: Buckfromgothamcity|Stealth Rock|[from] move: Defog|[of] p2a: Arceus
|
|-weather|DeltaStream|[upkeep]
|-damage|p1a: Rayquaza|37/100 brn|[from] brn
|upkeep
|turn|27
|
|t:|1667026570
|move|p1a: Rayquaza|Dragon Ascent|p2a: Arceus
|-damage|p2a: Arceus|50/100
|-unboost|p1a: Rayquaza|def|1
|-unboost|p1a: Rayquaza|spd|1
|-damage|p1a: Rayquaza|27/100 brn|[from] item: Life Orb
|move|p2a: Arceus|Recover|p2a: Arceus
|-heal|p2a: Arceus|100/100
|
|-weather|DeltaStream|[upkeep]
|-damage|p1a: Rayquaza|21/100 brn|[from] brn
|upkeep
|turn|28
|
|t:|1667026578
|move|p1a: Rayquaza|Dragon Ascent|p2a: Arceus
|-damage|p2a: Arceus|76/100
|-unboost|p1a: Rayquaza|def|1
|-unboost|p1a: Rayquaza|spd|1
|-damage|p1a: Rayquaza|11/100 brn|[from] item: Life Orb
|move|p2a: Arceus|Recover|p2a: Arceus
|-heal|p2a: Arceus|100/100
|
|-weather|DeltaStream|[upkeep]
|-damage|p1a: Rayquaza|5/100 brn|[from] brn
|upkeep
|turn|29
|
|t:|1667026580
|move|p1a: Rayquaza|Dragon Ascent|p2a: Arceus
|-damage|p2a: Arceus|74/100
|-unboost|p1a: Rayquaza|def|1
|-unboost|p1a: Rayquaza|spd|1
|-damage|p1a: Rayquaza|0 fnt|[from] item: Life Orb
|faint|p1a: Rayquaza
|-weather|none
|move|p2a: Arceus|Recover|p2a: Arceus
|-heal|p2a: Arceus|100/100
|
|upkeep
|
|t:|1667026590
|switch|p1a: Necrozma|Necrozma-Dusk-Mane, shiny|100/100
|turn|30
|
|t:|1667026594
|detailschange|p1a: Necrozma|Necrozma-Ultra, shiny
|-burst|p1a: Necrozma|Necrozma|Ultranecrozium Z
|move|p1a: Necrozma|Photon Geyser|p2a: Arceus
|-damage|p2a: Arceus|56/100
|move|p2a: Arceus|Will-O-Wisp|p1a: Necrozma
|-status|p1a: Necrozma|brn
|
|-damage|p1a: Necrozma|94/100 brn|[from] brn
|upkeep
|turn|31
|
|t:|1667026598
|-zpower|p1a: Necrozma
|move|p1a: Necrozma|Light That Burns the Sky|p2a: Arceus|[zeffect]
|-crit|p2a: Arceus
|-damage|p2a: Arceus|0 fnt
|faint|p2a: Arceus
|
|-damage|p1a: Necrozma|88/100 brn|[from] brn
|upkeep
|c|☆Buckfromgothamcity|...
|
|t:|1667026610
|switch|p2a: Necrozma|Necrozma-Dusk-Mane|94/100
|turn|32
|
|t:|1667026613
|move|p1a: Necrozma|Earth Power|p2a: Necrozma
|-supereffective|p2a: Necrozma
|-damage|p2a: Necrozma|41/100
|move|p2a: Necrozma|Stealth Rock|p1a: Necrozma
|-sidestart|p1: Reincarnation of .|move: Stealth Rock
|
|-damage|p1a: Necrozma|82/100 brn|[from] brn
|upkeep
|turn|33
|
|t:|1667026621
|switch|p2a: Chansey|Chansey, F|100/100
|move|p1a: Necrozma|Rock Slide|p2a: Chansey
|-damage|p2a: Chansey|91/100
|
|-damage|p1a: Necrozma|75/100 brn|[from] brn
|upkeep
|turn|34
|
|t:|1667026624
|switch|p1a: Arceus|Arceus|100/100
|-damage|p1a: Arceus|88/100|[from] Stealth Rock
|move|p2a: Chansey|Aromatherapy|p2a: Chansey
|-activate|p2a: Chansey|move: Aromatherapy
|-curestatus|p2: Zygarde|slp|[msg]
|
|upkeep
|turn|35
|
|t:|1667026626
|switch|p2a: Zygarde|Zygarde-Complete|85/100
|move|p1a: Arceus|Swords Dance|p1a: Arceus
|-boost|p1a: Arceus|atk|2
|
|upkeep
|turn|36
|
|t:|1667026636
|switch|p1a: Necrozma|Necrozma-Ultra, shiny|75/100 brn
|-damage|p1a: Necrozma|63/100 brn|[from] Stealth Rock
|move|p2a: Zygarde|Haze|p2a: Zygarde
|-clearallboost
|
|-damage|p1a: Necrozma|57/100 brn|[from] brn
|upkeep
|turn|37
|
|t:|1667026643
|switch|p2a: Chansey|Chansey, F|91/100
|move|p1a: Necrozma|Dragon Pulse|p2a: Chansey
|-damage|p2a: Chansey|77/100
|
|-damage|p1a: Necrozma|50/100 brn|[from] brn
|upkeep
|turn|38
|c|☆Buckfromgothamcity|Ah special
|
|t:|1667026663
|move|p1a: Necrozma|Dragon Pulse|p2a: Chansey
|-damage|p2a: Chansey|63/100
|move|p2a: Chansey|Seismic Toss|p1a: Necrozma
|-damage|p1a: Necrozma|21/100 brn
|
|-damage|p1a: Necrozma|14/100 brn|[from] brn
|upkeep
|turn|39
|
|t:|1667026666
|move|p1a: Necrozma|Dragon Pulse|p2a: Chansey
|-damage|p2a: Chansey|51/100
|move|p2a: Chansey|Soft-Boiled|p2a: Chansey
|-heal|p2a: Chansey|100/100
|
|-damage|p1a: Necrozma|8/100 brn|[from] brn
|upkeep
|turn|40
|
|t:|1667026670
|move|p1a: Necrozma|Photon Geyser|p2a: Chansey
|-damage|p2a: Chansey|84/100
|move|p2a: Chansey|Soft-Boiled|p2a: Chansey
|-heal|p2a: Chansey|100/100
|
|-damage|p1a: Necrozma|2/100 brn|[from] brn
|upkeep
|turn|41
|j| Genki dashite yo
|
|t:|1667026675
|move|p1a: Necrozma|Photon Geyser|p2a: Chansey
|-damage|p2a: Chansey|86/100
|move|p2a: Chansey|Soft-Boiled|p2a: Chansey
|-heal|p2a: Chansey|100/100
|
|-damage|p1a: Necrozma|0 fnt|[from] brn
|faint|p1a: Necrozma
|upkeep
|
|t:|1667026677
|switch|p1a: Rayquaza|Rayquaza|100/100
|-damage|p1a: Rayquaza|76/100|[from] Stealth Rock
|-ability|p1a: Rayquaza|Air Lock
|turn|42
|
|t:|1667026690
|switch|p2a: Zygarde|Zygarde-Complete|85/100
|-start|p1a: Rayquaza|Dynamax|
|-heal|p1a: Rayquaza|76/100|[silent]
|move|p1a: Rayquaza|Max Knuckle|p2a: Zygarde
|-damage|p2a: Zygarde|70/100
|-boost|p1a: Rayquaza|atk|1
|-damage|p1a: Rayquaza|71/100|[from] item: Life Orb
|
|upkeep
|turn|43
|
|t:|1667026696
|switch|p2a: Necrozma|Necrozma-Dusk-Mane|41/100
|move|p1a: Rayquaza|Max Wyrmwind|p2a: Necrozma
|-resisted|p2a: Necrozma
|-damage|p2a: Necrozma|0 fnt
|faint|p2a: Necrozma
|-damage|p1a: Rayquaza|66/100|[from] item: Life Orb
|
|upkeep
|
|t:|1667026699
|switch|p2a: Ho-Oh|Ho-Oh|100/100
|turn|44
|
|t:|1667026704
|-start|p2a: Ho-Oh|Dynamax|
|-heal|p2a: Ho-Oh|100/100|[silent]
|move|p2a: Ho-Oh|Max Guard|p2a: Ho-Oh
|-singleturn|p2a: Ho-Oh|Max Guard
|move|p1a: Rayquaza|Max Wyrmwind|p2a: Ho-Oh
|-activate|p2a: Ho-Oh|move: Max Guard
|
|upkeep
|-end|p1a: Rayquaza|Dynamax
|-heal|p1a: Rayquaza|66/100|[silent]
|turn|45
|
|t:|1667026715
|switch|p1a: Ditto|Ditto, shiny|100/100
|-damage|p1a: Ditto|88/100|[from] Stealth Rock
|-transform|p1a: Ditto|p2a: Ho-Oh|[from] ability: Imposter
|move|p2a: Ho-Oh|Max Airstream|p1a: Ditto
|-damage|p1a: Ditto|0 fnt
|-boost|p2a: Ho-Oh|spe|1
|faint|p1a: Ditto
|
|upkeep
|
|t:|1667026722
|switch|p1a: Arceus|Arceus|88/100
|-damage|p1a: Arceus|76/100|[from] Stealth Rock
|turn|46
|
|t:|1667026725
|move|p2a: Ho-Oh|Max Flare|p1a: Arceus
|-damage|p1a: Arceus|23/100
|-weather|SunnyDay
|move|p1a: Arceus|Recover|p1a: Arceus
|-heal|p1a: Arceus|73/100
|
|-weather|SunnyDay|[upkeep]
|upkeep
|-end|p2a: Ho-Oh|Dynamax
|-heal|p2a: Ho-Oh|100/100|[silent]
|turn|47
|
|t:|1667026732
|move|p2a: Ho-Oh|Sacred Fire|p1a: Arceus
|-damage|p1a: Arceus|20/100
|-status|p1a: Arceus|brn
|-enditem|p1a: Arceus|Lum Berry|[eat]
|-curestatus|p1a: Arceus|brn|[msg]
|move|p1a: Arceus|Swords Dance|p1a: Arceus
|-boost|p1a: Arceus|atk|2
|
|-weather|SunnyDay|[upkeep]
|upkeep
|turn|48
|
|t:|1667026741
|move|p1a: Arceus|Extreme Speed|p2a: Ho-Oh
|-damage|p2a: Ho-Oh|17/100
|move|p2a: Ho-Oh|Brave Bird|p1a: Arceus
|-damage|p1a: Arceus|0 fnt
|faint|p1a: Arceus
|-damage|p2a: Ho-Oh|10/100|[from] Recoil
|
|-weather|SunnyDay|[upkeep]
|upkeep
|
|t:|1667026745
|switch|p1a: Rayquaza|Rayquaza|66/100
|-damage|p1a: Rayquaza|41/100|[from] Stealth Rock
|-ability|p1a: Rayquaza|Air Lock
|turn|49
|
|t:|1667026748
|move|p2a: Ho-Oh|Brave Bird|p1a: Rayquaza
|-damage|p1a: Rayquaza|0 fnt
|faint|p1a: Rayquaza
|-damage|p2a: Ho-Oh|0 fnt|[from] Recoil
|faint|p2a: Ho-Oh
|
|win|Buckfromgothamcity
|raw|Reincarnation of .'s rating: 2148 &rarr; <strong>2122</strong><br />(-26 for losing)
|raw|Buckfromgothamcity's rating: 2035 &rarr; <strong>2061</strong><br />(+26 for winning)
|c|☆Reincarnation of .|Gg wp
|c|☆Buckfromgothamcity|Ggwp
|l|☆Reincarnation of .
