|j|☆F.A.M.E.246 2nd
|j|☆MiguelRRM
|t:|1631765317
|gametype|singles
|player|p1|F.A.M.E.246 2nd|lucas|1581
|player|p2|MiguelRRM|lucas|1830
|teamsize|p1|6
|teamsize|p2|6
|gen|8
|tier|[Gen 8] National Dex AG
|rated|
|rule|HP Percentage Mod: HP is shown in percentages
|rule|Endless Battle Clause: Forcing endless battles is banned
|clearpoke
|poke|p1|Diancie|
|poke|p1|Marshadow|
|poke|p1|Ferrothorn, F|
|poke|p1|Ho-Oh|
|poke|p1|Arceus-*|
|poke|p1|Eternatus|
|poke|p2|Marshadow|
|poke|p2|Yveltal|
|poke|p2|Rayquaza|
|poke|p2|Zacian-*|
|poke|p2|Arceus-*|
|poke|p2|Groudon|
|teampreview
|inactive|Battle timer is ON: inactive players will automatically lose when time's up. (requested by F.A.M.E.246 2nd)
|c|☆F.A.M.E.246 2nd|hf
|c|☆F.A.M.E.246 2nd|Oh damn bro you're down 100 points since last time
|c|☆F.A.M.E.246 2nd|Tilted down?
|
|t:|1631765347
|start
|switch|p1a: Arceus|Arceus-Ground|100/100
|switch|p2a: Zacian|Zacian-Crowned|100/100
|-ability|p2a: Zacian|Intrepid Sword|boost
|-boost|p2a: Zacian|atk|1
|turn|1
|
|t:|1631765351
|move|p2a: Zacian|Behemoth Blade|p1a: Arceus
|-damage|p1a: Arceus|46/100
|move|p1a: Arceus|Judgment|p2a: Zacian
|-supereffective|p2a: Zacian
|-damage|p2a: Zacian|3/100
|
|upkeep
|turn|2
|
|t:|1631765355
|switch|p1a: Ferrothorn|Ferrothorn, F|100/100
|move|p2a: Zacian|Behemoth Blade|p1a: Ferrothorn
|-resisted|p1a: Ferrothorn
|-damage|p1a: Ferrothorn|76/100
|-damage|p2a: Zacian|0 fnt|[from] ability: Iron Barbs|[of] p1a: Ferrothorn
|faint|p2a: Zacian
|
|-heal|p1a: Ferrothorn|82/100|[from] item: Leftovers
|upkeep
|
|t:|1631765358
|switch|p2a: Groudon|Groudon|100/100
|detailschange|p2a: Groudon|Groudon-Primal
|-primal|p2a: Groudon
|-weather|DesolateLand|[from] ability: Desolate Land|[of] p2a: Groudon
|turn|3
|
|t:|1631765363
|move|p2a: Groudon|Stealth Rock|p1a: Ferrothorn
|-sidestart|p1: F.A.M.E.246 2nd|move: Stealth Rock
|move|p1a: Ferrothorn|Stealth Rock|p2a: Groudon
|-sidestart|p2: MiguelRRM|move: Stealth Rock
|
|-weather|DesolateLand|[upkeep]
|-heal|p1a: Ferrothorn|88/100|[from] item: Leftovers
|upkeep
|turn|4
|
|t:|1631765371
|move|p2a: Groudon|Eruption|p1a: Ferrothorn
|-supereffective|p1a: Ferrothorn
|-damage|p1a: Ferrothorn|0 fnt
|faint|p1a: Ferrothorn
|
|-weather|DesolateLand|[upkeep]
|upkeep
|
|t:|1631765373
|switch|p1a: Arceus|Arceus-Ground|46/100
|-damage|p1a: Arceus|39/100|[from] Stealth Rock
|turn|5
|
|t:|1631765376
|-weather|none
|switch|p2a: Rayquaza|Rayquaza|100/100
|-damage|p2a: Rayquaza|76/100|[from] Stealth Rock
|-ability|p2a: Rayquaza|Air Lock
|move|p1a: Arceus|Ice Beam|p2a: Rayquaza
|-supereffective|p2a: Rayquaza
|-damage|p2a: Rayquaza|0 fnt
|faint|p2a: Rayquaza
|
|upkeep
|
|t:|1631765380
|switch|p2a: Marshadow|Marshadow|100/100
|-damage|p2a: Marshadow|94/100|[from] Stealth Rock
|turn|6
|
|t:|1631765384
|-start|p2a: Marshadow|Dynamax
|-heal|p2a: Marshadow|94/100|[silent]
|move|p2a: Marshadow|Max Phantasm|p1a: Arceus
|-damage|p1a: Arceus|0 fnt
|faint|p1a: Arceus
|
|upkeep
|
|t:|1631765399
|switch|p1a: Diancie|Diancie|100/100
|-damage|p1a: Diancie|88/100|[from] Stealth Rock
|turn|7
|
|t:|1631765402
|move|p2a: Marshadow|Max Phantasm|p1a: Diancie
|-damage|p1a: Diancie|11/100
|-fail|p1a: Diancie|unboost|[from] ability: Clear Body|[of] p1a: Diancie
|move|p1a: Diancie|Moonblast|p2a: Marshadow
|-supereffective|p2a: Marshadow
|-damage|p2a: Marshadow|55/100
|-unboost|p2a: Marshadow|spa|1
|
|upkeep
|turn|8
|
|t:|1631765409
|move|p1a: Diancie|Protect|p1a: Diancie
|-singleturn|p1a: Diancie|Protect
|move|p2a: Marshadow|Max Knuckle|p1a: Diancie
|-zbroken|p1a: Diancie
|-damage|p1a: Diancie|0 fnt
|-boost|p2a: Marshadow|atk|1
|faint|p1a: Diancie
|
|-end|p2a: Marshadow|Dynamax
|-heal|p2a: Marshadow|55/100|[silent]
|upkeep
|
|t:|1631765417
|switch|p1a: Eternatus|Eternatus|100/100
|-damage|p1a: Eternatus|88/100|[from] Stealth Rock
|-ability|p1a: Eternatus|Pressure
|turn|9
|
|t:|1631765420
|move|p1a: Eternatus|Dynamax Cannon|p2a: Marshadow
|-damage|p2a: Marshadow|0 fnt
|faint|p2a: Marshadow
|-damage|p1a: Eternatus|78/100|[from] item: Life Orb
|
|upkeep
|
|t:|1631765422
|switch|p2a: Arceus|Arceus-Ground|100/100
|-damage|p2a: Arceus|94/100|[from] Stealth Rock
|turn|10
|
|t:|1631765426
|move|p1a: Eternatus|Toxic|p2a: Arceus
|-status|p2a: Arceus|tox
|move|p2a: Arceus|Rock Tomb|p1a: Eternatus
|-damage|p1a: Eternatus|67/100
|-unboost|p1a: Eternatus|spe|1
|
|-damage|p2a: Arceus|88/100 tox|[from] psn
|upkeep
|turn|11
|
|t:|1631765431
|switch|p1a: Ho-Oh|Ho-Oh|100/100
|move|p2a: Arceus|Judgment|p1a: Ho-Oh
|-immune|p1a: Ho-Oh
|
|-damage|p2a: Arceus|76/100 tox|[from] psn
|upkeep
|turn|12
|
|t:|1631765438
|-start|p1a: Ho-Oh|Dynamax
|-heal|p1a: Ho-Oh|100/100|[silent]
|move|p2a: Arceus|Rock Tomb|p1a: Ho-Oh
|-supereffective|p1a: Ho-Oh
|-damage|p1a: Ho-Oh|79/100
|-unboost|p1a: Ho-Oh|spe|1
|move|p1a: Ho-Oh|Max Airstream|p2a: Arceus
|-damage|p2a: Arceus|35/100 tox
|-boost|p1a: Ho-Oh|spe|1
|
|-damage|p2a: Arceus|17/100 tox|[from] psn
|upkeep
|turn|13
|
|t:|1631765443
|move|p2a: Arceus|Rock Tomb|p1a: Ho-Oh
|-supereffective|p1a: Ho-Oh
|-damage|p1a: Ho-Oh|56/100
|-unboost|p1a: Ho-Oh|spe|1
|move|p1a: Ho-Oh|Max Airstream|p2a: Arceus
|-damage|p2a: Arceus|0 fnt
|-boost|p1a: Ho-Oh|spe|1
|faint|p2a: Arceus
|
|upkeep
|
|t:|1631765449
|switch|p2a: Yveltal|Yveltal|100/100
|-damage|p2a: Yveltal|76/100|[from] Stealth Rock
|-ability|p2a: Yveltal|Dark Aura
|turn|14
|
|t:|1631765453
|move|p2a: Yveltal|Sucker Punch|p1a: Ho-Oh
|-damage|p1a: Ho-Oh|41/100
|move|p1a: Ho-Oh|Max Airstream|p2a: Yveltal
|-damage|p2a: Yveltal|19/100
|-boost|p1a: Ho-Oh|spe|1
|
|-end|p1a: Ho-Oh|Dynamax
|-heal|p1a: Ho-Oh|41/100|[silent]
|upkeep
|turn|15
|
|t:|1631765457
|move|p1a: Ho-Oh|Roost|p1a: Ho-Oh
|-heal|p1a: Ho-Oh|91/100
|-singleturn|p1a: Ho-Oh|move: Roost
|move|p2a: Yveltal|Oblivion Wing|p1a: Ho-Oh
|-damage|p1a: Ho-Oh|69/100
|-heal|p2a: Yveltal|35/100|[from] drain|[of] p1a: Ho-Oh
|
|upkeep
|turn|16
|
|t:|1631765464
|move|p1a: Ho-Oh|Toxic|p2a: Yveltal|[miss]
|-miss|p1a: Ho-Oh|p2a: Yveltal
|move|p2a: Yveltal|Dark Pulse|p1a: Ho-Oh
|-crit|p1a: Ho-Oh
|-damage|p1a: Ho-Oh|19/100
|
|upkeep
|turn|17
|
|t:|1631765469
|move|p1a: Ho-Oh|Roost|p1a: Ho-Oh
|-heal|p1a: Ho-Oh|69/100
|-singleturn|p1a: Ho-Oh|move: Roost
|move|p2a: Yveltal|Oblivion Wing|p1a: Ho-Oh
|-damage|p1a: Ho-Oh|47/100
|-heal|p2a: Yveltal|51/100|[from] drain|[of] p1a: Ho-Oh
|
|upkeep
|turn|18
|
|t:|1631765472
|move|p1a: Ho-Oh|Toxic|p2a: Yveltal
|-status|p2a: Yveltal|tox
|move|p2a: Yveltal|Dark Pulse|p1a: Ho-Oh
|-damage|p1a: Ho-Oh|17/100
|
|-damage|p2a: Yveltal|45/100 tox|[from] psn
|upkeep
|turn|19
|
|t:|1631765474
|move|p1a: Ho-Oh|Roost|p1a: Ho-Oh
|-heal|p1a: Ho-Oh|67/100
|-singleturn|p1a: Ho-Oh|move: Roost
|move|p2a: Yveltal|Dark Pulse|p1a: Ho-Oh
|-damage|p1a: Ho-Oh|36/100
|
|-damage|p2a: Yveltal|33/100 tox|[from] psn
|upkeep
|turn|20
|
|t:|1631765476
|move|p2a: Yveltal|Sucker Punch||[still]
|-fail|p2a: Yveltal
|move|p1a: Ho-Oh|Roost|p1a: Ho-Oh
|-heal|p1a: Ho-Oh|86/100
|-singleturn|p1a: Ho-Oh|move: Roost
|
|-damage|p2a: Yveltal|14/100 tox|[from] psn
|upkeep
|turn|21
|-message|MiguelRRM forfeited.
|
|win|F.A.M.E.246 2nd
|raw|F.A.M.E.246 2nd's rating: 1581 &rarr; <strong>1613</strong><br />(+32 for winning)
|raw|MiguelRRM's rating: 1830 &rarr; <strong>1798</strong><br />(-32 for losing)
|l|☆MiguelRRM
|c|☆F.A.M.E.246 2nd|gg
|l|☆F.A.M.E.246 2nd
|j|☆F.A.M.E.246 2nd
|player|p1|F.A.M.E.246 2nd|lucas
