|j|☆TwTv Bepersch
|j|☆Ronron0901
|t:|1665683732
|gametype|singles
|player|p1|TwTv Bepersch|marnie|1523
|player|p2|Ronron0901|lucas|1696
|teamsize|p1|6
|teamsize|p2|6
|gen|8
|tier|[Gen 8] National Dex AG
|rated|
|rule|HP Percentage Mod: HP is shown in percentages
|rule|Endless Battle Clause: Forcing endless battles is banned
|clearpoke
|poke|p1|Yveltal|
|poke|p1|Deoxys-Speed|
|poke|p1|Zacian-*|
|poke|p1|Eternatus|
|poke|p1|Ditto|
|poke|p1|Calyrex-Shadow|
|poke|p2|Cinderace, F|
|poke|p2|Ferrothorn, M|
|poke|p2|Toxapex, F|
|poke|p2|Landorus-Therian, M|
|poke|p2|Zacian-*|
|poke|p2|Ditto|
|teampreview
|
|t:|1665683752
|start
|switch|p1a: Deoxys|Deoxys-Speed|100/100
|switch|p2a: Ferrothorn|Ferrothorn, M|100/100
|-ability|p1a: Deoxys|Pressure
|turn|1
|
|t:|1665683760
|move|p1a: Deoxys|Taunt|p2a: Ferrothorn
|-start|p2a: Ferrothorn|move: Taunt
|move|p2a: Ferrothorn|Gyro Ball|p1a: Deoxys
|-damage|p1a: Deoxys|37/100
|
|upkeep
|turn|2
|
|t:|1665683766
|move|p1a: Deoxys|Stealth Rock|p2a: Ferrothorn
|-sidestart|p2: Ronron0901|move: Stealth Rock
|move|p2a: Ferrothorn|Gyro Ball|p1a: Deoxys
|-damage|p1a: Deoxys|0 fnt
|faint|p1a: Deoxys
|
|upkeep
|
|t:|1665683769
|switch|p1a: Yveltal|Yveltal|100/100
|-ability|p1a: Yveltal|Dark Aura
|turn|3
|
|t:|1665683782
|switch|p2a: Toxapex|Toxapex, F|100/100
|-damage|p2a: Toxapex|88/100|[from] Stealth Rock
|move|p1a: Yveltal|Heat Wave|p2a: Toxapex
|-resisted|p2a: Toxapex
|-damage|p2a: Toxapex|70/100
|-damage|p1a: Yveltal|91/100|[from] item: Life Orb
|
|-heal|p2a: Toxapex|76/100|[from] item: Black Sludge
|upkeep
|turn|4
|
|t:|1665683793
|move|p2a: Toxapex|Baneful Bunker|p2a: Toxapex
|-singleturn|p2a: Toxapex|move: Protect
|move|p1a: Yveltal|Dark Pulse|p2a: Toxapex
|-activate|p2a: Toxapex|move: Protect
|
|-heal|p2a: Toxapex|82/100|[from] item: Black Sludge
|upkeep
|turn|5
|
|t:|1665683801
|move|p1a: Yveltal|Dark Pulse|p2a: Toxapex
|-crit|p2a: Toxapex
|-damage|p2a: Toxapex|0 fnt
|faint|p2a: Toxapex
|-damage|p1a: Yveltal|81/100|[from] item: Life Orb
|
|upkeep
|
|t:|1665683808
|switch|p2a: Landorus|Landorus-Therian, M|100/100
|-damage|p2a: Landorus|88/100|[from] Stealth Rock
|-ability|p2a: Landorus|Intimidate|boost
|-unboost|p1a: Yveltal|atk|1
|turn|6
|
|t:|1665683816
|-start|p2a: Landorus|Dynamax|
|-heal|p2a: Landorus|88/100|[silent]
|move|p1a: Yveltal|Dark Pulse|p2a: Landorus
|-damage|p2a: Landorus|45/100
|-damage|p1a: Yveltal|71/100|[from] item: Life Orb
|move|p2a: Landorus|Max Rockfall|p1a: Yveltal
|-supereffective|p1a: Yveltal
|-damage|p1a: Yveltal|0 fnt
|-weather|Sandstorm
|faint|p1a: Yveltal
|
|-weather|Sandstorm|[upkeep]
|upkeep
|
|t:|1665683822
|switch|p1a: Eternatus|Eternatus|100/100
|-ability|p1a: Eternatus|Pressure
|turn|7
|
|t:|1665683842
|-end|p2a: Landorus|Dynamax
|-heal|p2a: Landorus|46/100|[silent]
|switch|p2a: Ferrothorn|Ferrothorn, M|100/100
|-damage|p2a: Ferrothorn|94/100|[from] Stealth Rock
|move|p1a: Eternatus|Dynamax Cannon|p2a: Ferrothorn
|-resisted|p2a: Ferrothorn
|-crit|p2a: Ferrothorn
|-damage|p2a: Ferrothorn|62/100
|-damage|p1a: Eternatus|91/100|[from] item: Life Orb
|
|-weather|Sandstorm|[upkeep]
|-damage|p1a: Eternatus|84/100|[from] Sandstorm
|-heal|p2a: Ferrothorn|68/100|[from] item: Leftovers
|upkeep
|turn|8
|
|t:|1665683857
|move|p1a: Eternatus|Flamethrower|p2a: Ferrothorn
|-supereffective|p2a: Ferrothorn
|-damage|p2a: Ferrothorn|0 fnt
|faint|p2a: Ferrothorn
|-damage|p1a: Eternatus|74/100|[from] item: Life Orb
|
|-weather|Sandstorm|[upkeep]
|-damage|p1a: Eternatus|68/100|[from] Sandstorm
|upkeep
|
|t:|1665683866
|switch|p2a: Zacian|Zacian-Crowned|100/100
|-damage|p2a: Zacian|94/100|[from] Stealth Rock
|-ability|p2a: Zacian|Intrepid Sword|boost
|-boost|p2a: Zacian|atk|1
|turn|9
|
|t:|1665683872
|move|p2a: Zacian|Play Rough|p1a: Eternatus
|-damage|p1a: Eternatus|0 fnt
|faint|p1a: Eternatus
|
|-weather|Sandstorm|[upkeep]
|upkeep
|
|t:|1665683878
|switch|p1a: Ditto|Ditto|100/100
|-transform|p1a: Ditto|p2a: Zacian|[from] ability: Imposter
|-ability|p1a: Ditto|Intrepid Sword|boost
|-boost|p1a: Ditto|atk|1
|turn|10
|
|t:|1665683909
|switch|p2a: Landorus|Landorus-Therian, M|46/100
|-damage|p2a: Landorus|33/100|[from] Stealth Rock
|-ability|p2a: Landorus|Intimidate|boost
|-unboost|p1a: Ditto|atk|1
|move|p1a: Ditto|Behemoth Blade|p2a: Landorus
|-damage|p2a: Landorus|0 fnt
|faint|p2a: Landorus
|
|-weather|none
|upkeep
|
|t:|1665683925
|switch|p2a: Cinderace|Cinderace, F|100/100
|-damage|p2a: Cinderace|75/100|[from] Stealth Rock
|turn|11
|
|t:|1665683930
|move|p2a: Cinderace|Sucker Punch|p1a: Ditto
|-start|p2a: Cinderace|typechange|Dark|[from] ability: Libero
|-resisted|p1a: Ditto
|-damage|p1a: Ditto|87/100
|move|p1a: Ditto|Behemoth Blade|p2a: Cinderace
|-damage|p2a: Cinderace|0 fnt
|faint|p2a: Cinderace
|
|upkeep
|
|t:|1665683940
|switch|p2a: Zacian|Zacian-Crowned|94/100
|-damage|p2a: Zacian|88/100|[from] Stealth Rock
|-ability|p2a: Zacian|Intrepid Sword|boost
|-boost|p2a: Zacian|atk|1
|turn|12
|
|t:|1665683946
|switch|p1a: Zacian|Zacian-Crowned|100/100
|-ability|p1a: Zacian|Intrepid Sword|boost
|-boost|p1a: Zacian|atk|1
|move|p2a: Zacian|Behemoth Blade|p1a: Zacian
|-damage|p1a: Zacian|14/100
|
|upkeep
|turn|13
|
|t:|1665683954
|move|p2a: Zacian|Behemoth Blade|p1a: Zacian
|-damage|p1a: Zacian|0 fnt
|faint|p1a: Zacian
|
|upkeep
|
|t:|1665683956
|switch|p1a: Ditto|Ditto|87/100
|-transform|p1a: Ditto|p2a: Zacian|[from] ability: Imposter
|-ability|p1a: Ditto|Intrepid Sword|boost
|-boost|p1a: Ditto|atk|1
|turn|14
|
|t:|1665683977
|move|p1a: Ditto|Behemoth Blade|p2a: Zacian
|-damage|p2a: Zacian|0 fnt
|faint|p2a: Zacian
|
|upkeep
|
|t:|1665683983
|switch|p2a: Ditto|Ditto|100/100
|-damage|p2a: Ditto|88/100|[from] Stealth Rock
|turn|15
|
|t:|1665683988
|move|p1a: Ditto|Behemoth Blade|p2a: Ditto
|-damage|p2a: Ditto|0 fnt
|faint|p2a: Ditto
|
|win|TwTv Bepersch
|raw|TwTv Bepersch's rating: 1523 &rarr; <strong>1552</strong><br />(+29 for winning)
|raw|Ronron0901's rating: 1696 &rarr; <strong>1667</strong><br />(-29 for losing)
|l|☆Ronron0901
||Ladder isn't responding, score probably updated but might not have (Request timeout).
