|j|☆Dum de dum deeeee
|j|☆TwentyTwan
|player|p1|Dum de dum deeeee|pokemonbreeder-gen4|1138
|player|p2|TwentyTwan|2|1053
|teamsize|p1|6
|teamsize|p2|6
|gametype|singles
|gen|8
|tier|[Gen 8] National Dex AG
|rated|
|clearpoke
|poke|p1|Gardevoir, F|
|poke|p1|Corsola-Galar, F|
|poke|p1|Chansey, F|
|poke|p1|Heatran, M|
|poke|p1|Corviknight, M|
|poke|p1|Gengar, M|
|poke|p2|Tyranitar, F|
|poke|p2|Magnezone|
|poke|p2|Amoonguss, M|
|poke|p2|Kartana|
|poke|p2|Coalossal, F|
|poke|p2|Crobat, F|
|rule|HP Percentage Mod: HP is shown in percentages
|rule|Endless Battle Clause: Forcing endless battles is banned
|teampreview
|
|start
|switch|p1a: Oven|Heatran, M|100/100
|switch|p2a: BurningPile|Coalossal, F|100/100
|-item|p1a: Oven|Air Balloon
|turn|1
|
|move|p1a: Oven|Earth Power|p2a: BurningPile
|-supereffective|p2a: BurningPile
|-damage|p2a: BurningPile|33/100
|move|p2a: BurningPile|Stealth Rock|p1a: Oven
|-sidestart|p1: Dum de dum deeeee|move: Stealth Rock
|
|-heal|p2a: BurningPile|39/100|[from] item: Leftovers
|upkeep
|turn|2
|
|switch|p2a: Cave nightmare|Crobat, F|100/100
|move|p1a: Oven|Stealth Rock|p2a: Cave nightmare
|-sidestart|p2: TwentyTwan|move: Stealth Rock
|
|upkeep
|turn|3
|
|switch|p1a: Nightingale|Corviknight, M|100/100
|-damage|p1a: Nightingale|88/100|[from] Stealth Rock
|-ability|p1a: Nightingale|Pressure
|move|p2a: Cave nightmare|Brave Bird|p1a: Nightingale
|-resisted|p1a: Nightingale
|-damage|p1a: Nightingale|66/100
|-damage|p2a: Cave nightmare|84/100|[from] item: Rocky Helmet|[of] p1a: Nightingale
|-damage|p2a: Cave nightmare|75/100|[from] Recoil
|
|upkeep
|turn|4
|
|switch|p2a: Spored?|Amoonguss, M, shiny|100/100
|-damage|p2a: Spored?|88/100|[from] Stealth Rock
|switch|p1a: Oven|Heatran, M|100/100
|-damage|p1a: Oven|88/100|[from] Stealth Rock
|-item|p1a: Oven|Air Balloon
|
|-heal|p2a: Spored?|94/100|[from] item: Black Sludge
|upkeep
|turn|5
|
|move|p1a: Oven|Earth Power|p2a: Spored?
|-damage|p2a: Spored?|74/100
|move|p2a: Spored?|Spore|p1a: Oven
|-status|p1a: Oven|slp|[from] move: Spore
|
|-heal|p2a: Spored?|80/100|[from] item: Black Sludge
|upkeep
|turn|6
|
|cant|p1a: Oven|slp
|move|p2a: Spored?|Sludge Bomb|p1a: Oven
|-immune|p1a: Oven
|
|-heal|p2a: Spored?|86/100|[from] item: Black Sludge
|upkeep
|turn|7
|
|switch|p1a: Nightingale|Corviknight, M|66/100
|-damage|p1a: Nightingale|54/100|[from] Stealth Rock
|-ability|p1a: Nightingale|Pressure
|switch|p2a: Paperman|Kartana|100/100
|-damage|p2a: Paperman|94/100|[from] Stealth Rock
|
|upkeep
|turn|8
|
|move|p2a: Paperman|Knock Off|p1a: Nightingale
|-damage|p1a: Nightingale|26/100
|-damage|p2a: Paperman|78/100|[from] item: Rocky Helmet|[of] p1a: Nightingale
|-enditem|p1a: Nightingale|Rocky Helmet|[from] move: Knock Off|[of] p2a: Paperman
|move|p1a: Nightingale|Roost|p1a: Nightingale
|-heal|p1a: Nightingale|76/100
|-singleturn|p1a: Nightingale|move: Roost
|
|upkeep
|turn|9
|
|move|p2a: Paperman|Knock Off|p1a: Nightingale
|-damage|p1a: Nightingale|59/100
|move|p1a: Nightingale|Taunt|p2a: Paperman
|-start|p2a: Paperman|move: Taunt
|
|upkeep
|turn|10
|
|switch|p2a: Steelbait|Magnezone|100/100
|-damage|p2a: Steelbait|94/100|[from] Stealth Rock
|move|p1a: Nightingale|Roost|p1a: Nightingale
|-heal|p1a: Nightingale|100/100
|-singleturn|p1a: Nightingale|move: Roost
|
|upkeep
|turn|11
|
|move|p2a: Steelbait|Thunderbolt|p1a: Nightingale
|-supereffective|p1a: Nightingale
|-damage|p1a: Nightingale|0 fnt
|faint|p1a: Nightingale
|
|upkeep
|
|switch|p1a: Oven|Heatran, M|88/100 slp
|-damage|p1a: Oven|76/100 slp|[from] Stealth Rock
|-item|p1a: Oven|Air Balloon
|turn|12
|
|cant|p1a: Oven|slp
|move|p2a: Steelbait|Thunderbolt|p1a: Oven
|-crit|p1a: Oven
|-damage|p1a: Oven|0 fnt
|-enditem|p1a: Oven|Air Balloon
|faint|p1a: Oven
|
|upkeep
|
|switch|p1a: Tofu|Chansey, F|100/100
|-damage|p1a: Tofu|88/100|[from] Stealth Rock
|turn|13
|
|move|p2a: Steelbait|Thunderbolt|p1a: Tofu
|-damage|p1a: Tofu|64/100
|move|p1a: Tofu|Seismic Toss|p2a: Steelbait
|-damage|p2a: Steelbait|59/100
|
|upkeep
|turn|14
|
|move|p2a: Steelbait|Thunderbolt|p1a: Tofu
|-damage|p1a: Tofu|39/100
|move|p1a: Tofu|Soft-Boiled|p1a: Tofu
|-heal|p1a: Tofu|89/100
|
|upkeep
|turn|15
|
|move|p2a: Steelbait|Thunderbolt|p1a: Tofu
|-damage|p1a: Tofu|66/100
|move|p1a: Tofu|Seismic Toss|p2a: Steelbait
|-damage|p2a: Steelbait|24/100
|
|upkeep
|turn|16
|
|move|p2a: Steelbait|Thunderbolt|p1a: Tofu
|-damage|p1a: Tofu|43/100
|move|p1a: Tofu|Seismic Toss|p2a: Steelbait
|-damage|p2a: Steelbait|0 fnt
|faint|p2a: Steelbait
|
|upkeep
|
|switch|p2a: Paperman|Kartana|78/100
|-damage|p2a: Paperman|72/100|[from] Stealth Rock
|turn|17
|
|move|p2a: Paperman|Sacred Sword|p1a: Tofu
|-supereffective|p1a: Tofu
|-damage|p1a: Tofu|0 fnt
|faint|p1a: Tofu
|-ability|p2a: Paperman|Beast Boost|boost
|-boost|p2a: Paperman|atk|1
|
|upkeep
|
|switch|p1a: Buro|Corsola-Galar, F|100/100
|-damage|p1a: Buro|88/100|[from] Stealth Rock
|turn|18
|
|switch|p2a: Spored?|Amoonguss, M, shiny|100/100
|-damage|p2a: Spored?|88/100|[from] Stealth Rock
|move|p1a: Buro|Will-O-Wisp|p2a: Spored?
|-status|p2a: Spored?|brn
|
|-heal|p2a: Spored?|94/100 brn|[from] item: Black Sludge
|-damage|p2a: Spored?|88/100 brn|[from] brn
|upkeep
|turn|19
|
|switch|p1a: Blitzo|Gengar, M|100/100
|-damage|p1a: Blitzo|88/100|[from] Stealth Rock
|move|p2a: Spored?|Spore|p1a: Blitzo
|-status|p1a: Blitzo|slp|[from] move: Spore
|
|-heal|p2a: Spored?|94/100 brn|[from] item: Black Sludge
|-damage|p2a: Spored?|88/100 brn|[from] brn
|upkeep
|turn|20
|
|cant|p1a: Blitzo|slp
|move|p2a: Spored?|Giga Drain|p1a: Blitzo
|-resisted|p1a: Blitzo
|-damage|p1a: Blitzo|69/100 slp
|-heal|p2a: Spored?|94/100 brn|[from] drain|[of] p1a: Blitzo
|-start|p2a: Spored?|Disable|Giga Drain|[from] ability: Cursed Body|[of] p1a: Blitzo
|
|-heal|p2a: Spored?|99/100 brn|[from] item: Black Sludge
|-damage|p2a: Spored?|94/100 brn|[from] brn
|upkeep
|turn|21
|
|switch|p2a: Paperman|Kartana|72/100
|-damage|p2a: Paperman|65/100|[from] Stealth Rock
|cant|p1a: Blitzo|slp
|
|upkeep
|turn|22
|
|move|p2a: Paperman|Knock Off|p1a: Blitzo
|-supereffective|p1a: Blitzo
|-damage|p1a: Blitzo|0 fnt
|-enditem|p1a: Blitzo|Focus Sash|[from] move: Knock Off|[of] p2a: Paperman
|faint|p1a: Blitzo
|-ability|p2a: Paperman|Beast Boost|boost
|-boost|p2a: Paperman|atk|1
|
|upkeep
|
|switch|p1a: Buro|Corsola-Galar, F|88/100
|-damage|p1a: Buro|76/100|[from] Stealth Rock
|turn|23
|
|move|p2a: Paperman|Knock Off|p1a: Buro
|-supereffective|p1a: Buro
|-damage|p1a: Buro|2/100
|-enditem|p1a: Buro|Eviolite|[from] move: Knock Off|[of] p2a: Paperman
|move|p1a: Buro|Strength Sap|p2a: Paperman
|-unboost|p2a: Paperman|atk|1
|-heal|p1a: Buro|100/100
|
|upkeep
|turn|24
|
|move|p2a: Paperman|Knock Off|p1a: Buro
|-supereffective|p1a: Buro
|-damage|p1a: Buro|52/100
|move|p1a: Buro|Will-O-Wisp|p2a: Paperman
|-status|p2a: Paperman|brn
|
|-damage|p2a: Paperman|59/100 brn|[from] brn
|upkeep
|turn|25
|
|switch|p2a: Spored?|Amoonguss, M, shiny|100/100 brn
|-damage|p2a: Spored?|88/100 brn|[from] Stealth Rock
|move|p1a: Buro|Strength Sap|p2a: Spored?
|-unboost|p2a: Spored?|atk|1
|-heal|p1a: Buro|100/100
|
|-heal|p2a: Spored?|94/100 brn|[from] item: Black Sludge
|-damage|p2a: Spored?|88/100 brn|[from] brn
|upkeep
|turn|26
|
|move|p1a: Buro|Night Shade|p2a: Spored?
|-damage|p2a: Spored?|65/100 brn
|move|p2a: Spored?|Spore|p1a: Buro
|-status|p1a: Buro|slp|[from] move: Spore
|
|-heal|p2a: Spored?|71/100 brn|[from] item: Black Sludge
|-damage|p2a: Spored?|65/100 brn|[from] brn
|upkeep
|turn|27
|
|switch|p2a: Mr T-Tar|Tyranitar, F, shiny|100/100
|-damage|p2a: Mr T-Tar|88/100|[from] Stealth Rock
|-weather|Sandstorm|[from] ability: Sand Stream|[of] p2a: Mr T-Tar
|cant|p1a: Buro|slp
|
|-weather|Sandstorm|[upkeep]
|-damage|p1a: Buro|94/100 slp|[from] Sandstorm
|upkeep
|turn|28
|
|detailschange|p2a: Mr T-Tar|Tyranitar-Mega, F, shiny
|-mega|p2a: Mr T-Tar|Tyranitar|Tyranitarite
|move|p2a: Mr T-Tar|Dragon Dance|p2a: Mr T-Tar
|-boost|p2a: Mr T-Tar|atk|1
|-boost|p2a: Mr T-Tar|spe|1
|cant|p1a: Buro|slp
|
|-weather|Sandstorm|[upkeep]
|-damage|p1a: Buro|88/100 slp|[from] Sandstorm
|upkeep
|turn|29
|
|move|p2a: Mr T-Tar|Fire Punch|p1a: Buro
|-damage|p1a: Buro|49/100 slp
|-curestatus|p1a: Buro|slp|[msg]
|move|p1a: Buro|Haze|p1a: Buro
|-clearallboost
|
|-weather|Sandstorm|[upkeep]
|-damage|p1a: Buro|43/100|[from] Sandstorm
|upkeep
|turn|30
|
|move|p2a: Mr T-Tar|Ice Punch|p1a: Buro
|-damage|p1a: Buro|18/100
|move|p1a: Buro|Strength Sap|p2a: Mr T-Tar
|-unboost|p2a: Mr T-Tar|atk|1
|-heal|p1a: Buro|100/100
|
|-weather|Sandstorm|[upkeep]
|-damage|p1a: Buro|94/100|[from] Sandstorm
|upkeep
|turn|31
|
|switch|p2a: Paperman|Kartana|59/100 brn
|-damage|p2a: Paperman|53/100 brn|[from] Stealth Rock
|move|p1a: Buro|Will-O-Wisp|p2a: Paperman
|-fail|p2a: Paperman|brn
|
|-weather|none
|-damage|p2a: Paperman|47/100 brn|[from] brn
|upkeep
|turn|32
|
|switch|p2a: Spored?|Amoonguss, M, shiny|98/100 brn
|-damage|p2a: Spored?|86/100 brn|[from] Stealth Rock
|move|p1a: Buro|Strength Sap|p2a: Spored?
|-unboost|p2a: Spored?|atk|1
|-heal|p1a: Buro|100/100
|
|-heal|p2a: Spored?|92/100 brn|[from] item: Black Sludge
|-damage|p2a: Spored?|86/100 brn|[from] brn
|upkeep
|turn|33
|
|move|p1a: Buro|Night Shade|p2a: Spored?
|-damage|p2a: Spored?|63/100 brn
|move|p2a: Spored?|Spore|p1a: Buro
|-status|p1a: Buro|slp|[from] move: Spore
|
|-heal|p2a: Spored?|69/100 brn|[from] item: Black Sludge
|-damage|p2a: Spored?|63/100 brn|[from] brn
|upkeep
|turn|34
|
|cant|p1a: Buro|slp
|move|p2a: Spored?|Sludge Bomb|p1a: Buro
|-resisted|p1a: Buro
|-damage|p1a: Buro|88/100 slp
|
|-heal|p2a: Spored?|69/100 brn|[from] item: Black Sludge
|-damage|p2a: Spored?|63/100 brn|[from] brn
|upkeep
|turn|35
|
|switch|p2a: Cave nightmare|Crobat, F|75/100
|-damage|p2a: Cave nightmare|50/100|[from] Stealth Rock
|cant|p1a: Buro|slp
|
|upkeep
|turn|36
|
|move|p2a: Cave nightmare|Brave Bird|p1a: Buro
|-damage|p1a: Buro|25/100 slp
|-damage|p2a: Cave nightmare|28/100|[from] Recoil
|-curestatus|p1a: Buro|slp|[msg]
|move|p1a: Buro|Night Shade|p2a: Cave nightmare
|-damage|p2a: Cave nightmare|0 fnt
|faint|p2a: Cave nightmare
|
|upkeep
|
|switch|p2a: Paperman|Kartana|47/100 brn
|-damage|p2a: Paperman|41/100 brn|[from] Stealth Rock
|turn|37
|
|move|p2a: Paperman|Knock Off|p1a: Buro
|-supereffective|p1a: Buro
|-damage|p1a: Buro|0 fnt
|-start|p2a: Paperman|Disable|Knock Off|[from] ability: Cursed Body|[of] p1a: Buro
|faint|p1a: Buro
|-ability|p2a: Paperman|Beast Boost|boost
|-boost|p2a: Paperman|atk|1
|
|-damage|p2a: Paperman|34/100 brn|[from] brn
|upkeep
|
|switch|p1a: Rumi|Gardevoir, F, shiny|100/100
|-damage|p1a: Rumi|88/100|[from] Stealth Rock
|-ability|p1a: Rumi|Beast Boost|[from] ability: Trace|[of] p2a: Paperman
|turn|38
|
|detailschange|p1a: Rumi|Gardevoir-Mega, F, shiny
|-mega|p1a: Rumi|Gardevoir|Gardevoirite
|-activate|p2a: Paperman|move: Struggle
|move|p2a: Paperman|Struggle|p1a: Rumi
|-damage|p1a: Rumi|61/100
|-damage|p2a: Paperman|9/100 brn|[from] recoil
|move|p1a: Rumi|Calm Mind|p1a: Rumi
|-boost|p1a: Rumi|spa|1
|-boost|p1a: Rumi|spd|1
|
|-damage|p2a: Paperman|3/100 brn|[from] brn
|upkeep
|turn|39
|
|-activate|p2a: Paperman|move: Struggle
|move|p2a: Paperman|Struggle|p1a: Rumi
|-damage|p1a: Rumi|32/100
|-damage|p2a: Paperman|0 fnt|[from] recoil
|faint|p2a: Paperman
|move|p1a: Rumi|Calm Mind|p1a: Rumi
|-boost|p1a: Rumi|spa|1
|-boost|p1a: Rumi|spd|1
|
|upkeep
|
|switch|p2a: Spored?|Amoonguss, M, shiny|96/100 brn
|-damage|p2a: Spored?|84/100 brn|[from] Stealth Rock
|turn|40
|
|move|p1a: Rumi|Psyshock|p2a: Spored?
|-supereffective|p2a: Spored?
|-damage|p2a: Spored?|0 fnt
|faint|p2a: Spored?
|
|upkeep
|
|switch|p2a: Mr T-Tar|Tyranitar-Mega, F, shiny|88/100
|-damage|p2a: Mr T-Tar|76/100|[from] Stealth Rock
|-weather|Sandstorm|[from] ability: Sand Stream|[of] p2a: Mr T-Tar
|turn|41
|
|move|p1a: Rumi|Hyper Voice|p2a: Mr T-Tar
|-supereffective|p2a: Mr T-Tar
|-damage|p2a: Mr T-Tar|0 fnt
|faint|p2a: Mr T-Tar
|
|-weather|Sandstorm|[upkeep]
|-damage|p1a: Rumi|26/100|[from] Sandstorm
|upkeep
|
|switch|p2a: BurningPile|Coalossal, F|39/100
|-damage|p2a: BurningPile|14/100|[from] Stealth Rock
|turn|42
|c|☆Dum de dum deeeee|Close call lol
|
|move|p1a: Rumi|Psyshock|p2a: BurningPile
|-damage|p2a: BurningPile|0 fnt
|faint|p2a: BurningPile
|
|win|Dum de dum deeeee
|c|☆TwentyTwan|Yap
|c|☆Dum de dum deeeee|Gg man
|c|☆Dum de dum deeeee|Nice team
|c|☆TwentyTwan|Knew I coudlnt win when cursed body went in
|c|☆TwentyTwan|GG
|c|☆TwentyTwan|Thansk its for a draft
|c|☆Dum de dum deeeee|Itll do well
|c|☆TwentyTwan|I hope so I hope so
|c|☆Dum de dum deeeee|G luck
|c|☆TwentyTwan|U2
|l|☆TwentyTwan
