|j|☆King Wawah
|j|‽Flynn Watson
|t:|1652352287
|gametype|singles
|player|p1|King Wawah|dragontamer|1715
|player|p2|Flynn Watson|guitarist|1640
|teamsize|p1|6
|teamsize|p2|6
|gen|8
|tier|[Gen 8] National Dex AG
|rated|
|rule|HP Percentage Mod: HP is shown in percentages
|rule|Endless Battle Clause: Forcing endless battles is banned
|clearpoke
|poke|p1|Smeargle, F|
|poke|p1|Rayquaza|
|poke|p1|Yveltal|
|poke|p1|Calyrex-Shadow|
|poke|p1|Ditto|
|poke|p1|Groudon|
|poke|p2|Arceus-*|
|poke|p2|Rayquaza|
|poke|p2|Eternatus|
|poke|p2|Arceus-*|
|poke|p2|Arceus-*|
|poke|p2|Necrozma-Dusk-Mane|
|teampreview
|inactive|Battle timer is ON: inactive players will automatically lose when time's up. (requested by King Wawah)
|j| weird sweep
|c| weird sweep|smeargle :///
|
|t:|1652352309
|start
|switch|p1a: Smeargle|Smeargle, F|100/100
|switch|p2a: Rayquaza|Rayquaza|100/100
|-ability|p2a: Rayquaza|Air Lock
|turn|1
|
|t:|1652352314
|switch|p1a: Groudon|Groudon|100/100
|detailschange|p1a: Groudon|Groudon-Primal
|-primal|p1a: Groudon
|-weather|DesolateLand|[from] ability: Desolate Land|[of] p1a: Groudon
|detailschange|p2a: Rayquaza|Rayquaza-Mega
|-mega|p2a: Rayquaza|Rayquaza|
|-weather|DeltaStream|[from] ability: Delta Stream|[of] p2a: Rayquaza
|move|p2a: Rayquaza|Extreme Speed|p1a: Groudon
|-damage|p1a: Groudon|76/100
|-damage|p2a: Rayquaza|91/100|[from] item: Life Orb
|
|-weather|DeltaStream|[upkeep]
|upkeep
|turn|2
|j| rahull
|c| weird sweep|everyone know what gonna happends
|
|t:|1652352320
|move|p2a: Rayquaza|Dragon Ascent|p1a: Groudon
|-damage|p1a: Groudon|26/100
|-unboost|p2a: Rayquaza|def|1
|-unboost|p2a: Rayquaza|spd|1
|-damage|p2a: Rayquaza|81/100|[from] item: Life Orb
|move|p1a: Groudon|Thunder Wave|p2a: Rayquaza|[miss]
|-miss|p1a: Groudon|p2a: Rayquaza
|
|-weather|DeltaStream|[upkeep]
|upkeep
|turn|3
|
|t:|1652352324
|move|p2a: Rayquaza|Dragon Ascent|p1a: Groudon
|-damage|p1a: Groudon|0 fnt
|-unboost|p2a: Rayquaza|def|1
|-unboost|p2a: Rayquaza|spd|1
|faint|p1a: Groudon
|-damage|p2a: Rayquaza|71/100|[from] item: Life Orb
|
|-weather|DeltaStream|[upkeep]
|upkeep
|
|t:|1652352327
|switch|p1a: Smeargle|Smeargle, F|100/100
|turn|4
|
|t:|1652352332
|move|p2a: Rayquaza|Dragon Ascent|p1a: Smeargle
|-enditem|p1a: Smeargle|Focus Sash
|-damage|p1a: Smeargle|1/100
|-unboost|p2a: Rayquaza|def|1
|-unboost|p2a: Rayquaza|spd|1
|-damage|p2a: Rayquaza|61/100|[from] item: Life Orb
|move|p1a: Smeargle|Spore|p2a: Rayquaza
|-status|p2a: Rayquaza|slp|[from] move: Spore
|
|-weather|DeltaStream|[upkeep]
|-ability|p1a: Smeargle|Moody|boost
|-boost|p1a: Smeargle|spd|2
|-unboost|p1a: Smeargle|def|1
|upkeep
|turn|5
|c| weird sweep|btuh
|
|t:|1652352336
|cant|p2a: Rayquaza|slp
|move|p1a: Smeargle|Sticky Web|p2a: Rayquaza
|-sidestart|p2: Flynn Watson|move: Sticky Web
|
|-weather|DeltaStream|[upkeep]
|-ability|p1a: Smeargle|Moody|boost
|-boost|p1a: Smeargle|atk|2
|-unboost|p1a: Smeargle|def|1
|upkeep
|turn|6
|c| weird sweep|bruh
|c| weird sweep|90% accuracy
|
|t:|1652352349
|-curestatus|p2a: Rayquaza|slp|[msg]
|move|p2a: Rayquaza|Dragon Ascent|p1a: Smeargle
|-damage|p1a: Smeargle|0 fnt
|-unboost|p2a: Rayquaza|def|1
|-unboost|p2a: Rayquaza|spd|1
|faint|p1a: Smeargle
|-damage|p2a: Rayquaza|51/100|[from] item: Life Orb
|
|-weather|DeltaStream|[upkeep]
|upkeep
|
|t:|1652352352
|switch|p1a: Calyrex|Calyrex-Shadow|100/100
|-ability|p1a: Calyrex|As One
|-ability|p1a: Calyrex|Unnerve
|turn|7
|
|t:|1652352357
|-weather|none
|switch|p2a: Arceus|Arceus-Dark|100/100
|-activate|p2a: Arceus|move: Sticky Web
|-unboost|p2a: Arceus|spe|1
|move|p1a: Calyrex|Astral Barrage|p2a: Arceus
|-resisted|p2a: Arceus
|-damage|p2a: Arceus|74/100
|
|upkeep
|turn|8
|
|t:|1652352360
|move|p1a: Calyrex|Baton Pass|p1a: Calyrex
|
|t:|1652352361
|switch|p1a: Yveltal|Yveltal|100/100|[from]move: Baton Pass
|-ability|p1a: Yveltal|Dark Aura
|move|p2a: Arceus|Recover|p2a: Arceus
|-heal|p2a: Arceus|100/100
|
|upkeep
|turn|9
|
|t:|1652352366
|move|p1a: Yveltal|Taunt|p2a: Arceus
|-start|p2a: Arceus|move: Taunt
|cant|p2a: Arceus|move: Taunt|Calm Mind
|
|upkeep
|turn|10
|
|t:|1652352371
|switch|p2a: Arceus|Arceus-Electric|100/100
|-activate|p2a: Arceus|move: Sticky Web
|-unboost|p2a: Arceus|spe|1
|-start|p1a: Yveltal|Dynamax|
|-heal|p1a: Yveltal|100/100|[silent]
|move|p1a: Yveltal|Max Airstream|p2a: Arceus
|-resisted|p2a: Arceus
|-damage|p2a: Arceus|66/100
|-boost|p1a: Yveltal|spe|1
|-damage|p1a: Yveltal|96/100|[from] item: Life Orb
|
|upkeep
|turn|11
|
|t:|1652352375
|switch|p2a: Arceus|Arceus-Dark|100/100
|-activate|p2a: Arceus|move: Sticky Web
|-unboost|p2a: Arceus|spe|1
|move|p1a: Yveltal|Max Darkness|p2a: Arceus
|-resisted|p2a: Arceus
|-damage|p2a: Arceus|58/100
|-unboost|p2a: Arceus|spd|1
|-damage|p1a: Yveltal|91/100|[from] item: Life Orb
|
|upkeep
|turn|12
|
|t:|1652352384
|move|p1a: Yveltal|Max Airstream|p2a: Arceus
|-damage|p2a: Arceus|0 fnt
|-boost|p1a: Yveltal|spe|1
|faint|p2a: Arceus
|-damage|p1a: Yveltal|86/100|[from] item: Life Orb
|
|upkeep
|
|t:|1652352388
|switch|p2a: Eternatus|Eternatus|100/100
|-activate|p2a: Eternatus|move: Sticky Web
|-unboost|p2a: Eternatus|spe|1
|-ability|p2a: Eternatus|Pressure
|-end|p1a: Yveltal|Dynamax
|-heal|p1a: Yveltal|86/100|[silent]
|turn|13
|
|t:|1652352393
|move|p1a: Yveltal|Dark Pulse|p2a: Eternatus
|-damage|p2a: Eternatus|59/100
|-damage|p1a: Yveltal|76/100|[from] item: Life Orb
|move|p2a: Eternatus|Mystical Fire|p1a: Yveltal
|-damage|p1a: Yveltal|54/100
|-unboost|p1a: Yveltal|spa|1
|
|-heal|p2a: Eternatus|65/100|[from] item: Black Sludge
|upkeep
|turn|14
|
|t:|1652352400
|move|p1a: Yveltal|Oblivion Wing|p2a: Eternatus
|-damage|p2a: Eternatus|48/100
|-heal|p1a: Yveltal|70/100|[from] drain|[of] p2a: Eternatus
|-damage|p1a: Yveltal|60/100|[from] item: Life Orb
|move|p2a: Eternatus|Recover|p2a: Eternatus
|-heal|p2a: Eternatus|98/100
|
|-heal|p2a: Eternatus|100/100|[from] item: Black Sludge
|upkeep
|turn|15
|
|t:|1652352403
|move|p1a: Yveltal|Taunt|p2a: Eternatus
|-start|p2a: Eternatus|move: Taunt
|move|p2a: Eternatus|Mystical Fire|p1a: Yveltal
|-damage|p1a: Yveltal|36/100
|-unboost|p1a: Yveltal|spa|1
|
|upkeep
|turn|16
|
|t:|1652352408
|switch|p1a: Rayquaza|Rayquaza|100/100
|-ability|p1a: Rayquaza|Air Lock
|switch|p2a: Arceus|Arceus-Electric|66/100
|-activate|p2a: Arceus|move: Sticky Web
|-unboost|p2a: Arceus|spe|1
|
|upkeep
|turn|17
|
|t:|1652352414
|switch|p2a: Rayquaza|Rayquaza-Mega|51/100
|-weather|DeltaStream|[from] ability: Delta Stream|[of] p2a: Rayquaza
|detailschange|p1a: Rayquaza|Rayquaza-Mega
|-mega|p1a: Rayquaza|Rayquaza|
|move|p1a: Rayquaza|Swords Dance|p1a: Rayquaza
|-boost|p1a: Rayquaza|atk|2
|
|-weather|DeltaStream|[upkeep]
|upkeep
|turn|18
|
|t:|1652352418
|move|p2a: Rayquaza|Extreme Speed|p1a: Rayquaza
|-damage|p1a: Rayquaza|47/100
|-damage|p2a: Rayquaza|41/100|[from] item: Life Orb
|move|p1a: Rayquaza|Extreme Speed|p2a: Rayquaza
|-damage|p2a: Rayquaza|0 fnt
|faint|p2a: Rayquaza
|
|-weather|DeltaStream|[upkeep]
|upkeep
|
|t:|1652352425
|switch|p2a: Necrozma|Necrozma-Dusk-Mane|100/100
|-activate|p2a: Necrozma|move: Sticky Web
|-unboost|p2a: Necrozma|spe|1
|turn|19
|
|t:|1652352429
|-start|p2a: Necrozma|Dynamax|
|-heal|p2a: Necrozma|100/100|[silent]
|move|p1a: Rayquaza|Dragon Ascent|p2a: Necrozma
|-resisted|p2a: Necrozma
|-damage|p2a: Necrozma|78/100
|-unboost|p1a: Rayquaza|def|1
|-unboost|p1a: Rayquaza|spd|1
|-damage|p1a: Rayquaza|30/100|[from] item: Rocky Helmet|[of] p2a: Necrozma
|move|p2a: Necrozma|Max Steelspike|p1a: Rayquaza
|-damage|p1a: Rayquaza|0 fnt
|-boost|p2a: Necrozma|def|1
|faint|p1a: Rayquaza
|-weather|none
|
|upkeep
|
|t:|1652352433
|switch|p1a: Yveltal|Yveltal|36/100
|-ability|p1a: Yveltal|Dark Aura
|turn|20
|
|t:|1652352436
|move|p1a: Yveltal|Dark Pulse|p2a: Necrozma
|-supereffective|p2a: Necrozma
|-crit|p2a: Necrozma
|-damage|p2a: Necrozma|10/100
|-damage|p1a: Yveltal|26/100|[from] item: Life Orb
|move|p2a: Necrozma|Max Steelspike|p1a: Yveltal
|-damage|p1a: Yveltal|0 fnt
|-boost|p2a: Necrozma|def|1
|faint|p1a: Yveltal
|
|upkeep
|
|t:|1652352439
|switch|p1a: Calyrex|Calyrex-Shadow|100/100
|-ability|p1a: Calyrex|As One
|-ability|p1a: Calyrex|Unnerve
|turn|21
|
|t:|1652352448
|move|p1a: Calyrex|Astral Barrage|p2a: Necrozma
|-supereffective|p2a: Necrozma
|-damage|p2a: Necrozma|0 fnt
|faint|p2a: Necrozma
|-ability|p1a: Calyrex|Grim Neigh|boost
|-boost|p1a: Calyrex|spa|1
|
|upkeep
|
|t:|1652352450
|switch|p2a: Eternatus|Eternatus|100/100
|-activate|p2a: Eternatus|move: Sticky Web
|-unboost|p2a: Eternatus|spe|1
|-ability|p2a: Eternatus|Pressure
|turn|22
|
|t:|1652352452
|move|p1a: Calyrex|Psyshock|p2a: Eternatus
|-supereffective|p2a: Eternatus
|-damage|p2a: Eternatus|0 fnt
|faint|p2a: Eternatus
|-ability|p1a: Calyrex|Grim Neigh|boost
|-boost|p1a: Calyrex|spa|1
|
|upkeep
|
|t:|1652352455
|switch|p2a: Arceus|Arceus-Ground|100/100
|-activate|p2a: Arceus|move: Sticky Web
|-unboost|p2a: Arceus|spe|1
|turn|23
|
|t:|1652352457
|move|p1a: Calyrex|Astral Barrage|p2a: Arceus
|-damage|p2a: Arceus|0 fnt
|faint|p2a: Arceus
|-ability|p1a: Calyrex|Grim Neigh|boost
|-boost|p1a: Calyrex|spa|1
|
|upkeep
|
|t:|1652352459
|switch|p2a: Arceus|Arceus-Electric|66/100
|-activate|p2a: Arceus|move: Sticky Web
|-unboost|p2a: Arceus|spe|1
|turn|24
|
|t:|1652352461
|move|p1a: Calyrex|Astral Barrage|p2a: Arceus
|-damage|p2a: Arceus|0 fnt
|faint|p2a: Arceus
|
|win|King Wawah
|raw|King Wawah's rating: 1715 &rarr; <strong>1731</strong><br />(+16 for winning)
|raw|Flynn Watson's rating: 1640 &rarr; <strong>1624</strong><br />(-16 for losing)
|l|‽Flynn Watson
|l|☆King Wawah
|c| weird sweep|no marshadow :(
|j|☆King Wawah
|player|p1|King Wawah|dragontamer
