|j|☆MVP2536
|j|☆Blackstar152001
|t:|1665156499
|gametype|singles
|player|p1|MVP2536|giovanni|1728
|player|p2|Blackstar152001|blue-gen3two|1826
|teamsize|p1|6
|teamsize|p2|6
|gen|8
|tier|[Gen 8] National Dex AG
|rated|
|rule|HP Percentage Mod: HP is shown in percentages
|rule|Endless Battle Clause: Forcing endless battles is banned
|clearpoke
|poke|p1|Groudon|
|poke|p1|Aegislash, M|
|poke|p1|Rotom-Wash|
|poke|p1|Scrafty, M|
|poke|p1|Whimsicott, F|
|poke|p1|Ditto|
|poke|p2|Mewtwo|
|poke|p2|Arceus-*|
|poke|p2|Ditto|
|poke|p2|Arceus-*|
|poke|p2|Rayquaza|
|poke|p2|Arceus-*|
|teampreview
|inactive|Battle timer is ON: inactive players will automatically lose when time's up. (requested by Blackstar152001)
|
|t:|1665156513
|start
|switch|p1a: Ditto|Ditto|100/100
|switch|p2a: Rayquaza|Rayquaza, shiny|100/100
|-transform|p1a: Ditto|p2a: Rayquaza|[from] ability: Imposter
|-ability|p2a: Rayquaza|Air Lock
|turn|1
|
|t:|1665156523
|switch|p1a: Aegislash|Aegislash, M|100/100
|switch|p2a: Arceus|Arceus-Fairy|100/100
|
|upkeep
|turn|2
|
|t:|1665156532
|switch|p1a: garbage|Groudon|100/100
|detailschange|p1a: garbage|Groudon-Primal
|-primal|p1a: garbage
|-weather|DesolateLand|[from] ability: Desolate Land|[of] p1a: garbage
|move|p2a: Arceus|Stealth Rock|p1a: garbage
|-sidestart|p1: MVP2536|move: Stealth Rock
|
|-weather|DesolateLand|[upkeep]
|upkeep
|turn|3
|
|t:|1665156536
|move|p2a: Arceus|Toxic|p1a: garbage
|-status|p1a: garbage|tox
|move|p1a: garbage|Heat Crash|p2a: Arceus
|-damage|p2a: Arceus|56/100
|
|-weather|DesolateLand|[upkeep]
|-damage|p1a: garbage|94/100 tox|[from] psn
|upkeep
|turn|4
|
|t:|1665156539
|move|p2a: Arceus|Recover|p2a: Arceus
|-heal|p2a: Arceus|100/100
|move|p1a: garbage|Precipice Blades|p2a: Arceus
|-damage|p2a: Arceus|50/100
|
|-weather|DesolateLand|[upkeep]
|-damage|p1a: garbage|82/100 tox|[from] psn
|upkeep
|turn|5
|
|t:|1665156542
|move|p2a: Arceus|Recover|p2a: Arceus
|-heal|p2a: Arceus|100/100
|move|p1a: garbage|Heat Crash|p2a: Arceus
|-damage|p2a: Arceus|50/100
|
|-weather|DesolateLand|[upkeep]
|-damage|p1a: garbage|64/100 tox|[from] psn
|upkeep
|turn|6
|
|t:|1665156547
|switch|p2a: Rayquaza|Rayquaza, shiny|100/100
|-ability|p2a: Rayquaza|Air Lock
|move|p1a: garbage|Rest|p1a: garbage
|-status|p1a: garbage|slp|[from] move: Rest
|-heal|p1a: garbage|100/100 slp|[silent]
|
|-weather|DesolateLand|[upkeep]
|upkeep
|turn|7
|
|t:|1665156554
|-weather|none
|switch|p1a: Aegislash|Aegislash, M|100/100
|-damage|p1a: Aegislash|94/100|[from] Stealth Rock
|detailschange|p2a: Rayquaza|Rayquaza-Mega, shiny
|-mega|p2a: Rayquaza|Rayquaza|
|-weather|DeltaStream|[from] ability: Delta Stream|[of] p2a: Rayquaza
|move|p2a: Rayquaza|Draco Meteor|p1a: Aegislash
|-resisted|p1a: Aegislash
|-damage|p1a: Aegislash|55/100
|-unboost|p2a: Rayquaza|spa|2
|-damage|p2a: Rayquaza|91/100|[from] item: Life Orb
|
|-weather|DeltaStream|[upkeep]
|-heal|p1a: Aegislash|61/100|[from] item: Leftovers
|upkeep
|turn|8
|
|t:|1665156563
|-weather|none
|switch|p2a: All time fav💞|Mewtwo|100/100
|-ability|p2a: All time fav💞|Pressure
|switch|p1a: Rotom|Rotom-Wash|100/100
|-damage|p1a: Rotom|88/100|[from] Stealth Rock
|
|upkeep
|turn|9
|
|t:|1665156572
|switch|p1a: Scrafty|Scrafty, M|100/100
|-damage|p1a: Scrafty|95/100|[from] Stealth Rock
|move|p2a: All time fav💞|Taunt|p1a: Scrafty
|-start|p1a: Scrafty|move: Taunt
|
|upkeep
|turn|10
|
|t:|1665156576
|move|p2a: All time fav💞|Will-O-Wisp|p1a: Scrafty
|-status|p1a: Scrafty|brn
|move|p1a: Scrafty|Knock Off|p2a: All time fav💞
|-supereffective|p2a: All time fav💞
|-damage|p2a: All time fav💞|69/100
|-enditem|p2a: All time fav💞|Leftovers|[from] move: Knock Off|[of] p1a: Scrafty
|
|-damage|p1a: Scrafty|89/100 brn|[from] brn
|upkeep
|turn|11
|
|t:|1665156589
|switch|p2a: Arceus|Arceus-Fairy|50/100
|move|p1a: Scrafty|Drain Punch|p2a: Arceus
|-resisted|p2a: Arceus
|-damage|p2a: Arceus|45/100
|-heal|p1a: Scrafty|92/100 brn|[from] drain|[of] p2a: Arceus
|
|-damage|p1a: Scrafty|86/100 brn|[from] brn
|-end|p1a: Scrafty|move: Taunt
|upkeep
|turn|12
|
|t:|1665156596
|switch|p1a: Aegislash|Aegislash, M|61/100
|-damage|p1a: Aegislash|55/100|[from] Stealth Rock
|move|p2a: Arceus|Recover|p2a: Arceus
|-heal|p2a: Arceus|95/100
|
|-heal|p1a: Aegislash|61/100|[from] item: Leftovers
|upkeep
|turn|13
|
|t:|1665156622
|switch|p2a: Arceus|Arceus-Electric|100/100
|-formechange|p1a: Aegislash|Aegislash-Blade||[from] ability: Stance Change
|move|p1a: Aegislash|Iron Head|p2a: Arceus
|-resisted|p2a: Arceus
|-damage|p2a: Arceus|89/100
|
|-heal|p1a: Aegislash|67/100|[from] item: Leftovers
|upkeep
|turn|14
|
|t:|1665156635
|switch|p2a: All time fav💞|Mewtwo|69/100
|-ability|p2a: All time fav💞|Pressure
|switch|p1a: Whimsicott|Whimsicott, F|100/100
|
|upkeep
|turn|15
|
|t:|1665156643
|switch|p1a: garbage|Groudon-Primal|100/100 slp
|-damage|p1a: garbage|88/100 slp|[from] Stealth Rock
|-weather|DesolateLand|[from] ability: Desolate Land|[of] p1a: garbage
|move|p2a: All time fav💞|Psychic|p1a: garbage
|-damage|p1a: garbage|58/100 slp
|
|-weather|DesolateLand|[upkeep]
|upkeep
|turn|16
|
|t:|1665156650
|move|p2a: All time fav💞|Taunt|p1a: garbage
|-start|p1a: garbage|move: Taunt
|cant|p1a: garbage|slp
|cant|p1a: garbage|move: Taunt|Sleep Talk
|
|-weather|DesolateLand|[upkeep]
|upkeep
|turn|17
|
|t:|1665156655
|-weather|none
|switch|p1a: Scrafty|Scrafty, M|86/100 brn
|-damage|p1a: Scrafty|80/100 brn|[from] Stealth Rock
|move|p2a: All time fav💞|Psychic|p1a: Scrafty
|-immune|p1a: Scrafty
|
|-damage|p1a: Scrafty|74/100 brn|[from] brn
|upkeep
|turn|18
|
|t:|1665156671
|switch|p2a: Rayquaza|Rayquaza-Mega, shiny|91/100
|-weather|DeltaStream|[from] ability: Delta Stream|[of] p2a: Rayquaza
|switch|p1a: Aegislash|Aegislash, M|67/100
|-damage|p1a: Aegislash|61/100|[from] Stealth Rock
|
|-weather|DeltaStream|[upkeep]
|-heal|p1a: Aegislash|67/100|[from] item: Leftovers
|upkeep
|turn|19
|
|t:|1665156675
|move|p1a: Aegislash|King's Shield|p1a: Aegislash
|-singleturn|p1a: Aegislash|Protect
|move|p2a: Rayquaza|Earthquake|p1a: Aegislash
|-activate|p1a: Aegislash|move: Protect
|
|-weather|DeltaStream|[upkeep]
|-heal|p1a: Aegislash|73/100|[from] item: Leftovers
|upkeep
|turn|20
|
|t:|1665156682
|move|p2a: Rayquaza|Draco Meteor|p1a: Aegislash
|-resisted|p1a: Aegislash
|-damage|p1a: Aegislash|32/100
|-unboost|p2a: Rayquaza|spa|2
|-damage|p2a: Rayquaza|81/100|[from] item: Life Orb
|-formechange|p1a: Aegislash|Aegislash-Blade||[from] ability: Stance Change
|move|p1a: Aegislash|Iron Head|p2a: Rayquaza
|-damage|p2a: Rayquaza|34/100
|
|-weather|DeltaStream|[upkeep]
|-heal|p1a: Aegislash|38/100|[from] item: Leftovers
|upkeep
|turn|21
|
|t:|1665156688
|switch|p1a: Rotom|Rotom-Wash|88/100
|-damage|p1a: Rotom|76/100|[from] Stealth Rock
|move|p2a: Rayquaza|Draco Meteor|p1a: Rotom
|-damage|p1a: Rotom|21/100
|-unboost|p2a: Rayquaza|spa|2
|-damage|p2a: Rayquaza|24/100|[from] item: Life Orb
|
|-weather|DeltaStream|[upkeep]
|upkeep
|turn|22
|
|t:|1665156695
|move|p2a: Rayquaza|Draco Meteor|p1a: Rotom
|-damage|p1a: Rotom|0 fnt
|-unboost|p2a: Rayquaza|spa|2
|faint|p1a: Rotom
|-damage|p2a: Rayquaza|14/100|[from] item: Life Orb
|
|-weather|DeltaStream|[upkeep]
|upkeep
|
|t:|1665156706
|switch|p1a: Whimsicott|Whimsicott, F|100/100
|turn|23
|
|t:|1665156714
|-weather|none
|switch|p2a: Arceus|Arceus-Fairy|95/100
|move|p1a: Whimsicott|Moonblast|p2a: Arceus
|-damage|p2a: Arceus|77/100
|
|upkeep
|turn|24
|
|t:|1665156721
|switch|p1a: Aegislash|Aegislash, M|38/100
|-damage|p1a: Aegislash|32/100|[from] Stealth Rock
|switch|p2a: All time fav💞|Mewtwo|69/100
|-ability|p2a: All time fav💞|Pressure
|
|-heal|p1a: Aegislash|38/100|[from] item: Leftovers
|upkeep
|turn|25
|
|t:|1665156729
|switch|p1a: Scrafty|Scrafty, M|74/100 brn
|-damage|p1a: Scrafty|68/100 brn|[from] Stealth Rock
|move|p2a: All time fav💞|Will-O-Wisp|p1a: Scrafty|[miss]
|-miss|p2a: All time fav💞|p1a: Scrafty
|
|-activate|p1a: Scrafty|ability: Shed Skin
|-curestatus|p1a: Scrafty|brn|[msg]
|upkeep
|turn|26
|
|t:|1665156740
|switch|p2a: Arceus|Arceus-Fairy|77/100
|move|p1a: Scrafty|Knock Off|p2a: Arceus
|-resisted|p2a: Arceus
|-damage|p2a: Arceus|69/100
|
|upkeep
|turn|27
|
|t:|1665156744
|switch|p1a: Ditto|Ditto|100/100
|-damage|p1a: Ditto|88/100|[from] Stealth Rock
|-transform|p1a: Ditto|p2a: Arceus|[from] ability: Imposter
|move|p2a: Arceus|Judgment|p1a: Ditto
|-damage|p1a: Ditto|52/100
|
|upkeep
|turn|28
|
|t:|1665156753
|switch|p2a: Rayquaza|Rayquaza-Mega, shiny|14/100
|-weather|DeltaStream|[from] ability: Delta Stream|[of] p2a: Rayquaza
|move|p1a: Ditto|Stealth Rock|p2a: Rayquaza
|-sidestart|p2: Blackstar152001|move: Stealth Rock
|
|-weather|DeltaStream|[upkeep]
|upkeep
|turn|29
|
|t:|1665156778
|switch|p1a: Aegislash|Aegislash, M|38/100
|-damage|p1a: Aegislash|32/100|[from] Stealth Rock
|move|p2a: Rayquaza|Dragon Ascent|p1a: Aegislash
|-resisted|p1a: Aegislash
|-damage|p1a: Aegislash|0 fnt
|-unboost|p2a: Rayquaza|def|1
|-unboost|p2a: Rayquaza|spd|1
|faint|p1a: Aegislash
|-damage|p2a: Rayquaza|4/100|[from] item: Life Orb
|
|-weather|DeltaStream|[upkeep]
|upkeep
|
|t:|1665156782
|switch|p1a: Ditto|Ditto|52/100
|-damage|p1a: Ditto|39/100|[from] Stealth Rock
|-transform|p1a: Ditto|p2a: Rayquaza|[from] ability: Imposter
|turn|30
|
|t:|1665156787
|switch|p1a: Scrafty|Scrafty, M|68/100
|-damage|p1a: Scrafty|62/100|[from] Stealth Rock
|move|p2a: Rayquaza|Extreme Speed|p1a: Scrafty
|-damage|p1a: Scrafty|20/100
|-damage|p2a: Rayquaza|0 fnt|[from] item: Life Orb
|faint|p2a: Rayquaza
|-weather|none
|
|upkeep
|
|t:|1665156795
|switch|p2a: Arceus|Arceus|100/100
|-damage|p2a: Arceus|88/100|[from] Stealth Rock
|turn|31
|
|t:|1665156800
|move|p2a: Arceus|Extreme Speed|p1a: Scrafty
|-damage|p1a: Scrafty|0 fnt
|faint|p1a: Scrafty
|
|upkeep
|
|t:|1665156803
|switch|p1a: garbage|Groudon-Primal|58/100 slp
|-damage|p1a: garbage|46/100 slp|[from] Stealth Rock
|-weather|DesolateLand|[from] ability: Desolate Land|[of] p1a: garbage
|turn|32
|
|t:|1665156810
|-start|p2a: Arceus|Dynamax|
|-heal|p2a: Arceus|88/100|[silent]
|move|p2a: Arceus|Max Strike|p1a: garbage
|-damage|p1a: garbage|5/100 slp
|-unboost|p1a: garbage|spe|1
|cant|p1a: garbage|slp
|move|p1a: garbage|Sleep Talk|p1a: garbage
|move|p1a: garbage|Heat Crash||[from]move: Sleep Talk|[still]
|-fail|p1a: garbage|Dynamax
|
|-weather|DesolateLand|[upkeep]
|upkeep
|turn|33
|c|☆MVP2536|gg
|-message|MVP2536 forfeited.
|
|win|Blackstar152001
|raw|MVP2536's rating: 1728 &rarr; <strong>1713</strong><br />(-15 for losing)
|raw|Blackstar152001's rating: 1826 &rarr; <strong>1841</strong><br />(+15 for winning)
|l|☆MVP2536
