|j|☆OnMaWa
|j|☆chopforce8
|player|p1|OnMaWa|psychic-gen4|1739
|player|p2|chopforce8|red|1537
|teamsize|p1|6
|teamsize|p2|6
|gametype|singles
|gen|8
|tier|[Gen 8] National Dex AG
|rated|
|clearpoke
|poke|p1|Arceus-*|
|poke|p1|Xerneas|
|poke|p1|Lugia|
|poke|p1|Zacian-Crowned|
|poke|p1|Necrozma-Dusk-Mane|
|poke|p1|Yveltal|
|poke|p2|Arceus-*|
|poke|p2|Gengar, F|
|poke|p2|Shaymin-Sky|
|poke|p2|Groudon|
|poke|p2|Mew|
|poke|p2|Ditto|
|rule|HP Percentage Mod: HP is shown in percentages
|rule|Endless Battle Clause: Forcing endless battles is banned
|teampreview
|
|start
|switch|p1a: Zacian|Zacian-Crowned|100/100
|switch|p2a: Devil|Groudon|100/100
|-ability|p1a: Zacian|Intrepid Sword|boost
|-boost|p1a: Zacian|atk|1
|detailschange|p2a: Devil|Groudon-Primal
|-primal|p2a: Devil
|-weather|DesolateLand|[from] ability: Desolate Land|[of] p2a: Devil
|turn|1
|
|switch|p1a: Lugia|Lugia|100/100
|move|p2a: Devil|Lava Plume|p1a: Lugia
|-damage|p1a: Lugia|82/100
|
|-weather|DesolateLand|[upkeep]
|upkeep
|turn|2
|
|move|p2a: Devil|Stealth Rock|p1a: Lugia
|-sidestart|p1: OnMaWa|move: Stealth Rock
|move|p1a: Lugia|Roost|p1a: Lugia
|-heal|p1a: Lugia|100/100
|-singleturn|p1a: Lugia|move: Roost
|
|-weather|DesolateLand|[upkeep]
|upkeep
|turn|3
|
|-weather|none
|switch|p2a: God|Mew|100/100
|move|p1a: Lugia|Whirlwind|p2a: God
|drag|p2a: Hell|Gengar, F, shiny|100/100
|
|upkeep
|turn|4
|
|switch|p1a: Zacian|Zacian-Crowned|100/100
|-damage|p1a: Zacian|94/100|[from] Stealth Rock
|-ability|p1a: Zacian|Intrepid Sword|boost
|-boost|p1a: Zacian|atk|1
|detailschange|p2a: Hell|Gengar-Mega, F, shiny
|-mega|p2a: Hell|Gengar|Gengarite
|move|p2a: Hell|Perish Song|p2a: Hell
|-start|p1a: Zacian|perish3|[silent]
|-start|p2a: Hell|perish3|[silent]
|-fieldactivate|move: Perish Song
|
|-start|p1a: Zacian|perish3
|-start|p2a: Hell|perish3
|upkeep
|turn|5
|
|move|p2a: Hell|Protect|p2a: Hell
|-singleturn|p2a: Hell|Protect
|move|p1a: Zacian|Close Combat|p2a: Hell
|-activate|p2a: Hell|move: Protect
|
|-start|p1a: Zacian|perish2
|-start|p2a: Hell|perish2
|upkeep
|turn|6
|
|switch|p2a: God|Mew|100/100
|move|p1a: Zacian|Behemoth Blade|p2a: God
|-damage|p2a: God|24/100
|
|-heal|p2a: God|30/100|[from] item: Leftovers
|-start|p1a: Zacian|perish1
|upkeep
|turn|7
|
|switch|p1a: Necrozma|Necrozma-Dusk-Mane|100/100
|-damage|p1a: Necrozma|94/100|[from] Stealth Rock
|move|p2a: God|Transform|p1a: Necrozma
|-transform|p2a: God|p1a: Necrozma
|-endability|p2a: God|Synchronize|[from] move: Transform
|
|-heal|p2a: God|36/100|[from] item: Leftovers
|upkeep
|turn|8
|j| Test_Darrox
|
|detailschange|p1a: Necrozma|Necrozma-Ultra
|-burst|p1a: Necrozma|Necrozma|Ultranecrozium Z
|-start|p2a: God|Dynamax
|-heal|p2a: God|36/100|[silent]
|move|p1a: Necrozma|Earthquake|p2a: God
|-supereffective|p2a: God
|-damage|p2a: God|5/100
|move|p2a: God|Max Quake|p1a: Necrozma
|-damage|p1a: Necrozma|39/100
|-boost|p2a: God|spd|1
|
|-heal|p2a: God|8/100|[from] item: Leftovers
|upkeep
|turn|9
|inactive|Battle timer is ON: inactive players will automatically lose when time's up. (requested by OnMaWa)
|
|move|p1a: Necrozma|Earthquake|p2a: God
|-supereffective|p2a: God
|-damage|p2a: God|0 fnt
|faint|p2a: God
|
|upkeep
|
|switch|p2a: Hell|Gengar-Mega, F, shiny|100/100
|turn|10
|
|move|p2a: Hell|Hex|p1a: Necrozma
|-supereffective|p1a: Necrozma
|-damage|p1a: Necrozma|0 fnt
|faint|p1a: Necrozma
|
|upkeep
|
|switch|p1a: Arceus|Arceus|100/100
|-damage|p1a: Arceus|88/100|[from] Stealth Rock
|turn|11
|
|move|p2a: Hell|Perish Song|p2a: Hell
|-start|p1a: Arceus|perish3|[silent]
|-start|p2a: Hell|perish3|[silent]
|-fieldactivate|move: Perish Song
|move|p1a: Arceus|Earthquake|p2a: Hell
|-supereffective|p2a: Hell
|-crit|p2a: Hell
|-damage|p2a: Hell|0 fnt
|faint|p2a: Hell
|
|-start|p1a: Arceus|perish3
|upkeep
|
|switch|p2a: Limbo|Shaymin-Sky, shiny|100/100
|turn|12
|c| Test_Darrox|this flinch set is disgusting
|
|switch|p1a: Lugia|Lugia|100/100
|move|p2a: Limbo|Substitute|p2a: Limbo
|-start|p2a: Limbo|Substitute
|-damage|p2a: Limbo|76/100
|
|upkeep
|turn|13
|
|move|p2a: Limbo|Leech Seed|p1a: Lugia
|-start|p1a: Lugia|move: Leech Seed
|move|p1a: Lugia|Whirlwind|p2a: Limbo
|drag|p2a: Thing|Ditto|100/100
|-transform|p2a: Thing|p1a: Lugia|[from] ability: Imposter
|
|-damage|p1a: Lugia|88/100|[from] Leech Seed|[of] p2a: Thing
|upkeep
|turn|14
|
|move|p2a: Thing|Thunder Wave|p1a: Lugia|[miss]
|-miss|p2a: Thing|p1a: Lugia
|move|p1a: Lugia|Thunder Wave|p2a: Thing|[miss]
|-miss|p1a: Lugia|p2a: Thing
|
|-damage|p1a: Lugia|75/100|[from] Leech Seed|[of] p2a: Thing
|upkeep
|turn|15
|
|switch|p2a: Devil|Groudon-Primal|100/100
|-weather|DesolateLand|[from] ability: Desolate Land|[of] p2a: Devil
|move|p1a: Lugia|Thunder Wave|p2a: Devil
|-immune|p2a: Devil
|
|-weather|DesolateLand|[upkeep]
|-damage|p1a: Lugia|63/100|[from] Leech Seed|[of] p2a: Devil
|upkeep
|turn|16
|
|-weather|none
|switch|p2a: Limbo|Shaymin-Sky, shiny|76/100
|move|p1a: Lugia|Roost|p1a: Lugia
|-heal|p1a: Lugia|100/100
|-singleturn|p1a: Lugia|move: Roost
|
|-damage|p1a: Lugia|88/100|[from] Leech Seed|[of] p2a: Limbo
|-heal|p2a: Limbo|89/100|[silent]
|upkeep
|turn|17
|
|move|p2a: Limbo|Protect|p2a: Limbo
|-singleturn|p2a: Limbo|Protect
|move|p1a: Lugia|Thunder Wave|p2a: Limbo
|-activate|p2a: Limbo|move: Protect
|
|-damage|p1a: Lugia|75/100|[from] Leech Seed|[of] p2a: Limbo
|-heal|p2a: Limbo|100/100|[silent]
|upkeep
|turn|18
|
|switch|p2a: Devil|Groudon-Primal|100/100
|-weather|DesolateLand|[from] ability: Desolate Land|[of] p2a: Devil
|move|p1a: Lugia|Thunder Wave|p2a: Devil
|-immune|p2a: Devil
|
|-weather|DesolateLand|[upkeep]
|-damage|p1a: Lugia|63/100|[from] Leech Seed|[of] p2a: Devil
|upkeep
|turn|19
|j| penguino0205
|
|move|p1a: Lugia|Roost|p1a: Lugia
|-heal|p1a: Lugia|100/100
|-singleturn|p1a: Lugia|move: Roost
|move|p2a: Devil|Roar|p1a: Lugia
|drag|p1a: Yveltal|Yveltal, shiny|100/100
|-damage|p1a: Yveltal|76/100|[from] Stealth Rock
|-ability|p1a: Yveltal|Dark Aura
|
|-weather|DesolateLand|[upkeep]
|upkeep
|turn|20
|
|-weather|none
|switch|p2a: Heaven|Arceus-Flying, shiny|100/100
|-start|p1a: Yveltal|Dynamax
|-heal|p1a: Yveltal|76/100|[silent]
|move|p1a: Yveltal|Max Darkness|p2a: Heaven
|-damage|p2a: Heaven|10/100
|-unboost|p2a: Heaven|spd|1
|-damage|p1a: Yveltal|71/100|[from] item: Life Orb
|
|upkeep
|turn|21
|j| Rup❤Ainu
|inactive|OnMaWa has 120 seconds left.
|
|move|p2a: Heaven|Perish Song|p2a: Heaven
|-start|p1a: Yveltal|perish3|[silent]
|-start|p2a: Heaven|perish3|[silent]
|-fieldactivate|move: Perish Song
|move|p1a: Yveltal|Max Darkness|p2a: Heaven
|-damage|p2a: Heaven|0 fnt
|-damage|p1a: Yveltal|66/100|[from] item: Life Orb
|faint|p2a: Heaven
|
|-start|p1a: Yveltal|perish3
|upkeep
|
|switch|p2a: Limbo|Shaymin-Sky, shiny|100/100
|turn|22
|inactive|OnMaWa has 120 seconds left.
|
|move|p2a: Limbo|Substitute|p2a: Limbo
|-start|p2a: Limbo|Substitute
|-damage|p2a: Limbo|76/100
|move|p1a: Yveltal|Max Airstream|p2a: Limbo
|-supereffective|p2a: Limbo
|-end|p2a: Limbo|Substitute
|-boost|p1a: Yveltal|spe|1
|-damage|p1a: Yveltal|61/100|[from] item: Life Orb
|
|-start|p1a: Yveltal|perish2
|-end|p1a: Yveltal|Dynamax
|-heal|p1a: Yveltal|61/100|[silent]
|upkeep
|turn|23
|inactive|OnMaWa has 120 seconds left.
|c| Test_Darrox|switch out he has ditto
|
|move|p2a: Limbo|Protect|p2a: Limbo
|-singleturn|p2a: Limbo|Protect
|move|p1a: Yveltal|Oblivion Wing|p2a: Limbo
|-activate|p2a: Limbo|move: Protect
|
|-start|p1a: Yveltal|perish1
|upkeep
|turn|24
|
|move|p1a: Yveltal|Oblivion Wing|p2a: Limbo
|-supereffective|p2a: Limbo
|-damage|p2a: Limbo|0 fnt
|-heal|p1a: Yveltal|100/100|[from] drain|[of] p2a: Limbo
|-damage|p1a: Yveltal|91/100|[from] item: Life Orb
|faint|p2a: Limbo
|
|-start|p1a: Yveltal|perish0
|upkeep
|faint|p1a: Yveltal
|
|switch|p2a: Devil|Groudon-Primal|100/100
|switch|p1a: Arceus|Arceus|88/100
|-damage|p1a: Arceus|76/100|[from] Stealth Rock
|-weather|DesolateLand|[from] ability: Desolate Land|[of] p2a: Devil
|turn|25
|
|move|p1a: Arceus|Earthquake|p2a: Devil
|-supereffective|p2a: Devil
|-damage|p2a: Devil|51/100
|move|p2a: Devil|Lava Plume|p1a: Arceus
|-damage|p1a: Arceus|29/100
|
|-weather|DesolateLand|[upkeep]
|upkeep
|turn|26
|inactive|OnMaWa has 90 seconds left.
|
|move|p1a: Arceus|Earthquake|p2a: Devil
|-supereffective|p2a: Devil
|-damage|p2a: Devil|0 fnt
|faint|p2a: Devil
|-weather|none
|
|upkeep
|
|switch|p2a: Thing|Ditto|100/100
|-transform|p2a: Thing|p1a: Arceus|[from] ability: Imposter
|turn|27
|
|move|p1a: Arceus|Extreme Speed|p2a: Thing
|-damage|p2a: Thing|53/100
|move|p2a: Thing|Earthquake|p1a: Arceus
|-damage|p1a: Arceus|3/100
|
|upkeep
|turn|28
|-message|chopforce8 forfeited.
|
|win|OnMaWa
|l|☆chopforce8
|l| Test_Darrox
|l|☆OnMaWa
|raw|OnMaWa's rating: 1739 &rarr; <strong>1749</strong><br />(+10 for winning)
|raw|chopforce8's rating: 1537 &rarr; <strong>1528</strong><br />(-9 for losing)
|l| Rup❤Ainu
|l| penguino0205
|j| Rup❤Ainu
