|j|☆TomoTaco69
|j|☆amnael1
|t:|1665062351
|gametype|singles
|player|p1|TomoTaco69|1|1765
|player|p2|amnael1|1|1872
|teamsize|p1|6
|teamsize|p2|6
|gen|8
|tier|[Gen 8] National Dex AG
|rated|
|rule|HP Percentage Mod: HP is shown in percentages
|rule|Endless Battle Clause: Forcing endless battles is banned
|clearpoke
|poke|p1|Rayquaza|
|poke|p1|Marshadow|
|poke|p1|Yveltal|
|poke|p1|Arceus-*|
|poke|p1|Ditto|
|poke|p1|Necrozma-Dusk-Mane|
|poke|p2|Smeargle, F|
|poke|p2|Groudon|
|poke|p2|Espeon, M|
|poke|p2|Rayquaza|
|poke|p2|Xerneas-*|
|poke|p2|Zacian-*|
|teampreview
|
|t:|1665062358
|start
|switch|p1a: Ditto|Ditto|100/100
|switch|p2a: Rayquaza|Rayquaza|100/100
|-ability|p2a: Rayquaza|Air Lock
|-transform|p1a: Ditto|p2a: Rayquaza|[from] ability: Imposter
|turn|1
|
|t:|1665062364
|switch|p1a: Necrozma|Necrozma-Dusk-Mane, shiny|100/100
|detailschange|p2a: Rayquaza|Rayquaza-Mega
|-mega|p2a: Rayquaza|Rayquaza|
|-weather|DeltaStream|[from] ability: Delta Stream|[of] p2a: Rayquaza
|move|p2a: Rayquaza|Dragon Ascent|p1a: Necrozma
|-resisted|p1a: Necrozma
|-damage|p1a: Necrozma|75/100
|-unboost|p2a: Rayquaza|def|1
|-unboost|p2a: Rayquaza|spd|1
|-damage|p2a: Rayquaza|84/100|[from] item: Rocky Helmet|[of] p1a: Necrozma
|
|-weather|DeltaStream|[upkeep]
|upkeep
|turn|2
|
|t:|1665062369
|-weather|none
|switch|p2a: Espeon|Espeon, M|100/100
|move|p1a: Necrozma|Sunsteel Strike|p2a: Espeon
|-enditem|p2a: Espeon|Focus Sash
|-damage|p2a: Espeon|1/100
|
|upkeep
|turn|3
|
|t:|1665062372
|move|p2a: Espeon|Yawn|p1a: Necrozma
|-start|p1a: Necrozma|move: Yawn|[of] p2a: Espeon
|move|p1a: Necrozma|Sunsteel Strike|p2a: Espeon
|-damage|p2a: Espeon|0 fnt
|faint|p2a: Espeon
|
|upkeep
|
|t:|1665062374
|switch|p2a: Smeargle|Smeargle, F|100/100
|turn|4
|
|t:|1665062377
|move|p2a: Smeargle|Shift Gear|p2a: Smeargle
|-boost|p2a: Smeargle|spe|2
|-boost|p2a: Smeargle|atk|1
|move|p1a: Necrozma|Thunder Wave|p2a: Smeargle
|-status|p2a: Smeargle|par
|
|-end|p1a: Necrozma|move: Yawn|[silent]
|-status|p1a: Necrozma|slp
|-ability|p2a: Smeargle|Moody|boost
|-boost|p2a: Smeargle|spe|2
|-unboost|p2a: Smeargle|atk|1
|upkeep
|turn|5
|
|t:|1665062381
|switch|p1a: Ditto|Ditto|100/100
|-transform|p1a: Ditto|p2a: Smeargle|[from] ability: Imposter
|move|p2a: Smeargle|Shift Gear|p2a: Smeargle
|-boost|p2a: Smeargle|spe|2
|-boost|p2a: Smeargle|atk|1
|
|-ability|p1a: Ditto|Moody|boost
|-boost|p1a: Ditto|def|2
|-unboost|p1a: Ditto|spa|1
|-ability|p2a: Smeargle|Moody|boost
|-boost|p2a: Smeargle|def|2
|-unboost|p2a: Smeargle|spd|1
|upkeep
|turn|6
|
|t:|1665062387
|move|p1a: Ditto|Baton Pass|p1a: Ditto
|
|t:|1665062392
|switch|p1a: Necrozma|Necrozma-Dusk-Mane, shiny|75/100 slp|[from]move: Baton Pass
|move|p2a: Smeargle|Spore|p1a: Necrozma
|-fail|p1a: Necrozma|slp
|
|-ability|p2a: Smeargle|Moody|boost
|-boost|p2a: Smeargle|spa|2
|-unboost|p2a: Smeargle|spe|1
|upkeep
|turn|7
|
|t:|1665062403
|cant|p1a: Necrozma|slp
|move|p2a: Smeargle|Baton Pass|p2a: Smeargle
|
|t:|1665062406
|switch|p2a: Xerneas|Xerneas|100/100|[from]move: Baton Pass
|-ability|p2a: Xerneas|Fairy Aura
|
|upkeep
|turn|8
|
|t:|1665062411
|move|p2a: Xerneas|Geomancy||[still]
|-prepare|p2a: Xerneas|Geomancy
|-enditem|p2a: Xerneas|Power Herb
|-anim|p2a: Xerneas|Geomancy|p2a: Xerneas
|-boost|p2a: Xerneas|spa|2
|-boost|p2a: Xerneas|spd|2
|-boost|p2a: Xerneas|spe|1
|cant|p1a: Necrozma|slp
|
|upkeep
|turn|9
|
|t:|1665062416
|move|p2a: Xerneas|Hidden Power|p1a: Necrozma
|-supereffective|p1a: Necrozma
|-damage|p1a: Necrozma|16/100 slp
|-curestatus|p1a: Necrozma|slp|[msg]
|move|p1a: Necrozma|Sunsteel Strike|p2a: Xerneas
|-supereffective|p2a: Xerneas
|-damage|p2a: Xerneas|66/100
|
|upkeep
|turn|10
|
|t:|1665062424
|move|p2a: Xerneas|Hidden Power|p1a: Necrozma
|-supereffective|p1a: Necrozma
|-damage|p1a: Necrozma|0 fnt
|faint|p1a: Necrozma
|
|upkeep
|
|t:|1665062426
|switch|p1a: Marshadow|Marshadow|100/100
|turn|11
|
|t:|1665062429
|-start|p2a: Xerneas|Dynamax|
|-heal|p2a: Xerneas|66/100|[silent]
|move|p2a: Xerneas|Max Starfall|p1a: Marshadow
|-supereffective|p1a: Marshadow
|-enditem|p1a: Marshadow|Focus Sash
|-damage|p1a: Marshadow|1/100
|-fieldstart|move: Misty Terrain
|move|p1a: Marshadow|Spectral Thief||[still]
|-clearpositiveboost|p2a: Xerneas|p1a: Marshadow|move: Spectral Thief
|-boost|p1a: Marshadow|atk|1
|-boost|p1a: Marshadow|def|2
|-boost|p1a: Marshadow|spa|4
|-boost|p1a: Marshadow|spd|1
|-boost|p1a: Marshadow|spe|6
|-anim|p1a: Marshadow|Spectral Thief|p2a: Xerneas
|-damage|p2a: Xerneas|44/100
|
|upkeep
|turn|12
|
|t:|1665062437
|move|p1a: Marshadow|Rock Tomb|p2a: Xerneas
|-damage|p2a: Xerneas|29/100
|-unboost|p2a: Xerneas|spe|1
|move|p2a: Xerneas|Max Starfall|p1a: Marshadow
|-supereffective|p1a: Marshadow
|-damage|p1a: Marshadow|0 fnt
|faint|p1a: Marshadow
|
|upkeep
|
|t:|1665062443
|switch|p1a: Yveltal|Yveltal, shiny|100/100
|-ability|p1a: Yveltal|Dark Aura
|turn|13
|
|t:|1665062445
|-start|p1a: Yveltal|Dynamax|
|-heal|p1a: Yveltal|100/100|[silent]
|move|p1a: Yveltal|Max Airstream|p2a: Xerneas
|-damage|p2a: Xerneas|2/100
|-boost|p1a: Yveltal|spe|1
|-damage|p1a: Yveltal|96/100|[from] item: Life Orb
|move|p2a: Xerneas|Max Starfall|p1a: Yveltal
|-supereffective|p1a: Yveltal
|-damage|p1a: Yveltal|20/100
|
|upkeep
|-end|p2a: Xerneas|Dynamax
|-heal|p2a: Xerneas|2/100|[silent]
|turn|14
|
|t:|1665062448
|move|p1a: Yveltal|Max Airstream|p2a: Xerneas
|-damage|p2a: Xerneas|0 fnt
|-boost|p1a: Yveltal|spe|1
|faint|p2a: Xerneas
|-damage|p1a: Yveltal|16/100|[from] item: Life Orb
|
|upkeep
|
|t:|1665062450
|switch|p2a: Rayquaza|Rayquaza-Mega|84/100
|-weather|DeltaStream|[from] ability: Delta Stream|[of] p2a: Rayquaza
|turn|15
|
|t:|1665062452
|move|p2a: Rayquaza|Extreme Speed|p1a: Yveltal
|-damage|p1a: Yveltal|1/100
|move|p1a: Yveltal|Max Darkness|p2a: Rayquaza
|-damage|p2a: Rayquaza|0 fnt
|faint|p2a: Rayquaza
|-weather|none
|-damage|p1a: Yveltal|0 fnt|[from] item: Life Orb
|faint|p1a: Yveltal
|
|-fieldend|Misty Terrain
|upkeep
|
|t:|1665062462
|switch|p2a: Smeargle|Smeargle, F|100/100 par
|switch|p1a: Arceus|Arceus-Ground|100/100
|turn|16
|
|t:|1665062465
|move|p1a: Arceus|Rock Tomb|p2a: Smeargle
|-damage|p2a: Smeargle|55/100 par
|-unboost|p2a: Smeargle|spe|1
|move|p2a: Smeargle|Spore|p1a: Arceus
|-status|p1a: Arceus|slp|[from] move: Spore
|
|-ability|p2a: Smeargle|Moody|boost
|-boost|p2a: Smeargle|spd|2
|-unboost|p2a: Smeargle|spe|1
|upkeep
|turn|17
|
|t:|1665062468
|cant|p1a: Arceus|slp
|move|p2a: Smeargle|Shift Gear|p2a: Smeargle
|-boost|p2a: Smeargle|spe|2
|-boost|p2a: Smeargle|atk|1
|
|-ability|p2a: Smeargle|Moody|boost
|-boost|p2a: Smeargle|spa|2
|-unboost|p2a: Smeargle|spd|1
|upkeep
|turn|18
|
|t:|1665062472
|cant|p1a: Arceus|slp
|cant|p2a: Smeargle|par
|
|-ability|p2a: Smeargle|Moody|boost
|-boost|p2a: Smeargle|spa|2
|-unboost|p2a: Smeargle|spd|1
|upkeep
|turn|19
|
|t:|1665062477
|-curestatus|p1a: Arceus|slp|[msg]
|move|p1a: Arceus|Earthquake|p2a: Smeargle
|-crit|p2a: Smeargle
|-damage|p2a: Smeargle|0 fnt
|faint|p2a: Smeargle
|
|upkeep
|
|t:|1665062479
|switch|p2a: Zacian|Zacian-Crowned|100/100
|-ability|p2a: Zacian|Intrepid Sword|boost
|-boost|p2a: Zacian|atk|1
|turn|20
|
|t:|1665062482
|move|p2a: Zacian|Behemoth Blade|p1a: Arceus
|-damage|p1a: Arceus|29/100
|-zpower|p1a: Arceus
|move|p1a: Arceus|Tectonic Rage|p2a: Zacian|[zeffect]
|-supereffective|p2a: Zacian
|-damage|p2a: Zacian|0 fnt
|faint|p2a: Zacian
|
|upkeep
|
|t:|1665062485
|switch|p2a: Groudon|Groudon|100/100
|detailschange|p2a: Groudon|Groudon-Primal
|-primal|p2a: Groudon
|-weather|DesolateLand|[from] ability: Desolate Land|[of] p2a: Groudon
|turn|21
|
|t:|1665062487
|move|p1a: Arceus|Recover|p1a: Arceus
|-heal|p1a: Arceus|79/100
|move|p2a: Groudon|Fire Punch|p1a: Arceus
|-damage|p1a: Arceus|27/100
|
|-weather|DesolateLand|[upkeep]
|upkeep
|turn|22
|
|t:|1665062491
|move|p1a: Arceus|Recover|p1a: Arceus
|-heal|p1a: Arceus|77/100
|move|p2a: Groudon|Fire Punch|p1a: Arceus
|-damage|p1a: Arceus|18/100
|
|-weather|DesolateLand|[upkeep]
|upkeep
|turn|23
|
|t:|1665062492
|move|p1a: Arceus|Earthquake|p2a: Groudon
|-supereffective|p2a: Groudon
|-damage|p2a: Groudon|37/100
|move|p2a: Groudon|Fire Punch|p1a: Arceus
|-damage|p1a: Arceus|0 fnt
|faint|p1a: Arceus
|
|-weather|DesolateLand|[upkeep]
|upkeep
|
|t:|1665062495
|switch|p1a: Rayquaza|Rayquaza, shiny|100/100
|-ability|p1a: Rayquaza|Air Lock
|turn|24
|-message|amnael1 forfeited.
|
|win|TomoTaco69
|raw|TomoTaco69's rating: 1765 &rarr; <strong>1791</strong><br />(+26 for winning)
|raw|amnael1's rating: 1872 &rarr; <strong>1846</strong><br />(-26 for losing)
|l|☆amnael1
