|j|☆spicyntegral
|j|☆Whitedevil12345678
|t:|1664056630
|gametype|singles
|player|p1|spicyntegral|n|1826
|player|p2|Whitedevil12345678|blue-gen3two|2018
|teamsize|p1|6
|teamsize|p2|6
|gen|8
|tier|[Gen 8] National Dex AG
|rated|
|rule|HP Percentage Mod: HP is shown in percentages
|rule|Endless Battle Clause: Forcing endless battles is banned
|clearpoke
|poke|p1|Rayquaza|
|poke|p1|Necrozma-Dusk-Mane|
|poke|p1|Tyranitar, M|
|poke|p1|Zygarde|
|poke|p1|Ho-Oh|
|poke|p1|Yveltal|
|poke|p2|Calyrex-Shadow|
|poke|p2|Kyogre|
|poke|p2|Rayquaza|
|poke|p2|Arceus-*|
|poke|p2|Ditto|
|poke|p2|Arceus-*|
|teampreview
|inactive|Battle timer is ON: inactive players will automatically lose when time's up. (requested by Whitedevil12345678)
|
|t:|1664056650
|start
|switch|p1a: Rayquaza|Rayquaza|100/100
|switch|p2a: Arceus|Arceus-Fairy|100/100
|-ability|p1a: Rayquaza|Air Lock
|turn|1
|
|t:|1664056662
|switch|p1a: Necrozma|Necrozma-Dusk-Mane|100/100
|move|p2a: Arceus|Stealth Rock|p1a: Necrozma
|-sidestart|p1: spicyntegral|move: Stealth Rock
|
|upkeep
|turn|2
|
|t:|1664056673
|switch|p2a: Kyogre|Kyogre|100/100
|detailschange|p2a: Kyogre|Kyogre-Primal
|-primal|p2a: Kyogre
|-weather|PrimordialSea|[from] ability: Primordial Sea|[of] p2a: Kyogre
|move|p1a: Necrozma|Stealth Rock|p2a: Kyogre
|-sidestart|p2: Whitedevil12345678|move: Stealth Rock
|
|-weather|PrimordialSea|[upkeep]
|upkeep
|turn|3
|
|t:|1664056692
|move|p2a: Kyogre|Calm Mind|p2a: Kyogre
|-boost|p2a: Kyogre|spa|1
|-boost|p2a: Kyogre|spd|1
|move|p1a: Necrozma|Knock Off|p2a: Kyogre
|-damage|p2a: Kyogre|86/100
|
|-weather|PrimordialSea|[upkeep]
|upkeep
|turn|4
|
|t:|1664056707
|switch|p1a: Rayquaza|Rayquaza|100/100
|-damage|p1a: Rayquaza|76/100|[from] Stealth Rock
|-ability|p1a: Rayquaza|Air Lock
|move|p2a: Kyogre|Surf|p1a: Rayquaza
|-resisted|p1a: Rayquaza
|-damage|p1a: Rayquaza|33/100
|
|-weather|PrimordialSea|[upkeep]
|upkeep
|turn|5
|
|t:|1664056715
|detailschange|p1a: Rayquaza|Rayquaza-Mega
|-mega|p1a: Rayquaza|Rayquaza|
|-weather|DeltaStream|[from] ability: Delta Stream|[of] p1a: Rayquaza
|move|p1a: Rayquaza|Dragon Ascent|p2a: Kyogre
|-damage|p2a: Kyogre|13/100
|-unboost|p1a: Rayquaza|def|1
|-unboost|p1a: Rayquaza|spd|1
|-damage|p1a: Rayquaza|23/100|[from] item: Life Orb
|move|p2a: Kyogre|Surf|p1a: Rayquaza
|-resisted|p1a: Rayquaza
|-damage|p1a: Rayquaza|0 fnt
|faint|p1a: Rayquaza
|-weather|none
|
|upkeep
|
|t:|1664056731
|switch|p1a: Yveltal|Yveltal|100/100
|-damage|p1a: Yveltal|76/100|[from] Stealth Rock
|-ability|p1a: Yveltal|Dark Aura
|turn|6
|
|t:|1664056736
|move|p1a: Yveltal|Oblivion Wing|p2a: Kyogre
|-damage|p2a: Kyogre|0 fnt
|-heal|p1a: Yveltal|85/100|[from] drain|[of] p2a: Kyogre
|faint|p2a: Kyogre
|-damage|p1a: Yveltal|75/100|[from] item: Life Orb
|
|upkeep
|
|t:|1664056756
|switch|p2a: Arceus|Arceus-Fairy|100/100
|-damage|p2a: Arceus|88/100|[from] Stealth Rock
|turn|7
|
|t:|1664056760
|switch|p1a: Ho-Oh|Ho-Oh|100/100
|move|p2a: Arceus|Judgment|p1a: Ho-Oh
|-resisted|p1a: Ho-Oh
|-damage|p1a: Ho-Oh|91/100
|
|upkeep
|turn|8
|
|t:|1664056766
|move|p2a: Arceus|Toxic|p1a: Ho-Oh
|-status|p1a: Ho-Oh|tox
|move|p1a: Ho-Oh|Defog|p2a: Arceus
|-unboost|p2a: Arceus|evasion|1
|-sideend|p2: Whitedevil12345678|Stealth Rock|[from] move: Defog|[of] p1a: Ho-Oh
|-sideend|p1: spicyntegral|Stealth Rock|[from] move: Defog|[of] p1a: Ho-Oh
|
|-damage|p1a: Ho-Oh|85/100 tox|[from] psn
|upkeep
|turn|9
|
|t:|1664056774
|move|p2a: Arceus|Stealth Rock|p1a: Ho-Oh
|-sidestart|p1: spicyntegral|move: Stealth Rock
|move|p1a: Ho-Oh|Toxic|p2a: Arceus
|-status|p2a: Arceus|tox
|
|-damage|p2a: Arceus|82/100 tox|[from] psn
|-damage|p1a: Ho-Oh|73/100 tox|[from] psn
|upkeep
|turn|10
|
|t:|1664056780
|switch|p2a: Rayquaza|Rayquaza|100/100
|-ability|p2a: Rayquaza|Air Lock
|move|p1a: Ho-Oh|Defog|p2a: Rayquaza
|-unboost|p2a: Rayquaza|evasion|1
|-sideend|p1: spicyntegral|Stealth Rock|[from] move: Defog|[of] p1a: Ho-Oh
|
|-damage|p1a: Ho-Oh|55/100 tox|[from] psn
|upkeep
|turn|11
|
|t:|1664056788
|switch|p1a: Zygarde|Zygarde|100/100
|detailschange|p2a: Rayquaza|Rayquaza-Mega
|-mega|p2a: Rayquaza|Rayquaza|
|-weather|DeltaStream|[from] ability: Delta Stream|[of] p2a: Rayquaza
|move|p2a: Rayquaza|Dragon Ascent|p1a: Zygarde
|-damage|p1a: Zygarde|60/100
|-unboost|p2a: Rayquaza|def|1
|-unboost|p2a: Rayquaza|spd|1
|
|-weather|DeltaStream|[upkeep]
|-heal|p1a: Zygarde|66/100|[from] item: Leftovers
|upkeep
|turn|12
|
|t:|1664056802
|move|p2a: Rayquaza|Draco Meteor|p1a: Zygarde|[miss]
|-miss|p2a: Rayquaza|p1a: Zygarde
|move|p1a: Zygarde|Glare|p2a: Rayquaza
|-status|p2a: Rayquaza|par
|
|-weather|DeltaStream|[upkeep]
|-heal|p1a: Zygarde|73/100|[from] item: Leftovers
|upkeep
|turn|13
|c|☆Whitedevil12345678|Again luck ruin my elo 🙃
|
|t:|1664056826
|switch|p1a: Necrozma|Necrozma-Dusk-Mane|100/100
|cant|p2a: Rayquaza|par
|
|-weather|DeltaStream|[upkeep]
|upkeep
|turn|14
|
|t:|1664056833
|move|p1a: Necrozma|Stealth Rock|p2a: Rayquaza
|-sidestart|p2: Whitedevil12345678|move: Stealth Rock
|cant|p2a: Rayquaza|par
|
|-weather|DeltaStream|[upkeep]
|upkeep
|turn|15
|
|t:|1664056839
|move|p1a: Necrozma|Sunsteel Strike|p2a: Rayquaza
|-damage|p2a: Rayquaza|21/100 par
|cant|p2a: Rayquaza|par
|
|-weather|DeltaStream|[upkeep]
|upkeep
|turn|16
|
|t:|1664056846
|move|p1a: Necrozma|Sunsteel Strike|p2a: Rayquaza
|-damage|p2a: Rayquaza|0 fnt
|faint|p2a: Rayquaza
|-weather|none
|
|upkeep
|
|t:|1664056851
|switch|p2a: Arceus|Arceus-Fairy|82/100 tox
|-damage|p2a: Arceus|70/100 tox|[from] Stealth Rock
|turn|17
|
|t:|1664056855
|move|p2a: Arceus|Stealth Rock|p1a: Necrozma
|-sidestart|p1: spicyntegral|move: Stealth Rock
|move|p1a: Necrozma|Sunsteel Strike|p2a: Arceus
|-supereffective|p2a: Arceus
|-damage|p2a: Arceus|7/100 tox
|
|-damage|p2a: Arceus|1/100 tox|[from] psn
|upkeep
|turn|18
|
|t:|1664056862
|move|p2a: Arceus|Judgment|p1a: Necrozma
|-resisted|p1a: Necrozma
|-damage|p1a: Necrozma|80/100
|move|p1a: Necrozma|Sunsteel Strike|p2a: Arceus
|-supereffective|p2a: Arceus
|-damage|p2a: Arceus|0 fnt
|faint|p2a: Arceus
|
|upkeep
|
|t:|1664056865
|switch|p2a: Calyrex|Calyrex-Shadow|100/100
|-ability|p2a: Calyrex|As One
|-ability|p2a: Calyrex|Unnerve
|-damage|p2a: Calyrex|88/100|[from] Stealth Rock
|turn|19
|
|t:|1664056880
|move|p2a: Calyrex|Astral Barrage|p1a: Necrozma
|-supereffective|p1a: Necrozma
|-damage|p1a: Necrozma|0 fnt
|faint|p1a: Necrozma
|-ability|p2a: Calyrex|Grim Neigh|boost
|-boost|p2a: Calyrex|spa|1
|
|upkeep
|
|t:|1664056891
|switch|p1a: Tyranitar|Tyranitar, M|100/100
|-damage|p1a: Tyranitar|88/100|[from] Stealth Rock
|-weather|Sandstorm|[from] ability: Sand Stream|[of] p1a: Tyranitar
|turn|20
|
|t:|1664056896
|-start|p2a: Calyrex|Dynamax|
|-heal|p2a: Calyrex|88/100|[silent]
|move|p2a: Calyrex|Max Overgrowth|p1a: Tyranitar
|-supereffective|p1a: Tyranitar
|-damage|p1a: Tyranitar|23/100
|-fieldstart|move: Grassy Terrain
|move|p1a: Tyranitar|Pursuit|p2a: Calyrex
|-supereffective|p2a: Calyrex
|-damage|p2a: Calyrex|45/100
|
|-weather|Sandstorm|[upkeep]
|-damage|p2a: Calyrex|42/100|[from] Sandstorm
|-heal|p2a: Calyrex|45/100|[from] Grassy Terrain
|-heal|p1a: Tyranitar|29/100|[from] Grassy Terrain
|-heal|p1a: Tyranitar|36/100|[from] item: Leftovers
|upkeep
|turn|21
|
|t:|1664056924
|-start|p1a: Tyranitar|Dynamax|
|-heal|p1a: Tyranitar|36/100|[silent]
|move|p1a: Tyranitar|Max Guard|p1a: Tyranitar
|-singleturn|p1a: Tyranitar|Max Guard
|move|p2a: Calyrex|Max Overgrowth|p1a: Tyranitar
|-activate|p1a: Tyranitar|move: Max Guard
|
|-weather|Sandstorm|[upkeep]
|-damage|p2a: Calyrex|42/100|[from] Sandstorm
|-heal|p2a: Calyrex|45/100|[from] Grassy Terrain
|-heal|p1a: Tyranitar|39/100|[from] Grassy Terrain
|-heal|p1a: Tyranitar|42/100|[from] item: Leftovers
|upkeep
|turn|22
|
|t:|1664056937
|move|p2a: Calyrex|Max Overgrowth|p1a: Tyranitar
|-supereffective|p1a: Tyranitar
|-damage|p1a: Tyranitar|0 fnt
|faint|p1a: Tyranitar
|-ability|p2a: Calyrex|Grim Neigh|boost
|-boost|p2a: Calyrex|spa|1
|
|-weather|Sandstorm|[upkeep]
|-damage|p2a: Calyrex|42/100|[from] Sandstorm
|-heal|p2a: Calyrex|45/100|[from] Grassy Terrain
|upkeep
|
|t:|1664056947
|switch|p1a: Ho-Oh|Ho-Oh|88/100 tox
|-end|p2a: Calyrex|Dynamax
|-heal|p2a: Calyrex|45/100|[silent]
|turn|23
|
|t:|1664056955
|move|p2a: Calyrex|Astral Barrage|p1a: Ho-Oh
|-damage|p1a: Ho-Oh|26/100 tox
|move|p1a: Ho-Oh|Sacred Fire|p2a: Calyrex
|-damage|p2a: Calyrex|0 fnt
|faint|p2a: Calyrex
|
|-weather|Sandstorm|[upkeep]
|-damage|p1a: Ho-Oh|20/100 tox|[from] Sandstorm
|-damage|p1a: Ho-Oh|14/100 tox|[from] psn
|upkeep
|
|t:|1664056962
|switch|p2a: Arceus|Arceus|100/100
|-damage|p2a: Arceus|88/100|[from] Stealth Rock
|turn|24
|
|t:|1664056968
|move|p2a: Arceus|Swords Dance|p2a: Arceus
|-boost|p2a: Arceus|atk|2
|move|p1a: Ho-Oh|Whirlwind|p2a: Arceus
|drag|p2a: Ditto|Ditto, shiny|100/100
|-damage|p2a: Ditto|88/100|[from] Stealth Rock
|-transform|p2a: Ditto|p1a: Ho-Oh|[from] ability: Imposter
|
|-weather|none
|-damage|p1a: Ho-Oh|2/100 tox|[from] psn
|-fieldend|move: Grassy Terrain
|upkeep
|turn|25
|
|t:|1664056980
|move|p2a: Ditto|Sacred Fire|p1a: Ho-Oh
|-resisted|p1a: Ho-Oh
|-damage|p1a: Ho-Oh|0 fnt
|faint|p1a: Ho-Oh
|
|upkeep
|
|t:|1664056985
|switch|p1a: Zygarde|Zygarde|73/100
|-damage|p1a: Zygarde|66/100|[from] Stealth Rock
|turn|26
|
|t:|1664056991
|move|p2a: Ditto|Sacred Fire|p1a: Zygarde
|-resisted|p1a: Zygarde
|-damage|p1a: Zygarde|55/100
|-status|p1a: Zygarde|brn
|move|p1a: Zygarde|Glare|p2a: Ditto
|-status|p2a: Ditto|par
|
|-heal|p1a: Zygarde|61/100 brn|[from] item: Leftovers
|-damage|p1a: Zygarde|55/100 brn|[from] brn
|upkeep
|turn|27
|
|t:|1664057009
|move|p1a: Zygarde|Glare|p2a: Ditto
|-fail|p2a: Ditto|par
|move|p2a: Ditto|Sacred Fire|p1a: Zygarde
|-resisted|p1a: Zygarde
|-damage|p1a: Zygarde|44/100 brn
|
|-heal|p1a: Zygarde|50/100 brn|[from] item: Leftovers
|-damage|p1a: Zygarde|44/100 brn|[from] brn
|-activate|p1a: Zygarde|ability: Power Construct
|detailschange|p1a: Zygarde|Zygarde-Complete
|-heal|p1a: Zygarde|63/100 brn|[silent]
|upkeep
|turn|28
|
|t:|1664057023
|move|p1a: Zygarde|Thousand Arrows|p2a: Ditto
|-damage|p2a: Ditto|70/100 par
|-start|p2a: Ditto|Smack Down
|move|p2a: Ditto|Sacred Fire|p1a: Zygarde
|-resisted|p1a: Zygarde
|-damage|p1a: Zygarde|56/100 brn
|
|-heal|p1a: Zygarde|62/100 brn|[from] item: Leftovers
|-damage|p1a: Zygarde|56/100 brn|[from] brn
|upkeep
|turn|29
|
|t:|1664057033
|move|p1a: Zygarde|Thousand Arrows|p2a: Ditto
|-supereffective|p2a: Ditto
|-damage|p2a: Ditto|30/100 par
|cant|p2a: Ditto|par
|
|-heal|p1a: Zygarde|62/100 brn|[from] item: Leftovers
|-damage|p1a: Zygarde|56/100 brn|[from] brn
|upkeep
|turn|30
|
|t:|1664057041
|move|p1a: Zygarde|Thousand Arrows|p2a: Ditto
|-supereffective|p2a: Ditto
|-damage|p2a: Ditto|0 fnt
|faint|p2a: Ditto
|
|-heal|p1a: Zygarde|62/100 brn|[from] item: Leftovers
|-damage|p1a: Zygarde|56/100 brn|[from] brn
|upkeep
|
|t:|1664057043
|switch|p2a: Arceus|Arceus|88/100
|-damage|p2a: Arceus|76/100|[from] Stealth Rock
|turn|31
|
|t:|1664057050
|move|p2a: Arceus|Swords Dance|p2a: Arceus
|-boost|p2a: Arceus|atk|2
|move|p1a: Zygarde|Glare|p2a: Arceus
|-status|p2a: Arceus|par
|-enditem|p2a: Arceus|Lum Berry|[eat]
|-curestatus|p2a: Arceus|par|[msg]
|
|-heal|p1a: Zygarde|62/100 brn|[from] item: Leftovers
|-damage|p1a: Zygarde|56/100 brn|[from] brn
|upkeep
|turn|32
|
|t:|1664057060
|move|p2a: Arceus|Extreme Speed|p1a: Zygarde
|-damage|p1a: Zygarde|28/100 brn
|move|p1a: Zygarde|Haze|p1a: Zygarde
|-clearallboost
|
|-heal|p1a: Zygarde|34/100 brn|[from] item: Leftovers
|-damage|p1a: Zygarde|28/100 brn|[from] brn
|upkeep
|turn|33
|
|t:|1664057078
|move|p2a: Arceus|Swords Dance|p2a: Arceus
|-boost|p2a: Arceus|atk|2
|move|p1a: Zygarde|Glare|p2a: Arceus
|-status|p2a: Arceus|par
|
|-heal|p1a: Zygarde|34/100 brn|[from] item: Leftovers
|-damage|p1a: Zygarde|28/100 brn|[from] brn
|upkeep
|turn|34
|
|t:|1664057087
|cant|p2a: Arceus|par
|move|p1a: Zygarde|Haze|p1a: Zygarde
|-clearallboost
|
|-heal|p1a: Zygarde|34/100 brn|[from] item: Leftovers
|-damage|p1a: Zygarde|28/100 brn|[from] brn
|upkeep
|turn|35
|c|☆Whitedevil12345678|Bruh why am i so unlucky
|
|t:|1664057111
|move|p1a: Zygarde|Rest|p1a: Zygarde
|-status|p1a: Zygarde|slp|[from] move: Rest
|-heal|p1a: Zygarde|100/100 slp|[silent]
|move|p2a: Arceus|Swords Dance|p2a: Arceus
|-boost|p2a: Arceus|atk|2
|
|upkeep
|turn|36
|
|t:|1664057118
|cant|p1a: Zygarde|slp
|cant|p2a: Arceus|par
|
|upkeep
|turn|37
|
|t:|1664057123
|cant|p1a: Zygarde|slp
|move|p2a: Arceus|Swords Dance|p2a: Arceus
|-boost|p2a: Arceus|atk|2
|
|upkeep
|turn|38
|
|t:|1664057128
|move|p2a: Arceus|Extreme Speed|p1a: Zygarde
|-damage|p1a: Zygarde|55/100 slp
|-curestatus|p1a: Zygarde|slp|[msg]
|move|p1a: Zygarde|Haze|p1a: Zygarde
|-clearallboost
|
|-heal|p1a: Zygarde|61/100|[from] item: Leftovers
|upkeep
|turn|39
|
|t:|1664057137
|move|p1a: Zygarde|Thousand Arrows|p2a: Arceus
|-damage|p2a: Arceus|53/100 par
|cant|p2a: Arceus|par
|
|-heal|p1a: Zygarde|67/100|[from] item: Leftovers
|upkeep
|turn|40
|
|t:|1664057143
|move|p1a: Zygarde|Thousand Arrows|p2a: Arceus
|-damage|p2a: Arceus|34/100 par
|move|p2a: Arceus|Recover|p2a: Arceus
|-heal|p2a: Arceus|84/100 par
|
|-heal|p1a: Zygarde|73/100|[from] item: Leftovers
|upkeep
|turn|41
|
|t:|1664057150
|move|p1a: Zygarde|Thousand Arrows|p2a: Arceus
|-damage|p2a: Arceus|64/100 par
|move|p2a: Arceus|Swords Dance|p2a: Arceus
|-boost|p2a: Arceus|atk|2
|
|-heal|p1a: Zygarde|80/100|[from] item: Leftovers
|upkeep
|turn|42
|
|t:|1664057157
|cant|p2a: Arceus|par
|move|p1a: Zygarde|Haze|p1a: Zygarde
|-clearallboost
|
|-heal|p1a: Zygarde|86/100|[from] item: Leftovers
|upkeep
|turn|43
|
|t:|1664057164
|move|p1a: Zygarde|Thousand Arrows|p2a: Arceus
|-damage|p2a: Arceus|41/100 par
|move|p2a: Arceus|Recover|p2a: Arceus
|-heal|p2a: Arceus|91/100 par
|
|-heal|p1a: Zygarde|92/100|[from] item: Leftovers
|upkeep
|turn|44
|
|t:|1664057171
|move|p1a: Zygarde|Thousand Arrows|p2a: Arceus
|-damage|p2a: Arceus|71/100 par
|move|p2a: Arceus|Swords Dance|p2a: Arceus
|-boost|p2a: Arceus|atk|2
|
|-heal|p1a: Zygarde|98/100|[from] item: Leftovers
|upkeep
|turn|45
|
|t:|1664057179
|move|p2a: Arceus|Extreme Speed|p1a: Zygarde
|-damage|p1a: Zygarde|69/100
|move|p1a: Zygarde|Haze|p1a: Zygarde
|-clearallboost
|
|-heal|p1a: Zygarde|75/100|[from] item: Leftovers
|upkeep
|turn|46
|
|t:|1664057188
|move|p1a: Zygarde|Thousand Arrows|p2a: Arceus
|-damage|p2a: Arceus|50/100 par
|move|p2a: Arceus|Swords Dance|p2a: Arceus
|-boost|p2a: Arceus|atk|2
|
|-heal|p1a: Zygarde|81/100|[from] item: Leftovers
|upkeep
|turn|47
|
|t:|1664057195
|move|p2a: Arceus|Extreme Speed|p1a: Zygarde
|-damage|p1a: Zygarde|53/100
|move|p1a: Zygarde|Haze|p1a: Zygarde
|-clearallboost
|
|-heal|p1a: Zygarde|59/100|[from] item: Leftovers
|upkeep
|turn|48
|
|t:|1664057202
|move|p1a: Zygarde|Thousand Arrows|p2a: Arceus
|-damage|p2a: Arceus|30/100 par
|move|p2a: Arceus|Recover|p2a: Arceus
|-heal|p2a: Arceus|80/100 par
|
|-heal|p1a: Zygarde|65/100|[from] item: Leftovers
|upkeep
|turn|49
|
|t:|1664057209
|move|p1a: Zygarde|Thousand Arrows|p2a: Arceus
|-damage|p2a: Arceus|61/100 par
|move|p2a: Arceus|Swords Dance|p2a: Arceus
|-boost|p2a: Arceus|atk|2
|
|-heal|p1a: Zygarde|72/100|[from] item: Leftovers
|upkeep
|turn|50
|
|t:|1664057216
|move|p2a: Arceus|Extreme Speed|p1a: Zygarde
|-damage|p1a: Zygarde|39/100
|move|p1a: Zygarde|Haze|p1a: Zygarde
|-clearallboost
|
|-heal|p1a: Zygarde|45/100|[from] item: Leftovers
|upkeep
|turn|51
|
|t:|1664057223
|move|p1a: Zygarde|Thousand Arrows|p2a: Arceus
|-damage|p2a: Arceus|41/100 par
|cant|p2a: Arceus|par
|
|-heal|p1a: Zygarde|51/100|[from] item: Leftovers
|upkeep
|turn|52
|
|t:|1664057229
|move|p1a: Zygarde|Thousand Arrows|p2a: Arceus
|-damage|p2a: Arceus|22/100 par
|move|p2a: Arceus|Recover|p2a: Arceus
|-heal|p2a: Arceus|72/100 par
|
|-heal|p1a: Zygarde|57/100|[from] item: Leftovers
|upkeep
|turn|53
|
|t:|1664057237
|move|p1a: Zygarde|Thousand Arrows|p2a: Arceus
|-damage|p2a: Arceus|52/100 par
|move|p2a: Arceus|Swords Dance|p2a: Arceus
|-boost|p2a: Arceus|atk|2
|
|-heal|p1a: Zygarde|63/100|[from] item: Leftovers
|upkeep
|turn|54
|
|t:|1664057244
|cant|p2a: Arceus|par
|move|p1a: Zygarde|Haze|p1a: Zygarde
|-clearallboost
|
|-heal|p1a: Zygarde|70/100|[from] item: Leftovers
|upkeep
|turn|55
|
|t:|1664057250
|move|p1a: Zygarde|Thousand Arrows|p2a: Arceus
|-damage|p2a: Arceus|31/100 par
|move|p2a: Arceus|Recover|p2a: Arceus
|-heal|p2a: Arceus|81/100 par
|
|-heal|p1a: Zygarde|76/100|[from] item: Leftovers
|upkeep
|turn|56
|
|t:|1664057258
|move|p1a: Zygarde|Thousand Arrows|p2a: Arceus
|-damage|p2a: Arceus|59/100 par
|move|p2a: Arceus|Swords Dance|p2a: Arceus
|-boost|p2a: Arceus|atk|2
|
|-heal|p1a: Zygarde|82/100|[from] item: Leftovers
|upkeep
|turn|57
|
|t:|1664057265
|cant|p2a: Arceus|par
|move|p1a: Zygarde|Haze|p1a: Zygarde
|-clearallboost
|
|-heal|p1a: Zygarde|88/100|[from] item: Leftovers
|upkeep
|turn|58
|
|t:|1664057274
|move|p1a: Zygarde|Glare|p2a: Arceus
|-fail|p2a: Arceus|par
|move|p2a: Arceus|Recover|p2a: Arceus
|-heal|p2a: Arceus|100/100 par
|
|-heal|p1a: Zygarde|94/100|[from] item: Leftovers
|upkeep
|turn|59
|
|t:|1664057281
|move|p1a: Zygarde|Haze|p1a: Zygarde
|-clearallboost
|move|p2a: Arceus|Swords Dance|p2a: Arceus
|-boost|p2a: Arceus|atk|2
|
|-heal|p1a: Zygarde|99/100|[from] item: Leftovers
|upkeep
|turn|60
|
|t:|1664057288
|move|p2a: Arceus|Extreme Speed|p1a: Zygarde
|-damage|p1a: Zygarde|69/100
|move|p1a: Zygarde|Haze|p1a: Zygarde
|-clearallboost
|
|-heal|p1a: Zygarde|75/100|[from] item: Leftovers
|upkeep
|turn|61
|-message|Whitedevil12345678 forfeited.
|
|win|spicyntegral
|raw|spicyntegral's rating: 1826 &rarr; <strong>1856</strong><br />(+30 for winning)
|raw|Whitedevil12345678's rating: 2018 &rarr; <strong>1988</strong><br />(-30 for losing)
|l|☆Whitedevil12345678
||Ladder isn't responding, score probably updated but might not have (Request timeout).
