|j|☆Testing teams 596
|j|☆Psyche Surfer
|t:|1655190796
|gametype|singles
|player|p1|Testing teams 596|schoolkid-gen4dp|1737
|player|p2|Psyche Surfer|schoolkid-gen4dp|1911
|teamsize|p1|6
|teamsize|p2|6
|gen|8
|tier|[Gen 8] National Dex AG
|rated|
|rule|HP Percentage Mod: HP is shown in percentages
|rule|Endless Battle Clause: Forcing endless battles is banned
|clearpoke
|poke|p1|Deoxys-Speed|
|poke|p1|Smeargle, M|
|poke|p1|Smeargle, M|
|poke|p1|Kartana|
|poke|p1|Dialga|
|poke|p1|Arceus-*|
|poke|p2|Necrozma-Dusk-Mane|
|poke|p2|Groudon|
|poke|p2|Arceus-*|
|poke|p2|Rayquaza|
|poke|p2|Giratina|
|poke|p2|Tyranitar, F|
|teampreview
|inactive|Battle timer is ON: inactive players will automatically lose when time's up. (requested by Psyche Surfer)
|inactive|Testing teams 596 also wants the timer to be on.
|
|t:|1655190811
|start
|switch|p1a: Deoxys|Deoxys-Speed|100/100
|switch|p2a: Tyranitar|Tyranitar, F|100/100
|-ability|p1a: Deoxys|Pressure
|-weather|Sandstorm|[from] ability: Sand Stream|[of] p2a: Tyranitar
|turn|1
|c|☆Testing teams 596|Oh its u sunny
|j| Apprenti Buck
|
|t:|1655190825
|move|p1a: Deoxys|Stealth Rock|p2a: Tyranitar
|-sidestart|p2: Psyche Surfer|move: Stealth Rock
|move|p2a: Tyranitar|Stealth Rock|p1a: Deoxys
|-sidestart|p1: Testing teams 596|move: Stealth Rock
|
|-weather|Sandstorm|[upkeep]
|-damage|p1a: Deoxys|95/100|[from] Sandstorm
|upkeep
|turn|2
|
|t:|1655190829
|move|p1a: Deoxys|Taunt|p2a: Tyranitar
|-start|p2a: Tyranitar|move: Taunt
|move|p2a: Tyranitar|Pursuit|p1a: Deoxys
|-supereffective|p1a: Deoxys
|-damage|p1a: Deoxys|54/100
|
|-weather|Sandstorm|[upkeep]
|-damage|p1a: Deoxys|48/100|[from] Sandstorm
|upkeep
|turn|3
|
|t:|1655190831
|move|p1a: Deoxys|Skill Swap|p2a: Tyranitar
|-activate|p1a: Deoxys|move: Skill Swap|Sand Stream|Pressure|[of] p2a: Tyranitar
|-ability|p2a: Tyranitar|Pressure
|move|p2a: Tyranitar|Pursuit|p1a: Deoxys
|-supereffective|p1a: Deoxys
|-damage|p1a: Deoxys|4/100
|
|-weather|Sandstorm|[upkeep]
|-damage|p1a: Deoxys|0 fnt|[from] Sandstorm
|faint|p1a: Deoxys
|upkeep
|
|t:|1655190833
|switch|p1a: Smeargle|Smeargle, M|100/100
|-damage|p1a: Smeargle|88/100|[from] Stealth Rock
|turn|4
|
|t:|1655190836
|move|p1a: Smeargle|Spore|p2a: Tyranitar
|-status|p2a: Tyranitar|slp|[from] move: Spore
|cant|p2a: Tyranitar|slp
|
|-weather|Sandstorm|[upkeep]
|-damage|p1a: Smeargle|82/100|[from] Sandstorm
|-end|p2a: Tyranitar|move: Taunt
|upkeep
|turn|5
|c| Apprenti Buck|U mean 09-10b
|
|t:|1655190838
|move|p1a: Smeargle|Shell Smash|p1a: Smeargle
|-unboost|p1a: Smeargle|def|1
|-unboost|p1a: Smeargle|spd|1
|-boost|p1a: Smeargle|atk|2
|-boost|p1a: Smeargle|spa|2
|-boost|p1a: Smeargle|spe|2
|cant|p2a: Tyranitar|slp
|
|-weather|none
|upkeep
|turn|6
|
|t:|1655190841
|move|p1a: Smeargle|Baton Pass|p1a: Smeargle
|
|t:|1655190842
|switch|p1a: Kartana|Kartana|100/100|[from]move: Baton Pass
|-enditem|p1a: Kartana|White Herb
|-clearnegativeboost|p1a: Kartana|[silent]
|-damage|p1a: Kartana|94/100|[from] Stealth Rock
|cant|p2a: Tyranitar|slp
|
|upkeep
|turn|7
|
|t:|1655190856
|switch|p2a: Giratina|Giratina|100/100
|-damage|p2a: Giratina|88/100|[from] Stealth Rock
|-ability|p2a: Giratina|Pressure
|move|p1a: Kartana|Sacred Sword|p2a: Giratina
|-immune|p2a: Giratina
|
|-heal|p2a: Giratina|94/100|[from] item: Leftovers
|upkeep
|turn|8
|
|t:|1655190860
|-start|p1a: Kartana|Dynamax|
|-heal|p1a: Kartana|94/100|[silent]
|move|p1a: Kartana|Max Darkness|p2a: Giratina
|-supereffective|p2a: Giratina
|-damage|p2a: Giratina|0 fnt
|faint|p2a: Giratina
|-ability|p1a: Kartana|Beast Boost|boost
|-boost|p1a: Kartana|atk|1
|
|upkeep
|
|t:|1655190863
|switch|p2a: Necrozma|Necrozma-Dusk-Mane|100/100
|-damage|p2a: Necrozma|94/100|[from] Stealth Rock
|turn|9
|c|☆Testing teams 596|Wait really
|
|t:|1655190869
|-start|p2a: Necrozma|Dynamax|
|-heal|p2a: Necrozma|94/100|[silent]
|move|p1a: Kartana|Max Darkness|p2a: Necrozma
|-supereffective|p2a: Necrozma
|-damage|p2a: Necrozma|38/100
|-unboost|p2a: Necrozma|spd|1
|move|p2a: Necrozma|Max Steelspike|p1a: Kartana
|-resisted|p1a: Kartana
|-damage|p1a: Kartana|76/100
|-boost|p2a: Necrozma|def|1
|
|upkeep
|turn|10
|c| Apprenti Buck|I’m not sure
|
|t:|1655190880
|move|p2a: Necrozma|Max Guard|p2a: Necrozma
|-singleturn|p2a: Necrozma|Max Guard
|move|p1a: Kartana|Max Darkness|p2a: Necrozma
|-activate|p2a: Necrozma|move: Max Guard
|
|upkeep
|-end|p1a: Kartana|Dynamax
|-heal|p1a: Kartana|76/100|[silent]
|turn|11
|
|t:|1655190883
|move|p1a: Kartana|Knock Off|p2a: Necrozma
|-supereffective|p2a: Necrozma
|-damage|p2a: Necrozma|8/100
|-damage|p1a: Kartana|59/100|[from] item: Rocky Helmet|[of] p2a: Necrozma
|-enditem|p2a: Necrozma|Rocky Helmet|[from] move: Knock Off|[of] p1a: Kartana
|move|p2a: Necrozma|Max Quake|p1a: Kartana
|-damage|p1a: Kartana|12/100
|-boost|p2a: Necrozma|spd|1
|
|upkeep
|-end|p2a: Necrozma|Dynamax
|-heal|p2a: Necrozma|8/100|[silent]
|turn|12
|
|t:|1655190887
|move|p1a: Kartana|Knock Off|p2a: Necrozma
|-supereffective|p2a: Necrozma
|-damage|p2a: Necrozma|0 fnt
|faint|p2a: Necrozma
|-ability|p1a: Kartana|Beast Boost|boost
|-boost|p1a: Kartana|atk|1
|
|upkeep
|
|t:|1655190889
|switch|p2a: Rayquaza|Rayquaza|100/100
|-damage|p2a: Rayquaza|76/100|[from] Stealth Rock
|-ability|p2a: Rayquaza|Air Lock
|turn|13
|
|t:|1655190891
|detailschange|p2a: Rayquaza|Rayquaza-Mega
|-mega|p2a: Rayquaza|Rayquaza|
|-weather|DeltaStream|[from] ability: Delta Stream|[of] p2a: Rayquaza
|move|p2a: Rayquaza|Extreme Speed|p1a: Kartana
|-resisted|p1a: Kartana
|-damage|p1a: Kartana|0 fnt
|faint|p1a: Kartana
|
|-weather|DeltaStream|[upkeep]
|upkeep
|
|t:|1655190894
|switch|p1a: Arceus|Arceus|100/100
|-damage|p1a: Arceus|88/100|[from] Stealth Rock
|turn|14
|
|t:|1655190899
|move|p2a: Rayquaza|Extreme Speed|p1a: Arceus
|-damage|p1a: Arceus|41/100
|move|p1a: Arceus|Swords Dance|p1a: Arceus
|-boost|p1a: Arceus|atk|2
|
|-weather|DeltaStream|[upkeep]
|upkeep
|turn|15
|
|t:|1655190902
|move|p1a: Arceus|Extreme Speed|p2a: Rayquaza
|-damage|p2a: Rayquaza|0 fnt
|faint|p2a: Rayquaza
|-weather|none
|
|upkeep
|
|t:|1655190905
|switch|p2a: Arceus|Arceus-Water|100/100
|-damage|p2a: Arceus|88/100|[from] Stealth Rock
|turn|16
|
|t:|1655190912
|-zpower|p1a: Arceus
|move|p1a: Arceus|Breakneck Blitz|p2a: Arceus|[zeffect]
|-damage|p2a: Arceus|0 fnt
|faint|p2a: Arceus
|
|upkeep
|-message|Psyche Surfer forfeited.
|
|win|Testing teams 596
|raw|Testing teams 596's rating: 1737 &rarr; <strong>1766</strong><br />(+29 for winning)
|raw|Psyche Surfer's rating: 1911 &rarr; <strong>1882</strong><br />(-29 for losing)
|c|☆Testing teams 596|Lol
