|j|☆Saunava
|j|☆SyaNinja
|t:|1651560910
|gametype|singles
|player|p1|Saunava|n|1414
|player|p2|SyaNinja|ghetsis-gen5bw|1426
|teamsize|p1|6
|teamsize|p2|6
|gen|8
|tier|[Gen 8] National Dex AG
|rated|
|rule|HP Percentage Mod: HP is shown in percentages
|rule|Endless Battle Clause: Forcing endless battles is banned
|clearpoke
|poke|p1|Zacian-*|
|poke|p1|Zacian-*|
|poke|p1|Zacian-*|
|poke|p1|Ditto|
|poke|p1|Ditto|
|poke|p1|Smeargle, M|
|poke|p2|Marshadow|
|poke|p2|Rotom-Heat|
|poke|p2|Aerodactyl, M|
|poke|p2|Dracovish|
|poke|p2|Butterfree, M|
|poke|p2|Cottonee, L1, M|
|teampreview
|
|t:|1651560917
|start
|switch|p1a: Zacian|Zacian-Crowned|100/100
|switch|p2a: Aerodactyl|Aerodactyl, M|100/100
|-ability|p1a: Zacian|Intrepid Sword|boost
|-boost|p1a: Zacian|atk|1
|-ability|p2a: Aerodactyl|Pressure
|turn|1
|
|t:|1651560928
|move|p1a: Zacian|Behemoth Blade|p2a: Aerodactyl
|-supereffective|p2a: Aerodactyl
|-enditem|p2a: Aerodactyl|Focus Sash
|-damage|p2a: Aerodactyl|1/100
|move|p2a: Aerodactyl|Tailwind|p2a: Aerodactyl
|-sidestart|p2: SyaNinja|move: Tailwind
|
|upkeep
|turn|2
|
|t:|1651560934
|move|p2a: Aerodactyl|Stealth Rock|p1a: Zacian
|-sidestart|p1: Saunava|move: Stealth Rock
|move|p1a: Zacian|Behemoth Blade|p2a: Aerodactyl
|-supereffective|p2a: Aerodactyl
|-damage|p2a: Aerodactyl|0 fnt
|faint|p2a: Aerodactyl
|
|upkeep
|
|t:|1651560939
|switch|p2a: Butterfree|Butterfree, M|100/100
|turn|3
|
|t:|1651560945
|move|p2a: Butterfree|Sleep Powder|p1a: Zacian
|-status|p1a: Zacian|slp|[from] move: Sleep Powder
|cant|p1a: Zacian|slp
|
|upkeep
|turn|4
|inactive|Battle timer is ON: inactive players will automatically lose when time's up. (requested by SyaNinja)
|
|t:|1651560997
|move|p2a: Butterfree|Substitute|p2a: Butterfree
|-start|p2a: Butterfree|Substitute
|-damage|p2a: Butterfree|76/100
|cant|p1a: Zacian|slp
|
|-heal|p2a: Butterfree|82/100|[from] item: Leftovers
|-sideend|p2: SyaNinja|move: Tailwind
|upkeep
|turn|5
|
|t:|1651561000
|cant|p1a: Zacian|slp
|move|p2a: Butterfree|Quiver Dance|p2a: Butterfree
|-boost|p2a: Butterfree|spa|1
|-boost|p2a: Butterfree|spd|1
|-boost|p2a: Butterfree|spe|1
|
|-heal|p2a: Butterfree|88/100|[from] item: Leftovers
|upkeep
|turn|6
|
|t:|1651561007
|-curestatus|p1a: Zacian|slp|[msg]
|move|p1a: Zacian|Behemoth Blade|p2a: Butterfree
|-end|p2a: Butterfree|Substitute
|move|p2a: Butterfree|Quiver Dance|p2a: Butterfree
|-boost|p2a: Butterfree|spa|1
|-boost|p2a: Butterfree|spd|1
|-boost|p2a: Butterfree|spe|1
|
|-heal|p2a: Butterfree|94/100|[from] item: Leftovers
|upkeep
|turn|7
|
|t:|1651561012
|move|p2a: Butterfree|Sleep Powder|p1a: Zacian|[miss]
|-miss|p2a: Butterfree|p1a: Zacian
|move|p1a: Zacian|Behemoth Blade|p2a: Butterfree
|-damage|p2a: Butterfree|0 fnt
|faint|p2a: Butterfree
|
|upkeep
|
|t:|1651561022
|switch|p2a: Rotom|Rotom-Heat|100/100
|turn|8
|
|t:|1651561026
|move|p1a: Zacian|Behemoth Blade|p2a: Rotom
|-resisted|p2a: Rotom
|-damage|p2a: Rotom|82/100
|move|p2a: Rotom|Overheat|p1a: Zacian
|-supereffective|p1a: Zacian
|-damage|p1a: Zacian|16/100
|-unboost|p2a: Rotom|spa|2
|
|upkeep
|turn|9
|
|t:|1651561031
|move|p1a: Zacian|Play Rough|p2a: Rotom
|-resisted|p2a: Rotom
|-damage|p2a: Rotom|43/100
|move|p2a: Rotom|Volt Switch|p1a: Zacian
|-damage|p1a: Zacian|4/100
|
|t:|1651561034
|switch|p2a: Dracovish|Dracovish|100/100|[from]move: Volt Switch
|
|upkeep
|turn|10
|
|t:|1651561038
|switch|p2a: Rotom|Rotom-Heat|43/100
|move|p1a: Zacian|Play Rough|p2a: Rotom|[miss]
|-miss|p1a: Zacian|p2a: Rotom
|
|upkeep
|turn|11
|
|t:|1651561043
|move|p1a: Zacian|Close Combat|p2a: Rotom
|-damage|p2a: Rotom|0 fnt
|-unboost|p1a: Zacian|def|1
|-unboost|p1a: Zacian|spd|1
|faint|p2a: Rotom
|
|upkeep
|
|t:|1651561047
|switch|p2a: Dracovish|Dracovish|100/100
|turn|12
|
|t:|1651561056
|move|p2a: Dracovish|Fishious Rend|p1a: Zacian
|-damage|p1a: Zacian|0 fnt
|faint|p1a: Zacian
|
|upkeep
|
|t:|1651561061
|switch|p1a: Zacian|Zacian-Crowned|100/100
|-damage|p1a: Zacian|94/100|[from] Stealth Rock
|-ability|p1a: Zacian|Intrepid Sword|boost
|-boost|p1a: Zacian|atk|1
|turn|13
|
|t:|1651561064
|move|p1a: Zacian|Play Rough|p2a: Dracovish
|-supereffective|p2a: Dracovish
|-damage|p2a: Dracovish|0 fnt
|faint|p2a: Dracovish
|
|upkeep
|
|t:|1651561067
|switch|p2a: Marshadow|Marshadow|100/100
|turn|14
|-message|SyaNinja forfeited.
|
|win|Saunava
|raw|Saunava's rating: 1414 &rarr; <strong>1435</strong><br />(+21 for winning)
|raw|SyaNinja's rating: 1426 &rarr; <strong>1405</strong><br />(-21 for losing)
