|j|☆spicyntegral
|j|☆rowletroost
|t:|1641764387
|gametype|singles
|player|p1|spicyntegral|n|1720
|player|p2|rowletroost|aromalady|1662
|teamsize|p1|6
|teamsize|p2|6
|gen|8
|tier|[Gen 8] National Dex AG
|rated|
|rule|HP Percentage Mod: HP is shown in percentages
|rule|Endless Battle Clause: Forcing endless battles is banned
|clearpoke
|poke|p1|Rayquaza|
|poke|p1|Tyranitar, M|
|poke|p1|Ho-Oh|
|poke|p1|Yveltal|
|poke|p1|Necrozma-Dusk-Mane|
|poke|p1|Zacian-*|
|poke|p2|Arceus-*|
|poke|p2|Xerneas-*|
|poke|p2|Kyogre|
|poke|p2|Marshadow|
|poke|p2|Ribombee, M|
|poke|p2|Vivillon-Savanna, M|
|teampreview
|inactive|Battle timer is ON: inactive players will automatically lose when time's up. (requested by rowletroost)
|
|t:|1641764402
|start
|switch|p1a: Zacian|Zacian-Crowned|100/100
|switch|p2a: Arceus|Arceus-Ground|100/100
|-ability|p1a: Zacian|Intrepid Sword|boost
|-boost|p1a: Zacian|atk|1
|turn|1
|
|t:|1641764415
|switch|p1a: Ho-Oh|Ho-Oh|100/100
|move|p2a: Arceus|Judgment|p1a: Ho-Oh
|-immune|p1a: Ho-Oh
|
|upkeep
|turn|2
|
|t:|1641764422
|switch|p2a: Kyogre|Kyogre, shiny|100/100
|detailschange|p2a: Kyogre|Kyogre-Primal, shiny
|-primal|p2a: Kyogre
|-weather|PrimordialSea|[from] ability: Primordial Sea|[of] p2a: Kyogre
|move|p1a: Ho-Oh|Toxic|p2a: Kyogre
|-status|p2a: Kyogre|tox
|
|-weather|PrimordialSea|[upkeep]
|-damage|p2a: Kyogre|94/100 tox|[from] psn
|upkeep
|turn|3
|
|t:|1641764436
|move|p1a: Ho-Oh|Protect|p1a: Ho-Oh
|-singleturn|p1a: Ho-Oh|Protect
|move|p2a: Kyogre|Ice Beam|p1a: Ho-Oh
|-activate|p1a: Ho-Oh|move: Protect
|
|-weather|PrimordialSea|[upkeep]
|-damage|p2a: Kyogre|82/100 tox|[from] psn
|upkeep
|turn|4
|inactive|spicyntegral has 120 seconds left.
|inactive|spicyntegral has 90 seconds left.
|
|t:|1641764500
|switch|p1a: Rayquaza|Rayquaza|100/100
|-ability|p1a: Rayquaza|Air Lock
|move|p2a: Kyogre|Origin Pulse|p1a: Rayquaza
|-resisted|p1a: Rayquaza
|-damage|p1a: Rayquaza|52/100
|
|-weather|PrimordialSea|[upkeep]
|-damage|p2a: Kyogre|63/100 tox|[from] psn
|upkeep
|turn|5
|inactive|spicyntegral has 90 seconds left.
|
|t:|1641764514
|detailschange|p1a: Rayquaza|Rayquaza-Mega
|-mega|p1a: Rayquaza|Rayquaza|
|-weather|DeltaStream|[from] ability: Delta Stream|[of] p1a: Rayquaza
|move|p1a: Rayquaza|Dragon Ascent|p2a: Kyogre
|-damage|p2a: Kyogre|0 fnt
|-unboost|p1a: Rayquaza|def|1
|-unboost|p1a: Rayquaza|spd|1
|faint|p2a: Kyogre
|-damage|p1a: Rayquaza|42/100|[from] item: Life Orb
|
|-weather|DeltaStream|[upkeep]
|upkeep
|
|t:|1641764517
|switch|p2a: Marshadow|Marshadow|100/100
|turn|6
|inactive|spicyntegral has 90 seconds left.
|
|t:|1641764558
|-weather|none
|switch|p1a: Yveltal|Yveltal|100/100
|-ability|p1a: Yveltal|Dark Aura
|move|p2a: Marshadow|Spectral Thief|p1a: Yveltal
|-resisted|p1a: Yveltal
|-damage|p1a: Yveltal|78/100
|
|upkeep
|turn|7
|
|t:|1641764570
|move|p2a: Marshadow|Rock Tomb|p1a: Yveltal
|-supereffective|p1a: Yveltal
|-damage|p1a: Yveltal|21/100
|-unboost|p1a: Yveltal|spe|1
|move|p1a: Yveltal|Oblivion Wing|p2a: Marshadow
|-supereffective|p2a: Marshadow
|-enditem|p2a: Marshadow|Focus Sash
|-damage|p2a: Marshadow|1/100
|-heal|p1a: Yveltal|82/100|[from] drain|[of] p2a: Marshadow
|-damage|p1a: Yveltal|72/100|[from] item: Life Orb
|
|upkeep
|turn|8
|
|t:|1641764583
|switch|p1a: Necrozma|Necrozma-Dusk-Mane|100/100
|move|p2a: Marshadow|Close Combat|p1a: Necrozma
|-damage|p1a: Necrozma|67/100
|-unboost|p2a: Marshadow|def|1
|-unboost|p2a: Marshadow|spd|1
|-damage|p2a: Marshadow|0 fnt|[from] item: Rocky Helmet|[of] p1a: Necrozma
|faint|p2a: Marshadow
|
|upkeep
|
|t:|1641764586
|switch|p2a: Vivillon|Vivillon-Savanna, M|100/100
|turn|9
|
|t:|1641764606
|move|p2a: Vivillon|Sleep Powder|p1a: Necrozma
|-status|p1a: Necrozma|slp|[from] move: Sleep Powder
|cant|p1a: Necrozma|slp
|
|upkeep
|turn|10
|
|t:|1641764612
|switch|p1a: Yveltal|Yveltal|72/100
|-ability|p1a: Yveltal|Dark Aura
|move|p2a: Vivillon|Substitute|p2a: Vivillon
|-start|p2a: Vivillon|Substitute
|-damage|p2a: Vivillon|76/100
|
|-heal|p2a: Vivillon|82/100|[from] item: Leftovers
|upkeep
|turn|11
|
|t:|1641764624
|move|p2a: Vivillon|Sleep Powder|p1a: Yveltal
|-status|p1a: Yveltal|slp|[from] move: Sleep Powder
|cant|p1a: Yveltal|slp
|
|-heal|p2a: Vivillon|88/100|[from] item: Leftovers
|upkeep
|turn|12
|
|t:|1641764635
|switch|p1a: Rayquaza|Rayquaza-Mega|42/100
|-weather|DeltaStream|[from] ability: Delta Stream|[of] p1a: Rayquaza
|move|p2a: Vivillon|Quiver Dance|p2a: Vivillon
|-boost|p2a: Vivillon|spa|1
|-boost|p2a: Vivillon|spd|1
|-boost|p2a: Vivillon|spe|1
|
|-weather|DeltaStream|[upkeep]
|-heal|p2a: Vivillon|94/100|[from] item: Leftovers
|upkeep
|turn|13
|
|t:|1641764647
|move|p1a: Rayquaza|Extreme Speed|p2a: Vivillon
|-end|p2a: Vivillon|Substitute
|-damage|p1a: Rayquaza|32/100|[from] item: Life Orb
|move|p2a: Vivillon|Hurricane|p1a: Rayquaza
|-damage|p1a: Rayquaza|0 fnt
|faint|p1a: Rayquaza
|-weather|none
|
|-heal|p2a: Vivillon|99/100|[from] item: Leftovers
|upkeep
|
|t:|1641764661
|switch|p1a: Zacian|Zacian-Crowned|100/100
|-ability|p1a: Zacian|Intrepid Sword|boost
|-boost|p1a: Zacian|atk|1
|turn|14
|
|t:|1641764677
|move|p2a: Vivillon|Sleep Powder|p1a: Zacian
|-status|p1a: Zacian|slp|[from] move: Sleep Powder
|cant|p1a: Zacian|slp
|
|-heal|p2a: Vivillon|100/100|[from] item: Leftovers
|upkeep
|turn|15
|
|t:|1641764680
|move|p2a: Vivillon|Substitute|p2a: Vivillon
|-start|p2a: Vivillon|Substitute
|-damage|p2a: Vivillon|76/100
|cant|p1a: Zacian|slp
|
|-heal|p2a: Vivillon|82/100|[from] item: Leftovers
|upkeep
|turn|16
|
|t:|1641764692
|move|p2a: Vivillon|Quiver Dance|p2a: Vivillon
|-boost|p2a: Vivillon|spa|1
|-boost|p2a: Vivillon|spd|1
|-boost|p2a: Vivillon|spe|1
|-curestatus|p1a: Zacian|slp|[msg]
|move|p1a: Zacian|Behemoth Blade|p2a: Vivillon
|-crit|p2a: Vivillon
|-end|p2a: Vivillon|Substitute
|
|-heal|p2a: Vivillon|88/100|[from] item: Leftovers
|upkeep
|turn|17
|inactive|spicyntegral has 90 seconds left.
|
|t:|1641764709
|switch|p1a: Yveltal|Yveltal|72/100 slp
|-ability|p1a: Yveltal|Dark Aura
|move|p2a: Vivillon|Sleep Powder|p1a: Yveltal
|-fail|p1a: Yveltal|slp
|
|-heal|p2a: Vivillon|94/100|[from] item: Leftovers
|upkeep
|turn|18
|inactive|spicyntegral has 90 seconds left.
|
|t:|1641764725
|move|p2a: Vivillon|Substitute|p2a: Vivillon
|-start|p2a: Vivillon|Substitute
|-damage|p2a: Vivillon|69/100
|-curestatus|p1a: Yveltal|slp|[msg]
|move|p1a: Yveltal|Oblivion Wing|p2a: Vivillon
|-supereffective|p2a: Vivillon
|-end|p2a: Vivillon|Substitute
|-heal|p1a: Yveltal|86/100|[from] drain|[of] p2a: Vivillon
|-damage|p1a: Yveltal|76/100|[from] item: Life Orb
|
|-heal|p2a: Vivillon|75/100|[from] item: Leftovers
|upkeep
|turn|19
|inactive|spicyntegral has 90 seconds left.
|
|t:|1641764740
|move|p2a: Vivillon|Sleep Powder|p1a: Yveltal
|-status|p1a: Yveltal|slp|[from] move: Sleep Powder
|cant|p1a: Yveltal|slp
|
|-heal|p2a: Vivillon|81/100|[from] item: Leftovers
|upkeep
|turn|20
|inactive|spicyntegral has 90 seconds left.
|
|t:|1641764748
|move|p2a: Vivillon|Substitute|p2a: Vivillon
|-start|p2a: Vivillon|Substitute
|-damage|p2a: Vivillon|56/100
|cant|p1a: Yveltal|slp
|
|-heal|p2a: Vivillon|62/100|[from] item: Leftovers
|upkeep
|turn|21
|
|t:|1641764754
|move|p2a: Vivillon|Quiver Dance|p2a: Vivillon
|-boost|p2a: Vivillon|spa|1
|-boost|p2a: Vivillon|spd|1
|-boost|p2a: Vivillon|spe|1
|cant|p1a: Yveltal|slp
|
|-heal|p2a: Vivillon|68/100|[from] item: Leftovers
|upkeep
|turn|22
|
|t:|1641764760
|move|p2a: Vivillon|Hurricane|p1a: Yveltal
|-damage|p1a: Yveltal|0 fnt
|faint|p1a: Yveltal
|
|-heal|p2a: Vivillon|74/100|[from] item: Leftovers
|upkeep
|
|t:|1641764768
|switch|p1a: Tyranitar|Tyranitar, M|100/100
|-weather|Sandstorm|[from] ability: Sand Stream|[of] p1a: Tyranitar
|turn|23
|
|t:|1641764796
|move|p2a: Vivillon|Sleep Powder|p1a: Tyranitar
|-status|p1a: Tyranitar|slp|[from] move: Sleep Powder
|cant|p1a: Tyranitar|slp
|
|-weather|Sandstorm|[upkeep]
|-damage|p2a: Vivillon|68/100|[from] Sandstorm
|-heal|p2a: Vivillon|74/100|[from] item: Leftovers
|upkeep
|turn|24
|
|t:|1641764807
|move|p2a: Vivillon|Hurricane|p1a: Tyranitar
|-resisted|p1a: Tyranitar
|-damage|p1a: Tyranitar|80/100 slp
|-start|p1a: Tyranitar|confusion
|cant|p1a: Tyranitar|slp
|
|-weather|Sandstorm|[upkeep]
|-damage|p2a: Vivillon|68/100|[from] Sandstorm
|-heal|p2a: Vivillon|74/100|[from] item: Leftovers
|-heal|p1a: Tyranitar|86/100 slp|[from] item: Leftovers
|upkeep
|turn|25
|
|t:|1641764819
|move|p2a: Vivillon|Quiver Dance|p2a: Vivillon
|-boost|p2a: Vivillon|spa|1
|-boost|p2a: Vivillon|spd|1
|-boost|p2a: Vivillon|spe|1
|-curestatus|p1a: Tyranitar|slp|[msg]
|-activate|p1a: Tyranitar|confusion
|move|p1a: Tyranitar|Rock Tomb|p2a: Vivillon
|-supereffective|p2a: Vivillon
|-end|p2a: Vivillon|Substitute
|
|-weather|Sandstorm|[upkeep]
|-damage|p2a: Vivillon|68/100|[from] Sandstorm
|-heal|p2a: Vivillon|74/100|[from] item: Leftovers
|-heal|p1a: Tyranitar|92/100|[from] item: Leftovers
|upkeep
|turn|26
|inactive|spicyntegral has 90 seconds left.
|
|t:|1641764834
|move|p2a: Vivillon|Sleep Powder|p1a: Tyranitar
|-status|p1a: Tyranitar|slp|[from] move: Sleep Powder
|cant|p1a: Tyranitar|slp
|
|-weather|Sandstorm|[upkeep]
|-damage|p2a: Vivillon|68/100|[from] Sandstorm
|-heal|p2a: Vivillon|74/100|[from] item: Leftovers
|-heal|p1a: Tyranitar|98/100 slp|[from] item: Leftovers
|upkeep
|turn|27
|inactive|spicyntegral has 90 seconds left.
|
|t:|1641764846
|move|p2a: Vivillon|Substitute|p2a: Vivillon
|-start|p2a: Vivillon|Substitute
|-damage|p2a: Vivillon|49/100
|cant|p1a: Tyranitar|slp
|
|-weather|none
|-heal|p2a: Vivillon|55/100|[from] item: Leftovers
|-heal|p1a: Tyranitar|100/100 slp|[from] item: Leftovers
|upkeep
|turn|28
|inactive|spicyntegral has 90 seconds left.
|
|t:|1641764867
|move|p2a: Vivillon|Quiver Dance|p2a: Vivillon
|-boost|p2a: Vivillon|spa|1
|-boost|p2a: Vivillon|spd|1
|-boost|p2a: Vivillon|spe|1
|-curestatus|p1a: Tyranitar|slp|[msg]
|-activate|p1a: Tyranitar|confusion
|-damage|p1a: Tyranitar|91/100|[from] confusion
|
|-heal|p2a: Vivillon|61/100|[from] item: Leftovers
|-heal|p1a: Tyranitar|97/100|[from] item: Leftovers
|upkeep
|turn|29
|
|t:|1641764878
|switch|p1a: Necrozma|Necrozma-Dusk-Mane|67/100 slp
|move|p2a: Vivillon|Sleep Powder|p1a: Necrozma
|-fail|p1a: Necrozma|slp
|
|-heal|p2a: Vivillon|67/100|[from] item: Leftovers
|upkeep
|turn|30
|
|t:|1641764887
|move|p2a: Vivillon|Hurricane|p1a: Necrozma
|-resisted|p1a: Necrozma
|-damage|p1a: Necrozma|0 fnt
|faint|p1a: Necrozma
|
|-heal|p2a: Vivillon|73/100|[from] item: Leftovers
|upkeep
|
|t:|1641764896
|switch|p1a: Tyranitar|Tyranitar, M|97/100
|-weather|Sandstorm|[from] ability: Sand Stream|[of] p1a: Tyranitar
|turn|31
|inactive|spicyntegral has 90 seconds left.
|
|t:|1641764901
|move|p2a: Vivillon|Sleep Powder|p1a: Tyranitar
|-status|p1a: Tyranitar|slp|[from] move: Sleep Powder
|cant|p1a: Tyranitar|slp
|
|-weather|Sandstorm|[upkeep]
|-damage|p2a: Vivillon|67/100|[from] Sandstorm
|-heal|p2a: Vivillon|73/100|[from] item: Leftovers
|-heal|p1a: Tyranitar|100/100 slp|[from] item: Leftovers
|upkeep
|turn|32
|inactive|spicyntegral has 90 seconds left.
|
|t:|1641764911
|move|p2a: Vivillon|Quiver Dance|p2a: Vivillon
|-boost|p2a: Vivillon|spa|1
|-boost|p2a: Vivillon|spd|1
|-boost|p2a: Vivillon|spe|1
|cant|p1a: Tyranitar|slp
|
|-weather|Sandstorm|[upkeep]
|-damage|p2a: Vivillon|67/100|[from] Sandstorm
|-heal|p2a: Vivillon|73/100|[from] item: Leftovers
|upkeep
|turn|33
|inactive|spicyntegral has 90 seconds left.
|
|t:|1641764922
|move|p2a: Vivillon|Hurricane|p1a: Tyranitar
|-resisted|p1a: Tyranitar
|-damage|p1a: Tyranitar|65/100 slp
|cant|p1a: Tyranitar|slp
|
|-weather|Sandstorm|[upkeep]
|-damage|p2a: Vivillon|67/100|[from] Sandstorm
|-heal|p2a: Vivillon|73/100|[from] item: Leftovers
|-heal|p1a: Tyranitar|71/100 slp|[from] item: Leftovers
|upkeep
|turn|34
|inactive|spicyntegral has 90 seconds left.
|
|t:|1641764934
|move|p2a: Vivillon|Hurricane|p1a: Tyranitar
|-resisted|p1a: Tyranitar
|-crit|p1a: Tyranitar
|-damage|p1a: Tyranitar|21/100 slp
|-curestatus|p1a: Tyranitar|slp|[msg]
|move|p1a: Tyranitar|Rest|p1a: Tyranitar
|-status|p1a: Tyranitar|slp|[from] move: Rest
|-heal|p1a: Tyranitar|100/100 slp|[silent]
|
|-weather|Sandstorm|[upkeep]
|-damage|p2a: Vivillon|67/100|[from] Sandstorm
|-heal|p2a: Vivillon|73/100|[from] item: Leftovers
|upkeep
|turn|35
|inactive|spicyntegral has 90 seconds left.
|
|t:|1641764947
|move|p2a: Vivillon|Hurricane|p1a: Tyranitar
|-resisted|p1a: Tyranitar
|-crit|p1a: Tyranitar
|-damage|p1a: Tyranitar|45/100 slp
|cant|p1a: Tyranitar|slp
|
|-weather|none
|-heal|p2a: Vivillon|79/100|[from] item: Leftovers
|-heal|p1a: Tyranitar|51/100 slp|[from] item: Leftovers
|upkeep
|turn|36
|inactive|spicyntegral has 90 seconds left.
|
|t:|1641764959
|switch|p1a: Ho-Oh|Ho-Oh|100/100
|move|p2a: Vivillon|Hurricane|p1a: Ho-Oh|[miss]
|-miss|p2a: Vivillon|p1a: Ho-Oh
|
|-heal|p2a: Vivillon|85/100|[from] item: Leftovers
|upkeep
|turn|37
|inactive|spicyntegral has 90 seconds left.
|
|t:|1641764970
|move|p1a: Ho-Oh|Protect|p1a: Ho-Oh
|-singleturn|p1a: Ho-Oh|Protect
|move|p2a: Vivillon|Sleep Powder|p1a: Ho-Oh
|-activate|p1a: Ho-Oh|move: Protect
|
|-heal|p2a: Vivillon|91/100|[from] item: Leftovers
|upkeep
|turn|38
|
|t:|1641764979
|switch|p1a: Tyranitar|Tyranitar, M|51/100 slp
|-weather|Sandstorm|[from] ability: Sand Stream|[of] p1a: Tyranitar
|move|p2a: Vivillon|Sleep Powder|p1a: Tyranitar|[miss]
|-miss|p2a: Vivillon|p1a: Tyranitar
|
|-weather|Sandstorm|[upkeep]
|-damage|p2a: Vivillon|85/100|[from] Sandstorm
|-heal|p2a: Vivillon|91/100|[from] item: Leftovers
|-heal|p1a: Tyranitar|57/100 slp|[from] item: Leftovers
|upkeep
|turn|39
|inactive|spicyntegral has 90 seconds left.
|
|t:|1641765007
|move|p2a: Vivillon|Hurricane|p1a: Tyranitar
|-resisted|p1a: Tyranitar
|-damage|p1a: Tyranitar|20/100 slp
|cant|p1a: Tyranitar|slp
|
|-weather|Sandstorm|[upkeep]
|-damage|p2a: Vivillon|85/100|[from] Sandstorm
|-heal|p2a: Vivillon|91/100|[from] item: Leftovers
|-heal|p1a: Tyranitar|26/100 slp|[from] item: Leftovers
|upkeep
|turn|40
|
|t:|1641765019
|move|p2a: Vivillon|Hurricane|p1a: Tyranitar
|-resisted|p1a: Tyranitar
|-damage|p1a: Tyranitar|0 fnt
|faint|p1a: Tyranitar
|
|-weather|Sandstorm|[upkeep]
|-damage|p2a: Vivillon|85/100|[from] Sandstorm
|-heal|p2a: Vivillon|91/100|[from] item: Leftovers
|upkeep
|
|t:|1641765028
|switch|p1a: Ho-Oh|Ho-Oh|100/100
|turn|41
|
|t:|1641765033
|move|p1a: Ho-Oh|Protect|p1a: Ho-Oh
|-singleturn|p1a: Ho-Oh|Protect
|move|p2a: Vivillon|Sleep Powder|p1a: Ho-Oh
|-activate|p1a: Ho-Oh|move: Protect
|
|-weather|Sandstorm|[upkeep]
|-damage|p2a: Vivillon|85/100|[from] Sandstorm
|-damage|p1a: Ho-Oh|94/100|[from] Sandstorm
|-heal|p2a: Vivillon|91/100|[from] item: Leftovers
|upkeep
|turn|42
|inactive|spicyntegral has 90 seconds left.
|
|t:|1641765045
|move|p2a: Vivillon|Sleep Powder|p1a: Ho-Oh
|-status|p1a: Ho-Oh|slp|[from] move: Sleep Powder
|cant|p1a: Ho-Oh|slp
|
|-weather|none
|-heal|p2a: Vivillon|97/100|[from] item: Leftovers
|upkeep
|turn|43
|inactive|spicyntegral has 90 seconds left.
|
|t:|1641765053
|cant|p1a: Ho-Oh|slp
|move|p2a: Vivillon|Hurricane|p1a: Ho-Oh
|-damage|p1a: Ho-Oh|23/100 slp
|
|-heal|p2a: Vivillon|100/100|[from] item: Leftovers
|upkeep
|turn|44
|
|t:|1641765064
|cant|p1a: Ho-Oh|slp
|move|p2a: Vivillon|Hurricane|p1a: Ho-Oh
|-damage|p1a: Ho-Oh|0 fnt
|faint|p1a: Ho-Oh
|
|upkeep
|-message|spicyntegral forfeited.
|
|win|rowletroost
|raw|spicyntegral's rating: 1720 &rarr; <strong>1698</strong><br />(-22 for losing)
|raw|rowletroost's rating: 1683 &rarr; <strong>1705</strong><br />(+22 for winning)
|l|☆spicyntegral
||Ladder isn't responding, score probably updated but might not have (Request timeout).
