|j|☆Blackstar152001
|j|☆Nobodi_Nowan
|t:|1665220872
|gametype|singles
|player|p1|Blackstar152001|blue-gen3two|1934
|player|p2|Nobodi_Nowan|akari|1967
|teamsize|p1|6
|teamsize|p2|6
|gen|8
|tier|[Gen 8] National Dex AG
|rated|
|rule|HP Percentage Mod: HP is shown in percentages
|rule|Endless Battle Clause: Forcing endless battles is banned
|clearpoke
|poke|p1|Yveltal|
|poke|p1|Ditto|
|poke|p1|Arceus-*|
|poke|p1|Zekrom|
|poke|p1|Arceus-*|
|poke|p1|Arceus-*|
|poke|p2|Forretress, M|
|poke|p2|Arceus-*|
|poke|p2|Kyogre|
|poke|p2|Calyrex-Shadow|
|poke|p2|Zacian-*|
|poke|p2|Rayquaza|
|teampreview
|inactive|Battle timer is ON: inactive players will automatically lose when time's up. (requested by Blackstar152001)
|
|t:|1665220889
|start
|switch|p1a: Zekrom|Zekrom|100/100
|switch|p2a: Kyogre|Kyogre|100/100
|-ability|p1a: Zekrom|Teravolt
|detailschange|p2a: Kyogre|Kyogre-Primal
|-primal|p2a: Kyogre
|-weather|PrimordialSea|[from] ability: Primordial Sea|[of] p2a: Kyogre
|turn|1
|
|t:|1665220897
|move|p1a: Zekrom|Fusion Bolt|p2a: Kyogre
|-supereffective|p2a: Kyogre
|-damage|p2a: Kyogre|0 fnt
|faint|p2a: Kyogre
|-weather|none
|
|upkeep
|
|t:|1665220904
|switch|p2a: Zacian|Zacian-Crowned, shiny|100/100
|-ability|p2a: Zacian|Intrepid Sword|boost
|-boost|p2a: Zacian|atk|1
|turn|2
|
|t:|1665220913
|move|p1a: Zekrom|Fusion Bolt|p2a: Zacian
|-damage|p2a: Zacian|49/100
|move|p2a: Zacian|Substitute|p2a: Zacian
|-start|p2a: Zacian|Substitute
|-damage|p2a: Zacian|24/100
|
|upkeep
|turn|3
|
|t:|1665220919
|move|p1a: Zekrom|Fusion Bolt|p2a: Zacian
|-end|p2a: Zacian|Substitute
|move|p2a: Zacian|Close Combat|p1a: Zekrom
|-damage|p1a: Zekrom|31/100
|-unboost|p2a: Zacian|def|1
|-unboost|p2a: Zacian|spd|1
|
|upkeep
|turn|4
|
|t:|1665220927
|switch|p2a: Forretress|Forretress, M|100/100
|move|p1a: Zekrom|Fusion Bolt|p2a: Forretress
|-damage|p2a: Forretress|68/100
|
|-heal|p2a: Forretress|75/100|[from] item: Leftovers
|upkeep
|turn|5
|
|t:|1665220944
|switch|p1a: Yveltal|Yveltal, shiny|100/100
|-ability|p1a: Yveltal|Dark Aura
|move|p2a: Forretress|Stealth Rock|p1a: Yveltal
|-sidestart|p1: Blackstar152001|move: Stealth Rock
|
|-heal|p2a: Forretress|81/100|[from] item: Leftovers
|upkeep
|turn|6
|c|☆Nobodi_Nowan|u could miss once in a while
|
|t:|1665220958
|switch|p2a: Zacian|Zacian-Crowned, shiny|24/100
|-ability|p2a: Zacian|Intrepid Sword|boost
|-boost|p2a: Zacian|atk|1
|move|p1a: Yveltal|Knock Off|p2a: Zacian
|-resisted|p2a: Zacian
|-damage|p2a: Zacian|0 fnt
|faint|p2a: Zacian
|
|upkeep
|
|t:|1665220977
|switch|p2a: Rayquaza|Rayquaza|100/100
|-ability|p2a: Rayquaza|Air Lock
|turn|7
|
|t:|1665220983
|detailschange|p2a: Rayquaza|Rayquaza-Mega
|-mega|p2a: Rayquaza|Rayquaza|
|-weather|DeltaStream|[from] ability: Delta Stream|[of] p2a: Rayquaza
|-start|p1a: Yveltal|Dynamax|
|-heal|p1a: Yveltal|100/100|[silent]
|move|p2a: Rayquaza|Dragon Ascent|p1a: Yveltal
|-damage|p1a: Yveltal|58/100
|-unboost|p2a: Rayquaza|def|1
|-unboost|p2a: Rayquaza|spd|1
|move|p1a: Yveltal|Max Airstream|p2a: Rayquaza
|-damage|p2a: Rayquaza|0 fnt
|-boost|p1a: Yveltal|spe|1
|faint|p2a: Rayquaza
|-weather|none
|
|upkeep
|inactive|Nobodi_Nowan has 120 seconds left.
|c|☆Blackstar152001|Fusion doesn't miss
|
|t:|1665221009
|switch|p2a: Forretress|Forretress, M|81/100
|turn|8
|c|☆Nobodi_Nowan|no?
|inactive|Nobodi_Nowan has 120 seconds left.
|c|☆Nobodi_Nowan|jeje mybad
|inactive|Nobodi_Nowan has 90 seconds left.
|c|☆Nobodi_Nowan|thought it was same as flare
|c|☆Nobodi_Nowan|u must be thinking im the stupidest player ever
|
|t:|1665221065
|move|p1a: Yveltal|Max Darkness|p2a: Forretress
|-damage|p2a: Forretress|36/100
|-unboost|p2a: Forretress|spd|1
|move|p2a: Forretress|Stealth Rock||[still]
|-fail|p2a: Forretress
|
|-heal|p2a: Forretress|42/100|[from] item: Leftovers
|upkeep
|turn|9
|c|☆Blackstar152001|Bolt strike will miss that's why i have fusion bolt
|
|t:|1665221077
|move|p1a: Yveltal|Max Airstream|p2a: Forretress
|-damage|p2a: Forretress|7/100
|-boost|p1a: Yveltal|spe|1
|move|p2a: Forretress|Volt Switch|p1a: Yveltal
|-supereffective|p1a: Yveltal
|-damage|p1a: Yveltal|49/100
|
|t:|1665221085
|switch|p2a: Arceus|Arceus|100/100|[from]move: Volt Switch
|
|upkeep
|-end|p1a: Yveltal|Dynamax
|-heal|p1a: Yveltal|49/100|[silent]
|turn|10
|
|t:|1665221091
|-start|p2a: Arceus|Dynamax|
|-heal|p2a: Arceus|100/100|[silent]
|move|p1a: Yveltal|Knock Off|p2a: Arceus
|-damage|p2a: Arceus|69/100
|-enditem|p2a: Arceus|Lum Berry|[from] move: Knock Off|[of] p1a: Yveltal
|move|p2a: Arceus|Max Strike|p1a: Yveltal
|-damage|p1a: Yveltal|0 fnt
|faint|p1a: Yveltal
|
|upkeep
|
|t:|1665221100
|switch|p1a: Arceus|Arceus-Fairy|100/100
|-damage|p1a: Arceus|88/100|[from] Stealth Rock
|turn|11
|
|t:|1665221103
|move|p2a: Arceus|Max Strike|p1a: Arceus
|-damage|p1a: Arceus|39/100
|-unboost|p1a: Arceus|spe|1
|move|p1a: Arceus|Stealth Rock|p2a: Arceus
|-sidestart|p2: Nobodi_Nowan|move: Stealth Rock
|
|upkeep
|turn|12
|
|t:|1665221109
|move|p2a: Arceus|Max Strike|p1a: Arceus
|-damage|p1a: Arceus|0 fnt
|faint|p1a: Arceus
|
|upkeep
|
|t:|1665221119
|switch|p1a: Arceus|Arceus|100/100
|-damage|p1a: Arceus|88/100|[from] Stealth Rock
|-end|p2a: Arceus|Dynamax
|-heal|p2a: Arceus|69/100|[silent]
|turn|13
|
|t:|1665221125
|move|p2a: Arceus|Recover|p2a: Arceus
|-heal|p2a: Arceus|100/100
|move|p1a: Arceus|Swords Dance|p1a: Arceus
|-boost|p1a: Arceus|atk|2
|
|upkeep
|turn|14
|
|t:|1665221134
|switch|p2a: Forretress|Forretress, M|7/100
|-damage|p2a: Forretress|0 fnt|[from] Stealth Rock
|faint|p2a: Forretress
|move|p1a: Arceus|Extreme Speed|p2: Forretress|[notarget]
|-fail|p1a: Arceus
|
|upkeep
|
|t:|1665221146
|switch|p2a: Calyrex|Calyrex-Shadow|100/100
|-ability|p2a: Calyrex|As One
|-ability|p2a: Calyrex|Unnerve
|-damage|p2a: Calyrex|88/100|[from] Stealth Rock
|turn|15
|
|t:|1665221157
|move|p2a: Calyrex|Trick|p1a: Arceus
|-activate|p2a: Calyrex|move: Trick|[of] p1a: Arceus
|-item|p1a: Arceus|Choice Scarf|[from] move: Trick
|-item|p2a: Calyrex|Lum Berry|[from] move: Trick
|move|p1a: Arceus|Shadow Claw|p2a: Calyrex
|-supereffective|p2a: Calyrex
|-damage|p2a: Calyrex|0 fnt
|faint|p2a: Calyrex
|
|upkeep
|
|t:|1665221164
|switch|p2a: Arceus|Arceus|100/100
|-damage|p2a: Arceus|88/100|[from] Stealth Rock
|turn|16
|
|t:|1665221168
|switch|p1a: Zekrom|Zekrom|31/100
|-damage|p1a: Zekrom|19/100|[from] Stealth Rock
|-ability|p1a: Zekrom|Teravolt
|move|p2a: Arceus|Swords Dance|p2a: Arceus
|-boost|p2a: Arceus|atk|2
|
|upkeep
|turn|17
|inactive|Nobodi_Nowan has 120 seconds left.
|
|t:|1665221176
|move|p2a: Arceus|Extreme Speed|p1a: Zekrom
|-damage|p1a: Zekrom|0 fnt
|faint|p1a: Zekrom
|
|upkeep
|
|t:|1665221183
|switch|p1a: Arceus|Arceus|88/100
|-damage|p1a: Arceus|76/100|[from] Stealth Rock
|turn|18
|
|t:|1665221188
|move|p1a: Arceus|Extreme Speed|p2a: Arceus
|-damage|p2a: Arceus|61/100
|move|p2a: Arceus|Recover|p2a: Arceus
|-heal|p2a: Arceus|100/100
|
|upkeep
|turn|19
|
|t:|1665221194
|move|p1a: Arceus|Extreme Speed|p2a: Arceus
|-damage|p2a: Arceus|73/100
|move|p2a: Arceus|Swords Dance|p2a: Arceus
|-boost|p2a: Arceus|atk|2
|
|upkeep
|turn|20
|
|t:|1665221201
|switch|p1a: Arceus|Arceus-Dark|100/100
|-damage|p1a: Arceus|88/100|[from] Stealth Rock
|move|p2a: Arceus|Swords Dance|p2a: Arceus
|-boost|p2a: Arceus|atk|2
|
|upkeep
|turn|21
|
|t:|1665221208
|move|p1a: Arceus|Judgment|p2a: Arceus
|-damage|p2a: Arceus|40/100
|move|p2a: Arceus|Recover|p2a: Arceus
|-heal|p2a: Arceus|90/100
|
|upkeep
|turn|22
|
|t:|1665221214
|move|p1a: Arceus|Judgment|p2a: Arceus
|-damage|p2a: Arceus|58/100
|move|p2a: Arceus|Recover|p2a: Arceus
|-heal|p2a: Arceus|100/100
|
|upkeep
|turn|23
|
|t:|1665221219
|move|p2a: Arceus|Extreme Speed|p1a: Arceus
|-damage|p1a: Arceus|0 fnt
|faint|p1a: Arceus
|
|upkeep
|
|t:|1665221221
|switch|p1a: Ditto|Ditto, shiny|100/100
|-damage|p1a: Ditto|88/100|[from] Stealth Rock
|-transform|p1a: Ditto|p2a: Arceus|[from] ability: Imposter
|turn|24
|
|t:|1665221228
|move|p1a: Ditto|Extreme Speed|p2a: Arceus
|-damage|p2a: Arceus|0 fnt
|faint|p2a: Arceus
|
|win|Blackstar152001
|raw|Blackstar152001's rating: 1934 &rarr; <strong>1956</strong><br />(+22 for winning)
|raw|Nobodi_Nowan's rating: 1967 &rarr; <strong>1945</strong><br />(-22 for losing)
|l|☆Nobodi_Nowan
