|j|☆DragginTails
|j|☆rajof
|t:|1634458212
|gametype|singles
|player|p1|DragginTails|102|1731
|player|p2|rajof|youngster-gen4|1839
|teamsize|p1|6
|teamsize|p2|6
|gen|8
|tier|[Gen 8] National Dex AG
|rated|
|rule|HP Percentage Mod: HP is shown in percentages
|rule|Endless Battle Clause: Forcing endless battles is banned
|clearpoke
|poke|p1|Zacian-*|
|poke|p1|Urshifu-*, M|
|poke|p1|Necrozma-Dusk-Mane|
|poke|p1|Arceus-*|
|poke|p1|Ho-Oh|
|poke|p1|Dragapult, M|
|poke|p2|Arceus-*|
|poke|p2|Ditto|
|poke|p2|Chansey, F|
|poke|p2|Lugia|
|poke|p2|Groudon|
|poke|p2|Arceus-*|
|teampreview
|c|☆DragginTails|hf
|
|t:|1634458234
|start
|switch|p1a: Urshifu|Urshifu, M|100/100
|switch|p2a: 악르세우스|Arceus-Dark|100/100
|turn|1
|inactive|Battle timer is ON: inactive players will automatically lose when time's up. (requested by DragginTails)
|
|t:|1634458244
|switch|p2a: 아르세우스|Arceus-Fairy|100/100
|move|p1a: Urshifu|U-turn|p2a: 아르세우스
|-resisted|p2a: 아르세우스
|-damage|p2a: 아르세우스|91/100
|
|t:|1634458251
|switch|p1a: Ho-Oh|Ho-Oh|100/100|[from]move: U-turn
|
|upkeep
|turn|2
|
|t:|1634458258
|switch|p2a: 악르세우스|Arceus-Dark|100/100
|move|p1a: Ho-Oh|Toxic|p2a: 악르세우스
|-status|p2a: 악르세우스|tox
|
|-damage|p2a: 악르세우스|94/100 tox|[from] psn
|upkeep
|turn|3
|
|t:|1634458261
|switch|p1a: Zacian|Zacian-Crowned|100/100
|-ability|p1a: Zacian|Intrepid Sword|boost
|-boost|p1a: Zacian|atk|1
|move|p2a: 악르세우스|Refresh|p2a: 악르세우스
|-curestatus|p2a: 악르세우스|tox|[msg]
|
|upkeep
|turn|4
|
|t:|1634458267
|switch|p2a: 루기아|Lugia|100/100
|move|p1a: Zacian|Play Rough|p2a: 루기아
|-damage|p2a: 루기아|80/100
|-damage|p1a: Zacian|84/100|[from] item: Rocky Helmet|[of] p2a: 루기아
|
|upkeep
|turn|5
|
|t:|1634458273
|switch|p1a: Urshifu|Urshifu, M|100/100
|move|p2a: 루기아|Roost|p2a: 루기아
|-heal|p2a: 루기아|100/100
|-singleturn|p2a: 루기아|move: Roost
|
|upkeep
|turn|6
|
|t:|1634458280
|move|p1a: Urshifu|U-turn|p2a: 루기아
|-damage|p2a: 루기아|92/100
|-damage|p1a: Urshifu|84/100|[from] item: Rocky Helmet|[of] p2a: 루기아
|
|t:|1634458285
|switch|p1a: Necrozma|Necrozma-Dusk-Mane|100/100|[from]move: U-turn
|move|p2a: 루기아|Toxic|p1a: Necrozma
|-immune|p1a: Necrozma
|
|upkeep
|turn|7
|
|t:|1634458290
|switch|p2a: 그란돈|Groudon|100/100
|detailschange|p2a: 그란돈|Groudon-Primal
|-primal|p2a: 그란돈
|-weather|DesolateLand|[from] ability: Desolate Land|[of] p2a: 그란돈
|move|p1a: Necrozma|Stealth Rock|p2a: 그란돈
|-sidestart|p2: rajof|move: Stealth Rock
|
|-weather|DesolateLand|[upkeep]
|upkeep
|turn|8
|
|t:|1634458294
|switch|p1a: Arceus|Arceus-Water|100/100
|move|p2a: 그란돈|Rock Tomb|p1a: Arceus
|-damage|p1a: Arceus|80/100
|-unboost|p1a: Arceus|spe|1
|
|-weather|DesolateLand|[upkeep]
|upkeep
|turn|9
|
|t:|1634458298
|move|p1a: Arceus|Grass Knot|p2a: 그란돈
|-damage|p2a: 그란돈|67/100
|move|p2a: 그란돈|Swords Dance|p2a: 그란돈
|-boost|p2a: 그란돈|atk|2
|
|-weather|DesolateLand|[upkeep]
|upkeep
|turn|10
|
|t:|1634458306
|move|p1a: Arceus|Grass Knot|p2a: 그란돈
|-crit|p2a: 그란돈
|-damage|p2a: 그란돈|19/100
|move|p2a: 그란돈|Precipice Blades|p1a: Arceus
|-damage|p1a: Arceus|0 fnt
|faint|p1a: Arceus
|
|-weather|DesolateLand|[upkeep]
|upkeep
|
|t:|1634458309
|switch|p1a: Dragapult|Dragapult, M|100/100
|turn|11
|
|t:|1634458315
|-weather|none
|switch|p2a: 럭키|Chansey, F|100/100
|-damage|p2a: 럭키|88/100|[from] Stealth Rock
|move|p1a: Dragapult|Dragon Darts|p2a: 럭키
|-damage|p2a: 럭키|65/100
|-anim|p1a: Dragapult|Dragon Darts|p2a: 럭키
|-damage|p2a: 럭키|45/100
|-damage|p1a: Dragapult|91/100|[from] item: Life Orb
|
|upkeep
|turn|12
|
|t:|1634458324
|move|p1a: Dragapult|Dragon Darts|p2a: 럭키
|-damage|p2a: 럭키|22/100
|-anim|p1a: Dragapult|Dragon Darts|p2a: 럭키
|-damage|p2a: 럭키|2/100
|-damage|p1a: Dragapult|81/100|[from] item: Life Orb
|move|p2a: 럭키|Wish|p2a: 럭키
|
|upkeep
|turn|13
|
|t:|1634458333
|-start|p1a: Dragapult|Dynamax
|-heal|p1a: Dragapult|81/100|[silent]
|move|p2a: 럭키|Protect|p2a: 럭키
|-singleturn|p2a: 럭키|Protect
|move|p1a: Dragapult|Max Darkness|p2a: 럭키
|-zbroken|p2a: 럭키
|-damage|p2a: 럭키|0 fnt
|faint|p2a: 럭키
|-damage|p1a: Dragapult|76/100|[from] item: Life Orb
|
|upkeep
|
|t:|1634458342
|switch|p2a: 아르세우스|Arceus-Fairy|91/100
|-damage|p2a: 아르세우스|79/100|[from] Stealth Rock
|turn|14
|
|t:|1634458347
|-end|p1a: Dragapult|Dynamax
|-heal|p1a: Dragapult|76/100|[silent]
|switch|p1a: Ho-Oh|Ho-Oh|100/100
|move|p2a: 아르세우스|Judgment|p1a: Ho-Oh
|-resisted|p1a: Ho-Oh
|-damage|p1a: Ho-Oh|87/100
|
|upkeep
|turn|15
|
|t:|1634458356
|switch|p2a: 악르세우스|Arceus-Dark|94/100
|-damage|p2a: 악르세우스|82/100|[from] Stealth Rock
|move|p1a: Ho-Oh|Toxic|p2a: 악르세우스
|-status|p2a: 악르세우스|tox
|
|-damage|p2a: 악르세우스|76/100 tox|[from] psn
|upkeep
|turn|16
|
|t:|1634458363
|switch|p1a: Zacian|Zacian-Crowned|84/100
|-ability|p1a: Zacian|Intrepid Sword|boost
|-boost|p1a: Zacian|atk|1
|move|p2a: 악르세우스|Refresh|p2a: 악르세우스
|-curestatus|p2a: 악르세우스|tox|[msg]
|
|upkeep
|turn|17
|
|t:|1634458371
|switch|p2a: 루기아|Lugia|92/100
|-damage|p2a: 루기아|67/100|[from] Stealth Rock
|move|p1a: Zacian|Play Rough|p2a: 루기아
|-damage|p2a: 루기아|27/100
|-unboost|p2a: 루기아|atk|1
|-damage|p1a: Zacian|67/100|[from] item: Rocky Helmet|[of] p2a: 루기아
|
|upkeep
|turn|18
|
|t:|1634458378
|move|p1a: Zacian|Play Rough|p2a: 루기아
|-damage|p2a: 루기아|0 fnt
|-damage|p1a: Zacian|51/100|[from] item: Rocky Helmet|[of] p2a: 루기아
|faint|p2a: 루기아
|
|upkeep
|
|t:|1634458379
|switch|p2a: 메타몽|Ditto|100/100
|-damage|p2a: 메타몽|88/100|[from] Stealth Rock
|-transform|p2a: 메타몽|p1a: Zacian|[from] ability: Imposter
|-ability|p2a: 메타몽|Intrepid Sword|boost
|-boost|p2a: 메타몽|atk|1
|turn|19
|
|t:|1634458397
|switch|p1a: Dragapult|Dragapult, M|76/100
|move|p2a: 메타몽|Wild Charge|p1a: Dragapult
|-resisted|p1a: Dragapult
|-damage|p1a: Dragapult|28/100
|-damage|p2a: 메타몽|75/100|[from] Recoil
|
|upkeep
|turn|20
|
|t:|1634458404
|move|p1a: Dragapult|Sucker Punch|p2a: 메타몽
|-resisted|p2a: 메타몽
|-damage|p2a: 메타몽|61/100
|-damage|p1a: Dragapult|18/100|[from] item: Life Orb
|move|p2a: 메타몽|Wild Charge|p1a: Dragapult
|-resisted|p1a: Dragapult
|-damage|p1a: Dragapult|0 fnt
|faint|p1a: Dragapult
|-damage|p2a: 메타몽|57/100|[from] Recoil
|
|upkeep
|
|t:|1634458407
|switch|p1a: Necrozma|Necrozma-Dusk-Mane|100/100
|turn|21
|
|t:|1634458410
|switch|p2a: 악르세우스|Arceus-Dark|76/100
|-damage|p2a: 악르세우스|63/100|[from] Stealth Rock
|move|p1a: Necrozma|Sunsteel Strike|p2a: 악르세우스
|-damage|p2a: 악르세우스|31/100
|
|upkeep
|turn|22
|
|t:|1634458416
|switch|p1a: Urshifu|Urshifu, M|84/100
|move|p2a: 악르세우스|Recover|p2a: 악르세우스
|-heal|p2a: 악르세우스|81/100
|
|upkeep
|turn|23
|
|t:|1634458423
|switch|p2a: 아르세우스|Arceus-Fairy|79/100
|-damage|p2a: 아르세우스|66/100|[from] Stealth Rock
|move|p1a: Urshifu|U-turn|p2a: 아르세우스
|-resisted|p2a: 아르세우스
|-damage|p2a: 아르세우스|57/100
|
|t:|1634458429
|switch|p1a: Zacian|Zacian-Crowned|51/100|[from]move: U-turn
|-ability|p1a: Zacian|Intrepid Sword|boost
|-boost|p1a: Zacian|atk|1
|
|upkeep
|turn|24
|j| Simpality
|
|t:|1634458445
|switch|p2a: 그란돈|Groudon-Primal|19/100
|-damage|p2a: 그란돈|6/100|[from] Stealth Rock
|-weather|DesolateLand|[from] ability: Desolate Land|[of] p2a: 그란돈
|move|p1a: Zacian|Play Rough|p2a: 그란돈
|-resisted|p2a: 그란돈
|-damage|p2a: 그란돈|0 fnt
|faint|p2a: 그란돈
|-weather|none
|
|upkeep
|
|t:|1634458452
|switch|p2a: 메타몽|Ditto|57/100
|-damage|p2a: 메타몽|44/100|[from] Stealth Rock
|-transform|p2a: 메타몽|p1a: Zacian|[from] ability: Imposter
|-ability|p2a: 메타몽|Intrepid Sword|boost
|-boost|p2a: 메타몽|atk|1
|turn|25
|
|t:|1634458470
|switch|p1a: Urshifu|Urshifu, M|84/100
|move|p2a: 메타몽|Close Combat|p1a: Urshifu
|-supereffective|p1a: Urshifu
|-damage|p1a: Urshifu|0 fnt
|-unboost|p2a: 메타몽|def|1
|-unboost|p2a: 메타몽|spd|1
|faint|p1a: Urshifu
|
|upkeep
|
|t:|1634458480
|switch|p1a: Necrozma|Necrozma-Dusk-Mane|100/100
|turn|26
|
|t:|1634458484
|switch|p2a: 악르세우스|Arceus-Dark|81/100
|-damage|p2a: 악르세우스|69/100|[from] Stealth Rock
|move|p1a: Necrozma|Sunsteel Strike|p2a: 악르세우스
|-damage|p2a: 악르세우스|35/100
|
|upkeep
|turn|27
|
|t:|1634458489
|switch|p1a: Zacian|Zacian-Crowned|51/100
|-ability|p1a: Zacian|Intrepid Sword|boost
|-boost|p1a: Zacian|atk|1
|move|p2a: 악르세우스|Recover|p2a: 악르세우스
|-heal|p2a: 악르세우스|85/100
|
|upkeep
|turn|28
|
|t:|1634458496
|switch|p2a: 아르세우스|Arceus-Fairy|57/100
|-damage|p2a: 아르세우스|45/100|[from] Stealth Rock
|move|p1a: Zacian|Play Rough|p2a: 아르세우스
|-damage|p2a: 아르세우스|0 fnt
|faint|p2a: 아르세우스
|
|upkeep
|
|t:|1634458502
|switch|p2a: 메타몽|Ditto|44/100
|-damage|p2a: 메타몽|32/100|[from] Stealth Rock
|-transform|p2a: 메타몽|p1a: Zacian|[from] ability: Imposter
|-ability|p2a: 메타몽|Intrepid Sword|boost
|-boost|p2a: 메타몽|atk|1
|turn|29
|
|t:|1634458513
|switch|p1a: Necrozma|Necrozma-Dusk-Mane|100/100
|move|p2a: 메타몽|Wild Charge|p1a: Necrozma
|-damage|p1a: Necrozma|57/100
|-damage|p2a: 메타몽|18/100|[from] Recoil
|
|-heal|p1a: Necrozma|63/100|[from] item: Leftovers
|upkeep
|turn|30
|
|t:|1634458522
|switch|p2a: 악르세우스|Arceus-Dark|85/100
|-damage|p2a: 악르세우스|73/100|[from] Stealth Rock
|move|p1a: Necrozma|Morning Sun|p1a: Necrozma
|-heal|p1a: Necrozma|100/100
|
|upkeep
|turn|31
|
|t:|1634458533
|switch|p1a: Ho-Oh|Ho-Oh|100/100
|-start|p2a: 악르세우스|Dynamax
|-heal|p2a: 악르세우스|73/100|[silent]
|move|p2a: 악르세우스|Max Darkness|p1a: Ho-Oh
|-damage|p1a: Ho-Oh|71/100
|-unboost|p1a: Ho-Oh|spd|1
|
|upkeep
|turn|32
|
|t:|1634458538
|move|p2a: 악르세우스|Max Darkness|p1a: Ho-Oh
|-damage|p1a: Ho-Oh|25/100
|-unboost|p1a: Ho-Oh|spd|1
|move|p1a: Ho-Oh|Recover|p1a: Ho-Oh
|-heal|p1a: Ho-Oh|75/100
|
|upkeep
|turn|33
|
|t:|1634458554
|switch|p1a: Zacian|Zacian-Crowned|51/100
|-ability|p1a: Zacian|Intrepid Sword|boost
|-boost|p1a: Zacian|atk|1
|move|p2a: 악르세우스|Max Darkness|p1a: Zacian
|-resisted|p1a: Zacian
|-damage|p1a: Zacian|22/100
|-unboost|p1a: Zacian|spd|1
|
|-end|p2a: 악르세우스|Dynamax
|-heal|p2a: 악르세우스|73/100|[silent]
|upkeep
|turn|34
|
|t:|1634458562
|move|p1a: Zacian|Play Rough|p2a: 악르세우스
|-supereffective|p2a: 악르세우스
|-damage|p2a: 악르세우스|0 fnt
|faint|p2a: 악르세우스
|
|upkeep
|
|t:|1634458564
|switch|p2a: 메타몽|Ditto|18/100
|-damage|p2a: 메타몽|5/100|[from] Stealth Rock
|-transform|p2a: 메타몽|p1a: Zacian|[from] ability: Imposter
|-ability|p2a: 메타몽|Intrepid Sword|boost
|-boost|p2a: 메타몽|atk|1
|turn|35
|c|☆DragginTails|gg
|
|t:|1634458570
|move|p2a: 메타몽|Behemoth Blade|p1a: Zacian
|-damage|p1a: Zacian|0 fnt
|faint|p1a: Zacian
|
|upkeep
|
|t:|1634458571
|switch|p1a: Necrozma|Necrozma-Dusk-Mane|100/100
|turn|36
|
|t:|1634458573
|move|p2a: 메타몽|Behemoth Blade|p1a: Necrozma
|-resisted|p1a: Necrozma
|-damage|p1a: Necrozma|68/100
|move|p1a: Necrozma|Sunsteel Strike|p2a: 메타몽
|-damage|p2a: 메타몽|0 fnt
|faint|p2a: 메타몽
|
|win|DragginTails
|raw|DragginTails's rating: 1731 &rarr; <strong>1757</strong><br />(+26 for winning)
|raw|rajof's rating: 1839 &rarr; <strong>1813</strong><br />(-26 for losing)
|l|☆rajof
