|j|☆rajof
|j|☆Apprenti Buck
|t:|1654622342
|gametype|singles
|player|p1|rajof|youngster-gen4|1685
|player|p2|Apprenti Buck|mustard-master|1946
|teamsize|p1|6
|teamsize|p2|6
|gen|8
|tier|[Gen 8] National Dex AG
|rated|
|rule|HP Percentage Mod: HP is shown in percentages
|rule|Endless Battle Clause: Forcing endless battles is banned
|clearpoke
|poke|p1|Groudon|
|poke|p1|Zygarde|
|poke|p1|Necrozma-Dusk-Mane|
|poke|p1|Chansey, F|
|poke|p1|Yveltal|
|poke|p1|Rayquaza|
|poke|p2|Excadrill, M|
|poke|p2|Rayquaza|
|poke|p2|Ho-Oh|
|poke|p2|Necrozma-Dusk-Mane|
|poke|p2|Yveltal|
|poke|p2|Groudon|
|teampreview
|inactive|Battle timer is ON: inactive players will automatically lose when time's up. (requested by Apprenti Buck)
|j| GGCLOWNL
|
|t:|1654622358
|start
|switch|p1a: 지가르데|Zygarde|100/100
|switch|p2a: Excadrill|Excadrill, M|100/100
|-ability|p2a: Excadrill|Mold Breaker
|turn|1
|
|t:|1654622361
|move|p1a: 지가르데|Substitute|p1a: 지가르데
|-start|p1a: 지가르데|Substitute
|-damage|p1a: 지가르데|75/100
|move|p2a: Excadrill|Stealth Rock|p1a: 지가르데
|-sidestart|p1: rajof|move: Stealth Rock
|
|-heal|p1a: 지가르데|82/100|[from] item: Leftovers
|upkeep
|turn|2
|
|t:|1654622364
|move|p1a: 지가르데|Glare|p2a: Excadrill
|-status|p2a: Excadrill|par
|cant|p2a: Excadrill|par
|
|-heal|p1a: 지가르데|88/100|[from] item: Leftovers
|upkeep
|turn|3
|
|t:|1654622369
|switch|p2a: Ho-Oh|Ho-Oh|100/100
|move|p1a: 지가르데|Thousand Arrows|p2a: Ho-Oh
|-damage|p2a: Ho-Oh|81/100
|-start|p2a: Ho-Oh|Smack Down
|
|-heal|p1a: 지가르데|94/100|[from] item: Leftovers
|upkeep
|turn|4
|
|t:|1654622372
|move|p1a: 지가르데|Glare|p2a: Ho-Oh
|-status|p2a: Ho-Oh|par
|move|p2a: Ho-Oh|Whirlwind|p1a: 지가르데
|drag|p1a: 그란돈|Groudon|100/100
|-damage|p1a: 그란돈|94/100|[from] Stealth Rock
|detailschange|p1a: 그란돈|Groudon-Primal
|-primal|p1a: 그란돈
|-weather|DesolateLand|[from] ability: Desolate Land|[of] p1a: 그란돈
|
|-weather|DesolateLand|[upkeep]
|upkeep
|turn|5
|
|t:|1654622375
|switch|p2a: Excadrill|Excadrill, M|100/100 par
|-ability|p2a: Excadrill|Mold Breaker
|move|p1a: 그란돈|Rock Tomb|p2a: Excadrill
|-resisted|p2a: Excadrill
|-damage|p2a: Excadrill|90/100 par
|-unboost|p2a: Excadrill|spe|1
|
|-weather|DesolateLand|[upkeep]
|upkeep
|turn|6
|
|t:|1654622378
|move|p1a: 그란돈|Fire Punch|p2a: Excadrill
|-supereffective|p2a: Excadrill
|-damage|p2a: Excadrill|0 fnt
|faint|p2a: Excadrill
|
|-weather|DesolateLand|[upkeep]
|upkeep
|
|t:|1654622382
|switch|p2a: Rayquaza|Rayquaza|100/100
|-ability|p2a: Rayquaza|Air Lock
|turn|7
|
|t:|1654622395
|-weather|none
|switch|p1a: 네크로즈마|Necrozma-Dusk-Mane|100/100
|-damage|p1a: 네크로즈마|94/100|[from] Stealth Rock
|detailschange|p2a: Rayquaza|Rayquaza-Mega
|-mega|p2a: Rayquaza|Rayquaza|
|-weather|DeltaStream|[from] ability: Delta Stream|[of] p2a: Rayquaza
|move|p2a: Rayquaza|Draco Meteor|p1a: 네크로즈마
|-resisted|p1a: 네크로즈마
|-damage|p1a: 네크로즈마|55/100
|-unboost|p2a: Rayquaza|spa|2
|-damage|p2a: Rayquaza|91/100|[from] item: Life Orb
|
|-weather|DeltaStream|[upkeep]
|upkeep
|turn|8
|
|t:|1654622406
|-weather|none
|switch|p2a: Groudon|Groudon|100/100
|detailschange|p2a: Groudon|Groudon-Primal
|-primal|p2a: Groudon
|-weather|DesolateLand|[from] ability: Desolate Land|[of] p2a: Groudon
|move|p1a: 네크로즈마|Moonlight|p1a: 네크로즈마
|-heal|p1a: 네크로즈마|100/100
|
|-weather|DesolateLand|[upkeep]
|upkeep
|turn|9
|
|t:|1654622411
|switch|p1a: 지가르데|Zygarde|94/100
|-damage|p1a: 지가르데|88/100|[from] Stealth Rock
|move|p2a: Groudon|Thunder Wave|p1a: 지가르데
|-immune|p1a: 지가르데
|
|-weather|DesolateLand|[upkeep]
|-heal|p1a: 지가르데|94/100|[from] item: Leftovers
|upkeep
|turn|10
|
|t:|1654622419
|-weather|none
|switch|p2a: Ho-Oh|Ho-Oh|100/100 par
|move|p1a: 지가르데|Substitute|p1a: 지가르데
|-start|p1a: 지가르데|Substitute
|-damage|p1a: 지가르데|69/100
|
|-heal|p1a: 지가르데|75/100|[from] item: Leftovers
|upkeep
|turn|11
|
|t:|1654622422
|move|p1a: 지가르데|Thousand Arrows|p2a: Ho-Oh
|-damage|p2a: Ho-Oh|82/100 par
|-start|p2a: Ho-Oh|Smack Down
|move|p2a: Ho-Oh|Whirlwind|p1a: 지가르데
|drag|p1a: 이벨타르|Yveltal|100/100
|-damage|p1a: 이벨타르|76/100|[from] Stealth Rock
|-ability|p1a: 이벨타르|Dark Aura
|
|upkeep
|turn|12
|
|t:|1654622426
|move|p1a: 이벨타르|Taunt|p2a: Ho-Oh
|-start|p2a: Ho-Oh|move: Taunt
|cant|p2a: Ho-Oh|move: Taunt|Toxic
|
|upkeep
|turn|13
|
|t:|1654622431
|move|p1a: 이벨타르|Sucker Punch|p2a: Ho-Oh
|-damage|p2a: Ho-Oh|54/100 par
|-damage|p1a: 이벨타르|66/100|[from] item: Life Orb
|move|p2a: Ho-Oh|Sacred Fire|p1a: 이벨타르
|-damage|p1a: 이벨타르|23/100
|-status|p1a: 이벨타르|brn
|
|-damage|p1a: 이벨타르|17/100 brn|[from] brn
|upkeep
|turn|14
|
|t:|1654622441
|switch|p2a: Necrozma|Necrozma-Dusk-Mane|100/100
|move|p1a: 이벨타르|Oblivion Wing|p2a: Necrozma
|-resisted|p2a: Necrozma
|-damage|p2a: Necrozma|78/100
|-heal|p1a: 이벨타르|34/100 brn|[from] drain|[of] p2a: Necrozma
|-damage|p1a: 이벨타르|24/100 brn|[from] item: Life Orb
|
|-heal|p2a: Necrozma|84/100|[from] item: Leftovers
|-damage|p1a: 이벨타르|18/100 brn|[from] brn
|upkeep
|turn|15
|
|t:|1654622447
|move|p1a: 이벨타르|Dark Pulse|p2a: Necrozma
|-supereffective|p2a: Necrozma
|-damage|p2a: Necrozma|4/100
|-damage|p1a: 이벨타르|8/100 brn|[from] item: Life Orb
|move|p2a: Necrozma|Sunsteel Strike|p1a: 이벨타르
|-damage|p1a: 이벨타르|0 fnt
|faint|p1a: 이벨타르
|
|-heal|p2a: Necrozma|10/100|[from] item: Leftovers
|upkeep
|
|t:|1654622460
|switch|p1a: 네크로즈마|Necrozma-Dusk-Mane|100/100
|-damage|p1a: 네크로즈마|94/100|[from] Stealth Rock
|turn|16
|
|t:|1654622462
|move|p2a: Necrozma|Morning Sun|p2a: Necrozma
|-heal|p2a: Necrozma|60/100
|move|p1a: 네크로즈마|Stealth Rock|p2a: Necrozma
|-sidestart|p2: Apprenti Buck|move: Stealth Rock
|
|-heal|p2a: Necrozma|66/100|[from] item: Leftovers
|upkeep
|turn|17
|
|t:|1654622468
|switch|p1a: 지가르데|Zygarde|75/100
|-damage|p1a: 지가르데|69/100|[from] Stealth Rock
|move|p2a: Necrozma|Morning Sun|p2a: Necrozma
|-heal|p2a: Necrozma|100/100
|
|-heal|p1a: 지가르데|75/100|[from] item: Leftovers
|upkeep
|turn|18
|
|t:|1654622476
|switch|p2a: Ho-Oh|Ho-Oh|87/100 par
|move|p1a: 지가르데|Substitute|p1a: 지가르데
|-start|p1a: 지가르데|Substitute
|-damage|p1a: 지가르데|50/100
|
|-heal|p1a: 지가르데|56/100|[from] item: Leftovers
|upkeep
|turn|19
|
|t:|1654622480
|move|p1a: 지가르데|Thousand Arrows|p2a: Ho-Oh
|-damage|p2a: Ho-Oh|66/100 par
|-start|p2a: Ho-Oh|Smack Down
|move|p2a: Ho-Oh|Whirlwind|p1a: 지가르데
|drag|p1a: 럭키|Chansey, F|100/100
|-damage|p1a: 럭키|88/100|[from] Stealth Rock
|
|upkeep
|turn|20
|
|t:|1654622485
|switch|p2a: Necrozma|Necrozma-Dusk-Mane|100/100
|-damage|p2a: Necrozma|94/100|[from] Stealth Rock
|move|p1a: 럭키|Wish|p1a: 럭키
|
|-heal|p2a: Necrozma|100/100|[from] item: Leftovers
|upkeep
|turn|21
|
|t:|1654622489
|switch|p2a: Rayquaza|Rayquaza-Mega|91/100
|-damage|p2a: Rayquaza|66/100|[from] Stealth Rock
|-weather|DeltaStream|[from] ability: Delta Stream|[of] p2a: Rayquaza
|switch|p1a: 그란돈|Groudon-Primal|94/100
|-damage|p1a: 그란돈|82/100|[from] Stealth Rock
|-weather|DesolateLand|[from] ability: Desolate Land|[of] p1a: 그란돈
|
|-weather|DesolateLand|[upkeep]
|-heal|p1a: 그란돈|100/100|[from] move: Wish|[wisher] 럭키
|upkeep
|turn|22
|
|t:|1654622494
|move|p2a: Rayquaza|Draco Meteor|p1a: 그란돈
|-damage|p1a: 그란돈|17/100
|-unboost|p2a: Rayquaza|spa|2
|-damage|p2a: Rayquaza|56/100|[from] item: Life Orb
|move|p1a: 그란돈|Rock Tomb|p2a: Rayquaza
|-supereffective|p2a: Rayquaza
|-crit|p2a: Rayquaza
|-damage|p2a: Rayquaza|0 fnt
|faint|p2a: Rayquaza
|
|-weather|DesolateLand|[upkeep]
|upkeep
|j| Azq2020 ♥❤ ^~^ ツ
|c|☆Apprenti Buck|Imfg
|c|☆Apprenti Buck|omfg
|c|☆Apprenti Buck|crit now
|
|t:|1654622518
|switch|p2a: Yveltal|Yveltal, shiny|100/100
|-ability|p2a: Yveltal|Dark Aura
|turn|23
|
|t:|1654622524
|-weather|none
|switch|p1a: 럭키|Chansey, F|88/100
|-damage|p1a: 럭키|75/100|[from] Stealth Rock
|move|p2a: Yveltal|Knock Off|p1a: 럭키
|-damage|p1a: 럭키|29/100
|-enditem|p1a: 럭키|Eviolite|[from] move: Knock Off|[of] p2a: Yveltal
|
|upkeep
|turn|24
|
|t:|1654622528
|move|p2a: Yveltal|Knock Off|p1a: 럭키
|-damage|p1a: 럭키|0 fnt
|faint|p1a: 럭키
|
|upkeep
|
|t:|1654622535
|switch|p1a: 네크로즈마|Necrozma-Dusk-Mane|94/100
|-damage|p1a: 네크로즈마|88/100|[from] Stealth Rock
|turn|25
|
|t:|1654622538
|move|p2a: Yveltal|Taunt|p1a: 네크로즈마
|-start|p1a: 네크로즈마|move: Taunt
|cant|p1a: 네크로즈마|move: Taunt|Toxic
|
|upkeep
|turn|26
|
|t:|1654622543
|-start|p1a: 네크로즈마|Dynamax|
|-heal|p1a: 네크로즈마|88/100|[silent]
|move|p2a: Yveltal|Knock Off|p1a: 네크로즈마
|-supereffective|p1a: 네크로즈마
|-damage|p1a: 네크로즈마|60/100
|-damage|p2a: Yveltal|84/100|[from] item: Rocky Helmet|[of] p1a: 네크로즈마
|-enditem|p1a: 네크로즈마|Rocky Helmet|[from] move: Knock Off|[of] p2a: Yveltal
|move|p1a: 네크로즈마|Max Steelspike|p2a: Yveltal
|-damage|p2a: Yveltal|19/100
|-boost|p1a: 네크로즈마|def|1
|
|upkeep
|turn|27
|
|t:|1654622549
|move|p2a: Yveltal|Knock Off|p1a: 네크로즈마
|-supereffective|p1a: 네크로즈마
|-damage|p1a: 네크로즈마|47/100
|move|p1a: 네크로즈마|Max Steelspike|p2a: Yveltal
|-damage|p2a: Yveltal|0 fnt
|-boost|p1a: 네크로즈마|def|1
|faint|p2a: Yveltal
|
|-end|p1a: 네크로즈마|move: Taunt
|upkeep
|
|t:|1654622550
|switch|p2a: Necrozma|Necrozma-Dusk-Mane|100/100
|-damage|p2a: Necrozma|94/100|[from] Stealth Rock
|turn|28
|
|t:|1654622553
|move|p2a: Necrozma|Dragon Dance|p2a: Necrozma
|-boost|p2a: Necrozma|atk|1
|-boost|p2a: Necrozma|spe|1
|move|p1a: 네크로즈마|Max Steelspike|p2a: Necrozma
|-resisted|p2a: Necrozma
|-damage|p2a: Necrozma|75/100
|-boost|p1a: 네크로즈마|def|1
|
|-heal|p2a: Necrozma|81/100|[from] item: Leftovers
|upkeep
|-end|p1a: 네크로즈마|Dynamax
|-heal|p1a: 네크로즈마|47/100|[silent]
|turn|29
|
|t:|1654622556
|move|p2a: Necrozma|Dragon Dance|p2a: Necrozma
|-boost|p2a: Necrozma|atk|1
|-boost|p2a: Necrozma|spe|1
|move|p1a: 네크로즈마|Moonlight|p1a: 네크로즈마
|-heal|p1a: 네크로즈마|97/100
|
|-heal|p2a: Necrozma|87/100|[from] item: Leftovers
|upkeep
|turn|30
|
|t:|1654622560
|move|p2a: Necrozma|Dragon Dance|p2a: Necrozma
|-boost|p2a: Necrozma|atk|1
|-boost|p2a: Necrozma|spe|1
|move|p1a: 네크로즈마|Sunsteel Strike|p2a: Necrozma
|-resisted|p2a: Necrozma
|-crit|p2a: Necrozma
|-damage|p2a: Necrozma|67/100
|
|-heal|p2a: Necrozma|73/100|[from] item: Leftovers
|upkeep
|turn|31
|
|t:|1654622566
|move|p2a: Necrozma|Dragon Dance|p2a: Necrozma
|-boost|p2a: Necrozma|atk|1
|-boost|p2a: Necrozma|spe|1
|move|p1a: 네크로즈마|Sunsteel Strike|p2a: Necrozma
|-resisted|p2a: Necrozma
|-damage|p2a: Necrozma|58/100
|
|-heal|p2a: Necrozma|64/100|[from] item: Leftovers
|upkeep
|turn|32
|c|☆Apprenti Buck|K ggwp
|
|t:|1654622573
|switch|p1a: 지가르데|Zygarde|56/100
|-damage|p1a: 지가르데|50/100|[from] Stealth Rock
|move|p2a: Necrozma|Morning Sun|p2a: Necrozma
|-heal|p2a: Necrozma|100/100
|
|-heal|p1a: 지가르데|56/100|[from] item: Leftovers
|upkeep
|turn|33
|
|t:|1654622580
|-start|p2a: Necrozma|Dynamax|
|-heal|p2a: Necrozma|100/100|[silent]
|move|p2a: Necrozma|Max Steelspike|p1a: 지가르데
|-damage|p1a: 지가르데|0 fnt
|-boost|p2a: Necrozma|def|1
|faint|p1a: 지가르데
|
|upkeep
|c|☆Apprenti Buck|Man I love my ndm
|-message|rajof forfeited.
|
|win|Apprenti Buck
|raw|rajof's rating: 1685 &rarr; <strong>1678</strong><br />(-7 for losing)
|raw|Apprenti Buck's rating: 1946 &rarr; <strong>1953</strong><br />(+7 for winning)
|l|☆rajof
|l| GGCLOWNL
|c|☆Apprenti Buck|he sweeps when every hope is lost
