|j|☆RafikRoflan
|j|☆IAmJklol
|t:|1662308541
|gametype|singles
|player|p1|RafikRoflan|marnie-masters2|1735
|player|p2|IAmJklol|red|1856
|teamsize|p1|6
|teamsize|p2|6
|gen|8
|tier|[Gen 8] National Dex AG
|rated|
|rule|HP Percentage Mod: HP is shown in percentages
|rule|Endless Battle Clause: Forcing endless battles is banned
|clearpoke
|poke|p1|Quagsire, M|
|poke|p1|Tyranitar, F|
|poke|p1|Ditto|
|poke|p1|Rayquaza|
|poke|p1|Arceus-*|
|poke|p1|Lugia|
|poke|p2|Ho-Oh|
|poke|p2|Necrozma-Dusk-Mane|
|poke|p2|Zygarde|
|poke|p2|Rayquaza|
|poke|p2|Calyrex-Shadow|
|poke|p2|Arceus-*|
|teampreview
|inactive|Battle timer is ON: inactive players will automatically lose when time's up. (requested by IAmJklol)
|inactive|RafikRoflan also wants the timer to be on.
|
|t:|1662308550
|start
|switch|p1a: Tyranitar|Tyranitar, F|100/100
|switch|p2a: Rayquaza|Rayquaza|100/100
|-ability|p2a: Rayquaza|Air Lock
|-weather|Sandstorm|[from] ability: Sand Stream|[of] p1a: Tyranitar
|turn|1
|
|t:|1662308557
|switch|p1a: Lugia|Lugia|100/100
|detailschange|p2a: Rayquaza|Rayquaza-Mega
|-mega|p2a: Rayquaza|Rayquaza|
|-weather|DeltaStream|[from] ability: Delta Stream|[of] p2a: Rayquaza
|move|p2a: Rayquaza|Dragon Ascent|p1a: Lugia
|-damage|p1a: Lugia|71/100
|-unboost|p2a: Rayquaza|def|1
|-unboost|p2a: Rayquaza|spd|1
|-damage|p2a: Rayquaza|84/100|[from] item: Rocky Helmet|[of] p1a: Lugia
|
|-weather|DeltaStream|[upkeep]
|upkeep
|turn|2
|
|t:|1662308563
|move|p2a: Rayquaza|Dragon Ascent|p1a: Lugia
|-damage|p1a: Lugia|10/100
|-unboost|p2a: Rayquaza|def|1
|-unboost|p2a: Rayquaza|spd|1
|-damage|p2a: Rayquaza|67/100|[from] item: Rocky Helmet|[of] p1a: Lugia
|move|p1a: Lugia|Roost|p1a: Lugia
|-heal|p1a: Lugia|60/100
|-singleturn|p1a: Lugia|move: Roost
|
|-weather|DeltaStream|[upkeep]
|upkeep
|turn|3
|
|t:|1662308568
|switch|p1a: Tyranitar|Tyranitar, F|100/100
|-ability|p1a: Tyranitar|Sand Stream|[from] deltastream|[fail]
|move|p2a: Rayquaza|Dragon Ascent|p1a: Tyranitar
|-resisted|p1a: Tyranitar
|-damage|p1a: Tyranitar|57/100
|-unboost|p2a: Rayquaza|def|1
|-unboost|p2a: Rayquaza|spd|1
|
|-weather|DeltaStream|[upkeep]
|-heal|p1a: Tyranitar|63/100|[from] item: Leftovers
|upkeep
|turn|4
|
|t:|1662308574
|-weather|none
|switch|p2a: Zygarde|Zygarde|100/100
|move|p1a: Tyranitar|Rest|p1a: Tyranitar
|-status|p1a: Tyranitar|slp|[from] move: Rest
|-heal|p1a: Tyranitar|100/100 slp|[silent]
|
|upkeep
|turn|5
|
|t:|1662308578
|switch|p2a: Rayquaza|Rayquaza-Mega|67/100
|-weather|DeltaStream|[from] ability: Delta Stream|[of] p2a: Rayquaza
|switch|p1a: Lugia|Lugia|60/100
|
|-weather|DeltaStream|[upkeep]
|upkeep
|turn|6
|
|t:|1662308582
|switch|p1a: Tyranitar|Tyranitar, F|100/100 slp
|-ability|p1a: Tyranitar|Sand Stream|[from] deltastream|[fail]
|move|p2a: Rayquaza|Dragon Ascent|p1a: Tyranitar
|-resisted|p1a: Tyranitar
|-damage|p1a: Tyranitar|55/100 slp
|-unboost|p2a: Rayquaza|def|1
|-unboost|p2a: Rayquaza|spd|1
|
|-weather|DeltaStream|[upkeep]
|-heal|p1a: Tyranitar|61/100 slp|[from] item: Leftovers
|upkeep
|turn|7
|
|t:|1662308590
|move|p2a: Rayquaza|Dragon Ascent|p1a: Tyranitar
|-resisted|p1a: Tyranitar
|-damage|p1a: Tyranitar|14/100 slp
|-unboost|p2a: Rayquaza|def|1
|-unboost|p2a: Rayquaza|spd|1
|cant|p1a: Tyranitar|slp
|
|-weather|DeltaStream|[upkeep]
|-heal|p1a: Tyranitar|20/100 slp|[from] item: Leftovers
|upkeep
|turn|8
|
|t:|1662308592
|move|p2a: Rayquaza|Dragon Ascent|p1a: Tyranitar
|-resisted|p1a: Tyranitar
|-damage|p1a: Tyranitar|0 fnt
|-unboost|p2a: Rayquaza|def|1
|-unboost|p2a: Rayquaza|spd|1
|faint|p1a: Tyranitar
|
|-weather|DeltaStream|[upkeep]
|upkeep
|
|t:|1662308594
|switch|p1a: Arceus|Arceus-Ground|100/100
|turn|9
|
|t:|1662308598
|-weather|none
|switch|p2a: Ho-Oh|Ho-Oh|100/100
|move|p1a: Arceus|Ice Beam|p2a: Ho-Oh
|-damage|p2a: Ho-Oh|90/100
|
|upkeep
|turn|10
|
|t:|1662308604
|switch|p1a: Rayquaza|Rayquaza|100/100
|-ability|p1a: Rayquaza|Air Lock
|move|p2a: Ho-Oh|Sacred Fire|p1a: Rayquaza
|-resisted|p1a: Rayquaza
|-damage|p1a: Rayquaza|78/100
|-status|p1a: Rayquaza|brn
|
|-damage|p1a: Rayquaza|72/100 brn|[from] brn
|upkeep
|turn|11
|
|t:|1662308609
|switch|p2a: Zygarde|Zygarde|100/100
|detailschange|p1a: Rayquaza|Rayquaza-Mega
|-mega|p1a: Rayquaza|Rayquaza|
|-weather|DeltaStream|[from] ability: Delta Stream|[of] p1a: Rayquaza
|move|p1a: Rayquaza|Swords Dance|p1a: Rayquaza
|-boost|p1a: Rayquaza|atk|2
|
|-weather|DeltaStream|[upkeep]
|-damage|p1a: Rayquaza|66/100 brn|[from] brn
|upkeep
|turn|12
|
|t:|1662308616
|move|p1a: Rayquaza|Swords Dance|p1a: Rayquaza
|-boost|p1a: Rayquaza|atk|2
|move|p2a: Zygarde|Coil|p2a: Zygarde
|-boost|p2a: Zygarde|atk|1
|-boost|p2a: Zygarde|def|1
|-boost|p2a: Zygarde|accuracy|1
|
|-weather|DeltaStream|[upkeep]
|-damage|p1a: Rayquaza|60/100 brn|[from] brn
|upkeep
|turn|13
|
|t:|1662308620
|move|p1a: Rayquaza|Swords Dance|p1a: Rayquaza
|-boost|p1a: Rayquaza|atk|2
|move|p2a: Zygarde|Thousand Arrows|p1a: Rayquaza
|-damage|p1a: Rayquaza|16/100 brn
|-start|p1a: Rayquaza|Smack Down
|
|-weather|DeltaStream|[upkeep]
|-damage|p1a: Rayquaza|10/100 brn|[from] brn
|upkeep
|turn|14
|
|t:|1662308625
|switch|p2a: Necrozma|Necrozma-Dusk-Mane|100/100
|move|p1a: Rayquaza|Scale Shot|p2a: Necrozma
|-resisted|p2a: Necrozma
|-damage|p2a: Necrozma|89/100
|-resisted|p2a: Necrozma
|-damage|p2a: Necrozma|78/100
|-resisted|p2a: Necrozma
|-damage|p2a: Necrozma|66/100
|-resisted|p2a: Necrozma
|-damage|p2a: Necrozma|56/100
|-resisted|p2a: Necrozma
|-damage|p2a: Necrozma|45/100
|-hitcount|p2a: Necrozma|5
|-unboost|p1a: Rayquaza|def|1
|-boost|p1a: Rayquaza|spe|1
|-damage|p1a: Rayquaza|0 fnt|[from] item: Life Orb
|faint|p1a: Rayquaza
|-weather|none
|
|upkeep
|
|t:|1662308632
|switch|p1a: Ditto|Ditto|100/100
|-transform|p1a: Ditto|p2a: Necrozma|[from] ability: Imposter
|turn|15
|c|☆IAmJklol|5 hits ok
|
|t:|1662308636
|switch|p1a: Arceus|Arceus-Ground|100/100
|move|p2a: Necrozma|Morning Sun|p2a: Necrozma
|-heal|p2a: Necrozma|95/100
|
|upkeep
|turn|16
|c|☆RafikRoflan|haha
|
|t:|1662308641
|switch|p2a: Ho-Oh|Ho-Oh|100/100
|move|p1a: Arceus|Judgment|p2a: Ho-Oh
|-immune|p2a: Ho-Oh
|
|upkeep
|turn|17
|-message|RafikRoflan forfeited.
|
|win|IAmJklol
|raw|RafikRoflan's rating: 1735 &rarr; <strong>1722</strong><br />(-13 for losing)
|raw|IAmJklol's rating: 1856 &rarr; <strong>1869</strong><br />(+13 for winning)
|l|☆RafikRoflan
