|j|☆hanwujiwandou
|j|☆Clownnin
|t:|1664871954
|gametype|singles
|player|p1|hanwujiwandou|lillie-z|1715
|player|p2|Clownnin|clown|1674
|teamsize|p1|6
|teamsize|p2|6
|gen|8
|tier|[Gen 8] National Dex AG
|rated|
|rule|HP Percentage Mod: HP is shown in percentages
|rule|Endless Battle Clause: Forcing endless battles is banned
|clearpoke
|poke|p1|Zacian-*|
|poke|p1|Ho-Oh|
|poke|p1|Groudon|
|poke|p1|Calyrex-Shadow|
|poke|p1|Yveltal|
|poke|p1|Rayquaza|
|poke|p2|Arceus-*|
|poke|p2|Arceus-*|
|poke|p2|Arceus-*|
|poke|p2|Arceus-*|
|poke|p2|Arceus-*|
|poke|p2|Arceus-*|
|teampreview
|inactive|Battle timer is ON: inactive players will automatically lose when time's up. (requested by Clownnin)
|
|t:|1664871957
|start
|switch|p1a: Ho-Oh|Ho-Oh|100/100
|switch|p2a: Arceus|Arceus-Ground|100/100
|turn|1
|
|t:|1664871962
|move|p2a: Arceus|Stealth Rock|p1a: Ho-Oh
|-sidestart|p1: hanwujiwandou|move: Stealth Rock
|move|p1a: Ho-Oh|Toxic|p2a: Arceus
|-status|p2a: Arceus|tox
|
|-damage|p2a: Arceus|94/100 tox|[from] psn
|upkeep
|turn|2
|
|t:|1664871967
|switch|p2a: Arceus|Arceus-Ghost|100/100
|move|p1a: Ho-Oh|Defog|p2a: Arceus
|-unboost|p2a: Arceus|evasion|1
|-sideend|p1: hanwujiwandou|Stealth Rock|[from] move: Defog|[of] p1a: Ho-Oh
|
|upkeep
|turn|3
|
|t:|1664871970
|-zpower|p2a: Arceus
|move|p2a: Arceus|Never-Ending Nightmare|p1a: Ho-Oh|[zeffect]
|-damage|p1a: Ho-Oh|41/100
|move|p1a: Ho-Oh|Toxic|p2a: Arceus
|-status|p2a: Arceus|tox
|
|-damage|p2a: Arceus|94/100 tox|[from] psn
|upkeep
|turn|4
|j| Kiritsu3
|
|t:|1664871976
|switch|p2a: Arceus|Arceus-Dark|100/100
|move|p1a: Ho-Oh|Recover|p1a: Ho-Oh
|-heal|p1a: Ho-Oh|91/100
|
|upkeep
|turn|5
|
|t:|1664871981
|move|p2a: Arceus|Calm Mind|p2a: Arceus
|-boost|p2a: Arceus|spa|1
|-boost|p2a: Arceus|spd|1
|move|p1a: Ho-Oh|Toxic|p2a: Arceus
|-status|p2a: Arceus|tox
|
|-damage|p2a: Arceus|94/100 tox|[from] psn
|upkeep
|turn|6
|
|t:|1664871986
|move|p2a: Arceus|Calm Mind|p2a: Arceus
|-boost|p2a: Arceus|spa|1
|-boost|p2a: Arceus|spd|1
|move|p1a: Ho-Oh|Recover|p1a: Ho-Oh
|-heal|p1a: Ho-Oh|100/100
|
|-damage|p2a: Arceus|82/100 tox|[from] psn
|upkeep
|turn|7
|l| Kiritsu3
|
|t:|1664871992
|switch|p1a: Zacian|Zacian-Crowned|100/100
|-ability|p1a: Zacian|Intrepid Sword|boost
|-boost|p1a: Zacian|atk|1
|move|p2a: Arceus|Refresh|p2a: Arceus
|-curestatus|p2a: Arceus|tox|[msg]
|
|upkeep
|turn|8
|
|t:|1664871996
|switch|p2a: Arceus|Arceus-Water|100/100
|move|p1a: Zacian|Play Rough|p2a: Arceus|[miss]
|-miss|p1a: Zacian|p2a: Arceus
|
|upkeep
|turn|9
|
|t:|1664872002
|switch|p1a: Groudon|Groudon|100/100
|detailschange|p1a: Groudon|Groudon-Primal
|-primal|p1a: Groudon
|-weather|DesolateLand|[from] ability: Desolate Land|[of] p1a: Groudon
|move|p2a: Arceus|Judgment||[still]
|-fail|p2a: Arceus|Judgment|[from] Desolate Land
|
|-weather|DesolateLand|[upkeep]
|upkeep
|turn|10
|
|t:|1664872009
|switch|p2a: Arceus|Arceus-Flying|100/100
|move|p1a: Groudon|Stealth Rock|p2a: Arceus
|-sidestart|p2: Clownnin|move: Stealth Rock
|
|-weather|DesolateLand|[upkeep]
|upkeep
|turn|11
|
|t:|1664872012
|move|p2a: Arceus|Judgment|p1a: Groudon
|-damage|p1a: Groudon|47/100
|move|p1a: Groudon|Stone Edge|p2a: Arceus
|-supereffective|p2a: Arceus
|-damage|p2a: Arceus|42/100
|
|-weather|DesolateLand|[upkeep]
|upkeep
|turn|12
|
|t:|1664872018
|-weather|none
|switch|p1a: Ho-Oh|Ho-Oh|100/100
|move|p2a: Arceus|Recover|p2a: Arceus
|-heal|p2a: Arceus|92/100
|
|upkeep
|turn|13
|
|t:|1664872024
|switch|p2a: Arceus|Arceus-Dark|82/100
|-damage|p2a: Arceus|70/100|[from] Stealth Rock
|move|p1a: Ho-Oh|Toxic|p2a: Arceus
|-status|p2a: Arceus|tox
|
|-damage|p2a: Arceus|64/100 tox|[from] psn
|upkeep
|turn|14
|
|t:|1664872028
|move|p2a: Arceus|Refresh|p2a: Arceus
|-curestatus|p2a: Arceus|tox|[msg]
|move|p1a: Ho-Oh|Sacred Fire|p2a: Arceus
|-damage|p2a: Arceus|37/100
|
|upkeep
|turn|15
|
|t:|1664872031
|move|p2a: Arceus|Recover|p2a: Arceus
|-heal|p2a: Arceus|87/100
|move|p1a: Ho-Oh|Sacred Fire|p2a: Arceus|[miss]
|-miss|p1a: Ho-Oh|p2a: Arceus
|
|upkeep
|turn|16
|
|t:|1664872034
|move|p2a: Arceus|Judgment|p1a: Ho-Oh
|-damage|p1a: Ho-Oh|71/100
|move|p1a: Ho-Oh|Toxic|p2a: Arceus
|-status|p2a: Arceus|tox
|
|-damage|p2a: Arceus|80/100 tox|[from] psn
|upkeep
|turn|17
|
|t:|1664872039
|move|p2a: Arceus|Refresh|p2a: Arceus
|-curestatus|p2a: Arceus|tox|[msg]
|move|p1a: Ho-Oh|Sacred Fire|p2a: Arceus
|-damage|p2a: Arceus|53/100
|-status|p2a: Arceus|brn
|
|-damage|p2a: Arceus|47/100 brn|[from] brn
|upkeep
|turn|18
|
|t:|1664872046
|switch|p1a: Zacian|Zacian-Crowned|100/100
|-ability|p1a: Zacian|Intrepid Sword|boost
|-boost|p1a: Zacian|atk|1
|move|p2a: Arceus|Recover|p2a: Arceus
|-heal|p2a: Arceus|97/100 brn
|
|-damage|p2a: Arceus|91/100 brn|[from] brn
|upkeep
|turn|19
|
|t:|1664872053
|switch|p2a: Arceus|Arceus-Water|100/100
|-damage|p2a: Arceus|88/100|[from] Stealth Rock
|move|p1a: Zacian|Play Rough|p2a: Arceus
|-damage|p2a: Arceus|45/100
|
|upkeep
|turn|20
|
|t:|1664872061
|move|p1a: Zacian|Play Rough|p2a: Arceus|[miss]
|-miss|p1a: Zacian|p2a: Arceus
|move|p2a: Arceus|Recover|p2a: Arceus
|-heal|p2a: Arceus|95/100
|
|upkeep
|turn|21
|j| Kiritsu3
|
|t:|1664872065
|move|p1a: Zacian|Play Rough|p2a: Arceus
|-damage|p2a: Arceus|51/100
|move|p2a: Arceus|Toxic|p1a: Zacian
|-immune|p1a: Zacian
|
|upkeep
|turn|22
|l| Kiritsu3
|
|t:|1664872071
|move|p1a: Zacian|Play Rough|p2a: Arceus|[miss]
|-miss|p1a: Zacian|p2a: Arceus
|move|p2a: Arceus|Recover|p2a: Arceus
|-heal|p2a: Arceus|100/100
|
|upkeep
|turn|23
|
|t:|1664872073
|move|p1a: Zacian|Play Rough|p2a: Arceus
|-damage|p2a: Arceus|55/100
|move|p2a: Arceus|Judgment|p1a: Zacian
|-damage|p1a: Zacian|59/100
|
|upkeep
|turn|24
|
|t:|1664872080
|move|p1a: Zacian|Play Rough|p2a: Arceus
|-damage|p2a: Arceus|11/100
|move|p2a: Arceus|Recover|p2a: Arceus
|-heal|p2a: Arceus|61/100
|
|upkeep
|turn|25
|
|t:|1664872089
|switch|p1a: Groudon|Groudon-Primal|47/100
|-weather|DesolateLand|[from] ability: Desolate Land|[of] p1a: Groudon
|move|p2a: Arceus|Recover|p2a: Arceus
|-heal|p2a: Arceus|100/100
|
|-weather|DesolateLand|[upkeep]
|upkeep
|turn|26
|
|t:|1664872101
|switch|p2a: Arceus|Arceus-Ground|94/100 tox
|-damage|p2a: Arceus|88/100 tox|[from] Stealth Rock
|move|p1a: Groudon|Stone Edge|p2a: Arceus|[miss]
|-miss|p1a: Groudon|p2a: Arceus
|
|-weather|DesolateLand|[upkeep]
|-damage|p2a: Arceus|82/100 tox|[from] psn
|upkeep
|turn|27
|
|t:|1664872106
|-weather|none
|switch|p1a: Ho-Oh|Ho-Oh|100/100
|move|p2a: Arceus|Stealth Rock|p1a: Ho-Oh
|-sidestart|p1: hanwujiwandou|move: Stealth Rock
|
|-damage|p2a: Arceus|70/100 tox|[from] psn
|upkeep
|turn|28
|
|t:|1664872114
|switch|p2a: Arceus|Arceus-Dark|91/100 brn
|-damage|p2a: Arceus|78/100 brn|[from] Stealth Rock
|move|p1a: Ho-Oh|Sacred Fire|p2a: Arceus
|-crit|p2a: Arceus
|-damage|p2a: Arceus|38/100 brn
|
|-damage|p2a: Arceus|32/100 brn|[from] brn
|upkeep
|turn|29
|
|t:|1664872120
|move|p2a: Arceus|Recover|p2a: Arceus
|-heal|p2a: Arceus|82/100 brn
|move|p1a: Ho-Oh|Sacred Fire|p2a: Arceus
|-damage|p2a: Arceus|55/100 brn
|
|-damage|p2a: Arceus|48/100 brn|[from] brn
|upkeep
|turn|30
|
|t:|1664872127
|move|p2a: Arceus|Recover|p2a: Arceus
|-heal|p2a: Arceus|98/100 brn
|move|p1a: Ho-Oh|Defog|p2a: Arceus
|-unboost|p2a: Arceus|evasion|1
|-sideend|p2: Clownnin|Stealth Rock|[from] move: Defog|[of] p1a: Ho-Oh
|-sideend|p1: hanwujiwandou|Stealth Rock|[from] move: Defog|[of] p1a: Ho-Oh
|
|-damage|p2a: Arceus|92/100 brn|[from] brn
|upkeep
|turn|31
|
|t:|1664872132
|move|p2a: Arceus|Calm Mind|p2a: Arceus
|-boost|p2a: Arceus|spa|1
|-boost|p2a: Arceus|spd|1
|move|p1a: Ho-Oh|Toxic||[still]
|-fail|p1a: Ho-Oh
|
|-damage|p2a: Arceus|86/100 brn|[from] brn
|upkeep
|turn|32
|
|t:|1664872138
|switch|p1a: Zacian|Zacian-Crowned|59/100
|-ability|p1a: Zacian|Intrepid Sword|boost
|-boost|p1a: Zacian|atk|1
|move|p2a: Arceus|Judgment|p1a: Zacian
|-resisted|p1a: Zacian
|-damage|p1a: Zacian|26/100
|
|-damage|p2a: Arceus|80/100 brn|[from] brn
|upkeep
|turn|33
|
|t:|1664872144
|switch|p2a: Arceus|Arceus-Water|100/100
|move|p1a: Zacian|Play Rough|p2a: Arceus
|-damage|p2a: Arceus|61/100
|
|upkeep
|turn|34
|
|t:|1664872155
|switch|p1a: Groudon|Groudon-Primal|47/100
|-weather|DesolateLand|[from] ability: Desolate Land|[of] p1a: Groudon
|move|p2a: Arceus|Recover|p2a: Arceus
|-heal|p2a: Arceus|100/100
|
|-weather|DesolateLand|[upkeep]
|upkeep
|turn|35
|
|t:|1664872163
|move|p1a: Groudon|Precipice Blades|p2a: Arceus
|-damage|p2a: Arceus|65/100
|move|p2a: Arceus|Toxic|p1a: Groudon|[miss]
|-miss|p2a: Arceus|p1a: Groudon
|
|-weather|DesolateLand|[upkeep]
|upkeep
|turn|36
|
|t:|1664872172
|-weather|none
|switch|p1a: Zacian|Zacian-Crowned|26/100
|-ability|p1a: Zacian|Intrepid Sword|boost
|-boost|p1a: Zacian|atk|1
|move|p2a: Arceus|Recover|p2a: Arceus
|-heal|p2a: Arceus|100/100
|
|upkeep
|turn|37
|
|t:|1664872175
|switch|p1a: Groudon|Groudon-Primal|47/100
|-weather|DesolateLand|[from] ability: Desolate Land|[of] p1a: Groudon
|move|p2a: Arceus|Judgment||[still]
|-fail|p2a: Arceus|Judgment|[from] Desolate Land
|
|-weather|DesolateLand|[upkeep]
|upkeep
|turn|38
|
|t:|1664872183
|switch|p2a: Arceus|Arceus-Flying|92/100
|move|p1a: Groudon|Stealth Rock|p2a: Arceus
|-sidestart|p2: Clownnin|move: Stealth Rock
|
|-weather|DesolateLand|[upkeep]
|upkeep
|turn|39
|
|t:|1664872191
|-weather|none
|switch|p1a: Ho-Oh|Ho-Oh|100/100
|move|p2a: Arceus|Defog|p1a: Ho-Oh
|-unboost|p1a: Ho-Oh|evasion|1
|-sideend|p2: Clownnin|Stealth Rock|[from] move: Defog|[of] p2a: Arceus
|
|upkeep
|turn|40
|
|t:|1664872205
|switch|p1a: Zacian|Zacian-Crowned|26/100
|-ability|p1a: Zacian|Intrepid Sword|boost
|-boost|p1a: Zacian|atk|1
|move|p2a: Arceus|Fire Blast|p1a: Zacian
|-supereffective|p1a: Zacian
|-damage|p1a: Zacian|0 fnt
|faint|p1a: Zacian
|
|upkeep
|
|t:|1664872217
|switch|p1a: Ho-Oh|Ho-Oh|100/100
|turn|41
|
|t:|1664872221
|switch|p2a: Arceus|Arceus-Dark|80/100 brn
|move|p1a: Ho-Oh|Toxic||[still]
|-fail|p1a: Ho-Oh
|
|-damage|p2a: Arceus|74/100 brn|[from] brn
|upkeep
|turn|42
|
|t:|1664872226
|switch|p1a: Rayquaza|Rayquaza|100/100
|-ability|p1a: Rayquaza|Air Lock
|move|p2a: Arceus|Recover|p2a: Arceus
|-heal|p2a: Arceus|100/100 brn
|
|-damage|p2a: Arceus|94/100 brn|[from] brn
|upkeep
|turn|43
|
|t:|1664872235
|switch|p1a: Yveltal|Yveltal|100/100
|-ability|p1a: Yveltal|Dark Aura
|switch|p2a: Arceus|Arceus-Ground|70/100 tox
|
|-damage|p2a: Arceus|64/100 tox|[from] psn
|upkeep
|turn|44
|
|t:|1664872241
|switch|p2a: Arceus|Arceus-Fairy|100/100
|move|p1a: Yveltal|Dark Pulse|p2a: Arceus
|-resisted|p2a: Arceus
|-damage|p2a: Arceus|80/100
|
|upkeep
|turn|45
|
|t:|1664872245
|switch|p1a: Ho-Oh|Ho-Oh|100/100
|move|p2a: Arceus|Calm Mind|p2a: Arceus
|-boost|p2a: Arceus|spa|1
|-boost|p2a: Arceus|spd|1
|
|upkeep
|turn|46
|
|t:|1664872248
|move|p2a: Arceus|Calm Mind|p2a: Arceus
|-boost|p2a: Arceus|spa|1
|-boost|p2a: Arceus|spd|1
|move|p1a: Ho-Oh|Toxic|p2a: Arceus
|-status|p2a: Arceus|tox
|
|-damage|p2a: Arceus|74/100 tox|[from] psn
|upkeep
|turn|47
|
|t:|1664872251
|move|p2a: Arceus|Refresh|p2a: Arceus
|-curestatus|p2a: Arceus|tox|[msg]
|move|p1a: Ho-Oh|Sacred Fire|p2a: Arceus
|-damage|p2a: Arceus|47/100
|
|upkeep
|turn|48
|
|t:|1664872254
|move|p2a: Arceus|Recover|p2a: Arceus
|-heal|p2a: Arceus|97/100
|move|p1a: Ho-Oh|Toxic|p2a: Arceus|[miss]
|-miss|p1a: Ho-Oh|p2a: Arceus
|
|upkeep
|turn|49
|
|t:|1664872256
|move|p2a: Arceus|Calm Mind|p2a: Arceus
|-boost|p2a: Arceus|spa|1
|-boost|p2a: Arceus|spd|1
|move|p1a: Ho-Oh|Toxic|p2a: Arceus
|-status|p2a: Arceus|tox
|
|-damage|p2a: Arceus|91/100 tox|[from] psn
|upkeep
|turn|50
|
|t:|1664872269
|switch|p1a: Groudon|Groudon-Primal|47/100
|-weather|DesolateLand|[from] ability: Desolate Land|[of] p1a: Groudon
|move|p2a: Arceus|Refresh|p2a: Arceus
|-curestatus|p2a: Arceus|tox|[msg]
|
|-weather|DesolateLand|[upkeep]
|upkeep
|turn|51
|
|t:|1664872277
|move|p2a: Arceus|Judgment|p1a: Groudon
|-resisted|p1a: Groudon
|-damage|p1a: Groudon|0 fnt
|faint|p1a: Groudon
|-weather|none
|
|upkeep
|-message|hanwujiwandou forfeited.
|
|win|Clownnin
|raw|hanwujiwandou's rating: 1737 &rarr; <strong>1713</strong><br />(-24 for losing)
|raw|Clownnin's rating: 1674 &rarr; <strong>1698</strong><br />(+24 for winning)
|l|☆hanwujiwandou
|l|☆Clownnin
|j|☆Clownnin
|player|p2|Clownnin|clown
