|j|☆Naofumi_Bakugo_Jax
|j|☆SpookyMareep
|t:|1659577497
|gametype|singles
|player|p1|Naofumi_Bakugo_Jax|blue|1566
|player|p2|SpookyMareep|rocketgruntf|1577
|teamsize|p1|6
|teamsize|p2|6
|gen|8
|tier|[Gen 8] National Dex AG
|rated|
|rule|HP Percentage Mod: HP is shown in percentages
|rule|Endless Battle Clause: Forcing endless battles is banned
|clearpoke
|poke|p1|Kyogre|
|poke|p1|Swampert, F|
|poke|p1|Calyrex-Shadow|
|poke|p1|Yveltal|
|poke|p1|Zacian-*|
|poke|p1|Lunala|
|poke|p2|Ditto|
|poke|p2|Marshadow|
|poke|p2|Toxapex, F|
|poke|p2|Shedinja|
|poke|p2|Quagsire, F|
|poke|p2|Landorus-Therian, M|
|teampreview
|inactive|Battle timer is ON: inactive players will automatically lose when time's up. (requested by Naofumi_Bakugo_Jax)
|
|t:|1659577527
|start
|switch|p1a: Calyrex|Calyrex-Shadow|100/100
|switch|p2a: >1440 ELO TEAM|Landorus-Therian, M|100/100
|-ability|p1a: Calyrex|As One
|-ability|p1a: Calyrex|Unnerve
|-ability|p2a: >1440 ELO TEAM|Intimidate|boost
|-unboost|p1a: Calyrex|atk|1
|turn|1
|
|t:|1659577551
|switch|p2a: Yakuza|Toxapex, F|100/100
|move|p1a: Calyrex|Nasty Plot|p1a: Calyrex
|-boost|p1a: Calyrex|spa|2
|
|upkeep
|turn|2
|inactive|Naofumi_Bakugo_Jax has 120 seconds left.
|
|t:|1659577588
|-start|p2a: Yakuza|Dynamax|
|-heal|p2a: Yakuza|100/100|[silent]
|move|p1a: Calyrex|Astral Barrage|p2a: Yakuza
|-damage|p2a: Yakuza|34/100
|move|p2a: Yakuza|Max Geyser|p1a: Calyrex
|-damage|p1a: Calyrex|75/100
|-weather|RainDance
|
|-weather|RainDance|[upkeep]
|upkeep
|turn|3
|inactive|Naofumi_Bakugo_Jax has 90 seconds left.
|
|t:|1659577637
|-end|p2a: Yakuza|Dynamax
|-heal|p2a: Yakuza|34/100|[silent]
|switch|p2a: :)|Quagsire, F|100/100
|move|p1a: Calyrex|Baton Pass|p1a: Calyrex
|c|☆SpookyMareep|o
|inactive|Naofumi_Bakugo_Jax has 60 seconds left.
|
|t:|1659577652
|switch|p1a: Lunala|Lunala|100/100|[from]move: Baton Pass
|
|-weather|RainDance|[upkeep]
|upkeep
|turn|4
|inactive|Naofumi_Bakugo_Jax has 60 seconds left.
|
|t:|1659577688
|-start|p1a: Lunala|Dynamax|
|-heal|p1a: Lunala|100/100|[silent]
|move|p1a: Lunala|Max Phantasm|p2a: :)
|-damage|p2a: :)|5/100
|-unboost|p2a: :)|def|1
|move|p2a: :)|Toxic|p1a: Lunala
|-status|p1a: Lunala|tox
|
|-weather|RainDance|[upkeep]
|-damage|p1a: Lunala|97/100 tox|[from] psn
|upkeep
|turn|5
|
|t:|1659577700
|move|p1a: Lunala|Max Rockfall|p2a: :)
|-resisted|p2a: :)
|-damage|p2a: :)|0 fnt
|-weather|Sandstorm
|faint|p2a: :)
|
|-weather|Sandstorm|[upkeep]
|-damage|p1a: Lunala|94/100 tox|[from] Sandstorm
|-damage|p1a: Lunala|88/100 tox|[from] psn
|upkeep
|
|t:|1659577703
|switch|p2a: xXWingsRippedXx|Marshadow|100/100
|turn|6
|
|t:|1659577713
|move|p2a: xXWingsRippedXx|Spectral Thief||[still]
|-clearpositiveboost|p1a: Lunala|p2a: xXWingsRippedXx|move: Spectral Thief
|-boost|p2a: xXWingsRippedXx|spa|2
|-anim|p2a: xXWingsRippedXx|Spectral Thief|p1a: Lunala
|-supereffective|p1a: Lunala
|-damage|p1a: Lunala|0 fnt
|faint|p1a: Lunala
|-damage|p2a: xXWingsRippedXx|91/100|[from] item: Life Orb
|
|-weather|Sandstorm|[upkeep]
|-damage|p2a: xXWingsRippedXx|84/100|[from] Sandstorm
|upkeep
|inactive|Naofumi_Bakugo_Jax has 30 seconds left.
|inactive|Naofumi_Bakugo_Jax has 20 seconds left.
|inactive|Naofumi_Bakugo_Jax has 15 seconds left.
|inactive|Naofumi_Bakugo_Jax has 10 seconds left.
|inactive|Naofumi_Bakugo_Jax has 5 seconds left.
|
|t:|1659577760
|switch|p1a: Yveltal|Yveltal, shiny|100/100
|-ability|p1a: Yveltal|Dark Aura
|turn|7
|inactive|Naofumi_Bakugo_Jax has 15 seconds left this turn.
|inactive|Naofumi_Bakugo_Jax has 10 seconds left.
|
|t:|1659577768
|move|p1a: Yveltal|Oblivion Wing|p2a: xXWingsRippedXx
|-supereffective|p2a: xXWingsRippedXx
|-damage|p2a: xXWingsRippedXx|0 fnt
|faint|p2a: xXWingsRippedXx
|
|-weather|Sandstorm|[upkeep]
|-damage|p1a: Yveltal|94/100|[from] Sandstorm
|upkeep
|inactive|Naofumi_Bakugo_Jax has 15 seconds left this turn.
|
|t:|1659577771
|switch|p2a: >1440 ELO TEAM|Landorus-Therian, M|100/100
|-ability|p2a: >1440 ELO TEAM|Intimidate|boost
|-unboost|p1a: Yveltal|atk|1
|turn|8
|inactive|Naofumi_Bakugo_Jax has 25 seconds left this turn.
|inactive|Naofumi_Bakugo_Jax has 20 seconds left.
|inactive|Naofumi_Bakugo_Jax has 15 seconds left.
|
|t:|1659577784
|switch|p1a: Kyogre|Kyogre|100/100
|-weather|RainDance|[from] ability: Drizzle|[of] p1a: Kyogre
|move|p2a: >1440 ELO TEAM|Stone Edge|p1a: Kyogre
|-crit|p1a: Kyogre
|-damage|p1a: Kyogre|42/100
|
|-weather|RainDance|[upkeep]
|upkeep
|turn|9
|inactive|Naofumi_Bakugo_Jax has 25 seconds left this turn.
|inactive|Naofumi_Bakugo_Jax has 20 seconds left.
|
|t:|1659577791
|switch|p2a: Yakuza.|Shedinja|100/100
|move|p1a: Kyogre|Ice Beam|p2a: Yakuza.
|-immune|p2a: Yakuza.|[from] ability: Wonder Guard
|
|-weather|RainDance|[upkeep]
|upkeep
|turn|10
|inactive|Naofumi_Bakugo_Jax has 30 seconds left this turn.
|inactive|Naofumi_Bakugo_Jax has 20 seconds left.
|
|t:|1659577806
|switch|p1a: Swampert|Swampert, F|100/100
|move|p2a: Yakuza.|Toxic|p1a: Swampert
|-status|p1a: Swampert|tox
|
|-weather|RainDance|[upkeep]
|-damage|p1a: Swampert|94/100 tox|[from] psn
|upkeep
|turn|11
|inactive|Naofumi_Bakugo_Jax has 30 seconds left this turn.
|
|t:|1659577811
|switch|p2a: >1440 ELO TEAM|Landorus-Therian, M|100/100
|-ability|p2a: >1440 ELO TEAM|Intimidate|boost
|-unboost|p1a: Swampert|atk|1
|detailschange|p1a: Swampert|Swampert-Mega, F
|-mega|p1a: Swampert|Swampert|Swampertite
|move|p1a: Swampert|Rock Tomb|p2a: >1440 ELO TEAM
|-damage|p2a: >1440 ELO TEAM|80/100
|-unboost|p2a: >1440 ELO TEAM|spe|1
|
|-weather|RainDance|[upkeep]
|-damage|p1a: Swampert|82/100 tox|[from] psn
|upkeep
|turn|12
|inactive|Naofumi_Bakugo_Jax has 30 seconds left.
|inactive|Naofumi_Bakugo_Jax has 20 seconds left.
|
|t:|1659577827
|switch|p2a: Yakuza|Toxapex, F|67/100
|move|p1a: Swampert|Liquidation|p2a: Yakuza
|-resisted|p2a: Yakuza
|-damage|p2a: Yakuza|51/100
|-damage|p1a: Swampert|66/100 tox|[from] item: Rocky Helmet|[of] p2a: Yakuza
|
|-weather|none
|-damage|p1a: Swampert|47/100 tox|[from] psn
|upkeep
|turn|13
|inactive|Naofumi_Bakugo_Jax has 30 seconds left this turn.
|inactive|Naofumi_Bakugo_Jax has 20 seconds left.
|inactive|Naofumi_Bakugo_Jax has 15 seconds left.
|inactive|Naofumi_Bakugo_Jax has 10 seconds left.
|
|t:|1659577848
|switch|p1a: Yveltal|Yveltal, shiny|94/100
|-ability|p1a: Yveltal|Dark Aura
|switch|p2a: >1440 ELO TEAM|Landorus-Therian, M|80/100
|-ability|p2a: >1440 ELO TEAM|Intimidate|boost
|-unboost|p1a: Yveltal|atk|1
|
|upkeep
|turn|14
|inactive|Naofumi_Bakugo_Jax has 20 seconds left this turn.
|inactive|Naofumi_Bakugo_Jax has 15 seconds left.
|inactive|Naofumi_Bakugo_Jax has 10 seconds left.
|
|t:|1659577859
|move|p1a: Yveltal|Dark Pulse|p2a: >1440 ELO TEAM
|-damage|p2a: >1440 ELO TEAM|9/100
|move|p2a: >1440 ELO TEAM|Stone Edge|p1a: Yveltal|[miss]
|-miss|p2a: >1440 ELO TEAM|p1a: Yveltal
|
|upkeep
|turn|15
|inactive|Naofumi_Bakugo_Jax has 20 seconds left this turn.
|c|☆SpookyMareep|LOL
|c|☆SpookyMareep|ok
|inactive|Naofumi_Bakugo_Jax has 15 seconds left.
|inactive|SpookyMareep has 120 seconds left.
|
|t:|1659577907
|switch|p2a: Yakuza|Toxapex, F|85/100
|move|p1a: Yveltal|Dark Pulse|p2a: Yakuza
|-damage|p2a: Yakuza|36/100
|
|upkeep
|turn|16
|inactive|Naofumi_Bakugo_Jax has 25 seconds left this turn.
|inactive|Naofumi_Bakugo_Jax has 20 seconds left.
|
|t:|1659577919
|move|p1a: Yveltal|Dark Pulse|p2a: Yakuza
|-crit|p2a: Yakuza
|-damage|p2a: Yakuza|0 fnt
|faint|p2a: Yakuza
|
|upkeep
|inactive|Naofumi_Bakugo_Jax has 25 seconds left this turn.
|
|t:|1659577922
|switch|p2a: Zacian is bad|Ditto|100/100
|-transform|p2a: Zacian is bad|p1a: Yveltal|[from] ability: Imposter
|-ability|p2a: Zacian is bad|Dark Aura
|turn|17
|inactive|Naofumi_Bakugo_Jax has 30 seconds left.
|inactive|Naofumi_Bakugo_Jax has 20 seconds left.
|
|t:|1659577937
|switch|p1a: Kyogre|Kyogre|42/100
|-weather|RainDance|[from] ability: Drizzle|[of] p1a: Kyogre
|move|p2a: Zacian is bad|Oblivion Wing|p1a: Kyogre
|-damage|p1a: Kyogre|9/100
|
|-weather|RainDance|[upkeep]
|upkeep
|turn|18
|inactive|Naofumi_Bakugo_Jax has 30 seconds left this turn.
|inactive|Naofumi_Bakugo_Jax has 20 seconds left.
|inactive|Naofumi_Bakugo_Jax has 15 seconds left.
|
|t:|1659577956
|switch|p1a: Swampert|Swampert-Mega, F|47/100 tox
|move|p2a: Zacian is bad|Oblivion Wing|p1a: Swampert
|-damage|p1a: Swampert|8/100 tox
|
|-weather|RainDance|[upkeep]
|-damage|p1a: Swampert|1/100 tox|[from] psn
|upkeep
|turn|19
|inactive|Naofumi_Bakugo_Jax has 25 seconds left this turn.
|inactive|Naofumi_Bakugo_Jax has 20 seconds left.
|inactive|Naofumi_Bakugo_Jax has 15 seconds left.
|
|t:|1659577969
|move|p1a: Swampert|Liquidation|p2a: Zacian is bad
|-crit|p2a: Zacian is bad
|-damage|p2a: Zacian is bad|0 fnt
|faint|p2a: Zacian is bad
|
|-weather|RainDance|[upkeep]
|-damage|p1a: Swampert|0 fnt|[from] psn
|faint|p1a: Swampert
|upkeep
|inactive|Naofumi_Bakugo_Jax has 25 seconds left this turn.
|c|☆SpookyMareep|lol
|c|☆SpookyMareep|ok
|inactive|Naofumi_Bakugo_Jax has 20 seconds left.
|inactive|Naofumi_Bakugo_Jax has 15 seconds left.
|inactive|Naofumi_Bakugo_Jax has 10 seconds left.
|
|t:|1659577990
|switch|p1a: Yveltal|Yveltal, shiny|94/100
|switch|p2a: Yakuza.|Shedinja|100/100
|-ability|p1a: Yveltal|Dark Aura
|turn|20
|inactive|Naofumi_Bakugo_Jax has 20 seconds left this turn.
|inactive|Naofumi_Bakugo_Jax has 15 seconds left.
|
|t:|1659577998
|move|p1a: Yveltal|Dark Pulse|p2a: Yakuza.
|-supereffective|p2a: Yakuza.
|-enditem|p2a: Yakuza.|Focus Sash
|-damage|p2a: Yakuza.|100/100
|move|p2a: Yakuza.|Toxic|p1a: Yveltal
|-status|p1a: Yveltal|tox
|
|-weather|RainDance|[upkeep]
|-damage|p1a: Yveltal|88/100 tox|[from] psn
|upkeep
|turn|21
|inactive|Naofumi_Bakugo_Jax has 25 seconds left this turn.
|
|t:|1659578003
|move|p1a: Yveltal|Dark Pulse|p2a: Yakuza.
|-supereffective|p2a: Yakuza.
|-damage|p2a: Yakuza.|0 fnt
|faint|p2a: Yakuza.
|
|-weather|none
|-damage|p1a: Yveltal|76/100 tox|[from] psn
|upkeep
|inactive|Naofumi_Bakugo_Jax has 30 seconds left this turn.
|
|t:|1659578005
|switch|p2a: >1440 ELO TEAM|Landorus-Therian, M|9/100
|-ability|p2a: >1440 ELO TEAM|Intimidate|boost
|-unboost|p1a: Yveltal|atk|1
|turn|22
|
|t:|1659578007
|move|p1a: Yveltal|Dark Pulse|p2a: >1440 ELO TEAM
|-damage|p2a: >1440 ELO TEAM|0 fnt
|faint|p2a: >1440 ELO TEAM
|
|win|Naofumi_Bakugo_Jax
|raw|Naofumi_Bakugo_Jax's rating: 1566 &rarr; <strong>1587</strong><br />(+21 for winning)
|raw|SpookyMareep's rating: 1577 &rarr; <strong>1556</strong><br />(-21 for losing)
|c|☆SpookyMareep|stop timer stall
