|j|☆amnael1
|j|☆Blackstar152001
|t:|1665243349
|gametype|singles
|player|p1|amnael1|102|1905
|player|p2|Blackstar152001|blue-gen3two|1984
|teamsize|p1|6
|teamsize|p2|6
|gen|8
|tier|[Gen 8] National Dex AG
|rated|
|rule|HP Percentage Mod: HP is shown in percentages
|rule|Endless Battle Clause: Forcing endless battles is banned
|clearpoke
|poke|p1|Smeargle, F|
|poke|p1|Groudon|
|poke|p1|Espeon, F|
|poke|p1|Rayquaza|
|poke|p1|Xerneas-*|
|poke|p1|Zacian-*|
|poke|p2|Breloom, F|
|poke|p2|Arceus-*|
|poke|p2|Ditto|
|poke|p2|Marshadow|
|poke|p2|Arceus-*|
|poke|p2|Groudon|
|teampreview
|inactive|Battle timer is ON: inactive players will automatically lose when time's up. (requested by Blackstar152001)
|j| VelvetDawn
|
|t:|1665243364
|start
|switch|p1a: Groudon|Groudon|100/100
|switch|p2a: Marshadow|Marshadow|100/100
|detailschange|p1a: Groudon|Groudon-Primal
|-primal|p1a: Groudon
|-weather|DesolateLand|[from] ability: Desolate Land|[of] p1a: Groudon
|turn|1
|
|t:|1665243372
|switch|p2a: Groudon|Groudon|100/100
|-ability|p2a: Groudon|Drought|[from] desolateland|[fail]
|move|p1a: Groudon|Fire Punch|p2a: Groudon
|-damage|p2a: Groudon|63/100
|
|-weather|DesolateLand|[upkeep]
|-heal|p2a: Groudon|69/100|[from] item: Leftovers
|upkeep
|turn|2
|
|t:|1665243377
|-weather|none
|switch|p1a: Espeon|Espeon, F|100/100
|move|p2a: Groudon|Earthquake|p1a: Espeon
|-damage|p1a: Espeon|9/100
|
|-heal|p2a: Groudon|75/100|[from] item: Leftovers
|upkeep
|turn|3
|
|t:|1665243388
|switch|p2a: Ditto|Ditto, shiny|100/100
|-transform|p2a: Ditto|p1a: Espeon|[from] ability: Imposter
|move|p1a: Espeon|Psychic|p2a: Ditto
|-resisted|p2a: Ditto
|-damage|p2a: Ditto|71/100
|
|upkeep
|turn|4
|
|t:|1665243396
|move|p2a: Ditto|Psychic|p1a: Espeon
|-resisted|p1a: Espeon
|-damage|p1a: Espeon|0 fnt
|faint|p1a: Espeon
|
|upkeep
|
|t:|1665243402
|switch|p1a: Groudon|Groudon-Primal|100/100
|-weather|DesolateLand|[from] ability: Desolate Land|[of] p1a: Groudon
|turn|5
|
|t:|1665243413
|switch|p2a: Groudon|Groudon|75/100
|-ability|p2a: Groudon|Drought|[from] desolateland|[fail]
|move|p1a: Groudon|Earthquake|p2a: Groudon
|-damage|p2a: Groudon|44/100
|
|-weather|DesolateLand|[upkeep]
|-heal|p2a: Groudon|50/100|[from] item: Leftovers
|upkeep
|turn|6
|
|t:|1665243418
|move|p1a: Groudon|Stealth Rock|p2a: Groudon
|-sidestart|p2: Blackstar152001|move: Stealth Rock
|move|p2a: Groudon|Stealth Rock|p1a: Groudon
|-sidestart|p1: amnael1|move: Stealth Rock
|
|-weather|DesolateLand|[upkeep]
|-heal|p2a: Groudon|56/100|[from] item: Leftovers
|upkeep
|turn|7
|
|t:|1665243423
|move|p1a: Groudon|Earthquake|p2a: Groudon
|-damage|p2a: Groudon|27/100
|move|p2a: Groudon|Earthquake|p1a: Groudon
|-supereffective|p1a: Groudon
|-damage|p1a: Groudon|37/100
|
|-weather|DesolateLand|[upkeep]
|-heal|p2a: Groudon|33/100|[from] item: Leftovers
|upkeep
|turn|8
|
|t:|1665243429
|move|p1a: Groudon|Earthquake|p2a: Groudon
|-damage|p2a: Groudon|0 fnt
|faint|p2a: Groudon
|
|-weather|DesolateLand|[upkeep]
|upkeep
|
|t:|1665243444
|switch|p2a: Marshadow|Marshadow|100/100
|-damage|p2a: Marshadow|94/100|[from] Stealth Rock
|turn|9
|
|t:|1665243450
|move|p2a: Marshadow|Spectral Thief|p1a: Groudon
|-damage|p1a: Groudon|0 fnt
|faint|p1a: Groudon
|-weather|none
|
|upkeep
|
|t:|1665243454
|switch|p1a: Zacian|Zacian-Crowned|100/100
|-damage|p1a: Zacian|94/100|[from] Stealth Rock
|-ability|p1a: Zacian|Intrepid Sword|boost
|-boost|p1a: Zacian|atk|1
|turn|10
|
|t:|1665243462
|switch|p2a: Arceus|Arceus-Fairy|100/100
|-damage|p2a: Arceus|88/100|[from] Stealth Rock
|move|p1a: Zacian|Behemoth Blade|p2a: Arceus
|-supereffective|p2a: Arceus
|-damage|p2a: Arceus|0 fnt
|faint|p2a: Arceus
|
|upkeep
|
|t:|1665243464
|switch|p2a: Ditto|Ditto, shiny|71/100
|-damage|p2a: Ditto|59/100|[from] Stealth Rock
|-transform|p2a: Ditto|p1a: Zacian|[from] ability: Imposter
|-ability|p2a: Ditto|Intrepid Sword|boost
|-boost|p2a: Ditto|atk|1
|turn|11
|
|t:|1665243467
|move|p2a: Ditto|Behemoth Blade|p1a: Zacian
|-damage|p1a: Zacian|0 fnt
|faint|p1a: Zacian
|
|upkeep
|
|t:|1665243469
|switch|p1a: Smeargle|Smeargle, F|100/100
|-damage|p1a: Smeargle|88/100|[from] Stealth Rock
|turn|12
|
|t:|1665243477
|move|p1a: Smeargle|Spiky Shield|p1a: Smeargle
|-singleturn|p1a: Smeargle|move: Protect
|move|p2a: Ditto|Behemoth Blade|p1a: Smeargle
|-activate|p1a: Smeargle|move: Protect
|-damage|p2a: Ditto|47/100|[from] Spiky Shield|[of] p1a: Smeargle
|
|-ability|p1a: Smeargle|Moody|boost
|-boost|p1a: Smeargle|def|2
|-unboost|p1a: Smeargle|spd|1
|upkeep
|turn|13
|
|t:|1665243482
|move|p1a: Smeargle|Spiky Shield||[still]
|-fail|p1a: Smeargle
|move|p2a: Ditto|Behemoth Blade|p1a: Smeargle
|-crit|p1a: Smeargle
|-damage|p1a: Smeargle|0 fnt
|faint|p1a: Smeargle
|
|upkeep
|
|t:|1665243485
|switch|p1a: Rayquaza|Rayquaza|100/100
|-damage|p1a: Rayquaza|76/100|[from] Stealth Rock
|-ability|p1a: Rayquaza|Air Lock
|turn|14
|
|t:|1665243487
|detailschange|p1a: Rayquaza|Rayquaza-Mega
|-mega|p1a: Rayquaza|Rayquaza|
|-weather|DeltaStream|[from] ability: Delta Stream|[of] p1a: Rayquaza
|move|p2a: Ditto|Behemoth Blade|p1a: Rayquaza
|-damage|p1a: Rayquaza|0 fnt
|faint|p1a: Rayquaza
|-weather|none
|
|upkeep
|
|t:|1665243490
|switch|p1a: Xerneas|Xerneas|100/100
|-damage|p1a: Xerneas|88/100|[from] Stealth Rock
|-ability|p1a: Xerneas|Fairy Aura
|turn|15
|
|t:|1665243491
|-start|p1a: Xerneas|Dynamax|
|-heal|p1a: Xerneas|88/100|[silent]
|move|p1a: Xerneas|Max Guard|p1a: Xerneas
|-singleturn|p1a: Xerneas|Max Guard
|move|p2a: Ditto|Behemoth Blade|p1a: Xerneas
|-activate|p1a: Xerneas|move: Max Guard
|
|upkeep
|turn|16
|
|t:|1665243497
|switch|p2a: Breloom|Breloom, F|100/100
|-damage|p2a: Breloom|94/100|[from] Stealth Rock
|move|p1a: Xerneas|Max Starfall|p2a: Breloom
|-supereffective|p2a: Breloom
|-damage|p2a: Breloom|0 fnt
|-fieldstart|move: Misty Terrain
|faint|p2a: Breloom
|
|upkeep
|
|t:|1665243504
|switch|p2a: Arceus|Arceus|100/100
|-damage|p2a: Arceus|88/100|[from] Stealth Rock
|turn|17
|
|t:|1665243508
|-start|p2a: Arceus|Dynamax|
|-heal|p2a: Arceus|88/100|[silent]
|move|p2a: Arceus|Max Strike|p1a: Xerneas
|-damage|p1a: Xerneas|65/100
|-unboost|p1a: Xerneas|spe|1
|move|p1a: Xerneas|Max Starfall|p2a: Arceus
|-damage|p2a: Arceus|62/100
|
|upkeep
|-end|p1a: Xerneas|Dynamax
|-heal|p1a: Xerneas|65/100|[silent]
|turn|18
|
|t:|1665243511
|move|p2a: Arceus|Max Strike|p1a: Xerneas
|-damage|p1a: Xerneas|15/100
|-unboost|p1a: Xerneas|spe|1
|move|p1a: Xerneas|Moonblast|p2a: Arceus
|-damage|p2a: Arceus|43/100
|
|upkeep
|turn|19
|
|t:|1665243514
|move|p2a: Arceus|Max Strike|p1a: Xerneas
|-damage|p1a: Xerneas|0 fnt
|faint|p1a: Xerneas
|
|win|Blackstar152001
|raw|amnael1's rating: 1905 &rarr; <strong>1889</strong><br />(-16 for losing)
|raw|Blackstar152001's rating: 1984 &rarr; <strong>2000</strong><br />(+16 for winning)
|l|☆amnael1
