|j|☆DECLANO196
|j|☆fail55
|t:|1658779307
|gametype|singles
|player|p1|DECLANO196|265|1648
|player|p2|fail55|schoolkidf-gen4|1638
|teamsize|p1|6
|teamsize|p2|6
|gen|8
|tier|[Gen 8] National Dex AG
|rated|
|rule|HP Percentage Mod: HP is shown in percentages
|rule|Endless Battle Clause: Forcing endless battles is banned
|clearpoke
|poke|p1|Lugia|
|poke|p1|Arceus-*|
|poke|p1|Sableye, F|
|poke|p1|Chansey, F|
|poke|p1|Ho-Oh|
|poke|p1|Marshadow|
|poke|p2|Necrozma-Dusk-Mane|
|poke|p2|Eternatus|
|poke|p2|Quagsire, F|
|poke|p2|Ho-Oh|
|poke|p2|Tyranitar, M|
|poke|p2|Chansey, F|
|teampreview
|
|t:|1658779334
|start
|switch|p1a: Sableye|Sableye, F|100/100
|switch|p2a: Necrozma|Necrozma-Dusk-Mane|100/100
|turn|1
|
|t:|1658779346
|detailschange|p1a: Sableye|Sableye-Mega, F
|-mega|p1a: Sableye|Sableye|Sablenite
|move|p2a: Necrozma|Sunsteel Strike|p1a: Sableye
|-damage|p1a: Sableye|62/100
|move|p1a: Sableye|Will-O-Wisp|p2a: Necrozma
|-status|p2a: Necrozma|brn
|
|-damage|p2a: Necrozma|94/100 brn|[from] brn
|upkeep
|turn|2
|
|t:|1658779356
|switch|p2a: Chansey|Chansey, F|100/100
|move|p1a: Sableye|Recover|p1a: Sableye
|-heal|p1a: Sableye|100/100
|
|upkeep
|turn|3
|
|t:|1658779367
|switch|p1a: Chansey|Chansey, F|100/100
|move|p2a: Chansey|Aromatherapy|p2a: Chansey
|-activate|p2a: Chansey|move: Aromatherapy
|-curestatus|p2: Necrozma|brn|[msg]
|
|upkeep
|turn|4
|
|t:|1658779373
|switch|p2a: Necrozma|Necrozma-Dusk-Mane|94/100
|move|p1a: Chansey|Stealth Rock|p2a: Necrozma
|-sidestart|p2: fail55|move: Stealth Rock
|
|upkeep
|turn|5
|
|t:|1658779379
|switch|p1a: Ho-Oh|Ho-Oh|100/100
|-ability|p1a: Ho-Oh|Pressure
|move|p2a: Necrozma|Toxic|p1a: Ho-Oh
|-status|p1a: Ho-Oh|tox
|
|-damage|p1a: Ho-Oh|94/100 tox|[from] psn
|upkeep
|turn|6
|
|t:|1658779388
|move|p1a: Ho-Oh|Sacred Fire|p2a: Necrozma
|-supereffective|p2a: Necrozma
|-damage|p2a: Necrozma|61/100
|move|p2a: Necrozma|Stealth Rock|p1a: Ho-Oh
|-sidestart|p1: DECLANO196|move: Stealth Rock
|
|-damage|p1a: Ho-Oh|82/100 tox|[from] psn
|upkeep
|turn|7
|
|t:|1658779399
|move|p1a: Ho-Oh|Sacred Fire|p2a: Necrozma
|-supereffective|p2a: Necrozma
|-damage|p2a: Necrozma|26/100
|move|p2a: Necrozma|Moonlight|p2a: Necrozma
|-heal|p2a: Necrozma|76/100
|
|-damage|p1a: Ho-Oh|63/100 tox|[from] psn
|upkeep
|turn|8
|
|t:|1658779415
|switch|p1a: Arceus|Arceus-Steel|100/100
|-damage|p1a: Arceus|94/100|[from] Stealth Rock
|move|p2a: Necrozma|Moonlight|p2a: Necrozma
|-heal|p2a: Necrozma|100/100
|
|upkeep
|turn|9
|
|t:|1658779426
|switch|p2a: Ho-Oh|Ho-Oh|100/100
|move|p1a: Arceus|Cosmic Power|p1a: Arceus
|-boost|p1a: Arceus|def|1
|-boost|p1a: Arceus|spd|1
|
|upkeep
|turn|10
|
|t:|1658779433
|move|p1a: Arceus|Cosmic Power|p1a: Arceus
|-boost|p1a: Arceus|def|1
|-boost|p1a: Arceus|spd|1
|move|p2a: Ho-Oh|Will-O-Wisp|p1a: Arceus
|-status|p1a: Arceus|brn
|
|-damage|p1a: Arceus|88/100 brn|[from] brn
|upkeep
|turn|11
|
|t:|1658779444
|switch|p2a: Quagsire|Quagsire, F|100/100
|-damage|p2a: Quagsire|94/100|[from] Stealth Rock
|move|p1a: Arceus|Whirlpool|p2a: Quagsire|[miss]
|-miss|p1a: Arceus|p2a: Quagsire
|
|-heal|p2a: Quagsire|100/100|[from] item: Leftovers
|-damage|p1a: Arceus|82/100 brn|[from] brn
|upkeep
|turn|12
|
|t:|1658779460
|move|p1a: Arceus|Cosmic Power|p1a: Arceus
|-boost|p1a: Arceus|def|1
|-boost|p1a: Arceus|spd|1
|move|p2a: Quagsire|Haze|p2a: Quagsire
|-clearallboost
|
|-damage|p1a: Arceus|76/100 brn|[from] brn
|upkeep
|turn|13
|
|t:|1658779467
|switch|p2a: Ho-Oh|Ho-Oh|100/100
|move|p1a: Arceus|Whirlpool|p2a: Ho-Oh
|-supereffective|p2a: Ho-Oh
|-damage|p2a: Ho-Oh|91/100
|-activate|p2a: Ho-Oh|move: Whirlpool|[of] p1a: Arceus
|
|-damage|p1a: Arceus|70/100 brn|[from] brn
|-damage|p2a: Ho-Oh|78/100|[from] move: Whirlpool|[partiallytrapped]
|upkeep
|turn|14
|
|t:|1658779476
|move|p1a: Arceus|Cosmic Power|p1a: Arceus
|-boost|p1a: Arceus|def|1
|-boost|p1a: Arceus|spd|1
|move|p2a: Ho-Oh|Sacred Fire|p1a: Arceus
|-supereffective|p1a: Arceus
|-damage|p1a: Arceus|40/100 brn
|
|-damage|p1a: Arceus|34/100 brn|[from] brn
|-damage|p2a: Ho-Oh|66/100|[from] move: Whirlpool|[partiallytrapped]
|upkeep
|turn|15
|
|t:|1658779485
|move|p1a: Arceus|Recover|p1a: Arceus
|-heal|p1a: Arceus|84/100 brn
|move|p2a: Ho-Oh|Sacred Fire|p1a: Arceus
|-supereffective|p1a: Arceus
|-damage|p1a: Arceus|54/100 brn
|
|-damage|p1a: Arceus|48/100 brn|[from] brn
|-damage|p2a: Ho-Oh|54/100|[from] move: Whirlpool|[partiallytrapped]
|upkeep
|turn|16
|
|t:|1658779494
|move|p1a: Arceus|Recover|p1a: Arceus
|-heal|p1a: Arceus|98/100 brn
|move|p2a: Ho-Oh|Roost|p2a: Ho-Oh
|-heal|p2a: Ho-Oh|100/100
|-singleturn|p2a: Ho-Oh|move: Roost
|
|-damage|p1a: Arceus|91/100 brn|[from] brn
|-damage|p2a: Ho-Oh|88/100|[from] move: Whirlpool|[partiallytrapped]
|upkeep
|turn|17
|
|t:|1658779503
|move|p1a: Arceus|Cosmic Power|p1a: Arceus
|-boost|p1a: Arceus|def|1
|-boost|p1a: Arceus|spd|1
|move|p2a: Ho-Oh|Defog|p1a: Arceus
|-unboost|p1a: Arceus|evasion|1
|-sideend|p1: DECLANO196|Stealth Rock|[from] move: Defog|[of] p2a: Ho-Oh
|-sideend|p2: fail55|Stealth Rock|[from] move: Defog|[of] p2a: Ho-Oh
|
|-damage|p1a: Arceus|85/100 brn|[from] brn
|-end|p2a: Ho-Oh|Whirlpool|[partiallytrapped]
|upkeep
|turn|18
|
|t:|1658779514
|switch|p2a: Quagsire|Quagsire, F|100/100
|move|p1a: Arceus|Whirlpool|p2a: Quagsire
|-damage|p2a: Quagsire|91/100
|-activate|p2a: Quagsire|move: Whirlpool|[of] p1a: Arceus
|
|-heal|p2a: Quagsire|97/100|[from] item: Leftovers
|-damage|p1a: Arceus|79/100 brn|[from] brn
|-damage|p2a: Quagsire|84/100|[from] move: Whirlpool|[partiallytrapped]
|upkeep
|turn|19
|
|t:|1658779523
|move|p1a: Arceus|Perish Song|p1a: Arceus
|-start|p1a: Arceus|perish3|[silent]
|-start|p2a: Quagsire|perish3|[silent]
|-fieldactivate|move: Perish Song
|move|p2a: Quagsire|Haze|p2a: Quagsire
|-clearallboost
|
|-heal|p2a: Quagsire|91/100|[from] item: Leftovers
|-damage|p1a: Arceus|73/100 brn|[from] brn
|-damage|p2a: Quagsire|78/100|[from] move: Whirlpool|[partiallytrapped]
|-start|p1a: Arceus|perish3
|-start|p2a: Quagsire|perish3
|upkeep
|turn|20
|
|t:|1658779533
|move|p1a: Arceus|Recover|p1a: Arceus
|-heal|p1a: Arceus|100/100 brn
|move|p2a: Quagsire|Scald|p1a: Arceus
|-damage|p1a: Arceus|89/100 brn
|
|-heal|p2a: Quagsire|84/100|[from] item: Leftovers
|-damage|p1a: Arceus|83/100 brn|[from] brn
|-damage|p2a: Quagsire|72/100|[from] move: Whirlpool|[partiallytrapped]
|-start|p1a: Arceus|perish2
|-start|p2a: Quagsire|perish2
|upkeep
|turn|21
|
|t:|1658779545
|move|p1a: Arceus|Recover|p1a: Arceus
|-heal|p1a: Arceus|100/100 brn
|move|p2a: Quagsire|Scald|p1a: Arceus
|-damage|p1a: Arceus|88/100 brn
|
|-heal|p2a: Quagsire|78/100|[from] item: Leftovers
|-damage|p1a: Arceus|82/100 brn|[from] brn
|-damage|p2a: Quagsire|65/100|[from] move: Whirlpool|[partiallytrapped]
|-start|p1a: Arceus|perish1
|-start|p2a: Quagsire|perish1
|upkeep
|turn|22
|
|t:|1658779557
|switch|p1a: Sableye|Sableye-Mega, F|100/100
|move|p2a: Quagsire|Scald|p1a: Sableye
|-damage|p1a: Sableye|84/100
|-status|p1a: Sableye|brn
|
|-heal|p2a: Quagsire|71/100|[from] item: Leftovers
|-damage|p1a: Sableye|77/100 brn|[from] brn
|-end|p2a: Quagsire|Whirlpool|[partiallytrapped]
|-start|p2a: Quagsire|perish0
|upkeep
|faint|p2a: Quagsire
|
|t:|1658779567
|switch|p2a: Tyranitar|Tyranitar, M|100/100
|-weather|Sandstorm|[from] ability: Sand Stream|[of] p2a: Tyranitar
|turn|23
|
|t:|1658779576
|switch|p2a: Necrozma|Necrozma-Dusk-Mane|100/100
|move|p1a: Sableye|Will-O-Wisp|p2a: Necrozma
|-status|p2a: Necrozma|brn
|
|-weather|Sandstorm|[upkeep]
|-damage|p1a: Sableye|71/100 brn|[from] Sandstorm
|-damage|p2a: Necrozma|94/100 brn|[from] brn
|-damage|p1a: Sableye|65/100 brn|[from] brn
|upkeep
|turn|24
|
|t:|1658779592
|switch|p1a: Arceus|Arceus-Steel|82/100 brn
|move|p2a: Necrozma|Stealth Rock|p1a: Arceus
|-sidestart|p1: DECLANO196|move: Stealth Rock
|
|-weather|Sandstorm|[upkeep]
|-damage|p1a: Arceus|76/100 brn|[from] brn
|-damage|p2a: Necrozma|88/100 brn|[from] brn
|upkeep
|turn|25
|
|t:|1658779599
|switch|p2a: Tyranitar|Tyranitar, M|100/100
|move|p1a: Arceus|Cosmic Power|p1a: Arceus
|-boost|p1a: Arceus|def|1
|-boost|p1a: Arceus|spd|1
|
|-weather|Sandstorm|[upkeep]
|-damage|p1a: Arceus|70/100 brn|[from] brn
|upkeep
|turn|26
|
|t:|1658779607
|move|p1a: Arceus|Recover|p1a: Arceus
|-heal|p1a: Arceus|100/100 brn
|move|p2a: Tyranitar|Dragon Tail|p1a: Arceus
|-resisted|p1a: Arceus
|-crit|p1a: Arceus
|-damage|p1a: Arceus|92/100 brn
|drag|p1a: Ho-Oh|Ho-Oh|63/100 tox
|-ability|p1a: Ho-Oh|Pressure
|
|-weather|Sandstorm|[upkeep]
|-damage|p1a: Ho-Oh|57/100 tox|[from] Sandstorm
|-damage|p1a: Ho-Oh|50/100 tox|[from] psn
|upkeep
|turn|27
|
|t:|1658779623
|switch|p1a: Arceus|Arceus-Steel|92/100 brn
|-damage|p1a: Arceus|86/100 brn|[from] Stealth Rock
|move|p2a: Tyranitar|Rock Slide|p1a: Arceus
|-resisted|p1a: Arceus
|-damage|p1a: Arceus|74/100 brn
|
|-weather|none
|-damage|p1a: Arceus|68/100 brn|[from] brn
|upkeep
|turn|28
|
|t:|1658779635
|move|p1a: Arceus|Whirlpool|p2a: Tyranitar
|-supereffective|p2a: Tyranitar
|-damage|p2a: Tyranitar|88/100
|-activate|p2a: Tyranitar|move: Whirlpool|[of] p1a: Arceus
|move|p2a: Tyranitar|Earthquake|p1a: Arceus
|-supereffective|p1a: Arceus
|-damage|p1a: Arceus|28/100 brn
|
|-damage|p1a: Arceus|22/100 brn|[from] brn
|-damage|p2a: Tyranitar|76/100|[from] move: Whirlpool|[partiallytrapped]
|upkeep
|turn|29
|
|t:|1658779654
|move|p1a: Arceus|Recover|p1a: Arceus
|-heal|p1a: Arceus|72/100 brn
|move|p2a: Tyranitar|Earthquake|p1a: Arceus
|-supereffective|p1a: Arceus
|-crit|p1a: Arceus
|-damage|p1a: Arceus|8/100 brn
|
|-damage|p1a: Arceus|2/100 brn|[from] brn
|-damage|p2a: Tyranitar|64/100|[from] move: Whirlpool|[partiallytrapped]
|upkeep
|turn|30
|
|t:|1658779663
|move|p1a: Arceus|Recover|p1a: Arceus
|-heal|p1a: Arceus|52/100 brn
|move|p2a: Tyranitar|Dragon Tail|p1a: Arceus
|-resisted|p1a: Arceus
|-damage|p1a: Arceus|46/100 brn
|drag|p1a: Chansey|Chansey, F|100/100
|-damage|p1a: Chansey|88/100|[from] Stealth Rock
|
|-end|p2a: Tyranitar|Whirlpool|[partiallytrapped]|[silent]
|upkeep
|turn|31
|
|t:|1658779673
|switch|p2a: Chansey|Chansey, F|100/100
|switch|p1a: Lugia|Lugia|100/100
|
|upkeep
|turn|32
|
|t:|1658779680
|move|p1a: Lugia|Defog|p2a: Chansey
|-unboost|p2a: Chansey|evasion|1
|-sideend|p1: DECLANO196|Stealth Rock|[from] move: Defog|[of] p1a: Lugia
|move|p2a: Chansey|Wish|p2a: Chansey
|
|upkeep
|turn|33
|
|t:|1658779685
|switch|p1a: Chansey|Chansey, F|88/100
|move|p2a: Chansey|Aromatherapy|p2a: Chansey
|-activate|p2a: Chansey|move: Aromatherapy
|-curestatus|p2: Necrozma|brn|[msg]
|
|upkeep
|turn|34
|
|t:|1658779692
|move|p1a: Chansey|Heal Bell|p1a: Chansey
|-activate|p1a: Chansey|move: Heal Bell
|-curestatus|p1: Ho-Oh|tox|[msg]
|-curestatus|p1: Sableye|brn|[msg]
|-curestatus|p1: Arceus|brn|[msg]
|move|p2a: Chansey|Wish|p2a: Chansey
|
|upkeep
|turn|35
|
|t:|1658779702
|switch|p2a: Eternatus|Eternatus|100/100
|-ability|p2a: Eternatus|Pressure
|move|p1a: Chansey|Stealth Rock|p2a: Eternatus
|-sidestart|p2: fail55|move: Stealth Rock
|
|upkeep
|turn|36
|
|t:|1658779718
|move|p2a: Eternatus|Flamethrower|p1a: Chansey
|-damage|p1a: Chansey|81/100
|move|p1a: Chansey|Soft-Boiled|p1a: Chansey
|-heal|p1a: Chansey|100/100
|
|upkeep
|turn|37
|
|t:|1658779724
|switch|p2a: Chansey|Chansey, F|100/100
|-damage|p2a: Chansey|88/100|[from] Stealth Rock
|switch|p1a: Ho-Oh|Ho-Oh|50/100
|-ability|p1a: Ho-Oh|Pressure
|
|upkeep
|turn|38
|
|t:|1658779734
|switch|p1a: Sableye|Sableye-Mega, F|65/100
|move|p2a: Chansey|Wish|p2a: Chansey
|
|upkeep
|turn|39
|
|t:|1658779739
|switch|p2a: Tyranitar|Tyranitar, M|64/100
|-damage|p2a: Tyranitar|51/100|[from] Stealth Rock
|-weather|Sandstorm|[from] ability: Sand Stream|[of] p2a: Tyranitar
|move|p1a: Sableye|Recover|p1a: Sableye
|-heal|p1a: Sableye|100/100
|
|-weather|Sandstorm|[upkeep]
|-damage|p1a: Sableye|94/100|[from] Sandstorm
|-heal|p2a: Tyranitar|100/100|[from] move: Wish|[wisher] Chansey
|upkeep
|turn|40
|
|t:|1658779752
|switch|p2a: Ho-Oh|Ho-Oh|100/100
|move|p1a: Sableye|Will-O-Wisp|p2a: Ho-Oh
|-immune|p2a: Ho-Oh
|
|-weather|Sandstorm|[upkeep]
|-damage|p2a: Ho-Oh|94/100|[from] Sandstorm
|-damage|p1a: Sableye|88/100|[from] Sandstorm
|upkeep
|turn|41
|
|t:|1658779760
|move|p2a: Ho-Oh|Defog|p1a: Sableye
|move|p1a: Sableye|Defog|p2a: Ho-Oh|[from]ability: Magic Bounce
|-unboost|p2a: Ho-Oh|evasion|1
|-sideend|p2: fail55|Stealth Rock|[from] move: Defog|[of] p1a: Sableye
|move|p1a: Sableye|Toxic|p2a: Ho-Oh
|-status|p2a: Ho-Oh|tox
|
|-weather|Sandstorm|[upkeep]
|-damage|p2a: Ho-Oh|88/100 tox|[from] Sandstorm
|-damage|p1a: Sableye|82/100|[from] Sandstorm
|-damage|p2a: Ho-Oh|82/100 tox|[from] psn
|upkeep
|turn|42
|
|t:|1658779771
|switch|p2a: Eternatus|Eternatus|100/100
|-ability|p2a: Eternatus|Pressure
|move|p1a: Sableye|Recover|p1a: Sableye
|-heal|p1a: Sableye|100/100
|
|-weather|Sandstorm|[upkeep]
|-damage|p1a: Sableye|94/100|[from] Sandstorm
|upkeep
|turn|43
|
|t:|1658779780
|switch|p1a: Ho-Oh|Ho-Oh|50/100
|-ability|p1a: Ho-Oh|Pressure
|move|p2a: Eternatus|Cosmic Power|p2a: Eternatus
|-boost|p2a: Eternatus|def|1
|-boost|p2a: Eternatus|spd|1
|
|-weather|none
|upkeep
|turn|44
|
|t:|1658779789
|move|p2a: Eternatus|Toxic|p1a: Ho-Oh
|-status|p1a: Ho-Oh|tox
|move|p1a: Ho-Oh|Roost|p1a: Ho-Oh
|-heal|p1a: Ho-Oh|100/100 tox
|-singleturn|p1a: Ho-Oh|move: Roost
|
|-damage|p1a: Ho-Oh|94/100 tox|[from] psn
|upkeep
|turn|45
|
|t:|1658779796
|move|p2a: Eternatus|Flamethrower|p1a: Ho-Oh
|-resisted|p1a: Ho-Oh
|-crit|p1a: Ho-Oh
|-damage|p1a: Ho-Oh|82/100 tox
|move|p1a: Ho-Oh|Whirlwind|p2a: Eternatus
|drag|p2a: Necrozma|Necrozma-Dusk-Mane|88/100
|
|-damage|p1a: Ho-Oh|70/100 tox|[from] psn
|upkeep
|turn|46
|j| Snake of the Moon
|
|t:|1658779807
|move|p1a: Ho-Oh|Sacred Fire|p2a: Necrozma
|-supereffective|p2a: Necrozma
|-damage|p2a: Necrozma|57/100
|move|p2a: Necrozma|Sunsteel Strike|p1a: Ho-Oh
|-resisted|p1a: Ho-Oh
|-damage|p1a: Ho-Oh|50/100 tox
|
|-damage|p1a: Ho-Oh|32/100 tox|[from] psn
|upkeep
|turn|47
|
|t:|1658779826
|switch|p1a: Arceus|Arceus-Steel|46/100
|move|p2a: Necrozma|Stealth Rock|p1a: Arceus
|-sidestart|p1: DECLANO196|move: Stealth Rock
|
|upkeep
|turn|48
|
|t:|1658779831
|switch|p2a: Tyranitar|Tyranitar, M|100/100
|-weather|Sandstorm|[from] ability: Sand Stream|[of] p2a: Tyranitar
|move|p1a: Arceus|Recover|p1a: Arceus
|-heal|p1a: Arceus|96/100
|
|-weather|Sandstorm|[upkeep]
|upkeep
|turn|49
|
|t:|1658779838
|switch|p1a: Lugia|Lugia|100/100
|move|p2a: Tyranitar|Dragon Tail|p1a: Lugia
|-damage|p1a: Lugia|94/100
|drag|p1a: Sableye|Sableye-Mega, F|94/100
|-damage|p1a: Sableye|82/100|[from] Stealth Rock
|
|-weather|Sandstorm|[upkeep]
|-damage|p1a: Sableye|75/100|[from] Sandstorm
|upkeep
|turn|50
|
|t:|1658779849
|switch|p2a: Necrozma|Necrozma-Dusk-Mane|57/100
|move|p1a: Sableye|Will-O-Wisp|p2a: Necrozma
|-status|p2a: Necrozma|brn
|
|-weather|Sandstorm|[upkeep]
|-damage|p1a: Sableye|69/100|[from] Sandstorm
|-damage|p2a: Necrozma|51/100 brn|[from] brn
|upkeep
|turn|51
|
|t:|1658779859
|move|p2a: Necrozma|Moonlight|p2a: Necrozma
|-heal|p2a: Necrozma|76/100 brn
|move|p1a: Sableye|Toxic||[still]
|-fail|p1a: Sableye
|
|-weather|Sandstorm|[upkeep]
|-damage|p1a: Sableye|63/100|[from] Sandstorm
|-damage|p2a: Necrozma|70/100 brn|[from] brn
|upkeep
|turn|52
|
|t:|1658779897
|move|p2a: Necrozma|Moonlight|p2a: Necrozma
|-heal|p2a: Necrozma|94/100 brn
|move|p1a: Sableye|Recover|p1a: Sableye
|-heal|p1a: Sableye|100/100
|
|-weather|none
|-damage|p2a: Necrozma|88/100 brn|[from] brn
|upkeep
|turn|53
|
|t:|1658779905
|switch|p2a: Eternatus|Eternatus|100/100
|-ability|p2a: Eternatus|Pressure
|move|p1a: Sableye|Toxic|p2a: Eternatus
|-immune|p2a: Eternatus
|
|upkeep
|turn|54
|
|t:|1658779912
|move|p2a: Eternatus|Cosmic Power|p2a: Eternatus
|-boost|p2a: Eternatus|def|1
|-boost|p2a: Eternatus|spd|1
|move|p1a: Sableye|Will-O-Wisp|p2a: Eternatus
|-status|p2a: Eternatus|brn
|
|-damage|p2a: Eternatus|94/100 brn|[from] brn
|upkeep
|turn|55
|
|t:|1658779926
|switch|p1a: Lugia|Lugia|94/100
|move|p2a: Eternatus|Flamethrower|p1a: Lugia
|-damage|p1a: Lugia|80/100
|-status|p1a: Lugia|brn
|
|-damage|p2a: Eternatus|88/100 brn|[from] brn
|-damage|p1a: Lugia|74/100 brn|[from] brn
|upkeep
|turn|56
|
|t:|1658779935
|switch|p2a: Tyranitar|Tyranitar, M|100/100
|-weather|Sandstorm|[from] ability: Sand Stream|[of] p2a: Tyranitar
|move|p1a: Lugia|Defog|p2a: Tyranitar
|-unboost|p2a: Tyranitar|evasion|1
|-sideend|p1: DECLANO196|Stealth Rock|[from] move: Defog|[of] p1a: Lugia
|
|-weather|Sandstorm|[upkeep]
|-damage|p1a: Lugia|68/100 brn|[from] Sandstorm
|-damage|p1a: Lugia|62/100 brn|[from] brn
|upkeep
|turn|57
|
|t:|1658779945
|move|p1a: Lugia|Reflect|p1a: Lugia
|-sidestart|p1: DECLANO196|Reflect
|move|p2a: Tyranitar|Rock Slide|p1a: Lugia
|-supereffective|p1a: Lugia
|-damage|p1a: Lugia|36/100 brn
|
|-weather|Sandstorm|[upkeep]
|-damage|p1a: Lugia|29/100 brn|[from] Sandstorm
|-damage|p1a: Lugia|23/100 brn|[from] brn
|upkeep
|turn|58
|
|t:|1658779965
|switch|p1a: Chansey|Chansey, F|100/100
|move|p2a: Tyranitar|Crunch|p1a: Chansey
|-damage|p1a: Chansey|78/100
|
|-weather|Sandstorm|[upkeep]
|-damage|p1a: Chansey|72/100|[from] Sandstorm
|upkeep
|turn|59
|l| Snake of the Moon
|inactive|Battle timer is ON: inactive players will automatically lose when time's up. (requested by DECLANO196)
|
|t:|1658780033
|switch|p2a: Necrozma|Necrozma-Dusk-Mane|88/100 brn
|move|p1a: Chansey|Toxic||[still]
|-fail|p1a: Chansey
|
|-weather|Sandstorm|[upkeep]
|-damage|p1a: Chansey|65/100|[from] Sandstorm
|-damage|p2a: Necrozma|82/100 brn|[from] brn
|upkeep
|turn|60
|
|t:|1658780042
|move|p2a: Necrozma|Stealth Rock|p1a: Chansey
|-sidestart|p1: DECLANO196|move: Stealth Rock
|move|p1a: Chansey|Heal Bell|p1a: Chansey
|-activate|p1a: Chansey|move: Heal Bell
|-curestatus|p1: Lugia|brn|[msg]
|-curestatus|p1: Ho-Oh|tox|[msg]
|
|-weather|none
|-damage|p2a: Necrozma|76/100 brn|[from] brn
|upkeep
|turn|61
|
|t:|1658780051
|move|p2a: Necrozma|Sunsteel Strike|p1a: Chansey
|-damage|p1a: Chansey|53/100
|move|p1a: Chansey|Soft-Boiled|p1a: Chansey
|-heal|p1a: Chansey|100/100
|
|-damage|p2a: Necrozma|70/100 brn|[from] brn
|-sideend|p1: DECLANO196|Reflect
|upkeep
|turn|62
|
|t:|1658780064
|switch|p2a: Chansey|Chansey, F|88/100
|switch|p1a: Lugia|Lugia|23/100
|
|upkeep
|turn|63
|
|t:|1658780077
|move|p1a: Lugia|Roost|p1a: Lugia
|-heal|p1a: Lugia|73/100
|-singleturn|p1a: Lugia|move: Roost
|move|p2a: Chansey|Seismic Toss|p1a: Lugia
|-damage|p1a: Lugia|49/100
|
|upkeep
|turn|64
|
|t:|1658780084
|move|p1a: Lugia|Defog|p2a: Chansey
|-unboost|p2a: Chansey|evasion|1
|-sideend|p1: DECLANO196|Stealth Rock|[from] move: Defog|[of] p1a: Lugia
|move|p2a: Chansey|Aromatherapy|p2a: Chansey
|-activate|p2a: Chansey|move: Aromatherapy
|-curestatus|p2: Ho-Oh|tox|[msg]
|-curestatus|p2: Eternatus|brn|[msg]
|-curestatus|p2: Necrozma|brn|[msg]
|
|upkeep
|turn|65
|
|t:|1658780093
|move|p1a: Lugia|Roost|p1a: Lugia
|-heal|p1a: Lugia|99/100
|-singleturn|p1a: Lugia|move: Roost
|move|p2a: Chansey|Wish|p2a: Chansey
|
|upkeep
|turn|66
|
|t:|1658780103
|switch|p2a: Tyranitar|Tyranitar, M|100/100
|-weather|Sandstorm|[from] ability: Sand Stream|[of] p2a: Tyranitar
|move|p1a: Lugia|Toxic|p2a: Tyranitar
|-status|p2a: Tyranitar|tox
|
|-weather|Sandstorm|[upkeep]
|-damage|p1a: Lugia|93/100|[from] Sandstorm
|-damage|p2a: Tyranitar|94/100 tox|[from] psn
|upkeep
|turn|67
|inactive|fail55 has 120 seconds left.
|
|t:|1658780152
|switch|p2a: Necrozma|Necrozma-Dusk-Mane|70/100
|move|p1a: Lugia|Reflect|p1a: Lugia
|-sidestart|p1: DECLANO196|Reflect
|
|-weather|Sandstorm|[upkeep]
|-damage|p1a: Lugia|87/100|[from] Sandstorm
|upkeep
|turn|68
|
|t:|1658780161
|switch|p1a: Sableye|Sableye-Mega, F|100/100
|move|p2a: Necrozma|Stealth Rock|p1a: Sableye
|move|p1a: Sableye|Stealth Rock|p2a: Necrozma|[from]ability: Magic Bounce
|-sidestart|p2: fail55|move: Stealth Rock
|
|-weather|Sandstorm|[upkeep]
|-damage|p1a: Sableye|94/100|[from] Sandstorm
|upkeep
|turn|69
|
|t:|1658780172
|switch|p2a: Ho-Oh|Ho-Oh|100/100
|move|p1a: Sableye|Will-O-Wisp|p2a: Ho-Oh
|-immune|p2a: Ho-Oh
|
|-weather|Sandstorm|[upkeep]
|-damage|p2a: Ho-Oh|94/100|[from] Sandstorm
|-damage|p1a: Sableye|88/100|[from] Sandstorm
|upkeep
|turn|70
|
|t:|1658780179
|move|p2a: Ho-Oh|Defog|p1a: Sableye
|move|p1a: Sableye|Defog|p2a: Ho-Oh|[from]ability: Magic Bounce
|-unboost|p2a: Ho-Oh|evasion|1
|-sideend|p2: fail55|Stealth Rock|[from] move: Defog|[of] p1a: Sableye
|move|p1a: Sableye|Toxic|p2a: Ho-Oh
|-status|p2a: Ho-Oh|tox
|
|-weather|none
|-damage|p2a: Ho-Oh|88/100 tox|[from] psn
|upkeep
|turn|71
|
|t:|1658780191
|switch|p2a: Eternatus|Eternatus|88/100
|-ability|p2a: Eternatus|Pressure
|move|p1a: Sableye|Foul Play|p2a: Eternatus
|-damage|p2a: Eternatus|72/100
|
|-sideend|p1: DECLANO196|Reflect
|upkeep
|turn|72
|
|t:|1658780199
|switch|p1a: Arceus|Arceus-Steel|96/100
|move|p2a: Eternatus|Cosmic Power|p2a: Eternatus
|-boost|p2a: Eternatus|def|1
|-boost|p2a: Eternatus|spd|1
|
|upkeep
|turn|73
|
|t:|1658780206
|switch|p2a: Tyranitar|Tyranitar, M|94/100 tox
|-weather|Sandstorm|[from] ability: Sand Stream|[of] p2a: Tyranitar
|move|p1a: Arceus|Cosmic Power|p1a: Arceus
|-boost|p1a: Arceus|def|1
|-boost|p1a: Arceus|spd|1
|
|-weather|Sandstorm|[upkeep]
|-damage|p2a: Tyranitar|88/100 tox|[from] psn
|upkeep
|turn|74
|
|t:|1658780215
|move|p1a: Arceus|Whirlpool|p2a: Tyranitar
|-supereffective|p2a: Tyranitar
|-damage|p2a: Tyranitar|80/100 tox
|-activate|p2a: Tyranitar|move: Whirlpool|[of] p1a: Arceus
|move|p2a: Tyranitar|Dragon Tail|p1a: Arceus
|-resisted|p1a: Arceus
|-damage|p1a: Arceus|91/100
|drag|p1a: Chansey|Chansey, F|100/100
|
|-weather|Sandstorm|[upkeep]
|-damage|p1a: Chansey|94/100|[from] Sandstorm
|-damage|p2a: Tyranitar|68/100 tox|[from] psn
|-end|p2a: Tyranitar|Whirlpool|[partiallytrapped]|[silent]
|upkeep
|turn|75
|
|t:|1658780235
|switch|p2a: Chansey|Chansey, F|88/100
|move|p1a: Chansey|Stealth Rock|p2a: Chansey
|-sidestart|p2: fail55|move: Stealth Rock
|
|-weather|Sandstorm|[upkeep]
|-damage|p1a: Chansey|88/100|[from] Sandstorm
|-damage|p2a: Chansey|82/100|[from] Sandstorm
|upkeep
|turn|76
|
|t:|1658780244
|switch|p1a: Arceus|Arceus-Steel|91/100
|move|p2a: Chansey|Aromatherapy|p2a: Chansey
|-activate|p2a: Chansey|move: Aromatherapy
|-curestatus|p2: Ho-Oh|tox|[msg]
|-curestatus|p2: Tyranitar|tox|[msg]
|
|-weather|Sandstorm|[upkeep]
|-damage|p2a: Chansey|76/100|[from] Sandstorm
|upkeep
|turn|77
|
|t:|1658780253
|switch|p2a: Tyranitar|Tyranitar, M|68/100
|-damage|p2a: Tyranitar|55/100|[from] Stealth Rock
|move|p1a: Arceus|Whirlpool|p2a: Tyranitar
|-supereffective|p2a: Tyranitar
|-damage|p2a: Tyranitar|48/100
|-activate|p2a: Tyranitar|move: Whirlpool|[of] p1a: Arceus
|
|-weather|none
|-damage|p2a: Tyranitar|36/100|[from] move: Whirlpool|[partiallytrapped]
|upkeep
|turn|78
|
|t:|1658780270
|move|p1a: Arceus|Whirlpool|p2a: Tyranitar|[miss]
|-miss|p1a: Arceus|p2a: Tyranitar
|move|p2a: Tyranitar|Dragon Tail|p1a: Arceus
|-resisted|p1a: Arceus
|-damage|p1a: Arceus|85/100
|drag|p1a: Ho-Oh|Ho-Oh|32/100
|-ability|p1a: Ho-Oh|Pressure
|
|-end|p2a: Tyranitar|Whirlpool|[partiallytrapped]|[silent]
|upkeep
|turn|79
|
|t:|1658780281
|move|p1a: Ho-Oh|Earthquake|p2a: Tyranitar
|-supereffective|p2a: Tyranitar
|-damage|p2a: Tyranitar|0 fnt
|faint|p2a: Tyranitar
|
|upkeep
|-message|fail55 forfeited.
|
|win|DECLANO196
|raw|DECLANO196's rating: 1648 &rarr; <strong>1667</strong><br />(+19 for winning)
|raw|fail55's rating: 1638 &rarr; <strong>1619</strong><br />(-19 for losing)
|l|☆fail55
