|j|☆Flame of the Soul
|j|☆AdamHaziq
|t:|1661878649
|gametype|singles
|player|p1|Flame of the Soul|lance-masters|1717
|player|p2|AdamHaziq|unknown|1656
|teamsize|p1|6
|teamsize|p2|6
|gen|8
|tier|[Gen 8] National Dex AG
|rated|
|rule|HP Percentage Mod: HP is shown in percentages
|rule|Endless Battle Clause: Forcing endless battles is banned
|clearpoke
|poke|p1|Zekrom|
|poke|p1|Giratina|
|poke|p1|Arceus-*|
|poke|p1|Necrozma-Dusk-Mane|
|poke|p1|Yveltal|
|poke|p1|Arceus-*|
|poke|p2|Regieleki|
|poke|p2|Tapu Koko|
|poke|p2|Zygarde|
|poke|p2|Calyrex-Shadow|
|poke|p2|Zacian-*|
|poke|p2|Ditto|
|teampreview
|inactive|Battle timer is ON: inactive players will automatically lose when time's up. (requested by AdamHaziq)
|inactive|Flame of the Soul also wants the timer to be on.
|
|t:|1661878660
|start
|switch|p1a: Arceus|Arceus-Ground|100/100
|switch|p2a: Tapu Koko|Tapu Koko|100/100
|-fieldstart|move: Electric Terrain|[from] ability: Electric Surge|[of] p2a: Tapu Koko
|turn|1
|
|t:|1661878670
|move|p2a: Tapu Koko|Hidden Power|p1a: Arceus
|-supereffective|p1a: Arceus
|-damage|p1a: Arceus|79/100
|move|p1a: Arceus|Judgment|p2a: Tapu Koko
|-supereffective|p2a: Tapu Koko
|-damage|p2a: Tapu Koko|0 fnt
|faint|p2a: Tapu Koko
|
|upkeep
|
|t:|1661878676
|switch|p2a: Zygarde|Zygarde|100/100
|turn|2
|
|t:|1661878695
|-start|p1a: Arceus|Dynamax|
|-heal|p1a: Arceus|79/100|[silent]
|move|p1a: Arceus|Max Hailstorm|p2a: Zygarde
|-supereffective|p2a: Zygarde
|-damage|p2a: Zygarde|0 fnt
|-weather|Hail
|faint|p2a: Zygarde
|
|-weather|Hail|[upkeep]
|-damage|p1a: Arceus|76/100|[from] Hail
|upkeep
|
|t:|1661878706
|switch|p2a: Ditto|Ditto|100/100
|-transform|p2a: Ditto|p1a: Arceus|[from] ability: Imposter
|turn|3
|inactive|Flame of the Soul has 120 seconds left.
|
|t:|1661878759
|move|p2a: Ditto|Ice Beam|p1a: Arceus
|-supereffective|p1a: Arceus
|-damage|p1a: Arceus|60/100
|move|p1a: Arceus|Max Hailstorm|p2a: Ditto
|-supereffective|p2a: Ditto
|-damage|p2a: Ditto|30/100
|
|-weather|Hail|[upkeep]
|-damage|p2a: Ditto|24/100|[from] Hail
|-damage|p1a: Arceus|57/100|[from] Hail
|upkeep
|turn|4
|
|t:|1661878778
|move|p1a: Arceus|Max Guard|p1a: Arceus
|-singleturn|p1a: Arceus|Max Guard
|move|p2a: Ditto|Ice Beam|p1a: Arceus
|-activate|p1a: Arceus|move: Max Guard
|
|-weather|Hail|[upkeep]
|-damage|p2a: Ditto|18/100|[from] Hail
|-damage|p1a: Arceus|54/100|[from] Hail
|upkeep
|-end|p1a: Arceus|Dynamax
|-heal|p1a: Arceus|54/100|[silent]
|turn|5
|inactive|Flame of the Soul has 90 seconds left.
|
|t:|1661878837
|move|p2a: Ditto|Ice Beam|p1a: Arceus
|-supereffective|p1a: Arceus
|-damage|p1a: Arceus|24/100
|move|p1a: Arceus|Recover|p1a: Arceus
|-heal|p1a: Arceus|74/100
|
|-weather|Hail|[upkeep]
|-damage|p2a: Ditto|12/100|[from] Hail
|-damage|p1a: Arceus|68/100|[from] Hail
|-fieldend|move: Electric Terrain
|upkeep
|turn|6
|
|t:|1661878845
|switch|p2a: Zacian|Zacian-Crowned|100/100
|-ability|p2a: Zacian|Intrepid Sword|boost
|-boost|p2a: Zacian|atk|1
|move|p1a: Arceus|Recover|p1a: Arceus
|-heal|p1a: Arceus|100/100
|
|-weather|none
|upkeep
|turn|7
|
|t:|1661878849
|switch|p1a: Necrozma|Necrozma-Dusk-Mane|100/100
|move|p2a: Zacian|Close Combat|p1a: Necrozma
|-damage|p1a: Necrozma|57/100
|-unboost|p2a: Zacian|def|1
|-unboost|p2a: Zacian|spd|1
|-damage|p2a: Zacian|84/100|[from] item: Rocky Helmet|[of] p1a: Necrozma
|
|upkeep
|turn|8
|
|t:|1661878854
|move|p2a: Zacian|Swords Dance|p2a: Zacian
|-boost|p2a: Zacian|atk|2
|move|p1a: Necrozma|Stealth Rock|p2a: Zacian
|-sidestart|p2: AdamHaziq|move: Stealth Rock
|
|upkeep
|turn|9
|inactive|Flame of the Soul has 90 seconds left.
|
|t:|1661878870
|move|p2a: Zacian|Close Combat|p1a: Necrozma
|-damage|p1a: Necrozma|0 fnt
|-unboost|p2a: Zacian|def|1
|-unboost|p2a: Zacian|spd|1
|-damage|p2a: Zacian|67/100|[from] item: Rocky Helmet|[of] p1a: Necrozma
|faint|p1a: Necrozma
|
|upkeep
|
|t:|1661878872
|switch|p1a: Arceus|Arceus-Ground|100/100
|turn|10
|
|t:|1661878874
|move|p2a: Zacian|Close Combat|p1a: Arceus
|-damage|p1a: Arceus|13/100
|-unboost|p2a: Zacian|def|1
|-unboost|p2a: Zacian|spd|1
|move|p1a: Arceus|Judgment|p2a: Zacian
|-supereffective|p2a: Zacian
|-damage|p2a: Zacian|0 fnt
|faint|p2a: Zacian
|
|upkeep
|
|t:|1661878881
|switch|p2a: Calyrex|Calyrex-Shadow|100/100
|-ability|p2a: Calyrex|As One
|-ability|p2a: Calyrex|Unnerve
|-damage|p2a: Calyrex|88/100|[from] Stealth Rock
|turn|11
|
|t:|1661878900
|switch|p1a: Yveltal|Yveltal|100/100
|-ability|p1a: Yveltal|Dark Aura
|move|p2a: Calyrex|Draining Kiss|p1a: Yveltal
|-supereffective|p1a: Yveltal
|-damage|p1a: Yveltal|79/100
|-heal|p2a: Calyrex|100/100|[from] drain|[of] p1a: Yveltal
|
|upkeep
|turn|12
|
|t:|1661878905
|switch|p2a: Ditto|Ditto|12/100
|-damage|p2a: Ditto|0 fnt|[from] Stealth Rock
|faint|p2a: Ditto
|move|p1a: Yveltal|Roost|p1a: Yveltal
|-heal|p1a: Yveltal|100/100
|-singleturn|p1a: Yveltal|move: Roost
|
|upkeep
|
|t:|1661878909
|switch|p2a: Regieleki|Regieleki|100/100
|-damage|p2a: Regieleki|88/100|[from] Stealth Rock
|turn|13
|
|t:|1661878913
|switch|p1a: Zekrom|Zekrom, shiny|100/100
|-ability|p1a: Zekrom|Teravolt
|move|p2a: Regieleki|Rapid Spin|p1a: Zekrom
|-damage|p1a: Zekrom|91/100
|-boost|p2a: Regieleki|spe|1
|-sideend|p2: AdamHaziq|Stealth Rock|[from] move: Rapid Spin|[of] p2a: Regieleki
|
|-heal|p1a: Zekrom|98/100|[from] item: Leftovers
|upkeep
|turn|14
|
|t:|1661878918
|move|p2a: Regieleki|Volt Switch|p1a: Zekrom
|-resisted|p1a: Zekrom
|-damage|p1a: Zekrom|86/100
|
|t:|1661878921
|switch|p2a: Calyrex|Calyrex-Shadow|100/100|[from]move: Volt Switch
|-ability|p2a: Calyrex|As One
|-ability|p2a: Calyrex|Unnerve
|move|p1a: Zekrom|Dragon Dance|p1a: Zekrom
|-boost|p1a: Zekrom|atk|1
|-boost|p1a: Zekrom|spe|1
|
|-heal|p1a: Zekrom|92/100|[from] item: Leftovers
|upkeep
|turn|15
|
|t:|1661878926
|-start|p2a: Calyrex|Dynamax|
|-heal|p2a: Calyrex|100/100|[silent]
|move|p1a: Zekrom|Outrage|p2a: Calyrex
|-damage|p2a: Calyrex|33/100
|move|p2a: Calyrex|Max Mindstorm|p1a: Zekrom
|-damage|p1a: Zekrom|11/100
|-fieldstart|move: Psychic Terrain
|
|-heal|p1a: Zekrom|17/100|[from] item: Leftovers
|upkeep
|turn|16
|
|t:|1661878931
|move|p1a: Zekrom|Outrage|p2a: Calyrex|[from]lockedmove
|-damage|p2a: Calyrex|0 fnt
|faint|p2a: Calyrex
|
|-heal|p1a: Zekrom|24/100|[from] item: Leftovers
|upkeep
|
|t:|1661878934
|switch|p2a: Regieleki|Regieleki|88/100
|turn|17
|
|t:|1661878937
|move|p2a: Regieleki|Rising Voltage|p1a: Zekrom
|-resisted|p1a: Zekrom
|-damage|p1a: Zekrom|12/100
|move|p1a: Zekrom|Outrage|p2a: Regieleki|[from]lockedmove
|-damage|p2a: Regieleki|0 fnt
|faint|p2a: Regieleki
|-start|p1a: Zekrom|confusion|[fatigue]
|
|win|Flame of the Soul
|raw|Flame of the Soul's rating: 1717 &rarr; <strong>1734</strong><br />(+17 for winning)
|raw|AdamHaziq's rating: 1656 &rarr; <strong>1639</strong><br />(-17 for losing)
|l|☆AdamHaziq
