|j|☆hjksgdf
|j|☆Dominator296
|t:|1631968524
|gametype|singles
|player|p1|hjksgdf|170|1696
|player|p2|Dominator296|alder|1687
|teamsize|p1|6
|teamsize|p2|6
|gen|8
|tier|[Gen 8] National Dex AG
|rated|
|rule|HP Percentage Mod: HP is shown in percentages
|rule|Endless Battle Clause: Forcing endless battles is banned
|clearpoke
|poke|p1|Arceus-*|
|poke|p1|Arceus-*|
|poke|p1|Arceus-*|
|poke|p1|Rayquaza|
|poke|p1|Necrozma-Dusk-Mane|
|poke|p1|Ditto|
|poke|p2|Kyogre|
|poke|p2|Groudon|
|poke|p2|Deoxys-Attack|
|poke|p2|Necrozma-Dusk-Mane|
|poke|p2|Arceus-*|
|poke|p2|Arceus-*|
|teampreview
|inactive|Battle timer is ON: inactive players will automatically lose when time's up. (requested by hjksgdf)
|
|t:|1631968542
|start
|switch|p1a: Arceus|Arceus-Dark|100/100
|switch|p2a: Necrozma|Necrozma-Dusk-Mane|100/100
|turn|1
|
|t:|1631968550
|move|p1a: Arceus|Judgment|p2a: Necrozma
|-supereffective|p2a: Necrozma
|-damage|p2a: Necrozma|19/100
|move|p2a: Necrozma|Thunder Wave|p1a: Arceus
|-status|p1a: Arceus|par
|
|upkeep
|turn|2
|
|t:|1631968557
|move|p2a: Necrozma|Stealth Rock|p1a: Arceus
|-sidestart|p1: hjksgdf|move: Stealth Rock
|move|p1a: Arceus|Refresh|p1a: Arceus
|-curestatus|p1a: Arceus|par|[msg]
|
|upkeep
|turn|3
|
|t:|1631968561
|move|p1a: Arceus|Judgment|p2a: Necrozma
|-supereffective|p2a: Necrozma
|-damage|p2a: Necrozma|0 fnt
|faint|p2a: Necrozma
|
|upkeep
|
|t:|1631968573
|switch|p2a: Arceus|Arceus-Flying|100/100
|turn|4
|
|t:|1631968579
|move|p2a: Arceus|Calm Mind|p2a: Arceus
|-boost|p2a: Arceus|spa|1
|-boost|p2a: Arceus|spd|1
|move|p1a: Arceus|Calm Mind|p1a: Arceus
|-boost|p1a: Arceus|spa|1
|-boost|p1a: Arceus|spd|1
|
|upkeep
|turn|5
|
|t:|1631968583
|move|p2a: Arceus|Calm Mind|p2a: Arceus
|-boost|p2a: Arceus|spa|1
|-boost|p2a: Arceus|spd|1
|move|p1a: Arceus|Calm Mind|p1a: Arceus
|-boost|p1a: Arceus|spa|1
|-boost|p1a: Arceus|spd|1
|
|upkeep
|turn|6
|j| funnymoment1673248
|
|t:|1631968586
|move|p2a: Arceus|Calm Mind|p2a: Arceus
|-boost|p2a: Arceus|spa|1
|-boost|p2a: Arceus|spd|1
|move|p1a: Arceus|Calm Mind|p1a: Arceus
|-boost|p1a: Arceus|spa|1
|-boost|p1a: Arceus|spd|1
|
|upkeep
|turn|7
|
|t:|1631968590
|-start|p2a: Arceus|Dynamax
|-heal|p2a: Arceus|100/100|[silent]
|move|p2a: Arceus|Max Airstream|p1a: Arceus
|-damage|p1a: Arceus|62/100
|-boost|p2a: Arceus|spe|1
|move|p1a: Arceus|Calm Mind|p1a: Arceus
|-boost|p1a: Arceus|spa|1
|-boost|p1a: Arceus|spd|1
|
|upkeep
|turn|8
|
|t:|1631968597
|move|p2a: Arceus|Max Airstream|p1a: Arceus
|-damage|p1a: Arceus|29/100
|-boost|p2a: Arceus|spe|1
|move|p1a: Arceus|Recover|p1a: Arceus
|-heal|p1a: Arceus|79/100
|
|upkeep
|turn|9
|
|t:|1631968604
|move|p2a: Arceus|Max Airstream|p1a: Arceus
|-damage|p1a: Arceus|48/100
|-boost|p2a: Arceus|spe|1
|move|p1a: Arceus|Calm Mind|p1a: Arceus
|-boost|p1a: Arceus|spa|1
|-boost|p1a: Arceus|spd|1
|
|-end|p2a: Arceus|Dynamax
|-heal|p2a: Arceus|100/100|[silent]
|upkeep
|turn|10
|
|t:|1631968614
|move|p2a: Arceus|Calm Mind|p2a: Arceus
|-boost|p2a: Arceus|spa|1
|-boost|p2a: Arceus|spd|1
|move|p1a: Arceus|Recover|p1a: Arceus
|-heal|p1a: Arceus|98/100
|
|upkeep
|turn|11
|
|t:|1631968616
|move|p2a: Arceus|Calm Mind|p2a: Arceus
|-boost|p2a: Arceus|spa|1
|-boost|p2a: Arceus|spd|1
|move|p1a: Arceus|Calm Mind|p1a: Arceus
|-boost|p1a: Arceus|spa|1
|-boost|p1a: Arceus|spd|1
|
|upkeep
|turn|12
|
|t:|1631968618
|-start|p1a: Arceus|Dynamax
|-heal|p1a: Arceus|98/100|[silent]
|move|p2a: Arceus|Calm Mind|p2a: Arceus
|-boost|p2a: Arceus|spa|1
|-boost|p2a: Arceus|spd|1
|move|p1a: Arceus|Max Darkness|p2a: Arceus
|-crit|p2a: Arceus
|-damage|p2a: Arceus|0 fnt
|faint|p2a: Arceus
|
|upkeep
|c|☆Dominator296|Really
|c|☆hjksgdf|Sry
|c|☆hjksgdf|so sry
|
|t:|1631968646
|switch|p2a: Deoxys|Deoxys-Attack|100/100
|-ability|p2a: Deoxys|Pressure
|turn|13
|
|t:|1631968656
|move|p2a: Deoxys|Extreme Speed|p1a: Arceus
|-damage|p1a: Arceus|88/100
|move|p1a: Arceus|Max Darkness|p2a: Deoxys
|-supereffective|p2a: Deoxys
|-enditem|p2a: Deoxys|Focus Sash
|-damage|p2a: Deoxys|1/100
|-unboost|p2a: Deoxys|spd|1
|
|upkeep
|turn|14
|
|t:|1631968665
|move|p2a: Deoxys|Extreme Speed|p1a: Arceus
|-damage|p1a: Arceus|78/100
|move|p1a: Arceus|Max Darkness|p2a: Deoxys
|-supereffective|p2a: Deoxys
|-damage|p2a: Deoxys|0 fnt
|faint|p2a: Deoxys
|
|-end|p1a: Arceus|Dynamax
|-heal|p1a: Arceus|78/100|[silent]
|upkeep
|
|t:|1631968670
|switch|p2a: Arceus|Arceus|100/100
|turn|15
|
|t:|1631968676
|move|p2a: Arceus|Extreme Speed|p1a: Arceus
|-damage|p1a: Arceus|53/100
|move|p1a: Arceus|Judgment|p2a: Arceus
|-damage|p2a: Arceus|0 fnt
|faint|p2a: Arceus
|
|upkeep
|
|t:|1631968688
|switch|p2a: Kyogre|Kyogre|100/100
|-weather|RainDance|[from] ability: Drizzle|[of] p2a: Kyogre
|turn|16
|
|t:|1631968692
|move|p2a: Kyogre|Water Spout|p1a: Arceus
|-damage|p1a: Arceus|32/100
|move|p1a: Arceus|Recover|p1a: Arceus
|-heal|p1a: Arceus|82/100
|
|-weather|RainDance|[upkeep]
|upkeep
|turn|17
|c|☆hjksgdf|Sheesh
|-message|Dominator296 forfeited.
|
|win|hjksgdf
|raw|hjksgdf's rating: 1696 &rarr; <strong>1715</strong><br />(+19 for winning)
|raw|Dominator296's rating: 1687 &rarr; <strong>1668</strong><br />(-19 for losing)
|l|☆Dominator296
