|j|☆dtc07
|j|☆Opnoob 598 ☀
|t:|1655886446
|gametype|singles
|player|p1|dtc07|grimsley|1794
|player|p2|Opnoob 598 ☀|drayden|1960
|teamsize|p1|6
|teamsize|p2|6
|gen|8
|tier|[Gen 8] National Dex AG
|rated|
|rule|HP Percentage Mod: HP is shown in percentages
|rule|Endless Battle Clause: Forcing endless battles is banned
|clearpoke
|poke|p1|Deoxys-Speed|
|poke|p1|Calyrex-Shadow|
|poke|p1|Yveltal|
|poke|p1|Eternatus|
|poke|p1|Xerneas-*|
|poke|p1|Necrozma-Dusk-Mane|
|poke|p2|Arceus-*|
|poke|p2|Arceus-*|
|poke|p2|Necrozma-Dusk-Mane|
|poke|p2|Zygarde|
|poke|p2|Rayquaza|
|poke|p2|Ho-Oh|
|teampreview
|inactive|Battle timer is ON: inactive players will automatically lose when time's up. (requested by dtc07)
|c|☆dtc07|hello again
|
|t:|1655886460
|start
|switch|p1a: Deoxys|Deoxys-Speed|100/100
|switch|p2a: Ho-Oh|Ho-Oh|100/100
|-ability|p1a: Deoxys|Pressure
|turn|1
|
|t:|1655886466
|move|p1a: Deoxys|Stealth Rock|p2a: Ho-Oh
|-sidestart|p2: Opnoob 598 ☀|move: Stealth Rock
|move|p2a: Ho-Oh|Sacred Fire|p1a: Deoxys
|-damage|p1a: Deoxys|50/100
|-status|p1a: Deoxys|brn
|
|-damage|p1a: Deoxys|44/100 brn|[from] brn
|upkeep
|turn|2
|
|t:|1655886471
|move|p1a: Deoxys|Taunt|p2a: Ho-Oh
|-start|p2a: Ho-Oh|move: Taunt
|move|p2a: Ho-Oh|Sacred Fire|p1a: Deoxys
|-damage|p1a: Deoxys|0 fnt
|faint|p1a: Deoxys
|
|upkeep
|
|t:|1655886486
|switch|p1a: Eternatus|Eternatus|100/100
|-ability|p1a: Eternatus|Pressure
|turn|3
|
|t:|1655886495
|switch|p2a: Necrozma|Necrozma-Dusk-Mane|100/100
|-damage|p2a: Necrozma|94/100|[from] Stealth Rock
|move|p1a: Eternatus|Meteor Beam||[still]
|-prepare|p1a: Eternatus|Meteor Beam
|-boost|p1a: Eternatus|spa|1
|-enditem|p1a: Eternatus|Power Herb
|-anim|p1a: Eternatus|Meteor Beam|p2a: Necrozma
|-resisted|p2a: Necrozma
|-damage|p2a: Necrozma|67/100
|
|upkeep
|turn|4
|
|t:|1655886498
|switch|p2a: Ho-Oh|Ho-Oh|100/100
|move|p1a: Eternatus|Flamethrower|p2a: Ho-Oh
|-resisted|p2a: Ho-Oh
|-damage|p2a: Ho-Oh|88/100
|
|upkeep
|turn|5
|j| Jasmine Rose4❄️
|
|t:|1655886510
|move|p1a: Eternatus|Dynamax Cannon|p2a: Ho-Oh
|-damage|p2a: Ho-Oh|46/100
|move|p2a: Ho-Oh|Thunder Wave|p1a: Eternatus|[miss]
|-miss|p2a: Ho-Oh|p1a: Eternatus
|
|upkeep
|turn|6
|l| Jasmine Rose4❄️
|
|t:|1655886518
|move|p1a: Eternatus|Meteor Beam||[still]
|-prepare|p1a: Eternatus|Meteor Beam
|-boost|p1a: Eternatus|spa|1
|move|p2a: Ho-Oh|Thunder Wave|p1a: Eternatus|[miss]
|-miss|p2a: Ho-Oh|p1a: Eternatus
|
|upkeep
|turn|7
|c|☆dtc07|lul
|c|☆Opnoob 598 ☀|WHAT THE F!
|c|☆Opnoob 598 ☀|lucky asf
|c|☆dtc07|it just happens sometimes
|c|☆dtc07|sry
|
|t:|1655886539
|switch|p2a: Zygarde|Zygarde|100/100
|-damage|p2a: Zygarde|94/100|[from] Stealth Rock
|move|p1a: Eternatus|Meteor Beam|p2a: Zygarde|[from]lockedmove
|-resisted|p2a: Zygarde
|-damage|p2a: Zygarde|54/100
|
|-heal|p2a: Zygarde|60/100|[from] item: Leftovers
|upkeep
|turn|8
|
|t:|1655886544
|move|p1a: Eternatus|Dynamax Cannon|p2a: Zygarde
|-supereffective|p2a: Zygarde
|-damage|p2a: Zygarde|0 fnt
|faint|p2a: Zygarde
|
|upkeep
|
|t:|1655886547
|switch|p2a: Ho-Oh|Ho-Oh|80/100
|turn|9
|
|t:|1655886554
|move|p1a: Eternatus|Dynamax Cannon|p2a: Ho-Oh
|-damage|p2a: Ho-Oh|29/100
|move|p2a: Ho-Oh|Thunder Wave|p1a: Eternatus
|-status|p1a: Eternatus|par
|
|upkeep
|turn|10
|
|t:|1655886563
|move|p2a: Ho-Oh|Defog|p1a: Eternatus
|-unboost|p1a: Eternatus|evasion|1
|-sideend|p2: Opnoob 598 ☀|Stealth Rock|[from] move: Defog|[of] p2a: Ho-Oh
|cant|p1a: Eternatus|par
|
|upkeep
|turn|11
|j| t1a2n3i4s5h6
|
|t:|1655886575
|move|p1a: Eternatus|Dynamax Cannon|p2a: Ho-Oh
|-damage|p2a: Ho-Oh|0 fnt
|faint|p2a: Ho-Oh
|
|upkeep
|
|t:|1655886578
|switch|p2a: Rayquaza|Rayquaza|100/100
|-ability|p2a: Rayquaza|Air Lock
|turn|12
|
|t:|1655886582
|detailschange|p2a: Rayquaza|Rayquaza-Mega
|-mega|p2a: Rayquaza|Rayquaza|
|-weather|DeltaStream|[from] ability: Delta Stream|[of] p2a: Rayquaza
|move|p2a: Rayquaza|Dragon Ascent|p1a: Eternatus
|-damage|p1a: Eternatus|0 fnt
|-unboost|p2a: Rayquaza|def|1
|-unboost|p2a: Rayquaza|spd|1
|faint|p1a: Eternatus
|
|-weather|DeltaStream|[upkeep]
|upkeep
|
|t:|1655886588
|switch|p1a: Calyrex|Calyrex-Shadow|100/100
|-ability|p1a: Calyrex|As One
|-ability|p1a: Calyrex|Unnerve
|turn|13
|
|t:|1655886592
|-weather|none
|switch|p2a: Arceus|Arceus-Dark|100/100
|move|p1a: Calyrex|Nasty Plot|p1a: Calyrex
|-boost|p1a: Calyrex|spa|2
|
|upkeep
|turn|14
|
|t:|1655886607
|move|p1a: Calyrex|Astral Barrage|p2a: Arceus
|-resisted|p2a: Arceus
|-damage|p2a: Arceus|65/100
|move|p2a: Arceus|Judgment|p1a: Calyrex
|-supereffective|p1a: Calyrex
|-enditem|p1a: Calyrex|Focus Sash
|-damage|p1a: Calyrex|1/100
|
|upkeep
|turn|15
|
|t:|1655886616
|switch|p2a: Necrozma|Necrozma-Dusk-Mane|67/100
|move|p1a: Calyrex|Baton Pass|p1a: Calyrex
|
|t:|1655886619
|switch|p1a: Yveltal|Yveltal|100/100|[from]move: Baton Pass
|-ability|p1a: Yveltal|Dark Aura
|
|upkeep
|turn|16
|
|t:|1655886631
|-start|p1a: Yveltal|Dynamax|
|-heal|p1a: Yveltal|100/100|[silent]
|-start|p2a: Necrozma|Dynamax|
|-heal|p2a: Necrozma|67/100|[silent]
|move|p1a: Yveltal|Max Airstream|p2a: Necrozma
|-resisted|p2a: Necrozma
|-crit|p2a: Necrozma
|-damage|p2a: Necrozma|12/100
|-boost|p1a: Yveltal|spe|1
|-damage|p1a: Yveltal|96/100|[from] item: Life Orb
|move|p2a: Necrozma|Max Steelspike|p1a: Yveltal
|-damage|p1a: Yveltal|63/100
|-boost|p2a: Necrozma|def|1
|
|upkeep
|turn|17
|
|t:|1655886637
|move|p2a: Necrozma|Max Guard|p2a: Necrozma
|-singleturn|p2a: Necrozma|Max Guard
|move|p1a: Yveltal|Max Airstream|p2a: Necrozma
|-activate|p2a: Necrozma|move: Max Guard
|
|upkeep
|turn|18
|
|t:|1655886645
|move|p1a: Yveltal|Max Airstream|p2a: Necrozma
|-resisted|p2a: Necrozma
|-damage|p2a: Necrozma|0 fnt
|-boost|p1a: Yveltal|spe|1
|faint|p2a: Necrozma
|-damage|p1a: Yveltal|58/100|[from] item: Life Orb
|
|upkeep
|c|☆Opnoob 598 ☀|That double para miss
|c|☆Opnoob 598 ☀|Smh
|c|☆dtc07|yes
|
|t:|1655886653
|switch|p2a: Rayquaza|Rayquaza-Mega|100/100
|-weather|DeltaStream|[from] ability: Delta Stream|[of] p2a: Rayquaza
|-end|p1a: Yveltal|Dynamax
|-heal|p1a: Yveltal|59/100|[silent]
|turn|19
|c|☆Opnoob 598 ☀|Kill
|c|☆Opnoob 598 ☀|Rfn
|c|☆dtc07|that was a very skilled dodge from etern
|c|☆dtc07|nothing else
|
|t:|1655886671
|move|p2a: Rayquaza|Extreme Speed|p1a: Yveltal
|-damage|p1a: Yveltal|0 fnt
|faint|p1a: Yveltal
|
|-weather|DeltaStream|[upkeep]
|upkeep
|c|☆Opnoob 598 ☀|Ye fr
|
|t:|1655886683
|switch|p1a: Necrozma|Necrozma-Dusk-Mane|100/100
|turn|20
|c|☆Opnoob 598 ☀|True as hek
|c|☆Opnoob 598 ☀|No cap
|
|t:|1655886690
|-weather|none
|switch|p2a: Arceus|Arceus-Water|100/100
|detailschange|p1a: Necrozma|Necrozma-Ultra
|-burst|p1a: Necrozma|Necrozma|Ultranecrozium Z
|move|p1a: Necrozma|Dragon Dance|p1a: Necrozma
|-boost|p1a: Necrozma|atk|1
|-boost|p1a: Necrozma|spe|1
|
|upkeep
|turn|21
|
|t:|1655886704
|switch|p2a: Arceus|Arceus-Dark|65/100
|move|p1a: Necrozma|Earthquake|p2a: Arceus
|-damage|p2a: Arceus|27/100
|
|upkeep
|turn|22
|
|t:|1655886709
|switch|p2a: Rayquaza|Rayquaza-Mega|100/100
|-weather|DeltaStream|[from] ability: Delta Stream|[of] p2a: Rayquaza
|move|p1a: Necrozma|Earthquake|p2a: Rayquaza
|-immune|p2a: Rayquaza
|
|-weather|DeltaStream|[upkeep]
|upkeep
|turn|23
|
|t:|1655886722
|move|p1a: Necrozma|Photon Geyser|p2a: Rayquaza
|-damage|p2a: Rayquaza|10/100
|move|p2a: Rayquaza|Dragon Ascent|p1a: Necrozma
|-damage|p1a: Necrozma|0 fnt
|-unboost|p2a: Rayquaza|def|1
|-unboost|p2a: Rayquaza|spd|1
|faint|p1a: Necrozma
|
|-weather|DeltaStream|[upkeep]
|upkeep
|c|☆Opnoob 598 ☀|Goat
|
|t:|1655886727
|switch|p1a: Calyrex|Calyrex-Shadow|1/100
|-ability|p1a: Calyrex|As One
|-ability|p1a: Calyrex|Unnerve
|turn|24
|
|t:|1655886733
|-weather|none
|switch|p2a: Arceus|Arceus-Water|100/100
|move|p1a: Calyrex|Astral Barrage|p2a: Arceus
|-damage|p2a: Arceus|48/100
|
|upkeep
|turn|25
|j| tyre345
|
|t:|1655886740
|move|p1a: Calyrex|Astral Barrage|p2a: Arceus
|-damage|p2a: Arceus|0 fnt
|faint|p2a: Arceus
|-ability|p1a: Calyrex|Grim Neigh|boost
|-boost|p1a: Calyrex|spa|1
|
|upkeep
|
|t:|1655886742
|switch|p2a: Arceus|Arceus-Dark|27/100
|turn|26
|c|☆Opnoob 598 ☀|Ggs man
|c|☆dtc07|gg
|c|☆dtc07|please kill
|c|☆Opnoob 598 ☀|Also i had wil o wisp
|c|☆Opnoob 598 ☀|Wtf?
|
|t:|1655886757
|move|p1a: Calyrex|Astral Barrage|p2a: Arceus
|-resisted|p2a: Arceus
|-damage|p2a: Arceus|0 fnt
|faint|p2a: Arceus
|-ability|p1a: Calyrex|Grim Neigh|boost
|-boost|p1a: Calyrex|spa|1
|
|upkeep
|-message|Opnoob 598 ☀ forfeited.
|
|win|dtc07
|raw|dtc07's rating: 1794 &rarr; <strong>1823</strong><br />(+29 for winning)
|raw|Opnoob 598 ☀'s rating: 1960 &rarr; <strong>1931</strong><br />(-29 for losing)
|c|☆dtc07|he kil
|l|☆Opnoob 598 ☀
|c|☆dtc07|gg
