|j|☆Chemist90
|j|☆amnael01
|t:|1658759796
|gametype|singles
|player|p1|Chemist90|lucas|1678
|player|p2|amnael01|dawn|1906
|teamsize|p1|6
|teamsize|p2|6
|gen|8
|tier|[Gen 8] National Dex AG
|rated|
|rule|HP Percentage Mod: HP is shown in percentages
|rule|Endless Battle Clause: Forcing endless battles is banned
|clearpoke
|poke|p1|Yveltal|
|poke|p1|Necrozma-Dusk-Mane|
|poke|p1|Chansey, F|
|poke|p1|Zygarde|
|poke|p1|Regieleki|
|poke|p1|Marshadow|
|poke|p2|Smeargle, M|
|poke|p2|Groudon|
|poke|p2|Espeon, F|
|poke|p2|Rayquaza|
|poke|p2|Xerneas-*|
|poke|p2|Zacian-*|
|teampreview
|
|t:|1658759806
|start
|switch|p1a: Zygarde|Zygarde|100/100
|switch|p2a: Zacian|Zacian-Crowned|100/100
|-ability|p2a: Zacian|Intrepid Sword|boost
|-boost|p2a: Zacian|atk|1
|turn|1
|
|t:|1658759813
|switch|p1a: Necrozma|Necrozma-Dusk-Mane|100/100
|move|p2a: Zacian|Play Rough|p1a: Necrozma
|-resisted|p1a: Necrozma
|-damage|p1a: Necrozma|77/100
|-damage|p2a: Zacian|84/100|[from] item: Rocky Helmet|[of] p1a: Necrozma
|
|upkeep
|turn|2
|
|t:|1658759817
|switch|p2a: Smeargle|Smeargle, M|100/100
|move|p1a: Necrozma|Stealth Rock|p2a: Smeargle
|-sidestart|p2: amnael01|move: Stealth Rock
|
|-ability|p2a: Smeargle|Moody|boost
|-boost|p2a: Smeargle|spe|2
|-unboost|p2a: Smeargle|spa|1
|upkeep
|turn|3
|
|t:|1658759822
|switch|p1a: Zygarde|Zygarde|100/100
|move|p2a: Smeargle|Spore|p1a: Zygarde
|-activate|p1a: Zygarde|item: Safety Goggles|Spore
|
|-ability|p2a: Smeargle|Moody|boost
|-boost|p2a: Smeargle|def|2
|-unboost|p2a: Smeargle|atk|1
|upkeep
|turn|4
|
|t:|1658759830
|move|p2a: Smeargle|Shift Gear|p2a: Smeargle
|-boost|p2a: Smeargle|spe|2
|-boost|p2a: Smeargle|atk|1
|move|p1a: Zygarde|Dragon Tail|p2a: Smeargle|[miss]
|-miss|p1a: Zygarde|p2a: Smeargle
|
|-ability|p2a: Smeargle|Moody|boost
|-boost|p2a: Smeargle|def|2
|-unboost|p2a: Smeargle|spa|1
|upkeep
|turn|5
|
|t:|1658759837
|move|p2a: Smeargle|Spiky Shield|p2a: Smeargle
|-singleturn|p2a: Smeargle|move: Protect
|move|p1a: Zygarde|Dragon Tail|p2a: Smeargle
|-activate|p2a: Smeargle|move: Protect
|-damage|p1a: Zygarde|88/100|[from] Spiky Shield|[of] p2a: Smeargle
|
|-ability|p2a: Smeargle|Moody|boost
|-boost|p2a: Smeargle|atk|2
|-unboost|p2a: Smeargle|spa|1
|upkeep
|turn|6
|
|t:|1658759841
|move|p2a: Smeargle|Baton Pass|p2a: Smeargle
|
|t:|1658759842
|switch|p2a: Zacian|Zacian-Crowned|84/100|[from]move: Baton Pass
|-damage|p2a: Zacian|78/100|[from] Stealth Rock
|-ability|p2a: Zacian|Intrepid Sword|boost
|-boost|p2a: Zacian|atk|1
|move|p1a: Zygarde|Dragon Tail|p2a: Zacian
|-immune|p2a: Zacian
|
|upkeep
|turn|7
|
|t:|1658759875
|move|p2a: Zacian|Play Rough|p1a: Zygarde|[miss]
|-miss|p2a: Zacian|p1a: Zygarde
|move|p1a: Zygarde|Substitute|p1a: Zygarde
|-start|p1a: Zygarde|Substitute
|-damage|p1a: Zygarde|63/100
|
|upkeep
|turn|8
|
|t:|1658759885
|move|p2a: Zacian|Play Rough|p1a: Zygarde
|-supereffective|p1a: Zygarde
|-end|p1a: Zygarde|Substitute
|move|p1a: Zygarde|Thousand Arrows|p2a: Zacian
|-supereffective|p2a: Zacian
|-crit|p2a: Zacian
|-damage|p2a: Zacian|0 fnt
|faint|p2a: Zacian
|
|upkeep
|
|t:|1658759891
|switch|p2a: Xerneas|Xerneas|100/100
|-damage|p2a: Xerneas|88/100|[from] Stealth Rock
|-ability|p2a: Xerneas|Fairy Aura
|turn|9
|
|t:|1658759909
|switch|p1a: Necrozma|Necrozma-Dusk-Mane|77/100
|switch|p2a: Groudon|Groudon|100/100
|-damage|p2a: Groudon|94/100|[from] Stealth Rock
|detailschange|p2a: Groudon|Groudon-Primal
|-primal|p2a: Groudon
|-weather|DesolateLand|[from] ability: Desolate Land|[of] p2a: Groudon
|
|-weather|DesolateLand|[upkeep]
|upkeep
|turn|10
|
|t:|1658759926
|switch|p1a: Yveltal|Yveltal|100/100
|-ability|p1a: Yveltal|Dark Aura
|move|p2a: Groudon|Stealth Rock|p1a: Yveltal
|-sidestart|p1: Chemist90|move: Stealth Rock
|
|-weather|DesolateLand|[upkeep]
|upkeep
|turn|11
|
|t:|1658759935
|-start|p1a: Yveltal|Dynamax|
|-heal|p1a: Yveltal|100/100|[silent]
|move|p2a: Groudon|Fire Punch|p1a: Yveltal
|-damage|p1a: Yveltal|66/100
|-status|p1a: Yveltal|brn
|move|p1a: Yveltal|Max Airstream|p2a: Groudon
|-damage|p2a: Groudon|0 fnt
|-boost|p1a: Yveltal|spe|1
|faint|p2a: Groudon
|-weather|none
|-damage|p1a: Yveltal|62/100 brn|[from] item: Life Orb
|
|-damage|p1a: Yveltal|58/100 brn|[from] brn
|upkeep
|
|t:|1658759950
|switch|p2a: Xerneas|Xerneas|88/100
|-damage|p2a: Xerneas|75/100|[from] Stealth Rock
|-ability|p2a: Xerneas|Fairy Aura
|turn|12
|
|t:|1658759956
|-start|p2a: Xerneas|Dynamax|
|-heal|p2a: Xerneas|75/100|[silent]
|move|p2a: Xerneas|Max Guard|p2a: Xerneas
|-singleturn|p2a: Xerneas|Max Guard
|move|p1a: Yveltal|Max Airstream|p2a: Xerneas
|-activate|p2a: Xerneas|move: Max Guard
|
|-damage|p1a: Yveltal|55/100 brn|[from] brn
|upkeep
|turn|13
|
|t:|1658759965
|move|p1a: Yveltal|Max Airstream|p2a: Xerneas
|-damage|p2a: Xerneas|46/100
|-boost|p1a: Yveltal|spe|1
|-damage|p1a: Yveltal|50/100 brn|[from] item: Life Orb
|move|p2a: Xerneas|Max Starfall|p1a: Yveltal
|-supereffective|p1a: Yveltal
|-damage|p1a: Yveltal|0 fnt
|-fieldstart|move: Misty Terrain
|faint|p1a: Yveltal
|
|upkeep
|
|t:|1658759973
|switch|p1a: Necrozma|Necrozma-Dusk-Mane|77/100
|-damage|p1a: Necrozma|71/100|[from] Stealth Rock
|turn|14
|
|t:|1658759977
|move|p2a: Xerneas|Max Flare|p1a: Necrozma
|-supereffective|p1a: Necrozma
|-damage|p1a: Necrozma|27/100
|-weather|SunnyDay
|move|p1a: Necrozma|Sunsteel Strike|p2a: Xerneas
|-supereffective|p2a: Xerneas
|-damage|p2a: Xerneas|8/100
|
|-weather|SunnyDay|[upkeep]
|upkeep
|-end|p2a: Xerneas|Dynamax
|-heal|p2a: Xerneas|8/100|[silent]
|turn|15
|
|t:|1658759984
|switch|p1a: Chansey|Chansey, F|100/100
|-damage|p1a: Chansey|88/100|[from] Stealth Rock
|move|p2a: Xerneas|Hidden Power|p1a: Chansey
|-damage|p1a: Chansey|81/100
|
|-weather|SunnyDay|[upkeep]
|upkeep
|turn|16
|
|t:|1658759992
|move|p2a: Xerneas|Geomancy||[still]
|-prepare|p2a: Xerneas|Geomancy
|-enditem|p2a: Xerneas|Power Herb
|-anim|p2a: Xerneas|Geomancy|p2a: Xerneas
|-boost|p2a: Xerneas|spa|2
|-boost|p2a: Xerneas|spd|2
|-boost|p2a: Xerneas|spe|2
|move|p1a: Chansey|Wish|p1a: Chansey
|
|-weather|SunnyDay|[upkeep]
|upkeep
|turn|17
|
|t:|1658759997
|move|p2a: Xerneas|Geomancy||[still]
|-prepare|p2a: Xerneas|Geomancy
|move|p1a: Chansey|Toxic|p2a: Xerneas
|-activate|p2a: Xerneas|move: Misty Terrain
|
|-weather|SunnyDay|[upkeep]
|-heal|p1a: Chansey|100/100|[from] move: Wish|[wisher] Chansey
|-fieldend|Misty Terrain
|upkeep
|turn|18
|
|t:|1658760005
|move|p2a: Xerneas|Geomancy|p2a: Xerneas|[from]lockedmove
|-boost|p2a: Xerneas|spa|2
|-boost|p2a: Xerneas|spd|2
|-boost|p2a: Xerneas|spe|2
|move|p1a: Chansey|Toxic|p2a: Xerneas
|-status|p2a: Xerneas|tox
|
|-weather|none
|-damage|p2a: Xerneas|2/100 tox|[from] psn
|upkeep
|turn|19
|
|t:|1658760008
|move|p2a: Xerneas|Moonblast|p1a: Chansey
|-damage|p1a: Chansey|54/100
|move|p1a: Chansey|Wish|p1a: Chansey
|
|-damage|p2a: Xerneas|0 fnt|[from] psn
|faint|p2a: Xerneas
|upkeep
|
|t:|1658760012
|switch|p2a: Rayquaza|Rayquaza|100/100
|-damage|p2a: Rayquaza|76/100|[from] Stealth Rock
|-ability|p2a: Rayquaza|Air Lock
|turn|20
|
|t:|1658760016
|switch|p1a: Necrozma|Necrozma-Dusk-Mane|27/100
|-damage|p1a: Necrozma|21/100|[from] Stealth Rock
|detailschange|p2a: Rayquaza|Rayquaza-Mega
|-mega|p2a: Rayquaza|Rayquaza|
|-weather|DeltaStream|[from] ability: Delta Stream|[of] p2a: Rayquaza
|move|p2a: Rayquaza|Dragon Ascent|p1a: Necrozma
|-resisted|p1a: Necrozma
|-damage|p1a: Necrozma|0 fnt
|-unboost|p2a: Rayquaza|def|1
|-unboost|p2a: Rayquaza|spd|1
|-damage|p2a: Rayquaza|59/100|[from] item: Rocky Helmet|[of] p1a: Necrozma
|faint|p1a: Necrozma
|
|-weather|DeltaStream|[upkeep]
|upkeep
|
|t:|1658760025
|switch|p1a: Zygarde|Zygarde|63/100
|-damage|p1a: Zygarde|57/100|[from] Stealth Rock
|turn|21
|
|t:|1658760035
|-weather|none
|switch|p2a: Espeon|Espeon, F|100/100
|-damage|p2a: Espeon|88/100|[from] Stealth Rock
|move|p1a: Zygarde|Dragon Dance|p1a: Zygarde
|-boost|p1a: Zygarde|atk|1
|-boost|p1a: Zygarde|spe|1
|
|upkeep
|turn|22
|
|t:|1658760040
|move|p1a: Zygarde|Substitute|p1a: Zygarde
|-start|p1a: Zygarde|Substitute
|-damage|p1a: Zygarde|32/100
|move|p2a: Espeon|Yawn||[still]
|-fail|p2a: Espeon
|
|-activate|p1a: Zygarde|ability: Power Construct
|detailschange|p1a: Zygarde|Zygarde-Complete
|-heal|p1a: Zygarde|58/100|[silent]
|upkeep
|turn|23
|
|t:|1658760045
|move|p1a: Zygarde|Dragon Dance|p1a: Zygarde
|-boost|p1a: Zygarde|atk|1
|-boost|p1a: Zygarde|spe|1
|move|p2a: Espeon|Psychic|p1a: Zygarde
|-crit|p1a: Zygarde
|-end|p1a: Zygarde|Substitute
|
|upkeep
|turn|24
|
|t:|1658760051
|move|p1a: Zygarde|Thousand Arrows|p2a: Espeon
|-damage|p2a: Espeon|0 fnt
|faint|p2a: Espeon
|
|upkeep
|
|t:|1658760055
|switch|p2a: Smeargle|Smeargle, M|100/100
|-damage|p2a: Smeargle|88/100|[from] Stealth Rock
|turn|25
|
|t:|1658760058
|move|p1a: Zygarde|Thousand Arrows|p2a: Smeargle
|-damage|p2a: Smeargle|0 fnt
|faint|p2a: Smeargle
|
|upkeep
|
|t:|1658760060
|switch|p2a: Rayquaza|Rayquaza-Mega|59/100
|-damage|p2a: Rayquaza|34/100|[from] Stealth Rock
|-weather|DeltaStream|[from] ability: Delta Stream|[of] p2a: Rayquaza
|turn|26
|
|t:|1658760065
|move|p1a: Zygarde|Thousand Arrows|p2a: Rayquaza
|-damage|p2a: Rayquaza|0 fnt
|faint|p2a: Rayquaza
|-weather|none
|
|win|Chemist90
|raw|Chemist90's rating: 1678 &rarr; <strong>1710</strong><br />(+32 for winning)
|raw|amnael01's rating: 1906 &rarr; <strong>1874</strong><br />(-32 for losing)
|l|☆amnael01
||Ladder isn't responding, score probably updated but might not have (Request timeout).
