|j|☆Solar power duel
|j|☆CLEAR GEM清瑜
|t:|1667105623
|gametype|singles
|player|p1|Solar power duel|leon|1640
|player|p2|CLEAR GEM清瑜|skierf|1864
|teamsize|p1|6
|teamsize|p2|6
|gen|8
|tier|[Gen 8] National Dex AG
|rated|
|rule|HP Percentage Mod: HP is shown in percentages
|rule|Endless Battle Clause: Forcing endless battles is banned
|clearpoke
|poke|p1|Ditto|
|poke|p1|Deoxys-Speed|
|poke|p1|Calyrex-Shadow|
|poke|p1|Yveltal|
|poke|p1|Zacian-*|
|poke|p1|Salamence, M|
|poke|p2|Rayquaza|
|poke|p2|Groudon|
|poke|p2|Necrozma-Dusk-Mane|
|poke|p2|Arceus-*|
|poke|p2|Zacian-*|
|poke|p2|Yveltal|
|teampreview
|inactive|Battle timer is ON: inactive players will automatically lose when time's up. (requested by Solar power duel)
|
|t:|1667105638
|start
|switch|p1a: Deoxys|Deoxys-Speed, shiny|100/100
|switch|p2a: 老烈|Rayquaza, shiny|100/100
|-ability|p1a: Deoxys|Pressure
|-ability|p2a: 老烈|Air Lock
|turn|1
|
|t:|1667105643
|detailschange|p2a: 老烈|Rayquaza-Mega, shiny
|-mega|p2a: 老烈|Rayquaza|
|-weather|DeltaStream|[from] ability: Delta Stream|[of] p2a: 老烈
|move|p1a: Deoxys|Stealth Rock|p2a: 老烈
|-sidestart|p2: CLEAR GEM清瑜|move: Stealth Rock
|move|p2a: 老烈|Scale Shot|p1a: Deoxys
|-damage|p1a: Deoxys|71/100
|-damage|p1a: Deoxys|42/100
|-hitcount|p1a: Deoxys|2
|-unboost|p2a: 老烈|def|1
|-boost|p2a: 老烈|spe|1
|-damage|p2a: 老烈|91/100|[from] item: Life Orb
|
|-weather|DeltaStream|[upkeep]
|upkeep
|turn|2
|
|t:|1667105654
|move|p2a: 老烈|Extreme Speed|p1a: Deoxys
|-damage|p1a: Deoxys|0 fnt
|faint|p1a: Deoxys
|-damage|p2a: 老烈|81/100|[from] item: Life Orb
|
|-weather|DeltaStream|[upkeep]
|upkeep
|
|t:|1667105660
|switch|p1a: Yveltal|Yveltal, shiny|100/100
|-ability|p1a: Yveltal|Dark Aura
|turn|3
|
|t:|1667105666
|move|p1a: Yveltal|Sucker Punch|p2a: 老烈
|-damage|p2a: 老烈|3/100
|-damage|p1a: Yveltal|91/100|[from] item: Life Orb
|move|p2a: 老烈|Dragon Ascent|p1a: Yveltal
|-crit|p1a: Yveltal
|-damage|p1a: Yveltal|0 fnt
|-unboost|p2a: 老烈|def|1
|-unboost|p2a: 老烈|spd|1
|faint|p1a: Yveltal
|-damage|p2a: 老烈|0 fnt|[from] item: Life Orb
|faint|p2a: 老烈
|-weather|none
|
|upkeep
|
|t:|1667105679
|switch|p1a: Calyrex|Calyrex-Shadow|100/100
|switch|p2a: 不会(?)|Groudon|100/100
|-ability|p1a: Calyrex|As One
|-ability|p1a: Calyrex|Unnerve
|-damage|p2a: 不会(?)|94/100|[from] Stealth Rock
|detailschange|p2a: 不会(?)|Groudon-Primal
|-primal|p2a: 不会(?)
|-weather|DesolateLand|[from] ability: Desolate Land|[of] p2a: 不会(?)
|turn|4
|
|t:|1667105684
|move|p1a: Calyrex|Astral Barrage|p2a: 不会(?)
|-damage|p2a: 不会(?)|21/100
|move|p2a: 不会(?)|Thunder Wave|p1a: Calyrex
|-status|p1a: Calyrex|par
|
|-weather|DesolateLand|[upkeep]
|upkeep
|turn|5
|
|t:|1667105690
|move|p1a: Calyrex|Astral Barrage|p2a: 不会(?)
|-damage|p2a: 不会(?)|0 fnt
|faint|p2a: 不会(?)
|-weather|none
|-ability|p1a: Calyrex|Grim Neigh|boost
|-boost|p1a: Calyrex|spa|1
|
|upkeep
|
|t:|1667105696
|switch|p2a: Y鸟|Yveltal|100/100
|-damage|p2a: Y鸟|76/100|[from] Stealth Rock
|-ability|p2a: Y鸟|Dark Aura
|turn|6
|
|t:|1667105702
|move|p1a: Calyrex|Astral Barrage|p2a: Y鸟
|-resisted|p2a: Y鸟
|-damage|p2a: Y鸟|27/100
|move|p2a: Y鸟|Heat Wave|p1a: Calyrex
|-damage|p1a: Calyrex|56/100 par
|-damage|p2a: Y鸟|17/100|[from] item: Life Orb
|
|upkeep
|turn|7
|
|t:|1667105708
|move|p1a: Calyrex|Astral Barrage|p2a: Y鸟
|-resisted|p2a: Y鸟
|-damage|p2a: Y鸟|0 fnt
|faint|p2a: Y鸟
|-ability|p1a: Calyrex|Grim Neigh|boost
|-boost|p1a: Calyrex|spa|1
|
|upkeep
|
|t:|1667105710
|switch|p2a: 嘉然小姐的狗|Zacian-Crowned|100/100
|-damage|p2a: 嘉然小姐的狗|94/100|[from] Stealth Rock
|-ability|p2a: 嘉然小姐的狗|Intrepid Sword|boost
|-boost|p2a: 嘉然小姐的狗|atk|1
|turn|8
|
|t:|1667105714
|move|p2a: 嘉然小姐的狗|Behemoth Blade|p1a: Calyrex
|-damage|p1a: Calyrex|0 fnt
|faint|p1a: Calyrex
|
|upkeep
|
|t:|1667105719
|switch|p1a: Ditto|Ditto, shiny|100/100
|-transform|p1a: Ditto|p2a: 嘉然小姐的狗|[from] ability: Imposter
|-ability|p1a: Ditto|Intrepid Sword|boost
|-boost|p1a: Ditto|atk|1
|turn|9
|
|t:|1667105725
|move|p2a: 嘉然小姐的狗|Behemoth Blade|p1a: Ditto
|-damage|p1a: Ditto|9/100
|move|p1a: Ditto|Behemoth Blade|p2a: 嘉然小姐的狗
|-damage|p2a: 嘉然小姐的狗|0 fnt
|faint|p2a: 嘉然小姐的狗
|
|upkeep
|
|t:|1667105732
|switch|p2a: 钢铁之躯|Necrozma-Dusk-Mane|100/100
|-damage|p2a: 钢铁之躯|94/100|[from] Stealth Rock
|turn|10
|
|t:|1667105737
|move|p1a: Ditto|Close Combat|p2a: 钢铁之躯
|-damage|p2a: 钢铁之躯|24/100
|-unboost|p1a: Ditto|def|1
|-unboost|p1a: Ditto|spd|1
|move|p2a: 钢铁之躯|Dragon Dance|p2a: 钢铁之躯
|-boost|p2a: 钢铁之躯|atk|1
|-boost|p2a: 钢铁之躯|spe|1
|
|upkeep
|turn|11
|
|t:|1667105743
|detailschange|p2a: 钢铁之躯|Necrozma-Ultra
|-burst|p2a: 钢铁之躯|Necrozma|Ultranecrozium Z
|move|p2a: 钢铁之躯|Earthquake|p1a: Ditto
|-supereffective|p1a: Ditto
|-damage|p1a: Ditto|0 fnt
|faint|p1a: Ditto
|
|upkeep
|
|t:|1667105752
|switch|p1a: Salamence|Salamence, M, shiny|100/100
|-ability|p1a: Salamence|Intimidate|boost
|-unboost|p2a: 钢铁之躯|atk|1
|turn|12
|
|t:|1667105758
|switch|p1a: Zacian|Zacian-Crowned, shiny|100/100
|-ability|p1a: Zacian|Intrepid Sword|boost
|-boost|p1a: Zacian|atk|1
|-zpower|p2a: 钢铁之躯
|move|p2a: 钢铁之躯|Light That Burns the Sky|p1a: Zacian|[zeffect]
|-resisted|p1a: Zacian
|-damage|p1a: Zacian|41/100
|
|upkeep
|turn|13
|
|t:|1667105768
|switch|p1a: Salamence|Salamence, M, shiny|100/100
|-ability|p1a: Salamence|Intimidate|boost
|-unboost|p2a: 钢铁之躯|atk|1
|move|p2a: 钢铁之躯|Earthquake|p1a: Salamence
|-immune|p1a: Salamence
|
|upkeep
|turn|14
|
|t:|1667105779
|detailschange|p1a: Salamence|Salamence-Mega, M, shiny
|-mega|p1a: Salamence|Salamence|Salamencite
|move|p2a: 钢铁之躯|Dragon Dance|p2a: 钢铁之躯
|-boost|p2a: 钢铁之躯|atk|1
|-boost|p2a: 钢铁之躯|spe|1
|move|p1a: Salamence|Dragon Dance|p1a: Salamence
|-boost|p1a: Salamence|atk|1
|-boost|p1a: Salamence|spe|1
|
|upkeep
|turn|15
|
|t:|1667105791
|move|p2a: 钢铁之躯|Stone Edge|p1a: Salamence
|-supereffective|p1a: Salamence
|-damage|p1a: Salamence|2/100
|move|p1a: Salamence|Return|p2a: 钢铁之躯
|-damage|p2a: 钢铁之躯|0 fnt
|faint|p2a: 钢铁之躯
|
|upkeep
|
|t:|1667105794
|switch|p2a: 悬空羊驼|Arceus-Flying|100/100
|-damage|p2a: 悬空羊驼|76/100|[from] Stealth Rock
|turn|16
|
|t:|1667105800
|-start|p2a: 悬空羊驼|Dynamax|
|-heal|p2a: 悬空羊驼|76/100|[silent]
|move|p1a: Salamence|Return|p2a: 悬空羊驼
|-damage|p2a: 悬空羊驼|35/100
|move|p2a: 悬空羊驼|Max Airstream|p1a: Salamence
|-damage|p1a: Salamence|0 fnt
|-boost|p2a: 悬空羊驼|spe|1
|faint|p1a: Salamence
|
|upkeep
|
|t:|1667105808
|switch|p1a: Zacian|Zacian-Crowned, shiny|41/100
|-ability|p1a: Zacian|Intrepid Sword|boost
|-boost|p1a: Zacian|atk|1
|turn|17
|
|t:|1667105812
|move|p2a: 悬空羊驼|Max Quake|p1a: Zacian
|-supereffective|p1a: Zacian
|-damage|p1a: Zacian|0 fnt
|-boost|p2a: 悬空羊驼|spd|1
|faint|p1a: Zacian
|
|win|CLEAR GEM清瑜
|raw|Solar power duel's rating: 1640 &rarr; <strong>1631</strong><br />(-9 for losing)
|raw|CLEAR GEM清瑜's rating: 1864 &rarr; <strong>1873</strong><br />(+9 for winning)
|c|☆Solar power duel|Gg
