|j|☆AznorOneLove
|j|☆Nobodi_Nowan
|t:|1667846678
|gametype|singles
|player|p1|AznorOneLove|2|1690
|player|p2|Nobodi_Nowan|akari|1961
|teamsize|p1|6
|teamsize|p2|6
|gen|8
|tier|[Gen 8] National Dex AG
|rated|
|rule|HP Percentage Mod: HP is shown in percentages
|rule|Endless Battle Clause: Forcing endless battles is banned
|clearpoke
|poke|p1|Quagsire, M|
|poke|p1|Tyranitar, M|
|poke|p1|Gengar, F|
|poke|p1|Ferrothorn, M|
|poke|p1|Quagsire, F|
|poke|p1|Rotom-Heat|
|poke|p2|Forretress, F|
|poke|p2|Arceus-*|
|poke|p2|Kyogre|
|poke|p2|Calyrex-Shadow|
|poke|p2|Zacian-*|
|poke|p2|Rayquaza|
|teampreview
|j| skonk
|c| skonk|hello there chaps
|c| skonk|lets all have fun
|c|☆Nobodi_Nowan|glhf
|c|☆AznorOneLove|good luck
|
|t:|1667846702
|start
|switch|p1a: Gengar|Gengar, F|100/100
|switch|p2a: Kyogre|Kyogre|100/100
|detailschange|p2a: Kyogre|Kyogre-Primal
|-primal|p2a: Kyogre
|-weather|PrimordialSea|[from] ability: Primordial Sea|[of] p2a: Kyogre
|turn|1
|
|t:|1667846709
|detailschange|p1a: Gengar|Gengar-Mega, F
|-mega|p1a: Gengar|Gengar|Gengarite
|move|p1a: Gengar|Substitute|p1a: Gengar
|-start|p1a: Gengar|Substitute
|-damage|p1a: Gengar|76/100
|move|p2a: Kyogre|Water Spout|p1a: Gengar
|-end|p1a: Gengar|Substitute
|
|-weather|PrimordialSea|[upkeep]
|upkeep
|turn|2
|
|t:|1667846715
|switch|p1a: Quagsire|Quagsire, M|100/100
|move|p2a: Kyogre|Ice Beam|p1a: Quagsire
|-damage|p1a: Quagsire|47/100
|
|-weather|PrimordialSea|[upkeep]
|-heal|p1a: Quagsire|53/100|[from] item: Leftovers
|upkeep
|turn|3
|
|t:|1667846724
|switch|p1a: Ferrothorn|Ferrothorn, M|100/100
|move|p2a: Kyogre|Water Spout|p1a: Ferrothorn
|-resisted|p1a: Ferrothorn
|-damage|p1a: Ferrothorn|57/100
|
|-weather|PrimordialSea|[upkeep]
|-heal|p1a: Ferrothorn|63/100|[from] item: Leftovers
|upkeep
|turn|4
|
|t:|1667846731
|move|p1a: Ferrothorn|Protect|p1a: Ferrothorn
|-singleturn|p1a: Ferrothorn|Protect
|move|p2a: Kyogre|Water Spout|p1a: Ferrothorn
|-activate|p1a: Ferrothorn|move: Protect
|
|-weather|PrimordialSea|[upkeep]
|-heal|p1a: Ferrothorn|69/100|[from] item: Leftovers
|upkeep
|turn|5
|
|t:|1667846739
|move|p2a: Kyogre|Water Spout|p1a: Ferrothorn
|-resisted|p1a: Ferrothorn
|-damage|p1a: Ferrothorn|24/100
|move|p1a: Ferrothorn|Leech Seed|p2a: Kyogre
|-start|p2a: Kyogre|move: Leech Seed
|
|-weather|PrimordialSea|[upkeep]
|-heal|p1a: Ferrothorn|30/100|[from] item: Leftovers
|-damage|p2a: Kyogre|88/100|[from] Leech Seed|[of] p1a: Ferrothorn
|-heal|p1a: Ferrothorn|42/100|[silent]
|upkeep
|turn|6
|
|t:|1667846747
|-weather|none
|switch|p2a: Rayquaza|Rayquaza|100/100
|-ability|p2a: Rayquaza|Air Lock
|move|p1a: Ferrothorn|Protect||[still]
|-fail|p1a: Ferrothorn
|
|-heal|p1a: Ferrothorn|48/100|[from] item: Leftovers
|upkeep
|turn|7
|
|t:|1667846755
|switch|p1a: Quagsire|Quagsire, F|100/100
|detailschange|p2a: Rayquaza|Rayquaza-Mega
|-mega|p2a: Rayquaza|Rayquaza|
|-weather|DeltaStream|[from] ability: Delta Stream|[of] p2a: Rayquaza
|move|p2a: Rayquaza|Dragon Ascent|p1a: Quagsire
|-damage|p1a: Quagsire|41/100
|-unboost|p2a: Rayquaza|def|1
|-unboost|p2a: Rayquaza|spd|1
|
|-weather|DeltaStream|[upkeep]
|-heal|p1a: Quagsire|47/100|[from] item: Leftovers
|upkeep
|turn|8
|
|t:|1667846766
|switch|p1a: Tyranitar|Tyranitar, M|100/100
|-ability|p1a: Tyranitar|Sand Stream|[from] deltastream|[fail]
|move|p2a: Rayquaza|Dragon Ascent|p1a: Tyranitar
|-resisted|p1a: Tyranitar
|-damage|p1a: Tyranitar|77/100
|-unboost|p2a: Rayquaza|def|1
|-unboost|p2a: Rayquaza|spd|1
|
|-weather|DeltaStream|[upkeep]
|-heal|p1a: Tyranitar|83/100|[from] item: Leftovers
|upkeep
|turn|9
|
|t:|1667846776
|move|p2a: Rayquaza|Surf|p1a: Tyranitar
|-supereffective|p1a: Tyranitar
|-damage|p1a: Tyranitar|22/100
|move|p1a: Tyranitar|Pursuit|p2a: Rayquaza
|-damage|p2a: Rayquaza|66/100
|
|-weather|DeltaStream|[upkeep]
|-heal|p1a: Tyranitar|28/100|[from] item: Leftovers
|upkeep
|turn|10
|
|t:|1667846783
|switch|p1a: Quagsire|Quagsire, F|47/100
|move|p2a: Rayquaza|Surf|p1a: Quagsire
|-damage|p1a: Quagsire|7/100
|
|-weather|DeltaStream|[upkeep]
|-heal|p1a: Quagsire|13/100|[from] item: Leftovers
|upkeep
|turn|11
|
|t:|1667846789
|switch|p1a: Quagsire|Quagsire, M|53/100
|move|p2a: Rayquaza|Surf|p1a: Quagsire
|-heal|p1a: Quagsire|78/100|[from] ability: Water Absorb|[of] p2a: Rayquaza
|
|-weather|DeltaStream|[upkeep]
|-heal|p1a: Quagsire|84/100|[from] item: Leftovers
|upkeep
|turn|12
|
|t:|1667846796
|move|p2a: Rayquaza|Dragon Ascent|p1a: Quagsire
|-damage|p1a: Quagsire|19/100
|-unboost|p2a: Rayquaza|def|1
|-unboost|p2a: Rayquaza|spd|1
|move|p1a: Quagsire|Counter|p2a: Rayquaza
|-damage|p2a: Rayquaza|0 fnt
|faint|p2a: Rayquaza
|-weather|none
|
|-heal|p1a: Quagsire|25/100|[from] item: Leftovers
|upkeep
|
|t:|1667846805
|switch|p2a: Calyrex|Calyrex-Shadow|100/100
|-ability|p2a: Calyrex|As One
|-ability|p2a: Calyrex|Unnerve
|turn|13
|
|t:|1667846810
|switch|p1a: Tyranitar|Tyranitar, M|28/100
|-weather|Sandstorm|[from] ability: Sand Stream|[of] p1a: Tyranitar
|move|p2a: Calyrex|Astral Barrage|p1a: Tyranitar
|-resisted|p1a: Tyranitar
|-damage|p1a: Tyranitar|8/100
|
|-weather|Sandstorm|[upkeep]
|-damage|p2a: Calyrex|94/100|[from] Sandstorm
|-heal|p1a: Tyranitar|14/100|[from] item: Leftovers
|upkeep
|turn|14
|
|t:|1667846822
|-start|p2a: Calyrex|Dynamax|
|-heal|p2a: Calyrex|94/100|[silent]
|-start|p1a: Tyranitar|Dynamax|
|-heal|p1a: Tyranitar|14/100|[silent]
|move|p2a: Calyrex|Max Starfall|p1a: Tyranitar
|-supereffective|p1a: Tyranitar
|-damage|p1a: Tyranitar|0 fnt
|-fieldstart|move: Misty Terrain
|faint|p1a: Tyranitar
|-ability|p2a: Calyrex|Grim Neigh|boost
|-boost|p2a: Calyrex|spa|1
|
|-weather|Sandstorm|[upkeep]
|-damage|p2a: Calyrex|91/100|[from] Sandstorm
|upkeep
|
|t:|1667846827
|switch|p1a: Ferrothorn|Ferrothorn, M|48/100
|turn|15
|c|☆AznorOneLove|gg
|c|☆Nobodi_Nowan|gg
|
|t:|1667846836
|move|p2a: Calyrex|Max Phantasm|p1a: Ferrothorn
|-damage|p1a: Ferrothorn|0 fnt
|faint|p1a: Ferrothorn
|-ability|p2a: Calyrex|Grim Neigh|boost
|-boost|p2a: Calyrex|spa|1
|
|-weather|Sandstorm|[upkeep]
|-damage|p2a: Calyrex|88/100|[from] Sandstorm
|upkeep
|
|t:|1667846838
|switch|p1a: Rotom|Rotom-Heat|100/100
|turn|16
|
|t:|1667846847
|move|p2a: Calyrex|Max Phantasm|p1a: Rotom
|-damage|p1a: Rotom|0 fnt
|faint|p1a: Rotom
|-ability|p2a: Calyrex|Grim Neigh|boost
|-boost|p2a: Calyrex|spa|1
|
|-weather|Sandstorm|[upkeep]
|-damage|p2a: Calyrex|85/100|[from] Sandstorm
|upkeep
|
|t:|1667846850
|switch|p1a: Quagsire|Quagsire, M|25/100
|-end|p2a: Calyrex|Dynamax
|-heal|p2a: Calyrex|85/100|[silent]
|turn|17
|
|t:|1667846858
|move|p2a: Calyrex|Astral Barrage|p1a: Quagsire
|-damage|p1a: Quagsire|0 fnt
|faint|p1a: Quagsire
|-ability|p2a: Calyrex|Grim Neigh|boost
|-boost|p2a: Calyrex|spa|1
|
|-weather|none
|upkeep
|
|t:|1667846860
|switch|p1a: Quagsire|Quagsire, F|13/100
|turn|18
|
|t:|1667846866
|move|p2a: Calyrex|Astral Barrage|p1a: Quagsire
|-damage|p1a: Quagsire|0 fnt
|faint|p1a: Quagsire
|-ability|p2a: Calyrex|Grim Neigh|boost
|-boost|p2a: Calyrex|spa|1
|
|-fieldend|Misty Terrain
|upkeep
|
|t:|1667846867
|switch|p1a: Gengar|Gengar-Mega, F|76/100
|turn|19
|
|t:|1667846874
|move|p2a: Calyrex|Astral Barrage|p1a: Gengar
|-supereffective|p1a: Gengar
|-damage|p1a: Gengar|0 fnt
|faint|p1a: Gengar
|
|win|Nobodi_Nowan
|raw|AznorOneLove's rating: 1690 &rarr; <strong>1683</strong><br />(-7 for losing)
|raw|Nobodi_Nowan's rating: 1961 &rarr; <strong>1968</strong><br />(+7 for winning)
|l|☆AznorOneLove
|l|☆Nobodi_Nowan
