|j|☆alwaysrinse
|j|☆Mak the ZekLord
|t:|1621726062
|gametype|singles
|player|p1|alwaysrinse|265|1767
|player|p2|Mak the ZekLord|ash-hoenn|1892
|teamsize|p1|6
|teamsize|p2|6
|gen|8
|tier|[Gen 8] National Dex AG
|rated|
|rule|HP Percentage Mod: HP is shown in percentages
|rule|Endless Battle Clause: Forcing endless battles is banned
|clearpoke
|poke|p1|Quagsire, M|
|poke|p1|Chansey, F|
|poke|p1|Tyranitar, M|
|poke|p1|Lugia|
|poke|p1|Sableye, F|
|poke|p1|Giratina|
|poke|p2|Yveltal|
|poke|p2|Necrozma-Dusk-Mane|
|poke|p2|Groudon|
|poke|p2|Calyrex-Ice|
|poke|p2|Rayquaza|
|poke|p2|Kyogre|
|teampreview
|inactive|Battle timer is ON: inactive players will automatically lose when time's up. (requested by Mak the ZekLord)
|c|☆Mak the ZekLord|XD
|
|t:|1621726079
|start
|switch|p1a: Sableye|Sableye, F|100/100
|switch|p2a: Groudon|Groudon|100/100
|detailschange|p2a: Groudon|Groudon-Primal
|-primal|p2a: Groudon
|-weather|DesolateLand|[from] ability: Desolate Land|[of] p2a: Groudon
|turn|1
|
|t:|1621726091
|detailschange|p1a: Sableye|Sableye-Mega, F
|-mega|p1a: Sableye|Sableye|Sablenite
|move|p1a: Sableye|Fake Out|p2a: Groudon
|-damage|p2a: Groudon|95/100
|cant|p2a: Groudon|flinch
|
|-weather|DesolateLand|[upkeep]
|upkeep
|turn|2
|
|t:|1621726097
|switch|p1a: Lugia|Lugia|100/100
|move|p2a: Groudon|Precipice Blades|p1a: Lugia
|-immune|p1a: Lugia
|
|-weather|DesolateLand|[upkeep]
|upkeep
|turn|3
|
|t:|1621726102
|move|p2a: Groudon|Thunder Wave|p1a: Lugia|[miss]
|-miss|p2a: Groudon|p1a: Lugia
|move|p1a: Lugia|Toxic|p2a: Groudon
|-status|p2a: Groudon|tox
|
|-weather|DesolateLand|[upkeep]
|-damage|p2a: Groudon|89/100 tox|[from] psn
|upkeep
|turn|4
|
|t:|1621726106
|switch|p1a: Giratina|Giratina|100/100
|-ability|p1a: Giratina|Pressure
|move|p2a: Groudon|Rock Tomb|p1a: Giratina
|-damage|p1a: Giratina|89/100
|-unboost|p1a: Giratina|spe|1
|
|-weather|DesolateLand|[upkeep]
|-heal|p1a: Giratina|95/100|[from] item: Leftovers
|-damage|p2a: Groudon|77/100 tox|[from] psn
|upkeep
|turn|5
|
|t:|1621726115
|move|p2a: Groudon|Thunder Wave|p1a: Giratina
|-status|p1a: Giratina|par
|cant|p1a: Giratina|par
|
|-weather|DesolateLand|[upkeep]
|-heal|p1a: Giratina|100/100 par|[from] item: Leftovers
|-damage|p2a: Groudon|58/100 tox|[from] psn
|upkeep
|turn|6
|
|t:|1621726124
|move|p2a: Groudon|Stealth Rock|p1a: Giratina
|-sidestart|p1: alwaysrinse|move: Stealth Rock
|cant|p1a: Giratina|par
|
|-weather|DesolateLand|[upkeep]
|-damage|p2a: Groudon|33/100 tox|[from] psn
|upkeep
|turn|7
|
|t:|1621726127
|move|p2a: Groudon|Precipice Blades|p1a: Giratina
|-damage|p1a: Giratina|63/100 par
|move|p1a: Giratina|Defog|p2a: Groudon
|-unboost|p2a: Groudon|evasion|1
|-sideend|p1: alwaysrinse|Stealth Rock|[from] move: Defog|[of] p1a: Giratina
|
|-weather|DesolateLand|[upkeep]
|-heal|p1a: Giratina|69/100 par|[from] item: Leftovers
|-damage|p2a: Groudon|2/100 tox|[from] psn
|upkeep
|turn|8
|
|t:|1621726131
|move|p2a: Groudon|Precipice Blades|p1a: Giratina|[miss]
|-miss|p2a: Groudon|p1a: Giratina
|cant|p1a: Giratina|par
|
|-weather|DesolateLand|[upkeep]
|-heal|p1a: Giratina|76/100 par|[from] item: Leftovers
|-damage|p2a: Groudon|0 fnt|[from] psn
|faint|p2a: Groudon
|-weather|none
|upkeep
|
|t:|1621726137
|switch|p2a: Rayquaza|Rayquaza|100/100
|-ability|p2a: Rayquaza|Air Lock
|turn|9
|
|t:|1621726141
|detailschange|p2a: Rayquaza|Rayquaza-Mega
|-mega|p2a: Rayquaza|Rayquaza|
|-weather|DeltaStream|[from] ability: Delta Stream|[of] p2a: Rayquaza
|move|p2a: Rayquaza|Scale Shot|p1a: Giratina
|-supereffective|p1a: Giratina
|-damage|p1a: Giratina|54/100 par
|-supereffective|p1a: Giratina
|-damage|p1a: Giratina|35/100 par
|-supereffective|p1a: Giratina
|-damage|p1a: Giratina|16/100 par
|-hitcount|p1a: Giratina|3
|-unboost|p2a: Rayquaza|def|1
|-boost|p2a: Rayquaza|spe|1
|-damage|p2a: Rayquaza|91/100|[from] item: Life Orb
|move|p1a: Giratina|Will-O-Wisp|p2a: Rayquaza
|-status|p2a: Rayquaza|brn
|
|-weather|DeltaStream|[upkeep]
|-heal|p1a: Giratina|22/100 par|[from] item: Leftovers
|-damage|p2a: Rayquaza|85/100 brn|[from] brn
|upkeep
|turn|10
|j| Jefff 369421
|
|t:|1621726158
|move|p2a: Rayquaza|Scale Shot|p1a: Giratina
|-supereffective|p1a: Giratina
|-damage|p1a: Giratina|13/100 par
|-supereffective|p1a: Giratina
|-damage|p1a: Giratina|3/100 par
|-supereffective|p1a: Giratina
|-damage|p1a: Giratina|0 fnt
|faint|p1a: Giratina
|-hitcount|p1: Giratina|3
|-unboost|p2a: Rayquaza|def|1
|-boost|p2a: Rayquaza|spe|1
|-damage|p2a: Rayquaza|75/100 brn|[from] item: Life Orb
|
|-weather|DeltaStream|[upkeep]
|-damage|p2a: Rayquaza|69/100 brn|[from] brn
|upkeep
|inactive|alwaysrinse has 120 seconds left.
|
|t:|1621726197
|switch|p1a: Sableye|Sableye-Mega, F|100/100
|turn|11
|
|t:|1621726212
|move|p1a: Sableye|Fake Out|p2a: Rayquaza
|-damage|p2a: Rayquaza|54/100 brn
|cant|p2a: Rayquaza|flinch
|
|-weather|DeltaStream|[upkeep]
|-damage|p2a: Rayquaza|48/100 brn|[from] brn
|upkeep
|turn|12
|
|t:|1621726216
|move|p2a: Rayquaza|Scale Shot|p1a: Sableye
|-damage|p1a: Sableye|93/100
|-damage|p1a: Sableye|86/100
|-damage|p1a: Sableye|78/100
|-hitcount|p1a: Sableye|3
|-unboost|p2a: Rayquaza|def|1
|-boost|p2a: Rayquaza|spe|1
|-damage|p2a: Rayquaza|38/100 brn|[from] item: Life Orb
|move|p1a: Sableye|Foul Play|p2a: Rayquaza
|-damage|p2a: Rayquaza|0 fnt
|faint|p2a: Rayquaza
|-weather|none
|
|upkeep
|j| Master of Pyroars
|
|t:|1621726225
|switch|p2a: Kyogre|Kyogre|100/100
|detailschange|p2a: Kyogre|Kyogre-Primal
|-primal|p2a: Kyogre
|-weather|PrimordialSea|[from] ability: Primordial Sea|[of] p2a: Kyogre
|turn|13
|
|t:|1621726243
|switch|p1a: Chansey|Chansey, F|100/100
|move|p2a: Kyogre|Calm Mind|p2a: Kyogre
|-boost|p2a: Kyogre|spa|1
|-boost|p2a: Kyogre|spd|1
|
|-weather|PrimordialSea|[upkeep]
|upkeep
|turn|14
|
|t:|1621726247
|move|p2a: Kyogre|Thunder|p1a: Chansey
|-damage|p1a: Chansey|80/100
|-status|p1a: Chansey|par
|move|p1a: Chansey|Confide|p2a: Kyogre
|-unboost|p2a: Kyogre|spa|1
|
|-weather|PrimordialSea|[upkeep]
|upkeep
|turn|15
|
|t:|1621726253
|move|p2a: Kyogre|Calm Mind|p2a: Kyogre
|-boost|p2a: Kyogre|spa|1
|-boost|p2a: Kyogre|spd|1
|move|p1a: Chansey|Toxic|p2a: Kyogre
|-status|p2a: Kyogre|tox
|
|-weather|PrimordialSea|[upkeep]
|-damage|p2a: Kyogre|94/100 tox|[from] psn
|upkeep
|turn|16
|
|t:|1621726259
|move|p2a: Kyogre|Origin Pulse|p1a: Chansey
|-damage|p1a: Chansey|34/100 par
|move|p1a: Chansey|Confide|p2a: Kyogre
|-unboost|p2a: Kyogre|spa|1
|
|-weather|PrimordialSea|[upkeep]
|-damage|p2a: Kyogre|82/100 tox|[from] psn
|upkeep
|turn|17
|
|t:|1621726264
|move|p2a: Kyogre|Calm Mind|p2a: Kyogre
|-boost|p2a: Kyogre|spa|1
|-boost|p2a: Kyogre|spd|1
|move|p1a: Chansey|Soft-Boiled|p1a: Chansey
|-heal|p1a: Chansey|84/100 par
|
|-weather|PrimordialSea|[upkeep]
|-damage|p2a: Kyogre|63/100 tox|[from] psn
|upkeep
|turn|18
|
|t:|1621726271
|move|p2a: Kyogre|Origin Pulse|p1a: Chansey
|-damage|p1a: Chansey|38/100 par
|cant|p1a: Chansey|par
|
|-weather|PrimordialSea|[upkeep]
|-damage|p2a: Kyogre|39/100 tox|[from] psn
|upkeep
|turn|19
|
|t:|1621726278
|move|p2a: Kyogre|Origin Pulse|p1a: Chansey|[miss]
|-miss|p2a: Kyogre|p1a: Chansey
|move|p1a: Chansey|Soft-Boiled|p1a: Chansey
|-heal|p1a: Chansey|88/100 par
|
|-weather|PrimordialSea|[upkeep]
|-damage|p2a: Kyogre|8/100 tox|[from] psn
|upkeep
|turn|20
|
|t:|1621726283
|move|p2a: Kyogre|Origin Pulse|p1a: Chansey
|-damage|p1a: Chansey|41/100 par
|move|p1a: Chansey|Soft-Boiled|p1a: Chansey
|-heal|p1a: Chansey|91/100 par
|
|-weather|PrimordialSea|[upkeep]
|-damage|p2a: Kyogre|0 fnt|[from] psn
|faint|p2a: Kyogre
|-weather|none
|upkeep
|c|☆alwaysrinse|chans does its job
|
|t:|1621726296
|switch|p2a: Calyrex|Calyrex-Ice|100/100
|-ability|p2a: Calyrex|As One
|-ability|p2a: Calyrex|Unnerve
|turn|21
|
|t:|1621726304
|switch|p1a: Lugia|Lugia|100/100
|move|p2a: Calyrex|Glacial Lance|p1a: Lugia
|-supereffective|p1a: Lugia
|-damage|p1a: Lugia|60/100
|
|upkeep
|turn|22
|
|t:|1621726308
|move|p1a: Lugia|Toxic|p2a: Calyrex
|-status|p2a: Calyrex|tox
|move|p2a: Calyrex|Glacial Lance|p1a: Lugia
|-supereffective|p1a: Lugia
|-damage|p1a: Lugia|0 fnt
|faint|p1a: Lugia
|-ability|p2a: Calyrex|Chilling Neigh|boost
|-boost|p2a: Calyrex|atk|1
|
|-damage|p2a: Calyrex|94/100 tox|[from] psn
|upkeep
|
|t:|1621726313
|switch|p1a: Quagsire|Quagsire, M|100/100
|turn|23
|c| Master of Pyroars|Ooh! Ice horse
|
|t:|1621726319
|-start|p1a: Quagsire|Dynamax
|-heal|p1a: Quagsire|100/100|[silent]
|move|p2a: Calyrex|Glacial Lance|p1a: Quagsire
|-damage|p1a: Quagsire|68/100
|move|p1a: Quagsire|Max Quake|p2a: Calyrex
|-damage|p2a: Calyrex|73/100 tox
|-boost|p1a: Quagsire|spd|1
|
|-heal|p1a: Quagsire|71/100|[from] item: Leftovers
|-damage|p2a: Calyrex|61/100 tox|[from] psn
|upkeep
|turn|24
|c| Master of Pyroars|Times to rip
|
|t:|1621726331
|move|p2a: Calyrex|Glacial Lance|p1a: Quagsire
|-damage|p1a: Quagsire|41/100
|move|p1a: Quagsire|Max Quake|p2a: Calyrex
|-damage|p2a: Calyrex|39/100 tox
|-boost|p1a: Quagsire|spd|1
|
|-heal|p1a: Quagsire|44/100|[from] item: Leftovers
|-damage|p2a: Calyrex|20/100 tox|[from] psn
|upkeep
|turn|25
|c|☆Mak the ZekLord|Yelp
|
|t:|1621726342
|move|p1a: Quagsire|Max Guard|p1a: Quagsire
|-singleturn|p1a: Quagsire|Max Guard
|move|p2a: Calyrex|Glacial Lance|p1a: Quagsire
|-activate|p1a: Quagsire|move: Max Guard
|
|-heal|p1a: Quagsire|47/100|[from] item: Leftovers
|-damage|p2a: Calyrex|0 fnt|[from] psn
|faint|p2a: Calyrex
|-end|p1a: Quagsire|Dynamax
|-heal|p1a: Quagsire|47/100|[silent]
|upkeep
|c|☆Mak the ZekLord|I have another secret weapon XD
|c|☆alwaysrinse|quag the god
|
|t:|1621726366
|switch|p2a: Yveltal|Yveltal|100/100
|-ability|p2a: Yveltal|Dark Aura
|turn|26
|
|t:|1621726372
|-start|p2a: Yveltal|Dynamax
|-heal|p2a: Yveltal|100/100|[silent]
|move|p2a: Yveltal|Max Airstream|p1a: Quagsire
|-damage|p1a: Quagsire|0 fnt
|-boost|p2a: Yveltal|spe|1
|faint|p1a: Quagsire
|-damage|p2a: Yveltal|96/100|[from] item: Life Orb
|
|upkeep
|
|t:|1621726380
|switch|p1a: Sableye|Sableye-Mega, F|78/100
|turn|27
|c|☆Mak the ZekLord|"god"
|
|t:|1621726386
|switch|p1a: Tyranitar|Tyranitar, M|100/100
|-weather|Sandstorm|[from] ability: Sand Stream|[of] p1a: Tyranitar
|move|p2a: Yveltal|Max Airstream|p1a: Tyranitar
|-resisted|p1a: Tyranitar
|-damage|p1a: Tyranitar|80/100
|-boost|p2a: Yveltal|spe|1
|-damage|p2a: Yveltal|91/100|[from] item: Life Orb
|
|-weather|Sandstorm|[upkeep]
|-damage|p2a: Yveltal|88/100|[from] Sandstorm
|-heal|p1a: Tyranitar|86/100|[from] item: Leftovers
|upkeep
|turn|28
|c| Master of Pyroars|Caly ice set is trash
|c| Master of Pyroars|Seed bomber go home
|
|t:|1621726400
|switch|p1a: Chansey|Chansey, F|91/100
|move|p2a: Yveltal|Max Knuckle|p1a: Chansey
|-supereffective|p1a: Chansey
|-damage|p1a: Chansey|67/100
|-boost|p2a: Yveltal|atk|1
|-damage|p2a: Yveltal|83/100|[from] item: Life Orb
|
|-weather|Sandstorm|[upkeep]
|-damage|p2a: Yveltal|80/100|[from] Sandstorm
|-damage|p1a: Chansey|61/100|[from] Sandstorm
|-end|p2a: Yveltal|Dynamax
|-heal|p2a: Yveltal|80/100|[silent]
|upkeep
|turn|29
|c| Master of Pyroars|Bomb or
|c| Jefff 369421|lol
|c| Jefff 369421|you lost my battle
|c| Jefff 369421|to timer
|
|t:|1621726407
|move|p2a: Yveltal|Knock Off|p1a: Chansey
|-damage|p1a: Chansey|0 fnt
|-enditem|p1a: Chansey|Eviolite|[from] move: Knock Off|[of] p2a: Yveltal
|faint|p1a: Chansey
|-damage|p2a: Yveltal|70/100|[from] item: Life Orb
|
|-weather|Sandstorm|[upkeep]
|-damage|p2a: Yveltal|64/100|[from] Sandstorm
|upkeep
|
|t:|1621726410
|switch|p1a: Sableye|Sableye-Mega, F|78/100
|turn|30
|
|t:|1621726413
|move|p2a: Yveltal|Oblivion Wing|p1a: Sableye
|-damage|p1a: Sableye|21/100
|-heal|p2a: Yveltal|97/100|[from] drain|[of] p1a: Sableye
|-damage|p2a: Yveltal|87/100|[from] item: Life Orb
|move|p1a: Sableye|Will-O-Wisp|p2a: Yveltal
|-status|p2a: Yveltal|brn
|
|-weather|Sandstorm|[upkeep]
|-damage|p2a: Yveltal|81/100 brn|[from] Sandstorm
|-damage|p1a: Sableye|14/100|[from] Sandstorm
|-damage|p2a: Yveltal|75/100 brn|[from] brn
|upkeep
|turn|31
|c|☆Mak the ZekLord|Lol
|c| Master of Pyroars|You didn't lose to timer I don't think
|c|☆Mak the ZekLord|Not here
|c| Jefff 369421|I was in another battle
|inactive|alwaysrinse has 120 seconds left.
|
|t:|1621726445
|move|p2a: Yveltal|Oblivion Wing|p1a: Sableye
|-damage|p1a: Sableye|0 fnt
|-heal|p2a: Yveltal|83/100 brn|[from] drain|[of] p1a: Sableye
|faint|p1a: Sableye
|-damage|p2a: Yveltal|73/100 brn|[from] item: Life Orb
|
|-weather|none
|-damage|p2a: Yveltal|67/100 brn|[from] brn
|upkeep
|c| Jefff 369421|with mak
|
|t:|1621726448
|switch|p1a: Tyranitar|Tyranitar, M|86/100
|-weather|Sandstorm|[from] ability: Sand Stream|[of] p1a: Tyranitar
|turn|32
|c| Master of Pyroars|Oh
|c| Jefff 369421|and he was the one who turned it on lol
|c|☆Mak the ZekLord|XD
|c|☆Mak the ZekLord|I'm that dumb ig
|inactive|Mak the ZekLord has 120 seconds left.
|c| Master of Pyroars|Question, why did you bring out tyranitar now instead of when it first d-maxed
|c|☆Mak the ZekLord|Well ttar
|
|t:|1621726485
|move|p2a: Yveltal|Focus Blast|p1a: Tyranitar
|-supereffective|p1a: Tyranitar
|-damage|p1a: Tyranitar|0 fnt
|faint|p1a: Tyranitar
|-damage|p2a: Yveltal|57/100 brn|[from] item: Life Orb
|
|win|Mak the ZekLord
|raw|alwaysrinse's rating: 1767 &rarr; <strong>1753</strong><br />(-14 for losing)
|raw|Mak the ZekLord's rating: 1866 &rarr; <strong>1880</strong><br />(+14 for winning)
|c|☆alwaysrinse|I was scared of max steelspike
|c|☆Mak the ZekLord|><
|c|☆alwaysrinse|what is this
|c|☆alwaysrinse|owing
|c|☆alwaysrinse|dpulse
|c|☆alwaysrinse|knock
|c|☆alwaysrinse|focus?
|c|☆alwaysrinse|focus + knock is a funny combination
|c|☆alwaysrinse|dyna focus boosting knock
|l|☆alwaysrinse
|c|☆Mak the ZekLord|Max knuckle
|c| Master of Pyroars|Yikes
|c|☆Mak the ZekLord|Boost the attach of knock off
|c| Jefff 369421|makaii
|c|☆Mak the ZekLord|Yeah?
|c| Jefff 369421|so you a stall slayer
|c| Jefff 369421|but not a semi stall slayer when you lose to timer
|c| Master of Pyroars|I am, I don't know if he is
|c|☆Mak the ZekLord|Lol
|c| Jefff 369421|I have 6-0d stell lion with the team I used on you
|c| Master of Pyroars|Who
|c|☆Mak the ZekLord|Damn, I'm close
|c| Jefff 369421|stell lion
|c|☆Mak the ZekLord|I 5-0 d him
|c|☆Mak the ZekLord|Damn
|c|☆Mak the ZekLord|Two days ago
|c| Jefff 369421|by the calyrex
|c| Jefff 369421|just the calyrex
|c| Master of Pyroars|I run seed bomb just for quagsire
|c| Master of Pyroars|With leech seed, works wonders
|c|☆Mak the ZekLord|Too bad defensive ndm exist
|c| Jefff 369421|https://replay.pokemonshowdown.com/gen8nationaldexag-1343855571-ptorddrm5d9itp3wyqrxbv7m6bhb1mopw
|c|☆Mak the ZekLord|I can't stand that set
|c| Master of Pyroars|That's what leetseat is for
|c|☆Mak the ZekLord|:D
|c| Master of Pyroars|Bleach seed
|c|☆Mak the ZekLord|XD
|c| Master of Pyroars|Screw it
|c| Master of Pyroars|I don't have the patience for typing failures
|c| Jefff 369421|the new team I made with the ho-oh is weak to ho-oh
|c| Master of Pyroars|Lol
|c| Jefff 369421|https://replay.pokemonshowdown.com/gen8nationaldexag-1344559691-nfokt72eswv9xkz9nzmkile5s0x8ia0pw
|c| Jefff 369421|more free elo
|c| Master of Pyroars|Oof
|c|☆Mak the ZekLord|Funny thing is, he's in the 2000's I think, calling him free elo
|c|☆Mak the ZekLord|Now I sound like an idiot
|c|☆Mak the ZekLord|Anyways cya
