|j|☆IamHrrimann
|j|☆SStevenB
|t:|1631082929
|gametype|singles
|player|p1|IamHrrimann|265|1489
|player|p2|SStevenB|unknown|1733
|teamsize|p1|6
|teamsize|p2|6
|gen|8
|tier|[Gen 8] National Dex AG
|rated|
|rule|HP Percentage Mod: HP is shown in percentages
|rule|Endless Battle Clause: Forcing endless battles is banned
|clearpoke
|poke|p1|Ferrothorn, M|
|poke|p1|Klefki, F|
|poke|p1|Necrozma-Dusk-Mane|
|poke|p1|Lucario, F|
|poke|p1|Zacian-*|
|poke|p1|Dialga|
|poke|p2|Zacian-*|
|poke|p2|Groudon|
|poke|p2|Rayquaza|
|poke|p2|Ditto|
|poke|p2|Xerneas-*|
|poke|p2|Lugia|
|teampreview
|inactive|Battle timer is ON: inactive players will automatically lose when time's up. (requested by IamHrrimann)
|inactive|SStevenB has 120 seconds left.
|
|t:|1631082983
|start
|switch|p1a: Klefki|Klefki, F|100/100
|switch|p2a: Groudon|Groudon|100/100
|detailschange|p2a: Groudon|Groudon-Primal
|-primal|p2a: Groudon
|-weather|DesolateLand|[from] ability: Desolate Land|[of] p2a: Groudon
|turn|1
|
|t:|1631083001
|move|p1a: Klefki|Reflect|p1a: Klefki
|-sidestart|p1: IamHrrimann|Reflect
|move|p2a: Groudon|Precipice Blades|p1a: Klefki
|-supereffective|p1a: Klefki
|-damage|p1a: Klefki|48/100
|
|-weather|DesolateLand|[upkeep]
|upkeep
|turn|2
|
|t:|1631083008
|move|p1a: Klefki|Light Screen|p1a: Klefki
|-sidestart|p1: IamHrrimann|move: Light Screen
|move|p2a: Groudon|Precipice Blades|p1a: Klefki
|-supereffective|p1a: Klefki
|-damage|p1a: Klefki|0 fnt
|faint|p1a: Klefki
|
|-weather|DesolateLand|[upkeep]
|upkeep
|
|t:|1631083015
|switch|p1a: Necrozma|Necrozma-Dusk-Mane|100/100
|turn|3
|
|t:|1631083024
|-start|p1a: Necrozma|Dynamax
|-heal|p1a: Necrozma|100/100|[silent]
|move|p1a: Necrozma|Max Mindstorm|p2a: Groudon
|-damage|p2a: Groudon|62/100
|-fieldstart|move: Psychic Terrain
|move|p2a: Groudon|Roar|p1a: Necrozma
|-block|p1a: Necrozma|Dynamax
|
|-weather|DesolateLand|[upkeep]
|upkeep
|turn|4
|
|t:|1631083040
|move|p1a: Necrozma|Max Mindstorm|p2a: Groudon
|-damage|p2a: Groudon|10/100
|move|p2a: Groudon|Stealth Rock|p1a: Necrozma
|-sidestart|p1: IamHrrimann|move: Stealth Rock
|
|-weather|DesolateLand|[upkeep]
|upkeep
|turn|5
|
|t:|1631083050
|move|p1a: Necrozma|Max Steelspike|p2a: Groudon
|-resisted|p2a: Groudon
|-damage|p2a: Groudon|0 fnt
|-boost|p1a: Necrozma|def|1
|faint|p2a: Groudon
|-weather|none
|
|-end|p1a: Necrozma|Dynamax
|-heal|p1a: Necrozma|100/100|[silent]
|upkeep
|
|t:|1631083057
|switch|p2a: Rayquaza|Rayquaza|100/100
|-ability|p2a: Rayquaza|Air Lock
|turn|6
|
|t:|1631083064
|detailschange|p2a: Rayquaza|Rayquaza-Mega
|-mega|p2a: Rayquaza|Rayquaza|
|-weather|DeltaStream|[from] ability: Delta Stream|[of] p2a: Rayquaza
|move|p2a: Rayquaza|Fire Blast|p1a: Necrozma|[miss]
|-miss|p2a: Rayquaza|p1a: Necrozma
|move|p1a: Necrozma|Dragon Dance|p1a: Necrozma
|-boost|p1a: Necrozma|atk|1
|-boost|p1a: Necrozma|spe|1
|
|-weather|DeltaStream|[upkeep]
|upkeep
|turn|7
|
|t:|1631083081
|-weather|none
|switch|p2a: Lugia|Lugia|100/100
|move|p1a: Necrozma|Photon Geyser|p2a: Lugia
|-resisted|p2a: Lugia
|-damage|p2a: Lugia|67/100
|
|-fieldend|move: Psychic Terrain
|upkeep
|turn|8
|
|t:|1631083093
|move|p1a: Necrozma|Sunsteel Strike|p2a: Lugia
|-damage|p2a: Lugia|20/100
|move|p2a: Lugia|Defog|p1a: Necrozma
|-unboost|p1a: Necrozma|evasion|1
|-sideend|p1: IamHrrimann|Reflect
|-sideend|p1: IamHrrimann|move: Light Screen
|-sideend|p1: IamHrrimann|Stealth Rock|[from] move: Defog|[of] p2a: Lugia
|
|upkeep
|turn|9
|inactive|SStevenB has 120 seconds left.
|
|t:|1631083131
|move|p1a: Necrozma|Dragon Dance|p1a: Necrozma
|-boost|p1a: Necrozma|atk|1
|-boost|p1a: Necrozma|spe|1
|move|p2a: Lugia|Roost|p2a: Lugia
|-heal|p2a: Lugia|70/100
|-singleturn|p2a: Lugia|move: Roost
|
|upkeep
|turn|10
|
|t:|1631083140
|move|p1a: Necrozma|Sunsteel Strike|p2a: Lugia
|-damage|p2a: Lugia|0 fnt
|faint|p2a: Lugia
|
|upkeep
|
|t:|1631083146
|switch|p2a: Ditto|Ditto|100/100
|-transform|p2a: Ditto|p1a: Necrozma|[from] ability: Imposter
|turn|11
|
|t:|1631083155
|move|p2a: Ditto|Dragon Dance|p2a: Ditto
|-boost|p2a: Ditto|atk|1
|-boost|p2a: Ditto|spe|1
|move|p1a: Necrozma|Earthquake|p2a: Ditto
|-supereffective|p2a: Ditto
|-damage|p2a: Ditto|29/100
|
|upkeep
|turn|12
|
|t:|1631083171
|-start|p2a: Ditto|Dynamax
|-heal|p2a: Ditto|29/100|[silent]
|move|p2a: Ditto|Max Quake|p1a: Necrozma
|-supereffective|p1a: Necrozma
|-damage|p1a: Necrozma|0 fnt
|-boost|p2a: Ditto|spd|1
|faint|p1a: Necrozma
|
|upkeep
|
|t:|1631083184
|switch|p1a: Ferrothorn|Ferrothorn, M, shiny|100/100
|turn|13
|
|t:|1631083192
|move|p1a: Ferrothorn|Protect|p1a: Ferrothorn
|-singleturn|p1a: Ferrothorn|Protect
|move|p2a: Ditto|Max Quake|p1a: Ferrothorn
|-zbroken|p1a: Ferrothorn
|-damage|p1a: Ferrothorn|83/100
|-boost|p2a: Ditto|spd|1
|
|upkeep
|turn|14
|
|t:|1631083201
|move|p2a: Ditto|Max Quake|p1a: Ferrothorn
|-damage|p1a: Ferrothorn|4/100
|-boost|p2a: Ditto|spd|1
|move|p1a: Ferrothorn|Leech Seed|p2a: Ditto
|-start|p2a: Ditto|move: Leech Seed
|
|-damage|p2a: Ditto|22/100|[from] Leech Seed|[of] p1a: Ferrothorn
|-heal|p1a: Ferrothorn|15/100|[silent]
|-end|p2a: Ditto|Dynamax
|-heal|p2a: Ditto|22/100|[silent]
|upkeep
|turn|15
|
|t:|1631083214
|switch|p2a: Zacian|Zacian-Crowned|100/100
|-ability|p2a: Zacian|Intrepid Sword|boost
|-boost|p2a: Zacian|atk|1
|move|p1a: Ferrothorn|Leech Seed|p2a: Zacian
|-start|p2a: Zacian|move: Leech Seed
|
|-damage|p2a: Zacian|88/100|[from] Leech Seed|[of] p1a: Ferrothorn
|-heal|p1a: Ferrothorn|26/100|[silent]
|upkeep
|turn|16
|
|t:|1631083226
|move|p1a: Ferrothorn|Protect|p1a: Ferrothorn
|-singleturn|p1a: Ferrothorn|Protect
|move|p2a: Zacian|Sacred Sword|p1a: Ferrothorn
|-activate|p1a: Ferrothorn|move: Protect
|
|-damage|p2a: Zacian|76/100|[from] Leech Seed|[of] p1a: Ferrothorn
|-heal|p1a: Ferrothorn|38/100|[silent]
|upkeep
|turn|17
|
|t:|1631083239
|move|p1a: Ferrothorn|Protect||[still]
|-fail|p1a: Ferrothorn
|move|p2a: Zacian|Sacred Sword|p1a: Ferrothorn
|-supereffective|p1a: Ferrothorn
|-damage|p1a: Ferrothorn|0 fnt
|-damage|p2a: Zacian|64/100|[from] ability: Iron Barbs|[of] p1a: Ferrothorn
|-damage|p2a: Zacian|47/100|[from] item: Rocky Helmet|[of] p1a: Ferrothorn
|faint|p1a: Ferrothorn
|
|upkeep
|
|t:|1631083254
|switch|p1a: Zacian|Zacian-Crowned|100/100
|-ability|p1a: Zacian|Intrepid Sword|boost
|-boost|p1a: Zacian|atk|1
|turn|18
|
|t:|1631083261
|move|p2a: Zacian|Behemoth Blade|p1a: Zacian
|-damage|p1a: Zacian|4/100
|move|p1a: Zacian|Behemoth Blade|p2a: Zacian
|-damage|p2a: Zacian|0 fnt
|faint|p2a: Zacian
|
|upkeep
|
|t:|1631083264
|switch|p2a: Ditto|Ditto|22/100
|-transform|p2a: Ditto|p1a: Zacian|[from] ability: Imposter
|-ability|p2a: Ditto|Intrepid Sword|boost
|-boost|p2a: Ditto|atk|1
|turn|19
|
|t:|1631083288
|move|p2a: Ditto|Close Combat|p1a: Zacian
|-damage|p1a: Zacian|0 fnt
|-unboost|p2a: Ditto|def|1
|-unboost|p2a: Ditto|spd|1
|faint|p1a: Zacian
|
|upkeep
|
|t:|1631083295
|switch|p1a: Lucario|Lucario, F, shiny|100/100
|turn|20
|
|t:|1631083299
|detailschange|p1a: Lucario|Lucario-Mega, F, shiny
|-mega|p1a: Lucario|Lucario|Lucarionite
|move|p1a: Lucario|Bullet Punch|p2a: Ditto
|-damage|p2a: Ditto|0 fnt
|faint|p2a: Ditto
|
|upkeep
|
|t:|1631083305
|switch|p2a: Rayquaza|Rayquaza-Mega|100/100
|-weather|DeltaStream|[from] ability: Delta Stream|[of] p2a: Rayquaza
|turn|21
|
|t:|1631083316
|switch|p1a: Dialga|Dialga|100/100
|-ability|p1a: Dialga|Pressure
|move|p2a: Rayquaza|Fire Blast|p1a: Dialga
|-damage|p1a: Dialga|35/100
|-damage|p2a: Rayquaza|91/100|[from] item: Life Orb
|
|-weather|DeltaStream|[upkeep]
|upkeep
|turn|22
|
|t:|1631083327
|move|p2a: Rayquaza|Fire Blast|p1a: Dialga
|-damage|p1a: Dialga|0 fnt
|faint|p1a: Dialga
|-damage|p2a: Rayquaza|81/100|[from] item: Life Orb
|
|-weather|DeltaStream|[upkeep]
|upkeep
|
|t:|1631083335
|switch|p1a: Lucario|Lucario-Mega, F, shiny|100/100
|turn|23
|
|t:|1631083342
|move|p2a: Rayquaza|Fire Blast|p1a: Lucario|[miss]
|-miss|p2a: Rayquaza|p1a: Lucario
|move|p1a: Lucario|Meteor Mash|p2a: Rayquaza
|-damage|p2a: Rayquaza|6/100
|-boost|p1a: Lucario|atk|1
|
|-weather|DeltaStream|[upkeep]
|upkeep
|turn|24
|
|t:|1631083351
|move|p1a: Lucario|Bullet Punch|p2a: Rayquaza
|-damage|p2a: Rayquaza|0 fnt
|faint|p2a: Rayquaza
|-weather|none
|
|upkeep
|
|t:|1631083354
|switch|p2a: Xerneas|Xerneas|100/100
|-ability|p2a: Xerneas|Fairy Aura
|turn|25
|
|t:|1631083361
|move|p1a: Lucario|Meteor Mash|p2a: Xerneas
|-supereffective|p2a: Xerneas
|-damage|p2a: Xerneas|0 fnt
|faint|p2a: Xerneas
|
|win|IamHrrimann
|raw|IamHrrimann's rating: 1489 &rarr; <strong>1521</strong><br />(+32 for winning)
|raw|SStevenB's rating: 1733 &rarr; <strong>1701</strong><br />(-32 for losing)
|c|☆SStevenB|wow
|c|☆SStevenB|theres no way
|c|☆SStevenB|that i missed
|c|☆SStevenB|and u got
|c|☆SStevenB|power raise
|c|☆SStevenB|lo
|c|☆SStevenB|gg
|l|☆SStevenB
|c|☆IamHrrimann|Lol
|c|☆IamHrrimann|Gg
