|j|☆AlliedPompano_Ez
|j|☆Wyss
|t:|1626265930
|gametype|singles
|player|p1|AlliedPompano_Ez|169|1457
|player|p2|Wyss|pokemaniac|1460
|teamsize|p1|6
|teamsize|p2|6
|gen|8
|tier|[Gen 8] National Dex AG
|rated|
|rule|HP Percentage Mod: HP is shown in percentages
|rule|Endless Battle Clause: Forcing endless battles is banned
|clearpoke
|poke|p1|Vivillon-Fancy, M|
|poke|p1|Xerneas-*|
|poke|p1|Ditto|
|poke|p1|Rayquaza|
|poke|p1|Groudon|
|poke|p1|Deoxys-Attack|
|poke|p2|Lopunny, F|
|poke|p2|Groudon|
|poke|p2|Arceus-*|
|poke|p2|Ho-Oh|
|poke|p2|Necrozma-Dusk-Mane|
|poke|p2|Marshadow|
|teampreview
|inactive|Battle timer is ON: inactive players will automatically lose when time's up. (requested by Wyss)
|inactive|AlliedPompano_Ez has 120 seconds left.
|j| Keepsyrence
|
|t:|1626265978
|start
|switch|p1a: Deoxys|Deoxys-Attack, shiny|100/100
|switch|p2a: Lopunny|Lopunny, F, shiny|100/100
|-ability|p1a: Deoxys|Pressure
|turn|1
|c|☆AlliedPompano_Ez|Дарова попуск
|
|t:|1626265987
|detailschange|p2a: Lopunny|Lopunny-Mega, F, shiny
|-mega|p2a: Lopunny|Lopunny|Lopunnite
|move|p2a: Lopunny|Fake Out|p1a: Deoxys
|-enditem|p1a: Deoxys|Focus Sash
|-damage|p1a: Deoxys|1/100
|cant|p1a: Deoxys|flinch
|
|upkeep
|turn|2
|c|☆AlliedPompano_Ez|блять она быстрее будет
|c|☆AlliedPompano_Ez|надо было тимид
|c|☆AlliedPompano_Ez|блять ну
|
|t:|1626265997
|switch|p2a: Ho-Oh|Ho-Oh|100/100
|move|p1a: Deoxys|Stealth Rock|p2a: Ho-Oh
|-sidestart|p2: Wyss|move: Stealth Rock
|
|upkeep
|turn|3
|c|☆AlliedPompano_Ez|а нет
|c|☆AlliedPompano_Ez|он мамбет
|c| Keepsyrence|Если я не путаю, это чел с бд
|c|☆AlliedPompano_Ez|ХАХАХАХАХАХАХХАХА
|c|☆AlliedPompano_Ez|во еблан
|c|☆AlliedPompano_Ez|хм
|c|☆AlliedPompano_Ez|чо делать
|c|☆AlliedPompano_Ez|может психо буст
|c|☆AlliedPompano_Ez|блять
|inactive|AlliedPompano_Ez has 120 seconds left.
|c|☆AlliedPompano_Ez|таунт либо психо буст
|
|t:|1626266041
|move|p1a: Deoxys|Psycho Boost|p2a: Ho-Oh
|-damage|p2a: Ho-Oh|58/100
|-unboost|p1a: Deoxys|spa|2
|move|p2a: Ho-Oh|Sacred Fire|p1a: Deoxys
|-damage|p1a: Deoxys|0 fnt
|faint|p1a: Deoxys
|
|upkeep
|
|t:|1626266057
|switch|p1a: Rayquaza|Rayquaza, shiny|100/100
|-ability|p1a: Rayquaza|Air Lock
|turn|4
|inactive|Wyss has 120 seconds left.
|
|t:|1626266091
|switch|p2a: Arceus|Arceus-Fairy|100/100
|-damage|p2a: Arceus|88/100|[from] Stealth Rock
|detailschange|p1a: Rayquaza|Rayquaza-Mega, shiny
|-mega|p1a: Rayquaza|Rayquaza|
|-weather|DeltaStream|[from] ability: Delta Stream|[of] p1a: Rayquaza
|move|p1a: Rayquaza|Dragon Dance|p1a: Rayquaza
|-boost|p1a: Rayquaza|atk|1
|-boost|p1a: Rayquaza|spe|1
|
|-weather|DeltaStream|[upkeep]
|upkeep
|turn|5
|c|☆AlliedPompano_Ez|александр призрак лохъ
|inactive|Wyss has 120 seconds left.
|
|t:|1626266114
|-start|p2a: Arceus|Dynamax
|-heal|p2a: Arceus|88/100|[silent]
|move|p1a: Rayquaza|Earthquake|p2a: Arceus
|-damage|p2a: Arceus|71/100
|move|p2a: Arceus|Max Starfall|p1a: Rayquaza
|-supereffective|p1a: Rayquaza
|-enditem|p1a: Rayquaza|Focus Sash
|-damage|p1a: Rayquaza|1/100
|-fieldstart|move: Misty Terrain
|
|-weather|DeltaStream|[upkeep]
|upkeep
|turn|6
|c|☆AlliedPompano_Ez|блять
|c|☆AlliedPompano_Ez|он физ танк
|c|☆AlliedPompano_Ez|блять ну блять
|inactive|Wyss has 120 seconds left.
|
|t:|1626266134
|move|p1a: Rayquaza|Extreme Speed|p2a: Arceus
|-damage|p2a: Arceus|59/100
|move|p2a: Arceus|Max Starfall|p1a: Rayquaza
|-supereffective|p1a: Rayquaza
|-damage|p1a: Rayquaza|0 fnt
|faint|p1a: Rayquaza
|-weather|none
|
|upkeep
|
|t:|1626266143
|switch|p1a: Vivillon|Vivillon-Fancy, M|100/100
|turn|7
|
|t:|1626266146
|move|p1a: Vivillon|Sleep Powder|p2a: Arceus
|-activate|p2a: Arceus|move: Misty Terrain
|move|p2a: Arceus|Max Starfall|p1a: Vivillon
|-damage|p1a: Vivillon|0 fnt
|faint|p1a: Vivillon
|
|-end|p2a: Arceus|Dynamax
|-heal|p2a: Arceus|59/100|[silent]
|upkeep
|
|t:|1626266154
|switch|p1a: Groudon|Groudon, shiny|100/100
|detailschange|p1a: Groudon|Groudon-Primal, shiny
|-primal|p1a: Groudon
|-weather|DesolateLand|[from] ability: Desolate Land|[of] p1a: Groudon
|turn|8
|
|t:|1626266159
|move|p1a: Groudon|Rock Polish|p1a: Groudon
|-boost|p1a: Groudon|spe|2
|move|p2a: Arceus|Defog|p1a: Groudon
|-unboost|p1a: Groudon|evasion|1
|-sideend|p2: Wyss|Stealth Rock|[from] move: Defog|[of] p2a: Arceus
|-fieldend|Misty Terrain
|
|-weather|DesolateLand|[upkeep]
|upkeep
|turn|9
|
|t:|1626266166
|move|p1a: Groudon|Swords Dance|p1a: Groudon
|-boost|p1a: Groudon|atk|2
|move|p2a: Arceus|Toxic|p1a: Groudon
|-status|p1a: Groudon|tox
|
|-weather|DesolateLand|[upkeep]
|-damage|p1a: Groudon|94/100 tox|[from] psn
|upkeep
|turn|10
|inactive|AlliedPompano_Ez has 120 seconds left.
|
|t:|1626266173
|move|p1a: Groudon|Fire Punch|p2a: Arceus
|-crit|p2a: Arceus
|-damage|p2a: Arceus|0 fnt
|faint|p2a: Arceus
|
|-weather|DesolateLand|[upkeep]
|-damage|p1a: Groudon|82/100 tox|[from] psn
|upkeep
|
|t:|1626266176
|switch|p2a: Marshadow|Marshadow|100/100
|turn|11
|
|t:|1626266180
|move|p1a: Groudon|Fire Punch|p2a: Marshadow
|-enditem|p2a: Marshadow|Focus Sash
|-damage|p2a: Marshadow|1/100
|move|p2a: Marshadow|Spectral Thief||[still]
|-clearpositiveboost|p1a: Groudon|p2a: Marshadow|move: Spectral Thief
|-boost|p2a: Marshadow|atk|2
|-boost|p2a: Marshadow|spe|2
|-anim|p2a: Marshadow|Spectral Thief|p1a: Groudon
|-damage|p1a: Groudon|16/100 tox
|
|-weather|DesolateLand|[upkeep]
|-damage|p1a: Groudon|0 fnt|[from] psn
|faint|p1a: Groudon
|-weather|none
|upkeep
|
|t:|1626266199
|switch|p1a: Ditto|Ditto, shiny|100/100
|-transform|p1a: Ditto|p2a: Marshadow|[from] ability: Imposter
|turn|12
|inactive|AlliedPompano_Ez has 120 seconds left.
|inactive|AlliedPompano_Ez has 90 seconds left.
|c|☆AlliedPompano_Ez|блять
|inactive|AlliedPompano_Ez has 60 seconds left.
|
|t:|1626266275
|move|p1a: Ditto|Shadow Sneak|p2a: Marshadow
|-supereffective|p2a: Marshadow
|-damage|p2a: Marshadow|0 fnt
|faint|p2a: Marshadow
|
|upkeep
|
|t:|1626266281
|switch|p2a: Lopunny|Lopunny-Mega, F, shiny|100/100
|turn|13
|j| gsahd
|
|t:|1626266290
|-start|p1a: Ditto|Dynamax
|-heal|p1a: Ditto|100/100|[silent]
|move|p2a: Lopunny|Fake Out|p1a: Ditto
|-damage|p1a: Ditto|86/100
|move|p1a: Ditto|Max Knuckle|p2a: Lopunny
|-supereffective|p2a: Lopunny
|-damage|p2a: Lopunny|0 fnt
|-boost|p1a: Ditto|atk|1
|faint|p2a: Lopunny
|
|upkeep
|c|☆AlliedPompano_Ez|ehhh
|
|t:|1626266301
|switch|p2a: Groudon|Groudon|100/100
|detailschange|p2a: Groudon|Groudon-Primal
|-primal|p2a: Groudon
|-weather|DesolateLand|[from] ability: Desolate Land|[of] p2a: Groudon
|turn|14
|c| Keepsyrence|123
|
|t:|1626266312
|move|p1a: Ditto|Max Knuckle|p2a: Groudon
|-damage|p2a: Groudon|31/100
|-boost|p1a: Ditto|atk|1
|move|p2a: Groudon|Precipice Blades|p1a: Ditto
|-damage|p1a: Ditto|41/100
|
|-weather|DesolateLand|[upkeep]
|upkeep
|turn|15
|c|☆AlliedPompano_Ez|ты былаа самой лучшеей
|c|☆AlliedPompano_Ez|девочкой в школе
|
|t:|1626266322
|move|p1a: Ditto|Max Knuckle|p2a: Groudon
|-damage|p2a: Groudon|0 fnt
|-boost|p1a: Ditto|atk|1
|faint|p2a: Groudon
|-weather|none
|
|-end|p1a: Ditto|Dynamax
|-heal|p1a: Ditto|41/100|[silent]
|upkeep
|
|t:|1626266328
|switch|p2a: Ho-Oh|Ho-Oh|92/100
|turn|16
|
|t:|1626266332
|move|p1a: Ditto|Shadow Sneak|p2a: Ho-Oh
|-damage|p2a: Ho-Oh|0 fnt
|faint|p2a: Ho-Oh
|
|upkeep
|
|t:|1626266335
|switch|p2a: Necrozma|Necrozma-Dusk-Mane|100/100
|turn|17
|
|t:|1626266338
|move|p1a: Ditto|Shadow Sneak|p2a: Necrozma
|-supereffective|p2a: Necrozma
|-damage|p2a: Necrozma|12/100
|-damage|p1a: Ditto|25/100|[from] item: Rocky Helmet|[of] p2a: Necrozma
|move|p2a: Necrozma|Knock Off|p1a: Ditto
|-damage|p1a: Ditto|0 fnt
|-enditem|p1a: Ditto|Choice Scarf|[from] move: Knock Off|[of] p2a: Necrozma
|faint|p1a: Ditto
|
|upkeep
|
|t:|1626266346
|switch|p1a: Xerneas|Xerneas, shiny|100/100
|-ability|p1a: Xerneas|Fairy Aura
|turn|18
|c|☆AlliedPompano_Ez|о я вин палучаица
|
|t:|1626266351
|move|p1a: Xerneas|Hidden Power|p2a: Necrozma
|-supereffective|p2a: Necrozma
|-damage|p2a: Necrozma|0 fnt
|faint|p2a: Necrozma
|
|win|AlliedPompano_Ez
|raw|AlliedPompano_Ez's rating: 1457 &rarr; <strong>1477</strong><br />(+20 for winning)
|raw|Wyss's rating: 1460 &rarr; <strong>1440</strong><br />(-20 for losing)
|l|☆Wyss
|l|☆AlliedPompano_Ez
|j|☆Wyss
|player|p2|Wyss|pokemaniac
|inactive|Battle timer is ON: inactive players will automatically lose when time's up. (requested by Wyss)
