|j|☆My cat casper
|j|☆i feel stabby
|t:|1635279430
|gametype|singles
|player|p1|My cat casper|265|1563
|player|p2|i feel stabby|bellelba|1530
|teamsize|p1|6
|teamsize|p2|6
|gen|8
|tier|[Gen 8] National Dex AG
|rated|
|rule|HP Percentage Mod: HP is shown in percentages
|rule|Endless Battle Clause: Forcing endless battles is banned
|clearpoke
|poke|p1|Yveltal|
|poke|p1|Groudon|
|poke|p1|Shuckle, L1, F|
|poke|p1|Kyurem-White|
|poke|p1|Zacian-*|
|poke|p1|Calyrex-Shadow|
|poke|p2|Zacian-*|
|poke|p2|Rayquaza|
|poke|p2|Necrozma-Dusk-Mane|
|poke|p2|Yveltal|
|poke|p2|Zygarde|
|poke|p2|Ho-Oh|
|teampreview
|inactive|Battle timer is ON: inactive players will automatically lose when time's up. (requested by My cat casper)
|j| NoLackluster
|l| NoLackluster
|
|t:|1635279455
|start
|switch|p1a: Shuckle|Shuckle, L1, F|100/100
|switch|p2a: Yveltal|Yveltal|100/100
|-ability|p2a: Yveltal|Dark Aura
|turn|1
|
|t:|1635279459
|move|p2a: Yveltal|Taunt|p1a: Shuckle
|-start|p1a: Shuckle|move: Taunt
|cant|p1a: Shuckle|move: Taunt|Stealth Rock
|
|upkeep
|turn|2
|
|t:|1635279469
|switch|p1a: Kyurem|Kyurem-White|100/100
|-ability|p1a: Kyurem|Turboblaze
|move|p2a: Yveltal|Knock Off|p1a: Kyurem
|-damage|p1a: Kyurem|42/100
|-enditem|p1a: Kyurem|Choice Scarf|[from] move: Knock Off|[of] p2a: Yveltal
|
|upkeep
|turn|3
|
|t:|1635279488
|switch|p2a: Ho-Oh|Ho-Oh|100/100
|move|p1a: Kyurem|Ice Beam|p2a: Ho-Oh
|-damage|p2a: Ho-Oh|71/100
|
|upkeep
|turn|4
|
|t:|1635279493
|move|p1a: Kyurem|Ancient Power|p2a: Ho-Oh
|-supereffective|p2a: Ho-Oh
|-damage|p2a: Ho-Oh|20/100
|move|p2a: Ho-Oh|Sacred Fire|p1a: Kyurem
|-damage|p1a: Kyurem|2/100
|
|upkeep
|turn|5
|
|t:|1635279512
|switch|p2a: Zacian|Zacian-Crowned|100/100
|-ability|p2a: Zacian|Intrepid Sword|boost
|-boost|p2a: Zacian|atk|1
|move|p1a: Kyurem|Ancient Power|p2a: Zacian
|-resisted|p2a: Zacian
|-damage|p2a: Zacian|89/100
|
|upkeep
|turn|6
|
|t:|1635279526
|move|p2a: Zacian|Substitute|p2a: Zacian
|-start|p2a: Zacian|Substitute
|-damage|p2a: Zacian|64/100
|move|p1a: Kyurem|Fusion Flare|p2a: Zacian
|-supereffective|p2a: Zacian
|-end|p2a: Zacian|Substitute
|
|upkeep
|turn|7
|
|t:|1635279531
|move|p2a: Zacian|Behemoth Blade|p1a: Kyurem
|-supereffective|p1a: Kyurem
|-damage|p1a: Kyurem|0 fnt
|faint|p1a: Kyurem
|
|upkeep
|
|t:|1635279537
|switch|p1a: Shuckle|Shuckle, L1, F|100/100
|turn|8
|
|t:|1635279557
|move|p2a: Zacian|Behemoth Blade|p1a: Shuckle
|-supereffective|p1a: Shuckle
|-ability|p1a: Shuckle|Sturdy
|-damage|p1a: Shuckle|9/100
|-enditem|p1a: Shuckle|Berry Juice
|-heal|p1a: Shuckle|100/100|[from] item: Berry Juice
|move|p1a: Shuckle|Sticky Web|p2a: Zacian
|-sidestart|p2: i feel stabby|move: Sticky Web
|
|upkeep
|turn|9
|
|t:|1635279564
|switch|p2a: Ho-Oh|Ho-Oh|53/100
|move|p1a: Shuckle|Stealth Rock|p2a: Ho-Oh
|-sidestart|p2: i feel stabby|move: Stealth Rock
|
|upkeep
|turn|10
|
|t:|1635279572
|move|p2a: Ho-Oh|Defog|p1a: Shuckle
|-unboost|p1a: Shuckle|evasion|1
|-sideend|p2: i feel stabby|Stealth Rock|[from] move: Defog|[of] p2a: Ho-Oh
|-sideend|p2: i feel stabby|Sticky Web|[from] move: Defog|[of] p2a: Ho-Oh
|move|p1a: Shuckle|Toxic|p2a: Ho-Oh
|-status|p2a: Ho-Oh|tox
|
|-damage|p2a: Ho-Oh|47/100 tox|[from] psn
|upkeep
|turn|11
|
|t:|1635279578
|switch|p2a: Yveltal|Yveltal|100/100
|-ability|p2a: Yveltal|Dark Aura
|move|p1a: Shuckle|Stealth Rock|p2a: Yveltal
|-sidestart|p2: i feel stabby|move: Stealth Rock
|
|upkeep
|turn|12
|
|t:|1635279589
|switch|p1a: Zacian|Zacian-Crowned|100/100
|-ability|p1a: Zacian|Intrepid Sword|boost
|-boost|p1a: Zacian|atk|1
|move|p2a: Yveltal|U-turn|p1a: Zacian
|-resisted|p1a: Zacian
|-damage|p1a: Zacian|96/100
|
|t:|1635279592
|switch|p2a: Necrozma|Necrozma-Dusk-Mane|100/100|[from]move: U-turn
|-damage|p2a: Necrozma|94/100|[from] Stealth Rock
|
|upkeep
|turn|13
|
|t:|1635279597
|move|p1a: Zacian|Substitute|p1a: Zacian
|-start|p1a: Zacian|Substitute
|-damage|p1a: Zacian|71/100
|move|p2a: Necrozma|Sunsteel Strike|p1a: Zacian
|-end|p1a: Zacian|Substitute
|
|upkeep
|turn|14
|
|t:|1635279609
|switch|p1a: Shuckle|Shuckle, L1, F|100/100
|move|p2a: Necrozma|Stealth Rock|p1a: Shuckle
|-sidestart|p1: My cat casper|move: Stealth Rock
|
|upkeep
|turn|15
|
|t:|1635279615
|switch|p2a: Yveltal|Yveltal|100/100
|-ability|p2a: Yveltal|Dark Aura
|move|p1a: Shuckle|Sticky Web|p2a: Yveltal
|-sidestart|p2: i feel stabby|move: Sticky Web
|
|upkeep
|turn|16
|
|t:|1635279622
|move|p2a: Yveltal|U-turn|p1a: Shuckle
|-ability|p1a: Shuckle|Sturdy
|-damage|p1a: Shuckle|9/100
|
|t:|1635279629
|switch|p2a: Ho-Oh|Ho-Oh|80/100 tox|[from]move: U-turn
|move|p1a: Shuckle|Toxic|p2a: Ho-Oh
|-fail|p2a: Ho-Oh|tox
|
|-damage|p2a: Ho-Oh|74/100 tox|[from] psn
|upkeep
|turn|17
|
|t:|1635279639
|move|p1a: Shuckle|Sticky Web||[still]
|-fail|p1a: Shuckle
|move|p2a: Ho-Oh|Whirlwind|p1a: Shuckle
|drag|p1a: Zacian|Zacian-Crowned|71/100
|-damage|p1a: Zacian|65/100|[from] Stealth Rock
|-ability|p1a: Zacian|Intrepid Sword|boost
|-boost|p1a: Zacian|atk|1
|
|-damage|p2a: Ho-Oh|62/100 tox|[from] psn
|upkeep
|turn|18
|
|t:|1635279650
|move|p1a: Zacian|Play Rough|p2a: Ho-Oh
|-resisted|p2a: Ho-Oh
|-damage|p2a: Ho-Oh|36/100 tox
|move|p2a: Ho-Oh|Sacred Fire|p1a: Zacian
|-supereffective|p1a: Zacian
|-damage|p1a: Zacian|0 fnt
|faint|p1a: Zacian
|
|-damage|p2a: Ho-Oh|18/100 tox|[from] psn
|upkeep
|
|t:|1635279661
|switch|p1a: Calyrex|Calyrex-Shadow|100/100
|-ability|p1a: Calyrex|As One
|-ability|p1a: Calyrex|Unnerve
|-damage|p1a: Calyrex|88/100|[from] Stealth Rock
|turn|19
|
|t:|1635279671
|switch|p2a: Yveltal|Yveltal|100/100
|-ability|p2a: Yveltal|Dark Aura
|move|p1a: Calyrex|Astral Barrage|p2a: Yveltal
|-resisted|p2a: Yveltal
|-damage|p2a: Yveltal|79/100
|
|upkeep
|turn|20
|
|t:|1635279683
|switch|p1a: Shuckle|Shuckle, L1, F|9/100
|-damage|p1a: Shuckle|0 fnt|[from] Stealth Rock
|faint|p1a: Shuckle
|move|p2a: Yveltal|U-turn|p1: Shuckle|[notarget]
|-fail|p2a: Yveltal
|
|upkeep
|
|t:|1635279686
|switch|p1a: Groudon|Groudon|100/100
|-damage|p1a: Groudon|94/100|[from] Stealth Rock
|detailschange|p1a: Groudon|Groudon-Primal
|-primal|p1a: Groudon
|-weather|DesolateLand|[from] ability: Desolate Land|[of] p1a: Groudon
|turn|21
|
|t:|1635279692
|switch|p2a: Ho-Oh|Ho-Oh|51/100 tox
|move|p1a: Groudon|Substitute|p1a: Groudon
|-start|p1a: Groudon|Substitute
|-damage|p1a: Groudon|69/100
|
|-weather|DesolateLand|[upkeep]
|-damage|p2a: Ho-Oh|45/100 tox|[from] psn
|upkeep
|turn|22
|
|t:|1635279698
|move|p1a: Groudon|Fire Punch|p2a: Ho-Oh
|-resisted|p2a: Ho-Oh
|-damage|p2a: Ho-Oh|22/100 tox
|move|p2a: Ho-Oh|Whirlwind|p1a: Groudon
|-weather|none
|drag|p1a: Calyrex|Calyrex-Shadow|88/100
|-ability|p1a: Calyrex|As One
|-ability|p1a: Calyrex|Unnerve
|-damage|p1a: Calyrex|76/100|[from] Stealth Rock
|
|-damage|p2a: Ho-Oh|10/100 tox|[from] psn
|upkeep
|turn|23
|
|t:|1635279704
|switch|p2a: Yveltal|Yveltal|79/100
|-ability|p2a: Yveltal|Dark Aura
|move|p1a: Calyrex|Astral Barrage|p2a: Yveltal
|-resisted|p2a: Yveltal
|-damage|p2a: Yveltal|59/100
|
|upkeep
|turn|24
|
|t:|1635279725
|move|p1a: Calyrex|Protect|p1a: Calyrex
|-singleturn|p1a: Calyrex|Protect
|move|p2a: Yveltal|Roost|p2a: Yveltal
|-heal|p2a: Yveltal|100/100
|-singleturn|p2a: Yveltal|move: Roost
|
|upkeep
|turn|25
|-message|My cat casper forfeited.
|
|win|i feel stabby
|raw|My cat casper's rating: 1563 &rarr; <strong>1541</strong><br />(-22 for losing)
|raw|i feel stabby's rating: 1530 &rarr; <strong>1552</strong><br />(+22 for winning)
|l|☆My cat casper
||Ladder isn't responding, score probably updated but might not have (Request timeout).
