|j|☆johann295
|j|☆Purrglar
|t:|1657626521
|gametype|singles
|player|p1|johann295|volkner|1461
|player|p2|Purrglar|petrel|1405
|teamsize|p1|6
|teamsize|p2|6
|gen|8
|tier|[Gen 8] National Dex AG
|rated|
|rule|HP Percentage Mod: HP is shown in percentages
|rule|Endless Battle Clause: Forcing endless battles is banned
|clearpoke
|poke|p1|Rayquaza|
|poke|p1|Zacian-*|
|poke|p1|Kyogre|
|poke|p1|Ferrothorn, M|
|poke|p1|Marshadow|
|poke|p1|Calyrex-Shadow|
|poke|p2|Pelipper, M|
|poke|p2|Seismitoad, F|
|poke|p2|Arceus-*|
|poke|p2|Barraskewda, F|
|poke|p2|Cloyster, M|
|poke|p2|Blastoise, F|
|teampreview
|inactive|Battle timer is ON: inactive players will automatically lose when time's up. (requested by Purrglar)
|inactive|johann295 also wants the timer to be on.
|
|t:|1657626534
|start
|switch|p1a: Ferrothorn|Ferrothorn, M|100/100
|switch|p2a: Pelipper|Pelipper, M|100/100
|-weather|RainDance|[from] ability: Drizzle|[of] p2a: Pelipper
|turn|1
|
|t:|1657626542
|move|p2a: Pelipper|Hurricane|p1a: Ferrothorn
|-damage|p1a: Ferrothorn|61/100
|-start|p1a: Ferrothorn|confusion
|-activate|p1a: Ferrothorn|confusion
|-damage|p1a: Ferrothorn|57/100|[from] confusion
|
|-weather|RainDance|[upkeep]
|upkeep
|turn|2
|
|t:|1657626551
|switch|p2a: Cloyster|Cloyster, M|100/100
|-activate|p1a: Ferrothorn|confusion
|-damage|p1a: Ferrothorn|53/100|[from] confusion
|
|-weather|RainDance|[upkeep]
|upkeep
|turn|3
|
|t:|1657626558
|switch|p1a: Zacian|Zacian-Crowned|100/100
|-ability|p1a: Zacian|Intrepid Sword|boost
|-boost|p1a: Zacian|atk|1
|move|p2a: Cloyster|Shell Smash|p2a: Cloyster
|-unboost|p2a: Cloyster|def|1
|-unboost|p2a: Cloyster|spd|1
|-boost|p2a: Cloyster|atk|2
|-boost|p2a: Cloyster|spa|2
|-boost|p2a: Cloyster|spe|2
|
|-weather|RainDance|[upkeep]
|upkeep
|turn|4
|
|t:|1657626572
|move|p2a: Cloyster|Icicle Spear|p1a: Zacian
|-resisted|p1a: Zacian
|-damage|p1a: Zacian|90/100
|-resisted|p1a: Zacian
|-damage|p1a: Zacian|80/100
|-resisted|p1a: Zacian
|-damage|p1a: Zacian|69/100
|-resisted|p1a: Zacian
|-damage|p1a: Zacian|59/100
|-resisted|p1a: Zacian
|-damage|p1a: Zacian|48/100
|-hitcount|p1a: Zacian|5
|move|p1a: Zacian|Swords Dance|p1a: Zacian
|-boost|p1a: Zacian|atk|2
|
|-weather|RainDance|[upkeep]
|upkeep
|turn|5
|
|t:|1657626587
|move|p2a: Cloyster|Icicle Spear|p1a: Zacian
|-resisted|p1a: Zacian
|-damage|p1a: Zacian|37/100
|-resisted|p1a: Zacian
|-damage|p1a: Zacian|26/100
|-resisted|p1a: Zacian
|-damage|p1a: Zacian|15/100
|-resisted|p1a: Zacian
|-damage|p1a: Zacian|4/100
|-resisted|p1a: Zacian
|-damage|p1a: Zacian|0 fnt
|faint|p1a: Zacian
|-hitcount|p1: Zacian|5
|
|-weather|RainDance|[upkeep]
|upkeep
|inactive|johann295 has 120 seconds left.
|
|t:|1657626608
|switch|p1a: Marshadow|Marshadow|100/100
|turn|6
|
|t:|1657626612
|move|p2a: Cloyster|Icicle Spear|p1a: Marshadow
|-damage|p1a: Marshadow|68/100
|-damage|p1a: Marshadow|36/100
|-damage|p1a: Marshadow|8/100
|-damage|p1a: Marshadow|0 fnt
|faint|p1a: Marshadow
|-hitcount|p1: Marshadow|4
|
|-weather|RainDance|[upkeep]
|upkeep
|
|t:|1657626622
|switch|p1a: Ferrothorn|Ferrothorn, M|53/100
|turn|7
|
|t:|1657626626
|move|p2a: Cloyster|Icicle Spear|p1a: Ferrothorn
|-damage|p1a: Ferrothorn|40/100
|-damage|p1a: Ferrothorn|26/100
|-damage|p1a: Ferrothorn|12/100
|-damage|p1a: Ferrothorn|0 fnt
|faint|p1a: Ferrothorn
|-hitcount|p1: Ferrothorn|4
|
|-weather|RainDance|[upkeep]
|upkeep
|
|t:|1657626636
|switch|p1a: Kyogre|Kyogre|100/100
|detailschange|p1a: Kyogre|Kyogre-Primal
|-primal|p1a: Kyogre
|-weather|PrimordialSea|[from] ability: Primordial Sea|[of] p1a: Kyogre
|turn|8
|
|t:|1657626650
|move|p2a: Cloyster|Rock Blast|p1a: Kyogre
|-damage|p1a: Kyogre|86/100
|-damage|p1a: Kyogre|70/100
|-damage|p1a: Kyogre|56/100
|-damage|p1a: Kyogre|41/100
|-damage|p1a: Kyogre|28/100
|-hitcount|p1a: Kyogre|5
|move|p1a: Kyogre|Calm Mind|p1a: Kyogre
|-boost|p1a: Kyogre|spa|1
|-boost|p1a: Kyogre|spd|1
|
|-weather|PrimordialSea|[upkeep]
|upkeep
|turn|9
|
|t:|1657626662
|move|p2a: Cloyster|Icicle Spear|p1a: Kyogre
|-resisted|p1a: Kyogre
|-damage|p1a: Kyogre|17/100
|-resisted|p1a: Kyogre
|-damage|p1a: Kyogre|7/100
|-resisted|p1a: Kyogre
|-damage|p1a: Kyogre|0 fnt
|faint|p1a: Kyogre
|-weather|none
|-hitcount|p1: Kyogre|3
|
|upkeep
|-message|johann295 forfeited.
|
|win|Purrglar
|raw|johann295's rating: 1461 &rarr; <strong>1438</strong><br />(-23 for losing)
|raw|Purrglar's rating: 1405 &rarr; <strong>1428</strong><br />(+23 for winning)
|l|☆johann295
||Ladder isn't responding, score probably updated but might not have (Request timeout).
|l|☆Purrglar
|j|☆Purrglar
|player|p2|Purrglar|petrel
