|j|☆amnael1
|j|☆CLEAR GEM清瑜
|t:|1661267568
|gametype|singles
|player|p1|amnael1|dawn|1809
|player|p2|CLEAR GEM清瑜|skierf|1759
|teamsize|p1|6
|teamsize|p2|6
|gen|8
|tier|[Gen 8] National Dex AG
|rated|
|rule|HP Percentage Mod: HP is shown in percentages
|rule|Endless Battle Clause: Forcing endless battles is banned
|clearpoke
|poke|p1|Smeargle, M|
|poke|p1|Groudon|
|poke|p1|Espeon, F|
|poke|p1|Rayquaza|
|poke|p1|Xerneas-*|
|poke|p1|Zacian-*|
|poke|p2|Rayquaza|
|poke|p2|Groudon|
|poke|p2|Necrozma-Dusk-Mane|
|poke|p2|Arceus-*|
|poke|p2|Arceus-*|
|poke|p2|Arceus-*|
|teampreview
|
|t:|1661267576
|start
|switch|p1a: Zacian|Zacian-Crowned|100/100
|switch|p2a: 不会(?)|Groudon|100/100
|-ability|p1a: Zacian|Intrepid Sword|boost
|-boost|p1a: Zacian|atk|1
|detailschange|p2a: 不会(?)|Groudon-Primal
|-primal|p2a: 不会(?)
|-weather|DesolateLand|[from] ability: Desolate Land|[of] p2a: 不会(?)
|turn|1
|
|t:|1661267580
|switch|p1a: Espeon|Espeon, F|100/100
|move|p2a: 不会(?)|Stealth Rock|p1a: Espeon
|move|p1a: Espeon|Stealth Rock|p2a: 不会(?)|[from]ability: Magic Bounce
|-sidestart|p2: CLEAR GEM清瑜|move: Stealth Rock
|
|-weather|DesolateLand|[upkeep]
|upkeep
|turn|2
|
|t:|1661267584
|move|p1a: Espeon|Yawn|p2a: 不会(?)
|-start|p2a: 不会(?)|move: Yawn|[of] p1a: Espeon
|move|p2a: 不会(?)|Heat Crash|p1a: Espeon
|-enditem|p1a: Espeon|Focus Sash
|-damage|p1a: Espeon|1/100
|
|-weather|DesolateLand|[upkeep]
|upkeep
|turn|3
|
|t:|1661267590
|-weather|none
|switch|p2a: 究极辅助|Arceus-Dark|100/100
|-damage|p2a: 究极辅助|88/100|[from] Stealth Rock
|move|p1a: Espeon|Psychic|p2a: 究极辅助
|-immune|p2a: 究极辅助
|
|upkeep
|turn|4
|
|t:|1661267597
|move|p2a: 究极辅助|Magic Coat|p2a: 究极辅助
|-singleturn|p2a: 究极辅助|move: Magic Coat
|move|p1a: Espeon|Yawn|p2a: 究极辅助
|move|p2a: 究极辅助|Yawn|p1a: Espeon|[from]Magic Coat
|-start|p1a: Espeon|move: Yawn|[of] p2a: 究极辅助
|
|upkeep
|turn|5
|
|t:|1661267604
|move|p2a: 究极辅助|Magic Coat|p2a: 究极辅助
|-singleturn|p2a: 究极辅助|move: Magic Coat
|move|p1a: Espeon|Baton Pass|p1a: Espeon
|
|t:|1661267607
|switch|p1a: Smeargle|Smeargle, M|100/100|[from]move: Baton Pass
|
|-ability|p1a: Smeargle|Moody|boost
|-boost|p1a: Smeargle|spd|2
|-unboost|p1a: Smeargle|atk|1
|upkeep
|turn|6
|
|t:|1661267611
|move|p2a: 究极辅助|Magic Coat|p2a: 究极辅助
|-singleturn|p2a: 究极辅助|move: Magic Coat
|move|p1a: Smeargle|Shift Gear|p1a: Smeargle
|-boost|p1a: Smeargle|spe|2
|-boost|p1a: Smeargle|atk|1
|
|-ability|p1a: Smeargle|Moody|boost
|-boost|p1a: Smeargle|spa|2
|-unboost|p1a: Smeargle|spd|1
|upkeep
|turn|7
|
|t:|1661267614
|move|p1a: Smeargle|Baton Pass|p1a: Smeargle
|
|t:|1661267615
|switch|p1a: Xerneas|Xerneas|100/100|[from]move: Baton Pass
|-ability|p1a: Xerneas|Fairy Aura
|move|p2a: 究极辅助|Roar|p1a: Xerneas
|drag|p1a: Rayquaza|Rayquaza|100/100
|-ability|p1a: Rayquaza|Air Lock
|
|upkeep
|turn|8
|
|t:|1661267621
|detailschange|p1a: Rayquaza|Rayquaza-Mega
|-mega|p1a: Rayquaza|Rayquaza|
|-weather|DeltaStream|[from] ability: Delta Stream|[of] p1a: Rayquaza
|move|p1a: Rayquaza|Dragon Dance|p1a: Rayquaza
|-boost|p1a: Rayquaza|atk|1
|-boost|p1a: Rayquaza|spe|1
|move|p2a: 究极辅助|Judgment|p1a: Rayquaza
|-damage|p1a: Rayquaza|48/100
|
|-weather|DeltaStream|[upkeep]
|upkeep
|turn|9
|
|t:|1661267626
|move|p1a: Rayquaza|Dragon Ascent|p2a: 究极辅助
|-damage|p2a: 究极辅助|6/100
|-unboost|p1a: Rayquaza|def|1
|-unboost|p1a: Rayquaza|spd|1
|move|p2a: 究极辅助|Judgment|p1a: Rayquaza
|-damage|p1a: Rayquaza|0 fnt
|faint|p1a: Rayquaza
|-weather|none
|
|upkeep
|
|t:|1661267633
|switch|p1a: Zacian|Zacian-Crowned|100/100
|-ability|p1a: Zacian|Intrepid Sword|boost
|-boost|p1a: Zacian|atk|1
|turn|10
|
|t:|1661267636
|move|p1a: Zacian|Behemoth Blade|p2a: 究极辅助
|-damage|p2a: 究极辅助|0 fnt
|faint|p2a: 究极辅助
|
|upkeep
|
|t:|1661267638
|switch|p2a: 不会(?)|Groudon-Primal|100/100
|-damage|p2a: 不会(?)|88/100|[from] Stealth Rock
|-weather|DesolateLand|[from] ability: Desolate Land|[of] p2a: 不会(?)
|turn|11
|
|t:|1661267641
|switch|p1a: Espeon|Espeon, F|1/100
|move|p2a: 不会(?)|Heat Crash|p1a: Espeon
|-damage|p1a: Espeon|0 fnt
|faint|p1a: Espeon
|
|-weather|DesolateLand|[upkeep]
|upkeep
|
|t:|1661267646
|switch|p1a: Smeargle|Smeargle, M|100/100
|turn|12
|
|t:|1661267648
|move|p1a: Smeargle|Spore|p2a: 不会(?)
|-status|p2a: 不会(?)|slp|[from] move: Spore
|cant|p2a: 不会(?)|slp
|
|-weather|DesolateLand|[upkeep]
|-ability|p1a: Smeargle|Moody|boost
|-boost|p1a: Smeargle|def|2
|-unboost|p1a: Smeargle|atk|1
|upkeep
|turn|13
|
|t:|1661267651
|move|p1a: Smeargle|Shift Gear|p1a: Smeargle
|-boost|p1a: Smeargle|spe|2
|-boost|p1a: Smeargle|atk|1
|cant|p2a: 不会(?)|slp
|
|-weather|DesolateLand|[upkeep]
|-ability|p1a: Smeargle|Moody|boost
|-boost|p1a: Smeargle|spa|2
|-unboost|p1a: Smeargle|def|1
|upkeep
|turn|14
|
|t:|1661267655
|move|p1a: Smeargle|Baton Pass|p1a: Smeargle
|
|t:|1661267657
|switch|p1a: Xerneas|Xerneas|100/100|[from]move: Baton Pass
|-ability|p1a: Xerneas|Fairy Aura
|-curestatus|p2a: 不会(?)|slp|[msg]
|move|p2a: 不会(?)|Roar|p1a: Xerneas
|drag|p1a: Smeargle|Smeargle, M|100/100
|
|-weather|DesolateLand|[upkeep]
|-ability|p1a: Smeargle|Moody|boost
|-boost|p1a: Smeargle|spe|2
|-unboost|p1a: Smeargle|spa|1
|upkeep
|turn|15
|
|t:|1661267659
|move|p1a: Smeargle|Spore|p2a: 不会(?)
|-status|p2a: 不会(?)|slp|[from] move: Spore
|cant|p2a: 不会(?)|slp
|
|-weather|DesolateLand|[upkeep]
|-ability|p1a: Smeargle|Moody|boost
|-boost|p1a: Smeargle|spd|2
|-unboost|p1a: Smeargle|atk|1
|upkeep
|turn|16
|
|t:|1661267662
|move|p1a: Smeargle|Shift Gear|p1a: Smeargle
|-boost|p1a: Smeargle|spe|2
|-boost|p1a: Smeargle|atk|1
|cant|p2a: 不会(?)|slp
|
|-weather|DesolateLand|[upkeep]
|-ability|p1a: Smeargle|Moody|boost
|-boost|p1a: Smeargle|spd|2
|-unboost|p1a: Smeargle|spe|1
|upkeep
|turn|17
|
|t:|1661267665
|move|p1a: Smeargle|Spiky Shield|p1a: Smeargle
|-singleturn|p1a: Smeargle|move: Protect
|cant|p2a: 不会(?)|slp
|
|-weather|DesolateLand|[upkeep]
|-ability|p1a: Smeargle|Moody|boost
|-boost|p1a: Smeargle|def|2
|-unboost|p1a: Smeargle|spa|1
|upkeep
|turn|18
|
|t:|1661267668
|move|p1a: Smeargle|Baton Pass|p1a: Smeargle
|
|t:|1661267670
|switch|p1a: Groudon|Groudon|100/100|[from]move: Baton Pass
|detailschange|p1a: Groudon|Groudon-Primal
|-primal|p1a: Groudon
|-curestatus|p2a: 不会(?)|slp|[msg]
|move|p2a: 不会(?)|Roar|p1a: Groudon
|drag|p1a: Smeargle|Smeargle, M|100/100
|
|-weather|DesolateLand|[upkeep]
|-ability|p1a: Smeargle|Moody|boost
|-boost|p1a: Smeargle|atk|2
|-unboost|p1a: Smeargle|spd|1
|upkeep
|turn|19
|
|t:|1661267673
|move|p1a: Smeargle|Spore|p2a: 不会(?)
|-status|p2a: 不会(?)|slp|[from] move: Spore
|cant|p2a: 不会(?)|slp
|
|-weather|DesolateLand|[upkeep]
|-ability|p1a: Smeargle|Moody|boost
|-boost|p1a: Smeargle|spe|2
|-unboost|p1a: Smeargle|def|1
|upkeep
|turn|20
|
|t:|1661267675
|move|p1a: Smeargle|Baton Pass|p1a: Smeargle
|
|t:|1661267677
|switch|p1a: Groudon|Groudon-Primal|100/100|[from]move: Baton Pass
|cant|p2a: 不会(?)|slp
|
|-weather|DesolateLand|[upkeep]
|upkeep
|turn|21
|
|t:|1661267680
|move|p1a: Groudon|Earthquake|p2a: 不会(?)
|-supereffective|p2a: 不会(?)
|-damage|p2a: 不会(?)|0 fnt
|faint|p2a: 不会(?)
|
|-weather|DesolateLand|[upkeep]
|upkeep
|
|t:|1661267685
|switch|p2a: 乱杀P古|Arceus-Ground|100/100
|-damage|p2a: 乱杀P古|94/100|[from] Stealth Rock
|turn|22
|
|t:|1661267694
|-start|p2a: 乱杀P古|Dynamax|
|-heal|p2a: 乱杀P古|94/100|[silent]
|move|p1a: Groudon|Fire Punch|p2a: 乱杀P古
|-damage|p2a: 乱杀P古|46/100
|move|p2a: 乱杀P古|Max Quake|p1a: Groudon
|-supereffective|p1a: Groudon
|-damage|p1a: Groudon|0 fnt
|-boost|p2a: 乱杀P古|spd|1
|faint|p1a: Groudon
|-weather|none
|
|upkeep
|
|t:|1661267697
|switch|p1a: Smeargle|Smeargle, M|100/100
|turn|23
|inactive|Battle timer is ON: inactive players will automatically lose when time's up. (requested by amnael1)
|
|t:|1661267703
|move|p2a: 乱杀P古|Max Hailstorm|p1a: Smeargle
|-damage|p1a: Smeargle|9/100
|-weather|Hail
|move|p1a: Smeargle|Spore|p2a: 乱杀P古
|-status|p2a: 乱杀P古|slp|[from] move: Spore
|
|-weather|Hail|[upkeep]
|-damage|p2a: 乱杀P古|43/100 slp|[from] Hail
|-damage|p1a: Smeargle|3/100|[from] Hail
|-ability|p1a: Smeargle|Moody|boost
|-boost|p1a: Smeargle|spd|2
|-unboost|p1a: Smeargle|atk|1
|upkeep
|turn|24
|
|t:|1661267709
|cant|p2a: 乱杀P古|slp
|move|p1a: Smeargle|Baton Pass|p1a: Smeargle
|
|t:|1661267711
|switch|p1a: Xerneas|Xerneas|100/100|[from]move: Baton Pass
|-ability|p1a: Xerneas|Fairy Aura
|
|-weather|Hail|[upkeep]
|-damage|p2a: 乱杀P古|40/100 slp|[from] Hail
|-damage|p1a: Xerneas|94/100|[from] Hail
|upkeep
|-end|p2a: 乱杀P古|Dynamax
|-heal|p2a: 乱杀P古|40/100 slp|[silent]
|turn|25
|
|t:|1661267720
|cant|p2a: 乱杀P古|slp
|move|p1a: Xerneas|Geomancy||[still]
|-prepare|p1a: Xerneas|Geomancy
|-enditem|p1a: Xerneas|Power Herb
|-anim|p1a: Xerneas|Geomancy|p1a: Xerneas
|-boost|p1a: Xerneas|spa|2
|-boost|p1a: Xerneas|spd|2
|-boost|p1a: Xerneas|spe|2
|
|-weather|Hail|[upkeep]
|-damage|p1a: Xerneas|88/100|[from] Hail
|-damage|p2a: 乱杀P古|34/100 slp|[from] Hail
|upkeep
|turn|26
|
|t:|1661267722
|move|p1a: Xerneas|Grass Knot|p2a: 乱杀P古
|-supereffective|p2a: 乱杀P古
|-damage|p2a: 乱杀P古|0 fnt
|faint|p2a: 乱杀P古
|
|-weather|Hail|[upkeep]
|-damage|p1a: Xerneas|82/100|[from] Hail
|upkeep
|
|t:|1661267724
|switch|p2a: 钢铁之躯|Necrozma-Dusk-Mane|100/100
|-damage|p2a: 钢铁之躯|94/100|[from] Stealth Rock
|turn|27
|
|t:|1661267731
|detailschange|p2a: 钢铁之躯|Necrozma-Ultra
|-burst|p2a: 钢铁之躯|Necrozma|Ultranecrozium Z
|-start|p1a: Xerneas|Dynamax|
|-heal|p1a: Xerneas|82/100|[silent]
|move|p1a: Xerneas|Max Flare|p2a: 钢铁之躯
|-resisted|p2a: 钢铁之躯
|-damage|p2a: 钢铁之躯|64/100
|-weather|SunnyDay
|move|p2a: 钢铁之躯|Photon Geyser|p1a: Xerneas
|-damage|p1a: Xerneas|57/100
|
|-weather|SunnyDay|[upkeep]
|upkeep
|turn|28
|
|t:|1661267734
|move|p1a: Xerneas|Max Starfall|p2a: 钢铁之躯
|-supereffective|p2a: 钢铁之躯
|-crit|p2a: 钢铁之躯
|-damage|p2a: 钢铁之躯|0 fnt
|-fieldstart|move: Misty Terrain
|faint|p2a: 钢铁之躯
|
|-weather|SunnyDay|[upkeep]
|upkeep
|
|t:|1661267736
|switch|p2a: 悬空羊驼|Arceus-Flying|100/100
|-damage|p2a: 悬空羊驼|76/100|[from] Stealth Rock
|turn|29
|
|t:|1661267738
|move|p1a: Xerneas|Max Starfall|p2a: 悬空羊驼
|-damage|p2a: 悬空羊驼|0 fnt
|faint|p2a: 悬空羊驼
|
|-weather|SunnyDay|[upkeep]
|upkeep
|
|t:|1661267739
|switch|p2a: 烈龙无敌|Rayquaza, shiny|100/100
|-damage|p2a: 烈龙无敌|76/100|[from] Stealth Rock
|-ability|p2a: 烈龙无敌|Air Lock
|-end|p1a: Xerneas|Dynamax
|-heal|p1a: Xerneas|57/100|[silent]
|turn|30
|
|t:|1661267742
|detailschange|p2a: 烈龙无敌|Rayquaza-Mega, shiny
|-mega|p2a: 烈龙无敌|Rayquaza|
|-weather|DeltaStream|[from] ability: Delta Stream|[of] p2a: 烈龙无敌
|move|p1a: Xerneas|Moonblast|p2a: 烈龙无敌
|-supereffective|p2a: 烈龙无敌
|-damage|p2a: 烈龙无敌|0 fnt
|faint|p2a: 烈龙无敌
|-weather|none
|
|win|amnael1
|raw|amnael1's rating: 1809 &rarr; <strong>1826</strong><br />(+17 for winning)
|raw|CLEAR GEM清瑜's rating: 1759 &rarr; <strong>1742</strong><br />(-17 for losing)
