|j|‽Flynn Watson
|j|☆ultramewtwoZ
|t:|1652522711
|gametype|singles
|player|p1|Flynn Watson|guitarist|1721
|player|p2|ultramewtwoZ|plasmagrunt-gen5bw|1576
|teamsize|p1|6
|teamsize|p2|6
|gen|8
|tier|[Gen 8] National Dex AG
|rated|
|rule|HP Percentage Mod: HP is shown in percentages
|rule|Endless Battle Clause: Forcing endless battles is banned
|clearpoke
|poke|p1|Calyrex-Shadow|
|poke|p1|Yveltal|
|poke|p1|Necrozma-Dusk-Mane|
|poke|p1|Rayquaza|
|poke|p1|Zacian-*|
|poke|p1|Arceus-*|
|poke|p2|Groudon|
|poke|p2|Rayquaza|
|poke|p2|Togedemaru, F|
|poke|p2|Yveltal|
|poke|p2|Zygarde-10%|
|poke|p2|Necrozma-Dawn-Wings|
|teampreview
|inactive|Battle timer is ON: inactive players will automatically lose when time's up. (requested by ultramewtwoZ)
|
|t:|1652522726
|start
|switch|p1a: Necrozma|Necrozma-Dusk-Mane|100/100
|switch|p2a: Red Moon|Necrozma-Dawn-Wings, shiny|100/100
|turn|1
|
|t:|1652522738
|move|p2a: Red Moon|Moongeist Beam|p1a: Necrozma
|-supereffective|p1a: Necrozma
|-damage|p1a: Necrozma|32/100
|move|p1a: Necrozma|Thunder Wave|p2a: Red Moon
|-status|p2a: Red Moon|par
|
|upkeep
|turn|2
|
|t:|1652522747
|detailschange|p2a: Red Moon|Necrozma-Ultra, shiny
|-burst|p2a: Red Moon|Necrozma|Ultranecrozium Z
|move|p2a: Red Moon|Moongeist Beam|p1a: Necrozma
|-supereffective|p1a: Necrozma
|-damage|p1a: Necrozma|0 fnt
|faint|p1a: Necrozma
|
|upkeep
|
|t:|1652522756
|switch|p1a: Yveltal|Yveltal, shiny|100/100
|-ability|p1a: Yveltal|Dark Aura
|turn|3
|
|t:|1652522760
|move|p1a: Yveltal|Foul Play|p2a: Red Moon
|-supereffective|p2a: Red Moon
|-damage|p2a: Red Moon|0 fnt
|faint|p2a: Red Moon
|
|upkeep
|
|t:|1652522770
|switch|p2a: Omega Titan|Groudon|100/100
|detailschange|p2a: Omega Titan|Groudon-Primal
|-primal|p2a: Omega Titan
|-weather|DesolateLand|[from] ability: Desolate Land|[of] p2a: Omega Titan
|turn|4
|
|t:|1652522774
|move|p2a: Omega Titan|Stealth Rock|p1a: Yveltal
|-sidestart|p1: Flynn Watson|move: Stealth Rock
|move|p1a: Yveltal|Foul Play|p2a: Omega Titan
|-crit|p2a: Omega Titan
|-damage|p2a: Omega Titan|13/100
|
|-weather|DesolateLand|[upkeep]
|upkeep
|turn|5
|
|t:|1652522784
|move|p2a: Omega Titan|Fire Punch|p1a: Yveltal
|-damage|p1a: Yveltal|37/100
|move|p1a: Yveltal|Defog|p2a: Omega Titan
|-unboost|p2a: Omega Titan|evasion|1
|-sideend|p1: Flynn Watson|Stealth Rock|[from] move: Defog|[of] p1a: Yveltal
|
|-weather|DesolateLand|[upkeep]
|upkeep
|turn|6
|
|t:|1652522789
|move|p2a: Omega Titan|Fire Punch|p1a: Yveltal
|-damage|p1a: Yveltal|0 fnt
|faint|p1a: Yveltal
|
|-weather|DesolateLand|[upkeep]
|upkeep
|
|t:|1652522797
|switch|p1a: Zacian|Zacian-Crowned|100/100
|-ability|p1a: Zacian|Intrepid Sword|boost
|-boost|p1a: Zacian|atk|1
|turn|7
|
|t:|1652522801
|move|p1a: Zacian|Behemoth Blade|p2a: Omega Titan
|-resisted|p2a: Omega Titan
|-damage|p2a: Omega Titan|0 fnt
|faint|p2a: Omega Titan
|-weather|none
|
|upkeep
|
|t:|1652522828
|switch|p2a: Delta Dragon|Rayquaza|100/100
|-ability|p2a: Delta Dragon|Air Lock
|turn|8
|
|t:|1652522832
|detailschange|p2a: Delta Dragon|Rayquaza-Mega
|-mega|p2a: Delta Dragon|Rayquaza|
|-weather|DeltaStream|[from] ability: Delta Stream|[of] p2a: Delta Dragon
|move|p1a: Zacian|Play Rough|p2a: Delta Dragon
|-supereffective|p2a: Delta Dragon
|-enditem|p2a: Delta Dragon|Focus Sash
|-damage|p2a: Delta Dragon|1/100
|move|p2a: Delta Dragon|Dragon Dance|p2a: Delta Dragon
|-boost|p2a: Delta Dragon|atk|1
|-boost|p2a: Delta Dragon|spe|1
|
|-weather|DeltaStream|[upkeep]
|upkeep
|turn|9
|
|t:|1652522851
|switch|p1a: Calyrex|Calyrex-Shadow|100/100
|-ability|p1a: Calyrex|As One
|-ability|p1a: Calyrex|Unnerve
|move|p2a: Delta Dragon|V-create|p1a: Calyrex
|-crit|p1a: Calyrex
|-damage|p1a: Calyrex|0 fnt
|-unboost|p2a: Delta Dragon|spe|1
|-unboost|p2a: Delta Dragon|def|1
|-unboost|p2a: Delta Dragon|spd|1
|faint|p1a: Calyrex
|
|-weather|DeltaStream|[upkeep]
|upkeep
|
|t:|1652522854
|switch|p1a: Rayquaza|Rayquaza|100/100
|-ability|p1a: Rayquaza|Air Lock
|turn|10
|
|t:|1652522862
|detailschange|p1a: Rayquaza|Rayquaza-Mega
|-mega|p1a: Rayquaza|Rayquaza|
|move|p2a: Delta Dragon|Extreme Speed|p1a: Rayquaza
|-damage|p1a: Rayquaza|50/100
|move|p1a: Rayquaza|Extreme Speed|p2a: Delta Dragon
|-damage|p2a: Delta Dragon|0 fnt
|faint|p2a: Delta Dragon
|-damage|p1a: Rayquaza|40/100|[from] item: Life Orb
|
|-weather|DeltaStream|[upkeep]
|upkeep
|
|t:|1652522874
|switch|p2a: Ragnarok's Dog|Zygarde-10%|100/100
|turn|11
|
|t:|1652522879
|move|p2a: Ragnarok's Dog|Dragon Dance|p2a: Ragnarok's Dog
|-boost|p2a: Ragnarok's Dog|atk|1
|-boost|p2a: Ragnarok's Dog|spe|1
|move|p1a: Rayquaza|Dragon Ascent|p2a: Ragnarok's Dog
|-enditem|p2a: Ragnarok's Dog|Focus Sash
|-damage|p2a: Ragnarok's Dog|1/100
|-unboost|p1a: Rayquaza|def|1
|-unboost|p1a: Rayquaza|spd|1
|-damage|p1a: Rayquaza|30/100|[from] item: Life Orb
|
|-weather|DeltaStream|[upkeep]
|-activate|p2a: Ragnarok's Dog|ability: Power Construct
|detailschange|p2a: Ragnarok's Dog|Zygarde-Complete
|-heal|p2a: Ragnarok's Dog|57/100|[silent]
|upkeep
|turn|12
|
|t:|1652522887
|move|p2a: Ragnarok's Dog|Extreme Speed|p1a: Rayquaza
|-damage|p1a: Rayquaza|0 fnt
|faint|p1a: Rayquaza
|-weather|none
|
|upkeep
|
|t:|1652522890
|switch|p1a: Arceus|Arceus-Ground|100/100
|turn|13
|
|t:|1652522895
|-start|p1a: Arceus|Dynamax|
|-heal|p1a: Arceus|100/100|[silent]
|move|p2a: Ragnarok's Dog|Glare|p1a: Arceus
|-status|p1a: Arceus|par
|cant|p1a: Arceus|par
|
|upkeep
|turn|14
|
|t:|1652522902
|-start|p2a: Ragnarok's Dog|Dynamax|
|-heal|p2a: Ragnarok's Dog|57/100|[silent]
|move|p2a: Ragnarok's Dog|Max Quake|p1a: Arceus
|-damage|p1a: Arceus|81/100 par
|-boost|p2a: Ragnarok's Dog|spd|1
|move|p1a: Arceus|Max Hailstorm|p2a: Ragnarok's Dog
|-supereffective|p2a: Ragnarok's Dog
|-damage|p2a: Ragnarok's Dog|28/100
|-weather|Hail
|
|-weather|Hail|[upkeep]
|-damage|p2a: Ragnarok's Dog|25/100|[from] Hail
|-damage|p1a: Arceus|78/100 par|[from] Hail
|upkeep
|turn|15
|
|t:|1652522905
|move|p2a: Ragnarok's Dog|Max Quake|p1a: Arceus
|-damage|p1a: Arceus|57/100 par
|-boost|p2a: Ragnarok's Dog|spd|1
|cant|p1a: Arceus|par
|
|-weather|Hail|[upkeep]
|-damage|p2a: Ragnarok's Dog|22/100|[from] Hail
|-damage|p1a: Arceus|54/100 par|[from] Hail
|upkeep
|-end|p1a: Arceus|Dynamax
|-heal|p1a: Arceus|54/100 par|[silent]
|turn|16
|
|t:|1652522908
|move|p2a: Ragnarok's Dog|Max Quake|p1a: Arceus
|-damage|p1a: Arceus|14/100 par
|-boost|p2a: Ragnarok's Dog|spd|1
|move|p1a: Arceus|Ice Beam|p2a: Ragnarok's Dog
|-supereffective|p2a: Ragnarok's Dog
|-damage|p2a: Ragnarok's Dog|10/100
|
|-weather|Hail|[upkeep]
|-damage|p2a: Ragnarok's Dog|7/100|[from] Hail
|-damage|p1a: Arceus|8/100 par|[from] Hail
|upkeep
|-end|p2a: Ragnarok's Dog|Dynamax
|-heal|p2a: Ragnarok's Dog|7/100|[silent]
|turn|17
|
|t:|1652522922
|move|p2a: Ragnarok's Dog|Thousand Arrows|p1a: Arceus
|-damage|p1a: Arceus|0 fnt
|faint|p1a: Arceus
|
|-weather|Hail|[upkeep]
|-damage|p2a: Ragnarok's Dog|1/100|[from] Hail
|upkeep
|
|t:|1652522926
|switch|p1a: Zacian|Zacian-Crowned|100/100
|-ability|p1a: Zacian|Intrepid Sword|boost
|-boost|p1a: Zacian|atk|1
|turn|18
|
|t:|1652522931
|move|p2a: Ragnarok's Dog|Thousand Arrows|p1a: Zacian
|-supereffective|p1a: Zacian
|-damage|p1a: Zacian|0 fnt
|faint|p1a: Zacian
|
|win|ultramewtwoZ
|raw|Flynn Watson's rating: 1721 &rarr; <strong>1693</strong><br />(-28 for losing)
|raw|ultramewtwoZ's rating: 1576 &rarr; <strong>1604</strong><br />(+28 for winning)
|l|‽Flynn Watson
|l|☆ultramewtwoZ
|j|☆ultramewtwoZ
|player|p2|ultramewtwoZ|plasmagrunt-gen5bw
