|j|☆swordssdance123
|j|☆ReactJS3
|t:|1637813890
|gametype|singles
|player|p1|swordssdance123|plasmagrunt|1744
|player|p2|ReactJS3|265|1941
|teamsize|p1|6
|teamsize|p2|6
|gen|8
|tier|[Gen 8] National Dex AG
|rated|
|rule|HP Percentage Mod: HP is shown in percentages
|rule|Endless Battle Clause: Forcing endless battles is banned
|clearpoke
|poke|p1|Rayquaza|
|poke|p1|Necrozma-Dusk-Mane|
|poke|p1|Groudon|
|poke|p1|Marshadow|
|poke|p1|Yveltal|
|poke|p1|Ditto|
|poke|p2|Calyrex-Shadow|
|poke|p2|Groudon|
|poke|p2|Yveltal|
|poke|p2|Ho-Oh|
|poke|p2|Rayquaza|
|poke|p2|Arceus-*|
|teampreview
|
|t:|1637813896
|start
|switch|p1a: Ditto|Ditto|100/100
|switch|p2a: Calyrex|Calyrex-Shadow|100/100
|-ability|p2a: Calyrex|As One
|-ability|p2a: Calyrex|Unnerve
|-transform|p1a: Ditto|p2a: Calyrex|[from] ability: Imposter
|turn|1
|c|☆swordssdance123|you ready to give up?
|
|t:|1637813916
|switch|p1a: Yveltal|Yveltal|100/100
|-ability|p1a: Yveltal|Dark Aura
|move|p2a: Calyrex|Astral Barrage|p1a: Yveltal
|-resisted|p1a: Yveltal
|-damage|p1a: Yveltal|80/100
|
|upkeep
|turn|2
|
|t:|1637813924
|switch|p2a: Arceus|Arceus-Fairy|100/100
|move|p1a: Yveltal|U-turn|p2a: Arceus
|-resisted|p2a: Arceus
|-damage|p2a: Arceus|95/100
|
|t:|1637813930
|switch|p1a: Necrozma|Necrozma-Dusk-Mane|100/100|[from]move: U-turn
|
|upkeep
|turn|3
|
|t:|1637813935
|switch|p2a: Groudon|Groudon|100/100
|detailschange|p2a: Groudon|Groudon-Primal
|-primal|p2a: Groudon
|-weather|DesolateLand|[from] ability: Desolate Land|[of] p2a: Groudon
|move|p1a: Necrozma|Dragon Dance|p1a: Necrozma
|-boost|p1a: Necrozma|atk|1
|-boost|p1a: Necrozma|spe|1
|
|-weather|DesolateLand|[upkeep]
|upkeep
|turn|4
|
|t:|1637813945
|move|p1a: Necrozma|Psychic Fangs|p2a: Groudon
|-damage|p2a: Groudon|74/100
|move|p2a: Groudon|Overheat|p1a: Necrozma
|-supereffective|p1a: Necrozma
|-damage|p1a: Necrozma|0 fnt
|-unboost|p2a: Groudon|spa|2
|faint|p1a: Necrozma
|
|-weather|DesolateLand|[upkeep]
|upkeep
|inactive|Battle timer is ON: inactive players will automatically lose when time's up. (requested by ReactJS3)
|
|t:|1637813985
|switch|p1a: Rayquaza|Rayquaza|100/100
|-ability|p1a: Rayquaza|Air Lock
|turn|5
|c|☆swordssdance123|ah man
|
|t:|1637813990
|detailschange|p1a: Rayquaza|Rayquaza-Mega
|-mega|p1a: Rayquaza|Rayquaza|
|-weather|DeltaStream|[from] ability: Delta Stream|[of] p1a: Rayquaza
|move|p1a: Rayquaza|Draco Meteor|p2a: Groudon
|-damage|p2a: Groudon|0 fnt
|-unboost|p1a: Rayquaza|spa|2
|faint|p2a: Groudon
|-damage|p1a: Rayquaza|91/100|[from] item: Life Orb
|
|-weather|DeltaStream|[upkeep]
|upkeep
|
|t:|1637814000
|switch|p2a: Arceus|Arceus-Fairy|95/100
|turn|6
|
|t:|1637814005
|-weather|none
|switch|p1a: Groudon|Groudon|100/100
|detailschange|p1a: Groudon|Groudon-Primal
|-primal|p1a: Groudon
|-weather|DesolateLand|[from] ability: Desolate Land|[of] p1a: Groudon
|move|p2a: Arceus|Judgment|p1a: Groudon
|-resisted|p1a: Groudon
|-damage|p1a: Groudon|79/100
|
|-weather|DesolateLand|[upkeep]
|upkeep
|turn|7
|
|t:|1637814014
|move|p1a: Groudon|Thunder Wave|p2a: Arceus
|-status|p2a: Arceus|par
|move|p2a: Arceus|Toxic|p1a: Groudon
|-status|p1a: Groudon|tox
|
|-weather|DesolateLand|[upkeep]
|-damage|p1a: Groudon|73/100 tox|[from] psn
|upkeep
|turn|8
|
|t:|1637814021
|move|p1a: Groudon|Stealth Rock|p2a: Arceus
|-sidestart|p2: ReactJS3|move: Stealth Rock
|move|p2a: Arceus|Refresh|p2a: Arceus
|-curestatus|p2a: Arceus|par|[msg]
|
|-weather|DesolateLand|[upkeep]
|-damage|p1a: Groudon|60/100 tox|[from] psn
|upkeep
|turn|9
|
|t:|1637814030
|move|p1a: Groudon|Heat Crash|p2a: Arceus
|-damage|p2a: Arceus|46/100
|move|p2a: Arceus|Judgment|p1a: Groudon
|-resisted|p1a: Groudon
|-damage|p1a: Groudon|40/100 tox
|
|-weather|DesolateLand|[upkeep]
|-damage|p1a: Groudon|21/100 tox|[from] psn
|upkeep
|turn|10
|
|t:|1637814039
|switch|p2a: Ho-Oh|Ho-Oh|100/100
|move|p1a: Groudon|Heat Crash|p2a: Ho-Oh
|-resisted|p2a: Ho-Oh
|-damage|p2a: Ho-Oh|64/100
|
|-weather|DesolateLand|[upkeep]
|-damage|p1a: Groudon|0 fnt|[from] psn
|faint|p1a: Groudon
|-weather|none
|upkeep
|
|t:|1637814047
|switch|p1a: Rayquaza|Rayquaza-Mega|91/100
|-weather|DeltaStream|[from] ability: Delta Stream|[of] p1a: Rayquaza
|turn|11
|
|t:|1637814058
|switch|p2a: Arceus|Arceus-Fairy|46/100
|-damage|p2a: Arceus|33/100|[from] Stealth Rock
|move|p1a: Rayquaza|Dragon Ascent|p2a: Arceus
|-damage|p2a: Arceus|0 fnt
|-unboost|p1a: Rayquaza|def|1
|-unboost|p1a: Rayquaza|spd|1
|faint|p2a: Arceus
|-damage|p1a: Rayquaza|81/100|[from] item: Life Orb
|
|-weather|DeltaStream|[upkeep]
|upkeep
|
|t:|1637814062
|switch|p2a: Ho-Oh|Ho-Oh|97/100
|turn|12
|
|t:|1637814070
|move|p1a: Rayquaza|Dragon Ascent|p2a: Ho-Oh
|-damage|p2a: Ho-Oh|26/100
|-unboost|p1a: Rayquaza|def|1
|-unboost|p1a: Rayquaza|spd|1
|-damage|p1a: Rayquaza|71/100|[from] item: Life Orb
|move|p2a: Ho-Oh|Defog|p1a: Rayquaza
|-unboost|p1a: Rayquaza|evasion|1
|-sideend|p2: ReactJS3|Stealth Rock|[from] move: Defog|[of] p2a: Ho-Oh
|
|-weather|DeltaStream|[upkeep]
|upkeep
|turn|13
|
|t:|1637814079
|move|p1a: Rayquaza|Dragon Ascent|p2a: Ho-Oh
|-damage|p2a: Ho-Oh|0 fnt
|-unboost|p1a: Rayquaza|def|1
|-unboost|p1a: Rayquaza|spd|1
|faint|p2a: Ho-Oh
|-damage|p1a: Rayquaza|61/100|[from] item: Life Orb
|
|-weather|DeltaStream|[upkeep]
|upkeep
|
|t:|1637814087
|switch|p2a: Rayquaza|Rayquaza|100/100
|-ability|p2a: Rayquaza|Air Lock
|turn|14
|
|t:|1637814096
|-weather|none
|switch|p1a: Marshadow|Marshadow|100/100
|detailschange|p2a: Rayquaza|Rayquaza-Mega
|-mega|p2a: Rayquaza|Rayquaza|
|-weather|DeltaStream|[from] ability: Delta Stream|[of] p2a: Rayquaza
|move|p2a: Rayquaza|Extreme Speed|p1a: Marshadow
|-immune|p1a: Marshadow
|
|-weather|DeltaStream|[upkeep]
|upkeep
|turn|15
|
|t:|1637814108
|move|p1a: Marshadow|Endure|p1a: Marshadow
|-singleturn|p1a: Marshadow|move: Endure
|move|p2a: Rayquaza|Dragon Ascent|p1a: Marshadow
|-supereffective|p1a: Marshadow
|-activate|p1a: Marshadow|move: Endure
|-damage|p1a: Marshadow|1/100
|-unboost|p2a: Rayquaza|def|1
|-unboost|p2a: Rayquaza|spd|1
|
|-weather|DeltaStream|[upkeep]
|upkeep
|turn|16
|-enditem|p1a: Marshadow|Custap Berry|[eat]
|-activate|p1a: Marshadow|item: Custap Berry|[consumed]
|
|t:|1637814117
|move|p1a: Marshadow|Reversal|p2a: Rayquaza
|-resisted|p2a: Rayquaza
|-damage|p2a: Rayquaza|28/100
|move|p2a: Rayquaza|Dragon Ascent|p1a: Marshadow
|-supereffective|p1a: Marshadow
|-crit|p1a: Marshadow
|-damage|p1a: Marshadow|0 fnt
|-unboost|p2a: Rayquaza|def|1
|-unboost|p2a: Rayquaza|spd|1
|faint|p1a: Marshadow
|
|-weather|DeltaStream|[upkeep]
|upkeep
|inactive|swordssdance123 has 120 seconds left.
|
|t:|1637814151
|switch|p1a: Rayquaza|Rayquaza-Mega|61/100
|turn|17
|inactive|swordssdance123 has 120 seconds left.
|
|t:|1637814162
|move|p1a: Rayquaza|Extreme Speed|p2a: Rayquaza
|-damage|p2a: Rayquaza|0 fnt
|faint|p2a: Rayquaza
|-damage|p1a: Rayquaza|51/100|[from] item: Life Orb
|
|-weather|DeltaStream|[upkeep]
|upkeep
|
|t:|1637814168
|switch|p2a: Calyrex|Calyrex-Shadow|100/100
|-ability|p2a: Calyrex|As One
|-ability|p2a: Calyrex|Unnerve
|turn|18
|
|t:|1637814179
|-weather|none
|switch|p1a: Yveltal|Yveltal|80/100
|-ability|p1a: Yveltal|Dark Aura
|move|p2a: Calyrex|Astral Barrage|p1a: Yveltal
|-resisted|p1a: Yveltal
|-damage|p1a: Yveltal|58/100
|
|upkeep
|turn|19
|
|t:|1637814189
|move|p2a: Calyrex|Nasty Plot|p2a: Calyrex
|-boost|p2a: Calyrex|spa|2
|move|p1a: Yveltal|Roost|p1a: Yveltal
|-heal|p1a: Yveltal|100/100
|-singleturn|p1a: Yveltal|move: Roost
|
|upkeep
|turn|20
|
|t:|1637814195
|move|p2a: Calyrex|Baton Pass|p2a: Calyrex
|
|t:|1637814197
|switch|p2a: Yveltal|Yveltal|100/100|[from]move: Baton Pass
|-ability|p2a: Yveltal|Dark Aura
|move|p1a: Yveltal|Snarl|p2a: Yveltal
|-resisted|p2a: Yveltal
|-damage|p2a: Yveltal|86/100
|-unboost|p2a: Yveltal|spa|1
|
|upkeep
|turn|21
|inactive|swordssdance123 has 120 seconds left.
|
|t:|1637814238
|-start|p2a: Yveltal|Dynamax
|-heal|p2a: Yveltal|86/100|[silent]
|-start|p1a: Yveltal|Dynamax
|-heal|p1a: Yveltal|100/100|[silent]
|move|p2a: Yveltal|Max Airstream|p1a: Yveltal
|-damage|p1a: Yveltal|59/100
|-boost|p2a: Yveltal|spe|1
|-damage|p2a: Yveltal|81/100|[from] item: Life Orb
|move|p1a: Yveltal|Max Flutterby|p2a: Yveltal
|-damage|p2a: Yveltal|64/100
|-unboost|p2a: Yveltal|spa|1
|
|upkeep
|turn|22
|
|t:|1637814254
|move|p1a: Yveltal|Max Guard|p1a: Yveltal
|-singleturn|p1a: Yveltal|Max Guard
|move|p2a: Yveltal|Max Darkness|p1a: Yveltal
|-activate|p1a: Yveltal|move: Max Guard
|
|upkeep
|turn|23
|
|t:|1637814281
|move|p2a: Yveltal|Max Darkness|p1a: Yveltal
|-resisted|p1a: Yveltal
|-damage|p1a: Yveltal|41/100
|-unboost|p1a: Yveltal|spd|1
|-damage|p2a: Yveltal|59/100|[from] item: Life Orb
|move|p1a: Yveltal|Max Flutterby|p2a: Yveltal
|-damage|p2a: Yveltal|44/100
|-unboost|p2a: Yveltal|spa|1
|
|-end|p2a: Yveltal|Dynamax
|-heal|p2a: Yveltal|44/100|[silent]
|-end|p1a: Yveltal|Dynamax
|-heal|p1a: Yveltal|41/100|[silent]
|upkeep
|turn|24
|
|t:|1637814295
|move|p2a: Yveltal|Oblivion Wing|p1a: Yveltal
|-damage|p1a: Yveltal|7/100
|-heal|p2a: Yveltal|73/100|[from] drain|[of] p1a: Yveltal
|-damage|p2a: Yveltal|63/100|[from] item: Life Orb
|move|p1a: Yveltal|Roost|p1a: Yveltal
|-heal|p1a: Yveltal|57/100
|-singleturn|p1a: Yveltal|move: Roost
|
|upkeep
|turn|25
|
|t:|1637814304
|move|p2a: Yveltal|Focus Blast|p1a: Yveltal
|-damage|p1a: Yveltal|26/100
|-damage|p2a: Yveltal|54/100|[from] item: Life Orb
|move|p1a: Yveltal|Roost|p1a: Yveltal
|-heal|p1a: Yveltal|76/100
|-singleturn|p1a: Yveltal|move: Roost
|
|upkeep
|turn|26
|inactive|swordssdance123 has 120 seconds left.
|
|t:|1637814313
|move|p2a: Yveltal|Focus Blast|p1a: Yveltal|[miss]
|-miss|p2a: Yveltal|p1a: Yveltal
|move|p1a: Yveltal|Roost|p1a: Yveltal
|-heal|p1a: Yveltal|100/100
|-singleturn|p1a: Yveltal|move: Roost
|
|upkeep
|turn|27
|inactive|swordssdance123 has 120 seconds left.
|-message|ReactJS3 forfeited.
|
|win|swordssdance123
|raw|swordssdance123's rating: 1744 &rarr; <strong>1774</strong><br />(+30 for winning)
|raw|ReactJS3's rating: 1941 &rarr; <strong>1911</strong><br />(-30 for losing)
|l|☆ReactJS3
|l|☆swordssdance123
|j|☆swordssdance123
|player|p1|swordssdance123|plasmagrunt
