|j|☆Wyvern.xyz
|j|☆vi3beswithchanell1
|t:|1653687884
|gametype|singles
|player|p1|Wyvern.xyz|shadowtriad|1562
|player|p2|vi3beswithchanell1|aromalady|1688
|teamsize|p1|6
|teamsize|p2|6
|gen|8
|tier|[Gen 8] National Dex AG
|rated|
|rule|HP Percentage Mod: HP is shown in percentages
|rule|Endless Battle Clause: Forcing endless battles is banned
|clearpoke
|poke|p1|Rayquaza|
|poke|p1|Yveltal|
|poke|p1|Groudon|
|poke|p1|Arceus-*|
|poke|p1|Ditto|
|poke|p1|Yveltal|
|poke|p2|Calyrex-Shadow|
|poke|p2|Arceus-*|
|poke|p2|Necrozma-Dusk-Mane|
|poke|p2|Arceus-*|
|poke|p2|Rayquaza|
|poke|p2|Groudon|
|teampreview
|
|t:|1653687890
|start
|switch|p1a: Groudon|Groudon|100/100
|switch|p2a: Rayquaza|Rayquaza|100/100
|-ability|p2a: Rayquaza|Air Lock
|detailschange|p1a: Groudon|Groudon-Primal
|-primal|p1a: Groudon
|-weather|DesolateLand|[from] ability: Desolate Land|[of] p1a: Groudon
|turn|1
|
|t:|1653687894
|detailschange|p2a: Rayquaza|Rayquaza-Mega
|-mega|p2a: Rayquaza|Rayquaza|
|-weather|DeltaStream|[from] ability: Delta Stream|[of] p2a: Rayquaza
|move|p2a: Rayquaza|Dragon Ascent|p1a: Groudon
|-crit|p1a: Groudon
|-damage|p1a: Groudon|0 fnt
|-unboost|p2a: Rayquaza|def|1
|-unboost|p2a: Rayquaza|spd|1
|faint|p1a: Groudon
|
|-weather|DeltaStream|[upkeep]
|upkeep
|
|t:|1653687901
|switch|p1a: Yveltal|Yveltal|100/100
|-ability|p1a: Yveltal|Dark Aura
|turn|2
|
|t:|1653687908
|-weather|none
|switch|p2a: Arceus|Arceus-Fairy|100/100
|move|p1a: Yveltal|Foul Play|p2a: Arceus
|-resisted|p2a: Arceus
|-damage|p2a: Arceus|88/100
|
|upkeep
|turn|3
|
|t:|1653687915
|switch|p1a: Arceus|Arceus-Ground|100/100
|move|p2a: Arceus|Calm Mind|p2a: Arceus
|-boost|p2a: Arceus|spa|1
|-boost|p2a: Arceus|spd|1
|
|upkeep
|turn|4
|
|t:|1653687922
|move|p2a: Arceus|Judgment|p1a: Arceus
|-damage|p1a: Arceus|45/100
|move|p1a: Arceus|Swords Dance|p1a: Arceus
|-boost|p1a: Arceus|atk|2
|
|upkeep
|turn|5
|-message|Wyvern.xyz forfeited.
|
|win|vi3beswithchanell1
|raw|Wyvern.xyz's rating: 1562 &rarr; <strong>1549</strong><br />(-13 for losing)
|raw|vi3beswithchanell1's rating: 1688 &rarr; <strong>1701</strong><br />(+13 for winning)
|l|☆Wyvern.xyz
