|j|☆kvm1999
|j|☆DrippinSauce
|t:|1660498050
|gametype|singles
|player|p1|kvm1999|falkner|
|player|p2|DrippinSauce|benga|
|teamsize|p1|6
|teamsize|p2|6
|gen|8
|tier|[Gen 8] National Dex AG
|rule|HP Percentage Mod: HP is shown in percentages
|rule|Endless Battle Clause: Forcing endless battles is banned
|clearpoke
|poke|p1|Lopunny, M|
|poke|p1|Ditto|
|poke|p1|Porygon-Z|
|poke|p1|Diggersby, F|
|poke|p1|Heliolisk, F|
|poke|p1|Blissey, F|
|poke|p2|Mawile, M|
|poke|p2|Tapu Fini|
|poke|p2|Tapu Koko|
|poke|p2|Grimmsnarl, M|
|poke|p2|Clefable, F|
|poke|p2|Tapu Lele|
|teampreview
|inactive|Battle timer is ON: inactive players will automatically lose when time's up. (requested by kvm1999)
|c|☆kvm1999|Hf
|inactive|kvm1999 has 270 seconds left.
|
|t:|1660498082
|start
|switch|p1a: Βewear|Lopunny, M|100/100
|switch|p2a: Grimmsnarl|Grimmsnarl, M, shiny|100/100
|turn|1
|c|☆DrippinSauce|u2
|
|t:|1660498090
|detailschange|p1a: Βewear|Lopunny-Mega, M
|-mega|p1a: Βewear|Lopunny|Lopunnite
|move|p1a: Βewear|Fake Out|p2a: Grimmsnarl
|-damage|p2a: Grimmsnarl|79/100
|cant|p2a: Grimmsnarl|flinch
|
|upkeep
|turn|2
|
|t:|1660498097
|move|p2a: Grimmsnarl|Reflect|p2a: Grimmsnarl
|-sidestart|p2: DrippinSauce|Reflect
|move|p1a: Βewear|Close Combat|p2a: Grimmsnarl
|-crit|p2a: Grimmsnarl
|-damage|p2a: Grimmsnarl|0 fnt
|-unboost|p1a: Βewear|def|1
|-unboost|p1a: Βewear|spd|1
|faint|p2a: Grimmsnarl
|
|upkeep
|
|t:|1660498108
|switch|p2a: Tapu Lele|Tapu Lele, shiny|100/100
|-fieldstart|move: Psychic Terrain|[from] ability: Psychic Surge|[of] p2a: Tapu Lele
|turn|3
|
|t:|1660498115
|switch|p1a: Αltaria|Blissey, F|100/100
|move|p2a: Tapu Lele|Moonblast|p1a: Αltaria
|-damage|p1a: Αltaria|81/100
|
|upkeep
|turn|4
|
|t:|1660498121
|switch|p2a: Mawile|Mawile, M, shiny|100/100
|-ability|p2a: Mawile|Intimidate|boost
|-unboost|p1a: Αltaria|atk|1
|move|p1a: Αltaria|Stealth Rock|p2a: Mawile
|-sidestart|p2: DrippinSauce|move: Stealth Rock
|
|upkeep
|turn|5
|
|t:|1660498134
|switch|p1a: Nidοking|Diggersby, F|100/100
|detailschange|p2a: Mawile|Mawile-Mega, M, shiny
|-mega|p2a: Mawile|Mawile|Mawilite
|move|p2a: Mawile|Play Rough|p1a: Nidοking
|-damage|p1a: Nidοking|0 fnt
|faint|p1a: Nidοking
|
|upkeep
|
|t:|1660498139
|switch|p1a: Μew|Ditto|100/100
|turn|6
|c|☆kvm1999|Hmm curious
|inactive|kvm1999 has 270 seconds left.
|c|☆kvm1999|I learned something new today
|
|t:|1660498198
|move|p1a: Μew|Transform|p2a: Mawile
|-transform|p1a: Μew|p2a: Mawile
|move|p2a: Mawile|Iron Head|p1a: Μew
|-damage|p1a: Μew|25/100
|
|upkeep
|turn|7
|
|t:|1660498211
|move|p1a: Μew|Iron Head|p2a: Mawile
|-damage|p2a: Mawile|64/100
|cant|p2a: Mawile|flinch
|
|-fieldend|move: Psychic Terrain
|upkeep
|turn|8
|
|t:|1660498216
|move|p1a: Μew|Iron Head|p2a: Mawile
|-damage|p2a: Mawile|30/100
|move|p2a: Mawile|Iron Head|p1a: Μew
|-damage|p1a: Μew|0 fnt
|faint|p1a: Μew
|
|upkeep
|
|t:|1660498224
|switch|p1a: Βewear|Lopunny-Mega, M|100/100
|turn|9
|
|t:|1660498242
|switch|p2a: Clefable|Clefable, F, shiny|100/100
|move|p1a: Βewear|Close Combat|p2a: Clefable
|-resisted|p2a: Clefable
|-damage|p2a: Clefable|83/100
|-unboost|p1a: Βewear|def|1
|-unboost|p1a: Βewear|spd|1
|
|-heal|p2a: Clefable|89/100|[from] item: Leftovers
|-sideend|p2: DrippinSauce|Reflect
|upkeep
|turn|10
|
|t:|1660498250
|move|p1a: Βewear|U-turn|p2a: Clefable
|-resisted|p2a: Clefable
|-damage|p2a: Clefable|74/100
|inactive|kvm1999 has 270 seconds left.
|
|t:|1660498258
|switch|p1a: Porygon-Z|Porygon-Z|100/100|[from]move: U-turn
|move|p2a: Clefable|Toxic|p1a: Porygon-Z
|-status|p1a: Porygon-Z|tox
|
|-heal|p2a: Clefable|80/100|[from] item: Leftovers
|-damage|p1a: Porygon-Z|94/100 tox|[from] psn
|upkeep
|turn|11
|inactive|kvm1999 has 270 seconds left.
|
|t:|1660498270
|-zpower|p1a: Porygon-Z
|move|p1a: Porygon-Z|Z-Conversion|p1a: Porygon-Z|[anim]Conversion
|-boost|p1a: Porygon-Z|atk|1|[zeffect]
|-boost|p1a: Porygon-Z|def|1|[zeffect]
|-boost|p1a: Porygon-Z|spa|1|[zeffect]
|-boost|p1a: Porygon-Z|spd|1|[zeffect]
|-boost|p1a: Porygon-Z|spe|1|[zeffect]
|-start|p1a: Porygon-Z|typechange|Ice
|move|p2a: Clefable|Stealth Rock|p1a: Porygon-Z
|-sidestart|p1: kvm1999|move: Stealth Rock
|
|-heal|p2a: Clefable|87/100|[from] item: Leftovers
|-damage|p1a: Porygon-Z|82/100 tox|[from] psn
|upkeep
|turn|12
|
|t:|1660498276
|move|p1a: Porygon-Z|Ice Beam|p2a: Clefable
|-damage|p2a: Clefable|10/100
|move|p2a: Clefable|Moonlight|p2a: Clefable
|-heal|p2a: Clefable|60/100
|
|-heal|p2a: Clefable|66/100|[from] item: Leftovers
|-damage|p1a: Porygon-Z|64/100 tox|[from] psn
|upkeep
|turn|13
|
|t:|1660498287
|move|p1a: Porygon-Z|Ice Beam|p2a: Clefable
|-damage|p2a: Clefable|0 fnt
|faint|p2a: Clefable
|
|-damage|p1a: Porygon-Z|39/100 tox|[from] psn
|upkeep
|
|t:|1660498293
|switch|p2a: Mawile|Mawile-Mega, M, shiny|30/100
|-damage|p2a: Mawile|24/100|[from] Stealth Rock
|turn|14
|
|t:|1660498298
|move|p2a: Mawile|Sucker Punch|p1a: Porygon-Z
|-damage|p1a: Porygon-Z|0 fnt
|faint|p1a: Porygon-Z
|
|upkeep
|
|t:|1660498306
|switch|p1a: Βewear|Lopunny-Mega, M|100/100
|-damage|p1a: Βewear|95/100|[from] Stealth Rock
|turn|15
|
|t:|1660498313
|switch|p2a: Tapu Fini|Tapu Fini, shiny|100/100
|-damage|p2a: Tapu Fini|88/100|[from] Stealth Rock
|-fieldstart|move: Misty Terrain|[from] ability: Misty Surge|[of] p2a: Tapu Fini
|move|p1a: Βewear|Return|p2a: Tapu Fini
|-damage|p2a: Tapu Fini|50/100
|
|-heal|p2a: Tapu Fini|57/100|[from] item: Leftovers
|upkeep
|turn|16
|
|t:|1660498320
|switch|p2a: Mawile|Mawile-Mega, M, shiny|24/100
|-damage|p2a: Mawile|18/100|[from] Stealth Rock
|move|p1a: Βewear|U-turn|p2a: Mawile
|-resisted|p2a: Mawile
|-damage|p2a: Mawile|13/100
|
|t:|1660498325
|switch|p1a: Raiсhu|Heliolisk, F|100/100|[from]move: U-turn
|-damage|p1a: Raiсhu|88/100|[from] Stealth Rock
|
|upkeep
|turn|17
|
|t:|1660498331
|move|p2a: Mawile|Sucker Punch|p1a: Raiсhu
|-damage|p1a: Raiсhu|0 fnt
|faint|p1a: Raiсhu
|
|upkeep
|
|t:|1660498333
|switch|p1a: Βewear|Lopunny-Mega, M|95/100
|-damage|p1a: Βewear|89/100|[from] Stealth Rock
|turn|18
|
|t:|1660498339
|switch|p2a: Tapu Fini|Tapu Fini, shiny|57/100
|-damage|p2a: Tapu Fini|44/100|[from] Stealth Rock
|move|p1a: Βewear|Return|p2a: Tapu Fini
|-damage|p2a: Tapu Fini|6/100
|
|-heal|p2a: Tapu Fini|12/100|[from] item: Leftovers
|upkeep
|turn|19
|
|t:|1660498344
|move|p1a: Βewear|U-turn|p2a: Tapu Fini
|-resisted|p2a: Tapu Fini
|-damage|p2a: Tapu Fini|3/100
|
|t:|1660498346
|switch|p1a: Αltaria|Blissey, F|81/100|[from]move: U-turn
|move|p2a: Tapu Fini|Moonblast|p1a: Αltaria
|-damage|p1a: Αltaria|70/100
|
|-heal|p2a: Tapu Fini|10/100|[from] item: Leftovers
|-fieldend|Misty Terrain
|upkeep
|turn|20
|
|t:|1660498353
|move|p2a: Tapu Fini|Scald|p1a: Αltaria
|-damage|p1a: Αltaria|61/100
|move|p1a: Αltaria|Seismic Toss|p2a: Tapu Fini
|-damage|p2a: Tapu Fini|0 fnt
|faint|p2a: Tapu Fini
|
|upkeep
|
|t:|1660498358
|switch|p2a: Tapu Koko|Tapu Koko, shiny|100/100
|-damage|p2a: Tapu Koko|88/100|[from] Stealth Rock
|-fieldstart|move: Electric Terrain|[from] ability: Electric Surge|[of] p2a: Tapu Koko
|turn|21
|
|t:|1660498361
|-zpower|p2a: Tapu Koko
|move|p2a: Tapu Koko|Gigavolt Havoc|p1a: Αltaria|[zeffect]
|-damage|p1a: Αltaria|0 fnt
|faint|p1a: Αltaria
|
|upkeep
|
|t:|1660498364
|switch|p1a: Βewear|Lopunny-Mega, M|89/100
|-damage|p1a: Βewear|83/100|[from] Stealth Rock
|turn|22
|
|t:|1660498367
|move|p1a: Βewear|Fake Out|p2a: Tapu Koko
|-damage|p2a: Tapu Koko|58/100
|cant|p2a: Tapu Koko|flinch
|
|upkeep
|turn|23
|
|t:|1660498372
|move|p1a: Βewear|Return|p2a: Tapu Koko
|-damage|p2a: Tapu Koko|0 fnt
|faint|p2a: Tapu Koko
|
|upkeep
|
|t:|1660498375
|switch|p2a: Tapu Lele|Tapu Lele, shiny|100/100
|-damage|p2a: Tapu Lele|88/100|[from] Stealth Rock
|-fieldstart|move: Psychic Terrain|[from] ability: Psychic Surge|[of] p2a: Tapu Lele
|turn|24
|c|☆kvm1999|Gg
|c|☆DrippinSauce|gg
|
|t:|1660498385
|move|p2a: Tapu Lele|Psychic|p1a: Βewear
|-supereffective|p1a: Βewear
|-damage|p1a: Βewear|0 fnt
|faint|p1a: Βewear
|
|win|DrippinSauce
