|j|☆85792195wwww
|j|☆OhLooord
|t:|1665202502
|gametype|singles
|player|p1|85792195wwww|266|1825
|player|p2|OhLooord|lucas|1752
|teamsize|p1|6
|teamsize|p2|6
|gen|8
|tier|[Gen 8] National Dex AG
|rated|
|rule|HP Percentage Mod: HP is shown in percentages
|rule|Endless Battle Clause: Forcing endless battles is banned
|clearpoke
|poke|p1|Kyogre|
|poke|p1|Zacian-*|
|poke|p1|Rayquaza|
|poke|p1|Marshadow|
|poke|p1|Ditto|
|poke|p1|Arceus-*|
|poke|p2|Rayquaza|
|poke|p2|Arceus-*|
|poke|p2|Arceus-*|
|poke|p2|Arceus-*|
|poke|p2|Necrozma-Dusk-Mane|
|poke|p2|Yveltal|
|teampreview
|
|t:|1665202520
|start
|switch|p1a: Kyogre|Kyogre|100/100
|switch|p2a: Arceus|Arceus-Ground|100/100
|detailschange|p1a: Kyogre|Kyogre-Primal
|-primal|p1a: Kyogre
|-weather|PrimordialSea|[from] ability: Primordial Sea|[of] p1a: Kyogre
|turn|1
|
|t:|1665202559
|switch|p2a: the gwoat|Rayquaza|100/100
|-ability|p2a: the gwoat|Air Lock
|move|p1a: Kyogre|Scald|p2a: the gwoat
|-resisted|p2a: the gwoat
|-damage|p2a: the gwoat|70/100
|-status|p2a: the gwoat|brn
|
|-weather|PrimordialSea|[upkeep]
|-damage|p2a: the gwoat|64/100 brn|[from] brn
|upkeep
|turn|2
|
|t:|1665202572
|-weather|none
|switch|p1a: Arceus|Arceus-Electric|100/100
|detailschange|p2a: the gwoat|Rayquaza-Mega
|-mega|p2a: the gwoat|Rayquaza|
|-weather|DeltaStream|[from] ability: Delta Stream|[of] p2a: the gwoat
|move|p2a: the gwoat|Earthquake|p1a: Arceus
|-supereffective|p1a: Arceus
|-damage|p1a: Arceus|54/100
|-damage|p2a: the gwoat|54/100 brn|[from] item: Life Orb
|
|-weather|DeltaStream|[upkeep]
|-damage|p2a: the gwoat|48/100 brn|[from] brn
|upkeep
|turn|3
|
|t:|1665202586
|move|p1a: Arceus|Stealth Rock|p2a: the gwoat
|-sidestart|p2: OhLooord|move: Stealth Rock
|move|p2a: the gwoat|Earthquake|p1a: Arceus
|-supereffective|p1a: Arceus
|-crit|p1a: Arceus
|-damage|p1a: Arceus|0 fnt
|faint|p1a: Arceus
|-damage|p2a: the gwoat|38/100 brn|[from] item: Life Orb
|
|-weather|DeltaStream|[upkeep]
|-damage|p2a: the gwoat|32/100 brn|[from] brn
|upkeep
|c|☆OhLooord|oufy
|
|t:|1665202597
|switch|p1a: Zacian|Zacian-Crowned|100/100
|-ability|p1a: Zacian|Intrepid Sword|boost
|-boost|p1a: Zacian|atk|1
|turn|4
|
|t:|1665202602
|move|p1a: Zacian|Behemoth Blade|p2a: the gwoat
|-damage|p2a: the gwoat|0 fnt
|faint|p2a: the gwoat
|-weather|none
|
|upkeep
|
|t:|1665202604
|switch|p2a: Necrozma|Necrozma-Dusk-Mane|100/100
|-damage|p2a: Necrozma|94/100|[from] Stealth Rock
|turn|5
|
|t:|1665202613
|switch|p1a: Kyogre|Kyogre-Primal|100/100
|-weather|PrimordialSea|[from] ability: Primordial Sea|[of] p1a: Kyogre
|move|p2a: Necrozma|Dragon Dance|p2a: Necrozma
|-boost|p2a: Necrozma|atk|1
|-boost|p2a: Necrozma|spe|1
|
|-weather|PrimordialSea|[upkeep]
|upkeep
|turn|6
|
|t:|1665202621
|detailschange|p2a: Necrozma|Necrozma-Ultra
|-burst|p2a: Necrozma|Necrozma|Ultranecrozium Z
|move|p2a: Necrozma|Photon Geyser|p1a: Kyogre
|-damage|p1a: Kyogre|23/100
|move|p1a: Kyogre|Ice Beam|p2a: Necrozma
|-supereffective|p2a: Necrozma
|-damage|p2a: Necrozma|4/100
|
|-weather|PrimordialSea|[upkeep]
|upkeep
|turn|7
|
|t:|1665202639
|-zpower|p2a: Necrozma
|move|p2a: Necrozma|Light That Burns the Sky|p1a: Kyogre|[zeffect]
|-damage|p1a: Kyogre|0 fnt
|faint|p1a: Kyogre
|-weather|none
|
|upkeep
|
|t:|1665202647
|switch|p1a: Ditto|Ditto|100/100
|-transform|p1a: Ditto|p2a: Necrozma|[from] ability: Imposter
|turn|8
|
|t:|1665202653
|move|p1a: Ditto|Sunsteel Strike|p2a: Necrozma
|-damage|p2a: Necrozma|0 fnt
|faint|p2a: Necrozma
|
|upkeep
|
|t:|1665202657
|switch|p2a: Yveltal|Yveltal|100/100
|-damage|p2a: Yveltal|76/100|[from] Stealth Rock
|-ability|p2a: Yveltal|Dark Aura
|turn|9
|
|t:|1665202667
|move|p2a: Yveltal|Sucker Punch|p1a: Ditto
|-supereffective|p1a: Ditto
|-damage|p1a: Ditto|0 fnt
|faint|p1a: Ditto
|-damage|p2a: Yveltal|66/100|[from] item: Life Orb
|
|upkeep
|
|t:|1665202676
|switch|p1a: Zacian|Zacian-Crowned|100/100
|-ability|p1a: Zacian|Intrepid Sword|boost
|-boost|p1a: Zacian|atk|1
|turn|10
|
|t:|1665202681
|move|p1a: Zacian|Behemoth Blade|p2a: Yveltal
|-damage|p2a: Yveltal|0 fnt
|faint|p2a: Yveltal
|
|upkeep
|
|t:|1665202684
|switch|p2a: Arceus|Arceus-Ground|100/100
|-damage|p2a: Arceus|94/100|[from] Stealth Rock
|turn|11
|
|t:|1665202693
|switch|p1a: Rayquaza|Rayquaza|100/100
|-ability|p1a: Rayquaza|Air Lock
|move|p2a: Arceus|Judgment|p1a: Rayquaza
|-immune|p1a: Rayquaza
|
|upkeep
|turn|12
|
|t:|1665202704
|detailschange|p1a: Rayquaza|Rayquaza-Mega
|-mega|p1a: Rayquaza|Rayquaza|
|-weather|DeltaStream|[from] ability: Delta Stream|[of] p1a: Rayquaza
|-start|p2a: Arceus|Dynamax|
|-heal|p2a: Arceus|94/100|[silent]
|move|p1a: Rayquaza|Dragon Ascent|p2a: Arceus
|-damage|p2a: Arceus|61/100
|-unboost|p1a: Rayquaza|def|1
|-unboost|p1a: Rayquaza|spd|1
|move|p2a: Arceus|Max Hailstorm|p1a: Rayquaza
|-activate||deltastream
|-supereffective|p1a: Rayquaza
|-crit|p1a: Rayquaza
|-damage|p1a: Rayquaza|0 fnt
|-weather|Hail
|faint|p1a: Rayquaza
|
|-weather|Hail|[upkeep]
|-damage|p2a: Arceus|57/100|[from] Hail
|upkeep
|
|t:|1665202722
|switch|p1a: Zacian|Zacian-Crowned|100/100
|-ability|p1a: Zacian|Intrepid Sword|boost
|-boost|p1a: Zacian|atk|1
|turn|13
|
|t:|1665202731
|move|p1a: Zacian|Behemoth Blade|p2a: Arceus
|-damage|p2a: Arceus|0 fnt
|faint|p2a: Arceus
|
|-weather|Hail|[upkeep]
|-damage|p1a: Zacian|94/100|[from] Hail
|upkeep
|
|t:|1665202738
|switch|p2a: Arceus|Arceus|100/100
|-damage|p2a: Arceus|88/100|[from] Stealth Rock
|turn|14
|
|t:|1665202743
|move|p1a: Zacian|Close Combat|p2a: Arceus
|-supereffective|p2a: Arceus
|-damage|p2a: Arceus|0 fnt
|-unboost|p1a: Zacian|def|1
|-unboost|p1a: Zacian|spd|1
|faint|p2a: Arceus
|
|-weather|Hail|[upkeep]
|-damage|p1a: Zacian|88/100|[from] Hail
|upkeep
|
|t:|1665202745
|switch|p2a: Arceus|Arceus-Fairy|100/100
|-damage|p2a: Arceus|88/100|[from] Stealth Rock
|turn|15
|-message|OhLooord forfeited.
|
|win|85792195wwww
|raw|85792195wwww's rating: 1825 &rarr; <strong>1841</strong><br />(+16 for winning)
|raw|OhLooord's rating: 1752 &rarr; <strong>1736</strong><br />(-16 for losing)
|l|☆OhLooord
