|j|☆Gracidea Gible
|j|☆ThievesBoom
|t:|1667142395
|gametype|singles
|player|p1|Gracidea Gible|102|1448
|player|p2|ThievesBoom|169|1531
|teamsize|p1|6
|teamsize|p2|6
|gen|8
|tier|[Gen 8] National Dex AG
|rated|
|rule|HP Percentage Mod: HP is shown in percentages
|rule|Endless Battle Clause: Forcing endless battles is banned
|clearpoke
|poke|p1|Gardevoir, F|
|poke|p1|Gallade, M|
|poke|p1|Milotic, M|
|poke|p1|Krookodile, F|
|poke|p1|Kyurem-White|
|poke|p1|Melmetal|
|poke|p2|Gengar, F|
|poke|p2|Wobbuffet, F|
|poke|p2|Gothitelle, M|
|poke|p2|Arceus-*|
|poke|p2|Tyranitar, F|
|poke|p2|Arceus-*|
|teampreview
|
|t:|1667142417
|start
|switch|p1a: Krookodile|Krookodile, F|100/100
|switch|p2a: Gothitelle|Gothitelle, M|100/100
|-ability|p1a: Krookodile|Intimidate|boost
|-unboost|p2a: Gothitelle|atk|1
|turn|1
|
|t:|1667142426
|move|p2a: Gothitelle|Trick|p1a: Krookodile
|-activate|p2a: Gothitelle|move: Trick|[of] p1a: Krookodile
|-item|p1a: Krookodile|Choice Scarf|[from] move: Trick
|-item|p2a: Gothitelle|Focus Sash|[from] move: Trick
|move|p1a: Krookodile|Stealth Rock|p2a: Gothitelle
|-sidestart|p2: ThievesBoom|move: Stealth Rock
|
|upkeep
|turn|2
|
|t:|1667142440
|-start|p1a: Krookodile|Dynamax|
|-heal|p1a: Krookodile|100/100|[silent]
|move|p1a: Krookodile|Max Darkness|p2a: Gothitelle
|-supereffective|p2a: Gothitelle
|-enditem|p2a: Gothitelle|Focus Sash
|-damage|p2a: Gothitelle|1/100
|-unboost|p2a: Gothitelle|spd|1
|move|p2a: Gothitelle|Cosmic Power|p2a: Gothitelle
|-boost|p2a: Gothitelle|def|1
|-boost|p2a: Gothitelle|spd|1
|
|upkeep
|turn|3
|
|t:|1667142455
|move|p1a: Krookodile|Max Darkness|p2a: Gothitelle
|-supereffective|p2a: Gothitelle
|-damage|p2a: Gothitelle|0 fnt
|faint|p2a: Gothitelle
|
|upkeep
|
|t:|1667142459
|switch|p2a: Gengar|Gengar, F|100/100
|-damage|p2a: Gengar|88/100|[from] Stealth Rock
|turn|4
|
|t:|1667142474
|detailschange|p2a: Gengar|Gengar-Mega, F
|-mega|p2a: Gengar|Gengar|Gengarite
|move|p2a: Gengar|Substitute|p2a: Gengar
|-start|p2a: Gengar|Substitute
|-damage|p2a: Gengar|63/100
|move|p1a: Krookodile|Max Darkness|p2a: Gengar
|-supereffective|p2a: Gengar
|-end|p2a: Gengar|Substitute
|-unboost|p2a: Gengar|spd|1
|
|upkeep
|-end|p1a: Krookodile|Dynamax
|-heal|p1a: Krookodile|100/100|[silent]
|turn|5
|l|☆ThievesBoom
|player|p2|
|j|☆ThievesBoom
|player|p2|ThievesBoom|169
|
|t:|1667142496
|move|p1a: Krookodile|Stealth Rock||[still]
|-fail|p1a: Krookodile
|move|p2a: Gengar|Substitute|p2a: Gengar
|-start|p2a: Gengar|Substitute
|-damage|p2a: Gengar|38/100
|
|upkeep
|turn|6
|-message|Gracidea Gible forfeited.
|
|win|ThievesBoom
|raw|Gracidea Gible's rating: 1448 &rarr; <strong>1433</strong><br />(-15 for losing)
|raw|ThievesBoom's rating: 1531 &rarr; <strong>1546</strong><br />(+15 for winning)
|l|☆Gracidea Gible
