|j|☆Morale Booster
|j|☆Matsui_Miyako
|t:|1661877639
|gametype|singles
|player|p1|Morale Booster|grimsley|1464
|player|p2|Matsui_Miyako|allister|1515
|teamsize|p1|6
|teamsize|p2|6
|gen|8
|tier|[Gen 8] National Dex AG
|rated|
|rule|HP Percentage Mod: HP is shown in percentages
|rule|Endless Battle Clause: Forcing endless battles is banned
|clearpoke
|poke|p1|Smeargle, M|
|poke|p1|Lugia|
|poke|p1|Xerneas-*|
|poke|p1|Marshadow|
|poke|p1|Diancie|
|poke|p1|Clefable, M|
|poke|p2|Arceus-*|
|poke|p2|Kyogre|
|poke|p2|Groudon|
|poke|p2|Victini|
|poke|p2|Xerneas-*|
|poke|p2|Ditto|
|teampreview
|
|t:|1661877646
|start
|switch|p1a: Diancie|Diancie|100/100
|switch|p2a: Victini|Victini|100/100
|turn|1
|
|t:|1661877655
|detailschange|p1a: Diancie|Diancie-Mega
|-mega|p1a: Diancie|Diancie|Diancite
|move|p1a: Diancie|Protect|p1a: Diancie
|-singleturn|p1a: Diancie|Protect
|move|p2a: Victini|Final Gambit|p1a: Diancie
|-activate|p1a: Diancie|move: Protect
|
|upkeep
|turn|2
|
|t:|1661877671
|switch|p2a: Ditto|Ditto|100/100
|-transform|p2a: Ditto|p1a: Diancie|[from] ability: Imposter
|switch|p1a: Clefable|Clefable, M, shiny|100/100
|
|upkeep
|turn|3
|inactive|Battle timer is ON: inactive players will automatically lose when time's up. (requested by Matsui_Miyako)
|
|t:|1661877681
|switch|p1a: Diancie|Diancie-Mega|100/100
|move|p2a: Ditto|Diamond Storm|p1a: Diancie
|-crit|p1a: Diancie
|-damage|p1a: Diancie|13/100
|
|upkeep
|turn|4
|
|t:|1661877693
|move|p2a: Ditto|Diamond Storm|p1a: Diancie
|-damage|p1a: Diancie|0 fnt
|faint|p1a: Diancie
|
|upkeep
|
|t:|1661877702
|switch|p1a: Clefable|Clefable, M, shiny|100/100
|turn|5
|
|t:|1661877720
|move|p2a: Ditto|Diamond Storm|p1a: Clefable
|-damage|p1a: Clefable|47/100
|-boost|p2a: Ditto|def|2
|move|p1a: Clefable|Minimize|p1a: Clefable
|-boost|p1a: Clefable|evasion|2
|
|-heal|p1a: Clefable|53/100|[from] item: Leftovers
|upkeep
|turn|6
|
|t:|1661877728
|move|p2a: Ditto|Diamond Storm|p1a: Clefable
|-damage|p1a: Clefable|0 fnt
|faint|p1a: Clefable
|
|upkeep
|-message|Morale Booster forfeited.
|
|win|Matsui_Miyako
|raw|Morale Booster's rating: 1464 &rarr; <strong>1447</strong><br />(-17 for losing)
|raw|Matsui_Miyako's rating: 1515 &rarr; <strong>1532</strong><br />(+17 for winning)
|l|☆Morale Booster
||Ladder isn't responding, score probably updated but might not have (Request timeout).
