|j|☆Siege Team II
|j|☆AnimeZZZZ5
|t:|1624523948
|gametype|singles
|player|p1|Siege Team II|veteran|1633
|player|p2|AnimeZZZZ5|bugcatcher|1868
|teamsize|p1|6
|teamsize|p2|6
|gen|8
|tier|[Gen 8] National Dex AG
|rated|
|rule|HP Percentage Mod: HP is shown in percentages
|rule|Endless Battle Clause: Forcing endless battles is banned
|clearpoke
|poke|p1|Shedinja|
|poke|p1|Arceus-*|
|poke|p1|Zacian-*|
|poke|p1|Yveltal|
|poke|p1|Necrozma-Dusk-Mane|
|poke|p1|Calyrex-Shadow|
|poke|p2|Rayquaza|
|poke|p2|Yveltal|
|poke|p2|Groudon|
|poke|p2|Arceus-*|
|poke|p2|Ditto|
|poke|p2|Yveltal|
|teampreview
|inactive|Battle timer is ON: inactive players will automatically lose when time's up. (requested by Siege Team II)
|
|t:|1624523958
|start
|switch|p1a: Zacian|Zacian-Crowned|100/100
|switch|p2a: Yveltal|Yveltal|100/100
|-ability|p1a: Zacian|Intrepid Sword|boost
|-boost|p1a: Zacian|atk|1
|-ability|p2a: Yveltal|Dark Aura
|turn|1
|
|t:|1624523966
|switch|p2a: Groudon|Groudon|100/100
|detailschange|p2a: Groudon|Groudon-Primal
|-primal|p2a: Groudon
|-weather|DesolateLand|[from] ability: Desolate Land|[of] p2a: Groudon
|move|p1a: Zacian|Close Combat|p2a: Groudon
|-damage|p2a: Groudon|59/100
|-unboost|p1a: Zacian|def|1
|-unboost|p1a: Zacian|spd|1
|
|-weather|DesolateLand|[upkeep]
|upkeep
|turn|2
|
|t:|1624523983
|move|p1a: Zacian|Substitute|p1a: Zacian
|-start|p1a: Zacian|Substitute
|-damage|p1a: Zacian|76/100
|move|p2a: Groudon|Stealth Rock|p1a: Zacian
|-sidestart|p1: Siege Team II|move: Stealth Rock
|
|-weather|DesolateLand|[upkeep]
|upkeep
|turn|3
|
|t:|1624523989
|move|p1a: Zacian|Close Combat|p2a: Groudon
|-damage|p2a: Groudon|12/100
|-unboost|p1a: Zacian|def|1
|-unboost|p1a: Zacian|spd|1
|move|p2a: Groudon|Precipice Blades|p1a: Zacian
|-supereffective|p1a: Zacian
|-end|p1a: Zacian|Substitute
|
|-weather|DesolateLand|[upkeep]
|upkeep
|turn|4
|
|t:|1624523998
|move|p1a: Zacian|Behemoth Blade|p2a: Groudon
|-resisted|p2a: Groudon
|-damage|p2a: Groudon|0 fnt
|faint|p2a: Groudon
|-weather|none
|
|upkeep
|
|t:|1624524002
|switch|p2a: Ditto|Ditto|100/100
|-transform|p2a: Ditto|p1a: Zacian|[from] ability: Imposter
|-ability|p2a: Ditto|Intrepid Sword|boost
|-boost|p2a: Ditto|atk|1
|turn|5
|
|t:|1624524011
|switch|p2a: Rayquaza|Rayquaza|100/100
|-ability|p2a: Rayquaza|Air Lock
|switch|p1a: Shedinja|Shedinja|100/100
|
|upkeep
|turn|6
|
|t:|1624524019
|switch|p1a: Necrozma|Necrozma-Dusk-Mane|100/100
|-damage|p1a: Necrozma|94/100|[from] Stealth Rock
|detailschange|p2a: Rayquaza|Rayquaza-Mega
|-mega|p2a: Rayquaza|Rayquaza|
|-weather|DeltaStream|[from] ability: Delta Stream|[of] p2a: Rayquaza
|move|p2a: Rayquaza|V-create|p1a: Necrozma
|-supereffective|p1a: Necrozma
|-damage|p1a: Necrozma|0 fnt
|-unboost|p2a: Rayquaza|spe|1
|-unboost|p2a: Rayquaza|def|1
|-unboost|p2a: Rayquaza|spd|1
|faint|p1a: Necrozma
|
|-weather|DeltaStream|[upkeep]
|upkeep
|
|t:|1624524036
|switch|p1a: Arceus|Arceus, shiny|100/100
|-damage|p1a: Arceus|88/100|[from] Stealth Rock
|turn|7
|
|t:|1624524040
|-weather|none
|switch|p2a: Yveltal|Yveltal|100/100
|-ability|p2a: Yveltal|Dark Aura
|-zpower|p1a: Arceus
|move|p1a: Arceus|Breakneck Blitz|p2a: Yveltal|[zeffect]
|-damage|p2a: Yveltal|59/100
|
|upkeep
|turn|8
|
|t:|1624524051
|move|p1a: Arceus|Defog|p2a: Yveltal
|-unboost|p2a: Yveltal|evasion|1
|-sideend|p1: Siege Team II|Stealth Rock|[from] move: Defog|[of] p1a: Arceus
|move|p2a: Yveltal|Roost|p2a: Yveltal
|-heal|p2a: Yveltal|100/100
|-singleturn|p2a: Yveltal|move: Roost
|
|upkeep
|turn|9
|
|t:|1624524059
|switch|p1a: Zacian|Zacian-Crowned|76/100
|-ability|p1a: Zacian|Intrepid Sword|boost
|-boost|p1a: Zacian|atk|1
|move|p2a: Yveltal|Foul Play|p1a: Zacian
|-resisted|p1a: Zacian
|-damage|p1a: Zacian|18/100
|
|upkeep
|turn|10
|
|t:|1624524067
|move|p1a: Zacian|Wild Charge|p2a: Yveltal
|-supereffective|p2a: Yveltal
|-damage|p2a: Yveltal|35/100
|-damage|p1a: Zacian|0 fnt|[from] Recoil
|faint|p1a: Zacian
|move|p2a: Yveltal|Foul Play|p1: Zacian|[notarget]
|-fail|p2a: Yveltal
|
|upkeep
|
|t:|1624524077
|switch|p1a: Calyrex|Calyrex-Shadow|100/100
|-ability|p1a: Calyrex|As One
|-ability|p1a: Calyrex|Unnerve
|turn|11
|
|t:|1624524084
|move|p1a: Calyrex|Substitute|p1a: Calyrex
|-start|p1a: Calyrex|Substitute
|-damage|p1a: Calyrex|76/100
|move|p2a: Yveltal|Roost|p2a: Yveltal
|-heal|p2a: Yveltal|86/100
|-singleturn|p2a: Yveltal|move: Roost
|
|upkeep
|turn|12
|
|t:|1624524092
|move|p1a: Calyrex|Nasty Plot|p1a: Calyrex
|-boost|p1a: Calyrex|spa|2
|move|p2a: Yveltal|Foul Play|p1a: Calyrex
|-supereffective|p1a: Calyrex
|-end|p1a: Calyrex|Substitute
|
|upkeep
|turn|13
|
|t:|1624524099
|move|p1a: Calyrex|Substitute|p1a: Calyrex
|-start|p1a: Calyrex|Substitute
|-damage|p1a: Calyrex|51/100
|move|p2a: Yveltal|Foul Play|p1a: Calyrex
|-supereffective|p1a: Calyrex
|-end|p1a: Calyrex|Substitute
|
|upkeep
|turn|14
|
|t:|1624524106
|move|p1a: Calyrex|Draining Kiss|p2a: Yveltal
|-supereffective|p2a: Yveltal
|-crit|p2a: Yveltal
|-damage|p2a: Yveltal|0 fnt
|-heal|p1a: Calyrex|100/100|[from] drain|[of] p2a: Yveltal
|faint|p2a: Yveltal
|-ability|p1a: Calyrex|Grim Neigh|boost
|-boost|p1a: Calyrex|spa|1
|-damage|p1a: Calyrex|91/100|[from] item: Life Orb
|
|upkeep
|
|t:|1624524111
|switch|p2a: Ditto|Ditto|100/100
|-transform|p2a: Ditto|p1a: Calyrex|[from] ability: Imposter
|turn|15
|
|t:|1624524119
|switch|p1a: Arceus|Arceus, shiny|88/100
|move|p2a: Ditto|Astral Barrage|p1a: Arceus
|-immune|p1a: Arceus
|
|upkeep
|turn|16
|
|t:|1624524129
|switch|p2a: Rayquaza|Rayquaza-Mega|100/100
|-weather|DeltaStream|[from] ability: Delta Stream|[of] p2a: Rayquaza
|move|p1a: Arceus|Extreme Speed|p2a: Rayquaza
|-damage|p2a: Rayquaza|63/100
|
|-weather|DeltaStream|[upkeep]
|upkeep
|turn|17
|
|t:|1624524137
|move|p1a: Arceus|Extreme Speed|p2a: Rayquaza
|-damage|p2a: Rayquaza|27/100
|move|p2a: Rayquaza|Dragon Ascent|p1a: Arceus
|-damage|p1a: Arceus|0 fnt
|-unboost|p2a: Rayquaza|def|1
|-unboost|p2a: Rayquaza|spd|1
|faint|p1a: Arceus
|
|-weather|DeltaStream|[upkeep]
|upkeep
|
|t:|1624524149
|switch|p1a: Shedinja|Shedinja|100/100
|turn|18
|
|t:|1624524159
|-weather|none
|switch|p2a: Yveltal|Yveltal|100/100
|-ability|p2a: Yveltal|Dark Aura
|move|p1a: Shedinja|Shadow Sneak|p2a: Yveltal
|-resisted|p2a: Yveltal
|-damage|p2a: Yveltal|93/100
|
|upkeep
|turn|19
|
|t:|1624524168
|switch|p1a: Yveltal|Yveltal, shiny|100/100
|-ability|p1a: Yveltal|Dark Aura
|move|p2a: Yveltal|Oblivion Wing|p1a: Yveltal
|-damage|p1a: Yveltal|52/100
|-heal|p2a: Yveltal|100/100|[from] drain|[of] p1a: Yveltal
|-damage|p2a: Yveltal|91/100|[from] item: Life Orb
|
|upkeep
|turn|20
|
|t:|1624524181
|-start|p2a: Yveltal|Dynamax
|-heal|p2a: Yveltal|91/100|[silent]
|move|p1a: Yveltal|Oblivion Wing|p2a: Yveltal
|-damage|p2a: Yveltal|71/100
|-heal|p1a: Yveltal|81/100|[from] drain|[of] p2a: Yveltal
|move|p2a: Yveltal|Max Airstream|p1a: Yveltal
|-damage|p1a: Yveltal|0 fnt
|-boost|p2a: Yveltal|spe|1
|faint|p1a: Yveltal
|-damage|p2a: Yveltal|66/100|[from] item: Life Orb
|
|upkeep
|-message|Siege Team II forfeited.
|
|win|AnimeZZZZ5
|raw|Siege Team II's rating: 1633 &rarr; <strong>1625</strong><br />(-8 for losing)
|raw|AnimeZZZZ5's rating: 1868 &rarr; <strong>1876</strong><br />(+8 for winning)
|l|☆Siege Team II
