|j|☆TestTeamBro
|j|☆Snakethey
|t:|1649512879
|gametype|singles
|player|p1|TestTeamBro|wikstrom|1159
|player|p2|Snakethey|flint|1185
|teamsize|p1|6
|teamsize|p2|6
|gen|8
|tier|[Gen 8] National Dex AG
|rated|
|rule|HP Percentage Mod: HP is shown in percentages
|rule|Endless Battle Clause: Forcing endless battles is banned
|clearpoke
|poke|p1|Calyrex-Shadow|
|poke|p1|Sableye, M|
|poke|p1|Mimikyu, M|
|poke|p1|Blacephalon|
|poke|p1|Aegislash, M|
|poke|p1|Golurk|
|poke|p2|Blaziken, M|
|poke|p2|Mew|
|poke|p2|Snorlax, F|
|poke|p2|Darkrai|
|poke|p2|Smeargle, F|
|poke|p2|Galvantula, M|
|teampreview
|inactive|Battle timer is ON: inactive players will automatically lose when time's up. (requested by TestTeamBro)
|
|t:|1649512883
|start
|switch|p1a: Sableye|Sableye, M|100/100
|switch|p2a: Galvantula|Galvantula, M|100/100
|turn|1
|
|t:|1649512891
|detailschange|p1a: Sableye|Sableye-Mega, M
|-mega|p1a: Sableye|Sableye|Sablenite
|move|p2a: Galvantula|Sticky Web|p1a: Sableye
|move|p1a: Sableye|Sticky Web|p2a: Galvantula|[from]ability: Magic Bounce
|-sidestart|p2: Snakethey|move: Sticky Web
|move|p1a: Sableye|Hone Claws|p1a: Sableye
|-boost|p1a: Sableye|atk|1
|-boost|p1a: Sableye|accuracy|1
|
|upkeep
|turn|2
|
|t:|1649512901
|move|p2a: Galvantula|Thunder|p1a: Sableye|[miss]
|-miss|p2a: Galvantula|p1a: Sableye
|move|p1a: Sableye|Hone Claws|p1a: Sableye
|-boost|p1a: Sableye|atk|1
|-boost|p1a: Sableye|accuracy|1
|
|upkeep
|turn|3
|
|t:|1649512909
|move|p2a: Galvantula|Thunder|p1a: Sableye
|-damage|p1a: Sableye|52/100
|move|p1a: Sableye|Poltergeist|p2a: Galvantula
|-activate|p2a: Galvantula|move: Poltergeist|Focus Sash
|-enditem|p2a: Galvantula|Focus Sash
|-damage|p2a: Galvantula|1/100
|
|upkeep
|turn|4
|
|t:|1649512919
|move|p1a: Sableye|Sucker Punch|p2a: Galvantula
|-damage|p2a: Galvantula|0 fnt
|faint|p2a: Galvantula
|
|upkeep
|
|t:|1649512930
|switch|p2a: Snorlax|Snorlax, F, shiny|100/100
|-activate|p2a: Snorlax|move: Sticky Web
|-unboost|p2a: Snorlax|spe|1
|turn|5
|
|t:|1649512939
|move|p1a: Sableye|Drain Punch|p2a: Snorlax
|-supereffective|p2a: Snorlax
|-damage|p2a: Snorlax|38/100
|-heal|p1a: Sableye|100/100|[from] drain|[of] p2a: Snorlax
|move|p2a: Snorlax|Curse|p2a: Snorlax
|-unboost|p2a: Snorlax|spe|1
|-boost|p2a: Snorlax|atk|1
|-boost|p2a: Snorlax|def|1
|
|upkeep
|turn|6
|
|t:|1649512950
|-start|p2a: Snorlax|Dynamax|Gmax
|-heal|p2a: Snorlax|38/100|[silent]
|move|p1a: Sableye|Drain Punch|p2a: Snorlax
|-supereffective|p2a: Snorlax
|-damage|p2a: Snorlax|20/100
|move|p2a: Snorlax|Max Knuckle|p1a: Sableye
|-immune|p1a: Sableye
|
|upkeep
|turn|7
|c|☆Snakethey|Lol
|c|☆TestTeamBro|nice-
|c|☆Snakethey|I'm brain-dead
|c|☆TestTeamBro|XD
|inactive|Snakethey has 120 seconds left.
|
|t:|1649512982
|move|p1a: Sableye|Hone Claws|p1a: Sableye
|-boost|p1a: Sableye|atk|1
|-boost|p1a: Sableye|accuracy|1
|move|p2a: Snorlax|Max Darkness|p1a: Sableye
|-damage|p1a: Sableye|55/100
|-unboost|p1a: Sableye|spd|1
|
|upkeep
|turn|8
|c|☆TestTeamBro|Imma just set up-
|inactive|Snakethey has 120 seconds left.
|
|t:|1649512993
|move|p1a: Sableye|Drain Punch|p2a: Snorlax
|-supereffective|p2a: Snorlax
|-damage|p2a: Snorlax|0 fnt
|-heal|p1a: Sableye|89/100|[from] drain|[of] p2a: Snorlax
|faint|p2a: Snorlax
|
|upkeep
|inactive|Snakethey has 120 seconds left.
|c|☆TestTeamBro|xd
|
|t:|1649513004
|switch|p2a: Blaziken|Blaziken, M|100/100
|-activate|p2a: Blaziken|move: Sticky Web
|-unboost|p2a: Blaziken|spe|1
|turn|9
|inactive|Snakethey has 120 seconds left.
|
|t:|1649513017
|detailschange|p2a: Blaziken|Blaziken-Mega, M
|-mega|p2a: Blaziken|Blaziken|Blazikenite
|move|p2a: Blaziken|Blaze Kick|p1a: Sableye
|-damage|p1a: Sableye|46/100
|move|p1a: Sableye|Hone Claws|p1a: Sableye
|-boost|p1a: Sableye|atk|1
|-boost|p1a: Sableye|accuracy|1
|
|-ability|p2a: Blaziken|Speed Boost|boost
|-boost|p2a: Blaziken|spe|1
|upkeep
|turn|10
|inactive|Snakethey has 120 seconds left.
|
|t:|1649513032
|move|p1a: Sableye|Sucker Punch||[still]
|-fail|p1a: Sableye
|move|p2a: Blaziken|Substitute|p2a: Blaziken
|-start|p2a: Blaziken|Substitute
|-damage|p2a: Blaziken|75/100
|
|-ability|p2a: Blaziken|Speed Boost|boost
|-boost|p2a: Blaziken|spe|1
|upkeep
|turn|11
|
|t:|1649513041
|move|p2a: Blaziken|Bulk Up|p2a: Blaziken
|-boost|p2a: Blaziken|atk|1
|-boost|p2a: Blaziken|def|1
|move|p1a: Sableye|Drain Punch|p2a: Blaziken
|-end|p2a: Blaziken|Substitute
|-heal|p1a: Sableye|61/100|[from] drain|[of] p2a: Blaziken
|
|-ability|p2a: Blaziken|Speed Boost|boost
|-boost|p2a: Blaziken|spe|1
|upkeep
|turn|12
|inactive|Snakethey has 120 seconds left.
|
|t:|1649513052
|move|p1a: Sableye|Sucker Punch||[still]
|-fail|p1a: Sableye
|move|p2a: Blaziken|Substitute|p2a: Blaziken
|-start|p2a: Blaziken|Substitute
|-damage|p2a: Blaziken|50/100
|
|-ability|p2a: Blaziken|Speed Boost|boost
|-boost|p2a: Blaziken|spe|1
|upkeep
|turn|13
|inactive|Snakethey has 120 seconds left.
|
|t:|1649513061
|move|p2a: Blaziken|Bulk Up|p2a: Blaziken
|-boost|p2a: Blaziken|atk|1
|-boost|p2a: Blaziken|def|1
|move|p1a: Sableye|Drain Punch|p2a: Blaziken
|-end|p2a: Blaziken|Substitute
|-heal|p1a: Sableye|76/100|[from] drain|[of] p2a: Blaziken
|
|-ability|p2a: Blaziken|Speed Boost|boost
|-boost|p2a: Blaziken|spe|1
|upkeep
|turn|14
|inactive|Snakethey has 120 seconds left.
|
|t:|1649513073
|move|p2a: Blaziken|Baton Pass|p2a: Blaziken
|inactive|Snakethey has 120 seconds left.
|
|t:|1649513082
|switch|p2a: Mew|Mew|100/100|[from]move: Baton Pass
|-activate|p2a: Mew|move: Sticky Web
|-unboost|p2a: Mew|spe|1
|move|p1a: Sableye|Drain Punch|p2a: Mew
|-resisted|p2a: Mew
|-damage|p2a: Mew|88/100
|-heal|p1a: Sableye|83/100|[from] drain|[of] p2a: Mew
|
|upkeep
|turn|15
|inactive|Snakethey has 120 seconds left.
|
|t:|1649513097
|move|p2a: Mew|Cosmic Power|p2a: Mew
|-boost|p2a: Mew|def|1
|-boost|p2a: Mew|spd|1
|move|p1a: Sableye|Poltergeist|p2a: Mew
|-activate|p2a: Mew|move: Poltergeist|Weakness Policy
|-supereffective|p2a: Mew
|-damage|p2a: Mew|0 fnt
|faint|p2a: Mew
|
|upkeep
|inactive|Snakethey has 120 seconds left.
|c|☆TestTeamBro|rip
|
|t:|1649513112
|switch|p2a: Darkrai|Darkrai|100/100
|-activate|p2a: Darkrai|move: Sticky Web
|-unboost|p2a: Darkrai|spe|1
|turn|16
|
|t:|1649513121
|move|p2a: Darkrai|Substitute|p2a: Darkrai
|-start|p2a: Darkrai|Substitute
|-damage|p2a: Darkrai|76/100
|move|p1a: Sableye|Drain Punch|p2a: Darkrai
|-supereffective|p2a: Darkrai
|-end|p2a: Darkrai|Substitute
|-heal|p1a: Sableye|95/100|[from] drain|[of] p2a: Darkrai
|
|-heal|p2a: Darkrai|82/100|[from] item: Leftovers
|upkeep
|turn|17
|inactive|Snakethey has 120 seconds left.
|
|t:|1649513133
|move|p2a: Darkrai|Substitute|p2a: Darkrai
|-start|p2a: Darkrai|Substitute
|-damage|p2a: Darkrai|57/100
|move|p1a: Sableye|Drain Punch|p2a: Darkrai
|-supereffective|p2a: Darkrai
|-end|p2a: Darkrai|Substitute
|-heal|p1a: Sableye|100/100|[from] drain|[of] p2a: Darkrai
|
|-heal|p2a: Darkrai|63/100|[from] item: Leftovers
|upkeep
|turn|18
|inactive|Snakethey has 120 seconds left.
|
|t:|1649513143
|move|p2a: Darkrai|Dark Pulse|p1a: Sableye
|-damage|p1a: Sableye|37/100
|move|p1a: Sableye|Drain Punch|p2a: Darkrai
|-supereffective|p2a: Darkrai
|-damage|p2a: Darkrai|0 fnt
|-heal|p1a: Sableye|66/100|[from] drain|[of] p2a: Darkrai
|faint|p2a: Darkrai
|
|upkeep
|
|t:|1649513157
|switch|p2a: Smeargle|Smeargle, F|100/100
|-activate|p2a: Smeargle|move: Sticky Web
|-unboost|p2a: Smeargle|spe|1
|turn|19
|
|t:|1649513163
|move|p2a: Smeargle|Substitute|p2a: Smeargle
|-start|p2a: Smeargle|Substitute
|-damage|p2a: Smeargle|76/100
|move|p1a: Sableye|Hone Claws|p1a: Sableye
|-boost|p1a: Sableye|atk|1
|-boost|p1a: Sableye|accuracy|1
|
|-heal|p2a: Smeargle|82/100|[from] item: Leftovers
|-ability|p2a: Smeargle|Moody|boost
|-boost|p2a: Smeargle|def|2
|-unboost|p2a: Smeargle|spe|1
|upkeep
|turn|20
|inactive|Snakethey has 120 seconds left.
|
|t:|1649513176
|move|p2a: Smeargle|Shell Smash|p2a: Smeargle
|-unboost|p2a: Smeargle|def|1
|-unboost|p2a: Smeargle|spd|1
|-boost|p2a: Smeargle|atk|2
|-boost|p2a: Smeargle|spa|2
|-boost|p2a: Smeargle|spe|2
|move|p1a: Sableye|Hone Claws|p1a: Sableye
|-boost|p1a: Sableye|atk|1
|-boost|p1a: Sableye|accuracy|1
|
|-heal|p2a: Smeargle|88/100|[from] item: Leftovers
|-ability|p2a: Smeargle|Moody|boost
|-boost|p2a: Smeargle|spa|2
|-unboost|p2a: Smeargle|spd|1
|upkeep
|turn|21
|inactive|Snakethey has 120 seconds left.
|
|t:|1649513195
|move|p2a: Smeargle|Shell Smash|p2a: Smeargle
|-unboost|p2a: Smeargle|def|1
|-unboost|p2a: Smeargle|spd|1
|-boost|p2a: Smeargle|atk|2
|-boost|p2a: Smeargle|spa|2
|-boost|p2a: Smeargle|spe|2
|move|p1a: Sableye|Drain Punch|p2a: Smeargle
|-supereffective|p2a: Smeargle
|-end|p2a: Smeargle|Substitute
|-heal|p1a: Sableye|76/100|[from] drain|[of] p2a: Smeargle
|
|-heal|p2a: Smeargle|94/100|[from] item: Leftovers
|-ability|p2a: Smeargle|Moody|boost
|-boost|p2a: Smeargle|spe|2
|-unboost|p2a: Smeargle|atk|1
|upkeep
|turn|22
|
|t:|1649513217
|move|p2a: Smeargle|Substitute|p2a: Smeargle
|-start|p2a: Smeargle|Substitute
|-damage|p2a: Smeargle|69/100
|move|p1a: Sableye|Drain Punch|p2a: Smeargle
|-supereffective|p2a: Smeargle
|-end|p2a: Smeargle|Substitute
|-heal|p1a: Sableye|86/100|[from] drain|[of] p2a: Smeargle
|
|-heal|p2a: Smeargle|75/100|[from] item: Leftovers
|-ability|p2a: Smeargle|Moody|boost
|-boost|p2a: Smeargle|spd|2
|-unboost|p2a: Smeargle|atk|1
|upkeep
|turn|23
|
|t:|1649513233
|move|p2a: Smeargle|Power Trip|p1a: Sableye
|-damage|p1a: Sableye|52/100
|move|p1a: Sableye|Drain Punch|p2a: Smeargle
|-supereffective|p2a: Smeargle
|-damage|p2a: Smeargle|0 fnt
|-heal|p1a: Sableye|83/100|[from] drain|[of] p2a: Smeargle
|faint|p2a: Smeargle
|
|upkeep
|inactive|Snakethey has 90 seconds left.
|
|t:|1649513243
|switch|p2a: Blaziken|Blaziken-Mega, M|50/100
|-activate|p2a: Blaziken|move: Sticky Web
|-unboost|p2a: Blaziken|spe|1
|turn|24
|inactive|Snakethey has 90 seconds left.
|c|☆TestTeamBro|mega sableye- physical set not looking terrible
|inactive|Snakethey has 60 seconds left.
|c|☆Snakethey|Should have just sweeped with blazicken
|
|t:|1649513304
|move|p2a: Blaziken|Blaze Kick|p1a: Sableye|[miss]
|-miss|p2a: Blaziken|p1a: Sableye
|move|p1a: Sableye|Drain Punch|p2a: Blaziken
|-damage|p2a: Blaziken|0 fnt
|-heal|p1a: Sableye|100/100|[from] drain|[of] p2a: Blaziken
|faint|p2a: Blaziken
|
|win|TestTeamBro
|raw|TestTeamBro's rating: 1159 &rarr; <strong>1186</strong><br />(+27 for winning)
|raw|Snakethey's rating: 1185 &rarr; <strong>1158</strong><br />(-27 for losing)
|c|☆TestTeamBro|probably
|c|☆TestTeamBro|gg
|c|☆Snakethey|Gg
|l|☆Snakethey
|player|p1|TestTeamBro|wikstrom
||Ladder isn't responding, score probably updated but might not have (Request timeout).
