|j|☆F.A.M.E.246 2nd
|j|☆MiguelRRM
|t:|1631772398
|gametype|singles
|player|p1|F.A.M.E.246 2nd|lucas|1673
|player|p2|MiguelRRM|lucas|1857
|teamsize|p1|6
|teamsize|p2|6
|gen|8
|tier|[Gen 8] National Dex AG
|rated|
|rule|HP Percentage Mod: HP is shown in percentages
|rule|Endless Battle Clause: Forcing endless battles is banned
|clearpoke
|poke|p1|Gengar, M|
|poke|p1|Zacian-*|
|poke|p1|Urshifu-*, M|
|poke|p1|Necrozma-Dusk-Mane|
|poke|p1|Arceus-*|
|poke|p1|Ho-Oh|
|poke|p2|Marshadow|
|poke|p2|Yveltal|
|poke|p2|Rayquaza|
|poke|p2|Zacian-*|
|poke|p2|Arceus-*|
|poke|p2|Groudon|
|teampreview
|inactive|Battle timer is ON: inactive players will automatically lose when time's up. (requested by F.A.M.E.246 2nd)
|c|☆F.A.M.E.246 2nd|hf
|
|t:|1631772416
|start
|switch|p1a: Gengar|Gengar, M|100/100
|switch|p2a: Rayquaza|Rayquaza|100/100
|-ability|p2a: Rayquaza|Air Lock
|turn|1
|
|t:|1631772425
|detailschange|p1a: Gengar|Gengar-Mega, M
|-mega|p1a: Gengar|Gengar|Gengarite
|detailschange|p2a: Rayquaza|Rayquaza-Mega
|-mega|p2a: Rayquaza|Rayquaza|
|-weather|DeltaStream|[from] ability: Delta Stream|[of] p2a: Rayquaza
|move|p1a: Gengar|Shadow Ball|p2a: Rayquaza
|-damage|p2a: Rayquaza|58/100
|move|p2a: Rayquaza|Dragon Dance|p2a: Rayquaza
|-boost|p2a: Rayquaza|atk|1
|-boost|p2a: Rayquaza|spe|1
|
|-weather|DeltaStream|[upkeep]
|upkeep
|turn|2
|
|t:|1631772436
|move|p2a: Rayquaza|Earthquake|p1a: Gengar
|-supereffective|p1a: Gengar
|-damage|p1a: Gengar|0 fnt
|faint|p1a: Gengar
|
|-weather|DeltaStream|[upkeep]
|upkeep
|
|t:|1631772455
|switch|p1a: Ho-Oh|Ho-Oh|100/100
|turn|3
|
|t:|1631772458
|-start|p1a: Ho-Oh|Dynamax
|-heal|p1a: Ho-Oh|100/100|[silent]
|move|p2a: Rayquaza|Dragon Ascent|p1a: Ho-Oh
|-damage|p1a: Ho-Oh|47/100
|-unboost|p2a: Rayquaza|def|1
|-unboost|p2a: Rayquaza|spd|1
|move|p1a: Ho-Oh|Max Airstream|p2a: Rayquaza
|-damage|p2a: Rayquaza|0 fnt
|-boost|p1a: Ho-Oh|spe|1
|faint|p2a: Rayquaza
|-weather|none
|
|upkeep
|
|t:|1631772463
|switch|p2a: Arceus|Arceus-Ground|100/100
|turn|4
|
|t:|1631772472
|-end|p1a: Ho-Oh|Dynamax
|-heal|p1a: Ho-Oh|47/100|[silent]
|switch|p1a: Arceus|Arceus-Ground|100/100
|move|p2a: Arceus|Rock Tomb|p1a: Arceus
|-resisted|p1a: Arceus
|-damage|p1a: Arceus|95/100
|-unboost|p1a: Arceus|spe|1
|
|upkeep
|turn|5
|
|t:|1631772479
|move|p2a: Arceus|Judgment|p1a: Arceus
|-damage|p1a: Arceus|57/100
|move|p1a: Arceus|Stone Edge|p2a: Arceus
|-resisted|p2a: Arceus
|-damage|p2a: Arceus|91/100
|
|upkeep
|turn|6
|
|t:|1631772483
|switch|p2a: Zacian|Zacian-Crowned|100/100
|-ability|p2a: Zacian|Intrepid Sword|boost
|-boost|p2a: Zacian|atk|1
|move|p1a: Arceus|Recover|p1a: Arceus
|-heal|p1a: Arceus|100/100
|
|upkeep
|turn|7
|
|t:|1631772487
|move|p2a: Zacian|Behemoth Blade|p1a: Arceus
|-damage|p1a: Arceus|45/100
|-zpower|p1a: Arceus
|move|p1a: Arceus|Tectonic Rage|p2a: Zacian|[zeffect]
|-supereffective|p2a: Zacian
|-damage|p2a: Zacian|0 fnt
|faint|p2a: Zacian
|
|upkeep
|
|t:|1631772491
|switch|p2a: Yveltal|Yveltal|100/100
|-ability|p2a: Yveltal|Dark Aura
|turn|8
|
|t:|1631772499
|switch|p1a: Necrozma|Necrozma-Dusk-Mane|100/100
|-start|p2a: Yveltal|Dynamax
|-heal|p2a: Yveltal|100/100|[silent]
|move|p2a: Yveltal|Max Airstream|p1a: Necrozma
|-resisted|p1a: Necrozma
|-damage|p1a: Necrozma|72/100
|-boost|p2a: Yveltal|spe|1
|
|-heal|p1a: Necrozma|78/100|[from] item: Leftovers
|upkeep
|turn|9
|
|t:|1631772504
|move|p2a: Yveltal|Max Darkness|p1a: Necrozma
|-supereffective|p1a: Necrozma
|-damage|p1a: Necrozma|21/100
|-unboost|p1a: Necrozma|spd|1
|move|p1a: Necrozma|Stealth Rock|p2a: Yveltal
|-sidestart|p2: MiguelRRM|move: Stealth Rock
|
|-heal|p1a: Necrozma|27/100|[from] item: Leftovers
|upkeep
|turn|10
|
|t:|1631772508
|move|p2a: Yveltal|Max Darkness|p1a: Necrozma
|-supereffective|p1a: Necrozma
|-damage|p1a: Necrozma|0 fnt
|faint|p1a: Necrozma
|
|-end|p2a: Yveltal|Dynamax
|-heal|p2a: Yveltal|100/100|[silent]
|upkeep
|
|t:|1631772511
|switch|p1a: Ho-Oh|Ho-Oh|81/100
|turn|11
|
|t:|1631772517
|switch|p2a: Arceus|Arceus-Ground|91/100
|-damage|p2a: Arceus|85/100|[from] Stealth Rock
|move|p1a: Ho-Oh|Toxic|p2a: Arceus
|-status|p2a: Arceus|tox
|
|-damage|p2a: Arceus|79/100 tox|[from] psn
|upkeep
|turn|12
|
|t:|1631772526
|switch|p1a: Urshifu|Urshifu, M|100/100
|move|p2a: Arceus|Defog|p1a: Urshifu
|-unboost|p1a: Urshifu|evasion|1
|-sideend|p2: MiguelRRM|Stealth Rock|[from] move: Defog|[of] p2a: Arceus
|
|-damage|p2a: Arceus|67/100 tox|[from] psn
|upkeep
|turn|13
|
|t:|1631772535
|move|p2a: Arceus|Judgment|p1a: Urshifu
|-damage|p1a: Urshifu|18/100
|move|p1a: Urshifu|Wicked Blow|p2a: Arceus
|-crit|p2a: Arceus
|-damage|p2a: Arceus|9/100 tox
|
|-damage|p2a: Arceus|0 fnt|[from] psn
|faint|p2a: Arceus
|upkeep
|
|t:|1631772539
|switch|p2a: Marshadow|Marshadow|100/100
|turn|14
|
|t:|1631772551
|move|p2a: Marshadow|Spectral Thief|p1a: Urshifu
|-resisted|p1a: Urshifu
|-damage|p1a: Urshifu|0 fnt
|faint|p1a: Urshifu
|
|upkeep
|
|t:|1631772556
|switch|p1a: Arceus|Arceus-Ground|45/100
|turn|15
|
|t:|1631772559
|move|p2a: Marshadow|Rock Tomb|p1a: Arceus
|-resisted|p1a: Arceus
|-damage|p1a: Arceus|36/100
|-unboost|p1a: Arceus|spe|1
|move|p1a: Arceus|Recover|p1a: Arceus
|-heal|p1a: Arceus|86/100
|
|upkeep
|turn|16
|
|t:|1631772563
|switch|p2a: Yveltal|Yveltal|100/100
|-ability|p2a: Yveltal|Dark Aura
|move|p1a: Arceus|Stone Edge|p2a: Yveltal
|-supereffective|p2a: Yveltal
|-damage|p2a: Yveltal|45/100
|
|upkeep
|turn|17
|
|t:|1631772571
|switch|p1a: Ho-Oh|Ho-Oh|100/100
|move|p2a: Yveltal|Dark Pulse|p1a: Ho-Oh
|-damage|p1a: Ho-Oh|70/100
|
|upkeep
|turn|18
|
|t:|1631772576
|move|p2a: Yveltal|Oblivion Wing|p1a: Ho-Oh
|-damage|p1a: Ho-Oh|44/100
|-heal|p2a: Yveltal|63/100|[from] drain|[of] p1a: Ho-Oh
|move|p1a: Ho-Oh|Toxic|p2a: Yveltal
|-status|p2a: Yveltal|tox
|
|-damage|p2a: Yveltal|57/100 tox|[from] psn
|upkeep
|turn|19
|
|t:|1631772579
|move|p2a: Yveltal|Dark Pulse|p1a: Ho-Oh
|-damage|p1a: Ho-Oh|14/100
|move|p1a: Ho-Oh|Roost|p1a: Ho-Oh
|-heal|p1a: Ho-Oh|64/100
|-singleturn|p1a: Ho-Oh|move: Roost
|
|-damage|p2a: Yveltal|45/100 tox|[from] psn
|upkeep
|turn|20
|
|t:|1631772581
|switch|p2a: Groudon|Groudon|100/100
|detailschange|p2a: Groudon|Groudon-Primal
|-primal|p2a: Groudon
|-weather|DesolateLand|[from] ability: Desolate Land|[of] p2a: Groudon
|move|p1a: Ho-Oh|Roost|p1a: Ho-Oh
|-heal|p1a: Ho-Oh|100/100
|-singleturn|p1a: Ho-Oh|move: Roost
|
|-weather|DesolateLand|[upkeep]
|upkeep
|turn|21
|c|☆F.A.M.E.246 2nd|gg?
|
|t:|1631772589
|switch|p1a: Arceus|Arceus-Ground|86/100
|move|p2a: Groudon|Rock Tomb|p1a: Arceus
|-resisted|p1a: Arceus
|-damage|p1a: Arceus|79/100
|-unboost|p1a: Arceus|spe|1
|
|-weather|DesolateLand|[upkeep]
|upkeep
|turn|22
|
|t:|1631772594
|move|p1a: Arceus|Earthquake|p2a: Groudon
|-supereffective|p2a: Groudon
|-damage|p2a: Groudon|56/100
|move|p2a: Groudon|Eruption|p1a: Arceus
|-damage|p1a: Arceus|36/100
|
|-weather|DesolateLand|[upkeep]
|upkeep
|turn|23
|
|t:|1631772600
|move|p1a: Arceus|Recover|p1a: Arceus
|-heal|p1a: Arceus|86/100
|move|p2a: Groudon|Toxic|p1a: Arceus|[miss]
|-miss|p2a: Groudon|p1a: Arceus
|
|-weather|DesolateLand|[upkeep]
|upkeep
|turn|24
|
|t:|1631772604
|move|p1a: Arceus|Earthquake|p2a: Groudon
|-supereffective|p2a: Groudon
|-damage|p2a: Groudon|10/100
|move|p2a: Groudon|Toxic|p1a: Arceus
|-status|p1a: Arceus|tox
|
|-weather|DesolateLand|[upkeep]
|-damage|p1a: Arceus|80/100 tox|[from] psn
|upkeep
|turn|25
|
|t:|1631772609
|-weather|none
|switch|p2a: Yveltal|Yveltal|45/100 tox
|-ability|p2a: Yveltal|Dark Aura
|move|p1a: Arceus|Stone Edge|p2a: Yveltal
|-supereffective|p2a: Yveltal
|-damage|p2a: Yveltal|0 fnt
|faint|p2a: Yveltal
|
|-damage|p1a: Arceus|68/100 tox|[from] psn
|upkeep
|-message|MiguelRRM forfeited.
|
|win|F.A.M.E.246 2nd
|raw|F.A.M.E.246 2nd's rating: 1673 &rarr; <strong>1703</strong><br />(+30 for winning)
|raw|MiguelRRM's rating: 1857 &rarr; <strong>1827</strong><br />(-30 for losing)
|l|☆MiguelRRM
|c|☆F.A.M.E.246 2nd|gg
