|j|☆yuzhiboCheng
|j|☆YLong
|t:|1669124116
|gametype|singles
|player|p1|yuzhiboCheng|birdkeeper|
|player|p2|YLong|waitress|
|teamsize|p1|6
|teamsize|p2|6
|gen|8
|tier|[Gen 8] National Dex AG
|rule|HP Percentage Mod: HP is shown in percentages
|rule|Endless Battle Clause: Forcing endless battles is banned
|clearpoke
|poke|p1|Swellow, M|
|poke|p1|Altaria, F|
|poke|p1|Dragapult, M|
|poke|p1|Noivern, M|
|poke|p1|Gliscor, M|
|poke|p1|Pelipper, F|
|poke|p2|Donphan, F|
|poke|p2|Minior-Indigo|
|poke|p2|Altaria, M|
|poke|p2|Naganadel|
|poke|p2|Grimmsnarl, M|
|poke|p2|Ribombee, F|
|teampreview
|
|t:|1669124127
|start
|switch|p1a: 盖鸥卡|Pelipper, F|100/100
|switch|p2a: Donphan|Donphan, F|100/100
|-weather|RainDance|[from] ability: Drizzle|[of] p1a: 盖鸥卡
|turn|1
|c|☆YLong|乐
|
|t:|1669124142
|-start|p1a: 盖鸥卡|Dynamax|
|-heal|p1a: 盖鸥卡|100/100|[silent]
|move|p1a: 盖鸥卡|Max Airstream|p2a: Donphan
|-damage|p2a: Donphan|16/100
|-boost|p1a: 盖鸥卡|spe|1
|move|p2a: Donphan|Stealth Rock|p1a: 盖鸥卡
|-sidestart|p1: yuzhiboCheng|move: Stealth Rock
|
|-weather|RainDance|[upkeep]
|-heal|p2a: Donphan|22/100|[from] item: Leftovers
|upkeep
|turn|2
|
|t:|1669124156
|move|p1a: 盖鸥卡|Max Airstream|p2a: Donphan
|-crit|p2a: Donphan
|-damage|p2a: Donphan|0 fnt
|-boost|p1a: 盖鸥卡|spe|1
|faint|p2a: Donphan
|
|-weather|RainDance|[upkeep]
|upkeep
|
|t:|1669124159
|switch|p2a: Ribombee|Ribombee, F|100/100
|turn|3
|
|t:|1669124169
|move|p2a: Ribombee|Tailwind|p2a: Ribombee
|-sidestart|p2: YLong|move: Tailwind
|move|p1a: 盖鸥卡|Max Geyser|p2a: Ribombee
|-enditem|p2a: Ribombee|Focus Sash
|-damage|p2a: Ribombee|1/100
|
|-weather|RainDance|[upkeep]
|upkeep
|-end|p1a: 盖鸥卡|Dynamax
|-heal|p1a: 盖鸥卡|100/100|[silent]
|turn|4
|
|t:|1669124179
|move|p2a: Ribombee|Dazzling Gleam|p1a: 盖鸥卡
|-damage|p1a: 盖鸥卡|56/100
|move|p1a: 盖鸥卡|Weather Ball|p2a: Ribombee
|-damage|p2a: Ribombee|0 fnt
|faint|p2a: Ribombee
|
|-weather|RainDance|[upkeep]
|upkeep
|
|t:|1669124182
|switch|p2a: Minior|Minior-Indigo|100/100
|-formechange|p2a: Minior|Minior-Meteor||[from] ability: Shields Down
|turn|5
|
|t:|1669124185
|move|p2a: Minior|Shell Smash|p2a: Minior
|-unboost|p2a: Minior|def|1
|-unboost|p2a: Minior|spd|1
|-boost|p2a: Minior|atk|2
|-boost|p2a: Minior|spa|2
|-boost|p2a: Minior|spe|2
|move|p1a: 盖鸥卡|Weather Ball|p2a: Minior
|-supereffective|p2a: Minior
|-enditem|p2a: Minior|Focus Sash
|-damage|p2a: Minior|1/100
|
|-weather|none
|-formechange|p2a: Minior|Minior-Indigo||[from] ability: Shields Down
|upkeep
|turn|6
|
|t:|1669124191
|-start|p2a: Minior|Dynamax|
|-heal|p2a: Minior|1/100|[silent]
|move|p2a: Minior|Max Mindstorm|p1a: 盖鸥卡
|-damage|p1a: 盖鸥卡|0 fnt
|-fieldstart|move: Psychic Terrain
|faint|p1a: 盖鸥卡
|
|-sideend|p2: YLong|move: Tailwind
|upkeep
|
|t:|1669124199
|switch|p1a: 多龙巴鲁托|Dragapult, M|100/100
|-damage|p1a: 多龙巴鲁托|88/100|[from] Stealth Rock
|turn|7
|
|t:|1669124213
|move|p1a: 多龙巴鲁托|Sucker Punch|p2a: Minior
|-hint|Psychic Terrain doesn't affect Pokémon immune to Ground.
|-damage|p2a: Minior|0 fnt
|faint|p2a: Minior
|-damage|p1a: 多龙巴鲁托|78/100|[from] item: Life Orb
|
|upkeep
|
|t:|1669124228
|switch|p2a: Grimmsnarl|Grimmsnarl, M|100/100
|turn|8
|
|t:|1669124235
|move|p2a: Grimmsnarl|Taunt|p1a: 多龙巴鲁托
|-activate|p1a: 多龙巴鲁托|move: Psychic Terrain
|move|p1a: 多龙巴鲁托|U-turn|p2a: Grimmsnarl
|-damage|p2a: Grimmsnarl|66/100
|-damage|p1a: 多龙巴鲁托|69/100|[from] item: Life Orb
|
|t:|1669124245
|switch|p1a: 音波龙|Noivern, M|100/100|[from]move: U-turn
|-damage|p1a: 音波龙|76/100|[from] Stealth Rock
|
|upkeep
|turn|9
|
|t:|1669124251
|move|p2a: Grimmsnarl|Light Screen|p2a: Grimmsnarl
|-sidestart|p2: YLong|move: Light Screen
|move|p1a: 音波龙|Boomburst|p2a: Grimmsnarl
|-damage|p2a: Grimmsnarl|12/100
|
|upkeep
|turn|10
|
|t:|1669124257
|move|p2a: Grimmsnarl|Reflect|p2a: Grimmsnarl
|-sidestart|p2: YLong|Reflect
|move|p1a: 音波龙|Boomburst|p2a: Grimmsnarl
|-damage|p2a: Grimmsnarl|0 fnt
|faint|p2a: Grimmsnarl
|
|-fieldend|move: Psychic Terrain
|upkeep
|
|t:|1669124261
|switch|p2a: Naganadel|Naganadel, shiny|100/100
|turn|11
|
|t:|1669124284
|move|p1a: 音波龙|Boomburst|p2a: Naganadel
|-crit|p2a: Naganadel
|-damage|p2a: Naganadel|0 fnt
|faint|p2a: Naganadel
|
|upkeep
|inactive|Battle timer is ON: inactive players will automatically lose when time's up. (requested by yuzhiboCheng)
|
|t:|1669124290
|switch|p2a: Altaria|Altaria, M|100/100
|-ability|p2a: Altaria|Cloud Nine
|turn|12
|
|t:|1669124294
|detailschange|p2a: Altaria|Altaria-Mega, M
|-mega|p2a: Altaria|Altaria|Altarianite
|move|p1a: 音波龙|Boomburst|p2a: Altaria
|-damage|p2a: Altaria|29/100
|move|p2a: Altaria|Dragon Dance|p2a: Altaria
|-boost|p2a: Altaria|atk|1
|-boost|p2a: Altaria|spe|1
|
|upkeep
|turn|13
|
|t:|1669124298
|move|p2a: Altaria|Return|p1a: 音波龙
|-supereffective|p1a: 音波龙
|-damage|p1a: 音波龙|0 fnt
|faint|p1a: 音波龙
|
|upkeep
|
|t:|1669124306
|switch|p1a: 天蝎王|Gliscor, M|100/100
|-damage|p1a: 天蝎王|88/100|[from] Stealth Rock
|turn|14
|
|t:|1669124317
|move|p2a: Altaria|Return|p1a: 天蝎王
|-damage|p1a: 天蝎王|21/100
|move|p1a: 天蝎王|Earthquake|p2a: Altaria
|-damage|p2a: Altaria|4/100
|
|-status|p1a: 天蝎王|tox|[from] item: Toxic Orb
|upkeep
|turn|15
|
|t:|1669124324
|move|p2a: Altaria|Return|p1a: 天蝎王
|-damage|p1a: 天蝎王|0 fnt
|faint|p1a: 天蝎王
|
|upkeep
|
|t:|1669124328
|switch|p1a: 多龙巴鲁托|Dragapult, M|69/100
|-damage|p1a: 多龙巴鲁托|56/100|[from] Stealth Rock
|turn|16
|
|t:|1669124332
|move|p1a: 多龙巴鲁托|Sucker Punch|p2a: Altaria
|-resisted|p2a: Altaria
|-damage|p2a: Altaria|0 fnt
|faint|p2a: Altaria
|-damage|p1a: 多龙巴鲁托|47/100|[from] item: Life Orb
|
|win|yuzhiboCheng
|c|☆yuzhiboCheng|乐
|c|☆yuzhiboCheng|乐
|c|☆yuzhiboCheng|乐
|c|☆yuzhiboCheng|doge
|c|☆yuzhiboCheng|（突然发疯）
|c|☆yuzhiboCheng|咳咳
|c|☆yuzhiboCheng|这局有点运气成分
|l|☆YLong
