|j|☆yokobaby
|j|☆Piuxie
|inactive|Battle timer is ON: inactive players will automatically lose when time's up.
|t:|1668411559
|gametype|singles
|player|p1|yokobaby|cynthia-masters|
|player|p2|Piuxie|265|
|teamsize|p1|6
|teamsize|p2|6
|gen|8
|tier|[Gen 8] National Dex AG
|rated|Tournament battle
|rule|HP Percentage Mod: HP is shown in percentages
|rule|Endless Battle Clause: Forcing endless battles is banned
|clearpoke
|poke|p1|Zacian-*|
|poke|p1|Kyogre|
|poke|p1|Rayquaza|
|poke|p1|Marshadow|
|poke|p1|Ditto|
|poke|p1|Arceus-*|
|poke|p2|Zacian-*|
|poke|p2|Calyrex-Shadow|
|poke|p2|Yveltal|
|poke|p2|Necrozma-Dusk-Mane|
|poke|p2|Arceus-*|
|poke|p2|Ditto|
|teampreview
|inactive|Piuxie also wants the timer to be on.
|c|☆Piuxie|bol
|c|☆yokobaby|glhf
|
|t:|1668411571
|start
|switch|p1a: Arceus|Arceus-Electric|100/100
|switch|p2a: Arceus|Arceus-Fairy|100/100
|turn|1
|
|t:|1668411575
|move|p2a: Arceus|Stealth Rock|p1a: Arceus
|-sidestart|p1: yokobaby|move: Stealth Rock
|move|p1a: Arceus|Stealth Rock|p2a: Arceus
|-sidestart|p2: Piuxie|move: Stealth Rock
|
|upkeep
|turn|2
|
|t:|1668411579
|move|p1a: Arceus|Judgment|p2a: Arceus
|-crit|p2a: Arceus
|-damage|p2a: Arceus|46/100
|move|p2a: Arceus|Calm Mind|p2a: Arceus
|-boost|p2a: Arceus|spa|1
|-boost|p2a: Arceus|spd|1
|
|upkeep
|turn|3
|
|t:|1668411582
|switch|p1a: Zacian|Zacian-Crowned|100/100
|-damage|p1a: Zacian|94/100|[from] Stealth Rock
|-ability|p1a: Zacian|Intrepid Sword|boost
|-boost|p1a: Zacian|atk|1
|move|p2a: Arceus|Recover|p2a: Arceus
|-heal|p2a: Arceus|96/100
|
|upkeep
|turn|4
|c|☆Piuxie|shhesh
|
|t:|1668411591
|move|p1a: Zacian|Behemoth Blade|p2a: Arceus
|-supereffective|p2a: Arceus
|-damage|p2a: Arceus|0 fnt
|faint|p2a: Arceus
|
|upkeep
|
|t:|1668411610
|switch|p2a: Necrozma|Necrozma-Dusk-Mane|100/100
|-damage|p2a: Necrozma|94/100|[from] Stealth Rock
|turn|5
|
|t:|1668411619
|move|p1a: Zacian|Close Combat|p2a: Necrozma
|-damage|p2a: Necrozma|56/100
|-unboost|p1a: Zacian|def|1
|-unboost|p1a: Zacian|spd|1
|-damage|p1a: Zacian|78/100|[from] item: Rocky Helmet|[of] p2a: Necrozma
|move|p2a: Necrozma|Earthquake|p1a: Zacian
|-supereffective|p1a: Zacian
|-damage|p1a: Zacian|0 fnt
|faint|p1a: Zacian
|
|upkeep
|
|t:|1668411623
|switch|p1a: Kyogre|Kyogre|100/100
|-damage|p1a: Kyogre|88/100|[from] Stealth Rock
|detailschange|p1a: Kyogre|Kyogre-Primal
|-primal|p1a: Kyogre
|-weather|PrimordialSea|[from] ability: Primordial Sea|[of] p1a: Kyogre
|turn|6
|
|t:|1668411630
|switch|p2a: Ditto|Ditto|100/100
|-damage|p2a: Ditto|88/100|[from] Stealth Rock
|-transform|p2a: Ditto|p1a: Kyogre|[from] ability: Imposter
|move|p1a: Kyogre|Water Spout|p2a: Ditto
|-resisted|p2a: Ditto
|-damage|p2a: Ditto|45/100
|
|-weather|PrimordialSea|[upkeep]
|upkeep
|turn|7
|c|☆Piuxie|hmm
|l|☆Piuxie
|inactive|Piuxie disconnected and has a minute to reconnect!
|player|p2|
|j|☆Piuxie
|inactive|Piuxie reconnected and has 120 seconds left.
|player|p2|Piuxie|265
|
|t:|1668411670
|move|p2a: Ditto|Water Spout|p1a: Kyogre
|-resisted|p1a: Kyogre
|-damage|p1a: Kyogre|68/100
|move|p1a: Kyogre|Calm Mind|p1a: Kyogre
|-boost|p1a: Kyogre|spa|1
|-boost|p1a: Kyogre|spd|1
|
|-weather|PrimordialSea|[upkeep]
|upkeep
|turn|8
|inactive|Piuxie has 120 seconds left.
|c|☆Piuxie|hi
|l|☆Piuxie
|inactive|Piuxie disconnected and has a minute to reconnect!
|player|p2|
|j|☆Piuxie
|inactive|Piuxie reconnected and has 95 seconds left.
|player|p2|Piuxie|265
|inactive|Piuxie has 90 seconds left.
|
|t:|1668411708
|move|p2a: Ditto|Water Spout|p1a: Kyogre
|-resisted|p1a: Kyogre
|-damage|p1a: Kyogre|54/100
|move|p1a: Kyogre|Surf|p2a: Ditto
|-resisted|p2a: Ditto
|-damage|p2a: Ditto|4/100
|
|-weather|PrimordialSea|[upkeep]
|upkeep
|turn|9
|
|t:|1668411711
|move|p2a: Ditto|Water Spout|p1a: Kyogre
|-resisted|p1a: Kyogre
|-damage|p1a: Kyogre|52/100
|move|p1a: Kyogre|Surf|p2a: Ditto
|-resisted|p2a: Ditto
|-damage|p2a: Ditto|0 fnt
|faint|p2a: Ditto
|
|-weather|PrimordialSea|[upkeep]
|upkeep
|
|t:|1668411717
|switch|p2a: Necrozma|Necrozma-Dusk-Mane|56/100
|-damage|p2a: Necrozma|50/100|[from] Stealth Rock
|turn|10
|
|t:|1668411722
|-start|p2a: Necrozma|Dynamax|
|-heal|p2a: Necrozma|50/100|[silent]
|move|p1a: Kyogre|Surf|p2a: Necrozma
|-damage|p2a: Necrozma|4/100
|move|p2a: Necrozma|Max Quake|p1a: Kyogre
|-damage|p1a: Kyogre|10/100
|-boost|p2a: Necrozma|spd|1
|
|-weather|PrimordialSea|[upkeep]
|upkeep
|turn|11
|
|t:|1668411725
|move|p1a: Kyogre|Surf|p2a: Necrozma
|-damage|p2a: Necrozma|0 fnt
|faint|p2a: Necrozma
|
|-weather|PrimordialSea|[upkeep]
|upkeep
|inactive|Piuxie has 120 seconds left.
|
|t:|1668411733
|switch|p2a: Zacian|Zacian-Crowned, shiny|100/100
|-damage|p2a: Zacian|94/100|[from] Stealth Rock
|-ability|p2a: Zacian|Intrepid Sword|boost
|-boost|p2a: Zacian|atk|1
|turn|12
|
|t:|1668411739
|move|p2a: Zacian|Behemoth Blade|p1a: Kyogre
|-resisted|p1a: Kyogre
|-damage|p1a: Kyogre|0 fnt
|faint|p1a: Kyogre
|-weather|none
|
|upkeep
|
|t:|1668411741
|switch|p1a: Ditto|Ditto|100/100
|-damage|p1a: Ditto|88/100|[from] Stealth Rock
|-transform|p1a: Ditto|p2a: Zacian|[from] ability: Imposter
|-ability|p1a: Ditto|Intrepid Sword|boost
|-boost|p1a: Ditto|atk|1
|turn|13
|
|t:|1668411744
|move|p1a: Ditto|Behemoth Blade|p2a: Zacian
|-damage|p2a: Zacian|0 fnt
|faint|p2a: Zacian
|
|upkeep
|
|t:|1668411746
|switch|p2a: Yveltal|Yveltal, shiny|100/100
|-damage|p2a: Yveltal|76/100|[from] Stealth Rock
|-ability|p2a: Yveltal|Dark Aura
|turn|14
|c|☆Piuxie|gg
|
|t:|1668411754
|move|p1a: Ditto|Behemoth Blade|p2a: Yveltal
|-damage|p2a: Yveltal|0 fnt
|faint|p2a: Yveltal
|
|upkeep
|c|☆yokobaby|gg
|
|t:|1668411757
|switch|p2a: Calyrex|Calyrex-Shadow|100/100
|-ability|p2a: Calyrex|As One
|-ability|p2a: Calyrex|Unnerve
|-damage|p2a: Calyrex|88/100|[from] Stealth Rock
|turn|15
|
|t:|1668411762
|move|p1a: Ditto|Behemoth Blade|p2a: Calyrex
|-damage|p2a: Calyrex|0 fnt
|faint|p2a: Calyrex
|
|win|yokobaby
|n|☆yokobaby|yokobaby
|n|☆Piuxie|piuxie
