|j|☆iHaveAsthma
|j|☆soda49
|t:|1640705207
|gametype|singles
|player|p1|iHaveAsthma|doctor|1875
|player|p2|soda49|169|1713
|teamsize|p1|6
|teamsize|p2|6
|gen|8
|tier|[Gen 8] National Dex AG
|rated|
|rule|HP Percentage Mod: HP is shown in percentages
|rule|Endless Battle Clause: Forcing endless battles is banned
|clearpoke
|poke|p1|Rayquaza|
|poke|p1|Lugia|
|poke|p1|Arceus-*|
|poke|p1|Calyrex-Shadow|
|poke|p1|Groudon|
|poke|p1|Arceus-*|
|poke|p2|Smeargle, M|
|poke|p2|Charizard, M|
|poke|p2|Mimikyu, F|
|poke|p2|Calyrex-Shadow|
|poke|p2|Rayquaza|
|poke|p2|Thundurus, M|
|teampreview
|inactive|Battle timer is ON: inactive players will automatically lose when time's up. (requested by soda49)
|
|t:|1640705218
|start
|switch|p1a: Calyrex|Calyrex-Shadow|100/100
|switch|p2a: Charizard|Charizard, M|100/100
|-ability|p1a: Calyrex|As One
|-ability|p1a: Calyrex|Unnerve
|turn|1
|
|t:|1640705228
|-start|p2a: Charizard|Dynamax
|-formechange|p2a: Charizard|Charizard-Gmax
|-heal|p2a: Charizard|100/100|[silent]
|move|p1a: Calyrex|Astral Barrage|p2a: Charizard
|-damage|p2a: Charizard|53/100
|move|p2a: Charizard|Max Airstream|p1a: Calyrex
|-damage|p1a: Calyrex|37/100
|-boost|p2a: Charizard|spe|1
|
|upkeep
|turn|2
|
|t:|1640705235
|move|p2a: Charizard|G-Max Wildfire|p1a: Calyrex
|-damage|p1a: Calyrex|0 fnt
|-sidestart|p1: iHaveAsthma|G-Max Wildfire
|faint|p1a: Calyrex
|
|upkeep
|
|t:|1640705238
|switch|p1a: Lugia|Lugia|100/100
|turn|3
|
|t:|1640705245
|move|p2a: Charizard|Max Airstream|p1a: Lugia
|-damage|p1a: Lugia|83/100
|-boost|p2a: Charizard|spe|1
|move|p1a: Lugia|Thunder Wave|p2a: Charizard
|-status|p2a: Charizard|par
|-enditem|p2a: Charizard|Lum Berry|[eat]
|-curestatus|p2a: Charizard|par|[msg]
|
|-damage|p1a: Lugia|67/100|[from] G-Max Wildfire
|-end|p2a: Charizard|Dynamax
|-formechange|p2a: Charizard|Charizard
|-heal|p2a: Charizard|53/100|[silent]
|upkeep
|turn|4
|
|t:|1640705250
|move|p2a: Charizard|Air Slash|p1a: Lugia
|-damage|p1a: Lugia|49/100
|cant|p1a: Lugia|flinch
|
|-damage|p1a: Lugia|32/100|[from] G-Max Wildfire
|upkeep
|turn|5
|
|t:|1640705268
|move|p2a: Charizard|Blast Burn|p1a: Lugia
|-damage|p1a: Lugia|0 fnt
|-mustrecharge|p2a: Charizard
|faint|p1a: Lugia
|
|-sideend|p1: iHaveAsthma|G-Max Wildfire
|upkeep
|
|t:|1640705271
|switch|p1a: Rayquaza|Rayquaza|100/100
|-ability|p1a: Rayquaza|Air Lock
|turn|6
|j| Makaai-sama X
|
|t:|1640705276
|detailschange|p1a: Rayquaza|Rayquaza-Mega
|-mega|p1a: Rayquaza|Rayquaza|
|-weather|DeltaStream|[from] ability: Delta Stream|[of] p1a: Rayquaza
|cant|p2a: Charizard|recharge
|move|p1a: Rayquaza|Dragon Ascent|p2a: Charizard
|-damage|p2a: Charizard|0 fnt
|-unboost|p1a: Rayquaza|def|1
|-unboost|p1a: Rayquaza|spd|1
|faint|p2a: Charizard
|
|-weather|DeltaStream|[upkeep]
|upkeep
|
|t:|1640705286
|switch|p2a: Mimikyu|Mimikyu, F|100/100
|turn|7
|
|t:|1640705291
|-weather|none
|switch|p1a: Groudon|Groudon|100/100
|detailschange|p1a: Groudon|Groudon-Primal
|-primal|p1a: Groudon
|-weather|DesolateLand|[from] ability: Desolate Land|[of] p1a: Groudon
|move|p2a: Mimikyu|Trick Room|p2a: Mimikyu
|-fieldstart|move: Trick Room|[of] p2a: Mimikyu
|
|-weather|DesolateLand|[upkeep]
|upkeep
|turn|8
|inactive|soda49 has 120 seconds left.
|
|t:|1640705322
|move|p2a: Mimikyu|Curse|p1a: Groudon
|-start|p1a: Groudon|Curse|[of] p2a: Mimikyu
|-damage|p2a: Mimikyu|50/100
|move|p1a: Groudon|Stealth Rock|p2a: Mimikyu
|-sidestart|p2: soda49|move: Stealth Rock
|
|-weather|DesolateLand|[upkeep]
|-damage|p1a: Groudon|76/100|[from] Curse
|upkeep
|turn|9
|
|t:|1640705334
|-zpower|p2a: Mimikyu
|move|p2a: Mimikyu|Never-Ending Nightmare|p1a: Groudon|[zeffect]
|-damage|p1a: Groudon|25/100
|move|p1a: Groudon|Lava Plume|p2a: Mimikyu
|-activate|p2a: Mimikyu|ability: Disguise
|-damage|p2a: Mimikyu|50/100
|detailschange|p2a: Mimikyu|Mimikyu-Busted, F
|-damage|p2a: Mimikyu|38/100|[from] pokemon: Mimikyu-Busted
|
|-weather|DesolateLand|[upkeep]
|-damage|p1a: Groudon|0 fnt|[from] Curse
|faint|p1a: Groudon
|-weather|none
|upkeep
|inactive|iHaveAsthma has 120 seconds left.
|l| Makaai-sama X
|inactive|iHaveAsthma has 90 seconds left.
|
|t:|1640705394
|switch|p1a: Arceus|Arceus-Ground|100/100
|turn|10
|inactive|soda49 has 120 seconds left.
|
|t:|1640705416
|move|p2a: Mimikyu|Curse|p1a: Arceus
|-start|p1a: Arceus|Curse|[of] p2a: Mimikyu
|-damage|p2a: Mimikyu|0 fnt
|faint|p2a: Mimikyu
|move|p1a: Arceus|Calm Mind|p1a: Arceus
|-boost|p1a: Arceus|spa|1
|-boost|p1a: Arceus|spd|1
|
|-damage|p1a: Arceus|75/100|[from] Curse
|upkeep
|inactive|soda49 has 120 seconds left.
|
|t:|1640705422
|switch|p2a: The wobbler|Smeargle, M|100/100
|-damage|p2a: The wobbler|88/100|[from] Stealth Rock
|turn|11
|inactive|soda49 has 120 seconds left.
|inactive|iHaveAsthma has 90 seconds left.
|
|t:|1640705445
|move|p2a: The wobbler|Spore|p1a: Arceus
|-status|p1a: Arceus|slp|[from] move: Spore
|cant|p1a: Arceus|slp
|
|-heal|p2a: The wobbler|94/100|[from] item: Leftovers
|-damage|p1a: Arceus|50/100 slp|[from] Curse
|-fieldend|move: Trick Room
|-ability|p2a: The wobbler|Moody|boost
|-boost|p2a: The wobbler|spe|2
|-unboost|p2a: The wobbler|spd|1
|upkeep
|turn|12
|
|t:|1640705449
|move|p2a: The wobbler|Substitute|p2a: The wobbler
|-start|p2a: The wobbler|Substitute
|-damage|p2a: The wobbler|69/100
|-curestatus|p1a: Arceus|slp|[msg]
|move|p1a: Arceus|Judgment|p2a: The wobbler
|-end|p2a: The wobbler|Substitute
|
|-heal|p2a: The wobbler|75/100|[from] item: Leftovers
|-damage|p1a: Arceus|25/100|[from] Curse
|-ability|p2a: The wobbler|Moody|boost
|-boost|p2a: The wobbler|spa|2
|-unboost|p2a: The wobbler|def|1
|upkeep
|turn|13
|
|t:|1640705454
|move|p2a: The wobbler|Spore|p1a: Arceus
|-status|p1a: Arceus|slp|[from] move: Spore
|cant|p1a: Arceus|slp
|
|-heal|p2a: The wobbler|81/100|[from] item: Leftovers
|-damage|p1a: Arceus|0 fnt|[from] Curse
|faint|p1a: Arceus
|-ability|p2a: The wobbler|Moody|boost
|-boost|p2a: The wobbler|spe|2
|-unboost|p2a: The wobbler|atk|1
|upkeep
|
|t:|1640705456
|switch|p1a: Rayquaza|Rayquaza-Mega|100/100
|-weather|DeltaStream|[from] ability: Delta Stream|[of] p1a: Rayquaza
|turn|14
|
|t:|1640705463
|switch|p2a: Calyrex|Calyrex-Shadow|100/100
|-ability|p2a: Calyrex|As One
|-ability|p2a: Calyrex|Unnerve
|-damage|p2a: Calyrex|88/100|[from] Stealth Rock
|move|p1a: Rayquaza|Extreme Speed|p2a: Calyrex
|-immune|p2a: Calyrex
|
|-weather|DeltaStream|[upkeep]
|upkeep
|turn|15
|
|t:|1640705479
|move|p2a: Calyrex|Astral Barrage|p1a: Rayquaza
|-damage|p1a: Rayquaza|30/100
|move|p1a: Rayquaza|Scale Shot|p2a: Calyrex
|-damage|p2a: Calyrex|67/100
|-damage|p2a: Calyrex|43/100
|-hitcount|p2a: Calyrex|2
|-unboost|p1a: Rayquaza|def|1
|-boost|p1a: Rayquaza|spe|1
|
|-weather|DeltaStream|[upkeep]
|upkeep
|turn|16
|
|t:|1640705496
|move|p1a: Rayquaza|Dragon Ascent|p2a: Calyrex
|-damage|p2a: Calyrex|0 fnt
|-unboost|p1a: Rayquaza|def|1
|-unboost|p1a: Rayquaza|spd|1
|faint|p2a: Calyrex
|
|-weather|DeltaStream|[upkeep]
|upkeep
|
|t:|1640705499
|switch|p2a: Rayquaza|Rayquaza|100/100
|-damage|p2a: Rayquaza|76/100|[from] Stealth Rock
|-ability|p2a: Rayquaza|Air Lock
|turn|17
|
|t:|1640705524
|detailschange|p2a: Rayquaza|Rayquaza-Mega
|-mega|p2a: Rayquaza|Rayquaza|
|move|p1a: Rayquaza|Extreme Speed|p2a: Rayquaza
|-damage|p2a: Rayquaza|38/100
|move|p2a: Rayquaza|Extreme Speed|p1a: Rayquaza
|-damage|p1a: Rayquaza|0 fnt
|faint|p1a: Rayquaza
|
|-weather|DeltaStream|[upkeep]
|upkeep
|
|t:|1640705528
|switch|p1a: Arceus|Arceus-Flying|100/100
|turn|18
|
|t:|1640705535
|-start|p1a: Arceus|Dynamax
|-heal|p1a: Arceus|100/100|[silent]
|move|p2a: Rayquaza|Extreme Speed|p1a: Arceus
|-damage|p1a: Arceus|87/100
|move|p1a: Arceus|Max Airstream|p2a: Rayquaza
|-damage|p2a: Rayquaza|0 fnt
|-boost|p1a: Arceus|spe|1
|faint|p2a: Rayquaza
|-weather|none
|
|upkeep
|
|t:|1640705551
|switch|p2a: Thundurus|Thundurus, M|100/100
|-damage|p2a: Thundurus|76/100|[from] Stealth Rock
|turn|19
|
|t:|1640705557
|move|p2a: Thundurus|Scary Face|p1a: Arceus
|-unboost|p1a: Arceus|spe|2
|move|p1a: Arceus|Max Airstream|p2a: Thundurus
|-resisted|p2a: Thundurus
|-damage|p2a: Thundurus|26/100
|-boost|p1a: Arceus|spe|1
|
|upkeep
|turn|20
|
|t:|1640705562
|move|p2a: Thundurus|Scary Face|p1a: Arceus
|-unboost|p1a: Arceus|spe|2
|move|p1a: Arceus|Max Airstream|p2a: Thundurus
|-resisted|p2a: Thundurus
|-damage|p2a: Thundurus|0 fnt
|-boost|p1a: Arceus|spe|1
|faint|p2a: Thundurus
|
|-end|p1a: Arceus|Dynamax
|-heal|p1a: Arceus|87/100|[silent]
|upkeep
|
|t:|1640705569
|switch|p2a: The wobbler|Smeargle, M|81/100
|-damage|p2a: The wobbler|69/100|[from] Stealth Rock
|turn|21
|
|t:|1640705571
|move|p2a: The wobbler|Spore|p1a: Arceus
|-status|p1a: Arceus|slp|[from] move: Spore
|cant|p1a: Arceus|slp
|
|-heal|p2a: The wobbler|75/100|[from] item: Leftovers
|-ability|p2a: The wobbler|Moody|boost
|-boost|p2a: The wobbler|atk|2
|-unboost|p2a: The wobbler|def|1
|upkeep
|turn|22
|
|t:|1640705577
|move|p2a: The wobbler|Substitute|p2a: The wobbler
|-start|p2a: The wobbler|Substitute
|-damage|p2a: The wobbler|50/100
|cant|p1a: Arceus|slp
|
|-heal|p2a: The wobbler|56/100|[from] item: Leftovers
|-ability|p2a: The wobbler|Moody|boost
|-boost|p2a: The wobbler|spe|2
|-unboost|p2a: The wobbler|spa|1
|upkeep
|turn|23
|
|t:|1640705597
|move|p2a: The wobbler|Shell Smash|p2a: The wobbler
|-unboost|p2a: The wobbler|def|1
|-unboost|p2a: The wobbler|spd|1
|-boost|p2a: The wobbler|atk|2
|-boost|p2a: The wobbler|spa|2
|-boost|p2a: The wobbler|spe|2
|-curestatus|p1a: Arceus|slp|[msg]
|move|p1a: Arceus|Earthquake|p2a: The wobbler
|-end|p2a: The wobbler|Substitute
|
|-heal|p2a: The wobbler|62/100|[from] item: Leftovers
|-ability|p2a: The wobbler|Moody|boost
|-boost|p2a: The wobbler|spe|2
|-unboost|p2a: The wobbler|spa|1
|upkeep
|turn|24
|
|t:|1640705601
|move|p2a: The wobbler|Spore|p1a: Arceus
|-status|p1a: Arceus|slp|[from] move: Spore
|cant|p1a: Arceus|slp
|
|-heal|p2a: The wobbler|68/100|[from] item: Leftovers
|-ability|p2a: The wobbler|Moody|boost
|-boost|p2a: The wobbler|atk|2
|-unboost|p2a: The wobbler|spa|1
|upkeep
|turn|25
|
|t:|1640705604
|move|p2a: The wobbler|Substitute|p2a: The wobbler
|-start|p2a: The wobbler|Substitute
|-damage|p2a: The wobbler|44/100
|cant|p1a: Arceus|slp
|
|-heal|p2a: The wobbler|50/100|[from] item: Leftovers
|-ability|p2a: The wobbler|Moody|boost
|-boost|p2a: The wobbler|spd|2
|-unboost|p2a: The wobbler|atk|1
|upkeep
|turn|26
|
|t:|1640705616
|move|p2a: The wobbler|Power Trip|p1a: Arceus
|-damage|p1a: Arceus|2/100 slp
|-curestatus|p1a: Arceus|slp|[msg]
|move|p1a: Arceus|Earthquake|p2a: The wobbler
|-end|p2a: The wobbler|Substitute
|
|-heal|p2a: The wobbler|55/100|[from] item: Leftovers
|-ability|p2a: The wobbler|Moody|boost
|-boost|p2a: The wobbler|def|2
|-unboost|p2a: The wobbler|spe|1
|upkeep
|turn|27
|-message|iHaveAsthma forfeited.
|
|win|soda49
|raw|iHaveAsthma's rating: 1851 &rarr; <strong>1823</strong><br />(-28 for losing)
|raw|soda49's rating: 1713 &rarr; <strong>1741</strong><br />(+28 for winning)
|l|☆iHaveAsthma
