|j|☆F.A.M.E.246 2nd
|j|☆MiguelRRM
|t:|1631165912
|gametype|singles
|player|p1|F.A.M.E.246 2nd|lucas|1628
|player|p2|MiguelRRM|lucas|1931
|teamsize|p1|6
|teamsize|p2|6
|gen|8
|tier|[Gen 8] National Dex AG
|rated|
|rule|HP Percentage Mod: HP is shown in percentages
|rule|Endless Battle Clause: Forcing endless battles is banned
|clearpoke
|poke|p1|Diancie|
|poke|p1|Marshadow|
|poke|p1|Ferrothorn, F|
|poke|p1|Ho-Oh|
|poke|p1|Arceus-*|
|poke|p1|Eternatus|
|poke|p2|Marshadow|
|poke|p2|Yveltal|
|poke|p2|Rayquaza|
|poke|p2|Zacian-*|
|poke|p2|Arceus-*|
|poke|p2|Groudon|
|teampreview
|c|☆F.A.M.E.246 2nd|hf
|inactive|Battle timer is ON: inactive players will automatically lose when time's up. (requested by F.A.M.E.246 2nd)
|
|t:|1631165931
|start
|switch|p1a: Diancie|Diancie|100/100
|switch|p2a: Rayquaza|Rayquaza|100/100
|-ability|p2a: Rayquaza|Air Lock
|turn|1
|
|t:|1631165935
|switch|p2a: Zacian|Zacian-Crowned|100/100
|-ability|p2a: Zacian|Intrepid Sword|boost
|-boost|p2a: Zacian|atk|1
|detailschange|p1a: Diancie|Diancie-Mega
|-mega|p1a: Diancie|Diancie|Diancite
|move|p1a: Diancie|Moonblast|p2a: Zacian
|-resisted|p2a: Zacian
|-damage|p2a: Zacian|77/100
|
|upkeep
|turn|2
|
|t:|1631165943
|switch|p2a: Groudon|Groudon|100/100
|detailschange|p2a: Groudon|Groudon-Primal
|-primal|p2a: Groudon
|-weather|DesolateLand|[from] ability: Desolate Land|[of] p2a: Groudon
|move|p1a: Diancie|Protect||[still]
|-fail|p1a: Diancie
|
|-weather|DesolateLand|[upkeep]
|upkeep
|turn|3
|
|t:|1631165948
|switch|p1a: Arceus|Arceus-Ground|100/100
|-weather|none
|switch|p2a: Zacian|Zacian-Crowned|77/100
|-ability|p2a: Zacian|Intrepid Sword|boost
|-boost|p2a: Zacian|atk|1
|
|upkeep
|turn|4
|
|t:|1631165955
|move|p2a: Zacian|Behemoth Blade|p1a: Arceus
|-damage|p1a: Arceus|44/100
|move|p1a: Arceus|Ice Beam|p2a: Zacian
|-resisted|p2a: Zacian
|-damage|p2a: Zacian|66/100
|
|upkeep
|turn|5
|
|t:|1631165959
|switch|p1a: Ho-Oh|Ho-Oh|100/100
|move|p2a: Zacian|Behemoth Blade|p1a: Ho-Oh
|-resisted|p1a: Ho-Oh
|-damage|p1a: Ho-Oh|65/100
|
|upkeep
|turn|6
|
|t:|1631165964
|-start|p1a: Ho-Oh|Dynamax
|-heal|p1a: Ho-Oh|65/100|[silent]
|move|p2a: Zacian|Wild Charge|p1a: Ho-Oh
|-supereffective|p1a: Ho-Oh
|-damage|p1a: Ho-Oh|24/100
|-damage|p2a: Zacian|41/100|[from] Recoil
|move|p1a: Ho-Oh|Max Flare|p2a: Zacian
|-supereffective|p2a: Zacian
|-damage|p2a: Zacian|0 fnt
|-weather|SunnyDay
|faint|p2a: Zacian
|
|-weather|SunnyDay|[upkeep]
|upkeep
|
|t:|1631165970
|switch|p2a: Marshadow|Marshadow|100/100
|turn|7
|
|t:|1631165974
|-end|p1a: Ho-Oh|Dynamax
|-heal|p1a: Ho-Oh|24/100|[silent]
|switch|p1a: Ferrothorn|Ferrothorn, F|100/100
|move|p2a: Marshadow|Rock Tomb|p1a: Ferrothorn
|-resisted|p1a: Ferrothorn
|-damage|p1a: Ferrothorn|92/100
|-unboost|p1a: Ferrothorn|spe|1
|
|-weather|SunnyDay|[upkeep]
|-heal|p1a: Ferrothorn|99/100|[from] item: Leftovers
|upkeep
|turn|8
|
|t:|1631165981
|switch|p2a: Groudon|Groudon-Primal|100/100
|-weather|DesolateLand|[from] ability: Desolate Land|[of] p2a: Groudon
|move|p1a: Ferrothorn|Gyro Ball|p2a: Groudon
|-resisted|p2a: Groudon
|-damage|p2a: Groudon|88/100
|
|-weather|DesolateLand|[upkeep]
|-heal|p1a: Ferrothorn|100/100|[from] item: Leftovers
|upkeep
|turn|9
|
|t:|1631165984
|switch|p1a: Arceus|Arceus-Ground|44/100
|move|p2a: Groudon|Rock Tomb|p1a: Arceus
|-resisted|p1a: Arceus
|-damage|p1a: Arceus|37/100
|-unboost|p1a: Arceus|spe|1
|
|-weather|DesolateLand|[upkeep]
|upkeep
|turn|10
|
|t:|1631165990
|move|p1a: Arceus|Recover|p1a: Arceus
|-heal|p1a: Arceus|87/100
|move|p2a: Groudon|Eruption|p1a: Arceus
|-damage|p1a: Arceus|21/100
|
|-weather|DesolateLand|[upkeep]
|upkeep
|turn|11
|
|t:|1631165996
|-weather|none
|switch|p2a: Rayquaza|Rayquaza|100/100
|-ability|p2a: Rayquaza|Air Lock
|move|p1a: Arceus|Recover|p1a: Arceus
|-heal|p1a: Arceus|71/100
|
|upkeep
|turn|12
|
|t:|1631166001
|switch|p1a: Ferrothorn|Ferrothorn, F|100/100
|detailschange|p2a: Rayquaza|Rayquaza-Mega
|-mega|p2a: Rayquaza|Rayquaza|
|-weather|DeltaStream|[from] ability: Delta Stream|[of] p2a: Rayquaza
|move|p2a: Rayquaza|Scale Shot|p1a: Ferrothorn
|-resisted|p1a: Ferrothorn
|-damage|p1a: Ferrothorn|93/100
|-resisted|p1a: Ferrothorn
|-damage|p1a: Ferrothorn|86/100
|-hitcount|p1a: Ferrothorn|2
|-unboost|p2a: Rayquaza|def|1
|-boost|p2a: Rayquaza|spe|1
|-damage|p2a: Rayquaza|91/100|[from] item: Life Orb
|
|-weather|DeltaStream|[upkeep]
|-heal|p1a: Ferrothorn|92/100|[from] item: Leftovers
|upkeep
|turn|13
|
|t:|1631166008
|move|p2a: Rayquaza|V-create|p1a: Ferrothorn
|-supereffective|p1a: Ferrothorn
|-damage|p1a: Ferrothorn|0 fnt
|-unboost|p2a: Rayquaza|spe|1
|-unboost|p2a: Rayquaza|def|1
|-unboost|p2a: Rayquaza|spd|1
|-damage|p2a: Rayquaza|78/100|[from] ability: Iron Barbs|[of] p1a: Ferrothorn
|faint|p1a: Ferrothorn
|-damage|p2a: Rayquaza|68/100|[from] item: Life Orb
|
|-weather|DeltaStream|[upkeep]
|upkeep
|c|☆F.A.M.E.246 2nd|interesting set lol
|
|t:|1631166020
|switch|p1a: Eternatus|Eternatus|100/100
|-ability|p1a: Eternatus|Pressure
|turn|14
|
|t:|1631166023
|move|p2a: Rayquaza|Extreme Speed|p1a: Eternatus
|-damage|p1a: Eternatus|62/100
|-damage|p2a: Rayquaza|58/100|[from] item: Life Orb
|move|p1a: Eternatus|Dynamax Cannon|p2a: Rayquaza
|-supereffective|p2a: Rayquaza
|-damage|p2a: Rayquaza|0 fnt
|faint|p2a: Rayquaza
|-weather|none
|-damage|p1a: Eternatus|52/100|[from] item: Life Orb
|
|upkeep
|
|t:|1631166031
|switch|p2a: Arceus|Arceus-Ground|100/100
|turn|15
|
|t:|1631166034
|switch|p1a: Ho-Oh|Ho-Oh|57/100
|move|p2a: Arceus|Rock Tomb|p1a: Ho-Oh
|-supereffective|p1a: Ho-Oh
|-damage|p1a: Ho-Oh|14/100
|-unboost|p1a: Ho-Oh|spe|1
|
|upkeep
|turn|16
|
|t:|1631166040
|switch|p1a: Arceus|Arceus-Ground|71/100
|move|p2a: Arceus|Judgment|p1a: Arceus
|-damage|p1a: Arceus|34/100
|
|upkeep
|turn|17
|
|t:|1631166047
|move|p1a: Arceus|Recover|p1a: Arceus
|-heal|p1a: Arceus|84/100
|move|p2a: Arceus|Judgment|p1a: Arceus
|-damage|p1a: Arceus|45/100
|
|upkeep
|turn|18
|
|t:|1631166050
|move|p1a: Arceus|Recover|p1a: Arceus
|-heal|p1a: Arceus|95/100
|move|p2a: Arceus|Rock Tomb|p1a: Arceus
|-resisted|p1a: Arceus
|-damage|p1a: Arceus|91/100
|-unboost|p1a: Arceus|spe|1
|
|upkeep
|turn|19
|
|t:|1631166053
|move|p2a: Arceus|Rock Tomb|p1a: Arceus
|-resisted|p1a: Arceus
|-crit|p1a: Arceus
|-damage|p1a: Arceus|84/100
|-unboost|p1a: Arceus|spe|1
|move|p1a: Arceus|Ice Beam|p2a: Arceus
|-supereffective|p2a: Arceus
|-damage|p2a: Arceus|62/100
|
|upkeep
|turn|20
|
|t:|1631166057
|move|p2a: Arceus|Judgment|p1a: Arceus
|-damage|p1a: Arceus|43/100
|move|p1a: Arceus|Recover|p1a: Arceus
|-heal|p1a: Arceus|93/100
|
|upkeep
|turn|21
|
|t:|1631166060
|switch|p2a: Groudon|Groudon-Primal|88/100
|-weather|DesolateLand|[from] ability: Desolate Land|[of] p2a: Groudon
|switch|p1a: Ho-Oh|Ho-Oh|47/100
|
|-weather|DesolateLand|[upkeep]
|upkeep
|turn|22
|
|t:|1631166063
|switch|p1a: Arceus|Arceus-Ground|93/100
|move|p2a: Groudon|Stealth Rock|p1a: Arceus
|-sidestart|p1: F.A.M.E.246 2nd|move: Stealth Rock
|
|-weather|DesolateLand|[upkeep]
|upkeep
|turn|23
|
|t:|1631166068
|move|p1a: Arceus|Judgment|p2a: Groudon
|-supereffective|p2a: Groudon
|-damage|p2a: Groudon|0 fnt
|faint|p2a: Groudon
|-weather|none
|
|upkeep
|
|t:|1631166071
|switch|p2a: Yveltal|Yveltal|100/100
|-ability|p2a: Yveltal|Dark Aura
|turn|24
|
|t:|1631166073
|-start|p2a: Yveltal|Dynamax
|-heal|p2a: Yveltal|100/100|[silent]
|move|p1a: Arceus|Defog|p2a: Yveltal
|-unboost|p2a: Yveltal|evasion|1
|-sideend|p1: F.A.M.E.246 2nd|Stealth Rock|[from] move: Defog|[of] p1a: Arceus
|move|p2a: Yveltal|Max Airstream|p1a: Arceus
|-damage|p1a: Arceus|29/100
|-boost|p2a: Yveltal|spe|1
|-damage|p2a: Yveltal|96/100|[from] item: Life Orb
|
|upkeep
|turn|25
|
|t:|1631166090
|move|p2a: Yveltal|Max Darkness|p1a: Arceus
|-damage|p1a: Arceus|0 fnt
|faint|p1a: Arceus
|-damage|p2a: Yveltal|91/100|[from] item: Life Orb
|
|upkeep
|
|t:|1631166094
|switch|p1a: Diancie|Diancie-Mega|100/100
|turn|26
|
|t:|1631166106
|move|p2a: Yveltal|Max Darkness|p1a: Diancie
|-resisted|p1a: Diancie
|-damage|p1a: Diancie|39/100
|-unboost|p1a: Diancie|spd|1
|-damage|p2a: Yveltal|86/100|[from] item: Life Orb
|move|p1a: Diancie|Moonblast|p2a: Yveltal
|-supereffective|p2a: Yveltal
|-damage|p2a: Yveltal|29/100
|
|-end|p2a: Yveltal|Dynamax
|-heal|p2a: Yveltal|29/100|[silent]
|upkeep
|turn|27
|
|t:|1631166111
|move|p2a: Yveltal|Oblivion Wing|p1a: Diancie
|-resisted|p1a: Diancie
|-crit|p1a: Diancie
|-damage|p1a: Diancie|0 fnt
|-heal|p2a: Yveltal|47/100|[from] drain|[of] p1a: Diancie
|faint|p1a: Diancie
|-damage|p2a: Yveltal|37/100|[from] item: Life Orb
|
|upkeep
|
|t:|1631166115
|switch|p1a: Ho-Oh|Ho-Oh|80/100
|turn|28
|
|t:|1631166119
|move|p2a: Yveltal|Dark Pulse|p1a: Ho-Oh
|-damage|p1a: Ho-Oh|43/100
|-damage|p2a: Yveltal|27/100|[from] item: Life Orb
|move|p1a: Ho-Oh|Toxic|p2a: Yveltal
|-status|p2a: Yveltal|tox
|
|-damage|p2a: Yveltal|21/100 tox|[from] psn
|upkeep
|turn|29
|
|t:|1631166124
|move|p2a: Yveltal|Dark Pulse|p1a: Ho-Oh
|-damage|p1a: Ho-Oh|1/100
|-damage|p2a: Yveltal|11/100 tox|[from] item: Life Orb
|move|p1a: Ho-Oh|Roost|p1a: Ho-Oh
|-heal|p1a: Ho-Oh|51/100
|-singleturn|p1a: Ho-Oh|move: Roost
|
|-damage|p2a: Yveltal|0 fnt|[from] psn
|faint|p2a: Yveltal
|upkeep
|
|t:|1631166126
|switch|p2a: Marshadow|Marshadow|100/100
|turn|30
|
|t:|1631166133
|move|p2a: Marshadow|Rock Tomb|p1a: Ho-Oh
|-supereffective|p1a: Ho-Oh
|-damage|p1a: Ho-Oh|0 fnt
|faint|p1a: Ho-Oh
|
|upkeep
|
|t:|1631166147
|switch|p1a: Marshadow|Marshadow|100/100
|turn|31
|
|t:|1631166151
|move|p1a: Marshadow|Spectral Thief|p2a: Marshadow
|-supereffective|p2a: Marshadow
|-enditem|p2a: Marshadow|Focus Sash
|-damage|p2a: Marshadow|1/100
|move|p2a: Marshadow|Rock Tomb|p1a: Marshadow|[miss]
|-miss|p2a: Marshadow|p1a: Marshadow
|
|upkeep
|turn|32
|c|☆F.A.M.E.246 2nd|ah shit
|
|t:|1631166160
|move|p2a: Marshadow|Shadow Sneak|p1a: Marshadow
|-supereffective|p1a: Marshadow
|-damage|p1a: Marshadow|18/100
|move|p1a: Marshadow|Shadow Sneak|p2a: Marshadow
|-supereffective|p2a: Marshadow
|-damage|p2a: Marshadow|0 fnt
|faint|p2a: Marshadow
|
|upkeep
|
|t:|1631166161
|switch|p2a: Arceus|Arceus-Ground|62/100
|turn|33
|
|t:|1631166163
|move|p1a: Marshadow|Close Combat|p2a: Arceus
|-damage|p2a: Arceus|22/100
|-unboost|p1a: Marshadow|def|1
|-unboost|p1a: Marshadow|spd|1
|move|p2a: Arceus|Recover|p2a: Arceus
|-heal|p2a: Arceus|72/100
|
|upkeep
|turn|34
|
|t:|1631166166
|move|p1a: Marshadow|Close Combat|p2a: Arceus
|-damage|p2a: Arceus|34/100
|-unboost|p1a: Marshadow|def|1
|-unboost|p1a: Marshadow|spd|1
|move|p2a: Arceus|Recover|p2a: Arceus
|-heal|p2a: Arceus|84/100
|
|upkeep
|turn|35
|
|t:|1631166169
|move|p1a: Marshadow|Close Combat|p2a: Arceus
|-damage|p2a: Arceus|42/100
|-unboost|p1a: Marshadow|def|1
|-unboost|p1a: Marshadow|spd|1
|move|p2a: Arceus|Recover|p2a: Arceus
|-heal|p2a: Arceus|93/100
|
|upkeep
|turn|36
|
|t:|1631166172
|move|p1a: Marshadow|Close Combat|p2a: Arceus
|-damage|p2a: Arceus|52/100
|-unboost|p1a: Marshadow|def|1
|-unboost|p1a: Marshadow|spd|1
|move|p2a: Arceus|Recover|p2a: Arceus
|-heal|p2a: Arceus|100/100
|
|upkeep
|turn|37
|
|t:|1631166175
|move|p1a: Marshadow|Close Combat|p2a: Arceus
|-damage|p2a: Arceus|61/100
|-unboost|p1a: Marshadow|def|1
|-unboost|p1a: Marshadow|spd|1
|move|p2a: Arceus|Recover|p2a: Arceus
|-heal|p2a: Arceus|100/100
|
|upkeep
|turn|38
|
|t:|1631166178
|move|p1a: Marshadow|Spectral Thief|p2a: Arceus
|-damage|p2a: Arceus|73/100
|move|p2a: Arceus|Defog|p1a: Marshadow
|-unboost|p1a: Marshadow|evasion|1
|
|upkeep
|turn|39
|
|t:|1631166184
|move|p1a: Marshadow|Rock Tomb|p2a: Arceus
|-resisted|p2a: Arceus
|-damage|p2a: Arceus|63/100
|-unboost|p2a: Arceus|spe|1
|move|p2a: Arceus|Recover|p2a: Arceus
|-heal|p2a: Arceus|100/100
|
|upkeep
|turn|40
|
|t:|1631166188
|move|p1a: Marshadow|Close Combat|p2a: Arceus
|-damage|p2a: Arceus|60/100
|-unboost|p1a: Marshadow|def|1
|-unboost|p1a: Marshadow|spd|1
|move|p2a: Arceus|Rock Tomb|p1a: Marshadow
|-resisted|p1a: Marshadow
|-damage|p1a: Marshadow|0 fnt
|faint|p1a: Marshadow
|
|upkeep
|
|t:|1631166193
|switch|p1a: Eternatus|Eternatus|52/100
|-ability|p1a: Eternatus|Pressure
|turn|41
|
|t:|1631166200
|move|p1a: Eternatus|Recover|p1a: Eternatus
|-heal|p1a: Eternatus|100/100
|move|p2a: Arceus|Judgment|p1a: Eternatus
|-supereffective|p1a: Eternatus
|-damage|p1a: Eternatus|20/100
|
|upkeep
|turn|42
|
|t:|1631166203
|move|p1a: Eternatus|Dynamax Cannon|p2a: Arceus
|-damage|p2a: Arceus|9/100
|-damage|p1a: Eternatus|10/100|[from] item: Life Orb
|move|p2a: Arceus|Judgment|p1a: Eternatus
|-supereffective|p1a: Eternatus
|-damage|p1a: Eternatus|0 fnt
|faint|p1a: Eternatus
|
|win|MiguelRRM
|raw|F.A.M.E.246 2nd's rating: 1628 &rarr; <strong>1622</strong><br />(-6 for losing)
|raw|MiguelRRM's rating: 1931 &rarr; <strong>1937</strong><br />(+6 for winning)
|c|☆F.A.M.E.246 2nd|gg
|l|☆F.A.M.E.246 2nd
|j|☆F.A.M.E.246 2nd
|player|p1|F.A.M.E.246 2nd|lucas
