|j|☆OnMaWa
|j|‽reverse whirlpool
|player|p1|OnMaWa|psychic-gen4|1797
|player|p2|reverse whirlpool|266|1720
|teamsize|p1|6
|teamsize|p2|6
|gametype|singles
|gen|8
|tier|[Gen 8] National Dex AG
|rated|
|clearpoke
|poke|p1|Arceus-*|
|poke|p1|Xerneas|
|poke|p1|Lugia|
|poke|p1|Zacian-Crowned|
|poke|p1|Necrozma-Dusk-Mane|
|poke|p1|Yveltal|
|poke|p2|Zacian-Crowned|
|poke|p2|Yveltal|
|poke|p2|Groudon|
|poke|p2|Ho-Oh|
|poke|p2|Necrozma-Dusk-Mane|
|poke|p2|Zygarde|
|rule|HP Percentage Mod: HP is shown in percentages
|rule|Endless Battle Clause: Forcing endless battles is banned
|teampreview
|inactive|Battle timer is ON: inactive players will automatically lose when time's up. (requested by reverse whirlpool)
|
|start
|switch|p1a: Necrozma|Necrozma-Dusk-Mane|100/100
|switch|p2a: Yveltal|Yveltal, shiny|100/100
|-ability|p2a: Yveltal|Dark Aura
|turn|1
|j| SToRmOP
|
|detailschange|p1a: Necrozma|Necrozma-Ultra
|-burst|p1a: Necrozma|Necrozma|Ultranecrozium Z
|move|p1a: Necrozma|Dragon Dance|p1a: Necrozma
|-boost|p1a: Necrozma|atk|1
|-boost|p1a: Necrozma|spe|1
|move|p2a: Yveltal|Dark Pulse|p1a: Necrozma
|-supereffective|p1a: Necrozma
|-damage|p1a: Necrozma|0 fnt
|-damage|p2a: Yveltal|91/100|[from] item: Life Orb
|faint|p1a: Necrozma
|
|upkeep
|inactive|OnMaWa has 120 seconds left.
|
|switch|p1a: Xerneas|Xerneas, shiny|100/100
|-ability|p1a: Xerneas|Fairy Aura
|turn|2
|
|switch|p2a: Necrozma|Necrozma-Dusk-Mane, shiny|100/100
|move|p1a: Xerneas|Geomancy||[still]
|-prepare|p1a: Xerneas|Geomancy|p1a: Xerneas
|-enditem|p1a: Xerneas|Power Herb
|-anim|p1a: Xerneas|Geomancy|p1a: Xerneas
|-boost|p1a: Xerneas|spa|2
|-boost|p1a: Xerneas|spd|2
|-boost|p1a: Xerneas|spe|2
|
|upkeep
|turn|3
|inactive|OnMaWa has 120 seconds left.
|
|-start|p1a: Xerneas|Dynamax
|-heal|p1a: Xerneas|100/100|[silent]
|-start|p2a: Necrozma|Dynamax
|-heal|p2a: Necrozma|100/100|[silent]
|move|p1a: Xerneas|Max Lightning|p2a: Necrozma
|-damage|p2a: Necrozma|67/100
|-fieldstart|move: Electric Terrain
|move|p2a: Necrozma|Max Steelspike|p1a: Xerneas
|-supereffective|p1a: Xerneas
|-damage|p1a: Xerneas|40/100
|-boost|p2a: Necrozma|def|1
|
|-heal|p2a: Necrozma|70/100|[from] item: Leftovers
|upkeep
|turn|4
|inactive|OnMaWa has 120 seconds left.
|
|move|p1a: Xerneas|Max Guard|p1a: Xerneas
|-singleturn|p1a: Xerneas|Max Guard
|move|p2a: Necrozma|Max Guard||[still]
|-fail|p2a: Necrozma
|
|-heal|p2a: Necrozma|73/100|[from] item: Leftovers
|upkeep
|turn|5
|
|move|p1a: Xerneas|Max Lightning|p2a: Necrozma
|-damage|p2a: Necrozma|28/100
|move|p2a: Necrozma|Max Steelspike|p1a: Xerneas
|-supereffective|p1a: Xerneas
|-damage|p1a: Xerneas|0 fnt
|-boost|p2a: Necrozma|def|1
|faint|p1a: Xerneas
|
|-heal|p2a: Necrozma|31/100|[from] item: Leftovers
|-end|p2a: Necrozma|Dynamax
|-heal|p2a: Necrozma|31/100|[silent]
|upkeep
|
|switch|p1a: Yveltal|Yveltal, shiny|100/100
|-ability|p1a: Yveltal|Dark Aura
|turn|6
|
|switch|p2a: Ho-Oh|Ho-Oh, shiny|100/100
|move|p1a: Yveltal|Dark Pulse|p2a: Ho-Oh
|-damage|p2a: Ho-Oh|59/100
|-damage|p1a: Yveltal|91/100|[from] item: Life Orb
|
|upkeep
|turn|7
|
|move|p1a: Yveltal|Taunt|p2a: Ho-Oh
|-start|p2a: Ho-Oh|move: Taunt
|cant|p2a: Ho-Oh|move: Taunt|Toxic
|
|-fieldend|move: Electric Terrain
|upkeep
|turn|8
|inactive|OnMaWa has 90 seconds left.
|
|switch|p2a: Zacian|Zacian-Crowned|100/100
|-ability|p2a: Zacian|Intrepid Sword|boost
|-boost|p2a: Zacian|atk|1
|move|p1a: Yveltal|Dark Pulse|p2a: Zacian
|-resisted|p2a: Zacian
|-damage|p2a: Zacian|66/100
|-damage|p1a: Yveltal|81/100|[from] item: Life Orb
|
|upkeep
|turn|9
|inactive|OnMaWa has 90 seconds left.
|
|switch|p1a: Lugia|Lugia|100/100
|move|p2a: Zacian|Play Rough|p1a: Lugia
|-damage|p1a: Lugia|77/100
|
|upkeep
|turn|10
|
|move|p2a: Zacian|Wild Charge|p1a: Lugia
|-supereffective|p1a: Lugia
|-damage|p1a: Lugia|20/100
|-damage|p2a: Zacian|47/100|[from] Recoil
|move|p1a: Lugia|Thunder Wave|p2a: Zacian
|-status|p2a: Zacian|par
|
|upkeep
|turn|11
|
|move|p1a: Lugia|Roost|p1a: Lugia
|-heal|p1a: Lugia|70/100
|-singleturn|p1a: Lugia|move: Roost
|move|p2a: Zacian|Wild Charge|p1a: Lugia
|-damage|p1a: Lugia|41/100
|-damage|p2a: Zacian|38/100 par|[from] Recoil
|
|upkeep
|turn|12
|
|move|p1a: Lugia|Roost|p1a: Lugia
|-heal|p1a: Lugia|91/100
|-singleturn|p1a: Lugia|move: Roost
|move|p2a: Zacian|Crunch|p1a: Lugia
|-supereffective|p1a: Lugia
|-damage|p1a: Lugia|43/100
|
|upkeep
|turn|13
|
|switch|p2a: Ho-Oh|Ho-Oh, shiny|92/100
|move|p1a: Lugia|Roost|p1a: Lugia
|-heal|p1a: Lugia|93/100
|-singleturn|p1a: Lugia|move: Roost
|
|upkeep
|turn|14
|
|move|p1a: Lugia|Substitute|p1a: Lugia
|-start|p1a: Lugia|Substitute
|-damage|p1a: Lugia|68/100
|move|p2a: Ho-Oh|Toxic||[still]
|-fail|p2a: Ho-Oh
|
|upkeep
|turn|15
|
|move|p1a: Lugia|Thunder Wave|p2a: Ho-Oh|[miss]
|-miss|p1a: Lugia|p2a: Ho-Oh
|move|p2a: Ho-Oh|Sacred Fire|p1a: Lugia
|-activate|p1a: Lugia|move: Substitute|[damage]
|
|upkeep
|turn|16
|inactive|OnMaWa has 120 seconds left.
|
|switch|p2a: Zacian|Zacian-Crowned|38/100 par
|-ability|p2a: Zacian|Intrepid Sword|boost
|-boost|p2a: Zacian|atk|1
|move|p1a: Lugia|Roost|p1a: Lugia
|-heal|p1a: Lugia|100/100
|-singleturn|p1a: Lugia|move: Roost
|
|upkeep
|turn|17
|inactive|OnMaWa has 120 seconds left.
|
|move|p2a: Zacian|Crunch|p1a: Lugia
|-supereffective|p1a: Lugia
|-end|p1a: Lugia|Substitute
|move|p1a: Lugia|Whirlwind|p2a: Zacian
|drag|p2a: Yveltal|Yveltal, shiny|91/100
|-ability|p2a: Yveltal|Dark Aura
|
|upkeep
|turn|18
|inactive|OnMaWa has 120 seconds left.
|
|switch|p2a: Zacian|Zacian-Crowned|38/100 par
|-ability|p2a: Zacian|Intrepid Sword|boost
|-boost|p2a: Zacian|atk|1
|switch|p1a: Zacian|Zacian-Crowned|100/100
|-ability|p1a: Zacian|Intrepid Sword|boost
|-boost|p1a: Zacian|atk|1
|
|upkeep
|turn|19
|
|move|p1a: Zacian|Behemoth Blade|p2a: Zacian
|-damage|p2a: Zacian|0 fnt
|faint|p2a: Zacian
|
|upkeep
|
|switch|p2a: Ho-Oh|Ho-Oh, shiny|100/100
|turn|20
|inactive|OnMaWa has 120 seconds left.
|
|move|p1a: Zacian|Crunch|p2a: Ho-Oh
|-damage|p2a: Ho-Oh|66/100
|move|p2a: Ho-Oh|Sacred Fire|p1a: Zacian
|-supereffective|p1a: Zacian
|-damage|p1a: Zacian|23/100
|
|upkeep
|turn|21
|inactive|OnMaWa has 120 seconds left.
|
|switch|p2a: Zygarde|Zygarde|100/100
|move|p1a: Zacian|Crunch|p2a: Zygarde
|-damage|p2a: Zygarde|73/100
|-unboost|p2a: Zygarde|def|1
|
|-heal|p2a: Zygarde|79/100|[from] item: Leftovers
|upkeep
|turn|22
|inactive|OnMaWa has 120 seconds left.
|
|switch|p2a: Ho-Oh|Ho-Oh, shiny|99/100
|move|p1a: Zacian|Play Rough|p2a: Ho-Oh
|-resisted|p2a: Ho-Oh
|-damage|p2a: Ho-Oh|72/100
|
|upkeep
|turn|23
|
|move|p1a: Zacian|Crunch|p2a: Ho-Oh
|-damage|p2a: Ho-Oh|40/100
|move|p2a: Ho-Oh|Sacred Fire|p1a: Zacian
|-supereffective|p1a: Zacian
|-damage|p1a: Zacian|0 fnt
|faint|p1a: Zacian
|
|upkeep
|inactive|OnMaWa has 120 seconds left.
|
|switch|p1a: Yveltal|Yveltal, shiny|81/100
|-ability|p1a: Yveltal|Dark Aura
|turn|24
|inactive|OnMaWa has 120 seconds left.
|
|move|p1a: Yveltal|Dark Pulse|p2a: Ho-Oh
|-damage|p2a: Ho-Oh|0 fnt
|-damage|p1a: Yveltal|71/100|[from] item: Life Orb
|faint|p2a: Ho-Oh
|
|upkeep
|
|switch|p2a: Yveltal|Yveltal, shiny|91/100
|-ability|p2a: Yveltal|Dark Aura
|turn|25
|
|move|p1a: Yveltal|Oblivion Wing|p2a: Yveltal
|-damage|p2a: Yveltal|41/100
|-heal|p1a: Yveltal|100/100|[from] drain|[of] p2a: Yveltal
|-damage|p1a: Yveltal|91/100|[from] item: Life Orb
|move|p2a: Yveltal|Oblivion Wing|p1a: Yveltal
|-damage|p1a: Yveltal|40/100
|-heal|p2a: Yveltal|79/100|[from] drain|[of] p1a: Yveltal
|-damage|p2a: Yveltal|69/100|[from] item: Life Orb
|
|upkeep
|turn|26
|
|move|p1a: Yveltal|Oblivion Wing|p2a: Yveltal
|-damage|p2a: Yveltal|17/100
|-heal|p1a: Yveltal|79/100|[from] drain|[of] p2a: Yveltal
|-damage|p1a: Yveltal|69/100|[from] item: Life Orb
|move|p2a: Yveltal|Oblivion Wing|p1a: Yveltal
|-crit|p1a: Yveltal
|-damage|p1a: Yveltal|0 fnt
|-heal|p2a: Yveltal|69/100|[from] drain|[of] p1a: Yveltal
|-damage|p2a: Yveltal|59/100|[from] item: Life Orb
|faint|p1a: Yveltal
|
|upkeep
|inactive|OnMaWa has 120 seconds left.
|
|switch|p1a: Arceus|Arceus|100/100
|turn|27
|
|switch|p2a: Zygarde|Zygarde|79/100
|move|p1a: Arceus|Swords Dance|p1a: Arceus
|-boost|p1a: Arceus|atk|2
|
|-heal|p2a: Zygarde|85/100|[from] item: Leftovers
|upkeep
|turn|28
|
|move|p1a: Arceus|Substitute|p1a: Arceus
|-start|p1a: Arceus|Substitute
|-damage|p1a: Arceus|76/100
|move|p2a: Zygarde|Glare||[still]
|-fail|p2a: Zygarde
|
|-heal|p2a: Zygarde|91/100|[from] item: Leftovers
|upkeep
|turn|29
|
|move|p1a: Arceus|Swords Dance|p1a: Arceus
|-boost|p1a: Arceus|atk|2
|move|p2a: Zygarde|Coil|p2a: Zygarde
|-boost|p2a: Zygarde|atk|1
|-boost|p2a: Zygarde|def|1
|-boost|p2a: Zygarde|accuracy|1
|
|-heal|p2a: Zygarde|98/100|[from] item: Leftovers
|upkeep
|turn|30
|
|move|p1a: Arceus|Swords Dance|p1a: Arceus
|-boost|p1a: Arceus|atk|2
|move|p2a: Zygarde|Coil|p2a: Zygarde
|-boost|p2a: Zygarde|atk|1
|-boost|p2a: Zygarde|def|1
|-boost|p2a: Zygarde|accuracy|1
|
|-heal|p2a: Zygarde|100/100|[from] item: Leftovers
|upkeep
|turn|31
|
|move|p1a: Arceus|Extreme Speed|p2a: Zygarde
|-damage|p2a: Zygarde|47/100
|move|p2a: Zygarde|Coil|p2a: Zygarde
|-boost|p2a: Zygarde|atk|1
|-boost|p2a: Zygarde|def|1
|-boost|p2a: Zygarde|accuracy|1
|
|-heal|p2a: Zygarde|53/100|[from] item: Leftovers
|upkeep
|turn|32
|
|move|p1a: Arceus|Extreme Speed|p2a: Zygarde
|-damage|p2a: Zygarde|8/100
|move|p2a: Zygarde|Coil|p2a: Zygarde
|-boost|p2a: Zygarde|atk|1
|-boost|p2a: Zygarde|def|1
|-boost|p2a: Zygarde|accuracy|1
|
|-heal|p2a: Zygarde|15/100|[from] item: Leftovers
|-activate|p2a: Zygarde|ability: Power Construct
|detailschange|p2a: Zygarde|Zygarde-Complete
|-heal|p2a: Zygarde|44/100|[silent]
|upkeep
|turn|33
|
|move|p1a: Arceus|Extreme Speed|p2a: Zygarde
|-damage|p2a: Zygarde|21/100
|move|p2a: Zygarde|Rest|p2a: Zygarde
|-status|p2a: Zygarde|slp|[from] move: Rest
|-heal|p2a: Zygarde|100/100 slp|[silent]
|
|upkeep
|turn|34
|
|switch|p1a: Lugia|Lugia|100/100
|cant|p2a: Zygarde|slp
|
|upkeep
|turn|35
|
|cant|p2a: Zygarde|slp
|move|p1a: Lugia|Whirlwind|p2a: Zygarde
|drag|p2a: Groudon|Groudon, shiny|100/100
|-weather|SunnyDay|[from] ability: Drought|[of] p2a: Groudon
|detailschange|p2a: Groudon|Groudon-Primal, shiny
|-primal|p2a: Groudon
|-weather|DesolateLand|[from] ability: Desolate Land|[of] p2a: Groudon
|
|-weather|DesolateLand|[upkeep]
|upkeep
|turn|36
|
|move|p1a: Lugia|Substitute|p1a: Lugia
|-start|p1a: Lugia|Substitute
|-damage|p1a: Lugia|75/100
|move|p2a: Groudon|Stealth Rock|p1a: Lugia
|-sidestart|p1: OnMaWa|move: Stealth Rock
|
|-weather|DesolateLand|[upkeep]
|upkeep
|turn|37
|
|move|p1a: Lugia|Whirlwind|p2a: Groudon
|-weather|none
|drag|p2a: Yveltal|Yveltal, shiny|59/100
|-ability|p2a: Yveltal|Dark Aura
|
|upkeep
|turn|38
|
|switch|p2a: Zygarde|Zygarde-Complete|100/100 slp
|move|p1a: Lugia|Thunder Wave|p2a: Zygarde
|-immune|p2a: Zygarde
|
|upkeep
|turn|39
|
|switch|p2a: Groudon|Groudon-Primal, shiny|100/100
|-weather|DesolateLand|[from] ability: Desolate Land|[of] p2a: Groudon
|move|p1a: Lugia|Whirlwind|p2a: Groudon
|-weather|none
|drag|p2a: Necrozma|Necrozma-Dusk-Mane, shiny|31/100
|
|-heal|p2a: Necrozma|37/100|[from] item: Leftovers
|upkeep
|turn|40
|
|switch|p2a: Zygarde|Zygarde-Complete|100/100 slp
|move|p1a: Lugia|Thunder Wave|p2a: Zygarde
|-immune|p2a: Zygarde
|
|upkeep
|turn|41
|
|-curestatus|p2a: Zygarde|slp|[msg]
|move|p2a: Zygarde|Coil|p2a: Zygarde
|-boost|p2a: Zygarde|atk|1
|-boost|p2a: Zygarde|def|1
|-boost|p2a: Zygarde|accuracy|1
|move|p1a: Lugia|Whirlwind|p2a: Zygarde
|drag|p2a: Necrozma|Necrozma-Dusk-Mane, shiny|37/100
|
|-heal|p2a: Necrozma|43/100|[from] item: Leftovers
|upkeep
|turn|42
|
|switch|p2a: Groudon|Groudon-Primal, shiny|100/100
|-weather|DesolateLand|[from] ability: Desolate Land|[of] p2a: Groudon
|move|p1a: Lugia|Thunder Wave|p2a: Groudon
|-immune|p2a: Groudon
|
|-weather|DesolateLand|[upkeep]
|upkeep
|turn|43
|
|move|p1a: Lugia|Thunder Wave|p2a: Groudon
|-immune|p2a: Groudon
|move|p2a: Groudon|Roar|p1a: Lugia
|drag|p1a: Arceus|Arceus|76/100
|-damage|p1a: Arceus|63/100|[from] Stealth Rock
|
|-weather|DesolateLand|[upkeep]
|upkeep
|turn|44
|
|move|p1a: Arceus|Swords Dance|p1a: Arceus
|-boost|p1a: Arceus|atk|2
|move|p2a: Groudon|Precipice Blades|p1a: Arceus
|-damage|p1a: Arceus|15/100
|
|-weather|DesolateLand|[upkeep]
|upkeep
|turn|45
|
|-weather|none
|switch|p2a: Zygarde|Zygarde-Complete|100/100
|move|p1a: Arceus|Earthquake|p2a: Zygarde
|-damage|p2a: Zygarde|77/100
|
|-heal|p2a: Zygarde|83/100|[from] item: Leftovers
|upkeep
|turn|46
|
|move|p1a: Arceus|Extreme Speed|p2a: Zygarde
|-damage|p2a: Zygarde|49/100
|move|p2a: Zygarde|Thousand Arrows|p1a: Arceus
|-crit|p1a: Arceus
|-damage|p1a: Arceus|0 fnt
|faint|p1a: Arceus
|
|-heal|p2a: Zygarde|55/100|[from] item: Leftovers
|upkeep
|-message|OnMaWa forfeited.
|
|win|reverse whirlpool
|l|☆OnMaWa
