|j|‽putin blyat
|j|☆ChunkyRat
|t:|1668168349
|gametype|singles
|player|p1|putin blyat|twins-gen4|1882
|player|p2|ChunkyRat|ninjaboy|1910
|teamsize|p1|6
|teamsize|p2|6
|gen|8
|tier|[Gen 8] National Dex AG
|rated|
|rule|HP Percentage Mod: HP is shown in percentages
|rule|Endless Battle Clause: Forcing endless battles is banned
|clearpoke
|poke|p1|Smeargle, M|
|poke|p1|Yveltal|
|poke|p1|Calyrex-Shadow|
|poke|p1|Groudon|
|poke|p1|Arceus-*|
|poke|p1|Rayquaza|
|poke|p2|Rayquaza|
|poke|p2|Arceus-*|
|poke|p2|Lugia|
|poke|p2|Arceus-*|
|poke|p2|Darmanitan-Galar, F|
|poke|p2|Arceus-*|
|teampreview
|inactive|Battle timer is ON: inactive players will automatically lose when time's up. (requested by putin blyat)
|
|t:|1668168360
|start
|switch|p1a: Smeargle|Smeargle, M|100/100
|switch|p2a: Darmanitan|Darmanitan-Galar, F|100/100
|turn|1
|
|t:|1668168365
|move|p2a: Darmanitan|Icicle Crash|p1a: Smeargle|[miss]
|-miss|p2a: Darmanitan|p1a: Smeargle
|move|p1a: Smeargle|Nuzzle|p2a: Darmanitan
|-damage|p2a: Darmanitan|97/100
|-status|p2a: Darmanitan|par
|
|upkeep
|turn|2
|
|t:|1668168373
|move|p1a: Smeargle|Sticky Web|p2a: Darmanitan
|-sidestart|p2: ChunkyRat|move: Sticky Web
|move|p2a: Darmanitan|Icicle Crash|p1a: Smeargle
|-enditem|p1a: Smeargle|Focus Sash
|-damage|p1a: Smeargle|1/100
|
|upkeep
|turn|3
|
|t:|1668168377
|switch|p1a: Groudon|Groudon|100/100
|detailschange|p1a: Groudon|Groudon-Primal
|-primal|p1a: Groudon
|-weather|DesolateLand|[from] ability: Desolate Land|[of] p1a: Groudon
|move|p2a: Darmanitan|Icicle Crash|p1a: Groudon
|-damage|p1a: Groudon|52/100
|
|-weather|DesolateLand|[upkeep]
|upkeep
|turn|4
|
|t:|1668168380
|move|p1a: Groudon|Stealth Rock|p2a: Darmanitan
|-sidestart|p2: ChunkyRat|move: Stealth Rock
|cant|p2a: Darmanitan|par
|
|-weather|DesolateLand|[upkeep]
|upkeep
|turn|5
|
|t:|1668168384
|move|p1a: Groudon|Rock Tomb|p2a: Darmanitan
|-supereffective|p2a: Darmanitan
|-damage|p2a: Darmanitan|28/100 par
|-unboost|p2a: Darmanitan|spe|1
|move|p2a: Darmanitan|Icicle Crash|p1a: Groudon
|-crit|p1a: Groudon
|-damage|p1a: Groudon|0 fnt
|faint|p1a: Groudon
|-weather|none
|
|upkeep
|
|t:|1668168392
|switch|p1a: Calyrex|Calyrex-Shadow|100/100
|-ability|p1a: Calyrex|As One
|-ability|p1a: Calyrex|Unnerve
|turn|6
|
|t:|1668168398
|switch|p2a: Arceus|Arceus|100/100
|-activate|p2a: Arceus|move: Sticky Web
|-unboost|p2a: Arceus|spe|1
|-damage|p2a: Arceus|88/100|[from] Stealth Rock
|move|p1a: Calyrex|Nasty Plot|p1a: Calyrex
|-boost|p1a: Calyrex|spa|2
|
|upkeep
|turn|7
|
|t:|1668168402
|-start|p1a: Calyrex|Dynamax|
|-heal|p1a: Calyrex|100/100|[silent]
|-start|p2a: Arceus|Dynamax|
|-heal|p2a: Arceus|88/100|[silent]
|move|p1a: Calyrex|Max Mindstorm|p2a: Arceus
|-damage|p2a: Arceus|36/100
|-fieldstart|move: Psychic Terrain
|move|p2a: Arceus|Max Airstream|p1a: Calyrex
|-damage|p1a: Calyrex|66/100
|-boost|p2a: Arceus|spe|1
|-damage|p2a: Arceus|31/100|[from] item: Life Orb
|
|upkeep
|turn|8
|
|t:|1668168405
|move|p1a: Calyrex|Max Mindstorm|p2a: Arceus
|-damage|p2a: Arceus|0 fnt
|faint|p2a: Arceus
|-ability|p1a: Calyrex|Grim Neigh|boost
|-boost|p1a: Calyrex|spa|1
|
|upkeep
|
|t:|1668168407
|switch|p2a: Lugia|Lugia, shiny|100/100
|turn|9
|
|t:|1668168409
|move|p1a: Calyrex|Max Phantasm|p2a: Lugia
|-supereffective|p2a: Lugia
|-damage|p2a: Lugia|0 fnt
|faint|p2a: Lugia
|-ability|p1a: Calyrex|Grim Neigh|boost
|-boost|p1a: Calyrex|spa|1
|
|upkeep
|-message|ChunkyRat forfeited.
|
|win|putin blyat
|raw|putin blyat's rating: 1882 &rarr; <strong>1904</strong><br />(+22 for winning)
|raw|ChunkyRat's rating: 1910 &rarr; <strong>1888</strong><br />(-22 for losing)
|l|☆ChunkyRat
