|j|☆Free won for you
|j|☆xLeonisx
|t:|1643307393
|gametype|singles
|player|p1|Free won for you|unknown|1560
|player|p2|xLeonisx|266|1591
|teamsize|p1|6
|teamsize|p2|6
|gen|8
|tier|[Gen 8] National Dex AG
|rated|
|rule|HP Percentage Mod: HP is shown in percentages
|rule|Endless Battle Clause: Forcing endless battles is banned
|clearpoke
|poke|p1|Kingdra, M|
|poke|p1|Smeargle, M|
|poke|p1|Ditto|
|poke|p1|Smeargle, F|
|poke|p1|Charizard, M|
|poke|p1|Krookodile, M|
|poke|p2|Zacian-*|
|poke|p2|Kyogre|
|poke|p2|Yveltal|
|poke|p2|Calyrex-Shadow|
|poke|p2|Ditto|
|poke|p2|Deoxys-Speed|
|teampreview
|
|t:|1643307398
|start
|switch|p1a: Le france|Smeargle, M|100/100
|switch|p2a: Dumb Bird|Yveltal|100/100
|-ability|p2a: Dumb Bird|Dark Aura
|turn|1
|
|t:|1643307404
|move|p2a: Dumb Bird|Dual Wingbeat|p1a: Le france
|-damage|p1a: Le france|37/100
|-damage|p1a: Le france|0 fnt
|faint|p1a: Le france
|-hitcount|p1: Le france|2
|-damage|p2a: Dumb Bird|91/100|[from] item: Life Orb
|
|upkeep
|
|t:|1643307417
|switch|p1a: No johns here|Kingdra, M|100/100
|turn|2
|
|t:|1643307436
|switch|p2a: Moby|Kyogre|100/100
|detailschange|p2a: Moby|Kyogre-Primal
|-primal|p2a: Moby
|-weather|PrimordialSea|[from] ability: Primordial Sea|[of] p2a: Moby
|move|p1a: No johns here|Agility|p1a: No johns here
|-boost|p1a: No johns here|spe|2
|
|-weather|PrimordialSea|[upkeep]
|upkeep
|turn|3
|inactive|Battle timer is ON: inactive players will automatically lose when time's up. (requested by xLeonisx)
|
|t:|1643307445
|move|p1a: No johns here|Focus Energy|p1a: No johns here
|-start|p1a: No johns here|move: Focus Energy
|move|p2a: Moby|Thunder|p1a: No johns here
|-damage|p1a: No johns here|39/100
|
|-weather|PrimordialSea|[upkeep]
|upkeep
|turn|4
|
|t:|1643307454
|move|p1a: No johns here|Draco Meteor|p2a: Moby
|-damage|p2a: Moby|63/100
|-unboost|p1a: No johns here|spa|2
|move|p2a: Moby|Thunder|p1a: No johns here
|-damage|p1a: No johns here|0 fnt
|faint|p1a: No johns here
|
|-weather|PrimordialSea|[upkeep]
|upkeep
|inactive|Free won for you has 120 seconds left.
|
|t:|1643307485
|switch|p1a: Anakin skywalker|Smeargle, F|100/100
|turn|5
|
|t:|1643307492
|-weather|none
|switch|p2a: Alien|Deoxys-Speed|100/100
|-ability|p2a: Alien|Pressure
|move|p1a: Anakin skywalker|Spore|p2a: Alien
|-status|p2a: Alien|slp|[from] move: Spore
|
|-ability|p1a: Anakin skywalker|Moody|boost
|-boost|p1a: Anakin skywalker|spd|2
|-unboost|p1a: Anakin skywalker|spa|1
|upkeep
|turn|6
|
|t:|1643307501
|cant|p2a: Alien|slp
|move|p1a: Anakin skywalker|Substitute|p1a: Anakin skywalker
|-start|p1a: Anakin skywalker|Substitute
|-damage|p1a: Anakin skywalker|75/100
|
|-heal|p1a: Anakin skywalker|81/100|[from] item: Leftovers
|-ability|p1a: Anakin skywalker|Moody|boost
|-boost|p1a: Anakin skywalker|spa|2
|-unboost|p1a: Anakin skywalker|def|1
|upkeep
|turn|7
|
|t:|1643307511
|-curestatus|p2a: Alien|slp|[msg]
|move|p2a: Alien|Ice Punch|p1a: Anakin skywalker
|-end|p1a: Anakin skywalker|Substitute
|move|p1a: Anakin skywalker|Shell Smash|p1a: Anakin skywalker
|-unboost|p1a: Anakin skywalker|def|1
|-unboost|p1a: Anakin skywalker|spd|1
|-boost|p1a: Anakin skywalker|atk|2
|-boost|p1a: Anakin skywalker|spa|2
|-boost|p1a: Anakin skywalker|spe|2
|
|-heal|p1a: Anakin skywalker|87/100|[from] item: Leftovers
|-ability|p1a: Anakin skywalker|Moody|boost
|-boost|p1a: Anakin skywalker|spd|2
|-unboost|p1a: Anakin skywalker|atk|1
|upkeep
|turn|8
|
|t:|1643307523
|move|p1a: Anakin skywalker|Spore|p2a: Alien
|-status|p2a: Alien|slp|[from] move: Spore
|cant|p2a: Alien|slp
|
|-heal|p1a: Anakin skywalker|93/100|[from] item: Leftovers
|-ability|p1a: Anakin skywalker|Moody|boost
|-boost|p1a: Anakin skywalker|spd|2
|-unboost|p1a: Anakin skywalker|def|1
|upkeep
|turn|9
|
|t:|1643307533
|switch|p2a: Dumb Bird|Yveltal|91/100
|-ability|p2a: Dumb Bird|Dark Aura
|move|p1a: Anakin skywalker|Substitute|p1a: Anakin skywalker
|-start|p1a: Anakin skywalker|Substitute
|-damage|p1a: Anakin skywalker|68/100
|
|-heal|p1a: Anakin skywalker|74/100|[from] item: Leftovers
|-ability|p1a: Anakin skywalker|Moody|boost
|-boost|p1a: Anakin skywalker|spd|1
|-unboost|p1a: Anakin skywalker|spe|1
|upkeep
|turn|10
|
|t:|1643307544
|move|p1a: Anakin skywalker|Spore|p2a: Dumb Bird
|-status|p2a: Dumb Bird|slp|[from] move: Spore
|cant|p2a: Dumb Bird|slp
|
|-heal|p1a: Anakin skywalker|80/100|[from] item: Leftovers
|-ability|p1a: Anakin skywalker|Moody|boost
|-boost|p1a: Anakin skywalker|spe|2
|-unboost|p1a: Anakin skywalker|def|1
|upkeep
|turn|11
|
|t:|1643307557
|move|p1a: Anakin skywalker|Shell Smash|p1a: Anakin skywalker
|-unboost|p1a: Anakin skywalker|def|1
|-unboost|p1a: Anakin skywalker|spd|1
|-boost|p1a: Anakin skywalker|atk|2
|-boost|p1a: Anakin skywalker|spa|2
|-boost|p1a: Anakin skywalker|spe|2
|cant|p2a: Dumb Bird|slp
|
|-heal|p1a: Anakin skywalker|86/100|[from] item: Leftovers
|-ability|p1a: Anakin skywalker|Moody|boost
|-boost|p1a: Anakin skywalker|spd|1
|-unboost|p1a: Anakin skywalker|spa|1
|upkeep
|turn|12
|
|t:|1643307568
|move|p1a: Anakin skywalker|Power Trip|p2a: Dumb Bird
|-resisted|p2a: Dumb Bird
|-damage|p2a: Dumb Bird|9/100 slp
|cant|p2a: Dumb Bird|slp
|
|-heal|p1a: Anakin skywalker|92/100|[from] item: Leftovers
|-ability|p1a: Anakin skywalker|Moody|boost
|-boost|p1a: Anakin skywalker|spe|1
|-unboost|p1a: Anakin skywalker|atk|1
|upkeep
|turn|13
|
|t:|1643307578
|-curestatus|p2a: Dumb Bird|slp|[msg]
|move|p2a: Dumb Bird|Sucker Punch|p1a: Anakin skywalker
|-end|p1a: Anakin skywalker|Substitute
|-damage|p2a: Dumb Bird|0 fnt|[from] item: Life Orb
|faint|p2a: Dumb Bird
|move|p1a: Anakin skywalker|Power Trip|p2: Dumb Bird|[notarget]
|-fail|p1a: Anakin skywalker
|
|-heal|p1a: Anakin skywalker|98/100|[from] item: Leftovers
|-ability|p1a: Anakin skywalker|Moody|boost
|-boost|p1a: Anakin skywalker|spa|2
|-unboost|p1a: Anakin skywalker|def|1
|upkeep
|
|t:|1643307588
|switch|p2a: I COPY but faster|Ditto|100/100
|-transform|p2a: I COPY but faster|p1a: Anakin skywalker|[from] ability: Imposter
|turn|14
|
|t:|1643307596
|move|p2a: I COPY but faster|Power Trip|p1a: Anakin skywalker
|-damage|p1a: Anakin skywalker|0 fnt
|faint|p1a: Anakin skywalker
|
|-ability|p2a: I COPY but faster|Moody|boost
|-boost|p2a: I COPY but faster|def|2
|-unboost|p2a: I COPY but faster|atk|1
|upkeep
|
|t:|1643307603
|switch|p1a: That's unfortunate|Krookodile, M|100/100
|turn|15
|c|☆xLeonisx|u stinky
|
|t:|1643307606
|move|p2a: I COPY but faster|Power Trip|p1a: That's unfortunate
|-resisted|p1a: That's unfortunate
|-damage|p1a: That's unfortunate|50/100
|move|p1a: That's unfortunate|Counter|p2a: I COPY but faster
|-damage|p2a: I COPY but faster|0 fnt
|faint|p2a: I COPY but faster
|
|upkeep
|
|t:|1643307611
|switch|p2a: Alien|Deoxys-Speed|100/100 slp
|-ability|p2a: Alien|Pressure
|turn|16
|
|t:|1643307619
|-curestatus|p2a: Alien|slp|[msg]
|move|p2a: Alien|Stealth Rock|p1a: That's unfortunate
|-sidestart|p1: Free won for you|move: Stealth Rock
|move|p1a: That's unfortunate|Earthquake|p2a: Alien
|-damage|p2a: Alien|30/100
|
|upkeep
|turn|17
|
|t:|1643307627
|switch|p2a: Moby|Kyogre-Primal|63/100
|-weather|PrimordialSea|[from] ability: Primordial Sea|[of] p2a: Moby
|move|p1a: That's unfortunate|Earthquake|p2a: Moby
|-damage|p2a: Moby|12/100
|
|-weather|PrimordialSea|[upkeep]
|upkeep
|turn|18
|
|t:|1643307634
|-start|p1a: That's unfortunate|Dynamax
|-heal|p1a: That's unfortunate|50/100|[silent]
|move|p1a: That's unfortunate|Max Airstream|p2a: Moby
|-damage|p2a: Moby|0 fnt
|-boost|p1a: That's unfortunate|spe|1
|faint|p2a: Moby
|-weather|none
|
|upkeep
|
|t:|1643307641
|switch|p2a: OP Dog|Zacian-Crowned|100/100
|-ability|p2a: OP Dog|Intrepid Sword|boost
|-boost|p2a: OP Dog|atk|1
|turn|19
|
|t:|1643307647
|move|p1a: That's unfortunate|Max Quake|p2a: OP Dog
|-supereffective|p2a: OP Dog
|-damage|p2a: OP Dog|0 fnt
|-boost|p1a: That's unfortunate|spd|1
|faint|p2a: OP Dog
|
|upkeep
|
|t:|1643307652
|switch|p2a: Alien|Deoxys-Speed|30/100
|-ability|p2a: Alien|Pressure
|turn|20
|
|t:|1643307673
|move|p2a: Alien|Thunder Wave|p1a: That's unfortunate
|-immune|p1a: That's unfortunate
|move|p1a: That's unfortunate|Max Airstream|p2a: Alien
|-damage|p2a: Alien|0 fnt
|-boost|p1a: That's unfortunate|spe|1
|faint|p2a: Alien
|
|-end|p1a: That's unfortunate|Dynamax
|-heal|p1a: That's unfortunate|50/100|[silent]
|upkeep
|
|t:|1643307677
|switch|p2a: Op Horse|Calyrex-Shadow|100/100
|-ability|p2a: Op Horse|As One
|-ability|p2a: Op Horse|Unnerve
|turn|21
|
|t:|1643307693
|-start|p2a: Op Horse|Dynamax
|-heal|p2a: Op Horse|100/100|[silent]
|move|p1a: That's unfortunate|Power Trip|p2a: Op Horse
|-supereffective|p2a: Op Horse
|-damage|p2a: Op Horse|10/100
|move|p2a: Op Horse|Max Starfall|p1a: That's unfortunate
|-supereffective|p1a: That's unfortunate
|-damage|p1a: That's unfortunate|0 fnt
|-fieldstart|move: Misty Terrain
|faint|p1a: That's unfortunate
|-ability|p2a: Op Horse|Grim Neigh|boost
|-boost|p2a: Op Horse|spa|1
|
|upkeep
|
|t:|1643307708
|switch|p1a: Good old time|Charizard, M|100/100
|-damage|p1a: Good old time|51/100|[from] Stealth Rock
|turn|22
|
|t:|1643307712
|move|p2a: Op Horse|Max Mindstorm|p1a: Good old time
|-damage|p1a: Good old time|0 fnt
|-fieldstart|move: Psychic Terrain
|faint|p1a: Good old time
|-ability|p2a: Op Horse|Grim Neigh|boost
|-boost|p2a: Op Horse|spa|1
|
|upkeep
|
|t:|1643307717
|switch|p1a: Ditto|Ditto|100/100
|-damage|p1a: Ditto|88/100|[from] Stealth Rock
|-transform|p1a: Ditto|p2a: Op Horse|[from] ability: Imposter
|turn|23
|
|t:|1643307723
|move|p1a: Ditto|Astral Barrage|p2a: Op Horse
|-supereffective|p2a: Op Horse
|-damage|p2a: Op Horse|0 fnt
|faint|p2a: Op Horse
|
|win|Free won for you
|raw|Free won for you's rating: 1560 &rarr; <strong>1582</strong><br />(+22 for winning)
|raw|xLeonisx's rating: 1591 &rarr; <strong>1569</strong><br />(-22 for losing)
|l|☆xLeonisx
||Ladder isn't responding, score probably updated but might not have (Request timeout).
