|j|☆Sauceyooter3
|j|☆Emorawr79
|t:|1656816926
|gametype|singles
|player|p1|Sauceyooter3|brycen|1712
|player|p2|Emorawr79|ghetsis|1857
|teamsize|p1|6
|teamsize|p2|6
|gen|8
|tier|[Gen 8] National Dex AG
|rated|
|rule|HP Percentage Mod: HP is shown in percentages
|rule|Endless Battle Clause: Forcing endless battles is banned
|clearpoke
|poke|p1|Ditto|
|poke|p1|Kyogre|
|poke|p1|Rillaboom, M|
|poke|p1|Regieleki|
|poke|p1|Rhyperior, M|
|poke|p1|Banette, M|
|poke|p2|Calyrex-Shadow|
|poke|p2|Smeargle, M|
|poke|p2|Ditto|
|poke|p2|Zygarde|
|poke|p2|Yveltal|
|poke|p2|Ho-Oh|
|teampreview
|inactive|Battle timer is ON: inactive players will automatically lose when time's up. (requested by Sauceyooter3)
|
|t:|1656816947
|start
|switch|p1a: Bishop|Kyogre|100/100
|switch|p2a: Zygarde|Zygarde|100/100
|-weather|RainDance|[from] ability: Drizzle|[of] p1a: Bishop
|turn|1
|
|t:|1656816954
|move|p1a: Bishop|Water Spout|p2a: Zygarde
|-damage|p2a: Zygarde|0 fnt
|faint|p2a: Zygarde
|
|-weather|RainDance|[upkeep]
|upkeep
|
|t:|1656816956
|switch|p2a: Smeargle|Smeargle, M|100/100
|turn|2
|
|t:|1656816960
|switch|p1a: Pawn|Rillaboom, M|100/100
|-fieldstart|move: Grassy Terrain|[from] ability: Grassy Surge|[of] p1a: Pawn
|move|p2a: Smeargle|Stealth Rock|p1a: Pawn
|-sidestart|p1: Sauceyooter3|move: Stealth Rock
|
|-weather|RainDance|[upkeep]
|-ability|p2a: Smeargle|Moody|boost
|-boost|p2a: Smeargle|spa|2
|-unboost|p2a: Smeargle|def|1
|upkeep
|turn|3
|
|t:|1656816971
|move|p1a: Pawn|Grassy Glide|p2a: Smeargle
|-enditem|p2a: Smeargle|Focus Sash
|-damage|p2a: Smeargle|1/100
|move|p2a: Smeargle|Endeavor|p1a: Pawn
|-damage|p1a: Pawn|1/100
|
|-weather|RainDance|[upkeep]
|-heal|p2a: Smeargle|7/100|[from] Grassy Terrain
|-heal|p1a: Pawn|7/100|[from] Grassy Terrain
|-heal|p1a: Pawn|13/100|[from] item: Leftovers
|-ability|p2a: Smeargle|Moody|boost
|-boost|p2a: Smeargle|spd|2
|-unboost|p2a: Smeargle|atk|1
|upkeep
|turn|4
|
|t:|1656816988
|move|p2a: Smeargle|Extreme Speed|p1a: Pawn
|-damage|p1a: Pawn|3/100
|move|p1a: Pawn|U-turn|p2a: Smeargle
|-damage|p2a: Smeargle|0 fnt
|faint|p2a: Smeargle
|inactive|Sauceyooter3 has 120 seconds left.
|
|t:|1656817015
|switch|p1a: King|Rhyperior, M|100/100|[from]move: U-turn
|-damage|p1a: King|94/100|[from] Stealth Rock
|
|-weather|RainDance|[upkeep]
|-heal|p1a: King|100/100|[from] Grassy Terrain
|upkeep
|
|t:|1656817019
|switch|p2a: Yveltal|Yveltal|100/100
|-ability|p2a: Yveltal|Dark Aura
|turn|5
|
|t:|1656817024
|-start|p1a: King|Dynamax|
|-heal|p1a: King|100/100|[silent]
|move|p2a: Yveltal|Taunt|p1a: King
|-start|p1a: King|move: Taunt
|move|p1a: King|Max Rockfall|p2a: Yveltal
|-supereffective|p2a: Yveltal
|-damage|p2a: Yveltal|0 fnt
|-weather|Sandstorm
|faint|p2a: Yveltal
|
|-weather|Sandstorm|[upkeep]
|upkeep
|
|t:|1656817030
|switch|p2a: Ditto|Ditto|100/100
|-transform|p2a: Ditto|p1a: King|[from] ability: Imposter
|turn|6
|c|☆Sauceyooter3|?
|c|☆Sauceyooter3|what are you taunting
|
|t:|1656817038
|move|p2a: Ditto|Iron Head|p1a: King
|-supereffective|p1a: King
|-damage|p1a: King|85/100
|-enditem|p1a: King|Weakness Policy
|-boost|p1a: King|atk|2|[from] item: Weakness Policy
|-boost|p1a: King|spa|2|[from] item: Weakness Policy
|move|p1a: King|Max Quake|p2a: Ditto
|-supereffective|p2a: Ditto
|-enditem|p2a: Ditto|Focus Sash
|-damage|p2a: Ditto|1/100
|-boost|p1a: King|spd|1
|
|-weather|Sandstorm|[upkeep]
|-heal|p2a: Ditto|7/100|[from] Grassy Terrain
|-heal|p1a: King|88/100|[from] Grassy Terrain
|-fieldend|move: Grassy Terrain
|upkeep
|turn|7
|c|☆Sauceyooter3|gg
|
|t:|1656817052
|move|p2a: Ditto|Fire Punch|p1a: King
|-resisted|p1a: King
|-crit|p1a: King
|-damage|p1a: King|81/100
|move|p1a: King|Max Steelspike|p2a: Ditto
|-supereffective|p2a: Ditto
|-damage|p2a: Ditto|0 fnt
|-boost|p1a: King|def|1
|faint|p2a: Ditto
|
|-weather|Sandstorm|[upkeep]
|-end|p1a: King|move: Taunt
|upkeep
|
|t:|1656817055
|switch|p2a: Ho-Oh|Ho-Oh|100/100
|-end|p1a: King|Dynamax
|-heal|p1a: King|81/100|[silent]
|turn|8
|-message|Emorawr79 forfeited.
|
|win|Sauceyooter3
|raw|Sauceyooter3's rating: 1712 &rarr; <strong>1740</strong><br />(+28 for winning)
|raw|Emorawr79's rating: 1857 &rarr; <strong>1829</strong><br />(-28 for losing)
|l|☆Emorawr79
