|j|☆saxtus
|j|☆KINGJ345
|t:|1667691301
|gametype|singles
|player|p1|saxtus|265|1720
|player|p2|KINGJ345|170|1667
|teamsize|p1|6
|teamsize|p2|6
|gen|8
|tier|[Gen 8] National Dex AG
|rated|
|rule|HP Percentage Mod: HP is shown in percentages
|rule|Endless Battle Clause: Forcing endless battles is banned
|clearpoke
|poke|p1|Arceus-*|
|poke|p1|Arceus-*|
|poke|p1|Arceus-*|
|poke|p1|Arceus-*|
|poke|p1|Arceus-*|
|poke|p1|Arceus-*|
|poke|p2|Kyogre|
|poke|p2|Groudon|
|poke|p2|Calyrex-Shadow|
|poke|p2|Necrozma-Dusk-Mane|
|poke|p2|Yveltal|
|poke|p2|Rayquaza|
|teampreview
|inactive|Battle timer is ON: inactive players will automatically lose when time's up. (requested by KINGJ345)
|
|t:|1667691337
|start
|switch|p1a: 10 PM Stroll|Arceus-Dark|100/100
|switch|p2a: Kyogre|Kyogre|100/100
|detailschange|p2a: Kyogre|Kyogre-Primal
|-primal|p2a: Kyogre
|-weather|PrimordialSea|[from] ability: Primordial Sea|[of] p2a: Kyogre
|turn|1
|
|t:|1667691342
|move|p1a: 10 PM Stroll|Thunder Wave|p2a: Kyogre
|-status|p2a: Kyogre|par
|move|p2a: Kyogre|Toxic|p1a: 10 PM Stroll
|-status|p1a: 10 PM Stroll|tox
|
|-weather|PrimordialSea|[upkeep]
|-damage|p1a: 10 PM Stroll|94/100 tox|[from] psn
|upkeep
|turn|2
|
|t:|1667691346
|move|p1a: 10 PM Stroll|Stealth Rock|p2a: Kyogre
|-sidestart|p2: KINGJ345|move: Stealth Rock
|move|p2a: Kyogre|Origin Pulse|p1a: 10 PM Stroll
|-damage|p1a: 10 PM Stroll|15/100 tox
|
|-weather|PrimordialSea|[upkeep]
|-damage|p1a: 10 PM Stroll|2/100 tox|[from] psn
|upkeep
|turn|3
|
|t:|1667691352
|move|p1a: 10 PM Stroll|Judgment|p2a: Kyogre
|-damage|p2a: Kyogre|73/100 par
|move|p2a: Kyogre|Ice Beam|p1a: 10 PM Stroll
|-damage|p1a: 10 PM Stroll|0 fnt
|faint|p1a: 10 PM Stroll
|
|-weather|PrimordialSea|[upkeep]
|upkeep
|
|t:|1667691369
|switch|p1a: Muddy Steps|Arceus-Ground|100/100
|turn|4
|
|t:|1667691375
|-zpower|p1a: Muddy Steps
|move|p1a: Muddy Steps|Tectonic Rage|p2a: Kyogre|[zeffect]
|-damage|p2a: Kyogre|0 fnt
|faint|p2a: Kyogre
|-weather|none
|
|upkeep
|
|t:|1667691395
|switch|p2a: Necrozma|Necrozma-Dusk-Mane|100/100
|-damage|p2a: Necrozma|94/100|[from] Stealth Rock
|turn|5
|
|t:|1667691398
|move|p1a: Muddy Steps|Earthquake|p2a: Necrozma
|-supereffective|p2a: Necrozma
|-damage|p2a: Necrozma|54/100
|move|p2a: Necrozma|Toxic|p1a: Muddy Steps
|-status|p1a: Muddy Steps|tox
|
|-heal|p2a: Necrozma|60/100|[from] item: Leftovers
|-damage|p1a: Muddy Steps|94/100 tox|[from] psn
|upkeep
|turn|6
|
|t:|1667691404
|move|p1a: Muddy Steps|Earthquake|p2a: Necrozma
|-supereffective|p2a: Necrozma
|-damage|p2a: Necrozma|16/100
|move|p2a: Necrozma|Stealth Rock|p1a: Muddy Steps
|-sidestart|p1: saxtus|move: Stealth Rock
|
|-heal|p2a: Necrozma|22/100|[from] item: Leftovers
|-damage|p1a: Muddy Steps|82/100 tox|[from] psn
|upkeep
|turn|7
|
|t:|1667691408
|switch|p2a: Yveltal|Yveltal|100/100
|-ability|p2a: Yveltal|Dark Aura
|move|p1a: Muddy Steps|Earthquake|p2a: Yveltal
|-immune|p2a: Yveltal
|
|-damage|p1a: Muddy Steps|64/100 tox|[from] psn
|upkeep
|turn|8
|
|t:|1667691413
|move|p1a: Muddy Steps|Light Screen|p1a: Muddy Steps
|-sidestart|p1: saxtus|move: Light Screen
|move|p2a: Yveltal|Oblivion Wing|p1a: Muddy Steps
|-damage|p1a: Muddy Steps|50/100 tox
|
|-damage|p1a: Muddy Steps|26/100 tox|[from] psn
|upkeep
|turn|9
|
|t:|1667691421
|move|p1a: Muddy Steps|Perish Song|p1a: Muddy Steps
|-start|p1a: Muddy Steps|perish3|[silent]
|-start|p2a: Yveltal|perish3|[silent]
|-fieldactivate|move: Perish Song
|move|p2a: Yveltal|Knock Off|p1a: Muddy Steps
|-damage|p1a: Muddy Steps|5/100 tox
|
|-damage|p1a: Muddy Steps|0 fnt|[from] psn
|faint|p1a: Muddy Steps
|-start|p2a: Yveltal|perish3
|upkeep
|
|t:|1667691435
|switch|p1a: Ubers and Lyfts|Arceus-Steel|100/100
|-damage|p1a: Ubers and Lyfts|94/100|[from] Stealth Rock
|turn|10
|
|t:|1667691440
|switch|p2a: Groudon|Groudon|100/100
|-damage|p2a: Groudon|94/100|[from] Stealth Rock
|detailschange|p2a: Groudon|Groudon-Primal
|-primal|p2a: Groudon
|-weather|DesolateLand|[from] ability: Desolate Land|[of] p2a: Groudon
|move|p1a: Ubers and Lyfts|Iron Defense|p1a: Ubers and Lyfts
|-boost|p1a: Ubers and Lyfts|def|2
|
|-weather|DesolateLand|[upkeep]
|upkeep
|turn|11
|
|t:|1667691445
|move|p1a: Ubers and Lyfts|Iron Defense|p1a: Ubers and Lyfts
|-boost|p1a: Ubers and Lyfts|def|2
|move|p2a: Groudon|Thunder Wave|p1a: Ubers and Lyfts
|-status|p1a: Ubers and Lyfts|par
|
|-weather|DesolateLand|[upkeep]
|upkeep
|turn|12
|
|t:|1667691452
|move|p2a: Groudon|Precipice Blades|p1a: Ubers and Lyfts
|-supereffective|p1a: Ubers and Lyfts
|-damage|p1a: Ubers and Lyfts|55/100 par
|move|p1a: Ubers and Lyfts|Iron Defense|p1a: Ubers and Lyfts
|-boost|p1a: Ubers and Lyfts|def|2
|
|-weather|DesolateLand|[upkeep]
|-sideend|p1: saxtus|move: Light Screen
|upkeep
|turn|13
|
|t:|1667691457
|move|p2a: Groudon|Precipice Blades|p1a: Ubers and Lyfts
|-supereffective|p1a: Ubers and Lyfts
|-damage|p1a: Ubers and Lyfts|29/100 par
|move|p1a: Ubers and Lyfts|Recover|p1a: Ubers and Lyfts
|-heal|p1a: Ubers and Lyfts|80/100 par
|
|-weather|DesolateLand|[upkeep]
|upkeep
|turn|14
|
|t:|1667691462
|move|p2a: Groudon|Precipice Blades|p1a: Ubers and Lyfts
|-supereffective|p1a: Ubers and Lyfts
|-damage|p1a: Ubers and Lyfts|53/100 par
|move|p1a: Ubers and Lyfts|Recover|p1a: Ubers and Lyfts
|-heal|p1a: Ubers and Lyfts|100/100 par
|
|-weather|DesolateLand|[upkeep]
|upkeep
|turn|15
|
|t:|1667691466
|move|p2a: Groudon|Fire Punch|p1a: Ubers and Lyfts
|-supereffective|p1a: Ubers and Lyfts
|-damage|p1a: Ubers and Lyfts|72/100 par
|cant|p1a: Ubers and Lyfts|par
|
|-weather|DesolateLand|[upkeep]
|upkeep
|turn|16
|
|t:|1667691470
|move|p2a: Groudon|Fire Punch|p1a: Ubers and Lyfts
|-supereffective|p1a: Ubers and Lyfts
|-damage|p1a: Ubers and Lyfts|45/100 par
|move|p1a: Ubers and Lyfts|Recover|p1a: Ubers and Lyfts
|-heal|p1a: Ubers and Lyfts|95/100 par
|
|-weather|DesolateLand|[upkeep]
|upkeep
|turn|17
|
|t:|1667691474
|move|p2a: Groudon|Fire Punch|p1a: Ubers and Lyfts
|-supereffective|p1a: Ubers and Lyfts
|-damage|p1a: Ubers and Lyfts|69/100 par
|cant|p1a: Ubers and Lyfts|par
|
|-weather|DesolateLand|[upkeep]
|upkeep
|turn|18
|
|t:|1667691477
|move|p2a: Groudon|Fire Punch|p1a: Ubers and Lyfts
|-supereffective|p1a: Ubers and Lyfts
|-damage|p1a: Ubers and Lyfts|43/100 par
|cant|p1a: Ubers and Lyfts|par
|
|-weather|DesolateLand|[upkeep]
|upkeep
|turn|19
|
|t:|1667691482
|move|p2a: Groudon|Fire Punch|p1a: Ubers and Lyfts
|-supereffective|p1a: Ubers and Lyfts
|-damage|p1a: Ubers and Lyfts|14/100 par
|move|p1a: Ubers and Lyfts|Recover|p1a: Ubers and Lyfts
|-heal|p1a: Ubers and Lyfts|65/100 par
|
|-weather|DesolateLand|[upkeep]
|upkeep
|turn|20
|
|t:|1667691485
|move|p2a: Groudon|Fire Punch|p1a: Ubers and Lyfts
|-supereffective|p1a: Ubers and Lyfts
|-damage|p1a: Ubers and Lyfts|37/100 par
|move|p1a: Ubers and Lyfts|Recover|p1a: Ubers and Lyfts
|-heal|p1a: Ubers and Lyfts|87/100 par
|
|-weather|DesolateLand|[upkeep]
|upkeep
|turn|21
|
|t:|1667691494
|move|p2a: Groudon|Precipice Blades|p1a: Ubers and Lyfts|[miss]
|-miss|p2a: Groudon|p1a: Ubers and Lyfts
|move|p1a: Ubers and Lyfts|Calm Mind|p1a: Ubers and Lyfts
|-boost|p1a: Ubers and Lyfts|spa|1
|-boost|p1a: Ubers and Lyfts|spd|1
|
|-weather|DesolateLand|[upkeep]
|upkeep
|turn|22
|
|t:|1667691501
|move|p2a: Groudon|Precipice Blades|p1a: Ubers and Lyfts|[miss]
|-miss|p2a: Groudon|p1a: Ubers and Lyfts
|move|p1a: Ubers and Lyfts|Calm Mind|p1a: Ubers and Lyfts
|-boost|p1a: Ubers and Lyfts|spa|1
|-boost|p1a: Ubers and Lyfts|spd|1
|
|-weather|DesolateLand|[upkeep]
|upkeep
|turn|23
|
|t:|1667691505
|move|p2a: Groudon|Fire Punch|p1a: Ubers and Lyfts
|-supereffective|p1a: Ubers and Lyfts
|-damage|p1a: Ubers and Lyfts|60/100 par
|cant|p1a: Ubers and Lyfts|par
|
|-weather|DesolateLand|[upkeep]
|upkeep
|turn|24
|
|t:|1667691508
|move|p2a: Groudon|Fire Punch|p1a: Ubers and Lyfts
|-supereffective|p1a: Ubers and Lyfts
|-damage|p1a: Ubers and Lyfts|34/100 par
|move|p1a: Ubers and Lyfts|Recover|p1a: Ubers and Lyfts
|-heal|p1a: Ubers and Lyfts|85/100 par
|
|-weather|DesolateLand|[upkeep]
|upkeep
|turn|25
|
|t:|1667691512
|move|p2a: Groudon|Fire Punch|p1a: Ubers and Lyfts
|-supereffective|p1a: Ubers and Lyfts
|-crit|p1a: Ubers and Lyfts
|-damage|p1a: Ubers and Lyfts|0 fnt
|faint|p1a: Ubers and Lyfts
|
|-weather|DesolateLand|[upkeep]
|upkeep
|
|t:|1667691516
|switch|p1a: Campfire|Arceus-Fire|100/100
|-damage|p1a: Campfire|76/100|[from] Stealth Rock
|turn|26
|
|t:|1667691520
|move|p1a: Campfire|Judgment|p2a: Groudon
|-resisted|p2a: Groudon
|-damage|p2a: Groudon|49/100
|move|p2a: Groudon|Precipice Blades|p1a: Campfire
|-supereffective|p1a: Campfire
|-damage|p1a: Campfire|0 fnt
|faint|p1a: Campfire
|
|-weather|DesolateLand|[upkeep]
|upkeep
|
|t:|1667691522
|switch|p1a: Dramatic Wolf|Arceus|100/100
|-damage|p1a: Dramatic Wolf|88/100|[from] Stealth Rock
|turn|27
|
|t:|1667691529
|move|p1a: Dramatic Wolf|Earthquake|p2a: Groudon
|-supereffective|p2a: Groudon
|-damage|p2a: Groudon|18/100
|move|p2a: Groudon|Thunder Wave|p1a: Dramatic Wolf|[miss]
|-miss|p2a: Groudon|p1a: Dramatic Wolf
|
|-weather|DesolateLand|[upkeep]
|upkeep
|turn|28
|
|t:|1667691536
|move|p1a: Dramatic Wolf|Earthquake|p2a: Groudon
|-supereffective|p2a: Groudon
|-damage|p2a: Groudon|0 fnt
|faint|p2a: Groudon
|-weather|none
|
|upkeep
|
|t:|1667691541
|switch|p2a: Yveltal|Yveltal|100/100
|-ability|p2a: Yveltal|Dark Aura
|turn|29
|
|t:|1667691543
|move|p1a: Dramatic Wolf|Rock Tomb|p2a: Yveltal|[miss]
|-miss|p1a: Dramatic Wolf|p2a: Yveltal
|move|p2a: Yveltal|Knock Off|p1a: Dramatic Wolf
|-damage|p1a: Dramatic Wolf|58/100
|-enditem|p1a: Dramatic Wolf|Assault Vest|[from] move: Knock Off|[of] p2a: Yveltal
|
|upkeep
|turn|30
|
|t:|1667691549
|move|p1a: Dramatic Wolf|Rock Tomb|p2a: Yveltal
|-supereffective|p2a: Yveltal
|-damage|p2a: Yveltal|68/100
|-unboost|p2a: Yveltal|spe|1
|move|p2a: Yveltal|Oblivion Wing|p1a: Dramatic Wolf
|-damage|p1a: Dramatic Wolf|35/100
|-heal|p2a: Yveltal|84/100|[from] drain|[of] p1a: Dramatic Wolf
|
|upkeep
|turn|31
|
|t:|1667691554
|move|p1a: Dramatic Wolf|Extreme Speed|p2a: Yveltal
|-damage|p2a: Yveltal|56/100
|move|p2a: Yveltal|Oblivion Wing|p1a: Dramatic Wolf
|-damage|p1a: Dramatic Wolf|9/100
|-heal|p2a: Yveltal|74/100|[from] drain|[of] p1a: Dramatic Wolf
|
|upkeep
|turn|32
|
|t:|1667691558
|move|p1a: Dramatic Wolf|Extreme Speed|p2a: Yveltal
|-damage|p2a: Yveltal|45/100
|move|p2a: Yveltal|Oblivion Wing|p1a: Dramatic Wolf
|-damage|p1a: Dramatic Wolf|0 fnt
|-heal|p2a: Yveltal|51/100|[from] drain|[of] p1a: Dramatic Wolf
|faint|p1a: Dramatic Wolf
|
|upkeep
|
|t:|1667691565
|switch|p1a: Ferris Wheel|Arceus-Flying|100/100
|-damage|p1a: Ferris Wheel|76/100|[from] Stealth Rock
|turn|33
|
|t:|1667691570
|-start|p1a: Ferris Wheel|Dynamax|
|-heal|p1a: Ferris Wheel|76/100|[silent]
|move|p1a: Ferris Wheel|Max Airstream|p2a: Yveltal
|-damage|p2a: Yveltal|6/100
|-boost|p1a: Ferris Wheel|spe|1
|move|p2a: Yveltal|Oblivion Wing|p1a: Ferris Wheel
|-damage|p1a: Ferris Wheel|64/100
|-heal|p2a: Yveltal|22/100|[from] drain|[of] p1a: Ferris Wheel
|
|upkeep
|turn|34
|
|t:|1667691579
|move|p1a: Ferris Wheel|Max Ooze|p2a: Yveltal
|-damage|p2a: Yveltal|3/100
|-boost|p1a: Ferris Wheel|spa|1
|move|p2a: Yveltal|Oblivion Wing|p1a: Ferris Wheel
|-damage|p1a: Ferris Wheel|51/100
|-heal|p2a: Yveltal|21/100|[from] drain|[of] p1a: Ferris Wheel
|
|upkeep
|turn|35
|
|t:|1667691584
|move|p1a: Ferris Wheel|Max Airstream|p2a: Yveltal
|-damage|p2a: Yveltal|0 fnt
|-boost|p1a: Ferris Wheel|spe|1
|faint|p2a: Yveltal
|
|upkeep
|
|t:|1667691591
|switch|p2a: Necrozma|Necrozma-Dusk-Mane|22/100
|-damage|p2a: Necrozma|16/100|[from] Stealth Rock
|-end|p1a: Ferris Wheel|Dynamax
|-heal|p1a: Ferris Wheel|51/100|[silent]
|turn|36
|
|t:|1667691595
|move|p1a: Ferris Wheel|Judgment|p2a: Necrozma
|-resisted|p2a: Necrozma
|-damage|p2a: Necrozma|0 fnt
|faint|p2a: Necrozma
|
|upkeep
|
|t:|1667691599
|switch|p2a: Rayquaza|Rayquaza|100/100
|-damage|p2a: Rayquaza|75/100|[from] Stealth Rock
|-ability|p2a: Rayquaza|Air Lock
|turn|37
|
|t:|1667691610
|detailschange|p2a: Rayquaza|Rayquaza-Mega
|-mega|p2a: Rayquaza|Rayquaza|
|-weather|DeltaStream|[from] ability: Delta Stream|[of] p2a: Rayquaza
|move|p1a: Ferris Wheel|Judgment|p2a: Rayquaza
|-damage|p2a: Rayquaza|0 fnt
|faint|p2a: Rayquaza
|-weather|none
|
|upkeep
|
|t:|1667691617
|switch|p2a: Calyrex|Calyrex-Shadow|100/100
|-ability|p2a: Calyrex|As One
|-ability|p2a: Calyrex|Unnerve
|-damage|p2a: Calyrex|88/100|[from] Stealth Rock
|turn|38
|
|t:|1667691620
|-start|p2a: Calyrex|Dynamax|
|-heal|p2a: Calyrex|88/100|[silent]
|move|p1a: Ferris Wheel|Judgment|p2a: Calyrex
|-damage|p2a: Calyrex|40/100
|move|p2a: Calyrex|Max Phantasm|p1a: Ferris Wheel
|-damage|p1a: Ferris Wheel|0 fnt
|faint|p1a: Ferris Wheel
|
|win|KINGJ345
|raw|saxtus's rating: 1720 &rarr; <strong>1697</strong><br />(-23 for losing)
|raw|KINGJ345's rating: 1667 &rarr; <strong>1690</strong><br />(+23 for winning)
|c|☆KINGJ345|g
|c|☆KINGJ345|g
|c|☆saxtus|gg
|c|☆KINGJ345|wp
|l|☆KINGJ345
||Ladder isn't responding, score probably updated but might not have (Request timeout).
