|j|☆yarik667
|j|☆alt1445645
|t:|1661929666
|gametype|singles
|player|p1|yarik667|marnie-masters|1813
|player|p2|alt1445645|102|1855
|teamsize|p1|6
|teamsize|p2|6
|gen|8
|tier|[Gen 8] National Dex AG
|rated|
|rule|HP Percentage Mod: HP is shown in percentages
|rule|Endless Battle Clause: Forcing endless battles is banned
|clearpoke
|poke|p1|Sableye, F|
|poke|p1|Arceus-*|
|poke|p1|Chansey, F|
|poke|p1|Giratina|
|poke|p1|Lugia|
|poke|p1|Necrozma-Dusk-Mane|
|poke|p2|Groudon|
|poke|p2|Rayquaza|
|poke|p2|Zygarde|
|poke|p2|Arceus-*|
|poke|p2|Calyrex-Shadow|
|poke|p2|Xerneas-*|
|teampreview
|j| M3RKMAYHAM
|
|t:|1661929676
|start
|switch|p1a: Sableye|Sableye, F|100/100
|switch|p2a: Calyrex|Calyrex-Shadow|100/100
|-ability|p2a: Calyrex|As One
|-ability|p2a: Calyrex|Unnerve
|turn|1
|
|t:|1661929681
|detailschange|p1a: Sableye|Sableye-Mega, F
|-mega|p1a: Sableye|Sableye|Sablenite
|move|p1a: Sableye|Protect|p1a: Sableye
|-singleturn|p1a: Sableye|Protect
|move|p2a: Calyrex|Substitute|p2a: Calyrex
|-start|p2a: Calyrex|Substitute
|-damage|p2a: Calyrex|76/100
|
|-heal|p2a: Calyrex|82/100|[from] item: Leftovers
|upkeep
|turn|2
|
|t:|1661929686
|switch|p1a: Arceus|Arceus-Fairy|100/100
|move|p2a: Calyrex|Astral Barrage|p1a: Arceus
|-crit|p1a: Arceus
|-damage|p1a: Arceus|48/100
|
|-heal|p2a: Calyrex|88/100|[from] item: Leftovers
|upkeep
|turn|3
|c|☆alt1445645|sorry
|
|t:|1661929697
|switch|p1a: Chansey|Chansey, F|100/100
|move|p2a: Calyrex|Leech Seed|p1a: Chansey
|-start|p1a: Chansey|move: Leech Seed
|
|-heal|p2a: Calyrex|94/100|[from] item: Leftovers
|-damage|p1a: Chansey|88/100|[from] Leech Seed|[of] p2a: Calyrex
|-heal|p2a: Calyrex|100/100|[silent]
|upkeep
|turn|4
|
|t:|1661929717
|switch|p2a: Pyra|Groudon|100/100
|detailschange|p2a: Pyra|Groudon-Primal
|-primal|p2a: Pyra
|-weather|DesolateLand|[from] ability: Desolate Land|[of] p2a: Pyra
|move|p1a: Chansey|Soft-Boiled|p1a: Chansey
|-heal|p1a: Chansey|100/100
|
|-weather|DesolateLand|[upkeep]
|-damage|p1a: Chansey|88/100|[from] Leech Seed|[of] p2a: Pyra
|upkeep
|turn|5
|
|t:|1661929723
|switch|p1a: Sableye|Sableye-Mega, F|100/100
|move|p2a: Pyra|Heat Crash|p1a: Sableye
|-damage|p1a: Sableye|16/100
|
|-weather|DesolateLand|[upkeep]
|upkeep
|turn|6
|
|t:|1661929729
|switch|p1a: Lugia|Lugia, shiny|100/100
|move|p2a: Pyra|Heat Crash|p1a: Lugia
|-damage|p1a: Lugia|74/100
|
|-weather|DesolateLand|[upkeep]
|upkeep
|turn|7
|
|t:|1661929734
|move|p1a: Lugia|Toxic|p2a: Pyra
|-status|p2a: Pyra|tox
|move|p2a: Pyra|Thunder Wave|p1a: Lugia
|-status|p1a: Lugia|par
|
|-weather|DesolateLand|[upkeep]
|-damage|p2a: Pyra|94/100 tox|[from] psn
|upkeep
|turn|8
|
|t:|1661929740
|move|p2a: Pyra|Stealth Rock|p1a: Lugia
|-sidestart|p1: yarik667|move: Stealth Rock
|move|p1a: Lugia|Substitute|p1a: Lugia
|-start|p1a: Lugia|Substitute
|-damage|p1a: Lugia|49/100 par
|
|-weather|DesolateLand|[upkeep]
|-damage|p2a: Pyra|82/100 tox|[from] psn
|upkeep
|turn|9
|
|t:|1661929749
|move|p2a: Pyra|Heat Crash|p1a: Lugia
|-end|p1a: Lugia|Substitute
|move|p1a: Lugia|Roost|p1a: Lugia
|-heal|p1a: Lugia|99/100 par
|-singleturn|p1a: Lugia|move: Roost
|
|-weather|DesolateLand|[upkeep]
|-damage|p2a: Pyra|64/100 tox|[from] psn
|upkeep
|turn|10
|inactive|Battle timer is ON: inactive players will automatically lose when time's up. (requested by yarik667)
|
|t:|1661929753
|move|p2a: Pyra|Heat Crash|p1a: Lugia
|-damage|p1a: Lugia|50/100 par
|move|p1a: Lugia|Toxic|p2a: Pyra
|-fail|p2a: Pyra|tox
|
|-weather|DesolateLand|[upkeep]
|-damage|p2a: Pyra|40/100 tox|[from] psn
|upkeep
|turn|11
|
|t:|1661929756
|move|p2a: Pyra|Heat Crash|p1a: Lugia
|-damage|p1a: Lugia|1/100 par
|move|p1a: Lugia|Roost|p1a: Lugia
|-heal|p1a: Lugia|51/100 par
|-singleturn|p1a: Lugia|move: Roost
|
|-weather|DesolateLand|[upkeep]
|-damage|p2a: Pyra|10/100 tox|[from] psn
|upkeep
|turn|12
|
|t:|1661929759
|move|p2a: Pyra|Heat Crash|p1a: Lugia
|-damage|p1a: Lugia|0 fnt
|faint|p1a: Lugia
|
|-weather|DesolateLand|[upkeep]
|-damage|p2a: Pyra|0 fnt|[from] psn
|faint|p2a: Pyra
|-weather|none
|upkeep
|
|t:|1661929773
|switch|p1a: Arceus|Arceus-Fairy|48/100
|switch|p2a: Calyrex|Calyrex-Shadow|100/100
|-ability|p2a: Calyrex|As One
|-ability|p2a: Calyrex|Unnerve
|-damage|p1a: Arceus|36/100|[from] Stealth Rock
|turn|13
|
|t:|1661929777
|move|p2a: Calyrex|Leech Seed|p1a: Arceus
|-start|p1a: Arceus|move: Leech Seed
|move|p1a: Arceus|Recover|p1a: Arceus
|-heal|p1a: Arceus|86/100
|
|-damage|p1a: Arceus|73/100|[from] Leech Seed|[of] p2a: Calyrex
|upkeep
|turn|14
|
|t:|1661929780
|move|p2a: Calyrex|Substitute|p2a: Calyrex
|-start|p2a: Calyrex|Substitute
|-damage|p2a: Calyrex|76/100
|move|p1a: Arceus|Judgment|p2a: Calyrex
|-end|p2a: Calyrex|Substitute
|
|-heal|p2a: Calyrex|82/100|[from] item: Leftovers
|-damage|p1a: Arceus|61/100|[from] Leech Seed|[of] p2a: Calyrex
|-heal|p2a: Calyrex|98/100|[silent]
|upkeep
|turn|15
|
|t:|1661929782
|move|p2a: Calyrex|Substitute|p2a: Calyrex
|-start|p2a: Calyrex|Substitute
|-damage|p2a: Calyrex|73/100
|move|p1a: Arceus|Recover|p1a: Arceus
|-heal|p1a: Arceus|100/100
|
|-heal|p2a: Calyrex|79/100|[from] item: Leftovers
|-damage|p1a: Arceus|88/100|[from] Leech Seed|[of] p2a: Calyrex
|-heal|p2a: Calyrex|95/100|[silent]
|upkeep
|turn|16
|
|t:|1661929796
|switch|p1a: Chansey|Chansey, F|88/100
|-damage|p1a: Chansey|76/100|[from] Stealth Rock
|move|p2a: Calyrex|Astral Barrage|p1a: Chansey
|-immune|p1a: Chansey
|
|-heal|p2a: Calyrex|100/100|[from] item: Leftovers
|upkeep
|turn|17
|
|t:|1661929800
|move|p2a: Calyrex|Leech Seed|p1a: Chansey
|-start|p1a: Chansey|move: Leech Seed
|move|p1a: Chansey|Soft-Boiled|p1a: Chansey
|-heal|p1a: Chansey|100/100
|
|-damage|p1a: Chansey|88/100|[from] Leech Seed|[of] p2a: Calyrex
|upkeep
|turn|18
|
|t:|1661929807
|move|p2a: Calyrex|Draining Kiss|p1a: Chansey
|-damage|p1a: Chansey|83/100
|move|p1a: Chansey|Toxic||[still]
|-fail|p1a: Chansey
|
|-damage|p1a: Chansey|70/100|[from] Leech Seed|[of] p2a: Calyrex
|upkeep
|turn|19
|
|t:|1661929812
|move|p2a: Calyrex|Draining Kiss|p1a: Chansey
|-crit|p1a: Chansey
|-damage|p1a: Chansey|63/100
|move|p1a: Chansey|Soft-Boiled|p1a: Chansey
|-heal|p1a: Chansey|100/100
|
|-damage|p1a: Chansey|88/100|[from] Leech Seed|[of] p2a: Calyrex
|upkeep
|turn|20
|
|t:|1661929819
|move|p2a: Calyrex|Draining Kiss|p1a: Chansey
|-damage|p1a: Chansey|83/100
|move|p1a: Chansey|Confide|p2a: Calyrex
|-unboost|p2a: Calyrex|spa|1
|
|-damage|p1a: Chansey|70/100|[from] Leech Seed|[of] p2a: Calyrex
|upkeep
|turn|21
|
|t:|1661929824
|switch|p2a: Arceus|Arceus|100/100
|move|p1a: Chansey|Toxic|p2a: Arceus
|-status|p2a: Arceus|tox
|-enditem|p2a: Arceus|Lum Berry|[eat]
|-curestatus|p2a: Arceus|tox|[msg]
|
|-damage|p1a: Chansey|58/100|[from] Leech Seed|[of] p2a: Arceus
|upkeep
|turn|22
|
|t:|1661929829
|switch|p1a: Giratina|Giratina, shiny|100/100
|-damage|p1a: Giratina|88/100|[from] Stealth Rock
|-ability|p1a: Giratina|Pressure
|move|p2a: Arceus|Swords Dance|p2a: Arceus
|-boost|p2a: Arceus|atk|2
|
|-heal|p1a: Giratina|94/100|[from] item: Leftovers
|upkeep
|turn|23
|
|t:|1661929832
|move|p2a: Arceus|Shadow Claw|p1a: Giratina
|-supereffective|p1a: Giratina
|-damage|p1a: Giratina|47/100
|move|p1a: Giratina|Will-O-Wisp|p2a: Arceus
|-status|p2a: Arceus|brn
|
|-heal|p1a: Giratina|53/100|[from] item: Leftovers
|-damage|p2a: Arceus|94/100 brn|[from] brn
|upkeep
|turn|24
|
|t:|1661929839
|switch|p2a: Xerneas|Xerneas|100/100
|-ability|p2a: Xerneas|Fairy Aura
|move|p1a: Giratina|Defog|p2a: Xerneas
|-unboost|p2a: Xerneas|evasion|1
|-sideend|p1: yarik667|Stealth Rock|[from] move: Defog|[of] p1a: Giratina
|
|-heal|p1a: Giratina|59/100|[from] item: Leftovers
|upkeep
|turn|25
|
|t:|1661929843
|switch|p1a: Chansey|Chansey, F|58/100
|move|p2a: Xerneas|Geomancy||[still]
|-prepare|p2a: Xerneas|Geomancy
|-enditem|p2a: Xerneas|Power Herb
|-anim|p2a: Xerneas|Geomancy|p2a: Xerneas
|-boost|p2a: Xerneas|spa|2
|-boost|p2a: Xerneas|spd|2
|-boost|p2a: Xerneas|spe|2
|
|upkeep
|turn|26
|
|t:|1661929848
|-start|p2a: Xerneas|Dynamax|
|-heal|p2a: Xerneas|100/100|[silent]
|move|p2a: Xerneas|Max Starfall|p1a: Chansey
|-damage|p1a: Chansey|22/100
|-fieldstart|move: Misty Terrain
|move|p1a: Chansey|Soft-Boiled|p1a: Chansey
|-heal|p1a: Chansey|72/100
|
|upkeep
|turn|27
|
|t:|1661929854
|move|p2a: Xerneas|Max Starfall|p1a: Chansey
|-damage|p1a: Chansey|32/100
|move|p1a: Chansey|Soft-Boiled|p1a: Chansey
|-heal|p1a: Chansey|82/100
|
|upkeep
|turn|28
|
|t:|1661929857
|move|p2a: Xerneas|Max Starfall|p1a: Chansey
|-damage|p1a: Chansey|42/100
|move|p1a: Chansey|Soft-Boiled|p1a: Chansey
|-heal|p1a: Chansey|92/100
|
|upkeep
|-end|p2a: Xerneas|Dynamax
|-heal|p2a: Xerneas|100/100|[silent]
|turn|29
|
|t:|1661929860
|move|p2a: Xerneas|Geomancy||[still]
|-prepare|p2a: Xerneas|Geomancy
|move|p1a: Chansey|Confide|p2a: Xerneas
|-unboost|p2a: Xerneas|spa|1
|
|upkeep
|turn|30
|
|t:|1661929863
|move|p2a: Xerneas|Geomancy|p2a: Xerneas|[from]lockedmove
|-boost|p2a: Xerneas|spa|2
|-boost|p2a: Xerneas|spd|2
|-boost|p2a: Xerneas|spe|2
|move|p1a: Chansey|Confide|p2a: Xerneas
|-unboost|p2a: Xerneas|spa|1
|
|-fieldend|Misty Terrain
|upkeep
|turn|31
|
|t:|1661929866
|switch|p2a: Shi Oh You|Zygarde, shiny|100/100
|move|p1a: Chansey|Toxic|p2a: Shi Oh You|[miss]
|-miss|p1a: Chansey|p2a: Shi Oh You
|
|upkeep
|turn|32
|l| M3RKMAYHAM
|
|t:|1661929870
|move|p2a: Shi Oh You|Substitute|p2a: Shi Oh You
|-start|p2a: Shi Oh You|Substitute
|-damage|p2a: Shi Oh You|75/100
|move|p1a: Chansey|Toxic||[still]
|-fail|p1a: Chansey
|
|-heal|p2a: Shi Oh You|82/100|[from] item: Leftovers
|upkeep
|turn|33
|
|t:|1661929875
|switch|p1a: Arceus|Arceus-Fairy|88/100
|move|p2a: Shi Oh You|Coil|p2a: Shi Oh You
|-boost|p2a: Shi Oh You|atk|1
|-boost|p2a: Shi Oh You|def|1
|-boost|p2a: Shi Oh You|accuracy|1
|
|-heal|p2a: Shi Oh You|88/100|[from] item: Leftovers
|upkeep
|turn|34
|
|t:|1661929877
|move|p1a: Arceus|Judgment|p2a: Shi Oh You
|-supereffective|p2a: Shi Oh You
|-end|p2a: Shi Oh You|Substitute
|move|p2a: Shi Oh You|Glare|p1a: Arceus
|-status|p1a: Arceus|par
|
|-heal|p2a: Shi Oh You|94/100|[from] item: Leftovers
|upkeep
|turn|35
|
|t:|1661929880
|move|p2a: Shi Oh You|Substitute|p2a: Shi Oh You
|-start|p2a: Shi Oh You|Substitute
|-damage|p2a: Shi Oh You|69/100
|move|p1a: Arceus|Judgment|p2a: Shi Oh You
|-supereffective|p2a: Shi Oh You
|-end|p2a: Shi Oh You|Substitute
|
|-heal|p2a: Shi Oh You|75/100|[from] item: Leftovers
|upkeep
|turn|36
|
|t:|1661929882
|move|p2a: Shi Oh You|Substitute|p2a: Shi Oh You
|-start|p2a: Shi Oh You|Substitute
|-damage|p2a: Shi Oh You|50/100
|move|p1a: Arceus|Judgment|p2a: Shi Oh You
|-supereffective|p2a: Shi Oh You
|-end|p2a: Shi Oh You|Substitute
|
|-heal|p2a: Shi Oh You|56/100|[from] item: Leftovers
|upkeep
|turn|37
|
|t:|1661929885
|move|p2a: Shi Oh You|Substitute|p2a: Shi Oh You
|-start|p2a: Shi Oh You|Substitute
|-damage|p2a: Shi Oh You|31/100
|move|p1a: Arceus|Judgment|p2a: Shi Oh You
|-supereffective|p2a: Shi Oh You
|-end|p2a: Shi Oh You|Substitute
|
|-heal|p2a: Shi Oh You|38/100|[from] item: Leftovers
|-activate|p2a: Shi Oh You|ability: Power Construct
|detailschange|p2a: Shi Oh You|Zygarde-Complete, shiny
|-heal|p2a: Shi Oh You|59/100|[silent]
|upkeep
|turn|38
|
|t:|1661929887
|move|p2a: Shi Oh You|Substitute|p2a: Shi Oh You
|-start|p2a: Shi Oh You|Substitute
|-damage|p2a: Shi Oh You|34/100
|move|p1a: Arceus|Judgment|p2a: Shi Oh You
|-supereffective|p2a: Shi Oh You
|-end|p2a: Shi Oh You|Substitute
|
|-heal|p2a: Shi Oh You|40/100|[from] item: Leftovers
|upkeep
|turn|39
|
|t:|1661929890
|move|p2a: Shi Oh You|Substitute|p2a: Shi Oh You
|-start|p2a: Shi Oh You|Substitute
|-damage|p2a: Shi Oh You|15/100
|move|p1a: Arceus|Judgment|p2a: Shi Oh You
|-supereffective|p2a: Shi Oh You
|-end|p2a: Shi Oh You|Substitute
|
|-heal|p2a: Shi Oh You|21/100|[from] item: Leftovers
|upkeep
|turn|40
|
|t:|1661929897
|move|p2a: Shi Oh You|Thousand Arrows|p1a: Arceus
|-damage|p1a: Arceus|56/100 par
|move|p1a: Arceus|Judgment|p2a: Shi Oh You
|-supereffective|p2a: Shi Oh You
|-damage|p2a: Shi Oh You|0 fnt
|faint|p2a: Shi Oh You
|
|upkeep
|c|☆yarik667|hah
|
|t:|1661929899
|switch|p2a: Pneuma|Rayquaza|100/100
|-ability|p2a: Pneuma|Air Lock
|turn|41
|c|☆alt1445645|a brotha did not get any para lol
|
|t:|1661929914
|detailschange|p2a: Pneuma|Rayquaza-Mega
|-mega|p2a: Pneuma|Rayquaza|
|-weather|DeltaStream|[from] ability: Delta Stream|[of] p2a: Pneuma
|-start|p1a: Arceus|Dynamax|
|-heal|p1a: Arceus|56/100 par|[silent]
|move|p2a: Pneuma|Dragon Ascent|p1a: Arceus
|-damage|p1a: Arceus|29/100 par
|-unboost|p2a: Pneuma|def|1
|-unboost|p2a: Pneuma|spd|1
|cant|p1a: Arceus|par
|
|-weather|DeltaStream|[upkeep]
|upkeep
|turn|42
|c|☆alt1445645|maaan i dont need it now lol
|c|☆yarik667|hahaha
|
|t:|1661929929
|move|p2a: Pneuma|Dragon Ascent|p1a: Arceus
|-damage|p1a: Arceus|2/100 par
|-unboost|p2a: Pneuma|def|1
|-unboost|p2a: Pneuma|spd|1
|move|p1a: Arceus|Max Starfall|p2a: Pneuma
|-supereffective|p2a: Pneuma
|-crit|p2a: Pneuma
|-enditem|p2a: Pneuma|Focus Sash
|-damage|p2a: Pneuma|1/100
|-fieldstart|move: Misty Terrain
|
|-weather|DeltaStream|[upkeep]
|upkeep
|turn|43
|
|t:|1661929938
|move|p2a: Pneuma|Earthquake|p1a: Arceus
|-damage|p1a: Arceus|0 fnt
|faint|p1a: Arceus
|
|-weather|DeltaStream|[upkeep]
|upkeep
|
|t:|1661929947
|switch|p1a: Necrozma|Necrozma-Dusk-Mane|100/100
|turn|44
|
|t:|1661929950
|-weather|none
|switch|p2a: Xerneas|Xerneas|100/100
|-ability|p2a: Xerneas|Fairy Aura
|move|p1a: Necrozma|Sunsteel Strike|p2a: Xerneas
|-supereffective|p2a: Xerneas
|-damage|p2a: Xerneas|17/100
|
|upkeep
|turn|45
|
|t:|1661929957
|move|p2a: Xerneas|Hidden Power|p1a: Necrozma
|-supereffective|p1a: Necrozma
|-damage|p1a: Necrozma|75/100
|move|p1a: Necrozma|Sunsteel Strike|p2a: Xerneas
|-supereffective|p2a: Xerneas
|-damage|p2a: Xerneas|0 fnt
|faint|p2a: Xerneas
|
|upkeep
|
|t:|1661929960
|switch|p2a: Calyrex|Calyrex-Shadow|100/100
|-ability|p2a: Calyrex|As One
|-ability|p2a: Calyrex|Unnerve
|turn|46
|
|t:|1661929967
|switch|p1a: Sableye|Sableye-Mega, F|16/100
|move|p2a: Calyrex|Substitute|p2a: Calyrex
|-start|p2a: Calyrex|Substitute
|-damage|p2a: Calyrex|76/100
|
|-heal|p2a: Calyrex|82/100|[from] item: Leftovers
|-fieldend|Misty Terrain
|upkeep
|turn|47
|
|t:|1661929970
|move|p2a: Calyrex|Astral Barrage|p1a: Sableye
|-damage|p1a: Sableye|0 fnt
|faint|p1a: Sableye
|-ability|p2a: Calyrex|Grim Neigh|boost
|-boost|p2a: Calyrex|spa|1
|
|-heal|p2a: Calyrex|88/100|[from] item: Leftovers
|upkeep
|
|t:|1661929973
|switch|p1a: Chansey|Chansey, F|92/100
|turn|48
|
|t:|1661929975
|move|p2a: Calyrex|Leech Seed|p1a: Chansey
|-start|p1a: Chansey|move: Leech Seed
|move|p1a: Chansey|Confide|p2a: Calyrex
|-unboost|p2a: Calyrex|spa|1
|
|-heal|p2a: Calyrex|94/100|[from] item: Leftovers
|-damage|p1a: Chansey|80/100|[from] Leech Seed|[of] p2a: Calyrex
|-heal|p2a: Calyrex|100/100|[silent]
|upkeep
|turn|49
|
|t:|1661929979
|move|p2a: Calyrex|Draining Kiss|p1a: Chansey
|-damage|p1a: Chansey|75/100
|move|p1a: Chansey|Soft-Boiled|p1a: Chansey
|-heal|p1a: Chansey|100/100
|
|-damage|p1a: Chansey|88/100|[from] Leech Seed|[of] p2a: Calyrex
|upkeep
|turn|50
|
|t:|1661929981
|move|p2a: Calyrex|Draining Kiss|p1a: Chansey
|-damage|p1a: Chansey|83/100
|move|p1a: Chansey|Confide|p2a: Calyrex
|-unboost|p2a: Calyrex|spa|1
|
|-damage|p1a: Chansey|70/100|[from] Leech Seed|[of] p2a: Calyrex
|upkeep
|turn|51
|
|t:|1661929985
|move|p2a: Calyrex|Draining Kiss|p1a: Chansey
|-damage|p1a: Chansey|67/100
|move|p1a: Chansey|Soft-Boiled|p1a: Chansey
|-heal|p1a: Chansey|100/100
|
|-damage|p1a: Chansey|88/100|[from] Leech Seed|[of] p2a: Calyrex
|upkeep
|turn|52
|
|t:|1661929987
|switch|p2a: Pneuma|Rayquaza-Mega|1/100
|-weather|DeltaStream|[from] ability: Delta Stream|[of] p2a: Pneuma
|move|p1a: Chansey|Confide|p2a: Pneuma
|-unboost|p2a: Pneuma|spa|1
|
|-weather|DeltaStream|[upkeep]
|-damage|p1a: Chansey|76/100|[from] Leech Seed|[of] p2a: Pneuma
|-heal|p2a: Pneuma|24/100|[silent]
|upkeep
|turn|53
|
|t:|1661929997
|move|p2a: Pneuma|Earthquake|p1a: Chansey
|-crit|p1a: Chansey
|-damage|p1a: Chansey|22/100
|move|p1a: Chansey|Toxic|p2a: Pneuma
|-status|p2a: Pneuma|tox
|
|-weather|DeltaStream|[upkeep]
|-damage|p1a: Chansey|9/100|[from] Leech Seed|[of] p2a: Pneuma
|-heal|p2a: Pneuma|46/100 tox|[silent]
|-damage|p2a: Pneuma|40/100 tox|[from] psn
|upkeep
|turn|54
|
|t:|1661930004
|switch|p1a: Necrozma|Necrozma-Dusk-Mane|75/100
|move|p2a: Pneuma|Dragon Ascent|p1a: Necrozma
|-resisted|p1a: Necrozma
|-damage|p1a: Necrozma|53/100
|-unboost|p2a: Pneuma|def|1
|-unboost|p2a: Pneuma|spd|1
|-damage|p2a: Pneuma|24/100 tox|[from] item: Rocky Helmet|[of] p1a: Necrozma
|
|-weather|DeltaStream|[upkeep]
|-damage|p2a: Pneuma|12/100 tox|[from] psn
|upkeep
|turn|55
|
|t:|1661930007
|move|p2a: Pneuma|Earthquake|p1a: Necrozma
|-supereffective|p1a: Necrozma
|-damage|p1a: Necrozma|14/100
|move|p1a: Necrozma|Morning Sun|p1a: Necrozma
|-heal|p1a: Necrozma|64/100
|
|-weather|DeltaStream|[upkeep]
|-damage|p2a: Pneuma|0 fnt|[from] psn
|faint|p2a: Pneuma
|-weather|none
|upkeep
|
|t:|1661930009
|switch|p2a: Calyrex|Calyrex-Shadow|100/100
|-ability|p2a: Calyrex|As One
|-ability|p2a: Calyrex|Unnerve
|turn|56
|
|t:|1661930029
|switch|p1a: Chansey|Chansey, F|9/100
|move|p2a: Calyrex|Draining Kiss|p1a: Chansey
|-damage|p1a: Chansey|4/100
|
|upkeep
|turn|57
|
|t:|1661930034
|move|p2a: Calyrex|Draining Kiss|p1a: Chansey
|-damage|p1a: Chansey|0 fnt
|faint|p1a: Chansey
|-ability|p2a: Calyrex|Grim Neigh|boost
|-boost|p2a: Calyrex|spa|1
|
|upkeep
|c|☆alt1445645|gg man
|c|☆alt1445645|was a close one
|c|☆alt1445645|that end was a pure 50/50
|c|☆yarik667|A critical hit
|
|t:|1661930053
|switch|p1a: Necrozma|Necrozma-Dusk-Mane|64/100
|turn|58
|
|t:|1661930057
|move|p2a: Calyrex|Astral Barrage|p1a: Necrozma
|-supereffective|p1a: Necrozma
|-damage|p1a: Necrozma|0 fnt
|faint|p1a: Necrozma
|-ability|p2a: Calyrex|Grim Neigh|boost
|-boost|p2a: Calyrex|spa|1
|
|upkeep
|
|t:|1661930058
|switch|p1a: Giratina|Giratina, shiny|59/100
|-ability|p1a: Giratina|Pressure
|turn|59
|
|t:|1661930060
|move|p2a: Calyrex|Astral Barrage|p1a: Giratina
|-supereffective|p1a: Giratina
|-damage|p1a: Giratina|0 fnt
|faint|p1a: Giratina
|
|win|alt1445645
|raw|yarik667's rating: 1813 &rarr; <strong>1795</strong><br />(-18 for losing)
|raw|alt1445645's rating: 1855 &rarr; <strong>1873</strong><br />(+18 for winning)
|l|☆yarik667
