|j|☆Hogwashimperial
|j|☆test2322
|t:|1595386503
|player|p1|Hogwashimperial|swimmer-gen4|1619
|player|p2|test2322|supernerd-gen3|1573
|teamsize|p1|6
|teamsize|p2|6
|gametype|singles
|gen|8
|tier|[Gen 8] National Dex AG
|rated|
|clearpoke
|poke|p1|Rayquaza|
|poke|p1|Zacian-Crowned|
|poke|p1|Groudon|
|poke|p1|Smeargle, F|
|poke|p1|Necrozma-Dusk-Mane|
|poke|p1|Zygarde|
|poke|p2|Excadrill, F|
|poke|p2|Magearna|
|poke|p2|Giratina-Origin|
|poke|p2|Giratina-Origin|
|poke|p2|Magearna|
|poke|p2|Grimmsnarl, M|
|rule|HP Percentage Mod: HP is shown in percentages
|rule|Endless Battle Clause: Forcing endless battles is banned
|teampreview
|c|☆Hogwashimperial|join my youtube army here https://www.youtube.com/c/hogwash56?sub_confirmation=1
|c|☆Hogwashimperial|join my discord here https://discord.gg/c8N9Bcn
|c|☆Hogwashimperial|glhf
|
|t:|1595386523
|start
|switch|p1a: Groudon|Groudon|100/100
|switch|p2a: Grimmsnarl|Grimmsnarl, M|100/100
|detailschange|p1a: Groudon|Groudon-Primal
|-primal|p1a: Groudon
|-weather|DesolateLand|[from] ability: Desolate Land|[of] p1a: Groudon
|turn|1
|
|t:|1595386532
|move|p2a: Grimmsnarl|Reflect|p2a: Grimmsnarl
|-sidestart|p2: test2322|Reflect
|move|p1a: Groudon|Eruption|p2a: Grimmsnarl
|-damage|p2a: Grimmsnarl|0 fnt
|faint|p2a: Grimmsnarl
|
|-weather|DesolateLand|[upkeep]
|upkeep
|
|t:|1595386538
|switch|p2a: Excadrill|Excadrill, F|100/100
|-ability|p2a: Excadrill|Mold Breaker
|turn|2
|
|t:|1595386542
|move|p2a: Excadrill|Bulldoze|p1a: Groudon
|-supereffective|p1a: Groudon
|-damage|p1a: Groudon|58/100
|-unboost|p1a: Groudon|spe|1
|move|p1a: Groudon|Earth Power|p2a: Excadrill
|-supereffective|p2a: Excadrill
|-enditem|p2a: Excadrill|Focus Sash
|-damage|p2a: Excadrill|1/100
|
|-weather|DesolateLand|[upkeep]
|upkeep
|turn|3
|
|t:|1595386552
|move|p2a: Excadrill|Stealth Rock|p1a: Groudon
|-sidestart|p1: Hogwashimperial|move: Stealth Rock
|move|p1a: Groudon|Stealth Rock|p2a: Excadrill
|-sidestart|p2: test2322|move: Stealth Rock
|
|-weather|DesolateLand|[upkeep]
|upkeep
|turn|4
|
|t:|1595386557
|move|p2a: Excadrill|Rapid Spin|p1a: Groudon
|-damage|p1a: Groudon|47/100
|-boost|p2a: Excadrill|spe|1
|-sideend|p2: test2322|Stealth Rock|[from] move: Rapid Spin|[of] p2a: Excadrill
|move|p1a: Groudon|Earth Power|p2a: Excadrill
|-supereffective|p2a: Excadrill
|-damage|p2a: Excadrill|0 fnt
|faint|p2a: Excadrill
|
|-weather|DesolateLand|[upkeep]
|upkeep
|
|t:|1595386567
|switch|p2a: Magearna|Magearna|100/100
|turn|5
|
|t:|1595386570
|move|p2a: Magearna|Shift Gear|p2a: Magearna
|-boost|p2a: Magearna|spe|2
|-boost|p2a: Magearna|atk|1
|move|p1a: Groudon|Stealth Rock|p2a: Magearna
|-sidestart|p2: test2322|move: Stealth Rock
|
|-weather|DesolateLand|[upkeep]
|upkeep
|turn|6
|
|t:|1595386586
|move|p2a: Magearna|Shift Gear|p2a: Magearna
|-boost|p2a: Magearna|spe|2
|-boost|p2a: Magearna|atk|1
|move|p1a: Groudon|Earth Power|p2a: Magearna
|-supereffective|p2a: Magearna
|-damage|p2a: Magearna|11/100
|-enditem|p2a: Magearna|Weakness Policy
|-boost|p2a: Magearna|atk|2|[from] item: Weakness Policy
|-boost|p2a: Magearna|spa|2|[from] item: Weakness Policy
|
|-weather|DesolateLand|[upkeep]
|upkeep
|turn|7
|
|t:|1595386594
|move|p2a: Magearna|Baton Pass|p2a: Magearna
|
|t:|1595386604
|switch|p2a: Giratina|Giratina-Origin|100/100|[from]move: Baton Pass
|-damage|p2a: Giratina|88/100|[from] Stealth Rock
|move|p1a: Groudon|Earth Power|p2a: Giratina
|-immune|p2a: Giratina|[from] ability: Levitate
|
|-weather|DesolateLand|[upkeep]
|upkeep
|turn|8
|c|☆Hogwashimperial|that is bad
|c|☆Hogwashimperial|uh oh
|
|t:|1595386618
|move|p2a: Giratina|Earthquake|p1a: Groudon
|-supereffective|p1a: Groudon
|-damage|p1a: Groudon|0 fnt
|faint|p1a: Groudon
|-weather|none
|
|-sideend|p2: test2322|Reflect
|upkeep
|
|t:|1595386623
|switch|p1a: Zygarde|Zygarde|100/100
|-damage|p1a: Zygarde|94/100|[from] Stealth Rock
|turn|9
|
|t:|1595386629
|move|p2a: Giratina|Substitute|p2a: Giratina
|-start|p2a: Giratina|Substitute
|-damage|p2a: Giratina|63/100
|move|p1a: Zygarde|Glare||[still]
|-fail|p1a: Zygarde
|
|-heal|p1a: Zygarde|100/100|[from] item: Leftovers
|upkeep
|turn|10
|c|☆Hogwashimperial|oh sht
|
|t:|1595386637
|move|p1a: Zygarde|Thousand Arrows|p2a: Giratina
|-activate|p2a: Giratina|move: Substitute|[damage]
|move|p2a: Giratina|Dragon Tail|p1a: Zygarde
|-supereffective|p1a: Zygarde
|-damage|p1a: Zygarde|0 fnt
|faint|p1a: Zygarde
|
|upkeep
|c|☆test2322|wow
|
|t:|1595386659
|switch|p1a: Rayquaza|Rayquaza|100/100
|-damage|p1a: Rayquaza|76/100|[from] Stealth Rock
|-ability|p1a: Rayquaza|Air Lock
|turn|11
|
|t:|1595386665
|detailschange|p1a: Rayquaza|Rayquaza-Mega
|-mega|p1a: Rayquaza|Rayquaza|
|-weather|DeltaStream|[from] ability: Delta Stream|[of] p1a: Rayquaza
|move|p2a: Giratina|Shadow Force||[still]
|-prepare|p2a: Giratina|Shadow Force|p1a: Rayquaza
|move|p1a: Rayquaza|Dragon Ascent|p2a: Giratina|[miss]
|-miss|p1a: Rayquaza|p2a: Giratina
|
|-weather|DeltaStream|[upkeep]
|upkeep
|turn|12
|c|☆Hogwashimperial|i have a bad feeling about this
|c|☆test2322|best part
|c|☆test2322|is I have sr
|
|t:|1595386685
|move|p2a: Giratina|Shadow Force|p1a: Rayquaza|[from]lockedmove
|-damage|p1a: Rayquaza|0 fnt
|faint|p1a: Rayquaza
|-weather|none
|
|upkeep
|c|☆Hogwashimperial|whats sr
|c|☆test2322|stealth rock.
|c|☆Hogwashimperial|ah
|c|☆Hogwashimperial|yes
|
|t:|1595386704
|switch|p1a: Necrozma|Necrozma-Dusk-Mane|100/100
|-damage|p1a: Necrozma|94/100|[from] Stealth Rock
|turn|13
|
|t:|1595386709
|move|p2a: Giratina|Shadow Force||[still]
|-prepare|p2a: Giratina|Shadow Force|p1a: Necrozma
|move|p1a: Necrozma|Autotomize|p1a: Necrozma
|-boost|p1a: Necrozma|spe|2
|-start|p1a: Necrozma|Autotomize
|
|upkeep
|turn|14
|c|☆test2322|I still outspeed?
|
|t:|1595386729
|-start|p1a: Necrozma|Dynamax
|-heal|p1a: Necrozma|94/100|[silent]
|move|p2a: Giratina|Shadow Force|p1a: Necrozma|[from]lockedmove
|-supereffective|p1a: Necrozma
|-damage|p1a: Necrozma|0 fnt
|faint|p1a: Necrozma
|
|upkeep
|c|☆Hogwashimperial|probably
|c|☆Hogwashimperial|yes
|c|☆Hogwashimperial|gg
|c|☆Hogwashimperial|join my youtube army here https://www.youtube.com/c/hogwash56?sub_confirmation=1
|c|☆Hogwashimperial|join my discord here https://discord.gg/c8N9Bcn
|-message|Hogwashimperial forfeited.
|
|win|test2322
|l|☆Hogwashimperial
|c|☆test2322|would rather not
|raw|Hogwashimperial's rating: 1619 &rarr; <strong>1596</strong><br />(-23 for losing)
|raw|test2322's rating: 1573 &rarr; <strong>1595</strong><br />(+22 for winning)
