|j|☆Yang xiaao
|j|☆BrixTrynaLuv
|t:|1666355463
|gametype|singles
|player|p1|Yang xiaao|lucas|1657
|player|p2|BrixTrynaLuv|linebacker|1643
|teamsize|p1|6
|teamsize|p2|6
|gen|8
|tier|[Gen 8] National Dex AG
|rated|
|rule|HP Percentage Mod: HP is shown in percentages
|rule|Endless Battle Clause: Forcing endless battles is banned
|clearpoke
|poke|p1|Kyogre|
|poke|p1|Ho-Oh|
|poke|p1|Yveltal|
|poke|p1|Necrozma-Dusk-Mane|
|poke|p1|Zacian-*|
|poke|p1|Ditto|
|poke|p2|Quagsire, M|
|poke|p2|Ferrothorn, F|
|poke|p2|Ho-Oh|
|poke|p2|Tyranitar, M|
|poke|p2|Yveltal|
|poke|p2|Calyrex-Shadow|
|teampreview
|inactive|Battle timer is ON: inactive players will automatically lose when time's up. (requested by BrixTrynaLuv)
|inactive|Yang xiaao also wants the timer to be on.
|
|t:|1666355483
|start
|switch|p1a: Yveltal|Yveltal|100/100
|switch|p2a: Yvelat|Yveltal, shiny|100/100
|-ability|p2a: Yvelat|Dark Aura
|-ability|p1a: Yveltal|Dark Aura
|turn|1
|
|t:|1666355503
|move|p1a: Yveltal|Oblivion Wing|p2a: Yvelat
|-damage|p2a: Yvelat|67/100
|-damage|p1a: Yveltal|91/100|[from] item: Life Orb
|move|p2a: Yvelat|Oblivion Wing|p1a: Yveltal
|-damage|p1a: Yveltal|53/100
|-heal|p2a: Yvelat|95/100|[from] drain|[of] p1a: Yveltal
|
|upkeep
|turn|2
|
|t:|1666355511
|move|p2a: Yvelat|Oblivion Wing|p1a: Yveltal
|-damage|p1a: Yveltal|14/100
|-heal|p2a: Yvelat|100/100|[from] drain|[of] p1a: Yveltal
|move|p1a: Yveltal|Oblivion Wing|p2a: Yvelat
|-damage|p2a: Yvelat|69/100
|-heal|p1a: Yveltal|38/100|[from] drain|[of] p2a: Yvelat
|-damage|p1a: Yveltal|28/100|[from] item: Life Orb
|
|upkeep
|turn|3
|j| Ca1ms
|
|t:|1666355521
|switch|p1a: Ho-Oh|Ho-Oh, shiny|100/100
|move|p2a: Yvelat|Oblivion Wing|p1a: Ho-Oh
|-damage|p1a: Ho-Oh|84/100
|-heal|p2a: Yvelat|82/100|[from] drain|[of] p1a: Ho-Oh
|
|upkeep
|turn|4
|
|t:|1666355536
|switch|p2a: Quagsire|Quagsire, M, shiny|100/100
|move|p1a: Ho-Oh|Sacred Fire|p2a: Quagsire
|-resisted|p2a: Quagsire
|-damage|p2a: Quagsire|86/100
|
|upkeep
|turn|5
|
|t:|1666355543
|move|p1a: Ho-Oh|Toxic|p2a: Quagsire
|-status|p2a: Quagsire|tox
|move|p2a: Quagsire|Scald|p1a: Ho-Oh
|-supereffective|p1a: Ho-Oh
|-damage|p1a: Ho-Oh|66/100
|
|-damage|p2a: Quagsire|79/100 tox|[from] psn
|upkeep
|turn|6
|
|t:|1666355546
|move|p1a: Ho-Oh|Sacred Fire|p2a: Quagsire
|-resisted|p2a: Quagsire
|-damage|p2a: Quagsire|65/100 tox
|move|p2a: Quagsire|Toxic|p1a: Ho-Oh
|-status|p1a: Ho-Oh|tox
|
|-damage|p1a: Ho-Oh|60/100 tox|[from] psn
|-damage|p2a: Quagsire|53/100 tox|[from] psn
|upkeep
|turn|7
|
|t:|1666355550
|move|p1a: Ho-Oh|Sacred Fire|p2a: Quagsire
|-resisted|p2a: Quagsire
|-damage|p2a: Quagsire|38/100 tox
|move|p2a: Quagsire|Recover|p2a: Quagsire
|-heal|p2a: Quagsire|88/100 tox
|
|-damage|p1a: Ho-Oh|47/100 tox|[from] psn
|-damage|p2a: Quagsire|70/100 tox|[from] psn
|upkeep
|turn|8
|
|t:|1666355553
|switch|p2a: Ho-Oh|Ho-Oh, shiny|100/100
|move|p1a: Ho-Oh|Recover|p1a: Ho-Oh
|-heal|p1a: Ho-Oh|97/100 tox
|
|-damage|p1a: Ho-Oh|78/100 tox|[from] psn
|upkeep
|turn|9
|
|t:|1666355559
|switch|p2a: Ferrothorn|Ferrothorn, F, shiny|100/100
|move|p1a: Ho-Oh|Toxic|p2a: Ferrothorn
|-immune|p2a: Ferrothorn
|
|-damage|p1a: Ho-Oh|53/100 tox|[from] psn
|upkeep
|turn|10
|
|t:|1666355567
|switch|p1a: Yveltal|Yveltal|28/100
|-ability|p1a: Yveltal|Dark Aura
|switch|p2a: Ho-Oh|Ho-Oh, shiny|100/100
|
|upkeep
|turn|11
|
|t:|1666355579
|move|p1a: Yveltal|Oblivion Wing|p2a: Ho-Oh
|-damage|p2a: Ho-Oh|74/100
|-heal|p1a: Yveltal|49/100|[from] drain|[of] p2a: Ho-Oh
|-damage|p1a: Yveltal|40/100|[from] item: Life Orb
|move|p2a: Ho-Oh|Sacred Fire|p1a: Yveltal
|-damage|p1a: Yveltal|0 fnt
|faint|p1a: Yveltal
|
|upkeep
|
|t:|1666355583
|switch|p1a: Kyogre|Kyogre|100/100
|-weather|RainDance|[from] ability: Drizzle|[of] p1a: Kyogre
|turn|12
|inactive|BrixTrynaLuv has 120 seconds left.
|
|t:|1666355622
|move|p1a: Kyogre|Water Spout|p2a: Ho-Oh
|-supereffective|p2a: Ho-Oh
|-damage|p2a: Ho-Oh|0 fnt
|faint|p2a: Ho-Oh
|
|-weather|RainDance|[upkeep]
|upkeep
|
|t:|1666355625
|switch|p2a: Yvelat|Yveltal, shiny|82/100
|-ability|p2a: Yvelat|Dark Aura
|turn|13
|
|t:|1666355637
|switch|p1a: Ho-Oh|Ho-Oh, shiny|87/100 tox
|move|p2a: Yvelat|Sucker Punch||[still]
|-fail|p2a: Yvelat
|
|-weather|RainDance|[upkeep]
|-damage|p1a: Ho-Oh|80/100 tox|[from] psn
|upkeep
|turn|14
|
|t:|1666355641
|move|p2a: Yvelat|Oblivion Wing|p1a: Ho-Oh
|-damage|p1a: Ho-Oh|61/100 tox
|-heal|p2a: Yvelat|96/100|[from] drain|[of] p1a: Ho-Oh
|move|p1a: Ho-Oh|Sacred Fire|p2a: Yvelat
|-damage|p2a: Yvelat|78/100
|-status|p2a: Yvelat|brn
|
|-weather|RainDance|[upkeep]
|-damage|p1a: Ho-Oh|49/100 tox|[from] psn
|-damage|p2a: Yvelat|72/100 brn|[from] brn
|upkeep
|turn|15
|
|t:|1666355645
|move|p2a: Yvelat|Dark Pulse|p1a: Ho-Oh
|-damage|p1a: Ho-Oh|28/100 tox
|move|p1a: Ho-Oh|Recover|p1a: Ho-Oh
|-heal|p1a: Ho-Oh|78/100 tox
|
|-weather|RainDance|[upkeep]
|-damage|p1a: Ho-Oh|59/100 tox|[from] psn
|-damage|p2a: Yvelat|66/100 brn|[from] brn
|upkeep
|turn|16
|
|t:|1666355649
|move|p2a: Yvelat|Oblivion Wing|p1a: Ho-Oh
|-damage|p1a: Ho-Oh|40/100 tox
|-heal|p2a: Yvelat|80/100 brn|[from] drain|[of] p1a: Ho-Oh
|move|p1a: Ho-Oh|Recover|p1a: Ho-Oh
|-heal|p1a: Ho-Oh|90/100 tox
|
|-weather|none
|-damage|p1a: Ho-Oh|65/100 tox|[from] psn
|-damage|p2a: Yvelat|74/100 brn|[from] brn
|upkeep
|turn|17
|
|t:|1666355661
|switch|p1a: Necrozma|Necrozma-Dusk-Mane, shiny|100/100
|move|p2a: Yvelat|Oblivion Wing|p1a: Necrozma
|-resisted|p1a: Necrozma
|-damage|p1a: Necrozma|85/100
|-heal|p2a: Yvelat|85/100 brn|[from] drain|[of] p1a: Necrozma
|
|-heal|p1a: Necrozma|91/100|[from] item: Leftovers
|-damage|p2a: Yvelat|79/100 brn|[from] brn
|upkeep
|turn|18
|
|t:|1666355668
|move|p2a: Yvelat|U-turn|p1a: Necrozma
|-damage|p1a: Necrozma|86/100
|
|t:|1666355671
|switch|p2a: Ferrothorn|Ferrothorn, F, shiny|100/100|[from]move: U-turn
|move|p1a: Necrozma|Stealth Rock|p2a: Ferrothorn
|-sidestart|p2: BrixTrynaLuv|move: Stealth Rock
|
|-heal|p1a: Necrozma|92/100|[from] item: Leftovers
|upkeep
|turn|19
|
|t:|1666355675
|move|p1a: Necrozma|Thunder Wave|p2a: Ferrothorn
|-status|p2a: Ferrothorn|par
|move|p2a: Ferrothorn|Substitute|p2a: Ferrothorn
|-start|p2a: Ferrothorn|Substitute
|-damage|p2a: Ferrothorn|76/100 par
|
|-heal|p1a: Necrozma|98/100|[from] item: Leftovers
|-heal|p2a: Ferrothorn|82/100 par|[from] item: Leftovers
|upkeep
|turn|20
|
|t:|1666355679
|switch|p1a: Ho-Oh|Ho-Oh, shiny|98/100 tox
|cant|p2a: Ferrothorn|par
|
|-heal|p2a: Ferrothorn|88/100 par|[from] item: Leftovers
|-damage|p1a: Ho-Oh|92/100 tox|[from] psn
|upkeep
|turn|21
|
|t:|1666355683
|move|p1a: Ho-Oh|Sacred Fire|p2a: Ferrothorn
|-supereffective|p2a: Ferrothorn
|-end|p2a: Ferrothorn|Substitute
|cant|p2a: Ferrothorn|par
|
|-heal|p2a: Ferrothorn|94/100 par|[from] item: Leftovers
|-damage|p1a: Ho-Oh|80/100 tox|[from] psn
|upkeep
|turn|22
|
|t:|1666355688
|move|p2a: Ferrothorn|Protect|p2a: Ferrothorn
|-singleturn|p2a: Ferrothorn|Protect
|move|p1a: Ho-Oh|Sacred Fire|p2a: Ferrothorn
|-activate|p2a: Ferrothorn|move: Protect
|
|-heal|p2a: Ferrothorn|99/100 par|[from] item: Leftovers
|-damage|p1a: Ho-Oh|61/100 tox|[from] psn
|upkeep
|turn|23
|
|t:|1666355696
|switch|p2a: Quagsire|Quagsire, M, shiny|70/100 tox
|-damage|p2a: Quagsire|64/100 tox|[from] Stealth Rock
|move|p1a: Ho-Oh|Toxic|p2a: Quagsire
|-fail|p2a: Quagsire|tox
|
|-damage|p1a: Ho-Oh|36/100 tox|[from] psn
|-damage|p2a: Quagsire|58/100 tox|[from] psn
|upkeep
|turn|24
|
|t:|1666355701
|switch|p1a: Necrozma|Necrozma-Dusk-Mane, shiny|98/100
|move|p2a: Quagsire|Recover|p2a: Quagsire
|-heal|p2a: Quagsire|100/100 tox
|
|-heal|p1a: Necrozma|100/100|[from] item: Leftovers
|-damage|p2a: Quagsire|88/100 tox|[from] psn
|upkeep
|turn|25
|
|t:|1666355705
|move|p1a: Necrozma|Earthquake|p2a: Quagsire
|-damage|p2a: Quagsire|66/100 tox
|move|p2a: Quagsire|Scald|p1a: Necrozma
|-damage|p1a: Necrozma|84/100
|
|-heal|p1a: Necrozma|90/100|[from] item: Leftovers
|-damage|p2a: Quagsire|48/100 tox|[from] psn
|upkeep
|turn|26
|
|t:|1666355710
|switch|p1a: Kyogre|Kyogre|100/100
|-weather|RainDance|[from] ability: Drizzle|[of] p1a: Kyogre
|move|p2a: Quagsire|Recover|p2a: Quagsire
|-heal|p2a: Quagsire|98/100 tox
|
|-weather|RainDance|[upkeep]
|-damage|p2a: Quagsire|74/100 tox|[from] psn
|upkeep
|turn|27
|
|t:|1666355714
|move|p1a: Kyogre|Ice Beam|p2a: Quagsire
|-damage|p2a: Quagsire|0 fnt
|faint|p2a: Quagsire
|
|-weather|RainDance|[upkeep]
|upkeep
|
|t:|1666355723
|switch|p2a: Ferrothorn|Ferrothorn, F, shiny|99/100 par
|-damage|p2a: Ferrothorn|94/100 par|[from] Stealth Rock
|turn|28
|
|t:|1666355728
|switch|p1a: Ho-Oh|Ho-Oh, shiny|69/100 tox
|move|p2a: Ferrothorn|Leech Seed|p1a: Ho-Oh
|-start|p1a: Ho-Oh|move: Leech Seed
|
|-weather|RainDance|[upkeep]
|-heal|p2a: Ferrothorn|99/100 par|[from] item: Leftovers
|-damage|p1a: Ho-Oh|57/100 tox|[from] Leech Seed|[of] p2a: Ferrothorn
|-heal|p2a: Ferrothorn|100/100 par|[silent]
|-damage|p1a: Ho-Oh|50/100 tox|[from] psn
|upkeep
|turn|29
|
|t:|1666355732
|cant|p2a: Ferrothorn|par
|move|p1a: Ho-Oh|Sacred Fire|p2a: Ferrothorn
|-supereffective|p2a: Ferrothorn
|-damage|p2a: Ferrothorn|53/100 par
|
|-weather|RainDance|[upkeep]
|-heal|p2a: Ferrothorn|59/100 par|[from] item: Leftovers
|-damage|p1a: Ho-Oh|38/100 tox|[from] Leech Seed|[of] p2a: Ferrothorn
|-heal|p2a: Ferrothorn|73/100 par|[silent]
|-damage|p1a: Ho-Oh|25/100 tox|[from] psn
|upkeep
|turn|30
|
|t:|1666355739
|switch|p1a: Kyogre|Kyogre|100/100
|move|p2a: Ferrothorn|Gyro Ball|p1a: Kyogre
|-resisted|p1a: Kyogre
|-damage|p1a: Kyogre|72/100
|
|-weather|none
|-heal|p2a: Ferrothorn|79/100 par|[from] item: Leftovers
|upkeep
|turn|31
|
|t:|1666355745
|cant|p2a: Ferrothorn|par
|move|p1a: Kyogre|Ice Beam|p2a: Ferrothorn
|-damage|p2a: Ferrothorn|28/100 par
|
|-heal|p2a: Ferrothorn|34/100 par|[from] item: Leftovers
|upkeep
|turn|32
|
|t:|1666355750
|cant|p2a: Ferrothorn|par
|move|p1a: Kyogre|Ice Beam|p2a: Ferrothorn
|-damage|p2a: Ferrothorn|0 fnt
|faint|p2a: Ferrothorn
|
|upkeep
|
|t:|1666355755
|switch|p2a: Ty-One|Tyranitar, M|100/100
|-damage|p2a: Ty-One|88/100|[from] Stealth Rock
|-weather|Sandstorm|[from] ability: Sand Stream|[of] p2a: Ty-One
|turn|33
|
|t:|1666355761
|switch|p1a: Necrozma|Necrozma-Dusk-Mane, shiny|90/100
|move|p2a: Ty-One|Earthquake|p1a: Necrozma
|-supereffective|p1a: Necrozma
|-damage|p1a: Necrozma|61/100
|
|-weather|Sandstorm|[upkeep]
|-heal|p1a: Necrozma|67/100|[from] item: Leftovers
|upkeep
|turn|34
|
|t:|1666355766
|move|p1a: Necrozma|Thunder Wave|p2a: Ty-One
|-status|p2a: Ty-One|par
|move|p2a: Ty-One|Crunch|p1a: Necrozma
|-supereffective|p1a: Necrozma
|-damage|p1a: Necrozma|31/100
|
|-weather|Sandstorm|[upkeep]
|-heal|p1a: Necrozma|37/100|[from] item: Leftovers
|upkeep
|turn|35
|c|☆Yang xiaao|gg
|
|t:|1666355772
|move|p1a: Necrozma|Earthquake|p2a: Ty-One
|-supereffective|p2a: Ty-One
|-damage|p2a: Ty-One|32/100 par
|cant|p2a: Ty-One|par
|
|-weather|Sandstorm|[upkeep]
|-heal|p1a: Necrozma|43/100|[from] item: Leftovers
|upkeep
|turn|36
|
|t:|1666355777
|move|p1a: Necrozma|Thunder Wave|p2a: Ty-One
|-fail|p2a: Ty-One|par
|move|p2a: Ty-One|Crunch|p1a: Necrozma
|-supereffective|p1a: Necrozma
|-damage|p1a: Necrozma|7/100
|
|-weather|Sandstorm|[upkeep]
|-heal|p1a: Necrozma|13/100|[from] item: Leftovers
|upkeep
|turn|37
|
|t:|1666355784
|switch|p1a: Ho-Oh|Ho-Oh, shiny|58/100 tox
|cant|p2a: Ty-One|par
|
|-weather|none
|-damage|p1a: Ho-Oh|52/100 tox|[from] psn
|upkeep
|turn|38
|
|t:|1666355788
|switch|p1a: Necrozma|Necrozma-Dusk-Mane, shiny|13/100
|move|p2a: Ty-One|Stone Edge|p1a: Necrozma|[miss]
|-miss|p2a: Ty-One|p1a: Necrozma
|
|-heal|p1a: Necrozma|19/100|[from] item: Leftovers
|upkeep
|turn|39
|
|t:|1666355792
|move|p1a: Necrozma|Morning Sun|p1a: Necrozma
|-heal|p1a: Necrozma|69/100
|move|p2a: Ty-One|Crunch|p1a: Necrozma
|-supereffective|p1a: Necrozma
|-damage|p1a: Necrozma|30/100
|
|-heal|p1a: Necrozma|36/100|[from] item: Leftovers
|upkeep
|turn|40
|c|☆Yang xiaao|gggggggg
|
|t:|1666355796
|move|p1a: Necrozma|Morning Sun|p1a: Necrozma
|-heal|p1a: Necrozma|86/100
|move|p2a: Ty-One|Crunch|p1a: Necrozma
|-supereffective|p1a: Necrozma
|-damage|p1a: Necrozma|49/100
|
|-heal|p1a: Necrozma|55/100|[from] item: Leftovers
|upkeep
|turn|41
|
|t:|1666355800
|switch|p2a: Cavelerio Fantasma|Calyrex-Shadow|100/100
|-ability|p2a: Cavelerio Fantasma|As One
|-ability|p2a: Cavelerio Fantasma|Unnerve
|-damage|p2a: Cavelerio Fantasma|88/100|[from] Stealth Rock
|move|p1a: Necrozma|Earthquake|p2a: Cavelerio Fantasma
|-damage|p2a: Cavelerio Fantasma|48/100
|
|-heal|p1a: Necrozma|61/100|[from] item: Leftovers
|upkeep
|turn|42
|
|t:|1666355804
|-start|p2a: Cavelerio Fantasma|Dynamax|
|-heal|p2a: Cavelerio Fantasma|48/100|[silent]
|move|p2a: Cavelerio Fantasma|Max Phantasm|p1a: Necrozma
|-supereffective|p1a: Necrozma
|-damage|p1a: Necrozma|0 fnt
|faint|p1a: Necrozma
|-ability|p2a: Cavelerio Fantasma|Grim Neigh|boost
|-boost|p2a: Cavelerio Fantasma|spa|1
|
|upkeep
|
|t:|1666355814
|switch|p1a: Zacian|Zacian-Crowned|100/100
|-ability|p1a: Zacian|Intrepid Sword|boost
|-boost|p1a: Zacian|atk|1
|turn|43
|
|t:|1666355817
|move|p2a: Cavelerio Fantasma|Max Phantasm|p1a: Zacian
|-damage|p1a: Zacian|0 fnt
|faint|p1a: Zacian
|-ability|p2a: Cavelerio Fantasma|Grim Neigh|boost
|-boost|p2a: Cavelerio Fantasma|spa|1
|
|upkeep
|
|t:|1666355820
|switch|p1a: Ditto|Ditto, shiny|100/100
|-transform|p1a: Ditto|p2a: Cavelerio Fantasma|[from] ability: Imposter
|turn|44
|
|t:|1666355827
|-end|p2a: Cavelerio Fantasma|Dynamax
|-heal|p2a: Cavelerio Fantasma|48/100|[silent]
|switch|p2a: Ty-One|Tyranitar, M|32/100 par
|-damage|p2a: Ty-One|19/100 par|[from] Stealth Rock
|-weather|Sandstorm|[from] ability: Sand Stream|[of] p2a: Ty-One
|-start|p1a: Ditto|Dynamax|
|-heal|p1a: Ditto|100/100|[silent]
|move|p1a: Ditto|Max Phantasm|p2a: Ty-One
|-resisted|p2a: Ty-One
|-damage|p2a: Ty-One|0 fnt
|faint|p2a: Ty-One
|-ability|p1a: Ditto|Grim Neigh|boost
|-boost|p1a: Ditto|spa|1
|
|-weather|Sandstorm|[upkeep]
|-damage|p1a: Ditto|98/100|[from] Sandstorm
|upkeep
|
|t:|1666355834
|switch|p2a: Cavelerio Fantasma|Calyrex-Shadow|48/100
|-ability|p2a: Cavelerio Fantasma|As One
|-ability|p2a: Cavelerio Fantasma|Unnerve
|-damage|p2a: Cavelerio Fantasma|36/100|[from] Stealth Rock
|turn|45
|
|t:|1666355838
|move|p2a: Cavelerio Fantasma|Astral Barrage|p1a: Ditto
|-supereffective|p1a: Ditto
|-damage|p1a: Ditto|0 fnt
|faint|p1a: Ditto
|-ability|p2a: Cavelerio Fantasma|Grim Neigh|boost
|-boost|p2a: Cavelerio Fantasma|spa|1
|
|-weather|Sandstorm|[upkeep]
|-damage|p2a: Cavelerio Fantasma|30/100|[from] Sandstorm
|upkeep
|
|t:|1666355842
|switch|p1a: Kyogre|Kyogre|72/100
|-weather|RainDance|[from] ability: Drizzle|[of] p1a: Kyogre
|turn|46
|
|t:|1666355845
|move|p2a: Cavelerio Fantasma|Astral Barrage|p1a: Kyogre
|-damage|p1a: Kyogre|0 fnt
|faint|p1a: Kyogre
|-ability|p2a: Cavelerio Fantasma|Grim Neigh|boost
|-boost|p2a: Cavelerio Fantasma|spa|1
|
|-weather|RainDance|[upkeep]
|upkeep
|
|t:|1666355847
|switch|p1a: Ho-Oh|Ho-Oh, shiny|85/100 tox
|turn|47
|
|t:|1666355849
|move|p2a: Cavelerio Fantasma|Astral Barrage|p1a: Ho-Oh
|-damage|p1a: Ho-Oh|19/100 tox
|move|p1a: Ho-Oh|Sacred Fire|p2a: Cavelerio Fantasma
|-damage|p2a: Cavelerio Fantasma|3/100
|-status|p2a: Cavelerio Fantasma|brn
|
|-weather|RainDance|[upkeep]
|-damage|p1a: Ho-Oh|13/100 tox|[from] psn
|-damage|p2a: Cavelerio Fantasma|0 fnt|[from] brn
|faint|p2a: Cavelerio Fantasma
|upkeep
|
|t:|1666355854
|switch|p2a: Yvelat|Yveltal, shiny|79/100 brn
|-damage|p2a: Yvelat|54/100 brn|[from] Stealth Rock
|-ability|p2a: Yvelat|Dark Aura
|turn|48
|c|☆BrixTrynaLuv|now its gg lmao
|
|t:|1666355863
|move|p2a: Yvelat|Oblivion Wing|p1a: Ho-Oh
|-damage|p1a: Ho-Oh|0 fnt
|-heal|p2a: Yvelat|63/100 brn|[from] drain|[of] p1a: Ho-Oh
|faint|p1a: Ho-Oh
|
|win|BrixTrynaLuv
|raw|Yang xiaao's rating: 1657 &rarr; <strong>1636</strong><br />(-21 for losing)
|raw|BrixTrynaLuv's rating: 1643 &rarr; <strong>1664</strong><br />(+21 for winning)
|l|☆Yang xiaao
|c|☆BrixTrynaLuv|lmao
||Ladder isn't responding, score probably updated but might not have (Request timeout).
