|j|☆CLEAR GEM清瑜
|j|☆ReactJS3
|t:|1664632877
|gametype|singles
|player|p1|CLEAR GEM清瑜|skierf|1800
|player|p2|ReactJS3|101|1771
|teamsize|p1|6
|teamsize|p2|6
|gen|8
|tier|[Gen 8] National Dex AG
|rated|
|rule|HP Percentage Mod: HP is shown in percentages
|rule|Endless Battle Clause: Forcing endless battles is banned
|clearpoke
|poke|p1|Rayquaza|
|poke|p1|Groudon|
|poke|p1|Necrozma-Dusk-Mane|
|poke|p1|Arceus-*|
|poke|p1|Zacian-*|
|poke|p1|Yveltal|
|poke|p2|Calyrex-Shadow|
|poke|p2|Groudon|
|poke|p2|Yveltal|
|poke|p2|Ho-Oh|
|poke|p2|Rayquaza|
|poke|p2|Arceus-*|
|teampreview
|inactive|Battle timer is ON: inactive players will automatically lose when time's up. (requested by CLEAR GEM清瑜)
|
|t:|1664632883
|start
|switch|p1a: 不会(?)|Groudon|100/100
|switch|p2a: Yveltal|Yveltal|100/100
|-ability|p2a: Yveltal|Dark Aura
|detailschange|p1a: 不会(?)|Groudon-Primal
|-primal|p1a: 不会(?)
|-weather|DesolateLand|[from] ability: Desolate Land|[of] p1a: 不会(?)
|turn|1
|
|t:|1664632892
|-start|p2a: Yveltal|Dynamax|
|-heal|p2a: Yveltal|100/100|[silent]
|move|p2a: Yveltal|Max Airstream|p1a: 不会(?)
|-damage|p1a: 不会(?)|5/100
|-boost|p2a: Yveltal|spe|1
|-damage|p2a: Yveltal|96/100|[from] item: Life Orb
|move|p1a: 不会(?)|Stealth Rock|p2a: Yveltal
|-sidestart|p2: ReactJS3|move: Stealth Rock
|
|-weather|DesolateLand|[upkeep]
|upkeep
|turn|2
|
|t:|1664632907
|move|p2a: Yveltal|Max Airstream|p1a: 不会(?)
|-damage|p1a: 不会(?)|0 fnt
|-boost|p2a: Yveltal|spe|1
|faint|p1a: 不会(?)
|-weather|none
|-damage|p2a: Yveltal|91/100|[from] item: Life Orb
|
|upkeep
|
|t:|1664632910
|switch|p1a: 嘉然小姐的狗|Zacian-Crowned|100/100
|-ability|p1a: 嘉然小姐的狗|Intrepid Sword|boost
|-boost|p1a: 嘉然小姐的狗|atk|1
|turn|3
|
|t:|1664632912
|move|p2a: Yveltal|Max Darkness|p1a: 嘉然小姐的狗
|-resisted|p1a: 嘉然小姐的狗
|-damage|p1a: 嘉然小姐的狗|53/100
|-unboost|p1a: 嘉然小姐的狗|spd|1
|-damage|p2a: Yveltal|86/100|[from] item: Life Orb
|move|p1a: 嘉然小姐的狗|Behemoth Blade|p2a: Yveltal
|-damage|p2a: Yveltal|0 fnt
|faint|p2a: Yveltal
|
|upkeep
|
|t:|1664632915
|switch|p2a: Ho-Oh|Ho-Oh|100/100
|turn|4
|
|t:|1664632916
|move|p1a: 嘉然小姐的狗|Wild Charge|p2a: Ho-Oh
|-supereffective|p2a: Ho-Oh
|-damage|p2a: Ho-Oh|31/100
|-damage|p1a: 嘉然小姐的狗|35/100|[from] Recoil
|move|p2a: Ho-Oh|Defog|p1a: 嘉然小姐的狗
|-unboost|p1a: 嘉然小姐的狗|evasion|1
|-sideend|p2: ReactJS3|Stealth Rock|[from] move: Defog|[of] p2a: Ho-Oh
|
|upkeep
|turn|5
|
|t:|1664632920
|switch|p2a: Groudon|Groudon|100/100
|detailschange|p2a: Groudon|Groudon-Primal
|-primal|p2a: Groudon
|-weather|DesolateLand|[from] ability: Desolate Land|[of] p2a: Groudon
|move|p1a: 嘉然小姐的狗|Wild Charge|p2a: Groudon
|-immune|p2a: Groudon
|
|-weather|DesolateLand|[upkeep]
|upkeep
|turn|6
|
|t:|1664632924
|move|p1a: 嘉然小姐的狗|Close Combat|p2a: Groudon
|-damage|p2a: Groudon|66/100
|-unboost|p1a: 嘉然小姐的狗|def|1
|-unboost|p1a: 嘉然小姐的狗|spd|1
|move|p2a: Groudon|Stealth Rock|p1a: 嘉然小姐的狗
|-sidestart|p1: CLEAR GEM清瑜|move: Stealth Rock
|
|-weather|DesolateLand|[upkeep]
|upkeep
|turn|7
|
|t:|1664632926
|move|p1a: 嘉然小姐的狗|Close Combat|p2a: Groudon
|-damage|p2a: Groudon|34/100
|-unboost|p1a: 嘉然小姐的狗|def|1
|-unboost|p1a: 嘉然小姐的狗|spd|1
|move|p2a: Groudon|Earthquake|p1a: 嘉然小姐的狗
|-supereffective|p1a: 嘉然小姐的狗
|-damage|p1a: 嘉然小姐的狗|0 fnt
|faint|p1a: 嘉然小姐的狗
|
|-weather|DesolateLand|[upkeep]
|upkeep
|
|t:|1664632930
|switch|p1a: 老烈|Rayquaza, shiny|100/100
|-damage|p1a: 老烈|76/100|[from] Stealth Rock
|-ability|p1a: 老烈|Air Lock
|turn|8
|
|t:|1664632934
|detailschange|p1a: 老烈|Rayquaza-Mega, shiny
|-mega|p1a: 老烈|Rayquaza|
|-weather|DeltaStream|[from] ability: Delta Stream|[of] p1a: 老烈
|move|p1a: 老烈|Dragon Dance|p1a: 老烈
|-boost|p1a: 老烈|atk|1
|-boost|p1a: 老烈|spe|1
|move|p2a: Groudon|Toxic|p1a: 老烈
|-status|p1a: 老烈|tox
|
|-weather|DeltaStream|[upkeep]
|-damage|p1a: 老烈|69/100 tox|[from] psn
|upkeep
|turn|9
|
|t:|1664632954
|move|p1a: 老烈|Dragon Ascent|p2a: Groudon
|-damage|p2a: Groudon|0 fnt
|-unboost|p1a: 老烈|def|1
|-unboost|p1a: 老烈|spd|1
|faint|p2a: Groudon
|
|-weather|DeltaStream|[upkeep]
|-damage|p1a: 老烈|57/100 tox|[from] psn
|upkeep
|
|t:|1664632961
|switch|p2a: Rayquaza|Rayquaza|100/100
|-ability|p2a: Rayquaza|Air Lock
|turn|10
|
|t:|1664632975
|switch|p2a: Calyrex|Calyrex-Shadow|100/100
|-ability|p2a: Calyrex|As One
|-ability|p2a: Calyrex|Unnerve
|move|p1a: 老烈|Extreme Speed|p2a: Calyrex
|-immune|p2a: Calyrex
|
|-weather|DeltaStream|[upkeep]
|-damage|p1a: 老烈|39/100 tox|[from] psn
|upkeep
|turn|11
|
|t:|1664632985
|switch|p2a: Arceus|Arceus-Fairy|100/100
|move|p1a: 老烈|Dragon Ascent|p2a: Arceus
|-damage|p2a: Arceus|11/100
|-unboost|p1a: 老烈|def|1
|-unboost|p1a: 老烈|spd|1
|
|-weather|DeltaStream|[upkeep]
|-damage|p1a: 老烈|14/100 tox|[from] psn
|upkeep
|turn|12
|
|t:|1664632993
|move|p1a: 老烈|Dragon Ascent|p2a: Arceus
|-damage|p2a: Arceus|0 fnt
|-unboost|p1a: 老烈|def|1
|-unboost|p1a: 老烈|spd|1
|faint|p2a: Arceus
|
|-weather|DeltaStream|[upkeep]
|-damage|p1a: 老烈|0 fnt|[from] psn
|faint|p1a: 老烈
|-weather|none
|upkeep
|
|t:|1664632999
|switch|p1a: Y鸟|Yveltal|100/100
|switch|p2a: Rayquaza|Rayquaza|100/100
|-damage|p1a: Y鸟|76/100|[from] Stealth Rock
|-ability|p1a: Y鸟|Dark Aura
|-ability|p2a: Rayquaza|Air Lock
|turn|13
|
|t:|1664633005
|detailschange|p2a: Rayquaza|Rayquaza-Mega
|-mega|p2a: Rayquaza|Rayquaza|
|-weather|DeltaStream|[from] ability: Delta Stream|[of] p2a: Rayquaza
|move|p2a: Rayquaza|Dragon Dance|p2a: Rayquaza
|-boost|p2a: Rayquaza|atk|1
|-boost|p2a: Rayquaza|spe|1
|move|p1a: Y鸟|Dark Pulse|p2a: Rayquaza
|-damage|p2a: Rayquaza|17/100
|-damage|p1a: Y鸟|66/100|[from] item: Life Orb
|
|-weather|DeltaStream|[upkeep]
|upkeep
|turn|14
|
|t:|1664633011
|move|p2a: Rayquaza|Extreme Speed|p1a: Y鸟
|-damage|p1a: Y鸟|12/100
|move|p1a: Y鸟|Dark Pulse|p2a: Rayquaza
|-damage|p2a: Rayquaza|0 fnt
|faint|p2a: Rayquaza
|-weather|none
|-damage|p1a: Y鸟|3/100|[from] item: Life Orb
|
|upkeep
|
|t:|1664633025
|switch|p2a: Calyrex|Calyrex-Shadow|100/100
|-ability|p2a: Calyrex|As One
|-ability|p2a: Calyrex|Unnerve
|turn|15
|
|t:|1664633028
|move|p2a: Calyrex|Astral Barrage|p1a: Y鸟
|-resisted|p1a: Y鸟
|-damage|p1a: Y鸟|0 fnt
|faint|p1a: Y鸟
|-ability|p2a: Calyrex|Grim Neigh|boost
|-boost|p2a: Calyrex|spa|1
|
|upkeep
|
|t:|1664633029
|switch|p1a: 悬空羊驼|Arceus-Flying|100/100
|-damage|p1a: 悬空羊驼|76/100|[from] Stealth Rock
|turn|16
|
|t:|1664633045
|-start|p1a: 悬空羊驼|Dynamax|
|-heal|p1a: 悬空羊驼|76/100|[silent]
|move|p2a: Calyrex|Astral Barrage|p1a: 悬空羊驼
|-damage|p1a: 悬空羊驼|38/100
|move|p1a: 悬空羊驼|Max Airstream|p2a: Calyrex
|-damage|p2a: Calyrex|22/100
|-boost|p1a: 悬空羊驼|spe|1
|
|upkeep
|turn|17
|j| thisgameissobatman
|
|t:|1664633052
|move|p1a: 悬空羊驼|Max Airstream|p2a: Calyrex
|-damage|p2a: Calyrex|0 fnt
|-boost|p1a: 悬空羊驼|spe|1
|faint|p2a: Calyrex
|
|upkeep
|
|t:|1664633054
|switch|p2a: Ho-Oh|Ho-Oh|64/100
|turn|18
|
|t:|1664633057
|move|p1a: 悬空羊驼|Max Airstream|p2a: Ho-Oh
|-damage|p2a: Ho-Oh|16/100
|-boost|p1a: 悬空羊驼|spe|1
|move|p2a: Ho-Oh|Toxic|p1a: 悬空羊驼
|-status|p1a: 悬空羊驼|tox
|
|-damage|p1a: 悬空羊驼|35/100 tox|[from] psn
|upkeep
|-end|p1a: 悬空羊驼|Dynamax
|-heal|p1a: 悬空羊驼|35/100 tox|[silent]
|turn|19
|
|t:|1664633063
|move|p1a: 悬空羊驼|Judgment|p2a: Ho-Oh
|-damage|p2a: Ho-Oh|0 fnt
|faint|p2a: Ho-Oh
|
|win|CLEAR GEM清瑜
|raw|CLEAR GEM清瑜's rating: 1800 &rarr; <strong>1818</strong><br />(+18 for winning)
|raw|ReactJS3's rating: 1771 &rarr; <strong>1753</strong><br />(-18 for losing)
|l|☆ReactJS3
||Ladder isn't responding, score probably updated but might not have (Request timeout).
