|j|☆MitsuriIsAnIdol
|j|☆Matsui_Miyako
|t:|1660937523
|gametype|singles
|player|p1|MitsuriIsAnIdol|skyla|1287
|player|p2|Matsui_Miyako|silver|1332
|teamsize|p1|6
|teamsize|p2|6
|gen|8
|tier|[Gen 8] National Dex AG
|rated|
|rule|HP Percentage Mod: HP is shown in percentages
|rule|Endless Battle Clause: Forcing endless battles is banned
|clearpoke
|poke|p1|Arceus-*|
|poke|p1|Barraskewda, F|
|poke|p1|Barbaracle, M|
|poke|p1|Dracovish|
|poke|p1|Pelipper, F|
|poke|p1|Gyarados, F|
|poke|p2|Arceus-*|
|poke|p2|Kyogre|
|poke|p2|Groudon|
|poke|p2|Yveltal|
|poke|p2|Mimikyu, M|
|poke|p2|Sableye, F|
|teampreview
|inactive|Battle timer is ON: inactive players will automatically lose when time's up. (requested by MitsuriIsAnIdol)
|
|t:|1660937534
|start
|switch|p1a: WaterBird|Pelipper, F, shiny|100/100
|switch|p2a: Sableye|Sableye, F|100/100
|-weather|RainDance|[from] ability: Drizzle|[of] p1a: WaterBird
|turn|1
|
|t:|1660937562
|move|p2a: Sableye|Fake Out|p1a: WaterBird
|-damage|p1a: WaterBird|92/100
|cant|p1a: WaterBird|flinch
|
|-weather|RainDance|[upkeep]
|upkeep
|turn|2
|
|t:|1660937570
|move|p2a: Sableye|Toxic|p1a: WaterBird|[miss]
|-miss|p2a: Sableye|p1a: WaterBird
|move|p1a: WaterBird|Hurricane|p2a: Sableye
|-damage|p2a: Sableye|23/100
|
|-weather|RainDance|[upkeep]
|upkeep
|turn|3
|
|t:|1660937580
|move|p2a: Sableye|Toxic|p1a: WaterBird
|-status|p1a: WaterBird|tox
|move|p1a: WaterBird|U-turn|p2a: Sableye
|-damage|p2a: Sableye|15/100
|
|t:|1660937598
|switch|p1a: Arces|Arceus-Water|100/100|[from]move: U-turn
|
|-weather|RainDance|[upkeep]
|upkeep
|turn|4
|
|t:|1660937617
|move|p2a: Sableye|Fake Out||[still]
|-hint|Fake Out only works on your first turn out.
|-fail|p2a: Sableye
|move|p1a: Arces|Judgment|p2a: Sableye
|-damage|p2a: Sableye|0 fnt
|faint|p2a: Sableye
|
|-weather|RainDance|[upkeep]
|upkeep
|
|t:|1660937630
|switch|p2a: what happened?|Groudon|100/100
|detailschange|p2a: what happened?|Groudon-Primal
|-primal|p2a: what happened?
|-weather|DesolateLand|[from] ability: Desolate Land|[of] p2a: what happened?
|turn|5
|
|t:|1660937640
|move|p1a: Arces|Sludge Bomb|p2a: what happened?
|-resisted|p2a: what happened?
|-damage|p2a: what happened?|90/100
|-status|p2a: what happened?|psn
|move|p2a: what happened?|Stealth Rock|p1a: Arces
|-sidestart|p1: MitsuriIsAnIdol|move: Stealth Rock
|
|-weather|DesolateLand|[upkeep]
|-damage|p2a: what happened?|78/100 psn|[from] psn
|upkeep
|turn|6
|
|t:|1660937648
|move|p1a: Arces|Sludge Bomb|p2a: what happened?
|-resisted|p2a: what happened?
|-damage|p2a: what happened?|68/100 psn
|move|p2a: what happened?|Dragon Tail|p1a: Arces
|-damage|p1a: Arces|82/100
|drag|p1a: Kyara|Gyarados, F, shiny|100/100
|-damage|p1a: Kyara|76/100|[from] Stealth Rock
|
|-weather|DesolateLand|[upkeep]
|-damage|p2a: what happened?|56/100 psn|[from] psn
|upkeep
|turn|7
|
|t:|1660937660
|detailschange|p1a: Kyara|Gyarados-Mega, F, shiny
|-mega|p1a: Kyara|Gyarados|Gyaradosite
|-ability|p1a: Kyara|Mold Breaker
|move|p1a: Kyara|Earthquake|p2a: what happened?
|-supereffective|p2a: what happened?
|-damage|p2a: what happened?|13/100 psn
|move|p2a: what happened?|Dragon Tail|p1a: Kyara
|-damage|p1a: Kyara|53/100
|drag|p1a: WaterBird|Pelipper, F, shiny|92/100 tox
|-damage|p1a: WaterBird|67/100 tox|[from] Stealth Rock
|-ability|p1a: WaterBird|Drizzle|[from] desolateland|[fail]
|
|-weather|DesolateLand|[upkeep]
|-damage|p1a: WaterBird|61/100 tox|[from] psn
|-damage|p2a: what happened?|0 fnt|[from] psn
|faint|p2a: what happened?
|-weather|none
|upkeep
|
|t:|1660937679
|switch|p2a: no speed...|Arceus|100/100
|turn|8
|
|t:|1660937683
|switch|p1a: Arces|Arceus-Water|82/100
|-damage|p1a: Arces|70/100|[from] Stealth Rock
|move|p2a: no speed...|Swords Dance|p2a: no speed...
|-boost|p2a: no speed...|atk|2
|
|upkeep
|turn|9
|
|t:|1660937689
|move|p2a: no speed...|Extreme Speed|p1a: Arces
|-damage|p1a: Arces|0 fnt
|faint|p1a: Arces
|
|upkeep
|
|t:|1660937693
|switch|p1a: WaterBird|Pelipper, F, shiny|61/100 tox
|-damage|p1a: WaterBird|36/100 tox|[from] Stealth Rock
|-weather|RainDance|[from] ability: Drizzle|[of] p1a: WaterBird
|turn|10
|
|t:|1660937696
|move|p2a: no speed...|Extreme Speed|p1a: WaterBird
|-damage|p1a: WaterBird|0 fnt
|faint|p1a: WaterBird
|
|-weather|RainDance|[upkeep]
|upkeep
|c|☆MitsuriIsAnIdol|https://play.pokemonshowdown.com/fx/impact.png
|
|t:|1660937706
|switch|p1a: FishMisile|Barraskewda, F, shiny|100/100
|-damage|p1a: FishMisile|88/100|[from] Stealth Rock
|turn|11
|c|☆Matsui_Miyako|lol
|
|t:|1660937720
|move|p2a: no speed...|Extreme Speed|p1a: FishMisile
|-damage|p1a: FishMisile|0 fnt
|faint|p1a: FishMisile
|
|-weather|RainDance|[upkeep]
|upkeep
|
|t:|1660937724
|switch|p1a: Kyara|Gyarados-Mega, F, shiny|53/100
|-damage|p1a: Kyara|41/100|[from] Stealth Rock
|-ability|p1a: Kyara|Mold Breaker
|turn|12
|
|t:|1660937729
|move|p2a: no speed...|Extreme Speed|p1a: Kyara
|-damage|p1a: Kyara|0 fnt
|faint|p1a: Kyara
|
|-weather|RainDance|[upkeep]
|upkeep
|
|t:|1660937732
|switch|p1a: The Rock|Barbaracle, M|100/100
|-damage|p1a: The Rock|88/100|[from] Stealth Rock
|turn|13
|
|t:|1660937736
|move|p2a: no speed...|Earthquake|p1a: The Rock
|-supereffective|p1a: The Rock
|-damage|p1a: The Rock|0 fnt
|faint|p1a: The Rock
|
|-weather|RainDance|[upkeep]
|upkeep
|
|t:|1660937740
|switch|p1a: Aberration|Dracovish, shiny|100/100
|-damage|p1a: Aberration|88/100|[from] Stealth Rock
|turn|14
|
|t:|1660937743
|move|p2a: no speed...|Extreme Speed|p1a: Aberration
|-damage|p1a: Aberration|2/100
|move|p1a: Aberration|Crunch|p2a: no speed...
|-damage|p2a: no speed...|64/100
|-unboost|p2a: no speed...|def|1
|-damage|p1a: Aberration|0 fnt|[from] item: Life Orb
|faint|p1a: Aberration
|
|win|Matsui_Miyako
|raw|MitsuriIsAnIdol's rating: 1287 &rarr; <strong>1265</strong><br />(-22 for losing)
|raw|Matsui_Miyako's rating: 1332 &rarr; <strong>1349</strong><br />(+17 for winning)
|l|☆MitsuriIsAnIdol
|c|☆Matsui_Miyako|ggs
||Ladder isn't responding, score probably updated but might not have (Request timeout).
