|j|☆CLEAR GEM清瑜
|j|☆Kenesitto
|t:|1666443804
|gametype|singles
|player|p1|CLEAR GEM清瑜|skierf|1739
|player|p2|Kenesitto|red|1698
|teamsize|p1|6
|teamsize|p2|6
|gen|8
|tier|[Gen 8] National Dex AG
|rated|
|rule|HP Percentage Mod: HP is shown in percentages
|rule|Endless Battle Clause: Forcing endless battles is banned
|clearpoke
|poke|p1|Rayquaza|
|poke|p1|Groudon|
|poke|p1|Necrozma-Dusk-Mane|
|poke|p1|Arceus-*|
|poke|p1|Zacian-*|
|poke|p1|Yveltal|
|poke|p2|Marshadow|
|poke|p2|Arceus-*|
|poke|p2|Calyrex-Shadow|
|poke|p2|Eternatus|
|poke|p2|Zacian-*|
|poke|p2|Yveltal|
|teampreview
|inactive|Battle timer is ON: inactive players will automatically lose when time's up. (requested by Kenesitto)
|
|t:|1666443816
|start
|switch|p1a: 老烈|Rayquaza, shiny|100/100
|switch|p2a: Bidóof|Arceus-Ground|100/100
|-ability|p1a: 老烈|Air Lock
|turn|1
|
|t:|1666443819
|detailschange|p1a: 老烈|Rayquaza-Mega, shiny
|-mega|p1a: 老烈|Rayquaza|
|-weather|DeltaStream|[from] ability: Delta Stream|[of] p1a: 老烈
|-start|p2a: Bidóof|Dynamax|
|-heal|p2a: Bidóof|100/100|[silent]
|move|p2a: Bidóof|Max Hailstorm|p1a: 老烈
|-activate||deltastream
|-supereffective|p1a: 老烈
|-damage|p1a: 老烈|18/100
|move|p1a: 老烈|Scale Shot|p2a: Bidóof
|-damage|p2a: Bidóof|91/100
|-damage|p2a: Bidóof|81/100
|-hitcount|p2a: Bidóof|2
|-unboost|p1a: 老烈|def|1
|-boost|p1a: 老烈|spe|1
|-damage|p1a: 老烈|8/100|[from] item: Life Orb
|
|-weather|DeltaStream|[upkeep]
|upkeep
|turn|2
|
|t:|1666443824
|move|p1a: 老烈|Dragon Ascent|p2a: Bidóof
|-damage|p2a: Bidóof|39/100
|-unboost|p1a: 老烈|def|1
|-unboost|p1a: 老烈|spd|1
|-damage|p1a: 老烈|0 fnt|[from] item: Life Orb
|faint|p1a: 老烈
|-weather|none
|move|p2a: Bidóof|Max Hailstorm|p1: 老烈|[notarget]
|-fail|p2a: Bidóof
|
|upkeep
|
|t:|1666443828
|switch|p1a: 嘉然小姐的狗|Zacian-Crowned|100/100
|-ability|p1a: 嘉然小姐的狗|Intrepid Sword|boost
|-boost|p1a: 嘉然小姐的狗|atk|1
|turn|3
|
|t:|1666443830
|move|p2a: Bidóof|Max Guard|p2a: Bidóof
|-singleturn|p2a: Bidóof|Max Guard
|move|p1a: 嘉然小姐的狗|Behemoth Blade|p2a: Bidóof
|-activate|p2a: Bidóof|move: Max Guard
|
|upkeep
|-end|p2a: Bidóof|Dynamax
|-heal|p2a: Bidóof|39/100|[silent]
|turn|4
|
|t:|1666443837
|move|p1a: 嘉然小姐的狗|Behemoth Blade|p2a: Bidóof
|-damage|p2a: Bidóof|0 fnt
|faint|p2a: Bidóof
|
|upkeep
|
|t:|1666443845
|switch|p2a: Horse|Calyrex-Shadow|100/100
|-ability|p2a: Horse|As One
|-ability|p2a: Horse|Unnerve
|turn|5
|
|t:|1666443849
|switch|p2a: Doge|Zacian-Crowned|100/100
|-ability|p2a: Doge|Intrepid Sword|boost
|-boost|p2a: Doge|atk|1
|move|p1a: 嘉然小姐的狗|Behemoth Blade|p2a: Doge
|-damage|p2a: Doge|4/100
|
|upkeep
|turn|6
|
|t:|1666443851
|move|p1a: 嘉然小姐的狗|Quick Attack|p2a: Doge
|-resisted|p2a: Doge
|-damage|p2a: Doge|0 fnt
|faint|p2a: Doge
|
|upkeep
|
|t:|1666443854
|switch|p2a: Horse|Calyrex-Shadow|100/100
|-ability|p2a: Horse|As One
|-ability|p2a: Horse|Unnerve
|turn|7
|
|t:|1666443855
|move|p2a: Horse|Astral Barrage|p1a: 嘉然小姐的狗
|-damage|p1a: 嘉然小姐的狗|49/100
|move|p1a: 嘉然小姐的狗|Behemoth Blade|p2a: Horse
|-enditem|p2a: Horse|Focus Sash
|-damage|p2a: Horse|1/100
|
|upkeep
|turn|8
|
|t:|1666443859
|move|p2a: Horse|Astral Barrage|p1a: 嘉然小姐的狗
|-damage|p1a: 嘉然小姐的狗|0 fnt
|faint|p1a: 嘉然小姐的狗
|-ability|p2a: Horse|Grim Neigh|boost
|-boost|p2a: Horse|spa|1
|
|upkeep
|
|t:|1666443861
|switch|p1a: Y鸟|Yveltal|100/100
|-ability|p1a: Y鸟|Dark Aura
|turn|9
|
|t:|1666443867
|switch|p2a: dragon thing|Eternatus|100/100
|-ability|p2a: dragon thing|Pressure
|move|p1a: Y鸟|Dark Pulse|p2a: dragon thing
|-damage|p2a: dragon thing|42/100
|-damage|p1a: Y鸟|91/100|[from] item: Life Orb
|
|upkeep
|turn|10
|
|t:|1666443873
|switch|p1a: 不会(?)|Groudon|100/100
|detailschange|p1a: 不会(?)|Groudon-Primal
|-primal|p1a: 不会(?)
|-weather|DesolateLand|[from] ability: Desolate Land|[of] p1a: 不会(?)
|move|p2a: dragon thing|Dynamax Cannon|p1a: 不会(?)
|-damage|p1a: 不会(?)|38/100
|
|-weather|DesolateLand|[upkeep]
|upkeep
|turn|11
|
|t:|1666443875
|move|p2a: dragon thing|Dynamax Cannon|p1a: 不会(?)
|-damage|p1a: 不会(?)|0 fnt
|faint|p1a: 不会(?)
|-weather|none
|
|upkeep
|
|t:|1666443878
|switch|p1a: Y鸟|Yveltal|91/100
|-ability|p1a: Y鸟|Dark Aura
|turn|12
|
|t:|1666443880
|move|p2a: dragon thing|Dynamax Cannon|p1a: Y鸟
|-damage|p1a: Y鸟|15/100
|move|p1a: Y鸟|Dark Pulse|p2a: dragon thing
|-damage|p2a: dragon thing|0 fnt
|faint|p2a: dragon thing
|-damage|p1a: Y鸟|5/100|[from] item: Life Orb
|
|upkeep
|
|t:|1666443883
|switch|p2a: Birb|Yveltal|100/100
|-ability|p2a: Birb|Dark Aura
|turn|13
|
|t:|1666443885
|move|p2a: Birb|Sucker Punch|p1a: Y鸟
|-resisted|p1a: Y鸟
|-damage|p1a: Y鸟|0 fnt
|faint|p1a: Y鸟
|-damage|p2a: Birb|91/100|[from] item: Life Orb
|
|upkeep
|
|t:|1666443886
|switch|p1a: 悬空羊驼|Arceus-Flying|100/100
|turn|14
|
|t:|1666443889
|-start|p1a: 悬空羊驼|Dynamax|
|-heal|p1a: 悬空羊驼|100/100|[silent]
|move|p2a: Birb|Taunt|p1a: 悬空羊驼
|-start|p1a: 悬空羊驼|move: Taunt
|move|p1a: 悬空羊驼|Max Airstream|p2a: Birb
|-damage|p2a: Birb|9/100
|-boost|p1a: 悬空羊驼|spe|1
|
|upkeep
|turn|15
|
|t:|1666443892
|move|p1a: 悬空羊驼|Max Airstream|p2a: Birb
|-damage|p2a: Birb|0 fnt
|-boost|p1a: 悬空羊驼|spe|1
|faint|p2a: Birb
|
|upkeep
|
|t:|1666443895
|switch|p2a: Shady Guy|Marshadow|100/100
|turn|16
|
|t:|1666443897
|move|p1a: 悬空羊驼|Max Airstream|p2a: Shady Guy
|-supereffective|p2a: Shady Guy
|-enditem|p2a: Shady Guy|Focus Sash
|-damage|p2a: Shady Guy|1/100
|-boost|p1a: 悬空羊驼|spe|1
|move|p2a: Shady Guy|Spectral Thief||[still]
|-clearpositiveboost|p1a: 悬空羊驼|p2a: Shady Guy|move: Spectral Thief
|-boost|p2a: Shady Guy|spe|3
|-anim|p2a: Shady Guy|Spectral Thief|p1a: 悬空羊驼
|-damage|p1a: 悬空羊驼|85/100
|
|-end|p1a: 悬空羊驼|move: Taunt
|upkeep
|-end|p1a: 悬空羊驼|Dynamax
|-heal|p1a: 悬空羊驼|85/100|[silent]
|turn|17
|
|t:|1666443901
|move|p2a: Shady Guy|Drain Punch|p1a: 悬空羊驼
|-resisted|p1a: 悬空羊驼
|-damage|p1a: 悬空羊驼|72/100
|-heal|p2a: Shady Guy|10/100|[from] drain|[of] p1a: 悬空羊驼
|move|p1a: 悬空羊驼|Earthquake|p2a: Shady Guy
|-damage|p2a: Shady Guy|0 fnt
|faint|p2a: Shady Guy
|
|upkeep
|
|t:|1666443903
|switch|p2a: Horse|Calyrex-Shadow|1/100
|-ability|p2a: Horse|As One
|-ability|p2a: Horse|Unnerve
|turn|18
|
|t:|1666443905
|move|p2a: Horse|Astral Barrage|p1a: 悬空羊驼
|-damage|p1a: 悬空羊驼|16/100
|move|p1a: 悬空羊驼|Earthquake|p2a: Horse
|-damage|p2a: Horse|0 fnt
|faint|p2a: Horse
|
|win|CLEAR GEM清瑜
|raw|CLEAR GEM清瑜's rating: 1739 &rarr; <strong>1757</strong><br />(+18 for winning)
|raw|Kenesitto's rating: 1698 &rarr; <strong>1680</strong><br />(-18 for losing)
|l|☆Kenesitto
||Ladder isn't responding, score probably updated but might not have (Request timeout).
