|j|☆shoryuuuken
|j|☆rajof
|t:|1661591324
|gametype|singles
|player|p1|shoryuuuken|101|1856
|player|p2|rajof|youngster-gen4|1884
|teamsize|p1|6
|teamsize|p2|6
|gen|8
|tier|[Gen 8] National Dex AG
|rated|
|rule|HP Percentage Mod: HP is shown in percentages
|rule|Endless Battle Clause: Forcing endless battles is banned
|clearpoke
|poke|p1|Rayquaza|
|poke|p1|Rayquaza|
|poke|p1|Marshadow|
|poke|p1|Necrozma-Dusk-Mane|
|poke|p1|Groudon|
|poke|p1|Groudon|
|poke|p2|Arceus-*|
|poke|p2|Ditto|
|poke|p2|Chansey, F|
|poke|p2|Lugia|
|poke|p2|Groudon|
|poke|p2|Arceus-*|
|teampreview
|
|t:|1661591342
|start
|switch|p1a: Groudon|Groudon|100/100
|switch|p2a: 루기아|Lugia|100/100
|detailschange|p1a: Groudon|Groudon-Primal
|-primal|p1a: Groudon
|-weather|DesolateLand|[from] ability: Desolate Land|[of] p1a: Groudon
|turn|1
|
|t:|1661591360
|move|p2a: 루기아|Toxic|p1a: Groudon
|-status|p1a: Groudon|tox
|move|p1a: Groudon|Thunder Wave|p2a: 루기아
|-status|p2a: 루기아|par
|
|-weather|DesolateLand|[upkeep]
|-damage|p1a: Groudon|94/100 tox|[from] psn
|upkeep
|turn|2
|
|t:|1661591366
|move|p1a: Groudon|Stealth Rock|p2a: 루기아
|-sidestart|p2: rajof|move: Stealth Rock
|move|p2a: 루기아|Roost||[still]
|-fail|p2a: 루기아|heal
|
|-weather|DesolateLand|[upkeep]
|-damage|p1a: Groudon|82/100 tox|[from] psn
|upkeep
|turn|3
|
|t:|1661591376
|-weather|none
|switch|p1a: Marshadow|Marshadow|100/100
|move|p2a: 루기아|Defog|p1a: Marshadow
|-unboost|p1a: Marshadow|evasion|1
|-sideend|p2: rajof|Stealth Rock|[from] move: Defog|[of] p2a: 루기아
|
|upkeep
|turn|4
|
|t:|1661591394
|move|p1a: Marshadow|Poltergeist|p2a: 루기아
|-activate|p2a: 루기아|move: Poltergeist|Rocky Helmet
|-supereffective|p2a: 루기아
|-damage|p2a: 루기아|66/100 par
|-damage|p1a: Marshadow|91/100|[from] item: Life Orb
|move|p2a: 루기아|Roost|p2a: 루기아
|-heal|p2a: 루기아|100/100 par
|-singleturn|p2a: 루기아|move: Roost
|
|upkeep
|turn|5
|
|t:|1661591402
|move|p1a: Marshadow|Poltergeist|p2a: 루기아
|-activate|p2a: 루기아|move: Poltergeist|Rocky Helmet
|-supereffective|p2a: 루기아
|-damage|p2a: 루기아|64/100 par
|-damage|p1a: Marshadow|81/100|[from] item: Life Orb
|cant|p2a: 루기아|par
|
|upkeep
|turn|6
|
|t:|1661591406
|move|p1a: Marshadow|Poltergeist|p2a: 루기아
|-activate|p2a: 루기아|move: Poltergeist|Rocky Helmet
|-supereffective|p2a: 루기아
|-damage|p2a: 루기아|0 fnt
|faint|p2a: 루기아
|-damage|p1a: Marshadow|71/100|[from] item: Life Orb
|
|upkeep
|
|t:|1661591409
|switch|p2a: 메타몽|Ditto|100/100
|-transform|p2a: 메타몽|p1a: Marshadow|[from] ability: Imposter
|turn|7
|
|t:|1661591415
|switch|p1a: Groudon|Groudon|100/100
|detailschange|p1a: Groudon|Groudon-Primal
|-primal|p1a: Groudon
|-weather|DesolateLand|[from] ability: Desolate Land|[of] p1a: Groudon
|move|p2a: 메타몽|Shadow Sneak|p1a: Groudon
|-damage|p1a: Groudon|87/100
|
|-weather|DesolateLand|[upkeep]
|upkeep
|turn|8
|
|t:|1661591425
|switch|p2a: 악르세우스|Arceus-Dark|100/100
|move|p1a: Groudon|Stealth Rock|p2a: 악르세우스
|-sidestart|p2: rajof|move: Stealth Rock
|
|-weather|DesolateLand|[upkeep]
|upkeep
|turn|9
|
|t:|1661591438
|-weather|none
|switch|p1a: Marshadow|Marshadow|71/100
|move|p2a: 악르세우스|Judgment|p1a: Marshadow
|-damage|p1a: Marshadow|17/100
|
|upkeep
|turn|10
|
|t:|1661591446
|switch|p2a: 아르세우스|Arceus-Fairy|100/100
|-damage|p2a: 아르세우스|88/100|[from] Stealth Rock
|move|p1a: Marshadow|Close Combat|p2a: 아르세우스
|-resisted|p2a: 아르세우스
|-damage|p2a: 아르세우스|68/100
|-unboost|p1a: Marshadow|def|1
|-unboost|p1a: Marshadow|spd|1
|-damage|p1a: Marshadow|7/100|[from] item: Life Orb
|
|upkeep
|turn|11
|
|t:|1661591453
|switch|p1a: Groudon|Groudon-Primal|82/100 tox
|-weather|DesolateLand|[from] ability: Desolate Land|[of] p1a: Groudon
|move|p2a: 아르세우스|Recover|p2a: 아르세우스
|-heal|p2a: 아르세우스|100/100
|
|-weather|DesolateLand|[upkeep]
|-damage|p1a: Groudon|76/100 tox|[from] psn
|upkeep
|turn|12
|
|t:|1661591467
|switch|p2a: 악르세우스|Arceus-Dark|100/100
|-damage|p2a: 악르세우스|88/100|[from] Stealth Rock
|move|p1a: Groudon|Thunder Wave|p2a: 악르세우스
|-status|p2a: 악르세우스|par
|
|-weather|DesolateLand|[upkeep]
|-damage|p1a: Groudon|63/100 tox|[from] psn
|upkeep
|turn|13
|
|t:|1661591480
|-weather|none
|switch|p1a: Marshadow|Marshadow|7/100
|cant|p2a: 악르세우스|par
|
|upkeep
|turn|14
|
|t:|1661591493
|switch|p2a: 아르세우스|Arceus-Fairy|100/100
|-damage|p2a: 아르세우스|88/100|[from] Stealth Rock
|move|p1a: Marshadow|Poltergeist|p2a: 아르세우스
|-activate|p2a: 아르세우스|move: Poltergeist|Pixie Plate
|-damage|p2a: 아르세우스|52/100
|-damage|p1a: Marshadow|0 fnt|[from] item: Life Orb
|faint|p1a: Marshadow
|
|upkeep
|
|t:|1661591517
|switch|p1a: Necrozma|Necrozma-Dusk-Mane|100/100
|turn|15
|
|t:|1661591526
|switch|p2a: 그란돈|Groudon|100/100
|-damage|p2a: 그란돈|94/100|[from] Stealth Rock
|detailschange|p2a: 그란돈|Groudon-Primal
|-primal|p2a: 그란돈
|-weather|DesolateLand|[from] ability: Desolate Land|[of] p2a: 그란돈
|detailschange|p1a: Necrozma|Necrozma-Ultra
|-burst|p1a: Necrozma|Necrozma|Ultranecrozium Z
|move|p1a: Necrozma|Sunsteel Strike|p2a: 그란돈
|-resisted|p2a: 그란돈
|-damage|p2a: 그란돈|81/100
|
|-weather|DesolateLand|[upkeep]
|upkeep
|turn|16
|
|t:|1661591532
|-zpower|p1a: Necrozma
|move|p1a: Necrozma|Light That Burns the Sky|p2a: 그란돈|[zeffect]
|-damage|p2a: 그란돈|5/100
|move|p2a: 그란돈|Precipice Blades|p1a: Necrozma
|-damage|p1a: Necrozma|20/100
|
|-weather|DesolateLand|[upkeep]
|upkeep
|turn|17
|
|t:|1661591535
|move|p1a: Necrozma|Sunsteel Strike|p2a: 그란돈
|-resisted|p2a: 그란돈
|-damage|p2a: 그란돈|0 fnt
|faint|p2a: 그란돈
|-weather|none
|
|upkeep
|
|t:|1661591537
|switch|p2a: 메타몽|Ditto|100/100
|-damage|p2a: 메타몽|88/100|[from] Stealth Rock
|-transform|p2a: 메타몽|p1a: Necrozma|[from] ability: Imposter
|turn|18
|
|t:|1661591549
|move|p2a: 메타몽|Photon Geyser|p1a: Necrozma
|-resisted|p1a: Necrozma
|-damage|p1a: Necrozma|0 fnt
|faint|p1a: Necrozma
|
|upkeep
|
|t:|1661591558
|switch|p1a: Groudon|Groudon-Primal|87/100
|-weather|DesolateLand|[from] ability: Desolate Land|[of] p1a: Groudon
|turn|19
|
|t:|1661591567
|switch|p2a: 럭키|Chansey, F|100/100
|-damage|p2a: 럭키|88/100|[from] Stealth Rock
|move|p1a: Groudon|Dragon Tail|p2a: 럭키
|-damage|p2a: 럭키|72/100
|drag|p2a: 아르세우스|Arceus-Fairy|52/100
|-damage|p2a: 아르세우스|40/100|[from] Stealth Rock
|
|-weather|DesolateLand|[upkeep]
|upkeep
|turn|20
|
|t:|1661591573
|move|p2a: 아르세우스|Recover|p2a: 아르세우스
|-heal|p2a: 아르세우스|90/100
|move|p1a: Groudon|Thunder Wave|p2a: 아르세우스
|-status|p2a: 아르세우스|par
|
|-weather|DesolateLand|[upkeep]
|upkeep
|turn|21
|
|t:|1661591579
|move|p1a: Groudon|Fire Punch|p2a: 아르세우스
|-damage|p2a: 아르세우스|57/100 par
|move|p2a: 아르세우스|Calm Mind|p2a: 아르세우스
|-boost|p2a: 아르세우스|spa|1
|-boost|p2a: 아르세우스|spd|1
|
|-weather|DesolateLand|[upkeep]
|upkeep
|turn|22
|
|t:|1661591584
|move|p1a: Groudon|Fire Punch|p2a: 아르세우스
|-crit|p2a: 아르세우스
|-damage|p2a: 아르세우스|10/100 par
|move|p2a: 아르세우스|Recover|p2a: 아르세우스
|-heal|p2a: 아르세우스|60/100 par
|
|-weather|DesolateLand|[upkeep]
|upkeep
|turn|23
|
|t:|1661591589
|move|p1a: Groudon|Fire Punch|p2a: 아르세우스
|-damage|p2a: 아르세우스|26/100 par
|cant|p2a: 아르세우스|par
|
|-weather|DesolateLand|[upkeep]
|upkeep
|turn|24
|
|t:|1661591594
|move|p1a: Groudon|Fire Punch|p2a: 아르세우스
|-damage|p2a: 아르세우스|0 fnt
|faint|p2a: 아르세우스
|
|-weather|DesolateLand|[upkeep]
|upkeep
|
|t:|1661591596
|switch|p2a: 악르세우스|Arceus-Dark|88/100 par
|-damage|p2a: 악르세우스|76/100 par|[from] Stealth Rock
|turn|25
|
|t:|1661591600
|move|p1a: Groudon|Fire Punch|p2a: 악르세우스
|-damage|p2a: 악르세우스|35/100 par
|cant|p2a: 악르세우스|par
|
|-weather|DesolateLand|[upkeep]
|upkeep
|turn|26
|
|t:|1661591606
|move|p1a: Groudon|Fire Punch|p2a: 악르세우스
|-damage|p2a: 악르세우스|0 fnt
|faint|p2a: 악르세우스
|
|-weather|DesolateLand|[upkeep]
|upkeep
|
|t:|1661591611
|switch|p2a: 럭키|Chansey, F|72/100
|-damage|p2a: 럭키|60/100|[from] Stealth Rock
|turn|27
|
|t:|1661591627
|-weather|none
|switch|p1a: Groudon|Groudon-Primal|63/100 tox
|-weather|DesolateLand|[from] ability: Desolate Land|[of] p1a: Groudon
|move|p2a: 럭키|Wish|p2a: 럭키
|
|-weather|DesolateLand|[upkeep]
|-damage|p1a: Groudon|57/100 tox|[from] psn
|upkeep
|turn|28
|
|t:|1661591634
|move|p1a: Groudon|Precipice Blades|p2a: 럭키
|-damage|p2a: 럭키|16/100
|move|p2a: 럭키|Seismic Toss|p1a: Groudon
|-damage|p1a: Groudon|32/100 tox
|
|-weather|DesolateLand|[upkeep]
|-heal|p2a: 럭키|66/100|[from] move: Wish|[wisher] 럭키
|-damage|p1a: Groudon|19/100 tox|[from] psn
|upkeep
|turn|29
|
|t:|1661591669
|-weather|none
|switch|p1a: Rayquaza|Rayquaza|100/100
|-ability|p1a: Rayquaza|Air Lock
|move|p2a: 럭키|Protect||[still]
|-fail|p2a: 럭키
|
|upkeep
|turn|30
|
|t:|1661591679
|move|p1a: Rayquaza|Dragon Ascent|p2a: 럭키
|-damage|p2a: 럭키|9/100
|-unboost|p1a: Rayquaza|def|1
|-unboost|p1a: Rayquaza|spd|1
|-damage|p1a: Rayquaza|91/100|[from] item: Life Orb
|move|p2a: 럭키|Toxic|p1a: Rayquaza
|-status|p1a: Rayquaza|tox
|
|-damage|p1a: Rayquaza|85/100 tox|[from] psn
|upkeep
|turn|31
|
|t:|1661591685
|move|p2a: 럭키|Protect|p2a: 럭키
|-singleturn|p2a: 럭키|Protect
|move|p1a: Rayquaza|Dragon Ascent|p2a: 럭키
|-activate|p2a: 럭키|move: Protect
|
|-damage|p1a: Rayquaza|73/100 tox|[from] psn
|upkeep
|turn|32
|
|t:|1661591692
|move|p1a: Rayquaza|Dragon Ascent|p2a: 럭키
|-damage|p2a: 럭키|0 fnt
|-unboost|p1a: Rayquaza|def|1
|-unboost|p1a: Rayquaza|spd|1
|faint|p2a: 럭키
|-damage|p1a: Rayquaza|63/100 tox|[from] item: Life Orb
|
|-damage|p1a: Rayquaza|45/100 tox|[from] psn
|upkeep
|-message|rajof forfeited.
|
|win|shoryuuuken
|raw|shoryuuuken's rating: 1856 &rarr; <strong>1878</strong><br />(+22 for winning)
|raw|rajof's rating: 1884 &rarr; <strong>1862</strong><br />(-22 for losing)
|l|☆rajof
