|j|☆default0
|j|☆Geysers
|inactive|Battle timer is ON: inactive players will automatically lose when time's up.
|t:|1661551987
|gametype|singles
|player|p1|default0|skierf-gen4dp|
|player|p2|Geysers|lusamine-nihilego|
|teamsize|p1|6
|teamsize|p2|6
|gen|8
|tier|[Gen 8] National Dex AG
|rated|Tournament battle
|rule|HP Percentage Mod: HP is shown in percentages
|rule|Endless Battle Clause: Forcing endless battles is banned
|clearpoke
|poke|p1|Arceus-*|
|poke|p1|Necrozma-Dusk-Mane|
|poke|p1|Eternatus|
|poke|p1|Marshadow|
|poke|p1|Arceus-*|
|poke|p1|Gliscor, F|
|poke|p2|Gengar, M|
|poke|p2|Necrozma-Dusk-Mane|
|poke|p2|Yveltal|
|poke|p2|Arceus-*|
|poke|p2|Calyrex-Shadow|
|poke|p2|Zygarde|
|teampreview
|inactive|Geysers also wants the timer to be on.
|c|☆Geysers|hf
|j| GMax Meowth
|c|☆default0|hf
|
|t:|1661552004
|start
|switch|p1a: Eternatus|Eternatus|100/100
|switch|p2a: Arceus|Arceus-Water|100/100
|-ability|p1a: Eternatus|Pressure
|turn|1
|j| Sethpokemonpro
|
|t:|1661552012
|switch|p2a: Necrozma|Necrozma-Dusk-Mane|100/100
|move|p1a: Eternatus|Dynamax Cannon|p2a: Necrozma
|-resisted|p2a: Necrozma
|-damage|p2a: Necrozma|83/100
|
|upkeep
|turn|2
|
|t:|1661552021
|switch|p1a: Necrozma|Necrozma-Dusk-Mane|100/100
|switch|p2a: Arceus|Arceus-Water|100/100
|
|upkeep
|turn|3
|
|t:|1661552025
|switch|p1a: Eternatus|Eternatus|100/100
|-ability|p1a: Eternatus|Pressure
|move|p2a: Arceus|Whirlpool|p1a: Eternatus|[miss]
|-miss|p2a: Arceus|p1a: Eternatus
|
|upkeep
|turn|4
|c|☆Geysers|damn
|
|t:|1661552030
|switch|p2a: Yveltal|Yveltal|100/100
|-ability|p2a: Yveltal|Dark Aura
|move|p1a: Eternatus|Flamethrower|p2a: Yveltal
|-damage|p2a: Yveltal|84/100
|
|upkeep
|turn|5
|
|t:|1661552037
|move|p1a: Eternatus|Toxic|p2a: Yveltal
|-status|p2a: Yveltal|tox
|move|p2a: Yveltal|U-turn|p1a: Eternatus
|-resisted|p1a: Eternatus
|-damage|p1a: Eternatus|94/100
|
|t:|1661552039
|switch|p2a: Gengar|Gengar, M|100/100|[from]move: U-turn
|
|upkeep
|turn|6
|
|t:|1661552050
|switch|p1a: Arceus|Arceus-Dark|100/100
|detailschange|p2a: Gengar|Gengar-Mega, M
|-mega|p2a: Gengar|Gengar|Gengarite
|move|p2a: Gengar|Substitute|p2a: Gengar
|-start|p2a: Gengar|Substitute
|-damage|p2a: Gengar|76/100
|
|upkeep
|turn|7
|
|t:|1661552061
|move|p2a: Gengar|Shadow Ball|p1a: Arceus
|-resisted|p1a: Arceus
|-damage|p1a: Arceus|87/100
|move|p1a: Arceus|Judgment|p2a: Gengar
|-supereffective|p2a: Gengar
|-end|p2a: Gengar|Substitute
|
|upkeep
|turn|8
|
|t:|1661552070
|move|p2a: Gengar|Disable|p1a: Arceus
|-start|p1a: Arceus|Disable|Judgment
|cant|p1a: Arceus|Disable|Judgment
|
|upkeep
|turn|9
|
|t:|1661552087
|switch|p2a: Calyrex|Calyrex-Shadow|100/100
|-ability|p2a: Calyrex|As One
|-ability|p2a: Calyrex|Unnerve
|move|p1a: Arceus|Calm Mind|p1a: Arceus
|-boost|p1a: Arceus|spa|1
|-boost|p1a: Arceus|spd|1
|
|upkeep
|turn|10
|
|t:|1661552096
|move|p2a: Calyrex|Substitute|p2a: Calyrex
|-start|p2a: Calyrex|Substitute
|-damage|p2a: Calyrex|76/100
|move|p1a: Arceus|Calm Mind|p1a: Arceus
|-boost|p1a: Arceus|spa|1
|-boost|p1a: Arceus|spd|1
|
|upkeep
|turn|11
|
|t:|1661552099
|move|p2a: Calyrex|Nasty Plot|p2a: Calyrex
|-boost|p2a: Calyrex|spa|2
|move|p1a: Arceus|Calm Mind|p1a: Arceus
|-boost|p1a: Arceus|spa|1
|-boost|p1a: Arceus|spd|1
|
|-end|p1a: Arceus|Disable
|upkeep
|turn|12
|
|t:|1661552102
|move|p2a: Calyrex|Nasty Plot|p2a: Calyrex
|-boost|p2a: Calyrex|spa|2
|move|p1a: Arceus|Judgment|p2a: Calyrex
|-supereffective|p2a: Calyrex
|-end|p2a: Calyrex|Substitute
|
|upkeep
|turn|13
|inactive|Geysers has 120 seconds left.
|
|t:|1661552140
|-start|p2a: Calyrex|Dynamax|
|-heal|p2a: Calyrex|76/100|[silent]
|move|p2a: Calyrex|Max Starfall|p1a: Arceus
|-supereffective|p1a: Arceus
|-damage|p1a: Arceus|20/100
|-fieldstart|move: Misty Terrain
|-damage|p2a: Calyrex|71/100|[from] item: Life Orb
|move|p1a: Arceus|Judgment|p2a: Calyrex
|-supereffective|p2a: Calyrex
|-damage|p2a: Calyrex|0 fnt
|faint|p2a: Calyrex
|
|upkeep
|
|t:|1661552142
|switch|p2a: Gengar|Gengar-Mega, M|76/100
|turn|14
|c|☆Geysers|damn
|
|t:|1661552149
|move|p2a: Gengar|Disable|p1a: Arceus
|-start|p1a: Arceus|Disable|Judgment
|move|p1a: Arceus|Recover|p1a: Arceus
|-heal|p1a: Arceus|70/100
|
|upkeep
|turn|15
|c|☆default0|thought it may be bug z
|c|☆Geysers|ah
|
|t:|1661552163
|move|p2a: Gengar|Encore|p1a: Arceus
|-start|p1a: Arceus|Encore
|move|p1a: Arceus|Recover|p1a: Arceus
|-heal|p1a: Arceus|100/100
|
|upkeep
|turn|16
|c|☆Geysers|yeah I wish it were lol
|
|t:|1661552172
|switch|p2a: Arceus|Arceus-Water|100/100
|move|p1a: Arceus|Recover||[still]
|-fail|p1a: Arceus|heal
|
|upkeep
|turn|17
|
|t:|1661552184
|switch|p1a: Arceus|Arceus-Water|100/100
|move|p2a: Arceus|Perish Song|p2a: Arceus
|-start|p1a: Arceus|perish3|[silent]
|-start|p2a: Arceus|perish3|[silent]
|-fieldactivate|move: Perish Song
|
|-start|p1a: Arceus|perish3
|-start|p2a: Arceus|perish3
|-fieldend|Misty Terrain
|upkeep
|turn|18
|
|t:|1661552197
|switch|p1a: Eternatus|Eternatus|94/100
|-ability|p1a: Eternatus|Pressure
|switch|p2a: Yveltal|Yveltal|84/100 tox
|-ability|p2a: Yveltal|Dark Aura
|
|-damage|p2a: Yveltal|77/100 tox|[from] psn
|upkeep
|turn|19
|
|t:|1661552203
|move|p1a: Eternatus|Dynamax Cannon|p2a: Yveltal
|-damage|p2a: Yveltal|53/100 tox
|move|p2a: Yveltal|U-turn|p1a: Eternatus
|-resisted|p1a: Eternatus
|-damage|p1a: Eternatus|86/100
|
|t:|1661552206
|switch|p2a: Arceus|Arceus-Water|100/100|[from]move: U-turn
|
|upkeep
|turn|20
|c|☆Geysers|ugh
|
|t:|1661552210
|move|p1a: Eternatus|Toxic|p2a: Arceus
|-status|p2a: Arceus|tox
|move|p2a: Arceus|Whirlpool|p1a: Eternatus
|-resisted|p1a: Eternatus
|-damage|p1a: Eternatus|81/100
|-activate|p1a: Eternatus|move: Whirlpool|[of] p2a: Arceus
|
|-damage|p2a: Arceus|94/100 tox|[from] psn
|-damage|p1a: Eternatus|69/100|[from] move: Whirlpool|[partiallytrapped]
|upkeep
|turn|21
|c|☆Geysers|for some reason my gar is
|c|☆Geysers|encore disable
|c|☆Geysers|if it were encore psong
|c|☆Geysers|I'd be fine
|c|☆Geysers|but it's not
|
|t:|1661552224
|move|p1a: Eternatus|Dynamax Cannon|p2a: Arceus
|-damage|p2a: Arceus|65/100 tox
|move|p2a: Arceus|Perish Song|p2a: Arceus
|-start|p1a: Eternatus|perish3|[silent]
|-start|p2a: Arceus|perish3|[silent]
|-fieldactivate|move: Perish Song
|
|-damage|p2a: Arceus|53/100 tox|[from] psn
|-damage|p1a: Eternatus|56/100|[from] move: Whirlpool|[partiallytrapped]
|-start|p1a: Eternatus|perish3
|-start|p2a: Arceus|perish3
|upkeep
|turn|22
|c|☆default0|indeed
|
|t:|1661552230
|move|p1a: Eternatus|Dynamax Cannon|p2a: Arceus
|-damage|p2a: Arceus|21/100 tox
|move|p2a: Arceus|Recover|p2a: Arceus
|-heal|p2a: Arceus|71/100 tox
|
|-damage|p2a: Arceus|52/100 tox|[from] psn
|-damage|p1a: Eternatus|44/100|[from] move: Whirlpool|[partiallytrapped]
|-start|p1a: Eternatus|perish2
|-start|p2a: Arceus|perish2
|upkeep
|turn|23
|
|t:|1661552233
|move|p1a: Eternatus|Dynamax Cannon|p2a: Arceus
|-damage|p2a: Arceus|20/100 tox
|move|p2a: Arceus|Recover|p2a: Arceus
|-heal|p2a: Arceus|70/100 tox
|
|-damage|p2a: Arceus|46/100 tox|[from] psn
|-damage|p1a: Eternatus|31/100|[from] move: Whirlpool|[partiallytrapped]
|-start|p1a: Eternatus|perish1
|-start|p2a: Arceus|perish1
|upkeep
|turn|24
|
|t:|1661552236
|switch|p2a: Necrozma|Necrozma-Dusk-Mane|83/100
|move|p1a: Eternatus|Dynamax Cannon|p2a: Necrozma
|-resisted|p2a: Necrozma
|-damage|p2a: Necrozma|66/100
|
|-end|p1a: Eternatus|Whirlpool|[partiallytrapped]
|-start|p1a: Eternatus|perish0
|upkeep
|faint|p1a: Eternatus
|
|t:|1661552243
|switch|p1a: Gliscor|Gliscor, F|100/100
|turn|25
|
|t:|1661552248
|switch|p2a: Arceus|Arceus-Water|46/100 tox
|move|p1a: Gliscor|Taunt|p2a: Arceus
|-start|p2a: Arceus|move: Taunt
|
|-damage|p2a: Arceus|40/100 tox|[from] psn
|-status|p1a: Gliscor|tox|[from] item: Toxic Orb
|upkeep
|turn|26
|
|t:|1661552254
|switch|p1a: Necrozma|Necrozma-Dusk-Mane|100/100
|switch|p2a: Zygarde|Zygarde|100/100
|
|upkeep
|turn|27
|
|t:|1661552259
|switch|p1a: Arceus|Arceus-Water|100/100
|move|p2a: Zygarde|Dragon Dance|p2a: Zygarde
|-boost|p2a: Zygarde|atk|1
|-boost|p2a: Zygarde|spe|1
|
|upkeep
|turn|28
|
|t:|1661552262
|switch|p2a: Arceus|Arceus-Water|40/100 tox
|move|p1a: Arceus|Ice Beam|p2a: Arceus
|-resisted|p2a: Arceus
|-damage|p2a: Arceus|33/100 tox
|
|-damage|p2a: Arceus|27/100 tox|[from] psn
|upkeep
|turn|29
|
|t:|1661552266
|move|p1a: Arceus|Whirlpool|p2a: Arceus
|-resisted|p2a: Arceus
|-damage|p2a: Arceus|21/100 tox
|-activate|p2a: Arceus|move: Whirlpool|[of] p1a: Arceus
|move|p2a: Arceus|Recover|p2a: Arceus
|-heal|p2a: Arceus|71/100 tox
|
|-damage|p2a: Arceus|58/100 tox|[from] psn
|-damage|p2a: Arceus|46/100 tox|[from] move: Whirlpool|[partiallytrapped]
|upkeep
|turn|30
|
|t:|1661552274
|move|p1a: Arceus|Whirlpool|p2a: Arceus
|-resisted|p2a: Arceus
|-damage|p2a: Arceus|41/100 tox
|move|p2a: Arceus|Recover|p2a: Arceus
|-heal|p2a: Arceus|91/100 tox
|
|-damage|p2a: Arceus|73/100 tox|[from] psn
|-damage|p2a: Arceus|60/100 tox|[from] move: Whirlpool|[partiallytrapped]
|upkeep
|turn|31
|
|t:|1661552288
|switch|p1a: Necrozma|Necrozma-Dusk-Mane|100/100
|move|p2a: Arceus|Recover|p2a: Arceus
|-heal|p2a: Arceus|100/100 tox
|
|-damage|p2a: Arceus|76/100 tox|[from] psn
|-end|p2a: Arceus|Whirlpool|[partiallytrapped]|[silent]
|upkeep
|turn|32
|
|t:|1661552301
|switch|p2a: Zygarde|Zygarde|100/100
|move|p1a: Necrozma|Sunsteel Strike|p2a: Zygarde
|-damage|p2a: Zygarde|58/100
|
|upkeep
|turn|33
|
|t:|1661552305
|move|p2a: Zygarde|Dragon Dance|p2a: Zygarde
|-boost|p2a: Zygarde|atk|1
|-boost|p2a: Zygarde|spe|1
|move|p1a: Necrozma|Stealth Rock|p2a: Zygarde
|-sidestart|p2: Geysers|move: Stealth Rock
|
|upkeep
|turn|34
|
|t:|1661552309
|switch|p1a: Arceus|Arceus-Water|100/100
|move|p2a: Zygarde|Thousand Arrows|p1a: Arceus
|-damage|p1a: Arceus|60/100
|-damage|p2a: Zygarde|48/100|[from] item: Life Orb
|
|-activate|p2a: Zygarde|ability: Power Construct
|detailschange|p2a: Zygarde|Zygarde-Complete
|-heal|p2a: Zygarde|68/100|[silent]
|upkeep
|turn|35
|
|t:|1661552319
|move|p2a: Zygarde|Outrage|p1a: Arceus
|-damage|p1a: Arceus|4/100
|-damage|p2a: Zygarde|58/100|[from] item: Life Orb
|move|p1a: Arceus|Ice Beam|p2a: Zygarde
|-supereffective|p2a: Zygarde
|-damage|p2a: Zygarde|0 fnt
|faint|p2a: Zygarde
|
|upkeep
|
|t:|1661552320
|switch|p2a: Gengar|Gengar-Mega, M|76/100
|-damage|p2a: Gengar|63/100|[from] Stealth Rock
|turn|36
|
|t:|1661552323
|move|p2a: Gengar|Shadow Ball|p1a: Arceus
|-damage|p1a: Arceus|0 fnt
|faint|p1a: Arceus
|
|upkeep
|c|☆Geysers|damn
|c|☆Geysers|almost killed
|
|t:|1661552329
|switch|p1a: Marshadow|Marshadow|100/100
|turn|37
|c|☆Geysers|knew I shouldn't have wasted my dyna
|c|☆default0|i was close to using mine there
|c|☆Geysers|yeah
|c|☆default0|really is just a guessing game with caly
|c|☆Geysers|my calc showed about a 50% chance to ohko
|c|☆Geysers|but I forgot you probably had spdef
|
|t:|1661552370
|switch|p2a: Yveltal|Yveltal|53/100 tox
|-ability|p2a: Yveltal|Dark Aura
|move|p1a: Marshadow|Shadow Sneak|p2a: Yveltal
|-resisted|p2a: Yveltal
|-damage|p2a: Yveltal|37/100 tox
|-damage|p1a: Marshadow|91/100|[from] item: Life Orb
|
|-damage|p2a: Yveltal|31/100 tox|[from] psn
|upkeep
|turn|38
|
|t:|1661552378
|move|p1a: Marshadow|Close Combat|p2a: Yveltal
|-damage|p2a: Yveltal|0 fnt
|-unboost|p1a: Marshadow|def|1
|-unboost|p1a: Marshadow|spd|1
|faint|p2a: Yveltal
|-damage|p1a: Marshadow|81/100|[from] item: Life Orb
|
|upkeep
|
|t:|1661552381
|switch|p2a: Arceus|Arceus-Water|76/100 tox
|-damage|p2a: Arceus|64/100 tox|[from] Stealth Rock
|turn|39
|
|t:|1661552386
|switch|p1a: Arceus|Arceus-Dark|100/100
|move|p2a: Arceus|Recover|p2a: Arceus
|-heal|p2a: Arceus|100/100 tox
|
|-damage|p2a: Arceus|94/100 tox|[from] psn
|upkeep
|turn|40
|
|t:|1661552390
|move|p1a: Arceus|Judgment|p2a: Arceus
|-damage|p2a: Arceus|61/100 tox
|move|p2a: Arceus|Perish Song|p2a: Arceus
|-start|p1a: Arceus|perish3|[silent]
|-start|p2a: Arceus|perish3|[silent]
|-fieldactivate|move: Perish Song
|
|-damage|p2a: Arceus|49/100 tox|[from] psn
|-start|p1a: Arceus|perish3
|-start|p2a: Arceus|perish3
|upkeep
|turn|41
|
|t:|1661552396
|move|p1a: Arceus|Judgment|p2a: Arceus
|-damage|p2a: Arceus|14/100 tox
|move|p2a: Arceus|Recover|p2a: Arceus
|-heal|p2a: Arceus|64/100 tox
|
|-damage|p2a: Arceus|46/100 tox|[from] psn
|-start|p1a: Arceus|perish2
|-start|p2a: Arceus|perish2
|upkeep
|turn|42
|
|t:|1661552400
|move|p1a: Arceus|Judgment|p2a: Arceus
|-damage|p2a: Arceus|12/100 tox
|move|p2a: Arceus|Recover|p2a: Arceus
|-heal|p2a: Arceus|62/100 tox
|
|-damage|p2a: Arceus|38/100 tox|[from] psn
|-start|p1a: Arceus|perish1
|-start|p2a: Arceus|perish1
|upkeep
|turn|43
|
|t:|1661552407
|switch|p1a: Gliscor|Gliscor, F|100/100 tox
|switch|p2a: Necrozma|Necrozma-Dusk-Mane|66/100
|-damage|p2a: Necrozma|60/100|[from] Stealth Rock
|
|upkeep
|turn|44
|
|t:|1661552411
|move|p1a: Gliscor|Taunt|p2a: Necrozma
|-start|p2a: Necrozma|move: Taunt
|move|p2a: Necrozma|Sunsteel Strike|p1a: Gliscor
|-damage|p1a: Gliscor|67/100 tox
|
|-heal|p1a: Gliscor|79/100 tox|[from] ability: Poison Heal
|upkeep
|turn|45
|
|t:|1661552415
|switch|p2a: Arceus|Arceus-Water|38/100 tox
|-damage|p2a: Arceus|26/100 tox|[from] Stealth Rock
|move|p1a: Gliscor|Earthquake|p2a: Arceus
|-damage|p2a: Arceus|9/100 tox
|
|-heal|p1a: Gliscor|91/100 tox|[from] ability: Poison Heal
|-damage|p2a: Arceus|3/100 tox|[from] psn
|upkeep
|turn|46
|c|☆Geysers|ah
|
|t:|1661552420
|move|p1a: Gliscor|Earthquake|p2a: Arceus
|-damage|p2a: Arceus|0 fnt
|faint|p2a: Arceus
|
|-heal|p1a: Gliscor|100/100 tox|[from] ability: Poison Heal
|upkeep
|c|☆Geysers|I expected guillotine honestly
|
|t:|1661552426
|switch|p2a: Gengar|Gengar-Mega, M|63/100
|-damage|p2a: Gengar|51/100|[from] Stealth Rock
|turn|47
|
|t:|1661552432
|move|p2a: Gengar|Substitute|p2a: Gengar
|-start|p2a: Gengar|Substitute
|-damage|p2a: Gengar|26/100
|move|p1a: Gliscor|Taunt|p2a: Gengar
|-start|p2a: Gengar|move: Taunt
|
|upkeep
|turn|48
|
|t:|1661552435
|move|p2a: Gengar|Shadow Ball|p1a: Gliscor
|-damage|p1a: Gliscor|43/100 tox
|-unboost|p1a: Gliscor|spd|1
|move|p1a: Gliscor|Earthquake|p2a: Gengar
|-supereffective|p2a: Gengar
|-end|p2a: Gengar|Substitute
|
|-heal|p1a: Gliscor|55/100 tox|[from] ability: Poison Heal
|upkeep
|turn|49
|
|t:|1661552438
|move|p1a: Gliscor|Protect|p1a: Gliscor
|-singleturn|p1a: Gliscor|Protect
|move|p2a: Gengar|Shadow Ball|p1a: Gliscor
|-activate|p1a: Gliscor|move: Protect
|
|-heal|p1a: Gliscor|68/100 tox|[from] ability: Poison Heal
|upkeep
|turn|50
|
|t:|1661552442
|move|p2a: Gengar|Shadow Ball|p1a: Gliscor
|-damage|p1a: Gliscor|0 fnt
|faint|p1a: Gliscor
|
|-end|p2a: Gengar|move: Taunt
|upkeep
|
|t:|1661552444
|switch|p1a: Marshadow|Marshadow|81/100
|turn|51
|
|t:|1661552447
|move|p1a: Marshadow|Shadow Sneak|p2a: Gengar
|-supereffective|p2a: Gengar
|-damage|p2a: Gengar|0 fnt
|faint|p2a: Gengar
|-damage|p1a: Marshadow|71/100|[from] item: Life Orb
|
|upkeep
|c|☆default0|gg
|
|t:|1661552449
|switch|p2a: Necrozma|Necrozma-Dusk-Mane|60/100
|-damage|p2a: Necrozma|54/100|[from] Stealth Rock
|turn|52
|c|☆Geysers|gg
|
|t:|1661552452
|-start|p1a: Marshadow|Dynamax|
|-heal|p1a: Marshadow|71/100|[silent]
|move|p1a: Marshadow|Max Phantasm|p2a: Necrozma
|-supereffective|p2a: Necrozma
|-damage|p2a: Necrozma|0 fnt
|faint|p2a: Necrozma
|-damage|p1a: Marshadow|66/100|[from] item: Life Orb
|
|win|default0
|n|☆default0|default0
|n|☆Geysers|geysers
|n| GMax Meowth|gmaxmeowth
|n| Sethpokemonpro|sethpokemonpro
