|j|☆ihateDread
|j|☆shisky
|t:|1664665189
|gametype|singles
|player|p1|ihateDread|n|1456
|player|p2|shisky|170|1490
|teamsize|p1|6
|teamsize|p2|6
|gen|8
|tier|[Gen 8] National Dex AG
|rated|
|rule|HP Percentage Mod: HP is shown in percentages
|rule|Endless Battle Clause: Forcing endless battles is banned
|clearpoke
|poke|p1|Zacian-*|
|poke|p1|Rayquaza|
|poke|p1|Zekrom|
|poke|p1|Necrozma-Dusk-Mane|
|poke|p1|Calyrex-Shadow|
|poke|p1|Grimmsnarl, M|
|poke|p2|Arceus-*|
|poke|p2|Arceus-*|
|poke|p2|Arceus-*|
|poke|p2|Arceus-*|
|poke|p2|Arceus-*|
|poke|p2|Ditto|
|teampreview
|inactive|Battle timer is ON: inactive players will automatically lose when time's up. (requested by ihateDread)
|c|☆ihateDread|bro
|c|☆ihateDread|lmfao
|
|t:|1664665211
|start
|switch|p1a: Wall Builder|Grimmsnarl, M|100/100
|switch|p2a: Arceus|Arceus-Fairy|100/100
|turn|1
|
|t:|1664665217
|move|p1a: Wall Builder|Taunt|p2a: Arceus
|-start|p2a: Arceus|move: Taunt
|cant|p2a: Arceus|move: Taunt|Stealth Rock
|
|upkeep
|turn|2
|j| amamialter
|
|t:|1664665234
|move|p1a: Wall Builder|Light Screen|p1a: Wall Builder
|-sidestart|p1: ihateDread|move: Light Screen
|move|p2a: Arceus|Judgment|p1a: Wall Builder
|-supereffective|p1a: Wall Builder
|-damage|p1a: Wall Builder|31/100
|
|upkeep
|turn|3
|
|t:|1664665243
|move|p1a: Wall Builder|Reflect|p1a: Wall Builder
|-sidestart|p1: ihateDread|Reflect
|move|p2a: Arceus|Judgment|p1a: Wall Builder
|-supereffective|p1a: Wall Builder
|-damage|p1a: Wall Builder|0 fnt
|faint|p1a: Wall Builder
|
|-end|p2a: Arceus|move: Taunt
|upkeep
|
|t:|1664665247
|switch|p1a: Light God|Necrozma-Dusk-Mane, shiny|100/100
|turn|4
|
|t:|1664665260
|switch|p2a: Arceus|Arceus-Ground|100/100
|move|p1a: Light God|Dragon Dance|p1a: Light God
|-boost|p1a: Light God|atk|1
|-boost|p1a: Light God|spe|1
|
|upkeep
|turn|5
|
|t:|1664665266
|detailschange|p1a: Light God|Necrozma-Ultra, shiny
|-burst|p1a: Light God|Necrozma|Ultranecrozium Z
|move|p1a: Light God|Earthquake|p2a: Arceus
|-damage|p2a: Arceus|46/100
|move|p2a: Arceus|Swords Dance|p2a: Arceus
|-boost|p2a: Arceus|atk|2
|
|upkeep
|turn|6
|
|t:|1664665278
|-start|p2a: Arceus|Dynamax|
|-heal|p2a: Arceus|46/100|[silent]
|move|p1a: Light God|Photon Geyser|p2a: Arceus
|-damage|p2a: Arceus|6/100
|move|p2a: Arceus|Max Quake|p1a: Light God
|-damage|p1a: Light God|14/100
|-boost|p2a: Arceus|spd|1
|
|upkeep
|turn|7
|
|t:|1664665290
|move|p1a: Light God|Rock Blast|p2a: Arceus
|-resisted|p2a: Arceus
|-damage|p2a: Arceus|3/100
|-resisted|p2a: Arceus
|-damage|p2a: Arceus|0 fnt
|faint|p2a: Arceus
|-hitcount|p2: Arceus|2
|
|upkeep
|
|t:|1664665299
|switch|p2a: Ditto|Ditto|100/100
|-transform|p2a: Ditto|p1a: Light God|[from] ability: Imposter
|turn|8
|
|t:|1664665307
|switch|p1a: Sword|Zacian-Crowned|100/100
|-ability|p1a: Sword|Intrepid Sword|boost
|-boost|p1a: Sword|atk|1
|move|p2a: Ditto|Photon Geyser|p1a: Sword
|-resisted|p1a: Sword
|-damage|p1a: Sword|75/100
|
|upkeep
|turn|9
|
|t:|1664665319
|switch|p2a: Arceus|Arceus-Electric|100/100
|move|p1a: Sword|Play Rough|p2a: Arceus
|-damage|p2a: Arceus|26/100
|
|-sideend|p1: ihateDread|move: Light Screen
|upkeep
|turn|10
|
|t:|1664665327
|move|p1a: Sword|Play Rough|p2a: Arceus
|-damage|p2a: Arceus|0 fnt
|faint|p2a: Arceus
|
|-sideend|p1: ihateDread|Reflect
|upkeep
|
|t:|1664665334
|switch|p2a: Arceus|Arceus-Fire|100/100
|turn|11
|
|t:|1664665343
|switch|p1a: Horsey|Calyrex-Shadow|100/100
|-ability|p1a: Horsey|As One
|-ability|p1a: Horsey|Unnerve
|move|p2a: Arceus|Calm Mind|p2a: Arceus
|-boost|p2a: Arceus|spa|1
|-boost|p2a: Arceus|spd|1
|
|upkeep
|turn|12
|
|t:|1664665352
|move|p1a: Horsey|Nasty Plot|p1a: Horsey
|-boost|p1a: Horsey|spa|2
|move|p2a: Arceus|Judgment|p1a: Horsey
|-enditem|p1a: Horsey|Focus Sash
|-damage|p1a: Horsey|1/100
|
|upkeep
|turn|13
|
|t:|1664665360
|move|p1a: Horsey|Psyshock|p2a: Arceus
|-damage|p2a: Arceus|25/100
|move|p2a: Arceus|Judgment|p1a: Horsey
|-damage|p1a: Horsey|0 fnt
|faint|p1a: Horsey
|
|upkeep
|
|t:|1664665365
|switch|p1a: Speed|Rayquaza|100/100
|-ability|p1a: Speed|Air Lock
|turn|14
|
|t:|1664665372
|detailschange|p1a: Speed|Rayquaza-Mega
|-mega|p1a: Speed|Rayquaza|
|-weather|DeltaStream|[from] ability: Delta Stream|[of] p1a: Speed
|move|p1a: Speed|Dragon Ascent|p2a: Arceus
|-damage|p2a: Arceus|0 fnt
|-unboost|p1a: Speed|def|1
|-unboost|p1a: Speed|spd|1
|faint|p2a: Arceus
|
|-weather|DeltaStream|[upkeep]
|upkeep
|
|t:|1664665391
|switch|p2a: Arceus|Arceus-Fairy|100/100
|turn|15
|
|t:|1664665396
|-weather|none
|switch|p1a: Sword|Zacian-Crowned|75/100
|-ability|p1a: Sword|Intrepid Sword|boost
|-boost|p1a: Sword|atk|1
|move|p2a: Arceus|Judgment|p1a: Sword
|-resisted|p1a: Sword
|-damage|p1a: Sword|49/100
|
|upkeep
|turn|16
|
|t:|1664665405
|move|p1a: Sword|Behemoth Blade|p2a: Arceus
|-supereffective|p2a: Arceus
|-damage|p2a: Arceus|0 fnt
|faint|p2a: Arceus
|
|upkeep
|
|t:|1664665411
|switch|p2a: Ditto|Ditto|100/100
|-transform|p2a: Ditto|p1a: Sword|[from] ability: Imposter
|-ability|p2a: Ditto|Intrepid Sword|boost
|-boost|p2a: Ditto|atk|1
|turn|17
|
|t:|1664665423
|switch|p1a: Light God|Necrozma-Ultra, shiny|14/100
|move|p2a: Ditto|Behemoth Blade|p1a: Light God
|-damage|p1a: Light God|0 fnt
|faint|p1a: Light God
|
|upkeep
|
|t:|1664665425
|switch|p1a: Static|Zekrom, shiny|100/100
|-ability|p1a: Static|Teravolt
|turn|18
|
|t:|1664665435
|switch|p2a: Arceus|Arceus|100/100
|-start|p1a: Static|Dynamax|
|-heal|p1a: Static|100/100|[silent]
|move|p1a: Static|Max Lightning|p2a: Arceus
|-damage|p2a: Arceus|41/100
|-fieldstart|move: Electric Terrain
|
|upkeep
|turn|19
|
|t:|1664665453
|move|p2a: Arceus|Recover|p2a: Arceus
|-heal|p2a: Arceus|91/100
|move|p1a: Static|Max Lightning|p2a: Arceus
|-damage|p2a: Arceus|16/100
|
|upkeep
|turn|20
|
|t:|1664665461
|move|p2a: Arceus|Extreme Speed|p1a: Static
|-damage|p1a: Static|77/100
|-damage|p2a: Arceus|6/100|[from] item: Life Orb
|move|p1a: Static|Max Lightning|p2a: Arceus
|-crit|p2a: Arceus
|-damage|p2a: Arceus|0 fnt
|faint|p2a: Arceus
|
|-heal|p1a: Static|80/100|[from] item: Leftovers
|upkeep
|
|t:|1664665473
|switch|p2a: Ditto|Ditto|100/100
|-transform|p2a: Ditto|p1a: Static|[from] ability: Imposter
|-ability|p2a: Ditto|Teravolt
|-end|p1a: Static|Dynamax
|-heal|p1a: Static|80/100|[silent]
|turn|21
|
|t:|1664665488
|move|p2a: Ditto|Bolt Strike|p1a: Static
|-resisted|p1a: Static
|-damage|p1a: Static|58/100
|move|p1a: Static|Outrage|p2a: Ditto
|-supereffective|p2a: Ditto
|-damage|p2a: Ditto|0 fnt
|faint|p2a: Ditto
|
|win|ihateDread
|raw|ihateDread's rating: 1456 &rarr; <strong>1478</strong><br />(+22 for winning)
|raw|shisky's rating: 1490 &rarr; <strong>1468</strong><br />(-22 for losing)
|l|☆shisky
|l|☆ihateDread
||Ladder isn't responding, score probably updated but might not have (Request timeout).
|j|☆ihateDread
|player|p1|ihateDread|n
