|j|☆Clausura
|j|☆Matsui_Miyako
|t:|1662481359
|gametype|singles
|player|p1|Clausura|cynthia-gen4|1656
|player|p2|Matsui_Miyako|allister|1517
|teamsize|p1|6
|teamsize|p2|6
|gen|8
|tier|[Gen 8] National Dex AG
|rated|
|rule|HP Percentage Mod: HP is shown in percentages
|rule|Endless Battle Clause: Forcing endless battles is banned
|clearpoke
|poke|p1|Salamence, F|
|poke|p1|Marshadow|
|poke|p1|Yveltal|
|poke|p1|Arceus-*|
|poke|p1|Kyurem-Black|
|poke|p1|Kyogre|
|poke|p2|Yveltal|
|poke|p2|Deoxys-Speed|
|poke|p2|Marshadow|
|poke|p2|Arceus-*|
|poke|p2|Calyrex-Shadow|
|poke|p2|Arceus-*|
|teampreview
|l|☆Clausura
|player|p1|
|j|☆Clausura
|player|p1|Clausura|cynthia-gen4
|
|t:|1662481381
|start
|switch|p1a: Kyurem|Kyurem-Black|100/100
|switch|p2a: Rápido|Deoxys-Speed|100/100
|-ability|p2a: Rápido|Pressure
|-ability|p1a: Kyurem|Teravolt
|turn|1
|inactive|Battle timer is ON: inactive players will automatically lose when time's up. (requested by Matsui_Miyako)
|
|t:|1662481387
|move|p2a: Rápido|Stealth Rock|p1a: Kyurem
|-sidestart|p1: Clausura|move: Stealth Rock
|move|p1a: Kyurem|Dragon Dance|p1a: Kyurem
|-boost|p1a: Kyurem|atk|1
|-boost|p1a: Kyurem|spe|1
|
|upkeep
|turn|2
|
|t:|1662481395
|move|p1a: Kyurem|Icicle Spear|p2a: Rápido
|-damage|p2a: Rápido|63/100
|-damage|p2a: Rápido|26/100
|-damage|p2a: Rápido|0 fnt
|faint|p2a: Rápido
|-hitcount|p2: Rápido|3
|
|upkeep
|
|t:|1662481403
|switch|p2a: Sombra|Marshadow|100/100
|turn|3
|
|t:|1662481406
|switch|p1a: Salamence|Salamence, F|100/100
|-damage|p1a: Salamence|76/100|[from] Stealth Rock
|-ability|p1a: Salamence|Intimidate|boost
|-unboost|p2a: Sombra|atk|1
|move|p2a: Sombra|Spectral Thief|p1a: Salamence
|-damage|p1a: Salamence|48/100
|
|upkeep
|turn|4
|
|t:|1662481410
|move|p2a: Sombra|Ice Punch|p1a: Salamence
|-supereffective|p1a: Salamence
|-damage|p1a: Salamence|0 fnt
|faint|p1a: Salamence
|
|upkeep
|
|t:|1662481412
|switch|p1a: Yveltal|Yveltal|100/100
|-ability|p1a: Yveltal|Dark Aura
|turn|5
|
|t:|1662481416
|move|p2a: Sombra|Ice Punch|p1a: Yveltal
|-supereffective|p1a: Yveltal
|-damage|p1a: Yveltal|71/100
|-status|p1a: Yveltal|frz
|-curestatus|p1a: Yveltal|frz|[msg]
|move|p1a: Yveltal|Defog|p2a: Sombra
|-unboost|p2a: Sombra|evasion|1
|-sideend|p1: Clausura|Stealth Rock|[from] move: Defog|[of] p1a: Yveltal
|
|upkeep
|turn|6
|
|t:|1662481425
|move|p2a: Sombra|Ice Punch|p1a: Yveltal
|-supereffective|p1a: Yveltal
|-damage|p1a: Yveltal|42/100
|move|p1a: Yveltal|Knock Off|p2a: Sombra
|-damage|p2a: Sombra|40/100
|-enditem|p2a: Sombra|Focus Sash|[from] move: Knock Off|[of] p1a: Yveltal
|
|upkeep
|turn|7
|
|t:|1662481430
|move|p2a: Sombra|Ice Punch|p1a: Yveltal
|-supereffective|p1a: Yveltal
|-damage|p1a: Yveltal|13/100
|move|p1a: Yveltal|Roost|p1a: Yveltal
|-heal|p1a: Yveltal|63/100
|-singleturn|p1a: Yveltal|move: Roost
|
|upkeep
|turn|8
|
|t:|1662481435
|move|p2a: Sombra|Ice Punch|p1a: Yveltal
|-supereffective|p1a: Yveltal
|-damage|p1a: Yveltal|33/100
|move|p1a: Yveltal|Roost|p1a: Yveltal
|-heal|p1a: Yveltal|83/100
|-singleturn|p1a: Yveltal|move: Roost
|
|upkeep
|turn|9
|
|t:|1662481441
|move|p2a: Sombra|Ice Punch|p1a: Yveltal
|-supereffective|p1a: Yveltal
|-damage|p1a: Yveltal|51/100
|move|p1a: Yveltal|Knock Off|p2a: Sombra
|-damage|p2a: Sombra|0 fnt
|faint|p2a: Sombra
|
|upkeep
|
|t:|1662481448
|switch|p2a: Deus|Arceus, shiny|100/100
|turn|10
|
|t:|1662481454
|move|p2a: Deus|Swords Dance|p2a: Deus
|-boost|p2a: Deus|atk|2
|move|p1a: Yveltal|Taunt|p2a: Deus
|-start|p2a: Deus|move: Taunt
|
|upkeep
|turn|11
|
|t:|1662481459
|switch|p1a: Marshadow|Marshadow|100/100
|move|p2a: Deus|Extreme Speed|p1a: Marshadow
|-immune|p1a: Marshadow
|
|upkeep
|turn|12
|
|t:|1662481465
|-start|p1a: Marshadow|Dynamax|
|-heal|p1a: Marshadow|100/100|[silent]
|move|p1a: Marshadow|Max Knuckle|p2a: Deus
|-supereffective|p2a: Deus
|-damage|p2a: Deus|23/100
|-boost|p1a: Marshadow|atk|1
|move|p2a: Deus|Shadow Claw|p1a: Marshadow
|-supereffective|p1a: Marshadow
|-damage|p1a: Marshadow|22/100
|-damage|p2a: Deus|13/100|[from] item: Life Orb
|
|upkeep
|turn|13
|
|t:|1662481479
|switch|p2a: Cavaleiro Fantasma|Calyrex-Shadow|100/100
|-ability|p2a: Cavaleiro Fantasma|As One
|-ability|p2a: Cavaleiro Fantasma|Unnerve
|move|p1a: Marshadow|Max Knuckle|p2a: Cavaleiro Fantasma
|-immune|p2a: Cavaleiro Fantasma
|
|upkeep
|turn|14
|
|t:|1662481486
|-end|p1a: Marshadow|Dynamax
|-heal|p1a: Marshadow|22/100|[silent]
|switch|p1a: Arceus|Arceus|100/100
|move|p2a: Cavaleiro Fantasma|Astral Barrage|p1a: Arceus
|-immune|p1a: Arceus
|
|upkeep
|turn|15
|
|t:|1662481498
|switch|p1a: Yveltal|Yveltal|51/100
|-ability|p1a: Yveltal|Dark Aura
|-start|p2a: Cavaleiro Fantasma|Dynamax|
|-heal|p2a: Cavaleiro Fantasma|100/100|[silent]
|move|p2a: Cavaleiro Fantasma|Max Mindstorm|p1a: Yveltal
|-immune|p1a: Yveltal
|
|upkeep
|turn|16
|
|t:|1662481505
|move|p2a: Cavaleiro Fantasma|Max Starfall|p1a: Yveltal
|-supereffective|p1a: Yveltal
|-damage|p1a: Yveltal|0 fnt
|-fieldstart|move: Misty Terrain
|faint|p1a: Yveltal
|-ability|p2a: Cavaleiro Fantasma|Grim Neigh|boost
|-boost|p2a: Cavaleiro Fantasma|spa|1
|
|upkeep
|
|t:|1662481508
|switch|p1a: Marshadow|Marshadow|22/100
|turn|17
|
|t:|1662481513
|-end|p2a: Cavaleiro Fantasma|Dynamax
|-heal|p2a: Cavaleiro Fantasma|100/100|[silent]
|switch|p2a: Deus|Arceus, shiny|13/100
|move|p1a: Marshadow|Shadow Sneak|p2a: Deus
|-immune|p2a: Deus
|
|upkeep
|turn|18
|
|t:|1662481519
|move|p1a: Marshadow|Rock Tomb|p2a: Deus
|-damage|p2a: Deus|0 fnt
|faint|p2a: Deus
|
|upkeep
|
|t:|1662481524
|switch|p2a: Pássaro das Trevas|Yveltal|100/100
|-ability|p2a: Pássaro das Trevas|Dark Aura
|turn|19
|
|t:|1662481529
|switch|p1a: Arceus|Arceus|100/100
|move|p2a: Pássaro das Trevas|Oblivion Wing|p1a: Arceus
|-crit|p1a: Arceus
|-damage|p1a: Arceus|31/100
|-damage|p2a: Pássaro das Trevas|91/100|[from] item: Life Orb
|
|upkeep
|turn|20
|
|t:|1662481533
|move|p1a: Arceus|Extreme Speed|p2a: Pássaro das Trevas
|-damage|p2a: Pássaro das Trevas|44/100
|move|p2a: Pássaro das Trevas|Oblivion Wing|p1a: Arceus
|-damage|p1a: Arceus|0 fnt
|-heal|p2a: Pássaro das Trevas|67/100|[from] drain|[of] p1a: Arceus
|faint|p1a: Arceus
|-damage|p2a: Pássaro das Trevas|57/100|[from] item: Life Orb
|
|-fieldend|Misty Terrain
|upkeep
|
|t:|1662481537
|switch|p1a: Kyogre|Kyogre|100/100
|-weather|RainDance|[from] ability: Drizzle|[of] p1a: Kyogre
|turn|21
|
|t:|1662481543
|move|p1a: Kyogre|Water Spout|p2a: Pássaro das Trevas
|-damage|p2a: Pássaro das Trevas|0 fnt
|faint|p2a: Pássaro das Trevas
|
|-weather|RainDance|[upkeep]
|upkeep
|
|t:|1662481553
|switch|p2a: Cavaleiro Fantasma|Calyrex-Shadow|100/100
|-ability|p2a: Cavaleiro Fantasma|As One
|-ability|p2a: Cavaleiro Fantasma|Unnerve
|turn|22
|
|t:|1662481557
|move|p2a: Cavaleiro Fantasma|Astral Barrage|p1a: Kyogre
|-damage|p1a: Kyogre|44/100
|move|p1a: Kyogre|Water Spout|p2a: Cavaleiro Fantasma
|-damage|p2a: Cavaleiro Fantasma|44/100
|
|-weather|RainDance|[upkeep]
|upkeep
|turn|23
|
|t:|1662481563
|move|p2a: Cavaleiro Fantasma|Astral Barrage|p1a: Kyogre
|-damage|p1a: Kyogre|0 fnt
|faint|p1a: Kyogre
|-ability|p2a: Cavaleiro Fantasma|Grim Neigh|boost
|-boost|p2a: Cavaleiro Fantasma|spa|1
|
|-weather|RainDance|[upkeep]
|upkeep
|
|t:|1662481565
|switch|p1a: Marshadow|Marshadow|22/100
|turn|24
|
|t:|1662481567
|move|p1a: Marshadow|Shadow Sneak|p2a: Cavaleiro Fantasma
|-supereffective|p2a: Cavaleiro Fantasma
|-damage|p2a: Cavaleiro Fantasma|0 fnt
|faint|p2a: Cavaleiro Fantasma
|
|-weather|RainDance|[upkeep]
|upkeep
|
|t:|1662481569
|switch|p2a: Titã|Arceus-Ground|100/100
|turn|25
|
|t:|1662481574
|move|p1a: Marshadow|Close Combat|p2a: Titã
|-damage|p2a: Titã|52/100
|-unboost|p1a: Marshadow|def|1
|-unboost|p1a: Marshadow|spd|1
|move|p2a: Titã|Earth Power|p1a: Marshadow
|-crit|p1a: Marshadow
|-damage|p1a: Marshadow|0 fnt
|faint|p1a: Marshadow
|
|-weather|none
|upkeep
|
|t:|1662481577
|switch|p1a: Kyurem|Kyurem-Black|100/100
|-ability|p1a: Kyurem|Teravolt
|turn|26
|
|t:|1662481581
|-zpower|p2a: Titã
|move|p2a: Titã|Tectonic Rage|p1a: Kyurem|[zeffect]
|-enditem|p1a: Kyurem|Focus Sash
|-damage|p1a: Kyurem|1/100
|move|p1a: Kyurem|Icicle Spear|p2a: Titã
|-supereffective|p2a: Titã
|-damage|p2a: Titã|27/100
|-supereffective|p2a: Titã
|-damage|p2a: Titã|2/100
|-hitcount|p2a: Titã|2
|
|upkeep
|turn|27
|
|t:|1662481589
|move|p2a: Titã|Earth Power|p1a: Kyurem
|-damage|p1a: Kyurem|0 fnt
|faint|p1a: Kyurem
|
|win|Matsui_Miyako
|raw|Clausura's rating: 1656 &rarr; <strong>1628</strong><br />(-28 for losing)
|raw|Matsui_Miyako's rating: 1517 &rarr; <strong>1545</strong><br />(+28 for winning)
|c|☆Matsui_Miyako|ggs
|l|☆Clausura
||Ladder isn't responding, score probably updated but might not have (Request timeout).
