|j|☆ebanares
|j|☆Direhands
|t:|1654970655
|gametype|singles
|player|p1|ebanares|marlon|1671
|player|p2|Direhands|gambler|1677
|teamsize|p1|6
|teamsize|p2|6
|gen|8
|tier|[Gen 8] National Dex AG
|rated|
|rule|HP Percentage Mod: HP is shown in percentages
|rule|Endless Battle Clause: Forcing endless battles is banned
|clearpoke
|poke|p1|Tentacruel, M|
|poke|p1|Gliscor, M|
|poke|p1|Yveltal|
|poke|p1|Marshadow|
|poke|p1|Heatran, F|
|poke|p1|Shedinja|
|poke|p2|Tyranitar, F|
|poke|p2|Vivillon-Fancy, M|
|poke|p2|Ribombee, F|
|poke|p2|Excadrill, F|
|poke|p2|Lunala|
|poke|p2|Kyogre|
|teampreview
|
|t:|1654970677
|start
|switch|p1a: Gliscor|Gliscor, M|100/100
|switch|p2a: Ribombee|Ribombee, F|100/100
|turn|1
|c|☆Direhands|Ooh, rocker spinner shed t spikes and anti meta
|c|☆Direhands|Cool team, glhf
|
|t:|1654970694
|move|p2a: Ribombee|Sticky Web|p1a: Gliscor
|-sidestart|p1: ebanares|move: Sticky Web
|move|p1a: Gliscor|Toxic|p2a: Ribombee
|-status|p2a: Ribombee|tox
|
|-damage|p2a: Ribombee|94/100 tox|[from] psn
|-status|p1a: Gliscor|tox|[from] item: Toxic Orb
|upkeep
|turn|2
|c|☆Direhands|Damn, should have stun spored
|
|t:|1654970716
|move|p2a: Ribombee|Moonblast|p1a: Gliscor
|-damage|p1a: Gliscor|61/100 tox
|move|p1a: Gliscor|Earthquake|p2a: Ribombee
|-resisted|p2a: Ribombee
|-damage|p2a: Ribombee|70/100 tox
|
|-damage|p2a: Ribombee|58/100 tox|[from] psn
|-heal|p1a: Gliscor|73/100 tox|[from] ability: Poison Heal
|upkeep
|turn|3
|
|t:|1654970723
|move|p1a: Gliscor|Protect|p1a: Gliscor
|-singleturn|p1a: Gliscor|Protect
|move|p2a: Ribombee|Moonblast|p1a: Gliscor
|-activate|p1a: Gliscor|move: Protect
|
|-damage|p2a: Ribombee|39/100 tox|[from] psn
|-heal|p1a: Gliscor|86/100 tox|[from] ability: Poison Heal
|upkeep
|turn|4
|
|t:|1654970733
|move|p2a: Ribombee|Tailwind|p2a: Ribombee
|-sidestart|p2: Direhands|move: Tailwind
|move|p1a: Gliscor|Earthquake|p2a: Ribombee
|-resisted|p2a: Ribombee
|-damage|p2a: Ribombee|14/100 tox
|
|-damage|p2a: Ribombee|0 fnt|[from] psn
|faint|p2a: Ribombee
|-heal|p1a: Gliscor|98/100 tox|[from] ability: Poison Heal
|upkeep
|
|t:|1654970737
|switch|p2a: Excadrill|Excadrill, F|100/100
|-ability|p2a: Excadrill|Mold Breaker
|turn|5
|c|☆ebanares|you also have a nice team!
|
|t:|1654970748
|move|p2a: Excadrill|Stealth Rock|p1a: Gliscor
|-sidestart|p1: ebanares|move: Stealth Rock
|move|p1a: Gliscor|Earthquake|p2a: Excadrill
|-supereffective|p2a: Excadrill
|-damage|p2a: Excadrill|14/100
|
|-heal|p1a: Gliscor|100/100 tox|[from] ability: Poison Heal
|upkeep
|turn|6
|
|t:|1654970767
|move|p1a: Gliscor|Protect|p1a: Gliscor
|-singleturn|p1a: Gliscor|Protect
|move|p2a: Excadrill|Rock Tomb|p1a: Gliscor
|-activate|p1a: Gliscor|move: Protect
|
|upkeep
|turn|7
|
|t:|1654970775
|move|p2a: Excadrill|Rapid Spin|p1a: Gliscor
|-damage|p1a: Gliscor|90/100 tox
|-boost|p2a: Excadrill|spe|1
|move|p1a: Gliscor|Earthquake|p2a: Excadrill
|-supereffective|p2a: Excadrill
|-damage|p2a: Excadrill|0 fnt
|faint|p2a: Excadrill
|
|-heal|p1a: Gliscor|100/100 tox|[from] ability: Poison Heal
|-sideend|p2: Direhands|move: Tailwind
|upkeep
|c|☆Direhands|Thanks!
|
|t:|1654970795
|switch|p2a: Kyogre|Kyogre|100/100
|detailschange|p2a: Kyogre|Kyogre-Primal
|-primal|p2a: Kyogre
|-weather|PrimordialSea|[from] ability: Primordial Sea|[of] p2a: Kyogre
|turn|8
|
|t:|1654970799
|switch|p1a: Shedinja|Shedinja|100/100
|move|p2a: Kyogre|Water Spout|p1a: Shedinja
|-immune|p1a: Shedinja|[from] ability: Wonder Guard
|
|-weather|PrimordialSea|[upkeep]
|upkeep
|turn|9
|
|t:|1654970806
|-weather|none
|switch|p2a: Tyranitar|Tyranitar, F|100/100
|-weather|Sandstorm|[from] ability: Sand Stream|[of] p2a: Tyranitar
|switch|p1a: Gliscor|Gliscor, M|100/100 tox
|-damage|p1a: Gliscor|88/100 tox|[from] Stealth Rock
|
|-weather|Sandstorm|[upkeep]
|-heal|p1a: Gliscor|100/100 tox|[from] ability: Poison Heal
|upkeep
|turn|10
|inactive|Battle timer is ON: inactive players will automatically lose when time's up. (requested by Direhands)
|
|t:|1654970817
|move|p1a: Gliscor|Toxic|p2a: Tyranitar
|-status|p2a: Tyranitar|tox
|move|p2a: Tyranitar|Stone Edge|p1a: Gliscor
|-damage|p1a: Gliscor|64/100 tox
|
|-weather|Sandstorm|[upkeep]
|-heal|p1a: Gliscor|76/100 tox|[from] ability: Poison Heal
|-damage|p2a: Tyranitar|94/100 tox|[from] psn
|upkeep
|turn|11
|
|t:|1654970822
|switch|p2a: Kyogre|Kyogre-Primal|100/100
|-weather|PrimordialSea|[from] ability: Primordial Sea|[of] p2a: Kyogre
|move|p1a: Gliscor|Earthquake|p2a: Kyogre
|-damage|p2a: Kyogre|63/100
|
|-weather|PrimordialSea|[upkeep]
|-heal|p1a: Gliscor|89/100 tox|[from] ability: Poison Heal
|upkeep
|turn|12
|
|t:|1654970828
|move|p1a: Gliscor|Protect|p1a: Gliscor
|-singleturn|p1a: Gliscor|Protect
|move|p2a: Kyogre|Water Spout|p1a: Gliscor
|-activate|p1a: Gliscor|move: Protect
|
|-weather|PrimordialSea|[upkeep]
|-heal|p1a: Gliscor|100/100 tox|[from] ability: Poison Heal
|upkeep
|turn|13
|
|t:|1654970831
|-weather|none
|switch|p2a: Tyranitar|Tyranitar, F|94/100 tox
|-weather|Sandstorm|[from] ability: Sand Stream|[of] p2a: Tyranitar
|switch|p1a: Tentacruel|Tentacruel, M|100/100
|-activate|p1a: Tentacruel|move: Sticky Web
|-unboost|p1a: Tentacruel|spe|1
|-damage|p1a: Tentacruel|88/100|[from] Stealth Rock
|
|-weather|Sandstorm|[upkeep]
|-damage|p1a: Tentacruel|82/100|[from] Sandstorm
|-heal|p1a: Tentacruel|88/100|[from] item: Black Sludge
|-damage|p2a: Tyranitar|88/100 tox|[from] psn
|upkeep
|turn|14
|
|t:|1654970836
|move|p2a: Tyranitar|Earthquake|p1a: Tentacruel
|-supereffective|p1a: Tentacruel
|-damage|p1a: Tentacruel|0 fnt
|faint|p1a: Tentacruel
|
|-weather|Sandstorm|[upkeep]
|-damage|p2a: Tyranitar|76/100 tox|[from] psn
|upkeep
|
|t:|1654970839
|switch|p1a: Gliscor|Gliscor, M|100/100 tox
|-damage|p1a: Gliscor|88/100 tox|[from] Stealth Rock
|turn|15
|
|t:|1654970843
|move|p1a: Gliscor|Toxic|p2a: Tyranitar
|-fail|p2a: Tyranitar|tox
|move|p2a: Tyranitar|Crunch|p1a: Gliscor
|-damage|p1a: Gliscor|60/100 tox
|
|-weather|Sandstorm|[upkeep]
|-heal|p1a: Gliscor|73/100 tox|[from] ability: Poison Heal
|-damage|p2a: Tyranitar|57/100 tox|[from] psn
|upkeep
|turn|16
|
|t:|1654970846
|move|p1a: Gliscor|Toxic|p2a: Tyranitar
|-fail|p2a: Tyranitar|tox
|move|p2a: Tyranitar|Crunch|p1a: Gliscor
|-damage|p1a: Gliscor|43/100 tox
|
|-weather|Sandstorm|[upkeep]
|-heal|p1a: Gliscor|55/100 tox|[from] ability: Poison Heal
|-damage|p2a: Tyranitar|32/100 tox|[from] psn
|upkeep
|turn|17
|
|t:|1654970851
|switch|p2a: Kyogre|Kyogre-Primal|63/100
|-weather|PrimordialSea|[from] ability: Primordial Sea|[of] p2a: Kyogre
|move|p1a: Gliscor|Earthquake|p2a: Kyogre
|-damage|p2a: Kyogre|25/100
|
|-weather|PrimordialSea|[upkeep]
|-heal|p1a: Gliscor|68/100 tox|[from] ability: Poison Heal
|upkeep
|turn|18
|
|t:|1654970854
|move|p1a: Gliscor|Protect|p1a: Gliscor
|-singleturn|p1a: Gliscor|Protect
|move|p2a: Kyogre|Surf|p1a: Gliscor
|-activate|p1a: Gliscor|move: Protect
|
|-weather|PrimordialSea|[upkeep]
|-heal|p1a: Gliscor|80/100 tox|[from] ability: Poison Heal
|upkeep
|turn|19
|
|t:|1654970866
|switch|p1a: Shedinja|Shedinja|100/100
|move|p2a: Kyogre|Surf|p1a: Shedinja
|-immune|p1a: Shedinja|[from] ability: Wonder Guard
|
|-weather|PrimordialSea|[upkeep]
|upkeep
|turn|20
|
|t:|1654970877
|-weather|none
|switch|p2a: Tyranitar|Tyranitar, F|32/100 tox
|-weather|Sandstorm|[from] ability: Sand Stream|[of] p2a: Tyranitar
|move|p1a: Shedinja|Toxic|p2a: Tyranitar
|-fail|p2a: Tyranitar|tox
|
|-weather|Sandstorm|[upkeep]
|-damage|p1a: Shedinja|0 fnt|[from] Sandstorm
|faint|p1a: Shedinja
|-damage|p2a: Tyranitar|26/100 tox|[from] psn
|upkeep
|
|t:|1654970881
|switch|p1a: Gliscor|Gliscor, M|80/100 tox
|-damage|p1a: Gliscor|68/100 tox|[from] Stealth Rock
|turn|21
|c|☆Direhands|Pretty sure i lose
|
|t:|1654970887
|move|p1a: Gliscor|Earthquake|p2a: Tyranitar
|-supereffective|p2a: Tyranitar
|-damage|p2a: Tyranitar|0 fnt
|faint|p2a: Tyranitar
|
|-weather|Sandstorm|[upkeep]
|-heal|p1a: Gliscor|80/100 tox|[from] ability: Poison Heal
|upkeep
|
|t:|1654970889
|switch|p2a: Kyogre|Kyogre-Primal|25/100
|-weather|PrimordialSea|[from] ability: Primordial Sea|[of] p2a: Kyogre
|turn|22
|c|☆ebanares|not sure about that
|
|t:|1654970906
|switch|p1a: Marshadow|Marshadow|100/100
|-activate|p1a: Marshadow|move: Sticky Web
|-unboost|p1a: Marshadow|spe|1
|-damage|p1a: Marshadow|94/100|[from] Stealth Rock
|move|p2a: Kyogre|Surf|p1a: Marshadow
|-damage|p1a: Marshadow|0 fnt
|faint|p1a: Marshadow
|
|-weather|PrimordialSea|[upkeep]
|upkeep
|
|t:|1654970912
|switch|p1a: Yveltal|Yveltal|100/100
|-damage|p1a: Yveltal|76/100|[from] Stealth Rock
|-ability|p1a: Yveltal|Dark Aura
|turn|23
|c|☆Direhands|Yveltal tho
|c|☆ebanares|true
|c|☆Direhands|Needed ttar
|
|t:|1654970929
|-start|p1a: Yveltal|Dynamax|
|-heal|p1a: Yveltal|76/100|[silent]
|move|p2a: Kyogre|Thunder|p1a: Yveltal
|-supereffective|p1a: Yveltal
|-damage|p1a: Yveltal|34/100
|move|p1a: Yveltal|Max Airstream|p2a: Kyogre
|-damage|p2a: Kyogre|0 fnt
|-boost|p1a: Yveltal|spe|1
|faint|p2a: Kyogre
|-weather|none
|
|upkeep
|
|t:|1654970934
|switch|p2a: Vivillon|Vivillon-Fancy, M|100/100
|turn|24
|
|t:|1654970938
|move|p1a: Yveltal|Max Airstream|p2a: Vivillon
|-supereffective|p2a: Vivillon
|-enditem|p2a: Vivillon|Focus Sash
|-damage|p2a: Vivillon|1/100
|-boost|p1a: Yveltal|spe|1
|move|p2a: Vivillon|Sleep Powder|p1a: Yveltal
|-status|p1a: Yveltal|slp|[from] move: Sleep Powder
|
|upkeep
|turn|25
|
|t:|1654970947
|cant|p1a: Yveltal|slp
|move|p2a: Vivillon|Quiver Dance|p2a: Vivillon
|-boost|p2a: Vivillon|spa|1
|-boost|p2a: Vivillon|spd|1
|-boost|p2a: Vivillon|spe|1
|
|upkeep
|-end|p1a: Yveltal|Dynamax
|-heal|p1a: Yveltal|34/100 slp|[silent]
|turn|26
|
|t:|1654970954
|cant|p1a: Yveltal|slp
|move|p2a: Vivillon|Bug Buzz|p1a: Yveltal
|-damage|p1a: Yveltal|0 fnt
|faint|p1a: Yveltal
|
|upkeep
|
|t:|1654970958
|switch|p1a: Gliscor|Gliscor, M|80/100 tox
|-damage|p1a: Gliscor|68/100 tox|[from] Stealth Rock
|turn|27
|
|t:|1654970962
|-start|p2a: Vivillon|Dynamax|
|-heal|p2a: Vivillon|1/100|[silent]
|move|p2a: Vivillon|Max Airstream|p1a: Gliscor
|-damage|p1a: Gliscor|0 fnt
|-boost|p2a: Vivillon|spe|1
|faint|p1a: Gliscor
|
|upkeep
|
|t:|1654970964
|switch|p1a: Heatran|Heatran, F|100/100
|-activate|p1a: Heatran|move: Sticky Web
|-unboost|p1a: Heatran|spe|1
|-damage|p1a: Heatran|88/100|[from] Stealth Rock
|turn|28
|
|t:|1654970967
|move|p2a: Vivillon|Max Guard|p2a: Vivillon
|-singleturn|p2a: Vivillon|Max Guard
|move|p1a: Heatran|Hidden Power|p2a: Vivillon
|-activate|p2a: Vivillon|move: Max Guard
|
|upkeep
|turn|29
|
|t:|1654970970
|move|p2a: Vivillon|Max Guard||[still]
|-fail|p2a: Vivillon
|move|p1a: Heatran|Hidden Power|p2a: Vivillon
|-resisted|p2a: Vivillon
|-damage|p2a: Vivillon|0 fnt
|faint|p2a: Vivillon
|
|upkeep
|j| SweeperGatr
|
|t:|1654970973
|switch|p2a: Lunala|Lunala|100/100
|turn|30
|
|t:|1654970975
|move|p2a: Lunala|Moongeist Beam|p1a: Heatran
|-damage|p1a: Heatran|67/100
|move|p1a: Heatran|Magma Storm|p2a: Lunala|[miss]
|-miss|p1a: Heatran|p2a: Lunala
|
|upkeep
|turn|31
|
|t:|1654970981
|move|p2a: Lunala|Moongeist Beam|p1a: Heatran
|-damage|p1a: Heatran|45/100
|move|p1a: Heatran|Magma Storm|p2a: Lunala|[miss]
|-miss|p1a: Heatran|p2a: Lunala
|
|upkeep
|turn|32
|
|t:|1654970987
|move|p2a: Lunala|Moongeist Beam|p1a: Heatran
|-damage|p1a: Heatran|22/100
|move|p1a: Heatran|Magma Storm|p2a: Lunala|[miss]
|-miss|p1a: Heatran|p2a: Lunala
|
|upkeep
|turn|33
|c|☆Direhands|Damn
|c|☆ebanares|oh come on
|
|t:|1654970995
|move|p2a: Lunala|Moongeist Beam|p1a: Heatran
|-damage|p1a: Heatran|0 fnt
|faint|p1a: Heatran
|
|win|Direhands
|raw|ebanares's rating: 1671 &rarr; <strong>1651</strong><br />(-20 for losing)
|raw|Direhands's rating: 1677 &rarr; <strong>1697</strong><br />(+20 for winning)
|c|☆ebanares|gg
|c|☆ebanares|cool team
|c|☆Direhands|Ggwp
