|j|☆The Radiant Me
|j|☆ChunkyRat
|t:|1623297385
|gametype|singles
|player|p1|The Radiant Me|n|1751
|player|p2|ChunkyRat|burgh|1763
|teamsize|p1|6
|teamsize|p2|6
|gen|8
|tier|[Gen 8] National Dex AG
|rated|
|rule|HP Percentage Mod: HP is shown in percentages
|rule|Endless Battle Clause: Forcing endless battles is banned
|clearpoke
|poke|p1|Ditto|
|poke|p1|Dragapult, M|
|poke|p1|Corviknight, M|
|poke|p1|Heatran, M|
|poke|p1|Greninja, M|
|poke|p1|Salamence, F|
|poke|p2|Rayquaza|
|poke|p2|Arceus-*|
|poke|p2|Arceus-*|
|poke|p2|Lugia|
|poke|p2|Groudon|
|poke|p2|Calyrex-Shadow|
|teampreview
|inactive|Battle timer is ON: inactive players will automatically lose when time's up. (requested by The Radiant Me)
|
|t:|1623297406
|start
|switch|p1a: Salamence|Salamence, F|100/100
|switch|p2a: Groudon|Groudon|100/100
|-ability|p1a: Salamence|Intimidate|boost
|-unboost|p2a: Groudon|atk|1
|detailschange|p2a: Groudon|Groudon-Primal
|-primal|p2a: Groudon
|-weather|DesolateLand|[from] ability: Desolate Land|[of] p2a: Groudon
|turn|1
|
|t:|1623297409
|move|p2a: Groudon|Toxic|p1a: Salamence
|-status|p1a: Salamence|tox
|move|p1a: Salamence|Dragon Dance|p1a: Salamence
|-boost|p1a: Salamence|atk|1
|-boost|p1a: Salamence|spe|1
|
|-weather|DesolateLand|[upkeep]
|-damage|p1a: Salamence|94/100 tox|[from] psn
|upkeep
|turn|2
|
|t:|1623297412
|-weather|none
|switch|p2a: Lugia|Lugia|100/100
|detailschange|p1a: Salamence|Salamence-Mega, F
|-mega|p1a: Salamence|Salamence|Salamencite
|move|p1a: Salamence|Double-Edge|p2a: Lugia
|-damage|p2a: Lugia|64/100
|-damage|p1a: Salamence|81/100 tox|[from] Recoil
|
|-damage|p1a: Salamence|69/100 tox|[from] psn
|upkeep
|turn|3
|
|t:|1623297415
|move|p1a: Salamence|Double-Edge|p2a: Lugia
|-damage|p2a: Lugia|0 fnt
|faint|p2a: Lugia
|-damage|p1a: Salamence|44/100 tox|[from] Recoil
|
|-damage|p1a: Salamence|26/100 tox|[from] psn
|upkeep
|
|t:|1623297420
|switch|p2a: Arceus|Arceus|100/100
|turn|4
|
|t:|1623297424
|switch|p1a: Dragapult|Dragapult, M|100/100
|move|p2a: Arceus|Extreme Speed|p1a: Dragapult
|-immune|p1a: Dragapult
|
|upkeep
|turn|5
|
|t:|1623297432
|switch|p1a: Ditto|Ditto|100/100
|-transform|p1a: Ditto|p2a: Arceus|[from] ability: Imposter
|move|p2a: Arceus|Toxic|p1a: Ditto|[miss]
|-miss|p2a: Arceus|p1a: Ditto
|
|upkeep
|turn|6
|
|t:|1623297437
|move|p1a: Ditto|Toxic|p2a: Arceus
|-status|p2a: Arceus|tox
|move|p2a: Arceus|Toxic|p1a: Ditto
|-status|p1a: Ditto|tox
|
|-damage|p1a: Ditto|94/100 tox|[from] psn
|-damage|p2a: Arceus|94/100 tox|[from] psn
|upkeep
|turn|7
|
|t:|1623297441
|switch|p1a: Heatran|Heatran, M|100/100
|switch|p2a: Groudon|Groudon-Primal|100/100
|-weather|DesolateLand|[from] ability: Desolate Land|[of] p2a: Groudon
|
|-weather|DesolateLand|[upkeep]
|upkeep
|turn|8
|
|t:|1623297445
|switch|p1a: Salamence|Salamence-Mega, F|26/100 tox
|move|p2a: Groudon|Earth Power|p1a: Salamence
|-immune|p1a: Salamence
|
|-weather|DesolateLand|[upkeep]
|-damage|p1a: Salamence|20/100 tox|[from] psn
|upkeep
|turn|9
|
|t:|1623297448
|move|p1a: Salamence|Double-Edge|p2a: Groudon
|-damage|p2a: Groudon|40/100
|-damage|p1a: Salamence|1/100 tox|[from] Recoil
|move|p2a: Groudon|Stealth Rock|p1a: Salamence
|-sidestart|p1: The Radiant Me|move: Stealth Rock
|
|-weather|DesolateLand|[upkeep]
|-damage|p1a: Salamence|0 fnt|[from] psn
|faint|p1a: Salamence
|upkeep
|j| Randomsadduck3
|
|t:|1623297452
|switch|p1a: Greninja|Greninja, M|100/100
|-damage|p1a: Greninja|88/100|[from] Stealth Rock
|turn|10
|
|t:|1623297467
|-weather|none
|switch|p2a: Arceus|Arceus|94/100 tox
|move|p1a: Greninja|Dark Pulse|p2a: Arceus
|-damage|p2a: Arceus|61/100 tox
|
|-heal|p2a: Arceus|67/100 tox|[from] item: Leftovers
|-damage|p2a: Arceus|61/100 tox|[from] psn
|upkeep
|turn|11
|
|t:|1623297472
|switch|p1a: Heatran|Heatran, M|100/100
|-damage|p1a: Heatran|88/100|[from] Stealth Rock
|move|p2a: Arceus|Extreme Speed|p1a: Heatran
|-resisted|p1a: Heatran
|-damage|p1a: Heatran|71/100
|
|-heal|p2a: Arceus|67/100 tox|[from] item: Leftovers
|-heal|p1a: Heatran|78/100|[from] item: Leftovers
|-damage|p2a: Arceus|55/100 tox|[from] psn
|upkeep
|turn|12
|
|t:|1623297475
|move|p2a: Arceus|Shadow Claw|p1a: Heatran
|-damage|p1a: Heatran|57/100
|move|p1a: Heatran|Stealth Rock|p2a: Arceus
|-sidestart|p2: ChunkyRat|move: Stealth Rock
|
|-heal|p2a: Arceus|61/100 tox|[from] item: Leftovers
|-heal|p1a: Heatran|63/100|[from] item: Leftovers
|-damage|p2a: Arceus|43/100 tox|[from] psn
|upkeep
|turn|13
|l| Randomsadduck3
|
|t:|1623297479
|move|p2a: Arceus|Extreme Speed|p1a: Heatran
|-resisted|p1a: Heatran
|-damage|p1a: Heatran|44/100
|move|p1a: Heatran|Earth Power|p2a: Arceus
|-damage|p2a: Arceus|26/100 tox
|
|-heal|p2a: Arceus|32/100 tox|[from] item: Leftovers
|-heal|p1a: Heatran|50/100|[from] item: Leftovers
|-damage|p2a: Arceus|8/100 tox|[from] psn
|upkeep
|turn|14
|
|t:|1623297482
|switch|p1a: Corviknight|Corviknight, M|100/100
|-damage|p1a: Corviknight|88/100|[from] Stealth Rock
|-ability|p1a: Corviknight|Pressure
|move|p2a: Arceus|Extreme Speed|p1a: Corviknight
|-resisted|p1a: Corviknight
|-damage|p1a: Corviknight|75/100
|-damage|p2a: Arceus|0 fnt|[from] item: Rocky Helmet|[of] p1a: Corviknight
|faint|p2a: Arceus
|
|upkeep
|
|t:|1623297485
|switch|p2a: Groudon|Groudon-Primal|40/100
|-damage|p2a: Groudon|27/100|[from] Stealth Rock
|-weather|DesolateLand|[from] ability: Desolate Land|[of] p2a: Groudon
|turn|15
|
|t:|1623297501
|switch|p1a: Greninja|Greninja, M|88/100
|-damage|p1a: Greninja|76/100|[from] Stealth Rock
|move|p2a: Groudon|Earth Power|p1a: Greninja
|-damage|p1a: Greninja|0 fnt
|faint|p1a: Greninja
|
|-weather|DesolateLand|[upkeep]
|upkeep
|
|t:|1623297504
|switch|p1a: Dragapult|Dragapult, M|100/100
|-damage|p1a: Dragapult|88/100|[from] Stealth Rock
|turn|16
|
|t:|1623297513
|-weather|none
|switch|p2a: Door|Arceus-Flying|100/100
|-damage|p2a: Door|76/100|[from] Stealth Rock
|move|p1a: Dragapult|Dragon Darts|p2a: Door
|-crit|p2a: Door
|-damage|p2a: Door|48/100
|-anim|p1a: Dragapult|Dragon Darts|p2a: Door
|-damage|p2a: Door|30/100
|
|upkeep
|turn|17
|-message|ChunkyRat forfeited.
|
|win|The Radiant Me
|raw|The Radiant Me's rating: 1751 &rarr; <strong>1772</strong><br />(+21 for winning)
|raw|ChunkyRat's rating: 1763 &rarr; <strong>1742</strong><br />(-21 for losing)
|j| Inconsistent noob
|l|☆ChunkyRat
|l|☆The Radiant Me
