|j|☆ImSorryForUberInAG
|j|☆harsh634
|t:|1667739880
|gametype|singles
|player|p1|ImSorryForUberInAG|102|1533
|player|p2|harsh634|red|1829
|teamsize|p1|6
|teamsize|p2|6
|gen|8
|tier|[Gen 8] National Dex AG
|rated|
|rule|HP Percentage Mod: HP is shown in percentages
|rule|Endless Battle Clause: Forcing endless battles is banned
|clearpoke
|poke|p1|Arceus-*|
|poke|p1|Groudon|
|poke|p1|Arceus-*|
|poke|p1|Yveltal|
|poke|p1|Necrozma-Dusk-Mane|
|poke|p1|Calyrex-Shadow|
|poke|p2|Arceus-*|
|poke|p2|Excadrill, M|
|poke|p2|Smeargle, F|
|poke|p2|Smeargle, F|
|poke|p2|Xerneas-*|
|poke|p2|Rayquaza|
|teampreview
|inactive|Battle timer is ON: inactive players will automatically lose when time's up. (requested by harsh634)
|
|t:|1667739889
|start
|switch|p1a: Necrozma|Necrozma-Dusk-Mane|100/100
|switch|p2a: Excadrill|Excadrill, M|100/100
|-ability|p2a: Excadrill|Mold Breaker
|turn|1
|
|t:|1667739898
|move|p2a: Excadrill|Stealth Rock|p1a: Necrozma
|-sidestart|p1: ImSorryForUberInAG|move: Stealth Rock
|move|p1a: Necrozma|Stealth Rock|p2a: Excadrill
|-sidestart|p2: harsh634|move: Stealth Rock
|
|upkeep
|turn|2
|
|t:|1667739902
|move|p2a: Excadrill|Earthquake|p1a: Necrozma
|-supereffective|p1a: Necrozma
|-damage|p1a: Necrozma|56/100
|move|p1a: Necrozma|Iron Head|p2a: Excadrill
|-resisted|p2a: Excadrill
|-damage|p2a: Excadrill|70/100
|
|upkeep
|turn|3
|
|t:|1667739912
|switch|p1a: Yveltal|Yveltal|100/100
|-ability|p1a: Yveltal|Dark Aura
|move|p2a: Excadrill|Rapid Spin|p1a: Yveltal
|-damage|p1a: Yveltal|86/100
|-boost|p2a: Excadrill|spe|1
|-sideend|p2: harsh634|Stealth Rock|[from] move: Rapid Spin|[of] p2a: Excadrill
|
|upkeep
|turn|4
|j| Shanks From East
|
|t:|1667739921
|move|p2a: Excadrill|Rock Tomb|p1a: Yveltal|[miss]
|-miss|p2a: Excadrill|p1a: Yveltal
|move|p1a: Yveltal|Foul Play|p2a: Excadrill
|-damage|p2a: Excadrill|0 fnt
|faint|p2a: Excadrill
|
|upkeep
|
|t:|1667739927
|switch|p2a: Smeargle|Smeargle, F|100/100
|turn|5
|
|t:|1667739931
|switch|p1a: Necrozma|Necrozma-Dusk-Mane|56/100
|-damage|p1a: Necrozma|50/100|[from] Stealth Rock
|move|p2a: Smeargle|Spore|p1a: Necrozma
|-activate|p1a: Necrozma|item: Safety Goggles|Spore
|
|-ability|p2a: Smeargle|Moody|boost
|-boost|p2a: Smeargle|spd|2
|-unboost|p2a: Smeargle|def|1
|upkeep
|turn|6
|
|t:|1667739940
|move|p2a: Smeargle|Taunt|p1a: Necrozma
|-start|p1a: Necrozma|move: Taunt
|cant|p1a: Necrozma|move: Taunt|Moonlight
|
|-ability|p2a: Smeargle|Moody|boost
|-boost|p2a: Smeargle|spa|2
|-unboost|p2a: Smeargle|spd|1
|upkeep
|turn|7
|
|t:|1667739946
|move|p2a: Smeargle|Sticky Web|p1a: Necrozma
|-sidestart|p1: ImSorryForUberInAG|move: Sticky Web
|move|p1a: Necrozma|Iron Head|p2a: Smeargle
|-enditem|p2a: Smeargle|Focus Sash
|-damage|p2a: Smeargle|1/100
|
|-ability|p2a: Smeargle|Moody|boost
|-boost|p2a: Smeargle|spa|2
|-unboost|p2a: Smeargle|spd|1
|upkeep
|turn|8
|
|t:|1667739959
|move|p2a: Smeargle|Taunt||[still]
|-fail|p2a: Smeargle
|move|p1a: Necrozma|Iron Head|p2a: Smeargle
|-damage|p2a: Smeargle|0 fnt
|faint|p2a: Smeargle
|
|-end|p1a: Necrozma|move: Taunt
|upkeep
|
|t:|1667739965
|switch|p2a: Rayquaza|Rayquaza|100/100
|-ability|p2a: Rayquaza|Air Lock
|turn|9
|
|t:|1667739971
|switch|p1a: Arceus|Arceus-Water|100/100
|-damage|p1a: Arceus|88/100|[from] Stealth Rock
|-activate|p1a: Arceus|move: Sticky Web
|-unboost|p1a: Arceus|spe|1
|detailschange|p2a: Rayquaza|Rayquaza-Mega
|-mega|p2a: Rayquaza|Rayquaza|
|-weather|DeltaStream|[from] ability: Delta Stream|[of] p2a: Rayquaza
|move|p2a: Rayquaza|Earthquake|p1a: Arceus
|-damage|p1a: Arceus|60/100
|-damage|p2a: Rayquaza|91/100|[from] item: Life Orb
|
|-weather|DeltaStream|[upkeep]
|upkeep
|turn|10
|
|t:|1667739982
|move|p2a: Rayquaza|Swords Dance|p2a: Rayquaza
|-boost|p2a: Rayquaza|atk|2
|move|p1a: Arceus|Ice Beam|p2a: Rayquaza
|-activate||deltastream
|-supereffective|p2a: Rayquaza
|-damage|p2a: Rayquaza|43/100
|
|-weather|DeltaStream|[upkeep]
|upkeep
|turn|11
|l| Shanks From East
|
|t:|1667739991
|move|p2a: Rayquaza|Dragon Ascent|p1a: Arceus
|-damage|p1a: Arceus|0 fnt
|-unboost|p2a: Rayquaza|def|1
|-unboost|p2a: Rayquaza|spd|1
|faint|p1a: Arceus
|-damage|p2a: Rayquaza|33/100|[from] item: Life Orb
|
|-weather|DeltaStream|[upkeep]
|upkeep
|
|t:|1667739998
|switch|p1a: Yveltal|Yveltal|86/100
|-ability|p1a: Yveltal|Dark Aura
|turn|12
|
|t:|1667740003
|move|p2a: Rayquaza|Extreme Speed|p1a: Yveltal
|-damage|p1a: Yveltal|16/100
|-damage|p2a: Rayquaza|23/100|[from] item: Life Orb
|move|p1a: Yveltal|Defog|p2a: Rayquaza
|-unboost|p2a: Rayquaza|evasion|1
|-sideend|p1: ImSorryForUberInAG|Stealth Rock|[from] move: Defog|[of] p1a: Yveltal
|-sideend|p1: ImSorryForUberInAG|Sticky Web|[from] move: Defog|[of] p1a: Yveltal
|
|-weather|DeltaStream|[upkeep]
|upkeep
|turn|13
|
|t:|1667740018
|move|p2a: Rayquaza|Extreme Speed|p1a: Yveltal
|-damage|p1a: Yveltal|0 fnt
|faint|p1a: Yveltal
|-damage|p2a: Rayquaza|13/100|[from] item: Life Orb
|
|-weather|DeltaStream|[upkeep]
|upkeep
|
|t:|1667740024
|switch|p1a: Calyrex|Calyrex-Shadow|100/100
|-ability|p1a: Calyrex|As One
|-ability|p1a: Calyrex|Unnerve
|turn|14
|
|t:|1667740040
|move|p1a: Calyrex|Draining Kiss|p2a: Rayquaza
|-supereffective|p2a: Rayquaza
|-damage|p2a: Rayquaza|0 fnt
|faint|p2a: Rayquaza
|-weather|none
|-ability|p1a: Calyrex|Grim Neigh|boost
|-boost|p1a: Calyrex|spa|1
|
|upkeep
|
|t:|1667740056
|switch|p2a: Xerneas|Xerneas|100/100
|-ability|p2a: Xerneas|Fairy Aura
|turn|15
|
|t:|1667740061
|-start|p1a: Calyrex|Dynamax|
|-heal|p1a: Calyrex|100/100|[silent]
|-start|p2a: Xerneas|Dynamax|
|-heal|p2a: Xerneas|100/100|[silent]
|move|p1a: Calyrex|Max Phantasm|p2a: Xerneas
|-damage|p2a: Xerneas|44/100
|-unboost|p2a: Xerneas|def|1
|move|p2a: Xerneas|Max Starfall|p1a: Calyrex
|-damage|p1a: Calyrex|52/100
|-fieldstart|move: Misty Terrain
|
|upkeep
|turn|16
|
|t:|1667740079
|-end|p2a: Xerneas|Dynamax
|-heal|p2a: Xerneas|45/100|[silent]
|switch|p2a: Smeargle|Smeargle, F|100/100
|move|p1a: Calyrex|Max Phantasm|p2a: Smeargle
|-immune|p2a: Smeargle
|
|-ability|p2a: Smeargle|Moody|boost
|-boost|p2a: Smeargle|atk|2
|-unboost|p2a: Smeargle|def|1
|upkeep
|turn|17
|inactive|harsh634 has 120 seconds left.
|
|t:|1667740099
|-end|p1a: Calyrex|Dynamax
|-heal|p1a: Calyrex|52/100|[silent]
|switch|p1a: Necrozma|Necrozma-Dusk-Mane|50/100
|switch|p2a: Arceus|Arceus-Ghost|100/100
|
|upkeep
|turn|18
|inactive|harsh634 has 120 seconds left.
|
|t:|1667740116
|switch|p1a: Groudon|Groudon|100/100
|detailschange|p1a: Groudon|Groudon-Primal
|-primal|p1a: Groudon
|-weather|DesolateLand|[from] ability: Desolate Land|[of] p1a: Groudon
|move|p2a: Arceus|Shadow Force||[still]
|-prepare|p2a: Arceus|Shadow Force
|
|-weather|DesolateLand|[upkeep]
|upkeep
|turn|19
|inactive|harsh634 has 120 seconds left.
|
|t:|1667740128
|move|p2a: Arceus|Shadow Force|p1a: Groudon|[from]lockedmove
|-damage|p1a: Groudon|64/100
|move|p1a: Groudon|Stealth Rock|p2a: Arceus
|-sidestart|p2: harsh634|move: Stealth Rock
|
|-weather|DesolateLand|[upkeep]
|-fieldend|Misty Terrain
|upkeep
|turn|20
|
|t:|1667740134
|move|p2a: Arceus|Swords Dance|p2a: Arceus
|-boost|p2a: Arceus|atk|2
|move|p1a: Groudon|Precipice Blades|p2a: Arceus
|-damage|p2a: Arceus|52/100
|
|-weather|DesolateLand|[upkeep]
|upkeep
|turn|21
|
|t:|1667740140
|move|p2a: Arceus|Shadow Force||[still]
|-prepare|p2a: Arceus|Shadow Force
|move|p1a: Groudon|Precipice Blades|p2a: Arceus|[miss]
|-miss|p1a: Groudon|p2a: Arceus
|
|-weather|DesolateLand|[upkeep]
|upkeep
|turn|22
|
|t:|1667740146
|move|p2a: Arceus|Shadow Force|p1a: Groudon|[from]lockedmove
|-damage|p1a: Groudon|0 fnt
|faint|p1a: Groudon
|-weather|none
|
|upkeep
|
|t:|1667740152
|switch|p1a: Calyrex|Calyrex-Shadow|52/100
|-ability|p1a: Calyrex|As One
|-ability|p1a: Calyrex|Unnerve
|turn|23
|
|t:|1667740162
|switch|p2a: Smeargle|Smeargle, F|100/100
|-damage|p2a: Smeargle|88/100|[from] Stealth Rock
|move|p1a: Calyrex|Substitute|p1a: Calyrex
|-start|p1a: Calyrex|Substitute
|-damage|p1a: Calyrex|27/100
|
|-heal|p2a: Smeargle|94/100|[from] item: Leftovers
|-ability|p2a: Smeargle|Moody|boost
|-boost|p2a: Smeargle|spd|2
|-unboost|p2a: Smeargle|spe|1
|upkeep
|turn|24
|
|t:|1667740176
|switch|p2a: Arceus|Arceus-Ghost|52/100
|-damage|p2a: Arceus|39/100|[from] Stealth Rock
|move|p1a: Calyrex|Nasty Plot|p1a: Calyrex
|-boost|p1a: Calyrex|spa|2
|
|upkeep
|turn|25
|
|t:|1667740183
|move|p1a: Calyrex|Astral Barrage|p2a: Arceus
|-supereffective|p2a: Arceus
|-damage|p2a: Arceus|0 fnt
|faint|p2a: Arceus
|-ability|p1a: Calyrex|Grim Neigh|boost
|-boost|p1a: Calyrex|spa|1
|
|upkeep
|
|t:|1667740187
|switch|p2a: Smeargle|Smeargle, F|94/100
|-damage|p2a: Smeargle|82/100|[from] Stealth Rock
|turn|26
|
|t:|1667740193
|move|p1a: Calyrex|Draining Kiss|p2a: Smeargle
|-damage|p2a: Smeargle|0 fnt
|-heal|p1a: Calyrex|72/100|[from] drain|[of] p2a: Smeargle
|faint|p2a: Smeargle
|-ability|p1a: Calyrex|Grim Neigh|boost
|-boost|p1a: Calyrex|spa|1
|
|upkeep
|-message|harsh634 forfeited.
|
|win|ImSorryForUberInAG
|raw|ImSorryForUberInAG's rating: 1533 &rarr; <strong>1567</strong><br />(+34 for winning)
|raw|harsh634's rating: 1829 &rarr; <strong>1795</strong><br />(-34 for losing)
|l|☆harsh634
|c|☆ImSorryForUberInAG|gg
|c|☆ImSorryForUberInAG|WAIT WHAT
|c|☆ImSorryForUberInAG|IT WAS 1800
||Ladder isn't responding, score probably updated but might not have (Request timeout).
