|j|☆Greninja kun 56
|j|☆IamHrrimann
|t:|1635674206
|gametype|singles
|player|p1|Greninja kun 56|ash-kalos|
|player|p2|IamHrrimann|hilbert|
|teamsize|p1|6
|teamsize|p2|6
|gen|8
|tier|[Gen 8] National Dex AG
|rule|HP Percentage Mod: HP is shown in percentages
|rule|Endless Battle Clause: Forcing endless battles is banned
|clearpoke
|poke|p1|Gyarados, F|
|poke|p1|Mandibuzz, F|
|poke|p1|Magearna|
|poke|p1|Marowak-Alola, M|
|poke|p1|Xerneas-*|
|poke|p1|Toxapex, M|
|poke|p2|Gengar, F|
|poke|p2|Zacian-*|
|poke|p2|Toxapex, M|
|poke|p2|Incineroar, F|
|poke|p2|Naganadel|
|poke|p2|Klefki, F|
|teampreview
|
|t:|1635674239
|start
|switch|p1a: Toxapex|Toxapex, M|100/100
|switch|p2a: Klefki|Klefki, F|100/100
|turn|1
|
|t:|1635674247
|move|p2a: Klefki|Light Screen|p2a: Klefki
|-sidestart|p2: IamHrrimann|move: Light Screen
|move|p1a: Toxapex|Toxic Spikes|p2a: Klefki
|-sidestart|p2: IamHrrimann|move: Toxic Spikes
|
|upkeep
|turn|2
|
|t:|1635674257
|switch|p1a: Mandibuzz|Mandibuzz, F|100/100
|move|p2a: Klefki|Reflect|p2a: Klefki
|-sidestart|p2: IamHrrimann|Reflect
|
|upkeep
|turn|3
|
|t:|1635674264
|move|p2a: Klefki|Thunder Wave|p1a: Mandibuzz
|-hint|Since gen 7, Dark is immune to Prankster moves.
|-immune|p1a: Mandibuzz
|move|p1a: Mandibuzz|Defog|p2a: Klefki
|-unboost|p2a: Klefki|evasion|1
|-sideend|p2: IamHrrimann|Reflect
|-sideend|p2: IamHrrimann|move: Light Screen
|-sideend|p2: IamHrrimann|Toxic Spikes|[from] move: Defog|[of] p1a: Mandibuzz
|
|upkeep
|turn|4
|
|t:|1635674273
|move|p2a: Klefki|Light Screen|p2a: Klefki
|-sidestart|p2: IamHrrimann|move: Light Screen
|move|p1a: Mandibuzz|Nasty Plot|p1a: Mandibuzz
|-boost|p1a: Mandibuzz|spa|2
|
|upkeep
|turn|5
|
|t:|1635674281
|move|p1a: Mandibuzz|Defog|p2a: Klefki
|-unboost|p2a: Klefki|evasion|1
|-sideend|p2: IamHrrimann|move: Light Screen
|move|p2a: Klefki|Dazzling Gleam|p1a: Mandibuzz
|-supereffective|p1a: Mandibuzz
|-damage|p1a: Mandibuzz|54/100
|-enditem|p1a: Mandibuzz|Weakness Policy
|-boost|p1a: Mandibuzz|atk|2|[from] item: Weakness Policy
|-boost|p1a: Mandibuzz|spa|2|[from] item: Weakness Policy
|
|upkeep
|turn|6
|
|t:|1635674324
|move|p2a: Klefki|Light Screen|p2a: Klefki
|-sidestart|p2: IamHrrimann|move: Light Screen
|move|p1a: Mandibuzz|Air Slash|p2a: Klefki
|-resisted|p2a: Klefki
|-damage|p2a: Klefki|77/100
|
|upkeep
|turn|7
|
|t:|1635674332
|move|p1a: Mandibuzz|Defog|p2a: Klefki
|-unboost|p2a: Klefki|evasion|1
|-sideend|p2: IamHrrimann|move: Light Screen
|move|p2a: Klefki|Dazzling Gleam|p1a: Mandibuzz
|-supereffective|p1a: Mandibuzz
|-damage|p1a: Mandibuzz|14/100
|
|upkeep
|turn|8
|
|t:|1635674340
|move|p2a: Klefki|Light Screen|p2a: Klefki
|-sidestart|p2: IamHrrimann|move: Light Screen
|move|p1a: Mandibuzz|Air Slash|p2a: Klefki
|-resisted|p2a: Klefki
|-damage|p2a: Klefki|55/100
|
|upkeep
|turn|9
|
|t:|1635674347
|move|p1a: Mandibuzz|Air Slash|p2a: Klefki
|-resisted|p2a: Klefki
|-damage|p2a: Klefki|32/100
|cant|p2a: Klefki|flinch
|
|upkeep
|turn|10
|
|t:|1635674357
|move|p2a: Klefki|Reflect|p2a: Klefki
|-sidestart|p2: IamHrrimann|Reflect
|move|p1a: Mandibuzz|Air Slash|p2a: Klefki
|-resisted|p2a: Klefki
|-damage|p2a: Klefki|9/100
|
|upkeep
|turn|11
|
|t:|1635674367
|move|p1a: Mandibuzz|Defog|p2a: Klefki
|-unboost|p2a: Klefki|evasion|1
|-sideend|p2: IamHrrimann|Reflect
|-sideend|p2: IamHrrimann|move: Light Screen
|move|p2a: Klefki|Dazzling Gleam|p1a: Mandibuzz
|-supereffective|p1a: Mandibuzz
|-damage|p1a: Mandibuzz|0 fnt
|faint|p1a: Mandibuzz
|
|upkeep
|
|t:|1635674379
|switch|p1a: Marowak|Marowak-Alola, M, shiny|100/100
|turn|12
|
|t:|1635674401
|move|p2a: Klefki|Reflect|p2a: Klefki
|-sidestart|p2: IamHrrimann|Reflect
|move|p1a: Marowak|Flare Blitz|p2a: Klefki
|-supereffective|p2a: Klefki
|-damage|p2a: Klefki|0 fnt
|faint|p2a: Klefki
|
|upkeep
|
|t:|1635674413
|switch|p2a: Incineroar|Incineroar, F, shiny|100/100
|-ability|p2a: Incineroar|Intimidate|boost
|-unboost|p1a: Marowak|atk|1
|turn|13
|
|t:|1635674423
|switch|p1a: Toxapex|Toxapex, M|100/100
|move|p2a: Incineroar|Parting Shot|p1a: Toxapex
|-unboost|p1a: Toxapex|atk|1
|-unboost|p1a: Toxapex|spa|1
|
|t:|1635674432
|switch|p2a: Gengar|Gengar, F, shiny|100/100|[from]move: Parting Shot
|
|upkeep
|turn|14
|
|t:|1635674448
|detailschange|p2a: Gengar|Gengar-Mega, F, shiny
|-mega|p2a: Gengar|Gengar|Gengarite
|move|p1a: Toxapex|Baneful Bunker|p1a: Toxapex
|-singleturn|p1a: Toxapex|move: Protect
|move|p2a: Gengar|Substitute|p2a: Gengar
|-start|p2a: Gengar|Substitute
|-damage|p2a: Gengar|76/100
|
|upkeep
|turn|15
|
|t:|1635674458
|move|p2a: Gengar|Nasty Plot|p2a: Gengar
|-boost|p2a: Gengar|spa|2
|move|p1a: Toxapex|Scald|p2a: Gengar
|-activate|p2a: Gengar|move: Substitute|[damage]
|
|upkeep
|turn|16
|
|t:|1635674466
|move|p2a: Gengar|Shadow Ball|p1a: Toxapex
|-damage|p1a: Toxapex|10/100
|move|p1a: Toxapex|Haze|p1a: Toxapex
|-clearallboost
|
|upkeep
|turn|17
|
|t:|1635674487
|move|p2a: Gengar|Nasty Plot|p2a: Gengar
|-boost|p2a: Gengar|spa|2
|move|p1a: Toxapex|Haze|p1a: Toxapex
|-clearallboost
|
|upkeep
|turn|18
|
|t:|1635674495
|move|p2a: Gengar|Shadow Ball|p1a: Toxapex
|-damage|p1a: Toxapex|0 fnt
|faint|p1a: Toxapex
|
|upkeep
|
|t:|1635674497
|switch|p1a: Gyarados|Gyarados, F, shiny|100/100
|-ability|p1a: Gyarados|Intimidate|boost
|-immune|p2a: Gengar
|turn|19
|
|t:|1635674509
|move|p2a: Gengar|Sludge Bomb|p1a: Gyarados
|-damage|p1a: Gyarados|38/100
|-status|p1a: Gyarados|psn
|move|p1a: Gyarados|Substitute|p1a: Gyarados
|-start|p1a: Gyarados|Substitute
|-damage|p1a: Gyarados|13/100 psn
|
|-damage|p1a: Gyarados|0 fnt|[from] psn
|faint|p1a: Gyarados
|-sideend|p2: IamHrrimann|Reflect
|upkeep
|
|t:|1635674514
|switch|p1a: Magearna|Magearna|100/100
|turn|20
|
|t:|1635674532
|move|p2a: Gengar|Nasty Plot|p2a: Gengar
|-boost|p2a: Gengar|spa|2
|move|p1a: Magearna|Shift Gear|p1a: Magearna
|-boost|p1a: Magearna|spe|2
|-boost|p1a: Magearna|atk|1
|
|upkeep
|turn|21
|
|t:|1635674540
|move|p1a: Magearna|Thunderbolt|p2a: Gengar
|-crit|p2a: Gengar
|-end|p2a: Gengar|Substitute
|move|p2a: Gengar|Shadow Ball|p1a: Magearna
|-damage|p1a: Magearna|0 fnt
|faint|p1a: Magearna
|
|upkeep
|
|t:|1635674543
|switch|p1a: Xerneas|Xerneas|100/100
|-ability|p1a: Xerneas|Fairy Aura
|turn|22
|
|t:|1635674552
|move|p2a: Gengar|Sludge Bomb|p1a: Xerneas
|-supereffective|p1a: Xerneas
|-damage|p1a: Xerneas|0 fnt
|faint|p1a: Xerneas
|
|upkeep
|
|t:|1635674554
|switch|p1a: Marowak|Marowak-Alola, M, shiny|100/100
|turn|23
|
|t:|1635674560
|move|p2a: Gengar|Shadow Ball|p1a: Marowak
|-supereffective|p1a: Marowak
|-damage|p1a: Marowak|0 fnt
|faint|p1a: Marowak
|
|win|IamHrrimann
|c|☆IamHrrimann|Gg
|l|☆Greninja kun 56
