|j|☆Azero1202
|j|☆rowletroost
|t:|1641774478
|gametype|singles
|player|p1|Azero1202|hilbert-wonderlauncher|1577
|player|p2|rowletroost|aromalady|1614
|teamsize|p1|6
|teamsize|p2|6
|gen|8
|tier|[Gen 8] National Dex AG
|rated|
|rule|HP Percentage Mod: HP is shown in percentages
|rule|Endless Battle Clause: Forcing endless battles is banned
|clearpoke
|poke|p1|Calyrex-Shadow|
|poke|p1|Yveltal|
|poke|p1|Deoxys-Speed|
|poke|p1|Zacian-*|
|poke|p1|Arceus-*|
|poke|p1|Sableye, F|
|poke|p2|Arceus-*|
|poke|p2|Xerneas-*|
|poke|p2|Kyogre|
|poke|p2|Marshadow|
|poke|p2|Ribombee, M|
|poke|p2|Vivillon-Savanna, F|
|teampreview
|inactive|Battle timer is ON: inactive players will automatically lose when time's up. (requested by rowletroost)
|
|t:|1641774493
|start
|switch|p1a: Deoxys|Deoxys-Speed|100/100
|switch|p2a: Ribombee|Ribombee, M, shiny|100/100
|-ability|p1a: Deoxys|Pressure
|turn|1
|
|t:|1641774503
|switch|p1a: Arceus|Arceus|100/100
|move|p2a: Ribombee|Moonblast|p1a: Arceus
|-damage|p1a: Arceus|74/100
|-unboost|p1a: Arceus|spa|1
|
|-heal|p1a: Arceus|80/100|[from] item: Leftovers
|upkeep
|turn|2
|
|t:|1641774515
|switch|p1a: Sableye|Sableye, F|100/100
|move|p2a: Ribombee|Sticky Web|p1a: Sableye
|-sidestart|p1: Azero1202|move: Sticky Web
|
|upkeep
|turn|3
|
|t:|1641774525
|move|p1a: Sableye|Will-O-Wisp|p2a: Ribombee
|-status|p2a: Ribombee|brn
|move|p2a: Ribombee|Moonblast|p1a: Sableye
|-supereffective|p1a: Sableye
|-damage|p1a: Sableye|23/100
|
|-damage|p2a: Ribombee|94/100 brn|[from] brn
|upkeep
|turn|4
|
|t:|1641774535
|switch|p1a: Arceus|Arceus|80/100
|-activate|p1a: Arceus|move: Sticky Web
|-unboost|p1a: Arceus|spe|1
|move|p2a: Ribombee|Moonblast|p1a: Arceus
|-damage|p1a: Arceus|49/100
|
|-heal|p1a: Arceus|55/100|[from] item: Leftovers
|-damage|p2a: Ribombee|88/100 brn|[from] brn
|upkeep
|turn|5
|inactive|rowletroost has 120 seconds left.
|
|t:|1641774577
|move|p2a: Ribombee|Moonblast|p1a: Arceus
|-crit|p1a: Arceus
|-damage|p1a: Arceus|10/100
|-unboost|p1a: Arceus|spa|1
|move|p1a: Arceus|Defog|p2a: Ribombee
|-unboost|p2a: Ribombee|evasion|1
|-sideend|p1: Azero1202|Sticky Web|[from] move: Defog|[of] p1a: Arceus
|
|-heal|p1a: Arceus|16/100|[from] item: Leftovers
|-damage|p2a: Ribombee|82/100 brn|[from] brn
|upkeep
|turn|6
|
|t:|1641774584
|move|p2a: Ribombee|Sticky Web|p1a: Arceus
|-sidestart|p1: Azero1202|move: Sticky Web
|move|p1a: Arceus|Judgment|p2a: Ribombee
|-damage|p2a: Ribombee|28/100 brn
|
|-heal|p1a: Arceus|23/100|[from] item: Leftovers
|-damage|p2a: Ribombee|22/100 brn|[from] brn
|upkeep
|turn|7
|
|t:|1641774589
|move|p1a: Arceus|Extreme Speed|p2a: Ribombee
|-damage|p2a: Ribombee|0 fnt
|faint|p2a: Ribombee
|
|-heal|p1a: Arceus|29/100|[from] item: Leftovers
|upkeep
|
|t:|1641774591
|switch|p2a: Marshadow|Marshadow|100/100
|turn|8
|
|t:|1641774595
|switch|p1a: Sableye|Sableye, F|23/100
|-activate|p1a: Sableye|move: Sticky Web
|-unboost|p1a: Sableye|spe|1
|move|p2a: Marshadow|Close Combat|p1a: Sableye
|-immune|p1a: Sableye
|
|upkeep
|turn|9
|
|t:|1641774601
|move|p1a: Sableye|Recover|p1a: Sableye
|-heal|p1a: Sableye|73/100
|move|p2a: Marshadow|Spectral Thief|p1a: Sableye
|-damage|p1a: Sableye|12/100
|
|upkeep
|turn|10
|
|t:|1641774609
|move|p1a: Sableye|Will-O-Wisp|p2a: Marshadow
|-status|p2a: Marshadow|brn
|move|p2a: Marshadow|Spectral Thief|p1a: Sableye
|-damage|p1a: Sableye|0 fnt
|faint|p1a: Sableye
|
|-damage|p2a: Marshadow|94/100 brn|[from] brn
|upkeep
|
|t:|1641774627
|switch|p1a: Yveltal|Yveltal|100/100
|-ability|p1a: Yveltal|Dark Aura
|turn|11
|
|t:|1641774641
|move|p2a: Marshadow|Rock Tomb|p1a: Yveltal
|-supereffective|p1a: Yveltal
|-damage|p1a: Yveltal|76/100
|-unboost|p1a: Yveltal|spe|1
|move|p1a: Yveltal|Oblivion Wing|p2a: Marshadow
|-supereffective|p2a: Marshadow
|-damage|p2a: Marshadow|0 fnt
|-heal|p1a: Yveltal|100/100|[from] drain|[of] p2a: Marshadow
|faint|p2a: Marshadow
|
|upkeep
|
|t:|1641774644
|switch|p2a: Vivillon|Vivillon-Savanna, F|100/100
|turn|12
|
|t:|1641774648
|switch|p1a: Arceus|Arceus|29/100
|-activate|p1a: Arceus|move: Sticky Web
|-unboost|p1a: Arceus|spe|1
|move|p2a: Vivillon|Sleep Powder|p1a: Arceus
|-status|p1a: Arceus|slp|[from] move: Sleep Powder
|
|-heal|p1a: Arceus|35/100 slp|[from] item: Leftovers
|upkeep
|turn|13
|
|t:|1641774653
|move|p2a: Vivillon|Hurricane|p1a: Arceus
|-damage|p1a: Arceus|5/100 slp
|cant|p1a: Arceus|slp
|
|-heal|p1a: Arceus|11/100 slp|[from] item: Leftovers
|upkeep
|turn|14
|
|t:|1641774656
|move|p2a: Vivillon|Hurricane|p1a: Arceus
|-damage|p1a: Arceus|0 fnt
|faint|p1a: Arceus
|
|upkeep
|
|t:|1641774663
|switch|p1a: Deoxys|Deoxys-Speed|100/100
|-activate|p1a: Deoxys|move: Sticky Web
|-unboost|p1a: Deoxys|spe|1
|-ability|p1a: Deoxys|Pressure
|turn|15
|
|t:|1641774679
|switch|p2a: Kyogre|Kyogre, shiny|100/100
|detailschange|p2a: Kyogre|Kyogre-Primal, shiny
|-primal|p2a: Kyogre
|-weather|PrimordialSea|[from] ability: Primordial Sea|[of] p2a: Kyogre
|move|p1a: Deoxys|Taunt|p2a: Kyogre
|-start|p2a: Kyogre|move: Taunt
|
|-weather|PrimordialSea|[upkeep]
|upkeep
|turn|16
|
|t:|1641774688
|move|p1a: Deoxys|Stealth Rock|p2a: Kyogre
|-sidestart|p2: rowletroost|move: Stealth Rock
|move|p2a: Kyogre|Thunder|p1a: Deoxys
|-damage|p1a: Deoxys|35/100
|
|-weather|PrimordialSea|[upkeep]
|upkeep
|turn|17
|
|t:|1641774694
|move|p1a: Deoxys|Spikes|p2a: Kyogre
|-sidestart|p2: rowletroost|Spikes
|move|p2a: Kyogre|Thunder|p1a: Deoxys
|-damage|p1a: Deoxys|0 fnt
|faint|p1a: Deoxys
|
|-weather|PrimordialSea|[upkeep]
|-end|p2a: Kyogre|move: Taunt
|upkeep
|
|t:|1641774701
|switch|p1a: Yveltal|Yveltal|100/100
|-ability|p1a: Yveltal|Dark Aura
|turn|18
|
|t:|1641774709
|-start|p1a: Yveltal|Dynamax
|-heal|p1a: Yveltal|100/100|[silent]
|move|p1a: Yveltal|Max Flutterby|p2a: Kyogre
|-damage|p2a: Kyogre|73/100
|-unboost|p2a: Kyogre|spa|1
|move|p2a: Kyogre|Thunder|p1a: Yveltal
|-supereffective|p1a: Yveltal
|-damage|p1a: Yveltal|72/100
|-status|p1a: Yveltal|par
|
|-weather|PrimordialSea|[upkeep]
|-heal|p1a: Yveltal|75/100 par|[from] item: Leftovers
|upkeep
|turn|19
|
|t:|1641774713
|move|p2a: Kyogre|Thunder|p1a: Yveltal
|-supereffective|p1a: Yveltal
|-damage|p1a: Yveltal|43/100 par
|cant|p1a: Yveltal|par
|
|-weather|PrimordialSea|[upkeep]
|-heal|p1a: Yveltal|46/100 par|[from] item: Leftovers
|upkeep
|turn|20
|
|t:|1641774716
|move|p2a: Kyogre|Thunder|p1a: Yveltal
|-supereffective|p1a: Yveltal
|-damage|p1a: Yveltal|15/100 par
|move|p1a: Yveltal|Max Airstream|p2a: Kyogre
|-damage|p2a: Kyogre|31/100
|-boost|p1a: Yveltal|spe|1
|
|-weather|PrimordialSea|[upkeep]
|-heal|p1a: Yveltal|18/100 par|[from] item: Leftovers
|-end|p1a: Yveltal|Dynamax
|-heal|p1a: Yveltal|18/100 par|[silent]
|upkeep
|turn|21
|
|t:|1641774724
|move|p1a: Yveltal|Oblivion Wing|p2a: Kyogre
|-damage|p2a: Kyogre|6/100
|-heal|p1a: Yveltal|36/100 par|[from] drain|[of] p2a: Kyogre
|move|p2a: Kyogre|Thunder|p1a: Yveltal
|-supereffective|p1a: Yveltal
|-damage|p1a: Yveltal|0 fnt
|faint|p1a: Yveltal
|
|-weather|PrimordialSea|[upkeep]
|upkeep
|
|t:|1641774731
|switch|p1a: Calyrex|Calyrex-Shadow|100/100
|-ability|p1a: Calyrex|As One
|-ability|p1a: Calyrex|Unnerve
|-activate|p1a: Calyrex|move: Sticky Web
|-unboost|p1a: Calyrex|spe|1
|turn|22
|
|t:|1641774735
|move|p1a: Calyrex|Astral Barrage|p2a: Kyogre
|-damage|p2a: Kyogre|0 fnt
|faint|p2a: Kyogre
|-weather|none
|-ability|p1a: Calyrex|Grim Neigh|boost
|-boost|p1a: Calyrex|spa|1
|
|upkeep
|
|t:|1641774738
|switch|p2a: Arceus|Arceus-Ground|100/100
|-damage|p2a: Arceus|88/100|[from] Spikes
|-damage|p2a: Arceus|82/100|[from] Stealth Rock
|turn|23
|
|t:|1641774740
|move|p1a: Calyrex|Astral Barrage|p2a: Arceus
|-damage|p2a: Arceus|2/100
|move|p2a: Arceus|Defog|p1a: Calyrex
|-unboost|p1a: Calyrex|evasion|1
|-sideend|p1: Azero1202|Sticky Web|[from] move: Defog|[of] p2a: Arceus
|-sideend|p2: rowletroost|Spikes|[from] move: Defog|[of] p2a: Arceus
|-sideend|p2: rowletroost|Stealth Rock|[from] move: Defog|[of] p2a: Arceus
|
|upkeep
|turn|24
|
|t:|1641774747
|move|p1a: Calyrex|Astral Barrage|p2a: Arceus
|-damage|p2a: Arceus|0 fnt
|faint|p2a: Arceus
|-ability|p1a: Calyrex|Grim Neigh|boost
|-boost|p1a: Calyrex|spa|1
|
|upkeep
|
|t:|1641774750
|switch|p2a: Xerneas|Xerneas, shiny|100/100
|-ability|p2a: Xerneas|Fairy Aura
|turn|25
|
|t:|1641774774
|move|p1a: Calyrex|Astral Barrage|p2a: Xerneas
|-damage|p2a: Xerneas|0 fnt
|faint|p2a: Xerneas
|-ability|p1a: Calyrex|Grim Neigh|boost
|-boost|p1a: Calyrex|spa|1
|
|upkeep
|
|t:|1641774776
|switch|p2a: Vivillon|Vivillon-Savanna, F|100/100
|turn|26
|
|t:|1641774779
|move|p2a: Vivillon|Sleep Powder|p1a: Calyrex
|-status|p1a: Calyrex|slp|[from] move: Sleep Powder
|cant|p1a: Calyrex|slp
|
|upkeep
|turn|27
|
|t:|1641774782
|move|p2a: Vivillon|Substitute|p2a: Vivillon
|-start|p2a: Vivillon|Substitute
|-damage|p2a: Vivillon|76/100
|cant|p1a: Calyrex|slp
|
|-heal|p2a: Vivillon|82/100|[from] item: Leftovers
|upkeep
|turn|28
|
|t:|1641774786
|move|p2a: Vivillon|Quiver Dance|p2a: Vivillon
|-boost|p2a: Vivillon|spa|1
|-boost|p2a: Vivillon|spd|1
|-boost|p2a: Vivillon|spe|1
|-curestatus|p1a: Calyrex|slp|[msg]
|move|p1a: Calyrex|Astral Barrage|p2a: Vivillon
|-end|p2a: Vivillon|Substitute
|
|-heal|p2a: Vivillon|88/100|[from] item: Leftovers
|upkeep
|turn|29
|
|t:|1641774792
|move|p2a: Vivillon|Sleep Powder|p1a: Calyrex
|-status|p1a: Calyrex|slp|[from] move: Sleep Powder
|cant|p1a: Calyrex|slp
|
|-heal|p2a: Vivillon|94/100|[from] item: Leftovers
|upkeep
|turn|30
|
|t:|1641774794
|move|p2a: Vivillon|Substitute|p2a: Vivillon
|-start|p2a: Vivillon|Substitute
|-damage|p2a: Vivillon|69/100
|cant|p1a: Calyrex|slp
|
|-heal|p2a: Vivillon|75/100|[from] item: Leftovers
|upkeep
|turn|31
|
|t:|1641774796
|move|p2a: Vivillon|Quiver Dance|p2a: Vivillon
|-boost|p2a: Vivillon|spa|1
|-boost|p2a: Vivillon|spd|1
|-boost|p2a: Vivillon|spe|1
|cant|p1a: Calyrex|slp
|
|-heal|p2a: Vivillon|81/100|[from] item: Leftovers
|upkeep
|turn|32
|
|t:|1641774800
|move|p2a: Vivillon|Hurricane|p1a: Calyrex
|-damage|p1a: Calyrex|18/100 slp
|-curestatus|p1a: Calyrex|slp|[msg]
|move|p1a: Calyrex|Astral Barrage|p2a: Vivillon
|-end|p2a: Vivillon|Substitute
|
|-heal|p2a: Vivillon|87/100|[from] item: Leftovers
|upkeep
|turn|33
|
|t:|1641774803
|move|p2a: Vivillon|Sleep Powder|p1a: Calyrex
|-status|p1a: Calyrex|slp|[from] move: Sleep Powder
|cant|p1a: Calyrex|slp
|
|-heal|p2a: Vivillon|93/100|[from] item: Leftovers
|upkeep
|turn|34
|
|t:|1641774805
|move|p2a: Vivillon|Substitute|p2a: Vivillon
|-start|p2a: Vivillon|Substitute
|-damage|p2a: Vivillon|68/100
|cant|p1a: Calyrex|slp
|
|-heal|p2a: Vivillon|74/100|[from] item: Leftovers
|upkeep
|turn|35
|
|t:|1641774806
|move|p2a: Vivillon|Hurricane|p1a: Calyrex
|-damage|p1a: Calyrex|0 fnt
|faint|p1a: Calyrex
|
|-heal|p2a: Vivillon|80/100|[from] item: Leftovers
|upkeep
|
|t:|1641774808
|switch|p1a: Zacian|Zacian-Crowned|100/100
|-ability|p1a: Zacian|Intrepid Sword|boost
|-boost|p1a: Zacian|atk|1
|turn|36
|
|t:|1641774810
|move|p2a: Vivillon|Sleep Powder|p1a: Zacian
|-status|p1a: Zacian|slp|[from] move: Sleep Powder
|cant|p1a: Zacian|slp
|
|-heal|p2a: Vivillon|86/100|[from] item: Leftovers
|upkeep
|turn|37
|
|t:|1641774812
|move|p2a: Vivillon|Hurricane|p1a: Zacian
|-resisted|p1a: Zacian
|-damage|p1a: Zacian|58/100 slp
|cant|p1a: Zacian|slp
|
|-heal|p2a: Vivillon|92/100|[from] item: Leftovers
|upkeep
|turn|38
|
|t:|1641774814
|move|p2a: Vivillon|Hurricane|p1a: Zacian
|-resisted|p1a: Zacian
|-damage|p1a: Zacian|13/100 slp
|-curestatus|p1a: Zacian|slp|[msg]
|move|p1a: Zacian|Behemoth Blade|p2a: Vivillon
|-end|p2a: Vivillon|Substitute
|
|-heal|p2a: Vivillon|98/100|[from] item: Leftovers
|upkeep
|turn|39
|
|t:|1641774816
|move|p2a: Vivillon|Sleep Powder|p1a: Zacian
|-status|p1a: Zacian|slp|[from] move: Sleep Powder
|cant|p1a: Zacian|slp
|
|-heal|p2a: Vivillon|100/100|[from] item: Leftovers
|upkeep
|turn|40
|
|t:|1641774818
|-start|p2a: Vivillon|Dynamax
|-heal|p2a: Vivillon|100/100|[silent]
|move|p2a: Vivillon|Max Airstream|p1a: Zacian
|-resisted|p1a: Zacian
|-damage|p1a: Zacian|0 fnt
|-boost|p2a: Vivillon|spe|1
|faint|p1a: Zacian
|
|win|rowletroost
|raw|Azero1202's rating: 1577 &rarr; <strong>1560</strong><br />(-17 for losing)
|raw|rowletroost's rating: 1630 &rarr; <strong>1647</strong><br />(+17 for winning)
