|j|☆JAY100064
|j|☆Thebad1one
|inactive|Battle timer is ON: inactive players will automatically lose when time's up.
|t:|1646832236
|gametype|singles
|player|p1|JAY100064|tuber|
|player|p2|Thebad1one|170|
|teamsize|p1|6
|teamsize|p2|6
|gen|8
|tier|[Gen 8] National Dex AG
|rated|Tournament battle
|rule|HP Percentage Mod: HP is shown in percentages
|rule|Endless Battle Clause: Forcing endless battles is banned
|clearpoke
|poke|p1|Chansey, F|
|poke|p1|Giratina|
|poke|p1|Sableye, M|
|poke|p1|Necrozma-Dusk-Mane|
|poke|p1|Ho-Oh|
|poke|p1|Arceus-*|
|poke|p2|Zygarde|
|poke|p2|Rayquaza|
|poke|p2|Kyogre|
|poke|p2|Necrozma-Dusk-Mane|
|poke|p2|Zacian-*|
|poke|p2|Arceus-*|
|teampreview
|j| Secret winner
|
|t:|1646832250
|start
|switch|p1a: Sableye|Sableye, M, shiny|100/100
|switch|p2a: Arceus|Arceus-Fairy, shiny|100/100
|turn|1
|
|t:|1646832257
|detailschange|p1a: Sableye|Sableye-Mega, M, shiny
|-mega|p1a: Sableye|Sableye|Sablenite
|move|p1a: Sableye|Fake Out|p2a: Arceus
|-damage|p2a: Arceus|95/100
|cant|p2a: Arceus|flinch
|
|upkeep
|turn|2
|
|t:|1646832276
|switch|p1a: Chansey|Chansey, F, shiny|100/100
|move|p2a: Arceus|Judgment|p1a: Chansey
|-damage|p1a: Chansey|89/100
|
|upkeep
|turn|3
|
|t:|1646832297
|switch|p2a: Necrozma|Necrozma-Dusk-Mane|100/100
|move|p1a: Chansey|Thunder Wave|p2a: Necrozma
|-status|p2a: Necrozma|par
|
|upkeep
|turn|4
|
|t:|1646832303
|switch|p1a: Sableye|Sableye-Mega, M, shiny|100/100
|move|p2a: Necrozma|Sunsteel Strike|p1a: Sableye
|-damage|p1a: Sableye|66/100
|
|upkeep
|turn|5
|l| Secret winner
|inactive|Thebad1one has 120 seconds left.
|
|t:|1646832339
|move|p2a: Necrozma|Earthquake|p1a: Sableye
|-damage|p1a: Sableye|44/100
|move|p1a: Sableye|Recover|p1a: Sableye
|-heal|p1a: Sableye|94/100
|
|upkeep
|turn|6
|
|t:|1646832362
|switch|p2a: Arceus|Arceus-Fairy, shiny|95/100
|move|p1a: Sableye|Will-O-Wisp|p2a: Arceus|[miss]
|-miss|p1a: Sableye|p2a: Arceus
|
|upkeep
|turn|7
|inactive|Thebad1one has 90 seconds left.
|
|t:|1646832382
|switch|p1a: Ho-Oh|Ho-Oh, shiny|100/100
|move|p2a: Arceus|Judgment|p1a: Ho-Oh
|-resisted|p1a: Ho-Oh
|-crit|p1a: Ho-Oh
|-damage|p1a: Ho-Oh|82/100
|
|upkeep
|turn|8
|inactive|Thebad1one has 90 seconds left.
|
|t:|1646832413
|switch|p2a: Kyogre|Kyogre, shiny|100/100
|detailschange|p2a: Kyogre|Kyogre-Primal, shiny
|-primal|p2a: Kyogre
|-weather|PrimordialSea|[from] ability: Primordial Sea|[of] p2a: Kyogre
|move|p1a: Ho-Oh|Sacred Fire||[still]
|-fail|p1a: Ho-Oh|Sacred Fire|[from] Primordial Sea
|
|-weather|PrimordialSea|[upkeep]
|upkeep
|turn|9
|
|t:|1646832436
|switch|p1a: Chansey|Chansey, F, shiny|89/100
|move|p2a: Kyogre|Water Spout|p1a: Chansey
|-damage|p1a: Chansey|52/100
|
|-weather|PrimordialSea|[upkeep]
|upkeep
|turn|10
|inactive|Thebad1one has 60 seconds left.
|j| heatransupremacy
|
|t:|1646832462
|-weather|none
|switch|p2a: Necrozma|Necrozma-Dusk-Mane|100/100 par
|move|p1a: Chansey|Soft-Boiled|p1a: Chansey
|-heal|p1a: Chansey|100/100
|
|upkeep
|turn|11
|inactive|Thebad1one has 60 seconds left.
|l| heatransupremacy
|
|t:|1646832471
|switch|p1a: Sableye|Sableye-Mega, M, shiny|94/100
|move|p2a: Necrozma|Stealth Rock|p1a: Sableye
|move|p1a: Sableye|Stealth Rock|p2a: Necrozma|[from]ability: Magic Bounce
|-sidestart|p2: Thebad1one|move: Stealth Rock
|
|upkeep
|turn|12
|inactive|Thebad1one has 60 seconds left.
|j| Secret winner
|
|t:|1646832493
|move|p2a: Necrozma|Earthquake|p1a: Sableye
|-crit|p1a: Sableye
|-damage|p1a: Sableye|61/100
|move|p1a: Sableye|Will-O-Wisp||[still]
|-fail|p1a: Sableye
|
|upkeep
|turn|13
|
|t:|1646832504
|switch|p2a: Zacian|Zacian-Crowned, shiny|100/100
|-damage|p2a: Zacian|94/100|[from] Stealth Rock
|-ability|p2a: Zacian|Intrepid Sword|boost
|-boost|p2a: Zacian|atk|1
|move|p1a: Sableye|Recover|p1a: Sableye
|-heal|p1a: Sableye|100/100
|
|upkeep
|turn|14
|inactive|Thebad1one has 60 seconds left.
|
|t:|1646832516
|switch|p1a: Necrozma|Necrozma-Dusk-Mane|100/100
|move|p2a: Zacian|Behemoth Blade|p1a: Necrozma
|-resisted|p1a: Necrozma
|-damage|p1a: Necrozma|76/100
|-damage|p2a: Zacian|78/100|[from] item: Rocky Helmet|[of] p1a: Necrozma
|
|upkeep
|turn|15
|
|t:|1646832525
|move|p2a: Zacian|Close Combat|p1a: Necrozma
|-damage|p1a: Necrozma|37/100
|-unboost|p2a: Zacian|def|1
|-unboost|p2a: Zacian|spd|1
|-damage|p2a: Zacian|61/100|[from] item: Rocky Helmet|[of] p1a: Necrozma
|move|p1a: Necrozma|Morning Sun|p1a: Necrozma
|-heal|p1a: Necrozma|86/100
|
|upkeep
|turn|16
|
|t:|1646832537
|switch|p2a: Zygarde|Zygarde, shiny|100/100
|-damage|p2a: Zygarde|94/100|[from] Stealth Rock
|move|p1a: Necrozma|Morning Sun|p1a: Necrozma
|-heal|p1a: Necrozma|100/100
|
|-heal|p2a: Zygarde|100/100|[from] item: Leftovers
|upkeep
|turn|17
|
|t:|1646832549
|switch|p1a: Sableye|Sableye-Mega, M, shiny|100/100
|move|p2a: Zygarde|Glare|p1a: Sableye
|move|p1a: Sableye|Glare|p2a: Zygarde|[from]ability: Magic Bounce
|-status|p2a: Zygarde|par
|
|upkeep
|turn|18
|
|t:|1646832559
|cant|p2a: Zygarde|par
|move|p1a: Sableye|Will-O-Wisp||[still]
|-fail|p1a: Sableye
|
|upkeep
|turn|19
|
|t:|1646832569
|move|p2a: Zygarde|Substitute|p2a: Zygarde
|-start|p2a: Zygarde|Substitute
|-damage|p2a: Zygarde|75/100 par
|move|p1a: Sableye|Foul Play|p2a: Zygarde
|-activate|p2a: Zygarde|move: Substitute|[damage]
|
|-heal|p2a: Zygarde|82/100 par|[from] item: Leftovers
|upkeep
|turn|20
|
|t:|1646832584
|switch|p1a: Ho-Oh|Ho-Oh, shiny|100/100
|move|p2a: Zygarde|Dragon Dance|p2a: Zygarde
|-boost|p2a: Zygarde|atk|1
|-boost|p2a: Zygarde|spe|1
|
|-heal|p2a: Zygarde|88/100 par|[from] item: Leftovers
|upkeep
|turn|21
|
|t:|1646832593
|move|p2a: Zygarde|Glare|p1a: Ho-Oh
|-status|p1a: Ho-Oh|par
|move|p1a: Ho-Oh|Whirlwind|p2a: Zygarde
|drag|p2a: Arceus|Arceus-Fairy, shiny|95/100
|-damage|p2a: Arceus|83/100|[from] Stealth Rock
|
|upkeep
|turn|22
|
|t:|1646832603
|move|p2a: Arceus|Judgment|p1a: Ho-Oh
|-resisted|p1a: Ho-Oh
|-damage|p1a: Ho-Oh|87/100 par
|move|p1a: Ho-Oh|Toxic|p2a: Arceus
|-status|p2a: Arceus|tox
|
|-damage|p2a: Arceus|77/100 tox|[from] psn
|upkeep
|turn|23
|
|t:|1646832612
|switch|p2a: Necrozma|Necrozma-Dusk-Mane|100/100 par
|-damage|p2a: Necrozma|94/100 par|[from] Stealth Rock
|switch|p1a: Chansey|Chansey, F, shiny|100/100
|
|upkeep
|turn|24
|
|t:|1646832619
|switch|p1a: Sableye|Sableye-Mega, M, shiny|100/100
|move|p2a: Necrozma|Sunsteel Strike|p1a: Sableye
|-damage|p1a: Sableye|66/100
|
|upkeep
|turn|25
|
|t:|1646832634
|switch|p2a: Kyogre|Kyogre-Primal, shiny|100/100
|-damage|p2a: Kyogre|88/100|[from] Stealth Rock
|-weather|PrimordialSea|[from] ability: Primordial Sea|[of] p2a: Kyogre
|move|p1a: Sableye|Recover|p1a: Sableye
|-heal|p1a: Sableye|100/100
|
|-weather|PrimordialSea|[upkeep]
|upkeep
|turn|26
|
|t:|1646832643
|switch|p1a: Chansey|Chansey, F, shiny|100/100
|move|p2a: Kyogre|Ice Beam|p1a: Chansey
|-damage|p1a: Chansey|91/100
|
|-weather|PrimordialSea|[upkeep]
|upkeep
|turn|27
|
|t:|1646832656
|-weather|none
|switch|p2a: Necrozma|Necrozma-Dusk-Mane|94/100 par
|-damage|p2a: Necrozma|88/100 par|[from] Stealth Rock
|move|p1a: Chansey|Thunder Wave|p2a: Necrozma
|-fail|p2a: Necrozma|par
|
|upkeep
|turn|28
|
|t:|1646832665
|switch|p1a: Sableye|Sableye-Mega, M, shiny|100/100
|move|p2a: Necrozma|Sunsteel Strike|p1a: Sableye
|-damage|p1a: Sableye|67/100
|
|upkeep
|turn|29
|
|t:|1646832673
|switch|p2a: Arceus|Arceus-Fairy, shiny|77/100 tox
|-damage|p2a: Arceus|64/100 tox|[from] Stealth Rock
|move|p1a: Sableye|Foul Play|p2a: Arceus
|-resisted|p2a: Arceus
|-damage|p2a: Arceus|54/100 tox
|
|-damage|p2a: Arceus|48/100 tox|[from] psn
|upkeep
|turn|30
|
|t:|1646832683
|switch|p2a: Zygarde|Zygarde, shiny|88/100 par
|-damage|p2a: Zygarde|82/100 par|[from] Stealth Rock
|switch|p1a: Chansey|Chansey, F, shiny|91/100
|
|-heal|p2a: Zygarde|88/100 par|[from] item: Leftovers
|upkeep
|turn|31
|
|t:|1646832704
|switch|p1a: Sableye|Sableye-Mega, M, shiny|67/100
|move|p2a: Zygarde|Glare|p1a: Sableye
|move|p1a: Sableye|Glare|p2a: Zygarde|[from]ability: Magic Bounce
|-fail|p2a: Zygarde|par
|
|-heal|p2a: Zygarde|94/100 par|[from] item: Leftovers
|upkeep
|turn|32
|
|t:|1646832714
|move|p2a: Zygarde|Thousand Arrows|p1a: Sableye
|-damage|p1a: Sableye|43/100
|move|p1a: Sableye|Recover|p1a: Sableye
|-heal|p1a: Sableye|94/100
|
|-heal|p2a: Zygarde|99/100 par|[from] item: Leftovers
|upkeep
|turn|33
|
|t:|1646832723
|move|p2a: Zygarde|Substitute|p2a: Zygarde
|-start|p2a: Zygarde|Substitute
|-damage|p2a: Zygarde|75/100 par
|move|p1a: Sableye|Will-O-Wisp||[still]
|-fail|p1a: Sableye
|
|-heal|p2a: Zygarde|81/100 par|[from] item: Leftovers
|upkeep
|turn|34
|
|t:|1646832731
|switch|p1a: Ho-Oh|Ho-Oh, shiny|100/100 par
|cant|p2a: Zygarde|par
|
|-heal|p2a: Zygarde|88/100 par|[from] item: Leftovers
|upkeep
|turn|35
|
|t:|1646832738
|move|p2a: Zygarde|Thousand Arrows|p1a: Ho-Oh
|-damage|p1a: Ho-Oh|79/100 par
|-start|p1a: Ho-Oh|Smack Down
|move|p1a: Ho-Oh|Whirlwind|p2a: Zygarde
|drag|p2a: Kyogre|Kyogre-Primal, shiny|88/100
|-damage|p2a: Kyogre|76/100|[from] Stealth Rock
|-weather|PrimordialSea|[from] ability: Primordial Sea|[of] p2a: Kyogre
|
|-weather|PrimordialSea|[upkeep]
|upkeep
|turn|36
|
|t:|1646832753
|-weather|none
|switch|p2a: Zacian|Zacian-Crowned, shiny|61/100
|-damage|p2a: Zacian|55/100|[from] Stealth Rock
|-ability|p2a: Zacian|Intrepid Sword|boost
|-boost|p2a: Zacian|atk|1
|switch|p1a: Chansey|Chansey, F, shiny|91/100
|
|upkeep
|turn|37
|
|t:|1646832767
|switch|p1a: Giratina|Giratina, shiny|100/100
|-ability|p1a: Giratina|Pressure
|move|p2a: Zacian|Behemoth Blade|p1a: Giratina
|-damage|p1a: Giratina|59/100
|
|-heal|p1a: Giratina|65/100|[from] item: Leftovers
|upkeep
|turn|38
|
|t:|1646832782
|switch|p1a: Necrozma|Necrozma-Dusk-Mane|100/100
|move|p2a: Zacian|Behemoth Blade|p1a: Necrozma
|-resisted|p1a: Necrozma
|-damage|p1a: Necrozma|77/100
|-damage|p2a: Zacian|38/100|[from] item: Rocky Helmet|[of] p1a: Necrozma
|
|upkeep
|turn|39
|
|t:|1646832797
|move|p2a: Zacian|Swords Dance|p2a: Zacian
|-boost|p2a: Zacian|atk|2
|move|p1a: Necrozma|Morning Sun|p1a: Necrozma
|-heal|p1a: Necrozma|100/100
|
|upkeep
|turn|40
|
|t:|1646832804
|move|p2a: Zacian|Close Combat|p1a: Necrozma
|-damage|p1a: Necrozma|33/100
|-unboost|p2a: Zacian|def|1
|-unboost|p2a: Zacian|spd|1
|-damage|p2a: Zacian|22/100|[from] item: Rocky Helmet|[of] p1a: Necrozma
|move|p1a: Necrozma|Earthquake|p2a: Zacian
|-supereffective|p2a: Zacian
|-damage|p2a: Zacian|0 fnt
|faint|p2a: Zacian
|
|upkeep
|
|t:|1646832817
|switch|p2a: Rayquaza|Rayquaza|100/100
|-damage|p2a: Rayquaza|76/100|[from] Stealth Rock
|-ability|p2a: Rayquaza|Air Lock
|turn|41
|j| mewhenckarcakracxd
|
|t:|1646832831
|detailschange|p2a: Rayquaza|Rayquaza-Mega
|-mega|p2a: Rayquaza|Rayquaza|
|-weather|DeltaStream|[from] ability: Delta Stream|[of] p2a: Rayquaza
|move|p2a: Rayquaza|Earthquake|p1a: Necrozma
|-supereffective|p1a: Necrozma
|-damage|p1a: Necrozma|0 fnt
|faint|p1a: Necrozma
|
|-weather|DeltaStream|[upkeep]
|upkeep
|
|t:|1646832839
|switch|p1a: Sableye|Sableye-Mega, M, shiny|94/100
|turn|42
|
|t:|1646832845
|move|p2a: Rayquaza|Earthquake|p1a: Sableye
|-damage|p1a: Sableye|47/100
|move|p1a: Sableye|Foul Play|p2a: Rayquaza
|-damage|p2a: Rayquaza|10/100
|
|-weather|DeltaStream|[upkeep]
|upkeep
|turn|43
|
|t:|1646832852
|move|p2a: Rayquaza|Earthquake|p1a: Sableye
|-damage|p1a: Sableye|0 fnt
|faint|p1a: Sableye
|
|-weather|DeltaStream|[upkeep]
|upkeep
|
|t:|1646832859
|switch|p1a: Ho-Oh|Ho-Oh, shiny|100/100 par
|turn|44
|
|t:|1646832877
|-weather|none
|switch|p2a: Kyogre|Kyogre-Primal, shiny|76/100
|-damage|p2a: Kyogre|64/100|[from] Stealth Rock
|-weather|PrimordialSea|[from] ability: Primordial Sea|[of] p2a: Kyogre
|move|p1a: Ho-Oh|Whirlwind|p2a: Kyogre
|-weather|none
|drag|p2a: Zygarde|Zygarde, shiny|88/100 par
|-damage|p2a: Zygarde|81/100 par|[from] Stealth Rock
|
|-heal|p2a: Zygarde|88/100 par|[from] item: Leftovers
|upkeep
|turn|45
|
|t:|1646832890
|move|p2a: Zygarde|Thousand Arrows|p1a: Ho-Oh
|-damage|p1a: Ho-Oh|81/100 par
|-start|p1a: Ho-Oh|Smack Down
|cant|p1a: Ho-Oh|par
|
|-heal|p2a: Zygarde|94/100 par|[from] item: Leftovers
|upkeep
|turn|46
|
|t:|1646832902
|switch|p1a: Giratina|Giratina, shiny|65/100
|-ability|p1a: Giratina|Pressure
|cant|p2a: Zygarde|par
|
|-heal|p1a: Giratina|71/100|[from] item: Leftovers
|-heal|p2a: Zygarde|99/100 par|[from] item: Leftovers
|upkeep
|turn|47
|
|t:|1646832914
|switch|p1a: Ho-Oh|Ho-Oh, shiny|100/100 par
|move|p2a: Zygarde|Glare|p1a: Ho-Oh
|-fail|p1a: Ho-Oh|par
|
|-heal|p2a: Zygarde|100/100 par|[from] item: Leftovers
|upkeep
|turn|48
|
|t:|1646832928
|move|p2a: Zygarde|Substitute|p2a: Zygarde
|-start|p2a: Zygarde|Substitute
|-damage|p2a: Zygarde|75/100 par
|move|p1a: Ho-Oh|Whirlwind|p2a: Zygarde
|drag|p2a: Rayquaza|Rayquaza-Mega|10/100
|-damage|p2a: Rayquaza|0 fnt|[from] Stealth Rock
|faint|p2a: Rayquaza
|
|upkeep
|
|t:|1646832943
|switch|p2a: Arceus|Arceus-Fairy, shiny|48/100 tox
|-damage|p2a: Arceus|35/100 tox|[from] Stealth Rock
|turn|49
|
|t:|1646832948
|move|p2a: Arceus|Defog|p1a: Ho-Oh
|-unboost|p1a: Ho-Oh|evasion|1
|-sideend|p2: Thebad1one|Stealth Rock|[from] move: Defog|[of] p2a: Arceus
|move|p1a: Ho-Oh|Whirlwind|p2a: Arceus
|drag|p2a: Zygarde|Zygarde, shiny|75/100 par
|
|-heal|p2a: Zygarde|82/100 par|[from] item: Leftovers
|upkeep
|turn|50
|
|t:|1646832970
|switch|p2a: Kyogre|Kyogre-Primal, shiny|64/100
|-weather|PrimordialSea|[from] ability: Primordial Sea|[of] p2a: Kyogre
|cant|p1a: Ho-Oh|par
|
|-weather|PrimordialSea|[upkeep]
|upkeep
|turn|51
|
|t:|1646832978
|switch|p1a: Chansey|Chansey, F, shiny|91/100
|move|p2a: Kyogre|Thunder|p1a: Chansey
|-damage|p1a: Chansey|77/100
|-status|p1a: Chansey|par
|
|-weather|PrimordialSea|[upkeep]
|upkeep
|turn|52
|
|t:|1646832990
|move|p2a: Kyogre|Origin Pulse|p1a: Chansey
|-crit|p1a: Chansey
|-damage|p1a: Chansey|36/100 par
|move|p1a: Chansey|Thunder Wave|p2a: Kyogre
|-status|p2a: Kyogre|par
|
|-weather|PrimordialSea|[upkeep]
|upkeep
|turn|53
|
|t:|1646833016
|-curestatus|p1a: Chansey|par|[from] ability: Natural Cure
|switch|p1a: Giratina|Giratina, shiny|71/100
|-ability|p1a: Giratina|Pressure
|move|p2a: Kyogre|Origin Pulse|p1a: Giratina
|-resisted|p1a: Giratina
|-damage|p1a: Giratina|38/100
|
|-weather|PrimordialSea|[upkeep]
|-heal|p1a: Giratina|44/100|[from] item: Leftovers
|upkeep
|turn|54
|
|t:|1646833030
|move|p1a: Giratina|Rest|p1a: Giratina
|-status|p1a: Giratina|slp|[from] move: Rest
|-heal|p1a: Giratina|100/100 slp|[silent]
|move|p2a: Kyogre|Ice Beam|p1a: Giratina
|-supereffective|p1a: Giratina
|-damage|p1a: Giratina|56/100 slp
|
|-weather|PrimordialSea|[upkeep]
|-heal|p1a: Giratina|62/100 slp|[from] item: Leftovers
|upkeep
|turn|55
|j| delta546
|inactive|JAY100064 has 120 seconds left.
|
|t:|1646833050
|cant|p1a: Giratina|slp
|move|p2a: Kyogre|Origin Pulse|p1a: Giratina|[miss]
|-miss|p2a: Kyogre|p1a: Giratina
|
|-weather|PrimordialSea|[upkeep]
|-heal|p1a: Giratina|68/100 slp|[from] item: Leftovers
|upkeep
|turn|56
|
|t:|1646833058
|cant|p1a: Giratina|slp
|move|p2a: Kyogre|Ice Beam|p1a: Giratina
|-supereffective|p1a: Giratina
|-damage|p1a: Giratina|19/100 slp
|
|-weather|PrimordialSea|[upkeep]
|-heal|p1a: Giratina|25/100 slp|[from] item: Leftovers
|upkeep
|turn|57
|
|t:|1646833067
|-curestatus|p1a: Giratina|slp|[msg]
|move|p1a: Giratina|Toxic||[still]
|-fail|p1a: Giratina
|cant|p2a: Kyogre|par
|
|-weather|PrimordialSea|[upkeep]
|-heal|p1a: Giratina|31/100|[from] item: Leftovers
|upkeep
|turn|58
|
|t:|1646833076
|move|p1a: Giratina|Rest|p1a: Giratina
|-status|p1a: Giratina|slp|[from] move: Rest
|-heal|p1a: Giratina|100/100 slp|[silent]
|move|p2a: Kyogre|Ice Beam|p1a: Giratina
|-supereffective|p1a: Giratina
|-damage|p1a: Giratina|58/100 slp
|
|-weather|PrimordialSea|[upkeep]
|-heal|p1a: Giratina|64/100 slp|[from] item: Leftovers
|upkeep
|turn|59
|l| Secret winner
|
|t:|1646833086
|cant|p1a: Giratina|slp
|move|p2a: Kyogre|Ice Beam|p1a: Giratina
|-supereffective|p1a: Giratina
|-damage|p1a: Giratina|19/100 slp
|
|-weather|PrimordialSea|[upkeep]
|-heal|p1a: Giratina|25/100 slp|[from] item: Leftovers
|upkeep
|turn|60
|
|t:|1646833097
|cant|p1a: Giratina|slp
|move|p2a: Kyogre|Ice Beam|p1a: Giratina
|-supereffective|p1a: Giratina
|-damage|p1a: Giratina|0 fnt
|faint|p1a: Giratina
|
|-weather|PrimordialSea|[upkeep]
|upkeep
|
|t:|1646833104
|switch|p1a: Arceus|Arceus-Dark, shiny|100/100
|turn|61
|
|t:|1646833112
|-weather|none
|switch|p2a: Arceus|Arceus-Fairy, shiny|35/100 tox
|move|p1a: Arceus|Calm Mind|p1a: Arceus
|-boost|p1a: Arceus|spa|1
|-boost|p1a: Arceus|spd|1
|
|-damage|p2a: Arceus|29/100 tox|[from] psn
|upkeep
|turn|62
|
|t:|1646833129
|move|p1a: Arceus|Calm Mind|p1a: Arceus
|-boost|p1a: Arceus|spa|1
|-boost|p1a: Arceus|spd|1
|move|p2a: Arceus|Recover|p2a: Arceus
|-heal|p2a: Arceus|79/100 tox
|
|-damage|p2a: Arceus|67/100 tox|[from] psn
|upkeep
|turn|63
|
|t:|1646833137
|move|p1a: Arceus|Calm Mind|p1a: Arceus
|-boost|p1a: Arceus|spa|1
|-boost|p1a: Arceus|spd|1
|move|p2a: Arceus|Judgment|p1a: Arceus
|-supereffective|p1a: Arceus
|-damage|p1a: Arceus|74/100
|
|-damage|p2a: Arceus|49/100 tox|[from] psn
|upkeep
|turn|64
|
|t:|1646833148
|move|p1a: Arceus|Calm Mind|p1a: Arceus
|-boost|p1a: Arceus|spa|1
|-boost|p1a: Arceus|spd|1
|move|p2a: Arceus|Will-O-Wisp|p1a: Arceus
|-status|p1a: Arceus|brn
|
|-damage|p2a: Arceus|24/100 tox|[from] psn
|-damage|p1a: Arceus|68/100 brn|[from] brn
|upkeep
|turn|65
|
|t:|1646833157
|move|p1a: Arceus|Refresh|p1a: Arceus
|-curestatus|p1a: Arceus|brn|[msg]
|move|p2a: Arceus|Recover|p2a: Arceus
|-heal|p2a: Arceus|74/100 tox
|
|-damage|p2a: Arceus|44/100 tox|[from] psn
|upkeep
|turn|66
|
|t:|1646833169
|move|p1a: Arceus|Recover|p1a: Arceus
|-heal|p1a: Arceus|100/100
|move|p2a: Arceus|Judgment|p1a: Arceus
|-supereffective|p1a: Arceus
|-damage|p1a: Arceus|80/100
|
|-damage|p2a: Arceus|7/100 tox|[from] psn
|upkeep
|turn|67
|
|t:|1646833180
|move|p1a: Arceus|Judgment|p2a: Arceus
|-resisted|p2a: Arceus
|-crit|p2a: Arceus
|-damage|p2a: Arceus|0 fnt
|faint|p2a: Arceus
|
|upkeep
|c|☆JAY100064|Game Time
|
|t:|1646833190
|switch|p2a: Necrozma|Necrozma-Dusk-Mane|88/100 par
|turn|68
|
|t:|1646833195
|-start|p1a: Arceus|Dynamax
|-heal|p1a: Arceus|80/100|[silent]
|-start|p2a: Necrozma|Dynamax
|-heal|p2a: Necrozma|88/100 par|[silent]
|move|p1a: Arceus|Max Darkness|p2a: Necrozma
|-supereffective|p2a: Necrozma
|-damage|p2a: Necrozma|0 fnt
|faint|p2a: Necrozma
|
|upkeep
|
|t:|1646833206
|switch|p2a: Zygarde|Zygarde, shiny|82/100 par
|turn|69
|
|t:|1646833209
|move|p1a: Arceus|Max Darkness|p2a: Zygarde
|-damage|p2a: Zygarde|0 fnt
|faint|p2a: Zygarde
|
|upkeep
|
|t:|1646833213
|switch|p2a: Kyogre|Kyogre-Primal, shiny|64/100 par
|-weather|PrimordialSea|[from] ability: Primordial Sea|[of] p2a: Kyogre
|turn|70
|
|t:|1646833218
|move|p1a: Arceus|Max Darkness|p2a: Kyogre
|-damage|p2a: Kyogre|0 fnt
|faint|p2a: Kyogre
|-weather|none
|
|win|JAY100064
|n|☆JAY100064|jay100064
|n|☆Thebad1one|thebad1one
|n| mewhenckarcakracxd|mewhenckarcakracxd
|n| delta546|delta546
|c|☆JAY100064|purrr gg sis!'
|c|☆Thebad1one|Gg
|l| mewhenckarcakracxd
|c|☆JAY100064|omg I was worried lol
|l| delta546
|j| Secret winner
|l| Secret winner
