|j|☆moyv123
|j|☆Goku Uchiha 2001
|t:|1664948927
|gametype|singles
|player|p1|moyv123|265|1479
|player|p2|Goku Uchiha 2001|blue-gen3two|1757
|teamsize|p1|6
|teamsize|p2|6
|gen|8
|tier|[Gen 8] National Dex AG
|rated|
|rule|HP Percentage Mod: HP is shown in percentages
|rule|Endless Battle Clause: Forcing endless battles is banned
|clearpoke
|poke|p1|Arceus-*|
|poke|p1|Zacian-*|
|poke|p1|Rayquaza|
|poke|p1|Lugia|
|poke|p1|Yveltal|
|poke|p1|Necrozma-Dusk-Mane|
|poke|p2|Mewtwo|
|poke|p2|Arceus-*|
|poke|p2|Umbreon, M|
|poke|p2|Rayquaza|
|poke|p2|Ditto|
|poke|p2|Arceus-*|
|teampreview
|inactive|Battle timer is ON: inactive players will automatically lose when time's up. (requested by Goku Uchiha 2001)
|inactive|moyv123 has 120 seconds left.
|
|t:|1664948960
|start
|switch|p1a: Lugia|Lugia|100/100
|switch|p2a: Mewtwo|Mewtwo|100/100
|-ability|p2a: Mewtwo|Pressure
|turn|1
|
|t:|1664948970
|move|p2a: Mewtwo|Taunt|p1a: Lugia
|-start|p1a: Lugia|move: Taunt
|cant|p1a: Lugia|move: Taunt|Thunder Wave
|
|upkeep
|turn|2
|
|t:|1664948977
|switch|p1a: Yveltal|Yveltal|100/100
|-ability|p1a: Yveltal|Dark Aura
|move|p2a: Mewtwo|Will-O-Wisp|p1a: Yveltal
|-status|p1a: Yveltal|brn
|
|-damage|p1a: Yveltal|94/100 brn|[from] brn
|upkeep
|turn|3
|
|t:|1664948991
|switch|p2a: Arceus|Arceus-Fairy|100/100
|-start|p1a: Yveltal|Dynamax|
|-heal|p1a: Yveltal|94/100 brn|[silent]
|move|p1a: Yveltal|Max Airstream|p2a: Arceus
|-damage|p2a: Arceus|57/100
|-boost|p1a: Yveltal|spe|1
|-damage|p1a: Yveltal|89/100 brn|[from] item: Life Orb
|
|-damage|p1a: Yveltal|86/100 brn|[from] brn
|upkeep
|turn|4
|
|t:|1664949008
|move|p1a: Yveltal|Max Airstream|p2a: Arceus
|-damage|p2a: Arceus|10/100
|-boost|p1a: Yveltal|spe|1
|-damage|p1a: Yveltal|81/100 brn|[from] item: Life Orb
|move|p2a: Arceus|Recover|p2a: Arceus
|-heal|p2a: Arceus|60/100
|
|-damage|p1a: Yveltal|78/100 brn|[from] brn
|upkeep
|turn|5
|
|t:|1664949024
|move|p1a: Yveltal|Max Flare|p2a: Arceus
|-damage|p2a: Arceus|29/100
|-weather|SunnyDay
|-damage|p1a: Yveltal|73/100 brn|[from] item: Life Orb
|move|p2a: Arceus|Recover|p2a: Arceus
|-heal|p2a: Arceus|79/100
|
|-weather|SunnyDay|[upkeep]
|-damage|p1a: Yveltal|70/100 brn|[from] brn
|upkeep
|-end|p1a: Yveltal|Dynamax
|-heal|p1a: Yveltal|71/100 brn|[silent]
|turn|6
|
|t:|1664949040
|switch|p1a: Zacian|Zacian-Crowned|100/100
|-ability|p1a: Zacian|Intrepid Sword|boost
|-boost|p1a: Zacian|atk|1
|move|p2a: Arceus|Stealth Rock|p1a: Zacian
|-sidestart|p1: moyv123|move: Stealth Rock
|
|-weather|SunnyDay|[upkeep]
|upkeep
|turn|7
|
|t:|1664949055
|move|p1a: Zacian|Behemoth Blade|p2a: Arceus
|-supereffective|p2a: Arceus
|-damage|p2a: Arceus|0 fnt
|faint|p2a: Arceus
|
|-weather|SunnyDay|[upkeep]
|upkeep
|
|t:|1664949058
|switch|p2a: Ditto|Ditto, shiny|100/100
|-transform|p2a: Ditto|p1a: Zacian|[from] ability: Imposter
|-ability|p2a: Ditto|Intrepid Sword|boost
|-boost|p2a: Ditto|atk|1
|turn|8
|
|t:|1664949082
|switch|p1a: Yveltal|Yveltal|71/100 brn
|-damage|p1a: Yveltal|46/100 brn|[from] Stealth Rock
|-ability|p1a: Yveltal|Dark Aura
|move|p2a: Ditto|Behemoth Blade|p1a: Yveltal
|-damage|p1a: Yveltal|0 fnt
|faint|p1a: Yveltal
|
|-weather|SunnyDay|[upkeep]
|upkeep
|inactive|moyv123 has 120 seconds left.
|
|t:|1664949103
|switch|p1a: Lugia|Lugia|100/100
|turn|9
|
|t:|1664949110
|switch|p2a: Umbreon|Umbreon, M|100/100
|move|p1a: Lugia|Thunder Wave|p2a: Umbreon
|-status|p2a: Umbreon|par
|-activate|p2a: Umbreon|ability: Synchronize
|-status|p1a: Lugia|par
|
|-weather|none
|upkeep
|turn|10
|inactive|moyv123 has 120 seconds left.
|
|t:|1664949126
|switch|p1a: Zacian|Zacian-Crowned|100/100
|-damage|p1a: Zacian|94/100|[from] Stealth Rock
|-ability|p1a: Zacian|Intrepid Sword|boost
|-boost|p1a: Zacian|atk|1
|-zpower|p2a: Umbreon
|move|p2a: Umbreon|Z-Celebrate|p2a: Umbreon|[anim]Celebrate
|-boost|p2a: Umbreon|atk|1|[zeffect]
|-boost|p2a: Umbreon|def|1|[zeffect]
|-boost|p2a: Umbreon|spa|1|[zeffect]
|-boost|p2a: Umbreon|spd|1|[zeffect]
|-boost|p2a: Umbreon|spe|1|[zeffect]
|-activate|p2a: Umbreon|move: Celebrate
|
|upkeep
|turn|11
|
|t:|1664949143
|move|p1a: Zacian|Play Rough|p2a: Umbreon
|-supereffective|p2a: Umbreon
|-damage|p2a: Umbreon|38/100 par
|move|p2a: Umbreon|Baton Pass|p2a: Umbreon
|
|t:|1664949163
|switch|p2a: Rayquaza|Rayquaza|100/100|[from]move: Baton Pass
|-ability|p2a: Rayquaza|Air Lock
|
|upkeep
|turn|12
|
|t:|1664949185
|switch|p1a: Arceus|Arceus|100/100
|-damage|p1a: Arceus|88/100|[from] Stealth Rock
|detailschange|p2a: Rayquaza|Rayquaza-Mega
|-mega|p2a: Rayquaza|Rayquaza|
|-weather|DeltaStream|[from] ability: Delta Stream|[of] p2a: Rayquaza
|move|p2a: Rayquaza|Earthquake|p1a: Arceus
|-crit|p1a: Arceus
|-damage|p1a: Arceus|25/100
|
|-weather|DeltaStream|[upkeep]
|upkeep
|turn|13
|
|t:|1664949197
|move|p2a: Rayquaza|Extreme Speed|p1a: Arceus
|-damage|p1a: Arceus|0 fnt
|faint|p1a: Arceus
|
|-weather|DeltaStream|[upkeep]
|upkeep
|
|t:|1664949203
|switch|p1a: Lugia|Lugia|100/100 par
|turn|14
|
|t:|1664949208
|move|p2a: Rayquaza|Dragon Ascent|p1a: Lugia
|-damage|p1a: Lugia|70/100 par
|-unboost|p2a: Rayquaza|def|1
|-unboost|p2a: Rayquaza|spd|1
|move|p1a: Lugia|Whirlwind|p2a: Rayquaza
|-weather|none
|drag|p2a: Arceus|Arceus|100/100
|
|upkeep
|turn|15
|l|☆moyv123
|inactive|moyv123 disconnected and has a minute to reconnect!
|player|p1|
|inactive|moyv123 has 30 seconds to reconnect!
|j|☆moyv123
|inactive|moyv123 reconnected and has 75 seconds left.
|player|p1|moyv123|265
|inactive|moyv123 has 60 seconds left.
|
|t:|1664949268
|move|p2a: Arceus|Swords Dance|p2a: Arceus
|-boost|p2a: Arceus|atk|2
|move|p1a: Lugia|Thunder Wave|p2a: Arceus
|-status|p2a: Arceus|par
|-enditem|p2a: Arceus|Lum Berry|[eat]
|-curestatus|p2a: Arceus|par|[msg]
|
|upkeep
|turn|16
|
|t:|1664949287
|-start|p2a: Arceus|Dynamax|
|-heal|p2a: Arceus|100/100|[silent]
|move|p2a: Arceus|Max Phantasm|p1a: Lugia
|-supereffective|p1a: Lugia
|-damage|p1a: Lugia|0 fnt
|faint|p1a: Lugia
|
|upkeep
|
|t:|1664949297
|switch|p1a: Zacian|Zacian-Crowned|94/100
|-damage|p1a: Zacian|88/100|[from] Stealth Rock
|-ability|p1a: Zacian|Intrepid Sword|boost
|-boost|p1a: Zacian|atk|1
|turn|17
|
|t:|1664949303
|move|p1a: Zacian|Close Combat|p2a: Arceus
|-supereffective|p2a: Arceus
|-damage|p2a: Arceus|48/100
|-unboost|p1a: Zacian|def|1
|-unboost|p1a: Zacian|spd|1
|move|p2a: Arceus|Max Phantasm|p1a: Zacian
|-damage|p1a: Zacian|0 fnt
|faint|p1a: Zacian
|
|upkeep
|inactive|moyv123 has 60 seconds left.
|-message|moyv123 forfeited.
|
|win|Goku Uchiha 2001
|raw|moyv123's rating: 1479 &rarr; <strong>1472</strong><br />(-7 for losing)
|raw|Goku Uchiha 2001's rating: 1757 &rarr; <strong>1764</strong><br />(+7 for winning)
|l|☆moyv123
