|j|☆defame TV
|j|☆CLEAR GEM清瑜
|t:|1665069776
|gametype|singles
|player|p1|defame TV|hilbert-wonderlauncher|1879
|player|p2|CLEAR GEM清瑜|skierf|1906
|teamsize|p1|6
|teamsize|p2|6
|gen|8
|tier|[Gen 8] National Dex AG
|rated|
|rule|HP Percentage Mod: HP is shown in percentages
|rule|Endless Battle Clause: Forcing endless battles is banned
|clearpoke
|poke|p1|Excadrill, M|
|poke|p1|Rayquaza|
|poke|p1|Yveltal|
|poke|p1|Arceus-*|
|poke|p1|Marshadow|
|poke|p1|Regieleki|
|poke|p2|Rayquaza|
|poke|p2|Groudon|
|poke|p2|Necrozma-Dusk-Mane|
|poke|p2|Arceus-*|
|poke|p2|Zacian-*|
|poke|p2|Yveltal|
|teampreview
|inactive|Battle timer is ON: inactive players will automatically lose when time's up. (requested by defame TV)
|inactive|CLEAR GEM清瑜 also wants the timer to be on.
|
|t:|1665069787
|start
|switch|p1a: Arceus|Arceus-Electric|100/100
|switch|p2a: 老烈|Rayquaza, shiny|100/100
|-ability|p2a: 老烈|Air Lock
|turn|1
|
|t:|1665069793
|detailschange|p2a: 老烈|Rayquaza-Mega, shiny
|-mega|p2a: 老烈|Rayquaza|
|-weather|DeltaStream|[from] ability: Delta Stream|[of] p2a: 老烈
|move|p1a: Arceus|Stealth Rock|p2a: 老烈
|-sidestart|p2: CLEAR GEM清瑜|move: Stealth Rock
|move|p2a: 老烈|Scale Shot|p1a: Arceus
|-damage|p1a: Arceus|80/100
|-damage|p1a: Arceus|63/100
|-hitcount|p1a: Arceus|2
|-unboost|p2a: 老烈|def|1
|-boost|p2a: 老烈|spe|1
|-damage|p2a: 老烈|91/100|[from] item: Life Orb
|
|-weather|DeltaStream|[upkeep]
|upkeep
|turn|2
|
|t:|1665069808
|move|p2a: 老烈|Earthquake|p1a: Arceus
|-supereffective|p1a: Arceus
|-damage|p1a: Arceus|0 fnt
|faint|p1a: Arceus
|-damage|p2a: 老烈|81/100|[from] item: Life Orb
|
|-weather|DeltaStream|[upkeep]
|upkeep
|
|t:|1665069819
|switch|p1a: Rayquaza|Rayquaza|100/100
|-ability|p1a: Rayquaza|Air Lock
|turn|3
|
|t:|1665069826
|detailschange|p1a: Rayquaza|Rayquaza-Mega
|-mega|p1a: Rayquaza|Rayquaza|
|move|p1a: Rayquaza|Extreme Speed|p2a: 老烈
|-damage|p2a: 老烈|20/100
|-damage|p1a: Rayquaza|91/100|[from] item: Life Orb
|move|p2a: 老烈|Scale Shot|p1a: Rayquaza
|-supereffective|p1a: Rayquaza
|-damage|p1a: Rayquaza|48/100
|-supereffective|p1a: Rayquaza
|-damage|p1a: Rayquaza|0 fnt
|faint|p1a: Rayquaza
|-hitcount|p1: Rayquaza|2
|-unboost|p2a: 老烈|def|1
|-boost|p2a: 老烈|spe|1
|-damage|p2a: 老烈|10/100|[from] item: Life Orb
|
|-weather|DeltaStream|[upkeep]
|upkeep
|
|t:|1665069845
|switch|p1a: Marshadow|Marshadow|100/100
|turn|4
|
|t:|1665069848
|move|p1a: Marshadow|Shadow Sneak|p2a: 老烈
|-damage|p2a: 老烈|0 fnt
|faint|p2a: 老烈
|-weather|none
|
|upkeep
|
|t:|1665069850
|switch|p2a: 不会(?)|Groudon|100/100
|-damage|p2a: 不会(?)|94/100|[from] Stealth Rock
|detailschange|p2a: 不会(?)|Groudon-Primal
|-primal|p2a: 不会(?)
|-weather|DesolateLand|[from] ability: Desolate Land|[of] p2a: 不会(?)
|turn|5
|
|t:|1665069857
|switch|p1a: Excadrill|Excadrill, M, shiny|100/100
|-ability|p1a: Excadrill|Mold Breaker
|move|p2a: 不会(?)|Thunder Wave|p1a: Excadrill
|-immune|p1a: Excadrill
|
|-weather|DesolateLand|[upkeep]
|upkeep
|turn|6
|
|t:|1665069866
|move|p1a: Excadrill|Toxic|p2a: 不会(?)
|-status|p2a: 不会(?)|tox
|move|p2a: 不会(?)|Fire Punch|p1a: Excadrill
|-supereffective|p1a: Excadrill
|-enditem|p1a: Excadrill|Focus Sash
|-damage|p1a: Excadrill|1/100
|
|-weather|DesolateLand|[upkeep]
|-damage|p2a: 不会(?)|88/100 tox|[from] psn
|upkeep
|turn|7
|
|t:|1665069873
|move|p1a: Excadrill|Earthquake|p2a: 不会(?)
|-supereffective|p2a: 不会(?)
|-damage|p2a: 不会(?)|45/100 tox
|move|p2a: 不会(?)|Fire Punch|p1a: Excadrill
|-supereffective|p1a: Excadrill
|-damage|p1a: Excadrill|0 fnt
|faint|p1a: Excadrill
|
|-weather|DesolateLand|[upkeep]
|-damage|p2a: 不会(?)|33/100 tox|[from] psn
|upkeep
|
|t:|1665069882
|switch|p1a: Yveltal|Yveltal, shiny|100/100
|-ability|p1a: Yveltal|Dark Aura
|turn|8
|
|t:|1665069887
|move|p1a: Yveltal|Foul Play|p2a: 不会(?)
|-damage|p2a: 不会(?)|2/100 tox
|move|p2a: 不会(?)|Thunder Wave|p1a: Yveltal|[miss]
|-miss|p2a: 不会(?)|p1a: Yveltal
|
|-weather|DesolateLand|[upkeep]
|-damage|p2a: 不会(?)|0 fnt|[from] psn
|faint|p2a: 不会(?)
|-weather|none
|upkeep
|
|t:|1665069891
|switch|p2a: 嘉然小姐的狗|Zacian-Crowned|100/100
|-damage|p2a: 嘉然小姐的狗|94/100|[from] Stealth Rock
|-ability|p2a: 嘉然小姐的狗|Intrepid Sword|boost
|-boost|p2a: 嘉然小姐的狗|atk|1
|turn|9
|
|t:|1665069908
|move|p2a: 嘉然小姐的狗|Behemoth Blade|p1a: Yveltal
|-damage|p1a: Yveltal|11/100
|move|p1a: Yveltal|Foul Play|p2a: 嘉然小姐的狗
|-resisted|p2a: 嘉然小姐的狗
|-damage|p2a: 嘉然小姐的狗|49/100
|
|upkeep
|turn|10
|
|t:|1665069914
|move|p2a: 嘉然小姐的狗|Quick Attack|p1a: Yveltal
|-damage|p1a: Yveltal|0 fnt
|faint|p1a: Yveltal
|
|upkeep
|
|t:|1665069918
|switch|p1a: Regieleki|Regieleki, shiny|100/100
|turn|11
|
|t:|1665069921
|move|p2a: 嘉然小姐的狗|Quick Attack|p1a: Regieleki
|-damage|p1a: Regieleki|49/100
|move|p1a: Regieleki|Volt Switch|p2a: 嘉然小姐的狗
|-damage|p2a: 嘉然小姐的狗|4/100
|-damage|p1a: Regieleki|39/100|[from] item: Life Orb
|j| rious
|
|t:|1665069930
|switch|p1a: Marshadow|Marshadow|100/100|[from]move: Volt Switch
|
|upkeep
|turn|12
|l| rious
|
|t:|1665069935
|move|p1a: Marshadow|Shadow Sneak|p2a: 嘉然小姐的狗
|-damage|p2a: 嘉然小姐的狗|0 fnt
|faint|p2a: 嘉然小姐的狗
|
|upkeep
|
|t:|1665069940
|switch|p2a: Y鸟|Yveltal|100/100
|-damage|p2a: Y鸟|76/100|[from] Stealth Rock
|-ability|p2a: Y鸟|Dark Aura
|turn|13
|
|t:|1665069950
|-start|p2a: Y鸟|Dynamax|
|-heal|p2a: Y鸟|76/100|[silent]
|move|p1a: Marshadow|Rock Tomb|p2a: Y鸟
|-supereffective|p2a: Y鸟
|-damage|p2a: Y鸟|48/100
|-unboost|p2a: Y鸟|spe|1
|move|p2a: Y鸟|Max Airstream|p1a: Marshadow
|-supereffective|p1a: Marshadow
|-enditem|p1a: Marshadow|Focus Sash
|-damage|p1a: Marshadow|1/100
|-boost|p2a: Y鸟|spe|1
|-damage|p2a: Y鸟|43/100|[from] item: Life Orb
|
|upkeep
|turn|14
|
|t:|1665069964
|move|p1a: Marshadow|Close Combat|p2a: Y鸟
|-damage|p2a: Y鸟|14/100
|-unboost|p1a: Marshadow|def|1
|-unboost|p1a: Marshadow|spd|1
|move|p2a: Y鸟|Max Airstream|p1a: Marshadow
|-supereffective|p1a: Marshadow
|-damage|p1a: Marshadow|0 fnt
|-boost|p2a: Y鸟|spe|1
|faint|p1a: Marshadow
|-damage|p2a: Y鸟|9/100|[from] item: Life Orb
|
|upkeep
|-message|defame TV forfeited.
|
|win|CLEAR GEM清瑜
|raw|defame TV's rating: 1879 &rarr; <strong>1861</strong><br />(-18 for losing)
|raw|CLEAR GEM清瑜's rating: 1906 &rarr; <strong>1924</strong><br />(+18 for winning)
|l|☆defame TV
||Ladder isn't responding, score probably updated but might not have (Request timeout).
