|j|☆Dominator296
|j|☆HikaruMaxwell_004
|t:|1614428039
|player|p1|Dominator296|257|1653
|player|p2|HikaruMaxwell_004|hilbert|1665
|teamsize|p1|6
|teamsize|p2|6
|gametype|singles
|gen|8
|tier|[Gen 8] National Dex AG
|rated|
|clearpoke
|poke|p1|Zekrom|
|poke|p1|Groudon|
|poke|p1|Deoxys-Attack|
|poke|p1|Necrozma-Dusk-Mane|
|poke|p1|Melmetal|
|poke|p1|Arceus-*|
|poke|p2|Zacian-Crowned|
|poke|p2|Eternatus|
|poke|p2|Marshadow|
|poke|p2|Yveltal|
|poke|p2|Rayquaza|
|poke|p2|Aerodactyl, F|
|rule|HP Percentage Mod: HP is shown in percentages
|rule|Endless Battle Clause: Forcing endless battles is banned
|teampreview
|
|t:|1614428060
|start
|switch|p1a: Melmetal|Melmetal|100/100
|switch|p2a: Aerodactyl|Aerodactyl, F|100/100
|-ability|p2a: Aerodactyl|Unnerve|p1: Dominator296
|turn|1
|
|t:|1614428094
|move|p2a: Aerodactyl|Stealth Rock|p1a: Melmetal
|-sidestart|p1: Dominator296|move: Stealth Rock
|move|p1a: Melmetal|Double Iron Bash|p2a: Aerodactyl
|-supereffective|p2a: Aerodactyl
|-enditem|p2a: Aerodactyl|Focus Sash
|-damage|p2a: Aerodactyl|1/100
|-supereffective|p2a: Aerodactyl
|-damage|p2a: Aerodactyl|0 fnt
|-hitcount|p2a: Aerodactyl|2
|faint|p2a: Aerodactyl
|
|upkeep
|
|t:|1614428117
|switch|p2a: Eternatus|Eternatus|100/100
|-ability|p2a: Eternatus|Pressure
|turn|2
|
|t:|1614428125
|move|p2a: Eternatus|Flamethrower|p1a: Melmetal
|-supereffective|p1a: Melmetal
|-damage|p1a: Melmetal|50/100
|move|p1a: Melmetal|Double Iron Bash|p2a: Eternatus
|-damage|p2a: Eternatus|67/100
|-damage|p2a: Eternatus|32/100
|-hitcount|p2a: Eternatus|2
|
|-heal|p2a: Eternatus|38/100|[from] item: Black Sludge
|upkeep
|turn|3
|
|t:|1614428169
|switch|p1a: Arceus|Arceus-Flying|100/100
|-damage|p1a: Arceus|76/100|[from] Stealth Rock
|move|p2a: Eternatus|Flamethrower|p1a: Arceus
|-damage|p1a: Arceus|53/100
|
|-heal|p2a: Eternatus|44/100|[from] item: Black Sludge
|upkeep
|turn|4
|
|t:|1614428202
|move|p2a: Eternatus|Dynamax Cannon|p1a: Arceus
|-damage|p1a: Arceus|14/100
|move|p1a: Arceus|Calm Mind|p1a: Arceus
|-boost|p1a: Arceus|spa|1
|-boost|p1a: Arceus|spd|1
|
|-heal|p2a: Eternatus|51/100|[from] item: Black Sludge
|upkeep
|turn|5
|
|t:|1614428222
|-start|p1a: Arceus|Dynamax
|-heal|p1a: Arceus|14/100|[silent]
|move|p2a: Eternatus|Dynamax Cannon|p1a: Arceus
|-damage|p1a: Arceus|0 fnt
|faint|p1a: Arceus
|
|-heal|p2a: Eternatus|57/100|[from] item: Black Sludge
|upkeep
|j| SoulblazeCharizard
|j| Turtonator44
|
|t:|1614428241
|switch|p1a: Necrozma|Necrozma-Dusk-Mane|100/100
|-damage|p1a: Necrozma|95/100|[from] Stealth Rock
|turn|6
|
|t:|1614428292
|detailschange|p1a: Necrozma|Necrozma-Ultra
|-burst|p1a: Necrozma|Necrozma|Ultranecrozium Z
|move|p1a: Necrozma|Stealth Rock|p2a: Eternatus
|-sidestart|p2: HikaruMaxwell_004|move: Stealth Rock
|move|p2a: Eternatus|Flamethrower|p1a: Necrozma
|-resisted|p1a: Necrozma
|-damage|p1a: Necrozma|71/100
|
|-heal|p2a: Eternatus|63/100|[from] item: Black Sludge
|upkeep
|turn|7
|
|t:|1614428306
|move|p1a: Necrozma|Photon Geyser|p2a: Eternatus
|-supereffective|p2a: Eternatus
|-damage|p2a: Eternatus|0 fnt
|faint|p2a: Eternatus
|
|upkeep
|
|t:|1614428310
|switch|p2a: Zacian|Zacian-Crowned|100/100
|-damage|p2a: Zacian|94/100|[from] Stealth Rock
|-ability|p2a: Zacian|Intrepid Sword|boost
|-boost|p2a: Zacian|atk|1
|turn|8
|
|t:|1614428331
|switch|p1a: Deoxys|Deoxys-Attack|100/100
|-damage|p1a: Deoxys|88/100|[from] Stealth Rock
|-ability|p1a: Deoxys|Pressure
|move|p2a: Zacian|Behemoth Blade|p1a: Deoxys
|-damage|p1a: Deoxys|0 fnt
|faint|p1a: Deoxys
|
|upkeep
|c|☆HikaruMaxwell_004|ultra necro... :(
|c|☆HikaruMaxwell_004|I miss u
|
|t:|1614428350
|switch|p1a: Groudon|Groudon|100/100
|-damage|p1a: Groudon|94/100|[from] Stealth Rock
|detailschange|p1a: Groudon|Groudon-Primal
|-primal|p1a: Groudon
|-weather|DesolateLand|[from] ability: Desolate Land|[of] p1a: Groudon
|turn|9
|
|t:|1614428358
|switch|p2a: Rayquaza|Rayquaza|100/100
|-damage|p2a: Rayquaza|76/100|[from] Stealth Rock
|-ability|p2a: Rayquaza|Air Lock
|move|p1a: Groudon|Fire Punch|p2a: Rayquaza
|-resisted|p2a: Rayquaza
|-damage|p2a: Rayquaza|43/100
|-status|p2a: Rayquaza|brn
|
|-weather|DesolateLand|[upkeep]
|-damage|p2a: Rayquaza|37/100 brn|[from] brn
|upkeep
|turn|10
|
|t:|1614428368
|detailschange|p2a: Rayquaza|Rayquaza-Mega
|-mega|p2a: Rayquaza|Rayquaza|
|-weather|DeltaStream|[from] ability: Delta Stream|[of] p2a: Rayquaza
|move|p2a: Rayquaza|Draco Meteor|p1a: Groudon
|-damage|p1a: Groudon|0 fnt
|-unboost|p2a: Rayquaza|spa|2
|-damage|p2a: Rayquaza|27/100 brn|[from] item: Life Orb
|faint|p1a: Groudon
|
|-weather|DeltaStream|[upkeep]
|-damage|p2a: Rayquaza|21/100 brn|[from] brn
|upkeep
|
|t:|1614428389
|switch|p1a: Necrozma|Necrozma-Ultra|71/100
|-damage|p1a: Necrozma|59/100|[from] Stealth Rock
|turn|11
|
|t:|1614428401
|move|p2a: Rayquaza|Extreme Speed|p1a: Necrozma
|-damage|p1a: Necrozma|34/100
|-damage|p2a: Rayquaza|11/100 brn|[from] item: Life Orb
|move|p1a: Necrozma|Photon Geyser|p2a: Rayquaza
|-damage|p2a: Rayquaza|0 fnt
|faint|p2a: Rayquaza
|-weather|none
|
|upkeep
|
|t:|1614428408
|switch|p2a: Yveltal|Yveltal|100/100
|-damage|p2a: Yveltal|76/100|[from] Stealth Rock
|-ability|p2a: Yveltal|Dark Aura
|turn|12
|
|t:|1614428420
|switch|p1a: Melmetal|Melmetal|50/100
|-damage|p1a: Melmetal|44/100|[from] Stealth Rock
|-start|p2a: Yveltal|Dynamax
|-heal|p2a: Yveltal|76/100|[silent]
|move|p2a: Yveltal|Max Airstream|p1a: Melmetal
|-resisted|p1a: Melmetal
|-damage|p1a: Melmetal|14/100
|-boost|p2a: Yveltal|spe|1
|-damage|p2a: Yveltal|71/100|[from] item: Life Orb
|
|upkeep
|turn|13
|
|t:|1614428429
|move|p2a: Yveltal|Max Flare|p1a: Melmetal
|-supereffective|p1a: Melmetal
|-damage|p1a: Melmetal|0 fnt
|-weather|SunnyDay
|-damage|p2a: Yveltal|66/100|[from] item: Life Orb
|faint|p1a: Melmetal
|
|-weather|SunnyDay|[upkeep]
|upkeep
|
|t:|1614428432
|switch|p1a: Zekrom|Zekrom|100/100
|-damage|p1a: Zekrom|88/100|[from] Stealth Rock
|-ability|p1a: Zekrom|Teravolt
|turn|14
|
|t:|1614428484
|move|p2a: Yveltal|Max Darkness|p1a: Zekrom
|-damage|p1a: Zekrom|0 fnt
|-damage|p2a: Yveltal|61/100|[from] item: Life Orb
|faint|p1a: Zekrom
|
|-weather|SunnyDay|[upkeep]
|-end|p2a: Yveltal|Dynamax
|-heal|p2a: Yveltal|61/100|[silent]
|upkeep
|c|☆HikaruMaxwell_004|gg
|
|t:|1614428493
|switch|p1a: Necrozma|Necrozma-Ultra|34/100
|-damage|p1a: Necrozma|22/100|[from] Stealth Rock
|turn|15
|-message|Dominator296 forfeited.
|
|win|HikaruMaxwell_004
|l|☆Dominator296
