|j|☆ReactJS3
|j|☆kachaooo
|t:|1627964172
|gametype|singles
|player|p1|ReactJS3|265|1934
|player|p2|kachaooo|n|1719
|teamsize|p1|6
|teamsize|p2|6
|gen|8
|tier|[Gen 8] National Dex AG
|rated|
|rule|HP Percentage Mod: HP is shown in percentages
|rule|Endless Battle Clause: Forcing endless battles is banned
|clearpoke
|poke|p1|Rayquaza|
|poke|p1|Zacian-*|
|poke|p1|Yveltal|
|poke|p1|Groudon|
|poke|p1|Ho-Oh|
|poke|p1|Ditto|
|poke|p2|Yveltal|
|poke|p2|Smeargle, M|
|poke|p2|Ditto|
|poke|p2|Calyrex-Ice|
|poke|p2|Marshadow|
|poke|p2|Groudon|
|teampreview
|
|t:|1627964177
|start
|switch|p1a: Zacian|Zacian-Crowned|100/100
|switch|p2a: Leonardo Davinky|Smeargle, M|100/100
|-ability|p1a: Zacian|Intrepid Sword|boost
|-boost|p1a: Zacian|atk|1
|turn|1
|
|t:|1627964180
|move|p1a: Zacian|Behemoth Blade|p2a: Leonardo Davinky
|-enditem|p2a: Leonardo Davinky|Focus Sash
|-damage|p2a: Leonardo Davinky|1/100
|move|p2a: Leonardo Davinky|Spore|p1a: Zacian
|-status|p1a: Zacian|slp|[from] move: Spore
|
|-ability|p2a: Leonardo Davinky|Moody|boost
|-boost|p2a: Leonardo Davinky|def|2
|-unboost|p2a: Leonardo Davinky|atk|1
|upkeep
|turn|2
|
|t:|1627964184
|switch|p1a: Rayquaza|Rayquaza|100/100
|-ability|p1a: Rayquaza|Air Lock
|move|p2a: Leonardo Davinky|Stealth Rock|p1a: Rayquaza
|-sidestart|p1: ReactJS3|move: Stealth Rock
|
|-ability|p2a: Leonardo Davinky|Moody|boost
|-boost|p2a: Leonardo Davinky|atk|2
|-unboost|p2a: Leonardo Davinky|spd|1
|upkeep
|turn|3
|
|t:|1627964190
|switch|p2a: Fiery|Marshadow|100/100
|detailschange|p1a: Rayquaza|Rayquaza-Mega
|-mega|p1a: Rayquaza|Rayquaza|
|-weather|DeltaStream|[from] ability: Delta Stream|[of] p1a: Rayquaza
|move|p1a: Rayquaza|Extreme Speed|p2a: Fiery
|-immune|p2a: Fiery
|
|-weather|DeltaStream|[upkeep]
|upkeep
|turn|4
|inactive|Battle timer is ON: inactive players will automatically lose when time's up. (requested by ReactJS3)
|
|t:|1627964195
|-weather|none
|switch|p1a: Groudon|Groudon|100/100
|-damage|p1a: Groudon|94/100|[from] Stealth Rock
|detailschange|p1a: Groudon|Groudon-Primal
|-primal|p1a: Groudon
|-weather|DesolateLand|[from] ability: Desolate Land|[of] p1a: Groudon
|move|p2a: Fiery|Spectral Thief|p1a: Groudon
|-damage|p1a: Groudon|72/100
|
|-weather|DesolateLand|[upkeep]
|upkeep
|turn|5
|
|t:|1627964202
|move|p2a: Fiery|Spectral Thief|p1a: Groudon
|-damage|p1a: Groudon|52/100
|move|p1a: Groudon|Overheat|p2a: Fiery|[miss]
|-miss|p1a: Groudon|p2a: Fiery
|
|-weather|DesolateLand|[upkeep]
|upkeep
|turn|6
|
|t:|1627964207
|move|p2a: Fiery|Spectral Thief|p1a: Groudon
|-damage|p1a: Groudon|29/100
|move|p1a: Groudon|Stealth Rock|p2a: Fiery
|-sidestart|p2: kachaooo|move: Stealth Rock
|
|-weather|DesolateLand|[upkeep]
|upkeep
|turn|7
|
|t:|1627964214
|move|p2a: Fiery|Spectral Thief|p1a: Groudon
|-damage|p1a: Groudon|7/100
|move|p1a: Groudon|Earthquake|p2a: Fiery
|-damage|p2a: Fiery|23/100
|
|-weather|DesolateLand|[upkeep]
|upkeep
|turn|8
|
|t:|1627964219
|move|p2a: Fiery|Shadow Sneak|p1a: Groudon
|-damage|p1a: Groudon|0 fnt
|faint|p1a: Groudon
|-weather|none
|
|upkeep
|
|t:|1627964221
|switch|p1a: Ditto|Ditto|100/100
|-damage|p1a: Ditto|88/100|[from] Stealth Rock
|-transform|p1a: Ditto|p2a: Fiery|[from] ability: Imposter
|turn|9
|
|t:|1627964228
|move|p1a: Ditto|Shadow Sneak|p2a: Fiery
|-supereffective|p2a: Fiery
|-damage|p2a: Fiery|0 fnt
|faint|p2a: Fiery
|
|upkeep
|
|t:|1627964238
|switch|p2a: Ryuk|Yveltal|100/100
|-damage|p2a: Ryuk|76/100|[from] Stealth Rock
|-ability|p2a: Ryuk|Dark Aura
|turn|10
|
|t:|1627964241
|switch|p1a: Zacian|Zacian-Crowned|100/100 slp
|-damage|p1a: Zacian|94/100 slp|[from] Stealth Rock
|-ability|p1a: Zacian|Intrepid Sword|boost
|-boost|p1a: Zacian|atk|1
|-start|p2a: Ryuk|Dynamax
|-heal|p2a: Ryuk|76/100|[silent]
|move|p2a: Ryuk|Max Flare|p1a: Zacian
|-supereffective|p1a: Zacian
|-damage|p1a: Zacian|13/100 slp
|-weather|SunnyDay
|
|-weather|SunnyDay|[upkeep]
|upkeep
|turn|11
|
|t:|1627964248
|cant|p1a: Zacian|slp
|move|p2a: Ryuk|Max Airstream|p1a: Zacian
|-resisted|p1a: Zacian
|-damage|p1a: Zacian|0 fnt
|-boost|p2a: Ryuk|spe|1
|faint|p1a: Zacian
|
|-weather|SunnyDay|[upkeep]
|upkeep
|
|t:|1627964256
|switch|p1a: Ho-Oh|Ho-Oh|100/100
|turn|12
|
|t:|1627964262
|move|p2a: Ryuk|Max Darkness|p1a: Ho-Oh
|-damage|p1a: Ho-Oh|49/100
|-unboost|p1a: Ho-Oh|spd|1
|move|p1a: Ho-Oh|Sacred Fire|p2a: Ryuk
|-damage|p2a: Ryuk|43/100
|-status|p2a: Ryuk|brn
|
|-weather|SunnyDay|[upkeep]
|-damage|p2a: Ryuk|40/100 brn|[from] brn
|-end|p2a: Ryuk|Dynamax
|-heal|p2a: Ryuk|40/100 brn|[silent]
|upkeep
|turn|13
|
|t:|1627964272
|move|p2a: Ryuk|Dark Pulse|p1a: Ho-Oh
|-damage|p1a: Ho-Oh|4/100
|cant|p1a: Ho-Oh|flinch
|
|-weather|SunnyDay|[upkeep]
|-damage|p2a: Ryuk|34/100 brn|[from] brn
|upkeep
|turn|14
|c|☆ReactJS3|how fking lucky are you
|c|☆ReactJS3|ffs
|
|t:|1627964291
|move|p2a: Ryuk|Dark Pulse|p1a: Ho-Oh
|-damage|p1a: Ho-Oh|0 fnt
|faint|p1a: Ho-Oh
|
|-weather|none
|-damage|p2a: Ryuk|28/100 brn|[from] brn
|upkeep
|
|t:|1627964293
|switch|p1a: Rayquaza|Rayquaza-Mega|100/100
|-damage|p1a: Rayquaza|75/100|[from] Stealth Rock
|-weather|DeltaStream|[from] ability: Delta Stream|[of] p1a: Rayquaza
|turn|15
|
|t:|1627964296
|move|p1a: Rayquaza|Extreme Speed|p2a: Ryuk
|-damage|p2a: Ryuk|0 fnt
|faint|p2a: Ryuk
|
|-weather|DeltaStream|[upkeep]
|upkeep
|
|t:|1627964302
|switch|p2a: Ditto|Ditto|100/100
|-damage|p2a: Ditto|88/100|[from] Stealth Rock
|-transform|p2a: Ditto|p1a: Rayquaza|[from] ability: Imposter
|turn|16
|
|t:|1627964310
|move|p1a: Rayquaza|Extreme Speed|p2a: Ditto
|-damage|p2a: Ditto|46/100
|move|p2a: Ditto|Dragon Ascent|p1a: Rayquaza
|-damage|p1a: Rayquaza|0 fnt
|-unboost|p2a: Ditto|def|1
|-unboost|p2a: Ditto|spd|1
|faint|p1a: Rayquaza
|
|-weather|DeltaStream|[upkeep]
|upkeep
|
|t:|1627964314
|switch|p1a: Yveltal|Yveltal|100/100
|-damage|p1a: Yveltal|76/100|[from] Stealth Rock
|-ability|p1a: Yveltal|Dark Aura
|turn|17
|
|t:|1627964319
|move|p1a: Yveltal|Sucker Punch|p2a: Ditto
|-damage|p2a: Ditto|0 fnt
|faint|p2a: Ditto
|-weather|none
|-damage|p1a: Yveltal|66/100|[from] item: Life Orb
|
|upkeep
|
|t:|1627964322
|switch|p2a: Groudon|Groudon|100/100
|-damage|p2a: Groudon|94/100|[from] Stealth Rock
|detailschange|p2a: Groudon|Groudon-Primal
|-primal|p2a: Groudon
|-weather|DesolateLand|[from] ability: Desolate Land|[of] p2a: Groudon
|turn|18
|
|t:|1627964325
|-start|p1a: Yveltal|Dynamax
|-heal|p1a: Yveltal|66/100|[silent]
|move|p2a: Groudon|Rock Tomb|p1a: Yveltal
|-supereffective|p1a: Yveltal
|-damage|p1a: Yveltal|39/100
|-unboost|p1a: Yveltal|spe|1
|move|p1a: Yveltal|Max Airstream|p2a: Groudon
|-damage|p2a: Groudon|0 fnt
|-boost|p1a: Yveltal|spe|1
|faint|p2a: Groudon
|-weather|none
|-damage|p1a: Yveltal|34/100|[from] item: Life Orb
|
|upkeep
|
|t:|1627964329
|switch|p2a: Calyrex|Calyrex-Ice|100/100
|-ability|p2a: Calyrex|As One
|-ability|p2a: Calyrex|Unnerve
|-damage|p2a: Calyrex|75/100|[from] Stealth Rock
|turn|19
|
|t:|1627964331
|move|p1a: Yveltal|Max Darkness|p2a: Calyrex
|-supereffective|p2a: Calyrex
|-damage|p2a: Calyrex|0 fnt
|faint|p2a: Calyrex
|-damage|p1a: Yveltal|29/100|[from] item: Life Orb
|
|upkeep
|-message|kachaooo forfeited.
|
|win|ReactJS3
|raw|ReactJS3's rating: 1934 &rarr; <strong>1943</strong><br />(+9 for winning)
|raw|kachaooo's rating: 1719 &rarr; <strong>1710</strong><br />(-9 for losing)
|l|☆kachaooo
