|j|☆EinsteinAlpha25
|j|☆rowletroost
|inactive|Battle timer is ON: inactive players will automatically lose when time's up.
|t:|1656976601
|gametype|singles
|player|p1|EinsteinAlpha25|lucian|
|player|p2|rowletroost|oak-gen1rb|
|teamsize|p1|6
|teamsize|p2|6
|gen|8
|tier|[Gen 8] National Dex AG
|rated|Tournament battle
|rule|HP Percentage Mod: HP is shown in percentages
|rule|Endless Battle Clause: Forcing endless battles is banned
|clearpoke
|poke|p1|Calyrex-Shadow|
|poke|p1|Groudon|
|poke|p1|Rayquaza|
|poke|p1|Zacian-*|
|poke|p1|Necrozma-Dusk-Mane|
|poke|p1|Marshadow|
|poke|p2|Arceus-*|
|poke|p2|Xerneas-*|
|poke|p2|Kyogre|
|poke|p2|Marshadow|
|poke|p2|Ribombee, M|
|poke|p2|Vivillon-Savanna, M|
|teampreview
|inactive|rowletroost also wants the timer to be on.
|inactive|EinsteinAlpha25 also wants the timer to be on.
|inactive|EinsteinAlpha25 has 120 seconds left.
|
|t:|1656976637
|start
|switch|p1a: Rayquaza|Rayquaza|100/100
|switch|p2a: Ribombee|Ribombee, M, shiny|100/100
|-ability|p1a: Rayquaza|Air Lock
|turn|1
|
|t:|1656976644
|detailschange|p1a: Rayquaza|Rayquaza-Mega
|-mega|p1a: Rayquaza|Rayquaza|
|-weather|DeltaStream|[from] ability: Delta Stream|[of] p1a: Rayquaza
|move|p2a: Ribombee|Sticky Web|p1a: Rayquaza
|-sidestart|p1: EinsteinAlpha25|move: Sticky Web
|move|p1a: Rayquaza|Dragon Ascent|p2a: Ribombee
|-supereffective|p2a: Ribombee
|-enditem|p2a: Ribombee|Focus Sash
|-damage|p2a: Ribombee|1/100
|-unboost|p1a: Rayquaza|def|1
|-unboost|p1a: Rayquaza|spd|1
|-damage|p1a: Rayquaza|91/100|[from] item: Life Orb
|
|-weather|DeltaStream|[upkeep]
|upkeep
|turn|2
|
|t:|1656976648
|move|p1a: Rayquaza|Extreme Speed|p2a: Ribombee
|-damage|p2a: Ribombee|0 fnt
|faint|p2a: Ribombee
|-damage|p1a: Rayquaza|81/100|[from] item: Life Orb
|
|-weather|DeltaStream|[upkeep]
|upkeep
|
|t:|1656976675
|switch|p2a: Arceus|Arceus-Ground|100/100
|turn|3
|
|t:|1656976683
|-weather|none
|switch|p1a: Necrozma|Necrozma-Dusk-Mane|100/100
|-activate|p1a: Necrozma|move: Sticky Web
|-unboost|p1a: Necrozma|spe|1
|move|p2a: Arceus|Ice Beam|p1a: Necrozma
|-resisted|p1a: Necrozma
|-damage|p1a: Necrozma|89/100
|
|upkeep
|turn|4
|
|t:|1656976697
|-start|p1a: Necrozma|Dynamax|
|-heal|p1a: Necrozma|89/100|[silent]
|move|p2a: Arceus|Judgment|p1a: Necrozma
|-supereffective|p1a: Necrozma
|-damage|p1a: Necrozma|54/100
|-enditem|p1a: Necrozma|Weakness Policy
|-boost|p1a: Necrozma|atk|2|[from] item: Weakness Policy
|-boost|p1a: Necrozma|spa|2|[from] item: Weakness Policy
|move|p1a: Necrozma|Max Steelspike|p2a: Arceus
|-damage|p2a: Arceus|25/100
|-boost|p1a: Necrozma|def|1
|
|upkeep
|turn|5
|
|t:|1656976707
|move|p2a: Arceus|Recover|p2a: Arceus
|-heal|p2a: Arceus|75/100
|move|p1a: Necrozma|Max Steelspike|p2a: Arceus
|-damage|p2a: Arceus|3/100
|-boost|p1a: Necrozma|def|1
|
|upkeep
|turn|6
|
|t:|1656976716
|move|p2a: Arceus|Recover|p2a: Arceus
|-heal|p2a: Arceus|53/100
|move|p1a: Necrozma|Max Quake|p2a: Arceus
|-damage|p2a: Arceus|0 fnt
|-boost|p1a: Necrozma|spd|1
|faint|p2a: Arceus
|
|upkeep
|
|t:|1656976719
|switch|p2a: Vivillon|Vivillon-Savanna, M|100/100
|-end|p1a: Necrozma|Dynamax
|-heal|p1a: Necrozma|54/100|[silent]
|turn|7
|
|t:|1656976727
|move|p2a: Vivillon|Sleep Powder|p1a: Necrozma
|-status|p1a: Necrozma|slp|[from] move: Sleep Powder
|cant|p1a: Necrozma|slp
|
|upkeep
|turn|8
|
|t:|1656976731
|move|p2a: Vivillon|Substitute|p2a: Vivillon
|-start|p2a: Vivillon|Substitute
|-damage|p2a: Vivillon|76/100
|cant|p1a: Necrozma|slp
|
|-heal|p2a: Vivillon|82/100|[from] item: Leftovers
|upkeep
|turn|9
|
|t:|1656976733
|move|p2a: Vivillon|Quiver Dance|p2a: Vivillon
|-boost|p2a: Vivillon|spa|1
|-boost|p2a: Vivillon|spd|1
|-boost|p2a: Vivillon|spe|1
|-curestatus|p1a: Necrozma|slp|[msg]
|move|p1a: Necrozma|Sunsteel Strike|p2a: Vivillon
|-end|p2a: Vivillon|Substitute
|
|-heal|p2a: Vivillon|88/100|[from] item: Leftovers
|upkeep
|turn|10
|
|t:|1656976739
|move|p2a: Vivillon|Sleep Powder|p1a: Necrozma
|-status|p1a: Necrozma|slp|[from] move: Sleep Powder
|cant|p1a: Necrozma|slp
|
|-heal|p2a: Vivillon|94/100|[from] item: Leftovers
|upkeep
|turn|11
|
|t:|1656976741
|move|p2a: Vivillon|Substitute|p2a: Vivillon
|-start|p2a: Vivillon|Substitute
|-damage|p2a: Vivillon|69/100
|-curestatus|p1a: Necrozma|slp|[msg]
|move|p1a: Necrozma|Sunsteel Strike|p2a: Vivillon
|-end|p2a: Vivillon|Substitute
|
|-heal|p2a: Vivillon|75/100|[from] item: Leftovers
|upkeep
|turn|12
|
|t:|1656976743
|move|p2a: Vivillon|Sleep Powder|p1a: Necrozma
|-status|p1a: Necrozma|slp|[from] move: Sleep Powder
|cant|p1a: Necrozma|slp
|
|-heal|p2a: Vivillon|81/100|[from] item: Leftovers
|upkeep
|turn|13
|
|t:|1656976747
|move|p2a: Vivillon|Substitute|p2a: Vivillon
|-start|p2a: Vivillon|Substitute
|-damage|p2a: Vivillon|56/100
|-curestatus|p1a: Necrozma|slp|[msg]
|move|p1a: Necrozma|Sunsteel Strike|p2a: Vivillon
|-end|p2a: Vivillon|Substitute
|
|-heal|p2a: Vivillon|62/100|[from] item: Leftovers
|upkeep
|turn|14
|
|t:|1656976751
|move|p2a: Vivillon|Sleep Powder|p1a: Necrozma
|-status|p1a: Necrozma|slp|[from] move: Sleep Powder
|cant|p1a: Necrozma|slp
|
|-heal|p2a: Vivillon|68/100|[from] item: Leftovers
|upkeep
|turn|15
|
|t:|1656976754
|move|p2a: Vivillon|Substitute|p2a: Vivillon
|-start|p2a: Vivillon|Substitute
|-damage|p2a: Vivillon|43/100
|cant|p1a: Necrozma|slp
|
|-heal|p2a: Vivillon|49/100|[from] item: Leftovers
|upkeep
|turn|16
|
|t:|1656976756
|move|p2a: Vivillon|Quiver Dance|p2a: Vivillon
|-boost|p2a: Vivillon|spa|1
|-boost|p2a: Vivillon|spd|1
|-boost|p2a: Vivillon|spe|1
|cant|p1a: Necrozma|slp
|
|-heal|p2a: Vivillon|55/100|[from] item: Leftovers
|upkeep
|turn|17
|
|t:|1656976759
|move|p2a: Vivillon|Hurricane|p1a: Necrozma
|-resisted|p1a: Necrozma
|-damage|p1a: Necrozma|26/100 slp
|-start|p1a: Necrozma|confusion
|-curestatus|p1a: Necrozma|slp|[msg]
|-activate|p1a: Necrozma|confusion
|move|p1a: Necrozma|Sunsteel Strike|p2a: Vivillon
|-end|p2a: Vivillon|Substitute
|
|-heal|p2a: Vivillon|61/100|[from] item: Leftovers
|upkeep
|turn|18
|
|t:|1656976763
|move|p2a: Vivillon|Sleep Powder|p1a: Necrozma
|-status|p1a: Necrozma|slp|[from] move: Sleep Powder
|cant|p1a: Necrozma|slp
|
|-heal|p2a: Vivillon|67/100|[from] item: Leftovers
|upkeep
|turn|19
|
|t:|1656976765
|move|p2a: Vivillon|Substitute|p2a: Vivillon
|-start|p2a: Vivillon|Substitute
|-damage|p2a: Vivillon|42/100
|cant|p1a: Necrozma|slp
|
|-heal|p2a: Vivillon|48/100|[from] item: Leftovers
|upkeep
|turn|20
|
|t:|1656976768
|move|p2a: Vivillon|Hurricane|p1a: Necrozma
|-resisted|p1a: Necrozma
|-damage|p1a: Necrozma|0 fnt
|faint|p1a: Necrozma
|
|-heal|p2a: Vivillon|54/100|[from] item: Leftovers
|upkeep
|
|t:|1656976779
|switch|p1a: Calyrex|Calyrex-Shadow|100/100
|-ability|p1a: Calyrex|As One
|-ability|p1a: Calyrex|Unnerve
|-activate|p1a: Calyrex|move: Sticky Web
|-unboost|p1a: Calyrex|spe|1
|turn|21
|
|t:|1656976783
|move|p2a: Vivillon|Sleep Powder|p1a: Calyrex
|-status|p1a: Calyrex|slp|[from] move: Sleep Powder
|cant|p1a: Calyrex|slp
|
|-heal|p2a: Vivillon|60/100|[from] item: Leftovers
|upkeep
|turn|22
|
|t:|1656976787
|move|p2a: Vivillon|Hurricane|p1a: Calyrex
|-damage|p1a: Calyrex|7/100 slp
|-curestatus|p1a: Calyrex|slp|[msg]
|move|p1a: Calyrex|Astral Barrage|p2a: Vivillon
|-crit|p2a: Vivillon
|-end|p2a: Vivillon|Substitute
|
|-heal|p2a: Vivillon|66/100|[from] item: Leftovers
|upkeep
|turn|23
|
|t:|1656976791
|move|p2a: Vivillon|Sleep Powder|p1a: Calyrex
|-status|p1a: Calyrex|slp|[from] move: Sleep Powder
|cant|p1a: Calyrex|slp
|
|-heal|p2a: Vivillon|72/100|[from] item: Leftovers
|upkeep
|turn|24
|
|t:|1656976793
|move|p2a: Vivillon|Substitute|p2a: Vivillon
|-start|p2a: Vivillon|Substitute
|-damage|p2a: Vivillon|47/100
|-curestatus|p1a: Calyrex|slp|[msg]
|move|p1a: Calyrex|Astral Barrage|p2a: Vivillon
|-end|p2a: Vivillon|Substitute
|
|-heal|p2a: Vivillon|53/100|[from] item: Leftovers
|upkeep
|turn|25
|j| LocalMetagross
|
|t:|1656976796
|move|p2a: Vivillon|Sleep Powder|p1a: Calyrex
|-status|p1a: Calyrex|slp|[from] move: Sleep Powder
|cant|p1a: Calyrex|slp
|
|-heal|p2a: Vivillon|59/100|[from] item: Leftovers
|upkeep
|turn|26
|
|t:|1656976798
|move|p2a: Vivillon|Substitute|p2a: Vivillon
|-start|p2a: Vivillon|Substitute
|-damage|p2a: Vivillon|34/100
|cant|p1a: Calyrex|slp
|
|-heal|p2a: Vivillon|40/100|[from] item: Leftovers
|upkeep
|turn|27
|
|t:|1656976805
|move|p2a: Vivillon|Hurricane|p1a: Calyrex
|-damage|p1a: Calyrex|0 fnt
|faint|p1a: Calyrex
|
|-heal|p2a: Vivillon|46/100|[from] item: Leftovers
|upkeep
|
|t:|1656976814
|switch|p1a: Marshadow|Marshadow|100/100
|-activate|p1a: Marshadow|move: Sticky Web
|-unboost|p1a: Marshadow|spe|1
|turn|28
|
|t:|1656976818
|move|p2a: Vivillon|Sleep Powder|p1a: Marshadow
|-status|p1a: Marshadow|slp|[from] move: Sleep Powder
|cant|p1a: Marshadow|slp
|
|-heal|p2a: Vivillon|52/100|[from] item: Leftovers
|upkeep
|turn|29
|
|t:|1656976822
|move|p2a: Vivillon|Hurricane|p1a: Marshadow
|-supereffective|p1a: Marshadow
|-enditem|p1a: Marshadow|Focus Sash
|-damage|p1a: Marshadow|1/100 slp
|-start|p1a: Marshadow|confusion
|-curestatus|p1a: Marshadow|slp|[msg]
|-activate|p1a: Marshadow|confusion
|move|p1a: Marshadow|Spectral Thief||[still]
|-clearpositiveboost|p2a: Vivillon|p1a: Marshadow|move: Spectral Thief
|-boost|p1a: Marshadow|spa|2
|-boost|p1a: Marshadow|spd|2
|-boost|p1a: Marshadow|spe|2
|-anim|p1a: Marshadow|Spectral Thief|p2a: Vivillon
|-damage|p2a: Vivillon|0 fnt
|faint|p2a: Vivillon
|
|upkeep
|c| LocalMetagross|miss sleep powder challenge (impossible)
|
|t:|1656976827
|switch|p2a: Marshadow|Marshadow|100/100
|turn|30
|c|☆EinsteinAlpha25|What is the accuracy on that with compound?
|c| LocalMetagross|97.5
|inactive|EinsteinAlpha25 has 120 seconds left.
|j| Monkeyseemonkeyu
|c|☆EinsteinAlpha25|So I was fishing for a 2.5% chance
|c|☆EinsteinAlpha25|Nice
|c| LocalMetagross|y e p
|
|t:|1656976875
|-activate|p1a: Marshadow|confusion
|move|p1a: Marshadow|Shadow Sneak|p2a: Marshadow
|-supereffective|p2a: Marshadow
|-damage|p2a: Marshadow|20/100
|move|p2a: Marshadow|Shadow Sneak|p1a: Marshadow
|-supereffective|p1a: Marshadow
|-damage|p1a: Marshadow|0 fnt
|faint|p1a: Marshadow
|
|upkeep
|
|t:|1656976883
|switch|p1a: Groudon|Groudon|100/100
|-activate|p1a: Groudon|move: Sticky Web
|-unboost|p1a: Groudon|spe|1
|detailschange|p1a: Groudon|Groudon-Primal
|-primal|p1a: Groudon
|-weather|DesolateLand|[from] ability: Desolate Land|[of] p1a: Groudon
|turn|31
|
|t:|1656976888
|switch|p2a: Kyogre|Kyogre, shiny|100/100
|detailschange|p2a: Kyogre|Kyogre-Primal, shiny
|-primal|p2a: Kyogre
|-weather|PrimordialSea|[from] ability: Primordial Sea|[of] p2a: Kyogre
|move|p1a: Groudon|Earthquake|p2a: Kyogre
|-damage|p2a: Kyogre|44/100
|
|-weather|PrimordialSea|[upkeep]
|upkeep
|turn|32
|j| fiudhufis
|inactive|EinsteinAlpha25 has 120 seconds left.
|
|t:|1656976894
|switch|p1a: Rayquaza|Rayquaza-Mega|81/100
|-weather|DeltaStream|[from] ability: Delta Stream|[of] p1a: Rayquaza
|move|p2a: Kyogre|Ice Beam|p1a: Rayquaza
|-activate||deltastream
|-supereffective|p1a: Rayquaza
|-damage|p1a: Rayquaza|0 fnt
|faint|p1a: Rayquaza
|-weather|none
|
|upkeep
|inactive|EinsteinAlpha25 has 120 seconds left.
|
|t:|1656976903
|switch|p1a: Groudon|Groudon-Primal|100/100
|-activate|p1a: Groudon|move: Sticky Web
|-unboost|p1a: Groudon|spe|1
|-weather|DesolateLand|[from] ability: Desolate Land|[of] p1a: Groudon
|turn|33
|
|t:|1656976908
|move|p2a: Kyogre|Ice Beam|p1a: Groudon
|-damage|p1a: Groudon|56/100
|move|p1a: Groudon|Earthquake|p2a: Kyogre
|-damage|p2a: Kyogre|0 fnt
|faint|p2a: Kyogre
|
|-weather|DesolateLand|[upkeep]
|upkeep
|
|t:|1656976911
|switch|p2a: Xerneas|Xerneas, shiny|100/100
|-ability|p2a: Xerneas|Fairy Aura
|turn|34
|
|t:|1656976918
|move|p2a: Xerneas|Geomancy||[still]
|-prepare|p2a: Xerneas|Geomancy
|-enditem|p2a: Xerneas|Power Herb
|-anim|p2a: Xerneas|Geomancy|p2a: Xerneas
|-boost|p2a: Xerneas|spa|2
|-boost|p2a: Xerneas|spd|2
|-boost|p2a: Xerneas|spe|2
|move|p1a: Groudon|Earthquake|p2a: Xerneas
|-damage|p2a: Xerneas|48/100
|
|-weather|DesolateLand|[upkeep]
|upkeep
|turn|35
|
|t:|1656976921
|-start|p2a: Xerneas|Dynamax|
|-heal|p2a: Xerneas|48/100|[silent]
|move|p2a: Xerneas|Max Starfall|p1a: Groudon
|-resisted|p1a: Groudon
|-damage|p1a: Groudon|0 fnt
|-fieldstart|move: Misty Terrain
|faint|p1a: Groudon
|-weather|none
|
|upkeep
|
|t:|1656976923
|switch|p1a: Zacian|Zacian-Crowned|100/100
|-activate|p1a: Zacian|move: Sticky Web
|-unboost|p1a: Zacian|spe|1
|-ability|p1a: Zacian|Intrepid Sword|boost
|-boost|p1a: Zacian|atk|1
|turn|36
|
|t:|1656976924
|move|p2a: Xerneas|Max Flare|p1a: Zacian
|-supereffective|p1a: Zacian
|-damage|p1a: Zacian|0 fnt
|-weather|SunnyDay
|faint|p1a: Zacian
|
|win|rowletroost
|n|☆EinsteinAlpha25|einsteinalpha25
|n|☆rowletroost|rowletroost
|n| LocalMetagross|localmetagross
|n| Monkeyseemonkeyu|monkeyseemonkeyu
|n| fiudhufis|fiudhufis
