|j|☆Blackstar152001
|j|☆PM77Switch
|t:|1665258223
|gametype|singles
|player|p1|Blackstar152001|blue-gen3two|1817
|player|p2|PM77Switch|may-masters3|1779
|teamsize|p1|6
|teamsize|p2|6
|gen|8
|tier|[Gen 8] National Dex AG
|rated|
|rule|HP Percentage Mod: HP is shown in percentages
|rule|Endless Battle Clause: Forcing endless battles is banned
|clearpoke
|poke|p1|Arceus-*|
|poke|p1|Ditto|
|poke|p1|Kyogre|
|poke|p1|Zygarde|
|poke|p1|Salamence, F|
|poke|p1|Groudon|
|poke|p2|Groudon|
|poke|p2|Arceus-*|
|poke|p2|Yveltal|
|poke|p2|Necrozma-Dusk-Mane|
|poke|p2|Rayquaza|
|poke|p2|Zacian-*|
|teampreview
|inactive|Battle timer is ON: inactive players will automatically lose when time's up. (requested by Blackstar152001)
|
|t:|1665258231
|start
|switch|p1a: Groudon|Groudon|100/100
|switch|p2a: Arceus|Arceus-Ground|100/100
|detailschange|p1a: Groudon|Groudon-Primal
|-primal|p1a: Groudon
|-weather|DesolateLand|[from] ability: Desolate Land|[of] p1a: Groudon
|turn|1
|
|t:|1665258237
|-weather|none
|switch|p1a: Kyogre|Kyogre|100/100
|detailschange|p1a: Kyogre|Kyogre-Primal
|-primal|p1a: Kyogre
|-weather|PrimordialSea|[from] ability: Primordial Sea|[of] p1a: Kyogre
|move|p2a: Arceus|Judgment|p1a: Kyogre
|-damage|p1a: Kyogre|63/100
|
|-weather|PrimordialSea|[upkeep]
|upkeep
|turn|2
|
|t:|1665258242
|switch|p2a: Groudon|Groudon|100/100
|detailschange|p2a: Groudon|Groudon-Primal
|-primal|p2a: Groudon
|-weather|DesolateLand|[from] ability: Desolate Land|[of] p2a: Groudon
|move|p1a: Kyogre|Ice Beam|p2a: Groudon
|-damage|p2a: Groudon|56/100
|
|-weather|DesolateLand|[upkeep]
|upkeep
|turn|3
|
|t:|1665258251
|move|p1a: Kyogre|Ice Beam|p2a: Groudon
|-damage|p2a: Groudon|10/100
|move|p2a: Groudon|Precipice Blades|p1a: Kyogre
|-damage|p1a: Kyogre|0 fnt
|faint|p1a: Kyogre
|
|-weather|DesolateLand|[upkeep]
|upkeep
|
|t:|1665258258
|switch|p1a: Groudon|Groudon-Primal|100/100
|turn|4
|
|t:|1665258262
|move|p2a: Groudon|Precipice Blades|p1a: Groudon|[miss]
|-miss|p2a: Groudon|p1a: Groudon
|move|p1a: Groudon|Stealth Rock|p2a: Groudon
|-sidestart|p2: PM77Switch|move: Stealth Rock
|
|-weather|DesolateLand|[upkeep]
|upkeep
|turn|5
|
|t:|1665258266
|switch|p1a: Zygarde|Zygarde, shiny|100/100
|move|p2a: Groudon|Precipice Blades|p1a: Zygarde
|-damage|p1a: Zygarde|35/100
|
|-weather|DesolateLand|[upkeep]
|-activate|p1a: Zygarde|ability: Power Construct
|detailschange|p1a: Zygarde|Zygarde-Complete, shiny
|-heal|p1a: Zygarde|57/100|[silent]
|upkeep
|turn|6
|
|t:|1665258270
|move|p2a: Groudon|Precipice Blades|p1a: Zygarde
|-damage|p1a: Zygarde|18/100
|move|p1a: Zygarde|Thousand Arrows|p2a: Groudon
|-supereffective|p2a: Groudon
|-damage|p2a: Groudon|0 fnt
|faint|p2a: Groudon
|-weather|none
|
|upkeep
|
|t:|1665258276
|switch|p2a: Arceus|Arceus-Ground|100/100
|-damage|p2a: Arceus|94/100|[from] Stealth Rock
|turn|7
|
|t:|1665258299
|move|p2a: Arceus|Ice Beam|p1a: Zygarde
|-supereffective|p1a: Zygarde
|-damage|p1a: Zygarde|0 fnt
|faint|p1a: Zygarde
|
|upkeep
|
|t:|1665258301
|switch|p1a: Arceus|Arceus|100/100
|turn|8
|
|t:|1665258304
|move|p2a: Arceus|Judgment|p1a: Arceus
|-damage|p1a: Arceus|63/100
|move|p1a: Arceus|Swords Dance|p1a: Arceus
|-boost|p1a: Arceus|atk|2
|
|upkeep
|turn|9
|
|t:|1665258315
|switch|p2a: Zacian|Zacian-Crowned, shiny|100/100
|-damage|p2a: Zacian|94/100|[from] Stealth Rock
|-ability|p2a: Zacian|Intrepid Sword|boost
|-boost|p2a: Zacian|atk|1
|-start|p1a: Arceus|Dynamax|
|-heal|p1a: Arceus|63/100|[silent]
|move|p1a: Arceus|Max Strike|p2a: Zacian
|-resisted|p2a: Zacian
|-damage|p2a: Zacian|32/100
|-unboost|p2a: Zacian|spe|1
|
|upkeep
|turn|10
|
|t:|1665258321
|switch|p2a: Rayquaza|Rayquaza|100/100
|-damage|p2a: Rayquaza|76/100|[from] Stealth Rock
|-ability|p2a: Rayquaza|Air Lock
|move|p1a: Arceus|Max Phantasm|p2a: Rayquaza
|-damage|p2a: Rayquaza|0 fnt
|faint|p2a: Rayquaza
|
|upkeep
|
|t:|1665258328
|switch|p2a: Zacian|Zacian-Crowned, shiny|32/100
|-damage|p2a: Zacian|26/100|[from] Stealth Rock
|-ability|p2a: Zacian|Intrepid Sword|boost
|-boost|p2a: Zacian|atk|1
|turn|11
|
|t:|1665258331
|move|p1a: Arceus|Max Guard|p1a: Arceus
|-singleturn|p1a: Arceus|Max Guard
|move|p2a: Zacian|Behemoth Blade|p1a: Arceus
|-activate|p1a: Arceus|move: Max Guard
|
|upkeep
|-end|p1a: Arceus|Dynamax
|-heal|p1a: Arceus|63/100|[silent]
|turn|12
|
|t:|1665258333
|move|p1a: Arceus|Extreme Speed|p2a: Zacian
|-resisted|p2a: Zacian
|-damage|p2a: Zacian|0 fnt
|faint|p2a: Zacian
|
|upkeep
|inactive|PM77Switch has 120 seconds left.
|
|t:|1665258366
|switch|p2a: Arceus|Arceus-Ground|94/100
|-damage|p2a: Arceus|88/100|[from] Stealth Rock
|turn|13
|
|t:|1665258370
|move|p2a: Arceus|Judgment|p1a: Arceus
|-damage|p1a: Arceus|22/100
|move|p1a: Arceus|Recover|p1a: Arceus
|-heal|p1a: Arceus|72/100
|
|upkeep
|turn|14
|
|t:|1665258373
|move|p1a: Arceus|Extreme Speed|p2a: Arceus
|-damage|p2a: Arceus|29/100
|move|p2a: Arceus|Judgment|p1a: Arceus
|-damage|p1a: Arceus|34/100
|
|upkeep
|turn|15
|
|t:|1665258379
|switch|p2a: Necrozma|Necrozma-Dusk-Mane|100/100
|-damage|p2a: Necrozma|94/100|[from] Stealth Rock
|move|p1a: Arceus|Extreme Speed|p2a: Necrozma
|-resisted|p2a: Necrozma
|-damage|p2a: Necrozma|62/100
|
|-heal|p2a: Necrozma|68/100|[from] item: Leftovers
|upkeep
|turn|16
|
|t:|1665258384
|move|p1a: Arceus|Recover|p1a: Arceus
|-heal|p1a: Arceus|84/100
|move|p2a: Necrozma|Thunder Wave|p1a: Arceus
|-status|p1a: Arceus|par
|-enditem|p1a: Arceus|Lum Berry|[eat]
|-curestatus|p1a: Arceus|par|[msg]
|
|-heal|p2a: Necrozma|74/100|[from] item: Leftovers
|upkeep
|turn|17
|
|t:|1665258389
|move|p1a: Arceus|Shadow Claw|p2a: Necrozma
|-supereffective|p2a: Necrozma
|-damage|p2a: Necrozma|20/100
|move|p2a: Necrozma|Stealth Rock|p1a: Arceus
|-sidestart|p1: Blackstar152001|move: Stealth Rock
|
|-heal|p2a: Necrozma|26/100|[from] item: Leftovers
|upkeep
|turn|18
|
|t:|1665258393
|move|p1a: Arceus|Shadow Claw|p2a: Necrozma
|-supereffective|p2a: Necrozma
|-damage|p2a: Necrozma|0 fnt
|faint|p2a: Necrozma
|
|upkeep
|
|t:|1665258397
|switch|p2a: Yveltal|Yveltal, shiny|100/100
|-damage|p2a: Yveltal|76/100|[from] Stealth Rock
|-ability|p2a: Yveltal|Dark Aura
|turn|19
|
|t:|1665258401
|-start|p2a: Yveltal|Dynamax|
|-heal|p2a: Yveltal|76/100|[silent]
|move|p1a: Arceus|Extreme Speed|p2a: Yveltal
|-damage|p2a: Yveltal|41/100
|move|p2a: Yveltal|Max Darkness|p1a: Arceus
|-damage|p1a: Arceus|28/100
|-unboost|p1a: Arceus|spd|1
|
|upkeep
|turn|20
|
|t:|1665258404
|move|p1a: Arceus|Extreme Speed|p2a: Yveltal
|-damage|p2a: Yveltal|3/100
|move|p2a: Yveltal|Max Darkness|p1a: Arceus
|-damage|p1a: Arceus|0 fnt
|faint|p1a: Arceus
|
|upkeep
|
|t:|1665258409
|switch|p1a: Salamence|Salamence, F|100/100
|-damage|p1a: Salamence|76/100|[from] Stealth Rock
|-ability|p1a: Salamence|Intimidate|boost
|-unboost|p2a: Yveltal|atk|1
|turn|21
|
|t:|1665258412
|detailschange|p1a: Salamence|Salamence-Mega, F
|-mega|p1a: Salamence|Salamence|Salamencite
|move|p1a: Salamence|Frustration|p2a: Yveltal
|-damage|p2a: Yveltal|0 fnt
|faint|p2a: Yveltal
|
|upkeep
|
|t:|1665258416
|switch|p2a: Arceus|Arceus-Ground|29/100
|-damage|p2a: Arceus|23/100|[from] Stealth Rock
|turn|22
|
|t:|1665258418
|move|p1a: Salamence|Frustration|p2a: Arceus
|-damage|p2a: Arceus|0 fnt
|faint|p2a: Arceus
|
|win|Blackstar152001
|raw|Blackstar152001's rating: 1817 &rarr; <strong>1835</strong><br />(+18 for winning)
|raw|PM77Switch's rating: 1779 &rarr; <strong>1761</strong><br />(-18 for losing)
|l|☆PM77Switch
