|j|☆Masta SkillZ
|j|☆zero389★
|t:|1620239621
|gametype|singles
|player|p1|Masta SkillZ|youngster-gen4|
|player|p2|zero389★|siebold|
|teamsize|p1|6
|teamsize|p2|6
|gen|8
|tier|[Gen 8] National Dex AG
|rated|Tournament battle
|clearpoke
|poke|p1|Xerneas|
|poke|p1|Ditto|
|poke|p1|Kyogre|
|poke|p1|Kyogre|
|poke|p1|Rayquaza|
|poke|p1|Groudon|
|poke|p2|Rayquaza|
|poke|p2|Calyrex-Shadow|
|poke|p2|Necrozma-Dusk-Mane|
|poke|p2|Yveltal|
|poke|p2|Arceus-*|
|poke|p2|Zygarde|
|rule|HP Percentage Mod: HP is shown in percentages
|rule|Endless Battle Clause: Forcing endless battles is banned
|teampreview
|c|☆zero389★|Hf
|j|+frozoid ❤
|j| XaviJJ
|
|t:|1620239639
|start
|switch|p1a: Xerneas|Xerneas|100/100
|switch|p2a: Zygarde|Zygarde|100/100
|-ability|p1a: Xerneas|Fairy Aura
|turn|1
|
|t:|1620239643
|switch|p2a: Necrozma|Necrozma-Dusk-Mane|100/100
|move|p1a: Xerneas|Moonblast|p2a: Necrozma
|-resisted|p2a: Necrozma
|-damage|p2a: Necrozma|74/100
|
|upkeep
|turn|2
|j| Shadowshark1
|j| Perish boi 1
|
|t:|1620239649
|switch|p1a: Kyogre|Kyogre|100/100
|detailschange|p1a: Kyogre|Kyogre-Primal
|-primal|p1a: Kyogre
|-weather|PrimordialSea|[from] ability: Primordial Sea|[of] p1a: Kyogre
|switch|p2a: Rayquaza|Rayquaza|100/100
|-ability|p2a: Rayquaza|Air Lock
|
|-weather|PrimordialSea|[upkeep]
|upkeep
|turn|3
|
|t:|1620239653
|detailschange|p2a: Rayquaza|Rayquaza-Mega
|-mega|p2a: Rayquaza|Rayquaza|
|-weather|DeltaStream|[from] ability: Delta Stream|[of] p2a: Rayquaza
|move|p2a: Rayquaza|Dragon Ascent|p1a: Kyogre
|-damage|p1a: Kyogre|41/100
|-unboost|p2a: Rayquaza|def|1
|-unboost|p2a: Rayquaza|spd|1
|move|p1a: Kyogre|Ice Beam|p2a: Rayquaza
|-activate||deltastream
|-supereffective|p2a: Rayquaza
|-damage|p2a: Rayquaza|0 fnt
|faint|p2a: Rayquaza
|-weather|none
|
|upkeep
|
|t:|1620239656
|switch|p2a: Calyrex|Calyrex-Shadow|100/100
|-ability|p2a: Calyrex|As One
|-ability|p2a: Calyrex|Unnerve
|turn|4
|
|t:|1620239660
|move|p2a: Calyrex|Astral Barrage|p1a: Kyogre
|-damage|p1a: Kyogre|0 fnt
|faint|p1a: Kyogre
|-ability|p2a: Calyrex|Grim Neigh|boost
|-boost|p2a: Calyrex|spa|1
|
|upkeep
|
|t:|1620239668
|switch|p1a: Kyogre|Kyogre|100/100
|-weather|RainDance|[from] ability: Drizzle|[of] p1a: Kyogre
|turn|5
|
|t:|1620239677
|switch|p2a: Indra|Yveltal, shiny|100/100
|-ability|p2a: Indra|Dark Aura
|move|p1a: Kyogre|Water Spout|p2a: Indra
|-damage|p2a: Indra|35/100
|
|-weather|RainDance|[upkeep]
|upkeep
|turn|6
|
|t:|1620239688
|move|p1a: Kyogre|Water Spout|p2a: Indra
|-damage|p2a: Indra|0 fnt
|faint|p2a: Indra
|
|-weather|RainDance|[upkeep]
|upkeep
|
|t:|1620239690
|switch|p2a: Arceus|Arceus|100/100
|turn|7
|
|t:|1620239698
|-start|p1a: Kyogre|Dynamax
|-heal|p1a: Kyogre|100/100|[silent]
|move|p1a: Kyogre|Max Geyser|p2a: Arceus
|-damage|p2a: Arceus|21/100
|move|p2a: Arceus|Toxic|p1a: Kyogre
|-status|p1a: Kyogre|tox
|
|-weather|RainDance|[upkeep]
|-heal|p2a: Arceus|28/100|[from] item: Leftovers
|-damage|p1a: Kyogre|97/100 tox|[from] psn
|upkeep
|turn|8
|
|t:|1620239707
|move|p2a: Arceus|Extreme Speed|p1a: Kyogre
|-damage|p1a: Kyogre|79/100 tox
|move|p1a: Kyogre|Max Geyser|p2a: Arceus
|-damage|p2a: Arceus|0 fnt
|faint|p2a: Arceus
|
|-weather|RainDance|[upkeep]
|-damage|p1a: Kyogre|73/100 tox|[from] psn
|upkeep
|
|t:|1620239713
|switch|p2a: Calyrex|Calyrex-Shadow|100/100
|-ability|p2a: Calyrex|As One
|-ability|p2a: Calyrex|Unnerve
|turn|9
|
|t:|1620239723
|switch|p2a: Necrozma|Necrozma-Dusk-Mane|74/100
|move|p1a: Kyogre|Max Geyser|p2a: Necrozma
|-damage|p2a: Necrozma|0 fnt
|faint|p2a: Necrozma
|
|-weather|none
|-damage|p1a: Kyogre|64/100 tox|[from] psn
|-end|p1a: Kyogre|Dynamax
|-heal|p1a: Kyogre|64/100 tox|[silent]
|upkeep
|
|t:|1620239727
|switch|p2a: Calyrex|Calyrex-Shadow|100/100
|-ability|p2a: Calyrex|As One
|-ability|p2a: Calyrex|Unnerve
|turn|10
|
|t:|1620239733
|move|p1a: Kyogre|Water Spout|p2a: Calyrex
|-damage|p2a: Calyrex|49/100
|move|p2a: Calyrex|Astral Barrage|p1a: Kyogre
|-damage|p1a: Kyogre|2/100 tox
|
|-damage|p1a: Kyogre|0 fnt|[from] psn
|faint|p1a: Kyogre
|upkeep
|
|t:|1620239736
|switch|p1a: Xerneas|Xerneas|100/100
|-ability|p1a: Xerneas|Fairy Aura
|turn|11
|
|t:|1620239741
|move|p1a: Xerneas|Moonblast|p2a: Calyrex
|-damage|p2a: Calyrex|0 fnt
|faint|p2a: Calyrex
|
|upkeep
|
|t:|1620239744
|switch|p2a: Zygarde|Zygarde|100/100
|turn|12
|
|t:|1620239748
|switch|p1a: Rayquaza|Rayquaza|100/100
|-ability|p1a: Rayquaza|Air Lock
|move|p2a: Zygarde|Glare|p1a: Rayquaza
|-status|p1a: Rayquaza|par
|
|upkeep
|turn|13
|c|☆zero389★|Rip
|
|t:|1620239753
|detailschange|p1a: Rayquaza|Rayquaza-Mega
|-mega|p1a: Rayquaza|Rayquaza|
|-weather|DeltaStream|[from] ability: Delta Stream|[of] p1a: Rayquaza
|move|p2a: Zygarde|Thousand Arrows|p1a: Rayquaza
|-damage|p1a: Rayquaza|71/100 par
|-start|p1a: Rayquaza|Smack Down
|move|p1a: Rayquaza|Scale Shot|p2a: Zygarde|[miss]
|-miss|p1a: Rayquaza|p2a: Zygarde
|
|-weather|DeltaStream|[upkeep]
|upkeep
|turn|14
|
|t:|1620239756
|-start|p2a: Zygarde|Dynamax
|-heal|p2a: Zygarde|100/100|[silent]
|move|p2a: Zygarde|Max Quake|p1a: Rayquaza
|-damage|p1a: Rayquaza|31/100 par
|-boost|p2a: Zygarde|spd|1
|move|p1a: Rayquaza|Scale Shot|p2a: Zygarde|[miss]
|-miss|p1a: Rayquaza|p2a: Zygarde
|
|-weather|DeltaStream|[upkeep]
|upkeep
|turn|15
|
|t:|1620239762
|move|p2a: Zygarde|Max Quake|p1a: Rayquaza
|-damage|p1a: Rayquaza|0 fnt
|-boost|p2a: Zygarde|spd|1
|faint|p1a: Rayquaza
|-weather|none
|
|upkeep
|
|t:|1620239769
|switch|p1a: Ditto|Ditto|100/100
|-transform|p1a: Ditto|p2a: Zygarde|[from] ability: Imposter
|turn|16
|
|t:|1620239775
|move|p1a: Ditto|Glare|p2a: Zygarde
|-status|p2a: Zygarde|par
|move|p2a: Zygarde|Max Quake|p1a: Ditto
|-crit|p1a: Ditto
|-damage|p1a: Ditto|47/100
|-boost|p2a: Zygarde|spd|1
|
|-end|p2a: Zygarde|Dynamax
|-heal|p2a: Zygarde|100/100 par|[silent]
|upkeep
|turn|17
|c|☆zero389★|or not
|
|t:|1620239786
|switch|p1a: Groudon|Groudon|100/100
|detailschange|p1a: Groudon|Groudon-Primal
|-primal|p1a: Groudon
|-weather|DesolateLand|[from] ability: Desolate Land|[of] p1a: Groudon
|move|p2a: Zygarde|Glare|p1a: Groudon
|-status|p1a: Groudon|par
|
|-weather|DesolateLand|[upkeep]
|upkeep
|turn|18
|
|t:|1620239791
|cant|p1a: Groudon|par
|move|p2a: Zygarde|Coil|p2a: Zygarde
|-boost|p2a: Zygarde|atk|1
|-boost|p2a: Zygarde|def|1
|-boost|p2a: Zygarde|accuracy|1
|
|-weather|DesolateLand|[upkeep]
|upkeep
|turn|19
|
|t:|1620239795
|move|p1a: Groudon|Precipice Blades|p2a: Zygarde
|-damage|p2a: Zygarde|71/100 par
|move|p2a: Zygarde|Thousand Arrows|p1a: Groudon
|-supereffective|p1a: Groudon
|-damage|p1a: Groudon|37/100 par
|
|-weather|DesolateLand|[upkeep]
|upkeep
|turn|20
|
|t:|1620239798
|move|p1a: Groudon|Precipice Blades|p2a: Zygarde
|-damage|p2a: Zygarde|41/100 par
|move|p2a: Zygarde|Coil|p2a: Zygarde
|-boost|p2a: Zygarde|atk|1
|-boost|p2a: Zygarde|def|1
|-boost|p2a: Zygarde|accuracy|1
|
|-weather|DesolateLand|[upkeep]
|-activate|p2a: Zygarde|ability: Power Construct
|detailschange|p2a: Zygarde|Zygarde-Complete
|-heal|p2a: Zygarde|61/100 par|[silent]
|upkeep
|turn|21
|
|t:|1620239806
|move|p1a: Groudon|Precipice Blades|p2a: Zygarde
|-damage|p2a: Zygarde|48/100 par
|move|p2a: Zygarde|Coil|p2a: Zygarde
|-boost|p2a: Zygarde|atk|1
|-boost|p2a: Zygarde|def|1
|-boost|p2a: Zygarde|accuracy|1
|
|-weather|DesolateLand|[upkeep]
|upkeep
|turn|22
|
|t:|1620239813
|-weather|none
|switch|p1a: Xerneas|Xerneas|100/100
|-ability|p1a: Xerneas|Fairy Aura
|move|p2a: Zygarde|Rest|p2a: Zygarde
|-status|p2a: Zygarde|slp|[from] move: Rest
|-heal|p2a: Zygarde|100/100 slp|[silent]
|
|upkeep
|turn|23
|
|t:|1620239816
|move|p1a: Xerneas|Moonblast|p2a: Zygarde
|-supereffective|p2a: Zygarde
|-damage|p2a: Zygarde|67/100 slp
|-unboost|p2a: Zygarde|spa|1
|cant|p2a: Zygarde|slp
|
|upkeep
|turn|24
|
|t:|1620239820
|move|p1a: Xerneas|Moonblast|p2a: Zygarde
|-supereffective|p2a: Zygarde
|-damage|p2a: Zygarde|34/100 slp
|cant|p2a: Zygarde|slp
|
|upkeep
|turn|25
|
|t:|1620239824
|move|p1a: Xerneas|Moonblast|p2a: Zygarde
|-supereffective|p2a: Zygarde
|-damage|p2a: Zygarde|3/100 slp
|-curestatus|p2a: Zygarde|slp|[msg]
|move|p2a: Zygarde|Rest|p2a: Zygarde
|-status|p2a: Zygarde|slp|[from] move: Rest
|-heal|p2a: Zygarde|100/100 slp|[silent]
|
|upkeep
|turn|26
|
|t:|1620239827
|move|p1a: Xerneas|Moonblast|p2a: Zygarde
|-supereffective|p2a: Zygarde
|-damage|p2a: Zygarde|66/100 slp
|cant|p2a: Zygarde|slp
|
|upkeep
|turn|27
|
|t:|1620239830
|move|p1a: Xerneas|Moonblast|p2a: Zygarde
|-supereffective|p2a: Zygarde
|-damage|p2a: Zygarde|34/100 slp
|cant|p2a: Zygarde|slp
|
|upkeep
|turn|28
|
|t:|1620239839
|move|p1a: Xerneas|Moonblast|p2a: Zygarde
|-supereffective|p2a: Zygarde
|-damage|p2a: Zygarde|0 fnt
|faint|p2a: Zygarde
|
|win|Masta SkillZ
|n|☆Masta SkillZ|mastaskillz
|n|☆zero389★|zero389
|n| frozoid ❤|frozoid
|n| XaviJJ|xavijj
|n| Shadowshark1|shadowshark1
|n| Perish boi 1|perishboi1
