|j|☆Matsui_Miyako
|j|☆jahaziels
|t:|1661906263
|gametype|singles
|player|p1|Matsui_Miyako|allister|1274
|player|p2|jahaziels|lucas|1339
|teamsize|p1|6
|teamsize|p2|6
|gen|8
|tier|[Gen 8] National Dex AG
|rated|
|rule|HP Percentage Mod: HP is shown in percentages
|rule|Endless Battle Clause: Forcing endless battles is banned
|clearpoke
|poke|p1|Froslass, F|
|poke|p1|Wobbuffet, F|
|poke|p1|Ditto|
|poke|p1|Excadrill, F|
|poke|p1|Accelgor, M|
|poke|p1|Marshadow|
|poke|p2|Durant, F|
|poke|p2|Salamence, F|
|poke|p2|Gothitelle, F|
|poke|p2|Kyogre|
|poke|p2|Slurpuff, F|
|poke|p2|Rillaboom, F|
|teampreview
|inactive|Battle timer is ON: inactive players will automatically lose when time's up. (requested by jahaziels)
|
|t:|1661906290
|start
|switch|p1a: Excadrill|Excadrill, F|100/100
|switch|p2a: Rillaboom|Rillaboom, F, shiny|100/100
|-ability|p1a: Excadrill|Mold Breaker
|-fieldstart|move: Grassy Terrain|[from] ability: Grassy Surge|[of] p2a: Rillaboom
|turn|1
|
|t:|1661906296
|move|p1a: Excadrill|Stealth Rock|p2a: Rillaboom
|-sidestart|p2: jahaziels|move: Stealth Rock
|move|p2a: Rillaboom|Knock Off|p1a: Excadrill
|-damage|p1a: Excadrill|37/100
|-enditem|p1a: Excadrill|Focus Sash|[from] move: Knock Off|[of] p2a: Rillaboom
|-damage|p2a: Rillaboom|91/100|[from] item: Life Orb
|
|-heal|p1a: Excadrill|43/100|[from] Grassy Terrain
|-heal|p2a: Rillaboom|97/100|[from] Grassy Terrain
|upkeep
|turn|2
|
|t:|1661906313
|move|p2a: Rillaboom|Grassy Glide|p1a: Excadrill
|-damage|p1a: Excadrill|0 fnt
|faint|p1a: Excadrill
|-damage|p2a: Rillaboom|87/100|[from] item: Life Orb
|
|-heal|p2a: Rillaboom|93/100|[from] Grassy Terrain
|upkeep
|
|t:|1661906317
|switch|p1a: Froslass|Froslass, F|100/100
|turn|3
|
|t:|1661906324
|move|p2a: Rillaboom|Grassy Glide|p1a: Froslass
|-crit|p1a: Froslass
|-enditem|p1a: Froslass|Focus Sash
|-damage|p1a: Froslass|1/100
|-damage|p2a: Rillaboom|83/100|[from] item: Life Orb
|move|p1a: Froslass|Destiny Bond|p1a: Froslass
|-singlemove|p1a: Froslass|Destiny Bond
|
|-heal|p1a: Froslass|7/100|[from] Grassy Terrain
|-heal|p2a: Rillaboom|89/100|[from] Grassy Terrain
|upkeep
|turn|4
|
|t:|1661906335
|move|p1a: Froslass|Spikes|p2a: Rillaboom
|-sidestart|p2: jahaziels|Spikes
|move|p2a: Rillaboom|Swords Dance|p2a: Rillaboom
|-boost|p2a: Rillaboom|atk|2
|
|-heal|p1a: Froslass|13/100|[from] Grassy Terrain
|-heal|p2a: Rillaboom|95/100|[from] Grassy Terrain
|upkeep
|turn|5
|
|t:|1661906347
|move|p2a: Rillaboom|Grassy Glide|p1a: Froslass
|-damage|p1a: Froslass|0 fnt
|faint|p1a: Froslass
|-damage|p2a: Rillaboom|85/100|[from] item: Life Orb
|
|-heal|p2a: Rillaboom|91/100|[from] Grassy Terrain
|-fieldend|move: Grassy Terrain
|upkeep
|
|t:|1661906367
|switch|p1a: Marshadow|Marshadow|100/100
|turn|6
|
|t:|1661906372
|move|p1a: Marshadow|Spectral Thief||[still]
|-clearpositiveboost|p2a: Rillaboom|p1a: Marshadow|move: Spectral Thief
|-boost|p1a: Marshadow|atk|2
|-anim|p1a: Marshadow|Spectral Thief|p2a: Rillaboom
|-damage|p2a: Rillaboom|0 fnt
|faint|p2a: Rillaboom
|
|upkeep
|inactive|jahaziels has 120 seconds left.
|
|t:|1661906402
|switch|p2a: Durant|Durant, F, shiny|100/100
|-damage|p2a: Durant|88/100|[from] Stealth Rock
|-damage|p2a: Durant|76/100|[from] Spikes
|turn|7
|
|t:|1661906412
|-start|p2a: Durant|Dynamax|
|-heal|p2a: Durant|76/100|[silent]
|move|p1a: Marshadow|Close Combat|p2a: Durant
|-damage|p2a: Durant|0 fnt
|-unboost|p1a: Marshadow|def|1
|-unboost|p1a: Marshadow|spd|1
|faint|p2a: Durant
|
|upkeep
|
|t:|1661906426
|switch|p2a: Kyogre|Kyogre|100/100
|-damage|p2a: Kyogre|88/100|[from] Stealth Rock
|-damage|p2a: Kyogre|76/100|[from] Spikes
|-weather|RainDance|[from] ability: Drizzle|[of] p2a: Kyogre
|turn|8
|
|t:|1661906434
|move|p2a: Kyogre|Water Spout|p1a: Marshadow
|-enditem|p1a: Marshadow|Focus Sash
|-damage|p1a: Marshadow|1/100
|move|p1a: Marshadow|Close Combat|p2a: Kyogre
|-damage|p2a: Kyogre|0 fnt
|-unboost|p1a: Marshadow|def|1
|-unboost|p1a: Marshadow|spd|1
|faint|p2a: Kyogre
|
|-weather|RainDance|[upkeep]
|upkeep
|
|t:|1661906445
|switch|p2a: Salamence|Salamence, F|100/100
|-damage|p2a: Salamence|76/100|[from] Stealth Rock
|-ability|p2a: Salamence|Intimidate|boost
|-unboost|p1a: Marshadow|atk|1
|turn|9
|
|t:|1661906451
|detailschange|p2a: Salamence|Salamence-Mega, F
|-mega|p2a: Salamence|Salamence|Salamencite
|move|p1a: Marshadow|Rock Slide|p2a: Salamence
|-supereffective|p2a: Salamence
|-damage|p2a: Salamence|15/100
|move|p2a: Salamence|Return|p1a: Marshadow
|-supereffective|p1a: Marshadow
|-crit|p1a: Marshadow
|-damage|p1a: Marshadow|0 fnt
|faint|p1a: Marshadow
|
|-weather|RainDance|[upkeep]
|upkeep
|
|t:|1661906463
|switch|p1a: Accelgor|Accelgor, M|100/100
|turn|10
|
|t:|1661906471
|move|p1a: Accelgor|Knock Off|p2a: Salamence
|-damage|p2a: Salamence|0 fnt
|faint|p2a: Salamence
|
|-weather|RainDance|[upkeep]
|upkeep
|
|t:|1661906484
|switch|p2a: Gothitelle|Gothitelle, F, shiny|100/100
|-damage|p2a: Gothitelle|88/100|[from] Stealth Rock
|-damage|p2a: Gothitelle|75/100|[from] Spikes
|turn|11
|
|t:|1661906492
|move|p1a: Accelgor|Knock Off|p2a: Gothitelle
|-supereffective|p2a: Gothitelle
|-damage|p2a: Gothitelle|32/100
|-enditem|p2a: Gothitelle|Leftovers|[from] move: Knock Off|[of] p1a: Accelgor
|move|p2a: Gothitelle|Charm|p1a: Accelgor
|-unboost|p1a: Accelgor|atk|2
|
|-weather|RainDance|[upkeep]
|upkeep
|turn|12
|
|t:|1661906507
|move|p1a: Accelgor|Knock Off|p2a: Gothitelle
|-supereffective|p2a: Gothitelle
|-damage|p2a: Gothitelle|19/100
|move|p2a: Gothitelle|Rest|p2a: Gothitelle
|-status|p2a: Gothitelle|slp|[from] move: Rest
|-heal|p2a: Gothitelle|100/100 slp|[silent]
|
|-weather|none
|upkeep
|turn|13
|
|t:|1661906515
|move|p1a: Accelgor|Knock Off|p2a: Gothitelle
|-supereffective|p2a: Gothitelle
|-damage|p2a: Gothitelle|87/100 slp
|cant|p2a: Gothitelle|slp
|
|upkeep
|turn|14
|
|t:|1661906524
|-start|p1a: Accelgor|Dynamax|
|-heal|p1a: Accelgor|100/100|[silent]
|move|p1a: Accelgor|Max Knuckle|p2a: Gothitelle
|-resisted|p2a: Gothitelle
|-damage|p2a: Gothitelle|78/100 slp
|-boost|p1a: Accelgor|atk|1
|cant|p2a: Gothitelle|slp
|
|upkeep
|turn|15
|
|t:|1661906533
|move|p1a: Accelgor|Max Knuckle|p2a: Gothitelle
|-resisted|p2a: Gothitelle
|-damage|p2a: Gothitelle|68/100 slp
|-boost|p1a: Accelgor|atk|1
|-curestatus|p2a: Gothitelle|slp|[msg]
|move|p2a: Gothitelle|Charm|p1a: Accelgor
|-unboost|p1a: Accelgor|atk|2
|
|upkeep
|turn|16
|
|t:|1661906543
|move|p1a: Accelgor|Max Darkness|p2a: Gothitelle
|-supereffective|p2a: Gothitelle
|-damage|p2a: Gothitelle|44/100
|-unboost|p2a: Gothitelle|spd|1
|move|p2a: Gothitelle|Charm|p1a: Accelgor
|-unboost|p1a: Accelgor|atk|2
|
|upkeep
|-end|p1a: Accelgor|Dynamax
|-heal|p1a: Accelgor|100/100|[silent]
|turn|17
|
|t:|1661906549
|move|p1a: Accelgor|Knock Off|p2a: Gothitelle
|-supereffective|p2a: Gothitelle
|-damage|p2a: Gothitelle|35/100
|move|p2a: Gothitelle|Rest|p2a: Gothitelle
|-status|p2a: Gothitelle|slp|[from] move: Rest
|-heal|p2a: Gothitelle|100/100 slp|[silent]
|
|upkeep
|turn|18
|
|t:|1661906556
|move|p1a: Accelgor|Knock Off|p2a: Gothitelle
|-supereffective|p2a: Gothitelle
|-damage|p2a: Gothitelle|92/100 slp
|cant|p2a: Gothitelle|slp
|
|upkeep
|turn|19
|
|t:|1661906561
|move|p1a: Accelgor|Knock Off|p2a: Gothitelle
|-supereffective|p2a: Gothitelle
|-damage|p2a: Gothitelle|82/100 slp
|cant|p2a: Gothitelle|slp
|
|upkeep
|turn|20
|
|t:|1661906565
|move|p1a: Accelgor|Knock Off|p2a: Gothitelle
|-supereffective|p2a: Gothitelle
|-damage|p2a: Gothitelle|73/100 slp
|-curestatus|p2a: Gothitelle|slp|[msg]
|move|p2a: Gothitelle|Cosmic Power|p2a: Gothitelle
|-boost|p2a: Gothitelle|def|1
|-boost|p2a: Gothitelle|spd|1
|
|upkeep
|turn|21
|
|t:|1661906570
|move|p1a: Accelgor|Knock Off|p2a: Gothitelle
|-supereffective|p2a: Gothitelle
|-damage|p2a: Gothitelle|66/100
|move|p2a: Gothitelle|Cosmic Power|p2a: Gothitelle
|-boost|p2a: Gothitelle|def|1
|-boost|p2a: Gothitelle|spd|1
|
|upkeep
|turn|22
|
|t:|1661906583
|move|p1a: Accelgor|Knock Off|p2a: Gothitelle
|-supereffective|p2a: Gothitelle
|-damage|p2a: Gothitelle|62/100
|move|p2a: Gothitelle|Cosmic Power|p2a: Gothitelle
|-boost|p2a: Gothitelle|def|1
|-boost|p2a: Gothitelle|spd|1
|
|upkeep
|turn|23
|
|t:|1661906590
|move|p1a: Accelgor|Knock Off|p2a: Gothitelle
|-supereffective|p2a: Gothitelle
|-damage|p2a: Gothitelle|57/100
|move|p2a: Gothitelle|Cosmic Power|p2a: Gothitelle
|-boost|p2a: Gothitelle|def|1
|-boost|p2a: Gothitelle|spd|1
|
|upkeep
|turn|24
|
|t:|1661906598
|move|p1a: Accelgor|Knock Off|p2a: Gothitelle
|-supereffective|p2a: Gothitelle
|-damage|p2a: Gothitelle|54/100
|move|p2a: Gothitelle|Charm|p1a: Accelgor
|-unboost|p1a: Accelgor|atk|2
|
|upkeep
|turn|25
|
|t:|1661906603
|move|p1a: Accelgor|Knock Off|p2a: Gothitelle
|-supereffective|p2a: Gothitelle
|-damage|p2a: Gothitelle|51/100
|move|p2a: Gothitelle|Rest|p2a: Gothitelle
|-status|p2a: Gothitelle|slp|[from] move: Rest
|-heal|p2a: Gothitelle|100/100 slp|[silent]
|
|upkeep
|turn|26
|
|t:|1661906608
|move|p1a: Accelgor|Knock Off|p2a: Gothitelle
|-supereffective|p2a: Gothitelle
|-damage|p2a: Gothitelle|98/100 slp
|cant|p2a: Gothitelle|slp
|
|upkeep
|turn|27
|
|t:|1661906611
|move|p1a: Accelgor|Knock Off|p2a: Gothitelle
|-supereffective|p2a: Gothitelle
|-damage|p2a: Gothitelle|95/100 slp
|cant|p2a: Gothitelle|slp
|
|upkeep
|turn|28
|
|t:|1661906614
|move|p1a: Accelgor|Knock Off|p2a: Gothitelle
|-supereffective|p2a: Gothitelle
|-damage|p2a: Gothitelle|92/100 slp
|-curestatus|p2a: Gothitelle|slp|[msg]
|move|p2a: Gothitelle|Cosmic Power|p2a: Gothitelle
|-boost|p2a: Gothitelle|def|1
|-boost|p2a: Gothitelle|spd|1
|
|upkeep
|turn|29
|
|t:|1661906617
|move|p1a: Accelgor|Knock Off|p2a: Gothitelle
|-supereffective|p2a: Gothitelle
|-damage|p2a: Gothitelle|89/100
|move|p2a: Gothitelle|Cosmic Power|p2a: Gothitelle
|-boost|p2a: Gothitelle|def|1
|-boost|p2a: Gothitelle|spd|1
|
|upkeep
|turn|30
|
|t:|1661906622
|move|p1a: Accelgor|Knock Off|p2a: Gothitelle
|-supereffective|p2a: Gothitelle
|-damage|p2a: Gothitelle|87/100
|move|p2a: Gothitelle|Cosmic Power|p2a: Gothitelle
|-boost|p2a: Gothitelle|def|0
|-boost|p2a: Gothitelle|spd|1
|
|upkeep
|turn|31
|
|t:|1661906626
|move|p1a: Accelgor|Knock Off|p2a: Gothitelle
|-supereffective|p2a: Gothitelle
|-damage|p2a: Gothitelle|85/100
|move|p2a: Gothitelle|Charm|p1a: Accelgor
|-unboost|p1a: Accelgor|atk|0
|
|upkeep
|turn|32
|
|t:|1661906631
|move|p1a: Accelgor|Knock Off|p2a: Gothitelle
|-supereffective|p2a: Gothitelle
|-crit|p2a: Gothitelle
|-damage|p2a: Gothitelle|45/100
|move|p2a: Gothitelle|Charm|p1a: Accelgor
|-unboost|p1a: Accelgor|atk|0
|
|upkeep
|turn|33
|
|t:|1661906637
|move|p1a: Accelgor|Knock Off|p2a: Gothitelle
|-supereffective|p2a: Gothitelle
|-damage|p2a: Gothitelle|42/100
|move|p2a: Gothitelle|Rest|p2a: Gothitelle
|-status|p2a: Gothitelle|slp|[from] move: Rest
|-heal|p2a: Gothitelle|100/100 slp|[silent]
|
|upkeep
|turn|34
|
|t:|1661906642
|move|p1a: Accelgor|Knock Off|p2a: Gothitelle
|-supereffective|p2a: Gothitelle
|-damage|p2a: Gothitelle|98/100 slp
|cant|p2a: Gothitelle|slp
|
|upkeep
|turn|35
|
|t:|1661906644
|move|p1a: Accelgor|Knock Off|p2a: Gothitelle
|-supereffective|p2a: Gothitelle
|-damage|p2a: Gothitelle|96/100 slp
|cant|p2a: Gothitelle|slp
|
|upkeep
|turn|36
|
|t:|1661906648
|move|p1a: Accelgor|Knock Off|p2a: Gothitelle
|-supereffective|p2a: Gothitelle
|-damage|p2a: Gothitelle|94/100 slp
|-curestatus|p2a: Gothitelle|slp|[msg]
|move|p2a: Gothitelle|Cosmic Power|p2a: Gothitelle
|-boost|p2a: Gothitelle|def|0
|-boost|p2a: Gothitelle|spd|0
|
|upkeep
|turn|37
|
|t:|1661906651
|move|p1a: Accelgor|Knock Off|p2a: Gothitelle
|-supereffective|p2a: Gothitelle
|-damage|p2a: Gothitelle|91/100
|move|p2a: Gothitelle|Charm|p1a: Accelgor
|-unboost|p1a: Accelgor|atk|0
|
|upkeep
|turn|38
|
|t:|1661906656
|move|p1a: Accelgor|Knock Off|p2a: Gothitelle
|-supereffective|p2a: Gothitelle
|-damage|p2a: Gothitelle|89/100
|move|p2a: Gothitelle|Cosmic Power|p2a: Gothitelle
|-boost|p2a: Gothitelle|def|0
|-boost|p2a: Gothitelle|spd|0
|
|upkeep
|turn|39
|
|t:|1661906662
|move|p1a: Accelgor|Knock Off|p2a: Gothitelle
|-supereffective|p2a: Gothitelle
|-damage|p2a: Gothitelle|87/100
|move|p2a: Gothitelle|Charm|p1a: Accelgor
|-unboost|p1a: Accelgor|atk|0
|
|upkeep
|turn|40
|c|☆Matsui_Miyako|u have any damaging moves?
|c|☆Matsui_Miyako|this is endless battle clause right here
|
|t:|1661906676
|move|p1a: Accelgor|Knock Off|p2a: Gothitelle
|-supereffective|p2a: Gothitelle
|-damage|p2a: Gothitelle|84/100
|move|p2a: Gothitelle|Cosmic Power|p2a: Gothitelle
|-boost|p2a: Gothitelle|def|0
|-boost|p2a: Gothitelle|spd|0
|
|upkeep
|turn|41
|
|t:|1661906680
|move|p1a: Accelgor|Knock Off|p2a: Gothitelle
|-supereffective|p2a: Gothitelle
|-damage|p2a: Gothitelle|82/100
|move|p2a: Gothitelle|Charm|p1a: Accelgor
|-unboost|p1a: Accelgor|atk|0
|
|upkeep
|turn|42
|
|t:|1661906689
|move|p1a: Accelgor|Knock Off|p2a: Gothitelle
|-supereffective|p2a: Gothitelle
|-damage|p2a: Gothitelle|80/100
|move|p2a: Gothitelle|Cosmic Power|p2a: Gothitelle
|-boost|p2a: Gothitelle|def|0
|-boost|p2a: Gothitelle|spd|0
|
|upkeep
|turn|43
|
|t:|1661906693
|move|p1a: Accelgor|Knock Off|p2a: Gothitelle
|-supereffective|p2a: Gothitelle
|-damage|p2a: Gothitelle|77/100
|move|p2a: Gothitelle|Charm|p1a: Accelgor
|-unboost|p1a: Accelgor|atk|0
|
|upkeep
|turn|44
|
|t:|1661906701
|-activate|p1a: Accelgor|move: Struggle
|move|p1a: Accelgor|Struggle|p2a: Gothitelle
|-damage|p2a: Gothitelle|76/100
|-damage|p1a: Accelgor|76/100|[from] recoil
|move|p2a: Gothitelle|Cosmic Power|p2a: Gothitelle
|-boost|p2a: Gothitelle|def|0
|-boost|p2a: Gothitelle|spd|0
|
|upkeep
|turn|45
|
|t:|1661906706
|-activate|p1a: Accelgor|move: Struggle
|move|p1a: Accelgor|Struggle|p2a: Gothitelle
|-damage|p2a: Gothitelle|75/100
|-damage|p1a: Accelgor|51/100|[from] recoil
|move|p2a: Gothitelle|Charm|p1a: Accelgor
|-unboost|p1a: Accelgor|atk|0
|
|upkeep
|turn|46
|
|t:|1661906711
|-activate|p1a: Accelgor|move: Struggle
|move|p1a: Accelgor|Struggle|p2a: Gothitelle
|-damage|p2a: Gothitelle|75/100
|-damage|p1a: Accelgor|26/100|[from] recoil
|move|p2a: Gothitelle|Charm|p1a: Accelgor
|-unboost|p1a: Accelgor|atk|0
|
|upkeep
|turn|47
|
|t:|1661906715
|-activate|p1a: Accelgor|move: Struggle
|move|p1a: Accelgor|Struggle|p2a: Gothitelle
|-damage|p2a: Gothitelle|74/100
|-damage|p1a: Accelgor|1/100|[from] recoil
|move|p2a: Gothitelle|Cosmic Power|p2a: Gothitelle
|-boost|p2a: Gothitelle|def|0
|-boost|p2a: Gothitelle|spd|0
|
|upkeep
|turn|48
|
|t:|1661906719
|-activate|p1a: Accelgor|move: Struggle
|move|p1a: Accelgor|Struggle|p2a: Gothitelle
|-damage|p2a: Gothitelle|73/100
|-damage|p1a: Accelgor|0 fnt|[from] recoil
|faint|p1a: Accelgor
|move|p2a: Gothitelle|Cosmic Power|p2a: Gothitelle
|-boost|p2a: Gothitelle|def|0
|-boost|p2a: Gothitelle|spd|0
|
|upkeep
|
|t:|1661906725
|switch|p1a: Ditto|Ditto|100/100
|-transform|p1a: Ditto|p2a: Gothitelle|[from] ability: Imposter
|turn|49
|
|t:|1661906742
|switch|p1a: Wobbuffet|Wobbuffet, F|100/100
|move|p2a: Gothitelle|Taunt|p1a: Wobbuffet
|-start|p1a: Wobbuffet|move: Taunt
|
|upkeep
|turn|50
|
|t:|1661906750
|move|p2a: Gothitelle|Charm|p1a: Wobbuffet
|-unboost|p1a: Wobbuffet|atk|2
|move|p1a: Wobbuffet|Mirror Coat||[still]
|-fail|p1a: Wobbuffet
|
|upkeep
|turn|51
|
|t:|1661906767
|switch|p1a: Ditto|Ditto|100/100
|-transform|p1a: Ditto|p2a: Gothitelle|[from] ability: Imposter
|move|p2a: Gothitelle|Cosmic Power|p2a: Gothitelle
|-boost|p2a: Gothitelle|def|0
|-boost|p2a: Gothitelle|spd|0
|
|upkeep
|turn|52
|
|t:|1661906777
|move|p1a: Ditto|Taunt|p2a: Gothitelle
|-start|p2a: Gothitelle|move: Taunt
|cant|p2a: Gothitelle|move: Taunt|Rest
|
|upkeep
|turn|53
|
|t:|1661906785
|switch|p2a: Slurpuff|Slurpuff, F, shiny|100/100
|-damage|p2a: Slurpuff|88/100|[from] Stealth Rock
|-damage|p2a: Slurpuff|76/100|[from] Spikes
|move|p1a: Ditto|Taunt|p2a: Slurpuff
|-start|p2a: Slurpuff|move: Taunt
|
|upkeep
|turn|54
|
|t:|1661906800
|switch|p1a: Wobbuffet|Wobbuffet, F|100/100
|move|p2a: Slurpuff|Endeavor|p1a: Wobbuffet
|-damage|p1a: Wobbuffet|40/100
|
|upkeep
|turn|55
|
|t:|1661906806
|move|p2a: Slurpuff|Misty Explosion|p1a: Wobbuffet
|-damage|p1a: Wobbuffet|15/100
|faint|p2a: Slurpuff
|move|p1a: Wobbuffet|Destiny Bond|p1a: Wobbuffet
|-singlemove|p1a: Wobbuffet|Destiny Bond
|
|upkeep
|
|t:|1661906815
|switch|p2a: Gothitelle|Gothitelle, F, shiny|73/100
|-damage|p2a: Gothitelle|60/100|[from] Stealth Rock
|-damage|p2a: Gothitelle|48/100|[from] Spikes
|turn|56
|
|t:|1661906824
|move|p2a: Gothitelle|Rest|p2a: Gothitelle
|-status|p2a: Gothitelle|slp|[from] move: Rest
|-heal|p2a: Gothitelle|100/100 slp|[silent]
|move|p1a: Wobbuffet|Encore|p2a: Gothitelle
|-start|p2a: Gothitelle|Encore
|
|upkeep
|turn|57
|
|t:|1661906832
|cant|p2a: Gothitelle|slp
|move|p1a: Wobbuffet|Counter||[still]
|-fail|p1a: Wobbuffet
|
|upkeep
|turn|58
|
|t:|1661906835
|cant|p2a: Gothitelle|slp
|move|p1a: Wobbuffet|Mirror Coat||[still]
|-fail|p1a: Wobbuffet
|
|upkeep
|turn|59
|
|t:|1661906842
|-curestatus|p2a: Gothitelle|slp|[msg]
|move|p2a: Gothitelle|Rest|p2a: Gothitelle
|-fail|p2a: Gothitelle|heal
|move|p1a: Wobbuffet|Mirror Coat||[still]
|-fail|p1a: Wobbuffet
|
|-end|p2a: Gothitelle|Encore
|upkeep
|turn|60
|
|t:|1661906853
|move|p2a: Gothitelle|Taunt|p1a: Wobbuffet
|-start|p1a: Wobbuffet|move: Taunt
|cant|p1a: Wobbuffet|move: Taunt|Encore
|
|upkeep
|turn|61
|
|t:|1661906866
|move|p2a: Gothitelle|Rest|p2a: Gothitelle
|-fail|p2a: Gothitelle|heal
|move|p1a: Wobbuffet|Mirror Coat||[still]
|-fail|p1a: Wobbuffet
|
|upkeep
|turn|62
|
|t:|1661906874
|move|p2a: Gothitelle|Cosmic Power|p2a: Gothitelle
|-boost|p2a: Gothitelle|def|1
|-boost|p2a: Gothitelle|spd|1
|move|p1a: Wobbuffet|Mirror Coat||[still]
|-fail|p1a: Wobbuffet
|
|-end|p1a: Wobbuffet|move: Taunt
|upkeep
|turn|63
|
|t:|1661906885
|move|p2a: Gothitelle|Cosmic Power|p2a: Gothitelle
|-boost|p2a: Gothitelle|def|1
|-boost|p2a: Gothitelle|spd|1
|move|p1a: Wobbuffet|Encore|p2a: Gothitelle
|-start|p2a: Gothitelle|Encore
|
|upkeep
|turn|64
|
|t:|1661906890
|switch|p1a: Ditto|Ditto|100/100
|-transform|p1a: Ditto|p2a: Gothitelle|[from] ability: Imposter
|move|p2a: Gothitelle|Cosmic Power|p2a: Gothitelle
|-boost|p2a: Gothitelle|def|1
|-boost|p2a: Gothitelle|spd|1
|
|upkeep
|turn|65
|
|t:|1661906894
|move|p1a: Ditto|Taunt|p2a: Gothitelle
|-start|p2a: Gothitelle|move: Taunt
|cant|p2a: Gothitelle|move: Taunt|Cosmic Power
|
|upkeep
|turn|66
|
|t:|1661906898
|move|p1a: Ditto|Taunt||[still]
|-fail|p1a: Ditto
|-activate|p2a: Gothitelle|move: Struggle
|move|p2a: Gothitelle|Struggle|p1a: Ditto
|-damage|p1a: Ditto|97/100
|-damage|p2a: Gothitelle|75/100|[from] recoil
|
|-end|p2a: Gothitelle|Encore
|upkeep
|turn|67
|
|t:|1661906903
|move|p1a: Ditto|Taunt||[still]
|-fail|p1a: Ditto
|-activate|p2a: Gothitelle|move: Struggle
|move|p2a: Gothitelle|Struggle|p1a: Ditto
|-damage|p1a: Ditto|94/100
|-damage|p2a: Gothitelle|50/100|[from] recoil
|
|-end|p2a: Gothitelle|move: Taunt
|upkeep
|turn|68
|
|t:|1661906910
|move|p1a: Ditto|Taunt|p2a: Gothitelle
|-start|p2a: Gothitelle|move: Taunt
|cant|p2a: Gothitelle|move: Taunt|Rest
|
|upkeep
|turn|69
|
|t:|1661906916
|move|p1a: Ditto|Taunt||[still]
|-fail|p1a: Ditto
|-activate|p2a: Gothitelle|move: Struggle
|move|p2a: Gothitelle|Struggle|p1a: Ditto
|-damage|p1a: Ditto|91/100
|-damage|p2a: Gothitelle|25/100|[from] recoil
|
|upkeep
|turn|70
|
|t:|1661906922
|switch|p1a: Wobbuffet|Wobbuffet, F|15/100
|-activate|p2a: Gothitelle|move: Struggle
|move|p2a: Gothitelle|Struggle|p1a: Wobbuffet
|-damage|p1a: Wobbuffet|10/100
|-damage|p2a: Gothitelle|0 fnt|[from] recoil
|faint|p2a: Gothitelle
|
|win|Matsui_Miyako
|raw|Matsui_Miyako's rating: 1274 &rarr; <strong>1304</strong><br />(+30 for winning)
|raw|jahaziels's rating: 1339 &rarr; <strong>1315</strong><br />(-24 for losing)
|l|☆jahaziels
||Ladder isn't responding, score probably updated but might not have (Request timeout).
