|j|‽Flynn Watson
|j|☆testaltv4神
|inactive|Battle timer is ON: inactive players will automatically lose when time's up.
|t:|1652521542
|gametype|singles
|player|p1|Flynn Watson|guitarist|
|player|p2|testaltv4神|veteranf|
|teamsize|p1|6
|teamsize|p2|6
|gen|8
|tier|[Gen 8] National Dex AG
|rated|Tournament battle
|rule|HP Percentage Mod: HP is shown in percentages
|rule|Endless Battle Clause: Forcing endless battles is banned
|clearpoke
|poke|p1|Excadrill, F|
|poke|p1|Marshadow|
|poke|p1|Calyrex-Shadow|
|poke|p1|Rayquaza|
|poke|p1|Xerneas-*|
|poke|p1|Yveltal|
|poke|p2|Kyogre|
|poke|p2|Kyogre|
|poke|p2|Kyogre|
|poke|p2|Kyogre|
|poke|p2|Kyogre|
|poke|p2|Kyogre|
|teampreview
|j| hhhhhhhhhhh3
|
|t:|1652521547
|start
|switch|p1a: Excadrill|Excadrill, F|100/100
|switch|p2a: Kyogre|Kyogre|100/100
|-weather|RainDance|[from] ability: Drizzle|[of] p2a: Kyogre
|-ability|p1a: Excadrill|Mold Breaker
|turn|1
|j| Little Luvie❤
|j| Below mid
|c| Little Luvie❤|oml
|
|t:|1652521556
|move|p2a: Kyogre|Sheer Cold|p1a: Excadrill|[miss]
|-miss|p2a: Kyogre|p1a: Excadrill
|move|p1a: Excadrill|Stealth Rock|p2a: Kyogre
|-sidestart|p2: testaltv4神|move: Stealth Rock
|
|-weather|RainDance|[upkeep]
|upkeep
|turn|2
|c|☆testaltv4神|ok shouldn't have brought this
|
|t:|1652521563
|move|p2a: Kyogre|Sheer Cold|p1a: Excadrill|[miss]
|-miss|p2a: Kyogre|p1a: Excadrill
|move|p1a: Excadrill|Rapid Spin|p2a: Kyogre
|-damage|p2a: Kyogre|80/100
|-boost|p1a: Excadrill|spe|1
|
|-weather|RainDance|[upkeep]
|upkeep
|turn|3
|
|t:|1652521566
|move|p2a: Kyogre|Sheer Cold|p1a: Excadrill|[miss]
|-miss|p2a: Kyogre|p1a: Excadrill
|move|p1a: Excadrill|Earthquake|p2a: Kyogre
|-damage|p2a: Kyogre|20/100
|
|-weather|RainDance|[upkeep]
|upkeep
|turn|4
|
|t:|1652521568
|move|p2a: Kyogre|Sheer Cold|p1a: Excadrill|[miss]
|-miss|p2a: Kyogre|p1a: Excadrill
|move|p1a: Excadrill|Earthquake|p2a: Kyogre
|-damage|p2a: Kyogre|0 fnt
|faint|p2a: Kyogre
|
|-weather|RainDance|[upkeep]
|upkeep
|
|t:|1652521572
|switch|p2a: Kyogre|Kyogre|100/100
|-damage|p2a: Kyogre|88/100|[from] Stealth Rock
|turn|5
|
|t:|1652521581
|move|p2a: Kyogre|Sheer Cold|p1a: Excadrill|[miss]
|-miss|p2a: Kyogre|p1a: Excadrill
|move|p1a: Excadrill|Rapid Spin|p2a: Kyogre
|-damage|p2a: Kyogre|67/100
|-boost|p1a: Excadrill|spe|1
|
|-weather|none
|upkeep
|turn|6
|
|t:|1652521592
|-start|p2a: Kyogre|Dynamax|
|-heal|p2a: Kyogre|67/100|[silent]
|move|p1a: Excadrill|Earthquake|p2a: Kyogre
|-damage|p2a: Kyogre|37/100
|move|p2a: Kyogre|Max Hailstorm|p1a: Excadrill
|-damage|p1a: Excadrill|31/100
|-weather|Hail
|
|-weather|Hail|[upkeep]
|-damage|p1a: Excadrill|25/100|[from] Hail
|-damage|p2a: Kyogre|33/100|[from] Hail
|upkeep
|turn|7
|j|%AGCL6 Swas
|
|t:|1652521594
|move|p1a: Excadrill|Earthquake|p2a: Kyogre
|-crit|p2a: Kyogre
|-damage|p2a: Kyogre|0 fnt
|faint|p2a: Kyogre
|
|-weather|Hail|[upkeep]
|-damage|p1a: Excadrill|19/100|[from] Hail
|upkeep
|j| dropadraco123
|
|t:|1652521599
|switch|p2a: Kyogre|Kyogre|100/100
|-damage|p2a: Kyogre|88/100|[from] Stealth Rock
|-weather|RainDance|[from] ability: Drizzle|[of] p2a: Kyogre
|turn|8
|c| dropadraco123|gooo test
|
|t:|1652521603
|move|p1a: Excadrill|Rock Tomb|p2a: Kyogre
|-damage|p2a: Kyogre|64/100
|-unboost|p2a: Kyogre|spe|1
|move|p2a: Kyogre|Sheer Cold|p1a: Excadrill|[miss]
|-miss|p2a: Kyogre|p1a: Excadrill
|
|-weather|RainDance|[upkeep]
|upkeep
|turn|9
|j| BiGBoNeDBoYz
|
|t:|1652521608
|move|p1a: Excadrill|Rock Tomb|p2a: Kyogre
|-damage|p2a: Kyogre|40/100
|-unboost|p2a: Kyogre|spe|1
|move|p2a: Kyogre|Sheer Cold|p1a: Excadrill|[miss]
|-miss|p2a: Kyogre|p1a: Excadrill
|
|-weather|RainDance|[upkeep]
|upkeep
|turn|10
|
|t:|1652521612
|move|p1a: Excadrill|Earthquake|p2a: Kyogre
|-damage|p2a: Kyogre|0 fnt
|faint|p2a: Kyogre
|
|-weather|RainDance|[upkeep]
|upkeep
|
|t:|1652521615
|switch|p2a: Kyogre|Kyogre|100/100
|-damage|p2a: Kyogre|88/100|[from] Stealth Rock
|turn|11
|l|%AGCL6 Swas
|
|t:|1652521618
|move|p1a: Excadrill|Rock Tomb|p2a: Kyogre
|-damage|p2a: Kyogre|65/100
|-unboost|p2a: Kyogre|spe|1
|move|p2a: Kyogre|Sheer Cold|p1a: Excadrill|[miss]
|-miss|p2a: Kyogre|p1a: Excadrill
|
|-weather|RainDance|[upkeep]
|upkeep
|turn|12
|
|t:|1652521624
|move|p1a: Excadrill|Rock Tomb|p2a: Kyogre
|-damage|p2a: Kyogre|43/100
|-unboost|p2a: Kyogre|spe|1
|move|p2a: Kyogre|Sheer Cold|p1a: Excadrill|[miss]
|-miss|p2a: Kyogre|p1a: Excadrill
|
|-weather|none
|upkeep
|turn|13
|
|t:|1652521628
|move|p1a: Excadrill|Rapid Spin|p2a: Kyogre
|-damage|p2a: Kyogre|22/100
|-boost|p1a: Excadrill|spe|1
|move|p2a: Kyogre|Sheer Cold|p1a: Excadrill|[miss]
|-miss|p2a: Kyogre|p1a: Excadrill
|
|upkeep
|turn|14
|
|t:|1652521631
|move|p1a: Excadrill|Rapid Spin|p2a: Kyogre
|-damage|p2a: Kyogre|2/100
|-boost|p1a: Excadrill|spe|1
|move|p2a: Kyogre|Sheer Cold|p1a: Excadrill|[miss]
|-miss|p2a: Kyogre|p1a: Excadrill
|
|upkeep
|turn|15
|
|t:|1652521633
|move|p1a: Excadrill|Rapid Spin|p2a: Kyogre
|-damage|p2a: Kyogre|0 fnt
|-boost|p1a: Excadrill|spe|1
|faint|p2a: Kyogre
|
|upkeep
|
|t:|1652521635
|switch|p2a: Kyogre|Kyogre|100/100
|-damage|p2a: Kyogre|88/100|[from] Stealth Rock
|-weather|RainDance|[from] ability: Drizzle|[of] p2a: Kyogre
|turn|16
|c| dropadraco123|why tf dont u use or have a water move
|
|t:|1652521638
|move|p1a: Excadrill|Rock Tomb|p2a: Kyogre|[miss]
|-miss|p1a: Excadrill|p2a: Kyogre
|move|p2a: Kyogre|Sheer Cold|p1a: Excadrill|[miss]
|-miss|p2a: Kyogre|p1a: Excadrill
|
|-weather|RainDance|[upkeep]
|upkeep
|turn|17
|c| Below mid|cuz mid
|c|☆testaltv4神|i don't
|c|☆testaltv4神|it's scold spam
|
|t:|1652521655
|move|p1a: Excadrill|Rock Tomb|p2a: Kyogre
|-damage|p2a: Kyogre|65/100
|-unboost|p2a: Kyogre|spe|1
|move|p2a: Kyogre|Sheer Cold|p1a: Excadrill
|-damage|p1a: Excadrill|0 fnt
|faint|p1a: Excadrill
|-ohko
|
|-weather|RainDance|[upkeep]
|upkeep
|c| Below mid|bro this is pure skill issue
|c|☆testaltv4神|!showteam
|c| testaltv4神|/raw <div class="infobox"><details><summary>View team</summary>Kyogre @ Choice Scarf  <br />Ability: Drizzle  <br />EVs: 252 SpA &#x2f; 4 SpD &#x2f; 252 Spe  <br />Timid Nature  <br />IVs: 0 Atk  <br />- Sheer Cold  <br /><br />Kyogre @ Choice Scarf  <br />Ability: Drizzle  <br />EVs: 252 SpA &#x2f; 4 SpD &#x2f; 252 Spe  <br />Timid Nature  <br />IVs: 0 Atk  <br />- Sheer Cold  <br /><br />Kyogre @ Choice Scarf  <br />Ability: Drizzle  <br />EVs: 252 SpA &#x2f; 4 SpD &#x2f; 252 Spe  <br />Timid Nature  <br />IVs: 0 Atk  <br />- Sheer Cold  <br /><br />Kyogre @ Choice Scarf  <br />Ability: Drizzle  <br />EVs: 252 SpA &#x2f; 4 SpD &#x2f; 252 Spe  <br />Timid Nature  <br />IVs: 0 Atk  <br />- Sheer Cold  <br /><br />Kyogre @ Choice Scarf  <br />Ability: Drizzle  <br />EVs: 252 SpA &#x2f; 4 SpD &#x2f; 252 Spe  <br />Timid Nature  <br />IVs: 0 Atk  <br />- Sheer Cold  <br /><br />Kyogre @ Choice Scarf  <br />Ability: Drizzle  <br />EVs: 252 SpA &#x2f; 4 SpD &#x2f; 252 Spe  <br />Timid Nature  <br />IVs: 0 Atk  <br />- Sheer Cold  <br /><br /></details></div>
|
|t:|1652521660
|switch|p1a: Rayquaza|Rayquaza|100/100
|-ability|p1a: Rayquaza|Air Lock
|turn|18
|c| BiGBoNeDBoYz|Senor tesatv4 is legend
|
|t:|1652521665
|detailschange|p1a: Rayquaza|Rayquaza-Mega
|-mega|p1a: Rayquaza|Rayquaza|
|-weather|DeltaStream|[from] ability: Delta Stream|[of] p1a: Rayquaza
|move|p1a: Rayquaza|Dragon Ascent|p2a: Kyogre
|-damage|p2a: Kyogre|0 fnt
|-unboost|p1a: Rayquaza|def|1
|-unboost|p1a: Rayquaza|spd|1
|faint|p2a: Kyogre
|-damage|p1a: Rayquaza|91/100|[from] item: Life Orb
|
|-weather|DeltaStream|[upkeep]
|upkeep
|
|t:|1652521668
|switch|p2a: Kyogre|Kyogre|100/100
|-damage|p2a: Kyogre|88/100|[from] Stealth Rock
|-ability|p2a: Kyogre|Drizzle|[from] deltastream|[fail]
|turn|19
|c| BiGBoNeDBoYz|Jajaja
|
|t:|1652521671
|move|p1a: Rayquaza|Extreme Speed|p2a: Kyogre
|-damage|p2a: Kyogre|33/100
|-damage|p1a: Rayquaza|81/100|[from] item: Life Orb
|move|p2a: Kyogre|Sheer Cold|p1a: Rayquaza|[miss]
|-miss|p2a: Kyogre|p1a: Rayquaza
|
|-weather|DeltaStream|[upkeep]
|upkeep
|turn|20
|c| dropadraco123|u using that in a tour lmao?
|c|☆testaltv4神|ye cuz why not?
|c| BiGBoNeDBoYz|Senor. Tour no matter.
|c| BiGBoNeDBoYz|Is have fub
|c| Below mid|rip
|c| dropadraco123|see this is why i have kyu w ;)
|c| BiGBoNeDBoYz|Fun
|c|☆testaltv4神|not like im playing to win this tour anyw
|
|t:|1652521695
|move|p1a: Rayquaza|Extreme Speed|p2a: Kyogre
|-damage|p2a: Kyogre|0 fnt
|faint|p2a: Kyogre
|-damage|p1a: Rayquaza|71/100|[from] item: Life Orb
|
|win|Flynn Watson
|n|‽Flynn Watson|flynnwatson
|n|☆testaltv4神|testaltv4
|n| hhhhhhhhhhh3|hhhhhhhhhhh3
|n| Little Luvie❤|littleluvie
|n| Below mid|belowmid
|n| dropadraco123|dropadraco123
|n| BiGBoNeDBoYz|bigbonedboyz
