|j|☆B3T4C4T
|j|☆MRH1106
|t:|1654832804
|gametype|singles
|player|p1|B3T4C4T|bruno-gen3|1454
|player|p2|MRH1106|red|1665
|teamsize|p1|6
|teamsize|p2|6
|gen|8
|tier|[Gen 8] National Dex AG
|rated|
|rule|HP Percentage Mod: HP is shown in percentages
|rule|Endless Battle Clause: Forcing endless battles is banned
|clearpoke
|poke|p1|Copperajah, M|
|poke|p1|Shuckle, F|
|poke|p1|Garbodor, M|
|poke|p1|Lugia|
|poke|p1|Kangaskhan, F|
|poke|p1|Calyrex-Shadow|
|poke|p2|Zacian-*|
|poke|p2|Calyrex-Shadow|
|poke|p2|Rayquaza|
|poke|p2|Ditto|
|poke|p2|Yveltal|
|poke|p2|Arceus-*|
|teampreview
|inactive|Battle timer is ON: inactive players will automatically lose when time's up. (requested by MRH1106)
|
|t:|1654832834
|start
|switch|p1a: Shuckle|Shuckle, F, shiny|100/100
|switch|p2a: Hells dragon|Yveltal, shiny|100/100
|-ability|p2a: Hells dragon|Dark Aura
|turn|1
|
|t:|1654832858
|move|p2a: Hells dragon|Taunt|p1a: Shuckle
|-start|p1a: Shuckle|move: Taunt
|-enditem|p1a: Shuckle|Mental Herb
|-end|p1a: Shuckle|move: Taunt
|move|p1a: Shuckle|Toxic|p2a: Hells dragon
|-status|p2a: Hells dragon|tox
|
|-damage|p2a: Hells dragon|94/100 tox|[from] psn
|upkeep
|turn|2
|
|t:|1654832866
|move|p2a: Hells dragon|Taunt|p1a: Shuckle
|-start|p1a: Shuckle|move: Taunt
|move|p1a: Shuckle|Knock Off|p2a: Hells dragon
|-resisted|p2a: Hells dragon
|-damage|p2a: Hells dragon|91/100 tox
|-enditem|p2a: Hells dragon|Life Orb|[from] move: Knock Off|[of] p1a: Shuckle
|
|-damage|p2a: Hells dragon|79/100 tox|[from] psn
|upkeep
|turn|3
|
|t:|1654832873
|switch|p2a: Knifepuppy|Zacian-Crowned|100/100
|-ability|p2a: Knifepuppy|Intrepid Sword|boost
|-boost|p2a: Knifepuppy|atk|1
|switch|p1a: Garbodor|Garbodor, M, shiny|100/100
|
|upkeep
|turn|4
|
|t:|1654832879
|move|p2a: Knifepuppy|Behemoth Blade|p1a: Garbodor
|-damage|p1a: Garbodor|0 fnt
|-damage|p2a: Knifepuppy|76/100|[from] ability: Aftermath|[of] p1a: Garbodor
|-damage|p2a: Knifepuppy|59/100|[from] item: Rocky Helmet|[of] p1a: Garbodor
|faint|p1a: Garbodor
|
|upkeep
|
|t:|1654832884
|switch|p1a: Kangaskhan|Kangaskhan, F|100/100
|turn|5
|
|t:|1654832887
|detailschange|p1a: Kangaskhan|Kangaskhan-Mega, F
|-mega|p1a: Kangaskhan|Kangaskhan|Kangaskhanite
|move|p1a: Kangaskhan|Fake Out|p2a: Knifepuppy
|-resisted|p2a: Knifepuppy
|-damage|p2a: Knifepuppy|50/100
|-resisted|p2a: Knifepuppy
|-damage|p2a: Knifepuppy|48/100
|-hitcount|p2a: Knifepuppy|2
|cant|p2a: Knifepuppy|flinch
|
|upkeep
|turn|6
|
|t:|1654832896
|switch|p1a: Lugia|Lugia, shiny|100/100
|move|p2a: Knifepuppy|Close Combat|p1a: Lugia
|-resisted|p1a: Lugia
|-damage|p1a: Lugia|94/100
|-unboost|p2a: Knifepuppy|def|1
|-unboost|p2a: Knifepuppy|spd|1
|-enditem|p1a: Lugia|Red Card|[of] p2a: Knifepuppy
|drag|p2a: Legit god|Arceus-Ground|100/100
|
|upkeep
|turn|7
|
|t:|1654832905
|move|p2a: Legit god|Ice Beam|p1a: Lugia
|-supereffective|p1a: Lugia
|-damage|p1a: Lugia|67/100
|move|p1a: Lugia|Toxic|p2a: Legit god|[miss]
|-miss|p1a: Lugia|p2a: Legit god
|
|upkeep
|turn|8
|
|t:|1654832912
|switch|p2a: Hells dragon|Yveltal, shiny|79/100 tox
|-ability|p2a: Hells dragon|Dark Aura
|move|p1a: Lugia|Roost|p1a: Lugia
|-heal|p1a: Lugia|100/100
|-singleturn|p1a: Lugia|move: Roost
|
|-damage|p2a: Hells dragon|73/100 tox|[from] psn
|upkeep
|turn|9
|
|t:|1654832920
|switch|p1a: Copperajah|Copperajah, M|100/100
|move|p2a: Hells dragon|Taunt|p1a: Copperajah
|-start|p1a: Copperajah|move: Taunt
|
|-damage|p2a: Hells dragon|60/100 tox|[from] psn
|upkeep
|turn|10
|
|t:|1654832924
|move|p2a: Hells dragon|Heat Wave|p1a: Copperajah
|-supereffective|p1a: Copperajah
|-damage|p1a: Copperajah|54/100
|move|p1a: Copperajah|Stone Edge|p2a: Hells dragon
|-supereffective|p2a: Hells dragon
|-damage|p2a: Hells dragon|0 fnt
|faint|p2a: Hells dragon
|
|upkeep
|
|t:|1654832942
|switch|p2a: Knifepuppy|Zacian-Crowned|48/100
|-ability|p2a: Knifepuppy|Intrepid Sword|boost
|-boost|p2a: Knifepuppy|atk|1
|turn|11
|
|t:|1654832952
|move|p2a: Knifepuppy|Behemoth Blade|p1a: Copperajah
|-resisted|p1a: Copperajah
|-damage|p1a: Copperajah|4/100
|move|p1a: Copperajah|Iron Head|p2a: Knifepuppy
|-damage|p2a: Knifepuppy|0 fnt
|faint|p2a: Knifepuppy
|
|-end|p1a: Copperajah|move: Taunt
|upkeep
|
|t:|1654832958
|switch|p2a: Rayyyy|Rayquaza|100/100
|-ability|p2a: Rayyyy|Air Lock
|turn|12
|
|t:|1654832965
|detailschange|p2a: Rayyyy|Rayquaza-Mega
|-mega|p2a: Rayyyy|Rayquaza|
|-weather|DeltaStream|[from] ability: Delta Stream|[of] p2a: Rayyyy
|move|p2a: Rayyyy|Dragon Dance|p2a: Rayyyy
|-boost|p2a: Rayyyy|atk|1
|-boost|p2a: Rayyyy|spe|1
|move|p1a: Copperajah|Stone Edge|p2a: Rayyyy
|-activate||deltastream
|-damage|p2a: Rayyyy|62/100
|
|-weather|DeltaStream|[upkeep]
|upkeep
|turn|13
|
|t:|1654832970
|move|p2a: Rayyyy|Dragon Dance|p2a: Rayyyy
|-boost|p2a: Rayyyy|atk|1
|-boost|p2a: Rayyyy|spe|1
|move|p1a: Copperajah|Stone Edge|p2a: Rayyyy
|-activate||deltastream
|-damage|p2a: Rayyyy|24/100
|
|-weather|DeltaStream|[upkeep]
|upkeep
|turn|14
|
|t:|1654832972
|move|p2a: Rayyyy|Extreme Speed|p1a: Copperajah
|-resisted|p1a: Copperajah
|-damage|p1a: Copperajah|0 fnt
|faint|p1a: Copperajah
|
|-weather|DeltaStream|[upkeep]
|upkeep
|
|t:|1654832973
|switch|p1a: Kangaskhan|Kangaskhan-Mega, F|100/100
|turn|15
|
|t:|1654832978
|move|p1a: Kangaskhan|Fake Out|p2a: Rayyyy
|-damage|p2a: Rayyyy|3/100
|-damage|p2a: Rayyyy|0 fnt
|faint|p2a: Rayyyy
|-weather|none
|-hitcount|p2: Rayyyy|2
|
|upkeep
|
|t:|1654832985
|switch|p2a: Legit god|Arceus-Ground|100/100
|turn|16
|
|t:|1654832987
|switch|p1a: Lugia|Lugia, shiny|100/100
|move|p2a: Legit god|Judgment|p1a: Lugia
|-immune|p1a: Lugia
|
|upkeep
|turn|17
|
|t:|1654832990
|move|p2a: Legit god|Ice Beam|p1a: Lugia
|-supereffective|p1a: Lugia
|-damage|p1a: Lugia|86/100
|move|p1a: Lugia|Toxic|p2a: Legit god
|-status|p2a: Legit god|tox
|
|-damage|p2a: Legit god|94/100 tox|[from] psn
|upkeep
|turn|18
|
|t:|1654832994
|move|p2a: Legit god|Ice Beam|p1a: Lugia
|-supereffective|p1a: Lugia
|-damage|p1a: Lugia|57/100
|move|p1a: Lugia|Roost|p1a: Lugia
|-heal|p1a: Lugia|100/100
|-singleturn|p1a: Lugia|move: Roost
|
|-damage|p2a: Legit god|82/100 tox|[from] psn
|upkeep
|turn|19
|
|t:|1654832997
|switch|p1a: Shuckle|Shuckle, F, shiny|100/100
|move|p2a: Legit god|Ice Beam|p1a: Shuckle
|-damage|p1a: Shuckle|87/100
|
|-damage|p2a: Legit god|64/100 tox|[from] psn
|upkeep
|turn|20
|
|t:|1654832998
|move|p2a: Legit god|Judgment|p1a: Shuckle
|-damage|p1a: Shuckle|59/100
|move|p1a: Shuckle|Stealth Rock|p2a: Legit god
|-sidestart|p2: MRH1106|move: Stealth Rock
|
|-damage|p2a: Legit god|40/100 tox|[from] psn
|upkeep
|turn|21
|
|t:|1654833001
|switch|p2a: YeeHaw-|Calyrex-Shadow|100/100
|-ability|p2a: YeeHaw-|As One
|-ability|p2a: YeeHaw-|Unnerve
|-damage|p2a: YeeHaw-|88/100|[from] Stealth Rock
|move|p1a: Shuckle|Sticky Web|p2a: YeeHaw-
|-sidestart|p2: MRH1106|move: Sticky Web
|
|upkeep
|turn|22
|
|t:|1654833005
|move|p2a: YeeHaw-|Draining Kiss|p1a: Shuckle
|-damage|p1a: Shuckle|47/100
|-heal|p2a: YeeHaw-|95/100|[from] drain|[of] p1a: Shuckle
|move|p1a: Shuckle|Knock Off|p2a: YeeHaw-
|-supereffective|p2a: YeeHaw-
|-damage|p2a: YeeHaw-|69/100
|-enditem|p2a: YeeHaw-|Focus Sash|[from] move: Knock Off|[of] p1a: Shuckle
|
|upkeep
|turn|23
|
|t:|1654833008
|move|p2a: YeeHaw-|Draining Kiss|p1a: Shuckle
|-damage|p1a: Shuckle|36/100
|-heal|p2a: YeeHaw-|75/100|[from] drain|[of] p1a: Shuckle
|move|p1a: Shuckle|Toxic|p2a: YeeHaw-
|-status|p2a: YeeHaw-|tox
|
|-damage|p2a: YeeHaw-|69/100 tox|[from] psn
|upkeep
|turn|24
|
|t:|1654833011
|switch|p1a: Kangaskhan|Kangaskhan-Mega, F|100/100
|move|p2a: YeeHaw-|Nasty Plot|p2a: YeeHaw-
|-boost|p2a: YeeHaw-|spa|2
|
|-damage|p2a: YeeHaw-|56/100 tox|[from] psn
|upkeep
|turn|25
|
|t:|1654833013
|move|p1a: Kangaskhan|Sucker Punch||[still]
|-fail|p1a: Kangaskhan
|move|p2a: YeeHaw-|Nasty Plot|p2a: YeeHaw-
|-boost|p2a: YeeHaw-|spa|2
|
|-damage|p2a: YeeHaw-|38/100 tox|[from] psn
|upkeep
|turn|26
|
|t:|1654833015
|move|p1a: Kangaskhan|Sucker Punch||[still]
|-fail|p1a: Kangaskhan
|move|p2a: YeeHaw-|Nasty Plot|p2a: YeeHaw-
|-boost|p2a: YeeHaw-|spa|2
|
|-damage|p2a: YeeHaw-|13/100 tox|[from] psn
|upkeep
|turn|27
|
|t:|1654833021
|move|p1a: Kangaskhan|Sucker Punch|p2a: YeeHaw-
|-supereffective|p2a: YeeHaw-
|-damage|p2a: YeeHaw-|0 fnt
|faint|p2a: YeeHaw-
|-hitcount|p2: YeeHaw-|1
|
|upkeep
|c|☆B3T4C4T|why
|-message|MRH1106 forfeited.
|
|win|B3T4C4T
|raw|B3T4C4T's rating: 1454 &rarr; <strong>1485</strong><br />(+31 for winning)
|raw|MRH1106's rating: 1665 &rarr; <strong>1634</strong><br />(-31 for losing)
|l|☆MRH1106
