|j|☆ringlord
|j|☆Ahuehuehue
|player|p1|ringlord|101|1636
|player|p2|Ahuehuehue|102|1629
|teamsize|p1|6
|teamsize|p2|6
|gametype|singles
|gen|8
|tier|[Gen 8] National Dex AG
|rated|
|clearpoke
|poke|p1|Kyogre|
|poke|p1|Groudon|
|poke|p1|Rayquaza|
|poke|p1|Necrozma-Dusk-Mane|
|poke|p1|Zacian-Crowned|
|poke|p1|Arceus-*|
|poke|p2|Yveltal|
|poke|p2|Zacian|
|poke|p2|Groudon|
|poke|p2|Rayquaza|
|poke|p2|Groudon|
|poke|p2|Marshadow|
|rule|HP Percentage Mod: HP is shown in percentages
|rule|Endless Battle Clause: Forcing endless battles is banned
|teampreview
|inactive|Battle timer is ON: inactive players will automatically lose when time's up. (requested by Ahuehuehue)
|
|start
|switch|p1a: Help Im burning|Groudon|100/100
|switch|p2a: Yveltal|Yveltal|100/100
|-ability|p2a: Yveltal|Dark Aura
|detailschange|p1a: Help Im burning|Groudon-Primal
|-primal|p1a: Help Im burning
|-weather|DesolateLand|[from] ability: Desolate Land|[of] p1a: Help Im burning
|turn|1
|inactive|Ahuehuehue has 120 seconds left.
|
|move|p2a: Yveltal|Foul Play|p1a: Help Im burning
|-damage|p1a: Help Im burning|48/100
|move|p1a: Help Im burning|Fire Punch|p2a: Yveltal
|-damage|p2a: Yveltal|50/100
|
|-weather|DesolateLand|[upkeep]
|upkeep
|turn|2
|
|move|p2a: Yveltal|Foul Play|p1a: Help Im burning
|-damage|p1a: Help Im burning|0 fnt
|faint|p1a: Help Im burning
|-weather|none
|
|upkeep
|
|switch|p1a: i wanna dyna :(|Zacian-Crowned|100/100
|-ability|p1a: i wanna dyna :(|Intrepid Sword|boost
|-boost|p1a: i wanna dyna :(|atk|1
|turn|3
|inactive|Ahuehuehue has 120 seconds left.
|
|switch|p2a: Groudon|Groudon|100/100
|detailschange|p2a: Groudon|Groudon-Primal
|-primal|p2a: Groudon
|-weather|DesolateLand|[from] ability: Desolate Land|[of] p2a: Groudon
|move|p1a: i wanna dyna :(|Play Rough|p2a: Groudon
|-resisted|p2a: Groudon
|-damage|p2a: Groudon|78/100
|
|-weather|DesolateLand|[upkeep]
|upkeep
|turn|4
|
|switch|p1a: I'm shocking|Arceus-Electric|100/100
|move|p2a: Groudon|Stealth Rock|p1a: I'm shocking
|-sidestart|p1: ringlord|move: Stealth Rock
|
|-weather|DesolateLand|[upkeep]
|upkeep
|turn|5
|
|move|p1a: I'm shocking|Stealth Rock|p2a: Groudon
|-sidestart|p2: Ahuehuehue|move: Stealth Rock
|move|p2a: Groudon|Precipice Blades|p1a: I'm shocking
|-supereffective|p1a: I'm shocking
|-damage|p1a: I'm shocking|30/100
|
|-weather|DesolateLand|[upkeep]
|upkeep
|turn|6
|
|move|p1a: I'm shocking|Ice Beam|p2a: Groudon
|-damage|p2a: Groudon|59/100
|move|p2a: Groudon|Precipice Blades|p1a: I'm shocking
|-supereffective|p1a: I'm shocking
|-damage|p1a: I'm shocking|0 fnt
|faint|p1a: I'm shocking
|
|-weather|DesolateLand|[upkeep]
|upkeep
|
|switch|p1a: Its holding Lum|Rayquaza|100/100
|-damage|p1a: Its holding Lum|76/100|[from] Stealth Rock
|-ability|p1a: Its holding Lum|Air Lock
|turn|7
|
|detailschange|p1a: Its holding Lum|Rayquaza-Mega
|-mega|p1a: Its holding Lum|Rayquaza|
|-weather|DeltaStream|[from] ability: Delta Stream|[of] p1a: Its holding Lum
|move|p1a: Its holding Lum|Earthquake|p2a: Groudon
|-supereffective|p2a: Groudon
|-damage|p2a: Groudon|0 fnt
|-damage|p1a: Its holding Lum|66/100|[from] item: Life Orb
|faint|p2a: Groudon
|
|-weather|DeltaStream|[upkeep]
|upkeep
|
|switch|p2a: Zacian|Zacian|100/100
|-damage|p2a: Zacian|88/100|[from] Stealth Rock
|-ability|p2a: Zacian|Intrepid Sword|boost
|-boost|p2a: Zacian|atk|1
|turn|8
|
|move|p1a: Its holding Lum|Extreme Speed|p2a: Zacian
|-damage|p2a: Zacian|37/100
|-damage|p1a: Its holding Lum|56/100|[from] item: Life Orb
|move|p2a: Zacian|Play Rough|p1a: Its holding Lum
|-supereffective|p1a: Its holding Lum
|-damage|p1a: Its holding Lum|0 fnt
|-damage|p2a: Zacian|28/100|[from] item: Life Orb
|faint|p1a: Its holding Lum
|-weather|none
|
|upkeep
|
|switch|p1a: i wanna dyna :(|Zacian-Crowned|100/100
|-damage|p1a: i wanna dyna :(|94/100|[from] Stealth Rock
|-ability|p1a: i wanna dyna :(|Intrepid Sword|boost
|-boost|p1a: i wanna dyna :(|atk|1
|turn|9
|j| hgjchxcv
|inactive|Ahuehuehue has 120 seconds left.
|
|switch|p2a: Yveltal|Yveltal|50/100
|-ability|p2a: Yveltal|Dark Aura
|move|p1a: i wanna dyna :(|Behemoth Blade|p2a: Yveltal
|-damage|p2a: Yveltal|0 fnt
|faint|p2a: Yveltal
|
|upkeep
|
|switch|p2a: Groudon|Groudon|100/100
|-damage|p2a: Groudon|94/100|[from] Stealth Rock
|detailschange|p2a: Groudon|Groudon-Primal
|-primal|p2a: Groudon
|-weather|DesolateLand|[from] ability: Desolate Land|[of] p2a: Groudon
|turn|10
|inactive|ringlord has 120 seconds left.
|inactive|ringlord has 90 seconds left.
|inactive|ringlord has 60 seconds left.
|inactive|ringlord has 30 seconds left.
|inactive|ringlord has 20 seconds left.
|inactive|ringlord has 15 seconds left.
|inactive|ringlord has 10 seconds left.
|inactive|ringlord has 5 seconds left.
|-message|ringlord lost due to inactivity.
|
|win|Ahuehuehue
|raw|ringlord's rating: 1636 &rarr; <strong>1616</strong><br />(-20 for losing)
|raw|Ahuehuehue's rating: 1630 &rarr; <strong>1650</strong><br />(+20 for winning)
|l|☆Ahuehuehue
