|j|☆JackZack15
|j|☆DJ Phoenix da Poet
|t:|1661228999
|gametype|singles
|player|p1|JackZack15|lusamine-nihilego|1573
|player|p2|DJ Phoenix da Poet|iris-gen5bw2|1696
|teamsize|p1|6
|teamsize|p2|6
|gen|8
|tier|[Gen 8] National Dex AG
|rated|
|rule|HP Percentage Mod: HP is shown in percentages
|rule|Endless Battle Clause: Forcing endless battles is banned
|clearpoke
|poke|p1|Marshadow|
|poke|p1|Shuckle, F|
|poke|p1|Calyrex-Shadow|
|poke|p1|Zacian-*|
|poke|p1|Darmanitan-Galar, M|
|poke|p1|Necrozma-Dusk-Mane|
|poke|p2|Necrozma-Dusk-Mane|
|poke|p2|Calyrex-Shadow|
|poke|p2|Zacian-*|
|poke|p2|Groudon|
|poke|p2|Ditto|
|poke|p2|Yveltal|
|teampreview
|inactive|Battle timer is ON: inactive players will automatically lose when time's up. (requested by JackZack15)
|
|t:|1661229023
|start
|switch|p1a: Shuckle|Shuckle, F|100/100
|switch|p2a: Ditto|Ditto|100/100
|-transform|p2a: Ditto|p1a: Shuckle|[from] ability: Imposter
|turn|1
|inactive|DJ Phoenix da Poet has 120 seconds left.
|
|t:|1661229057
|move|p2a: Ditto|Sticky Web|p1a: Shuckle
|-sidestart|p1: JackZack15|move: Sticky Web
|move|p1a: Shuckle|Stealth Rock|p2a: Ditto
|-sidestart|p2: DJ Phoenix da Poet|move: Stealth Rock
|
|upkeep
|turn|2
|
|t:|1661229070
|switch|p2a: Groudon|Groudon|100/100
|-damage|p2a: Groudon|94/100|[from] Stealth Rock
|detailschange|p2a: Groudon|Groudon-Primal
|-primal|p2a: Groudon
|-weather|DesolateLand|[from] ability: Desolate Land|[of] p2a: Groudon
|move|p1a: Shuckle|Sticky Web|p2a: Groudon
|-sidestart|p2: DJ Phoenix da Poet|move: Sticky Web
|
|-weather|DesolateLand|[upkeep]
|upkeep
|turn|3
|
|t:|1661229077
|move|p2a: Groudon|Stealth Rock|p1a: Shuckle
|-sidestart|p1: JackZack15|move: Stealth Rock
|move|p1a: Shuckle|Toxic|p2a: Groudon
|-status|p2a: Groudon|tox
|
|-weather|DesolateLand|[upkeep]
|-damage|p2a: Groudon|88/100 tox|[from] psn
|upkeep
|turn|4
|
|t:|1661229085
|move|p2a: Groudon|Earthquake|p1a: Shuckle
|-damage|p1a: Shuckle|59/100
|move|p1a: Shuckle|Infestation|p2a: Groudon
|-resisted|p2a: Groudon
|-damage|p2a: Groudon|87/100 tox
|-activate|p2a: Groudon|move: Infestation|[of] p1a: Shuckle
|
|-weather|DesolateLand|[upkeep]
|-damage|p2a: Groudon|75/100 tox|[from] psn
|-damage|p2a: Groudon|63/100 tox|[from] move: Infestation|[partiallytrapped]
|upkeep
|turn|5
|
|t:|1661229092
|move|p2a: Groudon|Earthquake|p1a: Shuckle
|-damage|p1a: Shuckle|18/100
|move|p1a: Shuckle|Infestation|p2a: Groudon
|-resisted|p2a: Groudon
|-damage|p2a: Groudon|62/100 tox
|
|-weather|DesolateLand|[upkeep]
|-damage|p2a: Groudon|43/100 tox|[from] psn
|-damage|p2a: Groudon|31/100 tox|[from] move: Infestation|[partiallytrapped]
|upkeep
|turn|6
|
|t:|1661229096
|move|p2a: Groudon|Heat Crash|p1a: Shuckle
|-damage|p1a: Shuckle|0 fnt
|-damage|p2a: Groudon|15/100 tox|[from] item: Rocky Helmet|[of] p1a: Shuckle
|faint|p1a: Shuckle
|
|-weather|DesolateLand|[upkeep]
|-damage|p2a: Groudon|0 fnt|[from] psn
|faint|p2a: Groudon
|-weather|none
|upkeep
|
|t:|1661229117
|switch|p2a: Yveltal|Yveltal|100/100
|switch|p1a: Necrozma|Necrozma-Dusk-Mane|100/100
|-damage|p2a: Yveltal|76/100|[from] Stealth Rock
|-ability|p2a: Yveltal|Dark Aura
|-activate|p1a: Necrozma|move: Sticky Web
|-unboost|p1a: Necrozma|spe|1
|-damage|p1a: Necrozma|94/100|[from] Stealth Rock
|turn|7
|
|t:|1661229137
|switch|p1a: Zacian|Zacian-Crowned|100/100
|-activate|p1a: Zacian|move: Sticky Web
|-unboost|p1a: Zacian|spe|1
|-damage|p1a: Zacian|94/100|[from] Stealth Rock
|-ability|p1a: Zacian|Intrepid Sword|boost
|-boost|p1a: Zacian|atk|1
|move|p2a: Yveltal|Taunt|p1a: Zacian
|-start|p1a: Zacian|move: Taunt
|
|upkeep
|turn|8
|
|t:|1661229147
|switch|p2a: Necrozma|Necrozma-Dusk-Mane|100/100
|-damage|p2a: Necrozma|94/100|[from] Stealth Rock
|-activate|p2a: Necrozma|move: Sticky Web
|-unboost|p2a: Necrozma|spe|1
|move|p1a: Zacian|Wild Charge|p2a: Necrozma
|-damage|p2a: Necrozma|61/100
|-damage|p1a: Zacian|78/100|[from] item: Rocky Helmet|[of] p2a: Necrozma
|-damage|p1a: Zacian|68/100|[from] Recoil
|
|upkeep
|turn|9
|
|t:|1661229161
|switch|p1a: Necrozma|Necrozma-Dusk-Mane|94/100
|-activate|p1a: Necrozma|move: Sticky Web
|-unboost|p1a: Necrozma|spe|1
|-damage|p1a: Necrozma|88/100|[from] Stealth Rock
|move|p2a: Necrozma|Thunder Wave|p1a: Necrozma
|-status|p1a: Necrozma|par
|
|upkeep
|turn|10
|
|t:|1661229166
|detailschange|p1a: Necrozma|Necrozma-Ultra
|-burst|p1a: Necrozma|Necrozma|Ultranecrozium Z
|move|p2a: Necrozma|Dragon Dance|p2a: Necrozma
|-boost|p2a: Necrozma|atk|1
|-boost|p2a: Necrozma|spe|1
|move|p1a: Necrozma|Earthquake|p2a: Necrozma
|-supereffective|p2a: Necrozma
|-damage|p2a: Necrozma|9/100
|
|upkeep
|turn|11
|
|t:|1661229172
|move|p2a: Necrozma|Sunsteel Strike|p1a: Necrozma
|-damage|p1a: Necrozma|12/100 par
|cant|p1a: Necrozma|par
|
|upkeep
|turn|12
|
|t:|1661229179
|move|p2a: Necrozma|Sunsteel Strike|p1a: Necrozma
|-damage|p1a: Necrozma|0 fnt
|faint|p1a: Necrozma
|
|upkeep
|
|t:|1661229190
|switch|p1a: Marshadow|Marshadow|100/100
|-activate|p1a: Marshadow|move: Sticky Web
|-unboost|p1a: Marshadow|spe|1
|-damage|p1a: Marshadow|94/100|[from] Stealth Rock
|turn|13
|
|t:|1661229196
|move|p1a: Marshadow|Shadow Sneak|p2a: Necrozma
|-supereffective|p2a: Necrozma
|-damage|p2a: Necrozma|0 fnt
|-damage|p1a: Marshadow|78/100|[from] item: Rocky Helmet|[of] p2a: Necrozma
|faint|p2a: Necrozma
|
|upkeep
|
|t:|1661229198
|switch|p2a: Yveltal|Yveltal|76/100
|-damage|p2a: Yveltal|51/100|[from] Stealth Rock
|-ability|p2a: Yveltal|Dark Aura
|turn|14
|
|t:|1661229225
|switch|p1a: Zacian|Zacian-Crowned|68/100
|-activate|p1a: Zacian|move: Sticky Web
|-unboost|p1a: Zacian|spe|1
|-damage|p1a: Zacian|61/100|[from] Stealth Rock
|-ability|p1a: Zacian|Intrepid Sword|boost
|-boost|p1a: Zacian|atk|1
|-start|p2a: Yveltal|Dynamax|
|-heal|p2a: Yveltal|51/100|[silent]
|move|p2a: Yveltal|Max Airstream|p1a: Zacian
|-resisted|p1a: Zacian
|-damage|p1a: Zacian|20/100
|-boost|p2a: Yveltal|spe|1
|-damage|p2a: Yveltal|46/100|[from] item: Life Orb
|
|upkeep
|turn|15
|
|t:|1661229231
|move|p2a: Yveltal|Max Flare|p1a: Zacian
|-supereffective|p1a: Zacian
|-damage|p1a: Zacian|0 fnt
|-weather|SunnyDay
|faint|p1a: Zacian
|-damage|p2a: Yveltal|41/100|[from] item: Life Orb
|
|-weather|SunnyDay|[upkeep]
|upkeep
|inactive|JackZack15 has 120 seconds left.
|
|t:|1661229253
|switch|p1a: Marshadow|Marshadow|78/100
|-activate|p1a: Marshadow|move: Sticky Web
|-unboost|p1a: Marshadow|spe|1
|-damage|p1a: Marshadow|72/100|[from] Stealth Rock
|turn|16
|inactive|JackZack15 has 120 seconds left.
|
|t:|1661229261
|move|p2a: Yveltal|Max Airstream|p1a: Marshadow
|-supereffective|p1a: Marshadow
|-damage|p1a: Marshadow|0 fnt
|-boost|p2a: Yveltal|spe|1
|faint|p1a: Marshadow
|-damage|p2a: Yveltal|36/100|[from] item: Life Orb
|
|-weather|SunnyDay|[upkeep]
|upkeep
|inactive|JackZack15 has 120 seconds left.
|
|t:|1661229269
|switch|p1a: Calyrex|Calyrex-Shadow|100/100
|-ability|p1a: Calyrex|As One
|-ability|p1a: Calyrex|Unnerve
|-activate|p1a: Calyrex|move: Sticky Web
|-unboost|p1a: Calyrex|spe|1
|-damage|p1a: Calyrex|88/100|[from] Stealth Rock
|-end|p2a: Yveltal|Dynamax
|-heal|p2a: Yveltal|36/100|[silent]
|turn|17
|
|t:|1661229273
|-start|p1a: Calyrex|Dynamax|
|-heal|p1a: Calyrex|88/100|[silent]
|move|p2a: Yveltal|Dark Pulse|p1a: Calyrex
|-supereffective|p1a: Calyrex
|-damage|p1a: Calyrex|0 fnt
|faint|p1a: Calyrex
|-damage|p2a: Yveltal|26/100|[from] item: Life Orb
|
|-weather|SunnyDay|[upkeep]
|upkeep
|
|t:|1661229275
|switch|p1a: Darmanitan|Darmanitan-Galar, M|100/100
|-activate|p1a: Darmanitan|move: Sticky Web
|-unboost|p1a: Darmanitan|spe|1
|-damage|p1a: Darmanitan|76/100|[from] Stealth Rock
|turn|18
|-message|JackZack15 forfeited.
|
|win|DJ Phoenix da Poet
|raw|JackZack15's rating: 1573 &rarr; <strong>1560</strong><br />(-13 for losing)
|raw|DJ Phoenix da Poet's rating: 1696 &rarr; <strong>1709</strong><br />(+13 for winning)
|l|☆JackZack15
