|j|☆CLEAR GEM清瑜
|j|☆Latiasboy
|t:|1662283312
|gametype|singles
|player|p1|CLEAR GEM清瑜|skierf|1816
|player|p2|Latiasboy|n|1775
|teamsize|p1|6
|teamsize|p2|6
|gen|8
|tier|[Gen 8] National Dex AG
|rated|
|rule|HP Percentage Mod: HP is shown in percentages
|rule|Endless Battle Clause: Forcing endless battles is banned
|clearpoke
|poke|p1|Rayquaza|
|poke|p1|Groudon|
|poke|p1|Arceus-*|
|poke|p1|Yveltal|
|poke|p1|Zacian-*|
|poke|p1|Necrozma-Dusk-Mane|
|poke|p2|Groudon|
|poke|p2|Necrozma-Dusk-Mane|
|poke|p2|Ho-Oh|
|poke|p2|Rayquaza|
|poke|p2|Xerneas-*|
|poke|p2|Shaymin-Sky|
|teampreview
|inactive|Battle timer is ON: inactive players will automatically lose when time's up. (requested by CLEAR GEM清瑜)
|
|t:|1662283321
|start
|switch|p1a: 不会(?)|Groudon|100/100
|switch|p2a: Rayquaza|Rayquaza|100/100
|-ability|p2a: Rayquaza|Air Lock
|detailschange|p1a: 不会(?)|Groudon-Primal
|-primal|p1a: 不会(?)
|-weather|DesolateLand|[from] ability: Desolate Land|[of] p1a: 不会(?)
|turn|1
|
|t:|1662283334
|detailschange|p2a: Rayquaza|Rayquaza-Mega
|-mega|p2a: Rayquaza|Rayquaza|
|-weather|DeltaStream|[from] ability: Delta Stream|[of] p2a: Rayquaza
|move|p2a: Rayquaza|Earthquake|p1a: 不会(?)
|-supereffective|p1a: 不会(?)
|-damage|p1a: 不会(?)|23/100
|-damage|p2a: Rayquaza|91/100|[from] item: Life Orb
|move|p1a: 不会(?)|Stealth Rock|p2a: Rayquaza
|-sidestart|p2: Latiasboy|move: Stealth Rock
|
|-weather|DeltaStream|[upkeep]
|upkeep
|turn|2
|
|t:|1662283347
|move|p2a: Rayquaza|Dragon Ascent|p1a: 不会(?)
|-damage|p1a: 不会(?)|0 fnt
|-unboost|p2a: Rayquaza|def|1
|-unboost|p2a: Rayquaza|spd|1
|faint|p1a: 不会(?)
|-damage|p2a: Rayquaza|81/100|[from] item: Life Orb
|
|-weather|DeltaStream|[upkeep]
|upkeep
|
|t:|1662283350
|switch|p1a: 嘉然小姐的狗|Zacian-Crowned|100/100
|-ability|p1a: 嘉然小姐的狗|Intrepid Sword|boost
|-boost|p1a: 嘉然小姐的狗|atk|1
|turn|3
|
|t:|1662283357
|switch|p1a: 钢铁之躯|Necrozma-Dusk-Mane|100/100
|-weather|none
|switch|p2a: Groudon|Groudon|100/100
|-damage|p2a: Groudon|94/100|[from] Stealth Rock
|detailschange|p2a: Groudon|Groudon-Primal
|-primal|p2a: Groudon
|-weather|DesolateLand|[from] ability: Desolate Land|[of] p2a: Groudon
|
|-weather|DesolateLand|[upkeep]
|upkeep
|turn|4
|
|t:|1662283362
|detailschange|p1a: 钢铁之躯|Necrozma-Ultra
|-burst|p1a: 钢铁之躯|Necrozma|Ultranecrozium Z
|move|p2a: Groudon|Eruption|p1a: 钢铁之躯
|-resisted|p1a: 钢铁之躯
|-damage|p1a: 钢铁之躯|44/100
|move|p1a: 钢铁之躯|Dragon Dance|p1a: 钢铁之躯
|-boost|p1a: 钢铁之躯|atk|1
|-boost|p1a: 钢铁之躯|spe|1
|
|-weather|DesolateLand|[upkeep]
|upkeep
|turn|5
|
|t:|1662283370
|move|p1a: 钢铁之躯|Earthquake|p2a: Groudon
|-supereffective|p2a: Groudon
|-damage|p2a: Groudon|0 fnt
|faint|p2a: Groudon
|-weather|none
|
|upkeep
|
|t:|1662283383
|switch|p2a: Shaymin|Shaymin-Sky|100/100
|-damage|p2a: Shaymin|76/100|[from] Stealth Rock
|turn|6
|
|t:|1662283387
|move|p2a: Shaymin|Air Slash|p1a: 钢铁之躯
|-damage|p1a: 钢铁之躯|11/100
|cant|p1a: 钢铁之躯|flinch
|
|upkeep
|turn|7
|
|t:|1662283391
|move|p2a: Shaymin|Air Slash|p1a: 钢铁之躯
|-damage|p1a: 钢铁之躯|0 fnt
|faint|p1a: 钢铁之躯
|
|upkeep
|
|t:|1662283394
|switch|p1a: 老烈|Rayquaza|100/100
|-ability|p1a: 老烈|Air Lock
|turn|8
|
|t:|1662283397
|detailschange|p1a: 老烈|Rayquaza-Mega
|-mega|p1a: 老烈|Rayquaza|
|-weather|DeltaStream|[from] ability: Delta Stream|[of] p1a: 老烈
|move|p2a: Shaymin|Air Slash|p1a: 老烈
|-damage|p1a: 老烈|65/100
|cant|p1a: 老烈|flinch
|
|-weather|DeltaStream|[upkeep]
|upkeep
|turn|9
|
|t:|1662283403
|move|p2a: Shaymin|Air Slash|p1a: 老烈|[miss]
|-miss|p2a: Shaymin|p1a: 老烈
|move|p1a: 老烈|Dragon Dance|p1a: 老烈
|-boost|p1a: 老烈|atk|1
|-boost|p1a: 老烈|spe|1
|
|-weather|DeltaStream|[upkeep]
|upkeep
|turn|10
|
|t:|1662283405
|move|p1a: 老烈|Extreme Speed|p2a: Shaymin
|-damage|p2a: Shaymin|9/100
|move|p2a: Shaymin|Air Slash|p1a: 老烈
|-damage|p1a: 老烈|28/100
|
|-weather|DeltaStream|[upkeep]
|upkeep
|turn|11
|
|t:|1662283408
|move|p1a: 老烈|Extreme Speed|p2a: Shaymin
|-damage|p2a: Shaymin|0 fnt
|faint|p2a: Shaymin
|
|-weather|DeltaStream|[upkeep]
|upkeep
|
|t:|1662283414
|switch|p2a: Rayquaza|Rayquaza-Mega|81/100
|-damage|p2a: Rayquaza|56/100|[from] Stealth Rock
|turn|12
|
|t:|1662283417
|move|p1a: 老烈|Extreme Speed|p2a: Rayquaza
|-damage|p2a: Rayquaza|0 fnt
|faint|p2a: Rayquaza
|
|-weather|DeltaStream|[upkeep]
|upkeep
|
|t:|1662283420
|switch|p2a: Necrozma|Necrozma-Dusk-Mane|100/100
|-damage|p2a: Necrozma|94/100|[from] Stealth Rock
|turn|13
|
|t:|1662283424
|move|p1a: 老烈|Earthquake|p2a: Necrozma
|-supereffective|p2a: Necrozma
|-damage|p2a: Necrozma|41/100
|move|p2a: Necrozma|Sunsteel Strike|p1a: 老烈
|-damage|p1a: 老烈|0 fnt
|faint|p1a: 老烈
|-weather|none
|
|upkeep
|
|t:|1662283428
|switch|p1a: Y鸟|Yveltal|100/100
|-ability|p1a: Y鸟|Dark Aura
|turn|14
|
|t:|1662283431
|move|p1a: Y鸟|Dark Pulse|p2a: Necrozma
|-supereffective|p2a: Necrozma
|-damage|p2a: Necrozma|0 fnt
|faint|p2a: Necrozma
|
|upkeep
|
|t:|1662283433
|switch|p2a: Xerneas|Xerneas|100/100
|-damage|p2a: Xerneas|88/100|[from] Stealth Rock
|-ability|p2a: Xerneas|Fairy Aura
|turn|15
|
|t:|1662283435
|move|p1a: Y鸟|Taunt|p2a: Xerneas
|-start|p2a: Xerneas|move: Taunt
|cant|p2a: Xerneas|move: Taunt|Geomancy
|
|upkeep
|turn|16
|
|t:|1662283440
|switch|p2a: Ho-Oh|Ho-Oh|100/100
|-start|p1a: Y鸟|Dynamax|
|-heal|p1a: Y鸟|100/100|[silent]
|move|p1a: Y鸟|Max Airstream|p2a: Ho-Oh
|-damage|p2a: Ho-Oh|67/100
|-boost|p1a: Y鸟|spe|1
|
|upkeep
|turn|17
|
|t:|1662283449
|move|p1a: Y鸟|Max Darkness|p2a: Ho-Oh
|-damage|p2a: Ho-Oh|19/100
|-unboost|p2a: Ho-Oh|spd|1
|move|p2a: Ho-Oh|Sacred Fire|p1a: Y鸟
|-damage|p1a: Y鸟|80/100
|-status|p1a: Y鸟|brn
|
|-damage|p1a: Y鸟|77/100 brn|[from] brn
|upkeep
|turn|18
|
|t:|1662283464
|move|p1a: Y鸟|Max Airstream|p2a: Ho-Oh
|-damage|p2a: Ho-Oh|0 fnt
|-boost|p1a: Y鸟|spe|1
|faint|p2a: Ho-Oh
|
|-damage|p1a: Y鸟|74/100 brn|[from] brn
|upkeep
|
|t:|1662283468
|switch|p2a: Xerneas|Xerneas|88/100
|-damage|p2a: Xerneas|76/100|[from] Stealth Rock
|-ability|p2a: Xerneas|Fairy Aura
|-end|p1a: Y鸟|Dynamax
|-heal|p1a: Y鸟|75/100 brn|[silent]
|turn|19
|
|t:|1662283475
|move|p1a: Y鸟|Taunt|p2a: Xerneas
|-start|p2a: Xerneas|move: Taunt
|cant|p2a: Xerneas|move: Taunt|Geomancy
|
|-damage|p1a: Y鸟|69/100 brn|[from] brn
|upkeep
|turn|20
|
|t:|1662283477
|move|p1a: Y鸟|Oblivion Wing|p2a: Xerneas
|-damage|p2a: Xerneas|38/100
|-heal|p1a: Y鸟|96/100 brn|[from] drain|[of] p2a: Xerneas
|move|p2a: Xerneas|Moonblast|p1a: Y鸟
|-supereffective|p1a: Y鸟
|-damage|p1a: Y鸟|0 fnt
|faint|p1a: Y鸟
|
|upkeep
|
|t:|1662283479
|switch|p1a: 嘉然小姐的狗|Zacian-Crowned|100/100
|-ability|p1a: 嘉然小姐的狗|Intrepid Sword|boost
|-boost|p1a: 嘉然小姐的狗|atk|1
|turn|21
|
|t:|1662283481
|-start|p2a: Xerneas|Dynamax|
|-heal|p2a: Xerneas|38/100|[silent]
|move|p1a: 嘉然小姐的狗|Behemoth Blade|p2a: Xerneas
|-supereffective|p2a: Xerneas
|-damage|p2a: Xerneas|0 fnt
|faint|p2a: Xerneas
|
|win|CLEAR GEM清瑜
|raw|CLEAR GEM清瑜's rating: 1816 &rarr; <strong>1834</strong><br />(+18 for winning)
|raw|Latiasboy's rating: 1775 &rarr; <strong>1757</strong><br />(-18 for losing)
|l|☆Latiasboy
||Ladder isn't responding, score probably updated but might not have (Request timeout).
