|j|☆Emorawr79
|j|☆UncleShannon
|t:|1658473747
|gametype|singles
|player|p1|Emorawr79|ghetsis|1771
|player|p2|UncleShannon|2|1841
|teamsize|p1|6
|teamsize|p2|6
|gen|8
|tier|[Gen 8] National Dex AG
|rated|
|rule|HP Percentage Mod: HP is shown in percentages
|rule|Endless Battle Clause: Forcing endless battles is banned
|clearpoke
|poke|p1|Calyrex-Shadow|
|poke|p1|Zygarde|
|poke|p1|Yveltal|
|poke|p1|Ho-Oh|
|poke|p1|Smeargle, M|
|poke|p1|Rayquaza|
|poke|p2|Scizor, M|
|poke|p2|Arceus-*|
|poke|p2|Groudon|
|poke|p2|Calyrex-Shadow|
|poke|p2|Yveltal|
|poke|p2|Zacian-*|
|teampreview
|inactive|Battle timer is ON: inactive players will automatically lose when time's up. (requested by Emorawr79)
|c|☆UncleShannon|hf
|
|t:|1658473762
|start
|switch|p1a: Smeargle|Smeargle, M|100/100
|switch|p2a: Calyrex|Calyrex-Shadow|100/100
|-ability|p2a: Calyrex|As One
|-ability|p2a: Calyrex|Unnerve
|turn|1
|
|t:|1658473764
|move|p2a: Calyrex|Trick|p1a: Smeargle
|-activate|p2a: Calyrex|move: Trick|[of] p1a: Smeargle
|-item|p1a: Smeargle|Choice Specs|[from] move: Trick
|-item|p2a: Calyrex|Focus Sash|[from] move: Trick
|move|p1a: Smeargle|Spore|p2a: Calyrex
|-status|p2a: Calyrex|slp|[from] move: Spore
|
|-ability|p1a: Smeargle|Moody|boost
|-boost|p1a: Smeargle|atk|2
|-unboost|p1a: Smeargle|spd|1
|upkeep
|turn|2
|
|t:|1658473772
|switch|p2a: Arceus|Arceus-Rock|100/100
|switch|p1a: Ho-Oh|Ho-Oh|100/100
|
|upkeep
|turn|3
|
|t:|1658473777
|switch|p1a: Smeargle|Smeargle, M|100/100
|move|p2a: Arceus|Judgment|p1a: Smeargle
|-damage|p1a: Smeargle|0 fnt
|faint|p1a: Smeargle
|
|upkeep
|
|t:|1658473781
|switch|p1a: Rayquaza|Rayquaza|100/100
|-ability|p1a: Rayquaza|Air Lock
|turn|4
|
|t:|1658473783
|detailschange|p1a: Rayquaza|Rayquaza-Mega
|-mega|p1a: Rayquaza|Rayquaza|
|-weather|DeltaStream|[from] ability: Delta Stream|[of] p1a: Rayquaza
|move|p1a: Rayquaza|Dragon Dance|p1a: Rayquaza
|-boost|p1a: Rayquaza|atk|1
|-boost|p1a: Rayquaza|spe|1
|move|p2a: Arceus|Will-O-Wisp|p1a: Rayquaza
|-status|p1a: Rayquaza|brn
|
|-weather|DeltaStream|[upkeep]
|-damage|p1a: Rayquaza|94/100 brn|[from] brn
|upkeep
|turn|5
|
|t:|1658473795
|move|p1a: Rayquaza|Dragon Ascent|p2a: Arceus
|-resisted|p2a: Arceus
|-damage|p2a: Arceus|81/100
|-unboost|p1a: Rayquaza|def|1
|-unboost|p1a: Rayquaza|spd|1
|move|p2a: Arceus|Judgment|p1a: Rayquaza
|-activate||deltastream
|-damage|p1a: Rayquaza|9/100 brn
|
|-weather|DeltaStream|[upkeep]
|-damage|p1a: Rayquaza|3/100 brn|[from] brn
|upkeep
|turn|6
|-enditem|p1a: Rayquaza|Custap Berry|[eat]
|-activate|p1a: Rayquaza|item: Custap Berry|[consumed]
|
|t:|1658473799
|move|p1a: Rayquaza|Dragon Ascent|p2a: Arceus
|-resisted|p2a: Arceus
|-damage|p2a: Arceus|62/100
|-unboost|p1a: Rayquaza|def|1
|-unboost|p1a: Rayquaza|spd|1
|move|p2a: Arceus|Recover|p2a: Arceus
|-heal|p2a: Arceus|100/100
|
|-weather|DeltaStream|[upkeep]
|-damage|p1a: Rayquaza|0 fnt|[from] brn
|faint|p1a: Rayquaza
|-weather|none
|upkeep
|
|t:|1658473804
|switch|p1a: Calyrex|Calyrex-Shadow|100/100
|-ability|p1a: Calyrex|As One
|-ability|p1a: Calyrex|Unnerve
|turn|7
|c|☆UncleShannon|Interesting
|c|☆UncleShannon|Why custap?
|
|t:|1658473811
|switch|p2a: Yveltal|Yveltal|100/100
|-ability|p2a: Yveltal|Dark Aura
|move|p1a: Calyrex|Nasty Plot|p1a: Calyrex
|-boost|p1a: Calyrex|spa|2
|
|upkeep
|turn|8
|
|t:|1658473818
|-start|p1a: Calyrex|Dynamax|
|-heal|p1a: Calyrex|100/100|[silent]
|-start|p2a: Yveltal|Dynamax|
|-heal|p2a: Yveltal|100/100|[silent]
|move|p1a: Calyrex|Max Starfall|p2a: Yveltal
|-supereffective|p2a: Yveltal
|-damage|p2a: Yveltal|58/100
|-fieldstart|move: Misty Terrain
|move|p2a: Yveltal|Max Darkness|p1a: Calyrex
|-supereffective|p1a: Calyrex
|-enditem|p1a: Calyrex|Focus Sash
|-damage|p1a: Calyrex|1/100
|-unboost|p1a: Calyrex|spd|1
|
|upkeep
|turn|9
|
|t:|1658473825
|move|p1a: Calyrex|Max Guard|p1a: Calyrex
|-singleturn|p1a: Calyrex|Max Guard
|move|p2a: Yveltal|Max Darkness|p1a: Calyrex
|-activate|p1a: Calyrex|move: Max Guard
|
|upkeep
|turn|10
|
|t:|1658473827
|move|p1a: Calyrex|Max Starfall|p2a: Yveltal
|-supereffective|p2a: Yveltal
|-damage|p2a: Yveltal|10/100
|move|p2a: Yveltal|Max Darkness|p1a: Calyrex
|-supereffective|p1a: Calyrex
|-damage|p1a: Calyrex|0 fnt
|faint|p1a: Calyrex
|
|upkeep
|
|t:|1658473832
|switch|p1a: Yveltal|Yveltal|100/100
|-ability|p1a: Yveltal|Dark Aura
|-end|p2a: Yveltal|Dynamax
|-heal|p2a: Yveltal|10/100|[silent]
|turn|11
|
|t:|1658473836
|move|p1a: Yveltal|Oblivion Wing|p2a: Yveltal
|-damage|p2a: Yveltal|0 fnt
|faint|p2a: Yveltal
|-damage|p1a: Yveltal|91/100|[from] item: Life Orb
|
|upkeep
|
|t:|1658473842
|switch|p2a: Arceus|Arceus-Rock|100/100
|turn|12
|
|t:|1658473844
|move|p2a: Arceus|Judgment|p1a: Yveltal
|-supereffective|p1a: Yveltal
|-damage|p1a: Yveltal|0 fnt
|faint|p1a: Yveltal
|
|-fieldend|Misty Terrain
|upkeep
|
|t:|1658473847
|switch|p1a: Zygarde|Zygarde|100/100
|turn|13
|c|☆UncleShannon|gg
|c|☆UncleShannon|I suppose
|
|t:|1658473852
|move|p2a: Arceus|Will-O-Wisp|p1a: Zygarde
|-status|p1a: Zygarde|brn
|move|p1a: Zygarde|Substitute|p1a: Zygarde
|-start|p1a: Zygarde|Substitute
|-damage|p1a: Zygarde|75/100 brn
|
|-heal|p1a: Zygarde|82/100 brn|[from] item: Leftovers
|-damage|p1a: Zygarde|75/100 brn|[from] brn
|upkeep
|turn|14
|-message|Emorawr79 forfeited.
|
|win|UncleShannon
|raw|Emorawr79's rating: 1771 &rarr; <strong>1755</strong><br />(-16 for losing)
|raw|UncleShannon's rating: 1841 &rarr; <strong>1857</strong><br />(+16 for winning)
|l|☆Emorawr79
