|j|☆Master kushagra
|j|☆CLEAR GEM清瑜
|t:|1664703586
|gametype|singles
|player|p1|Master kushagra|leon-masters|1773
|player|p2|CLEAR GEM清瑜|skierf|1847
|teamsize|p1|6
|teamsize|p2|6
|gen|8
|tier|[Gen 8] National Dex AG
|rated|
|rule|HP Percentage Mod: HP is shown in percentages
|rule|Endless Battle Clause: Forcing endless battles is banned
|clearpoke
|poke|p1|Arceus-*|
|poke|p1|Zacian-*|
|poke|p1|Rayquaza|
|poke|p1|Yveltal|
|poke|p1|Calyrex-Shadow|
|poke|p1|Arceus-*|
|poke|p2|Zacian-*|
|poke|p2|Yveltal|
|poke|p2|Necrozma-Dusk-Mane|
|poke|p2|Arceus-*|
|poke|p2|Tyranitar, F|
|poke|p2|Arceus-*|
|teampreview
|inactive|Battle timer is ON: inactive players will automatically lose when time's up. (requested by CLEAR GEM清瑜)
|
|t:|1664703594
|start
|switch|p1a: Future 🔮|Arceus-Ground|100/100
|switch|p2a: Necrozma|Necrozma-Dusk-Mane|100/100
|turn|1
|
|t:|1664703599
|move|p1a: Future 🔮|Magic Coat|p1a: Future 🔮
|-singleturn|p1a: Future 🔮|move: Magic Coat
|move|p2a: Necrozma|Stealth Rock|p1a: Future 🔮
|move|p1a: Future 🔮|Stealth Rock|p2a: Necrozma|[from]Magic Coat
|-sidestart|p2: CLEAR GEM清瑜|move: Stealth Rock
|
|upkeep
|turn|2
|
|t:|1664703604
|-zpower|p1a: Future 🔮
|move|p1a: Future 🔮|Tectonic Rage|p2a: Necrozma|[zeffect]
|-supereffective|p2a: Necrozma
|-damage|p2a: Necrozma|19/100
|move|p2a: Necrozma|Stealth Rock|p1a: Future 🔮
|-sidestart|p1: Master kushagra|move: Stealth Rock
|
|upkeep
|turn|3
|
|t:|1664703613
|move|p1a: Future 🔮|Earthquake|p2a: Necrozma
|-supereffective|p2a: Necrozma
|-damage|p2a: Necrozma|0 fnt
|faint|p2a: Necrozma
|
|upkeep
|
|t:|1664703619
|switch|p2a: Arceus|Arceus-Water|100/100
|-damage|p2a: Arceus|88/100|[from] Stealth Rock
|turn|4
|
|t:|1664703622
|move|p1a: Future 🔮|Magic Coat|p1a: Future 🔮
|-singleturn|p1a: Future 🔮|move: Magic Coat
|move|p2a: Arceus|Judgment|p1a: Future 🔮
|-supereffective|p1a: Future 🔮
|-damage|p1a: Future 🔮|38/100
|
|upkeep
|turn|5
|
|t:|1664703627
|move|p1a: Future 🔮|Earthquake|p2a: Arceus
|-damage|p2a: Arceus|60/100
|move|p2a: Arceus|Judgment|p1a: Future 🔮
|-supereffective|p1a: Future 🔮
|-damage|p1a: Future 🔮|0 fnt
|faint|p1a: Future 🔮
|
|upkeep
|
|t:|1664703632
|switch|p1a: Zacian|Zacian-Crowned, shiny|100/100
|-damage|p1a: Zacian|94/100|[from] Stealth Rock
|-ability|p1a: Zacian|Intrepid Sword|boost
|-boost|p1a: Zacian|atk|1
|turn|6
|
|t:|1664703634
|move|p1a: Zacian|Wild Charge|p2a: Arceus
|-supereffective|p2a: Arceus
|-damage|p2a: Arceus|0 fnt
|faint|p2a: Arceus
|-damage|p1a: Zacian|75/100|[from] Recoil
|
|upkeep
|
|t:|1664703639
|switch|p2a: 嘉然小姐的狗|Zacian-Crowned|100/100
|-damage|p2a: 嘉然小姐的狗|94/100|[from] Stealth Rock
|-ability|p2a: 嘉然小姐的狗|Intrepid Sword|boost
|-boost|p2a: 嘉然小姐的狗|atk|1
|turn|7
|
|t:|1664703666
|switch|p1a: Rayquaza|Rayquaza|100/100
|-damage|p1a: Rayquaza|76/100|[from] Stealth Rock
|-ability|p1a: Rayquaza|Air Lock
|move|p2a: 嘉然小姐的狗|Behemoth Blade|p1a: Rayquaza
|-damage|p1a: Rayquaza|0 fnt
|faint|p1a: Rayquaza
|
|upkeep
|
|t:|1664703673
|switch|p1a: Yveltal|Yveltal, shiny|100/100
|-damage|p1a: Yveltal|76/100|[from] Stealth Rock
|-ability|p1a: Yveltal|Dark Aura
|turn|8
|
|t:|1664703679
|move|p1a: Yveltal|Sucker Punch|p2a: 嘉然小姐的狗
|-resisted|p2a: 嘉然小姐的狗
|-damage|p2a: 嘉然小姐的狗|71/100
|-damage|p1a: Yveltal|66/100|[from] item: Life Orb
|move|p2a: 嘉然小姐的狗|Behemoth Blade|p1a: Yveltal
|-crit|p1a: Yveltal
|-damage|p1a: Yveltal|0 fnt
|faint|p1a: Yveltal
|
|upkeep
|
|t:|1664703686
|switch|p1a: Arceus|Arceus|100/100
|-damage|p1a: Arceus|88/100|[from] Stealth Rock
|turn|9
|
|t:|1664703693
|-start|p1a: Arceus|Dynamax|
|-heal|p1a: Arceus|88/100|[silent]
|move|p2a: 嘉然小姐的狗|Close Combat|p1a: Arceus
|-supereffective|p1a: Arceus
|-damage|p1a: Arceus|23/100
|-unboost|p2a: 嘉然小姐的狗|def|1
|-unboost|p2a: 嘉然小姐的狗|spd|1
|move|p1a: Arceus|Max Quake|p2a: 嘉然小姐的狗
|-supereffective|p2a: 嘉然小姐的狗
|-damage|p2a: 嘉然小姐的狗|0 fnt
|-boost|p1a: Arceus|spd|1
|faint|p2a: 嘉然小姐的狗
|
|upkeep
|
|t:|1664703698
|switch|p2a: Y鸟|Yveltal|100/100
|-damage|p2a: Y鸟|76/100|[from] Stealth Rock
|-ability|p2a: Y鸟|Dark Aura
|turn|10
|
|t:|1664703701
|-start|p2a: Y鸟|Dynamax|
|-heal|p2a: Y鸟|76/100|[silent]
|move|p1a: Arceus|Max Strike|p2a: Y鸟
|-damage|p2a: Y鸟|43/100
|-unboost|p2a: Y鸟|spe|1
|move|p2a: Y鸟|Max Airstream|p1a: Arceus
|-damage|p1a: Arceus|0 fnt
|-boost|p2a: Y鸟|spe|1
|faint|p1a: Arceus
|-damage|p2a: Y鸟|38/100|[from] item: Life Orb
|
|upkeep
|
|t:|1664703703
|switch|p1a: Zacian|Zacian-Crowned, shiny|75/100
|-damage|p1a: Zacian|69/100|[from] Stealth Rock
|-ability|p1a: Zacian|Intrepid Sword|boost
|-boost|p1a: Zacian|atk|1
|turn|11
|
|t:|1664703706
|move|p1a: Zacian|Behemoth Blade|p2a: Y鸟
|-damage|p2a: Y鸟|0 fnt
|faint|p2a: Y鸟
|
|upkeep
|
|t:|1664703707
|switch|p2a: Arceus|Arceus-Ground|100/100
|-damage|p2a: Arceus|94/100|[from] Stealth Rock
|turn|12
|
|t:|1664703712
|switch|p1a: Calyrex|Calyrex-Shadow|100/100
|-ability|p1a: Calyrex|As One
|-ability|p1a: Calyrex|Unnerve
|-damage|p1a: Calyrex|88/100|[from] Stealth Rock
|move|p2a: Arceus|Earthquake|p1a: Calyrex
|-damage|p1a: Calyrex|18/100
|
|upkeep
|turn|13
|
|t:|1664703716
|switch|p2a: Tyranitar|Tyranitar, F|100/100
|-damage|p2a: Tyranitar|88/100|[from] Stealth Rock
|-weather|Sandstorm|[from] ability: Sand Stream|[of] p2a: Tyranitar
|move|p1a: Calyrex|Energy Ball|p2a: Tyranitar
|-supereffective|p2a: Tyranitar
|-damage|p2a: Tyranitar|57/100
|
|-weather|Sandstorm|[upkeep]
|-damage|p1a: Calyrex|12/100|[from] Sandstorm
|upkeep
|turn|14
|
|t:|1664703724
|detailschange|p2a: Tyranitar|Tyranitar-Mega, F
|-mega|p2a: Tyranitar|Tyranitar|Tyranitarite
|move|p1a: Calyrex|Energy Ball|p2a: Tyranitar
|-supereffective|p2a: Tyranitar
|-damage|p2a: Tyranitar|30/100
|move|p2a: Tyranitar|Pursuit|p1a: Calyrex
|-supereffective|p1a: Calyrex
|-damage|p1a: Calyrex|0 fnt
|faint|p1a: Calyrex
|
|-weather|Sandstorm|[upkeep]
|upkeep
|
|t:|1664703728
|switch|p1a: Zacian|Zacian-Crowned, shiny|69/100
|-damage|p1a: Zacian|63/100|[from] Stealth Rock
|-ability|p1a: Zacian|Intrepid Sword|boost
|-boost|p1a: Zacian|atk|1
|turn|15
|
|t:|1664703733
|move|p1a: Zacian|Behemoth Blade|p2a: Tyranitar
|-supereffective|p2a: Tyranitar
|-damage|p2a: Tyranitar|0 fnt
|faint|p2a: Tyranitar
|
|-weather|Sandstorm|[upkeep]
|upkeep
|
|t:|1664703734
|switch|p2a: Arceus|Arceus-Ground|94/100
|-damage|p2a: Arceus|88/100|[from] Stealth Rock
|turn|16
|
|t:|1664703738
|move|p1a: Zacian|Behemoth Blade|p2a: Arceus
|-damage|p2a: Arceus|14/100
|move|p2a: Arceus|Earthquake|p1a: Zacian
|-supereffective|p1a: Zacian
|-damage|p1a: Zacian|0 fnt
|faint|p1a: Zacian
|
|win|CLEAR GEM清瑜
|raw|Master kushagra's rating: 1773 &rarr; <strong>1757</strong><br />(-16 for losing)
|raw|CLEAR GEM清瑜's rating: 1847 &rarr; <strong>1863</strong><br />(+16 for winning)
|l|☆Master kushagra
