|j|☆amnael01
|j|☆Glaliegoesboom ❤
|t:|1667763250
|gametype|singles
|player|p1|amnael01|266|1849
|player|p2|Glaliegoesboom ❤|cynthia-masters|1856
|teamsize|p1|6
|teamsize|p2|6
|gen|8
|tier|[Gen 8] National Dex AG
|rated|
|rule|HP Percentage Mod: HP is shown in percentages
|rule|Endless Battle Clause: Forcing endless battles is banned
|clearpoke
|poke|p1|Smeargle, M|
|poke|p1|Groudon|
|poke|p1|Espeon, M|
|poke|p1|Rayquaza|
|poke|p1|Xerneas-*|
|poke|p1|Zacian-*|
|poke|p2|Zygarde|
|poke|p2|Chansey, F|
|poke|p2|Necrozma-Dusk-Mane|
|poke|p2|Yveltal|
|poke|p2|Arceus-*|
|poke|p2|Ferrothorn, M|
|teampreview
|inactive|Battle timer is ON: inactive players will automatically lose when time's up. (requested by Glaliegoesboom ❤)
|
|t:|1667763257
|start
|switch|p1a: Zacian|Zacian-Crowned|100/100
|switch|p2a: Altar Of The Sunne|Necrozma-Dusk-Mane|100/100
|-ability|p1a: Zacian|Intrepid Sword|boost
|-boost|p1a: Zacian|atk|1
|turn|1
|
|t:|1667763268
|switch|p1a: Espeon|Espeon, M|100/100
|move|p2a: Altar Of The Sunne|Earthquake|p1a: Espeon
|-damage|p1a: Espeon|30/100
|
|upkeep
|turn|2
|
|t:|1667763270
|switch|p2a: Flare HQ|Yveltal, shiny|100/100
|-ability|p2a: Flare HQ|Dark Aura
|move|p1a: Espeon|Yawn|p2a: Flare HQ
|-start|p2a: Flare HQ|move: Yawn|[of] p1a: Espeon
|
|upkeep
|turn|3
|
|t:|1667763290
|move|p1a: Espeon|Baton Pass|p1a: Espeon
|
|t:|1667763292
|switch|p1a: Zacian|Zacian-Crowned|100/100|[from]move: Baton Pass
|-ability|p1a: Zacian|Intrepid Sword|boost
|-boost|p1a: Zacian|atk|1
|move|p2a: Flare HQ|U-turn|p1a: Zacian
|-resisted|p1a: Zacian
|-damage|p1a: Zacian|96/100
|
|t:|1667763295
|switch|p2a: Altar Of The Sunne|Necrozma-Dusk-Mane|100/100|[from]move: U-turn
|
|upkeep
|turn|4
|
|t:|1667763298
|switch|p1a: Espeon|Espeon, M|30/100
|move|p2a: Altar Of The Sunne|Earthquake|p1a: Espeon
|-damage|p1a: Espeon|0 fnt
|faint|p1a: Espeon
|
|upkeep
|
|t:|1667763300
|switch|p1a: Smeargle|Smeargle, M|100/100
|turn|5
|
|t:|1667763304
|switch|p2a: Terminus Cave|Zygarde, shiny|100/100
|move|p1a: Smeargle|Shift Gear|p1a: Smeargle
|-boost|p1a: Smeargle|spe|2
|-boost|p1a: Smeargle|atk|1
|
|-ability|p1a: Smeargle|Moody|boost
|-boost|p1a: Smeargle|spa|2
|-unboost|p1a: Smeargle|def|1
|upkeep
|turn|6
|
|t:|1667763307
|move|p1a: Smeargle|Baton Pass|p1a: Smeargle
|
|t:|1667763308
|switch|p1a: Xerneas|Xerneas|100/100|[from]move: Baton Pass
|-ability|p1a: Xerneas|Fairy Aura
|move|p2a: Terminus Cave|Haze|p2a: Terminus Cave
|-clearallboost
|
|upkeep
|turn|7
|
|t:|1667763312
|switch|p1a: Smeargle|Smeargle, M|100/100
|switch|p2a: Honeycalm Island|Chansey, F, shiny|100/100
|
|-ability|p1a: Smeargle|Moody|boost
|-boost|p1a: Smeargle|atk|2
|-unboost|p1a: Smeargle|spd|1
|upkeep
|turn|8
|
|t:|1667763319
|switch|p2a: Altar Of The Sunne|Necrozma-Dusk-Mane|100/100
|move|p1a: Smeargle|Baton Pass|p1a: Smeargle
|
|t:|1667763321
|switch|p1a: Groudon|Groudon|100/100|[from]move: Baton Pass
|detailschange|p1a: Groudon|Groudon-Primal
|-primal|p1a: Groudon
|-weather|DesolateLand|[from] ability: Desolate Land|[of] p1a: Groudon
|
|-weather|DesolateLand|[upkeep]
|upkeep
|turn|9
|
|t:|1667763334
|switch|p2a: Flare HQ|Yveltal, shiny|100/100
|-ability|p2a: Flare HQ|Dark Aura
|move|p1a: Groudon|Earthquake|p2a: Flare HQ
|-immune|p2a: Flare HQ
|
|-weather|DesolateLand|[upkeep]
|upkeep
|turn|10
|
|t:|1667763339
|move|p2a: Flare HQ|Sucker Punch|p1a: Groudon
|-damage|p1a: Groudon|72/100
|move|p1a: Groudon|Fire Punch|p2a: Flare HQ
|-damage|p2a: Flare HQ|0 fnt
|faint|p2a: Flare HQ
|
|-weather|DesolateLand|[upkeep]
|upkeep
|
|t:|1667763340
|switch|p2a: Terminus Cave|Zygarde, shiny|100/100
|turn|11
|
|t:|1667763344
|move|p1a: Groudon|Earthquake|p2a: Terminus Cave
|-damage|p2a: Terminus Cave|35/100
|move|p2a: Terminus Cave|Glare|p1a: Groudon
|-status|p1a: Groudon|par
|
|-weather|DesolateLand|[upkeep]
|-activate|p2a: Terminus Cave|ability: Power Construct
|detailschange|p2a: Terminus Cave|Zygarde-Complete, shiny
|-heal|p2a: Terminus Cave|57/100|[silent]
|upkeep
|turn|12
|
|t:|1667763347
|move|p2a: Terminus Cave|Haze|p2a: Terminus Cave
|-clearallboost
|move|p1a: Groudon|Earthquake|p2a: Terminus Cave
|-damage|p2a: Terminus Cave|35/100
|
|-weather|DesolateLand|[upkeep]
|upkeep
|turn|13
|
|t:|1667763351
|move|p2a: Terminus Cave|Thousand Arrows|p1a: Groudon
|-supereffective|p1a: Groudon
|-damage|p1a: Groudon|28/100 par
|cant|p1a: Groudon|par
|
|-weather|DesolateLand|[upkeep]
|upkeep
|turn|14
|
|t:|1667763354
|move|p2a: Terminus Cave|Thousand Arrows|p1a: Groudon
|-supereffective|p1a: Groudon
|-damage|p1a: Groudon|0 fnt
|faint|p1a: Groudon
|-weather|none
|
|upkeep
|
|t:|1667763360
|switch|p1a: Zacian|Zacian-Crowned|96/100
|-ability|p1a: Zacian|Intrepid Sword|boost
|-boost|p1a: Zacian|atk|1
|turn|15
|
|t:|1667763363
|switch|p2a: Altar Of The Sunne|Necrozma-Dusk-Mane|100/100
|move|p1a: Zacian|Close Combat|p2a: Altar Of The Sunne
|-damage|p2a: Altar Of The Sunne|61/100
|-unboost|p1a: Zacian|def|1
|-unboost|p1a: Zacian|spd|1
|-damage|p1a: Zacian|80/100|[from] item: Rocky Helmet|[of] p2a: Altar Of The Sunne
|
|upkeep
|turn|16
|
|t:|1667763365
|switch|p1a: Smeargle|Smeargle, M|100/100
|move|p2a: Altar Of The Sunne|Morning Sun|p2a: Altar Of The Sunne
|-heal|p2a: Altar Of The Sunne|100/100
|
|-ability|p1a: Smeargle|Moody|boost
|-boost|p1a: Smeargle|atk|2
|-unboost|p1a: Smeargle|spd|1
|upkeep
|turn|17
|
|t:|1667763370
|move|p1a: Smeargle|Baton Pass|p1a: Smeargle
|
|t:|1667763371
|switch|p1a: Zacian|Zacian-Crowned|80/100|[from]move: Baton Pass
|-ability|p1a: Zacian|Intrepid Sword|boost
|-boost|p1a: Zacian|atk|1
|move|p2a: Altar Of The Sunne|Earthquake|p1a: Zacian
|-supereffective|p1a: Zacian
|-damage|p1a: Zacian|16/100
|
|upkeep
|turn|18
|
|t:|1667763374
|move|p1a: Zacian|Close Combat|p2a: Altar Of The Sunne
|-damage|p2a: Altar Of The Sunne|30/100
|-unboost|p1a: Zacian|def|1
|-unboost|p1a: Zacian|spd|1
|-damage|p1a: Zacian|0 fnt|[from] item: Rocky Helmet|[of] p2a: Altar Of The Sunne
|faint|p1a: Zacian
|move|p2a: Altar Of The Sunne|Stealth Rock|p1: Zacian
|-sidestart|p1: amnael01|move: Stealth Rock
|
|upkeep
|
|t:|1667763382
|switch|p1a: Rayquaza|Rayquaza|100/100
|-damage|p1a: Rayquaza|76/100|[from] Stealth Rock
|-ability|p1a: Rayquaza|Air Lock
|turn|19
|
|t:|1667763386
|switch|p2a: Hall Of Origin|Arceus-Rock|100/100
|detailschange|p1a: Rayquaza|Rayquaza-Mega
|-mega|p1a: Rayquaza|Rayquaza|
|-weather|DeltaStream|[from] ability: Delta Stream|[of] p1a: Rayquaza
|move|p1a: Rayquaza|Earthquake|p2a: Hall Of Origin
|-supereffective|p2a: Hall Of Origin
|-damage|p2a: Hall Of Origin|49/100
|
|-weather|DeltaStream|[upkeep]
|upkeep
|turn|20
|
|t:|1667763391
|-start|p2a: Hall Of Origin|Dynamax|
|-heal|p2a: Hall Of Origin|49/100|[silent]
|move|p1a: Rayquaza|Earthquake|p2a: Hall Of Origin
|-supereffective|p2a: Hall Of Origin
|-crit|p2a: Hall Of Origin
|-damage|p2a: Hall Of Origin|10/100
|move|p2a: Hall Of Origin|Max Rockfall|p1a: Rayquaza
|-activate||deltastream
|-damage|p1a: Rayquaza|17/100
|
|-weather|DeltaStream|[upkeep]
|upkeep
|turn|21
|
|t:|1667763395
|move|p1a: Rayquaza|Earthquake|p2a: Hall Of Origin
|-supereffective|p2a: Hall Of Origin
|-damage|p2a: Hall Of Origin|0 fnt
|faint|p2a: Hall Of Origin
|
|-weather|DeltaStream|[upkeep]
|upkeep
|
|t:|1667763397
|switch|p2a: Dusty Bowl|Ferrothorn, M|100/100
|turn|22
|
|t:|1667763400
|move|p1a: Rayquaza|Dragon Ascent|p2a: Dusty Bowl
|-damage|p2a: Dusty Bowl|35/100
|-unboost|p1a: Rayquaza|def|1
|-unboost|p1a: Rayquaza|spd|1
|-damage|p1a: Rayquaza|4/100|[from] ability: Iron Barbs|[of] p2a: Dusty Bowl
|move|p2a: Dusty Bowl|Gyro Ball|p1a: Rayquaza
|-damage|p1a: Rayquaza|0 fnt
|faint|p1a: Rayquaza
|-weather|none
|
|-heal|p2a: Dusty Bowl|41/100|[from] item: Leftovers
|upkeep
|
|t:|1667763404
|switch|p1a: Smeargle|Smeargle, M|100/100
|-damage|p1a: Smeargle|88/100|[from] Stealth Rock
|turn|23
|
|t:|1667763407
|move|p1a: Smeargle|Spiky Shield|p1a: Smeargle
|-singleturn|p1a: Smeargle|move: Protect
|move|p2a: Dusty Bowl|Gyro Ball|p1a: Smeargle
|-activate|p1a: Smeargle|move: Protect
|-damage|p2a: Dusty Bowl|29/100|[from] Spiky Shield|[of] p1a: Smeargle
|
|-heal|p2a: Dusty Bowl|35/100|[from] item: Leftovers
|-ability|p1a: Smeargle|Moody|boost
|-boost|p1a: Smeargle|spd|2
|-unboost|p1a: Smeargle|spa|1
|upkeep
|turn|24
|
|t:|1667763409
|move|p1a: Smeargle|Shift Gear|p1a: Smeargle
|-boost|p1a: Smeargle|spe|2
|-boost|p1a: Smeargle|atk|1
|move|p2a: Dusty Bowl|Gyro Ball|p1a: Smeargle
|-damage|p1a: Smeargle|0 fnt
|faint|p1a: Smeargle
|
|-heal|p2a: Dusty Bowl|41/100|[from] item: Leftovers
|upkeep
|
|t:|1667763412
|switch|p1a: Xerneas|Xerneas|100/100
|-damage|p1a: Xerneas|88/100|[from] Stealth Rock
|-ability|p1a: Xerneas|Fairy Aura
|turn|25
|
|t:|1667763414
|move|p1a: Xerneas|Geomancy||[still]
|-prepare|p1a: Xerneas|Geomancy
|-enditem|p1a: Xerneas|Power Herb
|-anim|p1a: Xerneas|Geomancy|p1a: Xerneas
|-boost|p1a: Xerneas|spa|2
|-boost|p1a: Xerneas|spd|2
|-boost|p1a: Xerneas|spe|2
|move|p2a: Dusty Bowl|Toxic|p1a: Xerneas
|-status|p1a: Xerneas|tox
|
|-heal|p2a: Dusty Bowl|47/100|[from] item: Leftovers
|-damage|p1a: Xerneas|82/100 tox|[from] psn
|upkeep
|turn|26
|
|t:|1667763418
|move|p1a: Xerneas|Geomancy||[still]
|-prepare|p1a: Xerneas|Geomancy
|move|p2a: Dusty Bowl|Gyro Ball|p1a: Xerneas
|-supereffective|p1a: Xerneas
|-damage|p1a: Xerneas|9/100 tox
|
|-heal|p2a: Dusty Bowl|54/100|[from] item: Leftovers
|-damage|p1a: Xerneas|0 fnt|[from] psn
|faint|p1a: Xerneas
|
|win|Glaliegoesboom ❤
|upkeep
|raw|amnael01's rating: 1849 &rarr; <strong>1829</strong><br />(-20 for losing)
|raw|Glaliegoesboom ❤'s rating: 1856 &rarr; <strong>1876</strong><br />(+20 for winning)
