|j|☆unconsciousthread
|j|☆novanitexd
|t:|1668571703
|gametype|singles
|player|p1|unconsciousthread|101|1685
|player|p2|novanitexd|koga|1640
|teamsize|p1|6
|teamsize|p2|6
|gen|8
|tier|[Gen 8] National Dex AG
|rated|
|rule|HP Percentage Mod: HP is shown in percentages
|rule|Endless Battle Clause: Forcing endless battles is banned
|clearpoke
|poke|p1|Cinderace, M|
|poke|p1|Lunala|
|poke|p1|Eternatus|
|poke|p1|Thundurus, M|
|poke|p1|Zacian-*|
|poke|p1|Groudon|
|poke|p2|Arceus-*|
|poke|p2|Lopunny, F|
|poke|p2|Ho-Oh|
|poke|p2|Shedinja|
|poke|p2|Landorus-Therian, M|
|poke|p2|Greninja, M|
|teampreview
|inactive|Battle timer is ON: inactive players will automatically lose when time's up. (requested by novanitexd)
|
|t:|1668571730
|start
|switch|p1a: Cinderace|Cinderace, M|100/100
|switch|p2a: Lopunny|Lopunny, F|100/100
|turn|1
|
|t:|1668571737
|switch|p1a: Zacian|Zacian-Crowned|100/100
|-ability|p1a: Zacian|Intrepid Sword|boost
|-boost|p1a: Zacian|atk|1
|detailschange|p2a: Lopunny|Lopunny-Mega, F
|-mega|p2a: Lopunny|Lopunny|Lopunnite
|move|p2a: Lopunny|Fake Out|p1a: Zacian
|-resisted|p1a: Zacian
|-damage|p1a: Zacian|90/100
|
|upkeep
|turn|2
|
|t:|1668571741
|switch|p2a: Shedinja|Shedinja|100/100
|move|p1a: Zacian|Behemoth Blade|p2a: Shedinja
|-immune|p2a: Shedinja|[from] ability: Wonder Guard
|
|upkeep
|turn|3
|
|t:|1668571747
|switch|p1a: Cinderace|Cinderace, M|100/100
|switch|p2a: Ho-Oh|Ho-Oh, shiny|100/100
|
|upkeep
|turn|4
|
|t:|1668571754
|switch|p1a: Groudon|Groudon|100/100
|detailschange|p1a: Groudon|Groudon-Primal
|-primal|p1a: Groudon
|-weather|DesolateLand|[from] ability: Desolate Land|[of] p1a: Groudon
|move|p2a: Ho-Oh|Toxic|p1a: Groudon
|-status|p1a: Groudon|tox
|
|-weather|DesolateLand|[upkeep]
|-damage|p1a: Groudon|94/100 tox|[from] psn
|upkeep
|turn|5
|
|t:|1668571764
|move|p2a: Ho-Oh|Protect|p2a: Ho-Oh
|-singleturn|p2a: Ho-Oh|Protect
|move|p1a: Groudon|Rock Tomb|p2a: Ho-Oh
|-activate|p2a: Ho-Oh|move: Protect
|
|-weather|DesolateLand|[upkeep]
|-damage|p1a: Groudon|82/100 tox|[from] psn
|upkeep
|turn|6
|
|t:|1668571772
|switch|p2a: Landorus|Landorus-Therian, M|100/100
|-ability|p2a: Landorus|Intimidate|boost
|-unboost|p1a: Groudon|atk|1
|move|p1a: Groudon|Rock Tomb|p2a: Landorus
|-damage|p2a: Landorus|88/100
|-unboost|p2a: Landorus|spe|1
|
|-weather|DesolateLand|[upkeep]
|-heal|p2a: Landorus|94/100|[from] item: Leftovers
|-damage|p1a: Groudon|64/100 tox|[from] psn
|upkeep
|turn|7
|
|t:|1668571778
|move|p1a: Groudon|Stealth Rock|p2a: Landorus
|-sidestart|p2: novanitexd|move: Stealth Rock
|move|p2a: Landorus|Stealth Rock|p1a: Groudon
|-sidestart|p1: unconsciousthread|move: Stealth Rock
|
|-weather|DesolateLand|[upkeep]
|-heal|p2a: Landorus|100/100|[from] item: Leftovers
|-damage|p1a: Groudon|39/100 tox|[from] psn
|upkeep
|turn|8
|
|t:|1668571789
|-weather|none
|switch|p1a: Thundurus|Thundurus, M|100/100
|-damage|p1a: Thundurus|76/100|[from] Stealth Rock
|move|p2a: Landorus|U-turn|p1a: Thundurus
|-resisted|p1a: Thundurus
|-damage|p1a: Thundurus|58/100
|inactive|novanitexd has 120 seconds left.
|
|t:|1668571821
|switch|p2a: Lopunny|Lopunny-Mega, F|100/100|[from]move: U-turn
|-damage|p2a: Lopunny|95/100|[from] Stealth Rock
|
|upkeep
|turn|9
|
|t:|1668571827
|move|p2a: Lopunny|Fake Out|p1a: Thundurus
|-damage|p1a: Thundurus|24/100
|cant|p1a: Thundurus|flinch
|
|upkeep
|turn|10
|
|t:|1668571839
|move|p1a: Thundurus|Thunder Wave|p2a: Lopunny
|-status|p2a: Lopunny|par
|move|p2a: Lopunny|Triple Axel|p1a: Thundurus
|-supereffective|p1a: Thundurus
|-damage|p1a: Thundurus|3/100
|-supereffective|p1a: Thundurus
|-damage|p1a: Thundurus|0 fnt
|faint|p1a: Thundurus
|-hitcount|p1: Thundurus|2
|
|upkeep
|inactive|unconsciousthread has 120 seconds left.
|
|t:|1668571872
|switch|p1a: Cinderace|Cinderace, M|100/100
|-damage|p1a: Cinderace|76/100|[from] Stealth Rock
|turn|11
|
|t:|1668571877
|-start|p1a: Cinderace|Dynamax|
|-heal|p1a: Cinderace|76/100|[silent]
|move|p1a: Cinderace|Max Knuckle|p2a: Lopunny
|-start|p1a: Cinderace|typechange|Fighting|[from] ability: Libero
|-supereffective|p2a: Lopunny
|-damage|p2a: Lopunny|0 fnt
|-boost|p1a: Cinderace|atk|1
|faint|p2a: Lopunny
|
|upkeep
|
|t:|1668571895
|switch|p2a: Landorus|Landorus-Therian, M|100/100
|-damage|p2a: Landorus|88/100|[from] Stealth Rock
|-ability|p2a: Landorus|Intimidate|boost
|-unboost|p1a: Cinderace|atk|1
|turn|12
|
|t:|1668571901
|switch|p2a: Ho-Oh|Ho-Oh, shiny|100/100
|move|p1a: Cinderace|Max Flare|p2a: Ho-Oh
|-start|p1a: Cinderace|typechange|Fire|[from] ability: Libero
|-resisted|p2a: Ho-Oh
|-damage|p2a: Ho-Oh|77/100
|-weather|SunnyDay
|
|-weather|SunnyDay|[upkeep]
|upkeep
|turn|13
|
|t:|1668571911
|-start|p2a: Ho-Oh|Dynamax|
|-heal|p2a: Ho-Oh|77/100|[silent]
|move|p2a: Ho-Oh|Max Guard|p2a: Ho-Oh
|-singleturn|p2a: Ho-Oh|Max Guard
|move|p1a: Cinderace|Max Darkness|p2a: Ho-Oh
|-start|p1a: Cinderace|typechange|Dark|[from] ability: Libero
|-activate|p2a: Ho-Oh|move: Max Guard
|
|-weather|SunnyDay|[upkeep]
|upkeep
|-end|p1a: Cinderace|Dynamax
|-heal|p1a: Cinderace|76/100|[silent]
|turn|14
|
|t:|1668571940
|move|p1a: Cinderace|Sucker Punch|p2a: Ho-Oh
|-damage|p2a: Ho-Oh|64/100
|move|p2a: Ho-Oh|Max Flare|p1a: Cinderace
|-damage|p1a: Cinderace|0 fnt
|faint|p1a: Cinderace
|
|-weather|SunnyDay|[upkeep]
|upkeep
|
|t:|1668571944
|switch|p1a: Groudon|Groudon-Primal|39/100 tox
|-damage|p1a: Groudon|27/100 tox|[from] Stealth Rock
|-weather|DesolateLand|[from] ability: Desolate Land|[of] p1a: Groudon
|turn|15
|
|t:|1668571947
|move|p1a: Groudon|Rock Tomb|p2a: Ho-Oh
|-supereffective|p2a: Ho-Oh
|-damage|p2a: Ho-Oh|29/100
|-unboost|p2a: Ho-Oh|spe|1
|move|p2a: Ho-Oh|Max Flare|p1a: Groudon
|-resisted|p1a: Groudon
|-damage|p1a: Groudon|0 fnt
|-weather|SunnyDay
|faint|p1a: Groudon
|
|-weather|SunnyDay|[upkeep]
|upkeep
|inactive|unconsciousthread has 120 seconds left.
|
|t:|1668571976
|switch|p1a: Eternatus|Eternatus|100/100
|-damage|p1a: Eternatus|88/100|[from] Stealth Rock
|-ability|p1a: Eternatus|Pressure
|-end|p2a: Ho-Oh|Dynamax
|-heal|p2a: Ho-Oh|29/100|[silent]
|turn|16
|
|t:|1668571986
|move|p2a: Ho-Oh|Protect|p2a: Ho-Oh
|-singleturn|p2a: Ho-Oh|Protect
|move|p1a: Eternatus|Dynamax Cannon|p2a: Ho-Oh
|-activate|p2a: Ho-Oh|move: Protect
|
|-weather|SunnyDay|[upkeep]
|upkeep
|turn|17
|
|t:|1668571993
|switch|p2a: Shedinja|Shedinja|100/100
|move|p1a: Eternatus|Dynamax Cannon|p2a: Shedinja
|-immune|p2a: Shedinja|[from] ability: Wonder Guard
|
|-weather|SunnyDay|[upkeep]
|upkeep
|turn|18
|c|☆unconsciousthread|You son of a bitch
|
|t:|1668572011
|switch|p1a: Zacian|Zacian-Crowned|90/100
|-damage|p1a: Zacian|84/100|[from] Stealth Rock
|-ability|p1a: Zacian|Intrepid Sword|boost
|-boost|p1a: Zacian|atk|1
|switch|p2a: Greninja|Greninja, M|100/100
|-damage|p2a: Greninja|88/100|[from] Stealth Rock
|
|-weather|SunnyDay|[upkeep]
|upkeep
|turn|19
|
|t:|1668572019
|switch|p2a: Landorus|Landorus-Therian, M|88/100
|-damage|p2a: Landorus|76/100|[from] Stealth Rock
|-ability|p2a: Landorus|Intimidate|boost
|-unboost|p1a: Zacian|atk|1
|move|p1a: Zacian|Play Rough|p2a: Landorus
|-crit|p2a: Landorus
|-damage|p2a: Landorus|14/100
|
|-weather|none
|-heal|p2a: Landorus|20/100|[from] item: Leftovers
|upkeep
|turn|20
|
|t:|1668572028
|move|p1a: Zacian|Behemoth Blade|p2a: Landorus
|-damage|p2a: Landorus|0 fnt
|faint|p2a: Landorus
|
|upkeep
|
|t:|1668572035
|switch|p2a: Ho-Oh|Ho-Oh, shiny|62/100
|turn|21
|
|t:|1668572041
|switch|p1a: Eternatus|Eternatus|88/100
|-damage|p1a: Eternatus|76/100|[from] Stealth Rock
|-ability|p1a: Eternatus|Pressure
|move|p2a: Ho-Oh|Sacred Fire|p1a: Eternatus
|-resisted|p1a: Eternatus
|-damage|p1a: Eternatus|57/100
|-status|p1a: Eternatus|brn
|
|-damage|p1a: Eternatus|51/100 brn|[from] brn
|upkeep
|turn|22
|
|t:|1668572047
|move|p2a: Ho-Oh|Protect|p2a: Ho-Oh
|-singleturn|p2a: Ho-Oh|Protect
|move|p1a: Eternatus|Toxic Spikes|p2a: Ho-Oh
|-sidestart|p2: novanitexd|move: Toxic Spikes
|
|-damage|p1a: Eternatus|45/100 brn|[from] brn
|upkeep
|turn|23
|
|t:|1668572057
|switch|p1a: Lunala|Lunala|100/100
|-damage|p1a: Lunala|88/100|[from] Stealth Rock
|switch|p2a: Arceus|Arceus-Steel|100/100
|-damage|p2a: Arceus|94/100|[from] Stealth Rock
|
|upkeep
|turn|24
|
|t:|1668572079
|move|p2a: Arceus|Calm Mind|p2a: Arceus
|-boost|p2a: Arceus|spa|1
|-boost|p2a: Arceus|spd|1
|move|p1a: Lunala|Moongeist Beam|p2a: Arceus
|-damage|p2a: Arceus|65/100
|
|upkeep
|turn|25
|
|t:|1668572087
|move|p2a: Arceus|Recover|p2a: Arceus
|-heal|p2a: Arceus|100/100
|-zpower|p1a: Lunala
|move|p1a: Lunala|Z-Psych Up|p2a: Arceus|[anim]Psych Up
|-heal|p1a: Lunala|100/100|[zeffect]
|-copyboost|p1a: Lunala|p2a: Arceus|[from] move: Psych Up
|
|upkeep
|turn|26
|
|t:|1668572092
|move|p2a: Arceus|Calm Mind|p2a: Arceus
|-boost|p2a: Arceus|spa|1
|-boost|p2a: Arceus|spd|1
|move|p1a: Lunala|Moongeist Beam|p2a: Arceus
|-damage|p2a: Arceus|65/100
|
|upkeep
|turn|27
|
|t:|1668572097
|move|p2a: Arceus|Recover|p2a: Arceus
|-heal|p2a: Arceus|100/100
|move|p1a: Lunala|Psych Up|p2a: Arceus
|-copyboost|p1a: Lunala|p2a: Arceus|[from] move: Psych Up
|
|upkeep
|turn|28
|
|t:|1668572100
|move|p2a: Arceus|Judgment|p1a: Lunala
|-damage|p1a: Lunala|79/100
|move|p1a: Lunala|Moongeist Beam|p2a: Arceus
|-damage|p2a: Arceus|55/100
|
|upkeep
|turn|29
|
|t:|1668572104
|move|p2a: Arceus|Recover|p2a: Arceus
|-heal|p2a: Arceus|100/100
|move|p1a: Lunala|Psyshock|p2a: Arceus
|-resisted|p2a: Arceus
|-crit|p2a: Arceus
|-damage|p2a: Arceus|46/100
|
|upkeep
|turn|30
|
|t:|1668572109
|move|p2a: Arceus|Judgment|p1a: Lunala
|-damage|p1a: Lunala|36/100
|move|p1a: Lunala|Psyshock|p2a: Arceus
|-resisted|p2a: Arceus
|-damage|p2a: Arceus|10/100
|
|upkeep
|turn|31
|
|t:|1668572113
|move|p2a: Arceus|Judgment|p1a: Lunala
|-damage|p1a: Lunala|0 fnt
|faint|p1a: Lunala
|
|upkeep
|
|t:|1668572117
|switch|p1a: Zacian|Zacian-Crowned|84/100
|-damage|p1a: Zacian|78/100|[from] Stealth Rock
|-ability|p1a: Zacian|Intrepid Sword|boost
|-boost|p1a: Zacian|atk|1
|turn|32
|
|t:|1668572121
|move|p1a: Zacian|Behemoth Blade|p2a: Arceus
|-resisted|p2a: Arceus
|-damage|p2a: Arceus|0 fnt
|faint|p2a: Arceus
|
|upkeep
|
|t:|1668572125
|switch|p2a: Ho-Oh|Ho-Oh, shiny|95/100
|turn|33
|
|t:|1668572129
|move|p1a: Zacian|Swords Dance|p1a: Zacian
|-boost|p1a: Zacian|atk|2
|move|p2a: Ho-Oh|Sacred Fire|p1a: Zacian
|-supereffective|p1a: Zacian
|-damage|p1a: Zacian|0 fnt
|faint|p1a: Zacian
|
|upkeep
|
|t:|1668572131
|switch|p1a: Eternatus|Eternatus|45/100 brn
|-damage|p1a: Eternatus|33/100 brn|[from] Stealth Rock
|-ability|p1a: Eternatus|Pressure
|turn|34
|-message|unconsciousthread forfeited.
|
|win|novanitexd
|raw|unconsciousthread's rating: 1685 &rarr; <strong>1662</strong><br />(-23 for losing)
|raw|novanitexd's rating: 1640 &rarr; <strong>1663</strong><br />(+23 for winning)
|l|☆unconsciousthread
||Ladder isn't responding, score probably updated but might not have (Request timeout).
