|j|☆PM77Switch
|j|☆TheManiacOfPkmn
|t:|1653214935
|gametype|singles
|player|p1|PM77Switch|dawn|1628
|player|p2|TheManiacOfPkmn|giovanni|1708
|teamsize|p1|6
|teamsize|p2|6
|gen|8
|tier|[Gen 8] National Dex AG
|rated|
|rule|HP Percentage Mod: HP is shown in percentages
|rule|Endless Battle Clause: Forcing endless battles is banned
|clearpoke
|poke|p1|Groudon|
|poke|p1|Arceus-*|
|poke|p1|Yveltal|
|poke|p1|Thundurus, M|
|poke|p1|Rayquaza|
|poke|p1|Zacian-*|
|poke|p2|Arceus-*|
|poke|p2|Calyrex-Shadow|
|poke|p2|Xerneas-*|
|poke|p2|Rayquaza|
|poke|p2|Groudon|
|poke|p2|Necrozma-Dusk-Mane|
|teampreview
|inactive|Battle timer is ON: inactive players will automatically lose when time's up. (requested by PM77Switch)
|
|t:|1653214948
|start
|switch|p1a: Arceus|Arceus-Water, shiny|100/100
|switch|p2a: Groudon|Groudon|100/100
|detailschange|p2a: Groudon|Groudon-Primal
|-primal|p2a: Groudon
|-weather|DesolateLand|[from] ability: Desolate Land|[of] p2a: Groudon
|turn|1
|
|t:|1653214956
|move|p1a: Arceus|Magic Coat|p1a: Arceus
|-singleturn|p1a: Arceus|move: Magic Coat
|move|p2a: Groudon|Stealth Rock|p1a: Arceus
|move|p1a: Arceus|Stealth Rock|p2a: Groudon|[from]Magic Coat
|-sidestart|p2: TheManiacOfPkmn|move: Stealth Rock
|
|-weather|DesolateLand|[upkeep]
|upkeep
|turn|2
|
|t:|1653214961
|move|p1a: Arceus|Earth Power|p2a: Groudon
|-supereffective|p2a: Groudon
|-damage|p2a: Groudon|38/100
|move|p2a: Groudon|Stealth Rock|p1a: Arceus
|-sidestart|p1: PM77Switch|move: Stealth Rock
|
|-weather|DesolateLand|[upkeep]
|upkeep
|turn|3
|c|☆TheManiacOfPkmn|wow
|
|t:|1653214966
|-weather|none
|switch|p2a: Necrozma|Necrozma-Dusk-Mane|100/100
|-damage|p2a: Necrozma|94/100|[from] Stealth Rock
|move|p1a: Arceus|Earth Power|p2a: Necrozma
|-supereffective|p2a: Necrozma
|-damage|p2a: Necrozma|53/100
|-enditem|p2a: Necrozma|Weakness Policy
|-boost|p2a: Necrozma|atk|2|[from] item: Weakness Policy
|-boost|p2a: Necrozma|spa|2|[from] item: Weakness Policy
|
|upkeep
|turn|4
|inactive|PM77Switch has 120 seconds left.
|
|t:|1653215014
|switch|p1a: Yveltal|Yveltal, shiny|100/100
|-damage|p1a: Yveltal|76/100|[from] Stealth Rock
|-ability|p1a: Yveltal|Dark Aura
|move|p2a: Necrozma|Dragon Dance|p2a: Necrozma
|-boost|p2a: Necrozma|atk|1
|-boost|p2a: Necrozma|spe|1
|
|upkeep
|turn|5
|
|t:|1653215031
|-start|p1a: Yveltal|Dynamax|
|-heal|p1a: Yveltal|76/100|[silent]
|move|p2a: Necrozma|Stone Edge|p1a: Yveltal|[miss]
|-miss|p2a: Necrozma|p1a: Yveltal
|move|p1a: Yveltal|Max Airstream|p2a: Necrozma
|-resisted|p2a: Necrozma
|-damage|p2a: Necrozma|20/100
|-boost|p1a: Yveltal|spe|1
|
|upkeep
|turn|6
|c|☆TheManiacOfPkmn|...
|
|t:|1653215043
|move|p1a: Yveltal|Max Darkness|p2a: Necrozma
|-supereffective|p2a: Necrozma
|-damage|p2a: Necrozma|0 fnt
|faint|p2a: Necrozma
|
|upkeep
|
|t:|1653215047
|switch|p2a: Xerneas|Xerneas|100/100
|-damage|p2a: Xerneas|88/100|[from] Stealth Rock
|-ability|p2a: Xerneas|Fairy Aura
|turn|7
|
|t:|1653215052
|move|p1a: Yveltal|Max Airstream|p2a: Xerneas
|-damage|p2a: Xerneas|30/100
|-boost|p1a: Yveltal|spe|1
|move|p2a: Xerneas|Geomancy||[still]
|-prepare|p2a: Xerneas|Geomancy
|-enditem|p2a: Xerneas|Power Herb
|-anim|p2a: Xerneas|Geomancy|p2a: Xerneas
|-boost|p2a: Xerneas|spa|2
|-boost|p2a: Xerneas|spd|2
|-boost|p2a: Xerneas|spe|2
|
|upkeep
|-end|p1a: Yveltal|Dynamax
|-heal|p1a: Yveltal|76/100|[silent]
|turn|8
|inactive|PM77Switch has 120 seconds left.
|
|t:|1653215065
|move|p1a: Yveltal|Knock Off|p2a: Xerneas
|-resisted|p2a: Xerneas
|-damage|p2a: Xerneas|14/100
|move|p2a: Xerneas|Moonblast|p1a: Yveltal
|-supereffective|p1a: Yveltal
|-damage|p1a: Yveltal|0 fnt
|faint|p1a: Yveltal
|
|upkeep
|
|t:|1653215069
|switch|p1a: Rayquaza|Rayquaza|100/100
|-damage|p1a: Rayquaza|76/100|[from] Stealth Rock
|-ability|p1a: Rayquaza|Air Lock
|turn|9
|
|t:|1653215072
|detailschange|p1a: Rayquaza|Rayquaza-Mega
|-mega|p1a: Rayquaza|Rayquaza|
|-weather|DeltaStream|[from] ability: Delta Stream|[of] p1a: Rayquaza
|move|p1a: Rayquaza|Extreme Speed|p2a: Xerneas
|-damage|p2a: Xerneas|0 fnt
|faint|p2a: Xerneas
|
|-weather|DeltaStream|[upkeep]
|upkeep
|
|t:|1653215078
|switch|p2a: Rayquaza|Rayquaza|100/100
|-ability|p2a: Rayquaza|Air Lock
|turn|10
|
|t:|1653215086
|-weather|none
|switch|p1a: Zacian|Zacian-Crowned, shiny|100/100
|-damage|p1a: Zacian|94/100|[from] Stealth Rock
|-ability|p1a: Zacian|Intrepid Sword|boost
|-boost|p1a: Zacian|atk|1
|detailschange|p2a: Rayquaza|Rayquaza-Mega
|-mega|p2a: Rayquaza|Rayquaza|
|-weather|DeltaStream|[from] ability: Delta Stream|[of] p2a: Rayquaza
|move|p2a: Rayquaza|Dragon Ascent|p1a: Zacian
|-resisted|p1a: Zacian
|-damage|p1a: Zacian|59/100
|-unboost|p2a: Rayquaza|def|1
|-unboost|p2a: Rayquaza|spd|1
|
|-weather|DeltaStream|[upkeep]
|upkeep
|turn|11
|
|t:|1653215090
|-weather|none
|switch|p2a: Groudon|Groudon-Primal|38/100
|-damage|p2a: Groudon|26/100|[from] Stealth Rock
|-weather|DesolateLand|[from] ability: Desolate Land|[of] p2a: Groudon
|move|p1a: Zacian|Behemoth Blade|p2a: Groudon
|-resisted|p2a: Groudon
|-damage|p2a: Groudon|0 fnt
|faint|p2a: Groudon
|-weather|none
|
|upkeep
|
|t:|1653215098
|switch|p2a: Calyrex|Calyrex-Shadow|100/100
|-ability|p2a: Calyrex|As One
|-ability|p2a: Calyrex|Unnerve
|-damage|p2a: Calyrex|88/100|[from] Stealth Rock
|turn|12
|inactive|PM77Switch has 120 seconds left.
|
|t:|1653215144
|switch|p1a: Rayquaza|Rayquaza-Mega|76/100
|-damage|p1a: Rayquaza|51/100|[from] Stealth Rock
|-weather|DeltaStream|[from] ability: Delta Stream|[of] p1a: Rayquaza
|move|p2a: Calyrex|Astral Barrage|p1a: Rayquaza
|-damage|p1a: Rayquaza|0 fnt
|faint|p1a: Rayquaza
|-weather|none
|-ability|p2a: Calyrex|Grim Neigh|boost
|-boost|p2a: Calyrex|spa|1
|
|upkeep
|
|t:|1653215146
|switch|p1a: Thundurus|Thundurus, M, shiny|100/100
|-damage|p1a: Thundurus|76/100|[from] Stealth Rock
|turn|13
|
|t:|1653215156
|switch|p2a: Arceus|Arceus|100/100
|-damage|p2a: Arceus|88/100|[from] Stealth Rock
|move|p1a: Thundurus|Thunder Wave|p2a: Arceus
|-status|p2a: Arceus|par
|
|upkeep
|turn|14
|
|t:|1653215164
|switch|p1a: Zacian|Zacian-Crowned, shiny|59/100
|-damage|p1a: Zacian|53/100|[from] Stealth Rock
|-ability|p1a: Zacian|Intrepid Sword|boost
|-boost|p1a: Zacian|atk|1
|cant|p2a: Arceus|par
|
|upkeep
|turn|15
|
|t:|1653215175
|switch|p2a: Rayquaza|Rayquaza-Mega|100/100
|-weather|DeltaStream|[from] ability: Delta Stream|[of] p2a: Rayquaza
|move|p1a: Zacian|Sacred Sword|p2a: Rayquaza
|-resisted|p2a: Rayquaza
|-damage|p2a: Rayquaza|71/100
|
|-weather|DeltaStream|[upkeep]
|upkeep
|turn|16
|
|t:|1653215184
|move|p2a: Rayquaza|Extreme Speed|p1a: Zacian
|-resisted|p1a: Zacian
|-damage|p1a: Zacian|36/100
|move|p1a: Zacian|Behemoth Blade|p2a: Rayquaza
|-damage|p2a: Rayquaza|0 fnt
|faint|p2a: Rayquaza
|-weather|none
|
|upkeep
|
|t:|1653215191
|switch|p2a: Calyrex|Calyrex-Shadow|88/100
|-ability|p2a: Calyrex|As One
|-ability|p2a: Calyrex|Unnerve
|-damage|p2a: Calyrex|76/100|[from] Stealth Rock
|turn|17
|
|t:|1653215208
|switch|p1a: Groudon|Groudon|100/100
|-damage|p1a: Groudon|94/100|[from] Stealth Rock
|detailschange|p1a: Groudon|Groudon-Primal
|-primal|p1a: Groudon
|-weather|DesolateLand|[from] ability: Desolate Land|[of] p1a: Groudon
|move|p2a: Calyrex|Astral Barrage|p1a: Groudon
|-damage|p1a: Groudon|28/100
|
|-weather|DesolateLand|[upkeep]
|upkeep
|turn|18
|
|t:|1653215213
|move|p2a: Calyrex|Astral Barrage|p1a: Groudon
|-damage|p1a: Groudon|0 fnt
|faint|p1a: Groudon
|-weather|none
|-ability|p2a: Calyrex|Grim Neigh|boost
|-boost|p2a: Calyrex|spa|1
|
|upkeep
|
|t:|1653215216
|switch|p1a: Thundurus|Thundurus, M, shiny|76/100
|-damage|p1a: Thundurus|51/100|[from] Stealth Rock
|turn|19
|
|t:|1653215221
|switch|p2a: Arceus|Arceus|88/100 par
|-damage|p2a: Arceus|76/100 par|[from] Stealth Rock
|switch|p1a: Zacian|Zacian-Crowned, shiny|36/100
|-damage|p1a: Zacian|30/100|[from] Stealth Rock
|-ability|p1a: Zacian|Intrepid Sword|boost
|-boost|p1a: Zacian|atk|1
|
|upkeep
|turn|20
|
|t:|1653215226
|move|p1a: Zacian|Behemoth Blade|p2a: Arceus
|-damage|p2a: Arceus|2/100 par
|move|p2a: Arceus|Earthquake|p1a: Zacian
|-supereffective|p1a: Zacian
|-damage|p1a: Zacian|0 fnt
|faint|p1a: Zacian
|
|upkeep
|inactive|PM77Switch has 120 seconds left.
|
|t:|1653215278
|switch|p1a: Arceus|Arceus-Water, shiny|100/100
|-damage|p1a: Arceus|88/100|[from] Stealth Rock
|turn|21
|inactive|TheManiacOfPkmn has 120 seconds left.
|
|t:|1653215311
|cant|p2a: Arceus|par
|move|p1a: Arceus|Judgment|p2a: Arceus
|-crit|p2a: Arceus
|-damage|p2a: Arceus|0 fnt
|faint|p2a: Arceus
|
|upkeep
|
|t:|1653215313
|switch|p2a: Calyrex|Calyrex-Shadow|76/100
|-ability|p2a: Calyrex|As One
|-ability|p2a: Calyrex|Unnerve
|-damage|p2a: Calyrex|64/100|[from] Stealth Rock
|turn|22
|inactive|PM77Switch has 120 seconds left.
|
|t:|1653215322
|-start|p2a: Calyrex|Dynamax|
|-heal|p2a: Calyrex|64/100|[silent]
|move|p2a: Calyrex|Max Phantasm|p1a: Arceus
|-damage|p1a: Arceus|19/100
|-unboost|p1a: Arceus|def|1
|move|p1a: Arceus|Judgment|p2a: Calyrex
|-damage|p2a: Calyrex|33/100
|
|upkeep
|turn|23
|
|t:|1653215328
|move|p2a: Calyrex|Max Phantasm|p1a: Arceus
|-damage|p1a: Arceus|0 fnt
|faint|p1a: Arceus
|-ability|p2a: Calyrex|Grim Neigh|boost
|-boost|p2a: Calyrex|spa|1
|
|upkeep
|
|t:|1653215330
|switch|p1a: Thundurus|Thundurus, M, shiny|51/100
|-damage|p1a: Thundurus|26/100|[from] Stealth Rock
|turn|24
|
|t:|1653215334
|move|p1a: Thundurus|Thunder Wave|p2a: Calyrex
|-status|p2a: Calyrex|par
|move|p2a: Calyrex|Max Phantasm|p1a: Thundurus
|-damage|p1a: Thundurus|0 fnt
|faint|p1a: Thundurus
|
|win|TheManiacOfPkmn
|raw|PM77Switch's rating: 1628 &rarr; <strong>1613</strong><br />(-15 for losing)
|raw|TheManiacOfPkmn's rating: 1708 &rarr; <strong>1723</strong><br />(+15 for winning)
|c|☆PM77Switch|gg
|c|☆TheManiacOfPkmn|gg wp
|c|☆TheManiacOfPkmn|that was fun
|c|☆PM77Switch|i missplayed in the last turns
|c|☆TheManiacOfPkmn|tbh I misplayed that earthquake on my arceus
|c|☆TheManiacOfPkmn|by that I meant
|c|☆TheManiacOfPkmn|I went espeed shouldve went eq
|c|☆PM77Switch|the extreme speed was so scary for my thunderus
|c|☆TheManiacOfPkmn|yea I knew
|c|☆TheManiacOfPkmn|I knew when I switched in arceus to that twave
|c|☆TheManiacOfPkmn|u would prob switch
|c|☆TheManiacOfPkmn|on hindsight idk why I just didnt go eq immediately
|c|☆TheManiacOfPkmn|but either way ggs
|c|☆PM77Switch|gg
|l|☆PM77Switch
|c|☆TheManiacOfPkmn|aight cya around
