|j|☆ReactJS3
|j|☆CLEAR GEM清瑜
|t:|1664633326
|gametype|singles
|player|p1|ReactJS3|101|1766
|player|p2|CLEAR GEM清瑜|skierf|1797
|teamsize|p1|6
|teamsize|p2|6
|gen|8
|tier|[Gen 8] National Dex AG
|rated|
|rule|HP Percentage Mod: HP is shown in percentages
|rule|Endless Battle Clause: Forcing endless battles is banned
|clearpoke
|poke|p1|Calyrex-Shadow|
|poke|p1|Groudon|
|poke|p1|Yveltal|
|poke|p1|Ho-Oh|
|poke|p1|Rayquaza|
|poke|p1|Arceus-*|
|poke|p2|Zacian-*|
|poke|p2|Yveltal|
|poke|p2|Necrozma-Dusk-Mane|
|poke|p2|Arceus-*|
|poke|p2|Tyranitar, M|
|poke|p2|Arceus-*|
|teampreview
|inactive|Battle timer is ON: inactive players will automatically lose when time's up. (requested by CLEAR GEM清瑜)
|j| kocklanjiaocibai
|
|t:|1664633362
|start
|switch|p1a: Yveltal|Yveltal|100/100
|switch|p2a: Arceus|Arceus-Ground|100/100
|-ability|p1a: Yveltal|Dark Aura
|turn|1
|
|t:|1664633371
|move|p2a: Arceus|Swords Dance|p2a: Arceus
|-boost|p2a: Arceus|atk|2
|move|p1a: Yveltal|Dark Pulse|p2a: Arceus
|-damage|p2a: Arceus|40/100
|-damage|p1a: Yveltal|91/100|[from] item: Life Orb
|
|upkeep
|turn|2
|
|t:|1664633400
|switch|p1a: Groudon|Groudon|100/100
|detailschange|p1a: Groudon|Groudon-Primal
|-primal|p1a: Groudon
|-weather|DesolateLand|[from] ability: Desolate Land|[of] p1a: Groudon
|move|p2a: Arceus|Stone Edge|p1a: Groudon
|-damage|p1a: Groudon|73/100
|
|-weather|DesolateLand|[upkeep]
|upkeep
|turn|3
|inactive|ReactJS3 has 120 seconds left.
|
|t:|1664633437
|-weather|none
|switch|p1a: Rayquaza|Rayquaza|100/100
|-ability|p1a: Rayquaza|Air Lock
|move|p2a: Arceus|Earthquake|p1a: Rayquaza
|-immune|p1a: Rayquaza
|
|upkeep
|turn|4
|
|t:|1664633446
|detailschange|p1a: Rayquaza|Rayquaza-Mega
|-mega|p1a: Rayquaza|Rayquaza|
|-weather|DeltaStream|[from] ability: Delta Stream|[of] p1a: Rayquaza
|move|p2a: Arceus|Stone Edge|p1a: Rayquaza
|-activate||deltastream
|-damage|p1a: Rayquaza|39/100
|move|p1a: Rayquaza|Dragon Ascent|p2a: Arceus
|-damage|p2a: Arceus|0 fnt
|-unboost|p1a: Rayquaza|def|1
|-unboost|p1a: Rayquaza|spd|1
|faint|p2a: Arceus
|
|-weather|DeltaStream|[upkeep]
|upkeep
|
|t:|1664633461
|switch|p2a: 嘉然小姐的狗|Zacian-Crowned|100/100
|-ability|p2a: 嘉然小姐的狗|Intrepid Sword|boost
|-boost|p2a: 嘉然小姐的狗|atk|1
|turn|5
|
|t:|1664633469
|-weather|none
|switch|p1a: Groudon|Groudon-Primal|73/100
|-weather|DesolateLand|[from] ability: Desolate Land|[of] p1a: Groudon
|move|p2a: 嘉然小姐的狗|Behemoth Blade|p1a: Groudon
|-resisted|p1a: Groudon
|-damage|p1a: Groudon|49/100
|
|-weather|DesolateLand|[upkeep]
|upkeep
|turn|6
|
|t:|1664633479
|switch|p2a: Arceus|Arceus-Water|100/100
|move|p1a: Groudon|Overheat|p2a: Arceus
|-resisted|p2a: Arceus
|-damage|p2a: Arceus|66/100
|-unboost|p1a: Groudon|spa|2
|
|-weather|DesolateLand|[upkeep]
|upkeep
|turn|7
|
|t:|1664633484
|move|p2a: Arceus|Defog|p1a: Groudon
|-unboost|p1a: Groudon|evasion|1
|move|p1a: Groudon|Toxic|p2a: Arceus|[miss]
|-miss|p1a: Groudon|p2a: Arceus
|
|-weather|DesolateLand|[upkeep]
|upkeep
|turn|8
|
|t:|1664633493
|move|p2a: Arceus|Defog|p1a: Groudon
|-unboost|p1a: Groudon|evasion|1
|move|p1a: Groudon|Toxic|p2a: Arceus
|-status|p2a: Arceus|tox
|
|-weather|DesolateLand|[upkeep]
|-damage|p2a: Arceus|60/100 tox|[from] psn
|upkeep
|turn|9
|
|t:|1664633497
|move|p2a: Arceus|Refresh|p2a: Arceus
|-curestatus|p2a: Arceus|tox|[msg]
|move|p1a: Groudon|Stealth Rock|p2a: Arceus
|-sidestart|p2: CLEAR GEM清瑜|move: Stealth Rock
|
|-weather|DesolateLand|[upkeep]
|upkeep
|turn|10
|
|t:|1664633502
|move|p2a: Arceus|Defog|p1a: Groudon
|-unboost|p1a: Groudon|evasion|1
|-sideend|p2: CLEAR GEM清瑜|Stealth Rock|[from] move: Defog|[of] p2a: Arceus
|move|p1a: Groudon|Toxic|p2a: Arceus
|-status|p2a: Arceus|tox
|
|-weather|DesolateLand|[upkeep]
|-damage|p2a: Arceus|54/100 tox|[from] psn
|upkeep
|turn|11
|
|t:|1664633511
|-weather|none
|switch|p1a: Calyrex|Calyrex-Shadow|100/100
|-ability|p1a: Calyrex|As One
|-ability|p1a: Calyrex|Unnerve
|move|p2a: Arceus|Refresh|p2a: Arceus
|-curestatus|p2a: Arceus|tox|[msg]
|
|upkeep
|turn|12
|
|t:|1664633517
|move|p1a: Calyrex|Nasty Plot|p1a: Calyrex
|-boost|p1a: Calyrex|spa|2
|move|p2a: Arceus|Judgment|p1a: Calyrex
|-damage|p1a: Calyrex|48/100
|
|upkeep
|turn|13
|
|t:|1664633522
|move|p1a: Calyrex|Baton Pass|p1a: Calyrex
|
|t:|1664633523
|switch|p1a: Yveltal|Yveltal|91/100|[from]move: Baton Pass
|-ability|p1a: Yveltal|Dark Aura
|move|p2a: Arceus|Judgment|p1a: Yveltal
|-crit|p1a: Yveltal
|-damage|p1a: Yveltal|26/100
|
|upkeep
|turn|14
|
|t:|1664633528
|move|p2a: Arceus|Judgment|p1a: Yveltal
|-crit|p1a: Yveltal
|-damage|p1a: Yveltal|0 fnt
|faint|p1a: Yveltal
|
|upkeep
|-message|ReactJS3 forfeited.
|
|win|CLEAR GEM清瑜
|raw|ReactJS3's rating: 1766 &rarr; <strong>1748</strong><br />(-18 for losing)
|raw|CLEAR GEM清瑜's rating: 1797 &rarr; <strong>1815</strong><br />(+18 for winning)
|l|☆ReactJS3
||Ladder isn't responding, score probably updated but might not have (Request timeout).
