|j|☆Xgeniz
|j|☆soviet glonk
|t:|1638438542
|gametype|singles
|player|p1|Xgeniz|wallace|1638
|player|p2|soviet glonk|ghetsis|1717
|teamsize|p1|6
|teamsize|p2|6
|gen|8
|tier|[Gen 8] National Dex AG
|rated|
|rule|HP Percentage Mod: HP is shown in percentages
|rule|Endless Battle Clause: Forcing endless battles is banned
|clearpoke
|poke|p1|Zacian-*|
|poke|p1|Yveltal|
|poke|p1|Ditto|
|poke|p1|Zygarde|
|poke|p1|Necrozma-Dusk-Mane|
|poke|p1|Arceus-*|
|poke|p2|Marshadow|
|poke|p2|Zacian-*|
|poke|p2|Yveltal|
|poke|p2|Necrozma-Dusk-Mane|
|poke|p2|Arceus-*|
|poke|p2|Arceus-*|
|teampreview
|inactive|Battle timer is ON: inactive players will automatically lose when time's up. (requested by soviet glonk)
|c|☆Xgeniz|yoo
|c|☆Xgeniz|sup
|
|t:|1638438554
|start
|switch|p1a: Arceus|Arceus-Ground|100/100
|switch|p2a: Arceus|Arceus-Ground|100/100
|turn|1
|c|☆Xgeniz|glhf!
|c|☆soviet glonk|hf
|
|t:|1638438567
|move|p1a: Arceus|Stealth Rock|p2a: Arceus
|-sidestart|p2: soviet glonk|move: Stealth Rock
|move|p2a: Arceus|Ice Beam|p1a: Arceus
|-supereffective|p1a: Arceus
|-damage|p1a: Arceus|64/100
|
|upkeep
|turn|2
|
|t:|1638438574
|move|p1a: Arceus|Ice Beam|p2a: Arceus
|-supereffective|p2a: Arceus
|-damage|p2a: Arceus|61/100
|move|p2a: Arceus|Ice Beam|p1a: Arceus
|-supereffective|p1a: Arceus
|-damage|p1a: Arceus|27/100
|
|upkeep
|turn|3
|
|t:|1638438581
|move|p1a: Arceus|Ice Beam|p2a: Arceus
|-supereffective|p2a: Arceus
|-damage|p2a: Arceus|19/100
|move|p2a: Arceus|Recover|p2a: Arceus
|-heal|p2a: Arceus|69/100
|
|upkeep
|turn|4
|
|t:|1638438598
|switch|p2a: Zacian|Zacian-Crowned|100/100
|-damage|p2a: Zacian|94/100|[from] Stealth Rock
|-ability|p2a: Zacian|Intrepid Sword|boost
|-boost|p2a: Zacian|atk|1
|move|p1a: Arceus|Ice Beam|p2a: Zacian
|-resisted|p2a: Zacian
|-damage|p2a: Zacian|80/100
|
|upkeep
|turn|5
|
|t:|1638438607
|move|p2a: Zacian|Close Combat|p1a: Arceus
|-damage|p1a: Arceus|0 fnt
|-unboost|p2a: Zacian|def|1
|-unboost|p2a: Zacian|spd|1
|faint|p1a: Arceus
|
|upkeep
|
|t:|1638438613
|switch|p1a: Necrozma|Necrozma-Dusk-Mane|100/100
|turn|6
|
|t:|1638438619
|switch|p2a: Arceus|Arceus-Ground|69/100
|-damage|p2a: Arceus|63/100|[from] Stealth Rock
|move|p1a: Necrozma|Dragon Dance|p1a: Necrozma
|-boost|p1a: Necrozma|atk|1
|-boost|p1a: Necrozma|spe|1
|
|upkeep
|turn|7
|
|t:|1638438626
|move|p1a: Necrozma|Dragon Dance|p1a: Necrozma
|-boost|p1a: Necrozma|atk|1
|-boost|p1a: Necrozma|spe|1
|move|p2a: Arceus|Judgment|p1a: Necrozma
|-supereffective|p1a: Necrozma
|-damage|p1a: Necrozma|36/100
|
|upkeep
|turn|8
|
|t:|1638438640
|detailschange|p1a: Necrozma|Necrozma-Ultra
|-burst|p1a: Necrozma|Necrozma|Ultranecrozium Z
|move|p1a: Necrozma|Earthquake|p2a: Arceus
|-damage|p2a: Arceus|24/100
|move|p2a: Arceus|Judgment|p1a: Necrozma
|-damage|p1a: Necrozma|0 fnt
|faint|p1a: Necrozma
|
|upkeep
|
|t:|1638438653
|switch|p1a: Zacian|Zacian-Crowned|100/100
|-ability|p1a: Zacian|Intrepid Sword|boost
|-boost|p1a: Zacian|atk|1
|turn|9
|
|t:|1638438666
|switch|p2a: Necrozma|Necrozma-Dusk-Mane|100/100
|-damage|p2a: Necrozma|94/100|[from] Stealth Rock
|move|p1a: Zacian|Behemoth Blade|p2a: Necrozma
|-resisted|p2a: Necrozma
|-damage|p2a: Necrozma|70/100
|-damage|p1a: Zacian|84/100|[from] item: Rocky Helmet|[of] p2a: Necrozma
|
|upkeep
|turn|10
|
|t:|1638438676
|switch|p1a: Yveltal|Yveltal|100/100
|-ability|p1a: Yveltal|Dark Aura
|move|p2a: Necrozma|Stealth Rock|p1a: Yveltal
|-sidestart|p1: Xgeniz|move: Stealth Rock
|
|upkeep
|turn|11
|
|t:|1638438682
|switch|p2a: Arceus|Arceus-Dark|100/100
|-damage|p2a: Arceus|88/100|[from] Stealth Rock
|move|p1a: Yveltal|Dark Pulse|p2a: Arceus
|-resisted|p2a: Arceus
|-damage|p2a: Arceus|73/100
|
|upkeep
|turn|12
|
|t:|1638438690
|move|p2a: Arceus|Recover|p2a: Arceus
|-heal|p2a: Arceus|100/100
|move|p1a: Yveltal|Oblivion Wing|p2a: Arceus
|-damage|p2a: Arceus|77/100
|
|upkeep
|turn|13
|
|t:|1638438701
|switch|p1a: Zacian|Zacian-Crowned|84/100
|-damage|p1a: Zacian|78/100|[from] Stealth Rock
|-ability|p1a: Zacian|Intrepid Sword|boost
|-boost|p1a: Zacian|atk|1
|move|p2a: Arceus|Recover|p2a: Arceus
|-heal|p2a: Arceus|100/100
|
|upkeep
|turn|14
|
|t:|1638438712
|switch|p2a: Necrozma|Necrozma-Dusk-Mane|70/100
|-damage|p2a: Necrozma|64/100|[from] Stealth Rock
|move|p1a: Zacian|Wild Charge|p2a: Necrozma
|-damage|p2a: Necrozma|32/100
|-damage|p1a: Zacian|61/100|[from] item: Rocky Helmet|[of] p2a: Necrozma
|-damage|p1a: Zacian|51/100|[from] Recoil
|
|upkeep
|turn|15
|j| TestingAltIII
|
|t:|1638438742
|move|p1a: Zacian|Wild Charge|p2a: Necrozma
|-damage|p2a: Necrozma|5/100
|-damage|p1a: Zacian|35/100|[from] item: Rocky Helmet|[of] p2a: Necrozma
|-damage|p1a: Zacian|26/100|[from] Recoil
|move|p2a: Necrozma|Morning Sun|p2a: Necrozma
|-heal|p2a: Necrozma|55/100
|
|upkeep
|turn|16
|
|t:|1638438758
|switch|p1a: Zygarde|Zygarde|100/100
|-damage|p1a: Zygarde|94/100|[from] Stealth Rock
|move|p2a: Necrozma|Sunsteel Strike|p1a: Zygarde
|-damage|p1a: Zygarde|54/100
|
|-heal|p1a: Zygarde|60/100|[from] item: Leftovers
|upkeep
|turn|17
|
|t:|1638438767
|move|p1a: Zygarde|Glare|p2a: Necrozma
|-status|p2a: Necrozma|par
|move|p2a: Necrozma|Toxic|p1a: Zygarde
|-status|p1a: Zygarde|tox
|
|-heal|p1a: Zygarde|66/100 tox|[from] item: Leftovers
|-damage|p1a: Zygarde|60/100 tox|[from] psn
|upkeep
|turn|18
|
|t:|1638438775
|move|p1a: Zygarde|Thousand Arrows|p2a: Necrozma
|-supereffective|p2a: Necrozma
|-damage|p2a: Necrozma|21/100 par
|move|p2a: Necrozma|Morning Sun|p2a: Necrozma
|-heal|p2a: Necrozma|71/100 par
|
|-heal|p1a: Zygarde|66/100 tox|[from] item: Leftovers
|-damage|p1a: Zygarde|54/100 tox|[from] psn
|upkeep
|turn|19
|
|t:|1638438796
|switch|p2a: Arceus|Arceus-Ground|24/100
|-damage|p2a: Arceus|18/100|[from] Stealth Rock
|move|p1a: Zygarde|Coil|p1a: Zygarde
|-boost|p1a: Zygarde|atk|1
|-boost|p1a: Zygarde|def|1
|-boost|p1a: Zygarde|accuracy|1
|
|-heal|p1a: Zygarde|60/100 tox|[from] item: Leftovers
|-damage|p1a: Zygarde|42/100 tox|[from] psn
|-activate|p1a: Zygarde|ability: Power Construct
|detailschange|p1a: Zygarde|Zygarde-Complete
|-heal|p1a: Zygarde|64/100 tox|[silent]
|upkeep
|turn|20
|
|t:|1638438810
|switch|p1a: Zacian|Zacian-Crowned|26/100
|-damage|p1a: Zacian|20/100|[from] Stealth Rock
|-ability|p1a: Zacian|Intrepid Sword|boost
|-boost|p1a: Zacian|atk|1
|move|p2a: Arceus|Recover|p2a: Arceus
|-heal|p2a: Arceus|68/100
|
|upkeep
|turn|21
|
|t:|1638438819
|switch|p2a: Necrozma|Necrozma-Dusk-Mane|71/100 par
|-damage|p2a: Necrozma|65/100 par|[from] Stealth Rock
|move|p1a: Zacian|Close Combat|p2a: Necrozma
|-damage|p2a: Necrozma|23/100 par
|-unboost|p1a: Zacian|def|1
|-unboost|p1a: Zacian|spd|1
|-damage|p1a: Zacian|3/100|[from] item: Rocky Helmet|[of] p2a: Necrozma
|
|upkeep
|turn|22
|
|t:|1638438832
|switch|p1a: Yveltal|Yveltal|100/100
|-ability|p1a: Yveltal|Dark Aura
|move|p2a: Necrozma|Sunsteel Strike|p1a: Yveltal
|-damage|p1a: Yveltal|53/100
|
|upkeep
|turn|23
|
|t:|1638438840
|switch|p2a: Arceus|Arceus-Dark|100/100
|-damage|p2a: Arceus|88/100|[from] Stealth Rock
|move|p1a: Yveltal|Dark Pulse|p2a: Arceus
|-resisted|p2a: Arceus
|-damage|p2a: Arceus|73/100
|
|upkeep
|turn|24
|
|t:|1638438854
|move|p2a: Arceus|Recover|p2a: Arceus
|-heal|p2a: Arceus|100/100
|move|p1a: Yveltal|Oblivion Wing|p2a: Arceus
|-damage|p2a: Arceus|75/100
|-heal|p1a: Yveltal|74/100|[from] drain|[of] p2a: Arceus
|
|upkeep
|turn|25
|
|t:|1638438873
|move|p2a: Arceus|Calm Mind|p2a: Arceus
|-boost|p2a: Arceus|spa|1
|-boost|p2a: Arceus|spd|1
|move|p1a: Yveltal|Heat Wave|p2a: Arceus
|-crit|p2a: Arceus
|-damage|p2a: Arceus|48/100
|
|upkeep
|turn|26
|
|t:|1638438881
|switch|p1a: Zygarde|Zygarde-Complete|64/100 tox
|-damage|p1a: Zygarde|58/100 tox|[from] Stealth Rock
|move|p2a: Arceus|Recover|p2a: Arceus
|-heal|p2a: Arceus|98/100
|
|-heal|p1a: Zygarde|64/100 tox|[from] item: Leftovers
|-damage|p1a: Zygarde|58/100 tox|[from] psn
|upkeep
|turn|27
|
|t:|1638438890
|move|p2a: Arceus|Calm Mind|p2a: Arceus
|-boost|p2a: Arceus|spa|1
|-boost|p2a: Arceus|spd|1
|move|p1a: Zygarde|Thousand Arrows|p2a: Arceus
|-damage|p2a: Arceus|70/100
|
|-heal|p1a: Zygarde|64/100 tox|[from] item: Leftovers
|-damage|p1a: Zygarde|52/100 tox|[from] psn
|upkeep
|turn|28
|
|t:|1638438906
|move|p2a: Arceus|Judgment|p1a: Zygarde
|-damage|p1a: Zygarde|0 fnt
|faint|p1a: Zygarde
|
|upkeep
|c|☆Xgeniz|ggwp
|
|t:|1638438914
|switch|p1a: Zacian|Zacian-Crowned|3/100
|-damage|p1a: Zacian|0 fnt|[from] Stealth Rock
|faint|p1a: Zacian
|
|t:|1638438919
|switch|p1a: Ditto|Ditto|100/100
|-damage|p1a: Ditto|88/100|[from] Stealth Rock
|-transform|p1a: Ditto|p2a: Arceus|[from] ability: Imposter
|turn|29
|
|t:|1638438925
|move|p1a: Ditto|Judgment|p2a: Arceus
|-crit|p2a: Arceus
|-damage|p2a: Arceus|27/100
|move|p2a: Arceus|Recover|p2a: Arceus
|-heal|p2a: Arceus|77/100
|
|upkeep
|turn|30
|
|t:|1638438938
|move|p1a: Ditto|Judgment|p2a: Arceus
|-damage|p2a: Arceus|61/100
|move|p2a: Arceus|Calm Mind|p2a: Arceus
|-boost|p2a: Arceus|spa|1
|-boost|p2a: Arceus|spd|1
|
|upkeep
|turn|31
|
|t:|1638438944
|move|p1a: Ditto|Judgment|p2a: Arceus
|-damage|p2a: Arceus|49/100
|move|p2a: Arceus|Recover|p2a: Arceus
|-heal|p2a: Arceus|99/100
|
|upkeep
|turn|32
|
|t:|1638438950
|switch|p1a: Yveltal|Yveltal|74/100
|-ability|p1a: Yveltal|Dark Aura
|move|p2a: Arceus|Judgment|p1a: Yveltal
|-resisted|p1a: Yveltal
|-damage|p1a: Yveltal|0 fnt
|faint|p1a: Yveltal
|
|upkeep
|
|t:|1638438958
|switch|p1a: Ditto|Ditto|88/100
|-damage|p1a: Ditto|76/100|[from] Stealth Rock
|-transform|p1a: Ditto|p2a: Arceus|[from] ability: Imposter
|turn|33
|c|☆Xgeniz|you are so good at the game
|c|☆Xgeniz|dammnn
|
|t:|1638438972
|move|p1a: Ditto|Judgment|p2a: Arceus
|-damage|p2a: Arceus|84/100
|move|p2a: Arceus|Calm Mind|p2a: Arceus
|-boost|p2a: Arceus|spa|1
|-boost|p2a: Arceus|spd|1
|
|upkeep
|turn|34
|c|☆soviet glonk|ty
|c|☆soviet glonk|you havent used dynamax yet btw
|
|t:|1638438987
|move|p1a: Ditto|Judgment|p2a: Arceus
|-damage|p2a: Arceus|72/100
|move|p2a: Arceus|Calm Mind|p2a: Arceus
|-boost|p2a: Arceus|spa|1
|-boost|p2a: Arceus|spd|1
|
|upkeep
|turn|35
|c|☆Xgeniz|wouldnt be of any use
|
|t:|1638438996
|move|p1a: Ditto|Judgment|p2a: Arceus
|-damage|p2a: Arceus|62/100
|move|p2a: Arceus|Recover|p2a: Arceus
|-heal|p2a: Arceus|100/100
|
|upkeep
|turn|36
|
|t:|1638439007
|move|p1a: Ditto|Judgment|p2a: Arceus
|-damage|p2a: Arceus|90/100
|move|p2a: Arceus|Calm Mind|p2a: Arceus
|-boost|p2a: Arceus|spa|1
|-boost|p2a: Arceus|spd|1
|
|upkeep
|turn|37
|
|t:|1638439013
|move|p1a: Ditto|Judgment|p2a: Arceus
|-damage|p2a: Arceus|81/100
|move|p2a: Arceus|Judgment|p1a: Ditto
|-resisted|p1a: Ditto
|-damage|p1a: Ditto|47/100
|
|upkeep
|turn|38
|
|t:|1638439019
|-activate|p1a: Ditto|move: Struggle
|move|p1a: Ditto|Struggle|p2a: Arceus
|-damage|p2a: Arceus|74/100
|-damage|p1a: Ditto|22/100|[from] recoil
|move|p2a: Arceus|Judgment|p1a: Ditto
|-resisted|p1a: Ditto
|-damage|p1a: Ditto|0 fnt
|faint|p1a: Ditto
|
|win|soviet glonk
|raw|Xgeniz's rating: 1638 &rarr; <strong>1622</strong><br />(-16 for losing)
|raw|soviet glonk's rating: 1717 &rarr; <strong>1733</strong><br />(+16 for winning)
|c|☆soviet glonk|gg
|c|☆Xgeniz|wp
|l|☆Xgeniz
