|j|☆soviet glonk
|j|☆chopforce8
|t:|1638536050
|gametype|singles
|player|p1|soviet glonk|ghetsis|1750
|player|p2|chopforce8|red|1887
|teamsize|p1|6
|teamsize|p2|6
|gen|8
|tier|[Gen 8] National Dex AG
|rated|
|rule|HP Percentage Mod: HP is shown in percentages
|rule|Endless Battle Clause: Forcing endless battles is banned
|clearpoke
|poke|p1|Marshadow|
|poke|p1|Zacian-*|
|poke|p1|Yveltal|
|poke|p1|Necrozma-Dusk-Mane|
|poke|p1|Arceus-*|
|poke|p1|Arceus-*|
|poke|p2|Yveltal|
|poke|p2|Diancie|
|poke|p2|Calyrex-Shadow|
|poke|p2|Zacian-*|
|poke|p2|Ditto|
|poke|p2|Arceus-*|
|teampreview
|inactive|Battle timer is ON: inactive players will automatically lose when time's up. (requested by soviet glonk)
|inactive|chopforce8 has 120 seconds left.
|inactive|chopforce8 has 90 seconds left.
|inactive|chopforce8 has 60 seconds left.
|inactive|chopforce8 has 30 seconds left.
|
|t:|1638536174
|start
|switch|p1a: Zacian|Zacian-Crowned|100/100
|switch|p2a: Professorquirrel|Calyrex-Shadow|100/100
|-ability|p2a: Professorquirrel|As One
|-ability|p2a: Professorquirrel|Unnerve
|-ability|p1a: Zacian|Intrepid Sword|boost
|-boost|p1a: Zacian|atk|1
|turn|1
|c|☆chopforce8|mb
|c|☆soviet glonk|np
|inactive|soviet glonk has 120 seconds left.
|
|t:|1638536207
|switch|p1a: Arceus|Arceus-Dark|100/100
|move|p2a: Professorquirrel|Nasty Plot|p2a: Professorquirrel
|-boost|p2a: Professorquirrel|spa|2
|
|upkeep
|turn|2
|
|t:|1638536213
|move|p2a: Professorquirrel|Baton Pass|p2a: Professorquirrel
|
|t:|1638536214
|switch|p2a: Voldemort|Yveltal|100/100|[from]move: Baton Pass
|-ability|p2a: Voldemort|Dark Aura
|move|p1a: Arceus|Judgment|p2a: Voldemort
|-resisted|p2a: Voldemort
|-damage|p2a: Voldemort|74/100
|
|upkeep
|turn|3
|j| Adhiraj8202
|
|t:|1638536238
|-start|p2a: Voldemort|Dynamax
|-heal|p2a: Voldemort|74/100|[silent]
|-start|p1a: Arceus|Dynamax
|-heal|p1a: Arceus|100/100|[silent]
|move|p2a: Voldemort|Max Airstream|p1a: Arceus
|-damage|p1a: Arceus|50/100
|-boost|p2a: Voldemort|spe|1
|-damage|p2a: Voldemort|69/100|[from] item: Life Orb
|move|p1a: Arceus|Max Darkness|p2a: Voldemort
|-resisted|p2a: Voldemort
|-damage|p2a: Voldemort|52/100
|-unboost|p2a: Voldemort|spd|1
|
|upkeep
|turn|4
|j| rahull
|
|t:|1638536253
|move|p2a: Voldemort|Max Airstream|p1a: Arceus
|-damage|p1a: Arceus|5/100
|-boost|p2a: Voldemort|spe|1
|-damage|p2a: Voldemort|47/100|[from] item: Life Orb
|move|p1a: Arceus|Max Darkness|p2a: Voldemort
|-resisted|p2a: Voldemort
|-damage|p2a: Voldemort|20/100
|-unboost|p2a: Voldemort|spd|1
|
|upkeep
|turn|5
|
|t:|1638536266
|move|p1a: Arceus|Max Guard|p1a: Arceus
|-singleturn|p1a: Arceus|Max Guard
|move|p2a: Voldemort|Max Airstream|p1a: Arceus
|-activate|p1a: Arceus|move: Max Guard
|
|-end|p2a: Voldemort|Dynamax
|-heal|p2a: Voldemort|20/100|[silent]
|-end|p1a: Arceus|Dynamax
|-heal|p1a: Arceus|5/100|[silent]
|upkeep
|turn|6
|
|t:|1638536276
|switch|p2a: Harry Potter|Diancie|100/100
|move|p1a: Arceus|Judgment|p2a: Harry Potter
|-resisted|p2a: Harry Potter
|-damage|p2a: Harry Potter|78/100
|
|upkeep
|turn|7
|
|t:|1638536282
|detailschange|p2a: Harry Potter|Diancie-Mega
|-mega|p2a: Harry Potter|Diancie|Diancite
|move|p2a: Harry Potter|Stealth Rock|p1a: Arceus
|-sidestart|p1: soviet glonk|move: Stealth Rock
|move|p1a: Arceus|Recover|p1a: Arceus
|-heal|p1a: Arceus|55/100
|
|upkeep
|turn|8
|
|t:|1638536300
|switch|p1a: Zacian|Zacian-Crowned|100/100
|-damage|p1a: Zacian|94/100|[from] Stealth Rock
|-ability|p1a: Zacian|Intrepid Sword|boost
|-boost|p1a: Zacian|atk|1
|move|p2a: Harry Potter|Moonblast|p1a: Zacian
|-resisted|p1a: Zacian
|-damage|p1a: Zacian|66/100
|
|upkeep
|turn|9
|inactive|chopforce8 has 120 seconds left.
|
|t:|1638536311
|switch|p2a: Voldemort|Yveltal|20/100
|-ability|p2a: Voldemort|Dark Aura
|move|p1a: Zacian|Behemoth Blade|p2a: Voldemort
|-damage|p2a: Voldemort|0 fnt
|faint|p2a: Voldemort
|
|upkeep
|
|t:|1638536320
|switch|p2a: MirrorofErised|Ditto|100/100
|-transform|p2a: MirrorofErised|p1a: Zacian|[from] ability: Imposter
|-ability|p2a: MirrorofErised|Intrepid Sword|boost
|-boost|p2a: MirrorofErised|atk|1
|turn|10
|inactive|chopforce8 has 120 seconds left.
|
|t:|1638536328
|move|p2a: MirrorofErised|Behemoth Blade|p1a: Zacian
|-damage|p1a: Zacian|0 fnt
|faint|p1a: Zacian
|
|upkeep
|
|t:|1638536331
|switch|p1a: Necrozma|Necrozma-Dusk-Mane|100/100
|-damage|p1a: Necrozma|94/100|[from] Stealth Rock
|turn|11
|j| ratkiller
|
|t:|1638536338
|move|p2a: MirrorofErised|Behemoth Blade|p1a: Necrozma
|-resisted|p1a: Necrozma
|-damage|p1a: Necrozma|59/100
|-damage|p2a: MirrorofErised|84/100|[from] item: Rocky Helmet|[of] p1a: Necrozma
|move|p1a: Necrozma|Morning Sun|p1a: Necrozma
|-heal|p1a: Necrozma|100/100
|
|upkeep
|turn|12
|j| one hot spice boi
|
|t:|1638536347
|switch|p2a: Professorquirrel|Calyrex-Shadow|100/100
|-ability|p2a: Professorquirrel|As One
|-ability|p2a: Professorquirrel|Unnerve
|move|p1a: Necrozma|Stealth Rock|p2a: Professorquirrel
|-sidestart|p2: chopforce8|move: Stealth Rock
|
|upkeep
|turn|13
|l| ratkiller
|
|t:|1638536365
|switch|p1a: Arceus|Arceus-Dark|55/100
|-damage|p1a: Arceus|42/100|[from] Stealth Rock
|move|p2a: Professorquirrel|Nasty Plot|p2a: Professorquirrel
|-boost|p2a: Professorquirrel|spa|2
|
|upkeep
|turn|14
|l| one hot spice boi
|
|t:|1638536372
|move|p2a: Professorquirrel|Baton Pass|p2a: Professorquirrel
|
|t:|1638536373
|switch|p2a: Chess Wizard|Arceus-Flying|100/100|[from]move: Baton Pass
|-damage|p2a: Chess Wizard|76/100|[from] Stealth Rock
|move|p1a: Arceus|Recover|p1a: Arceus
|-heal|p1a: Arceus|93/100
|
|upkeep
|turn|15
|
|t:|1638536380
|move|p2a: Chess Wizard|Judgment|p1a: Arceus
|-damage|p1a: Arceus|42/100
|move|p1a: Arceus|Judgment|p2a: Chess Wizard
|-damage|p2a: Chess Wizard|46/100
|
|upkeep
|turn|16
|
|t:|1638536386
|move|p2a: Chess Wizard|Recover|p2a: Chess Wizard
|-heal|p2a: Chess Wizard|96/100
|move|p1a: Arceus|Recover|p1a: Arceus
|-heal|p1a: Arceus|92/100
|
|upkeep
|turn|17
|
|t:|1638536391
|move|p2a: Chess Wizard|Calm Mind|p2a: Chess Wizard
|-boost|p2a: Chess Wizard|spa|1
|-boost|p2a: Chess Wizard|spd|1
|move|p1a: Arceus|Calm Mind|p1a: Arceus
|-boost|p1a: Arceus|spa|1
|-boost|p1a: Arceus|spd|1
|
|upkeep
|turn|18
|
|t:|1638536397
|move|p2a: Chess Wizard|Judgment|p1a: Arceus
|-damage|p1a: Arceus|49/100
|move|p1a: Arceus|Judgment|p2a: Chess Wizard
|-damage|p2a: Chess Wizard|64/100
|
|upkeep
|turn|19
|
|t:|1638536403
|move|p2a: Chess Wizard|Calm Mind|p2a: Chess Wizard
|-boost|p2a: Chess Wizard|spa|1
|-boost|p2a: Chess Wizard|spd|1
|move|p1a: Arceus|Judgment|p2a: Chess Wizard
|-damage|p2a: Chess Wizard|39/100
|
|upkeep
|turn|20
|
|t:|1638536409
|move|p2a: Chess Wizard|Recover|p2a: Chess Wizard
|-heal|p2a: Chess Wizard|89/100
|move|p1a: Arceus|Calm Mind|p1a: Arceus
|-boost|p1a: Arceus|spa|1
|-boost|p1a: Arceus|spd|1
|
|upkeep
|turn|21
|
|t:|1638536416
|move|p2a: Chess Wizard|Judgment|p1a: Arceus
|-damage|p1a: Arceus|10/100
|move|p1a: Arceus|Judgment|p2a: Chess Wizard
|-damage|p2a: Chess Wizard|56/100
|
|upkeep
|turn|22
|
|t:|1638536422
|move|p2a: Chess Wizard|Recover|p2a: Chess Wizard
|-heal|p2a: Chess Wizard|100/100
|move|p1a: Arceus|Judgment|p2a: Chess Wizard
|-damage|p2a: Chess Wizard|66/100
|
|upkeep
|turn|23
|
|t:|1638536429
|move|p2a: Chess Wizard|Judgment|p1a: Arceus
|-damage|p1a: Arceus|0 fnt
|faint|p1a: Arceus
|
|upkeep
|
|t:|1638536437
|switch|p1a: Marshadow|Marshadow|100/100
|-damage|p1a: Marshadow|94/100|[from] Stealth Rock
|turn|24
|
|t:|1638536451
|move|p2a: Chess Wizard|Recover|p2a: Chess Wizard
|-heal|p2a: Chess Wizard|100/100
|move|p1a: Marshadow|Rock Tomb|p2a: Chess Wizard
|-supereffective|p2a: Chess Wizard
|-damage|p2a: Chess Wizard|32/100
|-unboost|p2a: Chess Wizard|spe|1
|
|upkeep
|turn|25
|
|t:|1638536465
|switch|p2a: Harry Potter|Diancie-Mega|78/100
|-damage|p2a: Harry Potter|66/100|[from] Stealth Rock
|move|p1a: Marshadow|Rock Tomb|p2a: Harry Potter
|-damage|p2a: Harry Potter|0 fnt
|faint|p2a: Harry Potter
|
|upkeep
|
|t:|1638536472
|switch|p2a: Fluffy|Zacian-Crowned|100/100
|-damage|p2a: Fluffy|94/100|[from] Stealth Rock
|-ability|p2a: Fluffy|Intrepid Sword|boost
|-boost|p2a: Fluffy|atk|1
|turn|26
|
|t:|1638536479
|switch|p1a: Necrozma|Necrozma-Dusk-Mane|100/100
|-damage|p1a: Necrozma|94/100|[from] Stealth Rock
|move|p2a: Fluffy|Behemoth Blade|p1a: Necrozma
|-resisted|p1a: Necrozma
|-damage|p1a: Necrozma|69/100
|-damage|p2a: Fluffy|78/100|[from] item: Rocky Helmet|[of] p1a: Necrozma
|
|upkeep
|turn|27
|
|t:|1638536490
|move|p2a: Fluffy|Swords Dance|p2a: Fluffy
|-boost|p2a: Fluffy|atk|2
|move|p1a: Necrozma|Sunsteel Strike|p2a: Fluffy
|-damage|p2a: Fluffy|29/100
|
|upkeep
|turn|28
|
|t:|1638536496
|move|p2a: Fluffy|Close Combat|p1a: Necrozma
|-damage|p1a: Necrozma|0 fnt
|-unboost|p2a: Fluffy|def|1
|-unboost|p2a: Fluffy|spd|1
|-damage|p2a: Fluffy|12/100|[from] item: Rocky Helmet|[of] p1a: Necrozma
|faint|p1a: Necrozma
|
|upkeep
|
|t:|1638536501
|switch|p1a: Marshadow|Marshadow|94/100
|-damage|p1a: Marshadow|88/100|[from] Stealth Rock
|turn|29
|
|t:|1638536506
|move|p1a: Marshadow|Shadow Sneak|p2a: Fluffy
|-damage|p2a: Fluffy|0 fnt
|faint|p2a: Fluffy
|
|upkeep
|
|t:|1638536509
|switch|p2a: MirrorofErised|Ditto|84/100
|-damage|p2a: MirrorofErised|72/100|[from] Stealth Rock
|-transform|p2a: MirrorofErised|p1a: Marshadow|[from] ability: Imposter
|turn|30
|
|t:|1638536517
|switch|p1a: Arceus|Arceus-Ground|100/100
|-damage|p1a: Arceus|94/100|[from] Stealth Rock
|move|p2a: MirrorofErised|Rock Tomb|p1a: Arceus
|-resisted|p1a: Arceus
|-damage|p1a: Arceus|87/100
|-unboost|p1a: Arceus|spe|1
|
|upkeep
|turn|31
|
|t:|1638536526
|switch|p2a: Chess Wizard|Arceus-Flying|32/100
|-damage|p2a: Chess Wizard|7/100|[from] Stealth Rock
|move|p1a: Arceus|Ice Beam|p2a: Chess Wizard
|-supereffective|p2a: Chess Wizard
|-damage|p2a: Chess Wizard|0 fnt
|faint|p2a: Chess Wizard
|
|upkeep
|
|t:|1638536533
|switch|p2a: Professorquirrel|Calyrex-Shadow|100/100
|-ability|p2a: Professorquirrel|As One
|-ability|p2a: Professorquirrel|Unnerve
|-damage|p2a: Professorquirrel|88/100|[from] Stealth Rock
|turn|32
|
|t:|1638536541
|move|p2a: Professorquirrel|Substitute|p2a: Professorquirrel
|-start|p2a: Professorquirrel|Substitute
|-damage|p2a: Professorquirrel|63/100
|move|p1a: Arceus|Judgment|p2a: Professorquirrel
|-end|p2a: Professorquirrel|Substitute
|
|upkeep
|turn|33
|
|t:|1638536547
|move|p2a: Professorquirrel|Nasty Plot|p2a: Professorquirrel
|-boost|p2a: Professorquirrel|spa|2
|move|p1a: Arceus|Judgment|p2a: Professorquirrel
|-damage|p2a: Professorquirrel|21/100
|
|upkeep
|turn|34
|
|t:|1638536553
|move|p2a: Professorquirrel|Astral Barrage|p1a: Arceus
|-damage|p1a: Arceus|0 fnt
|faint|p1a: Arceus
|-ability|p2a: Professorquirrel|Grim Neigh|boost
|-boost|p2a: Professorquirrel|spa|1
|
|upkeep
|
|t:|1638536557
|switch|p1a: Marshadow|Marshadow|88/100
|-damage|p1a: Marshadow|82/100|[from] Stealth Rock
|turn|35
|
|t:|1638536562
|move|p1a: Marshadow|Shadow Sneak|p2a: Professorquirrel
|-supereffective|p2a: Professorquirrel
|-damage|p2a: Professorquirrel|0 fnt
|faint|p2a: Professorquirrel
|
|upkeep
|c|☆chopforce8|gg
|
|t:|1638536565
|switch|p2a: MirrorofErised|Ditto|72/100
|-damage|p2a: MirrorofErised|59/100|[from] Stealth Rock
|-transform|p2a: MirrorofErised|p1a: Marshadow|[from] ability: Imposter
|turn|36
|c|☆soviet glonk|gg
|
|t:|1638536574
|move|p2a: MirrorofErised|Shadow Sneak|p1a: Marshadow
|-supereffective|p1a: Marshadow
|-damage|p1a: Marshadow|0 fnt
|faint|p1a: Marshadow
|
|upkeep
|
|t:|1638536578
|switch|p1a: Yveltal|Yveltal|100/100
|-damage|p1a: Yveltal|76/100|[from] Stealth Rock
|-ability|p1a: Yveltal|Dark Aura
|turn|37
|l| rahull
|
|t:|1638536583
|move|p2a: MirrorofErised|Shadow Sneak|p1a: Yveltal
|-resisted|p1a: Yveltal
|-damage|p1a: Yveltal|59/100
|move|p1a: Yveltal|Oblivion Wing|p2a: MirrorofErised
|-supereffective|p2a: MirrorofErised
|-damage|p2a: MirrorofErised|0 fnt
|-heal|p1a: Yveltal|93/100|[from] drain|[of] p2a: MirrorofErised
|faint|p2a: MirrorofErised
|-damage|p1a: Yveltal|83/100|[from] item: Life Orb
|
|win|soviet glonk
|raw|soviet glonk's rating: 1750 &rarr; <strong>1778</strong><br />(+28 for winning)
|raw|chopforce8's rating: 1898 &rarr; <strong>1870</strong><br />(-28 for losing)
|l|☆chopforce8
