|j|☆theCheeseVendor
|j|☆MVP2536
|t:|1664998182
|gametype|singles
|player|p1|theCheeseVendor|gentleman|1694
|player|p2|MVP2536|giovanni|1820
|teamsize|p1|6
|teamsize|p2|6
|gen|8
|tier|[Gen 8] National Dex AG
|rated|
|rule|HP Percentage Mod: HP is shown in percentages
|rule|Endless Battle Clause: Forcing endless battles is banned
|clearpoke
|poke|p1|Arceus-*|
|poke|p1|Necrozma-Dusk-Mane|
|poke|p1|Zacian-*|
|poke|p1|Ditto|
|poke|p1|Groudon|
|poke|p1|Zygarde|
|poke|p2|Groudon|
|poke|p2|Aegislash, M|
|poke|p2|Rotom-Wash|
|poke|p2|Scrafty, M|
|poke|p2|Whimsicott, F|
|poke|p2|Ditto|
|teampreview
|
|t:|1664998189
|start
|switch|p1a: Ditto|Ditto, shiny|100/100
|switch|p2a: Ditto|Ditto|100/100
|-transform|p2a: Ditto|p1a: Ditto|[from] ability: Imposter
|turn|1
|
|t:|1664998197
|switch|p2a: Aegislash|Aegislash, M|100/100
|move|p1a: Ditto|Transform|p2a: Aegislash
|-transform|p1a: Ditto|p2a: Aegislash
|
|upkeep
|turn|2
|
|t:|1664998204
|switch|p2a: garbage|Groudon|100/100
|detailschange|p2a: garbage|Groudon-Primal
|-primal|p2a: garbage
|-weather|DesolateLand|[from] ability: Desolate Land|[of] p2a: garbage
|move|p1a: Ditto|King's Shield||[still]
|-fail|p1a: Ditto
|
|-weather|DesolateLand|[upkeep]
|upkeep
|turn|3
|
|t:|1664998211
|switch|p1a: Arceus|Arceus-Ground, shiny|100/100
|move|p2a: garbage|Precipice Blades|p1a: Arceus
|-damage|p1a: Arceus|67/100
|
|-weather|DesolateLand|[upkeep]
|upkeep
|turn|4
|
|t:|1664998217
|-weather|none
|switch|p2a: Rotom|Rotom-Wash|100/100
|move|p1a: Arceus|Ice Beam|p2a: Rotom
|-resisted|p2a: Rotom
|-damage|p2a: Rotom|89/100
|
|upkeep
|turn|5
|
|t:|1664998222
|switch|p1a: Groudon|Groudon|100/100
|detailschange|p1a: Groudon|Groudon-Primal
|-primal|p1a: Groudon
|-weather|DesolateLand|[from] ability: Desolate Land|[of] p1a: Groudon
|move|p2a: Rotom|Toxic|p1a: Groudon
|-status|p1a: Groudon|tox
|
|-weather|DesolateLand|[upkeep]
|-damage|p1a: Groudon|95/100 tox|[from] psn
|upkeep
|turn|6
|
|t:|1664998231
|move|p1a: Groudon|Heat Crash|p2a: Rotom
|-resisted|p2a: Rotom
|-damage|p2a: Rotom|34/100
|-damage|p1a: Groudon|78/100 tox|[from] item: Rocky Helmet|[of] p2a: Rotom
|move|p2a: Rotom|Pain Split|p1a: Groudon
|-sethp|p1a: Groudon|53/100 tox|[from] move: Pain Split|[silent]
|-sethp|p2a: Rotom|64/100|[from] move: Pain Split
|
|-weather|DesolateLand|[upkeep]
|-damage|p1a: Groudon|41/100 tox|[from] psn
|upkeep
|turn|7
|
|t:|1664998243
|-weather|none
|switch|p1a: Necrozma|Necrozma-Dusk-Mane, shiny|100/100
|move|p2a: Rotom|Foul Play|p1a: Necrozma
|-supereffective|p1a: Necrozma
|-crit|p1a: Necrozma
|-damage|p1a: Necrozma|66/100
|-damage|p2a: Rotom|48/100|[from] item: Rocky Helmet|[of] p1a: Necrozma
|
|upkeep
|turn|8
|
|t:|1664998250
|move|p2a: Rotom|Pain Split|p1a: Necrozma
|-sethp|p1a: Necrozma|51/100|[from] move: Pain Split|[silent]
|-sethp|p2a: Rotom|67/100|[from] move: Pain Split
|move|p1a: Necrozma|Stealth Rock|p2a: Rotom
|-sidestart|p2: MVP2536|move: Stealth Rock
|
|upkeep
|turn|9
|
|t:|1664998259
|switch|p2a: garbage|Groudon-Primal|100/100
|-damage|p2a: garbage|88/100|[from] Stealth Rock
|-weather|DesolateLand|[from] ability: Desolate Land|[of] p2a: garbage
|move|p1a: Necrozma|Morning Sun|p1a: Necrozma
|-heal|p1a: Necrozma|100/100
|
|-weather|DesolateLand|[upkeep]
|upkeep
|turn|10
|
|t:|1664998263
|switch|p1a: Arceus|Arceus-Ground, shiny|67/100
|move|p2a: garbage|Precipice Blades|p1a: Arceus
|-damage|p1a: Arceus|34/100
|
|-weather|DesolateLand|[upkeep]
|upkeep
|turn|11
|
|t:|1664998275
|move|p1a: Arceus|Recover|p1a: Arceus
|-heal|p1a: Arceus|84/100
|move|p2a: garbage|Heat Crash|p1a: Arceus
|-damage|p1a: Arceus|47/100
|
|-weather|DesolateLand|[upkeep]
|upkeep
|turn|12
|
|t:|1664998280
|-weather|none
|switch|p2a: Rotom|Rotom-Wash|67/100
|-damage|p2a: Rotom|55/100|[from] Stealth Rock
|move|p1a: Arceus|Judgment|p2a: Rotom
|-immune|p2a: Rotom|[from] ability: Levitate
|
|upkeep
|turn|13
|
|t:|1664998289
|move|p1a: Arceus|Recover|p1a: Arceus
|-heal|p1a: Arceus|97/100
|move|p2a: Rotom|Pain Split|p1a: Arceus
|-sethp|p1a: Arceus|67/100|[from] move: Pain Split|[silent]
|-sethp|p2a: Rotom|99/100|[from] move: Pain Split
|
|upkeep
|turn|14
|
|t:|1664998293
|move|p1a: Arceus|Ice Beam|p2a: Rotom
|-resisted|p2a: Rotom
|-damage|p2a: Rotom|86/100
|move|p2a: Rotom|Toxic|p1a: Arceus
|-status|p1a: Arceus|tox
|
|-damage|p1a: Arceus|61/100 tox|[from] psn
|upkeep
|turn|15
|
|t:|1664998302
|move|p1a: Arceus|Recover|p1a: Arceus
|-heal|p1a: Arceus|100/100 tox
|move|p2a: Rotom|Volt Switch|p1a: Arceus
|-immune|p1a: Arceus
|
|-damage|p1a: Arceus|88/100 tox|[from] psn
|upkeep
|turn|16
|
|t:|1664998306
|move|p1a: Arceus|Refresh|p1a: Arceus
|-curestatus|p1a: Arceus|tox|[msg]
|move|p2a: Rotom|Volt Switch|p1a: Arceus
|-immune|p1a: Arceus
|
|upkeep
|turn|17
|
|t:|1664998310
|move|p1a: Arceus|Ice Beam|p2a: Rotom
|-resisted|p2a: Rotom
|-crit|p2a: Rotom
|-damage|p2a: Rotom|67/100
|move|p2a: Rotom|Toxic|p1a: Arceus
|-status|p1a: Arceus|tox
|
|-damage|p1a: Arceus|82/100 tox|[from] psn
|upkeep
|turn|18
|
|t:|1664998315
|move|p1a: Arceus|Ice Beam|p2a: Rotom
|-resisted|p2a: Rotom
|-damage|p2a: Rotom|54/100
|move|p2a: Rotom|Pain Split|p1a: Arceus
|-sethp|p1a: Arceus|60/100 tox|[from] move: Pain Split|[silent]
|-sethp|p2a: Rotom|87/100|[from] move: Pain Split
|
|-damage|p1a: Arceus|47/100 tox|[from] psn
|upkeep
|turn|19
|
|t:|1664998320
|switch|p2a: Whimsicott|Whimsicott, F|100/100
|move|p1a: Arceus|Refresh|p1a: Arceus
|-curestatus|p1a: Arceus|tox|[msg]
|
|upkeep
|turn|20
|
|t:|1664998325
|move|p2a: Whimsicott|Taunt|p1a: Arceus
|-start|p1a: Arceus|move: Taunt
|move|p1a: Arceus|Ice Beam|p2a: Whimsicott
|-supereffective|p2a: Whimsicott
|-damage|p2a: Whimsicott|23/100
|
|upkeep
|turn|21
|
|t:|1664998329
|switch|p2a: Rotom|Rotom-Wash|87/100
|-damage|p2a: Rotom|75/100|[from] Stealth Rock
|switch|p1a: Ditto|Ditto, shiny|100/100
|-transform|p1a: Ditto|p2a: Rotom|[from] ability: Imposter
|
|upkeep
|turn|22
|
|t:|1664998335
|move|p1a: Ditto|Volt Switch|p2a: Rotom
|-damage|p2a: Rotom|50/100
|
|t:|1664998338
|switch|p1a: Arceus|Arceus-Ground, shiny|47/100|[from]move: Volt Switch
|move|p2a: Rotom|Toxic|p1a: Arceus
|-status|p1a: Arceus|tox
|
|-damage|p1a: Arceus|41/100 tox|[from] psn
|upkeep
|turn|23
|
|t:|1664998341
|move|p1a: Arceus|Recover|p1a: Arceus
|-heal|p1a: Arceus|91/100 tox
|move|p2a: Rotom|Pain Split|p1a: Arceus
|-sethp|p1a: Arceus|63/100 tox|[from] move: Pain Split|[silent]
|-sethp|p2a: Rotom|92/100|[from] move: Pain Split
|
|-damage|p1a: Arceus|50/100 tox|[from] psn
|upkeep
|turn|24
|
|t:|1664998348
|switch|p2a: Whimsicott|Whimsicott, F|23/100
|move|p1a: Arceus|Refresh|p1a: Arceus
|-curestatus|p1a: Arceus|tox|[msg]
|
|upkeep
|turn|25
|
|t:|1664998372
|switch|p2a: Rotom|Rotom-Wash|92/100
|-damage|p2a: Rotom|79/100|[from] Stealth Rock
|switch|p1a: Ditto|Ditto, shiny|100/100
|-transform|p1a: Ditto|p2a: Rotom|[from] ability: Imposter
|
|upkeep
|turn|26
|
|t:|1664998381
|switch|p1a: Arceus|Arceus-Ground, shiny|50/100
|move|p2a: Rotom|Toxic|p1a: Arceus
|-status|p1a: Arceus|tox
|
|-damage|p1a: Arceus|44/100 tox|[from] psn
|upkeep
|turn|27
|
|t:|1664998387
|move|p1a: Arceus|Recover|p1a: Arceus
|-heal|p1a: Arceus|94/100 tox
|move|p2a: Rotom|Foul Play|p1a: Arceus
|-damage|p1a: Arceus|85/100 tox
|
|-damage|p1a: Arceus|73/100 tox|[from] psn
|upkeep
|turn|28
|
|t:|1664998391
|move|p1a: Arceus|Refresh|p1a: Arceus
|-curestatus|p1a: Arceus|tox|[msg]
|move|p2a: Rotom|Foul Play|p1a: Arceus
|-damage|p1a: Arceus|62/100
|
|upkeep
|turn|29
|
|t:|1664998395
|switch|p2a: Scrafty|Scrafty, M|100/100
|-damage|p2a: Scrafty|95/100|[from] Stealth Rock
|move|p1a: Arceus|Ice Beam|p2a: Scrafty
|-damage|p2a: Scrafty|81/100
|
|upkeep
|turn|30
|
|t:|1664998406
|switch|p1a: Ditto|Ditto, shiny|100/100
|-transform|p1a: Ditto|p2a: Scrafty|[from] ability: Imposter
|move|p2a: Scrafty|Ice Punch|p1a: Ditto
|-damage|p1a: Ditto|82/100
|
|upkeep
|turn|31
|
|t:|1664998416
|move|p1a: Ditto|Knock Off|p2a: Scrafty
|-resisted|p2a: Scrafty
|-damage|p2a: Scrafty|73/100
|-enditem|p2a: Scrafty|Assault Vest|[from] move: Knock Off|[of] p1a: Ditto
|move|p2a: Scrafty|Drain Punch|p1a: Ditto
|-supereffective|p1a: Ditto
|-damage|p1a: Ditto|17/100
|-heal|p2a: Scrafty|100/100|[from] drain|[of] p1a: Ditto
|
|upkeep
|turn|32
|
|t:|1664998429
|switch|p1a: Arceus|Arceus-Ground, shiny|62/100
|move|p2a: Scrafty|Knock Off|p1a: Arceus
|-damage|p1a: Arceus|48/100
|
|upkeep
|turn|33
|
|t:|1664998434
|move|p1a: Arceus|Recover|p1a: Arceus
|-heal|p1a: Arceus|98/100
|move|p2a: Scrafty|Ice Punch|p1a: Arceus
|-supereffective|p1a: Arceus
|-damage|p1a: Arceus|78/100
|
|upkeep
|turn|34
|
|t:|1664998440
|move|p1a: Arceus|Ice Beam|p2a: Scrafty
|-damage|p2a: Scrafty|82/100
|-status|p2a: Scrafty|frz
|cant|p2a: Scrafty|frz
|
|upkeep
|turn|35
|
|t:|1664998446
|move|p1a: Arceus|Judgment|p2a: Scrafty
|-damage|p2a: Scrafty|43/100 frz
|cant|p2a: Scrafty|frz
|
|-activate|p2a: Scrafty|ability: Shed Skin
|-curestatus|p2a: Scrafty|frz|[msg]
|upkeep
|turn|36
|
|t:|1664998455
|switch|p2a: Rotom|Rotom-Wash|79/100
|-damage|p2a: Rotom|67/100|[from] Stealth Rock
|move|p1a: Arceus|Ice Beam|p2a: Rotom
|-resisted|p2a: Rotom
|-damage|p2a: Rotom|55/100
|
|upkeep
|turn|37
|
|t:|1664998458
|move|p1a: Arceus|Ice Beam|p2a: Rotom
|-resisted|p2a: Rotom
|-damage|p2a: Rotom|42/100
|-status|p2a: Rotom|frz
|-curestatus|p2a: Rotom|frz|[msg]
|move|p2a: Rotom|Pain Split|p1a: Arceus
|-sethp|p1a: Arceus|54/100|[from] move: Pain Split|[silent]
|-sethp|p2a: Rotom|78/100|[from] move: Pain Split
|
|upkeep
|turn|38
|
|t:|1664998466
|move|p1a: Arceus|Ice Beam|p2a: Rotom
|-resisted|p2a: Rotom
|-damage|p2a: Rotom|65/100
|move|p2a: Rotom|Foul Play|p1a: Arceus
|-damage|p1a: Arceus|44/100
|
|upkeep
|turn|39
|c|☆theCheeseVendor|freeze rng has got to be one of the dumbest things in the game
|c|☆theCheeseVendor|pls replace with frostbite
|
|t:|1664998481
|move|p1a: Arceus|Ice Beam|p2a: Rotom
|-resisted|p2a: Rotom
|-damage|p2a: Rotom|51/100
|move|p2a: Rotom|Pain Split|p1a: Arceus
|-sethp|p1a: Arceus|39/100|[from] move: Pain Split|[silent]
|-sethp|p2a: Rotom|57/100|[from] move: Pain Split
|
|upkeep
|turn|40
|
|t:|1664998488
|move|p1a: Arceus|Ice Beam|p2a: Rotom
|-resisted|p2a: Rotom
|-damage|p2a: Rotom|44/100
|move|p2a: Rotom|Pain Split|p1a: Arceus
|-sethp|p1a: Arceus|35/100|[from] move: Pain Split|[silent]
|-sethp|p2a: Rotom|51/100|[from] move: Pain Split
|
|upkeep
|turn|41
|c|☆MVP2536|lol
|
|t:|1664998495
|move|p1a: Arceus|Ice Beam|p2a: Rotom
|-resisted|p2a: Rotom
|-damage|p2a: Rotom|38/100
|move|p2a: Rotom|Toxic|p1a: Arceus
|-status|p1a: Arceus|tox
|
|-damage|p1a: Arceus|29/100 tox|[from] psn
|upkeep
|turn|42
|
|t:|1664998513
|move|p1a: Arceus|Refresh|p1a: Arceus
|-curestatus|p1a: Arceus|tox|[msg]
|move|p2a: Rotom|Pain Split|p1a: Arceus
|-sethp|p1a: Arceus|28/100|[from] move: Pain Split|[silent]
|-sethp|p2a: Rotom|40/100|[from] move: Pain Split
|
|upkeep
|turn|43
|c|☆theCheeseVendor|am i wrong about the rng though
|
|t:|1664998531
|move|p1a: Arceus|Recover|p1a: Arceus
|-heal|p1a: Arceus|78/100
|move|p2a: Rotom|Toxic|p1a: Arceus
|-status|p1a: Arceus|tox
|
|-damage|p1a: Arceus|71/100 tox|[from] psn
|upkeep
|turn|44
|c|☆MVP2536|lol
|
|t:|1664998539
|switch|p1a: Ditto|Ditto, shiny|17/100
|-transform|p1a: Ditto|p2a: Rotom|[from] ability: Imposter
|move|p2a: Rotom|Pain Split|p1a: Ditto
|-sethp|p1a: Ditto|29/100|[from] move: Pain Split|[silent]
|-sethp|p2a: Rotom|29/100|[from] move: Pain Split
|
|upkeep
|turn|45
|
|t:|1664998547
|switch|p2a: garbage|Groudon-Primal|88/100
|-damage|p2a: garbage|76/100|[from] Stealth Rock
|-weather|DesolateLand|[from] ability: Desolate Land|[of] p2a: garbage
|move|p1a: Ditto|Volt Switch|p2a: garbage
|-immune|p2a: garbage
|
|-weather|DesolateLand|[upkeep]
|upkeep
|turn|46
|
|t:|1664998552
|switch|p1a: Arceus|Arceus-Ground, shiny|71/100 tox
|move|p2a: garbage|Precipice Blades|p1a: Arceus
|-crit|p1a: Arceus
|-damage|p1a: Arceus|21/100 tox
|
|-weather|DesolateLand|[upkeep]
|-damage|p1a: Arceus|14/100 tox|[from] psn
|upkeep
|turn|47
|
|t:|1664998560
|switch|p1a: Zygarde|Zygarde|100/100
|move|p2a: garbage|Heat Crash|p1a: Zygarde
|-resisted|p1a: Zygarde
|-damage|p1a: Zygarde|73/100
|
|-weather|DesolateLand|[upkeep]
|-heal|p1a: Zygarde|79/100|[from] item: Leftovers
|upkeep
|turn|48
|
|t:|1664998569
|move|p1a: Zygarde|Substitute|p1a: Zygarde
|-start|p1a: Zygarde|Substitute
|-damage|p1a: Zygarde|54/100
|move|p2a: garbage|Precipice Blades|p1a: Zygarde|[miss]
|-miss|p2a: garbage|p1a: Zygarde
|
|-weather|DesolateLand|[upkeep]
|-heal|p1a: Zygarde|60/100|[from] item: Leftovers
|upkeep
|turn|49
|
|t:|1664998575
|move|p1a: Zygarde|Glare|p2a: garbage
|-status|p2a: garbage|par
|cant|p2a: garbage|par
|
|-weather|DesolateLand|[upkeep]
|-heal|p1a: Zygarde|67/100|[from] item: Leftovers
|upkeep
|turn|50
|
|t:|1664998581
|move|p1a: Zygarde|Coil|p1a: Zygarde
|-boost|p1a: Zygarde|atk|1
|-boost|p1a: Zygarde|def|1
|-boost|p1a: Zygarde|accuracy|1
|move|p2a: garbage|Precipice Blades|p1a: Zygarde
|-end|p1a: Zygarde|Substitute
|
|-weather|DesolateLand|[upkeep]
|-heal|p1a: Zygarde|73/100|[from] item: Leftovers
|upkeep
|turn|51
|c|☆theCheeseVendor|low ladder has barely any legendaries
|c|☆theCheeseVendor|mid ladder is full of them
|c|☆MVP2536|ye ik
|c|☆theCheeseVendor|and now we have less legendaries again
|c|☆theCheeseVendor|it's neat to think about
|
|t:|1664998608
|-weather|none
|switch|p2a: Whimsicott|Whimsicott, F|23/100
|move|p1a: Zygarde|Substitute|p1a: Zygarde
|-start|p1a: Zygarde|Substitute
|-damage|p1a: Zygarde|48/100
|
|-heal|p1a: Zygarde|54/100|[from] item: Leftovers
|upkeep
|turn|52
|
|t:|1664998617
|-start|p2a: Whimsicott|Dynamax|
|-heal|p2a: Whimsicott|23/100|[silent]
|move|p2a: Whimsicott|Max Starfall|p1a: Zygarde
|-supereffective|p1a: Zygarde
|-end|p1a: Zygarde|Substitute
|-fieldstart|move: Misty Terrain
|move|p1a: Zygarde|Thousand Arrows|p2a: Whimsicott
|-resisted|p2a: Whimsicott
|-damage|p2a: Whimsicott|5/100
|
|-heal|p1a: Zygarde|60/100|[from] item: Leftovers
|upkeep
|turn|53
|c|☆theCheeseVendor|oh my god
|c|☆theCheeseVendor|not the max whimsicott-
|
|t:|1664998630
|switch|p1a: Zacian|Zacian-Crowned|100/100
|-ability|p1a: Zacian|Intrepid Sword|boost
|-boost|p1a: Zacian|atk|1
|move|p2a: Whimsicott|Max Starfall|p1a: Zacian
|-resisted|p1a: Zacian
|-damage|p1a: Zacian|77/100
|
|upkeep
|turn|54
|c|☆MVP2536|i had infiltrator before
|c|☆MVP2536|if i had ot now then i would have been wraps
|
|t:|1664998652
|move|p1a: Zacian|Close Combat|p2a: Whimsicott
|-resisted|p2a: Whimsicott
|-damage|p2a: Whimsicott|0 fnt
|-unboost|p1a: Zacian|def|1
|-unboost|p1a: Zacian|spd|1
|faint|p2a: Whimsicott
|
|upkeep
|
|t:|1664998664
|switch|p2a: Ditto|Ditto|100/100
|-damage|p2a: Ditto|88/100|[from] Stealth Rock
|-transform|p2a: Ditto|p1a: Zacian|[from] ability: Imposter
|-ability|p2a: Ditto|Intrepid Sword|boost
|-boost|p2a: Ditto|atk|1
|turn|55
|c|☆theCheeseVendor|rough question to lose to sword doggo or frog pushie snake
|
|t:|1664998669
|switch|p1a: Necrozma|Necrozma-Dusk-Mane, shiny|100/100
|move|p2a: Ditto|Close Combat|p1a: Necrozma
|-damage|p1a: Necrozma|49/100
|-unboost|p2a: Ditto|def|1
|-unboost|p2a: Ditto|spd|1
|-damage|p2a: Ditto|71/100|[from] item: Rocky Helmet|[of] p1a: Necrozma
|
|upkeep
|turn|56
|c|☆MVP2536|i think zacian sweeps
|
|t:|1664998693
|switch|p2a: garbage|Groudon-Primal|76/100 par
|-damage|p2a: garbage|63/100 par|[from] Stealth Rock
|-weather|DesolateLand|[from] ability: Desolate Land|[of] p2a: garbage
|-start|p1a: Necrozma|Dynamax|
|-heal|p1a: Necrozma|49/100|[silent]
|move|p1a: Necrozma|Max Steelspike|p2a: garbage
|-resisted|p2a: garbage
|-damage|p2a: garbage|45/100 par
|-boost|p1a: Necrozma|def|1
|
|-weather|DesolateLand|[upkeep]
|-fieldend|Misty Terrain
|upkeep
|turn|57
|
|t:|1664998705
|move|p1a: Necrozma|Max Darkness|p2a: garbage
|-crit|p2a: garbage
|-damage|p2a: garbage|8/100 par
|-unboost|p2a: garbage|spd|1
|move|p2a: garbage|Rest|p2a: garbage
|-status|p2a: garbage|slp|[from] move: Rest
|-heal|p2a: garbage|100/100 slp|[silent]
|
|-weather|DesolateLand|[upkeep]
|upkeep
|turn|58
|
|t:|1664998712
|cant|p2a: garbage|slp
|move|p2a: garbage|Sleep Talk|p2a: garbage
|move|p2a: garbage|Heat Crash||[from]move: Sleep Talk|[still]
|-fail|p2a: garbage|Dynamax
|move|p1a: Necrozma|Max Darkness|p2a: garbage
|-damage|p2a: garbage|78/100 slp
|-unboost|p2a: garbage|spd|1
|
|-weather|DesolateLand|[upkeep]
|upkeep
|-end|p1a: Necrozma|Dynamax
|-heal|p1a: Necrozma|49/100|[silent]
|turn|59
|c|☆theCheeseVendor|anothe reason to despise dynamax
|c|☆theCheeseVendor|i so deserved to die there
|
|t:|1664998732
|-weather|none
|switch|p2a: Ditto|Ditto|71/100
|-damage|p2a: Ditto|59/100|[from] Stealth Rock
|-transform|p2a: Ditto|p1a: Necrozma|[from] ability: Imposter
|switch|p1a: Arceus|Arceus-Ground, shiny|14/100 tox
|
|-damage|p1a: Arceus|8/100 tox|[from] psn
|upkeep
|turn|60
|c|☆MVP2536|wouldnt have koed to be honest
|
|t:|1664998748
|move|p2a: Ditto|Sunsteel Strike|p1a: Arceus
|-damage|p1a: Arceus|0 fnt
|faint|p1a: Arceus
|
|upkeep
|
|t:|1664998758
|switch|p1a: Necrozma|Necrozma-Dusk-Mane, shiny|49/100
|turn|61
|
|t:|1664998761
|switch|p2a: garbage|Groudon-Primal|78/100 slp
|-damage|p2a: garbage|65/100 slp|[from] Stealth Rock
|-weather|DesolateLand|[from] ability: Desolate Land|[of] p2a: garbage
|move|p1a: Necrozma|Morning Sun|p1a: Necrozma
|-heal|p1a: Necrozma|100/100
|
|-weather|DesolateLand|[upkeep]
|upkeep
|turn|62
|
|t:|1664998767
|switch|p1a: Zygarde|Zygarde|60/100
|cant|p2a: garbage|slp
|move|p2a: garbage|Sleep Talk|p2a: garbage
|move|p2a: garbage|Rest||[from]move: Sleep Talk|[still]
|-fail|p2a: garbage
|
|-weather|DesolateLand|[upkeep]
|-heal|p1a: Zygarde|66/100|[from] item: Leftovers
|upkeep
|turn|63
|
|t:|1664998784
|move|p1a: Zygarde|Substitute|p1a: Zygarde
|-start|p1a: Zygarde|Substitute
|-damage|p1a: Zygarde|41/100
|-curestatus|p2a: garbage|slp|[msg]
|move|p2a: garbage|Precipice Blades|p1a: Zygarde|[miss]
|-miss|p2a: garbage|p1a: Zygarde
|
|-weather|DesolateLand|[upkeep]
|-heal|p1a: Zygarde|48/100|[from] item: Leftovers
|-activate|p1a: Zygarde|ability: Power Construct
|detailschange|p1a: Zygarde|Zygarde-Complete
|-heal|p1a: Zygarde|66/100|[silent]
|upkeep
|turn|64
|c|☆theCheeseVendor|...rip
|c|☆theCheeseVendor|wait that destroys my sub lol
|c|☆MVP2536|literally every time
|c|☆theCheeseVendor|never realized
|
|t:|1664998807
|move|p1a: Zygarde|Coil|p1a: Zygarde
|-boost|p1a: Zygarde|atk|1
|-boost|p1a: Zygarde|def|1
|-boost|p1a: Zygarde|accuracy|1
|move|p2a: garbage|Precipice Blades|p1a: Zygarde
|-end|p1a: Zygarde|Substitute
|
|-weather|DesolateLand|[upkeep]
|-heal|p1a: Zygarde|72/100|[from] item: Leftovers
|upkeep
|turn|65
|c|☆theCheeseVendor|i miss more dragon tails than pblads personally
|c|☆theCheeseVendor|oh it didn't nvm
|c|☆MVP2536|ye i cant be bothered
|c|☆MVP2536|this game is stupid
|c|☆MVP2536|i always miss
|c|☆MVP2536|gg
|-message|MVP2536 forfeited.
|
|win|theCheeseVendor
|raw|theCheeseVendor's rating: 1694 &rarr; <strong>1721</strong><br />(+27 for winning)
|raw|MVP2536's rating: 1820 &rarr; <strong>1793</strong><br />(-27 for losing)
|c|☆theCheeseVendor|gg
|l|☆MVP2536
|c|☆theCheeseVendor|rng just be dat way
