|j|☆Naofumi_Bakugo_Jax
|j|☆EndlessEmptiness
|t:|1663757679
|gametype|singles
|player|p1|Naofumi_Bakugo_Jax|blue|1670
|player|p2|EndlessEmptiness|maid|1630
|teamsize|p1|6
|teamsize|p2|6
|gen|8
|tier|[Gen 8] National Dex AG
|rated|
|rule|HP Percentage Mod: HP is shown in percentages
|rule|Endless Battle Clause: Forcing endless battles is banned
|clearpoke
|poke|p1|Zacian-*|
|poke|p1|Calyrex-Shadow|
|poke|p1|Yveltal|
|poke|p1|Arceus-*|
|poke|p1|Swampert, M|
|poke|p1|Kyogre|
|poke|p2|Deoxys-Attack|
|poke|p2|Yveltal|
|poke|p2|Xerneas-*|
|poke|p2|Groudon|
|poke|p2|Ditto|
|poke|p2|Vivillon-Elegant, M|
|teampreview
|inactive|Battle timer is ON: inactive players will automatically lose when time's up. (requested by EndlessEmptiness)
|
|t:|1663757685
|start
|switch|p1a: Arceus|Arceus, shiny|100/100
|switch|p2a: Deoxys|Deoxys-Attack|100/100
|-ability|p2a: Deoxys|Pressure
|turn|1
|
|t:|1663757694
|move|p1a: Arceus|Magic Coat|p1a: Arceus
|-singleturn|p1a: Arceus|move: Magic Coat
|move|p2a: Deoxys|Stealth Rock|p1a: Arceus
|move|p1a: Arceus|Stealth Rock|p2a: Deoxys|[from]Magic Coat
|-sidestart|p2: EndlessEmptiness|move: Stealth Rock
|
|upkeep
|turn|2
|
|t:|1663757717
|move|p1a: Arceus|Extreme Speed|p2a: Deoxys
|-enditem|p2a: Deoxys|Focus Sash
|-damage|p2a: Deoxys|1/100
|move|p2a: Deoxys|Taunt|p1a: Arceus
|-start|p1a: Arceus|move: Taunt
|
|upkeep
|turn|3
|
|t:|1663757724
|switch|p2a: Groudon|Groudon|100/100
|-damage|p2a: Groudon|94/100|[from] Stealth Rock
|detailschange|p2a: Groudon|Groudon-Primal
|-primal|p2a: Groudon
|-weather|DesolateLand|[from] ability: Desolate Land|[of] p2a: Groudon
|move|p1a: Arceus|Extreme Speed|p2a: Groudon
|-damage|p2a: Groudon|71/100
|
|-weather|DesolateLand|[upkeep]
|upkeep
|turn|4
|
|t:|1663757745
|move|p1a: Arceus|Extreme Speed|p2a: Groudon
|-damage|p2a: Groudon|47/100
|move|p2a: Groudon|Rock Tomb|p1a: Arceus
|-damage|p1a: Arceus|83/100
|-unboost|p1a: Arceus|spe|1
|
|-weather|DesolateLand|[upkeep]
|upkeep
|turn|5
|
|t:|1663757755
|move|p1a: Arceus|Extreme Speed|p2a: Groudon
|-damage|p2a: Groudon|21/100
|move|p2a: Groudon|Heat Crash|p1a: Arceus
|-damage|p1a: Arceus|28/100
|
|-weather|DesolateLand|[upkeep]
|-end|p1a: Arceus|move: Taunt
|upkeep
|turn|6
|
|t:|1663757769
|move|p1a: Arceus|Extreme Speed|p2a: Groudon
|-damage|p2a: Groudon|0 fnt
|faint|p2a: Groudon
|-weather|none
|
|upkeep
|
|t:|1663757772
|switch|p2a: Yveltal|Yveltal|100/100
|-damage|p2a: Yveltal|76/100|[from] Stealth Rock
|-ability|p2a: Yveltal|Dark Aura
|turn|7
|
|t:|1663757787
|switch|p1a: Kyogre|Kyogre|100/100
|-weather|RainDance|[from] ability: Drizzle|[of] p1a: Kyogre
|-start|p2a: Yveltal|Dynamax|
|-heal|p2a: Yveltal|76/100|[silent]
|move|p2a: Yveltal|Max Airstream|p1a: Kyogre
|-damage|p1a: Kyogre|28/100
|-boost|p2a: Yveltal|spe|1
|-damage|p2a: Yveltal|71/100|[from] item: Life Orb
|
|-weather|RainDance|[upkeep]
|upkeep
|turn|8
|inactive|Naofumi_Bakugo_Jax has 120 seconds left.
|
|t:|1663757808
|move|p1a: Kyogre|Thunder Wave|p2a: Yveltal
|-status|p2a: Yveltal|par
|cant|p2a: Yveltal|par
|
|-weather|RainDance|[upkeep]
|upkeep
|turn|9
|inactive|Naofumi_Bakugo_Jax has 120 seconds left.
|inactive|Naofumi_Bakugo_Jax has 90 seconds left.
|
|t:|1663757852
|-start|p1a: Kyogre|Dynamax|
|-heal|p1a: Kyogre|28/100|[silent]
|move|p1a: Kyogre|Max Hailstorm|p2a: Yveltal
|-supereffective|p2a: Yveltal
|-damage|p2a: Yveltal|28/100 par
|-weather|Hail
|move|p2a: Yveltal|Max Airstream|p1a: Kyogre
|-damage|p1a: Kyogre|0 fnt
|-boost|p2a: Yveltal|spe|1
|faint|p1a: Kyogre
|-damage|p2a: Yveltal|23/100 par|[from] item: Life Orb
|
|-weather|Hail|[upkeep]
|-damage|p2a: Yveltal|20/100 par|[from] Hail
|upkeep
|inactive|Naofumi_Bakugo_Jax has 90 seconds left.
|inactive|Naofumi_Bakugo_Jax has 60 seconds left.
|
|t:|1663757888
|switch|p1a: Swampert|Swampert, M|100/100
|-end|p2a: Yveltal|Dynamax
|-heal|p2a: Yveltal|20/100 par|[silent]
|turn|10
|inactive|Naofumi_Bakugo_Jax has 60 seconds left.
|inactive|EndlessEmptiness has 120 seconds left.
|inactive|EndlessEmptiness has 90 seconds left.
|inactive|EndlessEmptiness has 60 seconds left.
|inactive|EndlessEmptiness has 30 seconds left.
|inactive|EndlessEmptiness has 20 seconds left.
|
|t:|1663758019
|detailschange|p1a: Swampert|Swampert-Mega, M
|-mega|p1a: Swampert|Swampert|Swampertite
|move|p2a: Yveltal|Oblivion Wing|p1a: Swampert
|-damage|p1a: Swampert|44/100
|-heal|p2a: Yveltal|56/100 par|[from] drain|[of] p1a: Swampert
|-damage|p2a: Yveltal|46/100 par|[from] item: Life Orb
|move|p1a: Swampert|Liquidation|p2a: Yveltal
|-damage|p2a: Yveltal|0 fnt
|faint|p2a: Yveltal
|
|-weather|Hail|[upkeep]
|-damage|p1a: Swampert|38/100|[from] Hail
|upkeep
|inactive|EndlessEmptiness has 25 seconds left this turn.
|inactive|EndlessEmptiness has 20 seconds left.
|
|t:|1663758027
|switch|p2a: Vivillon|Vivillon-Elegant, M|100/100
|-damage|p2a: Vivillon|50/100|[from] Stealth Rock
|turn|11
|inactive|EndlessEmptiness has 30 seconds left this turn.
|inactive|Naofumi_Bakugo_Jax has 60 seconds left.
|
|t:|1663758050
|move|p2a: Vivillon|Sleep Powder|p1a: Swampert
|-status|p1a: Swampert|slp|[from] move: Sleep Powder
|cant|p1a: Swampert|slp
|
|-weather|Hail|[upkeep]
|-damage|p2a: Vivillon|45/100|[from] Hail
|-damage|p1a: Swampert|32/100 slp|[from] Hail
|-heal|p2a: Vivillon|50/100|[from] item: Leftovers
|upkeep
|turn|12
|inactive|Naofumi_Bakugo_Jax has 60 seconds left.
|inactive|EndlessEmptiness has 30 seconds left.
|
|t:|1663758075
|switch|p1a: Arceus|Arceus, shiny|28/100
|move|p2a: Vivillon|Substitute|p2a: Vivillon
|-start|p2a: Vivillon|Substitute
|-damage|p2a: Vivillon|26/100
|
|-weather|Hail|[upkeep]
|-damage|p2a: Vivillon|20/100|[from] Hail
|-damage|p1a: Arceus|22/100|[from] Hail
|-heal|p2a: Vivillon|26/100|[from] item: Leftovers
|upkeep
|turn|13
|inactive|Naofumi_Bakugo_Jax has 30 seconds left.
|
|t:|1663758104
|move|p1a: Arceus|Magic Coat|p1a: Arceus
|-singleturn|p1a: Arceus|move: Magic Coat
|move|p2a: Vivillon|Sleep Powder|p1a: Arceus
|move|p1a: Arceus|Sleep Powder||[from]Magic Coat|[still]
|-fail|p1a: Arceus
|
|-weather|none
|-heal|p2a: Vivillon|32/100|[from] item: Leftovers
|upkeep
|turn|14
|inactive|Naofumi_Bakugo_Jax has 30 seconds left.
|
|t:|1663758120
|move|p1a: Arceus|Extreme Speed|p2a: Vivillon
|-end|p2a: Vivillon|Substitute
|move|p2a: Vivillon|Sleep Powder|p1a: Arceus
|-status|p1a: Arceus|slp|[from] move: Sleep Powder
|
|-heal|p2a: Vivillon|38/100|[from] item: Leftovers
|upkeep
|turn|15
|
|t:|1663758123
|cant|p1a: Arceus|slp
|move|p2a: Vivillon|Substitute|p2a: Vivillon
|-start|p2a: Vivillon|Substitute
|-damage|p2a: Vivillon|13/100
|
|-heal|p2a: Vivillon|19/100|[from] item: Leftovers
|upkeep
|turn|16
|
|t:|1663758127
|cant|p1a: Arceus|slp
|move|p2a: Vivillon|Quiver Dance|p2a: Vivillon
|-boost|p2a: Vivillon|spa|1
|-boost|p2a: Vivillon|spd|1
|-boost|p2a: Vivillon|spe|1
|
|-heal|p2a: Vivillon|25/100|[from] item: Leftovers
|upkeep
|turn|17
|
|t:|1663758135
|move|p2a: Vivillon|Hurricane|p1a: Arceus
|-damage|p1a: Arceus|0 fnt
|faint|p1a: Arceus
|
|-heal|p2a: Vivillon|31/100|[from] item: Leftovers
|upkeep
|
|t:|1663758152
|switch|p1a: Yveltal|Yveltal, shiny|100/100
|-ability|p1a: Yveltal|Dark Aura
|turn|18
|
|t:|1663758157
|move|p2a: Vivillon|Sleep Powder|p1a: Yveltal
|-status|p1a: Yveltal|slp|[from] move: Sleep Powder
|cant|p1a: Yveltal|slp
|
|-heal|p2a: Vivillon|37/100|[from] item: Leftovers
|upkeep
|turn|19
|
|t:|1663758160
|move|p2a: Vivillon|Quiver Dance|p2a: Vivillon
|-boost|p2a: Vivillon|spa|1
|-boost|p2a: Vivillon|spd|1
|-boost|p2a: Vivillon|spe|1
|cant|p1a: Yveltal|slp
|
|-heal|p2a: Vivillon|43/100|[from] item: Leftovers
|upkeep
|turn|20
|
|t:|1663758162
|move|p2a: Vivillon|Quiver Dance|p2a: Vivillon
|-boost|p2a: Vivillon|spa|1
|-boost|p2a: Vivillon|spd|1
|-boost|p2a: Vivillon|spe|1
|-curestatus|p1a: Yveltal|slp|[msg]
|move|p1a: Yveltal|Tailwind|p1a: Yveltal
|-sidestart|p1: Naofumi_Bakugo_Jax|move: Tailwind
|
|-heal|p2a: Vivillon|49/100|[from] item: Leftovers
|upkeep
|turn|21
|
|t:|1663758164
|move|p1a: Yveltal|Tailwind||[still]
|-fail|p1a: Yveltal
|move|p2a: Vivillon|Sleep Powder|p1a: Yveltal
|-status|p1a: Yveltal|slp|[from] move: Sleep Powder
|
|-heal|p2a: Vivillon|54/100|[from] item: Leftovers
|upkeep
|turn|22
|
|t:|1663758177
|switch|p1a: Zacian|Zacian-Crowned|100/100
|-ability|p1a: Zacian|Intrepid Sword|boost
|-boost|p1a: Zacian|atk|1
|move|p2a: Vivillon|Quiver Dance|p2a: Vivillon
|-boost|p2a: Vivillon|spa|1
|-boost|p2a: Vivillon|spd|1
|-boost|p2a: Vivillon|spe|1
|
|-heal|p2a: Vivillon|60/100|[from] item: Leftovers
|upkeep
|turn|23
|
|t:|1663758184
|move|p2a: Vivillon|Sleep Powder|p1a: Zacian
|-status|p1a: Zacian|slp|[from] move: Sleep Powder
|cant|p1a: Zacian|slp
|
|-heal|p2a: Vivillon|66/100|[from] item: Leftovers
|-sideend|p1: Naofumi_Bakugo_Jax|move: Tailwind
|upkeep
|turn|24
|
|t:|1663758186
|move|p2a: Vivillon|Quiver Dance|p2a: Vivillon
|-boost|p2a: Vivillon|spa|1
|-boost|p2a: Vivillon|spd|1
|-boost|p2a: Vivillon|spe|1
|cant|p1a: Zacian|slp
|
|-heal|p2a: Vivillon|72/100|[from] item: Leftovers
|upkeep
|turn|25
|
|t:|1663758191
|move|p2a: Vivillon|Quiver Dance|p2a: Vivillon
|-boost|p2a: Vivillon|spa|1
|-boost|p2a: Vivillon|spd|1
|-boost|p2a: Vivillon|spe|1
|-curestatus|p1a: Zacian|slp|[msg]
|move|p1a: Zacian|Behemoth Blade|p2a: Vivillon
|-end|p2a: Vivillon|Substitute
|
|-heal|p2a: Vivillon|78/100|[from] item: Leftovers
|upkeep
|turn|26
|
|t:|1663758194
|move|p1a: Zacian|Quick Attack|p2a: Vivillon
|-damage|p2a: Vivillon|27/100
|move|p2a: Vivillon|Sleep Powder|p1a: Zacian
|-status|p1a: Zacian|slp|[from] move: Sleep Powder
|
|-heal|p2a: Vivillon|33/100|[from] item: Leftovers
|upkeep
|turn|27
|
|t:|1663758205
|cant|p1a: Zacian|slp
|move|p2a: Vivillon|Substitute|p2a: Vivillon
|-start|p2a: Vivillon|Substitute
|-damage|p2a: Vivillon|8/100
|
|-heal|p2a: Vivillon|14/100|[from] item: Leftovers
|upkeep
|turn|28
|
|t:|1663758207
|-curestatus|p1a: Zacian|slp|[msg]
|move|p1a: Zacian|Quick Attack|p2a: Vivillon
|-end|p2a: Vivillon|Substitute
|move|p2a: Vivillon|Hurricane|p1a: Zacian
|-resisted|p1a: Zacian
|-damage|p1a: Zacian|37/100
|
|-heal|p2a: Vivillon|20/100|[from] item: Leftovers
|upkeep
|turn|29
|
|t:|1663758215
|move|p1a: Zacian|Quick Attack|p2a: Vivillon
|-damage|p2a: Vivillon|0 fnt
|faint|p2a: Vivillon
|
|upkeep
|
|t:|1663758219
|switch|p2a: Ditto|Ditto|100/100
|-damage|p2a: Ditto|88/100|[from] Stealth Rock
|-transform|p2a: Ditto|p1a: Zacian|[from] ability: Imposter
|-ability|p2a: Ditto|Intrepid Sword|boost
|-boost|p2a: Ditto|atk|1
|turn|30
|
|t:|1663758234
|switch|p1a: Swampert|Swampert-Mega, M|32/100 slp
|move|p2a: Ditto|Behemoth Blade|p1a: Swampert
|-resisted|p1a: Swampert
|-damage|p1a: Swampert|0 fnt
|faint|p1a: Swampert
|
|upkeep
|inactive|Naofumi_Bakugo_Jax has 120 seconds left.
|
|t:|1663758274
|switch|p1a: Calyrex|Calyrex-Shadow|100/100
|-ability|p1a: Calyrex|As One
|-ability|p1a: Calyrex|Unnerve
|turn|31
|
|t:|1663758281
|move|p2a: Ditto|Behemoth Blade|p1a: Calyrex
|-enditem|p1a: Calyrex|Focus Sash
|-damage|p1a: Calyrex|1/100
|move|p1a: Calyrex|Astral Barrage|p2a: Ditto
|-damage|p2a: Ditto|5/100
|
|upkeep
|turn|32
|inactive|Naofumi_Bakugo_Jax has 90 seconds left.
|
|t:|1663758318
|move|p2a: Ditto|Behemoth Blade|p1a: Calyrex
|-damage|p1a: Calyrex|0 fnt
|faint|p1a: Calyrex
|
|upkeep
|
|t:|1663758321
|switch|p1a: Yveltal|Yveltal, shiny|100/100 slp
|-ability|p1a: Yveltal|Dark Aura
|turn|33
|
|t:|1663758327
|move|p2a: Ditto|Behemoth Blade|p1a: Yveltal
|-damage|p1a: Yveltal|0 fnt
|faint|p1a: Yveltal
|
|upkeep
|
|t:|1663758330
|switch|p1a: Zacian|Zacian-Crowned|37/100
|-ability|p1a: Zacian|Intrepid Sword|boost
|-boost|p1a: Zacian|atk|1
|turn|34
|
|t:|1663758338
|switch|p2a: Deoxys|Deoxys-Attack|1/100
|-damage|p2a: Deoxys|0 fnt|[from] Stealth Rock
|faint|p2a: Deoxys
|move|p1a: Zacian|Quick Attack|p2: Deoxys|[notarget]
|-fail|p1a: Zacian
|
|upkeep
|
|t:|1663758341
|switch|p2a: Xerneas|Xerneas|100/100
|-damage|p2a: Xerneas|88/100|[from] Stealth Rock
|-ability|p2a: Xerneas|Fairy Aura
|turn|35
|
|t:|1663758346
|move|p1a: Zacian|Behemoth Blade|p2a: Xerneas
|-supereffective|p2a: Xerneas
|-damage|p2a: Xerneas|0 fnt
|faint|p2a: Xerneas
|
|upkeep
|
|t:|1663758348
|switch|p2a: Ditto|Ditto|5/100
|-damage|p2a: Ditto|0 fnt|[from] Stealth Rock
|faint|p2a: Ditto
|
|win|Naofumi_Bakugo_Jax
|raw|Naofumi_Bakugo_Jax's rating: 1670 &rarr; <strong>1688</strong><br />(+18 for winning)
|raw|EndlessEmptiness's rating: 1630 &rarr; <strong>1612</strong><br />(-18 for losing)
|l|☆EndlessEmptiness
