|j|‽Mario60866iPod13
|j|☆coolthingdude
|t:|1651069034
|gametype|singles
|player|p1|Mario60866iPod13|unknown|1451
|player|p2|coolthingdude|byron|1561
|teamsize|p1|6
|teamsize|p2|6
|gen|8
|tier|[Gen 8] National Dex AG
|rated|
|rule|HP Percentage Mod: HP is shown in percentages
|rule|Endless Battle Clause: Forcing endless battles is banned
|clearpoke
|poke|p1|Kyogre|
|poke|p1|Giratina-Origin|
|poke|p1|Necrozma-Dawn-Wings|
|poke|p1|Arceus-*|
|poke|p1|Eternatus|
|poke|p1|Rayquaza|
|poke|p2|Ferrothorn, F|
|poke|p2|Xerneas-*|
|poke|p2|Yveltal|
|poke|p2|Ditto|
|poke|p2|Zacian-*|
|poke|p2|Arceus-*|
|teampreview
|
|t:|1651069051
|start
|switch|p1a: Eternatus|Eternatus|100/100
|switch|p2a: Ferrothorn|Ferrothorn, F|100/100
|-ability|p1a: Eternatus|Pressure
|turn|1
|
|t:|1651069056
|move|p1a: Eternatus|Flamethrower|p2a: Ferrothorn
|-supereffective|p2a: Ferrothorn
|-damage|p2a: Ferrothorn|2/100
|move|p2a: Ferrothorn|Spikes|p1a: Eternatus
|-sidestart|p1: Mario60866iPod13|Spikes
|
|upkeep
|turn|2
|
|t:|1651069062
|move|p1a: Eternatus|Flamethrower|p2a: Ferrothorn
|-supereffective|p2a: Ferrothorn
|-damage|p2a: Ferrothorn|0 fnt
|faint|p2a: Ferrothorn
|
|upkeep
|
|t:|1651069072
|switch|p2a: Xerneas|Xerneas|100/100
|-ability|p2a: Xerneas|Fairy Aura
|turn|3
|
|t:|1651069074
|move|p1a: Eternatus|Sludge Bomb|p2a: Xerneas
|-supereffective|p2a: Xerneas
|-damage|p2a: Xerneas|14/100
|move|p2a: Xerneas|Geomancy||[still]
|-prepare|p2a: Xerneas|Geomancy
|-enditem|p2a: Xerneas|Power Herb
|-anim|p2a: Xerneas|Geomancy|p2a: Xerneas
|-boost|p2a: Xerneas|spa|2
|-boost|p2a: Xerneas|spd|2
|-boost|p2a: Xerneas|spe|2
|
|upkeep
|turn|4
|
|t:|1651069081
|-start|p2a: Xerneas|Dynamax|
|-heal|p2a: Xerneas|14/100|[silent]
|move|p2a: Xerneas|Max Starfall|p1a: Eternatus
|-damage|p1a: Eternatus|0 fnt
|-fieldstart|move: Misty Terrain
|faint|p1a: Eternatus
|
|upkeep
|
|t:|1651069093
|switch|p1a: Rayquaza|Rayquaza, shiny|100/100
|-ability|p1a: Rayquaza|Air Lock
|turn|5
|
|t:|1651069097
|detailschange|p1a: Rayquaza|Rayquaza-Mega, shiny
|-mega|p1a: Rayquaza|Rayquaza|
|-weather|DeltaStream|[from] ability: Delta Stream|[of] p1a: Rayquaza
|move|p2a: Xerneas|Max Starfall|p1a: Rayquaza
|-supereffective|p1a: Rayquaza
|-enditem|p1a: Rayquaza|Focus Sash
|-damage|p1a: Rayquaza|1/100
|move|p1a: Rayquaza|Dragon Ascent|p2a: Xerneas
|-damage|p2a: Xerneas|0 fnt
|-unboost|p1a: Rayquaza|def|1
|-unboost|p1a: Rayquaza|spd|1
|faint|p2a: Xerneas
|
|-weather|DeltaStream|[upkeep]
|upkeep
|
|t:|1651069111
|switch|p2a: Zacian|Zacian-Crowned|100/100
|-ability|p2a: Zacian|Intrepid Sword|boost
|-boost|p2a: Zacian|atk|1
|turn|6
|
|t:|1651069115
|move|p2a: Zacian|Assurance|p1a: Rayquaza
|-damage|p1a: Rayquaza|0 fnt
|faint|p1a: Rayquaza
|-weather|none
|
|upkeep
|
|t:|1651069127
|switch|p1a: Giratina|Giratina-Origin, shiny|100/100
|turn|7
|
|t:|1651069135
|move|p2a: Zacian|Play Rough|p1a: Giratina
|-supereffective|p1a: Giratina
|-damage|p1a: Giratina|0 fnt
|faint|p1a: Giratina
|
|upkeep
|
|t:|1651069141
|switch|p1a: Arceus|Arceus, shiny|100/100
|-damage|p1a: Arceus|88/100|[from] Spikes
|turn|8
|
|t:|1651069148
|-start|p1a: Arceus|Dynamax|
|-heal|p1a: Arceus|88/100|[silent]
|move|p2a: Zacian|Sacred Sword|p1a: Arceus
|-supereffective|p1a: Arceus
|-damage|p1a: Arceus|44/100
|move|p1a: Arceus|Max Quake|p2a: Zacian
|-supereffective|p2a: Zacian
|-damage|p2a: Zacian|0 fnt
|-boost|p1a: Arceus|spd|1
|faint|p2a: Zacian
|-damage|p1a: Arceus|39/100|[from] item: Life Orb
|
|-fieldend|Misty Terrain
|upkeep
|
|t:|1651069157
|switch|p2a: Arceus|Arceus-Water|100/100
|turn|9
|
|t:|1651069169
|move|p1a: Arceus|Max Strike|p2a: Arceus
|-damage|p2a: Arceus|44/100
|-unboost|p2a: Arceus|spe|1
|-damage|p1a: Arceus|34/100|[from] item: Life Orb
|-zpower|p2a: Arceus
|move|p2a: Arceus|Hydro Vortex|p1a: Arceus|[zeffect]
|-damage|p1a: Arceus|16/100
|
|upkeep
|turn|10
|
|t:|1651069180
|move|p1a: Arceus|Max Strike|p2a: Arceus
|-damage|p2a: Arceus|0 fnt
|faint|p2a: Arceus
|-damage|p1a: Arceus|11/100|[from] item: Life Orb
|
|-end|p1a: Arceus|Dynamax
|-heal|p1a: Arceus|11/100|[silent]
|upkeep
|
|t:|1651069188
|switch|p2a: Ditto|Ditto|100/100
|-transform|p2a: Ditto|p1a: Arceus|[from] ability: Imposter
|turn|11
|
|t:|1651069193
|move|p1a: Arceus|Extreme Speed|p2a: Ditto
|-damage|p2a: Ditto|46/100
|-damage|p1a: Arceus|1/100|[from] item: Life Orb
|move|p2a: Ditto|Earthquake|p1a: Arceus
|-damage|p1a: Arceus|0 fnt
|faint|p1a: Arceus
|
|upkeep
|
|t:|1651069201
|switch|p1a: Necrozma|Necrozma-Dawn-Wings, shiny|100/100
|-damage|p1a: Necrozma|88/100|[from] Spikes
|turn|12
|
|t:|1651069206
|switch|p2a: Yveltal|Yveltal|100/100
|-ability|p2a: Yveltal|Dark Aura
|detailschange|p1a: Necrozma|Necrozma-Ultra, shiny
|-burst|p1a: Necrozma|Necrozma|Ultranecrozium Z
|move|p1a: Necrozma|Photon Geyser|p2a: Yveltal
|-immune|p2a: Yveltal
|
|upkeep
|turn|13
|
|t:|1651069213
|switch|p1a: Kyogre|Kyogre, shiny|100/100
|-damage|p1a: Kyogre|88/100|[from] Spikes
|detailschange|p1a: Kyogre|Kyogre-Primal, shiny
|-primal|p1a: Kyogre
|-weather|PrimordialSea|[from] ability: Primordial Sea|[of] p1a: Kyogre
|move|p2a: Yveltal|Knock Off|p1a: Kyogre
|-damage|p1a: Kyogre|47/100
|
|-weather|PrimordialSea|[upkeep]
|upkeep
|turn|14
|
|t:|1651069223
|move|p1a: Kyogre|Thunder|p2a: Yveltal
|-supereffective|p2a: Yveltal
|-damage|p2a: Yveltal|18/100
|move|p2a: Yveltal|Oblivion Wing|p1a: Kyogre
|-damage|p1a: Kyogre|20/100
|-heal|p2a: Yveltal|34/100|[from] drain|[of] p1a: Kyogre
|
|-weather|PrimordialSea|[upkeep]
|-heal|p2a: Yveltal|40/100|[from] item: Leftovers
|upkeep
|turn|15
|
|t:|1651069230
|switch|p2a: Ditto|Ditto|46/100
|-transform|p2a: Ditto|p1a: Kyogre|[from] ability: Imposter
|move|p1a: Kyogre|Thunder|p2a: Ditto
|-supereffective|p2a: Ditto
|-damage|p2a: Ditto|0 fnt
|faint|p2a: Ditto
|
|-weather|PrimordialSea|[upkeep]
|upkeep
|
|t:|1651069234
|switch|p2a: Yveltal|Yveltal|40/100
|-ability|p2a: Yveltal|Dark Aura
|turn|16
|
|t:|1651069238
|move|p1a: Kyogre|Ice Beam|p2a: Yveltal
|-supereffective|p2a: Yveltal
|-damage|p2a: Yveltal|0 fnt
|faint|p2a: Yveltal
|
|win|Mario60866iPod13
|raw|Mario60866iPod13's rating: 1451 &rarr; <strong>1477</strong><br />(+26 for winning)
|raw|coolthingdude's rating: 1561 &rarr; <strong>1535</strong><br />(-26 for losing)
|l|☆coolthingdude
