|j|☆jlsdfhpjksdhfni
|j|☆TaxFraud094
|t:|1666894310
|gametype|singles
|player|p1|jlsdfhpjksdhfni|1|1806
|player|p2|TaxFraud094|skyla-masters2|1798
|teamsize|p1|6
|teamsize|p2|6
|gen|8
|tier|[Gen 8] National Dex AG
|rated|
|rule|HP Percentage Mod: HP is shown in percentages
|rule|Endless Battle Clause: Forcing endless battles is banned
|clearpoke
|poke|p1|Eternatus|
|poke|p1|Necrozma-Dusk-Mane|
|poke|p1|Ho-Oh|
|poke|p1|Arceus-*|
|poke|p1|Gengar, F|
|poke|p1|Arceus-*|
|poke|p2|Eternatus|
|poke|p2|Arceus-*|
|poke|p2|Necrozma-Dusk-Mane|
|poke|p2|Arceus-*|
|poke|p2|Ho-Oh|
|poke|p2|Marshadow|
|teampreview
|inactive|Battle timer is ON: inactive players will automatically lose when time's up. (requested by TaxFraud094)
|c|☆TaxFraud094|glhf
|c|☆jlsdfhpjksdhfni|u2
|c|☆jlsdfhpjksdhfni|i like your team
|inactive|jlsdfhpjksdhfni has 120 seconds left.
|inactive|TaxFraud094 has 120 seconds left.
|
|t:|1666894355
|start
|switch|p1a: Arceus|Arceus-Dragon|100/100
|switch|p2a: Marshadow|Marshadow|100/100
|turn|1
|
|t:|1666894379
|move|p2a: Marshadow|Spectral Thief|p1a: Arceus
|-damage|p1a: Arceus|53/100
|move|p1a: Arceus|Will-O-Wisp|p2a: Marshadow
|-status|p2a: Marshadow|brn
|
|-damage|p2a: Marshadow|94/100 brn|[from] brn
|upkeep
|turn|2
|
|t:|1666894388
|switch|p2a: Ho-Oh|Ho-Oh|100/100
|move|p1a: Arceus|Recover|p1a: Arceus
|-heal|p1a: Arceus|100/100
|
|upkeep
|turn|3
|
|t:|1666894400
|switch|p1a: Ho-Oh|Ho-Oh|100/100
|move|p2a: Ho-Oh|Toxic|p1a: Ho-Oh
|-status|p1a: Ho-Oh|tox
|
|-damage|p1a: Ho-Oh|94/100 tox|[from] psn
|upkeep
|turn|4
|j| RRRRRRRRRRRRRex
|inactive|TaxFraud094 has 120 seconds left.
|
|t:|1666894436
|switch|p2a: Eternatus|Eternatus|100/100
|-ability|p2a: Eternatus|Pressure
|switch|p1a: Eternatus|Eternatus|100/100
|-ability|p1a: Eternatus|Pressure
|
|upkeep
|turn|5
|
|t:|1666894445
|move|p1a: Eternatus|Toxic Spikes|p2a: Eternatus
|-sidestart|p2: TaxFraud094|move: Toxic Spikes
|move|p2a: Eternatus|Dynamax Cannon|p1a: Eternatus
|-supereffective|p1a: Eternatus
|-damage|p1a: Eternatus|49/100
|
|-heal|p1a: Eternatus|55/100|[from] item: Black Sludge
|upkeep
|turn|6
|
|t:|1666894457
|move|p1a: Eternatus|Recover|p1a: Eternatus
|-heal|p1a: Eternatus|100/100
|move|p2a: Eternatus|Toxic Spikes|p1a: Eternatus
|-sidestart|p1: jlsdfhpjksdhfni|move: Toxic Spikes
|
|upkeep
|turn|7
|
|t:|1666894474
|switch|p2a: Necrozma|Necrozma-Dusk-Mane|100/100
|move|p1a: Eternatus|Toxic Spikes|p2a: Necrozma
|-sidestart|p2: TaxFraud094|move: Toxic Spikes
|
|upkeep
|turn|8
|
|t:|1666894491
|move|p1a: Eternatus|Flamethrower|p2a: Necrozma
|-supereffective|p2a: Necrozma
|-damage|p2a: Necrozma|66/100
|move|p2a: Necrozma|Dragon Dance|p2a: Necrozma
|-boost|p2a: Necrozma|atk|1
|-boost|p2a: Necrozma|spe|1
|
|upkeep
|turn|9
|inactive|jlsdfhpjksdhfni has 120 seconds left.
|
|t:|1666894533
|switch|p1a: Ho-Oh|Ho-Oh|100/100 tox
|move|p2a: Necrozma|Earthquake|p1a: Ho-Oh
|-immune|p1a: Ho-Oh
|
|-damage|p1a: Ho-Oh|94/100 tox|[from] psn
|upkeep
|turn|10
|
|t:|1666894537
|switch|p2a: Eternatus|Eternatus|100/100
|-sideend|p2: TaxFraud094|move: Toxic Spikes|[of] p2a: Eternatus
|-ability|p2a: Eternatus|Pressure
|move|p1a: Ho-Oh|Sacred Fire|p2a: Eternatus
|-resisted|p2a: Eternatus
|-damage|p2a: Eternatus|85/100
|-status|p2a: Eternatus|brn
|
|-damage|p1a: Ho-Oh|82/100 tox|[from] psn
|-damage|p2a: Eternatus|78/100 brn|[from] brn
|upkeep
|turn|11
|inactive|jlsdfhpjksdhfni has 120 seconds left.
|
|t:|1666894566
|switch|p2a: Necrozma|Necrozma-Dusk-Mane|66/100
|switch|p1a: Eternatus|Eternatus|100/100
|-sideend|p1: jlsdfhpjksdhfni|move: Toxic Spikes|[of] p1a: Eternatus
|-ability|p1a: Eternatus|Pressure
|
|upkeep
|turn|12
|
|t:|1666894580
|move|p1a: Eternatus|Flamethrower|p2a: Necrozma
|-supereffective|p2a: Necrozma
|-damage|p2a: Necrozma|32/100
|move|p2a: Necrozma|Dragon Dance|p2a: Necrozma
|-boost|p2a: Necrozma|atk|1
|-boost|p2a: Necrozma|spe|1
|
|upkeep
|turn|13
|
|t:|1666894591
|switch|p1a: Necrozma|Necrozma-Dusk-Mane|100/100
|move|p2a: Necrozma|Moonlight|p2a: Necrozma
|-heal|p2a: Necrozma|82/100
|
|upkeep
|turn|14
|
|t:|1666894597
|switch|p1a: Ho-Oh|Ho-Oh|100/100 tox
|move|p2a: Necrozma|Dragon Dance|p2a: Necrozma
|-boost|p2a: Necrozma|atk|1
|-boost|p2a: Necrozma|spe|1
|
|-damage|p1a: Ho-Oh|94/100 tox|[from] psn
|upkeep
|turn|15
|
|t:|1666894609
|switch|p2a: Marshadow|Marshadow|94/100 brn
|move|p1a: Ho-Oh|Whirlwind|p2a: Marshadow
|drag|p2a: Arceus|Arceus-Water|100/100
|
|-damage|p1a: Ho-Oh|82/100 tox|[from] psn
|upkeep
|turn|16
|inactive|jlsdfhpjksdhfni has 120 seconds left.
|
|t:|1666894619
|switch|p1a: Eternatus|Eternatus|100/100
|-ability|p1a: Eternatus|Pressure
|move|p2a: Arceus|Ice Beam|p1a: Eternatus
|-supereffective|p1a: Eternatus
|-damage|p1a: Eternatus|73/100
|
|-heal|p1a: Eternatus|79/100|[from] item: Black Sludge
|upkeep
|turn|17
|inactive|jlsdfhpjksdhfni has 120 seconds left.
|
|t:|1666894633
|switch|p1a: Ho-Oh|Ho-Oh|100/100 tox
|switch|p2a: Necrozma|Necrozma-Dusk-Mane|82/100
|
|-damage|p1a: Ho-Oh|94/100 tox|[from] psn
|upkeep
|turn|18
|inactive|jlsdfhpjksdhfni has 120 seconds left.
|
|t:|1666894638
|switch|p2a: Marshadow|Marshadow|94/100 brn
|move|p1a: Ho-Oh|Toxic|p2a: Marshadow|[miss]
|-miss|p1a: Ho-Oh|p2a: Marshadow
|
|-damage|p1a: Ho-Oh|82/100 tox|[from] psn
|-damage|p2a: Marshadow|88/100 brn|[from] brn
|upkeep
|turn|19
|
|t:|1666894647
|-activate|p1a: Ho-Oh|move: Pursuit
|move|p2a: Marshadow|Pursuit|p1a: Ho-Oh|[from]Pursuit
|-damage|p1a: Ho-Oh|69/100 tox
|switch|p1a: Eternatus|Eternatus|79/100
|-ability|p1a: Eternatus|Pressure
|
|-heal|p1a: Eternatus|85/100|[from] item: Black Sludge
|-damage|p2a: Marshadow|82/100 brn|[from] brn
|upkeep
|turn|20
|inactive|jlsdfhpjksdhfni has 120 seconds left.
|
|t:|1666894666
|-activate|p1a: Eternatus|move: Pursuit
|move|p2a: Marshadow|Pursuit|p1a: Eternatus|[from]Pursuit
|-damage|p1a: Eternatus|69/100
|switch|p1a: Gengar|Gengar, F|100/100
|
|-damage|p2a: Marshadow|76/100 brn|[from] brn
|upkeep
|turn|21
|inactive|jlsdfhpjksdhfni has 120 seconds left.
|
|t:|1666894685
|detailschange|p1a: Gengar|Gengar-Mega, F
|-mega|p1a: Gengar|Gengar|Gengarite
|move|p1a: Gengar|Substitute|p1a: Gengar
|-start|p1a: Gengar|Substitute
|-damage|p1a: Gengar|76/100
|move|p2a: Marshadow|Pursuit|p1a: Gengar
|-supereffective|p1a: Gengar
|-end|p1a: Gengar|Substitute
|
|-damage|p2a: Marshadow|69/100 brn|[from] brn
|upkeep
|turn|22
|inactive|jlsdfhpjksdhfni has 120 seconds left.
|
|t:|1666894696
|move|p1a: Gengar|Substitute|p1a: Gengar
|-start|p1a: Gengar|Substitute
|-damage|p1a: Gengar|51/100
|move|p2a: Marshadow|Pursuit|p1a: Gengar
|-supereffective|p1a: Gengar
|-end|p1a: Gengar|Substitute
|
|-damage|p2a: Marshadow|63/100 brn|[from] brn
|upkeep
|turn|23
|
|t:|1666894700
|move|p1a: Gengar|Substitute|p1a: Gengar
|-start|p1a: Gengar|Substitute
|-damage|p1a: Gengar|26/100
|move|p2a: Marshadow|Pursuit|p1a: Gengar
|-supereffective|p1a: Gengar
|-end|p1a: Gengar|Substitute
|
|-damage|p2a: Marshadow|57/100 brn|[from] brn
|upkeep
|turn|24
|
|t:|1666894703
|move|p1a: Gengar|Destiny Bond|p1a: Gengar
|-singlemove|p1a: Gengar|Destiny Bond
|move|p2a: Marshadow|Pursuit|p1a: Gengar
|-supereffective|p1a: Gengar
|-damage|p1a: Gengar|0 fnt
|faint|p1a: Gengar
|-activate|p1a: Gengar|move: Destiny Bond
|faint|p2a: Marshadow
|
|upkeep
|
|t:|1666894722
|switch|p1a: Necrozma|Necrozma-Dusk-Mane|100/100
|switch|p2a: Arceus|Arceus-Dark|100/100
|turn|25
|
|t:|1666894746
|move|p2a: Arceus|Will-O-Wisp|p1a: Necrozma
|-status|p1a: Necrozma|brn
|move|p1a: Necrozma|Thunder Wave|p2a: Arceus
|-status|p2a: Arceus|par
|
|-damage|p1a: Necrozma|94/100 brn|[from] brn
|upkeep
|turn|26
|
|t:|1666894751
|move|p1a: Necrozma|Stealth Rock|p2a: Arceus
|-sidestart|p2: TaxFraud094|move: Stealth Rock
|move|p2a: Arceus|Stealth Rock|p1a: Necrozma
|-sidestart|p1: jlsdfhpjksdhfni|move: Stealth Rock
|
|-damage|p1a: Necrozma|88/100 brn|[from] brn
|upkeep
|turn|27
|
|t:|1666894770
|switch|p1a: Arceus|Arceus-Dragon|100/100
|-damage|p1a: Arceus|88/100|[from] Stealth Rock
|move|p2a: Arceus|Judgment|p1a: Arceus
|-damage|p1a: Arceus|56/100
|
|upkeep
|turn|28
|
|t:|1666894786
|move|p1a: Arceus|Judgment|p2a: Arceus
|-damage|p2a: Arceus|75/100 par
|move|p2a: Arceus|Will-O-Wisp|p1a: Arceus
|-status|p1a: Arceus|brn
|
|-damage|p1a: Arceus|50/100 brn|[from] brn
|upkeep
|turn|29
|
|t:|1666894795
|move|p1a: Arceus|Recover|p1a: Arceus
|-heal|p1a: Arceus|99/100 brn
|move|p2a: Arceus|Recover|p2a: Arceus
|-heal|p2a: Arceus|100/100 par
|
|-damage|p1a: Arceus|94/100 brn|[from] brn
|upkeep
|turn|30
|
|t:|1666894807
|move|p1a: Arceus|Toxic|p2a: Arceus|[miss]
|-miss|p1a: Arceus|p2a: Arceus
|move|p2a: Arceus|Judgment|p1a: Arceus
|-damage|p1a: Arceus|61/100 brn
|
|-damage|p1a: Arceus|55/100 brn|[from] brn
|upkeep
|turn|31
|
|t:|1666894827
|switch|p1a: Arceus|Arceus-Dark|100/100
|-damage|p1a: Arceus|88/100|[from] Stealth Rock
|move|p2a: Arceus|Judgment|p1a: Arceus
|-resisted|p1a: Arceus
|-damage|p1a: Arceus|73/100
|
|upkeep
|turn|32
|
|t:|1666894832
|switch|p2a: Ho-Oh|Ho-Oh|100/100
|move|p1a: Arceus|Calm Mind|p1a: Arceus
|-boost|p1a: Arceus|spa|1
|-boost|p1a: Arceus|spd|1
|
|upkeep
|turn|33
|
|t:|1666894838
|move|p1a: Arceus|Calm Mind|p1a: Arceus
|-boost|p1a: Arceus|spa|1
|-boost|p1a: Arceus|spd|1
|move|p2a: Ho-Oh|Whirlwind|p1a: Arceus
|drag|p1a: Eternatus|Eternatus|69/100
|-damage|p1a: Eternatus|56/100|[from] Stealth Rock
|-ability|p1a: Eternatus|Pressure
|
|-heal|p1a: Eternatus|62/100|[from] item: Black Sludge
|upkeep
|turn|34
|
|t:|1666894845
|switch|p2a: Eternatus|Eternatus|78/100 brn
|-damage|p2a: Eternatus|66/100 brn|[from] Stealth Rock
|-ability|p2a: Eternatus|Pressure
|move|p1a: Eternatus|Toxic Spikes|p2a: Eternatus
|-sidestart|p2: TaxFraud094|move: Toxic Spikes
|
|-heal|p1a: Eternatus|69/100|[from] item: Black Sludge
|-damage|p2a: Eternatus|60/100 brn|[from] brn
|upkeep
|turn|35
|
|t:|1666894852
|move|p1a: Eternatus|Dynamax Cannon|p2a: Eternatus
|-supereffective|p2a: Eternatus
|-damage|p2a: Eternatus|6/100 brn
|move|p2a: Eternatus|Toxic Spikes|p1a: Eternatus
|-sidestart|p1: jlsdfhpjksdhfni|move: Toxic Spikes
|
|-heal|p1a: Eternatus|75/100|[from] item: Black Sludge
|-damage|p2a: Eternatus|0 fnt|[from] brn
|faint|p2a: Eternatus
|upkeep
|
|t:|1666894867
|switch|p2a: Necrozma|Necrozma-Dusk-Mane|82/100
|-damage|p2a: Necrozma|76/100|[from] Stealth Rock
|turn|36
|
|t:|1666894879
|move|p1a: Eternatus|Flamethrower|p2a: Necrozma
|-supereffective|p2a: Necrozma
|-damage|p2a: Necrozma|43/100
|move|p2a: Necrozma|Sunsteel Strike|p1a: Eternatus
|-damage|p1a: Eternatus|34/100
|
|-heal|p1a: Eternatus|40/100|[from] item: Black Sludge
|upkeep
|turn|37
|
|t:|1666894888
|switch|p1a: Ho-Oh|Ho-Oh|100/100 tox
|move|p2a: Necrozma|Moonlight|p2a: Necrozma
|-heal|p2a: Necrozma|93/100
|
|-damage|p1a: Ho-Oh|94/100 tox|[from] psn
|upkeep
|turn|38
|
|t:|1666894899
|switch|p2a: Arceus|Arceus-Dark|100/100 par
|-damage|p2a: Arceus|88/100 par|[from] Stealth Rock
|move|p1a: Ho-Oh|Whirlwind|p2a: Arceus
|drag|p2a: Arceus|Arceus-Water|100/100
|-damage|p2a: Arceus|88/100|[from] Stealth Rock
|-status|p2a: Arceus|psn
|
|-damage|p2a: Arceus|76/100 psn|[from] psn
|-damage|p1a: Ho-Oh|82/100 tox|[from] psn
|upkeep
|turn|39
|
|t:|1666894917
|switch|p1a: Eternatus|Eternatus|40/100
|-damage|p1a: Eternatus|28/100|[from] Stealth Rock
|-sideend|p1: jlsdfhpjksdhfni|move: Toxic Spikes|[of] p1a: Eternatus
|-ability|p1a: Eternatus|Pressure
|move|p2a: Arceus|Refresh|p2a: Arceus
|-curestatus|p2a: Arceus|psn|[msg]
|
|-heal|p1a: Eternatus|34/100|[from] item: Black Sludge
|upkeep
|turn|40
|
|t:|1666894921
|move|p1a: Eternatus|Recover|p1a: Eternatus
|-heal|p1a: Eternatus|84/100
|move|p2a: Arceus|Ice Beam|p1a: Eternatus
|-supereffective|p1a: Eternatus
|-damage|p1a: Eternatus|55/100
|
|-heal|p1a: Eternatus|61/100|[from] item: Black Sludge
|upkeep
|turn|41
|
|t:|1666894931
|switch|p1a: Arceus|Arceus-Dark|73/100
|-damage|p1a: Arceus|61/100|[from] Stealth Rock
|move|p2a: Arceus|Ice Beam|p1a: Arceus
|-crit|p1a: Arceus
|-damage|p1a: Arceus|41/100
|
|upkeep
|turn|42
|
|t:|1666894936
|move|p1a: Arceus|Recover|p1a: Arceus
|-heal|p1a: Arceus|91/100
|move|p2a: Arceus|Toxic|p1a: Arceus
|-status|p1a: Arceus|tox
|
|-damage|p1a: Arceus|85/100 tox|[from] psn
|upkeep
|turn|43
|
|t:|1666894941
|switch|p2a: Ho-Oh|Ho-Oh|100/100
|move|p1a: Arceus|Refresh|p1a: Arceus
|-curestatus|p1a: Arceus|tox|[msg]
|
|upkeep
|turn|44
|
|t:|1666894952
|move|p1a: Arceus|Judgment|p2a: Ho-Oh
|-damage|p2a: Ho-Oh|74/100
|move|p2a: Ho-Oh|Whirlwind|p1a: Arceus
|drag|p1a: Necrozma|Necrozma-Dusk-Mane|88/100 brn
|-damage|p1a: Necrozma|82/100 brn|[from] Stealth Rock
|
|-damage|p1a: Necrozma|76/100 brn|[from] brn
|upkeep
|turn|45
|
|t:|1666894959
|switch|p2a: Necrozma|Necrozma-Dusk-Mane|93/100
|-damage|p2a: Necrozma|87/100|[from] Stealth Rock
|move|p1a: Necrozma|Thunder Wave|p2a: Necrozma
|-status|p2a: Necrozma|par
|
|-damage|p1a: Necrozma|70/100 brn|[from] brn
|upkeep
|turn|46
|
|t:|1666894969
|switch|p1a: Arceus|Arceus-Dark|85/100
|-damage|p1a: Arceus|72/100|[from] Stealth Rock
|switch|p2a: Ho-Oh|Ho-Oh|100/100
|
|upkeep
|turn|47
|
|t:|1666894987
|move|p1a: Arceus|Calm Mind|p1a: Arceus
|-boost|p1a: Arceus|spa|1
|-boost|p1a: Arceus|spd|1
|move|p2a: Ho-Oh|Defog|p1a: Arceus
|-unboost|p1a: Arceus|evasion|1
|-sideend|p1: jlsdfhpjksdhfni|Stealth Rock|[from] move: Defog|[of] p2a: Ho-Oh
|-sideend|p2: TaxFraud094|Toxic Spikes|[from] move: Defog|[of] p2a: Ho-Oh
|-sideend|p2: TaxFraud094|Stealth Rock|[from] move: Defog|[of] p2a: Ho-Oh
|
|upkeep
|turn|48
|
|t:|1666895001
|move|p1a: Arceus|Judgment|p2a: Ho-Oh
|-damage|p2a: Ho-Oh|58/100
|move|p2a: Ho-Oh|Toxic|p1a: Arceus
|-status|p1a: Arceus|tox
|
|-damage|p1a: Arceus|66/100 tox|[from] psn
|upkeep
|turn|49
|
|t:|1666895010
|move|p1a: Arceus|Judgment|p2a: Ho-Oh
|-damage|p2a: Ho-Oh|16/100
|move|p2a: Ho-Oh|Whirlwind|p1a: Arceus
|drag|p1a: Necrozma|Necrozma-Dusk-Mane|70/100 brn
|
|-damage|p1a: Necrozma|64/100 brn|[from] brn
|upkeep
|turn|50
|
|t:|1666895025
|switch|p1a: Ho-Oh|Ho-Oh|100/100 tox
|move|p2a: Ho-Oh|Sacred Fire|p1a: Ho-Oh
|-resisted|p1a: Ho-Oh
|-damage|p1a: Ho-Oh|86/100 tox
|
|-damage|p1a: Ho-Oh|80/100 tox|[from] psn
|upkeep
|turn|51
|-message|TaxFraud094 forfeited.
|
|win|jlsdfhpjksdhfni
|raw|jlsdfhpjksdhfni's rating: 1806 &rarr; <strong>1826</strong><br />(+20 for winning)
|raw|TaxFraud094's rating: 1798 &rarr; <strong>1778</strong><br />(-20 for losing)
|l|☆TaxFraud094
|c|☆jlsdfhpjksdhfni|gg
|l|☆jlsdfhpjksdhfni
||Ladder isn't responding, score probably updated but might not have (Request timeout).
