|j|☆RUiNtheExtinct
|j|☆carrier ant attack
|t:|1639831424
|gametype|singles
|player|p1|RUiNtheExtinct|red-gen7|1808
|player|p2|carrier ant attack|lusamine-nihilego|1748
|teamsize|p1|6
|teamsize|p2|6
|gen|8
|tier|[Gen 8] National Dex AG
|rated|
|rule|HP Percentage Mod: HP is shown in percentages
|rule|Endless Battle Clause: Forcing endless battles is banned
|clearpoke
|poke|p1|Deoxys-Speed|
|poke|p1|Calyrex-Shadow|
|poke|p1|Ditto|
|poke|p1|Yveltal|
|poke|p1|Necrozma-Dusk-Mane|
|poke|p1|Xerneas-*|
|poke|p2|Arceus-*|
|poke|p2|Yveltal|
|poke|p2|Rayquaza|
|poke|p2|Zygarde|
|poke|p2|Ditto|
|poke|p2|Necrozma-Dusk-Mane|
|teampreview
|inactive|Battle timer is ON: inactive players will automatically lose when time's up. (requested by RUiNtheExtinct)
|
|t:|1639831429
|start
|switch|p1a: Deoxys|Deoxys-Speed|100/100
|switch|p2a: Rayquaza|Rayquaza|100/100
|-ability|p1a: Deoxys|Pressure
|-ability|p2a: Rayquaza|Air Lock
|turn|1
|
|t:|1639831439
|detailschange|p2a: Rayquaza|Rayquaza-Mega
|-mega|p2a: Rayquaza|Rayquaza|
|-weather|DeltaStream|[from] ability: Delta Stream|[of] p2a: Rayquaza
|move|p1a: Deoxys|Stealth Rock|p2a: Rayquaza
|-sidestart|p2: carrier ant attack|move: Stealth Rock
|move|p2a: Rayquaza|Scale Shot|p1a: Deoxys|[miss]
|-miss|p2a: Rayquaza|p1a: Deoxys
|
|-weather|DeltaStream|[upkeep]
|upkeep
|turn|2
|c|☆carrier ant attack|errrgghh
|c|☆carrier ant attack|alright
|c|☆carrier ant attack|ima just ascent
|
|t:|1639831461
|move|p1a: Deoxys|Toxic|p2a: Rayquaza
|-status|p2a: Rayquaza|tox
|move|p2a: Rayquaza|Scale Shot|p1a: Deoxys
|-damage|p1a: Deoxys|74/100
|-damage|p1a: Deoxys|48/100
|-damage|p1a: Deoxys|20/100
|-hitcount|p1a: Deoxys|3
|-unboost|p2a: Rayquaza|def|1
|-boost|p2a: Rayquaza|spe|1
|
|-weather|DeltaStream|[upkeep]
|-damage|p2a: Rayquaza|95/100 tox|[from] psn
|upkeep
|turn|3
|c|☆carrier ant attack|at this point, i will just use ascent
|c|☆RUiNtheExtinct|cool
|c|☆RUiNtheExtinct|thats not ascent
|c|☆RUiNtheExtinct|u lied
|c|☆carrier ant attack|i did
|c|☆RUiNtheExtinct|how could you
|c|☆carrier ant attack|you got hella lucky
|inactive|RUiNtheExtinct has 120 seconds left.
|c|☆carrier ant attack|you got hella lucky
|c|☆RUiNtheExtinct|i did
|
|t:|1639831492
|switch|p1a: Necrozma|Necrozma-Dusk-Mane|100/100
|move|p2a: Rayquaza|Scale Shot|p1a: Necrozma
|-resisted|p1a: Necrozma
|-damage|p1a: Necrozma|94/100
|-resisted|p1a: Necrozma
|-damage|p1a: Necrozma|88/100
|-resisted|p1a: Necrozma
|-damage|p1a: Necrozma|83/100
|-resisted|p1a: Necrozma
|-damage|p1a: Necrozma|77/100
|-resisted|p1a: Necrozma
|-damage|p1a: Necrozma|70/100
|-hitcount|p1a: Necrozma|5
|-unboost|p2a: Rayquaza|def|1
|-boost|p2a: Rayquaza|spe|1
|
|-weather|DeltaStream|[upkeep]
|-damage|p2a: Rayquaza|83/100 tox|[from] psn
|upkeep
|turn|4
|
|t:|1639831508
|move|p2a: Rayquaza|V-create|p1a: Necrozma
|-supereffective|p1a: Necrozma
|-damage|p1a: Necrozma|0 fnt
|-unboost|p2a: Rayquaza|spe|1
|-unboost|p2a: Rayquaza|def|1
|-unboost|p2a: Rayquaza|spd|1
|-damage|p2a: Rayquaza|66/100 tox|[from] item: Rocky Helmet|[of] p1a: Necrozma
|faint|p1a: Necrozma
|
|-weather|DeltaStream|[upkeep]
|-damage|p2a: Rayquaza|48/100 tox|[from] psn
|upkeep
|c|☆carrier ant attack|ooh
|c|☆carrier ant attack|this set is pretty good
|
|t:|1639831520
|switch|p1a: Ditto|Ditto|100/100
|-transform|p1a: Ditto|p2a: Rayquaza|[from] ability: Imposter
|turn|5
|c|☆RUiNtheExtinct|right?
|
|t:|1639831527
|move|p1a: Ditto|Extreme Speed|p2a: Rayquaza
|-damage|p2a: Rayquaza|0 fnt
|faint|p2a: Rayquaza
|
|-weather|DeltaStream|[upkeep]
|upkeep
|
|t:|1639831533
|switch|p2a: Zygarde|Zygarde|100/100
|-damage|p2a: Zygarde|94/100|[from] Stealth Rock
|turn|6
|
|t:|1639831542
|-weather|none
|switch|p1a: Deoxys|Deoxys-Speed|20/100
|-ability|p1a: Deoxys|Pressure
|move|p2a: Zygarde|Glare|p1a: Deoxys
|-status|p1a: Deoxys|par
|
|-heal|p2a: Zygarde|100/100|[from] item: Leftovers
|upkeep
|turn|7
|inactive|RUiNtheExtinct has 120 seconds left.
|
|t:|1639831551
|move|p2a: Zygarde|Substitute|p2a: Zygarde
|-start|p2a: Zygarde|Substitute
|-damage|p2a: Zygarde|75/100
|move|p1a: Deoxys|Toxic||[still]
|-fail|p1a: Deoxys
|
|-heal|p2a: Zygarde|82/100|[from] item: Leftovers
|upkeep
|turn|8
|
|t:|1639831557
|move|p2a: Zygarde|Thousand Arrows|p1a: Deoxys
|-damage|p1a: Deoxys|0 fnt
|faint|p1a: Deoxys
|
|-heal|p2a: Zygarde|88/100|[from] item: Leftovers
|upkeep
|c|☆RUiNtheExtinct|well that was rude
|
|t:|1639831566
|switch|p1a: Xerneas|Xerneas|100/100
|-ability|p1a: Xerneas|Fairy Aura
|turn|9
|
|t:|1639831570
|move|p2a: Zygarde|Glare|p1a: Xerneas
|-status|p1a: Xerneas|par
|cant|p1a: Xerneas|par
|
|-heal|p2a: Zygarde|94/100|[from] item: Leftovers
|upkeep
|turn|10
|
|t:|1639831578
|switch|p2a: Necrozma|Necrozma-Dusk-Mane|100/100
|-damage|p2a: Necrozma|94/100|[from] Stealth Rock
|move|p1a: Xerneas|Moonblast|p2a: Necrozma
|-resisted|p2a: Necrozma
|-damage|p2a: Necrozma|68/100
|
|upkeep
|turn|11
|
|t:|1639831586
|switch|p1a: Yveltal|Yveltal|100/100
|-ability|p1a: Yveltal|Dark Aura
|move|p2a: Necrozma|Thunder Wave|p1a: Yveltal
|-status|p1a: Yveltal|par
|
|upkeep
|turn|12
|
|t:|1639831593
|move|p2a: Necrozma|Stealth Rock|p1a: Yveltal
|-sidestart|p1: RUiNtheExtinct|move: Stealth Rock
|move|p1a: Yveltal|Dark Pulse|p2a: Necrozma
|-supereffective|p2a: Necrozma
|-damage|p2a: Necrozma|0 fnt
|faint|p2a: Necrozma
|-damage|p1a: Yveltal|91/100 par|[from] item: Life Orb
|
|upkeep
|c|☆carrier ant attack|you're so
|
|t:|1639831601
|switch|p2a: Yveltal|Yveltal|100/100
|-ability|p2a: Yveltal|Dark Aura
|turn|13
|c|☆carrier ant attack|predictable
|
|t:|1639831607
|move|p2a: Yveltal|Snarl|p1a: Yveltal
|-resisted|p1a: Yveltal
|-damage|p1a: Yveltal|75/100 par
|-unboost|p1a: Yveltal|spa|1
|move|p1a: Yveltal|Knock Off|p2a: Yveltal
|-resisted|p2a: Yveltal
|-damage|p2a: Yveltal|70/100
|-enditem|p2a: Yveltal|Heavy-Duty Boots|[from] move: Knock Off|[of] p1a: Yveltal
|-damage|p1a: Yveltal|65/100 par|[from] item: Life Orb
|
|upkeep
|turn|14
|
|t:|1639831620
|switch|p1a: Xerneas|Xerneas|100/100 par
|-damage|p1a: Xerneas|88/100 par|[from] Stealth Rock
|-ability|p1a: Xerneas|Fairy Aura
|move|p2a: Yveltal|Roost|p2a: Yveltal
|-heal|p2a: Yveltal|100/100
|-singleturn|p2a: Yveltal|move: Roost
|
|upkeep
|turn|15
|c|☆RUiNtheExtinct|thanks
|
|t:|1639831630
|move|p2a: Yveltal|Snarl|p1a: Xerneas
|-resisted|p1a: Xerneas
|-damage|p1a: Xerneas|75/100 par
|-unboost|p1a: Xerneas|spa|1
|move|p1a: Xerneas|Moonblast|p2a: Yveltal
|-supereffective|p2a: Yveltal
|-damage|p2a: Yveltal|48/100
|-unboost|p2a: Yveltal|spa|1
|
|upkeep
|turn|16
|
|t:|1639831639
|switch|p1a: Yveltal|Yveltal|65/100 par
|-damage|p1a: Yveltal|40/100 par|[from] Stealth Rock
|-ability|p1a: Yveltal|Dark Aura
|move|p2a: Yveltal|Snarl|p1a: Yveltal
|-resisted|p1a: Yveltal
|-damage|p1a: Yveltal|31/100 par
|-unboost|p1a: Yveltal|spa|1
|
|upkeep
|turn|17
|
|t:|1639831649
|move|p2a: Yveltal|Roost|p2a: Yveltal
|-heal|p2a: Yveltal|98/100
|-singleturn|p2a: Yveltal|move: Roost
|move|p1a: Yveltal|Oblivion Wing|p2a: Yveltal
|-damage|p2a: Yveltal|77/100
|-heal|p1a: Yveltal|49/100 par|[from] drain|[of] p2a: Yveltal
|-damage|p1a: Yveltal|39/100 par|[from] item: Life Orb
|
|upkeep
|turn|18
|
|t:|1639831661
|switch|p1a: Xerneas|Xerneas|75/100 par
|-damage|p1a: Xerneas|63/100 par|[from] Stealth Rock
|-ability|p1a: Xerneas|Fairy Aura
|move|p2a: Yveltal|U-turn|p1a: Xerneas
|-resisted|p1a: Xerneas
|-damage|p1a: Xerneas|56/100 par
|j| pok3m0n_123
|
|t:|1639831668
|switch|p2a: Arceus|Arceus-Ground|100/100|[from]move: U-turn
|-damage|p2a: Arceus|94/100|[from] Stealth Rock
|
|upkeep
|turn|19
|
|t:|1639831677
|-start|p2a: Arceus|Dynamax
|-heal|p2a: Arceus|94/100|[silent]
|move|p2a: Arceus|Max Quake|p1a: Xerneas
|-damage|p1a: Xerneas|0 fnt
|-boost|p2a: Arceus|spd|1
|faint|p1a: Xerneas
|
|upkeep
|c|☆carrier ant attack|gg
|c|☆RUiNtheExtinct|gg
|
|t:|1639831689
|switch|p1a: Calyrex|Calyrex-Shadow|100/100
|-ability|p1a: Calyrex|As One
|-ability|p1a: Calyrex|Unnerve
|-damage|p1a: Calyrex|88/100|[from] Stealth Rock
|turn|20
|c|☆carrier ant attack|why didn't
|c|☆carrier ant attack|you make it a challenge
|c|☆RUiNtheExtinct|was picking a song
|c|☆carrier ant attack|since right now this is just a gg ez no re
|
|t:|1639831714
|move|p1a: Calyrex|Astral Barrage|p2a: Arceus
|-damage|p2a: Arceus|75/100
|move|p2a: Arceus|Max Rockfall|p1a: Calyrex
|-damage|p1a: Calyrex|35/100
|-weather|Sandstorm
|
|-weather|Sandstorm|[upkeep]
|-damage|p1a: Calyrex|29/100|[from] Sandstorm
|upkeep
|turn|21
|c|☆RUiNtheExtinct|ya.
|c|☆RUiNtheExtinct|gg
|
|t:|1639831726
|move|p1a: Calyrex|Astral Barrage|p2a: Arceus
|-damage|p2a: Arceus|57/100
|move|p2a: Arceus|Max Quake|p1a: Calyrex
|-damage|p1a: Calyrex|0 fnt
|-boost|p2a: Arceus|spd|1
|faint|p1a: Calyrex
|
|-weather|Sandstorm|[upkeep]
|-end|p2a: Arceus|Dynamax
|-heal|p2a: Arceus|57/100|[silent]
|upkeep
|inactive|RUiNtheExtinct has 120 seconds left.
|
|t:|1639831737
|switch|p1a: Ditto|Ditto|100/100
|-damage|p1a: Ditto|88/100|[from] Stealth Rock
|-transform|p1a: Ditto|p2a: Arceus|[from] ability: Imposter
|turn|22
|inactive|RUiNtheExtinct has 120 seconds left.
|
|t:|1639831750
|move|p1a: Ditto|Swords Dance|p1a: Ditto
|-boost|p1a: Ditto|atk|2
|move|p2a: Arceus|Recover|p2a: Arceus
|-heal|p2a: Arceus|100/100
|
|-weather|Sandstorm|[upkeep]
|upkeep
|turn|23
|
|t:|1639831760
|-start|p1a: Ditto|Dynamax
|-heal|p1a: Ditto|88/100|[silent]
|move|p2a: Arceus|Earthquake|p1a: Ditto
|-damage|p1a: Ditto|59/100
|move|p1a: Ditto|Max Quake|p2a: Arceus
|-damage|p2a: Arceus|0 fnt
|-boost|p1a: Ditto|spd|1
|faint|p2a: Arceus
|
|-weather|Sandstorm|[upkeep]
|upkeep
|
|t:|1639831778
|switch|p2a: Ditto|Ditto|100/100
|-damage|p2a: Ditto|88/100|[from] Stealth Rock
|turn|24
|
|t:|1639831785
|switch|p2a: Yveltal|Yveltal|77/100
|-damage|p2a: Yveltal|52/100|[from] Stealth Rock
|-ability|p2a: Yveltal|Dark Aura
|move|p1a: Ditto|Max Rockfall|p2a: Yveltal
|-supereffective|p2a: Yveltal
|-damage|p2a: Yveltal|0 fnt
|faint|p2a: Yveltal
|
|-weather|none
|upkeep
|c|☆RUiNtheExtinct|y so predictable?
|
|t:|1639831796
|switch|p2a: Ditto|Ditto|88/100
|-damage|p2a: Ditto|76/100|[from] Stealth Rock
|turn|25
|
|t:|1639831803
|move|p1a: Ditto|Max Quake|p2a: Ditto
|-damage|p2a: Ditto|0 fnt
|-boost|p1a: Ditto|spd|1
|faint|p2a: Ditto
|
|-end|p1a: Ditto|Dynamax
|-heal|p1a: Ditto|59/100|[silent]
|upkeep
|
|t:|1639831810
|switch|p2a: Zygarde|Zygarde|94/100
|-damage|p2a: Zygarde|88/100|[from] Stealth Rock
|turn|26
|
|t:|1639831814
|switch|p1a: Yveltal|Yveltal|39/100 par
|-damage|p1a: Yveltal|14/100 par|[from] Stealth Rock
|-ability|p1a: Yveltal|Dark Aura
|move|p2a: Zygarde|Glare|p1a: Yveltal
|-fail|p1a: Yveltal|par
|
|-heal|p2a: Zygarde|94/100|[from] item: Leftovers
|upkeep
|turn|27
|j| Lucas86488
|
|t:|1639831825
|move|p2a: Zygarde|Thousand Arrows|p1a: Yveltal
|-damage|p1a: Yveltal|0 fnt
|faint|p1a: Yveltal
|
|-heal|p2a: Zygarde|99/100|[from] item: Leftovers
|upkeep
|
|t:|1639831830
|switch|p1a: Ditto|Ditto|59/100
|-damage|p1a: Ditto|47/100|[from] Stealth Rock
|-transform|p1a: Ditto|p2a: Zygarde|[from] ability: Imposter
|turn|28
|c|☆carrier ant attack|heh
|c|☆carrier ant attack|hahaha
|c|☆carrier ant attack|hang on
|c|☆RUiNtheExtinct|what were u expecting?
|c|☆carrier ant attack|don't forfeit
|
|t:|1639831846
|move|p1a: Ditto|Glare|p2a: Zygarde
|-status|p2a: Zygarde|par
|cant|p2a: Zygarde|par
|
|-heal|p2a: Zygarde|100/100 par|[from] item: Leftovers
|upkeep
|turn|29
|c|☆carrier ant attack|don't
|c|☆carrier ant attack|don't you dare forfeit
|c|☆RUiNtheExtinct|obviosly not
|
|t:|1639831856
|move|p1a: Ditto|Glare|p2a: Zygarde
|-fail|p2a: Zygarde|par
|move|p2a: Zygarde|Glare|p1a: Ditto
|-status|p1a: Ditto|par
|
|upkeep
|turn|30
|c|☆carrier ant attack|do not forfeit
|
|t:|1639831862
|move|p1a: Ditto|Glare|p2a: Zygarde
|-fail|p2a: Zygarde|par
|move|p2a: Zygarde|Substitute|p2a: Zygarde
|-start|p2a: Zygarde|Substitute
|-damage|p2a: Zygarde|75/100 par
|
|-heal|p2a: Zygarde|82/100 par|[from] item: Leftovers
|upkeep
|turn|31
|c|☆carrier ant attack|i need to coil
|
|t:|1639831874
|move|p1a: Ditto|Glare||[still]
|-fail|p1a: Ditto
|move|p2a: Zygarde|Coil|p2a: Zygarde
|-boost|p2a: Zygarde|atk|1
|-boost|p2a: Zygarde|def|1
|-boost|p2a: Zygarde|accuracy|1
|
|-heal|p2a: Zygarde|88/100 par|[from] item: Leftovers
|upkeep
|turn|32
|
|t:|1639831882
|move|p1a: Ditto|Glare||[still]
|-fail|p1a: Ditto
|cant|p2a: Zygarde|par
|
|-heal|p2a: Zygarde|94/100 par|[from] item: Leftovers
|upkeep
|turn|33
|c|☆RUiNtheExtinct|imma run outta pp before tha shot anyway
|
|t:|1639831895
|-activate|p1a: Ditto|move: Struggle
|move|p1a: Ditto|Struggle|p2a: Zygarde
|-activate|p2a: Zygarde|move: Substitute|[damage]
|-damage|p1a: Ditto|22/100 par|[from] recoil
|move|p2a: Zygarde|Coil|p2a: Zygarde
|-boost|p2a: Zygarde|atk|1
|-boost|p2a: Zygarde|def|1
|-boost|p2a: Zygarde|accuracy|1
|
|-heal|p2a: Zygarde|99/100 par|[from] item: Leftovers
|upkeep
|turn|34
|
|t:|1639831907
|-activate|p1a: Ditto|move: Struggle
|move|p1a: Ditto|Struggle|p2a: Zygarde
|-activate|p2a: Zygarde|move: Substitute|[damage]
|-damage|p1a: Ditto|0 fnt|[from] recoil
|faint|p1a: Ditto
|
|win|carrier ant attack
|raw|RUiNtheExtinct's rating: 1808 &rarr; <strong>1785</strong><br />(-23 for losing)
|raw|carrier ant attack's rating: 1748 &rarr; <strong>1771</strong><br />(+23 for winning)
