|j|☆2miko
|j|☆Scetchers
|t:|1643758249
|gametype|singles
|player|p1|2miko|lady|1541
|player|p2|Scetchers|janitor|1468
|teamsize|p1|6
|teamsize|p2|6
|gen|8
|tier|[Gen 8] National Dex AG
|rated|
|rule|HP Percentage Mod: HP is shown in percentages
|rule|Endless Battle Clause: Forcing endless battles is banned
|clearpoke
|poke|p1|Ho-Oh|
|poke|p1|Arceus-*|
|poke|p1|Tyranitar, M|
|poke|p1|Zekrom|
|poke|p1|Zacian-*|
|poke|p1|Calyrex-Shadow|
|poke|p2|Zacian-*|
|poke|p2|Calyrex-Shadow|
|poke|p2|Kyogre|
|poke|p2|Lucario, F|
|poke|p2|Landorus-Therian, M|
|poke|p2|Arceus-*|
|teampreview
|inactive|Battle timer is ON: inactive players will automatically lose when time's up. (requested by 2miko)
|
|t:|1643758259
|start
|switch|p1a: Calyrex|Calyrex-Shadow|100/100
|switch|p2a: Landorus|Landorus-Therian, M, shiny|100/100
|-ability|p1a: Calyrex|As One
|-ability|p1a: Calyrex|Unnerve
|-ability|p2a: Landorus|Intimidate|boost
|-unboost|p1a: Calyrex|atk|1
|turn|1
|
|t:|1643758272
|switch|p1a: Ho-Oh|Ho-Oh|100/100
|move|p2a: Landorus|Knock Off|p1a: Ho-Oh
|-damage|p1a: Ho-Oh|78/100
|-enditem|p1a: Ho-Oh|Heavy-Duty Boots|[from] move: Knock Off|[of] p2a: Landorus
|
|upkeep
|turn|2
|
|t:|1643758280
|move|p2a: Landorus|U-turn|p1a: Ho-Oh
|-resisted|p1a: Ho-Oh
|-damage|p1a: Ho-Oh|74/100
|
|t:|1643758283
|switch|p2a: Kyogre|Kyogre|100/100|[from]move: U-turn
|detailschange|p2a: Kyogre|Kyogre-Primal
|-primal|p2a: Kyogre
|-weather|PrimordialSea|[from] ability: Primordial Sea|[of] p2a: Kyogre
|move|p1a: Ho-Oh|Sacred Fire||[still]
|-fail|p1a: Ho-Oh|Sacred Fire|[from] Primordial Sea
|
|-weather|PrimordialSea|[upkeep]
|upkeep
|turn|3
|
|t:|1643758294
|switch|p1a: Arceus|Arceus-Ground|100/100
|move|p2a: Kyogre|Water Spout|p1a: Arceus
|-supereffective|p1a: Arceus
|-damage|p1a: Arceus|0 fnt
|faint|p1a: Arceus
|
|-weather|PrimordialSea|[upkeep]
|upkeep
|
|t:|1643758295
|switch|p1a: Zekrom|Zekrom|100/100
|-ability|p1a: Zekrom|Teravolt
|turn|4
|
|t:|1643758306
|move|p1a: Zekrom|Substitute|p1a: Zekrom
|-start|p1a: Zekrom|Substitute
|-damage|p1a: Zekrom|76/100
|move|p2a: Kyogre|Blizzard|p1a: Zekrom
|-supereffective|p1a: Zekrom
|-end|p1a: Zekrom|Substitute
|
|-weather|PrimordialSea|[upkeep]
|upkeep
|turn|5
|
|t:|1643758313
|move|p2a: Kyogre|Blizzard|p1a: Zekrom
|-supereffective|p1a: Zekrom
|-damage|p1a: Zekrom|0 fnt
|faint|p1a: Zekrom
|
|-weather|PrimordialSea|[upkeep]
|upkeep
|
|t:|1643758318
|switch|p1a: Zacian|Zacian-Crowned|100/100
|-ability|p1a: Zacian|Intrepid Sword|boost
|-boost|p1a: Zacian|atk|1
|turn|6
|
|t:|1643758323
|move|p1a: Zacian|Wild Charge|p2a: Kyogre
|-supereffective|p2a: Kyogre
|-damage|p2a: Kyogre|0 fnt
|faint|p2a: Kyogre
|-weather|none
|-damage|p1a: Zacian|73/100|[from] Recoil
|
|upkeep
|
|t:|1643758330
|switch|p2a: Landorus|Landorus-Therian, M, shiny|100/100
|-ability|p2a: Landorus|Intimidate|boost
|-unboost|p1a: Zacian|atk|1
|turn|7
|
|t:|1643758335
|switch|p1a: Ho-Oh|Ho-Oh|100/100
|move|p2a: Landorus|Knock Off|p1a: Ho-Oh
|-damage|p1a: Ho-Oh|85/100
|
|upkeep
|turn|8
|
|t:|1643758345
|switch|p1a: Calyrex|Calyrex-Shadow|100/100
|-ability|p1a: Calyrex|As One
|-ability|p1a: Calyrex|Unnerve
|move|p2a: Landorus|U-turn|p1a: Calyrex
|-damage|p1a: Calyrex|71/100
|
|t:|1643758362
|switch|p2a: Zacian|Zacian-Crowned|100/100|[from]move: U-turn
|-ability|p2a: Zacian|Intrepid Sword|boost
|-boost|p2a: Zacian|atk|1
|
|upkeep
|turn|9
|
|t:|1643758368
|switch|p1a: Ho-Oh|Ho-Oh|100/100
|move|p2a: Zacian|Crunch|p1a: Ho-Oh
|-damage|p1a: Ho-Oh|69/100
|-unboost|p1a: Ho-Oh|def|1
|
|upkeep
|turn|10
|
|t:|1643758379
|switch|p2a: Landorus|Landorus-Therian, M, shiny|100/100
|-ability|p2a: Landorus|Intimidate|boost
|-unboost|p1a: Ho-Oh|atk|1
|move|p1a: Ho-Oh|Sacred Fire|p2a: Landorus
|-damage|p2a: Landorus|71/100
|-status|p2a: Landorus|brn
|
|-damage|p2a: Landorus|64/100 brn|[from] brn
|upkeep
|turn|11
|
|t:|1643758393
|switch|p1a: Tyranitar|Tyranitar, M|100/100
|-weather|Sandstorm|[from] ability: Sand Stream|[of] p1a: Tyranitar
|move|p2a: Landorus|U-turn|p1a: Tyranitar
|-supereffective|p1a: Tyranitar
|-damage|p1a: Tyranitar|80/100
|
|t:|1643758400
|switch|p2a: Zacian|Zacian-Crowned|100/100|[from]move: U-turn
|-ability|p2a: Zacian|Intrepid Sword|boost
|-boost|p2a: Zacian|atk|1
|
|-weather|Sandstorm|[upkeep]
|upkeep
|turn|12
|
|t:|1643758407
|switch|p1a: Ho-Oh|Ho-Oh|100/100
|move|p2a: Zacian|Play Rough|p1a: Ho-Oh|[miss]
|-miss|p2a: Zacian|p1a: Ho-Oh
|
|-weather|Sandstorm|[upkeep]
|-damage|p1a: Ho-Oh|94/100|[from] Sandstorm
|upkeep
|turn|13
|
|t:|1643758419
|move|p2a: Zacian|Play Rough|p1a: Ho-Oh
|-resisted|p1a: Ho-Oh
|-damage|p1a: Ho-Oh|68/100
|move|p1a: Ho-Oh|Sacred Fire|p2a: Zacian
|-supereffective|p2a: Zacian
|-damage|p2a: Zacian|26/100
|-status|p2a: Zacian|brn
|
|-weather|Sandstorm|[upkeep]
|-damage|p1a: Ho-Oh|61/100|[from] Sandstorm
|-damage|p2a: Zacian|20/100 brn|[from] brn
|upkeep
|turn|14
|
|t:|1643758433
|move|p2a: Zacian|Play Rough|p1a: Ho-Oh
|-resisted|p1a: Ho-Oh
|-damage|p1a: Ho-Oh|47/100
|move|p1a: Ho-Oh|Recover|p1a: Ho-Oh
|-heal|p1a: Ho-Oh|97/100
|
|-weather|Sandstorm|[upkeep]
|-damage|p1a: Ho-Oh|91/100|[from] Sandstorm
|-damage|p2a: Zacian|14/100 brn|[from] brn
|upkeep
|turn|15
|
|t:|1643758446
|switch|p2a: Arceus|Arceus-Electric, shiny|100/100
|move|p1a: Ho-Oh|Recover|p1a: Ho-Oh
|-heal|p1a: Ho-Oh|100/100
|
|-weather|none
|upkeep
|turn|16
|
|t:|1643758454
|switch|p1a: Zacian|Zacian-Crowned|73/100
|-ability|p1a: Zacian|Intrepid Sword|boost
|-boost|p1a: Zacian|atk|1
|move|p2a: Arceus|Judgment|p1a: Zacian
|-resisted|p1a: Zacian
|-crit|p1a: Zacian
|-damage|p1a: Zacian|52/100
|
|upkeep
|turn|17
|
|t:|1643758470
|move|p2a: Arceus|Extreme Speed|p1a: Zacian
|-resisted|p1a: Zacian
|-damage|p1a: Zacian|42/100
|move|p1a: Zacian|Behemoth Blade|p2a: Arceus
|-resisted|p2a: Arceus
|-damage|p2a: Arceus|62/100
|
|upkeep
|turn|18
|
|t:|1643758482
|move|p1a: Zacian|Close Combat|p2a: Arceus
|-damage|p2a: Arceus|4/100
|-unboost|p1a: Zacian|def|1
|-unboost|p1a: Zacian|spd|1
|move|p2a: Arceus|Recover|p2a: Arceus
|-heal|p2a: Arceus|54/100
|
|upkeep
|turn|19
|
|t:|1643758491
|switch|p2a: Calyrex|Calyrex-Shadow|100/100
|-ability|p2a: Calyrex|As One
|-ability|p2a: Calyrex|Unnerve
|move|p1a: Zacian|Close Combat|p2a: Calyrex
|-immune|p2a: Calyrex
|
|upkeep
|turn|20
|
|t:|1643758501
|switch|p1a: Tyranitar|Tyranitar, M|80/100
|-weather|Sandstorm|[from] ability: Sand Stream|[of] p1a: Tyranitar
|move|p2a: Calyrex|Astral Barrage|p1a: Tyranitar
|-resisted|p1a: Tyranitar
|-damage|p1a: Tyranitar|67/100
|
|-weather|Sandstorm|[upkeep]
|-damage|p2a: Calyrex|94/100|[from] Sandstorm
|upkeep
|turn|21
|
|t:|1643758513
|-activate|p2a: Calyrex|move: Pursuit
|detailschange|p1a: Tyranitar|Tyranitar-Mega, M
|-mega|p1a: Tyranitar|Tyranitar|Tyranitarite
|move|p1a: Tyranitar|Pursuit|p2a: Calyrex|[from]Pursuit
|-supereffective|p2a: Calyrex
|-damage|p2a: Calyrex|0 fnt
|faint|p2a: Calyrex
|-hint|A Pokemon can't switch between when it runs out of HP and when it faints
|
|-weather|Sandstorm|[upkeep]
|upkeep
|
|t:|1643758524
|switch|p2a: Lucario|Lucario, F, shiny|100/100
|turn|22
|
|t:|1643758527
|switch|p1a: Ho-Oh|Ho-Oh|100/100
|detailschange|p2a: Lucario|Lucario-Mega, F, shiny
|-mega|p2a: Lucario|Lucario|Lucarionite
|move|p2a: Lucario|Power-Up Punch|p1a: Ho-Oh
|-resisted|p1a: Ho-Oh
|-damage|p1a: Ho-Oh|91/100
|-boost|p2a: Lucario|atk|1
|
|-weather|Sandstorm|[upkeep]
|-damage|p1a: Ho-Oh|85/100|[from] Sandstorm
|upkeep
|turn|23
|
|t:|1643758543
|switch|p2a: Arceus|Arceus-Electric, shiny|54/100
|move|p1a: Ho-Oh|Sacred Fire|p2a: Arceus
|-damage|p2a: Arceus|25/100
|
|-weather|Sandstorm|[upkeep]
|-damage|p2a: Arceus|18/100|[from] Sandstorm
|-damage|p1a: Ho-Oh|79/100|[from] Sandstorm
|upkeep
|turn|24
|
|t:|1643758556
|switch|p1a: Zacian|Zacian-Crowned|42/100
|-ability|p1a: Zacian|Intrepid Sword|boost
|-boost|p1a: Zacian|atk|1
|move|p2a: Arceus|Recover|p2a: Arceus
|-heal|p2a: Arceus|69/100
|
|-weather|none
|upkeep
|turn|25
|
|t:|1643758565
|switch|p1a: Calyrex|Calyrex-Shadow|71/100
|-ability|p1a: Calyrex|As One
|-ability|p1a: Calyrex|Unnerve
|move|p2a: Arceus|Judgment|p1a: Calyrex
|-immune|p1a: Calyrex
|
|upkeep
|turn|26
|
|t:|1643758575
|move|p1a: Calyrex|Astral Barrage|p2a: Arceus
|-damage|p2a: Arceus|23/100
|move|p2a: Arceus|Toxic|p1a: Calyrex
|-status|p1a: Calyrex|tox
|
|-damage|p1a: Calyrex|65/100 tox|[from] psn
|upkeep
|turn|27
|
|t:|1643758587
|move|p1a: Calyrex|Astral Barrage|p2a: Arceus
|-damage|p2a: Arceus|0 fnt
|faint|p2a: Arceus
|-ability|p1a: Calyrex|Grim Neigh|boost
|-boost|p1a: Calyrex|spa|1
|
|-damage|p1a: Calyrex|53/100 tox|[from] psn
|upkeep
|
|t:|1643758600
|switch|p2a: Zacian|Zacian-Crowned|14/100 brn
|-ability|p2a: Zacian|Intrepid Sword|boost
|-boost|p2a: Zacian|atk|1
|turn|28
|
|t:|1643758606
|move|p1a: Calyrex|Astral Barrage|p2a: Zacian
|-damage|p2a: Zacian|0 fnt
|faint|p2a: Zacian
|-ability|p1a: Calyrex|Grim Neigh|boost
|-boost|p1a: Calyrex|spa|1
|
|-damage|p1a: Calyrex|34/100 tox|[from] psn
|upkeep
|
|t:|1643758616
|switch|p2a: Lucario|Lucario-Mega, F, shiny|100/100
|turn|29
|
|t:|1643758619
|move|p2a: Lucario|Bullet Punch|p1a: Calyrex
|-damage|p1a: Calyrex|0 fnt
|faint|p1a: Calyrex
|
|upkeep
|
|t:|1643758627
|switch|p1a: Ho-Oh|Ho-Oh|100/100
|turn|30
|
|t:|1643758632
|switch|p2a: Landorus|Landorus-Therian, M, shiny|64/100 brn
|-ability|p2a: Landorus|Intimidate|boost
|-unboost|p1a: Ho-Oh|atk|1
|move|p1a: Ho-Oh|Sacred Fire|p2a: Landorus
|-damage|p2a: Landorus|33/100 brn
|
|-damage|p2a: Landorus|27/100 brn|[from] brn
|upkeep
|turn|31
|
|t:|1643758646
|switch|p1a: Tyranitar|Tyranitar-Mega, M|67/100
|-weather|Sandstorm|[from] ability: Sand Stream|[of] p1a: Tyranitar
|-start|p2a: Landorus|Dynamax
|-heal|p2a: Landorus|27/100 brn|[silent]
|move|p2a: Landorus|Max Darkness|p1a: Tyranitar
|-resisted|p1a: Tyranitar
|-damage|p1a: Tyranitar|61/100
|-unboost|p1a: Tyranitar|spd|1
|
|-weather|Sandstorm|[upkeep]
|-damage|p2a: Landorus|24/100 brn|[from] brn
|upkeep
|turn|32
|
|t:|1643758699
|move|p2a: Landorus|Max Quake|p1a: Tyranitar
|-supereffective|p1a: Tyranitar
|-damage|p1a: Tyranitar|12/100
|-boost|p2a: Landorus|spd|1
|move|p1a: Tyranitar|Rock Tomb|p2a: Landorus
|-damage|p2a: Landorus|4/100 brn
|-unboost|p2a: Landorus|spe|1
|
|-weather|Sandstorm|[upkeep]
|-damage|p2a: Landorus|1/100 brn|[from] brn
|upkeep
|turn|33
|
|t:|1643758718
|move|p2a: Landorus|Max Quake|p1a: Tyranitar
|-supereffective|p1a: Tyranitar
|-damage|p1a: Tyranitar|0 fnt
|-boost|p2a: Landorus|spd|1
|faint|p1a: Tyranitar
|
|-weather|Sandstorm|[upkeep]
|-damage|p2a: Landorus|0 fnt|[from] brn
|faint|p2a: Landorus
|upkeep
|
|t:|1643758727
|switch|p2a: Lucario|Lucario-Mega, F, shiny|100/100
|switch|p1a: Ho-Oh|Ho-Oh|100/100
|turn|34
|
|t:|1643758736
|move|p2a: Lucario|Swords Dance|p2a: Lucario
|-boost|p2a: Lucario|atk|2
|move|p1a: Ho-Oh|Sacred Fire|p2a: Lucario
|-supereffective|p2a: Lucario
|-damage|p2a: Lucario|0 fnt
|faint|p2a: Lucario
|
|win|2miko
|raw|2miko's rating: 1541 &rarr; <strong>1557</strong><br />(+16 for winning)
|raw|Scetchers's rating: 1468 &rarr; <strong>1452</strong><br />(-16 for losing)
|c|☆2miko|gg
|c|☆Scetchers|Gg
|l|☆Scetchers
