|j|☆cotesmcgotes
|j|☆JedTheHumanoid
|t:|1652483248
|gametype|singles
|player|p1|cotesmcgotes|doubleteam|1590
|player|p2|JedTheHumanoid|tuber-gen3|1710
|teamsize|p1|6
|teamsize|p2|6
|gen|8
|tier|[Gen 8] National Dex AG
|rated|
|rule|HP Percentage Mod: HP is shown in percentages
|rule|Endless Battle Clause: Forcing endless battles is banned
|clearpoke
|poke|p1|Quagsire, F|
|poke|p1|Zeraora|
|poke|p1|Zacian-*|
|poke|p1|Lugia|
|poke|p1|Yveltal|
|poke|p1|Kyogre|
|poke|p2|Calyrex-Shadow|
|poke|p2|Groudon|
|poke|p2|Rayquaza|
|poke|p2|Yveltal|
|poke|p2|Arceus-*|
|poke|p2|Eternatus|
|teampreview
|inactive|Battle timer is ON: inactive players will automatically lose when time's up. (requested by cotesmcgotes)
|inactive|JedTheHumanoid has 120 seconds left.
|
|t:|1652483282
|start
|switch|p1a: Zeraora|Zeraora|100/100
|switch|p2a: Rayquaza|Rayquaza|100/100
|-ability|p2a: Rayquaza|Air Lock
|turn|1
|
|t:|1652483290
|switch|p2a: Groudon|Groudon|100/100
|detailschange|p2a: Groudon|Groudon-Primal
|-primal|p2a: Groudon
|-weather|DesolateLand|[from] ability: Desolate Land|[of] p2a: Groudon
|move|p1a: Zeraora|Play Rough|p2a: Groudon
|-resisted|p2a: Groudon
|-damage|p2a: Groudon|94/100
|-unboost|p2a: Groudon|atk|1
|
|-weather|DesolateLand|[upkeep]
|upkeep
|turn|2
|
|t:|1652483301
|switch|p1a: Lugia|Lugia|100/100
|move|p2a: Groudon|Stealth Rock|p1a: Lugia
|-sidestart|p1: cotesmcgotes|move: Stealth Rock
|
|-weather|DesolateLand|[upkeep]
|upkeep
|turn|3
|
|t:|1652483314
|-weather|none
|switch|p2a: Eternatus|Eternatus|100/100
|-ability|p2a: Eternatus|Pressure
|move|p1a: Lugia|Toxic|p2a: Eternatus
|-immune|p2a: Eternatus
|
|upkeep
|turn|4
|
|t:|1652483326
|switch|p1a: Zacian|Zacian-Crowned, shiny|100/100
|-damage|p1a: Zacian|94/100|[from] Stealth Rock
|-ability|p1a: Zacian|Intrepid Sword|boost
|-boost|p1a: Zacian|atk|1
|move|p2a: Eternatus|Flamethrower|p1a: Zacian
|-supereffective|p1a: Zacian
|-damage|p1a: Zacian|39/100
|
|upkeep
|turn|5
|
|t:|1652483341
|switch|p2a: Groudon|Groudon-Primal|94/100
|-weather|DesolateLand|[from] ability: Desolate Land|[of] p2a: Groudon
|move|p1a: Zacian|Behemoth Blade|p2a: Groudon
|-resisted|p2a: Groudon
|-damage|p2a: Groudon|71/100
|
|-weather|DesolateLand|[upkeep]
|upkeep
|turn|6
|
|t:|1652483354
|switch|p1a: Kyogre|Kyogre|100/100
|-damage|p1a: Kyogre|88/100|[from] Stealth Rock
|detailschange|p1a: Kyogre|Kyogre-Primal
|-primal|p1a: Kyogre
|-weather|PrimordialSea|[from] ability: Primordial Sea|[of] p1a: Kyogre
|move|p2a: Groudon|Thunder Wave|p1a: Kyogre
|-status|p1a: Kyogre|par
|
|-weather|PrimordialSea|[upkeep]
|upkeep
|turn|7
|
|t:|1652483364
|switch|p2a: Eternatus|Eternatus|100/100
|-ability|p2a: Eternatus|Pressure
|cant|p1a: Kyogre|par
|
|-weather|PrimordialSea|[upkeep]
|upkeep
|turn|8
|
|t:|1652483371
|move|p2a: Eternatus|Cosmic Power|p2a: Eternatus
|-boost|p2a: Eternatus|def|1
|-boost|p2a: Eternatus|spd|1
|move|p1a: Kyogre|Ice Beam|p2a: Eternatus
|-supereffective|p2a: Eternatus
|-crit|p2a: Eternatus
|-damage|p2a: Eternatus|5/100
|
|-weather|PrimordialSea|[upkeep]
|-heal|p2a: Eternatus|12/100|[from] item: Black Sludge
|upkeep
|turn|9
|
|t:|1652483386
|move|p2a: Eternatus|Recover|p2a: Eternatus
|-heal|p2a: Eternatus|62/100
|move|p1a: Kyogre|Ice Beam|p2a: Eternatus
|-supereffective|p2a: Eternatus
|-damage|p2a: Eternatus|20/100
|-status|p2a: Eternatus|frz
|
|-weather|PrimordialSea|[upkeep]
|-heal|p2a: Eternatus|26/100 frz|[from] item: Black Sludge
|upkeep
|turn|10
|
|t:|1652483394
|cant|p2a: Eternatus|frz
|cant|p1a: Kyogre|par
|
|-weather|PrimordialSea|[upkeep]
|-heal|p2a: Eternatus|32/100 frz|[from] item: Black Sludge
|upkeep
|turn|11
|
|t:|1652483399
|-curestatus|p2a: Eternatus|frz|[msg]
|move|p2a: Eternatus|Recover|p2a: Eternatus
|-heal|p2a: Eternatus|82/100
|move|p1a: Kyogre|Ice Beam|p2a: Eternatus
|-supereffective|p2a: Eternatus
|-damage|p2a: Eternatus|39/100
|-status|p2a: Eternatus|frz
|
|-weather|PrimordialSea|[upkeep]
|-heal|p2a: Eternatus|45/100 frz|[from] item: Black Sludge
|upkeep
|turn|12
|c|☆JedTheHumanoid|o_o
|
|t:|1652483414
|cant|p2a: Eternatus|frz
|cant|p1a: Kyogre|par
|
|-weather|PrimordialSea|[upkeep]
|-heal|p2a: Eternatus|51/100 frz|[from] item: Black Sludge
|upkeep
|turn|13
|
|t:|1652483419
|-curestatus|p2a: Eternatus|frz|[msg]
|move|p2a: Eternatus|Recover|p2a: Eternatus
|-heal|p2a: Eternatus|100/100
|move|p1a: Kyogre|Ice Beam|p2a: Eternatus
|-supereffective|p2a: Eternatus
|-damage|p2a: Eternatus|60/100
|
|-weather|PrimordialSea|[upkeep]
|-heal|p2a: Eternatus|66/100|[from] item: Black Sludge
|upkeep
|turn|14
|
|t:|1652483428
|move|p2a: Eternatus|Cosmic Power|p2a: Eternatus
|-boost|p2a: Eternatus|def|1
|-boost|p2a: Eternatus|spd|1
|move|p1a: Kyogre|Ice Beam|p2a: Eternatus
|-supereffective|p2a: Eternatus
|-damage|p2a: Eternatus|34/100
|
|-weather|PrimordialSea|[upkeep]
|-heal|p2a: Eternatus|40/100|[from] item: Black Sludge
|upkeep
|turn|15
|
|t:|1652483435
|move|p2a: Eternatus|Recover|p2a: Eternatus
|-heal|p2a: Eternatus|90/100
|move|p1a: Kyogre|Ice Beam|p2a: Eternatus
|-supereffective|p2a: Eternatus
|-damage|p2a: Eternatus|58/100
|
|-weather|PrimordialSea|[upkeep]
|-heal|p2a: Eternatus|65/100|[from] item: Black Sludge
|upkeep
|turn|16
|
|t:|1652483450
|-weather|none
|switch|p1a: Quagsire|Quagsire, F|100/100
|-damage|p1a: Quagsire|94/100|[from] Stealth Rock
|move|p2a: Eternatus|Recover|p2a: Eternatus
|-heal|p2a: Eternatus|100/100
|
|upkeep
|turn|17
|
|t:|1652483458
|switch|p2a: Rayquaza|Rayquaza|100/100
|-ability|p2a: Rayquaza|Air Lock
|move|p1a: Quagsire|Haze|p1a: Quagsire
|-clearallboost
|
|upkeep
|turn|18
|
|t:|1652483468
|detailschange|p2a: Rayquaza|Rayquaza-Mega
|-mega|p2a: Rayquaza|Rayquaza|
|-weather|DeltaStream|[from] ability: Delta Stream|[of] p2a: Rayquaza
|move|p2a: Rayquaza|Draco Meteor|p1a: Quagsire
|-damage|p1a: Quagsire|0 fnt
|-unboost|p2a: Rayquaza|spa|2
|faint|p1a: Quagsire
|-damage|p2a: Rayquaza|91/100|[from] item: Life Orb
|
|-weather|DeltaStream|[upkeep]
|upkeep
|inactive|cotesmcgotes has 120 seconds left.
|
|t:|1652483498
|switch|p1a: Kyogre|Kyogre-Primal|88/100 par
|-damage|p1a: Kyogre|76/100 par|[from] Stealth Rock
|-weather|PrimordialSea|[from] ability: Primordial Sea|[of] p1a: Kyogre
|turn|19
|
|t:|1652483513
|switch|p2a: Eternatus|Eternatus|100/100
|-ability|p2a: Eternatus|Pressure
|move|p1a: Kyogre|Ice Beam|p2a: Eternatus
|-supereffective|p2a: Eternatus
|-damage|p2a: Eternatus|39/100
|
|-weather|PrimordialSea|[upkeep]
|-heal|p2a: Eternatus|45/100|[from] item: Black Sludge
|upkeep
|turn|20
|
|t:|1652483521
|move|p2a: Eternatus|Recover|p2a: Eternatus
|-heal|p2a: Eternatus|95/100
|move|p1a: Kyogre|Ice Beam|p2a: Eternatus
|-supereffective|p2a: Eternatus
|-damage|p2a: Eternatus|32/100
|-status|p2a: Eternatus|frz
|
|-weather|PrimordialSea|[upkeep]
|-heal|p2a: Eternatus|38/100 frz|[from] item: Black Sludge
|upkeep
|turn|21
|
|t:|1652483531
|switch|p2a: Groudon|Groudon-Primal|71/100
|-weather|DesolateLand|[from] ability: Desolate Land|[of] p2a: Groudon
|move|p1a: Kyogre|Surf||[still]
|-fail|p1a: Kyogre|Surf|[from] Desolate Land
|
|-weather|DesolateLand|[upkeep]
|upkeep
|turn|22
|
|t:|1652483555
|switch|p1a: Lugia|Lugia|100/100
|-damage|p1a: Lugia|76/100|[from] Stealth Rock
|move|p2a: Groudon|Thunder Wave|p1a: Lugia
|-status|p1a: Lugia|par
|
|-weather|DesolateLand|[upkeep]
|-heal|p1a: Lugia|82/100 par|[from] item: Leftovers
|upkeep
|turn|23
|
|t:|1652483570
|-weather|none
|switch|p2a: Eternatus|Eternatus|38/100 frz
|-ability|p2a: Eternatus|Pressure
|cant|p1a: Lugia|par
|
|-heal|p2a: Eternatus|44/100 frz|[from] item: Black Sludge
|-heal|p1a: Lugia|88/100 par|[from] item: Leftovers
|upkeep
|turn|24
|
|t:|1652483579
|cant|p2a: Eternatus|frz
|cant|p1a: Lugia|par
|
|-heal|p2a: Eternatus|50/100 frz|[from] item: Black Sludge
|-heal|p1a: Lugia|94/100 par|[from] item: Leftovers
|upkeep
|turn|25
|
|t:|1652483585
|cant|p2a: Eternatus|frz
|move|p1a: Lugia|Aeroblast|p2a: Eternatus
|-damage|p2a: Eternatus|27/100 frz
|
|-heal|p2a: Eternatus|33/100 frz|[from] item: Black Sludge
|-heal|p1a: Lugia|99/100 par|[from] item: Leftovers
|upkeep
|turn|26
|
|t:|1652483595
|cant|p2a: Eternatus|frz
|move|p1a: Lugia|Aeroblast|p2a: Eternatus
|-damage|p2a: Eternatus|8/100 frz
|
|-heal|p2a: Eternatus|15/100 frz|[from] item: Black Sludge
|-heal|p1a: Lugia|100/100 par|[from] item: Leftovers
|upkeep
|turn|27
|
|t:|1652483601
|cant|p2a: Eternatus|frz
|move|p1a: Lugia|Aeroblast|p2a: Eternatus
|-damage|p2a: Eternatus|0 fnt
|faint|p2a: Eternatus
|
|upkeep
|
|t:|1652483609
|switch|p2a: Calyrex|Calyrex-Shadow|100/100
|-ability|p2a: Calyrex|As One
|-ability|p2a: Calyrex|Unnerve
|turn|28
|
|t:|1652483615
|switch|p1a: Yveltal|Yveltal, shiny|100/100
|-damage|p1a: Yveltal|76/100|[from] Stealth Rock
|-ability|p1a: Yveltal|Dark Aura
|move|p2a: Calyrex|Substitute|p2a: Calyrex
|-start|p2a: Calyrex|Substitute
|-damage|p2a: Calyrex|76/100
|
|upkeep
|turn|29
|
|t:|1652483631
|-start|p1a: Yveltal|Dynamax|
|-heal|p1a: Yveltal|76/100|[silent]
|move|p2a: Calyrex|Baton Pass|p2a: Calyrex
|
|t:|1652483636
|switch|p2a: Arceus|Arceus-Dark|100/100|[from]move: Baton Pass
|move|p1a: Yveltal|Max Airstream|p2a: Arceus
|-end|p2a: Arceus|Substitute
|-boost|p1a: Yveltal|spe|1
|
|upkeep
|turn|30
|
|t:|1652483644
|move|p1a: Yveltal|Max Airstream|p2a: Arceus
|-damage|p2a: Arceus|67/100
|-boost|p1a: Yveltal|spe|1
|move|p2a: Arceus|Recover|p2a: Arceus
|-heal|p2a: Arceus|100/100
|
|upkeep
|turn|31
|
|t:|1652483655
|move|p1a: Yveltal|Max Darkness|p2a: Arceus
|-resisted|p2a: Arceus
|-damage|p2a: Arceus|79/100
|-unboost|p2a: Arceus|spd|1
|move|p2a: Arceus|Toxic|p1a: Yveltal
|-status|p1a: Yveltal|tox
|
|-damage|p1a: Yveltal|73/100 tox|[from] psn
|upkeep
|-end|p1a: Yveltal|Dynamax
|-heal|p1a: Yveltal|73/100 tox|[silent]
|turn|32
|
|t:|1652483671
|move|p1a: Yveltal|Defog|p2a: Arceus
|-unboost|p2a: Arceus|evasion|1
|-sideend|p1: cotesmcgotes|Stealth Rock|[from] move: Defog|[of] p1a: Yveltal
|move|p2a: Arceus|Recover|p2a: Arceus
|-heal|p2a: Arceus|100/100
|
|-damage|p1a: Yveltal|60/100 tox|[from] psn
|upkeep
|turn|33
|
|t:|1652483689
|move|p1a: Yveltal|Oblivion Wing|p2a: Arceus
|-crit|p2a: Arceus
|-damage|p2a: Arceus|54/100
|-heal|p1a: Yveltal|99/100 tox|[from] drain|[of] p2a: Arceus
|move|p2a: Arceus|Judgment|p1a: Yveltal
|-resisted|p1a: Yveltal
|-damage|p1a: Yveltal|70/100 tox
|
|-damage|p1a: Yveltal|52/100 tox|[from] psn
|upkeep
|turn|34
|
|t:|1652483699
|move|p1a: Yveltal|Oblivion Wing|p2a: Arceus
|-damage|p2a: Arceus|23/100
|-heal|p1a: Yveltal|79/100 tox|[from] drain|[of] p2a: Arceus
|move|p2a: Arceus|Recover|p2a: Arceus
|-heal|p2a: Arceus|73/100
|
|-damage|p1a: Yveltal|54/100 tox|[from] psn
|upkeep
|turn|35
|
|t:|1652483712
|switch|p1a: Zeraora|Zeraora|100/100
|move|p2a: Arceus|Recover|p2a: Arceus
|-heal|p2a: Arceus|100/100
|
|upkeep
|turn|36
|
|t:|1652483721
|switch|p2a: Groudon|Groudon-Primal|71/100
|-weather|DesolateLand|[from] ability: Desolate Land|[of] p2a: Groudon
|move|p1a: Zeraora|Play Rough|p2a: Groudon
|-resisted|p2a: Groudon
|-damage|p2a: Groudon|64/100
|
|-weather|DesolateLand|[upkeep]
|upkeep
|turn|37
|
|t:|1652483735
|switch|p1a: Kyogre|Kyogre-Primal|76/100 par
|-weather|PrimordialSea|[from] ability: Primordial Sea|[of] p1a: Kyogre
|move|p2a: Groudon|Stealth Rock|p1a: Kyogre
|-sidestart|p1: cotesmcgotes|move: Stealth Rock
|
|-weather|PrimordialSea|[upkeep]
|upkeep
|turn|38
|
|t:|1652483746
|switch|p2a: Rayquaza|Rayquaza-Mega|91/100
|-weather|DeltaStream|[from] ability: Delta Stream|[of] p2a: Rayquaza
|move|p1a: Kyogre|Surf|p2a: Rayquaza
|-resisted|p2a: Rayquaza
|-crit|p2a: Rayquaza
|-damage|p2a: Rayquaza|43/100
|
|-weather|DeltaStream|[upkeep]
|upkeep
|turn|39
|
|t:|1652483757
|move|p2a: Rayquaza|Dragon Ascent|p1a: Kyogre
|-damage|p1a: Kyogre|0 fnt
|-unboost|p2a: Rayquaza|def|1
|-unboost|p2a: Rayquaza|spd|1
|faint|p1a: Kyogre
|-damage|p2a: Rayquaza|33/100|[from] item: Life Orb
|
|-weather|DeltaStream|[upkeep]
|upkeep
|
|t:|1652483765
|switch|p1a: Zeraora|Zeraora|100/100
|-damage|p1a: Zeraora|88/100|[from] Stealth Rock
|turn|40
|
|t:|1652483774
|-weather|none
|switch|p2a: Groudon|Groudon-Primal|64/100
|-weather|DesolateLand|[from] ability: Desolate Land|[of] p2a: Groudon
|move|p1a: Zeraora|Fire Punch|p2a: Groudon
|-resisted|p2a: Groudon
|-damage|p2a: Groudon|56/100
|
|-weather|DesolateLand|[upkeep]
|upkeep
|turn|41
|
|t:|1652483788
|switch|p1a: Lugia|Lugia|100/100 par
|-damage|p1a: Lugia|76/100 par|[from] Stealth Rock
|move|p2a: Groudon|Rock Tomb|p1a: Lugia
|-supereffective|p1a: Lugia
|-damage|p1a: Lugia|45/100 par
|-unboost|p1a: Lugia|spe|1
|
|-weather|DesolateLand|[upkeep]
|-heal|p1a: Lugia|51/100 par|[from] item: Leftovers
|upkeep
|turn|42
|
|t:|1652483800
|move|p2a: Groudon|Rock Tomb|p1a: Lugia
|-supereffective|p1a: Lugia
|-damage|p1a: Lugia|20/100 par
|-unboost|p1a: Lugia|spe|1
|move|p1a: Lugia|Roost|p1a: Lugia
|-heal|p1a: Lugia|70/100 par
|-singleturn|p1a: Lugia|move: Roost
|
|-weather|DesolateLand|[upkeep]
|-heal|p1a: Lugia|76/100 par|[from] item: Leftovers
|upkeep
|turn|43
|
|t:|1652483812
|move|p2a: Groudon|Rock Tomb|p1a: Lugia
|-supereffective|p1a: Lugia
|-damage|p1a: Lugia|43/100 par
|-unboost|p1a: Lugia|spe|1
|move|p1a: Lugia|Toxic|p2a: Groudon
|-status|p2a: Groudon|tox
|
|-weather|DesolateLand|[upkeep]
|-heal|p1a: Lugia|49/100 par|[from] item: Leftovers
|-damage|p2a: Groudon|50/100 tox|[from] psn
|upkeep
|turn|44
|
|t:|1652483825
|-weather|none
|switch|p2a: Rayquaza|Rayquaza-Mega|33/100
|-weather|DeltaStream|[from] ability: Delta Stream|[of] p2a: Rayquaza
|move|p1a: Lugia|Roost|p1a: Lugia
|-heal|p1a: Lugia|99/100 par
|-singleturn|p1a: Lugia|move: Roost
|
|-weather|DeltaStream|[upkeep]
|-heal|p1a: Lugia|100/100 par|[from] item: Leftovers
|upkeep
|turn|45
|
|t:|1652483837
|move|p2a: Rayquaza|Dragon Ascent|p1a: Lugia
|-damage|p1a: Lugia|65/100 par
|-unboost|p2a: Rayquaza|def|1
|-unboost|p2a: Rayquaza|spd|1
|-damage|p2a: Rayquaza|23/100|[from] item: Life Orb
|move|p1a: Lugia|Aeroblast|p2a: Rayquaza
|-damage|p2a: Rayquaza|0 fnt
|faint|p2a: Rayquaza
|-weather|none
|
|-heal|p1a: Lugia|71/100 par|[from] item: Leftovers
|upkeep
|
|t:|1652483843
|switch|p2a: Calyrex|Calyrex-Shadow|76/100
|-ability|p2a: Calyrex|As One
|-ability|p2a: Calyrex|Unnerve
|turn|46
|
|t:|1652483872
|switch|p1a: Zeraora|Zeraora|88/100
|-damage|p1a: Zeraora|76/100|[from] Stealth Rock
|-zpower|p2a: Calyrex
|move|p2a: Calyrex|Never-Ending Nightmare|p1a: Zeraora|[zeffect]
|-damage|p1a: Zeraora|0 fnt
|faint|p1a: Zeraora
|-ability|p2a: Calyrex|Grim Neigh|boost
|-boost|p2a: Calyrex|spa|1
|
|upkeep
|inactive|cotesmcgotes has 120 seconds left.
|
|t:|1652483882
|switch|p1a: Yveltal|Yveltal, shiny|54/100 tox
|-damage|p1a: Yveltal|29/100 tox|[from] Stealth Rock
|-ability|p1a: Yveltal|Dark Aura
|turn|47
|
|t:|1652483888
|move|p2a: Calyrex|Substitute|p2a: Calyrex
|-start|p2a: Calyrex|Substitute
|-damage|p2a: Calyrex|51/100
|move|p1a: Yveltal|Dark Pulse|p2a: Calyrex
|-supereffective|p2a: Calyrex
|-end|p2a: Calyrex|Substitute
|
|-damage|p1a: Yveltal|23/100 tox|[from] psn
|upkeep
|turn|48
|
|t:|1652483896
|move|p2a: Calyrex|Substitute|p2a: Calyrex
|-start|p2a: Calyrex|Substitute
|-damage|p2a: Calyrex|26/100
|move|p1a: Yveltal|Oblivion Wing|p2a: Calyrex
|-end|p2a: Calyrex|Substitute
|-heal|p1a: Yveltal|39/100 tox|[from] drain|[of] p2a: Calyrex
|
|-damage|p1a: Yveltal|27/100 tox|[from] psn
|upkeep
|turn|49
|
|t:|1652483905
|move|p2a: Calyrex|Substitute|p2a: Calyrex
|-start|p2a: Calyrex|Substitute
|-damage|p2a: Calyrex|1/100
|move|p1a: Yveltal|Oblivion Wing|p2a: Calyrex
|-end|p2a: Calyrex|Substitute
|-heal|p1a: Yveltal|44/100 tox|[from] drain|[of] p2a: Calyrex
|
|-damage|p1a: Yveltal|25/100 tox|[from] psn
|upkeep
|turn|50
|
|t:|1652483914
|move|p2a: Calyrex|Astral Barrage|p1a: Yveltal
|-resisted|p1a: Yveltal
|-damage|p1a: Yveltal|0 fnt
|faint|p1a: Yveltal
|-ability|p2a: Calyrex|Grim Neigh|boost
|-boost|p2a: Calyrex|spa|1
|
|upkeep
|
|t:|1652483923
|switch|p1a: Zacian|Zacian-Crowned, shiny|39/100
|-damage|p1a: Zacian|33/100|[from] Stealth Rock
|-ability|p1a: Zacian|Intrepid Sword|boost
|-boost|p1a: Zacian|atk|1
|turn|51
|
|t:|1652483929
|move|p2a: Calyrex|Astral Barrage|p1a: Zacian
|-damage|p1a: Zacian|0 fnt
|faint|p1a: Zacian
|-ability|p2a: Calyrex|Grim Neigh|boost
|-boost|p2a: Calyrex|spa|1
|
|upkeep
|
|t:|1652483935
|switch|p1a: Lugia|Lugia|71/100 par
|-damage|p1a: Lugia|46/100 par|[from] Stealth Rock
|turn|52
|
|t:|1652483947
|move|p2a: Calyrex|Astral Barrage|p1a: Lugia
|-supereffective|p1a: Lugia
|-damage|p1a: Lugia|0 fnt
|faint|p1a: Lugia
|
|win|JedTheHumanoid
|raw|cotesmcgotes's rating: 1590 &rarr; <strong>1577</strong><br />(-13 for losing)
|raw|JedTheHumanoid's rating: 1710 &rarr; <strong>1723</strong><br />(+13 for winning)
|c|☆JedTheHumanoid|gg
|c|☆cotesmcgotes|Gg
|l|☆cotesmcgotes
||Ladder isn't responding, score probably updated but might not have (Request timeout).
