|j|☆soda49
|j|☆AmPro_Motivated
|t:|1641609738
|gametype|singles
|player|p1|soda49|101|1625
|player|p2|AmPro_Motivated|unknown|1521
|teamsize|p1|6
|teamsize|p2|6
|gen|8
|tier|[Gen 8] National Dex AG
|rated|
|rule|HP Percentage Mod: HP is shown in percentages
|rule|Endless Battle Clause: Forcing endless battles is banned
|clearpoke
|poke|p1|Smeargle, F|
|poke|p1|Charizard, F|
|poke|p1|Mimikyu, F|
|poke|p1|Calyrex-Shadow|
|poke|p1|Necrozma-Dusk-Mane|
|poke|p1|Thundurus, M|
|poke|p2|Groudon|
|poke|p2|Rayquaza|
|poke|p2|Kyogre|
|poke|p2|Arceus-*|
|poke|p2|Necrozma-Dusk-Mane|
|poke|p2|Shaymin-Sky|
|teampreview
|inactive|Battle timer is ON: inactive players will automatically lose when time's up. (requested by soda49)
|
|t:|1641609745
|start
|switch|p1a: Charizard|Charizard, F|100/100
|switch|p2a: Shaymin|Shaymin-Sky|100/100
|turn|1
|
|t:|1641609753
|switch|p2a: LizardKing|Groudon, shiny|100/100
|detailschange|p2a: LizardKing|Groudon-Primal, shiny
|-primal|p2a: LizardKing
|-weather|DesolateLand|[from] ability: Desolate Land|[of] p2a: LizardKing
|-start|p1a: Charizard|Dynamax
|-formechange|p1a: Charizard|Charizard-Gmax
|-heal|p1a: Charizard|100/100|[silent]
|move|p1a: Charizard|Max Airstream|p2a: LizardKing
|-damage|p2a: LizardKing|3/100
|-boost|p1a: Charizard|spe|1
|
|-weather|DesolateLand|[upkeep]
|-damage|p1a: Charizard|94/100|[from] ability: Solar Power|[of] p1a: Charizard
|upkeep
|turn|2
|
|t:|1641609756
|move|p1a: Charizard|G-Max Wildfire|p2a: LizardKing
|-resisted|p2a: LizardKing
|-damage|p2a: LizardKing|0 fnt
|-sidestart|p2: AmPro_Motivated|G-Max Wildfire
|faint|p2a: LizardKing
|-weather|none
|
|upkeep
|
|t:|1641609765
|switch|p2a: SeaYouLater|Kyogre|100/100
|detailschange|p2a: SeaYouLater|Kyogre-Primal
|-primal|p2a: SeaYouLater
|-weather|PrimordialSea|[from] ability: Primordial Sea|[of] p2a: SeaYouLater
|turn|3
|
|t:|1641609773
|move|p1a: Charizard|Max Airstream|p2a: SeaYouLater
|-damage|p2a: SeaYouLater|55/100
|-boost|p1a: Charizard|spe|1
|move|p2a: SeaYouLater|Origin Pulse|p1a: Charizard|[miss]
|-miss|p2a: SeaYouLater|p1a: Charizard
|
|-weather|PrimordialSea|[upkeep]
|-damage|p2a: SeaYouLater|38/100|[from] G-Max Wildfire
|-end|p1a: Charizard|Dynamax
|-formechange|p1a: Charizard|Charizard
|-heal|p1a: Charizard|94/100|[silent]
|upkeep
|turn|4
|c|☆AmPro_Motivated|BRUH
|c|☆AmPro_Motivated|I missed
|c|☆AmPro_Motivated|;-;
|
|t:|1641609790
|move|p1a: Charizard|Air Slash|p2a: SeaYouLater
|-damage|p2a: SeaYouLater|14/100
|cant|p2a: SeaYouLater|flinch
|
|-weather|PrimordialSea|[upkeep]
|-damage|p2a: SeaYouLater|0 fnt|[from] G-Max Wildfire
|faint|p2a: SeaYouLater
|-weather|none
|upkeep
|c|☆AmPro_Motivated|And I flinched
|c|☆AmPro_Motivated|Your Lucky
|
|t:|1641609807
|switch|p2a: Arkoos|Arceus|100/100
|turn|5
|
|t:|1641609813
|move|p1a: Charizard|Air Slash|p2a: Arkoos
|-damage|p2a: Arkoos|75/100
|cant|p2a: Arkoos|flinch
|
|-damage|p2a: Arkoos|59/100|[from] G-Max Wildfire
|-heal|p2a: Arkoos|65/100|[from] item: Leftovers
|-sideend|p2: AmPro_Motivated|G-Max Wildfire
|upkeep
|turn|6
|c|☆AmPro_Motivated|ok what
|c|☆AmPro_Motivated|Do you have kings rock?
|inactive|AmPro_Motivated has 120 seconds left.
|
|t:|1641609840
|move|p1a: Charizard|Air Slash|p2a: Arkoos
|-damage|p2a: Arkoos|41/100
|cant|p2a: Arkoos|flinch
|
|-heal|p2a: Arkoos|47/100|[from] item: Leftovers
|upkeep
|turn|7
|inactive|AmPro_Motivated has 120 seconds left.
|
|t:|1641609851
|move|p1a: Charizard|Blast Burn|p2a: Arkoos
|-damage|p2a: Arkoos|0 fnt
|-mustrecharge|p1a: Charizard
|faint|p2a: Arkoos
|
|upkeep
|inactive|AmPro_Motivated has 120 seconds left.
|
|t:|1641609856
|switch|p2a: FairyHunter|Necrozma-Dusk-Mane|100/100
|turn|8
|
|t:|1641609859
|cant|p1a: Charizard|recharge
|move|p2a: FairyHunter|Dragon Dance|p2a: FairyHunter
|-boost|p2a: FairyHunter|atk|1
|-boost|p2a: FairyHunter|spe|1
|
|upkeep
|turn|9
|
|t:|1641609867
|move|p1a: Charizard|Blast Burn|p2a: FairyHunter
|-supereffective|p2a: FairyHunter
|-damage|p2a: FairyHunter|0 fnt
|-mustrecharge|p1a: Charizard
|faint|p2a: FairyHunter
|
|upkeep
|
|t:|1641609874
|switch|p2a: SpaceWorm|Rayquaza|100/100
|-ability|p2a: SpaceWorm|Air Lock
|turn|10
|
|t:|1641609881
|detailschange|p2a: SpaceWorm|Rayquaza-Mega
|-mega|p2a: SpaceWorm|Rayquaza|
|-weather|DeltaStream|[from] ability: Delta Stream|[of] p2a: SpaceWorm
|cant|p1a: Charizard|recharge
|move|p2a: SpaceWorm|Dragon Claw|p1a: Charizard
|-damage|p1a: Charizard|0 fnt
|faint|p1a: Charizard
|-damage|p2a: SpaceWorm|91/100|[from] item: Life Orb
|
|-weather|DeltaStream|[upkeep]
|upkeep
|
|t:|1641609898
|switch|p1a: Mimikyu|Mimikyu, F|100/100
|turn|11
|
|t:|1641609902
|move|p2a: SpaceWorm|Dragon Claw|p1a: Mimikyu
|-immune|p1a: Mimikyu
|move|p1a: Mimikyu|Trick Room|p1a: Mimikyu
|-fieldstart|move: Trick Room|[of] p1a: Mimikyu
|
|-weather|DeltaStream|[upkeep]
|upkeep
|turn|12
|
|t:|1641609912
|-zpower|p1a: Mimikyu
|move|p1a: Mimikyu|Never-Ending Nightmare|p2a: SpaceWorm|[zeffect]
|-crit|p2a: SpaceWorm
|-damage|p2a: SpaceWorm|22/100
|move|p2a: SpaceWorm|Earthquake|p1a: Mimikyu
|-activate|p1a: Mimikyu|ability: Disguise
|-damage|p1a: Mimikyu|100/100
|detailschange|p1a: Mimikyu|Mimikyu-Busted, F
|-damage|p1a: Mimikyu|88/100|[from] pokemon: Mimikyu-Busted
|-damage|p2a: SpaceWorm|12/100|[from] item: Life Orb
|
|-weather|DeltaStream|[upkeep]
|upkeep
|turn|13
|c|☆AmPro_Motivated|That was my fault
|
|t:|1641609921
|move|p1a: Mimikyu|Shadow Sneak|p2a: SpaceWorm
|-damage|p2a: SpaceWorm|0 fnt
|faint|p2a: SpaceWorm
|-weather|none
|
|upkeep
|
|t:|1641609924
|switch|p2a: Shaymin|Shaymin-Sky|100/100
|turn|14
|
|t:|1641609927
|move|p1a: Mimikyu|Curse|p2a: Shaymin
|-start|p2a: Shaymin|Curse|[of] p1a: Mimikyu
|-damage|p1a: Mimikyu|38/100
|move|p2a: Shaymin|Air Slash|p1a: Mimikyu
|-damage|p1a: Mimikyu|0 fnt
|faint|p1a: Mimikyu
|
|-damage|p2a: Shaymin|76/100|[from] Curse
|upkeep
|
|t:|1641609936
|switch|p1a: Necrozma|Necrozma-Dusk-Mane|100/100
|turn|15
|
|t:|1641609939
|move|p1a: Necrozma|Sunsteel Strike|p2a: Shaymin
|-damage|p2a: Shaymin|14/100
|move|p2a: Shaymin|Earth Power|p1a: Necrozma
|-supereffective|p1a: Necrozma
|-damage|p1a: Necrozma|65/100
|
|-damage|p2a: Shaymin|0 fnt|[from] Curse
|faint|p2a: Shaymin
|
|win|soda49
|upkeep
|raw|soda49's rating: 1625 &rarr; <strong>1639</strong><br />(+14 for winning)
|raw|AmPro_Motivated's rating: 1521 &rarr; <strong>1507</strong><br />(-14 for losing)
