|j|☆BigDuckie
|j|☆RivalLucky
|player|p1|BigDuckie|colress|1402
|player|p2|RivalLucky|64|1370
|teamsize|p1|6
|teamsize|p2|6
|gametype|singles
|gen|8
|tier|[Gen 8] National Dex AG
|rated|
|clearpoke
|poke|p1|Dracovish|
|poke|p1|Zacian-Crowned|
|poke|p1|Charizard, F|
|poke|p1|Rayquaza|
|poke|p1|Smeargle, M|
|poke|p1|Ditto|
|poke|p2|Sylveon, F|
|poke|p2|Bewear, M|
|poke|p2|Ditto|
|poke|p2|Cinderace, M|
|poke|p2|Sableye, M|
|poke|p2|Vanilluxe, M|
|rule|HP Percentage Mod: HP is shown in percentages
|rule|Endless Battle Clause: Forcing endless battles is banned
|teampreview
|inactive|Battle timer is ON: inactive players will automatically lose when time's up. (requested by BigDuckie)
|j| bad son
|
|start
|switch|p1a: Smeargle|Smeargle, M, shiny|100/100
|switch|p2a: Bauble|Sableye, M|100/100
|turn|1
|
|move|p2a: Bauble|Taunt|p1a: Smeargle
|-start|p1a: Smeargle|move: Taunt
|cant|p1a: Smeargle|move: Taunt|Spore
|
|-ability|p1a: Smeargle|Moody|boost
|-boost|p1a: Smeargle|spe|2
|-unboost|p1a: Smeargle|def|1
|upkeep
|turn|2
|
|switch|p1a: Dracovish|Dracovish, shiny|100/100
|move|p2a: Bauble|Knock Off|p1a: Dracovish
|-damage|p1a: Dracovish|67/100
|-enditem|p1a: Dracovish|Choice Scarf|[from] move: Knock Off|[of] p2a: Bauble
|
|upkeep
|turn|3
|
|move|p2a: Bauble|Will-O-Wisp|p1a: Dracovish|[miss]
|-miss|p2a: Bauble|p1a: Dracovish
|move|p1a: Dracovish|Fishious Rend|p2a: Bauble
|-damage|p2a: Bauble|36/100
|
|upkeep
|turn|4
|
|move|p2a: Bauble|Will-O-Wisp|p1a: Dracovish
|-status|p1a: Dracovish|brn
|move|p1a: Dracovish|Fishious Rend|p2a: Bauble
|-damage|p2a: Bauble|1/100
|
|-damage|p1a: Dracovish|61/100 brn|[from] brn
|upkeep
|turn|5
|
|move|p2a: Bauble|Recover|p2a: Bauble
|-heal|p2a: Bauble|51/100
|move|p1a: Dracovish|Fishious Rend|p2a: Bauble
|-damage|p2a: Bauble|14/100
|
|-damage|p1a: Dracovish|54/100 brn|[from] brn
|upkeep
|turn|6
|
|move|p2a: Bauble|Recover|p2a: Bauble
|-heal|p2a: Bauble|64/100
|move|p1a: Dracovish|Crunch|p2a: Bauble
|-damage|p2a: Bauble|44/100
|
|-damage|p1a: Dracovish|48/100 brn|[from] brn
|upkeep
|turn|7
|l| bad son
|
|switch|p1a: Ditto|Ditto|100/100
|-transform|p1a: Ditto|p2a: Bauble|[from] ability: Imposter
|move|p2a: Bauble|Recover|p2a: Bauble
|-heal|p2a: Bauble|94/100
|
|upkeep
|turn|8
|
|detailschange|p2a: Bauble|Sableye-Mega, M
|-mega|p2a: Bauble|Sableye|Sablenite
|move|p1a: Ditto|Taunt|p2a: Bauble
|move|p2a: Bauble|Taunt|p1a: Ditto|[from]Magic Bounce
|-start|p1a: Ditto|move: Taunt
|move|p2a: Bauble|Will-O-Wisp|p1a: Ditto
|-status|p1a: Ditto|brn
|
|-damage|p1a: Ditto|94/100 brn|[from] brn
|upkeep
|turn|9
|
|switch|p1a: Zacian|Zacian-Crowned|100/100
|-ability|p1a: Zacian|Intrepid Sword|boost
|-boost|p1a: Zacian|atk|1
|move|p2a: Bauble|Recover|p2a: Bauble
|-heal|p2a: Bauble|100/100
|
|upkeep
|turn|10
|
|switch|p2a: Imago|Ditto, shiny|100/100
|-transform|p2a: Imago|p1a: Zacian|[from] ability: Imposter
|-ability|p2a: Imago|Intrepid Sword|boost
|-boost|p2a: Imago|atk|1
|move|p1a: Zacian|Play Rough|p2a: Imago
|-resisted|p2a: Imago
|-damage|p2a: Imago|60/100
|
|upkeep
|turn|11
|
|move|p2a: Imago|Behemoth Blade|p1a: Zacian
|-damage|p1a: Zacian|0 fnt
|faint|p1a: Zacian
|
|upkeep
|
|switch|p1a: Charizard|Charizard, F|100/100
|turn|12
|c|☆RivalLucky|Things are not looking good for you
|
|switch|p2a: Cinderace|Cinderace, M|100/100
|-start|p1a: Charizard|Dynamax
|-formechange|p1a: Charizard|Charizard-Gmax
|-heal|p1a: Charizard|100/100|[silent]
|move|p1a: Charizard|G-Max Wildfire|p2a: Cinderace
|-resisted|p2a: Cinderace
|-damage|p2a: Cinderace|36/100
|-sidestart|p2: RivalLucky|G-Max Wildfire
|-damage|p1a: Charizard|96/100|[from] item: Life Orb
|
|upkeep
|turn|13
|
|move|p2a: Cinderace|Court Change|p2a: Cinderace
|-start|p2a: Cinderace|typechange|Normal|[from] ability: Libero
|-sideend|p2: RivalLucky|G-Max Wildfire|[silent]
|-sidestart|p1: BigDuckie|G-Max Wildfire|[silent]
|-activate|p2a: Cinderace|move: Court Change
|move|p1a: Charizard|Max Airstream|p2a: Cinderace
|-damage|p2a: Cinderace|0 fnt
|-boost|p1a: Charizard|spe|1
|-damage|p1a: Charizard|91/100|[from] item: Life Orb
|faint|p2a: Cinderace
|
|upkeep
|
|switch|p2a: Scoop|Vanilluxe, M|100/100
|-weather|Hail|[from] ability: Snow Warning|[of] p2a: Scoop
|turn|14
|
|move|p1a: Charizard|G-Max Wildfire|p2a: Scoop
|-supereffective|p2a: Scoop
|-enditem|p2a: Scoop|Focus Sash
|-damage|p2a: Scoop|1/100
|-sidestart|p2: RivalLucky|G-Max Wildfire
|-damage|p1a: Charizard|86/100|[from] item: Life Orb
|move|p2a: Scoop|Mirror Coat|p1a: Charizard
|-damage|p1a: Charizard|0 fnt
|faint|p1a: Charizard
|
|-weather|Hail|[upkeep]
|-damage|p2a: Scoop|0 fnt|[from] G-Max Wildfire
|faint|p2a: Scoop
|upkeep
|
|switch|p1a: Rayquaza|Rayquaza, shiny|100/100
|switch|p2a: Bauble|Sableye-Mega, M|100/100
|-ability|p1a: Rayquaza|Air Lock
|turn|15
|
|detailschange|p1a: Rayquaza|Rayquaza-Mega, shiny
|-mega|p1a: Rayquaza|Rayquaza|
|-weather|DeltaStream|[from] ability: Delta Stream|[of] p1a: Rayquaza
|move|p1a: Rayquaza|Substitute|p1a: Rayquaza
|-start|p1a: Rayquaza|Substitute
|-damage|p1a: Rayquaza|76/100
|move|p2a: Bauble|Will-O-Wisp||[still]
|-fail|p2a: Bauble
|
|-weather|DeltaStream|[upkeep]
|-heal|p1a: Rayquaza|82/100|[from] item: Leftovers
|-damage|p2a: Bauble|84/100|[from] G-Max Wildfire
|-damage|p1a: Rayquaza|65/100|[from] G-Max Wildfire
|-sideend|p1: BigDuckie|G-Max Wildfire
|upkeep
|turn|16
|
|move|p1a: Rayquaza|Dragon Dance|p1a: Rayquaza
|-boost|p1a: Rayquaza|atk|1
|-boost|p1a: Rayquaza|spe|1
|move|p2a: Bauble|Knock Off|p1a: Rayquaza
|-crit|p1a: Rayquaza
|-end|p1a: Rayquaza|Substitute
|
|-weather|DeltaStream|[upkeep]
|-heal|p1a: Rayquaza|71/100|[from] item: Leftovers
|-damage|p2a: Bauble|67/100|[from] G-Max Wildfire
|upkeep
|turn|17
|
|switch|p2a: Rosevelt|Bewear, M|100/100
|move|p1a: Rayquaza|Dragon Ascent|p2a: Rosevelt
|-supereffective|p2a: Rosevelt
|-damage|p2a: Rosevelt|10/100
|-unboost|p1a: Rayquaza|def|1
|-unboost|p1a: Rayquaza|spd|1
|
|-weather|DeltaStream|[upkeep]
|-heal|p1a: Rayquaza|77/100|[from] item: Leftovers
|-heal|p2a: Rosevelt|16/100|[from] item: Leftovers
|-damage|p2a: Rosevelt|0 fnt|[from] G-Max Wildfire
|-sideend|p2: RivalLucky|G-Max Wildfire
|upkeep
|faint|p2a: Rosevelt
|
|switch|p2a: Imago|Ditto, shiny|60/100
|-transform|p2a: Imago|p1a: Rayquaza|[from] ability: Imposter
|turn|18
|
|move|p2a: Imago|Extreme Speed|p1a: Rayquaza
|-damage|p1a: Rayquaza|0 fnt
|faint|p1a: Rayquaza
|
|-weather|DeltaStream|[upkeep]
|upkeep
|
|switch|p1a: Ditto|Ditto|94/100 brn
|turn|19
|
|move|p2a: Imago|Extreme Speed|p1a: Ditto
|-damage|p1a: Ditto|0 fnt
|faint|p1a: Ditto
|
|-weather|DeltaStream|[upkeep]
|upkeep
|
|switch|p1a: Smeargle|Smeargle, M, shiny|100/100
|turn|20
|
|-weather|none
|switch|p2a: Bauble|Sableye-Mega, M|67/100
|move|p1a: Smeargle|Spore|p2a: Bauble
|move|p2a: Bauble|Spore|p1a: Smeargle|[from]Magic Bounce
|-status|p1a: Smeargle|slp|[from] move: Spore
|
|-ability|p1a: Smeargle|Moody|boost
|-boost|p1a: Smeargle|spe|2
|-unboost|p1a: Smeargle|spd|1
|upkeep
|turn|21
|
|switch|p1a: Dracovish|Dracovish, shiny|48/100 brn
|move|p2a: Bauble|Recover|p2a: Bauble
|-heal|p2a: Bauble|100/100
|
|-damage|p1a: Dracovish|42/100 brn|[from] brn
|upkeep
|turn|22
|
|move|p1a: Dracovish|Fishious Rend|p2a: Bauble
|-damage|p2a: Bauble|55/100
|move|p2a: Bauble|Knock Off|p1a: Dracovish
|-damage|p1a: Dracovish|18/100 brn
|
|-damage|p1a: Dracovish|11/100 brn|[from] brn
|upkeep
|turn|23
|
|move|p1a: Dracovish|Fishious Rend|p2a: Bauble
|-damage|p2a: Bauble|7/100
|move|p2a: Bauble|Recover|p2a: Bauble
|-heal|p2a: Bauble|57/100
|
|-damage|p1a: Dracovish|5/100 brn|[from] brn
|upkeep
|turn|24
|
|move|p1a: Dracovish|Fishious Rend|p2a: Bauble
|-damage|p2a: Bauble|11/100
|move|p2a: Bauble|Recover|p2a: Bauble
|-heal|p2a: Bauble|61/100
|
|-damage|p1a: Dracovish|0 fnt|[from] brn
|faint|p1a: Dracovish
|upkeep
|
|switch|p1a: Smeargle|Smeargle, M, shiny|100/100 slp
|turn|25
|c|☆RivalLucky|Well
|c|☆BigDuckie|GG, i guess
|inactive|RivalLucky has 120 seconds left.
|c|☆BigDuckie|good team
|c|☆RivalLucky|You guess?
|
|cant|p1a: Smeargle|slp
|move|p2a: Bauble|Knock Off|p1a: Smeargle
|-damage|p1a: Smeargle|29/100 slp
|-enditem|p1a: Smeargle|Focus Sash|[from] move: Knock Off|[of] p2a: Bauble
|
|-ability|p1a: Smeargle|Moody|boost
|-boost|p1a: Smeargle|spd|2
|-unboost|p1a: Smeargle|spe|1
|upkeep
|turn|26
|c|☆BigDuckie|yea, grant me that
|
|cant|p1a: Smeargle|slp
|move|p2a: Bauble|Taunt|p1a: Smeargle
|-start|p1a: Smeargle|move: Taunt
|
|-ability|p1a: Smeargle|Moody|boost
|-boost|p1a: Smeargle|atk|2
|-unboost|p1a: Smeargle|def|1
|upkeep
|turn|27
|
|-curestatus|p1a: Smeargle|slp|[msg]
|move|p1a: Smeargle|Rapid Spin|p2a: Bauble
|-immune|p2a: Bauble
|move|p2a: Bauble|Knock Off|p1a: Smeargle
|-damage|p1a: Smeargle|0 fnt
|faint|p1a: Smeargle
|
|win|RivalLucky
||Ladder (probably) updated, but score could not be retrieved (Request timeout).
