|j|☆OnMaWa
|j|☆thescumofhumanity
|player|p1|OnMaWa|psychic-gen4|1752
|player|p2|thescumofhumanity|1|1591
|teamsize|p1|6
|teamsize|p2|6
|gametype|singles
|gen|8
|tier|[Gen 8] National Dex AG
|rated|
|clearpoke
|poke|p1|Necrozma-Dusk-Mane|
|poke|p1|Arceus-*|
|poke|p1|Xerneas|
|poke|p1|Zacian-Crowned|
|poke|p1|Lugia|
|poke|p1|Yveltal|
|poke|p2|Zacian-Crowned|
|poke|p2|Zacian-Crowned|
|poke|p2|Yveltal|
|poke|p2|Yveltal|
|poke|p2|Ditto|
|poke|p2|Zygarde|
|rule|HP Percentage Mod: HP is shown in percentages
|rule|Endless Battle Clause: Forcing endless battles is banned
|teampreview
|inactive|Battle timer is ON: inactive players will automatically lose when time's up. (requested by thescumofhumanity)
|inactive|OnMaWa has 120 seconds left.
|
|start
|switch|p1a: Zacian|Zacian-Crowned|100/100
|switch|p2a: Zacian|Zacian-Crowned|100/100
|-ability|p1a: Zacian|Intrepid Sword|boost
|-boost|p1a: Zacian|atk|1
|-ability|p2a: Zacian|Intrepid Sword|boost
|-boost|p2a: Zacian|atk|1
|turn|1
|
|switch|p1a: Lugia|Lugia|100/100
|move|p2a: Zacian|Behemoth Blade|p1a: Lugia
|-damage|p1a: Lugia|72/100
|
|upkeep
|turn|2
|
|move|p2a: Zacian|Wild Charge|p1a: Lugia
|-supereffective|p1a: Lugia
|-damage|p1a: Lugia|8/100
|-damage|p2a: Zacian|80/100|[from] Recoil
|move|p1a: Lugia|Thunder Wave|p2a: Zacian
|-status|p2a: Zacian|par
|
|upkeep
|turn|3
|
|move|p1a: Lugia|Roost|p1a: Lugia
|-heal|p1a: Lugia|58/100
|-singleturn|p1a: Lugia|move: Roost
|cant|p2a: Zacian|par
|
|upkeep
|turn|4
|
|switch|p2a: Yveltal|Yveltal|100/100
|-ability|p2a: Yveltal|Dark Aura
|move|p1a: Lugia|Roost|p1a: Lugia
|-heal|p1a: Lugia|100/100
|-singleturn|p1a: Lugia|move: Roost
|
|upkeep
|turn|5
|
|move|p2a: Yveltal|Knock Off|p1a: Lugia
|-supereffective|p1a: Lugia
|-damage|p1a: Lugia|64/100
|-enditem|p1a: Lugia|Heavy-Duty Boots|[from] move: Knock Off|[of] p2a: Yveltal
|-damage|p2a: Yveltal|91/100|[from] item: Life Orb
|move|p1a: Lugia|Thunder Wave|p2a: Yveltal
|-status|p2a: Yveltal|par
|
|upkeep
|turn|6
|
|move|p1a: Lugia|Roost|p1a: Lugia
|-heal|p1a: Lugia|100/100
|-singleturn|p1a: Lugia|move: Roost
|move|p2a: Yveltal|Dark Pulse|p1a: Lugia
|-supereffective|p1a: Lugia
|-damage|p1a: Lugia|55/100
|-damage|p2a: Yveltal|81/100 par|[from] item: Life Orb
|
|upkeep
|turn|7
|
|move|p1a: Lugia|Roost|p1a: Lugia
|-heal|p1a: Lugia|100/100
|-singleturn|p1a: Lugia|move: Roost
|cant|p2a: Yveltal|par
|
|upkeep
|turn|8
|
|switch|p2a: Zacian|Zacian-Crowned|80/100 par
|-ability|p2a: Zacian|Intrepid Sword|boost
|-boost|p2a: Zacian|atk|1
|move|p1a: Lugia|Thunder Wave|p2a: Zacian
|-fail|p2a: Zacian|par
|
|upkeep
|turn|9
|
|move|p1a: Lugia|Thunder Wave|p2a: Zacian
|-fail|p2a: Zacian|par
|cant|p2a: Zacian|par
|
|upkeep
|turn|10
|
|move|p1a: Lugia|Thunder Wave|p2a: Zacian
|-fail|p2a: Zacian|par
|move|p2a: Zacian|Substitute|p2a: Zacian
|-start|p2a: Zacian|Substitute
|-damage|p2a: Zacian|55/100 par
|
|upkeep
|turn|11
|
|move|p2a: Zacian|Behemoth Blade|p1a: Lugia
|-damage|p1a: Lugia|73/100
|move|p1a: Lugia|Whirlwind|p2a: Zacian
|drag|p2a: Zygarde|Zygarde|100/100
|
|upkeep
|turn|12
|
|move|p1a: Lugia|Roost|p1a: Lugia
|-heal|p1a: Lugia|100/100
|-singleturn|p1a: Lugia|move: Roost
|move|p2a: Zygarde|Glare|p1a: Lugia
|-status|p1a: Lugia|par
|
|upkeep
|turn|13
|
|switch|p2a: Yveltal|Yveltal|81/100 par
|-ability|p2a: Yveltal|Dark Aura
|move|p1a: Lugia|Toxic||[still]
|-fail|p1a: Lugia
|
|upkeep
|turn|14
|
|move|p2a: Yveltal|Knock Off|p1a: Lugia
|-supereffective|p1a: Lugia
|-damage|p1a: Lugia|77/100 par
|-damage|p2a: Yveltal|71/100 par|[from] item: Life Orb
|move|p1a: Lugia|Roost|p1a: Lugia
|-heal|p1a: Lugia|100/100 par
|-singleturn|p1a: Lugia|move: Roost
|
|upkeep
|turn|15
|
|move|p2a: Yveltal|Dark Pulse|p1a: Lugia
|-supereffective|p1a: Lugia
|-damage|p1a: Lugia|59/100 par
|-damage|p2a: Yveltal|61/100 par|[from] item: Life Orb
|move|p1a: Lugia|Roost|p1a: Lugia
|-heal|p1a: Lugia|100/100 par
|-singleturn|p1a: Lugia|move: Roost
|
|upkeep
|turn|16
|
|move|p2a: Yveltal|Oblivion Wing|p1a: Lugia
|-damage|p1a: Lugia|83/100 par
|-heal|p2a: Yveltal|75/100 par|[from] drain|[of] p1a: Lugia
|-damage|p2a: Yveltal|65/100 par|[from] item: Life Orb
|move|p1a: Lugia|Roost|p1a: Lugia
|-heal|p1a: Lugia|100/100 par
|-singleturn|p1a: Lugia|move: Roost
|
|upkeep
|turn|17
|
|move|p2a: Yveltal|Oblivion Wing|p1a: Lugia
|-damage|p1a: Lugia|82/100 par
|-heal|p2a: Yveltal|80/100 par|[from] drain|[of] p1a: Lugia
|-damage|p2a: Yveltal|70/100 par|[from] item: Life Orb
|move|p1a: Lugia|Whirlwind|p2a: Yveltal
|drag|p2a: Yveltal|Yveltal|100/100
|-ability|p2a: Yveltal|Dark Aura
|
|upkeep
|turn|18
|
|move|p2a: Yveltal|Dark Pulse|p1a: Lugia
|-supereffective|p1a: Lugia
|-damage|p1a: Lugia|0 fnt
|-damage|p2a: Yveltal|91/100|[from] item: Life Orb
|faint|p1a: Lugia
|
|upkeep
|inactive|OnMaWa has 120 seconds left.
|inactive|OnMaWa has 90 seconds left.
|
|switch|p1a: Yveltal|Yveltal|100/100
|-ability|p1a: Yveltal|Dark Aura
|turn|19
|inactive|OnMaWa has 60 seconds left.
|
|-start|p2a: Yveltal|Dynamax
|-heal|p2a: Yveltal|91/100|[silent]
|move|p2a: Yveltal|Max Airstream|p1a: Yveltal
|-damage|p1a: Yveltal|17/100
|-boost|p2a: Yveltal|spe|1
|-damage|p2a: Yveltal|86/100|[from] item: Life Orb
|move|p1a: Yveltal|Oblivion Wing|p2a: Yveltal
|-damage|p2a: Yveltal|58/100
|-heal|p1a: Yveltal|59/100|[from] drain|[of] p2a: Yveltal
|-damage|p1a: Yveltal|49/100|[from] item: Life Orb
|
|upkeep
|turn|20
|inactive|OnMaWa has 60 seconds left.
|
|move|p2a: Yveltal|Max Airstream|p1a: Yveltal
|-damage|p1a: Yveltal|0 fnt
|-boost|p2a: Yveltal|spe|1
|-damage|p2a: Yveltal|53/100|[from] item: Life Orb
|faint|p1a: Yveltal
|
|upkeep
|inactive|OnMaWa has 30 seconds left.
|inactive|OnMaWa has 20 seconds left.
|
|switch|p1a: Arceus|Arceus|100/100
|turn|21
|inactive|OnMaWa has 30 seconds left this turn.
|
|move|p2a: Yveltal|Max Darkness|p1a: Arceus
|-damage|p1a: Arceus|15/100
|-unboost|p1a: Arceus|spd|1
|-damage|p2a: Yveltal|48/100|[from] item: Life Orb
|move|p1a: Arceus|Swords Dance|p1a: Arceus
|-boost|p1a: Arceus|atk|2
|
|-end|p2a: Yveltal|Dynamax
|-heal|p2a: Yveltal|48/100|[silent]
|upkeep
|turn|22
|inactive|OnMaWa has 30 seconds left.
|
|move|p1a: Arceus|Extreme Speed|p2a: Yveltal
|-damage|p2a: Yveltal|0 fnt
|faint|p2a: Yveltal
|
|upkeep
|inactive|OnMaWa has 30 seconds left this turn.
|
|switch|p2a: Ditto|Ditto|100/100
|-transform|p2a: Ditto|p1a: Arceus|[from] ability: Imposter
|turn|23
|
|move|p2a: Ditto|Extreme Speed|p1a: Arceus
|-damage|p1a: Arceus|0 fnt
|faint|p1a: Arceus
|
|upkeep
|inactive|OnMaWa has 30 seconds left.
|
|switch|p1a: Zacian|Zacian-Crowned|100/100
|-ability|p1a: Zacian|Intrepid Sword|boost
|-boost|p1a: Zacian|atk|1
|turn|24
|inactive|OnMaWa has 30 seconds left.
|
|switch|p2a: Yveltal|Yveltal|70/100 par
|-ability|p2a: Yveltal|Dark Aura
|move|p1a: Zacian|Behemoth Blade|p2a: Yveltal
|-damage|p2a: Yveltal|0 fnt
|faint|p2a: Yveltal
|
|upkeep
|
|switch|p2a: Ditto|Ditto|100/100
|-transform|p2a: Ditto|p1a: Zacian|[from] ability: Imposter
|-ability|p2a: Ditto|Intrepid Sword|boost
|-boost|p2a: Ditto|atk|1
|turn|25
|
|move|p2a: Ditto|Close Combat|p1a: Zacian
|-damage|p1a: Zacian|0 fnt
|-unboost|p2a: Ditto|def|1
|-unboost|p2a: Ditto|spd|1
|faint|p1a: Zacian
|
|upkeep
|inactive|OnMaWa has 30 seconds left.
|
|switch|p1a: Xerneas|Xerneas|100/100
|-ability|p1a: Xerneas|Fairy Aura
|turn|26
|
|switch|p2a: Zacian|Zacian-Crowned|55/100 par
|-ability|p2a: Zacian|Intrepid Sword|boost
|-boost|p2a: Zacian|atk|1
|move|p1a: Xerneas|Geomancy||[still]
|-prepare|p1a: Xerneas|Geomancy|p1a: Xerneas
|-enditem|p1a: Xerneas|Power Herb
|-anim|p1a: Xerneas|Geomancy|p1a: Xerneas
|-boost|p1a: Xerneas|spa|2
|-boost|p1a: Xerneas|spd|2
|-boost|p1a: Xerneas|spe|2
|
|upkeep
|turn|27
|j| Acwise
|
|move|p1a: Xerneas|Hidden Power|p2a: Zacian
|-supereffective|p2a: Zacian
|-damage|p2a: Zacian|0 fnt
|faint|p2a: Zacian
|
|upkeep
|
|switch|p2a: Zacian|Zacian-Crowned|100/100
|-ability|p2a: Zacian|Intrepid Sword|boost
|-boost|p2a: Zacian|atk|1
|turn|28
|
|switch|p2a: Zygarde|Zygarde|100/100
|-start|p1a: Xerneas|Dynamax
|-heal|p1a: Xerneas|100/100|[silent]
|move|p1a: Xerneas|Max Flare|p2a: Zygarde|[from]Hidden Power
|-resisted|p2a: Zygarde
|-damage|p2a: Zygarde|68/100
|-weather|SunnyDay
|
|-weather|SunnyDay|[upkeep]
|upkeep
|turn|29
|
|switch|p2a: Zacian|Zacian-Crowned|100/100
|-ability|p2a: Zacian|Intrepid Sword|boost
|-boost|p2a: Zacian|atk|1
|move|p1a: Xerneas|Max Starfall|p2a: Zacian
|-resisted|p2a: Zacian
|-damage|p2a: Zacian|2/100
|-fieldstart|move: Misty Terrain
|
|-weather|SunnyDay|[upkeep]
|upkeep
|turn|30
|
|move|p1a: Xerneas|Max Starfall|p2a: Zacian
|-resisted|p2a: Zacian
|-damage|p2a: Zacian|0 fnt
|faint|p2a: Zacian
|
|-weather|SunnyDay|[upkeep]
|-end|p1a: Xerneas|Dynamax
|-heal|p1a: Xerneas|100/100|[silent]
|upkeep
|
|switch|p2a: Ditto|Ditto|100/100
|-transform|p2a: Ditto|p1a: Xerneas|[from] ability: Imposter
|-ability|p2a: Ditto|Fairy Aura
|turn|31
|
|move|p2a: Ditto|Moonblast|p1a: Xerneas
|-damage|p1a: Xerneas|45/100
|-unboost|p1a: Xerneas|spa|1
|move|p1a: Xerneas|Psyshock|p2a: Ditto
|-damage|p2a: Ditto|44/100
|
|-weather|SunnyDay|[upkeep]
|upkeep
|turn|32
|
|move|p2a: Ditto|Moonblast|p1a: Xerneas
|-damage|p1a: Xerneas|0 fnt
|faint|p1a: Xerneas
|
|-weather|none
|upkeep
|
|switch|p1a: Necrozma|Necrozma-Dusk-Mane|100/100
|turn|33
|inactive|OnMaWa has 30 seconds left.
|
|switch|p2a: Zygarde|Zygarde|68/100
|move|p1a: Necrozma|Photon Geyser|p2a: Zygarde
|-damage|p2a: Zygarde|35/100
|
|-fieldend|Misty Terrain
|-activate|p2a: Zygarde|ability: Power Construct
|detailschange|p2a: Zygarde|Zygarde-Complete
|-heal|p2a: Zygarde|57/100|[silent]
|upkeep
|turn|34
|inactive|OnMaWa has 30 seconds left.
|
|detailschange|p1a: Necrozma|Necrozma-Ultra
|-burst|p1a: Necrozma|Necrozma|Ultranecrozium Z
|move|p1a: Necrozma|Dragon Dance|p1a: Necrozma
|-boost|p1a: Necrozma|atk|1
|-boost|p1a: Necrozma|spe|1
|move|p2a: Zygarde|Glare|p1a: Necrozma
|-status|p1a: Necrozma|par
|
|upkeep
|turn|35
|inactive|OnMaWa has 30 seconds left.
|
|-zpower|p1a: Necrozma
|move|p1a: Necrozma|Light That Burns the Sky|p2a: Zygarde|[zeffect]
|-damage|p2a: Zygarde|0 fnt
|faint|p2a: Zygarde
|
|upkeep
|inactive|OnMaWa has 30 seconds left this turn.
|
|switch|p2a: Ditto|Ditto|44/100
|-transform|p2a: Ditto|p1a: Necrozma|[from] ability: Imposter
|turn|36
|inactive|OnMaWa has 30 seconds left.
|
|move|p2a: Ditto|Earthquake|p1a: Necrozma
|-damage|p1a: Necrozma|36/100 par
|move|p1a: Necrozma|Earthquake|p2a: Ditto
|-damage|p2a: Ditto|0 fnt
|faint|p2a: Ditto
|
|win|OnMaWa
