|j|☆papapriest
|j|☆Hoenn Militian
|t:|1616847609
|player|p1|papapriest|steven|1696
|player|p2|Hoenn Militian|ingo|1707
|teamsize|p1|6
|teamsize|p2|6
|gametype|singles
|gen|8
|tier|[Gen 8] National Dex AG
|rated|
|clearpoke
|poke|p1|Necrozma-Dusk-Mane|
|poke|p1|Yveltal|
|poke|p1|Zacian-Crowned|
|poke|p1|Zygarde|
|poke|p1|Groudon|
|poke|p1|Ho-Oh|
|poke|p2|Dusclops, F|
|poke|p2|Groudon|
|poke|p2|Rayquaza|
|poke|p2|Mewtwo|
|poke|p2|Donphan, F|
|poke|p2|Smeargle, M|
|rule|HP Percentage Mod: HP is shown in percentages
|rule|Endless Battle Clause: Forcing endless battles is banned
|teampreview
|
|t:|1616847634
|start
|switch|p1a: Ho-Oh|Ho-Oh|100/100
|switch|p2a: Mewtwo|Mewtwo|100/100
|-ability|p2a: Mewtwo|Pressure
|turn|1
|
|t:|1616847642
|move|p2a: Mewtwo|Taunt|p1a: Ho-Oh
|-start|p1a: Ho-Oh|move: Taunt
|move|p1a: Ho-Oh|Sacred Fire|p2a: Mewtwo
|-damage|p2a: Mewtwo|56/100
|-status|p2a: Mewtwo|brn
|
|-damage|p2a: Mewtwo|50/100 brn|[from] brn
|upkeep
|turn|2
|
|t:|1616847652
|switch|p2a: Groudon|Groudon|100/100
|detailschange|p2a: Groudon|Groudon-Primal
|-primal|p2a: Groudon
|-weather|DesolateLand|[from] ability: Desolate Land|[of] p2a: Groudon
|move|p1a: Ho-Oh|Sacred Fire|p2a: Groudon
|-resisted|p2a: Groudon
|-damage|p2a: Groudon|81/100
|
|-weather|DesolateLand|[upkeep]
|upkeep
|turn|3
|
|t:|1616847661
|switch|p1a: Zygarde|Zygarde|100/100
|move|p2a: Groudon|Toxic|p1a: Zygarde|[miss]
|-miss|p2a: Groudon|p1a: Zygarde
|
|-weather|DesolateLand|[upkeep]
|upkeep
|turn|4
|
|t:|1616847667
|move|p2a: Groudon|Toxic|p1a: Zygarde
|-status|p1a: Zygarde|tox
|move|p1a: Zygarde|Substitute|p1a: Zygarde
|-start|p1a: Zygarde|Substitute
|-damage|p1a: Zygarde|75/100 tox
|
|-weather|DesolateLand|[upkeep]
|-damage|p1a: Zygarde|69/100 tox|[from] psn
|upkeep
|turn|5
|
|t:|1616847676
|-weather|none
|switch|p2a: Dusclops|Dusclops, F|100/100
|-item|p1a: Zygarde|Safety Goggles|[from] ability: Frisk|[of] p2a: Dusclops|[identify]
|move|p1a: Zygarde|Thousand Arrows|p2a: Dusclops
|-damage|p2a: Dusclops|84/100
|
|-damage|p1a: Zygarde|57/100 tox|[from] psn
|upkeep
|turn|6
|
|t:|1616847686
|switch|p1a: Ho-Oh|Ho-Oh|100/100
|move|p2a: Dusclops|Curse|p1a: Ho-Oh
|-start|p1a: Ho-Oh|Curse|[of] p2a: Dusclops
|-damage|p2a: Dusclops|34/100
|
|-damage|p1a: Ho-Oh|76/100|[from] Curse
|upkeep
|turn|7
|
|t:|1616847698
|switch|p1a: Zygarde|Zygarde|57/100 tox
|move|p2a: Dusclops|Pain Split|p1a: Zygarde
|-sethp|p1a: Zygarde|40/100 tox|[from] move: Pain Split|[silent]
|-sethp|p2a: Dusclops|59/100|[from] move: Pain Split
|
|-damage|p1a: Zygarde|34/100 tox|[from] psn
|-activate|p1a: Zygarde|ability: Power Construct
|detailschange|p1a: Zygarde|Zygarde-Complete
|-heal|p1a: Zygarde|56/100 tox|[silent]
|upkeep
|turn|8
|
|t:|1616847710
|switch|p1a: Ho-Oh|Ho-Oh|100/100
|move|p2a: Dusclops|Curse|p1a: Ho-Oh
|-start|p1a: Ho-Oh|Curse|[of] p2a: Dusclops
|-damage|p2a: Dusclops|9/100
|
|-damage|p1a: Ho-Oh|76/100|[from] Curse
|upkeep
|turn|9
|
|t:|1616847718
|switch|p2a: Groudon|Groudon-Primal|81/100
|-weather|DesolateLand|[from] ability: Desolate Land|[of] p2a: Groudon
|move|p1a: Ho-Oh|Sacred Fire|p2a: Groudon
|-resisted|p2a: Groudon
|-damage|p2a: Groudon|61/100
|
|-weather|DesolateLand|[upkeep]
|-damage|p1a: Ho-Oh|51/100|[from] Curse
|upkeep
|turn|10
|
|t:|1616847728
|switch|p1a: Zygarde|Zygarde-Complete|56/100 tox
|move|p2a: Groudon|Earthquake|p1a: Zygarde
|-damage|p1a: Zygarde|34/100 tox
|
|-weather|DesolateLand|[upkeep]
|-damage|p1a: Zygarde|27/100 tox|[from] psn
|upkeep
|turn|11
|
|t:|1616847740
|-weather|none
|switch|p2a: Rayquaza|Rayquaza|100/100
|-ability|p2a: Rayquaza|Air Lock
|move|p1a: Zygarde|Thousand Arrows|p2a: Rayquaza
|-damage|p2a: Rayquaza|66/100
|-start|p2a: Rayquaza|Smack Down
|
|-damage|p1a: Zygarde|15/100 tox|[from] psn
|upkeep
|turn|12
|
|t:|1616847754
|detailschange|p2a: Rayquaza|Rayquaza-Mega
|-mega|p2a: Rayquaza|Rayquaza|
|-weather|DeltaStream|[from] ability: Delta Stream|[of] p2a: Rayquaza
|move|p2a: Rayquaza|Dragon Ascent|p1a: Zygarde
|-damage|p1a: Zygarde|0 fnt
|-unboost|p2a: Rayquaza|def|1
|-unboost|p2a: Rayquaza|spd|1
|faint|p1a: Zygarde
|
|-weather|DeltaStream|[upkeep]
|upkeep
|
|t:|1616847770
|switch|p1a: Groudon|Groudon|100/100
|detailschange|p1a: Groudon|Groudon-Primal
|-primal|p1a: Groudon
|-weather|DesolateLand|[from] ability: Desolate Land|[of] p1a: Groudon
|turn|13
|
|t:|1616847777
|move|p2a: Rayquaza|Dragon Dance|p2a: Rayquaza
|-boost|p2a: Rayquaza|atk|1
|-boost|p2a: Rayquaza|spe|1
|move|p1a: Groudon|Rock Tomb|p2a: Rayquaza
|-supereffective|p2a: Rayquaza
|-damage|p2a: Rayquaza|0 fnt
|faint|p2a: Rayquaza
|
|-weather|DesolateLand|[upkeep]
|upkeep
|
|t:|1616847785
|switch|p2a: Smeargle|Smeargle, M|100/100
|turn|14
|
|t:|1616847790
|move|p2a: Smeargle|Spore|p1a: Groudon
|-status|p1a: Groudon|slp|[from] move: Spore
|cant|p1a: Groudon|slp
|
|-weather|DesolateLand|[upkeep]
|upkeep
|turn|15
|
|t:|1616847797
|move|p2a: Smeargle|Sticky Web|p1a: Groudon
|-sidestart|p1: papapriest|move: Sticky Web
|cant|p1a: Groudon|slp
|
|-weather|DesolateLand|[upkeep]
|upkeep
|turn|16
|
|t:|1616847804
|switch|p2a: Dusclops|Dusclops, F|9/100
|-item|p1a: Groudon|Red Orb|[from] ability: Frisk|[of] p2a: Dusclops|[identify]
|cant|p1a: Groudon|slp
|
|-weather|DesolateLand|[upkeep]
|upkeep
|turn|17
|
|t:|1616847813
|-curestatus|p1a: Groudon|slp|[msg]
|move|p1a: Groudon|Stealth Rock|p2a: Dusclops
|-sidestart|p2: Hoenn Militian|move: Stealth Rock
|move|p2a: Dusclops|Pain Split|p1a: Groudon
|-sethp|p1a: Groudon|53/100|[from] move: Pain Split|[silent]
|-sethp|p2a: Dusclops|75/100|[from] move: Pain Split
|
|-weather|DesolateLand|[upkeep]
|upkeep
|turn|18
|
|t:|1616847833
|-weather|none
|switch|p1a: Ho-Oh|Ho-Oh|84/100
|move|p2a: Dusclops|Curse|p1a: Ho-Oh
|-start|p1a: Ho-Oh|Curse|[of] p2a: Dusclops
|-damage|p2a: Dusclops|25/100
|
|-damage|p1a: Ho-Oh|59/100|[from] Curse
|upkeep
|turn|19
|
|t:|1616847843
|move|p1a: Ho-Oh|Sacred Fire|p2a: Dusclops
|-damage|p2a: Dusclops|0 fnt
|faint|p2a: Dusclops
|
|-damage|p1a: Ho-Oh|34/100|[from] Curse
|upkeep
|
|t:|1616847851
|switch|p2a: Donphan|Donphan, F|100/100
|-damage|p2a: Donphan|94/100|[from] Stealth Rock
|turn|20
|
|t:|1616847860
|move|p1a: Ho-Oh|Toxic|p2a: Donphan
|-status|p2a: Donphan|tox
|move|p2a: Donphan|Rapid Spin|p1a: Ho-Oh
|-damage|p1a: Ho-Oh|23/100
|-boost|p2a: Donphan|spe|1
|-sideend|p2: Hoenn Militian|Stealth Rock|[from] move: Rapid Spin|[of] p2a: Donphan
|
|-heal|p2a: Donphan|100/100 tox|[from] item: Leftovers
|-damage|p2a: Donphan|94/100 tox|[from] psn
|-damage|p1a: Ho-Oh|0 fnt|[from] Curse
|faint|p1a: Ho-Oh
|upkeep
|
|t:|1616847881
|switch|p1a: Groudon|Groudon-Primal|53/100
|-activate|p1a: Groudon|move: Sticky Web
|-unboost|p1a: Groudon|spe|1
|-weather|DesolateLand|[from] ability: Desolate Land|[of] p1a: Groudon
|turn|21
|
|t:|1616847892
|move|p2a: Donphan|Earthquake|p1a: Groudon
|-supereffective|p1a: Groudon
|-damage|p1a: Groudon|0 fnt
|faint|p1a: Groudon
|-weather|none
|
|-heal|p2a: Donphan|100/100 tox|[from] item: Leftovers
|-damage|p2a: Donphan|88/100 tox|[from] psn
|upkeep
|
|t:|1616847906
|switch|p1a: Necrozma|Necrozma-Dusk-Mane|100/100
|-activate|p1a: Necrozma|move: Sticky Web
|-unboost|p1a: Necrozma|spe|1
|turn|22
|
|t:|1616847912
|-start|p2a: Donphan|Dynamax
|-heal|p2a: Donphan|88/100 tox|[silent]
|move|p2a: Donphan|Max Quake|p1a: Necrozma
|-supereffective|p1a: Necrozma
|-damage|p1a: Necrozma|24/100
|-boost|p2a: Donphan|spd|1
|-enditem|p1a: Necrozma|Weakness Policy
|-boost|p1a: Necrozma|atk|2|[from] item: Weakness Policy
|-boost|p1a: Necrozma|spa|2|[from] item: Weakness Policy
|move|p1a: Necrozma|Trick Room|p1a: Necrozma
|-fieldstart|move: Trick Room|[of] p1a: Necrozma
|
|-heal|p2a: Donphan|91/100 tox|[from] item: Leftovers
|-damage|p2a: Donphan|82/100 tox|[from] psn
|upkeep
|turn|23
|
|t:|1616847924
|move|p1a: Necrozma|Sunsteel Strike|p2a: Donphan
|-damage|p2a: Donphan|35/100 tox
|move|p2a: Donphan|Max Quake|p1a: Necrozma
|-supereffective|p1a: Necrozma
|-damage|p1a: Necrozma|0 fnt
|-boost|p2a: Donphan|spd|1
|faint|p1a: Necrozma
|
|-heal|p2a: Donphan|38/100 tox|[from] item: Leftovers
|-damage|p2a: Donphan|25/100 tox|[from] psn
|upkeep
|
|t:|1616847938
|switch|p1a: Yveltal|Yveltal|100/100
|-ability|p1a: Yveltal|Dark Aura
|turn|24
|
|t:|1616847942
|move|p1a: Yveltal|Sucker Punch|p2a: Donphan
|-damage|p2a: Donphan|2/100 tox
|-damage|p1a: Yveltal|91/100|[from] item: Life Orb
|move|p2a: Donphan|Max Rockfall|p1a: Yveltal
|-supereffective|p1a: Yveltal
|-crit|p1a: Yveltal
|-damage|p1a: Yveltal|0 fnt
|-weather|Sandstorm
|faint|p1a: Yveltal
|
|-weather|Sandstorm|[upkeep]
|-heal|p2a: Donphan|6/100 tox|[from] item: Leftovers
|-damage|p2a: Donphan|0 fnt|[from] psn
|faint|p2a: Donphan
|upkeep
|-message|papapriest forfeited.
|
|win|Hoenn Militian
|raw|papapriest's rating: 1696 &rarr; <strong>1677</strong><br />(-19 for losing)
|raw|Hoenn Militian's rating: 1707 &rarr; <strong>1726</strong><br />(+19 for winning)
|l|☆papapriest
