|j|☆Thelegendaryssj2
|j|☆Ussolando
|t:|1659333206
|gametype|singles
|player|p1|Thelegendaryssj2|blue|1416
|player|p2|Ussolando|karen|1481
|teamsize|p1|6
|teamsize|p2|6
|gen|8
|tier|[Gen 8] National Dex AG
|rated|
|rule|HP Percentage Mod: HP is shown in percentages
|rule|Endless Battle Clause: Forcing endless battles is banned
|clearpoke
|poke|p1|Staraptor, F|
|poke|p1|Regidrago|
|poke|p1|Serperior, F|
|poke|p1|Zacian-*|
|poke|p1|Calyrex-Shadow|
|poke|p1|Cloyster, M|
|poke|p2|Kyogre|
|poke|p2|Galvantula, M|
|poke|p2|Greninja, M|
|poke|p2|Ditto|
|poke|p2|Jirachi|
|poke|p2|Clefable, F|
|teampreview
|inactive|Battle timer is ON: inactive players will automatically lose when time's up. (requested by Ussolando)
|
|t:|1659333214
|start
|switch|p1a: Cloyster|Cloyster, M|100/100
|switch|p2a: Galvantula|Galvantula, M, shiny|100/100
|turn|1
|
|t:|1659333217
|move|p2a: Galvantula|Sticky Web|p1a: Cloyster
|-sidestart|p1: Thelegendaryssj2|move: Sticky Web
|move|p1a: Cloyster|Shell Smash|p1a: Cloyster
|-unboost|p1a: Cloyster|def|1
|-unboost|p1a: Cloyster|spd|1
|-boost|p1a: Cloyster|atk|2
|-boost|p1a: Cloyster|spa|2
|-boost|p1a: Cloyster|spe|2
|
|upkeep
|turn|2
|
|t:|1659333235
|move|p1a: Cloyster|Rock Blast|p2a: Galvantula
|-supereffective|p2a: Galvantula
|-damage|p2a: Galvantula|44/100
|-supereffective|p2a: Galvantula
|-damage|p2a: Galvantula|0 fnt
|faint|p2a: Galvantula
|-hitcount|p2: Galvantula|2
|
|upkeep
|
|t:|1659333240
|switch|p2a: Ditto|Ditto, shiny|100/100
|-transform|p2a: Ditto|p1a: Cloyster|[from] ability: Imposter
|turn|3
|
|t:|1659333257
|move|p2a: Ditto|Rock Blast|p1a: Cloyster
|-supereffective|p1a: Cloyster
|-damage|p1a: Cloyster|64/100
|-supereffective|p1a: Cloyster
|-damage|p1a: Cloyster|25/100
|-supereffective|p1a: Cloyster
|-damage|p1a: Cloyster|0 fnt
|faint|p1a: Cloyster
|-hitcount|p1: Cloyster|3
|
|upkeep
|
|t:|1659333268
|switch|p1a: Serperior|Serperior, F|100/100
|-activate|p1a: Serperior|move: Sticky Web
|-boost|p1a: Serperior|spe|1
|turn|4
|inactive|Ussolando has 120 seconds left.
|
|t:|1659333305
|-start|p2a: Ditto|Dynamax|
|-heal|p2a: Ditto|100/100|[silent]
|move|p1a: Serperior|Leaf Storm|p2a: Ditto
|-supereffective|p2a: Ditto
|-damage|p2a: Ditto|0 fnt
|-boost|p1a: Serperior|spa|2
|faint|p2a: Ditto
|
|upkeep
|
|t:|1659333319
|switch|p2a: Clefable|Clefable, F, shiny|100/100
|turn|5
|
|t:|1659333332
|move|p1a: Serperior|Leech Seed|p2a: Clefable
|-start|p2a: Clefable|move: Leech Seed
|move|p2a: Clefable|Minimize|p2a: Clefable
|-boost|p2a: Clefable|evasion|2
|
|upkeep
|turn|6
|
|t:|1659333338
|move|p1a: Serperior|Glare|p2a: Clefable
|-status|p2a: Clefable|par
|move|p2a: Clefable|Minimize|p2a: Clefable
|-boost|p2a: Clefable|evasion|2
|
|upkeep
|turn|7
|
|t:|1659333353
|move|p1a: Serperior|Leaf Storm|p2a: Clefable
|-damage|p2a: Clefable|32/100 par
|-boost|p1a: Serperior|spa|2
|move|p2a: Clefable|Minimize|p2a: Clefable
|-boost|p2a: Clefable|evasion|2
|
|-heal|p2a: Clefable|38/100 par|[from] item: Leftovers
|upkeep
|turn|8
|
|t:|1659333367
|move|p1a: Serperior|Leaf Storm|p2a: Clefable
|-damage|p2a: Clefable|0 fnt
|-boost|p1a: Serperior|spa|2
|faint|p2a: Clefable
|
|upkeep
|-message|Ussolando forfeited.
|
|win|Thelegendaryssj2
|raw|Thelegendaryssj2's rating: 1416 &rarr; <strong>1440</strong><br />(+24 for winning)
|raw|Ussolando's rating: 1481 &rarr; <strong>1457</strong><br />(-24 for losing)
|l|☆Ussolando
