|j|☆rajof
|j|☆CLEAR GEM清瑜
|t:|1662522443
|gametype|singles
|player|p1|rajof|youngster-gen4|1889
|player|p2|CLEAR GEM清瑜|skierf|1838
|teamsize|p1|6
|teamsize|p2|6
|gen|8
|tier|[Gen 8] National Dex AG
|rated|
|rule|HP Percentage Mod: HP is shown in percentages
|rule|Endless Battle Clause: Forcing endless battles is banned
|clearpoke
|poke|p1|Arceus-*|
|poke|p1|Ditto|
|poke|p1|Chansey, F|
|poke|p1|Lugia|
|poke|p1|Groudon|
|poke|p1|Arceus-*|
|poke|p2|Rayquaza|
|poke|p2|Groudon|
|poke|p2|Necrozma-Dusk-Mane|
|poke|p2|Arceus-*|
|poke|p2|Arceus-*|
|poke|p2|Arceus-*|
|teampreview
|inactive|Battle timer is ON: inactive players will automatically lose when time's up. (requested by CLEAR GEM清瑜)
|
|t:|1662522453
|start
|switch|p1a: 루기아|Lugia|100/100
|switch|p2a: 乱杀P固|Arceus-Ground|100/100
|turn|1
|
|t:|1662522458
|move|p2a: 乱杀P固|Ice Beam|p1a: 루기아
|-supereffective|p1a: 루기아
|-damage|p1a: 루기아|82/100
|move|p1a: 루기아|Toxic|p2a: 乱杀P固
|-status|p2a: 乱杀P固|tox
|
|-damage|p2a: 乱杀P固|94/100 tox|[from] psn
|upkeep
|turn|2
|
|t:|1662522460
|switch|p2a: 钢铁之躯|Necrozma-Dusk-Mane|100/100
|move|p1a: 루기아|Roost|p1a: 루기아
|-heal|p1a: 루기아|100/100
|-singleturn|p1a: 루기아|move: Roost
|
|upkeep
|turn|3
|
|t:|1662522468
|switch|p1a: 악르세우스|Arceus-Dark|100/100
|switch|p2a: 不会(?)|Groudon|100/100
|detailschange|p2a: 不会(?)|Groudon-Primal
|-primal|p2a: 不会(?)
|-weather|DesolateLand|[from] ability: Desolate Land|[of] p2a: 不会(?)
|
|-weather|DesolateLand|[upkeep]
|upkeep
|turn|4
|
|t:|1662522479
|switch|p1a: 루기아|Lugia|100/100
|move|p2a: 不会(?)|Heat Crash|p1a: 루기아
|-damage|p1a: 루기아|75/100
|-damage|p2a: 不会(?)|84/100|[from] item: Rocky Helmet|[of] p1a: 루기아
|
|-weather|DesolateLand|[upkeep]
|upkeep
|turn|5
|
|t:|1662522483
|move|p1a: 루기아|Roost|p1a: 루기아
|-heal|p1a: 루기아|100/100
|-singleturn|p1a: 루기아|move: Roost
|move|p2a: 不会(?)|Stealth Rock|p1a: 루기아
|-sidestart|p1: rajof|move: Stealth Rock
|
|-weather|DesolateLand|[upkeep]
|upkeep
|turn|6
|
|t:|1662522485
|move|p1a: 루기아|Defog|p2a: 不会(?)
|-unboost|p2a: 不会(?)|evasion|1
|-sideend|p1: rajof|Stealth Rock|[from] move: Defog|[of] p1a: 루기아
|move|p2a: 不会(?)|Roar|p1a: 루기아
|drag|p1a: 메타몽|Ditto|100/100
|-transform|p1a: 메타몽|p2a: 不会(?)|[from] ability: Imposter
|
|-weather|DesolateLand|[upkeep]
|upkeep
|turn|7
|
|t:|1662522488
|switch|p1a: 루기아|Lugia|100/100
|move|p2a: 不会(?)|Stealth Rock|p1a: 루기아
|-sidestart|p1: rajof|move: Stealth Rock
|
|-weather|DesolateLand|[upkeep]
|upkeep
|turn|8
|
|t:|1662522490
|move|p1a: 루기아|Defog|p2a: 不会(?)
|-unboost|p2a: 不会(?)|evasion|1
|-sideend|p1: rajof|Stealth Rock|[from] move: Defog|[of] p1a: 루기아
|move|p2a: 不会(?)|Heat Crash|p1a: 루기아
|-damage|p1a: 루기아|76/100
|-damage|p2a: 不会(?)|67/100|[from] item: Rocky Helmet|[of] p1a: 루기아
|
|-weather|DesolateLand|[upkeep]
|upkeep
|turn|9
|
|t:|1662522493
|-weather|none
|switch|p2a: 乱杀P固|Arceus-Ground|94/100 tox
|move|p1a: 루기아|Toxic|p2a: 乱杀P固
|-fail|p2a: 乱杀P固|tox
|
|-damage|p2a: 乱杀P固|88/100 tox|[from] psn
|upkeep
|turn|10
|
|t:|1662522500
|move|p2a: 乱杀P固|Ice Beam|p1a: 루기아
|-supereffective|p1a: 루기아
|-damage|p1a: 루기아|37/100
|move|p1a: 루기아|Roost|p1a: 루기아
|-heal|p1a: 루기아|87/100
|-singleturn|p1a: 루기아|move: Roost
|
|-damage|p2a: 乱杀P固|76/100 tox|[from] psn
|upkeep
|turn|11
|
|t:|1662522503
|move|p2a: 乱杀P固|Ice Beam|p1a: 루기아
|-supereffective|p1a: 루기아
|-damage|p1a: 루기아|49/100
|-status|p1a: 루기아|frz
|-curestatus|p1a: 루기아|frz|[msg]
|move|p1a: 루기아|Roost|p1a: 루기아
|-heal|p1a: 루기아|99/100
|-singleturn|p1a: 루기아|move: Roost
|
|-damage|p2a: 乱杀P固|58/100 tox|[from] psn
|upkeep
|turn|12
|
|t:|1662522506
|move|p2a: 乱杀P固|Stealth Rock|p1a: 루기아
|-sidestart|p1: rajof|move: Stealth Rock
|move|p1a: 루기아|Roost|p1a: 루기아
|-heal|p1a: 루기아|100/100
|-singleturn|p1a: 루기아|move: Roost
|
|-damage|p2a: 乱杀P固|34/100 tox|[from] psn
|upkeep
|turn|13
|
|t:|1662522511
|switch|p2a: 究极辅助|Arceus-Dark|100/100
|move|p1a: 루기아|Defog|p2a: 究极辅助
|-unboost|p2a: 究极辅助|evasion|1
|-sideend|p1: rajof|Stealth Rock|[from] move: Defog|[of] p1a: 루기아
|
|upkeep
|turn|14
|
|t:|1662522527
|switch|p1a: 아르세우스|Arceus-Fairy|100/100
|move|p2a: 究极辅助|Magic Coat|p2a: 究极辅助
|-singleturn|p2a: 究极辅助|move: Magic Coat
|
|upkeep
|turn|15
|
|t:|1662522531
|switch|p2a: 不会(?)|Groudon-Primal|67/100
|-weather|DesolateLand|[from] ability: Desolate Land|[of] p2a: 不会(?)
|move|p1a: 아르세우스|Judgment|p2a: 不会(?)
|-resisted|p2a: 不会(?)
|-damage|p2a: 不会(?)|45/100
|
|-weather|DesolateLand|[upkeep]
|upkeep
|turn|16
|
|t:|1662522534
|move|p1a: 아르세우스|Earth Power|p2a: 不会(?)
|-supereffective|p2a: 不会(?)
|-damage|p2a: 不会(?)|0 fnt
|faint|p2a: 不会(?)
|-weather|none
|
|upkeep
|
|t:|1662522537
|switch|p2a: 乱杀P固|Arceus-Ground|34/100 tox
|turn|17
|
|t:|1662522543
|move|p2a: 乱杀P固|Stealth Rock|p1a: 아르세우스
|-sidestart|p1: rajof|move: Stealth Rock
|move|p1a: 아르세우스|Judgment|p2a: 乱杀P固
|-damage|p2a: 乱杀P固|0 fnt
|faint|p2a: 乱杀P固
|
|upkeep
|
|t:|1662522548
|switch|p2a: 钢铁之躯|Necrozma-Dusk-Mane|100/100
|turn|18
|
|t:|1662522556
|switch|p1a: 루기아|Lugia|100/100
|-damage|p1a: 루기아|75/100|[from] Stealth Rock
|move|p2a: 钢铁之躯|Dragon Dance|p2a: 钢铁之躯
|-boost|p2a: 钢铁之躯|atk|1
|-boost|p2a: 钢铁之躯|spe|1
|
|upkeep
|turn|19
|
|t:|1662522558
|move|p2a: 钢铁之躯|Stone Edge|p1a: 루기아
|-supereffective|p1a: 루기아
|-damage|p1a: 루기아|16/100
|move|p1a: 루기아|Roost|p1a: 루기아
|-heal|p1a: 루기아|66/100
|-singleturn|p1a: 루기아|move: Roost
|
|upkeep
|turn|20
|
|t:|1662522575
|move|p2a: 钢铁之躯|Dragon Dance|p2a: 钢铁之躯
|-boost|p2a: 钢铁之躯|atk|1
|-boost|p2a: 钢铁之躯|spe|1
|move|p1a: 루기아|Defog|p2a: 钢铁之躯
|-unboost|p2a: 钢铁之躯|evasion|1
|-sideend|p1: rajof|Stealth Rock|[from] move: Defog|[of] p1a: 루기아
|
|upkeep
|turn|21
|
|t:|1662522597
|move|p2a: 钢铁之躯|Stone Edge|p1a: 루기아
|-supereffective|p1a: 루기아
|-damage|p1a: 루기아|0 fnt
|faint|p1a: 루기아
|
|upkeep
|
|t:|1662522600
|switch|p1a: 메타몽|Ditto|100/100
|-transform|p1a: 메타몽|p2a: 钢铁之躯|[from] ability: Imposter
|turn|22
|
|t:|1662522610
|switch|p1a: 악르세우스|Arceus-Dark|100/100
|detailschange|p2a: 钢铁之躯|Necrozma-Ultra
|-burst|p2a: 钢铁之躯|Necrozma|Ultranecrozium Z
|move|p2a: 钢铁之躯|Earthquake|p1a: 악르세우스
|-damage|p1a: 악르세우스|40/100
|
|upkeep
|turn|23
|
|t:|1662522617
|move|p2a: 钢铁之躯|Earthquake|p1a: 악르세우스
|-damage|p1a: 악르세우스|0 fnt
|faint|p1a: 악르세우스
|
|upkeep
|
|t:|1662522624
|switch|p1a: 메타몽|Ditto|100/100
|-transform|p1a: 메타몽|p2a: 钢铁之躯|[from] ability: Imposter
|turn|24
|
|t:|1662522635
|move|p1a: 메타몽|Earthquake|p2a: 钢铁之躯
|-crit|p2a: 钢铁之躯
|-damage|p2a: 钢铁之躯|0 fnt
|faint|p2a: 钢铁之躯
|
|upkeep
|
|t:|1662522639
|switch|p2a: 烈龙无敌|Rayquaza|100/100
|-ability|p2a: 烈龙无敌|Air Lock
|turn|25
|
|t:|1662522661
|switch|p1a: 그란돈|Groudon|100/100
|detailschange|p1a: 그란돈|Groudon-Primal
|-primal|p1a: 그란돈
|-weather|DesolateLand|[from] ability: Desolate Land|[of] p1a: 그란돈
|switch|p2a: 悬空羊驼|Arceus-Flying|100/100
|
|-weather|DesolateLand|[upkeep]
|upkeep
|turn|26
|
|t:|1662522667
|move|p2a: 悬空羊驼|Calm Mind|p2a: 悬空羊驼
|-boost|p2a: 悬空羊驼|spa|1
|-boost|p2a: 悬空羊驼|spd|1
|move|p1a: 그란돈|Rock Tomb|p2a: 悬空羊驼|[miss]
|-miss|p1a: 그란돈|p2a: 悬空羊驼
|
|-weather|DesolateLand|[upkeep]
|upkeep
|turn|27
|
|t:|1662522672
|switch|p2a: 究极辅助|Arceus-Dark|100/100
|-weather|none
|switch|p1a: 럭키|Chansey, F|100/100
|
|upkeep
|turn|28
|
|t:|1662522698
|switch|p1a: 아르세우스|Arceus-Fairy|100/100
|move|p2a: 究极辅助|Magic Coat|p2a: 究极辅助
|-singleturn|p2a: 究极辅助|move: Magic Coat
|
|upkeep
|turn|29
|
|t:|1662522701
|move|p1a: 아르세우스|Calm Mind|p1a: 아르세우스
|-boost|p1a: 아르세우스|spa|1
|-boost|p1a: 아르세우스|spd|1
|move|p2a: 究极辅助|Roar|p1a: 아르세우스
|drag|p1a: 그란돈|Groudon-Primal|100/100
|-weather|DesolateLand|[from] ability: Desolate Land|[of] p1a: 그란돈
|
|-weather|DesolateLand|[upkeep]
|upkeep
|turn|30
|
|t:|1662522724
|-weather|none
|switch|p1a: 아르세우스|Arceus-Fairy|100/100
|move|p2a: 究极辅助|Roar|p1a: 아르세우스
|drag|p1a: 그란돈|Groudon-Primal|100/100
|-weather|DesolateLand|[from] ability: Desolate Land|[of] p1a: 그란돈
|
|-weather|DesolateLand|[upkeep]
|upkeep
|turn|31
|
|t:|1662522728
|-weather|none
|switch|p1a: 아르세우스|Arceus-Fairy|100/100
|move|p2a: 究极辅助|Judgment|p1a: 아르세우스
|-resisted|p1a: 아르세우스
|-damage|p1a: 아르세우스|81/100
|
|upkeep
|turn|32
|
|t:|1662522731
|move|p1a: 아르세우스|Judgment|p2a: 究极辅助
|-supereffective|p2a: 究极辅助
|-damage|p2a: 究极辅助|33/100
|move|p2a: 究极辅助|Roar|p1a: 아르세우스
|drag|p1a: 메타몽|Ditto|100/100
|-transform|p1a: 메타몽|p2a: 究极辅助|[from] ability: Imposter
|
|upkeep
|turn|33
|
|t:|1662522739
|switch|p1a: 아르세우스|Arceus-Fairy|81/100
|move|p2a: 究极辅助|Recover|p2a: 究极辅助
|-heal|p2a: 究极辅助|83/100
|
|upkeep
|turn|34
|
|t:|1662522742
|move|p1a: 아르세우스|Judgment|p2a: 究极辅助
|-supereffective|p2a: 究极辅助
|-damage|p2a: 究极辅助|14/100
|move|p2a: 究极辅助|Roar|p1a: 아르세우스
|drag|p1a: 럭키|Chansey, F|100/100
|
|upkeep
|turn|35
|
|t:|1662522762
|move|p1a: 럭키|Toxic|p2a: 究极辅助
|-status|p2a: 究极辅助|tox
|move|p2a: 究极辅助|Roar|p1a: 럭키
|drag|p1a: 아르세우스|Arceus-Fairy|81/100
|
|-damage|p2a: 究极辅助|8/100 tox|[from] psn
|upkeep
|turn|36
|
|t:|1662522767
|move|p2a: 究极辅助|Judgment|p1a: 아르세우스
|-resisted|p1a: 아르세우스
|-damage|p1a: 아르세우스|62/100
|move|p1a: 아르세우스|Judgment|p2a: 究极辅助
|-supereffective|p2a: 究极辅助
|-damage|p2a: 究极辅助|0 fnt
|faint|p2a: 究极辅助
|
|upkeep
|
|t:|1662522770
|switch|p2a: 悬空羊驼|Arceus-Flying|100/100
|turn|37
|
|t:|1662522781
|move|p2a: 悬空羊驼|Judgment|p1a: 아르세우스
|-damage|p1a: 아르세우스|16/100
|move|p1a: 아르세우스|Calm Mind|p1a: 아르세우스
|-boost|p1a: 아르세우스|spa|1
|-boost|p1a: 아르세우스|spd|1
|
|upkeep
|turn|38
|
|t:|1662522790
|switch|p1a: 럭키|Chansey, F|100/100
|move|p2a: 悬空羊驼|Judgment|p1a: 럭키
|-damage|p1a: 럭키|80/100
|
|upkeep
|turn|39
|
|t:|1662522799
|move|p2a: 悬空羊驼|Calm Mind|p2a: 悬空羊驼
|-boost|p2a: 悬空羊驼|spa|1
|-boost|p2a: 悬空羊驼|spd|1
|move|p1a: 럭키|Toxic|p2a: 悬空羊驼
|-status|p2a: 悬空羊驼|tox
|
|-damage|p2a: 悬空羊驼|94/100 tox|[from] psn
|upkeep
|turn|40
|
|t:|1662522802
|move|p2a: 悬空羊驼|Judgment|p1a: 럭키
|-damage|p1a: 럭키|52/100
|move|p1a: 럭키|Wish|p1a: 럭키
|
|-damage|p2a: 悬空羊驼|82/100 tox|[from] psn
|upkeep
|turn|41
|
|t:|1662522807
|move|p2a: 悬空羊驼|Judgment|p1a: 럭키
|-damage|p1a: 럭키|22/100
|move|p1a: 럭키|Seismic Toss|p2a: 悬空羊驼
|-damage|p2a: 悬空羊驼|58/100 tox
|
|-heal|p1a: 럭키|72/100|[from] move: Wish|[wisher] 럭키
|-damage|p2a: 悬空羊驼|40/100 tox|[from] psn
|upkeep
|turn|42
|
|t:|1662522812
|move|p2a: 悬空羊驼|Earth Power|p1a: 럭키
|-damage|p1a: 럭키|59/100
|move|p1a: 럭키|Wish|p1a: 럭키
|
|-damage|p2a: 悬空羊驼|16/100 tox|[from] psn
|upkeep
|turn|43
|
|t:|1662522831
|move|p2a: 悬空羊驼|Judgment|p1a: 럭키
|-damage|p1a: 럭키|31/100
|move|p1a: 럭키|Toxic|p2a: 悬空羊驼
|-fail|p2a: 悬空羊驼|tox
|
|-heal|p1a: 럭키|81/100|[from] move: Wish|[wisher] 럭키
|-damage|p2a: 悬空羊驼|0 fnt|[from] psn
|faint|p2a: 悬空羊驼
|upkeep
|
|t:|1662522833
|switch|p2a: 烈龙无敌|Rayquaza|100/100
|-ability|p2a: 烈龙无敌|Air Lock
|turn|44
|
|t:|1662522836
|detailschange|p2a: 烈龙无敌|Rayquaza-Mega
|-mega|p2a: 烈龙无敌|Rayquaza|
|-weather|DeltaStream|[from] ability: Delta Stream|[of] p2a: 烈龙无敌
|move|p2a: 烈龙无敌|Dragon Dance|p2a: 烈龙无敌
|-boost|p2a: 烈龙无敌|atk|1
|-boost|p2a: 烈龙无敌|spe|1
|move|p1a: 럭키|Toxic|p2a: 烈龙无敌
|-status|p2a: 烈龙无敌|tox
|
|-weather|DeltaStream|[upkeep]
|-damage|p2a: 烈龙无敌|94/100 tox|[from] psn
|upkeep
|turn|45
|
|t:|1662522845
|move|p1a: 럭키|Protect|p1a: 럭키
|-singleturn|p1a: 럭키|Protect
|move|p2a: 烈龙无敌|Dragon Ascent|p1a: 럭키
|-activate|p1a: 럭키|move: Protect
|
|-weather|DeltaStream|[upkeep]
|-damage|p2a: 烈龙无敌|82/100 tox|[from] psn
|upkeep
|turn|46
|
|t:|1662522850
|switch|p1a: 아르세우스|Arceus-Fairy|16/100
|move|p2a: 烈龙无敌|Dragon Ascent|p1a: 아르세우스
|-damage|p1a: 아르세우스|0 fnt
|-unboost|p2a: 烈龙无敌|def|1
|-unboost|p2a: 烈龙无敌|spd|1
|faint|p1a: 아르세우스
|
|-weather|DeltaStream|[upkeep]
|-damage|p2a: 烈龙无敌|64/100 tox|[from] psn
|upkeep
|
|t:|1662522865
|switch|p1a: 럭키|Chansey, F|81/100
|turn|47
|
|t:|1662522869
|move|p1a: 럭키|Protect|p1a: 럭키
|-singleturn|p1a: 럭키|Protect
|move|p2a: 烈龙无敌|Dragon Dance|p2a: 烈龙无敌
|-boost|p2a: 烈龙无敌|atk|1
|-boost|p2a: 烈龙无敌|spe|1
|
|-weather|DeltaStream|[upkeep]
|-damage|p2a: 烈龙无敌|39/100 tox|[from] psn
|upkeep
|turn|48
|
|t:|1662522873
|switch|p1a: 그란돈|Groudon-Primal|100/100
|-weather|DesolateLand|[from] ability: Desolate Land|[of] p1a: 그란돈
|move|p2a: 烈龙无敌|Earthquake|p1a: 그란돈
|-supereffective|p1a: 그란돈
|-damage|p1a: 그란돈|0 fnt
|faint|p1a: 그란돈
|-weather|none
|
|-damage|p2a: 烈龙无敌|8/100 tox|[from] psn
|upkeep
|
|t:|1662522878
|switch|p1a: 메타몽|Ditto|100/100
|-transform|p1a: 메타몽|p2a: 烈龙无敌|[from] ability: Imposter
|-weather|DeltaStream|[from] ability: Delta Stream|[of] p1a: 메타몽
|turn|49
|
|t:|1662522881
|move|p1a: 메타몽|Extreme Speed|p2a: 烈龙无敌
|-damage|p2a: 烈龙无敌|0 fnt
|faint|p2a: 烈龙无敌
|
|win|rajof
|raw|rajof's rating: 1889 &rarr; <strong>1906</strong><br />(+17 for winning)
|raw|CLEAR GEM清瑜's rating: 1838 &rarr; <strong>1821</strong><br />(-17 for losing)
