|j|☆swordsdance1231321
|j|☆RUiNtheExtinct
|t:|1638362276
|gametype|singles
|player|p1|swordsdance1231321|lusamine-nihilego|1765
|player|p2|RUiNtheExtinct|red-gen7|1705
|teamsize|p1|6
|teamsize|p2|6
|gen|8
|tier|[Gen 8] National Dex AG
|rated|
|rule|HP Percentage Mod: HP is shown in percentages
|rule|Endless Battle Clause: Forcing endless battles is banned
|clearpoke
|poke|p1|Arceus-*|
|poke|p1|Yveltal|
|poke|p1|Rayquaza|
|poke|p1|Zygarde|
|poke|p1|Ditto|
|poke|p1|Necrozma-Dusk-Mane|
|poke|p2|Deoxys-Speed|
|poke|p2|Calyrex-Shadow|
|poke|p2|Ditto|
|poke|p2|Yveltal|
|poke|p2|Necrozma-Dusk-Mane|
|poke|p2|Groudon|
|teampreview
|inactive|Battle timer is ON: inactive players will automatically lose when time's up. (requested by RUiNtheExtinct)
|
|t:|1638362294
|start
|switch|p1a: Rayquaza|Rayquaza|100/100
|switch|p2a: Deoxys|Deoxys-Speed|100/100
|-ability|p2a: Deoxys|Pressure
|-ability|p1a: Rayquaza|Air Lock
|turn|1
|
|t:|1638362302
|detailschange|p1a: Rayquaza|Rayquaza-Mega
|-mega|p1a: Rayquaza|Rayquaza|
|-weather|DeltaStream|[from] ability: Delta Stream|[of] p1a: Rayquaza
|move|p2a: Deoxys|Stealth Rock|p1a: Rayquaza
|-sidestart|p1: swordsdance1231321|move: Stealth Rock
|move|p1a: Rayquaza|Scale Shot|p2a: Deoxys
|-damage|p2a: Deoxys|78/100
|-crit|p2a: Deoxys
|-damage|p2a: Deoxys|49/100
|-hitcount|p2a: Deoxys|2
|-unboost|p1a: Rayquaza|def|1
|-boost|p1a: Rayquaza|spe|1
|
|-weather|DeltaStream|[upkeep]
|upkeep
|turn|2
|
|t:|1638362318
|move|p1a: Rayquaza|Dragon Ascent|p2a: Deoxys
|-damage|p2a: Deoxys|0 fnt
|-unboost|p1a: Rayquaza|def|1
|-unboost|p1a: Rayquaza|spd|1
|faint|p2a: Deoxys
|
|-weather|DeltaStream|[upkeep]
|upkeep
|
|t:|1638362325
|switch|p2a: Ditto|Ditto|100/100
|-transform|p2a: Ditto|p1a: Rayquaza|[from] ability: Imposter
|turn|3
|
|t:|1638362346
|switch|p1a: Necrozma|Necrozma-Dusk-Mane|100/100
|-damage|p1a: Necrozma|94/100|[from] Stealth Rock
|move|p2a: Ditto|Extreme Speed|p1a: Necrozma
|-resisted|p1a: Necrozma
|-damage|p1a: Necrozma|86/100
|-damage|p2a: Ditto|84/100|[from] item: Rocky Helmet|[of] p1a: Necrozma
|
|-weather|DeltaStream|[upkeep]
|upkeep
|turn|4
|
|t:|1638362355
|-weather|none
|switch|p2a: Groudon|Groudon|100/100
|detailschange|p2a: Groudon|Groudon-Primal
|-primal|p2a: Groudon
|-weather|DesolateLand|[from] ability: Desolate Land|[of] p2a: Groudon
|move|p1a: Necrozma|Stealth Rock|p2a: Groudon
|-sidestart|p2: RUiNtheExtinct|move: Stealth Rock
|
|-weather|DesolateLand|[upkeep]
|upkeep
|turn|5
|
|t:|1638362363
|switch|p1a: Zygarde|Zygarde|100/100
|-damage|p1a: Zygarde|94/100|[from] Stealth Rock
|move|p2a: Groudon|Bulk Up|p2a: Groudon
|-boost|p2a: Groudon|atk|1
|-boost|p2a: Groudon|def|1
|
|-weather|DesolateLand|[upkeep]
|-heal|p1a: Zygarde|100/100|[from] item: Leftovers
|upkeep
|turn|6
|
|t:|1638362372
|move|p1a: Zygarde|Coil|p1a: Zygarde
|-boost|p1a: Zygarde|atk|1
|-boost|p1a: Zygarde|def|1
|-boost|p1a: Zygarde|accuracy|1
|move|p2a: Groudon|Bulk Up|p2a: Groudon
|-boost|p2a: Groudon|atk|1
|-boost|p2a: Groudon|def|1
|
|-weather|DesolateLand|[upkeep]
|upkeep
|turn|7
|
|t:|1638362380
|move|p1a: Zygarde|Glare|p2a: Groudon
|-status|p2a: Groudon|par
|move|p2a: Groudon|Precipice Blades|p1a: Zygarde
|-damage|p1a: Zygarde|36/100
|
|-weather|DesolateLand|[upkeep]
|-heal|p1a: Zygarde|42/100|[from] item: Leftovers
|-activate|p1a: Zygarde|ability: Power Construct
|detailschange|p1a: Zygarde|Zygarde-Complete
|-heal|p1a: Zygarde|62/100|[silent]
|upkeep
|turn|8
|
|t:|1638362391
|move|p1a: Zygarde|Coil|p1a: Zygarde
|-boost|p1a: Zygarde|atk|1
|-boost|p1a: Zygarde|def|1
|-boost|p1a: Zygarde|accuracy|1
|move|p2a: Groudon|Precipice Blades|p1a: Zygarde
|-damage|p1a: Zygarde|25/100
|
|-weather|DesolateLand|[upkeep]
|-heal|p1a: Zygarde|31/100|[from] item: Leftovers
|upkeep
|turn|9
|
|t:|1638362407
|-start|p1a: Zygarde|Dynamax
|-heal|p1a: Zygarde|31/100|[silent]
|move|p1a: Zygarde|Max Quake|p2a: Groudon
|-supereffective|p2a: Groudon
|-damage|p2a: Groudon|54/100 par
|-boost|p1a: Zygarde|spd|1
|move|p2a: Groudon|Precipice Blades|p1a: Zygarde
|-damage|p1a: Zygarde|14/100
|
|-weather|DesolateLand|[upkeep]
|-heal|p1a: Zygarde|17/100|[from] item: Leftovers
|upkeep
|turn|10
|
|t:|1638362418
|move|p1a: Zygarde|Max Quake|p2a: Groudon
|-supereffective|p2a: Groudon
|-damage|p2a: Groudon|7/100 par
|-boost|p1a: Zygarde|spd|1
|move|p2a: Groudon|Precipice Blades|p1a: Zygarde
|-damage|p1a: Zygarde|0 fnt
|faint|p1a: Zygarde
|
|-weather|DesolateLand|[upkeep]
|upkeep
|
|t:|1638362429
|switch|p1a: Arceus|Arceus-Ground|100/100
|-damage|p1a: Arceus|94/100|[from] Stealth Rock
|turn|11
|
|t:|1638362433
|move|p1a: Arceus|Earthquake|p2a: Groudon
|-supereffective|p2a: Groudon
|-damage|p2a: Groudon|0 fnt
|faint|p2a: Groudon
|-weather|none
|
|upkeep
|
|t:|1638362442
|switch|p2a: Necrozma|Necrozma-Dusk-Mane|100/100
|-damage|p2a: Necrozma|94/100|[from] Stealth Rock
|turn|12
|
|t:|1638362446
|move|p1a: Arceus|Swords Dance|p1a: Arceus
|-boost|p1a: Arceus|atk|2
|move|p2a: Necrozma|Toxic|p1a: Arceus
|-status|p1a: Arceus|tox
|
|-damage|p1a: Arceus|88/100 tox|[from] psn
|upkeep
|turn|13
|
|t:|1638362453
|move|p1a: Arceus|Earthquake|p2a: Necrozma
|-supereffective|p2a: Necrozma
|-damage|p2a: Necrozma|0 fnt
|faint|p2a: Necrozma
|
|-damage|p1a: Arceus|76/100 tox|[from] psn
|upkeep
|
|t:|1638362460
|switch|p2a: Ditto|Ditto|84/100
|-damage|p2a: Ditto|71/100|[from] Stealth Rock
|-transform|p2a: Ditto|p1a: Arceus|[from] ability: Imposter
|turn|14
|
|t:|1638362467
|move|p2a: Ditto|Earthquake|p1a: Arceus
|-damage|p1a: Arceus|0 fnt
|faint|p1a: Arceus
|
|upkeep
|
|t:|1638362478
|switch|p1a: Rayquaza|Rayquaza-Mega|100/100
|-damage|p1a: Rayquaza|76/100|[from] Stealth Rock
|-weather|DeltaStream|[from] ability: Delta Stream|[of] p1a: Rayquaza
|turn|15
|
|t:|1638362485
|-start|p2a: Ditto|Dynamax
|-heal|p2a: Ditto|71/100|[silent]
|move|p2a: Ditto|Max Rockfall|p1a: Rayquaza
|-activate||deltastream
|-damage|p1a: Rayquaza|0 fnt
|-weather|Sandstorm
|faint|p1a: Rayquaza
|
|-weather|Sandstorm|[upkeep]
|upkeep
|
|t:|1638362496
|switch|p1a: Yveltal|Yveltal|100/100
|-ability|p1a: Yveltal|Dark Aura
|turn|16
|
|t:|1638362501
|switch|p1a: Necrozma|Necrozma-Dusk-Mane|86/100
|-damage|p1a: Necrozma|80/100|[from] Stealth Rock
|move|p2a: Ditto|Max Rockfall|p1a: Necrozma
|-resisted|p1a: Necrozma
|-damage|p1a: Necrozma|58/100
|
|-weather|Sandstorm|[upkeep]
|upkeep
|turn|17
|
|t:|1638362511
|move|p2a: Ditto|Max Rockfall|p1a: Necrozma
|-resisted|p1a: Necrozma
|-damage|p1a: Necrozma|37/100
|move|p1a: Necrozma|Morning Sun|p1a: Necrozma
|-heal|p1a: Necrozma|62/100
|
|-weather|Sandstorm|[upkeep]
|-end|p2a: Ditto|Dynamax
|-heal|p2a: Ditto|71/100|[silent]
|upkeep
|turn|18
|
|t:|1638362522
|switch|p1a: Yveltal|Yveltal|100/100
|-ability|p1a: Yveltal|Dark Aura
|move|p2a: Ditto|Earthquake|p1a: Yveltal
|-immune|p1a: Yveltal
|
|-weather|Sandstorm|[upkeep]
|-damage|p1a: Yveltal|94/100|[from] Sandstorm
|upkeep
|turn|19
|
|t:|1638362533
|switch|p2a: Yveltal|Yveltal|100/100
|-damage|p2a: Yveltal|76/100|[from] Stealth Rock
|-ability|p2a: Yveltal|Dark Aura
|move|p1a: Yveltal|Snarl|p2a: Yveltal
|-resisted|p2a: Yveltal
|-damage|p2a: Yveltal|62/100
|-unboost|p2a: Yveltal|spa|1
|
|-weather|none
|upkeep
|turn|20
|
|t:|1638362549
|move|p2a: Yveltal|Knock Off|p1a: Yveltal
|-resisted|p1a: Yveltal
|-damage|p1a: Yveltal|65/100
|-enditem|p1a: Yveltal|Heavy-Duty Boots|[from] move: Knock Off|[of] p2a: Yveltal
|-damage|p2a: Yveltal|52/100|[from] item: Life Orb
|move|p1a: Yveltal|Snarl|p2a: Yveltal
|-resisted|p2a: Yveltal
|-damage|p2a: Yveltal|38/100
|-unboost|p2a: Yveltal|spa|1
|
|upkeep
|turn|21
|
|t:|1638362559
|move|p2a: Yveltal|Oblivion Wing|p1a: Yveltal
|-damage|p1a: Yveltal|51/100
|-heal|p2a: Yveltal|50/100|[from] drain|[of] p1a: Yveltal
|-damage|p2a: Yveltal|40/100|[from] item: Life Orb
|move|p1a: Yveltal|Roost|p1a: Yveltal
|-heal|p1a: Yveltal|100/100
|-singleturn|p1a: Yveltal|move: Roost
|
|upkeep
|turn|22
|
|t:|1638362569
|switch|p2a: Ditto|Ditto|71/100
|-damage|p2a: Ditto|59/100|[from] Stealth Rock
|-transform|p2a: Ditto|p1a: Yveltal|[from] ability: Imposter
|-ability|p2a: Ditto|Dark Aura
|move|p1a: Yveltal|Snarl|p2a: Ditto
|-resisted|p2a: Ditto
|-damage|p2a: Ditto|46/100
|-unboost|p2a: Ditto|spa|1
|
|upkeep
|turn|23
|
|t:|1638362583
|move|p2a: Ditto|Roost|p2a: Ditto
|-heal|p2a: Ditto|96/100
|-singleturn|p2a: Ditto|move: Roost
|move|p1a: Yveltal|Defog|p2a: Ditto
|-unboost|p2a: Ditto|evasion|1
|-sideend|p2: RUiNtheExtinct|Stealth Rock|[from] move: Defog|[of] p1a: Yveltal
|-sideend|p1: swordsdance1231321|Stealth Rock|[from] move: Defog|[of] p1a: Yveltal
|
|upkeep
|turn|24
|
|t:|1638362592
|switch|p2a: Yveltal|Yveltal|40/100
|-ability|p2a: Yveltal|Dark Aura
|move|p1a: Yveltal|U-turn|p2a: Yveltal
|-damage|p2a: Yveltal|22/100
|
|t:|1638362597
|switch|p1a: Ditto|Ditto|100/100|[from]move: U-turn
|-transform|p1a: Ditto|p2a: Yveltal|[from] ability: Imposter
|-ability|p1a: Ditto|Dark Aura
|
|upkeep
|turn|25
|c|☆RUiNtheExtinct|gg
|
|t:|1638362608
|move|p1a: Ditto|Knock Off|p2a: Yveltal
|-resisted|p2a: Yveltal
|-damage|p2a: Yveltal|0 fnt
|-enditem|p2a: Yveltal|Life Orb|[from] move: Knock Off|[of] p1a: Ditto
|faint|p2a: Yveltal
|
|upkeep
|c|☆swordsdance1231321|no
|c|☆swordsdance1231321|don't forfeit
|c|☆swordsdance1231321|don't don't
|
|t:|1638362615
|switch|p2a: Calyrex|Calyrex-Shadow|100/100
|-ability|p2a: Calyrex|As One
|-ability|p2a: Calyrex|Unnerve
|turn|26
|c|☆RUiNtheExtinct|yy
|c|☆swordsdance1231321|i want to feel
|-message|RUiNtheExtinct forfeited.
|
|win|swordsdance1231321
|raw|swordsdance1231321's rating: 1765 &rarr; <strong>1782</strong><br />(+17 for winning)
|raw|RUiNtheExtinct's rating: 1714 &rarr; <strong>1697</strong><br />(-17 for losing)
|c|☆swordsdance1231321|i want to feel the win
|c|☆RUiNtheExtinct|i think i'm gonna
|c|☆RUiNtheExtinct|:)
|c|☆RUiNtheExtinct|i wasn't but then you
