|j|☆bunnylaffs
|j|☆chopforce8
|t:|1663977438
|gametype|singles
|player|p1|bunnylaffs|crasherwake|1575
|player|p2|chopforce8|red|1896
|teamsize|p1|6
|teamsize|p2|6
|gen|8
|tier|[Gen 8] National Dex AG
|rated|
|rule|HP Percentage Mod: HP is shown in percentages
|rule|Endless Battle Clause: Forcing endless battles is banned
|clearpoke
|poke|p1|Yveltal|
|poke|p1|Arceus-*|
|poke|p1|Arceus-*|
|poke|p1|Calyrex-Shadow|
|poke|p1|Necrozma-Dusk-Mane|
|poke|p1|Ditto|
|poke|p2|Yveltal|
|poke|p2|Diancie|
|poke|p2|Calyrex-Shadow|
|poke|p2|Zacian-*|
|poke|p2|Ditto|
|poke|p2|Arceus-*|
|teampreview
|j|+Dragonillis
|
|t:|1663977460
|start
|switch|p1a: Necrozma|Necrozma-Dusk-Mane|100/100
|switch|p2a: ProfessorQuirrell|Calyrex-Shadow|100/100
|-ability|p2a: ProfessorQuirrell|As One
|-ability|p2a: ProfessorQuirrell|Unnerve
|turn|1
|
|t:|1663977473
|move|p2a: ProfessorQuirrell|Nasty Plot|p2a: ProfessorQuirrell
|-boost|p2a: ProfessorQuirrell|spa|2
|move|p1a: Necrozma|Thunder Wave|p2a: ProfessorQuirrell
|-status|p2a: ProfessorQuirrell|par
|
|upkeep
|turn|2
|
|t:|1663977482
|move|p2a: ProfessorQuirrell|Baton Pass|p2a: ProfessorQuirrell
|
|t:|1663977483
|switch|p2a: Voldemort|Yveltal|100/100|[from]move: Baton Pass
|-ability|p2a: Voldemort|Dark Aura
|move|p1a: Necrozma|Earthquake|p2a: Voldemort
|-immune|p2a: Voldemort
|
|upkeep
|turn|3
|
|t:|1663977491
|-start|p2a: Voldemort|Dynamax|
|-heal|p2a: Voldemort|100/100|[silent]
|move|p2a: Voldemort|Max Darkness|p1a: Necrozma
|-supereffective|p1a: Necrozma
|-damage|p1a: Necrozma|0 fnt
|faint|p1a: Necrozma
|-damage|p2a: Voldemort|96/100|[from] item: Life Orb
|
|upkeep
|
|t:|1663977498
|switch|p1a: Arceus|Arceus-Fairy|100/100
|turn|4
|j| Hurtere
|
|t:|1663977502
|move|p1a: Arceus|Calm Mind|p1a: Arceus
|-boost|p1a: Arceus|spa|1
|-boost|p1a: Arceus|spd|1
|move|p2a: Voldemort|Max Airstream|p1a: Arceus
|-damage|p1a: Arceus|24/100
|-boost|p2a: Voldemort|spe|1
|-damage|p2a: Voldemort|91/100|[from] item: Life Orb
|
|upkeep
|turn|5
|
|t:|1663977510
|move|p2a: Voldemort|Max Airstream|p1a: Arceus
|-damage|p1a: Arceus|0 fnt
|-boost|p2a: Voldemort|spe|1
|faint|p1a: Arceus
|-damage|p2a: Voldemort|86/100|[from] item: Life Orb
|
|upkeep
|j| ADM556
|
|t:|1663977514
|switch|p1a: Arceus|Arceus-Steel|100/100
|-end|p2a: Voldemort|Dynamax
|-heal|p2a: Voldemort|86/100|[silent]
|turn|6
|l| Hurtere
|
|t:|1663977520
|move|p2a: Voldemort|Heat Wave|p1a: Arceus
|-supereffective|p1a: Arceus
|-crit|p1a: Arceus
|-damage|p1a: Arceus|0 fnt
|faint|p1a: Arceus
|-damage|p2a: Voldemort|76/100|[from] item: Life Orb
|
|upkeep
|
|t:|1663977522
|switch|p1a: Ditto|Ditto|100/100
|-transform|p1a: Ditto|p2a: Voldemort|[from] ability: Imposter
|-ability|p1a: Ditto|Dark Aura
|turn|7
|
|t:|1663977529
|move|p1a: Ditto|Oblivion Wing|p2a: Voldemort
|-damage|p2a: Voldemort|1/100
|move|p2a: Voldemort|Oblivion Wing|p1a: Ditto
|-damage|p1a: Ditto|0 fnt
|-heal|p2a: Voldemort|58/100|[from] drain|[of] p1a: Ditto
|faint|p1a: Ditto
|-damage|p2a: Voldemort|48/100|[from] item: Life Orb
|
|upkeep
|-message|bunnylaffs forfeited.
|
|win|chopforce8
|raw|bunnylaffs's rating: 1575 &rarr; <strong>1570</strong><br />(-5 for losing)
|raw|chopforce8's rating: 1896 &rarr; <strong>1901</strong><br />(+5 for winning)
|l|☆bunnylaffs
|l|☆chopforce8
||Ladder isn't responding, score probably updated but might not have (Request timeout).
