|j|☆Buck is stallish
|j|☆The_Marzo
|t:|1660981717
|gametype|singles
|player|p1|Buck is stallish|ethan-masters|1895
|player|p2|The_Marzo|volkner|1778
|teamsize|p1|6
|teamsize|p2|6
|gen|8
|tier|[Gen 8] National Dex AG
|rated|
|rule|HP Percentage Mod: HP is shown in percentages
|rule|Endless Battle Clause: Forcing endless battles is banned
|clearpoke
|poke|p1|Kyogre|
|poke|p1|Chansey, F|
|poke|p1|Sableye, F|
|poke|p1|Lugia|
|poke|p1|Yveltal|
|poke|p1|Arceus-*|
|poke|p2|Rayquaza|
|poke|p2|Ditto|
|poke|p2|Yveltal|
|poke|p2|Zacian-*|
|poke|p2|Groudon|
|poke|p2|Arceus-*|
|teampreview
|inactive|Battle timer is ON: inactive players will automatically lose when time's up. (requested by Buck is stallish)
|c|☆The_Marzo|noo
|c|☆Buck is stallish|Hf
|c|☆The_Marzo|mercy
|c|☆The_Marzo|i wont:C
|
|t:|1660981747
|start
|switch|p1a: Pretty gem|Sableye, F|100/100
|switch|p2a: Zacian|Zacian-Crowned|100/100
|-ability|p2a: Zacian|Intrepid Sword|boost
|-boost|p2a: Zacian|atk|1
|turn|1
|
|t:|1660981755
|detailschange|p1a: Pretty gem|Sableye-Mega, F
|-mega|p1a: Pretty gem|Sableye|Sablenite
|move|p1a: Pretty gem|Protect|p1a: Pretty gem
|-singleturn|p1a: Pretty gem|Protect
|move|p2a: Zacian|Substitute|p2a: Zacian
|-start|p2a: Zacian|Substitute
|-damage|p2a: Zacian|76/100
|
|upkeep
|turn|2
|
|t:|1660981760
|switch|p1a: Fearless priest|Arceus-Ground|100/100
|move|p2a: Zacian|Behemoth Blade|p1a: Fearless priest
|-damage|p1a: Fearless priest|58/100
|
|upkeep
|turn|3
|
|t:|1660981763
|move|p2a: Zacian|Behemoth Blade|p1a: Fearless priest
|-damage|p1a: Fearless priest|12/100
|move|p1a: Fearless priest|Recover|p1a: Fearless priest
|-heal|p1a: Fearless priest|62/100
|
|upkeep
|turn|4
|
|t:|1660981767
|move|p2a: Zacian|Behemoth Blade|p1a: Fearless priest
|-damage|p1a: Fearless priest|16/100
|move|p1a: Fearless priest|Recover|p1a: Fearless priest
|-heal|p1a: Fearless priest|66/100
|
|upkeep
|turn|5
|
|t:|1660981771
|move|p2a: Zacian|Crunch|p1a: Fearless priest
|-damage|p1a: Fearless priest|39/100
|-unboost|p1a: Fearless priest|def|1
|move|p1a: Fearless priest|Recover|p1a: Fearless priest
|-heal|p1a: Fearless priest|89/100
|
|upkeep
|turn|6
|
|t:|1660981782
|switch|p1a: Eternal storm|Kyogre|100/100
|-weather|RainDance|[from] ability: Drizzle|[of] p1a: Eternal storm
|move|p2a: Zacian|Behemoth Blade|p1a: Eternal storm
|-resisted|p1a: Eternal storm
|-damage|p1a: Eternal storm|69/100
|
|-weather|RainDance|[upkeep]
|-heal|p1a: Eternal storm|75/100|[from] item: Leftovers
|upkeep
|turn|7
|j| QuiVitam
|c|☆The_Marzo|i have more of a chance this game atleast
|
|t:|1660981802
|switch|p1a: White phoenix|Lugia|100/100
|move|p2a: Zacian|Crunch|p1a: White phoenix
|-supereffective|p1a: White phoenix
|-crit|p1a: White phoenix
|-damage|p1a: White phoenix|61/100
|
|-weather|RainDance|[upkeep]
|-heal|p1a: White phoenix|67/100|[from] item: Leftovers
|upkeep
|turn|8
|
|t:|1660981809
|move|p2a: Zacian|Behemoth Blade|p1a: White phoenix
|-damage|p1a: White phoenix|24/100
|move|p1a: White phoenix|Roost|p1a: White phoenix
|-heal|p1a: White phoenix|74/100
|-singleturn|p1a: White phoenix|move: Roost
|
|-weather|RainDance|[upkeep]
|-heal|p1a: White phoenix|80/100|[from] item: Leftovers
|upkeep
|turn|9
|
|t:|1660981816
|move|p2a: Zacian|Crunch|p1a: White phoenix
|-supereffective|p1a: White phoenix
|-damage|p1a: White phoenix|31/100
|move|p1a: White phoenix|Roost|p1a: White phoenix
|-heal|p1a: White phoenix|81/100
|-singleturn|p1a: White phoenix|move: Roost
|
|-weather|RainDance|[upkeep]
|-heal|p1a: White phoenix|87/100|[from] item: Leftovers
|upkeep
|turn|10
|
|t:|1660981823
|move|p2a: Zacian|Crunch|p1a: White phoenix
|-supereffective|p1a: White phoenix
|-damage|p1a: White phoenix|38/100
|-unboost|p1a: White phoenix|def|1
|move|p1a: White phoenix|Roost|p1a: White phoenix
|-heal|p1a: White phoenix|88/100
|-singleturn|p1a: White phoenix|move: Roost
|
|-weather|none
|-heal|p1a: White phoenix|94/100|[from] item: Leftovers
|upkeep
|turn|11
|
|t:|1660981830
|switch|p1a: Fearless priest|Arceus-Ground|89/100
|move|p2a: Zacian|Crunch|p1a: Fearless priest
|-damage|p1a: Fearless priest|62/100
|-unboost|p1a: Fearless priest|def|1
|
|upkeep
|turn|12
|c|☆The_Marzo|wow
|
|t:|1660981838
|switch|p1a: White phoenix|Lugia|94/100
|move|p2a: Zacian|Behemoth Blade|p1a: White phoenix
|-damage|p1a: White phoenix|48/100
|
|-heal|p1a: White phoenix|55/100|[from] item: Leftovers
|upkeep
|turn|13
|c|☆The_Marzo|my luck
|
|t:|1660981844
|move|p2a: Zacian|Crunch|p1a: White phoenix
|-supereffective|p1a: White phoenix
|-damage|p1a: White phoenix|5/100
|move|p1a: White phoenix|Roost|p1a: White phoenix
|-heal|p1a: White phoenix|55/100
|-singleturn|p1a: White phoenix|move: Roost
|
|-heal|p1a: White phoenix|61/100|[from] item: Leftovers
|upkeep
|turn|14
|
|t:|1660981850
|move|p2a: Zacian|Crunch|p1a: White phoenix
|-supereffective|p1a: White phoenix
|-damage|p1a: White phoenix|12/100
|move|p1a: White phoenix|Roost|p1a: White phoenix
|-heal|p1a: White phoenix|62/100
|-singleturn|p1a: White phoenix|move: Roost
|
|-heal|p1a: White phoenix|69/100|[from] item: Leftovers
|upkeep
|turn|15
|
|t:|1660981854
|move|p2a: Zacian|Crunch|p1a: White phoenix
|-supereffective|p1a: White phoenix
|-damage|p1a: White phoenix|20/100
|-unboost|p1a: White phoenix|def|1
|move|p1a: White phoenix|Roost|p1a: White phoenix
|-heal|p1a: White phoenix|70/100
|-singleturn|p1a: White phoenix|move: Roost
|
|-heal|p1a: White phoenix|77/100|[from] item: Leftovers
|upkeep
|turn|16
|
|t:|1660981862
|switch|p1a: Eternal storm|Kyogre|75/100
|-weather|RainDance|[from] ability: Drizzle|[of] p1a: Eternal storm
|move|p2a: Zacian|Crunch|p1a: Eternal storm
|-damage|p1a: Eternal storm|40/100
|
|-weather|RainDance|[upkeep]
|-heal|p1a: Eternal storm|46/100|[from] item: Leftovers
|upkeep
|turn|17
|
|t:|1660981868
|move|p2a: Zacian|Crunch|p1a: Eternal storm
|-damage|p1a: Eternal storm|12/100
|move|p1a: Eternal storm|Rest|p1a: Eternal storm
|-status|p1a: Eternal storm|slp|[from] move: Rest
|-heal|p1a: Eternal storm|100/100 slp|[silent]
|
|-weather|RainDance|[upkeep]
|upkeep
|turn|18
|c|☆The_Marzo|u have a way out of everything
|
|t:|1660981887
|move|p2a: Zacian|Crunch|p1a: Eternal storm
|-damage|p1a: Eternal storm|69/100 slp
|cant|p1a: Eternal storm|slp
|
|-weather|RainDance|[upkeep]
|-heal|p1a: Eternal storm|75/100 slp|[from] item: Leftovers
|upkeep
|turn|19
|
|t:|1660981900
|move|p2a: Zacian|Crunch|p1a: Eternal storm
|-damage|p1a: Eternal storm|43/100 slp
|cant|p1a: Eternal storm|slp
|
|-weather|RainDance|[upkeep]
|-heal|p1a: Eternal storm|50/100 slp|[from] item: Leftovers
|upkeep
|turn|20
|
|t:|1660981918
|-start|p1a: Eternal storm|Dynamax|
|-heal|p1a: Eternal storm|50/100 slp|[silent]
|move|p2a: Zacian|Crunch|p1a: Eternal storm
|-damage|p1a: Eternal storm|33/100 slp
|-curestatus|p1a: Eternal storm|slp|[msg]
|move|p1a: Eternal storm|Max Geyser|p2a: Zacian
|-end|p2a: Zacian|Substitute
|
|-weather|none
|-heal|p1a: Eternal storm|36/100|[from] item: Leftovers
|upkeep
|turn|21
|c|☆The_Marzo|lol
|
|t:|1660981927
|move|p2a: Zacian|Substitute|p2a: Zacian
|-start|p2a: Zacian|Substitute
|-damage|p2a: Zacian|51/100
|move|p1a: Eternal storm|Max Geyser|p2a: Zacian
|-end|p2a: Zacian|Substitute
|-weather|RainDance
|
|-weather|RainDance|[upkeep]
|-heal|p1a: Eternal storm|39/100|[from] item: Leftovers
|upkeep
|turn|22
|
|t:|1660981930
|move|p2a: Zacian|Substitute|p2a: Zacian
|-start|p2a: Zacian|Substitute
|-damage|p2a: Zacian|26/100
|move|p1a: Eternal storm|Max Geyser|p2a: Zacian
|-end|p2a: Zacian|Substitute
|
|-weather|RainDance|[upkeep]
|-heal|p1a: Eternal storm|42/100|[from] item: Leftovers
|upkeep
|-end|p1a: Eternal storm|Dynamax
|-heal|p1a: Eternal storm|42/100|[silent]
|turn|23
|
|t:|1660981945
|move|p2a: Zacian|Crunch|p1a: Eternal storm
|-damage|p1a: Eternal storm|9/100
|move|p1a: Eternal storm|Rest|p1a: Eternal storm
|-status|p1a: Eternal storm|slp|[from] move: Rest
|-heal|p1a: Eternal storm|100/100 slp|[silent]
|
|-weather|RainDance|[upkeep]
|upkeep
|turn|24
|
|t:|1660981951
|switch|p1a: Raven of death|Yveltal, shiny|100/100
|-ability|p1a: Raven of death|Dark Aura
|move|p2a: Zacian|Substitute|p2a: Zacian
|-start|p2a: Zacian|Substitute
|-damage|p2a: Zacian|1/100
|
|-weather|RainDance|[upkeep]
|upkeep
|turn|25
|l| QuiVitam
|
|t:|1660981960
|move|p1a: Raven of death|U-turn|p2a: Zacian
|-resisted|p2a: Zacian
|-activate|p2a: Zacian|move: Substitute|[damage]
|
|t:|1660981966
|switch|p1a: Eternal storm|Kyogre|100/100 slp|[from]move: U-turn
|move|p2a: Zacian|Behemoth Blade|p1a: Eternal storm
|-resisted|p1a: Eternal storm
|-damage|p1a: Eternal storm|71/100 slp
|
|-weather|none
|-heal|p1a: Eternal storm|77/100 slp|[from] item: Leftovers
|upkeep
|turn|26
|c|☆The_Marzo|buck how u feeling right now
|
|t:|1660981981
|move|p2a: Zacian|Crunch|p1a: Eternal storm
|-damage|p1a: Eternal storm|44/100 slp
|cant|p1a: Eternal storm|slp
|
|-heal|p1a: Eternal storm|50/100 slp|[from] item: Leftovers
|upkeep
|turn|27
|
|t:|1660982002
|switch|p1a: Tough pink lady|Chansey, F|100/100
|move|p2a: Zacian|Crunch|p1a: Tough pink lady
|-damage|p1a: Tough pink lady|62/100
|
|upkeep
|turn|28
|
|t:|1660982015
|move|p2a: Zacian|Behemoth Blade|p1a: Tough pink lady
|-damage|p1a: Tough pink lady|0 fnt
|faint|p1a: Tough pink lady
|
|upkeep
|
|t:|1660982019
|switch|p1a: Fearless priest|Arceus-Ground|62/100
|turn|29
|
|t:|1660982032
|move|p2a: Zacian|Crunch|p1a: Fearless priest
|-damage|p1a: Fearless priest|39/100
|move|p1a: Fearless priest|Recover|p1a: Fearless priest
|-heal|p1a: Fearless priest|89/100
|
|upkeep
|turn|30
|
|t:|1660982048
|move|p2a: Zacian|Crunch|p1a: Fearless priest
|-damage|p1a: Fearless priest|65/100
|move|p1a: Fearless priest|Judgment|p2a: Zacian
|-supereffective|p2a: Zacian
|-end|p2a: Zacian|Substitute
|
|upkeep
|turn|31
|
|t:|1660982065
|move|p2a: Zacian|Crunch|p1a: Fearless priest
|-crit|p1a: Fearless priest
|-damage|p1a: Fearless priest|28/100
|move|p1a: Fearless priest|Stealth Rock|p2a: Zacian
|-sidestart|p2: The_Marzo|move: Stealth Rock
|
|upkeep
|turn|32
|
|t:|1660982070
|switch|p1a: Raven of death|Yveltal, shiny|100/100
|-ability|p1a: Raven of death|Dark Aura
|move|p2a: Zacian|Crunch|p1a: Raven of death
|-resisted|p1a: Raven of death
|-damage|p1a: Raven of death|73/100
|
|upkeep
|turn|33
|
|t:|1660982075
|move|p2a: Zacian|Quick Attack|p1a: Raven of death
|-damage|p1a: Raven of death|51/100
|move|p1a: Raven of death|Foul Play|p2a: Zacian
|-resisted|p2a: Zacian
|-damage|p2a: Zacian|0 fnt
|faint|p2a: Zacian
|
|upkeep
|c|☆The_Marzo|zacion was on u
|
|t:|1660982098
|switch|p2a: Rayquaza|Rayquaza|100/100
|-damage|p2a: Rayquaza|76/100|[from] Stealth Rock
|-ability|p2a: Rayquaza|Air Lock
|turn|34
|
|t:|1660982103
|detailschange|p2a: Rayquaza|Rayquaza-Mega
|-mega|p2a: Rayquaza|Rayquaza|
|-weather|DeltaStream|[from] ability: Delta Stream|[of] p2a: Rayquaza
|move|p1a: Raven of death|Foul Play|p2a: Rayquaza
|-damage|p2a: Rayquaza|0 fnt
|faint|p2a: Rayquaza
|-weather|none
|
|upkeep
|
|t:|1660982118
|switch|p2a: Yveltal|Yveltal|100/100
|-damage|p2a: Yveltal|76/100|[from] Stealth Rock
|-ability|p2a: Yveltal|Dark Aura
|turn|35
|
|t:|1660982128
|-start|p2a: Yveltal|Dynamax|
|-heal|p2a: Yveltal|76/100|[silent]
|move|p1a: Raven of death|Foul Play|p2a: Yveltal
|-resisted|p2a: Yveltal
|-damage|p2a: Yveltal|59/100
|move|p2a: Yveltal|Max Airstream|p1a: Raven of death
|-damage|p1a: Raven of death|0 fnt
|-boost|p2a: Yveltal|spe|1
|faint|p1a: Raven of death
|-damage|p2a: Yveltal|54/100|[from] item: Life Orb
|
|upkeep
|
|t:|1660982136
|switch|p1a: Fearless priest|Arceus-Ground|28/100
|turn|36
|c|☆Buck is stallish|You were just luck
|c|☆Buck is stallish|y
|inactive|The_Marzo has 120 seconds left.
|c|☆Buck is stallish|But idc
|c|☆Buck is stallish|its just a battle
|
|t:|1660982181
|move|p2a: Yveltal|Max Airstream|p1a: Fearless priest
|-crit|p1a: Fearless priest
|-damage|p1a: Fearless priest|0 fnt
|-boost|p2a: Yveltal|spe|1
|faint|p1a: Fearless priest
|-damage|p2a: Yveltal|49/100|[from] item: Life Orb
|
|upkeep
|
|t:|1660982195
|switch|p1a: Eternal storm|Kyogre|50/100 slp
|-weather|RainDance|[from] ability: Drizzle|[of] p1a: Eternal storm
|turn|37
|c|☆The_Marzo|ngl i would have lost
|inactive|The_Marzo has 120 seconds left.
|
|t:|1660982202
|switch|p1a: Pretty gem|Sableye-Mega, F|100/100
|move|p2a: Yveltal|Max Darkness|p1a: Pretty gem
|-damage|p1a: Pretty gem|27/100
|-unboost|p1a: Pretty gem|spd|1
|-damage|p2a: Yveltal|44/100|[from] item: Life Orb
|
|-weather|RainDance|[upkeep]
|upkeep
|-end|p2a: Yveltal|Dynamax
|-heal|p2a: Yveltal|45/100|[silent]
|turn|38
|
|t:|1660982211
|move|p1a: Pretty gem|Protect|p1a: Pretty gem
|-singleturn|p1a: Pretty gem|Protect
|move|p2a: Yveltal|Oblivion Wing|p1a: Pretty gem
|-activate|p1a: Pretty gem|move: Protect
|
|-weather|RainDance|[upkeep]
|upkeep
|turn|39
|
|t:|1660982216
|move|p2a: Yveltal|Oblivion Wing|p1a: Pretty gem
|-damage|p1a: Pretty gem|0 fnt
|-heal|p2a: Yveltal|60/100|[from] drain|[of] p1a: Pretty gem
|faint|p1a: Pretty gem
|-damage|p2a: Yveltal|50/100|[from] item: Life Orb
|
|-weather|RainDance|[upkeep]
|upkeep
|
|t:|1660982221
|switch|p1a: White phoenix|Lugia|77/100
|turn|40
|
|t:|1660982236
|move|p2a: Yveltal|Sucker Punch||[still]
|-fail|p2a: Yveltal
|move|p1a: White phoenix|Roost|p1a: White phoenix
|-heal|p1a: White phoenix|100/100
|-singleturn|p1a: White phoenix|move: Roost
|
|-weather|RainDance|[upkeep]
|upkeep
|turn|41
|
|t:|1660982243
|move|p2a: Yveltal|Rock Slide|p1a: White phoenix
|-supereffective|p1a: White phoenix
|-damage|p1a: White phoenix|83/100
|-damage|p2a: Yveltal|40/100|[from] item: Life Orb
|move|p1a: White phoenix|Toxic|p2a: Yveltal
|-status|p2a: Yveltal|tox
|
|-weather|none
|-heal|p1a: White phoenix|89/100|[from] item: Leftovers
|-damage|p2a: Yveltal|34/100 tox|[from] psn
|upkeep
|turn|42
|
|t:|1660982250
|move|p2a: Yveltal|Rock Slide|p1a: White phoenix
|-supereffective|p1a: White phoenix
|-damage|p1a: White phoenix|58/100
|-damage|p2a: Yveltal|24/100 tox|[from] item: Life Orb
|move|p1a: White phoenix|Roost|p1a: White phoenix
|-heal|p1a: White phoenix|100/100
|-singleturn|p1a: White phoenix|move: Roost
|
|-damage|p2a: Yveltal|12/100 tox|[from] psn
|upkeep
|turn|43
|
|t:|1660982254
|move|p2a: Yveltal|Rock Slide|p1a: White phoenix
|-supereffective|p1a: White phoenix
|-damage|p1a: White phoenix|83/100
|-damage|p2a: Yveltal|2/100 tox|[from] item: Life Orb
|move|p1a: White phoenix|Roost|p1a: White phoenix
|-heal|p1a: White phoenix|100/100
|-singleturn|p1a: White phoenix|move: Roost
|
|-damage|p2a: Yveltal|0 fnt|[from] psn
|faint|p2a: Yveltal
|upkeep
|
|t:|1660982261
|switch|p2a: Arceus|Arceus-Water|100/100
|-damage|p2a: Arceus|88/100|[from] Stealth Rock
|turn|44
|
|t:|1660982271
|move|p2a: Arceus|Thunder Wave|p1a: White phoenix
|-status|p1a: White phoenix|par
|move|p1a: White phoenix|Toxic|p2a: Arceus
|-status|p2a: Arceus|tox
|
|-damage|p2a: Arceus|82/100 tox|[from] psn
|upkeep
|turn|45
|
|t:|1660982277
|switch|p1a: Eternal storm|Kyogre|50/100 slp
|-weather|RainDance|[from] ability: Drizzle|[of] p1a: Eternal storm
|move|p2a: Arceus|Liquidation|p1a: Eternal storm
|-resisted|p1a: Eternal storm
|-damage|p1a: Eternal storm|29/100 slp
|
|-weather|RainDance|[upkeep]
|-heal|p1a: Eternal storm|36/100 slp|[from] item: Leftovers
|-damage|p2a: Arceus|70/100 tox|[from] psn
|upkeep
|turn|46
|
|t:|1660982287
|switch|p2a: Groudon|Groudon|100/100
|-damage|p2a: Groudon|94/100|[from] Stealth Rock
|detailschange|p2a: Groudon|Groudon-Primal
|-primal|p2a: Groudon
|-weather|DesolateLand|[from] ability: Desolate Land|[of] p2a: Groudon
|cant|p1a: Eternal storm|slp
|
|-weather|DesolateLand|[upkeep]
|-heal|p1a: Eternal storm|42/100 slp|[from] item: Leftovers
|upkeep
|turn|47
|j| roadrollerrequiem
|
|t:|1660982299
|switch|p1a: White phoenix|Lugia|100/100 par
|move|p2a: Groudon|Solar Beam||[still]
|-prepare|p2a: Groudon|Solar Beam
|-anim|p2a: Groudon|Solar Beam|p1a: White phoenix
|-resisted|p1a: White phoenix
|-damage|p1a: White phoenix|95/100 par
|
|-weather|DesolateLand|[upkeep]
|-heal|p1a: White phoenix|100/100 par|[from] item: Leftovers
|upkeep
|turn|48
|
|t:|1660982308
|move|p2a: Groudon|Fire Punch|p1a: White phoenix
|-damage|p1a: White phoenix|79/100 par
|move|p1a: White phoenix|Toxic|p2a: Groudon
|-status|p2a: Groudon|tox
|
|-weather|DesolateLand|[upkeep]
|-heal|p1a: White phoenix|86/100 par|[from] item: Leftovers
|-damage|p2a: Groudon|88/100 tox|[from] psn
|upkeep
|turn|49
|
|t:|1660982313
|move|p2a: Groudon|Fire Punch|p1a: White phoenix
|-damage|p1a: White phoenix|43/100 par
|move|p1a: White phoenix|Roost|p1a: White phoenix
|-heal|p1a: White phoenix|93/100 par
|-singleturn|p1a: White phoenix|move: Roost
|
|-weather|DesolateLand|[upkeep]
|-heal|p1a: White phoenix|99/100 par|[from] item: Leftovers
|-damage|p2a: Groudon|76/100 tox|[from] psn
|upkeep
|turn|50
|
|t:|1660982319
|move|p2a: Groudon|Fire Punch|p1a: White phoenix
|-damage|p1a: White phoenix|59/100 par
|move|p1a: White phoenix|Roost|p1a: White phoenix
|-heal|p1a: White phoenix|100/100 par
|-singleturn|p1a: White phoenix|move: Roost
|
|-weather|DesolateLand|[upkeep]
|-damage|p2a: Groudon|57/100 tox|[from] psn
|upkeep
|turn|51
|
|t:|1660982339
|-weather|none
|switch|p2a: Arceus|Arceus-Water|70/100 tox
|-damage|p2a: Arceus|58/100 tox|[from] Stealth Rock
|move|p1a: White phoenix|Ice Beam|p2a: Arceus
|-resisted|p2a: Arceus
|-damage|p2a: Arceus|51/100 tox
|
|-damage|p2a: Arceus|45/100 tox|[from] psn
|upkeep
|turn|52
|
|t:|1660982346
|switch|p1a: Eternal storm|Kyogre|42/100 slp
|-weather|RainDance|[from] ability: Drizzle|[of] p1a: Eternal storm
|-zpower|p2a: Arceus
|move|p2a: Arceus|Hydro Vortex|p1a: Eternal storm|[zeffect]
|-resisted|p1a: Eternal storm
|-damage|p1a: Eternal storm|4/100 slp
|
|-weather|RainDance|[upkeep]
|-heal|p1a: Eternal storm|10/100 slp|[from] item: Leftovers
|-damage|p2a: Arceus|33/100 tox|[from] psn
|upkeep
|turn|53
|
|t:|1660982357
|switch|p1a: White phoenix|Lugia|100/100 par
|move|p2a: Arceus|Liquidation|p1a: White phoenix
|-damage|p1a: White phoenix|85/100 par
|
|-weather|RainDance|[upkeep]
|-heal|p1a: White phoenix|91/100 par|[from] item: Leftovers
|-damage|p2a: Arceus|15/100 tox|[from] psn
|upkeep
|turn|54
|
|t:|1660982362
|move|p2a: Arceus|Liquidation|p1a: White phoenix
|-damage|p1a: White phoenix|59/100 par
|-unboost|p1a: White phoenix|def|1
|move|p1a: White phoenix|Roost|p1a: White phoenix
|-heal|p1a: White phoenix|100/100 par
|-singleturn|p1a: White phoenix|move: Roost
|
|-weather|RainDance|[upkeep]
|-damage|p2a: Arceus|0 fnt|[from] psn
|faint|p2a: Arceus
|upkeep
|
|t:|1660982369
|switch|p2a: Ditto|Ditto|100/100
|-damage|p2a: Ditto|88/100|[from] Stealth Rock
|-transform|p2a: Ditto|p1a: White phoenix|[from] ability: Imposter
|turn|55
|
|t:|1660982373
|move|p2a: Ditto|Ice Beam|p1a: White phoenix
|-supereffective|p1a: White phoenix
|-damage|p1a: White phoenix|90/100 par
|move|p1a: White phoenix|Toxic|p2a: Ditto
|-status|p2a: Ditto|tox
|
|-weather|RainDance|[upkeep]
|-heal|p1a: White phoenix|96/100 par|[from] item: Leftovers
|-damage|p2a: Ditto|82/100 tox|[from] psn
|upkeep
|turn|56
|c|☆The_Marzo|nah lugia is different
|
|t:|1660982390
|move|p2a: Ditto|Ice Beam|p1a: White phoenix
|-supereffective|p1a: White phoenix
|-damage|p1a: White phoenix|74/100 par
|move|p1a: White phoenix|Roost|p1a: White phoenix
|-heal|p1a: White phoenix|100/100 par
|-singleturn|p1a: White phoenix|move: Roost
|
|-weather|none
|-damage|p2a: Ditto|71/100 tox|[from] psn
|upkeep
|turn|57
|
|t:|1660982405
|switch|p2a: Groudon|Groudon-Primal|57/100 tox
|-damage|p2a: Groudon|45/100 tox|[from] Stealth Rock
|-weather|DesolateLand|[from] ability: Desolate Land|[of] p2a: Groudon
|move|p1a: White phoenix|Ice Beam|p2a: Groudon
|-damage|p2a: Groudon|26/100 tox
|
|-weather|DesolateLand|[upkeep]
|-damage|p2a: Groudon|20/100 tox|[from] psn
|upkeep
|turn|58
|
|t:|1660982411
|move|p2a: Groudon|Fire Punch|p1a: White phoenix
|-damage|p1a: White phoenix|67/100 par
|move|p1a: White phoenix|Roost|p1a: White phoenix
|-heal|p1a: White phoenix|100/100 par
|-singleturn|p1a: White phoenix|move: Roost
|
|-weather|DesolateLand|[upkeep]
|-damage|p2a: Groudon|8/100 tox|[from] psn
|upkeep
|turn|59
|
|t:|1660982418
|move|p2a: Groudon|Fire Punch|p1a: White phoenix
|-damage|p1a: White phoenix|68/100 par
|move|p1a: White phoenix|Roost|p1a: White phoenix
|-heal|p1a: White phoenix|100/100 par
|-singleturn|p1a: White phoenix|move: Roost
|
|-weather|DesolateLand|[upkeep]
|-damage|p2a: Groudon|0 fnt|[from] psn
|faint|p2a: Groudon
|-weather|none
|upkeep
|-message|The_Marzo forfeited.
|
|win|Buck is stallish
|raw|Buck is stallish's rating: 1899 &rarr; <strong>1912</strong><br />(+13 for winning)
|raw|The_Marzo's rating: 1778 &rarr; <strong>1765</strong><br />(-13 for losing)
|l|☆The_Marzo
