|j|☆proboyEA
|j|☆llmmllmm
|t:|1646325093
|gametype|singles
|player|p1|proboyEA|unknown|1390
|player|p2|llmmllmm|1|1493
|teamsize|p1|6
|teamsize|p2|6
|gen|8
|tier|[Gen 8] National Dex AG
|rated|
|rule|HP Percentage Mod: HP is shown in percentages
|rule|Endless Battle Clause: Forcing endless battles is banned
|clearpoke
|poke|p1|Zacian-*|
|poke|p1|Regieleki|
|poke|p1|Marshadow|
|poke|p1|Groudon|
|poke|p1|Breloom, M|
|poke|p1|Dracovish|
|poke|p2|Rayquaza|
|poke|p2|Necrozma-Dusk-Mane|
|poke|p2|Ferrothorn, F|
|poke|p2|Arceus-*|
|poke|p2|Ditto|
|poke|p2|Deoxys-Attack|
|teampreview
|inactive|Battle timer is ON: inactive players will automatically lose when time's up. (requested by llmmllmm)
|
|t:|1646325105
|start
|switch|p1a: Groudon|Groudon, shiny|100/100
|switch|p2a: Arceus|Arceus-Fairy|100/100
|detailschange|p1a: Groudon|Groudon-Primal, shiny
|-primal|p1a: Groudon
|-weather|DesolateLand|[from] ability: Desolate Land|[of] p1a: Groudon
|turn|1
|
|t:|1646325110
|move|p2a: Arceus|Toxic|p1a: Groudon
|-status|p1a: Groudon|tox
|move|p1a: Groudon|Earthquake|p2a: Arceus
|-damage|p2a: Arceus|57/100
|
|-weather|DesolateLand|[upkeep]
|-damage|p1a: Groudon|94/100 tox|[from] psn
|upkeep
|turn|2
|
|t:|1646325116
|move|p2a: Arceus|Recover|p2a: Arceus
|-heal|p2a: Arceus|100/100
|move|p1a: Groudon|Earthquake|p2a: Arceus
|-damage|p2a: Arceus|59/100
|
|-weather|DesolateLand|[upkeep]
|-damage|p1a: Groudon|82/100 tox|[from] psn
|upkeep
|turn|3
|
|t:|1646325121
|move|p2a: Arceus|Recover|p2a: Arceus
|-heal|p2a: Arceus|100/100
|move|p1a: Groudon|Power-Up Punch|p2a: Arceus
|-resisted|p2a: Arceus
|-damage|p2a: Arceus|95/100
|-boost|p1a: Groudon|atk|1
|
|-weather|DesolateLand|[upkeep]
|-damage|p1a: Groudon|64/100 tox|[from] psn
|upkeep
|turn|4
|
|t:|1646325126
|move|p2a: Arceus|Judgment|p1a: Groudon
|-resisted|p1a: Groudon
|-damage|p1a: Groudon|41/100 tox
|move|p1a: Groudon|Earthquake|p2a: Arceus
|-damage|p2a: Arceus|28/100
|
|-weather|DesolateLand|[upkeep]
|-damage|p1a: Groudon|16/100 tox|[from] psn
|upkeep
|turn|5
|
|t:|1646325132
|move|p2a: Arceus|Recover|p2a: Arceus
|-heal|p2a: Arceus|78/100
|move|p1a: Groudon|Earthquake|p2a: Arceus
|-damage|p2a: Arceus|12/100
|
|-weather|DesolateLand|[upkeep]
|-damage|p1a: Groudon|0 fnt|[from] psn
|faint|p1a: Groudon
|-weather|none
|upkeep
|
|t:|1646325139
|switch|p1a: Nightmare|Marshadow|100/100
|turn|6
|
|t:|1646325142
|move|p1a: Nightmare|Shadow Sneak|p2a: Arceus
|-damage|p2a: Arceus|0 fnt
|faint|p2a: Arceus
|
|upkeep
|c|☆proboyEA|rq
|
|t:|1646325152
|switch|p2a: Ditto|Ditto|100/100
|-transform|p2a: Ditto|p1a: Nightmare|[from] ability: Imposter
|turn|7
|c|☆proboyEA|sneak
|c|☆proboyEA|rq sneak
|c|☆proboyEA|call it
|
|t:|1646325161
|move|p2a: Ditto|Spectral Thief|p1a: Nightmare
|-supereffective|p1a: Nightmare
|-damage|p1a: Nightmare|0 fnt
|faint|p1a: Nightmare
|
|upkeep
|c|☆proboyEA|the rq sneak
|
|t:|1646325167
|switch|p1a: Regieleki|Regieleki, shiny|100/100
|turn|8
|c|☆llmmllmm|y e s]
|
|t:|1646325171
|move|p1a: Regieleki|Thunder Wave|p2a: Ditto
|-status|p2a: Ditto|par
|cant|p2a: Ditto|par
|
|upkeep
|turn|9
|
|t:|1646325176
|move|p1a: Regieleki|Thunder Cage|p2a: Ditto
|-crit|p2a: Ditto
|-damage|p2a: Ditto|0 fnt
|faint|p2a: Ditto
|
|upkeep
|
|t:|1646325180
|switch|p2a: Ferrothorn|Ferrothorn, F|100/100
|turn|10
|
|t:|1646325190
|move|p1a: Regieleki|Thunder Wave|p2a: Ferrothorn
|-status|p2a: Ferrothorn|par
|move|p2a: Ferrothorn|Leech Seed|p1a: Regieleki
|-start|p1a: Regieleki|move: Leech Seed
|
|-damage|p1a: Regieleki|88/100|[from] Leech Seed|[of] p2a: Ferrothorn
|upkeep
|turn|11
|
|t:|1646325197
|move|p1a: Regieleki|Volt Switch|p2a: Ferrothorn
|-resisted|p2a: Ferrothorn
|-damage|p2a: Ferrothorn|86/100 par
|
|t:|1646325202
|switch|p1a: Breloom|Breloom, M, shiny|100/100|[from]move: Volt Switch
|move|p2a: Ferrothorn|Spikes|p1a: Breloom
|-sidestart|p1: proboyEA|Spikes
|
|-heal|p2a: Ferrothorn|92/100 par|[from] item: Leftovers
|upkeep
|turn|12
|
|t:|1646325213
|switch|p2a: Rayquaza|Rayquaza|100/100
|-ability|p2a: Rayquaza|Air Lock
|move|p1a: Breloom|Leech Seed|p2a: Rayquaza|[miss]
|-miss|p1a: Breloom|p2a: Rayquaza
|
|upkeep
|turn|13
|
|t:|1646325225
|detailschange|p2a: Rayquaza|Rayquaza-Mega
|-mega|p2a: Rayquaza|Rayquaza|
|-weather|DeltaStream|[from] ability: Delta Stream|[of] p2a: Rayquaza
|move|p2a: Rayquaza|Dragon Ascent|p1a: Breloom
|-supereffective|p1a: Breloom
|-enditem|p1a: Breloom|Focus Sash
|-damage|p1a: Breloom|1/100
|-unboost|p2a: Rayquaza|def|1
|-unboost|p2a: Rayquaza|spd|1
|-damage|p2a: Rayquaza|91/100|[from] item: Life Orb
|move|p1a: Breloom|Spore|p2a: Rayquaza
|-status|p2a: Rayquaza|slp|[from] move: Spore
|
|-weather|DeltaStream|[upkeep]
|upkeep
|turn|14
|
|t:|1646325230
|cant|p2a: Rayquaza|slp
|move|p1a: Breloom|Leech Seed|p2a: Rayquaza
|-start|p2a: Rayquaza|move: Leech Seed
|
|-weather|DeltaStream|[upkeep]
|-damage|p2a: Rayquaza|78/100 slp|[from] Leech Seed|[of] p1a: Breloom
|-heal|p1a: Breloom|17/100|[silent]
|upkeep
|turn|15
|c|☆llmmllmm|a a a
|
|t:|1646325234
|cant|p2a: Rayquaza|slp
|move|p1a: Breloom|Mach Punch|p2a: Rayquaza
|-resisted|p2a: Rayquaza
|-damage|p2a: Rayquaza|57/100 slp
|
|-weather|DeltaStream|[upkeep]
|-damage|p2a: Rayquaza|45/100 slp|[from] Leech Seed|[of] p1a: Breloom
|-heal|p1a: Breloom|34/100|[silent]
|upkeep
|turn|16
|
|t:|1646325238
|cant|p2a: Rayquaza|slp
|move|p1a: Breloom|Substitute|p1a: Breloom
|-start|p1a: Breloom|Substitute
|-damage|p1a: Breloom|9/100
|
|-weather|DeltaStream|[upkeep]
|-damage|p2a: Rayquaza|32/100 slp|[from] Leech Seed|[of] p1a: Breloom
|-heal|p1a: Breloom|25/100|[silent]
|upkeep
|turn|17
|
|t:|1646325244
|-curestatus|p2a: Rayquaza|slp|[msg]
|move|p2a: Rayquaza|Extreme Speed|p1a: Breloom
|-end|p1a: Breloom|Substitute
|-damage|p2a: Rayquaza|22/100|[from] item: Life Orb
|move|p1a: Breloom|Mach Punch|p2a: Rayquaza
|-resisted|p2a: Rayquaza
|-damage|p2a: Rayquaza|0 fnt
|faint|p2a: Rayquaza
|-weather|none
|
|upkeep
|
|t:|1646325249
|switch|p2a: Deoxys|Deoxys-Attack|100/100
|-ability|p2a: Deoxys|Pressure
|turn|18
|
|t:|1646325255
|-start|p2a: Deoxys|Dynamax
|-heal|p2a: Deoxys|100/100|[silent]
|move|p2a: Deoxys|Max Hailstorm|p1a: Breloom
|-supereffective|p1a: Breloom
|-damage|p1a: Breloom|0 fnt
|-weather|Hail
|faint|p1a: Breloom
|-damage|p2a: Deoxys|96/100|[from] item: Life Orb
|
|-weather|Hail|[upkeep]
|-damage|p2a: Deoxys|92/100|[from] Hail
|upkeep
|
|t:|1646325264
|switch|p1a: Regieleki|Regieleki, shiny|88/100
|-damage|p1a: Regieleki|76/100|[from] Spikes
|turn|19
|
|t:|1646325269
|move|p1a: Regieleki|Thunder Wave|p2a: Deoxys
|-status|p2a: Deoxys|par
|move|p2a: Deoxys|Max Knuckle|p1a: Regieleki
|-damage|p1a: Regieleki|0 fnt
|-boost|p2a: Deoxys|atk|1
|faint|p1a: Regieleki
|-damage|p2a: Deoxys|87/100 par|[from] item: Life Orb
|
|-weather|Hail|[upkeep]
|-damage|p2a: Deoxys|84/100 par|[from] Hail
|upkeep
|
|t:|1646325275
|switch|p1a: Zacian|Zacian-Crowned, shiny|100/100
|-damage|p1a: Zacian|88/100|[from] Spikes
|-ability|p1a: Zacian|Intrepid Sword|boost
|-boost|p1a: Zacian|atk|1
|turn|20
|
|t:|1646325282
|move|p1a: Zacian|Behemoth Blade|p2a: Deoxys
|-damage|p2a: Deoxys|0 fnt
|faint|p2a: Deoxys
|
|-weather|Hail|[upkeep]
|-damage|p1a: Zacian|82/100|[from] Hail
|upkeep
|
|t:|1646325291
|switch|p2a: Ferrothorn|Ferrothorn, F|92/100 par
|turn|21
|
|t:|1646325295
|move|p1a: Zacian|Sacred Sword|p2a: Ferrothorn
|-supereffective|p2a: Ferrothorn
|-damage|p2a: Ferrothorn|0 fnt
|-damage|p1a: Zacian|70/100|[from] ability: Iron Barbs|[of] p2a: Ferrothorn
|faint|p2a: Ferrothorn
|
|-weather|Hail|[upkeep]
|-damage|p1a: Zacian|64/100|[from] Hail
|upkeep
|
|t:|1646325297
|switch|p2a: Necrozma|Necrozma-Dusk-Mane|100/100
|turn|22
|
|t:|1646325303
|move|p1a: Zacian|Sacred Sword|p2a: Necrozma
|-damage|p2a: Necrozma|68/100
|-damage|p1a: Zacian|47/100|[from] item: Rocky Helmet|[of] p2a: Necrozma
|move|p2a: Necrozma|Sunsteel Strike|p1a: Zacian
|-damage|p1a: Zacian|0 fnt
|faint|p1a: Zacian
|
|-weather|none
|upkeep
|
|t:|1646325309
|switch|p1a: Dracovish|Dracovish|100/100
|-damage|p1a: Dracovish|88/100|[from] Spikes
|turn|23
|
|t:|1646325314
|-start|p1a: Dracovish|Dynamax
|-heal|p1a: Dracovish|88/100|[silent]
|move|p1a: Dracovish|Max Darkness|p2a: Necrozma
|-supereffective|p2a: Necrozma
|-damage|p2a: Necrozma|38/100
|-unboost|p2a: Necrozma|spd|1
|move|p2a: Necrozma|Toxic|p1a: Dracovish
|-status|p1a: Dracovish|tox
|
|-heal|p1a: Dracovish|91/100 tox|[from] item: Leftovers
|-damage|p1a: Dracovish|88/100 tox|[from] psn
|upkeep
|turn|24
|
|t:|1646325319
|move|p1a: Dracovish|Max Darkness|p2a: Necrozma
|-supereffective|p2a: Necrozma
|-damage|p2a: Necrozma|5/100
|-unboost|p2a: Necrozma|spd|1
|move|p2a: Necrozma|Morning Sun|p2a: Necrozma
|-heal|p2a: Necrozma|55/100
|
|-heal|p1a: Dracovish|91/100 tox|[from] item: Leftovers
|-damage|p1a: Dracovish|85/100 tox|[from] psn
|upkeep
|turn|25
|
|t:|1646325326
|move|p1a: Dracovish|Max Geyser|p2a: Necrozma
|-damage|p2a: Necrozma|25/100
|-weather|RainDance
|move|p2a: Necrozma|Morning Sun|p2a: Necrozma
|-heal|p2a: Necrozma|50/100
|
|-weather|RainDance|[upkeep]
|-heal|p1a: Dracovish|88/100 tox|[from] item: Leftovers
|-damage|p1a: Dracovish|79/100 tox|[from] psn
|-end|p1a: Dracovish|Dynamax
|-heal|p1a: Dracovish|79/100 tox|[silent]
|upkeep
|turn|26
|
|t:|1646325333
|move|p1a: Dracovish|Crunch|p2a: Necrozma
|-supereffective|p2a: Necrozma
|-damage|p2a: Necrozma|21/100
|-unboost|p2a: Necrozma|def|1
|-damage|p1a: Dracovish|62/100 tox|[from] item: Rocky Helmet|[of] p2a: Necrozma
|move|p2a: Necrozma|Morning Sun|p2a: Necrozma
|-heal|p2a: Necrozma|46/100
|
|-weather|RainDance|[upkeep]
|-heal|p1a: Dracovish|69/100 tox|[from] item: Leftovers
|-damage|p1a: Dracovish|44/100 tox|[from] psn
|upkeep
|turn|27
|
|t:|1646325348
|move|p1a: Dracovish|Fishious Rend|p2a: Necrozma
|-damage|p2a: Necrozma|0 fnt
|-damage|p1a: Dracovish|27/100 tox|[from] item: Rocky Helmet|[of] p2a: Necrozma
|faint|p2a: Necrozma
|
|win|proboyEA
|raw|proboyEA's rating: 1390 &rarr; <strong>1416</strong><br />(+26 for winning)
|raw|llmmllmm's rating: 1493 &rarr; <strong>1467</strong><br />(-26 for losing)
|c|☆proboyEA|bro
|l|☆llmmllmm
|c|☆proboyEA|les go
||Ladder isn't responding, score probably updated but might not have (Request timeout).
