|j|☆Gohansenju
|j|☆SaintLaplace
|t:|1665427554
|gametype|singles
|player|p1|Gohansenju|blue-gen3two|1909
|player|p2|SaintLaplace|hilda-wonderlauncher|1836
|teamsize|p1|6
|teamsize|p2|6
|gen|8
|tier|[Gen 8] National Dex AG
|rated|
|rule|HP Percentage Mod: HP is shown in percentages
|rule|Endless Battle Clause: Forcing endless battles is banned
|clearpoke
|poke|p1|Mewtwo|
|poke|p1|Arceus-*|
|poke|p1|Ditto|
|poke|p1|Rayquaza|
|poke|p1|Zamazenta-*|
|poke|p1|Arceus-*|
|poke|p2|Rayquaza|
|poke|p2|Zygarde|
|poke|p2|Necrozma-Dusk-Mane|
|poke|p2|Smeargle, F|
|poke|p2|Marshadow|
|poke|p2|Xerneas-*|
|teampreview
|inactive|Battle timer is ON: inactive players will automatically lose when time's up. (requested by SaintLaplace)
|inactive|Gohansenju also wants the timer to be on.
|j| Yomoghers
|
|t:|1665427563
|start
|switch|p1a: Arceus|Arceus-Fairy|100/100
|switch|p2a: Smeargle|Smeargle, F|100/100
|turn|1
|
|t:|1665427568
|move|p1a: Arceus|Stealth Rock|p2a: Smeargle
|-sidestart|p2: SaintLaplace|move: Stealth Rock
|move|p2a: Smeargle|Shell Smash|p2a: Smeargle
|-unboost|p2a: Smeargle|def|1
|-unboost|p2a: Smeargle|spd|1
|-boost|p2a: Smeargle|atk|2
|-boost|p2a: Smeargle|spa|2
|-boost|p2a: Smeargle|spe|2
|
|upkeep
|turn|2
|
|t:|1665427579
|move|p2a: Smeargle|Spore|p1a: Arceus
|-status|p1a: Arceus|slp|[from] move: Spore
|cant|p1a: Arceus|slp
|
|upkeep
|turn|3
|
|t:|1665427582
|switch|p1a: Arceus|Arceus|100/100
|move|p2a: Smeargle|Baton Pass|p2a: Smeargle
|
|t:|1665427591
|switch|p2a: Necrozma|Necrozma-Dusk-Mane, shiny|100/100|[from]move: Baton Pass
|-damage|p2a: Necrozma|94/100|[from] Stealth Rock
|
|upkeep
|turn|4
|
|t:|1665427600
|move|p2a: Necrozma|Photon Geyser|p1a: Arceus
|-damage|p1a: Arceus|11/100
|move|p1a: Arceus|Shadow Claw|p2a: Necrozma
|-supereffective|p2a: Necrozma
|-damage|p2a: Necrozma|54/100
|
|upkeep
|turn|5
|
|t:|1665427609
|switch|p1a: Arceus|Arceus-Fairy|100/100 slp
|move|p2a: Necrozma|Photon Geyser|p1a: Arceus
|-damage|p1a: Arceus|13/100 slp
|
|upkeep
|turn|6
|
|t:|1665427614
|move|p2a: Necrozma|Dragon Dance|p2a: Necrozma
|-boost|p2a: Necrozma|atk|1
|-boost|p2a: Necrozma|spe|1
|cant|p1a: Arceus|slp
|
|upkeep
|turn|7
|
|t:|1665427619
|move|p2a: Necrozma|Photon Geyser|p1a: Arceus
|-damage|p1a: Arceus|0 fnt
|faint|p1a: Arceus
|
|upkeep
|
|t:|1665427626
|switch|p1a: Ditto|Ditto, shiny|100/100
|-transform|p1a: Ditto|p2a: Necrozma|[from] ability: Imposter
|turn|8
|
|t:|1665427635
|switch|p1a: Rayquaza|Rayquaza|100/100
|-ability|p1a: Rayquaza|Air Lock
|move|p2a: Necrozma|Earthquake|p1a: Rayquaza
|-immune|p1a: Rayquaza
|
|upkeep
|turn|9
|
|t:|1665427654
|switch|p1a: Ditto|Ditto, shiny|100/100
|-transform|p1a: Ditto|p2a: Necrozma|[from] ability: Imposter
|move|p2a: Necrozma|Photon Geyser|p1a: Ditto
|-resisted|p1a: Ditto
|-damage|p1a: Ditto|46/100
|
|upkeep
|turn|10
|
|t:|1665427667
|switch|p1a: Arceus|Arceus|11/100
|detailschange|p2a: Necrozma|Necrozma-Ultra, shiny
|-burst|p2a: Necrozma|Necrozma|Ultranecrozium Z
|move|p2a: Necrozma|Photon Geyser|p1a: Arceus
|-damage|p1a: Arceus|0 fnt
|faint|p1a: Arceus
|
|upkeep
|
|t:|1665427669
|switch|p1a: Ditto|Ditto, shiny|46/100
|-transform|p1a: Ditto|p2a: Necrozma|[from] ability: Imposter
|turn|11
|
|t:|1665427673
|move|p1a: Ditto|Photon Geyser|p2a: Necrozma
|-resisted|p2a: Necrozma
|-damage|p2a: Necrozma|0 fnt
|faint|p2a: Necrozma
|
|upkeep
|
|t:|1665427676
|switch|p2a: Marshadow|Marshadow|100/100
|-damage|p2a: Marshadow|94/100|[from] Stealth Rock
|turn|12
|
|t:|1665427680
|switch|p1a: Zamazenta|Zamazenta-Crowned|100/100
|-ability|p1a: Zamazenta|Dauntless Shield|boost
|-boost|p1a: Zamazenta|def|1
|move|p2a: Marshadow|Shadow Sneak|p1a: Zamazenta
|-damage|p1a: Zamazenta|85/100
|
|upkeep
|turn|13
|
|t:|1665427690
|move|p1a: Zamazenta|Behemoth Bash|p2a: Marshadow
|-damage|p2a: Marshadow|32/100
|move|p2a: Marshadow|Spectral Thief||[still]
|-clearpositiveboost|p1a: Zamazenta|p2a: Marshadow|move: Spectral Thief
|-boost|p2a: Marshadow|def|1
|-anim|p2a: Marshadow|Spectral Thief|p1a: Zamazenta
|-damage|p1a: Zamazenta|51/100
|
|upkeep
|turn|14
|
|t:|1665427697
|move|p2a: Marshadow|Shadow Sneak|p1a: Zamazenta
|-damage|p1a: Zamazenta|30/100
|move|p1a: Zamazenta|Behemoth Bash|p2a: Marshadow
|-damage|p2a: Marshadow|0 fnt
|faint|p2a: Marshadow
|
|upkeep
|l| Yomoghers
|
|t:|1665427714
|switch|p2a: Zygarde|Zygarde, shiny|100/100
|-damage|p2a: Zygarde|94/100|[from] Stealth Rock
|turn|15
|
|t:|1665427717
|move|p1a: Zamazenta|Ice Fang|p2a: Zygarde
|-supereffective|p2a: Zygarde
|-damage|p2a: Zygarde|34/100
|move|p2a: Zygarde|Dragon Dance|p2a: Zygarde
|-boost|p2a: Zygarde|atk|1
|-boost|p2a: Zygarde|spe|1
|
|-activate|p2a: Zygarde|ability: Power Construct
|detailschange|p2a: Zygarde|Zygarde-Complete, shiny
|-heal|p2a: Zygarde|57/100|[silent]
|upkeep
|turn|16
|
|t:|1665427742
|move|p1a: Zamazenta|Ice Fang|p2a: Zygarde
|-supereffective|p2a: Zygarde
|-damage|p2a: Zygarde|12/100
|move|p2a: Zygarde|Dragon Dance|p2a: Zygarde
|-boost|p2a: Zygarde|atk|1
|-boost|p2a: Zygarde|spe|1
|
|upkeep
|turn|17
|
|t:|1665427749
|move|p2a: Zygarde|Rest|p2a: Zygarde
|-status|p2a: Zygarde|slp|[from] move: Rest
|-heal|p2a: Zygarde|100/100 slp|[silent]
|-enditem|p2a: Zygarde|Chesto Berry|[eat]
|-curestatus|p2a: Zygarde|slp|[msg]
|move|p1a: Zamazenta|Close Combat|p2a: Zygarde
|-damage|p2a: Zygarde|70/100
|-unboost|p1a: Zamazenta|def|1
|-unboost|p1a: Zamazenta|spd|1
|
|upkeep
|turn|18
|
|t:|1665427770
|-start|p2a: Zygarde|Dynamax|
|-heal|p2a: Zygarde|70/100|[silent]
|move|p2a: Zygarde|Max Quake|p1a: Zamazenta
|-supereffective|p1a: Zamazenta
|-damage|p1a: Zamazenta|0 fnt
|-boost|p2a: Zygarde|spd|1
|faint|p1a: Zamazenta
|
|upkeep
|
|t:|1665427778
|switch|p1a: Rayquaza|Rayquaza|100/100
|-ability|p1a: Rayquaza|Air Lock
|turn|19
|
|t:|1665427796
|detailschange|p1a: Rayquaza|Rayquaza-Mega
|-mega|p1a: Rayquaza|Rayquaza|
|-weather|DeltaStream|[from] ability: Delta Stream|[of] p1a: Rayquaza
|move|p2a: Zygarde|Max Rockfall|p1a: Rayquaza
|-activate||deltastream
|-damage|p1a: Rayquaza|28/100
|move|p1a: Rayquaza|Dragon Claw|p2a: Zygarde
|-supereffective|p2a: Zygarde
|-crit|p2a: Zygarde
|-damage|p2a: Zygarde|24/100
|-damage|p1a: Rayquaza|18/100|[from] item: Life Orb
|
|-weather|DeltaStream|[upkeep]
|upkeep
|turn|20
|
|t:|1665427811
|move|p2a: Zygarde|Max Rockfall|p1a: Rayquaza
|-activate||deltastream
|-damage|p1a: Rayquaza|0 fnt
|-weather|Sandstorm
|faint|p1a: Rayquaza
|
|-weather|Sandstorm|[upkeep]
|upkeep
|
|t:|1665427817
|switch|p1a: Ditto|Ditto, shiny|46/100
|-transform|p1a: Ditto|p2a: Zygarde|[from] ability: Imposter
|-end|p2a: Zygarde|Dynamax
|-heal|p2a: Zygarde|24/100|[silent]
|turn|21
|
|t:|1665427826
|move|p1a: Ditto|Thousand Arrows|p2a: Zygarde
|-damage|p2a: Zygarde|0 fnt
|faint|p2a: Zygarde
|
|-weather|Sandstorm|[upkeep]
|upkeep
|
|t:|1665427835
|switch|p2a: Rayquaza|Rayquaza|100/100
|-damage|p2a: Rayquaza|76/100|[from] Stealth Rock
|-ability|p2a: Rayquaza|Air Lock
|turn|22
|
|t:|1665427857
|detailschange|p2a: Rayquaza|Rayquaza-Mega
|-mega|p2a: Rayquaza|Rayquaza|
|-weather|DeltaStream|[from] ability: Delta Stream|[of] p2a: Rayquaza
|-start|p1a: Ditto|Dynamax|
|-heal|p1a: Ditto|46/100|[silent]
|move|p2a: Rayquaza|Extreme Speed|p1a: Ditto
|-damage|p1a: Ditto|26/100
|move|p1a: Ditto|Max Rockfall|p2a: Rayquaza
|-activate||deltastream
|-damage|p2a: Rayquaza|0 fnt
|-weather|Sandstorm
|faint|p2a: Rayquaza
|
|-weather|Sandstorm|[upkeep]
|upkeep
|
|t:|1665427870
|switch|p2a: Xerneas|Xerneas|100/100
|-damage|p2a: Xerneas|88/100|[from] Stealth Rock
|-ability|p2a: Xerneas|Fairy Aura
|turn|23
|
|t:|1665427873
|move|p1a: Ditto|Max Quake|p2a: Xerneas
|-damage|p2a: Xerneas|0 fnt
|-boost|p1a: Ditto|spd|1
|faint|p2a: Xerneas
|
|-weather|Sandstorm|[upkeep]
|upkeep
|-message|SaintLaplace forfeited.
|
|win|Gohansenju
|raw|Gohansenju's rating: 1909 &rarr; <strong>1925</strong><br />(+16 for winning)
|raw|SaintLaplace's rating: 1836 &rarr; <strong>1820</strong><br />(-16 for losing)
|l|☆SaintLaplace
