|j|☆OnMaWa
|j|☆mikeyb22
|player|p1|OnMaWa|psychic-gen4|1814
|player|p2|mikeyb22|li|1552
|teamsize|p1|6
|teamsize|p2|6
|gametype|singles
|gen|8
|tier|[Gen 8] National Dex AG
|rated|
|clearpoke
|poke|p1|Necrozma-Dusk-Mane|
|poke|p1|Arceus-*|
|poke|p1|Xerneas|
|poke|p1|Lugia|
|poke|p1|Yveltal|
|poke|p1|Rayquaza|
|poke|p2|Ho-Oh|
|poke|p2|Lugia|
|poke|p2|Arceus-*|
|poke|p2|Kyogre|
|poke|p2|Necrozma-Dusk-Mane|
|poke|p2|Kangaskhan, F|
|rule|HP Percentage Mod: HP is shown in percentages
|rule|Endless Battle Clause: Forcing endless battles is banned
|teampreview
|
|start
|switch|p1a: Rayquaza|Rayquaza|100/100
|switch|p2a: Arceus|Arceus-Ground|100/100
|-ability|p1a: Rayquaza|Air Lock
|turn|1
|
|detailschange|p1a: Rayquaza|Rayquaza-Mega
|-mega|p1a: Rayquaza|Rayquaza|
|-weather|DeltaStream|[from] ability: Delta Stream|[of] p1a: Rayquaza
|move|p1a: Rayquaza|Dragon Dance|p1a: Rayquaza
|-boost|p1a: Rayquaza|atk|1
|-boost|p1a: Rayquaza|spe|1
|move|p2a: Arceus|Stealth Rock|p1a: Rayquaza
|-sidestart|p1: OnMaWa|move: Stealth Rock
|
|-weather|DeltaStream|[upkeep]
|upkeep
|turn|2
|
|move|p1a: Rayquaza|Dragon Ascent|p2a: Arceus
|-damage|p2a: Arceus|39/100
|-unboost|p1a: Rayquaza|def|1
|-unboost|p1a: Rayquaza|spd|1
|move|p2a: Arceus|Toxic|p1a: Rayquaza
|-status|p1a: Rayquaza|tox
|
|-weather|DeltaStream|[upkeep]
|-damage|p1a: Rayquaza|94/100 tox|[from] psn
|upkeep
|turn|3
|
|move|p1a: Rayquaza|Dragon Ascent|p2a: Arceus
|-damage|p2a: Arceus|0 fnt
|-unboost|p1a: Rayquaza|def|1
|-unboost|p1a: Rayquaza|spd|1
|faint|p2a: Arceus
|
|-weather|DeltaStream|[upkeep]
|-damage|p1a: Rayquaza|82/100 tox|[from] psn
|upkeep
|
|switch|p2a: Lugia|Lugia, shiny|100/100
|turn|4
|
|move|p1a: Rayquaza|Dragon Dance|p1a: Rayquaza
|-boost|p1a: Rayquaza|atk|1
|-boost|p1a: Rayquaza|spe|1
|move|p2a: Lugia|Aeroblast|p1a: Rayquaza
|-damage|p1a: Rayquaza|18/100 tox
|
|-weather|DeltaStream|[upkeep]
|-damage|p1a: Rayquaza|0 fnt|[from] psn
|faint|p1a: Rayquaza
|-weather|none
|upkeep
|
|switch|p1a: Arceus|Arceus|100/100
|-damage|p1a: Arceus|88/100|[from] Stealth Rock
|turn|5
|
|move|p1a: Arceus|Substitute|p1a: Arceus
|-start|p1a: Arceus|Substitute
|-damage|p1a: Arceus|63/100
|move|p2a: Lugia|Toxic||[still]
|-fail|p2a: Lugia
|
|upkeep
|turn|6
|
|move|p1a: Arceus|Extreme Speed|p2a: Lugia
|-damage|p2a: Lugia|88/100
|move|p2a: Lugia|Aeroblast|p1a: Arceus
|-activate|p1a: Arceus|move: Substitute|[damage]
|
|upkeep
|turn|7
|
|move|p1a: Arceus|Swords Dance|p1a: Arceus
|-boost|p1a: Arceus|atk|2
|move|p2a: Lugia|Aeroblast|p1a: Arceus
|-end|p1a: Arceus|Substitute
|
|upkeep
|turn|8
|
|move|p1a: Arceus|Substitute|p1a: Arceus
|-start|p1a: Arceus|Substitute
|-damage|p1a: Arceus|38/100
|move|p2a: Lugia|Whirlwind|p1a: Arceus
|drag|p1a: Yveltal|Yveltal|100/100
|-damage|p1a: Yveltal|76/100|[from] Stealth Rock
|-ability|p1a: Yveltal|Dark Aura
|
|upkeep
|turn|9
|
|move|p1a: Yveltal|Dark Pulse|p2a: Lugia
|-supereffective|p2a: Lugia
|-damage|p2a: Lugia|1/100
|-damage|p1a: Yveltal|66/100|[from] item: Life Orb
|move|p2a: Lugia|Toxic|p1a: Yveltal
|-status|p1a: Yveltal|tox
|
|-damage|p1a: Yveltal|60/100 tox|[from] psn
|upkeep
|turn|10
|j| gfhgfhhfggfh
|
|switch|p2a: Ho-Oh|Ho-Oh|100/100
|move|p1a: Yveltal|Oblivion Wing|p2a: Ho-Oh
|-damage|p2a: Ho-Oh|72/100
|-heal|p1a: Yveltal|82/100 tox|[from] drain|[of] p2a: Ho-Oh
|-damage|p1a: Yveltal|72/100 tox|[from] item: Life Orb
|
|-damage|p1a: Yveltal|60/100 tox|[from] psn
|upkeep
|turn|11
|
|move|p1a: Yveltal|Dark Pulse|p2a: Ho-Oh
|-damage|p2a: Ho-Oh|35/100
|-damage|p1a: Yveltal|50/100 tox|[from] item: Life Orb
|move|p2a: Ho-Oh|Sacred Fire|p1a: Yveltal
|-damage|p1a: Yveltal|12/100 tox
|
|-damage|p1a: Yveltal|0 fnt|[from] psn
|faint|p1a: Yveltal
|upkeep
|
|switch|p1a: Necrozma|Necrozma-Dusk-Mane|100/100
|-damage|p1a: Necrozma|94/100|[from] Stealth Rock
|turn|12
|
|detailschange|p1a: Necrozma|Necrozma-Ultra
|-burst|p1a: Necrozma|Necrozma|Ultranecrozium Z
|move|p1a: Necrozma|Stone Edge|p2a: Ho-Oh|[miss]
|-miss|p1a: Necrozma|p2a: Ho-Oh
|move|p2a: Ho-Oh|Sacred Fire|p1a: Necrozma|[miss]
|-miss|p2a: Ho-Oh|p1a: Necrozma
|
|upkeep
|turn|13
|
|switch|p2a: Lugia|Lugia, shiny|1/100
|move|p1a: Necrozma|Dragon Dance|p1a: Necrozma
|-boost|p1a: Necrozma|atk|1
|-boost|p1a: Necrozma|spe|1
|
|upkeep
|turn|14
|
|move|p1a: Necrozma|Photon Geyser|p2a: Lugia
|-resisted|p2a: Lugia
|-damage|p2a: Lugia|0 fnt
|faint|p2a: Lugia
|
|upkeep
|
|switch|p2a: Necrozma|Necrozma-Dusk-Mane|100/100
|turn|15
|
|-start|p2a: Necrozma|Dynamax
|-heal|p2a: Necrozma|100/100|[silent]
|move|p1a: Necrozma|Earthquake|p2a: Necrozma
|-supereffective|p2a: Necrozma
|-damage|p2a: Necrozma|60/100
|-enditem|p2a: Necrozma|Weakness Policy
|-boost|p2a: Necrozma|atk|2|[from] item: Weakness Policy
|-boost|p2a: Necrozma|spa|2|[from] item: Weakness Policy
|move|p2a: Necrozma|Max Darkness|p1a: Necrozma
|-supereffective|p1a: Necrozma
|-damage|p1a: Necrozma|0 fnt
|faint|p1a: Necrozma
|
|upkeep
|
|switch|p1a: Lugia|Lugia|100/100
|turn|16
|
|move|p1a: Lugia|Thunder Wave|p2a: Necrozma
|-status|p2a: Necrozma|par
|move|p2a: Necrozma|Max Darkness|p1a: Lugia
|-supereffective|p1a: Lugia
|-damage|p1a: Lugia|60/100
|-unboost|p1a: Lugia|spd|1
|
|upkeep
|turn|17
|
|move|p1a: Lugia|Roost|p1a: Lugia
|-heal|p1a: Lugia|100/100
|-singleturn|p1a: Lugia|move: Roost
|move|p2a: Necrozma|Max Darkness|p1a: Lugia
|-supereffective|p1a: Lugia
|-damage|p1a: Lugia|64/100
|-unboost|p1a: Lugia|spd|1
|
|-end|p2a: Necrozma|Dynamax
|-heal|p2a: Necrozma|60/100 par|[silent]
|upkeep
|turn|18
|
|move|p1a: Lugia|Roost|p1a: Lugia
|-heal|p1a: Lugia|100/100
|-singleturn|p1a: Lugia|move: Roost
|move|p2a: Necrozma|Knock Off|p1a: Lugia
|-supereffective|p1a: Lugia
|-damage|p1a: Lugia|70/100
|-enditem|p1a: Lugia|Heavy-Duty Boots|[from] move: Knock Off|[of] p2a: Necrozma
|
|upkeep
|turn|19
|
|move|p1a: Lugia|Roost|p1a: Lugia
|-heal|p1a: Lugia|100/100
|-singleturn|p1a: Lugia|move: Roost
|move|p2a: Necrozma|Swords Dance|p2a: Necrozma
|-boost|p2a: Necrozma|atk|2
|
|upkeep
|turn|20
|
|move|p2a: Necrozma|Sunsteel Strike|p1a: Lugia
|-damage|p1a: Lugia|32/100
|move|p1a: Lugia|Whirlwind|p2a: Necrozma
|drag|p2a: Kyogre|Kyogre|100/100
|-weather|RainDance|[from] ability: Drizzle|[of] p2a: Kyogre
|detailschange|p2a: Kyogre|Kyogre-Primal
|-primal|p2a: Kyogre
|-weather|PrimordialSea|[from] ability: Primordial Sea|[of] p2a: Kyogre
|
|-weather|PrimordialSea|[upkeep]
|upkeep
|turn|21
|
|move|p2a: Kyogre|Water Spout|p1a: Lugia
|-damage|p1a: Lugia|0 fnt
|faint|p1a: Lugia
|
|-weather|PrimordialSea|[upkeep]
|upkeep
|
|switch|p1a: Arceus|Arceus|38/100
|-damage|p1a: Arceus|26/100|[from] Stealth Rock
|turn|22
|
|move|p1a: Arceus|Extreme Speed|p2a: Kyogre
|-crit|p2a: Kyogre
|-damage|p2a: Kyogre|21/100
|move|p2a: Kyogre|Thunder|p1a: Arceus
|-damage|p1a: Arceus|0 fnt
|faint|p1a: Arceus
|
|-weather|PrimordialSea|[upkeep]
|upkeep
|
|switch|p1a: Xerneas|Xerneas|100/100
|-damage|p1a: Xerneas|88/100|[from] Stealth Rock
|-ability|p1a: Xerneas|Fairy Aura
|turn|23
|
|move|p2a: Kyogre|Origin Pulse|p1a: Xerneas
|-damage|p1a: Xerneas|6/100
|move|p1a: Xerneas|Geomancy||[still]
|-prepare|p1a: Xerneas|Geomancy|p1a: Xerneas
|-enditem|p1a: Xerneas|Power Herb
|-anim|p1a: Xerneas|Geomancy|p1a: Xerneas
|-boost|p1a: Xerneas|spa|2
|-boost|p1a: Xerneas|spd|2
|-boost|p1a: Xerneas|spe|2
|
|-weather|PrimordialSea|[upkeep]
|upkeep
|turn|24
|
|move|p1a: Xerneas|Moonblast|p2a: Kyogre
|-damage|p2a: Kyogre|0 fnt
|faint|p2a: Kyogre
|-weather|none
|
|upkeep
|
|switch|p2a: Kangaskhan|Kangaskhan, F|100/100
|turn|25
|
|detailschange|p2a: Kangaskhan|Kangaskhan-Mega, F
|-mega|p2a: Kangaskhan|Kangaskhan|Kangaskhanite
|-start|p1a: Xerneas|Dynamax
|-heal|p1a: Xerneas|6/100|[silent]
|move|p2a: Kangaskhan|Fake Out|p1a: Xerneas
|-damage|p1a: Xerneas|0 fnt
|-hitcount|p1a: Xerneas|1
|faint|p1a: Xerneas
|
|win|mikeyb22
|raw|OnMaWa's rating: 1814 &rarr; <strong>1781</strong><br />(-33 for losing)
|raw|mikeyb22's rating: 1553 &rarr; <strong>1586</strong><br />(+33 for winning)
|c|☆mikeyb22|gg
|l|☆OnMaWa
