|j|☆RUiNtheExtinct
|j|☆Obito152001
|t:|1664876860
|gametype|singles
|player|p1|RUiNtheExtinct|red-gen7|1770
|player|p2|Obito152001|blue-gen3two|1876
|teamsize|p1|6
|teamsize|p2|6
|gen|8
|tier|[Gen 8] National Dex AG
|rated|
|rule|HP Percentage Mod: HP is shown in percentages
|rule|Endless Battle Clause: Forcing endless battles is banned
|clearpoke
|poke|p1|Groudon|
|poke|p1|Ditto|
|poke|p1|Rayquaza|
|poke|p1|Yveltal|
|poke|p1|Smeargle, F|
|poke|p1|Arceus-*|
|poke|p2|Arceus-*|
|poke|p2|Calyrex-Ice|
|poke|p2|Ditto|
|poke|p2|Greninja, M|
|poke|p2|Lunala|
|poke|p2|Arceus-*|
|teampreview
|inactive|Battle timer is ON: inactive players will automatically lose when time's up. (requested by Obito152001)
|
|t:|1664876869
|start
|switch|p1a: Groudon|Groudon|100/100
|switch|p2a: Greninja|Greninja, M|100/100
|detailschange|p1a: Groudon|Groudon-Primal
|-primal|p1a: Groudon
|-weather|DesolateLand|[from] ability: Desolate Land|[of] p1a: Groudon
|turn|1
|
|t:|1664876879
|move|p2a: Greninja|Spikes|p1a: Groudon
|-start|p2a: Greninja|typechange|Ground|[from] ability: Protean
|-sidestart|p1: RUiNtheExtinct|Spikes
|move|p1a: Groudon|Earthquake|p2a: Greninja
|-enditem|p2a: Greninja|Focus Sash
|-damage|p2a: Greninja|1/100
|
|-weather|DesolateLand|[upkeep]
|upkeep
|turn|2
|j| juyan
|
|t:|1664876887
|move|p2a: Greninja|Toxic Spikes|p1a: Groudon
|-start|p2a: Greninja|typechange|Poison|[from] ability: Protean
|-sidestart|p1: RUiNtheExtinct|move: Toxic Spikes
|move|p1a: Groudon|Stealth Rock|p2a: Greninja
|-sidestart|p2: Obito152001|move: Stealth Rock
|
|-weather|DesolateLand|[upkeep]
|upkeep
|turn|3
|
|t:|1664876896
|move|p2a: Greninja|Toxic Spikes|p1a: Groudon
|-sidestart|p1: RUiNtheExtinct|move: Toxic Spikes
|move|p1a: Groudon|Heat Crash|p2a: Greninja
|-damage|p2a: Greninja|0 fnt
|faint|p2a: Greninja
|
|-weather|DesolateLand|[upkeep]
|upkeep
|
|t:|1664876907
|switch|p2a: Lunala|Lunala, shiny|100/100
|-damage|p2a: Lunala|88/100|[from] Stealth Rock
|turn|4
|
|t:|1664876911
|move|p2a: Lunala|Moongeist Beam|p1a: Groudon
|-damage|p1a: Groudon|21/100
|move|p1a: Groudon|Heat Crash|p2a: Lunala
|-damage|p2a: Lunala|0 fnt
|faint|p2a: Lunala
|
|-weather|DesolateLand|[upkeep]
|upkeep
|
|t:|1664876921
|switch|p2a: Arceus|Arceus-Rock|100/100
|-damage|p2a: Arceus|88/100|[from] Stealth Rock
|turn|5
|
|t:|1664876948
|move|p2a: Arceus|Judgment|p1a: Groudon
|-damage|p1a: Groudon|0 fnt
|faint|p1a: Groudon
|-weather|none
|
|upkeep
|
|t:|1664876955
|switch|p1a: Rayquaza|Rayquaza|100/100
|-ability|p1a: Rayquaza|Air Lock
|turn|6
|
|t:|1664876960
|detailschange|p1a: Rayquaza|Rayquaza-Mega
|-mega|p1a: Rayquaza|Rayquaza|
|-weather|DeltaStream|[from] ability: Delta Stream|[of] p1a: Rayquaza
|move|p2a: Arceus|Will-O-Wisp|p1a: Rayquaza
|-status|p1a: Rayquaza|brn
|move|p1a: Rayquaza|Earthquake|p2a: Arceus
|-supereffective|p2a: Arceus
|-damage|p2a: Arceus|51/100
|-damage|p1a: Rayquaza|91/100 brn|[from] item: Life Orb
|
|-weather|DeltaStream|[upkeep]
|-damage|p1a: Rayquaza|85/100 brn|[from] brn
|upkeep
|turn|7
|
|t:|1664876966
|move|p2a: Arceus|Recover|p2a: Arceus
|-heal|p2a: Arceus|100/100
|move|p1a: Rayquaza|Earthquake|p2a: Arceus
|-supereffective|p2a: Arceus
|-damage|p2a: Arceus|65/100
|-damage|p1a: Rayquaza|75/100 brn|[from] item: Life Orb
|
|-weather|DeltaStream|[upkeep]
|-damage|p1a: Rayquaza|69/100 brn|[from] brn
|upkeep
|turn|8
|
|t:|1664876985
|move|p2a: Arceus|Stealth Rock|p1a: Rayquaza
|-sidestart|p1: RUiNtheExtinct|move: Stealth Rock
|move|p1a: Rayquaza|Scale Shot|p2a: Arceus
|-damage|p2a: Arceus|58/100
|-damage|p2a: Arceus|52/100
|-crit|p2a: Arceus
|-damage|p2a: Arceus|41/100
|-damage|p2a: Arceus|34/100
|-hitcount|p2a: Arceus|4
|-unboost|p1a: Rayquaza|def|1
|-boost|p1a: Rayquaza|spe|1
|-damage|p1a: Rayquaza|59/100 brn|[from] item: Life Orb
|
|-weather|DeltaStream|[upkeep]
|-damage|p1a: Rayquaza|53/100 brn|[from] brn
|upkeep
|turn|9
|
|t:|1664876997
|switch|p2a: Ditto|Ditto, shiny|100/100
|-damage|p2a: Ditto|88/100|[from] Stealth Rock
|-transform|p2a: Ditto|p1a: Rayquaza|[from] ability: Imposter
|move|p1a: Rayquaza|Earthquake|p2a: Ditto
|-immune|p2a: Ditto
|
|-weather|DeltaStream|[upkeep]
|-damage|p1a: Rayquaza|47/100 brn|[from] brn
|upkeep
|turn|10
|
|t:|1664877005
|move|p1a: Rayquaza|Extreme Speed|p2a: Ditto
|-damage|p2a: Ditto|51/100
|-damage|p1a: Rayquaza|37/100 brn|[from] item: Life Orb
|move|p2a: Ditto|Dragon Ascent|p1a: Rayquaza
|-damage|p1a: Rayquaza|0 fnt
|-unboost|p2a: Ditto|def|1
|-unboost|p2a: Ditto|spd|1
|faint|p1a: Rayquaza
|
|-weather|DeltaStream|[upkeep]
|upkeep
|
|t:|1664877018
|switch|p1a: Arceus|Arceus-Flying|100/100
|-damage|p1a: Arceus|76/100|[from] Stealth Rock
|turn|11
|
|t:|1664877025
|-weather|none
|switch|p2a: Arceus|Arceus-Rock|34/100
|-damage|p2a: Arceus|21/100|[from] Stealth Rock
|move|p1a: Arceus|Recover|p1a: Arceus
|-heal|p1a: Arceus|100/100
|
|upkeep
|turn|12
|
|t:|1664877033
|switch|p1a: Smeargle|Smeargle, F|100/100
|-damage|p1a: Smeargle|88/100|[from] Spikes
|-status|p1a: Smeargle|tox
|-damage|p1a: Smeargle|76/100 tox|[from] Stealth Rock
|move|p2a: Arceus|Recover|p2a: Arceus
|-heal|p2a: Arceus|71/100
|
|-damage|p1a: Smeargle|70/100 tox|[from] psn
|-ability|p1a: Smeargle|Moody|boost
|-boost|p1a: Smeargle|atk|2
|-unboost|p1a: Smeargle|def|1
|upkeep
|turn|13
|
|t:|1664877039
|move|p2a: Arceus|Judgment|p1a: Smeargle
|-damage|p1a: Smeargle|0 fnt
|faint|p1a: Smeargle
|
|upkeep
|
|t:|1664877049
|switch|p1a: Yveltal|Yveltal|100/100
|-damage|p1a: Yveltal|76/100|[from] Stealth Rock
|-ability|p1a: Yveltal|Dark Aura
|turn|14
|
|t:|1664877062
|-start|p2a: Arceus|Dynamax|
|-heal|p2a: Arceus|71/100|[silent]
|-start|p1a: Yveltal|Dynamax|
|-heal|p1a: Yveltal|76/100|[silent]
|move|p2a: Arceus|Max Rockfall|p1a: Yveltal
|-supereffective|p1a: Yveltal
|-damage|p1a: Yveltal|16/100
|-weather|Sandstorm
|move|p1a: Yveltal|Max Airstream|p2a: Arceus
|-resisted|p2a: Arceus
|-damage|p2a: Arceus|60/100
|-boost|p1a: Yveltal|spe|1
|-damage|p1a: Yveltal|11/100|[from] item: Life Orb
|
|-weather|Sandstorm|[upkeep]
|-damage|p1a: Yveltal|8/100|[from] Sandstorm
|upkeep
|turn|15
|
|t:|1664877066
|move|p2a: Arceus|Max Guard|p2a: Arceus
|-singleturn|p2a: Arceus|Max Guard
|move|p1a: Yveltal|Max Darkness|p2a: Arceus
|-activate|p2a: Arceus|move: Max Guard
|
|-weather|Sandstorm|[upkeep]
|-damage|p1a: Yveltal|5/100|[from] Sandstorm
|upkeep
|turn|16
|
|t:|1664877085
|move|p2a: Arceus|Max Guard||[still]
|-fail|p2a: Arceus
|move|p1a: Yveltal|Max Darkness|p2a: Arceus
|-damage|p2a: Arceus|32/100
|-unboost|p2a: Arceus|spd|1
|-damage|p1a: Yveltal|0 fnt|[from] item: Life Orb
|faint|p1a: Yveltal
|
|-weather|Sandstorm|[upkeep]
|upkeep
|
|t:|1664877091
|switch|p1a: Arceus|Arceus-Flying|100/100
|-damage|p1a: Arceus|76/100|[from] Stealth Rock
|-end|p2a: Arceus|Dynamax
|-heal|p2a: Arceus|32/100|[silent]
|turn|17
|
|t:|1664877094
|move|p2a: Arceus|Judgment|p1a: Arceus
|-supereffective|p1a: Arceus
|-damage|p1a: Arceus|7/100
|move|p1a: Arceus|Swords Dance|p1a: Arceus
|-boost|p1a: Arceus|atk|2
|
|-weather|Sandstorm|[upkeep]
|-damage|p1a: Arceus|1/100|[from] Sandstorm
|upkeep
|turn|18
|-message|RUiNtheExtinct forfeited.
|
|win|Obito152001
|raw|RUiNtheExtinct's rating: 1770 &rarr; <strong>1756</strong><br />(-14 for losing)
|raw|Obito152001's rating: 1876 &rarr; <strong>1890</strong><br />(+14 for winning)
|l|☆RUiNtheExtinct
