|j|☆yoooyooyo
|j|☆Alice_Finnemore
|t:|1662176126
|gametype|singles
|player|p1|yoooyooyo|1|1733
|player|p2|Alice_Finnemore|cynthia-masters|1829
|teamsize|p1|6
|teamsize|p2|6
|gen|8
|tier|[Gen 8] National Dex AG
|rated|
|rule|HP Percentage Mod: HP is shown in percentages
|rule|Endless Battle Clause: Forcing endless battles is banned
|clearpoke
|poke|p1|Tyranitar, M|
|poke|p1|Arceus-*|
|poke|p1|Necrozma-Dusk-Mane|
|poke|p1|Arceus-*|
|poke|p1|Groudon|
|poke|p1|Skarmory, F|
|poke|p2|Zygarde|
|poke|p2|Ho-Oh|
|poke|p2|Yveltal|
|poke|p2|Necrozma-Dusk-Mane|
|poke|p2|Rayquaza|
|poke|p2|Zacian-*|
|teampreview
|inactive|Battle timer is ON: inactive players will automatically lose when time's up. (requested by Alice_Finnemore)
|
|t:|1662176131
|start
|switch|p1a: Skarmory|Skarmory, F|100/100
|switch|p2a: Yveltal|Yveltal|100/100
|-ability|p2a: Yveltal|Dark Aura
|turn|1
|
|t:|1662176139
|move|p2a: Yveltal|Taunt|p1a: Skarmory
|-start|p1a: Skarmory|move: Taunt
|-enditem|p1a: Skarmory|Mental Herb
|-end|p1a: Skarmory|move: Taunt
|move|p1a: Skarmory|Spikes|p2a: Yveltal
|-sidestart|p2: Alice_Finnemore|Spikes
|
|upkeep
|turn|2
|
|t:|1662176145
|move|p2a: Yveltal|Heat Wave|p1a: Skarmory
|-supereffective|p1a: Skarmory
|-ability|p1a: Skarmory|Sturdy
|-damage|p1a: Skarmory|1/100
|-damage|p2a: Yveltal|91/100|[from] item: Life Orb
|move|p1a: Skarmory|Rock Tomb|p2a: Yveltal
|-supereffective|p2a: Yveltal
|-damage|p2a: Yveltal|68/100
|-unboost|p2a: Yveltal|spe|1
|
|upkeep
|turn|3
|
|t:|1662176155
|switch|p2a: Necrozma|Necrozma-Dusk-Mane|100/100
|-damage|p2a: Necrozma|88/100|[from] Spikes
|move|p1a: Skarmory|Taunt|p2a: Necrozma
|-start|p2a: Necrozma|move: Taunt
|
|-heal|p2a: Necrozma|94/100|[from] item: Leftovers
|upkeep
|turn|4
|
|t:|1662176158
|move|p1a: Skarmory|Spikes|p2a: Necrozma
|-sidestart|p2: Alice_Finnemore|Spikes
|move|p2a: Necrozma|Sunsteel Strike|p1a: Skarmory
|-resisted|p1a: Skarmory
|-crit|p1a: Skarmory
|-damage|p1a: Skarmory|0 fnt
|faint|p1a: Skarmory
|
|-heal|p2a: Necrozma|99/100|[from] item: Leftovers
|upkeep
|
|t:|1662176174
|switch|p1a: Groudon|Groudon|100/100
|detailschange|p1a: Groudon|Groudon-Primal
|-primal|p1a: Groudon
|-weather|DesolateLand|[from] ability: Desolate Land|[of] p1a: Groudon
|turn|5
|
|t:|1662176177
|switch|p2a: Zygarde|Zygarde|100/100
|-damage|p2a: Zygarde|84/100|[from] Spikes
|move|p1a: Groudon|Stealth Rock|p2a: Zygarde
|-sidestart|p2: Alice_Finnemore|move: Stealth Rock
|
|-weather|DesolateLand|[upkeep]
|-heal|p2a: Zygarde|90/100|[from] item: Leftovers
|upkeep
|turn|6
|
|t:|1662176182
|-weather|none
|switch|p1a: Arceus|Arceus-Electric|100/100
|move|p2a: Zygarde|Glare|p1a: Arceus
|-immune|p1a: Arceus
|
|-heal|p2a: Zygarde|96/100|[from] item: Leftovers
|upkeep
|turn|7
|
|t:|1662176189
|switch|p2a: Necrozma|Necrozma-Dusk-Mane|99/100
|-damage|p2a: Necrozma|84/100|[from] Spikes
|-damage|p2a: Necrozma|78/100|[from] Stealth Rock
|move|p1a: Arceus|Ice Beam|p2a: Necrozma
|-resisted|p2a: Necrozma
|-damage|p2a: Necrozma|66/100
|-status|p2a: Necrozma|frz
|
|-heal|p2a: Necrozma|72/100 frz|[from] item: Leftovers
|upkeep
|turn|8
|
|t:|1662176193
|move|p1a: Arceus|Calm Mind|p1a: Arceus
|-boost|p1a: Arceus|spa|1
|-boost|p1a: Arceus|spd|1
|-curestatus|p2a: Necrozma|frz|[msg]
|move|p2a: Necrozma|Stealth Rock|p1a: Arceus
|-sidestart|p1: yoooyooyo|move: Stealth Rock
|
|-heal|p2a: Necrozma|78/100|[from] item: Leftovers
|upkeep
|turn|9
|
|t:|1662176201
|-start|p1a: Arceus|Dynamax|
|-heal|p1a: Arceus|100/100|[silent]
|move|p1a: Arceus|Max Lightning|p2a: Necrozma
|-damage|p2a: Necrozma|0 fnt
|-fieldstart|move: Electric Terrain
|faint|p2a: Necrozma
|
|upkeep
|
|t:|1662176217
|switch|p2a: Ho-Oh|Ho-Oh|100/100
|turn|10
|
|t:|1662176221
|switch|p2a: Zygarde|Zygarde|96/100
|-damage|p2a: Zygarde|80/100|[from] Spikes
|-damage|p2a: Zygarde|73/100|[from] Stealth Rock
|move|p1a: Arceus|Max Hailstorm|p2a: Zygarde
|-supereffective|p2a: Zygarde
|-damage|p2a: Zygarde|0 fnt
|-weather|Hail
|faint|p2a: Zygarde
|
|-weather|Hail|[upkeep]
|-damage|p1a: Arceus|97/100|[from] Hail
|upkeep
|
|t:|1662176229
|switch|p2a: Ho-Oh|Ho-Oh|100/100
|turn|11
|
|t:|1662176232
|-start|p2a: Ho-Oh|Dynamax|
|-heal|p2a: Ho-Oh|100/100|[silent]
|move|p2a: Ho-Oh|Max Guard|p2a: Ho-Oh
|-singleturn|p2a: Ho-Oh|Max Guard
|move|p1a: Arceus|Max Lightning|p2a: Ho-Oh
|-activate|p2a: Ho-Oh|move: Max Guard
|
|-weather|Hail|[upkeep]
|-damage|p1a: Arceus|94/100|[from] Hail
|-damage|p2a: Ho-Oh|97/100|[from] Hail
|upkeep
|-end|p1a: Arceus|Dynamax
|-heal|p1a: Arceus|94/100|[silent]
|turn|12
|
|t:|1662176236
|move|p1a: Arceus|Judgment|p2a: Ho-Oh
|-supereffective|p2a: Ho-Oh
|-damage|p2a: Ho-Oh|25/100
|move|p2a: Ho-Oh|Max Airstream|p1a: Arceus
|-resisted|p1a: Arceus
|-damage|p1a: Arceus|73/100
|-boost|p2a: Ho-Oh|spe|1
|
|-weather|Hail|[upkeep]
|-damage|p1a: Arceus|67/100|[from] Hail
|-damage|p2a: Ho-Oh|22/100|[from] Hail
|upkeep
|turn|13
|
|t:|1662176241
|move|p1a: Arceus|Judgment|p2a: Ho-Oh
|-supereffective|p2a: Ho-Oh
|-damage|p2a: Ho-Oh|0 fnt
|faint|p2a: Ho-Oh
|
|-weather|Hail|[upkeep]
|-damage|p1a: Arceus|61/100|[from] Hail
|-fieldend|move: Electric Terrain
|upkeep
|
|t:|1662176244
|switch|p2a: Rayquaza|Rayquaza|100/100
|-damage|p2a: Rayquaza|76/100|[from] Stealth Rock
|-ability|p2a: Rayquaza|Air Lock
|turn|14
|
|t:|1662176248
|detailschange|p2a: Rayquaza|Rayquaza-Mega
|-mega|p2a: Rayquaza|Rayquaza|
|-weather|DeltaStream|[from] ability: Delta Stream|[of] p2a: Rayquaza
|move|p2a: Rayquaza|Dragon Ascent|p1a: Arceus
|-resisted|p1a: Arceus
|-damage|p1a: Arceus|30/100
|-unboost|p2a: Rayquaza|def|1
|-unboost|p2a: Rayquaza|spd|1
|move|p1a: Arceus|Ice Beam|p2a: Rayquaza
|-activate||deltastream
|-supereffective|p2a: Rayquaza
|-damage|p2a: Rayquaza|0 fnt
|faint|p2a: Rayquaza
|-weather|none
|
|upkeep
|
|t:|1662176255
|switch|p2a: Yveltal|Yveltal|68/100
|-damage|p2a: Yveltal|43/100|[from] Stealth Rock
|-ability|p2a: Yveltal|Dark Aura
|turn|15
|
|t:|1662176258
|move|p1a: Arceus|Ice Beam|p2a: Yveltal
|-supereffective|p2a: Yveltal
|-damage|p2a: Yveltal|0 fnt
|faint|p2a: Yveltal
|
|upkeep
|
|t:|1662176260
|switch|p2a: Zacian|Zacian-Crowned|100/100
|-damage|p2a: Zacian|84/100|[from] Spikes
|-damage|p2a: Zacian|78/100|[from] Stealth Rock
|-ability|p2a: Zacian|Intrepid Sword|boost
|-boost|p2a: Zacian|atk|1
|turn|16
|
|t:|1662176262
|move|p2a: Zacian|Play Rough|p1a: Arceus
|-damage|p1a: Arceus|0 fnt
|faint|p1a: Arceus
|
|upkeep
|
|t:|1662176266
|switch|p1a: Necrozma|Necrozma-Dusk-Mane|100/100
|-damage|p1a: Necrozma|95/100|[from] Stealth Rock
|turn|17
|
|t:|1662176270
|detailschange|p1a: Necrozma|Necrozma-Ultra
|-burst|p1a: Necrozma|Necrozma|Ultranecrozium Z
|move|p2a: Zacian|Substitute|p2a: Zacian
|-start|p2a: Zacian|Substitute
|-damage|p2a: Zacian|53/100
|move|p1a: Necrozma|Heat Wave|p2a: Zacian
|-supereffective|p2a: Zacian
|-end|p2a: Zacian|Substitute
|
|upkeep
|turn|18
|
|t:|1662176275
|move|p2a: Zacian|Play Rough|p1a: Necrozma
|-supereffective|p1a: Necrozma
|-damage|p1a: Necrozma|0 fnt
|faint|p1a: Necrozma
|
|upkeep
|
|t:|1662176282
|switch|p1a: Arceus|Arceus-Fighting|100/100
|-damage|p1a: Arceus|94/100|[from] Stealth Rock
|turn|19
|
|t:|1662176285
|move|p2a: Zacian|Play Rough|p1a: Arceus
|-supereffective|p1a: Arceus
|-crit|p1a: Arceus
|-damage|p1a: Arceus|0 fnt
|faint|p1a: Arceus
|
|upkeep
|
|t:|1662176287
|switch|p1a: Groudon|Groudon-Primal|100/100
|-damage|p1a: Groudon|88/100|[from] Stealth Rock
|-weather|DesolateLand|[from] ability: Desolate Land|[of] p1a: Groudon
|turn|20
|
|t:|1662176289
|move|p2a: Zacian|Close Combat|p1a: Groudon
|-damage|p1a: Groudon|52/100
|-unboost|p2a: Zacian|def|1
|-unboost|p2a: Zacian|spd|1
|move|p1a: Groudon|Fire Punch|p2a: Zacian
|-supereffective|p2a: Zacian
|-damage|p2a: Zacian|0 fnt
|faint|p2a: Zacian
|
|win|yoooyooyo
|raw|yoooyooyo's rating: 1733 &rarr; <strong>1758</strong><br />(+25 for winning)
|raw|Alice_Finnemore's rating: 1829 &rarr; <strong>1804</strong><br />(-25 for losing)
|l|☆Alice_Finnemore
||Ladder isn't responding, score probably updated but might not have (Request timeout).
