|j|☆AGLT VRS Hemp
|j|☆Ahuehuehue
|player|p1|AGLT VRS Hemp|boarder|1746
|player|p2|Ahuehuehue|265|1536
|teamsize|p1|6
|teamsize|p2|6
|gametype|singles
|gen|8
|tier|[Gen 8] National Dex AG
|rated|
|clearpoke
|poke|p1|Deoxys-Speed|
|poke|p1|Zacian-Crowned|
|poke|p1|Yveltal|
|poke|p1|Eternatus|
|poke|p1|Ditto|
|poke|p1|Rayquaza|
|poke|p2|Yveltal|
|poke|p2|Zacian|
|poke|p2|Groudon|
|poke|p2|Rayquaza|
|poke|p2|Groudon|
|poke|p2|Arceus-*|
|rule|HP Percentage Mod: HP is shown in percentages
|rule|Endless Battle Clause: Forcing endless battles is banned
|teampreview
|
|start
|switch|p1a: Deoxys|Deoxys-Speed|100/100
|switch|p2a: Zacian|Zacian|100/100
|-ability|p1a: Deoxys|Pressure
|-ability|p2a: Zacian|Intrepid Sword|boost
|-boost|p2a: Zacian|atk|1
|turn|1
|
|move|p1a: Deoxys|Stealth Rock|p2a: Zacian
|-sidestart|p2: Ahuehuehue|move: Stealth Rock
|move|p2a: Zacian|Play Rough|p1a: Deoxys
|-enditem|p1a: Deoxys|Focus Sash
|-damage|p1a: Deoxys|1/100
|-damage|p2a: Zacian|91/100|[from] item: Life Orb
|
|upkeep
|turn|2
|j| agltvrs puppy
|
|move|p1a: Deoxys|Spikes|p2a: Zacian
|-sidestart|p2: Ahuehuehue|Spikes
|move|p2a: Zacian|Substitute|p2a: Zacian
|-start|p2a: Zacian|Substitute
|-damage|p2a: Zacian|66/100
|
|upkeep
|turn|3
|
|move|p1a: Deoxys|Taunt|p2a: Zacian
|-start|p2a: Zacian|move: Taunt
|move|p2a: Zacian|Close Combat|p1a: Deoxys
|-resisted|p1a: Deoxys
|-damage|p1a: Deoxys|0 fnt
|-unboost|p2a: Zacian|def|1
|-unboost|p2a: Zacian|spd|1
|-damage|p2a: Zacian|56/100|[from] item: Life Orb
|faint|p1a: Deoxys
|
|upkeep
|
|switch|p1a: Zacian|Zacian-Crowned|100/100
|-ability|p1a: Zacian|Intrepid Sword|boost
|-boost|p1a: Zacian|atk|1
|turn|4
|
|move|p1a: Zacian|Behemoth Blade|p2a: Zacian
|-supereffective|p2a: Zacian
|-end|p2a: Zacian|Substitute
|move|p2a: Zacian|Close Combat|p1a: Zacian
|-damage|p1a: Zacian|30/100
|-unboost|p2a: Zacian|def|1
|-unboost|p2a: Zacian|spd|1
|-damage|p2a: Zacian|46/100|[from] item: Life Orb
|
|upkeep
|turn|5
|
|move|p1a: Zacian|Close Combat|p2a: Zacian
|-resisted|p2a: Zacian
|-crit|p2a: Zacian
|-damage|p2a: Zacian|0 fnt
|-unboost|p1a: Zacian|def|1
|-unboost|p1a: Zacian|spd|1
|faint|p2a: Zacian
|
|upkeep
|j| aglt vrs 64
|c| aglt vrs 64|greedy
|
|switch|p2a: Rayquaza|Rayquaza|100/100
|-damage|p2a: Rayquaza|76/100|[from] Stealth Rock
|-ability|p2a: Rayquaza|Air Lock
|turn|6
|c|☆AGLT VRS Hemp|Didn’t even matter tf
|c|☆AGLT VRS Hemp|im +1 he’s -2
|
|detailschange|p2a: Rayquaza|Rayquaza-Mega
|-mega|p2a: Rayquaza|Rayquaza|
|-weather|DeltaStream|[from] ability: Delta Stream|[of] p2a: Rayquaza
|move|p2a: Rayquaza|Extreme Speed|p1a: Zacian
|-resisted|p1a: Zacian
|-damage|p1a: Zacian|0 fnt
|-damage|p2a: Rayquaza|66/100|[from] item: Life Orb
|faint|p1a: Zacian
|
|-weather|DeltaStream|[upkeep]
|upkeep
|
|switch|p1a: Eternatus|Eternatus|100/100
|-ability|p1a: Eternatus|Pressure
|turn|7
|inactive|Battle timer is ON: inactive players will automatically lose when time's up. (requested by AGLT VRS Hemp)
|c| aglt vrs 64|no i meant that u still laddering
|
|move|p2a: Rayquaza|Extreme Speed|p1a: Eternatus
|-damage|p1a: Eternatus|58/100
|-damage|p2a: Rayquaza|56/100|[from] item: Life Orb
|move|p1a: Eternatus|Dynamax Cannon|p2a: Rayquaza
|-supereffective|p2a: Rayquaza
|-damage|p2a: Rayquaza|0 fnt
|faint|p2a: Rayquaza
|-weather|none
|
|upkeep
|j| Dhshahakjdxhkaj
|c|☆AGLT VRS Hemp|o
|j| AgressivEbolAidCOV
|
|switch|p2a: Yveltal|Yveltal|100/100
|-damage|p2a: Yveltal|76/100|[from] Stealth Rock
|-ability|p2a: Yveltal|Dark Aura
|turn|8
|
|-start|p2a: Yveltal|Dynamax
|-heal|p2a: Yveltal|76/100|[silent]
|move|p1a: Eternatus|Dynamax Cannon|p2a: Yveltal
|-damage|p2a: Yveltal|18/100
|move|p2a: Yveltal|Max Airstream|p1a: Eternatus
|-damage|p1a: Eternatus|0 fnt
|-boost|p2a: Yveltal|spe|1
|-damage|p2a: Yveltal|13/100|[from] item: Life Orb
|faint|p1a: Eternatus
|
|upkeep
|c| aglt vrs 64|not that i doubt u or anything
|
|switch|p1a: Rayquaza|Rayquaza|100/100
|-ability|p1a: Rayquaza|Air Lock
|turn|9
|
|detailschange|p1a: Rayquaza|Rayquaza-Mega
|-mega|p1a: Rayquaza|Rayquaza|
|-weather|DeltaStream|[from] ability: Delta Stream|[of] p1a: Rayquaza
|move|p1a: Rayquaza|Extreme Speed|p2a: Yveltal
|-damage|p2a: Yveltal|0 fnt
|-damage|p1a: Rayquaza|91/100|[from] item: Life Orb
|faint|p2a: Yveltal
|
|-weather|DeltaStream|[upkeep]
|upkeep
|
|switch|p2a: Arceus|Arceus-Ghost|100/100
|-damage|p2a: Arceus|88/100|[from] Stealth Rock
|-damage|p2a: Arceus|76/100|[from] Spikes
|turn|10
|
|-zpower|p2a: Arceus
|move|p2a: Arceus|Never-Ending Nightmare|p1a: Rayquaza|[zeffect]
|-damage|p1a: Rayquaza|0 fnt
|faint|p1a: Rayquaza
|-weather|none
|
|upkeep
|
|switch|p1a: Yveltal|Yveltal|100/100
|-ability|p1a: Yveltal|Dark Aura
|turn|11
|l| aglt vrs 64
|
|-start|p1a: Yveltal|Dynamax
|-heal|p1a: Yveltal|100/100|[silent]
|move|p2a: Arceus|Extreme Speed|p1a: Yveltal
|-damage|p1a: Yveltal|89/100
|move|p1a: Yveltal|Max Airstream|p2a: Arceus
|-damage|p2a: Arceus|7/100
|-boost|p1a: Yveltal|spe|1
|-damage|p1a: Yveltal|84/100|[from] item: Life Orb
|
|upkeep
|turn|12
|
|move|p2a: Arceus|Extreme Speed|p1a: Yveltal
|-damage|p1a: Yveltal|73/100
|move|p1a: Yveltal|Max Airstream|p2a: Arceus
|-damage|p2a: Arceus|0 fnt
|-boost|p1a: Yveltal|spe|1
|-damage|p1a: Yveltal|68/100|[from] item: Life Orb
|faint|p2a: Arceus
|
|upkeep
|c|☆AGLT VRS Hemp|Gg
|c| AgressivEbolAidCOV|edge
|
|switch|p2a: Groudon|Groudon|100/100
|-damage|p2a: Groudon|94/100|[from] Stealth Rock
|-damage|p2a: Groudon|82/100|[from] Spikes
|detailschange|p2a: Groudon|Groudon-Primal
|-primal|p2a: Groudon
|-weather|DesolateLand|[from] ability: Desolate Land|[of] p2a: Groudon
|turn|13
|
|move|p1a: Yveltal|Max Darkness|p2a: Groudon
|-damage|p2a: Groudon|0 fnt
|-damage|p1a: Yveltal|63/100|[from] item: Life Orb
|faint|p2a: Groudon
|-weather|none
|
|-end|p1a: Yveltal|Dynamax
|-heal|p1a: Yveltal|63/100|[silent]
|upkeep
|
|switch|p2a: Groudon|Groudon|100/100
|-damage|p2a: Groudon|88/100|[from] Spikes
|-damage|p2a: Groudon|82/100|[from] Stealth Rock
|detailschange|p2a: Groudon|Groudon-Primal
|-primal|p2a: Groudon
|-weather|DesolateLand|[from] ability: Desolate Land|[of] p2a: Groudon
|turn|14
|
|move|p1a: Yveltal|Dark Pulse|p2a: Groudon
|-damage|p2a: Groudon|9/100
|-damage|p1a: Yveltal|53/100|[from] item: Life Orb
|move|p2a: Groudon|Stone Edge|p1a: Yveltal
|-supereffective|p1a: Yveltal
|-damage|p1a: Yveltal|0 fnt
|faint|p1a: Yveltal
|
|-weather|DesolateLand|[upkeep]
|upkeep
|
|switch|p1a: Ditto|Ditto|100/100
|-transform|p1a: Ditto|p2a: Groudon|[from] ability: Imposter
|turn|15
|
|move|p1a: Ditto|Precipice Blades|p2a: Groudon
|-supereffective|p2a: Groudon
|-damage|p2a: Groudon|0 fnt
|faint|p2a: Groudon
|
|win|AGLT VRS Hemp
|l|☆Ahuehuehue
|j| mixing dat beat
|j| aglt vrs 64
|c| aglt vrs 64|oml
|c| aglt vrs 64|he so good
|l| aglt vrs 64
