|j|☆Hhhhhhhhhhhhx
|j|☆Willvey
|t:|1661838699
|gametype|singles
|player|p1|Hhhhhhhhhhhhx|hilbert-wonderlauncher|1547
|player|p2|Willvey|nate|1630
|teamsize|p1|6
|teamsize|p2|6
|gen|8
|tier|[Gen 8] National Dex AG
|rated|
|rule|HP Percentage Mod: HP is shown in percentages
|rule|Endless Battle Clause: Forcing endless battles is banned
|clearpoke
|poke|p1|Eternatus|
|poke|p1|Ho-Oh|
|poke|p1|Ferrothorn, M|
|poke|p1|Umbreon, M|
|poke|p1|Dragapult, M|
|poke|p1|Calyrex-Ice|
|poke|p2|Rayquaza|
|poke|p2|Yveltal|
|poke|p2|Zacian-*|
|poke|p2|Groudon|
|poke|p2|Arceus-*|
|poke|p2|Calyrex-Shadow|
|teampreview
|inactive|Battle timer is ON: inactive players will automatically lose when time's up. (requested by Willvey)
|
|t:|1661838719
|start
|switch|p1a: Ho-Oh|Ho-Oh|100/100
|switch|p2a: Groudon|Groudon|100/100
|detailschange|p2a: Groudon|Groudon-Primal
|-primal|p2a: Groudon
|-weather|DesolateLand|[from] ability: Desolate Land|[of] p2a: Groudon
|turn|1
|
|t:|1661838728
|move|p2a: Groudon|Thunder Wave|p1a: Ho-Oh
|-status|p1a: Ho-Oh|par
|move|p1a: Ho-Oh|Brave Bird|p2a: Groudon
|-damage|p2a: Groudon|72/100
|-damage|p1a: Ho-Oh|91/100 par|[from] Recoil
|
|-weather|DesolateLand|[upkeep]
|upkeep
|turn|2
|
|t:|1661838737
|move|p2a: Groudon|Stealth Rock|p1a: Ho-Oh
|-sidestart|p1: Hhhhhhhhhhhhx|move: Stealth Rock
|cant|p1a: Ho-Oh|par
|
|-weather|DesolateLand|[upkeep]
|upkeep
|turn|3
|
|t:|1661838745
|move|p2a: Groudon|Fire Punch|p1a: Ho-Oh
|-resisted|p1a: Ho-Oh
|-damage|p1a: Ho-Oh|61/100 par
|move|p1a: Ho-Oh|Defog|p2a: Groudon
|-unboost|p2a: Groudon|evasion|1
|-sideend|p1: Hhhhhhhhhhhhx|Stealth Rock|[from] move: Defog|[of] p1a: Ho-Oh
|
|-weather|DesolateLand|[upkeep]
|upkeep
|turn|4
|
|t:|1661838749
|move|p2a: Groudon|Stealth Rock|p1a: Ho-Oh
|-sidestart|p1: Hhhhhhhhhhhhx|move: Stealth Rock
|cant|p1a: Ho-Oh|par
|
|-weather|DesolateLand|[upkeep]
|upkeep
|turn|5
|
|t:|1661838752
|move|p2a: Groudon|Fire Punch|p1a: Ho-Oh
|-resisted|p1a: Ho-Oh
|-damage|p1a: Ho-Oh|29/100 par
|move|p1a: Ho-Oh|Brave Bird|p2a: Groudon
|-damage|p2a: Groudon|42/100
|-damage|p1a: Ho-Oh|20/100 par|[from] Recoil
|
|-weather|DesolateLand|[upkeep]
|upkeep
|turn|6
|
|t:|1661838758
|switch|p1a: Dragapult|Dragapult, M, shiny|100/100
|-damage|p1a: Dragapult|88/100|[from] Stealth Rock
|move|p2a: Groudon|Fire Punch|p1a: Dragapult
|-resisted|p1a: Dragapult
|-damage|p1a: Dragapult|38/100
|
|-weather|DesolateLand|[upkeep]
|upkeep
|turn|7
|
|t:|1661838762
|move|p1a: Dragapult|Dragon Darts|p2a: Groudon
|-crit|p2a: Groudon
|-damage|p2a: Groudon|16/100
|-anim|p1a: Dragapult|Dragon Darts|p2a: Groudon
|-damage|p2a: Groudon|0 fnt
|faint|p2a: Groudon
|-weather|none
|-damage|p1a: Dragapult|28/100|[from] item: Life Orb
|
|upkeep
|
|t:|1661838773
|switch|p2a: Zacian|Zacian-Crowned|100/100
|-ability|p2a: Zacian|Intrepid Sword|boost
|-boost|p2a: Zacian|atk|1
|turn|8
|
|t:|1661838784
|switch|p1a: Ferrothorn|Ferrothorn, M, shiny|100/100
|-damage|p1a: Ferrothorn|94/100|[from] Stealth Rock
|move|p2a: Zacian|Behemoth Blade|p1a: Ferrothorn
|-resisted|p1a: Ferrothorn
|-damage|p1a: Ferrothorn|60/100
|-damage|p2a: Zacian|88/100|[from] ability: Iron Barbs|[of] p1a: Ferrothorn
|
|-heal|p1a: Ferrothorn|66/100|[from] item: Leftovers
|upkeep
|turn|9
|
|t:|1661838788
|move|p2a: Zacian|Close Combat|p1a: Ferrothorn
|-supereffective|p1a: Ferrothorn
|-damage|p1a: Ferrothorn|0 fnt
|-unboost|p2a: Zacian|def|1
|-unboost|p2a: Zacian|spd|1
|-damage|p2a: Zacian|76/100|[from] ability: Iron Barbs|[of] p1a: Ferrothorn
|faint|p1a: Ferrothorn
|
|upkeep
|
|t:|1661838796
|switch|p1a: Umbreon|Umbreon, M, shiny|100/100
|-damage|p1a: Umbreon|88/100|[from] Stealth Rock
|turn|10
|
|t:|1661838803
|switch|p1a: Dragapult|Dragapult, M, shiny|28/100
|-damage|p1a: Dragapult|16/100|[from] Stealth Rock
|move|p2a: Zacian|Close Combat|p1a: Dragapult
|-immune|p1a: Dragapult
|
|upkeep
|turn|11
|
|t:|1661838812
|move|p1a: Dragapult|Sucker Punch|p2a: Zacian
|-resisted|p2a: Zacian
|-crit|p2a: Zacian
|-damage|p2a: Zacian|45/100
|-damage|p1a: Dragapult|6/100|[from] item: Life Orb
|move|p2a: Zacian|Behemoth Blade|p1a: Dragapult
|-damage|p1a: Dragapult|0 fnt
|faint|p1a: Dragapult
|
|upkeep
|
|t:|1661838818
|switch|p1a: Ho-Oh|Ho-Oh|53/100 par
|turn|12
|
|t:|1661838826
|move|p2a: Zacian|Wild Charge|p1a: Ho-Oh
|-supereffective|p1a: Ho-Oh
|-damage|p1a: Ho-Oh|0 fnt
|faint|p1a: Ho-Oh
|-damage|p2a: Zacian|29/100|[from] Recoil
|
|upkeep
|
|t:|1661838834
|switch|p1a: Calyrex|Calyrex-Ice|100/100
|-ability|p1a: Calyrex|As One
|-ability|p1a: Calyrex|Unnerve
|-damage|p1a: Calyrex|76/100|[from] Stealth Rock
|turn|13
|
|t:|1661838841
|move|p2a: Zacian|Behemoth Blade|p1a: Calyrex
|-supereffective|p1a: Calyrex
|-damage|p1a: Calyrex|0 fnt
|faint|p1a: Calyrex
|
|upkeep
|-message|Hhhhhhhhhhhhx forfeited.
|
|win|Willvey
|raw|Hhhhhhhhhhhhx's rating: 1547 &rarr; <strong>1532</strong><br />(-15 for losing)
|raw|Willvey's rating: 1630 &rarr; <strong>1645</strong><br />(+15 for winning)
|l|☆Hhhhhhhhhhhhx
|l|☆Willvey
