|j|☆TheImpactAssault
|j|☆the thin mints lad
|t:|1659129786
|gametype|singles
|player|p1|TheImpactAssault|hilda|1513
|player|p2|the thin mints lad|cress|1623
|teamsize|p1|6
|teamsize|p2|6
|gen|8
|tier|[Gen 8] National Dex AG
|rated|
|rule|HP Percentage Mod: HP is shown in percentages
|rule|Endless Battle Clause: Forcing endless battles is banned
|clearpoke
|poke|p1|Deoxys-Speed|
|poke|p1|Deoxys-Attack|
|poke|p1|Ho-Oh|
|poke|p1|Marshadow|
|poke|p1|Arceus-*|
|poke|p1|Giratina|
|poke|p2|Marshadow|
|poke|p2|Necrozma-Dusk-Mane|
|poke|p2|Ditto|
|poke|p2|Zygarde|
|poke|p2|Xerneas-*|
|poke|p2|Deoxys-Attack|
|teampreview
|inactive|Battle timer is ON: inactive players will automatically lose when time's up. (requested by TheImpactAssault)
|
|t:|1659129797
|start
|switch|p1a: Deoxys|Deoxys-Speed|100/100
|switch|p2a: noodle... uh dude.|Deoxys-Attack|100/100
|-ability|p1a: Deoxys|Pressure
|-ability|p2a: noodle... uh dude.|Pressure
|turn|1
|
|t:|1659129801
|move|p2a: noodle... uh dude.|Magic Coat|p2a: noodle... uh dude.
|-singleturn|p2a: noodle... uh dude.|move: Magic Coat
|move|p1a: Deoxys|Stealth Rock|p2a: noodle... uh dude.
|move|p2a: noodle... uh dude.|Stealth Rock|p1a: Deoxys|[from]Magic Coat
|-sidestart|p1: TheImpactAssault|move: Stealth Rock
|
|upkeep
|turn|2
|
|t:|1659129809
|move|p2a: noodle... uh dude.|Magic Coat|p2a: noodle... uh dude.
|-singleturn|p2a: noodle... uh dude.|move: Magic Coat
|move|p1a: Deoxys|Psycho Boost|p2a: noodle... uh dude.
|-resisted|p2a: noodle... uh dude.
|-enditem|p2a: noodle... uh dude.|Focus Sash
|-damage|p2a: noodle... uh dude.|1/100
|-unboost|p1a: Deoxys|spa|2
|
|upkeep
|turn|3
|
|t:|1659129819
|move|p1a: Deoxys|Stealth Rock|p2a: noodle... uh dude.
|-sidestart|p2: the thin mints lad|move: Stealth Rock
|move|p2a: noodle... uh dude.|Superpower|p1a: Deoxys
|-resisted|p1a: Deoxys
|-damage|p1a: Deoxys|67/100
|-unboost|p2a: noodle... uh dude.|atk|1
|-unboost|p2a: noodle... uh dude.|def|1
|
|upkeep
|turn|4
|
|t:|1659129824
|move|p1a: Deoxys|Psycho Boost|p2a: noodle... uh dude.
|-resisted|p2a: noodle... uh dude.
|-damage|p2a: noodle... uh dude.|0 fnt
|-unboost|p1a: Deoxys|spa|2
|faint|p2a: noodle... uh dude.
|
|upkeep
|
|t:|1659129828
|switch|p2a: Yoinker|Marshadow|100/100
|-damage|p2a: Yoinker|94/100|[from] Stealth Rock
|turn|5
|
|t:|1659129834
|switch|p1a: Ho-Oh|Ho-Oh|100/100
|move|p2a: Yoinker|Shadow Sneak|p1a: Ho-Oh
|-damage|p1a: Ho-Oh|62/100
|
|upkeep
|turn|6
|
|t:|1659129842
|switch|p2a: 10 literal dogs|Zygarde|100/100
|-damage|p2a: 10 literal dogs|94/100|[from] Stealth Rock
|move|p1a: Ho-Oh|Roost|p1a: Ho-Oh
|-heal|p1a: Ho-Oh|100/100
|-singleturn|p1a: Ho-Oh|move: Roost
|
|upkeep
|turn|7
|
|t:|1659129849
|move|p2a: 10 literal dogs|Glare|p1a: Ho-Oh
|-status|p1a: Ho-Oh|par
|move|p1a: Ho-Oh|Sacred Fire|p2a: 10 literal dogs
|-resisted|p2a: 10 literal dogs
|-damage|p2a: 10 literal dogs|82/100
|
|upkeep
|turn|8
|
|t:|1659129857
|move|p2a: 10 literal dogs|Coil|p2a: 10 literal dogs
|-boost|p2a: 10 literal dogs|atk|1
|-boost|p2a: 10 literal dogs|def|1
|-boost|p2a: 10 literal dogs|accuracy|1
|cant|p1a: Ho-Oh|par
|
|upkeep
|turn|9
|
|t:|1659129860
|move|p2a: 10 literal dogs|Coil|p2a: 10 literal dogs
|-boost|p2a: 10 literal dogs|atk|1
|-boost|p2a: 10 literal dogs|def|1
|-boost|p2a: 10 literal dogs|accuracy|1
|cant|p1a: Ho-Oh|par
|
|upkeep
|turn|10
|
|t:|1659129864
|move|p2a: 10 literal dogs|Thousand Arrows|p1a: Ho-Oh
|-damage|p1a: Ho-Oh|50/100 par
|-start|p1a: Ho-Oh|Smack Down
|move|p1a: Ho-Oh|Sacred Fire|p2a: 10 literal dogs
|-resisted|p2a: 10 literal dogs
|-damage|p2a: 10 literal dogs|76/100
|-status|p2a: 10 literal dogs|brn
|
|-damage|p2a: 10 literal dogs|70/100 brn|[from] brn
|upkeep
|turn|11
|
|t:|1659129870
|switch|p1a: Arceus|Arceus-Ground|100/100
|-damage|p1a: Arceus|94/100|[from] Stealth Rock
|move|p2a: 10 literal dogs|Thousand Arrows|p1a: Arceus
|-damage|p1a: Arceus|79/100
|
|-damage|p2a: 10 literal dogs|64/100 brn|[from] brn
|upkeep
|turn|12
|
|t:|1659129878
|move|p1a: Arceus|Defog|p2a: 10 literal dogs
|-unboost|p2a: 10 literal dogs|evasion|1
|-sideend|p2: the thin mints lad|Stealth Rock|[from] move: Defog|[of] p1a: Arceus
|-sideend|p1: TheImpactAssault|Stealth Rock|[from] move: Defog|[of] p1a: Arceus
|move|p2a: 10 literal dogs|Glare|p1a: Arceus
|-status|p1a: Arceus|par
|
|-damage|p2a: 10 literal dogs|58/100 brn|[from] brn
|upkeep
|turn|13
|
|t:|1659129887
|switch|p2a: my solrock evolved|Necrozma-Dusk-Mane|100/100
|move|p1a: Arceus|Judgment|p2a: my solrock evolved
|-supereffective|p2a: my solrock evolved
|-damage|p2a: my solrock evolved|22/100
|
|upkeep
|turn|14
|
|t:|1659129898
|detailschange|p2a: my solrock evolved|Necrozma-Ultra
|-burst|p2a: my solrock evolved|Necrozma|Ultranecrozium Z
|move|p2a: my solrock evolved|Sunsteel Strike|p1a: Arceus
|-damage|p1a: Arceus|59/100 par
|move|p1a: Arceus|Judgment|p2a: my solrock evolved
|-damage|p2a: my solrock evolved|0 fnt
|faint|p2a: my solrock evolved
|
|upkeep
|
|t:|1659129915
|switch|p2a: LooksLikeaYToMeNgl|Xerneas|100/100
|-ability|p2a: LooksLikeaYToMeNgl|Fairy Aura
|turn|15
|
|t:|1659129920
|move|p2a: LooksLikeaYToMeNgl|Geomancy||[still]
|-prepare|p2a: LooksLikeaYToMeNgl|Geomancy
|-enditem|p2a: LooksLikeaYToMeNgl|Power Herb
|-anim|p2a: LooksLikeaYToMeNgl|Geomancy|p2a: LooksLikeaYToMeNgl
|-boost|p2a: LooksLikeaYToMeNgl|spa|2
|-boost|p2a: LooksLikeaYToMeNgl|spd|2
|-boost|p2a: LooksLikeaYToMeNgl|spe|2
|move|p1a: Arceus|Toxic|p2a: LooksLikeaYToMeNgl
|-status|p2a: LooksLikeaYToMeNgl|tox
|
|-damage|p2a: LooksLikeaYToMeNgl|94/100 tox|[from] psn
|upkeep
|turn|16
|
|t:|1659129931
|switch|p1a: Deoxys|Deoxys-Speed|67/100
|-ability|p1a: Deoxys|Pressure
|move|p2a: LooksLikeaYToMeNgl|Moonblast|p1a: Deoxys
|-damage|p1a: Deoxys|0 fnt
|faint|p1a: Deoxys
|
|-damage|p2a: LooksLikeaYToMeNgl|82/100 tox|[from] psn
|upkeep
|
|t:|1659129935
|switch|p1a: Marshadow|Marshadow|100/100
|turn|17
|
|t:|1659129943
|-start|p2a: LooksLikeaYToMeNgl|Dynamax|
|-heal|p2a: LooksLikeaYToMeNgl|82/100 tox|[silent]
|move|p2a: LooksLikeaYToMeNgl|Max Starfall|p1a: Marshadow
|-supereffective|p1a: Marshadow
|-enditem|p1a: Marshadow|Focus Sash
|-damage|p1a: Marshadow|1/100
|-fieldstart|move: Misty Terrain
|move|p1a: Marshadow|Spectral Thief||[still]
|-clearpositiveboost|p2a: LooksLikeaYToMeNgl|p1a: Marshadow|move: Spectral Thief
|-boost|p1a: Marshadow|spa|2
|-boost|p1a: Marshadow|spd|2
|-boost|p1a: Marshadow|spe|2
|-anim|p1a: Marshadow|Spectral Thief|p2a: LooksLikeaYToMeNgl
|-damage|p2a: LooksLikeaYToMeNgl|63/100 tox
|
|-damage|p2a: LooksLikeaYToMeNgl|54/100 tox|[from] psn
|upkeep
|turn|18
|
|t:|1659129951
|move|p1a: Marshadow|Shadow Sneak|p2a: LooksLikeaYToMeNgl
|-damage|p2a: LooksLikeaYToMeNgl|41/100 tox
|move|p2a: LooksLikeaYToMeNgl|Max Starfall|p1a: Marshadow
|-supereffective|p1a: Marshadow
|-damage|p1a: Marshadow|0 fnt
|faint|p1a: Marshadow
|
|-damage|p2a: LooksLikeaYToMeNgl|29/100 tox|[from] psn
|upkeep
|
|t:|1659129960
|switch|p1a: Deoxys|Deoxys-Attack|100/100
|-ability|p1a: Deoxys|Pressure
|turn|19
|
|t:|1659129965
|move|p1a: Deoxys|Psycho Boost|p2a: LooksLikeaYToMeNgl
|-damage|p2a: LooksLikeaYToMeNgl|0 fnt
|-unboost|p1a: Deoxys|spa|2
|-enditem|p1a: Deoxys|White Herb
|-clearnegativeboost|p1a: Deoxys|[silent]
|faint|p2a: LooksLikeaYToMeNgl
|
|upkeep
|
|t:|1659129972
|switch|p2a: Yoinker|Marshadow|94/100
|turn|20
|
|t:|1659129975
|switch|p1a: Ho-Oh|Ho-Oh|84/100 par
|move|p2a: Yoinker|Shadow Sneak|p1a: Ho-Oh
|-damage|p1a: Ho-Oh|46/100 par
|
|upkeep
|turn|21
|
|t:|1659129981
|switch|p2a: 10 literal dogs|Zygarde|58/100 brn
|cant|p1a: Ho-Oh|par
|
|-damage|p2a: 10 literal dogs|51/100 brn|[from] brn
|-fieldend|Misty Terrain
|upkeep
|turn|22
|
|t:|1659129990
|move|p2a: 10 literal dogs|Coil|p2a: 10 literal dogs
|-boost|p2a: 10 literal dogs|atk|1
|-boost|p2a: 10 literal dogs|def|1
|-boost|p2a: 10 literal dogs|accuracy|1
|move|p1a: Ho-Oh|Roost|p1a: Ho-Oh
|-heal|p1a: Ho-Oh|96/100 par
|-singleturn|p1a: Ho-Oh|move: Roost
|
|-damage|p2a: 10 literal dogs|45/100 brn|[from] brn
|-activate|p2a: 10 literal dogs|ability: Power Construct
|detailschange|p2a: 10 literal dogs|Zygarde-Complete
|-heal|p2a: 10 literal dogs|64/100 brn|[silent]
|upkeep
|turn|23
|
|t:|1659129996
|switch|p1a: Arceus|Arceus-Ground|59/100 par
|move|p2a: 10 literal dogs|Coil|p2a: 10 literal dogs
|-boost|p2a: 10 literal dogs|atk|1
|-boost|p2a: 10 literal dogs|def|1
|-boost|p2a: 10 literal dogs|accuracy|1
|
|-damage|p2a: 10 literal dogs|58/100 brn|[from] brn
|upkeep
|turn|24
|
|t:|1659130005
|move|p2a: 10 literal dogs|Thousand Arrows|p1a: Arceus
|-damage|p1a: Arceus|44/100 par
|move|p1a: Arceus|Judgment|p2a: 10 literal dogs
|-damage|p2a: 10 literal dogs|27/100 brn
|
|-damage|p2a: 10 literal dogs|21/100 brn|[from] brn
|upkeep
|turn|25
|
|t:|1659130011
|move|p2a: 10 literal dogs|Rest|p2a: 10 literal dogs
|-status|p2a: 10 literal dogs|slp|[from] move: Rest
|-heal|p2a: 10 literal dogs|100/100 slp|[silent]
|move|p1a: Arceus|Judgment|p2a: 10 literal dogs
|-damage|p2a: 10 literal dogs|69/100 slp
|
|upkeep
|turn|26
|
|t:|1659130015
|switch|p1a: Deoxys|Deoxys-Attack|100/100
|-ability|p1a: Deoxys|Pressure
|cant|p2a: 10 literal dogs|slp
|
|upkeep
|turn|27
|
|t:|1659130018
|move|p1a: Deoxys|Ice Beam|p2a: 10 literal dogs
|-supereffective|p2a: 10 literal dogs
|-damage|p2a: 10 literal dogs|0 fnt
|faint|p2a: 10 literal dogs
|
|upkeep
|
|t:|1659130022
|switch|p2a: Yoinker|Marshadow|94/100
|turn|28
|
|t:|1659130028
|switch|p1a: Ho-Oh|Ho-Oh|100/100 par
|move|p2a: Yoinker|Poltergeist|p1a: Ho-Oh
|-activate|p1a: Ho-Oh|move: Poltergeist|Heavy-Duty Boots
|-damage|p1a: Ho-Oh|34/100 par
|
|upkeep
|turn|29
|
|t:|1659130033
|move|p2a: Yoinker|Poltergeist|p1a: Ho-Oh
|-activate|p1a: Ho-Oh|move: Poltergeist|Heavy-Duty Boots
|-damage|p1a: Ho-Oh|0 fnt
|faint|p1a: Ho-Oh
|
|upkeep
|
|t:|1659130040
|switch|p1a: Giratina|Giratina|100/100
|-ability|p1a: Giratina|Pressure
|turn|30
|
|t:|1659130043
|-start|p1a: Giratina|Dynamax|
|-heal|p1a: Giratina|100/100|[silent]
|move|p2a: Yoinker|Poltergeist|p1a: Giratina
|-activate|p1a: Giratina|move: Poltergeist|Weakness Policy
|-supereffective|p1a: Giratina
|-damage|p1a: Giratina|48/100
|-enditem|p1a: Giratina|Weakness Policy
|-boost|p1a: Giratina|atk|2|[from] item: Weakness Policy
|-boost|p1a: Giratina|spa|2|[from] item: Weakness Policy
|move|p1a: Giratina|Max Airstream|p2a: Yoinker
|-supereffective|p2a: Yoinker
|-damage|p2a: Yoinker|0 fnt
|-boost|p1a: Giratina|spe|1
|faint|p2a: Yoinker
|
|upkeep
|
|t:|1659130047
|switch|p2a: The better Yoinker|Ditto|100/100
|-transform|p2a: The better Yoinker|p1a: Giratina|[from] ability: Imposter
|-ability|p2a: The better Yoinker|Pressure
|turn|31
|
|t:|1659130070
|move|p2a: The better Yoinker|Dragon Claw|p1a: Giratina
|-supereffective|p1a: Giratina
|-damage|p1a: Giratina|5/100
|move|p1a: Giratina|Max Phantasm|p2a: The better Yoinker
|-supereffective|p2a: The better Yoinker
|-damage|p2a: The better Yoinker|0 fnt
|faint|p2a: The better Yoinker
|
|win|TheImpactAssault
|raw|TheImpactAssault's rating: 1513 &rarr; <strong>1539</strong><br />(+26 for winning)
|raw|the thin mints lad's rating: 1623 &rarr; <strong>1597</strong><br />(-26 for losing)
|l|☆the thin mints lad
