|j|☆rock thunder bird
|j|☆YLong
|t:|1669343743
|gametype|singles
|player|p1|rock thunder bird|giovanni-masters|
|player|p2|YLong|byron|
|teamsize|p1|6
|teamsize|p2|6
|gen|8
|tier|[Gen 8] National Dex AG
|rule|HP Percentage Mod: HP is shown in percentages
|rule|Endless Battle Clause: Forcing endless battles is banned
|clearpoke
|poke|p1|Garchomp, M|
|poke|p1|Latios, M|
|poke|p1|Salamence, M|
|poke|p1|Kyurem|
|poke|p1|Tyranitar, M|
|poke|p1|Aegislash, M|
|poke|p2|Altaria, M|
|poke|p2|Latios, M|
|poke|p2|Latias, F|
|poke|p2|Ribombee, F|
|poke|p2|Victini|
|poke|p2|Naganadel|
|teampreview
|
|t:|1669343779
|start
|switch|p1a: 无限の守护神|Latios, M|100/100
|switch|p2a: Ribombee|Ribombee, F|100/100
|turn|1
|j| 123SQZ
|c| 123SQZ|可是....
|c| 123SQZ|没有地面啊....
|c|☆YLong|《地面》
|
|t:|1669343832
|switch|p1a: 旷野の山岩|Tyranitar, M, shiny|100/100
|-weather|Sandstorm|[from] ability: Sand Stream|[of] p1a: 旷野の山岩
|move|p2a: Ribombee|Substitute|p2a: Ribombee
|-start|p2a: Ribombee|Substitute
|-damage|p2a: Ribombee|76/100
|
|-weather|Sandstorm|[upkeep]
|-damage|p2a: Ribombee|70/100|[from] Sandstorm
|upkeep
|turn|2
|c| 123SQZ|只有岩石和刚
|c|☆rock thunder bird|马上就知道了
|c|☆rock thunder bird|都很有特点的
|c| 123SQZ|emmmm
|c|☆rock thunder bird|其他的不重要
|
|t:|1669343868
|move|p2a: Ribombee|Moonblast|p1a: 旷野の山岩
|-supereffective|p1a: 旷野の山岩
|-damage|p1a: 旷野の山岩|65/100
|move|p1a: 旷野の山岩|Stealth Rock|p2a: Ribombee
|-sidestart|p2: YLong|move: Stealth Rock
|
|-weather|Sandstorm|[upkeep]
|-damage|p2a: Ribombee|63/100|[from] Sandstorm
|-heal|p1a: 旷野の山岩|71/100|[from] item: Leftovers
|upkeep
|turn|3
|
|t:|1669343878
|move|p2a: Ribombee|Quiver Dance|p2a: Ribombee
|-boost|p2a: Ribombee|spa|1
|-boost|p2a: Ribombee|spd|1
|-boost|p2a: Ribombee|spe|1
|move|p1a: 旷野の山岩|Rock Tomb|p2a: Ribombee
|-supereffective|p2a: Ribombee
|-end|p2a: Ribombee|Substitute
|
|-weather|Sandstorm|[upkeep]
|-damage|p2a: Ribombee|57/100|[from] Sandstorm
|-heal|p1a: 旷野の山岩|77/100|[from] item: Leftovers
|upkeep
|turn|4
|
|t:|1669343883
|move|p2a: Ribombee|Moonblast|p1a: 旷野の山岩
|-supereffective|p1a: 旷野の山岩
|-damage|p1a: 旷野の山岩|28/100
|-unboost|p1a: 旷野の山岩|spa|1
|move|p1a: 旷野の山岩|Rock Tomb|p2a: Ribombee
|-supereffective|p2a: Ribombee
|-damage|p2a: Ribombee|0 fnt
|faint|p2a: Ribombee
|
|-weather|Sandstorm|[upkeep]
|-heal|p1a: 旷野の山岩|34/100|[from] item: Leftovers
|upkeep
|c|☆rock thunder bird|6的
|
|t:|1669343911
|switch|p2a: Altaria|Altaria, M|100/100
|-damage|p2a: Altaria|75/100|[from] Stealth Rock
|-ability|p2a: Altaria|Cloud Nine
|turn|5
|
|t:|1669343918
|detailschange|p2a: Altaria|Altaria-Mega, M
|-mega|p2a: Altaria|Altaria|Altarianite
|move|p2a: Altaria|Agility|p2a: Altaria
|-boost|p2a: Altaria|spe|2
|move|p1a: 旷野の山岩|Rock Tomb|p2a: Altaria
|-damage|p2a: Altaria|46/100
|-unboost|p2a: Altaria|spe|1
|
|-weather|none
|-heal|p1a: 旷野の山岩|41/100|[from] item: Leftovers
|upkeep
|turn|6
|
|t:|1669343929
|move|p2a: Altaria|Moonblast|p1a: 旷野の山岩
|-supereffective|p1a: 旷野の山岩
|-damage|p1a: 旷野の山岩|0 fnt
|faint|p1a: 旷野の山岩
|
|upkeep
|c| 123SQZ|？
|
|t:|1669343934
|switch|p1a: 无限の守护神|Latios, M|100/100
|turn|7
|c| 123SQZ|玩特工了
|
|t:|1669343943
|move|p1a: 无限の守护神|Draco Meteor|p2a: Altaria
|-immune|p2a: Altaria
|move|p2a: Altaria|Moonblast|p1a: 无限の守护神
|-supereffective|p1a: 无限の守护神
|-damage|p1a: 无限の守护神|34/100
|
|upkeep
|turn|8
|c|☆YLong|？
|c|☆rock thunder bird|c
|c|☆rock thunder bird|没读到
|
|t:|1669343955
|switch|p1a: 坚毅の圣盾|Aegislash, M|100/100
|move|p2a: Altaria|Agility|p2a: Altaria
|-boost|p2a: Altaria|spe|2
|
|upkeep
|turn|9
|c| 123SQZ|你这放水太严重了...
|c|☆rock thunder bird|你正常不应该上v
|c|☆rock thunder bird|吗
|
|t:|1669343965
|move|p1a: 坚毅の圣盾|King's Shield|p1a: 坚毅の圣盾
|-singleturn|p1a: 坚毅の圣盾|Protect
|move|p2a: Altaria|Flamethrower|p1a: 坚毅の圣盾
|-activate|p1a: 坚毅の圣盾|move: Protect
|
|upkeep
|turn|10
|c|☆YLong|6
|
|t:|1669343974
|move|p2a: Altaria|Flamethrower|p1a: 坚毅の圣盾
|-supereffective|p1a: 坚毅の圣盾
|-damage|p1a: 坚毅の圣盾|67/100
|move|p1a: 坚毅の圣盾|Swords Dance|p1a: 坚毅の圣盾
|-boost|p1a: 坚毅の圣盾|atk|2
|
|-heal|p1a: 坚毅の圣盾|73/100|[from] item: Leftovers
|upkeep
|turn|11
|
|t:|1669343981
|move|p2a: Altaria|Flamethrower|p1a: 坚毅の圣盾
|-supereffective|p1a: 坚毅の圣盾
|-damage|p1a: 坚毅の圣盾|41/100
|move|p1a: 坚毅の圣盾|Swords Dance|p1a: 坚毅の圣盾
|-boost|p1a: 坚毅の圣盾|atk|2
|
|-heal|p1a: 坚毅の圣盾|47/100|[from] item: Leftovers
|upkeep
|turn|12
|c| 123SQZ|v没辙耐久
|
|t:|1669343986
|move|p1a: 坚毅の圣盾|King's Shield|p1a: 坚毅の圣盾
|-singleturn|p1a: 坚毅の圣盾|Protect
|move|p2a: Altaria|Flamethrower|p1a: 坚毅の圣盾
|-activate|p1a: 坚毅の圣盾|move: Protect
|
|-heal|p1a: 坚毅の圣盾|54/100|[from] item: Leftovers
|upkeep
|turn|13
|c| 123SQZ|想啥呢
|
|t:|1669343994
|move|p2a: Altaria|Flamethrower|p1a: 坚毅の圣盾
|-supereffective|p1a: 坚毅の圣盾
|-damage|p1a: 坚毅の圣盾|20/100
|-formechange|p1a: 坚毅の圣盾|Aegislash-Blade||[from] ability: Stance Change
|move|p1a: 坚毅の圣盾|Close Combat|p2a: Altaria
|-resisted|p2a: Altaria
|-damage|p2a: Altaria|0 fnt
|-unboost|p1a: 坚毅の圣盾|def|1
|-unboost|p1a: 坚毅の圣盾|spd|1
|faint|p2a: Altaria
|
|-heal|p1a: 坚毅の圣盾|26/100|[from] item: Leftovers
|upkeep
|c|☆rock thunder bird|6的
|c| 123SQZ|玩过v都不会说这话
|c|☆rock thunder bird|开始推队
|
|t:|1669344009
|switch|p2a: Latios|Latios, M|100/100
|-damage|p2a: Latios|88/100|[from] Stealth Rock
|turn|14
|c|☆rock thunder bird|不是
|c|☆rock thunder bird|正常上v挡冰光
|
|t:|1669344023
|-formechange|p1a: 坚毅の圣盾|Aegislash||[from] ability: Stance Change
|move|p1a: 坚毅の圣盾|King's Shield|p1a: 坚毅の圣盾
|-singleturn|p1a: 坚毅の圣盾|Protect
|move|p2a: Latios|Mystical Fire|p1a: 坚毅の圣盾
|-activate|p1a: 坚毅の圣盾|move: Protect
|
|-heal|p1a: 坚毅の圣盾|33/100|[from] item: Leftovers
|upkeep
|turn|15
|
|t:|1669344031
|-formechange|p1a: 坚毅の圣盾|Aegislash-Blade||[from] ability: Stance Change
|move|p1a: 坚毅の圣盾|Shadow Sneak|p2a: Latios
|-supereffective|p2a: Latios
|-damage|p2a: Latios|0 fnt
|faint|p2a: Latios
|
|-heal|p1a: 坚毅の圣盾|39/100|[from] item: Leftovers
|upkeep
|
|t:|1669344038
|switch|p2a: Naganadel|Naganadel|100/100
|-damage|p2a: Naganadel|88/100|[from] Stealth Rock
|turn|16
|c| 123SQZ|谁知道你会不会掏出
|
|t:|1669344047
|-start|p2a: Naganadel|Dynamax|
|-heal|p2a: Naganadel|88/100|[silent]
|-formechange|p1a: 坚毅の圣盾|Aegislash||[from] ability: Stance Change
|move|p1a: 坚毅の圣盾|King's Shield|p1a: 坚毅の圣盾
|-singleturn|p1a: 坚毅の圣盾|Protect
|move|p2a: Naganadel|Max Flare|p1a: 坚毅の圣盾
|-supereffective|p1a: 坚毅の圣盾
|-zbroken|p1a: 坚毅の圣盾
|-damage|p1a: 坚毅の圣盾|8/100
|-weather|SunnyDay
|
|-weather|SunnyDay|[upkeep]
|-heal|p1a: 坚毅の圣盾|14/100|[from] item: Leftovers
|upkeep
|turn|17
|c|☆rock thunder bird|也是
|c| 123SQZ|精神强念
|
|t:|1669344056
|-formechange|p1a: 坚毅の圣盾|Aegislash-Blade||[from] ability: Stance Change
|move|p1a: 坚毅の圣盾|Shadow Sneak|p2a: Naganadel
|-damage|p2a: Naganadel|34/100
|move|p2a: Naganadel|Max Airstream|p1a: 坚毅の圣盾
|-resisted|p1a: 坚毅の圣盾
|-damage|p1a: 坚毅の圣盾|0 fnt
|-boost|p2a: Naganadel|spe|1
|faint|p1a: 坚毅の圣盾
|-ability|p2a: Naganadel|Beast Boost|boost
|-boost|p2a: Naganadel|spa|1
|
|-weather|SunnyDay|[upkeep]
|upkeep
|c| 123SQZ|种类的
|
|t:|1669344070
|switch|p1a: 咆哮の寒冰|Kyurem|100/100
|-ability|p1a: 咆哮の寒冰|Pressure
|turn|18
|
|t:|1669344076
|-start|p1a: 咆哮の寒冰|Dynamax|
|-heal|p1a: 咆哮の寒冰|100/100|[silent]
|move|p1a: 咆哮の寒冰|Max Guard|p1a: 咆哮の寒冰
|-singleturn|p1a: 咆哮の寒冰|Max Guard
|move|p2a: Naganadel|Max Wyrmwind|p1a: 咆哮の寒冰
|-activate|p1a: 咆哮の寒冰|move: Max Guard
|
|-weather|SunnyDay|[upkeep]
|upkeep
|-end|p2a: Naganadel|Dynamax
|-heal|p2a: Naganadel|34/100|[silent]
|turn|19
|
|t:|1669344090
|move|p2a: Naganadel|Dragon Pulse|p1a: 咆哮の寒冰
|-supereffective|p1a: 咆哮の寒冰
|-damage|p1a: 咆哮の寒冰|10/100
|move|p1a: 咆哮の寒冰|Max Hailstorm|p2a: Naganadel
|-supereffective|p2a: Naganadel
|-damage|p2a: Naganadel|0 fnt
|-weather|Hail
|faint|p2a: Naganadel
|
|-weather|Hail|[upkeep]
|-heal|p1a: 咆哮の寒冰|13/100|[from] item: Leftovers
|upkeep
|
|t:|1669344094
|switch|p2a: Victini|Victini|100/100
|-damage|p2a: Victini|75/100|[from] Stealth Rock
|turn|20
|
|t:|1669344097
|-zpower|p2a: Victini
|move|p2a: Victini|Z-Celebrate|p2a: Victini|[anim]Celebrate
|-boost|p2a: Victini|atk|1|[zeffect]
|-boost|p2a: Victini|def|1|[zeffect]
|-boost|p2a: Victini|spa|1|[zeffect]
|-boost|p2a: Victini|spd|1|[zeffect]
|-boost|p2a: Victini|spe|1|[zeffect]
|-activate|p2a: Victini|move: Celebrate
|move|p1a: 咆哮の寒冰|Max Quake|p2a: Victini
|-supereffective|p2a: Victini
|-damage|p2a: Victini|16/100
|-boost|p1a: 咆哮の寒冰|spd|1
|
|-weather|Hail|[upkeep]
|-damage|p2a: Victini|9/100|[from] Hail
|-heal|p1a: 咆哮の寒冰|16/100|[from] item: Leftovers
|upkeep
|-end|p1a: 咆哮の寒冰|Dynamax
|-heal|p1a: 咆哮の寒冰|16/100|[silent]
|turn|21
|
|t:|1669344100
|move|p2a: Victini|Dazzling Gleam|p1a: 咆哮の寒冰
|-supereffective|p1a: 咆哮の寒冰
|-crit|p1a: 咆哮の寒冰
|-damage|p1a: 咆哮の寒冰|0 fnt
|faint|p1a: 咆哮の寒冰
|
|-weather|Hail|[upkeep]
|-damage|p2a: Victini|3/100|[from] Hail
|upkeep
|
|t:|1669344107
|switch|p1a: 狂沙の巨龙|Garchomp, M|100/100
|turn|22
|c| 123SQZ|为什么
|c|☆rock thunder bird|地面强化的重点
|c| 123SQZ|没带流星群
|c|☆rock thunder bird|给你看看
|c|☆rock thunder bird|然后放水
|
|t:|1669344130
|move|p2a: Victini|Dazzling Gleam|p1a: 狂沙の巨龙
|-supereffective|p1a: 狂沙の巨龙
|-damage|p1a: 狂沙の巨龙|50/100
|-zpower|p1a: 狂沙の巨龙
|move|p1a: 狂沙の巨龙|Tectonic Rage|p2a: Victini|[zeffect]
|-supereffective|p2a: Victini
|-damage|p2a: Victini|0 fnt
|faint|p2a: Victini
|
|-weather|Hail|[upkeep]
|-damage|p1a: 狂沙の巨龙|44/100|[from] Hail
|upkeep
|
|t:|1669344139
|switch|p2a: Latias|Latias, F|100/100
|-damage|p2a: Latias|88/100|[from] Stealth Rock
|turn|23
|c|☆rock thunder bird|z打残血
|c|☆rock thunder bird|讲究
|
|t:|1669344146
|move|p1a: 狂沙の巨龙|Scale Shot|p2a: Latias|[miss]
|-miss|p1a: 狂沙の巨龙|p2a: Latias
|move|p2a: Latias|Agility|p2a: Latias
|-boost|p2a: Latias|spe|2
|
|-weather|none
|-heal|p2a: Latias|94/100|[from] item: Leftovers
|upkeep
|turn|24
|
|t:|1669344150
|move|p2a: Latias|Dragon Pulse|p1a: 狂沙の巨龙
|-supereffective|p1a: 狂沙の巨龙
|-damage|p1a: 狂沙の巨龙|0 fnt
|faint|p1a: 狂沙の巨龙
|
|-heal|p2a: Latias|99/100|[from] item: Leftovers
|upkeep
|c| 123SQZ|恶魔妈妈
|
|t:|1669344155
|switch|p1a: 无限の守护神|Latios, M|34/100
|turn|25
|c| 123SQZ|emmmmm
|
|t:|1669344160
|move|p2a: Latias|Dragon Pulse|p1a: 无限の守护神
|-supereffective|p1a: 无限の守护神
|-damage|p1a: 无限の守护神|0 fnt
|faint|p1a: 无限の守护神
|
|-heal|p2a: Latias|100/100|[from] item: Leftovers
|upkeep
|
|t:|1669344163
|switch|p1a: 天翔の梦|Salamence, M|100/100
|-ability|p1a: 天翔の梦|Intimidate|boost
|-unboost|p2a: Latias|atk|1
|turn|26
|
|t:|1669344172
|detailschange|p1a: 天翔の梦|Salamence-Mega, M
|-mega|p1a: 天翔の梦|Salamence|Salamencite
|move|p2a: Latias|Ice Beam|p1a: 天翔の梦
|-supereffective|p1a: 天翔の梦
|-damage|p1a: 天翔の梦|0 fnt
|faint|p1a: 天翔の梦
|
|win|YLong
|c|☆rock thunder bird|看到没
|c| 123SQZ|哈哈哈
|c|☆YLong|寄
|c|☆rock thunder bird|开摆就是这样
|c|☆rock thunder bird|无所谓
|c| 123SQZ|屁
|c| 123SQZ|明明是
|c| 123SQZ|空了
|l| 123SQZ
