|j|☆TheGhostRonin
|j|☆zamazamaZentest
|t:|1667146414
|gametype|singles
|player|p1|TheGhostRonin|ash|1529
|player|p2|zamazamaZentest|102|1602
|teamsize|p1|6
|teamsize|p2|6
|gen|8
|tier|[Gen 8] National Dex AG
|rated|
|rule|HP Percentage Mod: HP is shown in percentages
|rule|Endless Battle Clause: Forcing endless battles is banned
|clearpoke
|poke|p1|Rayquaza|
|poke|p1|Zacian-*|
|poke|p1|Xerneas-*|
|poke|p1|Darkrai|
|poke|p1|Ditto|
|poke|p1|Marshadow|
|poke|p2|Necrozma-Dusk-Mane|
|poke|p2|Ho-Oh|
|poke|p2|Zygarde|
|poke|p2|Tyranitar, F|
|poke|p2|Zamazenta-*|
|poke|p2|Ferrothorn, M|
|teampreview
|inactive|Battle timer is ON: inactive players will automatically lose when time's up. (requested by TheGhostRonin)
|
|t:|1667146439
|start
|switch|p1a: Nightmare|Darkrai|100/100
|switch|p2a: Necrozma|Necrozma-Dusk-Mane|100/100
|turn|1
|
|t:|1667146448
|switch|p2a: Tyranitar|Tyranitar, F|100/100
|-weather|Sandstorm|[from] ability: Sand Stream|[of] p2a: Tyranitar
|move|p1a: Nightmare|Hypnosis|p2a: Tyranitar|[miss]
|-miss|p1a: Nightmare|p2a: Tyranitar
|
|-weather|Sandstorm|[upkeep]
|-damage|p1a: Nightmare|94/100|[from] Sandstorm
|upkeep
|turn|2
|
|t:|1667146454
|detailschange|p2a: Tyranitar|Tyranitar-Mega, F
|-mega|p2a: Tyranitar|Tyranitar|Tyranitarite
|move|p1a: Nightmare|Nasty Plot|p1a: Nightmare
|-boost|p1a: Nightmare|spa|2
|move|p2a: Tyranitar|Rock Tomb|p1a: Nightmare
|-damage|p1a: Nightmare|53/100
|-unboost|p1a: Nightmare|spe|1
|
|-weather|Sandstorm|[upkeep]
|-damage|p1a: Nightmare|47/100|[from] Sandstorm
|upkeep
|turn|3
|
|t:|1667146463
|move|p1a: Nightmare|Dark Pulse|p2a: Tyranitar
|-resisted|p2a: Tyranitar
|-damage|p2a: Tyranitar|79/100
|-damage|p1a: Nightmare|37/100|[from] item: Life Orb
|move|p2a: Tyranitar|Thunder Wave|p1a: Nightmare
|-status|p1a: Nightmare|par
|
|-weather|Sandstorm|[upkeep]
|-damage|p1a: Nightmare|31/100 par|[from] Sandstorm
|upkeep
|turn|4
|
|t:|1667146472
|move|p2a: Tyranitar|Rock Tomb|p1a: Nightmare
|-damage|p1a: Nightmare|0 fnt
|faint|p1a: Nightmare
|
|-weather|Sandstorm|[upkeep]
|upkeep
|
|t:|1667146477
|switch|p1a: Mimic|Ditto, shiny|100/100
|-transform|p1a: Mimic|p2a: Tyranitar|[from] ability: Imposter
|turn|5
|
|t:|1667146480
|move|p1a: Mimic|Thunder Wave|p2a: Tyranitar
|-status|p2a: Tyranitar|par
|move|p2a: Tyranitar|Thunder Wave|p1a: Mimic
|-status|p1a: Mimic|par
|
|-weather|none
|upkeep
|turn|6
|
|t:|1667146486
|switch|p1a: Marshadow|Marshadow|100/100
|move|p2a: Tyranitar|Thunder Wave|p1a: Marshadow
|-status|p1a: Marshadow|par
|
|upkeep
|turn|7
|
|t:|1667146493
|switch|p2a: Zygarde|Zygarde|100/100
|move|p1a: Marshadow|Bulk Up|p1a: Marshadow
|-boost|p1a: Marshadow|atk|1
|-boost|p1a: Marshadow|def|1
|
|upkeep
|turn|8
|
|t:|1667146500
|move|p2a: Zygarde|Haze|p2a: Zygarde
|-clearallboost
|cant|p1a: Marshadow|par
|
|upkeep
|turn|9
|
|t:|1667146504
|move|p2a: Zygarde|Thousand Arrows|p1a: Marshadow
|-damage|p1a: Marshadow|57/100 par
|cant|p1a: Marshadow|par
|
|upkeep
|turn|10
|
|t:|1667146510
|move|p2a: Zygarde|Thousand Arrows|p1a: Marshadow
|-damage|p1a: Marshadow|15/100 par
|move|p1a: Marshadow|Bulk Up|p1a: Marshadow
|-boost|p1a: Marshadow|atk|1
|-boost|p1a: Marshadow|def|1
|
|upkeep
|turn|11
|
|t:|1667146517
|move|p1a: Marshadow|Shadow Sneak|p2a: Zygarde
|-damage|p2a: Zygarde|77/100
|move|p2a: Zygarde|Thousand Arrows|p1a: Marshadow
|-damage|p1a: Marshadow|0 fnt
|faint|p1a: Marshadow
|
|-heal|p2a: Zygarde|84/100|[from] item: Leftovers
|upkeep
|
|t:|1667146522
|switch|p1a: Tree of Life|Xerneas|100/100
|-ability|p1a: Tree of Life|Fairy Aura
|turn|12
|
|t:|1667146530
|move|p1a: Tree of Life|Geomancy||[still]
|-prepare|p1a: Tree of Life|Geomancy
|-enditem|p1a: Tree of Life|Power Herb
|-anim|p1a: Tree of Life|Geomancy|p1a: Tree of Life
|-boost|p1a: Tree of Life|spa|2
|-boost|p1a: Tree of Life|spd|2
|-boost|p1a: Tree of Life|spe|2
|move|p2a: Zygarde|Haze|p2a: Zygarde
|-clearallboost
|
|-heal|p2a: Zygarde|90/100|[from] item: Leftovers
|upkeep
|turn|13
|
|t:|1667146542
|switch|p2a: Necrozma|Necrozma-Dusk-Mane|100/100
|move|p1a: Tree of Life|Moonblast|p2a: Necrozma
|-resisted|p2a: Necrozma
|-damage|p2a: Necrozma|73/100
|
|upkeep
|turn|14
|
|t:|1667146547
|move|p1a: Tree of Life|Hidden Power|p2a: Necrozma
|-supereffective|p2a: Necrozma
|-damage|p2a: Necrozma|49/100
|move|p2a: Necrozma|Thunder Wave|p1a: Tree of Life
|-status|p1a: Tree of Life|par
|
|upkeep
|turn|15
|
|t:|1667146553
|move|p2a: Necrozma|Moonlight|p2a: Necrozma
|-heal|p2a: Necrozma|99/100
|move|p1a: Tree of Life|Geomancy||[still]
|-prepare|p1a: Tree of Life|Geomancy
|
|upkeep
|turn|16
|
|t:|1667146559
|move|p2a: Necrozma|Iron Head|p1a: Tree of Life
|-supereffective|p1a: Tree of Life
|-damage|p1a: Tree of Life|25/100 par
|cant|p1a: Tree of Life|flinch
|
|upkeep
|turn|17
|
|t:|1667146567
|move|p2a: Necrozma|Stealth Rock|p1a: Tree of Life
|-sidestart|p1: TheGhostRonin|move: Stealth Rock
|cant|p1a: Tree of Life|par
|
|upkeep
|turn|18
|
|t:|1667146571
|move|p2a: Necrozma|Iron Head|p1a: Tree of Life
|-supereffective|p1a: Tree of Life
|-damage|p1a: Tree of Life|0 fnt
|faint|p1a: Tree of Life
|
|upkeep
|
|t:|1667146575
|switch|p1a: Mimic|Ditto, shiny|100/100 par
|-damage|p1a: Mimic|88/100 par|[from] Stealth Rock
|-transform|p1a: Mimic|p2a: Necrozma|[from] ability: Imposter
|turn|19
|
|t:|1667146586
|switch|p2a: Zygarde|Zygarde|90/100
|move|p1a: Mimic|Iron Head|p2a: Zygarde
|-damage|p2a: Zygarde|67/100
|
|-heal|p2a: Zygarde|73/100|[from] item: Leftovers
|upkeep
|turn|20
|
|t:|1667146597
|switch|p2a: Zamazenta|Zamazenta-Crowned|100/100
|-ability|p2a: Zamazenta|Dauntless Shield|boost
|-boost|p2a: Zamazenta|def|1
|-start|p1a: Mimic|Dynamax|
|-heal|p1a: Mimic|88/100 par|[silent]
|move|p1a: Mimic|Max Steelspike|p2a: Zamazenta
|-resisted|p2a: Zamazenta
|-damage|p2a: Zamazenta|87/100
|-boost|p1a: Mimic|def|1
|
|upkeep
|turn|21
|
|t:|1667146606
|move|p2a: Zamazenta|Howl|p2a: Zamazenta
|-boost|p2a: Zamazenta|atk|1
|cant|p1a: Mimic|par
|
|upkeep
|turn|22
|
|t:|1667146610
|cant|p1a: Mimic|par
|move|p2a: Zamazenta|Howl|p2a: Zamazenta
|-boost|p2a: Zamazenta|atk|1
|
|upkeep
|-end|p1a: Mimic|Dynamax
|-heal|p1a: Mimic|88/100 par|[silent]
|turn|23
|
|t:|1667146614
|move|p2a: Zamazenta|Howl|p2a: Zamazenta
|-boost|p2a: Zamazenta|atk|1
|move|p1a: Mimic|Iron Head|p2a: Zamazenta
|-resisted|p2a: Zamazenta
|-damage|p2a: Zamazenta|78/100
|
|upkeep
|turn|24
|
|t:|1667146625
|switch|p1a: Blood Hound|Zacian-Crowned|100/100
|-damage|p1a: Blood Hound|94/100|[from] Stealth Rock
|-ability|p1a: Blood Hound|Intrepid Sword|boost
|-boost|p1a: Blood Hound|atk|1
|move|p2a: Zamazenta|Behemoth Bash|p1a: Blood Hound
|-damage|p1a: Blood Hound|0 fnt
|faint|p1a: Blood Hound
|
|upkeep
|
|t:|1667146629
|switch|p1a: Rayquaza|Rayquaza|100/100
|-damage|p1a: Rayquaza|76/100|[from] Stealth Rock
|-ability|p1a: Rayquaza|Air Lock
|turn|25
|
|t:|1667146637
|detailschange|p1a: Rayquaza|Rayquaza-Mega
|-mega|p1a: Rayquaza|Rayquaza|
|-weather|DeltaStream|[from] ability: Delta Stream|[of] p1a: Rayquaza
|move|p1a: Rayquaza|Earthquake|p2a: Zamazenta
|-supereffective|p2a: Zamazenta
|-damage|p2a: Zamazenta|24/100
|-damage|p1a: Rayquaza|66/100|[from] item: Life Orb
|move|p2a: Zamazenta|Behemoth Bash|p1a: Rayquaza
|-damage|p1a: Rayquaza|0 fnt
|faint|p1a: Rayquaza
|-weather|none
|
|upkeep
|
|t:|1667146653
|switch|p1a: Mimic|Ditto, shiny|88/100 par
|-damage|p1a: Mimic|76/100 par|[from] Stealth Rock
|-transform|p1a: Mimic|p2a: Zamazenta|[from] ability: Imposter
|-ability|p1a: Mimic|Dauntless Shield|boost
|-boost|p1a: Mimic|def|1
|turn|26
|
|t:|1667146656
|move|p2a: Zamazenta|Close Combat|p1a: Mimic
|-supereffective|p1a: Mimic
|-damage|p1a: Mimic|0 fnt
|-unboost|p2a: Zamazenta|def|1
|-unboost|p2a: Zamazenta|spd|1
|faint|p1a: Mimic
|
|win|zamazamaZentest
|raw|TheGhostRonin's rating: 1529 &rarr; <strong>1513</strong><br />(-16 for losing)
|raw|zamazamaZentest's rating: 1602 &rarr; <strong>1618</strong><br />(+16 for winning)
|l|☆TheGhostRonin
||Ladder isn't responding, score probably updated but might not have (Request timeout).
