|j|☆700club
|j|☆Ussolando
|t:|1656896611
|gametype|singles
|player|p1|700club|shadowtriad|1460
|player|p2|Ussolando|karen|1464
|teamsize|p1|6
|teamsize|p2|6
|gen|8
|tier|[Gen 8] National Dex AG
|rated|
|rule|HP Percentage Mod: HP is shown in percentages
|rule|Endless Battle Clause: Forcing endless battles is banned
|clearpoke
|poke|p1|Dugtrio, F|
|poke|p1|Blissey, F|
|poke|p1|Blastoise, M|
|poke|p1|Yveltal|
|poke|p1|Necrozma-Dusk-Mane|
|poke|p1|Zacian-*|
|poke|p2|Kyogre|
|poke|p2|Galvantula, M|
|poke|p2|Greninja, M|
|poke|p2|Arceus-*|
|poke|p2|Diancie|
|poke|p2|Lugia|
|teampreview
|c|☆700club|hi
|c|☆Ussolando|hi
|
|t:|1656896628
|start
|switch|p1a: Dugtrio|Dugtrio, F|100/100
|switch|p2a: Diancie|Diancie|100/100
|turn|1
|
|t:|1656896639
|detailschange|p2a: Diancie|Diancie-Mega
|-mega|p2a: Diancie|Diancie|Diancite
|move|p1a: Dugtrio|Earthquake|p2a: Diancie
|-supereffective|p2a: Diancie
|-damage|p2a: Diancie|16/100
|move|p2a: Diancie|Diamond Storm|p1a: Dugtrio
|-resisted|p1a: Dugtrio
|-damage|p1a: Dugtrio|26/100
|-boost|p2a: Diancie|def|2
|
|upkeep
|turn|2
|
|t:|1656896670
|switch|p1a: Blissey|Blissey, F|100/100
|move|p2a: Diancie|Baton Pass|p2a: Diancie
|
|t:|1656896690
|switch|p2a: Arceus|Arceus-Fairy, shiny|100/100|[from]move: Baton Pass
|
|upkeep
|turn|3
|
|t:|1656896702
|-start|p2a: Arceus|Dynamax|
|-heal|p2a: Arceus|100/100|[silent]
|move|p2a: Arceus|Max Starfall|p1a: Blissey
|-damage|p1a: Blissey|74/100
|-fieldstart|move: Misty Terrain
|move|p1a: Blissey|Toxic|p2a: Arceus
|-activate|p2a: Arceus|move: Misty Terrain
|
|upkeep
|turn|4
|
|t:|1656896719
|move|p2a: Arceus|Max Starfall|p1a: Blissey
|-damage|p1a: Blissey|44/100
|move|p1a: Blissey|Soft-Boiled|p1a: Blissey
|-heal|p1a: Blissey|94/100
|
|upkeep
|turn|5
|
|t:|1656896747
|move|p2a: Arceus|Max Starfall|p1a: Blissey
|-damage|p1a: Blissey|67/100
|move|p1a: Blissey|Teleport|p1a: Blissey
|
|t:|1656896755
|switch|p1a: Blastoise|Blastoise, M|100/100|[from]move: Teleport
|
|upkeep
|-end|p2a: Arceus|Dynamax
|-heal|p2a: Arceus|100/100|[silent]
|turn|6
|inactive|Battle timer is ON: inactive players will automatically lose when time's up. (requested by Ussolando)
|
|t:|1656896773
|detailschange|p1a: Blastoise|Blastoise-Mega, M
|-mega|p1a: Blastoise|Blastoise|Blastoisinite
|move|p2a: Arceus|Calm Mind|p2a: Arceus
|-boost|p2a: Arceus|spa|1
|-boost|p2a: Arceus|spd|1
|move|p1a: Blastoise|Water Pulse|p2a: Arceus
|-damage|p2a: Arceus|75/100
|
|upkeep
|turn|7
|
|t:|1656896780
|switch|p1a: Zacian|Zacian-Crowned|100/100
|-ability|p1a: Zacian|Intrepid Sword|boost
|-boost|p1a: Zacian|atk|1
|move|p2a: Arceus|Judgment|p1a: Zacian
|-resisted|p1a: Zacian
|-damage|p1a: Zacian|62/100
|
|-fieldend|Misty Terrain
|upkeep
|turn|8
|
|t:|1656896791
|move|p1a: Zacian|Substitute|p1a: Zacian
|-start|p1a: Zacian|Substitute
|-damage|p1a: Zacian|37/100
|move|p2a: Arceus|Thunder Wave||[still]
|-fail|p2a: Arceus
|
|upkeep
|turn|9
|
|t:|1656896798
|move|p1a: Zacian|Behemoth Blade|p2a: Arceus
|-supereffective|p2a: Arceus
|-damage|p2a: Arceus|7/100
|move|p2a: Arceus|Judgment|p1a: Zacian
|-resisted|p1a: Zacian
|-end|p1a: Zacian|Substitute
|
|upkeep
|turn|10
|
|t:|1656896805
|switch|p2a: Diancie|Diancie-Mega|16/100
|move|p1a: Zacian|Substitute|p1a: Zacian
|-start|p1a: Zacian|Substitute
|-damage|p1a: Zacian|12/100
|
|upkeep
|turn|11
|
|t:|1656896816
|move|p1a: Zacian|Behemoth Blade|p2a: Diancie
|-supereffective|p2a: Diancie
|-damage|p2a: Diancie|0 fnt
|faint|p2a: Diancie
|
|upkeep
|
|t:|1656896820
|switch|p2a: Galvantula|Galvantula, M, shiny|100/100
|turn|12
|
|t:|1656896835
|move|p1a: Zacian|Behemoth Blade|p2a: Galvantula
|-resisted|p2a: Galvantula
|-damage|p2a: Galvantula|15/100
|move|p2a: Galvantula|Bug Buzz|p1a: Zacian
|-resisted|p1a: Zacian
|-damage|p1a: Zacian|4/100
|
|upkeep
|turn|13
|
|t:|1656896850
|move|p1a: Zacian|Behemoth Blade|p2a: Galvantula
|-resisted|p2a: Galvantula
|-damage|p2a: Galvantula|0 fnt
|faint|p2a: Galvantula
|
|upkeep
|
|t:|1656896856
|switch|p2a: Lugia|Lugia|100/100
|turn|14
|
|t:|1656896865
|move|p1a: Zacian|Wild Charge|p2a: Lugia
|-supereffective|p2a: Lugia
|-damage|p2a: Lugia|61/100
|-damage|p1a: Zacian|0 fnt|[from] Recoil
|faint|p1a: Zacian
|move|p2a: Lugia|Psychic|p1: Zacian|[notarget]
|-fail|p2a: Lugia
|
|-heal|p2a: Lugia|67/100|[from] item: Leftovers
|upkeep
|
|t:|1656896877
|switch|p1a: Yveltal|Yveltal|100/100
|-ability|p1a: Yveltal|Dark Aura
|turn|15
|
|t:|1656896893
|-start|p1a: Yveltal|Dynamax|
|-heal|p1a: Yveltal|100/100|[silent]
|move|p1a: Yveltal|Max Airstream|p2a: Lugia
|-damage|p2a: Lugia|19/100
|-boost|p1a: Yveltal|spe|1
|-damage|p1a: Yveltal|96/100|[from] item: Life Orb
|move|p2a: Lugia|Recover|p2a: Lugia
|-heal|p2a: Lugia|69/100
|
|-heal|p2a: Lugia|75/100|[from] item: Leftovers
|upkeep
|turn|16
|
|t:|1656896906
|switch|p2a: Arceus|Arceus-Fairy, shiny|7/100
|move|p1a: Yveltal|Max Darkness|p2a: Arceus
|-resisted|p2a: Arceus
|-damage|p2a: Arceus|0 fnt
|faint|p2a: Arceus
|-damage|p1a: Yveltal|91/100|[from] item: Life Orb
|
|upkeep
|
|t:|1656896926
|switch|p2a: Greninja|Greninja, M|100/100
|turn|17
|
|t:|1656896931
|switch|p2a: Lugia|Lugia|75/100
|move|p1a: Yveltal|Max Airstream|p2a: Lugia
|-damage|p2a: Lugia|31/100
|-boost|p1a: Yveltal|spe|1
|-damage|p1a: Yveltal|86/100|[from] item: Life Orb
|
|-heal|p2a: Lugia|37/100|[from] item: Leftovers
|upkeep
|-end|p1a: Yveltal|Dynamax
|-heal|p1a: Yveltal|86/100|[silent]
|turn|18
|
|t:|1656896945
|move|p1a: Yveltal|Dark Pulse|p2a: Lugia
|-supereffective|p2a: Lugia
|-damage|p2a: Lugia|0 fnt
|faint|p2a: Lugia
|-damage|p1a: Yveltal|76/100|[from] item: Life Orb
|
|upkeep
|
|t:|1656896953
|switch|p2a: Kyogre|Kyogre, shiny|100/100
|detailschange|p2a: Kyogre|Kyogre-Primal, shiny
|-primal|p2a: Kyogre
|-weather|PrimordialSea|[from] ability: Primordial Sea|[of] p2a: Kyogre
|turn|19
|
|t:|1656896958
|move|p1a: Yveltal|Dark Pulse|p2a: Kyogre
|-damage|p2a: Kyogre|48/100
|-damage|p1a: Yveltal|66/100|[from] item: Life Orb
|move|p2a: Kyogre|Thunder|p1a: Yveltal
|-supereffective|p1a: Yveltal
|-damage|p1a: Yveltal|0 fnt
|faint|p1a: Yveltal
|
|-weather|PrimordialSea|[upkeep]
|upkeep
|
|t:|1656896984
|switch|p1a: Necrozma|Necrozma-Dusk-Mane|100/100
|turn|20
|
|t:|1656896994
|move|p2a: Kyogre|Surf|p1a: Necrozma
|-damage|p1a: Necrozma|13/100
|move|p1a: Necrozma|Dragon Dance|p1a: Necrozma
|-boost|p1a: Necrozma|atk|1
|-boost|p1a: Necrozma|spe|1
|
|-weather|PrimordialSea|[upkeep]
|upkeep
|turn|21
|inactive|700club has 120 seconds left.
|
|t:|1656897009
|detailschange|p1a: Necrozma|Necrozma-Ultra
|-burst|p1a: Necrozma|Necrozma|Ultranecrozium Z
|move|p1a: Necrozma|Earthquake|p2a: Kyogre
|-damage|p2a: Kyogre|0 fnt
|faint|p2a: Kyogre
|-weather|none
|
|upkeep
|
|t:|1656897012
|switch|p2a: Greninja|Greninja, M|100/100
|turn|22
|
|t:|1656897023
|move|p2a: Greninja|Water Shuriken|p1a: Necrozma
|-resisted|p1a: Necrozma
|-damage|p1a: Necrozma|9/100
|-resisted|p1a: Necrozma
|-damage|p1a: Necrozma|6/100
|-resisted|p1a: Necrozma
|-damage|p1a: Necrozma|1/100
|-hitcount|p1a: Necrozma|3
|move|p1a: Necrozma|Earthquake|p2a: Greninja
|-damage|p2a: Greninja|0 fnt
|faint|p2a: Greninja
|
|win|700club
|raw|700club's rating: 1460 &rarr; <strong>1480</strong><br />(+20 for winning)
|raw|Ussolando's rating: 1464 &rarr; <strong>1444</strong><br />(-20 for losing)
|c|☆700club|gg
