|j|☆Freeity
|j|☆Arabesca
|t:|1655841954
|gametype|singles
|player|p1|Freeity|hugh|
|player|p2|Arabesca|cynthia-gen4|
|teamsize|p1|6
|teamsize|p2|6
|gen|8
|tier|[Gen 8] National Dex AG
|rule|HP Percentage Mod: HP is shown in percentages
|rule|Endless Battle Clause: Forcing endless battles is banned
|clearpoke
|poke|p1|Deoxys-Speed|
|poke|p1|Zacian-*|
|poke|p1|Yveltal|
|poke|p1|Rayquaza|
|poke|p1|Calyrex-Shadow|
|poke|p1|Xerneas-*|
|poke|p2|Arceus-*|
|poke|p2|Marshadow|
|poke|p2|Naganadel|
|poke|p2|Dialga|
|poke|p2|Lugia|
|poke|p2|Kyogre|
|teampreview
|
|t:|1655841959
|start
|switch|p1a: Deoxys|Deoxys-Speed|100/100
|switch|p2a: Arceus|Arceus-Ground|100/100
|-ability|p1a: Deoxys|Pressure
|turn|1
|
|t:|1655841968
|move|p1a: Deoxys|Magic Coat|p1a: Deoxys
|-singleturn|p1a: Deoxys|move: Magic Coat
|move|p2a: Arceus|Stealth Rock|p1a: Deoxys
|move|p1a: Deoxys|Stealth Rock|p2a: Arceus|[from]Magic Coat
|-sidestart|p2: Arabesca|move: Stealth Rock
|
|upkeep
|turn|2
|
|t:|1655841974
|move|p1a: Deoxys|Spikes|p2a: Arceus
|-sidestart|p2: Arabesca|Spikes
|move|p2a: Arceus|Judgment|p1a: Deoxys
|-damage|p1a: Deoxys|24/100
|
|upkeep
|turn|3
|
|t:|1655841978
|move|p1a: Deoxys|Spikes|p2a: Arceus
|-sidestart|p2: Arabesca|Spikes
|move|p2a: Arceus|Judgment|p1a: Deoxys
|-damage|p1a: Deoxys|0 fnt
|faint|p1a: Deoxys
|
|upkeep
|
|t:|1655841994
|switch|p1a: Xerneas|Xerneas|100/100
|-ability|p1a: Xerneas|Fairy Aura
|turn|4
|
|t:|1655842006
|move|p2a: Arceus|Judgment|p1a: Xerneas
|-damage|p1a: Xerneas|46/100
|move|p1a: Xerneas|Geomancy||[still]
|-prepare|p1a: Xerneas|Geomancy
|-enditem|p1a: Xerneas|Power Herb
|-anim|p1a: Xerneas|Geomancy|p1a: Xerneas
|-boost|p1a: Xerneas|spa|2
|-boost|p1a: Xerneas|spd|2
|-boost|p1a: Xerneas|spe|2
|
|upkeep
|turn|5
|
|t:|1655842011
|move|p1a: Xerneas|Moonblast|p2a: Arceus
|-damage|p2a: Arceus|0 fnt
|faint|p2a: Arceus
|
|upkeep
|
|t:|1655842015
|switch|p2a: Lugia|Lugia|100/100
|turn|6
|
|t:|1655842030
|move|p1a: Xerneas|Thunder|p2a: Lugia
|-supereffective|p2a: Lugia
|-damage|p2a: Lugia|54/100
|move|p2a: Lugia|Toxic|p1a: Xerneas
|-status|p1a: Xerneas|tox
|
|-damage|p1a: Xerneas|40/100 tox|[from] psn
|upkeep
|turn|7
|
|t:|1655842038
|move|p1a: Xerneas|Thunder|p2a: Lugia|[miss]
|-miss|p1a: Xerneas|p2a: Lugia
|move|p2a: Lugia|Roost|p2a: Lugia
|-heal|p2a: Lugia|100/100
|-singleturn|p2a: Lugia|move: Roost
|
|-damage|p1a: Xerneas|28/100 tox|[from] psn
|upkeep
|turn|8
|
|t:|1655842041
|move|p1a: Xerneas|Thunder|p2a: Lugia|[miss]
|-miss|p1a: Xerneas|p2a: Lugia
|move|p2a: Lugia|Defog|p1a: Xerneas
|-unboost|p1a: Xerneas|evasion|1
|-sideend|p2: Arabesca|Spikes|[from] move: Defog|[of] p2a: Lugia
|-sideend|p2: Arabesca|Stealth Rock|[from] move: Defog|[of] p2a: Lugia
|
|-damage|p1a: Xerneas|9/100 tox|[from] psn
|upkeep
|turn|9
|
|t:|1655842049
|move|p1a: Xerneas|Thunder|p2a: Lugia
|-supereffective|p2a: Lugia
|-damage|p2a: Lugia|54/100
|move|p2a: Lugia|Roost|p2a: Lugia
|-heal|p2a: Lugia|100/100
|-singleturn|p2a: Lugia|move: Roost
|
|-damage|p1a: Xerneas|0 fnt|[from] psn
|faint|p1a: Xerneas
|upkeep
|
|t:|1655842062
|switch|p1a: Calyrex|Calyrex-Shadow|100/100
|-ability|p1a: Calyrex|As One
|-ability|p1a: Calyrex|Unnerve
|turn|10
|c|☆Arabesca|haha
|
|t:|1655842067
|move|p1a: Calyrex|Nasty Plot|p1a: Calyrex
|-boost|p1a: Calyrex|spa|2
|move|p2a: Lugia|Toxic|p1a: Calyrex
|-status|p1a: Calyrex|tox
|
|-damage|p1a: Calyrex|94/100 tox|[from] psn
|upkeep
|turn|11
|c|☆Freeity|i'm going to kill you
|
|t:|1655842074
|move|p1a: Calyrex|Astral Barrage|p2a: Lugia
|-supereffective|p2a: Lugia
|-damage|p2a: Lugia|12/100
|move|p2a: Lugia|Ice Beam|p1a: Calyrex
|-damage|p1a: Calyrex|74/100 tox
|
|-damage|p1a: Calyrex|62/100 tox|[from] psn
|upkeep
|turn|12
|
|t:|1655842078
|move|p1a: Calyrex|Astral Barrage|p2a: Lugia
|-supereffective|p2a: Lugia
|-damage|p2a: Lugia|0 fnt
|faint|p2a: Lugia
|-ability|p1a: Calyrex|Grim Neigh|boost
|-boost|p1a: Calyrex|spa|1
|
|-damage|p1a: Calyrex|44/100 tox|[from] psn
|upkeep
|
|t:|1655842082
|switch|p2a: Kyogre|Kyogre|100/100
|-weather|RainDance|[from] ability: Drizzle|[of] p2a: Kyogre
|turn|13
|
|t:|1655842089
|move|p2a: Kyogre|Water Spout|p1a: Calyrex
|-damage|p1a: Calyrex|0 fnt
|faint|p1a: Calyrex
|
|-weather|RainDance|[upkeep]
|upkeep
|
|t:|1655842092
|switch|p1a: Rayquaza|Rayquaza|100/100
|-ability|p1a: Rayquaza|Air Lock
|turn|14
|
|t:|1655842097
|switch|p2a: Dialga|Dialga|100/100
|-ability|p2a: Dialga|Pressure
|detailschange|p1a: Rayquaza|Rayquaza-Mega
|-mega|p1a: Rayquaza|Rayquaza|
|-weather|DeltaStream|[from] ability: Delta Stream|[of] p1a: Rayquaza
|move|p1a: Rayquaza|Dragon Dance|p1a: Rayquaza
|-boost|p1a: Rayquaza|atk|1
|-boost|p1a: Rayquaza|spe|1
|
|-weather|DeltaStream|[upkeep]
|upkeep
|turn|15
|
|t:|1655842105
|-start|p2a: Dialga|Dynamax|
|-heal|p2a: Dialga|100/100|[silent]
|move|p1a: Rayquaza|Earthquake|p2a: Dialga
|-supereffective|p2a: Dialga
|-damage|p2a: Dialga|19/100
|-damage|p1a: Rayquaza|91/100|[from] item: Life Orb
|move|p2a: Dialga|Max Wyrmwind|p1a: Rayquaza
|-supereffective|p1a: Rayquaza
|-damage|p1a: Rayquaza|0 fnt
|faint|p1a: Rayquaza
|-weather|none
|
|upkeep
|
|t:|1655842116
|switch|p1a: Yveltal|Yveltal|100/100
|-ability|p1a: Yveltal|Dark Aura
|turn|16
|
|t:|1655842120
|move|p1a: Yveltal|Dark Pulse|p2a: Dialga
|-damage|p2a: Dialga|0 fnt
|faint|p2a: Dialga
|-damage|p1a: Yveltal|91/100|[from] item: Life Orb
|
|upkeep
|
|t:|1655842123
|switch|p2a: Kyogre|Kyogre|100/100
|-weather|RainDance|[from] ability: Drizzle|[of] p2a: Kyogre
|turn|17
|
|t:|1655842127
|-start|p1a: Yveltal|Dynamax|
|-heal|p1a: Yveltal|91/100|[silent]
|move|p2a: Kyogre|Thunder|p1a: Yveltal
|-supereffective|p1a: Yveltal
|-damage|p1a: Yveltal|55/100
|move|p1a: Yveltal|Max Airstream|p2a: Kyogre
|-damage|p2a: Kyogre|33/100
|-boost|p1a: Yveltal|spe|1
|-damage|p1a: Yveltal|50/100|[from] item: Life Orb
|
|-weather|RainDance|[upkeep]
|upkeep
|turn|18
|
|t:|1655842133
|move|p1a: Yveltal|Max Airstream|p2a: Kyogre
|-damage|p2a: Kyogre|0 fnt
|-boost|p1a: Yveltal|spe|1
|faint|p2a: Kyogre
|-damage|p1a: Yveltal|45/100|[from] item: Life Orb
|
|-weather|RainDance|[upkeep]
|upkeep
|
|t:|1655842139
|switch|p2a: Naganadel|Naganadel|100/100
|turn|19
|
|t:|1655842153
|move|p1a: Yveltal|Max Darkness|p2a: Naganadel
|-enditem|p2a: Naganadel|Focus Sash
|-damage|p2a: Naganadel|1/100
|-unboost|p2a: Naganadel|spd|1
|-damage|p1a: Yveltal|40/100|[from] item: Life Orb
|move|p2a: Naganadel|Sludge Wave|p1a: Yveltal
|-damage|p1a: Yveltal|18/100
|-status|p1a: Yveltal|psn
|
|-weather|RainDance|[upkeep]
|-damage|p1a: Yveltal|12/100 psn|[from] psn
|upkeep
|-end|p1a: Yveltal|Dynamax
|-heal|p1a: Yveltal|12/100 psn|[silent]
|turn|20
|
|t:|1655842175
|move|p1a: Yveltal|Oblivion Wing|p2a: Naganadel
|-damage|p2a: Naganadel|0 fnt
|-heal|p1a: Yveltal|12/100 psn|[from] drain|[of] p2a: Naganadel
|faint|p2a: Naganadel
|-damage|p1a: Yveltal|2/100 psn|[from] item: Life Orb
|
|-weather|RainDance|[upkeep]
|-damage|p1a: Yveltal|0 fnt|[from] psn
|faint|p1a: Yveltal
|upkeep
|
|t:|1655842180
|switch|p2a: Marshadow|Marshadow|100/100
|switch|p1a: Zacian|Zacian-Crowned|100/100
|-ability|p1a: Zacian|Intrepid Sword|boost
|-boost|p1a: Zacian|atk|1
|turn|21
|
|t:|1655842186
|move|p2a: Marshadow|Spectral Thief||[still]
|-clearpositiveboost|p1a: Zacian|p2a: Marshadow|move: Spectral Thief
|-boost|p2a: Marshadow|atk|1
|-anim|p2a: Marshadow|Spectral Thief|p1a: Zacian
|-damage|p1a: Zacian|18/100
|-damage|p2a: Marshadow|91/100|[from] item: Life Orb
|move|p1a: Zacian|Behemoth Blade|p2a: Marshadow
|-damage|p2a: Marshadow|0 fnt
|faint|p2a: Marshadow
|
|win|Freeity
|c|☆Arabesca|NOOOOO
