|j|☆AG Champion Red
|j|☆MiguelRRM
|t:|1659892205
|gametype|singles
|player|p1|AG Champion Red|red-masters|1738
|player|p2|MiguelRRM|101|1869
|teamsize|p1|6
|teamsize|p2|6
|gen|8
|tier|[Gen 8] National Dex AG
|rated|
|rule|HP Percentage Mod: HP is shown in percentages
|rule|Endless Battle Clause: Forcing endless battles is banned
|clearpoke
|poke|p1|Ditto|
|poke|p1|Rayquaza|
|poke|p1|Zacian-*|
|poke|p1|Yveltal|
|poke|p1|Groudon|
|poke|p1|Necrozma-Dusk-Mane|
|poke|p2|Yveltal|
|poke|p2|Groudon|
|poke|p2|Rayquaza|
|poke|p2|Arceus-*|
|poke|p2|Calyrex-Shadow|
|poke|p2|Smeargle, M|
|teampreview
|inactive|Battle timer is ON: inactive players will automatically lose when time's up. (requested by AG Champion Red)
|inactive|AG Champion Red has 120 seconds left.
|inactive|AG Champion Red has 90 seconds left.
|
|t:|1659892268
|start
|switch|p1a: Yveltal|Yveltal|100/100
|switch|p2a: Groudon|Groudon|100/100
|-ability|p1a: Yveltal|Dark Aura
|detailschange|p2a: Groudon|Groudon-Primal
|-primal|p2a: Groudon
|-weather|DesolateLand|[from] ability: Desolate Land|[of] p2a: Groudon
|turn|1
|
|t:|1659892273
|switch|p1a: Necrozma|Necrozma-Dusk-Mane|100/100
|move|p2a: Groudon|Rock Tomb|p1a: Necrozma
|-resisted|p1a: Necrozma
|-crit|p1a: Necrozma
|-damage|p1a: Necrozma|91/100
|-unboost|p1a: Necrozma|spe|1
|
|-weather|DesolateLand|[upkeep]
|upkeep
|turn|2
|
|t:|1659892278
|switch|p1a: Rayquaza|Rayquaza, shiny|100/100
|-ability|p1a: Rayquaza|Air Lock
|move|p2a: Groudon|Eruption|p1a: Rayquaza
|-resisted|p1a: Rayquaza
|-damage|p1a: Rayquaza|60/100
|
|-weather|DesolateLand|[upkeep]
|upkeep
|turn|3
|
|t:|1659892288
|-weather|none
|switch|p2a: Arceus|Arceus-Ground|100/100
|detailschange|p1a: Rayquaza|Rayquaza-Mega, shiny
|-mega|p1a: Rayquaza|Rayquaza|
|-weather|DeltaStream|[from] ability: Delta Stream|[of] p1a: Rayquaza
|move|p1a: Rayquaza|Draco Meteor|p2a: Arceus
|-damage|p2a: Arceus|6/100
|-unboost|p1a: Rayquaza|spa|2
|
|-weather|DeltaStream|[upkeep]
|upkeep
|turn|4
|
|t:|1659892291
|move|p1a: Rayquaza|Draco Meteor|p2a: Arceus
|-damage|p2a: Arceus|0 fnt
|-unboost|p1a: Rayquaza|spa|2
|faint|p2a: Arceus
|
|-weather|DeltaStream|[upkeep]
|upkeep
|
|t:|1659892293
|switch|p2a: Calyrex|Calyrex-Shadow|100/100
|-ability|p2a: Calyrex|As One
|-ability|p2a: Calyrex|Unnerve
|turn|5
|
|t:|1659892295
|-weather|none
|switch|p1a: Yveltal|Yveltal|100/100
|-ability|p1a: Yveltal|Dark Aura
|move|p2a: Calyrex|Astral Barrage|p1a: Yveltal
|-resisted|p1a: Yveltal
|-damage|p1a: Yveltal|82/100
|
|upkeep
|turn|6
|
|t:|1659892312
|move|p2a: Calyrex|Substitute|p2a: Calyrex
|-start|p2a: Calyrex|Substitute
|-damage|p2a: Calyrex|75/100
|move|p1a: Yveltal|Foul Play|p2a: Calyrex
|-supereffective|p2a: Calyrex
|-end|p2a: Calyrex|Substitute
|
|-heal|p2a: Calyrex|82/100|[from] item: Leftovers
|upkeep
|turn|7
|
|t:|1659892314
|move|p2a: Calyrex|Baton Pass|p2a: Calyrex
|
|t:|1659892315
|switch|p2a: Yveltal|Yveltal|100/100|[from]move: Baton Pass
|-ability|p2a: Yveltal|Dark Aura
|move|p1a: Yveltal|Foul Play|p2a: Yveltal
|-resisted|p2a: Yveltal
|-damage|p2a: Yveltal|86/100
|-damage|p1a: Yveltal|65/100|[from] item: Rocky Helmet|[of] p2a: Yveltal
|
|upkeep
|turn|8
|
|t:|1659892320
|move|p1a: Yveltal|Roost|p1a: Yveltal
|-heal|p1a: Yveltal|100/100
|-singleturn|p1a: Yveltal|move: Roost
|move|p2a: Yveltal|U-turn|p1a: Yveltal
|-supereffective|p1a: Yveltal
|-damage|p1a: Yveltal|68/100
|
|t:|1659892323
|switch|p2a: Groudon|Groudon-Primal|100/100|[from]move: U-turn
|-weather|DesolateLand|[from] ability: Desolate Land|[of] p2a: Groudon
|
|-weather|DesolateLand|[upkeep]
|upkeep
|turn|9
|
|t:|1659892333
|move|p1a: Yveltal|Foul Play|p2a: Groudon
|-damage|p2a: Groudon|69/100
|move|p2a: Groudon|Stealth Rock|p1a: Yveltal
|-sidestart|p1: AG Champion Red|move: Stealth Rock
|
|-weather|DesolateLand|[upkeep]
|upkeep
|turn|10
|
|t:|1659892337
|move|p1a: Yveltal|Defog|p2a: Groudon
|-unboost|p2a: Groudon|evasion|1
|-sideend|p1: AG Champion Red|Stealth Rock|[from] move: Defog|[of] p1a: Yveltal
|move|p2a: Groudon|Rock Tomb|p1a: Yveltal
|-supereffective|p1a: Yveltal
|-damage|p1a: Yveltal|34/100
|-unboost|p1a: Yveltal|spe|1
|
|-weather|DesolateLand|[upkeep]
|upkeep
|turn|11
|
|t:|1659892341
|move|p2a: Groudon|Stealth Rock|p1a: Yveltal
|-sidestart|p1: AG Champion Red|move: Stealth Rock
|move|p1a: Yveltal|Roost|p1a: Yveltal
|-heal|p1a: Yveltal|84/100
|-singleturn|p1a: Yveltal|move: Roost
|
|-weather|DesolateLand|[upkeep]
|upkeep
|turn|12
|
|t:|1659892345
|move|p2a: Groudon|Toxic|p1a: Yveltal
|-status|p1a: Yveltal|tox
|move|p1a: Yveltal|Defog|p2a: Groudon
|-unboost|p2a: Groudon|evasion|1
|-sideend|p1: AG Champion Red|Stealth Rock|[from] move: Defog|[of] p1a: Yveltal
|
|-weather|DesolateLand|[upkeep]
|-damage|p1a: Yveltal|78/100 tox|[from] psn
|upkeep
|turn|13
|
|t:|1659892348
|switch|p1a: Groudon|Groudon|100/100
|detailschange|p1a: Groudon|Groudon-Primal
|-primal|p1a: Groudon
|move|p2a: Groudon|Stealth Rock|p1a: Groudon
|-sidestart|p1: AG Champion Red|move: Stealth Rock
|
|-weather|DesolateLand|[upkeep]
|upkeep
|turn|14
|
|t:|1659892351
|switch|p2a: Smeargle|Smeargle, M|100/100
|move|p1a: Groudon|Precipice Blades|p2a: Smeargle
|-enditem|p2a: Smeargle|Focus Sash
|-damage|p2a: Smeargle|1/100
|
|-weather|DesolateLand|[upkeep]
|-ability|p2a: Smeargle|Moody|boost
|-boost|p2a: Smeargle|atk|2
|-unboost|p2a: Smeargle|spa|1
|upkeep
|turn|15
|
|t:|1659892356
|move|p2a: Smeargle|Spore|p1a: Groudon
|-status|p1a: Groudon|slp|[from] move: Spore
|cant|p1a: Groudon|slp
|
|-weather|DesolateLand|[upkeep]
|-ability|p2a: Smeargle|Moody|boost
|-boost|p2a: Smeargle|atk|2
|-unboost|p2a: Smeargle|spd|1
|upkeep
|turn|16
|
|t:|1659892362
|move|p2a: Smeargle|Baton Pass|p2a: Smeargle
|
|t:|1659892364
|switch|p2a: Rayquaza|Rayquaza|100/100|[from]move: Baton Pass
|-ability|p2a: Rayquaza|Air Lock
|cant|p1a: Groudon|slp
|
|-weather|DesolateLand|[upkeep]
|upkeep
|turn|17
|
|t:|1659892368
|detailschange|p2a: Rayquaza|Rayquaza-Mega
|-mega|p2a: Rayquaza|Rayquaza|
|-weather|DeltaStream|[from] ability: Delta Stream|[of] p2a: Rayquaza
|move|p2a: Rayquaza|Scale Shot|p1a: Groudon
|-crit|p1a: Groudon
|-damage|p1a: Groudon|68/100 slp
|-damage|p1a: Groudon|46/100 slp
|-damage|p1a: Groudon|26/100 slp
|-hitcount|p1a: Groudon|3
|-unboost|p2a: Rayquaza|def|1
|-boost|p2a: Rayquaza|spe|1
|-curestatus|p1a: Groudon|slp|[msg]
|move|p1a: Groudon|Rock Tomb|p2a: Rayquaza
|-activate||deltastream
|-damage|p2a: Rayquaza|69/100
|-unboost|p2a: Rayquaza|spe|1
|
|-weather|DeltaStream|[upkeep]
|upkeep
|turn|18
|
|t:|1659892383
|-weather|none
|switch|p2a: Groudon|Groudon-Primal|69/100
|-weather|DesolateLand|[from] ability: Desolate Land|[of] p2a: Groudon
|move|p1a: Groudon|Rock Tomb|p2a: Groudon
|-damage|p2a: Groudon|59/100
|-unboost|p2a: Groudon|spe|1
|
|-weather|DesolateLand|[upkeep]
|upkeep
|turn|19
|
|t:|1659892387
|switch|p2a: Yveltal|Yveltal|86/100
|-ability|p2a: Yveltal|Dark Aura
|move|p1a: Groudon|Precipice Blades|p2a: Yveltal
|-immune|p2a: Yveltal
|
|-weather|DesolateLand|[upkeep]
|upkeep
|turn|20
|
|t:|1659892390
|move|p2a: Yveltal|Knock Off|p1a: Groudon
|-damage|p1a: Groudon|9/100
|move|p1a: Groudon|Rock Tomb|p2a: Yveltal
|-supereffective|p2a: Yveltal
|-damage|p2a: Yveltal|59/100
|-unboost|p2a: Yveltal|spe|1
|
|-weather|DesolateLand|[upkeep]
|upkeep
|turn|21
|
|t:|1659892393
|move|p1a: Groudon|Thunder Wave|p2a: Yveltal
|-status|p2a: Yveltal|par
|move|p2a: Yveltal|Roost|p2a: Yveltal
|-heal|p2a: Yveltal|100/100 par
|-singleturn|p2a: Yveltal|move: Roost
|
|-weather|DesolateLand|[upkeep]
|upkeep
|turn|22
|
|t:|1659892398
|move|p1a: Groudon|Stealth Rock|p2a: Yveltal
|-sidestart|p2: MiguelRRM|move: Stealth Rock
|move|p2a: Yveltal|Knock Off|p1a: Groudon
|-damage|p1a: Groudon|0 fnt
|faint|p1a: Groudon
|-weather|none
|
|upkeep
|
|t:|1659892401
|switch|p1a: Zacian|Zacian, shiny|100/100
|-damage|p1a: Zacian|88/100|[from] Stealth Rock
|-ability|p1a: Zacian|Intrepid Sword|boost
|-boost|p1a: Zacian|atk|1
|turn|23
|
|t:|1659892403
|switch|p2a: Smeargle|Smeargle, M|1/100
|-damage|p2a: Smeargle|0 fnt|[from] Stealth Rock
|faint|p2a: Smeargle
|move|p1a: Zacian|Play Rough|p2: Smeargle|[notarget]
|-fail|p1a: Zacian
|
|upkeep
|
|t:|1659892406
|switch|p2a: Groudon|Groudon-Primal|59/100
|-damage|p2a: Groudon|46/100|[from] Stealth Rock
|-weather|DesolateLand|[from] ability: Desolate Land|[of] p2a: Groudon
|turn|24
|
|t:|1659892408
|move|p1a: Zacian|Play Rough|p2a: Groudon
|-resisted|p2a: Groudon
|-damage|p2a: Groudon|20/100
|move|p2a: Groudon|Rock Tomb|p1a: Zacian
|-damage|p1a: Zacian|67/100
|-unboost|p1a: Zacian|spe|1
|
|-weather|DesolateLand|[upkeep]
|upkeep
|turn|25
|
|t:|1659892413
|move|p1a: Zacian|Play Rough|p2a: Groudon
|-resisted|p2a: Groudon
|-damage|p2a: Groudon|0 fnt
|faint|p2a: Groudon
|-weather|none
|
|upkeep
|
|t:|1659892416
|switch|p2a: Calyrex|Calyrex-Shadow|82/100
|-ability|p2a: Calyrex|As One
|-ability|p2a: Calyrex|Unnerve
|-damage|p2a: Calyrex|69/100|[from] Stealth Rock
|turn|26
|
|t:|1659892418
|move|p2a: Calyrex|Substitute|p2a: Calyrex
|-start|p2a: Calyrex|Substitute
|-damage|p2a: Calyrex|44/100
|move|p1a: Zacian|Play Rough|p2a: Calyrex|[miss]
|-miss|p1a: Zacian|p2a: Calyrex
|
|-heal|p2a: Calyrex|50/100|[from] item: Leftovers
|upkeep
|turn|27
|
|t:|1659892422
|move|p2a: Calyrex|Leech Seed|p1a: Zacian
|-start|p1a: Zacian|move: Leech Seed
|move|p1a: Zacian|Play Rough|p2a: Calyrex
|-end|p2a: Calyrex|Substitute
|
|-heal|p2a: Calyrex|57/100|[from] item: Leftovers
|-damage|p1a: Zacian|54/100|[from] Leech Seed|[of] p2a: Calyrex
|-heal|p2a: Calyrex|67/100|[silent]
|upkeep
|turn|28
|
|t:|1659892426
|switch|p1a: Yveltal|Yveltal|78/100 tox
|-ability|p1a: Yveltal|Dark Aura
|move|p2a: Calyrex|Substitute|p2a: Calyrex
|-start|p2a: Calyrex|Substitute
|-damage|p2a: Calyrex|42/100
|
|-heal|p2a: Calyrex|48/100|[from] item: Leftovers
|-damage|p1a: Yveltal|72/100 tox|[from] psn
|upkeep
|turn|29
|
|t:|1659892431
|move|p2a: Calyrex|Leech Seed|p1a: Yveltal
|-start|p1a: Yveltal|move: Leech Seed
|move|p1a: Yveltal|Taunt|p2a: Calyrex
|-start|p2a: Calyrex|move: Taunt
|
|-heal|p2a: Calyrex|54/100|[from] item: Leftovers
|-damage|p1a: Yveltal|59/100 tox|[from] Leech Seed|[of] p2a: Calyrex
|-heal|p2a: Calyrex|68/100|[silent]
|-damage|p1a: Yveltal|47/100 tox|[from] psn
|upkeep
|turn|30
|
|t:|1659892434
|move|p2a: Calyrex|Astral Barrage|p1a: Yveltal
|-resisted|p1a: Yveltal
|-damage|p1a: Yveltal|31/100 tox
|move|p1a: Yveltal|Foul Play|p2a: Calyrex
|-supereffective|p2a: Calyrex
|-end|p2a: Calyrex|Substitute
|
|-heal|p2a: Calyrex|74/100|[from] item: Leftovers
|-damage|p1a: Yveltal|18/100 tox|[from] Leech Seed|[of] p2a: Calyrex
|-heal|p2a: Calyrex|88/100|[silent]
|-damage|p1a: Yveltal|0 fnt|[from] psn
|faint|p1a: Yveltal
|upkeep
|
|t:|1659892437
|switch|p1a: Ditto|Ditto, shiny|100/100
|-damage|p1a: Ditto|88/100|[from] Stealth Rock
|-transform|p1a: Ditto|p2a: Calyrex|[from] ability: Imposter
|turn|31
|
|t:|1659892441
|switch|p2a: Yveltal|Yveltal|100/100 par
|-damage|p2a: Yveltal|76/100 par|[from] Stealth Rock
|-ability|p2a: Yveltal|Dark Aura
|move|p1a: Ditto|Astral Barrage|p2a: Yveltal
|-resisted|p2a: Yveltal
|-damage|p2a: Yveltal|50/100 par
|
|upkeep
|turn|32
|
|t:|1659892448
|switch|p1a: Zacian|Zacian, shiny|54/100
|-damage|p1a: Zacian|42/100|[from] Stealth Rock
|-ability|p1a: Zacian|Intrepid Sword|boost
|-boost|p1a: Zacian|atk|1
|cant|p2a: Yveltal|par
|
|upkeep
|turn|33
|
|t:|1659892453
|move|p1a: Zacian|Play Rough|p2a: Yveltal
|-supereffective|p2a: Yveltal
|-damage|p2a: Yveltal|0 fnt
|-damage|p1a: Zacian|26/100|[from] item: Rocky Helmet|[of] p2a: Yveltal
|faint|p2a: Yveltal
|
|upkeep
|
|t:|1659892455
|switch|p2a: Calyrex|Calyrex-Shadow|88/100
|-ability|p2a: Calyrex|As One
|-ability|p2a: Calyrex|Unnerve
|-damage|p2a: Calyrex|76/100|[from] Stealth Rock
|turn|34
|
|t:|1659892458
|move|p2a: Calyrex|Substitute|p2a: Calyrex
|-start|p2a: Calyrex|Substitute
|-damage|p2a: Calyrex|51/100
|move|p1a: Zacian|Play Rough|p2a: Calyrex
|-end|p2a: Calyrex|Substitute
|
|-heal|p2a: Calyrex|57/100|[from] item: Leftovers
|upkeep
|turn|35
|
|t:|1659892460
|move|p2a: Calyrex|Substitute|p2a: Calyrex
|-start|p2a: Calyrex|Substitute
|-damage|p2a: Calyrex|32/100
|move|p1a: Zacian|Play Rough|p2a: Calyrex
|-end|p2a: Calyrex|Substitute
|
|-heal|p2a: Calyrex|38/100|[from] item: Leftovers
|upkeep
|turn|36
|
|t:|1659892461
|move|p2a: Calyrex|Substitute|p2a: Calyrex
|-start|p2a: Calyrex|Substitute
|-damage|p2a: Calyrex|13/100
|move|p1a: Zacian|Play Rough|p2a: Calyrex
|-end|p2a: Calyrex|Substitute
|
|-heal|p2a: Calyrex|20/100|[from] item: Leftovers
|upkeep
|turn|37
|
|t:|1659892463
|move|p2a: Calyrex|Substitute|p2a: Calyrex
|-fail|p2a: Calyrex|move: Substitute|[weak]
|move|p1a: Zacian|Play Rough|p2a: Calyrex
|-damage|p2a: Calyrex|0 fnt
|faint|p2a: Calyrex
|
|upkeep
|-message|MiguelRRM forfeited.
|
|win|AG Champion Red
|raw|AG Champion Red's rating: 1738 &rarr; <strong>1765</strong><br />(+27 for winning)
|raw|MiguelRRM's rating: 1869 &rarr; <strong>1842</strong><br />(-27 for losing)
|l|☆MiguelRRM
