|j|☆Corsor
|j|☆Nobodi_Nowan
|t:|1659557670
|gametype|singles
|player|p1|Corsor|clown|
|player|p2|Nobodi_Nowan|byron|
|teamsize|p1|6
|teamsize|p2|6
|gen|8
|tier|[Gen 8] National Dex AG
|rule|HP Percentage Mod: HP is shown in percentages
|rule|Endless Battle Clause: Forcing endless battles is banned
|clearpoke
|poke|p1|Dialga|
|poke|p1|Tyranitar, M|
|poke|p1|Gyarados, M|
|poke|p1|Charizard, M|
|poke|p1|Dragonite, M|
|poke|p1|Zamazenta-*|
|poke|p2|Vivillon-Pokeball, F|
|poke|p2|Heatran, M|
|poke|p2|Corviknight, M|
|poke|p2|Chansey, F|
|poke|p2|Gengar, M|
|poke|p2|Solgaleo|
|teampreview
|inactive|Battle timer is ON: inactive players will automatically lose when time's up. (requested by Corsor)
|c|☆Nobodi_Nowan|glhf
|c|☆Corsor|Hf
|inactive|Nobodi_Nowan has 270 seconds left.
|
|t:|1659557707
|start
|switch|p1a: Dialga|Dialga|100/100
|switch|p2a: Gengar|Gengar, M|100/100
|-ability|p1a: Dialga|Pressure
|turn|1
|
|t:|1659557716
|switch|p1a: Tyranitar|Tyranitar, M|100/100
|-weather|Sandstorm|[from] ability: Sand Stream|[of] p1a: Tyranitar
|detailschange|p2a: Gengar|Gengar-Mega, M
|-mega|p2a: Gengar|Gengar|Gengarite
|move|p2a: Gengar|Destiny Bond|p2a: Gengar
|-singlemove|p2a: Gengar|Destiny Bond
|
|-weather|Sandstorm|[upkeep]
|-damage|p2a: Gengar|94/100|[from] Sandstorm
|upkeep
|turn|2
|
|t:|1659557727
|move|p2a: Gengar|Focus Blast|p1a: Tyranitar
|-supereffective|p1a: Tyranitar
|-damage|p1a: Tyranitar|0 fnt
|faint|p1a: Tyranitar
|
|-weather|Sandstorm|[upkeep]
|-damage|p2a: Gengar|88/100|[from] Sandstorm
|upkeep
|
|t:|1659557745
|switch|p1a: Zamazenta|Zamazenta|100/100
|-ability|p1a: Zamazenta|Dauntless Shield|boost
|-boost|p1a: Zamazenta|def|1
|turn|3
|
|t:|1659557754
|switch|p2a: Corviknight|Corviknight, M, shiny|100/100
|move|p1a: Zamazenta|Play Rough|p2a: Corviknight
|-resisted|p2a: Corviknight
|-damage|p2a: Corviknight|86/100
|
|-weather|Sandstorm|[upkeep]
|-damage|p1a: Zamazenta|94/100|[from] Sandstorm
|-heal|p2a: Corviknight|92/100|[from] item: Leftovers
|upkeep
|turn|4
|
|t:|1659557764
|switch|p1a: Dialga|Dialga|100/100
|-ability|p1a: Dialga|Pressure
|move|p2a: Corviknight|Brave Bird|p1a: Dialga
|-resisted|p1a: Dialga
|-damage|p1a: Dialga|86/100
|-damage|p2a: Corviknight|88/100|[from] Recoil
|
|-weather|Sandstorm|[upkeep]
|-heal|p2a: Corviknight|94/100|[from] item: Leftovers
|upkeep
|turn|5
|
|t:|1659557774
|move|p1a: Dialga|Flamethrower|p2a: Corviknight
|-supereffective|p2a: Corviknight
|-damage|p2a: Corviknight|10/100
|-status|p2a: Corviknight|brn
|-damage|p1a: Dialga|76/100|[from] item: Life Orb
|move|p2a: Corviknight|U-turn|p1a: Dialga
|-resisted|p1a: Dialga
|-damage|p1a: Dialga|73/100
|
|t:|1659557786
|switch|p2a: Solgaleo|Solgaleo|100/100|[from]move: U-turn
|
|-weather|none
|upkeep
|turn|6
|
|t:|1659557797
|switch|p1a: Charizard|Charizard, M|100/100
|switch|p2a: Heatran|Heatran, M|100/100
|
|upkeep
|turn|7
|
|t:|1659557806
|switch|p2a: Chansey|Chansey, F|100/100
|switch|p1a: Zamazenta|Zamazenta|94/100
|-ability|p1a: Zamazenta|Dauntless Shield|boost
|-boost|p1a: Zamazenta|def|1
|
|upkeep
|turn|8
|
|t:|1659557814
|switch|p2a: Corviknight|Corviknight, M, shiny|10/100 brn
|move|p1a: Zamazenta|Wild Charge|p2a: Corviknight
|-supereffective|p2a: Corviknight
|-damage|p2a: Corviknight|0 fnt
|faint|p2a: Corviknight
|-damage|p1a: Zamazenta|92/100|[from] Recoil
|
|upkeep
|
|t:|1659557821
|switch|p2a: Heatran|Heatran, M|100/100
|turn|9
|
|t:|1659557828
|switch|p1a: Gyarados|Gyarados, M|100/100
|move|p2a: Heatran|Eruption|p1a: Gyarados
|-resisted|p1a: Gyarados
|-damage|p1a: Gyarados|54/100
|
|upkeep
|turn|10
|
|t:|1659557836
|switch|p2a: Solgaleo|Solgaleo|100/100
|detailschange|p1a: Gyarados|Gyarados-Mega, M
|-mega|p1a: Gyarados|Gyarados|Gyaradosite
|-ability|p1a: Gyarados|Mold Breaker
|move|p1a: Gyarados|Dragon Dance|p1a: Gyarados
|-boost|p1a: Gyarados|atk|1
|-boost|p1a: Gyarados|spe|1
|
|upkeep
|turn|11
|
|t:|1659557844
|move|p1a: Gyarados|Crunch|p2a: Solgaleo
|-supereffective|p2a: Solgaleo
|-damage|p2a: Solgaleo|11/100
|move|p2a: Solgaleo|Thunder Wave|p1a: Gyarados|[miss]
|-miss|p2a: Solgaleo|p1a: Gyarados
|
|-heal|p2a: Solgaleo|17/100|[from] item: Leftovers
|upkeep
|turn|12
|c|☆Corsor|Unfort
|
|t:|1659557856
|move|p1a: Gyarados|Crunch|p2a: Solgaleo
|-supereffective|p2a: Solgaleo
|-damage|p2a: Solgaleo|0 fnt
|faint|p2a: Solgaleo
|
|upkeep
|
|t:|1659557868
|switch|p2a: Heatran|Heatran, M|100/100
|turn|13
|
|t:|1659557872
|move|p1a: Gyarados|Earthquake|p2a: Heatran
|-supereffective|p2a: Heatran
|-damage|p2a: Heatran|0 fnt
|faint|p2a: Heatran
|
|upkeep
|
|t:|1659557877
|switch|p2a: Vivillon|Vivillon-Pokeball, F|100/100
|turn|14
|
|t:|1659557885
|move|p1a: Gyarados|Waterfall|p2a: Vivillon
|-damage|p2a: Vivillon|0 fnt
|faint|p2a: Vivillon
|
|upkeep
|
|t:|1659557889
|switch|p2a: Gengar|Gengar-Mega, M|88/100
|turn|15
|
|t:|1659557892
|move|p2a: Gengar|Shadow Ball|p1a: Gyarados
|-resisted|p1a: Gyarados
|-damage|p1a: Gyarados|35/100
|move|p1a: Gyarados|Crunch|p2a: Gengar
|-supereffective|p2a: Gengar
|-damage|p2a: Gengar|0 fnt
|faint|p2a: Gengar
|
|upkeep
|c|☆Corsor|Ggs
|c|☆Corsor|that twave miss was unfort tho, sry
|c|☆Nobodi_Nowan|and when i had the chance i misclick
|c|☆Nobodi_Nowan|gg wp
|c|☆Corsor|oh fblast
|inactive|Nobodi_Nowan has 270 seconds left.
|c|☆Nobodi_Nowan|well deserved the stainless badge
|
|t:|1659557930
|switch|p2a: Chansey|Chansey, F|100/100
|turn|16
|c|☆Corsor|wouldnt rlly matter honestly
|c|☆Corsor|I have dialga
|
|t:|1659557944
|move|p1a: Gyarados|Crunch|p2a: Chansey
|-crit|p2a: Chansey
|-damage|p2a: Chansey|0 fnt
|faint|p2a: Chansey
|
|win|Corsor
|c|☆Nobodi_Nowan|gg sir
|c|☆Nobodi_Nowan|u share the replay?
|l|☆Corsor
