|j|☆Diancie_hhh
|j|☆Anomander Rake 88
|t:|1667662772
|gametype|singles
|player|p1|Diancie_hhh|marnie|1708
|player|p2|Anomander Rake 88|alder|1773
|teamsize|p1|6
|teamsize|p2|6
|gen|8
|tier|[Gen 8] National Dex AG
|rated|
|rule|HP Percentage Mod: HP is shown in percentages
|rule|Endless Battle Clause: Forcing endless battles is banned
|clearpoke
|poke|p1|Arceus-*|
|poke|p1|Groudon|
|poke|p1|Ho-Oh|
|poke|p1|Zygarde|
|poke|p1|Weavile, F|
|poke|p1|Calyrex-Shadow|
|poke|p2|Arceus-*|
|poke|p2|Calyrex-Shadow|
|poke|p2|Groudon|
|poke|p2|Yveltal|
|poke|p2|Rayquaza|
|poke|p2|Necrozma-Dusk-Mane|
|teampreview
|
|t:|1667662785
|start
|switch|p1a: Zygarde|Zygarde, shiny|100/100
|switch|p2a: Godzilla|Groudon|100/100
|detailschange|p2a: Godzilla|Groudon-Primal
|-primal|p2a: Godzilla
|-weather|DesolateLand|[from] ability: Desolate Land|[of] p2a: Godzilla
|turn|1
|
|t:|1667662790
|move|p1a: Zygarde|Glare|p2a: Godzilla
|-status|p2a: Godzilla|par
|move|p2a: Godzilla|Stealth Rock|p1a: Zygarde
|-sidestart|p1: Diancie_hhh|move: Stealth Rock
|
|-weather|DesolateLand|[upkeep]
|upkeep
|turn|2
|
|t:|1667662796
|move|p1a: Zygarde|Coil|p1a: Zygarde
|-boost|p1a: Zygarde|atk|1
|-boost|p1a: Zygarde|def|1
|-boost|p1a: Zygarde|accuracy|1
|move|p2a: Godzilla|Roar|p1a: Zygarde
|drag|p1a: 相信三旋击!|Weavile, F, shiny|100/100
|-damage|p1a: 相信三旋击!|76/100|[from] Stealth Rock
|-ability|p1a: 相信三旋击!|Pressure
|
|-weather|DesolateLand|[upkeep]
|upkeep
|turn|3
|
|t:|1667662808
|switch|p1a: Zygarde|Zygarde, shiny|100/100
|-damage|p1a: Zygarde|94/100|[from] Stealth Rock
|move|p2a: Godzilla|Roar|p1a: Zygarde
|drag|p1a: Arceus|Arceus, shiny|100/100
|-damage|p1a: Arceus|88/100|[from] Stealth Rock
|
|-weather|DesolateLand|[upkeep]
|upkeep
|turn|4
|
|t:|1667662819
|move|p1a: Arceus|Recover|p1a: Arceus
|-heal|p1a: Arceus|100/100
|cant|p2a: Godzilla|par
|
|-weather|DesolateLand|[upkeep]
|upkeep
|turn|5
|
|t:|1667662828
|move|p1a: Arceus|Extreme Speed|p2a: Godzilla
|-damage|p2a: Godzilla|73/100 par
|-damage|p1a: Arceus|91/100|[from] item: Life Orb
|move|p2a: Godzilla|Rock Tomb|p1a: Arceus
|-damage|p1a: Arceus|75/100
|-unboost|p1a: Arceus|spe|1
|
|-weather|DesolateLand|[upkeep]
|upkeep
|turn|6
|
|t:|1667662841
|move|p1a: Arceus|Recover|p1a: Arceus
|-heal|p1a: Arceus|100/100
|move|p2a: Godzilla|Roar|p1a: Arceus
|drag|p1a: Calyrex|Calyrex-Shadow|100/100
|-ability|p1a: Calyrex|As One
|-ability|p1a: Calyrex|Unnerve
|-damage|p1a: Calyrex|88/100|[from] Stealth Rock
|
|-weather|DesolateLand|[upkeep]
|-heal|p1a: Calyrex|94/100|[from] item: Leftovers
|upkeep
|turn|7
|
|t:|1667662852
|-weather|none
|switch|p2a: Silver Wing|Yveltal, shiny|100/100
|-ability|p2a: Silver Wing|Dark Aura
|move|p1a: Calyrex|Substitute|p1a: Calyrex
|-start|p1a: Calyrex|Substitute
|-damage|p1a: Calyrex|69/100
|
|-heal|p1a: Calyrex|75/100|[from] item: Leftovers
|upkeep
|turn|8
|
|t:|1667662861
|move|p1a: Calyrex|Leech Seed|p2a: Silver Wing
|-start|p2a: Silver Wing|move: Leech Seed
|move|p2a: Silver Wing|Dark Pulse|p1a: Calyrex
|-supereffective|p1a: Calyrex
|-end|p1a: Calyrex|Substitute
|
|-heal|p1a: Calyrex|81/100|[from] item: Leftovers
|-damage|p2a: Silver Wing|88/100|[from] Leech Seed|[of] p1a: Calyrex
|-heal|p1a: Calyrex|95/100|[silent]
|upkeep
|turn|9
|
|t:|1667662877
|switch|p2a: Godzilla|Groudon-Primal|73/100 par
|-weather|DesolateLand|[from] ability: Desolate Land|[of] p2a: Godzilla
|move|p1a: Calyrex|Substitute|p1a: Calyrex
|-start|p1a: Calyrex|Substitute
|-damage|p1a: Calyrex|70/100
|
|-weather|DesolateLand|[upkeep]
|-heal|p1a: Calyrex|76/100|[from] item: Leftovers
|upkeep
|turn|10
|
|t:|1667662884
|move|p1a: Calyrex|Taunt|p2a: Godzilla
|-start|p2a: Godzilla|move: Taunt
|cant|p2a: Godzilla|move: Taunt|Roar
|
|-weather|DesolateLand|[upkeep]
|-heal|p1a: Calyrex|82/100|[from] item: Leftovers
|upkeep
|turn|11
|
|t:|1667662891
|-weather|none
|switch|p2a: Silver Wing|Yveltal, shiny|88/100
|-ability|p2a: Silver Wing|Dark Aura
|move|p1a: Calyrex|Leech Seed|p2a: Silver Wing|[miss]
|-miss|p1a: Calyrex|p2a: Silver Wing
|
|-heal|p1a: Calyrex|88/100|[from] item: Leftovers
|upkeep
|turn|12
|
|t:|1667662897
|-start|p2a: Silver Wing|Dynamax|
|-heal|p2a: Silver Wing|88/100|[silent]
|move|p1a: Calyrex|Leech Seed|p2a: Silver Wing
|-start|p2a: Silver Wing|move: Leech Seed
|move|p2a: Silver Wing|Max Airstream|p1a: Calyrex
|-end|p1a: Calyrex|Substitute
|-boost|p2a: Silver Wing|spe|1
|
|-heal|p1a: Calyrex|94/100|[from] item: Leftovers
|-damage|p2a: Silver Wing|82/100|[from] Leech Seed|[of] p1a: Calyrex
|-heal|p1a: Calyrex|100/100|[silent]
|upkeep
|turn|13
|
|t:|1667662912
|switch|p1a: Ho-Oh|Ho-Oh|100/100
|move|p2a: Silver Wing|Max Darkness|p1a: Ho-Oh
|-damage|p1a: Ho-Oh|36/100
|-unboost|p1a: Ho-Oh|spd|1
|
|-damage|p2a: Silver Wing|76/100|[from] Leech Seed|[of] p1a: Ho-Oh
|-heal|p1a: Ho-Oh|49/100|[silent]
|upkeep
|turn|14
|
|t:|1667662948
|switch|p1a: Arceus|Arceus, shiny|100/100
|-damage|p1a: Arceus|88/100|[from] Stealth Rock
|move|p2a: Silver Wing|Max Darkness|p1a: Arceus
|-damage|p1a: Arceus|40/100
|-unboost|p1a: Arceus|spd|1
|
|-damage|p2a: Silver Wing|69/100|[from] Leech Seed|[of] p1a: Arceus
|-heal|p1a: Arceus|52/100|[silent]
|upkeep
|-end|p2a: Silver Wing|Dynamax
|-heal|p2a: Silver Wing|69/100|[silent]
|turn|15
|
|t:|1667662964
|switch|p1a: Ho-Oh|Ho-Oh|82/100
|move|p2a: Silver Wing|Oblivion Wing|p1a: Ho-Oh
|-damage|p1a: Ho-Oh|63/100
|-heal|p2a: Silver Wing|84/100|[from] drain|[of] p1a: Ho-Oh
|
|-damage|p2a: Silver Wing|71/100|[from] Leech Seed|[of] p1a: Ho-Oh
|-heal|p1a: Ho-Oh|75/100|[silent]
|upkeep
|turn|16
|
|t:|1667662973
|switch|p2a: Godzilla|Groudon-Primal|73/100 par
|-weather|DesolateLand|[from] ability: Desolate Land|[of] p2a: Godzilla
|move|p1a: Ho-Oh|Toxic||[still]
|-fail|p1a: Ho-Oh
|
|-weather|DesolateLand|[upkeep]
|upkeep
|turn|17
|
|t:|1667662985
|switch|p1a: Zygarde|Zygarde, shiny|94/100
|-damage|p1a: Zygarde|88/100|[from] Stealth Rock
|move|p2a: Godzilla|Rock Tomb|p1a: Zygarde|[miss]
|-miss|p2a: Godzilla|p1a: Zygarde
|
|-weather|DesolateLand|[upkeep]
|upkeep
|turn|18
|
|t:|1667662991
|move|p1a: Zygarde|Thousand Arrows|p2a: Godzilla
|-supereffective|p2a: Godzilla
|-damage|p2a: Godzilla|42/100 par
|move|p2a: Godzilla|Roar|p1a: Zygarde
|drag|p1a: Arceus|Arceus, shiny|52/100
|-damage|p1a: Arceus|40/100|[from] Stealth Rock
|
|-weather|DesolateLand|[upkeep]
|upkeep
|turn|19
|
|t:|1667663026
|-weather|none
|switch|p2a: A Goddam Nuke|Rayquaza|100/100
|-ability|p2a: A Goddam Nuke|Air Lock
|move|p1a: Arceus|Recover|p1a: Arceus
|-heal|p1a: Arceus|90/100
|
|upkeep
|turn|20
|
|t:|1667663050
|detailschange|p2a: A Goddam Nuke|Rayquaza-Mega
|-mega|p2a: A Goddam Nuke|Rayquaza|
|-weather|DeltaStream|[from] ability: Delta Stream|[of] p2a: A Goddam Nuke
|move|p1a: Arceus|Extreme Speed|p2a: A Goddam Nuke
|-damage|p2a: A Goddam Nuke|35/100
|-damage|p1a: Arceus|80/100|[from] item: Life Orb
|move|p2a: A Goddam Nuke|Dragon Ascent|p1a: Arceus
|-damage|p1a: Arceus|14/100
|-unboost|p2a: A Goddam Nuke|def|1
|-unboost|p2a: A Goddam Nuke|spd|1
|-damage|p2a: A Goddam Nuke|25/100|[from] item: Life Orb
|
|-weather|DeltaStream|[upkeep]
|upkeep
|turn|21
|
|t:|1667663062
|-weather|none
|switch|p2a: Zacian's Bane|Necrozma-Dusk-Mane|100/100
|move|p1a: Arceus|Recover|p1a: Arceus
|-heal|p1a: Arceus|64/100
|
|upkeep
|turn|22
|
|t:|1667663072
|switch|p1a: Zygarde|Zygarde, shiny|88/100
|-damage|p1a: Zygarde|82/100|[from] Stealth Rock
|move|p2a: Zacian's Bane|Knock Off|p1a: Zygarde
|-damage|p1a: Zygarde|63/100
|-enditem|p1a: Zygarde|Chesto Berry|[from] move: Knock Off|[of] p2a: Zacian's Bane
|
|upkeep
|turn|23
|
|t:|1667663083
|switch|p2a: Pink God|Arceus-Fairy|100/100
|move|p1a: Zygarde|Thousand Arrows|p2a: Pink God
|-damage|p2a: Pink God|79/100
|
|upkeep
|turn|24
|
|t:|1667663088
|switch|p2a: A Goddam Nuke|Rayquaza-Mega|25/100
|-weather|DeltaStream|[from] ability: Delta Stream|[of] p2a: A Goddam Nuke
|switch|p1a: Ho-Oh|Ho-Oh|100/100
|
|-weather|DeltaStream|[upkeep]
|upkeep
|turn|25
|
|t:|1667663106
|-start|p1a: Ho-Oh|Dynamax|
|-heal|p1a: Ho-Oh|100/100|[silent]
|move|p2a: A Goddam Nuke|Dragon Ascent|p1a: Ho-Oh
|-damage|p1a: Ho-Oh|53/100
|-unboost|p2a: A Goddam Nuke|def|1
|-unboost|p2a: A Goddam Nuke|spd|1
|-damage|p2a: A Goddam Nuke|15/100|[from] item: Life Orb
|move|p1a: Ho-Oh|Max Flare|p2a: A Goddam Nuke
|-resisted|p2a: A Goddam Nuke
|-damage|p2a: A Goddam Nuke|0 fnt
|-weather|SunnyDay
|faint|p2a: A Goddam Nuke
|
|-weather|SunnyDay|[upkeep]
|upkeep
|
|t:|1667663130
|switch|p2a: Godzilla|Groudon-Primal|42/100 par
|-weather|DesolateLand|[from] ability: Desolate Land|[of] p2a: Godzilla
|turn|26
|
|t:|1667663133
|move|p1a: Ho-Oh|Max Flare|p2a: Godzilla
|-resisted|p2a: Godzilla
|-damage|p2a: Godzilla|18/100 par
|move|p2a: Godzilla|Rock Tomb|p1a: Ho-Oh
|-supereffective|p1a: Ho-Oh
|-damage|p1a: Ho-Oh|10/100
|-unboost|p1a: Ho-Oh|spe|1
|
|-weather|DesolateLand|[upkeep]
|upkeep
|turn|27
|
|t:|1667663143
|move|p1a: Ho-Oh|Max Guard|p1a: Ho-Oh
|-singleturn|p1a: Ho-Oh|Max Guard
|move|p2a: Godzilla|Rock Tomb|p1a: Ho-Oh
|-activate|p1a: Ho-Oh|move: Max Guard
|
|-weather|DesolateLand|[upkeep]
|upkeep
|-end|p1a: Ho-Oh|Dynamax
|-heal|p1a: Ho-Oh|10/100|[silent]
|turn|28
|
|t:|1667663152
|switch|p1a: Zygarde|Zygarde, shiny|63/100
|-damage|p1a: Zygarde|56/100|[from] Stealth Rock
|move|p2a: Godzilla|Rock Tomb|p1a: Zygarde
|-resisted|p1a: Zygarde
|-damage|p1a: Zygarde|50/100
|-unboost|p1a: Zygarde|spe|1
|
|-weather|DesolateLand|[upkeep]
|-activate|p1a: Zygarde|ability: Power Construct
|detailschange|p1a: Zygarde|Zygarde-Complete, shiny
|-heal|p1a: Zygarde|67/100|[silent]
|upkeep
|turn|29
|
|t:|1667663162
|-weather|none
|switch|p2a: Pink God|Arceus-Fairy|79/100
|move|p1a: Zygarde|Thousand Arrows|p2a: Pink God
|-damage|p2a: Pink God|58/100
|
|upkeep
|turn|30
|
|t:|1667663168
|switch|p1a: Ho-Oh|Ho-Oh|43/100
|move|p2a: Pink God|Recover|p2a: Pink God
|-heal|p2a: Pink God|100/100
|
|upkeep
|turn|31
|
|t:|1667663174
|move|p2a: Pink God|Calm Mind|p2a: Pink God
|-boost|p2a: Pink God|spa|1
|-boost|p2a: Pink God|spd|1
|move|p1a: Ho-Oh|Defog|p2a: Pink God
|-unboost|p2a: Pink God|evasion|1
|-sideend|p1: Diancie_hhh|Stealth Rock|[from] move: Defog|[of] p1a: Ho-Oh
|
|upkeep
|turn|32
|
|t:|1667663178
|move|p2a: Pink God|Judgment|p1a: Ho-Oh
|-resisted|p1a: Ho-Oh
|-damage|p1a: Ho-Oh|26/100
|move|p1a: Ho-Oh|Roost|p1a: Ho-Oh
|-heal|p1a: Ho-Oh|76/100
|-singleturn|p1a: Ho-Oh|move: Roost
|
|upkeep
|turn|33
|
|t:|1667663182
|move|p2a: Pink God|Calm Mind|p2a: Pink God
|-boost|p2a: Pink God|spa|1
|-boost|p2a: Pink God|spd|1
|move|p1a: Ho-Oh|Toxic|p2a: Pink God
|-status|p2a: Pink God|tox
|
|-damage|p2a: Pink God|94/100 tox|[from] psn
|upkeep
|turn|34
|
|t:|1667663185
|move|p2a: Pink God|Refresh|p2a: Pink God
|-curestatus|p2a: Pink God|tox|[msg]
|move|p1a: Ho-Oh|Roost|p1a: Ho-Oh
|-heal|p1a: Ho-Oh|100/100
|-singleturn|p1a: Ho-Oh|move: Roost
|
|upkeep
|turn|35
|
|t:|1667663189
|move|p2a: Pink God|Judgment|p1a: Ho-Oh
|-resisted|p1a: Ho-Oh
|-crit|p1a: Ho-Oh
|-damage|p1a: Ho-Oh|63/100
|move|p1a: Ho-Oh|Toxic|p2a: Pink God
|-status|p2a: Pink God|tox
|
|-damage|p2a: Pink God|88/100 tox|[from] psn
|upkeep
|turn|36
|
|t:|1667663195
|move|p2a: Pink God|Refresh|p2a: Pink God
|-curestatus|p2a: Pink God|tox|[msg]
|move|p1a: Ho-Oh|Roost|p1a: Ho-Oh
|-heal|p1a: Ho-Oh|100/100
|-singleturn|p1a: Ho-Oh|move: Roost
|
|upkeep
|turn|37
|j| luisYR_a
|
|t:|1667663202
|move|p2a: Pink God|Calm Mind|p2a: Pink God
|-boost|p2a: Pink God|spa|1
|-boost|p2a: Pink God|spd|1
|move|p1a: Ho-Oh|Toxic|p2a: Pink God
|-status|p2a: Pink God|tox
|
|-damage|p2a: Pink God|82/100 tox|[from] psn
|upkeep
|turn|38
|
|t:|1667663219
|move|p2a: Pink God|Refresh|p2a: Pink God
|-curestatus|p2a: Pink God|tox|[msg]
|move|p1a: Ho-Oh|Toxic|p2a: Pink God
|-status|p2a: Pink God|tox
|
|-damage|p2a: Pink God|76/100 tox|[from] psn
|upkeep
|turn|39
|
|t:|1667663227
|move|p2a: Pink God|Refresh|p2a: Pink God
|-curestatus|p2a: Pink God|tox|[msg]
|move|p1a: Ho-Oh|Sacred Fire|p2a: Pink God
|-damage|p2a: Pink God|44/100
|-status|p2a: Pink God|brn
|
|-damage|p2a: Pink God|38/100 brn|[from] brn
|upkeep
|turn|40
|
|t:|1667663235
|move|p2a: Pink God|Recover|p2a: Pink God
|-heal|p2a: Pink God|88/100 brn
|move|p1a: Ho-Oh|Sacred Fire|p2a: Pink God
|-damage|p2a: Pink God|57/100 brn
|
|-damage|p2a: Pink God|51/100 brn|[from] brn
|upkeep
|turn|41
|
|t:|1667663245
|switch|p1a: Arceus|Arceus, shiny|64/100
|move|p2a: Pink God|Recover|p2a: Pink God
|-heal|p2a: Pink God|100/100 brn
|
|-damage|p2a: Pink God|94/100 brn|[from] brn
|upkeep
|turn|42
|
|t:|1667663255
|move|p1a: Arceus|Extreme Speed|p2a: Pink God
|-damage|p2a: Pink God|60/100 brn
|-damage|p1a: Arceus|54/100|[from] item: Life Orb
|move|p2a: Pink God|Judgment|p1a: Arceus
|-damage|p1a: Arceus|0 fnt
|faint|p1a: Arceus
|
|-damage|p2a: Pink God|54/100 brn|[from] brn
|upkeep
|
|t:|1667663273
|switch|p1a: Calyrex|Calyrex-Shadow|100/100
|-ability|p1a: Calyrex|As One
|-ability|p1a: Calyrex|Unnerve
|turn|43
|
|t:|1667663278
|move|p1a: Calyrex|Substitute|p1a: Calyrex
|-start|p1a: Calyrex|Substitute
|-damage|p1a: Calyrex|76/100
|move|p2a: Pink God|Recover|p2a: Pink God
|-heal|p2a: Pink God|100/100 brn
|
|-heal|p1a: Calyrex|82/100|[from] item: Leftovers
|-damage|p2a: Pink God|94/100 brn|[from] brn
|upkeep
|turn|44
|
|t:|1667663285
|move|p1a: Calyrex|Leech Seed|p2a: Pink God
|-start|p2a: Pink God|move: Leech Seed
|move|p2a: Pink God|Judgment|p1a: Calyrex
|-end|p1a: Calyrex|Substitute
|
|-heal|p1a: Calyrex|88/100|[from] item: Leftovers
|-damage|p2a: Pink God|82/100 brn|[from] Leech Seed|[of] p1a: Calyrex
|-heal|p1a: Calyrex|100/100|[silent]
|-damage|p2a: Pink God|76/100 brn|[from] brn
|upkeep
|turn|45
|
|t:|1667663291
|move|p1a: Calyrex|Substitute|p1a: Calyrex
|-start|p1a: Calyrex|Substitute
|-damage|p1a: Calyrex|76/100
|move|p2a: Pink God|Refresh|p2a: Pink God
|-curestatus|p2a: Pink God|brn|[msg]
|
|-heal|p1a: Calyrex|82/100|[from] item: Leftovers
|-damage|p2a: Pink God|64/100|[from] Leech Seed|[of] p1a: Calyrex
|-heal|p1a: Calyrex|97/100|[silent]
|upkeep
|turn|46
|
|t:|1667663299
|move|p1a: Calyrex|Taunt|p2a: Pink God
|-start|p2a: Pink God|move: Taunt
|move|p2a: Pink God|Judgment|p1a: Calyrex
|-end|p1a: Calyrex|Substitute
|
|-heal|p1a: Calyrex|100/100|[from] item: Leftovers
|-damage|p2a: Pink God|51/100|[from] Leech Seed|[of] p1a: Calyrex
|upkeep
|turn|47
|
|t:|1667663320
|switch|p2a: Silver Wing|Yveltal, shiny|71/100
|-ability|p2a: Silver Wing|Dark Aura
|move|p1a: Calyrex|Substitute|p1a: Calyrex
|-start|p1a: Calyrex|Substitute
|-damage|p1a: Calyrex|76/100
|
|-heal|p1a: Calyrex|82/100|[from] item: Leftovers
|upkeep
|turn|48
|
|t:|1667663330
|move|p1a: Calyrex|Leech Seed|p2a: Silver Wing
|-start|p2a: Silver Wing|move: Leech Seed
|move|p2a: Silver Wing|Oblivion Wing|p1a: Calyrex
|-crit|p1a: Calyrex
|-end|p1a: Calyrex|Substitute
|-heal|p2a: Silver Wing|88/100|[from] drain|[of] p1a: Calyrex
|
|-heal|p1a: Calyrex|88/100|[from] item: Leftovers
|-damage|p2a: Silver Wing|76/100|[from] Leech Seed|[of] p1a: Calyrex
|-heal|p1a: Calyrex|100/100|[silent]
|upkeep
|turn|49
|
|t:|1667663345
|switch|p1a: Ho-Oh|Ho-Oh|100/100
|switch|p2a: Pink God|Arceus-Fairy|51/100
|
|upkeep
|turn|50
|
|t:|1667663352
|move|p2a: Pink God|Recover|p2a: Pink God
|-heal|p2a: Pink God|100/100
|move|p1a: Ho-Oh|Toxic|p2a: Pink God
|-status|p2a: Pink God|tox
|
|-damage|p2a: Pink God|94/100 tox|[from] psn
|upkeep
|turn|51
|
|t:|1667663355
|switch|p1a: Calyrex|Calyrex-Shadow|100/100
|-ability|p1a: Calyrex|As One
|-ability|p1a: Calyrex|Unnerve
|move|p2a: Pink God|Refresh|p2a: Pink God
|-curestatus|p2a: Pink God|tox|[msg]
|
|upkeep
|turn|52
|
|t:|1667663363
|move|p1a: Calyrex|Substitute|p1a: Calyrex
|-start|p1a: Calyrex|Substitute
|-damage|p1a: Calyrex|76/100
|move|p2a: Pink God|Judgment|p1a: Calyrex
|-end|p1a: Calyrex|Substitute
|
|-heal|p1a: Calyrex|82/100|[from] item: Leftovers
|upkeep
|turn|53
|
|t:|1667663369
|switch|p1a: Ho-Oh|Ho-Oh|100/100
|move|p2a: Pink God|Judgment|p1a: Ho-Oh
|-resisted|p1a: Ho-Oh
|-damage|p1a: Ho-Oh|88/100
|
|upkeep
|turn|54
|
|t:|1667663380
|move|p2a: Pink God|Calm Mind|p2a: Pink God
|-boost|p2a: Pink God|spa|1
|-boost|p2a: Pink God|spd|1
|move|p1a: Ho-Oh|Toxic|p2a: Pink God
|-status|p2a: Pink God|tox
|
|-damage|p2a: Pink God|88/100 tox|[from] psn
|upkeep
|turn|55
|
|t:|1667663397
|switch|p1a: 大地之神|Groudon, shiny|100/100
|detailschange|p1a: 大地之神|Groudon-Primal, shiny
|-primal|p1a: 大地之神
|-weather|DesolateLand|[from] ability: Desolate Land|[of] p1a: 大地之神
|move|p2a: Pink God|Refresh|p2a: Pink God
|-curestatus|p2a: Pink God|tox|[msg]
|
|-weather|DesolateLand|[upkeep]
|upkeep
|turn|56
|
|t:|1667663417
|move|p2a: Pink God|Judgment|p1a: 大地之神
|-resisted|p1a: 大地之神
|-damage|p1a: 大地之神|70/100
|move|p1a: 大地之神|Fire Punch|p2a: Pink God
|-damage|p2a: Pink God|36/100
|
|-weather|DesolateLand|[upkeep]
|upkeep
|turn|57
|
|t:|1667663429
|switch|p2a: Godzilla|Groudon-Primal|18/100 par
|move|p1a: 大地之神|Fire Punch|p2a: Godzilla
|-resisted|p2a: Godzilla
|-damage|p2a: Godzilla|0 fnt
|faint|p2a: Godzilla
|
|-weather|DesolateLand|[upkeep]
|upkeep
|
|t:|1667663438
|switch|p2a: Mr. Wiggles|Calyrex-Shadow|100/100
|-ability|p2a: Mr. Wiggles|As One
|-ability|p2a: Mr. Wiggles|Unnerve
|turn|58
|
|t:|1667663449
|-weather|none
|switch|p1a: Ho-Oh|Ho-Oh|100/100
|move|p2a: Mr. Wiggles|Nasty Plot|p2a: Mr. Wiggles
|-boost|p2a: Mr. Wiggles|spa|2
|
|upkeep
|turn|59
|
|t:|1667663460
|-zpower|p2a: Mr. Wiggles
|move|p2a: Mr. Wiggles|Never-Ending Nightmare|p1a: Ho-Oh|[zeffect]
|-damage|p1a: Ho-Oh|0 fnt
|faint|p1a: Ho-Oh
|-ability|p2a: Mr. Wiggles|Grim Neigh|boost
|-boost|p2a: Mr. Wiggles|spa|1
|
|upkeep
|l|☆Diancie_hhh
|player|p1|
|j|☆Diancie_hhh
|player|p1|Diancie_hhh|marnie
|
|t:|1667663500
|switch|p1a: 相信三旋击!|Weavile, F, shiny|76/100
|-ability|p1a: 相信三旋击!|Pressure
|turn|60
|
|t:|1667663519
|move|p1a: 相信三旋击!|Knock Off|p2a: Mr. Wiggles
|-supereffective|p2a: Mr. Wiggles
|-damage|p2a: Mr. Wiggles|0 fnt
|faint|p2a: Mr. Wiggles
|
|upkeep
|
|t:|1667663527
|switch|p2a: Pink God|Arceus-Fairy|36/100
|turn|61
|
|t:|1667663547
|switch|p1a: 大地之神|Groudon-Primal, shiny|70/100
|-weather|DesolateLand|[from] ability: Desolate Land|[of] p1a: 大地之神
|move|p2a: Pink God|Recover|p2a: Pink God
|-heal|p2a: Pink God|86/100
|
|-weather|DesolateLand|[upkeep]
|upkeep
|turn|62
|
|t:|1667663556
|move|p2a: Pink God|Judgment|p1a: 大地之神
|-resisted|p1a: 大地之神
|-damage|p1a: 大地之神|48/100
|move|p1a: 大地之神|Fire Punch|p2a: Pink God
|-damage|p2a: Pink God|27/100
|
|-weather|DesolateLand|[upkeep]
|upkeep
|turn|63
|
|t:|1667663565
|move|p2a: Pink God|Judgment|p1a: 大地之神
|-resisted|p1a: 大地之神
|-damage|p1a: 大地之神|24/100
|move|p1a: 大地之神|Fire Punch|p2a: Pink God
|-damage|p2a: Pink God|0 fnt
|faint|p2a: Pink God
|
|-weather|DesolateLand|[upkeep]
|upkeep
|
|t:|1667663567
|switch|p2a: Silver Wing|Yveltal, shiny|76/100
|-ability|p2a: Silver Wing|Dark Aura
|turn|64
|
|t:|1667663586
|move|p2a: Silver Wing|Oblivion Wing|p1a: 大地之神
|-damage|p1a: 大地之神|0 fnt
|-heal|p2a: Silver Wing|92/100|[from] drain|[of] p1a: 大地之神
|faint|p1a: 大地之神
|-weather|none
|
|upkeep
|
|t:|1667663594
|switch|p1a: 相信三旋击!|Weavile, F, shiny|76/100
|-ability|p1a: 相信三旋击!|Pressure
|turn|65
|
|t:|1667663600
|switch|p2a: Zacian's Bane|Necrozma-Dusk-Mane|100/100
|move|p1a: 相信三旋击!|Triple Axel|p2a: Zacian's Bane
|-resisted|p2a: Zacian's Bane
|-damage|p2a: Zacian's Bane|97/100
|-damage|p1a: 相信三旋击!|59/100|[from] item: Rocky Helmet|[of] p2a: Zacian's Bane
|-resisted|p2a: Zacian's Bane
|-damage|p2a: Zacian's Bane|91/100
|-damage|p1a: 相信三旋击!|43/100|[from] item: Rocky Helmet|[of] p2a: Zacian's Bane
|-resisted|p2a: Zacian's Bane
|-damage|p2a: Zacian's Bane|82/100
|-damage|p1a: 相信三旋击!|26/100|[from] item: Rocky Helmet|[of] p2a: Zacian's Bane
|-hitcount|p2a: Zacian's Bane|3
|
|upkeep
|turn|66
|
|t:|1667663618
|switch|p1a: Calyrex|Calyrex-Shadow|82/100
|-ability|p1a: Calyrex|As One
|-ability|p1a: Calyrex|Unnerve
|move|p2a: Zacian's Bane|Sunsteel Strike|p1a: Calyrex
|-damage|p1a: Calyrex|23/100
|
|-heal|p1a: Calyrex|29/100|[from] item: Leftovers
|upkeep
|turn|67
|j| Buck X
|
|t:|1667663640
|move|p1a: Calyrex|Astral Barrage|p2a: Zacian's Bane
|-supereffective|p2a: Zacian's Bane
|-damage|p2a: Zacian's Bane|0 fnt
|faint|p2a: Zacian's Bane
|-ability|p1a: Calyrex|Grim Neigh|boost
|-boost|p1a: Calyrex|spa|1
|
|-heal|p1a: Calyrex|35/100|[from] item: Leftovers
|upkeep
|
|t:|1667663643
|switch|p2a: Silver Wing|Yveltal, shiny|92/100
|-ability|p2a: Silver Wing|Dark Aura
|turn|68
|
|t:|1667663655
|move|p1a: Calyrex|Substitute|p1a: Calyrex
|-start|p1a: Calyrex|Substitute
|-damage|p1a: Calyrex|10/100
|move|p2a: Silver Wing|Oblivion Wing|p1a: Calyrex
|-end|p1a: Calyrex|Substitute
|-heal|p2a: Silver Wing|100/100|[from] drain|[of] p1a: Calyrex
|
|-heal|p1a: Calyrex|16/100|[from] item: Leftovers
|upkeep
|turn|69
|
|t:|1667663666
|move|p1a: Calyrex|Astral Barrage|p2a: Silver Wing
|-resisted|p2a: Silver Wing
|-damage|p2a: Silver Wing|48/100
|move|p2a: Silver Wing|Oblivion Wing|p1a: Calyrex
|-damage|p1a: Calyrex|0 fnt
|-heal|p2a: Silver Wing|58/100|[from] drain|[of] p1a: Calyrex
|faint|p1a: Calyrex
|
|upkeep
|
|t:|1667663679
|switch|p1a: 相信三旋击!|Weavile, F, shiny|26/100
|-ability|p1a: 相信三旋击!|Pressure
|turn|70
|
|t:|1667663684
|move|p2a: Silver Wing|Sucker Punch|p1a: 相信三旋击!
|-resisted|p1a: 相信三旋击!
|-damage|p1a: 相信三旋击!|0 fnt
|faint|p1a: 相信三旋击!
|
|upkeep
|
|t:|1667663691
|switch|p1a: Zygarde|Zygarde-Complete, shiny|67/100
|turn|71
|
|t:|1667663695
|move|p2a: Silver Wing|Oblivion Wing|p1a: Zygarde
|-damage|p1a: Zygarde|45/100
|-heal|p2a: Silver Wing|85/100|[from] drain|[of] p1a: Zygarde
|move|p1a: Zygarde|Glare|p2a: Silver Wing
|-status|p2a: Silver Wing|par
|
|upkeep
|turn|72
|
|t:|1667663703
|move|p1a: Zygarde|Coil|p1a: Zygarde
|-boost|p1a: Zygarde|atk|1
|-boost|p1a: Zygarde|def|1
|-boost|p1a: Zygarde|accuracy|1
|move|p2a: Silver Wing|Dark Pulse|p1a: Zygarde
|-damage|p1a: Zygarde|17/100
|
|upkeep
|turn|73
|
|t:|1667663712
|move|p1a: Zygarde|Rest|p1a: Zygarde
|-status|p1a: Zygarde|slp|[from] move: Rest
|-heal|p1a: Zygarde|100/100 slp|[silent]
|move|p2a: Silver Wing|Dark Pulse|p1a: Zygarde
|-damage|p1a: Zygarde|73/100 slp
|
|upkeep
|turn|74
|
|t:|1667663719
|cant|p1a: Zygarde|slp
|move|p2a: Silver Wing|Dark Pulse|p1a: Zygarde
|-damage|p1a: Zygarde|47/100 slp
|
|upkeep
|turn|75
|
|t:|1667663724
|cant|p1a: Zygarde|slp
|cant|p2a: Silver Wing|par
|
|upkeep
|turn|76
|
|t:|1667663728
|-curestatus|p1a: Zygarde|slp|[msg]
|move|p1a: Zygarde|Rest|p1a: Zygarde
|-status|p1a: Zygarde|slp|[from] move: Rest
|-heal|p1a: Zygarde|100/100 slp|[silent]
|cant|p2a: Silver Wing|par
|
|upkeep
|turn|77
|
|t:|1667663735
|cant|p1a: Zygarde|slp
|move|p2a: Silver Wing|Oblivion Wing|p1a: Zygarde
|-damage|p1a: Zygarde|81/100 slp
|-heal|p2a: Silver Wing|100/100 par|[from] drain|[of] p1a: Zygarde
|
|upkeep
|turn|78
|
|t:|1667663741
|cant|p1a: Zygarde|slp
|move|p2a: Silver Wing|Dark Pulse|p1a: Zygarde
|-damage|p1a: Zygarde|52/100 slp
|
|upkeep
|turn|79
|
|t:|1667663744
|-curestatus|p1a: Zygarde|slp|[msg]
|move|p1a: Zygarde|Coil|p1a: Zygarde
|-boost|p1a: Zygarde|atk|1
|-boost|p1a: Zygarde|def|1
|-boost|p1a: Zygarde|accuracy|1
|move|p2a: Silver Wing|Dark Pulse|p1a: Zygarde
|-damage|p1a: Zygarde|22/100
|
|upkeep
|turn|80
|
|t:|1667663749
|move|p1a: Zygarde|Rest|p1a: Zygarde
|-status|p1a: Zygarde|slp|[from] move: Rest
|-heal|p1a: Zygarde|100/100 slp|[silent]
|move|p2a: Silver Wing|Dark Pulse|p1a: Zygarde
|-damage|p1a: Zygarde|74/100 slp
|
|upkeep
|turn|81
|
|t:|1667663758
|cant|p1a: Zygarde|slp
|move|p2a: Silver Wing|Dark Pulse|p1a: Zygarde
|-damage|p1a: Zygarde|47/100 slp
|
|upkeep
|turn|82
|
|t:|1667663764
|cant|p1a: Zygarde|slp
|cant|p2a: Silver Wing|par
|
|upkeep
|turn|83
|
|t:|1667663770
|-curestatus|p1a: Zygarde|slp|[msg]
|move|p1a: Zygarde|Thousand Arrows|p2a: Silver Wing
|-damage|p2a: Silver Wing|33/100 par
|-start|p2a: Silver Wing|Smack Down
|move|p2a: Silver Wing|Dark Pulse|p1a: Zygarde
|-damage|p1a: Zygarde|20/100
|
|upkeep
|turn|84
|
|t:|1667663780
|move|p1a: Zygarde|Thousand Arrows|p2a: Silver Wing
|-damage|p2a: Silver Wing|0 fnt
|faint|p2a: Silver Wing
|
|win|Diancie_hhh
|raw|Diancie_hhh's rating: 1708 &rarr; <strong>1732</strong><br />(+24 for winning)
|raw|Anomander Rake 88's rating: 1773 &rarr; <strong>1749</strong><br />(-24 for losing)
|c|☆Anomander Rake 88|gg
|c|☆Diancie_hhh|gg
