|j|☆purrglar
|j|☆CuriousPlayer
|t:|1658149249
|gametype|singles
|player|p1|purrglar|petrel|1378
|player|p2|CuriousPlayer|cynthia|1347
|teamsize|p1|6
|teamsize|p2|6
|gen|8
|tier|[Gen 8] National Dex AG
|rated|
|rule|HP Percentage Mod: HP is shown in percentages
|rule|Endless Battle Clause: Forcing endless battles is banned
|clearpoke
|poke|p1|Pelipper, M|
|poke|p1|Seismitoad, M|
|poke|p1|Arceus-*|
|poke|p1|Barraskewda, M|
|poke|p1|Cloyster, M|
|poke|p1|Blastoise, F|
|poke|p2|Greninja, M|
|poke|p2|Gliscor, M|
|poke|p2|Pheromosa|
|poke|p2|Milotic, F|
|poke|p2|Metagross|
|poke|p2|Salamence, M|
|teampreview
|inactive|Battle timer is ON: inactive players will automatically lose when time's up. (requested by CuriousPlayer)
|inactive|purrglar also wants the timer to be on.
|
|t:|1658149255
|start
|switch|p1a: Cloyster|Cloyster, M|100/100
|switch|p2a: Pheromosa|Pheromosa, shiny|100/100
|turn|1
|
|t:|1658149262
|move|p2a: Pheromosa|U-turn|p1a: Cloyster
|-damage|p1a: Cloyster|61/100
|-damage|p2a: Pheromosa|91/100|[from] item: Life Orb
|
|t:|1658149265
|switch|p2a: Metagross|Metagross, shiny|100/100|[from]move: U-turn
|move|p1a: Cloyster|Shell Smash|p1a: Cloyster
|-unboost|p1a: Cloyster|def|1
|-unboost|p1a: Cloyster|spd|1
|-boost|p1a: Cloyster|atk|2
|-boost|p1a: Cloyster|spa|2
|-boost|p1a: Cloyster|spe|2
|
|upkeep
|turn|2
|
|t:|1658149268
|detailschange|p2a: Metagross|Metagross-Mega, shiny
|-mega|p2a: Metagross|Metagross|Metagrossite
|move|p1a: Cloyster|Icicle Spear|p2a: Metagross
|-resisted|p2a: Metagross
|-damage|p2a: Metagross|91/100
|-resisted|p2a: Metagross
|-damage|p2a: Metagross|82/100
|-resisted|p2a: Metagross
|-damage|p2a: Metagross|73/100
|-resisted|p2a: Metagross
|-damage|p2a: Metagross|64/100
|-resisted|p2a: Metagross
|-damage|p2a: Metagross|55/100
|-hitcount|p2a: Metagross|5
|move|p2a: Metagross|Power-Up Punch|p1a: Cloyster
|-supereffective|p1a: Cloyster
|-damage|p1a: Cloyster|13/100
|-boost|p2a: Metagross|atk|1
|
|upkeep
|turn|3
|
|t:|1658149278
|move|p2a: Metagross|Bullet Punch|p1a: Cloyster
|-damage|p1a: Cloyster|0 fnt
|faint|p1a: Cloyster
|
|upkeep
|
|t:|1658149280
|switch|p1a: Pelipper|Pelipper, M|100/100
|-weather|RainDance|[from] ability: Drizzle|[of] p1a: Pelipper
|turn|4
|
|t:|1658149283
|move|p2a: Metagross|Zen Headbutt|p1a: Pelipper|[miss]
|-miss|p2a: Metagross|p1a: Pelipper
|move|p1a: Pelipper|Hydro Pump|p2a: Metagross
|-damage|p2a: Metagross|0 fnt
|faint|p2a: Metagross
|
|-weather|RainDance|[upkeep]
|upkeep
|
|t:|1658149290
|switch|p2a: Salamence|Salamence, M|100/100
|turn|5
|
|t:|1658149300
|move|p2a: Salamence|Dragon Dance|p2a: Salamence
|-boost|p2a: Salamence|atk|1
|-boost|p2a: Salamence|spe|1
|move|p1a: Pelipper|Hurricane|p2a: Salamence
|-damage|p2a: Salamence|33/100
|-start|p2a: Salamence|confusion
|
|-weather|RainDance|[upkeep]
|upkeep
|turn|6
|
|t:|1658149303
|-activate|p2a: Salamence|confusion
|move|p2a: Salamence|Dual Wingbeat|p1a: Pelipper
|-crit|p1a: Pelipper
|-damage|p1a: Pelipper|33/100
|-damage|p1a: Pelipper|0 fnt
|faint|p1a: Pelipper
|-ability|p2a: Salamence|Moxie|boost
|-boost|p2a: Salamence|atk|1
|-hitcount|p1: Pelipper|2
|
|-weather|RainDance|[upkeep]
|upkeep
|
|t:|1658149308
|switch|p1a: Blastoise|Blastoise, F|100/100
|turn|7
|
|t:|1658149316
|detailschange|p1a: Blastoise|Blastoise-Mega, F
|-mega|p1a: Blastoise|Blastoise|Blastoisinite
|-activate|p2a: Salamence|confusion
|move|p2a: Salamence|Dual Wingbeat|p1a: Blastoise
|-damage|p1a: Blastoise|57/100
|-damage|p1a: Blastoise|12/100
|-hitcount|p1a: Blastoise|2
|move|p1a: Blastoise|Dark Pulse|p2a: Salamence
|-damage|p2a: Salamence|0 fnt
|faint|p2a: Salamence
|
|-weather|RainDance|[upkeep]
|upkeep
|
|t:|1658149318
|switch|p2a: Greninja|Greninja, M|100/100
|turn|8
|
|t:|1658149323
|move|p2a: Greninja|Dark Pulse|p1a: Blastoise
|-damage|p1a: Blastoise|0 fnt
|faint|p1a: Blastoise
|-activate|p2a: Greninja|ability: Battle Bond
|detailschange|p2a: Greninja|Greninja-Ash, M
|
|-weather|RainDance|[upkeep]
|upkeep
|
|t:|1658149326
|switch|p1a: Seismitoad|Seismitoad, M|100/100
|turn|9
|
|t:|1658149332
|switch|p2a: Milotic|Milotic, F, shiny|100/100
|move|p1a: Seismitoad|Focus Blast|p2a: Milotic|[miss]
|-miss|p1a: Seismitoad|p2a: Milotic
|
|-weather|RainDance|[upkeep]
|-status|p2a: Milotic|brn|[from] item: Flame Orb
|upkeep
|turn|10
|
|t:|1658149336
|move|p1a: Seismitoad|Stealth Rock|p2a: Milotic
|-sidestart|p2: CuriousPlayer|move: Stealth Rock
|move|p2a: Milotic|Toxic|p1a: Seismitoad
|-status|p1a: Seismitoad|tox
|
|-weather|RainDance|[upkeep]
|-damage|p1a: Seismitoad|95/100 tox|[from] psn
|-damage|p2a: Milotic|94/100 brn|[from] brn
|upkeep
|turn|11
|
|t:|1658149340
|switch|p1a: Barraskewda|Barraskewda, M|100/100
|move|p2a: Milotic|Scald|p1a: Barraskewda
|-resisted|p1a: Barraskewda
|-damage|p1a: Barraskewda|53/100
|
|-weather|none
|-damage|p2a: Milotic|88/100 brn|[from] brn
|upkeep
|turn|12
|
|t:|1658149345
|-start|p1a: Barraskewda|Dynamax|
|-heal|p1a: Barraskewda|53/100|[silent]
|move|p1a: Barraskewda|Max Geyser|p2a: Milotic
|-resisted|p2a: Milotic
|-damage|p2a: Milotic|62/100 brn
|-weather|RainDance
|move|p2a: Milotic|Toxic|p1a: Barraskewda
|-status|p1a: Barraskewda|tox
|
|-weather|RainDance|[upkeep]
|-damage|p1a: Barraskewda|50/100 tox|[from] psn
|-damage|p2a: Milotic|56/100 brn|[from] brn
|upkeep
|turn|13
|
|t:|1658149349
|move|p1a: Barraskewda|Max Mindstorm|p2a: Milotic
|-damage|p2a: Milotic|22/100 brn
|-fieldstart|move: Psychic Terrain
|move|p2a: Milotic|Recover|p2a: Milotic
|-heal|p2a: Milotic|72/100 brn
|
|-weather|RainDance|[upkeep]
|-damage|p1a: Barraskewda|44/100 tox|[from] psn
|-damage|p2a: Milotic|66/100 brn|[from] brn
|upkeep
|turn|14
|
|t:|1658149353
|move|p1a: Barraskewda|Max Geyser|p2a: Milotic
|-resisted|p2a: Milotic
|-damage|p2a: Milotic|29/100 brn
|move|p2a: Milotic|Recover|p2a: Milotic
|-heal|p2a: Milotic|79/100 brn
|
|-weather|RainDance|[upkeep]
|-damage|p1a: Barraskewda|35/100 tox|[from] psn
|-damage|p2a: Milotic|73/100 brn|[from] brn
|upkeep
|-end|p1a: Barraskewda|Dynamax
|-heal|p1a: Barraskewda|35/100 tox|[silent]
|turn|15
|
|t:|1658149358
|move|p1a: Barraskewda|Liquidation|p2a: Milotic
|-resisted|p2a: Milotic
|-damage|p2a: Milotic|33/100 brn
|move|p2a: Milotic|Recover|p2a: Milotic
|-heal|p2a: Milotic|83/100 brn
|
|-weather|RainDance|[upkeep]
|-damage|p1a: Barraskewda|11/100 tox|[from] psn
|-damage|p2a: Milotic|77/100 brn|[from] brn
|upkeep
|turn|16
|
|t:|1658149362
|move|p1a: Barraskewda|Liquidation|p2a: Milotic
|-resisted|p2a: Milotic
|-damage|p2a: Milotic|40/100 brn
|move|p2a: Milotic|Recover|p2a: Milotic
|-heal|p2a: Milotic|90/100 brn
|
|-weather|none
|-damage|p1a: Barraskewda|0 fnt|[from] psn
|faint|p1a: Barraskewda
|-damage|p2a: Milotic|84/100 brn|[from] brn
|upkeep
|
|t:|1658149365
|switch|p1a: Arceus|Arceus-Water|100/100
|turn|17
|
|t:|1658149370
|move|p1a: Arceus|Swords Dance|p1a: Arceus
|-boost|p1a: Arceus|atk|2
|move|p2a: Milotic|Toxic|p1a: Arceus|[miss]
|-miss|p2a: Milotic|p1a: Arceus
|
|-damage|p2a: Milotic|78/100 brn|[from] brn
|-fieldend|move: Psychic Terrain
|upkeep
|turn|18
|
|t:|1658149372
|move|p1a: Arceus|Stone Edge|p2a: Milotic
|-damage|p2a: Milotic|27/100 brn
|move|p2a: Milotic|Haze|p2a: Milotic
|-clearallboost
|
|-damage|p2a: Milotic|21/100 brn|[from] brn
|upkeep
|turn|19
|
|t:|1658149376
|move|p1a: Arceus|Extreme Speed|p2a: Milotic
|-damage|p2a: Milotic|3/100 brn
|move|p2a: Milotic|Recover|p2a: Milotic
|-heal|p2a: Milotic|53/100 brn
|
|-damage|p2a: Milotic|47/100 brn|[from] brn
|upkeep
|turn|20
|-message|purrglar forfeited.
|
|win|CuriousPlayer
|raw|purrglar's rating: 1378 &rarr; <strong>1356</strong><br />(-22 for losing)
|raw|CuriousPlayer's rating: 1347 &rarr; <strong>1369</strong><br />(+22 for winning)
|l|☆purrglar
