|j|☆kasak
|j|☆Alain the expert
|t:|1611930416
|player|p1|kasak|youngster-gen4|1858
|player|p2|Alain the expert|ingo|1594
|teamsize|p1|6
|teamsize|p2|6
|gametype|singles
|gen|8
|tier|[Gen 8] National Dex AG
|rated|
|clearpoke
|poke|p1|Arceus-*|
|poke|p1|Ditto|
|poke|p1|Sableye, M|
|poke|p1|Chansey, F|
|poke|p1|Lugia|
|poke|p1|Groudon|
|poke|p2|Yveltal|
|poke|p2|Necrozma-Dusk-Mane|
|poke|p2|Zygarde|
|poke|p2|Groudon|
|poke|p2|Rayquaza|
|poke|p2|Zacian-Crowned|
|rule|HP Percentage Mod: HP is shown in percentages
|rule|Endless Battle Clause: Forcing endless battles is banned
|teampreview
|
|t:|1611930436
|start
|switch|p1a: 루기아|Lugia|100/100
|switch|p2a: Groudon|Groudon, shiny|100/100
|detailschange|p2a: Groudon|Groudon-Primal, shiny
|-primal|p2a: Groudon
|-weather|DesolateLand|[from] ability: Desolate Land|[of] p2a: Groudon
|turn|1
|
|t:|1611930443
|move|p2a: Groudon|Stealth Rock|p1a: 루기아
|-sidestart|p1: kasak|move: Stealth Rock
|move|p1a: 루기아|Toxic|p2a: Groudon
|-status|p2a: Groudon|tox
|
|-weather|DesolateLand|[upkeep]
|-damage|p2a: Groudon|94/100 tox|[from] psn
|upkeep
|turn|2
|
|t:|1611930449
|move|p2a: Groudon|Swords Dance|p2a: Groudon
|-boost|p2a: Groudon|atk|2
|move|p1a: 루기아|Defog|p2a: Groudon
|-unboost|p2a: Groudon|evasion|1
|-sideend|p1: kasak|Stealth Rock|[from] move: Defog|[of] p1a: 루기아
|
|-weather|DesolateLand|[upkeep]
|-damage|p2a: Groudon|82/100 tox|[from] psn
|upkeep
|turn|3
|
|t:|1611930459
|move|p2a: Groudon|Stealth Rock|p1a: 루기아
|-sidestart|p1: kasak|move: Stealth Rock
|move|p1a: 루기아|Roost||[still]
|-fail|p1a: 루기아|heal
|
|-weather|DesolateLand|[upkeep]
|-damage|p2a: Groudon|64/100 tox|[from] psn
|upkeep
|turn|4
|
|t:|1611930465
|move|p2a: Groudon|Stone Edge|p1a: 루기아
|-supereffective|p1a: 루기아
|-damage|p1a: 루기아|64/100
|move|p1a: 루기아|Defog|p2a: Groudon
|-unboost|p2a: Groudon|evasion|1
|-sideend|p1: kasak|Stealth Rock|[from] move: Defog|[of] p1a: 루기아
|
|-weather|DesolateLand|[upkeep]
|-damage|p2a: Groudon|39/100 tox|[from] psn
|upkeep
|turn|5
|
|t:|1611930473
|move|p2a: Groudon|Stone Edge|p1a: 루기아|[miss]
|-miss|p2a: Groudon|p1a: 루기아
|move|p1a: 루기아|Roost|p1a: 루기아
|-heal|p1a: 루기아|100/100
|-singleturn|p1a: 루기아|move: Roost
|
|-weather|DesolateLand|[upkeep]
|-damage|p2a: Groudon|8/100 tox|[from] psn
|upkeep
|turn|6
|
|t:|1611930482
|move|p2a: Groudon|Stone Edge|p1a: 루기아|[miss]
|-miss|p2a: Groudon|p1a: 루기아
|move|p1a: 루기아|Defog|p2a: Groudon
|-unboost|p2a: Groudon|evasion|1
|
|-weather|DesolateLand|[upkeep]
|-damage|p2a: Groudon|0 fnt|[from] psn
|faint|p2a: Groudon
|-weather|none
|upkeep
|
|t:|1611930491
|switch|p2a: Yveltal|Yveltal, shiny|100/100
|-ability|p2a: Yveltal|Dark Aura
|turn|7
|
|t:|1611930500
|move|p2a: Yveltal|Toxic|p1a: 루기아
|-status|p1a: 루기아|tox
|move|p1a: 루기아|Toxic|p2a: Yveltal
|-status|p2a: Yveltal|tox
|
|-damage|p2a: Yveltal|94/100 tox|[from] psn
|-damage|p1a: 루기아|94/100 tox|[from] psn
|upkeep
|turn|8
|
|t:|1611930507
|switch|p1a: 럭키|Chansey, F|100/100
|move|p2a: Yveltal|Knock Off|p1a: 럭키
|-damage|p1a: 럭키|62/100
|-enditem|p1a: 럭키|Eviolite|[from] move: Knock Off|[of] p2a: Yveltal
|
|-damage|p2a: Yveltal|82/100 tox|[from] psn
|upkeep
|turn|9
|
|t:|1611930522
|switch|p2a: Zygarde|Zygarde, shiny|100/100
|move|p1a: 럭키|Wish|p1a: 럭키
|
|upkeep
|turn|10
|
|t:|1611930529
|switch|p1a: 아르세우스|Arceus-Fairy|100/100
|move|p2a: Zygarde|Substitute|p2a: Zygarde
|-start|p2a: Zygarde|Substitute
|-damage|p2a: Zygarde|75/100
|
|-heal|p2a: Zygarde|82/100|[from] item: Leftovers
|upkeep
|turn|11
|
|t:|1611930536
|move|p1a: 아르세우스|Judgment|p2a: Zygarde
|-supereffective|p2a: Zygarde
|-end|p2a: Zygarde|Substitute
|move|p2a: Zygarde|Dragon Dance|p2a: Zygarde
|-boost|p2a: Zygarde|atk|1
|-boost|p2a: Zygarde|spe|1
|
|-heal|p2a: Zygarde|88/100|[from] item: Leftovers
|upkeep
|turn|12
|
|t:|1611930544
|move|p2a: Zygarde|Substitute|p2a: Zygarde
|-start|p2a: Zygarde|Substitute
|-damage|p2a: Zygarde|63/100
|move|p1a: 아르세우스|Judgment|p2a: Zygarde
|-supereffective|p2a: Zygarde
|-end|p2a: Zygarde|Substitute
|
|-heal|p2a: Zygarde|69/100|[from] item: Leftovers
|upkeep
|turn|13
|
|t:|1611930563
|move|p2a: Zygarde|Thousand Arrows|p1a: 아르세우스
|-damage|p1a: 아르세우스|65/100
|move|p1a: 아르세우스|Judgment|p2a: Zygarde
|-supereffective|p2a: Zygarde
|-damage|p2a: Zygarde|0 fnt
|faint|p2a: Zygarde
|
|upkeep
|
|t:|1611930570
|switch|p2a: Zacian|Zacian-Crowned|100/100
|-ability|p2a: Zacian|Intrepid Sword|boost
|-boost|p2a: Zacian|atk|1
|turn|14
|
|t:|1611930575
|switch|p1a: 그란돈|Groudon|100/100
|detailschange|p1a: 그란돈|Groudon-Primal
|-primal|p1a: 그란돈
|-weather|DesolateLand|[from] ability: Desolate Land|[of] p1a: 그란돈
|move|p2a: Zacian|Behemoth Blade|p1a: 그란돈
|-resisted|p1a: 그란돈
|-damage|p1a: 그란돈|77/100
|
|-weather|DesolateLand|[upkeep]
|upkeep
|turn|15
|
|t:|1611930589
|switch|p2a: Yveltal|Yveltal, shiny|82/100 tox
|-ability|p2a: Yveltal|Dark Aura
|move|p1a: 그란돈|Rock Tomb|p2a: Yveltal
|-supereffective|p2a: Yveltal
|-damage|p2a: Yveltal|34/100 tox
|-unboost|p2a: Yveltal|spe|1
|
|-weather|DesolateLand|[upkeep]
|-damage|p2a: Yveltal|28/100 tox|[from] psn
|upkeep
|turn|16
|
|t:|1611930601
|-weather|none
|switch|p1a: 아르세우스|Arceus-Fairy|65/100
|switch|p2a: Necrozma|Necrozma-Dusk-Mane|100/100
|
|upkeep
|turn|17
|
|t:|1611930610
|move|p1a: 아르세우스|Will-O-Wisp|p2a: Necrozma
|-status|p2a: Necrozma|brn
|move|p2a: Necrozma|Sunsteel Strike|p1a: 아르세우스
|-supereffective|p1a: 아르세우스
|-damage|p1a: 아르세우스|22/100
|
|-damage|p2a: Necrozma|94/100 brn|[from] brn
|upkeep
|turn|18
|
|t:|1611930622
|switch|p2a: Rayquaza|Rayquaza, shiny|100/100
|-ability|p2a: Rayquaza|Air Lock
|move|p1a: 아르세우스|Recover|p1a: 아르세우스
|-heal|p1a: 아르세우스|72/100
|
|upkeep
|turn|19
|
|t:|1611930634
|switch|p1a: 루기아|Lugia|94/100 tox
|switch|p2a: Necrozma|Necrozma-Dusk-Mane|94/100 brn
|
|-damage|p1a: 루기아|88/100 tox|[from] psn
|-damage|p2a: Necrozma|88/100 brn|[from] brn
|upkeep
|turn|20
|
|t:|1611930643
|switch|p1a: 메타몽|Ditto|100/100
|-transform|p1a: 메타몽|p2a: Necrozma|[from] ability: Imposter
|switch|p2a: Rayquaza|Rayquaza, shiny|100/100
|-ability|p2a: Rayquaza|Air Lock
|
|upkeep
|turn|21
|
|t:|1611930657
|switch|p1a: 루기아|Lugia|88/100 tox
|detailschange|p2a: Rayquaza|Rayquaza-Mega, shiny
|-mega|p2a: Rayquaza|Rayquaza|
|-weather|DeltaStream|[from] ability: Delta Stream|[of] p2a: Rayquaza
|move|p2a: Rayquaza|Dragon Dance|p2a: Rayquaza
|-boost|p2a: Rayquaza|atk|1
|-boost|p2a: Rayquaza|spe|1
|
|-weather|DeltaStream|[upkeep]
|-damage|p1a: 루기아|82/100 tox|[from] psn
|upkeep
|turn|22
|
|t:|1611930665
|move|p2a: Rayquaza|Dragon Ascent|p1a: 루기아
|-damage|p1a: 루기아|0 fnt
|-unboost|p2a: Rayquaza|def|1
|-unboost|p2a: Rayquaza|spd|1
|-damage|p2a: Rayquaza|84/100|[from] item: Rocky Helmet|[of] p1a: 루기아
|-damage|p2a: Rayquaza|74/100|[from] item: Life Orb
|faint|p1a: 루기아
|
|-weather|DeltaStream|[upkeep]
|upkeep
|
|t:|1611930669
|switch|p1a: 메타몽|Ditto|100/100
|-transform|p1a: 메타몽|p2a: Rayquaza|[from] ability: Imposter
|turn|23
|
|t:|1611930679
|switch|p2a: Zacian|Zacian-Crowned|100/100
|-ability|p2a: Zacian|Intrepid Sword|boost
|-boost|p2a: Zacian|atk|1
|move|p1a: 메타몽|Extreme Speed|p2a: Zacian
|-resisted|p2a: Zacian
|-damage|p2a: Zacian|74/100
|
|-weather|DeltaStream|[upkeep]
|upkeep
|turn|24
|
|t:|1611930689
|-weather|none
|switch|p1a: 그란돈|Groudon-Primal|77/100
|-weather|DesolateLand|[from] ability: Desolate Land|[of] p1a: 그란돈
|move|p2a: Zacian|Play Rough|p1a: 그란돈
|-resisted|p1a: 그란돈
|-damage|p1a: 그란돈|57/100
|
|-weather|DesolateLand|[upkeep]
|upkeep
|turn|25
|
|t:|1611930698
|switch|p2a: Yveltal|Yveltal, shiny|28/100 tox
|-ability|p2a: Yveltal|Dark Aura
|move|p1a: 그란돈|Fire Punch|p2a: Yveltal
|-damage|p2a: Yveltal|0 fnt
|faint|p2a: Yveltal
|
|-weather|DesolateLand|[upkeep]
|upkeep
|
|t:|1611930707
|switch|p2a: Rayquaza|Rayquaza-Mega, shiny|74/100
|-weather|DeltaStream|[from] ability: Delta Stream|[of] p2a: Rayquaza
|turn|26
|
|t:|1611930724
|switch|p1a: 럭키|Chansey, F|62/100
|move|p2a: Rayquaza|Dragon Ascent|p1a: 럭키
|-damage|p1a: 럭키|0 fnt
|-unboost|p2a: Rayquaza|def|1
|-unboost|p2a: Rayquaza|spd|1
|-damage|p2a: Rayquaza|64/100|[from] item: Life Orb
|faint|p1a: 럭키
|
|-weather|DeltaStream|[upkeep]
|upkeep
|
|t:|1611930730
|switch|p1a: 아르세우스|Arceus-Fairy|72/100
|turn|27
|
|t:|1611930735
|move|p1a: 아르세우스|Will-O-Wisp|p2a: Rayquaza|[miss]
|-miss|p1a: 아르세우스|p2a: Rayquaza
|move|p2a: Rayquaza|Dragon Ascent|p1a: 아르세우스
|-damage|p1a: 아르세우스|0 fnt
|-unboost|p2a: Rayquaza|def|1
|-unboost|p2a: Rayquaza|spd|1
|-damage|p2a: Rayquaza|54/100|[from] item: Life Orb
|faint|p1a: 아르세우스
|
|-weather|DeltaStream|[upkeep]
|upkeep
|
|t:|1611930742
|switch|p1a: 메타몽|Ditto|100/100
|-transform|p1a: 메타몽|p2a: Rayquaza|[from] ability: Imposter
|turn|28
|
|t:|1611930752
|move|p2a: Rayquaza|Extreme Speed|p1a: 메타몽
|-damage|p1a: 메타몽|0 fnt
|-damage|p2a: Rayquaza|44/100|[from] item: Life Orb
|faint|p1a: 메타몽
|
|-weather|DeltaStream|[upkeep]
|upkeep
|
|t:|1611930755
|switch|p1a: 깜까미|Sableye, M|100/100
|turn|29
|
|t:|1611930760
|move|p1a: 깜까미|Will-O-Wisp|p2a: Rayquaza
|-status|p2a: Rayquaza|brn
|move|p2a: Rayquaza|Dragon Ascent|p1a: 깜까미
|-damage|p1a: 깜까미|41/100
|-unboost|p2a: Rayquaza|def|1
|-unboost|p2a: Rayquaza|spd|1
|-damage|p2a: Rayquaza|34/100 brn|[from] item: Life Orb
|
|-weather|DeltaStream|[upkeep]
|-damage|p2a: Rayquaza|28/100 brn|[from] brn
|upkeep
|turn|30
|
|t:|1611930770
|move|p1a: 깜까미|Recover|p1a: 깜까미
|-heal|p1a: 깜까미|91/100
|move|p2a: Rayquaza|Dragon Ascent|p1a: 깜까미
|-damage|p1a: 깜까미|34/100
|-unboost|p2a: Rayquaza|def|1
|-unboost|p2a: Rayquaza|spd|1
|-damage|p2a: Rayquaza|18/100 brn|[from] item: Life Orb
|
|-weather|DeltaStream|[upkeep]
|-damage|p2a: Rayquaza|12/100 brn|[from] brn
|upkeep
|turn|31
|
|t:|1611930780
|move|p1a: 깜까미|Recover|p1a: 깜까미
|-heal|p1a: 깜까미|84/100
|move|p2a: Rayquaza|Dragon Dance|p2a: Rayquaza
|-boost|p2a: Rayquaza|atk|1
|-boost|p2a: Rayquaza|spe|1
|
|-weather|DeltaStream|[upkeep]
|-damage|p2a: Rayquaza|6/100 brn|[from] brn
|upkeep
|turn|32
|
|t:|1611930787
|detailschange|p1a: 깜까미|Sableye-Mega, M
|-mega|p1a: 깜까미|Sableye|Sablenite
|move|p2a: Rayquaza|Dragon Ascent|p1a: 깜까미
|-damage|p1a: 깜까미|27/100
|-unboost|p2a: Rayquaza|def|1
|-unboost|p2a: Rayquaza|spd|1
|-damage|p2a: Rayquaza|0 fnt|[from] item: Life Orb
|faint|p2a: Rayquaza
|-weather|none
|move|p1a: 깜까미|Recover|p1a: 깜까미
|-heal|p1a: 깜까미|77/100
|
|upkeep
|
|t:|1611930799
|switch|p2a: Zacian|Zacian-Crowned|74/100
|-ability|p2a: Zacian|Intrepid Sword|boost
|-boost|p2a: Zacian|atk|1
|turn|33
|
|t:|1611930804
|switch|p1a: 그란돈|Groudon-Primal|57/100
|-weather|DesolateLand|[from] ability: Desolate Land|[of] p1a: 그란돈
|move|p2a: Zacian|Play Rough|p1a: 그란돈
|-resisted|p1a: 그란돈
|-damage|p1a: 그란돈|33/100
|
|-weather|DesolateLand|[upkeep]
|upkeep
|turn|34
|
|t:|1611930811
|move|p2a: Zacian|Close Combat|p1a: 그란돈
|-damage|p1a: 그란돈|0 fnt
|-unboost|p2a: Zacian|def|1
|-unboost|p2a: Zacian|spd|1
|faint|p1a: 그란돈
|-weather|none
|
|upkeep
|
|t:|1611930814
|switch|p1a: 깜까미|Sableye-Mega, M|77/100
|turn|35
|inactive|Battle timer is ON: inactive players will automatically lose when time's up. (requested by Alain the expert)
|
|t:|1611930819
|move|p2a: Zacian|Play Rough|p1a: 깜까미
|-supereffective|p1a: 깜까미
|-damage|p1a: 깜까미|0 fnt
|faint|p1a: 깜까미
|
|win|Alain the expert
|c|☆Alain the expert|gg
||Ladder (probably) updated, but score could not be retrieved (Request timeout).
