|j|☆LordChester64
|j|☆kvm1999
|t:|1660501699
|gametype|singles
|player|p1|LordChester64|1|
|player|p2|kvm1999|falkner|
|teamsize|p1|6
|teamsize|p2|6
|gen|8
|tier|[Gen 8] National Dex AG
|rule|HP Percentage Mod: HP is shown in percentages
|rule|Endless Battle Clause: Forcing endless battles is banned
|clearpoke
|poke|p1|Arceus-*|
|poke|p1|Tyranitar, M|
|poke|p1|Minior-Violet|
|poke|p1|Cradily, M|
|poke|p1|Terrakion|
|poke|p1|Regirock|
|poke|p2|Lopunny, F|
|poke|p2|Ditto|
|poke|p2|Porygon-Z|
|poke|p2|Diggersby, F|
|poke|p2|Heliolisk, F|
|poke|p2|Blissey, F|
|teampreview
|inactive|Battle timer is ON: inactive players will automatically lose when time's up. (requested by kvm1999)
|j| DrippinSauce
|inactive|LordChester64 has 270 seconds left.
|
|t:|1660501737
|start
|switch|p1a: The Brawl|Terrakion|100/100
|switch|p2a: Raiсhu|Heliolisk, F|100/100
|turn|1
|
|t:|1660501743
|move|p1a: The Brawl|Close Combat|p2a: Raiсhu
|-supereffective|p2a: Raiсhu
|-damage|p2a: Raiсhu|0 fnt
|-unboost|p1a: The Brawl|def|1
|-unboost|p1a: The Brawl|spd|1
|faint|p2a: Raiсhu
|
|upkeep
|j| steven234234
|j| Ike745
|
|t:|1660501770
|switch|p2a: Μew|Ditto|100/100
|-transform|p2a: Μew|p1a: The Brawl|[from] ability: Imposter
|turn|2
|j| Sean&Andy
|inactive|LordChester64 has 270 seconds left.
|
|t:|1660501803
|switch|p1a: The Ball|Minior-Violet|100/100
|-formechange|p1a: The Ball|Minior-Meteor||[from] ability: Shields Down
|move|p2a: Μew|Close Combat|p1a: The Ball
|-damage|p1a: The Ball|14/100
|-unboost|p2a: Μew|def|1
|-unboost|p2a: Μew|spd|1
|
|-formechange|p1a: The Ball|Minior-Violet||[from] ability: Shields Down
|upkeep
|turn|3
|inactive|kvm1999 has 270 seconds left.
|
|t:|1660501829
|switch|p2a: Βewear|Lopunny, F|100/100
|move|p1a: The Ball|Hidden Power|p2a: Βewear
|-damage|p2a: Βewear|74/100
|
|upkeep
|turn|4
|inactive|kvm1999 has 270 seconds left.
|inactive|LordChester64 has 270 seconds left.
|
|t:|1660501844
|switch|p1a: The Wall|Regirock|100/100
|detailschange|p2a: Βewear|Lopunny-Mega, F
|-mega|p2a: Βewear|Lopunny|Lopunnite
|move|p2a: Βewear|Fake Out|p1a: The Wall
|-resisted|p1a: The Wall
|-damage|p1a: The Wall|96/100
|
|-heal|p1a: The Wall|100/100|[from] item: Leftovers
|upkeep
|turn|5
|inactive|LordChester64 has 270 seconds left.
|
|t:|1660501856
|move|p2a: Βewear|U-turn|p1a: The Wall
|-damage|p1a: The Wall|90/100
|c| Ike745|hp in mono type interesting
|inactive|kvm1999 has 270 seconds left.
|
|t:|1660501874
|switch|p2a: Porygon-Z|Porygon-Z|100/100|[from]move: U-turn
|move|p1a: The Wall|Body Press|p2a: Porygon-Z
|-supereffective|p2a: Porygon-Z
|-damage|p2a: Porygon-Z|0 fnt
|faint|p2a: Porygon-Z
|
|-heal|p1a: The Wall|96/100|[from] item: Leftovers
|upkeep
|
|t:|1660501887
|switch|p2a: Nidοking|Diggersby, F|100/100
|turn|6
|inactive|LordChester64 has 270 seconds left.
|c| Sean&Andy|diggersby tho
|c| Ike745|u livin in 2013 just like your growth spirt
|inactive|LordChester64 has 240 seconds left.
|
|t:|1660501938
|move|p2a: Nidοking|Earthquake|p1a: The Wall
|-supereffective|p1a: The Wall
|-damage|p1a: The Wall|10/100
|move|p1a: The Wall|Body Press|p2a: Nidοking
|-supereffective|p2a: Nidοking
|-damage|p2a: Nidοking|0 fnt
|faint|p2a: Nidοking
|
|-heal|p1a: The Wall|16/100|[from] item: Leftovers
|upkeep
|inactive|kvm1999 has 270 seconds left.
|
|t:|1660501945
|switch|p2a: Βewear|Lopunny-Mega, F|74/100
|turn|7
|inactive|LordChester64 has 240 seconds left.
|
|t:|1660501964
|move|p2a: Βewear|Close Combat|p1a: The Wall
|-supereffective|p1a: The Wall
|-damage|p1a: The Wall|0 fnt
|-unboost|p2a: Βewear|def|1
|-unboost|p2a: Βewear|spd|1
|faint|p1a: The Wall
|
|upkeep
|inactive|LordChester64 has 240 seconds left.
|
|t:|1660501981
|switch|p1a: The Ball|Minior-Violet|14/100
|turn|8
|
|t:|1660501998
|move|p2a: Βewear|Close Combat|p1a: The Ball
|-damage|p1a: The Ball|0 fnt
|-unboost|p2a: Βewear|def|1
|-unboost|p2a: Βewear|spd|1
|faint|p1a: The Ball
|
|upkeep
|inactive|LordChester64 has 240 seconds left.
|inactive|LordChester64 has 210 seconds left.
|
|t:|1660502055
|switch|p1a: The Fall|Arceus-Rock|100/100
|turn|9
|
|t:|1660502076
|move|p2a: Βewear|U-turn|p1a: The Fall
|-damage|p1a: The Fall|84/100
|
|t:|1660502078
|switch|p2a: Αltaria|Blissey, F|100/100|[from]move: U-turn
|move|p1a: The Fall|Judgment|p2a: Αltaria
|-crit|p2a: Αltaria
|-damage|p2a: Αltaria|70/100
|
|upkeep
|turn|10
|
|t:|1660502094
|switch|p1a: The Tall|Tyranitar, M|100/100
|-weather|Sandstorm|[from] ability: Sand Stream|[of] p1a: The Tall
|move|p2a: Αltaria|Toxic|p1a: The Tall
|-status|p1a: The Tall|tox
|
|-weather|Sandstorm|[upkeep]
|-damage|p2a: Αltaria|64/100|[from] Sandstorm
|-damage|p1a: The Tall|94/100 tox|[from] psn
|upkeep
|turn|11
|inactive|LordChester64 has 180 seconds left.
|
|t:|1660502124
|detailschange|p1a: The Tall|Tyranitar-Mega, M
|-mega|p1a: The Tall|Tyranitar|Tyranitarite
|move|p1a: The Tall|Earthquake|p2a: Αltaria
|-damage|p2a: Αltaria|21/100
|move|p2a: Αltaria|Wish|p2a: Αltaria
|
|-weather|Sandstorm|[upkeep]
|-damage|p2a: Αltaria|15/100|[from] Sandstorm
|-damage|p1a: The Tall|82/100 tox|[from] psn
|upkeep
|turn|12
|inactive|LordChester64 has 180 seconds left.
|
|t:|1660502135
|move|p1a: The Tall|Pursuit|p2a: Αltaria
|-damage|p2a: Αltaria|0 fnt
|faint|p2a: Αltaria
|
|-weather|Sandstorm|[upkeep]
|-damage|p1a: The Tall|63/100 tox|[from] psn
|upkeep
|
|t:|1660502143
|switch|p2a: Βewear|Lopunny-Mega, F|74/100
|turn|13
|
|t:|1660502151
|move|p2a: Βewear|Close Combat|p1a: The Tall
|-supereffective|p1a: The Tall
|-damage|p1a: The Tall|0 fnt
|-unboost|p2a: Βewear|def|1
|-unboost|p2a: Βewear|spd|1
|faint|p1a: The Tall
|
|-weather|Sandstorm|[upkeep]
|-damage|p2a: Βewear|68/100|[from] Sandstorm
|upkeep
|
|t:|1660502154
|switch|p1a: The Brawl|Terrakion|100/100
|turn|14
|
|t:|1660502158
|move|p1a: The Brawl|Close Combat|p2a: Βewear
|-supereffective|p2a: Βewear
|-damage|p2a: Βewear|0 fnt
|-unboost|p1a: The Brawl|def|1
|-unboost|p1a: The Brawl|spd|1
|faint|p2a: Βewear
|
|-weather|none
|upkeep
|
|t:|1660502160
|switch|p2a: Μew|Ditto|100/100
|-transform|p2a: Μew|p1a: The Brawl|[from] ability: Imposter
|turn|15
|
|t:|1660502163
|move|p1a: The Brawl|Close Combat|p2a: Μew
|-supereffective|p2a: Μew
|-damage|p2a: Μew|0 fnt
|-unboost|p1a: The Brawl|def|1
|-unboost|p1a: The Brawl|spd|1
|faint|p2a: Μew
|
|win|LordChester64
|c|☆kvm1999|Gg
|c|☆LordChester64|gg
|l| DrippinSauce
