|j|☆chopforce8
|j|☆Naofumi_Bakugo_Jax
|t:|1664197253
|gametype|singles
|player|p1|chopforce8|red|2001
|player|p2|Naofumi_Bakugo_Jax|blue|1730
|teamsize|p1|6
|teamsize|p2|6
|gen|8
|tier|[Gen 8] National Dex AG
|rated|
|rule|HP Percentage Mod: HP is shown in percentages
|rule|Endless Battle Clause: Forcing endless battles is banned
|clearpoke
|poke|p1|Yveltal|
|poke|p1|Diancie|
|poke|p1|Calyrex-Shadow|
|poke|p1|Zacian-*|
|poke|p1|Ditto|
|poke|p1|Arceus-*|
|poke|p2|Zacian-*|
|poke|p2|Calyrex-Shadow|
|poke|p2|Yveltal|
|poke|p2|Arceus-*|
|poke|p2|Swampert, M|
|poke|p2|Kyogre|
|teampreview
|
|t:|1664197279
|start
|switch|p1a: ProfessorQuirrell|Calyrex-Shadow|100/100
|switch|p2a: Zacian|Zacian-Crowned|100/100
|-ability|p1a: ProfessorQuirrell|As One
|-ability|p1a: ProfessorQuirrell|Unnerve
|-ability|p2a: Zacian|Intrepid Sword|boost
|-boost|p2a: Zacian|atk|1
|turn|1
|
|t:|1664197290
|move|p1a: ProfessorQuirrell|Nasty Plot|p1a: ProfessorQuirrell
|-boost|p1a: ProfessorQuirrell|spa|2
|move|p2a: Zacian|Behemoth Blade|p1a: ProfessorQuirrell
|-enditem|p1a: ProfessorQuirrell|Focus Sash
|-damage|p1a: ProfessorQuirrell|1/100
|
|upkeep
|turn|2
|
|t:|1664197301
|switch|p2a: Arceus|Arceus, shiny|100/100
|move|p1a: ProfessorQuirrell|Astral Barrage|p2a: Arceus
|-immune|p2a: Arceus
|
|upkeep
|turn|3
|
|t:|1664197309
|move|p1a: ProfessorQuirrell|Baton Pass|p1a: ProfessorQuirrell
|
|t:|1664197311
|switch|p1a: Voldemort|Yveltal|100/100|[from]move: Baton Pass
|-ability|p1a: Voldemort|Dark Aura
|move|p2a: Arceus|Tailwind|p2a: Arceus
|-sidestart|p2: Naofumi_Bakugo_Jax|move: Tailwind
|
|upkeep
|turn|4
|
|t:|1664197324
|-start|p1a: Voldemort|Dynamax|
|-heal|p1a: Voldemort|100/100|[silent]
|move|p2a: Arceus|Extreme Speed|p1a: Voldemort
|-damage|p1a: Voldemort|79/100
|move|p1a: Voldemort|Max Darkness|p2a: Arceus
|-damage|p2a: Arceus|0 fnt
|faint|p2a: Arceus
|-damage|p1a: Voldemort|74/100|[from] item: Life Orb
|
|upkeep
|
|t:|1664197334
|switch|p2a: Zacian|Zacian-Crowned|100/100
|-ability|p2a: Zacian|Intrepid Sword|boost
|-boost|p2a: Zacian|atk|1
|turn|5
|
|t:|1664197338
|move|p2a: Zacian|Behemoth Blade|p1a: Voldemort
|-damage|p1a: Voldemort|0 fnt
|faint|p1a: Voldemort
|
|upkeep
|
|t:|1664197343
|switch|p1a: ProfessorQuirrell|Calyrex-Shadow|1/100
|-ability|p1a: ProfessorQuirrell|As One
|-ability|p1a: ProfessorQuirrell|Unnerve
|turn|6
|
|t:|1664197358
|move|p2a: Zacian|Behemoth Blade|p1a: ProfessorQuirrell
|-damage|p1a: ProfessorQuirrell|0 fnt
|faint|p1a: ProfessorQuirrell
|
|-sideend|p2: Naofumi_Bakugo_Jax|move: Tailwind
|upkeep
|
|t:|1664197363
|switch|p1a: MirrorofErised|Ditto|100/100
|-transform|p1a: MirrorofErised|p2a: Zacian|[from] ability: Imposter
|-ability|p1a: MirrorofErised|Intrepid Sword|boost
|-boost|p1a: MirrorofErised|atk|1
|turn|7
|
|t:|1664197390
|switch|p2a: Kyogre|Kyogre|100/100
|-weather|RainDance|[from] ability: Drizzle|[of] p2a: Kyogre
|move|p1a: MirrorofErised|Behemoth Blade|p2a: Kyogre
|-resisted|p2a: Kyogre
|-damage|p2a: Kyogre|23/100
|
|-weather|RainDance|[upkeep]
|upkeep
|turn|8
|
|t:|1664197414
|move|p1a: MirrorofErised|Behemoth Blade|p2a: Kyogre
|-resisted|p2a: Kyogre
|-damage|p2a: Kyogre|0 fnt
|faint|p2a: Kyogre
|
|-weather|RainDance|[upkeep]
|upkeep
|
|t:|1664197417
|switch|p2a: Swampert|Swampert, M|100/100
|turn|9
|
|t:|1664197423
|detailschange|p2a: Swampert|Swampert-Mega, M
|-mega|p2a: Swampert|Swampert|Swampertite
|move|p1a: MirrorofErised|Behemoth Blade|p2a: Swampert
|-resisted|p2a: Swampert
|-damage|p2a: Swampert|37/100
|move|p2a: Swampert|Earthquake|p1a: MirrorofErised
|-supereffective|p1a: MirrorofErised
|-damage|p1a: MirrorofErised|0 fnt
|faint|p1a: MirrorofErised
|
|-weather|RainDance|[upkeep]
|upkeep
|
|t:|1664197440
|switch|p1a: Chess Wizard|Arceus-Flying|100/100
|turn|10
|
|t:|1664197453
|move|p2a: Swampert|Liquidation|p1a: Chess Wizard
|-damage|p1a: Chess Wizard|45/100
|-unboost|p1a: Chess Wizard|def|1
|move|p1a: Chess Wizard|Calm Mind|p1a: Chess Wizard
|-boost|p1a: Chess Wizard|spa|1
|-boost|p1a: Chess Wizard|spd|1
|
|-weather|RainDance|[upkeep]
|upkeep
|turn|11
|
|t:|1664197463
|move|p2a: Swampert|Liquidation|p1a: Chess Wizard
|-damage|p1a: Chess Wizard|0 fnt
|faint|p1a: Chess Wizard
|
|-weather|none
|upkeep
|
|t:|1664197471
|switch|p1a: Fluffy|Zacian-Crowned|100/100
|-ability|p1a: Fluffy|Intrepid Sword|boost
|-boost|p1a: Fluffy|atk|1
|turn|12
|
|t:|1664197477
|move|p1a: Fluffy|Behemoth Blade|p2a: Swampert
|-resisted|p2a: Swampert
|-damage|p2a: Swampert|0 fnt
|faint|p2a: Swampert
|
|upkeep
|
|t:|1664197489
|switch|p2a: Calyrex|Calyrex-Shadow|100/100
|-ability|p2a: Calyrex|As One
|-ability|p2a: Calyrex|Unnerve
|turn|13
|
|t:|1664197498
|move|p2a: Calyrex|Astral Barrage|p1a: Fluffy
|-damage|p1a: Fluffy|27/100
|move|p1a: Fluffy|Behemoth Blade|p2a: Calyrex
|-enditem|p2a: Calyrex|Focus Sash
|-damage|p2a: Calyrex|1/100
|
|upkeep
|turn|14
|
|t:|1664197508
|move|p2a: Calyrex|Astral Barrage|p1a: Fluffy
|-crit|p1a: Fluffy
|-damage|p1a: Fluffy|0 fnt
|faint|p1a: Fluffy
|-ability|p2a: Calyrex|Grim Neigh|boost
|-boost|p2a: Calyrex|spa|1
|
|upkeep
|
|t:|1664197517
|switch|p1a: Harry Potter|Diancie|100/100
|turn|15
|c|☆chopforce8|gg
|
|t:|1664197523
|move|p2a: Calyrex|Astral Barrage|p1a: Harry Potter
|-damage|p1a: Harry Potter|0 fnt
|faint|p1a: Harry Potter
|
|win|Naofumi_Bakugo_Jax
|raw|chopforce8's rating: 2001 &rarr; <strong>1968</strong><br />(-33 for losing)
|raw|Naofumi_Bakugo_Jax's rating: 1730 &rarr; <strong>1763</strong><br />(+33 for winning)
|l|☆chopforce8
||Ladder isn't responding, score probably updated but might not have (Request timeout).
