|j|☆Log4j
|j|☆Pkmn3443
|t:|1617997080
|gametype|singles
|player|p1|Log4j|2|1744
|player|p2|Pkmn3443|266|1815
|teamsize|p1|6
|teamsize|p2|6
|gen|8
|tier|[Gen 8] National Dex AG
|rated|
|clearpoke
|poke|p1|Xerneas|
|poke|p1|Zacian-Crowned|
|poke|p1|Yveltal|
|poke|p1|Calyrex-Shadow|
|poke|p1|Ho-Oh|
|poke|p1|Ditto|
|poke|p2|Zacian-Crowned|
|poke|p2|Necrozma-Dusk-Mane|
|poke|p2|Ditto|
|poke|p2|Ho-Oh|
|poke|p2|Rayquaza|
|poke|p2|Yveltal|
|rule|HP Percentage Mod: HP is shown in percentages
|rule|Endless Battle Clause: Forcing endless battles is banned
|teampreview
|inactive|Battle timer is ON: inactive players will automatically lose when time's up. (requested by Log4j)
|
|t:|1617997096
|start
|switch|p1a: Zacian|Zacian-Crowned|100/100
|switch|p2a: Ho-Oh|Ho-Oh|100/100
|-ability|p1a: Zacian|Intrepid Sword|boost
|-boost|p1a: Zacian|atk|1
|turn|1
|
|t:|1617997102
|switch|p2a: Necrozma|Necrozma-Dusk-Mane|100/100
|move|p1a: Zacian|Behemoth Blade|p2a: Necrozma
|-resisted|p2a: Necrozma
|-damage|p2a: Necrozma|74/100
|-damage|p1a: Zacian|84/100|[from] item: Rocky Helmet|[of] p2a: Necrozma
|
|upkeep
|turn|2
|
|t:|1617997110
|switch|p1a: Yveltal|Yveltal|100/100
|-ability|p1a: Yveltal|Dark Aura
|move|p2a: Necrozma|Morning Sun|p2a: Necrozma
|-heal|p2a: Necrozma|100/100
|
|upkeep
|turn|3
|
|t:|1617997118
|switch|p2a: Zacian|Zacian-Crowned|100/100
|-ability|p2a: Zacian|Intrepid Sword|boost
|-boost|p2a: Zacian|atk|1
|-start|p1a: Yveltal|Dynamax
|-heal|p1a: Yveltal|100/100|[silent]
|move|p1a: Yveltal|Max Airstream|p2a: Zacian
|-resisted|p2a: Zacian
|-damage|p2a: Zacian|56/100
|-boost|p1a: Yveltal|spe|1
|-damage|p1a: Yveltal|96/100|[from] item: Life Orb
|
|upkeep
|turn|4
|
|t:|1617997124
|switch|p2a: Ho-Oh|Ho-Oh|100/100
|move|p1a: Yveltal|Max Darkness|p2a: Ho-Oh
|-damage|p2a: Ho-Oh|33/100
|-unboost|p2a: Ho-Oh|spd|1
|-damage|p1a: Yveltal|91/100|[from] item: Life Orb
|
|upkeep
|turn|5
|
|t:|1617997131
|switch|p2a: Zacian|Zacian-Crowned|56/100
|-ability|p2a: Zacian|Intrepid Sword|boost
|-boost|p2a: Zacian|atk|1
|move|p1a: Yveltal|Max Darkness|p2a: Zacian
|-resisted|p2a: Zacian
|-damage|p2a: Zacian|0 fnt
|-damage|p1a: Yveltal|86/100|[from] item: Life Orb
|faint|p2a: Zacian
|
|-end|p1a: Yveltal|Dynamax
|-heal|p1a: Yveltal|86/100|[silent]
|upkeep
|
|t:|1617997139
|switch|p2a: Rayquaza|Rayquaza|100/100
|-ability|p2a: Rayquaza|Air Lock
|turn|6
|
|t:|1617997144
|detailschange|p2a: Rayquaza|Rayquaza-Mega
|-mega|p2a: Rayquaza|Rayquaza|
|-weather|DeltaStream|[from] ability: Delta Stream|[of] p2a: Rayquaza
|move|p1a: Yveltal|Oblivion Wing|p2a: Rayquaza
|-damage|p2a: Rayquaza|47/100
|-heal|p1a: Yveltal|100/100|[from] drain|[of] p2a: Rayquaza
|-damage|p1a: Yveltal|91/100|[from] item: Life Orb
|move|p2a: Rayquaza|Dragon Ascent|p1a: Yveltal
|-damage|p1a: Yveltal|0 fnt
|-unboost|p2a: Rayquaza|def|1
|-unboost|p2a: Rayquaza|spd|1
|-damage|p2a: Rayquaza|37/100|[from] item: Life Orb
|faint|p1a: Yveltal
|
|-weather|DeltaStream|[upkeep]
|upkeep
|
|t:|1617997158
|switch|p1a: Ditto|Ditto|100/100
|-transform|p1a: Ditto|p2a: Rayquaza|[from] ability: Imposter
|turn|7
|
|t:|1617997168
|switch|p2a: Necrozma|Necrozma-Dusk-Mane|100/100
|move|p1a: Ditto|Extreme Speed|p2a: Necrozma
|-resisted|p2a: Necrozma
|-damage|p2a: Necrozma|89/100
|-damage|p1a: Ditto|84/100|[from] item: Rocky Helmet|[of] p2a: Necrozma
|
|-weather|DeltaStream|[upkeep]
|upkeep
|turn|8
|
|t:|1617997171
|-weather|none
|switch|p1a: Ho-Oh|Ho-Oh|100/100
|move|p2a: Necrozma|Stealth Rock|p1a: Ho-Oh
|-sidestart|p1: Log4j|move: Stealth Rock
|
|upkeep
|turn|9
|j| Frostigar479
|
|t:|1617997181
|switch|p2a: Ho-Oh|Ho-Oh|66/100
|move|p1a: Ho-Oh|Defog|p2a: Ho-Oh
|-unboost|p2a: Ho-Oh|evasion|1
|-sideend|p1: Log4j|Stealth Rock|[from] move: Defog|[of] p1a: Ho-Oh
|
|upkeep
|turn|10
|
|t:|1617997184
|move|p2a: Ho-Oh|Toxic|p1a: Ho-Oh
|-status|p1a: Ho-Oh|tox
|move|p1a: Ho-Oh|Toxic|p2a: Ho-Oh
|-status|p2a: Ho-Oh|tox
|
|-damage|p1a: Ho-Oh|94/100 tox|[from] psn
|-damage|p2a: Ho-Oh|60/100 tox|[from] psn
|upkeep
|turn|11
|
|t:|1617997190
|move|p1a: Ho-Oh|Sacred Fire|p2a: Ho-Oh
|-resisted|p2a: Ho-Oh
|-damage|p2a: Ho-Oh|43/100 tox
|move|p2a: Ho-Oh|Sacred Fire|p1a: Ho-Oh
|-resisted|p1a: Ho-Oh
|-damage|p1a: Ho-Oh|80/100 tox
|
|-damage|p1a: Ho-Oh|68/100 tox|[from] psn
|-damage|p2a: Ho-Oh|31/100 tox|[from] psn
|upkeep
|turn|12
|
|t:|1617997197
|switch|p2a: Ditto|Ditto|100/100
|-transform|p2a: Ditto|p1a: Ho-Oh|[from] ability: Imposter
|move|p1a: Ho-Oh|Sacred Fire|p2a: Ditto
|-resisted|p2a: Ditto
|-damage|p2a: Ditto|80/100
|
|-damage|p1a: Ho-Oh|50/100 tox|[from] psn
|upkeep
|turn|13
|
|t:|1617997200
|move|p2a: Ditto|Sacred Fire|p1a: Ho-Oh
|-resisted|p1a: Ho-Oh
|-damage|p1a: Ho-Oh|36/100 tox
|move|p1a: Ho-Oh|Toxic|p2a: Ditto
|-status|p2a: Ditto|tox
|
|-damage|p2a: Ditto|74/100 tox|[from] psn
|-damage|p1a: Ho-Oh|12/100 tox|[from] psn
|upkeep
|turn|14
|
|t:|1617997208
|move|p2a: Ditto|Sacred Fire|p1a: Ho-Oh
|-resisted|p1a: Ho-Oh
|-damage|p1a: Ho-Oh|0 fnt
|faint|p1a: Ho-Oh
|
|-damage|p2a: Ditto|62/100 tox|[from] psn
|upkeep
|
|t:|1617997216
|switch|p1a: Zacian|Zacian-Crowned|84/100
|-ability|p1a: Zacian|Intrepid Sword|boost
|-boost|p1a: Zacian|atk|1
|turn|15
|
|t:|1617997239
|switch|p1a: Calyrex|Calyrex-Shadow|100/100
|-ability|p1a: Calyrex|As One
|-ability|p1a: Calyrex|Unnerve
|switch|p2a: Necrozma|Necrozma-Dusk-Mane|89/100
|
|upkeep
|turn|16
|
|t:|1617997255
|switch|p2a: Yveltal|Yveltal|100/100
|-ability|p2a: Yveltal|Dark Aura
|move|p1a: Calyrex|Astral Barrage|p2a: Yveltal
|-resisted|p2a: Yveltal
|-damage|p2a: Yveltal|70/100
|
|upkeep
|turn|17
|
|t:|1617997261
|switch|p1a: Xerneas|Xerneas|100/100
|-ability|p1a: Xerneas|Fairy Aura
|move|p2a: Yveltal|Oblivion Wing|p1a: Xerneas
|-damage|p1a: Xerneas|62/100
|-heal|p2a: Yveltal|100/100|[from] drain|[of] p1a: Xerneas
|-damage|p2a: Yveltal|91/100|[from] item: Life Orb
|
|upkeep
|turn|18
|
|t:|1617997269
|switch|p2a: Necrozma|Necrozma-Dusk-Mane|89/100
|move|p1a: Xerneas|Moonblast|p2a: Necrozma
|-resisted|p2a: Necrozma
|-damage|p2a: Necrozma|59/100
|-unboost|p2a: Necrozma|spa|1
|
|upkeep
|turn|19
|
|t:|1617997282
|move|p1a: Xerneas|Moonblast|p2a: Necrozma
|-resisted|p2a: Necrozma
|-damage|p2a: Necrozma|31/100
|-unboost|p2a: Necrozma|spa|1
|move|p2a: Necrozma|Morning Sun|p2a: Necrozma
|-heal|p2a: Necrozma|81/100
|
|upkeep
|turn|20
|
|t:|1617997289
|move|p1a: Xerneas|Moonblast|p2a: Necrozma
|-resisted|p2a: Necrozma
|-damage|p2a: Necrozma|52/100
|move|p2a: Necrozma|Stealth Rock|p1a: Xerneas
|-sidestart|p1: Log4j|move: Stealth Rock
|
|upkeep
|turn|21
|
|t:|1617997294
|move|p1a: Xerneas|Thunder|p2a: Necrozma|[miss]
|-miss|p1a: Xerneas|p2a: Necrozma
|move|p2a: Necrozma|Morning Sun|p2a: Necrozma
|-heal|p2a: Necrozma|100/100
|
|upkeep
|turn|22
|
|t:|1617997307
|move|p1a: Xerneas|Moonblast|p2a: Necrozma
|-resisted|p2a: Necrozma
|-damage|p2a: Necrozma|70/100
|-unboost|p2a: Necrozma|spa|1
|move|p2a: Necrozma|Sunsteel Strike|p1a: Xerneas
|-supereffective|p1a: Xerneas
|-damage|p1a: Xerneas|0 fnt
|faint|p1a: Xerneas
|
|upkeep
|
|t:|1617997317
|switch|p1a: Calyrex|Calyrex-Shadow|100/100
|-ability|p1a: Calyrex|As One
|-ability|p1a: Calyrex|Unnerve
|-damage|p1a: Calyrex|88/100|[from] Stealth Rock
|turn|23
|
|t:|1617997326
|-start|p2a: Necrozma|Dynamax
|-heal|p2a: Necrozma|70/100|[silent]
|move|p1a: Calyrex|Nasty Plot|p1a: Calyrex
|-boost|p1a: Calyrex|spa|2
|move|p2a: Necrozma|Max Darkness|p1a: Calyrex
|-supereffective|p1a: Calyrex
|-damage|p1a: Calyrex|0 fnt
|faint|p1a: Calyrex
|
|upkeep
|-message|Log4j forfeited.
|
|win|Pkmn3443
|l|☆Log4j
|raw|Log4j's rating: 1744 &rarr; <strong>1728</strong><br />(-16 for losing)
|raw|Pkmn3443's rating: 1815 &rarr; <strong>1831</strong><br />(+16 for winning)
