|j|☆Sean&Andy
|j|☆Log4j
|t:|1657604997
|gametype|singles
|player|p1|Sean&Andy|170|1740
|player|p2|Log4j|102|1956
|teamsize|p1|6
|teamsize|p2|6
|gen|8
|tier|[Gen 8] National Dex AG
|rated|
|rule|HP Percentage Mod: HP is shown in percentages
|rule|Endless Battle Clause: Forcing endless battles is banned
|clearpoke
|poke|p1|Arceus-*|
|poke|p1|Groudon|
|poke|p1|Marshadow|
|poke|p1|Zacian-*|
|poke|p1|Rayquaza|
|poke|p1|Calyrex-Shadow|
|poke|p2|Calyrex-Shadow|
|poke|p2|Groudon|
|poke|p2|Yveltal|
|poke|p2|Ho-Oh|
|poke|p2|Rayquaza|
|poke|p2|Arceus-*|
|teampreview
|inactive|Battle timer is ON: inactive players will automatically lose when time's up. (requested by Log4j)
|
|t:|1657605022
|start
|switch|p1a: Rayquaza|Rayquaza|100/100
|switch|p2a: Ho-Oh|Ho-Oh|100/100
|-ability|p1a: Rayquaza|Air Lock
|turn|1
|
|t:|1657605042
|detailschange|p1a: Rayquaza|Rayquaza-Mega
|-mega|p1a: Rayquaza|Rayquaza|
|-weather|DeltaStream|[from] ability: Delta Stream|[of] p1a: Rayquaza
|move|p1a: Rayquaza|Dragon Dance|p1a: Rayquaza
|-boost|p1a: Rayquaza|atk|1
|-boost|p1a: Rayquaza|spe|1
|move|p2a: Ho-Oh|Sacred Fire|p1a: Rayquaza
|-resisted|p1a: Rayquaza
|-crit|p1a: Rayquaza
|-damage|p1a: Rayquaza|67/100
|-status|p1a: Rayquaza|brn
|
|-weather|DeltaStream|[upkeep]
|-damage|p1a: Rayquaza|61/100 brn|[from] brn
|upkeep
|turn|2
|
|t:|1657605054
|move|p1a: Rayquaza|Dragon Dance|p1a: Rayquaza
|-boost|p1a: Rayquaza|atk|1
|-boost|p1a: Rayquaza|spe|1
|move|p2a: Ho-Oh|Sacred Fire|p1a: Rayquaza|[miss]
|-miss|p2a: Ho-Oh|p1a: Rayquaza
|
|-weather|DeltaStream|[upkeep]
|-damage|p1a: Rayquaza|55/100 brn|[from] brn
|upkeep
|turn|3
|
|t:|1657605060
|move|p1a: Rayquaza|Dragon Dance|p1a: Rayquaza
|-boost|p1a: Rayquaza|atk|1
|-boost|p1a: Rayquaza|spe|1
|move|p2a: Ho-Oh|Sacred Fire|p1a: Rayquaza
|-resisted|p1a: Rayquaza
|-damage|p1a: Rayquaza|33/100 brn
|
|-weather|DeltaStream|[upkeep]
|-damage|p1a: Rayquaza|27/100 brn|[from] brn
|upkeep
|turn|4
|
|t:|1657605072
|switch|p2a: Groudon|Groudon|100/100
|detailschange|p2a: Groudon|Groudon-Primal
|-primal|p2a: Groudon
|-weather|DesolateLand|[from] ability: Desolate Land|[of] p2a: Groudon
|move|p1a: Rayquaza|Dragon Ascent|p2a: Groudon
|-damage|p2a: Groudon|53/100
|-unboost|p1a: Rayquaza|def|1
|-unboost|p1a: Rayquaza|spd|1
|
|-weather|DesolateLand|[upkeep]
|-damage|p1a: Rayquaza|21/100 brn|[from] brn
|upkeep
|turn|5
|
|t:|1657605077
|move|p1a: Rayquaza|Earthquake|p2a: Groudon
|-supereffective|p2a: Groudon
|-damage|p2a: Groudon|0 fnt
|faint|p2a: Groudon
|-weather|none
|
|-damage|p1a: Rayquaza|15/100 brn|[from] brn
|upkeep
|
|t:|1657605088
|switch|p2a: Ho-Oh|Ho-Oh|100/100
|turn|6
|
|t:|1657605091
|move|p1a: Rayquaza|Dragon Ascent|p2a: Ho-Oh
|-damage|p2a: Ho-Oh|31/100
|-unboost|p1a: Rayquaza|def|1
|-unboost|p1a: Rayquaza|spd|1
|move|p2a: Ho-Oh|Sacred Fire|p1a: Rayquaza
|-resisted|p1a: Rayquaza
|-damage|p1a: Rayquaza|0 fnt
|faint|p1a: Rayquaza
|
|upkeep
|
|t:|1657605107
|switch|p1a: Zacian|Zacian-Crowned|100/100
|-ability|p1a: Zacian|Intrepid Sword|boost
|-boost|p1a: Zacian|atk|1
|turn|7
|j| DiegoDM©
|
|t:|1657605116
|move|p1a: Zacian|Wild Charge|p2a: Ho-Oh
|-supereffective|p2a: Ho-Oh
|-damage|p2a: Ho-Oh|0 fnt
|faint|p2a: Ho-Oh
|-damage|p1a: Zacian|91/100|[from] Recoil
|
|upkeep
|
|t:|1657605124
|switch|p2a: Calyrex|Calyrex-Shadow|100/100
|-ability|p2a: Calyrex|As One
|-ability|p2a: Calyrex|Unnerve
|turn|8
|
|t:|1657605127
|move|p2a: Calyrex|Astral Barrage|p1a: Zacian
|-damage|p1a: Zacian|26/100
|move|p1a: Zacian|Behemoth Blade|p2a: Calyrex
|-enditem|p2a: Calyrex|Focus Sash
|-damage|p2a: Calyrex|1/100
|
|upkeep
|turn|9
|
|t:|1657605132
|switch|p1a: Arceus|Arceus|100/100
|move|p2a: Calyrex|Astral Barrage|p1a: Arceus
|-immune|p1a: Arceus
|
|upkeep
|turn|10
|
|t:|1657605141
|move|p2a: Calyrex|Nasty Plot|p2a: Calyrex
|-boost|p2a: Calyrex|spa|2
|move|p1a: Arceus|Shadow Claw|p2a: Calyrex
|-supereffective|p2a: Calyrex
|-damage|p2a: Calyrex|0 fnt
|faint|p2a: Calyrex
|
|upkeep
|
|t:|1657605158
|switch|p2a: Arceus|Arceus-Fairy|100/100
|turn|11
|
|t:|1657605163
|move|p1a: Arceus|Swords Dance|p1a: Arceus
|-boost|p1a: Arceus|atk|2
|move|p2a: Arceus|Judgment|p1a: Arceus
|-damage|p1a: Arceus|70/100
|
|upkeep
|turn|12
|
|t:|1657605170
|-start|p1a: Arceus|Dynamax|
|-heal|p1a: Arceus|70/100|[silent]
|move|p1a: Arceus|Max Strike|p2a: Arceus
|-damage|p2a: Arceus|11/100
|-unboost|p2a: Arceus|spe|1
|move|p2a: Arceus|Toxic|p1a: Arceus
|-status|p1a: Arceus|tox
|
|-damage|p1a: Arceus|67/100 tox|[from] psn
|upkeep
|turn|13
|
|t:|1657605179
|move|p1a: Arceus|Max Strike|p2a: Arceus
|-damage|p2a: Arceus|0 fnt
|faint|p2a: Arceus
|
|-damage|p1a: Arceus|60/100 tox|[from] psn
|upkeep
|
|t:|1657605183
|switch|p2a: Rayquaza|Rayquaza|100/100
|-ability|p2a: Rayquaza|Air Lock
|turn|14
|
|t:|1657605189
|detailschange|p2a: Rayquaza|Rayquaza-Mega
|-mega|p2a: Rayquaza|Rayquaza|
|-weather|DeltaStream|[from] ability: Delta Stream|[of] p2a: Rayquaza
|move|p2a: Rayquaza|Dragon Ascent|p1a: Arceus
|-damage|p1a: Arceus|31/100 tox
|-unboost|p2a: Rayquaza|def|1
|-unboost|p2a: Rayquaza|spd|1
|move|p1a: Arceus|Max Strike|p2a: Rayquaza
|-enditem|p2a: Rayquaza|Focus Sash
|-damage|p2a: Rayquaza|1/100
|-unboost|p2a: Rayquaza|spe|1
|
|-weather|DeltaStream|[upkeep]
|-damage|p1a: Arceus|21/100 tox|[from] psn
|upkeep
|-end|p1a: Arceus|Dynamax
|-heal|p1a: Arceus|21/100 tox|[silent]
|turn|15
|
|t:|1657605194
|move|p1a: Arceus|Extreme Speed|p2a: Rayquaza
|-damage|p2a: Rayquaza|0 fnt
|faint|p2a: Rayquaza
|-weather|none
|
|-damage|p1a: Arceus|0 fnt|[from] psn
|faint|p1a: Arceus
|upkeep
|
|t:|1657605199
|switch|p2a: Yveltal|Yveltal|100/100
|switch|p1a: Zacian|Zacian-Crowned|26/100
|-ability|p1a: Zacian|Intrepid Sword|boost
|-boost|p1a: Zacian|atk|1
|-ability|p2a: Yveltal|Dark Aura
|turn|16
|
|t:|1657605204
|move|p2a: Yveltal|Sucker Punch|p1a: Zacian
|-resisted|p1a: Zacian
|-damage|p1a: Zacian|1/100
|-damage|p2a: Yveltal|91/100|[from] item: Life Orb
|move|p1a: Zacian|Behemoth Blade|p2a: Yveltal
|-damage|p2a: Yveltal|2/100
|
|upkeep
|turn|17
|
|t:|1657605211
|switch|p1a: Marshadow|Marshadow|100/100
|move|p2a: Yveltal|Sucker Punch||[still]
|-fail|p2a: Yveltal
|
|upkeep
|turn|18
|
|t:|1657605215
|move|p1a: Marshadow|Shadow Sneak|p2a: Yveltal
|-resisted|p2a: Yveltal
|-damage|p2a: Yveltal|0 fnt
|faint|p2a: Yveltal
|
|win|Sean&Andy
|raw|Sean&amp;Andy's rating: 1740 &rarr; <strong>1771</strong><br />(+31 for winning)
|raw|Log4j's rating: 1956 &rarr; <strong>1925</strong><br />(-31 for losing)
|l|☆Log4j
