|j|☆thicsucttv
|j|☆iHaveAsthma
|t:|1666705432
|gametype|singles
|player|p1|thicsucttv|1|1913
|player|p2|iHaveAsthma|doctor|1898
|teamsize|p1|6
|teamsize|p2|6
|gen|8
|tier|[Gen 8] National Dex AG
|rated|
|rule|HP Percentage Mod: HP is shown in percentages
|rule|Endless Battle Clause: Forcing endless battles is banned
|clearpoke
|poke|p1|Tyranitar, F|
|poke|p1|Marshadow|
|poke|p1|Yveltal|
|poke|p1|Necrozma-Dusk-Mane|
|poke|p1|Ditto|
|poke|p1|Lucario, M|
|poke|p2|Rayquaza|
|poke|p2|Arceus-*|
|poke|p2|Lugia|
|poke|p2|Groudon|
|poke|p2|Marshadow|
|poke|p2|Arceus-*|
|teampreview
|inactive|Battle timer is ON: inactive players will automatically lose when time's up. (requested by thicsucttv)
|inactive|iHaveAsthma has 120 seconds left.
|
|t:|1666705480
|start
|switch|p1a: Lucario|Lucario, M|100/100
|switch|p2a: Rayquaza|Rayquaza, shiny|100/100
|-ability|p2a: Rayquaza|Air Lock
|turn|1
|
|t:|1666705496
|switch|p2a: Groudon|Groudon, shiny|100/100
|detailschange|p2a: Groudon|Groudon-Primal, shiny
|-primal|p2a: Groudon
|-weather|DesolateLand|[from] ability: Desolate Land|[of] p2a: Groudon
|detailschange|p1a: Lucario|Lucario-Mega, M
|-mega|p1a: Lucario|Lucario|Lucarionite
|move|p1a: Lucario|Bullet Punch|p2a: Groudon
|-resisted|p2a: Groudon
|-damage|p2a: Groudon|89/100
|
|-weather|DesolateLand|[upkeep]
|upkeep
|turn|2
|
|t:|1666705520
|move|p1a: Lucario|Close Combat|p2a: Groudon
|-damage|p2a: Groudon|26/100
|-unboost|p1a: Lucario|def|1
|-unboost|p1a: Lucario|spd|1
|move|p2a: Groudon|Stealth Rock|p1a: Lucario
|-sidestart|p1: thicsucttv|move: Stealth Rock
|
|-weather|DesolateLand|[upkeep]
|upkeep
|turn|3
|
|t:|1666705528
|-weather|none
|switch|p2a: Arceus|Arceus-Ground, shiny|100/100
|move|p1a: Lucario|Copycat|p1a: Lucario
|move|p1a: Lucario|Stealth Rock|p2a: Arceus|[from]move: Copycat
|-sidestart|p2: iHaveAsthma|move: Stealth Rock
|
|upkeep
|turn|4
|
|t:|1666705558
|move|p1a: Lucario|Close Combat|p2a: Arceus
|-damage|p2a: Arceus|54/100
|-unboost|p1a: Lucario|def|1
|-unboost|p1a: Lucario|spd|1
|move|p2a: Arceus|Judgment|p1a: Lucario
|-supereffective|p1a: Lucario
|-damage|p1a: Lucario|0 fnt
|faint|p1a: Lucario
|
|upkeep
|
|t:|1666705571
|switch|p1a: Necrozma|Necrozma-Dusk-Mane|100/100
|-damage|p1a: Necrozma|94/100|[from] Stealth Rock
|turn|5
|
|t:|1666705581
|detailschange|p1a: Necrozma|Necrozma-Ultra
|-burst|p1a: Necrozma|Necrozma|Ultranecrozium Z
|move|p1a: Necrozma|Substitute|p1a: Necrozma
|-start|p1a: Necrozma|Substitute
|-damage|p1a: Necrozma|70/100
|move|p2a: Arceus|Recover|p2a: Arceus
|-heal|p2a: Arceus|100/100
|
|upkeep
|turn|6
|
|t:|1666705592
|switch|p2a: Lugia|Lugia, shiny|100/100
|move|p1a: Necrozma|Photon Geyser|p2a: Lugia
|-resisted|p2a: Lugia
|-damage|p2a: Lugia|87/100
|
|upkeep
|turn|7
|
|t:|1666705601
|move|p1a: Necrozma|Stone Edge|p2a: Lugia
|-supereffective|p2a: Lugia
|-damage|p2a: Lugia|38/100
|move|p2a: Lugia|Roar|p1a: Necrozma
|drag|p1a: Yveltal|Yveltal|100/100
|-damage|p1a: Yveltal|76/100|[from] Stealth Rock
|-ability|p1a: Yveltal|Dark Aura
|
|upkeep
|turn|8
|inactive|iHaveAsthma has 120 seconds left.
|
|t:|1666705640
|move|p1a: Yveltal|Knock Off|p2a: Lugia
|-supereffective|p2a: Lugia
|-damage|p2a: Lugia|0 fnt
|-enditem|p2a: Lugia|Heavy-Duty Boots|[from] move: Knock Off|[of] p1a: Yveltal
|faint|p2a: Lugia
|-damage|p1a: Yveltal|66/100|[from] item: Life Orb
|
|upkeep
|
|t:|1666705643
|switch|p2a: Rayquaza|Rayquaza, shiny|100/100
|-damage|p2a: Rayquaza|75/100|[from] Stealth Rock
|-ability|p2a: Rayquaza|Air Lock
|turn|9
|
|t:|1666705662
|detailschange|p2a: Rayquaza|Rayquaza-Mega, shiny
|-mega|p2a: Rayquaza|Rayquaza|
|-weather|DeltaStream|[from] ability: Delta Stream|[of] p2a: Rayquaza
|-start|p1a: Yveltal|Dynamax|
|-heal|p1a: Yveltal|66/100|[silent]
|move|p2a: Rayquaza|Dragon Ascent|p1a: Yveltal
|-damage|p1a: Yveltal|24/100
|-unboost|p2a: Rayquaza|def|1
|-unboost|p2a: Rayquaza|spd|1
|move|p1a: Yveltal|Max Airstream|p2a: Rayquaza
|-damage|p2a: Rayquaza|0 fnt
|-boost|p1a: Yveltal|spe|1
|faint|p2a: Rayquaza
|-weather|none
|-damage|p1a: Yveltal|19/100|[from] item: Life Orb
|
|upkeep
|
|t:|1666705666
|switch|p2a: Groudon|Groudon-Primal, shiny|26/100
|-damage|p2a: Groudon|14/100|[from] Stealth Rock
|-weather|DesolateLand|[from] ability: Desolate Land|[of] p2a: Groudon
|turn|10
|
|t:|1666705693
|move|p1a: Yveltal|Max Steelspike|p2a: Groudon
|-resisted|p2a: Groudon
|-damage|p2a: Groudon|0 fnt
|-boost|p1a: Yveltal|def|1
|faint|p2a: Groudon
|-weather|none
|-damage|p1a: Yveltal|14/100|[from] item: Life Orb
|
|upkeep
|
|t:|1666705706
|switch|p2a: Marshadow|Marshadow|100/100
|-damage|p2a: Marshadow|94/100|[from] Stealth Rock
|turn|11
|
|t:|1666705710
|move|p2a: Marshadow|Shadow Sneak|p1a: Yveltal
|-resisted|p1a: Yveltal
|-damage|p1a: Yveltal|10/100
|move|p1a: Yveltal|Max Airstream|p2a: Marshadow
|-supereffective|p2a: Marshadow
|-damage|p2a: Marshadow|0 fnt
|-boost|p1a: Yveltal|spe|1
|faint|p2a: Marshadow
|-damage|p1a: Yveltal|5/100|[from] item: Life Orb
|
|upkeep
|
|t:|1666705715
|switch|p2a: Arceus|Arceus|100/100
|-damage|p2a: Arceus|88/100|[from] Stealth Rock
|-end|p1a: Yveltal|Dynamax
|-heal|p1a: Yveltal|5/100|[silent]
|turn|12
|
|t:|1666705733
|move|p2a: Arceus|Extreme Speed|p1a: Yveltal
|-damage|p1a: Yveltal|0 fnt
|faint|p1a: Yveltal
|-damage|p2a: Arceus|78/100|[from] item: Life Orb
|
|upkeep
|
|t:|1666705751
|switch|p1a: Tyranitar|Tyranitar, F|100/100
|-damage|p1a: Tyranitar|88/100|[from] Stealth Rock
|-weather|Sandstorm|[from] ability: Sand Stream|[of] p1a: Tyranitar
|turn|13
|
|t:|1666705759
|move|p2a: Arceus|Earthquake|p1a: Tyranitar
|-supereffective|p1a: Tyranitar
|-damage|p1a: Tyranitar|21/100
|-damage|p2a: Arceus|68/100|[from] item: Life Orb
|move|p1a: Tyranitar|Stone Edge|p2a: Arceus
|-damage|p2a: Arceus|39/100
|
|-weather|Sandstorm|[upkeep]
|-damage|p2a: Arceus|33/100|[from] Sandstorm
|-heal|p1a: Tyranitar|27/100|[from] item: Leftovers
|upkeep
|turn|14
|
|t:|1666705776
|move|p2a: Arceus|Earthquake|p1a: Tyranitar
|-supereffective|p1a: Tyranitar
|-damage|p1a: Tyranitar|0 fnt
|faint|p1a: Tyranitar
|-damage|p2a: Arceus|23/100|[from] item: Life Orb
|
|-weather|Sandstorm|[upkeep]
|-damage|p2a: Arceus|17/100|[from] Sandstorm
|upkeep
|inactive|thicsucttv has 120 seconds left.
|
|t:|1666705796
|switch|p1a: Marshadow|Marshadow|100/100
|-damage|p1a: Marshadow|94/100|[from] Stealth Rock
|turn|15
|inactive|thicsucttv has 120 seconds left.
|
|t:|1666705835
|move|p1a: Marshadow|Close Combat|p2a: Arceus
|-supereffective|p2a: Arceus
|-damage|p2a: Arceus|0 fnt
|-unboost|p1a: Marshadow|def|1
|-unboost|p1a: Marshadow|spd|1
|faint|p2a: Arceus
|-damage|p1a: Marshadow|84/100|[from] item: Life Orb
|
|-weather|Sandstorm|[upkeep]
|-damage|p1a: Marshadow|78/100|[from] Sandstorm
|upkeep
|
|t:|1666705843
|switch|p2a: Arceus|Arceus-Ground, shiny|100/100
|-damage|p2a: Arceus|94/100|[from] Stealth Rock
|turn|16
|
|t:|1666705849
|-start|p2a: Arceus|Dynamax|
|-heal|p2a: Arceus|94/100|[silent]
|move|p1a: Marshadow|Ice Punch|p2a: Arceus
|-supereffective|p2a: Arceus
|-damage|p2a: Arceus|78/100
|-damage|p1a: Marshadow|68/100|[from] item: Life Orb
|move|p2a: Arceus|Max Quake|p1a: Marshadow
|-damage|p1a: Marshadow|0 fnt
|-boost|p2a: Arceus|spd|1
|faint|p1a: Marshadow
|
|-weather|Sandstorm|[upkeep]
|upkeep
|
|t:|1666705866
|switch|p1a: Necrozma|Necrozma-Ultra|70/100
|-damage|p1a: Necrozma|57/100|[from] Stealth Rock
|turn|17
|
|t:|1666705872
|move|p1a: Necrozma|Substitute|p1a: Necrozma
|-start|p1a: Necrozma|Substitute
|-damage|p1a: Necrozma|32/100
|move|p2a: Arceus|Max Hailstorm|p1a: Necrozma
|-supereffective|p1a: Necrozma
|-end|p1a: Necrozma|Substitute
|-weather|Hail
|
|-weather|Hail|[upkeep]
|-damage|p1a: Necrozma|26/100|[from] Hail
|-damage|p2a: Arceus|75/100|[from] Hail
|upkeep
|turn|18
|c|☆iHaveAsthma|gg wp
|inactive|thicsucttv has 90 seconds left.
|
|t:|1666705896
|switch|p1a: Ditto|Ditto|100/100
|-damage|p1a: Ditto|88/100|[from] Stealth Rock
|-transform|p1a: Ditto|p2a: Arceus|[from] ability: Imposter
|move|p2a: Arceus|Max Quake|p1a: Ditto
|-damage|p1a: Ditto|41/100
|-boost|p2a: Arceus|spd|1
|
|-weather|Hail|[upkeep]
|-damage|p1a: Ditto|35/100|[from] Hail
|-damage|p2a: Arceus|72/100|[from] Hail
|upkeep
|-end|p2a: Arceus|Dynamax
|-heal|p2a: Arceus|72/100|[silent]
|turn|19
|inactive|thicsucttv has 90 seconds left.
|
|t:|1666705920
|move|p1a: Ditto|Ice Beam|p2a: Arceus
|-supereffective|p2a: Arceus
|-damage|p2a: Arceus|55/100
|move|p2a: Arceus|Ice Beam|p1a: Ditto
|-supereffective|p1a: Ditto
|-damage|p1a: Ditto|0 fnt
|faint|p1a: Ditto
|
|-weather|Hail|[upkeep]
|-damage|p2a: Arceus|48/100|[from] Hail
|upkeep
|
|t:|1666705930
|switch|p1a: Necrozma|Necrozma-Ultra|26/100
|-damage|p1a: Necrozma|14/100|[from] Stealth Rock
|turn|20
|
|t:|1666705935
|-zpower|p1a: Necrozma
|move|p1a: Necrozma|Light That Burns the Sky|p2a: Arceus|[zeffect]
|-damage|p2a: Arceus|0 fnt
|faint|p2a: Arceus
|
|win|thicsucttv
|raw|thicsucttv's rating: 1913 &rarr; <strong>1933</strong><br />(+20 for winning)
|raw|iHaveAsthma's rating: 1905 &rarr; <strong>1885</strong><br />(-20 for losing)
|l|☆iHaveAsthma
|c|☆thicsucttv|Yeee
|c|☆thicsucttv|Gg bro
||Ladder isn't responding, score probably updated but might not have (Request timeout).
