|j|☆ShiftySwamps1
|j|☆kvm1999
|t:|1659492093
|gametype|singles
|player|p1|ShiftySwamps1|marshal|
|player|p2|kvm1999|falkner|
|teamsize|p1|6
|teamsize|p2|6
|gen|8
|tier|[Gen 8] National Dex AG
|rule|HP Percentage Mod: HP is shown in percentages
|rule|Endless Battle Clause: Forcing endless battles is banned
|clearpoke
|poke|p1|Hariyama, F|
|poke|p1|Moltres|
|poke|p1|Rayquaza|
|poke|p1|Tapu Koko|
|poke|p1|Arceus-*|
|poke|p1|Mamoswine, F|
|poke|p2|Giratina-Origin|
|poke|p2|Arceus-*|
|poke|p2|Gliscor, F|
|poke|p2|Latios, M|
|poke|p2|Scizor, F|
|poke|p2|Magnezone|
|teampreview
|inactive|Battle timer is ON: inactive players will automatically lose when time's up. (requested by kvm1999)
|j| alt1445645
|c|☆ShiftySwamps1|gshf my friend
|c|☆kvm1999|Gee ell aych eff
|inactive|kvm1999 has 270 seconds left.
|
|t:|1659492147
|start
|switch|p1a: Ziatora|Rayquaza|100/100
|switch|p2a: Αggron|Scizor, F|100/100
|-ability|p1a: Ziatora|Air Lock
|turn|1
|
|t:|1659492157
|switch|p2a: Garchοmp|Gliscor, F|100/100
|move|p1a: Ziatora|V-create|p2a: Garchοmp
|-damage|p2a: Garchοmp|29/100
|-unboost|p1a: Ziatora|spe|1
|-unboost|p1a: Ziatora|def|1
|-unboost|p1a: Ziatora|spd|1
|-damage|p1a: Ziatora|91/100|[from] item: Life Orb
|
|-status|p2a: Garchοmp|tox|[from] item: Toxic Orb
|upkeep
|turn|2
|
|t:|1659492168
|move|p2a: Garchοmp|Roost|p2a: Garchοmp
|-heal|p2a: Garchοmp|79/100 tox
|-singleturn|p2a: Garchοmp|move: Roost
|move|p1a: Ziatora|Dragon Ascent|p2a: Garchοmp
|-damage|p2a: Garchοmp|15/100 tox
|-unboost|p1a: Ziatora|def|1
|-unboost|p1a: Ziatora|spd|1
|-damage|p1a: Ziatora|81/100|[from] item: Life Orb
|
|-heal|p2a: Garchοmp|28/100 tox|[from] ability: Poison Heal
|upkeep
|turn|3
|inactive|kvm1999 has 270 seconds left.
|
|t:|1659492205
|move|p2a: Garchοmp|Stone Edge|p1a: Ziatora
|-supereffective|p1a: Ziatora
|-damage|p1a: Ziatora|0 fnt
|faint|p1a: Ziatora
|
|-heal|p2a: Garchοmp|40/100 tox|[from] ability: Poison Heal
|upkeep
|
|t:|1659492215
|switch|p1a: Lucas the GOAT|Mamoswine, F, shiny|100/100
|turn|4
|
|t:|1659492225
|switch|p2a: Αggron|Scizor, F|100/100
|move|p1a: Lucas the GOAT|Icicle Crash|p2a: Αggron
|-resisted|p2a: Αggron
|-damage|p2a: Αggron|79/100
|
|upkeep
|turn|5
|
|t:|1659492230
|switch|p1a: Syrix|Moltres, shiny|100/100
|detailschange|p2a: Αggron|Scizor-Mega, F
|-mega|p2a: Αggron|Scizor|Scizorite
|move|p2a: Αggron|Tailwind|p2a: Αggron
|-sidestart|p2: kvm1999|move: Tailwind
|
|upkeep
|turn|6
|
|t:|1659492243
|switch|p2a: Garchοmp|Gliscor, F|40/100 tox
|move|p1a: Syrix|Hurricane|p2a: Garchοmp|[miss]
|-miss|p1a: Syrix|p2a: Garchοmp
|
|-heal|p2a: Garchοmp|53/100 tox|[from] ability: Poison Heal
|upkeep
|turn|7
|
|t:|1659492250
|switch|p1a: Zagreus|Arceus-Dark|100/100
|move|p2a: Garchοmp|Stone Edge|p1a: Zagreus
|-damage|p1a: Zagreus|84/100
|
|-heal|p2a: Garchοmp|65/100 tox|[from] ability: Poison Heal
|upkeep
|turn|8
|
|t:|1659492254
|move|p2a: Garchοmp|Stealth Rock|p1a: Zagreus
|-sidestart|p1: ShiftySwamps1|move: Stealth Rock
|move|p1a: Zagreus|Calm Mind|p1a: Zagreus
|-boost|p1a: Zagreus|spa|1
|-boost|p1a: Zagreus|spd|1
|
|-heal|p2a: Garchοmp|78/100 tox|[from] ability: Poison Heal
|-sideend|p2: kvm1999|move: Tailwind
|upkeep
|turn|9
|
|t:|1659492263
|move|p1a: Zagreus|Calm Mind|p1a: Zagreus
|-boost|p1a: Zagreus|spa|1
|-boost|p1a: Zagreus|spd|1
|move|p2a: Garchοmp|Earthquake|p1a: Zagreus
|-damage|p1a: Zagreus|60/100
|
|-heal|p2a: Garchοmp|90/100 tox|[from] ability: Poison Heal
|upkeep
|turn|10
|
|t:|1659492276
|move|p1a: Zagreus|Recover|p1a: Zagreus
|-heal|p1a: Zagreus|100/100
|move|p2a: Garchοmp|Earthquake|p1a: Zagreus
|-damage|p1a: Zagreus|75/100
|
|-heal|p2a: Garchοmp|100/100 tox|[from] ability: Poison Heal
|upkeep
|turn|11
|
|t:|1659492285
|-zpower|p1a: Zagreus
|move|p1a: Zagreus|Black Hole Eclipse|p2a: Garchοmp|[zeffect]
|-damage|p2a: Garchοmp|0 fnt
|faint|p2a: Garchοmp
|
|upkeep
|j| DrippinSauce
|inactive|kvm1999 has 270 seconds left.
|inactive|kvm1999 has 240 seconds left.
|c| alt1445645|ted dont time urself out there buddy
|inactive|kvm1999 has 210 seconds left.
|c|☆kvm1999|Wym
|c|☆ShiftySwamps1|We're all friends here
|c|☆kvm1999|Ok I lied about being 6-0d
|c|☆kvm1999|i was actually 5-0d
|c|☆ShiftySwamps1|Maaaaaaaaaaaan
|inactive|kvm1999 has 180 seconds left.
|
|t:|1659492410
|switch|p2a: Αggron|Scizor-Mega, F|79/100
|turn|12
|inactive|kvm1999 has 180 seconds left.
|
|t:|1659492422
|move|p1a: Zagreus|Flamethrower|p2a: Αggron
|-supereffective|p2a: Αggron
|-damage|p2a: Αggron|0 fnt
|faint|p2a: Αggron
|
|upkeep
|
|t:|1659492434
|switch|p2a: Βlaziken|Giratina-Origin|100/100
|turn|13
|
|t:|1659492437
|move|p1a: Zagreus|Dark Pulse|p2a: Βlaziken
|-supereffective|p2a: Βlaziken
|-damage|p2a: Βlaziken|0 fnt
|faint|p2a: Βlaziken
|
|upkeep
|c|☆kvm1999|Gg
|inactive|kvm1999 has 180 seconds left.
|
|t:|1659492445
|switch|p2a: Μedicham|Arceus-Steel|100/100
|turn|14
|c|☆ShiftySwamps1|It ain't over though
|
|t:|1659492450
|move|p2a: Μedicham|Extreme Speed|p1a: Zagreus
|-crit|p1a: Zagreus
|-damage|p1a: Zagreus|41/100
|move|p1a: Zagreus|Flamethrower|p2a: Μedicham
|-supereffective|p2a: Μedicham
|-damage|p2a: Μedicham|4/100
|
|upkeep
|turn|15
|
|t:|1659492456
|move|p1a: Zagreus|Flamethrower|p2a: Μedicham
|-supereffective|p2a: Μedicham
|-crit|p2a: Μedicham
|-damage|p2a: Μedicham|0 fnt
|faint|p2a: Μedicham
|
|upkeep
|
|t:|1659492462
|switch|p2a: Gοthitelle|Latios, M|100/100
|turn|16
|inactive|kvm1999 has 180 seconds left.
|c|☆kvm1999|Draco needs to crit here for me to have any semblance of a chance
|c|☆ShiftySwamps1|We shall see
|c|☆kvm1999|Otherwise it’s an l
|c|☆ShiftySwamps1|Crit the espeed
|
|t:|1659492500
|move|p2a: Gοthitelle|Draco Meteor|p1a: Zagreus
|-damage|p1a: Zagreus|12/100
|-unboost|p2a: Gοthitelle|spa|2
|move|p1a: Zagreus|Dark Pulse|p2a: Gοthitelle
|-supereffective|p2a: Gοthitelle
|-damage|p2a: Gοthitelle|0 fnt
|faint|p2a: Gοthitelle
|
|upkeep
|c|☆kvm1999|Gg
|
|t:|1659492510
|switch|p2a: Wοbbuffet|Magnezone|100/100
|turn|17
|c|☆ShiftySwamps1|We shall see
|
|t:|1659492521
|move|p1a: Zagreus|Dark Pulse|p2a: Wοbbuffet
|-damage|p2a: Wοbbuffet|0 fnt
|faint|p2a: Wοbbuffet
|
|win|ShiftySwamps1
|c|☆ShiftySwamps1|gg man
