|j|☆mardydu
|j|☆CLEAR GEM清瑜
|t:|1664609712
|gametype|singles
|player|p1|mardydu|boarder|1819
|player|p2|CLEAR GEM清瑜|skierf|1752
|teamsize|p1|6
|teamsize|p2|6
|gen|8
|tier|[Gen 8] National Dex AG
|rated|
|rule|HP Percentage Mod: HP is shown in percentages
|rule|Endless Battle Clause: Forcing endless battles is banned
|clearpoke
|poke|p1|Kyurem-White|
|poke|p1|Calyrex-Shadow|
|poke|p1|Rayquaza|
|poke|p1|Regieleki|
|poke|p1|Smeargle, M|
|poke|p1|Skarmory, F|
|poke|p2|Groudon|
|poke|p2|Kyogre|
|poke|p2|Zacian-*|
|poke|p2|Yveltal|
|poke|p2|Arceus-*|
|poke|p2|Regieleki|
|teampreview
|inactive|Battle timer is ON: inactive players will automatically lose when time's up. (requested by mardydu)
|
|t:|1664609722
|start
|switch|p1a: JumpingMan|Regieleki|100/100
|switch|p2a: 超速手|Regieleki|100/100
|turn|1
|
|t:|1664609726
|switch|p1a: Skarmory|Skarmory, F|100/100
|move|p2a: 超速手|Volt Switch|p1a: Skarmory
|-supereffective|p1a: Skarmory
|-ability|p1a: Skarmory|Sturdy
|-damage|p1a: Skarmory|1/100
|-damage|p2a: 超速手|91/100|[from] item: Life Orb
|
|t:|1664609736
|switch|p2a: 嘉然小姐的狗|Zacian-Crowned|100/100|[from]move: Volt Switch
|-ability|p2a: 嘉然小姐的狗|Intrepid Sword|boost
|-boost|p2a: 嘉然小姐的狗|atk|1
|
|upkeep
|turn|2
|
|t:|1664609740
|move|p2a: 嘉然小姐的狗|Behemoth Blade|p1a: Skarmory
|-resisted|p1a: Skarmory
|-damage|p1a: Skarmory|0 fnt
|-damage|p2a: 嘉然小姐的狗|84/100|[from] item: Rocky Helmet|[of] p1a: Skarmory
|faint|p1a: Skarmory
|
|upkeep
|
|t:|1664609746
|switch|p1a: Smeargle|Smeargle, M|100/100
|turn|3
|
|t:|1664609748
|move|p2a: 嘉然小姐的狗|Substitute|p2a: 嘉然小姐的狗
|-start|p2a: 嘉然小姐的狗|Substitute
|-damage|p2a: 嘉然小姐的狗|59/100
|move|p1a: Smeargle|Shell Smash|p1a: Smeargle
|-unboost|p1a: Smeargle|def|1
|-unboost|p1a: Smeargle|spd|1
|-boost|p1a: Smeargle|atk|2
|-boost|p1a: Smeargle|spa|2
|-boost|p1a: Smeargle|spe|2
|
|-ability|p1a: Smeargle|Moody|boost
|-boost|p1a: Smeargle|def|2
|-unboost|p1a: Smeargle|atk|1
|upkeep
|turn|4
|
|t:|1664609753
|move|p1a: Smeargle|Spectral Thief||[still]
|-clearpositiveboost|p2a: 嘉然小姐的狗|p1a: Smeargle|move: Spectral Thief
|-boost|p1a: Smeargle|atk|1
|-anim|p1a: Smeargle|Spectral Thief|p2a: 嘉然小姐的狗
|-damage|p2a: 嘉然小姐的狗|41/100
|move|p2a: 嘉然小姐的狗|Behemoth Blade|p1a: Smeargle
|-enditem|p1a: Smeargle|Focus Sash
|-damage|p1a: Smeargle|1/100
|
|-ability|p1a: Smeargle|Moody|boost
|-boost|p1a: Smeargle|spa|2
|-unboost|p1a: Smeargle|spe|1
|upkeep
|turn|5
|
|t:|1664609764
|move|p2a: 嘉然小姐的狗|Quick Attack|p1a: Smeargle
|-damage|p1a: Smeargle|0 fnt
|faint|p1a: Smeargle
|
|upkeep
|
|t:|1664609776
|switch|p1a: JumpingMan|Regieleki|100/100
|turn|6
|
|t:|1664609780
|move|p1a: JumpingMan|Thunder Cage|p2a: 嘉然小姐的狗
|-end|p2a: 嘉然小姐的狗|Substitute
|move|p2a: 嘉然小姐的狗|Behemoth Blade|p1a: JumpingMan
|-resisted|p1a: JumpingMan
|-damage|p1a: JumpingMan|40/100
|
|upkeep
|turn|7
|
|t:|1664609786
|move|p1a: JumpingMan|Thunder Cage|p2a: 嘉然小姐的狗|[miss]
|-miss|p1a: JumpingMan|p2a: 嘉然小姐的狗
|move|p2a: 嘉然小姐的狗|Behemoth Blade|p1a: JumpingMan
|-resisted|p1a: JumpingMan
|-damage|p1a: JumpingMan|0 fnt
|faint|p1a: JumpingMan
|
|upkeep
|
|t:|1664609790
|switch|p1a: Horse in cali|Calyrex-Shadow|100/100
|-ability|p1a: Horse in cali|As One
|-ability|p1a: Horse in cali|Unnerve
|turn|8
|
|t:|1664609797
|switch|p2a: 海皇牙|Kyogre, shiny|100/100
|detailschange|p2a: 海皇牙|Kyogre-Primal, shiny
|-primal|p2a: 海皇牙
|-weather|PrimordialSea|[from] ability: Primordial Sea|[of] p2a: 海皇牙
|move|p1a: Horse in cali|Nasty Plot|p1a: Horse in cali
|-boost|p1a: Horse in cali|spa|2
|
|-weather|PrimordialSea|[upkeep]
|upkeep
|turn|9
|
|t:|1664609806
|-start|p1a: Horse in cali|Dynamax|
|-heal|p1a: Horse in cali|100/100|[silent]
|move|p1a: Horse in cali|Max Phantasm|p2a: 海皇牙
|-damage|p2a: 海皇牙|10/100
|-unboost|p2a: 海皇牙|def|1
|move|p2a: 海皇牙|Scald|p1a: Horse in cali
|-damage|p1a: Horse in cali|59/100
|
|-weather|PrimordialSea|[upkeep]
|upkeep
|turn|10
|
|t:|1664609810
|move|p1a: Horse in cali|Max Mindstorm|p2a: 海皇牙
|-damage|p2a: 海皇牙|0 fnt
|-fieldstart|move: Psychic Terrain
|faint|p2a: 海皇牙
|-weather|none
|-ability|p1a: Horse in cali|Grim Neigh|boost
|-boost|p1a: Horse in cali|spa|1
|
|upkeep
|
|t:|1664609813
|switch|p2a: 超速手|Regieleki|91/100
|turn|11
|
|t:|1664609816
|move|p2a: 超速手|Thunder Wave|p1a: Horse in cali
|-status|p1a: Horse in cali|par
|move|p1a: Horse in cali|Max Phantasm|p2a: 超速手
|-damage|p2a: 超速手|0 fnt
|faint|p2a: 超速手
|-ability|p1a: Horse in cali|Grim Neigh|boost
|-boost|p1a: Horse in cali|spa|1
|
|upkeep
|
|t:|1664609824
|switch|p2a: 嘉然小姐的狗|Zacian-Crowned|41/100
|-ability|p2a: 嘉然小姐的狗|Intrepid Sword|boost
|-boost|p2a: 嘉然小姐的狗|atk|1
|-end|p1a: Horse in cali|Dynamax
|-heal|p1a: Horse in cali|59/100 par|[silent]
|turn|12
|
|t:|1664609827
|move|p2a: 嘉然小姐的狗|Behemoth Blade|p1a: Horse in cali
|-damage|p1a: Horse in cali|0 fnt
|faint|p1a: Horse in cali
|
|upkeep
|
|t:|1664609830
|switch|p1a: Kurem|Kyurem-White, shiny|100/100
|-ability|p1a: Kurem|Turboblaze
|turn|13
|
|t:|1664609832
|move|p1a: Kurem|Earth Power|p2a: 嘉然小姐的狗
|-supereffective|p2a: 嘉然小姐的狗
|-damage|p2a: 嘉然小姐的狗|0 fnt
|faint|p2a: 嘉然小姐的狗
|
|upkeep
|
|t:|1664609836
|switch|p2a: Y鸟|Yveltal|100/100
|-ability|p2a: Y鸟|Dark Aura
|turn|14
|
|t:|1664609839
|switch|p1a: Rayquaza|Rayquaza|100/100
|-ability|p1a: Rayquaza|Air Lock
|-start|p2a: Y鸟|Dynamax|
|-heal|p2a: Y鸟|100/100|[silent]
|move|p2a: Y鸟|Max Airstream|p1a: Rayquaza
|-damage|p1a: Rayquaza|0 fnt
|-boost|p2a: Y鸟|spe|1
|faint|p1a: Rayquaza
|-damage|p2a: Y鸟|96/100|[from] item: Life Orb
|
|-fieldend|move: Psychic Terrain
|upkeep
|
|t:|1664609841
|switch|p1a: Kurem|Kyurem-White, shiny|100/100
|-ability|p1a: Kurem|Turboblaze
|turn|15
|
|t:|1664609843
|move|p1a: Kurem|Ice Beam|p2a: Y鸟
|-supereffective|p2a: Y鸟
|-damage|p2a: Y鸟|44/100
|move|p2a: Y鸟|Max Darkness|p1a: Kurem
|-damage|p1a: Kurem|0 fnt
|faint|p1a: Kurem
|-damage|p2a: Y鸟|39/100|[from] item: Life Orb
|
|win|CLEAR GEM清瑜
|raw|mardydu's rating: 1819 &rarr; <strong>1795</strong><br />(-24 for losing)
|raw|CLEAR GEM清瑜's rating: 1752 &rarr; <strong>1776</strong><br />(+24 for winning)
|l|☆mardydu
