|j|☆ChaosSilence
|j|‽meepacman
|t:|1632075176
|gametype|singles
|player|p1|ChaosSilence|266|1331
|player|p2|meepacman|102|1434
|teamsize|p1|6
|teamsize|p2|6
|gen|8
|tier|[Gen 8] National Dex AG
|rated|
|rule|HP Percentage Mod: HP is shown in percentages
|rule|Endless Battle Clause: Forcing endless battles is banned
|clearpoke
|poke|p1|Deoxys-Speed|
|poke|p1|Deoxys-Speed|
|poke|p1|Eternatus|
|poke|p1|Xerneas-*|
|poke|p1|Necrozma-Dusk-Mane|
|poke|p1|Rayquaza|
|poke|p2|Breloom, M|
|poke|p2|Magnezone|
|poke|p2|Arceus-*|
|poke|p2|Comfey, M|
|poke|p2|Corviknight, M|
|poke|p2|Reshiram|
|teampreview
|
|t:|1632075197
|start
|switch|p1a: Deoxys|Deoxys-Speed|100/100
|switch|p2a: Arceus|Arceus-Water|100/100
|-ability|p1a: Deoxys|Pressure
|turn|1
|
|t:|1632075207
|move|p1a: Deoxys|Stealth Rock|p2a: Arceus
|-sidestart|p2: meepacman|move: Stealth Rock
|move|p2a: Arceus|Judgment|p1a: Deoxys
|-damage|p1a: Deoxys|10/100
|
|upkeep
|turn|2
|
|t:|1632075218
|move|p1a: Deoxys|Taunt|p2a: Arceus
|-start|p2a: Arceus|move: Taunt
|move|p2a: Arceus|Ice Beam|p1a: Deoxys
|-damage|p1a: Deoxys|0 fnt
|faint|p1a: Deoxys
|
|upkeep
|
|t:|1632075227
|switch|p1a: Deoxys|Deoxys-Speed|100/100
|-ability|p1a: Deoxys|Pressure
|turn|3
|
|t:|1632075232
|move|p1a: Deoxys|Light Screen|p1a: Deoxys
|-sidestart|p1: ChaosSilence|move: Light Screen
|move|p2a: Arceus|Judgment|p1a: Deoxys
|-damage|p1a: Deoxys|65/100
|
|upkeep
|turn|4
|
|t:|1632075238
|move|p1a: Deoxys|Reflect|p1a: Deoxys
|-sidestart|p1: ChaosSilence|Reflect
|move|p2a: Arceus|Judgment|p1a: Deoxys
|-damage|p1a: Deoxys|34/100
|
|-end|p2a: Arceus|move: Taunt
|upkeep
|turn|5
|
|t:|1632075246
|move|p1a: Deoxys|Taunt|p2a: Arceus
|-start|p2a: Arceus|move: Taunt
|move|p2a: Arceus|Judgment|p1a: Deoxys
|-damage|p1a: Deoxys|2/100
|
|upkeep
|turn|6
|inactive|Battle timer is ON: inactive players will automatically lose when time's up. (requested by ChaosSilence)
|
|t:|1632075273
|switch|p2a: Magnezone|Magnezone|100/100
|-damage|p2a: Magnezone|94/100|[from] Stealth Rock
|move|p1a: Deoxys|Spikes|p2a: Magnezone
|-sidestart|p2: meepacman|Spikes
|
|upkeep
|turn|7
|
|t:|1632075283
|move|p1a: Deoxys|Spikes|p2a: Magnezone
|-sidestart|p2: meepacman|Spikes
|move|p2a: Magnezone|Flash Cannon|p1a: Deoxys
|-damage|p1a: Deoxys|0 fnt
|faint|p1a: Deoxys
|
|upkeep
|
|t:|1632075293
|switch|p1a: Necrozma|Necrozma-Dusk-Mane|100/100
|turn|8
|
|t:|1632075299
|detailschange|p1a: Necrozma|Necrozma-Ultra
|-burst|p1a: Necrozma|Necrozma|Ultranecrozium Z
|move|p1a: Necrozma|Dragon Dance|p1a: Necrozma
|-boost|p1a: Necrozma|atk|1
|-boost|p1a: Necrozma|spe|1
|move|p2a: Magnezone|Substitute|p2a: Magnezone
|-start|p2a: Magnezone|Substitute
|-damage|p2a: Magnezone|69/100
|
|upkeep
|turn|9
|
|t:|1632075312
|move|p1a: Necrozma|Photon Geyser|p2a: Magnezone
|-resisted|p2a: Magnezone
|-end|p2a: Magnezone|Substitute
|move|p2a: Magnezone|Flash Cannon|p1a: Necrozma
|-damage|p1a: Necrozma|63/100
|
|upkeep
|turn|10
|
|t:|1632075325
|-zpower|p1a: Necrozma
|move|p1a: Necrozma|Light That Burns the Sky|p2a: Magnezone|[zeffect]
|-resisted|p2a: Magnezone
|-damage|p2a: Magnezone|0 fnt
|faint|p2a: Magnezone
|
|-sideend|p1: ChaosSilence|move: Light Screen
|upkeep
|
|t:|1632075331
|switch|p2a: Comfey|Comfey, M|100/100
|-damage|p2a: Comfey|84/100|[from] Spikes
|-damage|p2a: Comfey|72/100|[from] Stealth Rock
|turn|11
|
|t:|1632075339
|move|p2a: Comfey|Draining Kiss|p1a: Necrozma
|-supereffective|p1a: Necrozma
|-damage|p1a: Necrozma|2/100
|-heal|p2a: Comfey|100/100|[from] drain|[of] p1a: Necrozma
|-damage|p2a: Comfey|91/100|[from] item: Life Orb
|move|p1a: Necrozma|Photon Geyser|p2a: Comfey
|-damage|p2a: Comfey|0 fnt
|faint|p2a: Comfey
|
|-sideend|p1: ChaosSilence|Reflect
|upkeep
|
|t:|1632075345
|switch|p2a: Corviknight|Corviknight, M|100/100
|-damage|p2a: Corviknight|88/100|[from] Stealth Rock
|turn|12
|
|t:|1632075357
|move|p1a: Necrozma|Rock Blast|p2a: Corviknight
|-damage|p2a: Corviknight|77/100
|-damage|p2a: Corviknight|65/100
|-damage|p2a: Corviknight|54/100
|-damage|p2a: Corviknight|44/100
|-hitcount|p2a: Corviknight|4
|move|p2a: Corviknight|U-turn|p1a: Necrozma
|-supereffective|p1a: Necrozma
|-damage|p1a: Necrozma|0 fnt
|faint|p1a: Necrozma
|
|t:|1632075373
|switch|p2a: Breloom|Breloom, M|100/100|[from]move: U-turn
|-damage|p2a: Breloom|94/100|[from] Stealth Rock
|-damage|p2a: Breloom|78/100|[from] Spikes
|
|-status|p2a: Breloom|tox|[from] item: Toxic Orb
|upkeep
|
|t:|1632075391
|switch|p1a: Xerneas|Xerneas|100/100
|-ability|p1a: Xerneas|Fairy Aura
|turn|13
|
|t:|1632075396
|move|p1a: Xerneas|Geomancy||[still]
|-prepare|p1a: Xerneas|Geomancy
|-enditem|p1a: Xerneas|Power Herb
|-anim|p1a: Xerneas|Geomancy|p1a: Xerneas
|-boost|p1a: Xerneas|spa|2
|-boost|p1a: Xerneas|spd|2
|-boost|p1a: Xerneas|spe|2
|move|p2a: Breloom|Substitute|p2a: Breloom
|-start|p2a: Breloom|Substitute
|-damage|p2a: Breloom|53/100 tox
|
|-heal|p2a: Breloom|65/100 tox|[from] ability: Poison Heal
|upkeep
|turn|14
|
|t:|1632075407
|move|p1a: Xerneas|Moonblast|p2a: Breloom
|-supereffective|p2a: Breloom
|-end|p2a: Breloom|Substitute
|move|p2a: Breloom|Spore|p1a: Xerneas
|-status|p1a: Xerneas|slp|[from] move: Spore
|
|-heal|p2a: Breloom|78/100 tox|[from] ability: Poison Heal
|upkeep
|turn|15
|
|t:|1632075416
|cant|p1a: Xerneas|slp
|move|p2a: Breloom|Substitute|p2a: Breloom
|-start|p2a: Breloom|Substitute
|-damage|p2a: Breloom|53/100 tox
|
|-heal|p2a: Breloom|65/100 tox|[from] ability: Poison Heal
|upkeep
|turn|16
|
|t:|1632075424
|cant|p1a: Xerneas|slp
|move|p2a: Breloom|Leech Seed|p1a: Xerneas
|-start|p1a: Xerneas|move: Leech Seed
|
|-damage|p1a: Xerneas|88/100 slp|[from] Leech Seed|[of] p2a: Breloom
|-heal|p2a: Breloom|80/100 tox|[silent]
|-heal|p2a: Breloom|93/100 tox|[from] ability: Poison Heal
|upkeep
|turn|17
|
|t:|1632075434
|-start|p1a: Xerneas|Dynamax
|-heal|p1a: Xerneas|88/100 slp|[silent]
|cant|p1a: Xerneas|slp
|move|p2a: Breloom|Substitute|p2a: Breloom
|-fail|p2a: Breloom|move: Substitute
|
|-damage|p1a: Xerneas|82/100 slp|[from] Leech Seed|[of] p2a: Breloom
|-heal|p2a: Breloom|100/100 tox|[silent]
|upkeep
|turn|18
|
|t:|1632075444
|-curestatus|p1a: Xerneas|slp|[msg]
|move|p1a: Xerneas|Max Starfall|p2a: Breloom
|-supereffective|p2a: Breloom
|-end|p2a: Breloom|Substitute
|-fieldstart|move: Misty Terrain
|move|p2a: Breloom|Substitute|p2a: Breloom
|-start|p2a: Breloom|Substitute
|-damage|p2a: Breloom|75/100 tox
|
|-damage|p1a: Xerneas|76/100|[from] Leech Seed|[of] p2a: Breloom
|-heal|p2a: Breloom|91/100 tox|[silent]
|-heal|p2a: Breloom|100/100 tox|[from] ability: Poison Heal
|upkeep
|turn|19
|
|t:|1632075458
|move|p1a: Xerneas|Max Starfall|p2a: Breloom
|-supereffective|p2a: Breloom
|-crit|p2a: Breloom
|-end|p2a: Breloom|Substitute
|move|p2a: Breloom|Substitute|p2a: Breloom
|-start|p2a: Breloom|Substitute
|-damage|p2a: Breloom|75/100 tox
|
|-damage|p1a: Xerneas|69/100|[from] Leech Seed|[of] p2a: Breloom
|-heal|p2a: Breloom|91/100 tox|[silent]
|-heal|p2a: Breloom|100/100 tox|[from] ability: Poison Heal
|-end|p1a: Xerneas|Dynamax
|-heal|p1a: Xerneas|69/100|[silent]
|upkeep
|turn|20
|
|t:|1632075475
|switch|p1a: Rayquaza|Rayquaza|100/100
|-ability|p1a: Rayquaza|Air Lock
|move|p2a: Breloom|Substitute|p2a: Breloom
|-fail|p2a: Breloom|move: Substitute
|
|upkeep
|turn|21
|
|t:|1632075491
|detailschange|p1a: Rayquaza|Rayquaza-Mega
|-mega|p1a: Rayquaza|Rayquaza|
|-weather|DeltaStream|[from] ability: Delta Stream|[of] p1a: Rayquaza
|move|p1a: Rayquaza|Dragon Ascent|p2a: Breloom
|-supereffective|p2a: Breloom
|-end|p2a: Breloom|Substitute
|-unboost|p1a: Rayquaza|def|1
|-unboost|p1a: Rayquaza|spd|1
|move|p2a: Breloom|Substitute|p2a: Breloom
|-start|p2a: Breloom|Substitute
|-damage|p2a: Breloom|75/100 tox
|
|-weather|DeltaStream|[upkeep]
|-heal|p2a: Breloom|88/100 tox|[from] ability: Poison Heal
|upkeep
|turn|22
|
|t:|1632075505
|move|p1a: Rayquaza|Dragon Dance|p1a: Rayquaza
|-boost|p1a: Rayquaza|atk|1
|-boost|p1a: Rayquaza|spe|1
|move|p2a: Breloom|Substitute|p2a: Breloom
|-fail|p2a: Breloom|move: Substitute
|
|-weather|DeltaStream|[upkeep]
|-heal|p2a: Breloom|100/100 tox|[from] ability: Poison Heal
|-fieldend|Misty Terrain
|upkeep
|turn|23
|
|t:|1632075518
|move|p1a: Rayquaza|Dragon Dance|p1a: Rayquaza
|-boost|p1a: Rayquaza|atk|1
|-boost|p1a: Rayquaza|spe|1
|move|p2a: Breloom|Spore|p1a: Rayquaza
|-status|p1a: Rayquaza|slp|[from] move: Spore
|-enditem|p1a: Rayquaza|Lum Berry|[eat]
|-curestatus|p1a: Rayquaza|slp|[msg]
|
|-weather|DeltaStream|[upkeep]
|upkeep
|turn|24
|
|t:|1632075532
|move|p1a: Rayquaza|Dragon Ascent|p2a: Breloom
|-supereffective|p2a: Breloom
|-end|p2a: Breloom|Substitute
|-unboost|p1a: Rayquaza|def|1
|-unboost|p1a: Rayquaza|spd|1
|move|p2a: Breloom|Spore|p1a: Rayquaza
|-status|p1a: Rayquaza|slp|[from] move: Spore
|
|-weather|DeltaStream|[upkeep]
|upkeep
|turn|25
|
|t:|1632075541
|cant|p1a: Rayquaza|slp
|move|p2a: Breloom|Substitute|p2a: Breloom
|-start|p2a: Breloom|Substitute
|-damage|p2a: Breloom|75/100 tox
|
|-weather|DeltaStream|[upkeep]
|-heal|p2a: Breloom|88/100 tox|[from] ability: Poison Heal
|upkeep
|turn|26
|
|t:|1632075549
|cant|p1a: Rayquaza|slp
|move|p2a: Breloom|Leech Seed|p1a: Rayquaza
|-start|p1a: Rayquaza|move: Leech Seed
|
|-weather|DeltaStream|[upkeep]
|-damage|p1a: Rayquaza|88/100 slp|[from] Leech Seed|[of] p2a: Breloom
|-heal|p2a: Breloom|100/100 tox|[silent]
|upkeep
|turn|27
|
|t:|1632075557
|-weather|none
|switch|p1a: Xerneas|Xerneas|69/100
|-ability|p1a: Xerneas|Fairy Aura
|move|p2a: Breloom|Spore|p1a: Xerneas
|-status|p1a: Xerneas|slp|[from] move: Spore
|
|upkeep
|turn|28
|
|t:|1632075567
|cant|p1a: Xerneas|slp
|move|p2a: Breloom|Leech Seed|p1a: Xerneas
|-start|p1a: Xerneas|move: Leech Seed
|
|-damage|p1a: Xerneas|57/100 slp|[from] Leech Seed|[of] p2a: Breloom
|upkeep
|turn|29
|
|t:|1632075575
|-singleturn|p2a: Breloom|move: Focus Punch
|switch|p1a: Rayquaza|Rayquaza-Mega|88/100 slp
|-weather|DeltaStream|[from] ability: Delta Stream|[of] p1a: Rayquaza
|move|p2a: Breloom|Focus Punch|p1a: Rayquaza
|-resisted|p1a: Rayquaza
|-damage|p1a: Rayquaza|55/100 slp
|
|-weather|DeltaStream|[upkeep]
|upkeep
|turn|30
|
|t:|1632075586
|-curestatus|p1a: Rayquaza|slp|[msg]
|move|p1a: Rayquaza|Dragon Ascent|p2a: Breloom
|-supereffective|p2a: Breloom
|-end|p2a: Breloom|Substitute
|-unboost|p1a: Rayquaza|def|1
|-unboost|p1a: Rayquaza|spd|1
|move|p2a: Breloom|Spore|p1a: Rayquaza
|-status|p1a: Rayquaza|slp|[from] move: Spore
|
|-weather|DeltaStream|[upkeep]
|upkeep
|turn|31
|
|t:|1632075603
|cant|p1a: Rayquaza|slp
|move|p2a: Breloom|Substitute|p2a: Breloom
|-start|p2a: Breloom|Substitute
|-damage|p2a: Breloom|75/100 tox
|
|-weather|DeltaStream|[upkeep]
|-heal|p2a: Breloom|88/100 tox|[from] ability: Poison Heal
|upkeep
|turn|32
|
|t:|1632075612
|-weather|none
|switch|p1a: Xerneas|Xerneas|57/100 slp
|-ability|p1a: Xerneas|Fairy Aura
|move|p2a: Breloom|Leech Seed|p1a: Xerneas
|-start|p1a: Xerneas|move: Leech Seed
|
|-damage|p1a: Xerneas|45/100 slp|[from] Leech Seed|[of] p2a: Breloom
|-heal|p2a: Breloom|100/100 tox|[silent]
|upkeep
|turn|33
|
|t:|1632075625
|switch|p1a: Eternatus|Eternatus|100/100
|-ability|p1a: Eternatus|Pressure
|move|p2a: Breloom|Spore|p1a: Eternatus
|-status|p1a: Eternatus|slp|[from] move: Spore
|
|upkeep
|turn|34
|
|t:|1632075634
|cant|p1a: Eternatus|slp
|move|p2a: Breloom|Leech Seed|p1a: Eternatus
|-start|p1a: Eternatus|move: Leech Seed
|
|-damage|p1a: Eternatus|88/100 slp|[from] Leech Seed|[of] p2a: Breloom
|upkeep
|turn|35
|
|t:|1632075644
|-singleturn|p2a: Breloom|move: Focus Punch
|switch|p1a: Rayquaza|Rayquaza-Mega|55/100 slp
|-weather|DeltaStream|[from] ability: Delta Stream|[of] p1a: Rayquaza
|move|p2a: Breloom|Focus Punch|p1a: Rayquaza
|-resisted|p1a: Rayquaza
|-damage|p1a: Rayquaza|23/100 slp
|
|-weather|DeltaStream|[upkeep]
|upkeep
|turn|36
|
|t:|1632075657
|-singleturn|p2a: Breloom|move: Focus Punch
|cant|p1a: Rayquaza|slp
|move|p2a: Breloom|Focus Punch|p1a: Rayquaza
|-resisted|p1a: Rayquaza
|-damage|p1a: Rayquaza|0 fnt
|faint|p1a: Rayquaza
|-weather|none
|
|upkeep
|
|t:|1632075670
|switch|p1a: Eternatus|Eternatus|88/100 slp
|-ability|p1a: Eternatus|Pressure
|turn|37
|
|t:|1632075675
|cant|p1a: Eternatus|slp
|move|p2a: Breloom|Leech Seed|p1a: Eternatus
|-start|p1a: Eternatus|move: Leech Seed
|
|-damage|p1a: Eternatus|76/100 slp|[from] Leech Seed|[of] p2a: Breloom
|upkeep
|turn|38
|
|t:|1632075682
|switch|p1a: Xerneas|Xerneas|45/100 slp
|-ability|p1a: Xerneas|Fairy Aura
|move|p2a: Breloom|Spore|p1a: Xerneas
|-fail|p1a: Xerneas|slp
|
|upkeep
|turn|39
|
|t:|1632075693
|-curestatus|p1a: Xerneas|slp|[msg]
|move|p1a: Xerneas|Moonblast|p2a: Breloom
|-supereffective|p2a: Breloom
|-end|p2a: Breloom|Substitute
|move|p2a: Breloom|Spore|p1a: Xerneas
|-status|p1a: Xerneas|slp|[from] move: Spore
|
|upkeep
|turn|40
|
|t:|1632075704
|cant|p1a: Xerneas|slp
|move|p2a: Breloom|Substitute|p2a: Breloom
|-start|p2a: Breloom|Substitute
|-damage|p2a: Breloom|75/100 tox
|
|-heal|p2a: Breloom|88/100 tox|[from] ability: Poison Heal
|upkeep
|turn|41
|
|t:|1632075712
|-singleturn|p2a: Breloom|move: Focus Punch
|-curestatus|p1a: Xerneas|slp|[msg]
|move|p1a: Xerneas|Moonblast|p2a: Breloom
|-supereffective|p2a: Breloom
|-end|p2a: Breloom|Substitute
|move|p2a: Breloom|Focus Punch|p1a: Xerneas
|-resisted|p1a: Xerneas
|-damage|p1a: Xerneas|16/100
|
|-heal|p2a: Breloom|100/100 tox|[from] ability: Poison Heal
|upkeep
|turn|42
|
|t:|1632075725
|switch|p2a: Arceus|Arceus-Water|100/100
|-damage|p2a: Arceus|88/100|[from] Stealth Rock
|-damage|p2a: Arceus|71/100|[from] Spikes
|move|p1a: Xerneas|Moonblast|p2a: Arceus
|-damage|p2a: Arceus|25/100
|-unboost|p2a: Arceus|spa|1
|
|upkeep
|turn|43
|
|t:|1632075735
|move|p2a: Arceus|Judgment|p1a: Xerneas
|-damage|p1a: Xerneas|0 fnt
|faint|p1a: Xerneas
|
|upkeep
|
|t:|1632075740
|switch|p1a: Eternatus|Eternatus|76/100 slp
|-ability|p1a: Eternatus|Pressure
|turn|44
|
|t:|1632075746
|-start|p2a: Arceus|Dynamax
|-heal|p2a: Arceus|25/100|[silent]
|move|p2a: Arceus|Max Hailstorm|p1a: Eternatus
|-supereffective|p1a: Eternatus
|-damage|p1a: Eternatus|38/100 slp
|-weather|Hail
|-enditem|p1a: Eternatus|Weakness Policy
|-boost|p1a: Eternatus|atk|2|[from] item: Weakness Policy
|-boost|p1a: Eternatus|spa|2|[from] item: Weakness Policy
|cant|p1a: Eternatus|slp
|
|-weather|Hail|[upkeep]
|-damage|p2a: Arceus|22/100|[from] Hail
|-damage|p1a: Eternatus|32/100 slp|[from] Hail
|upkeep
|turn|45
|
|t:|1632075760
|move|p2a: Arceus|Max Hailstorm|p1a: Eternatus
|-supereffective|p1a: Eternatus
|-damage|p1a: Eternatus|0 fnt
|faint|p1a: Eternatus
|
|win|meepacman
|raw|ChaosSilence's rating: 1331 &rarr; <strong>1317</strong><br />(-14 for losing)
|raw|meepacman's rating: 1434 &rarr; <strong>1448</strong><br />(+14 for winning)
|c|☆ChaosSilence|Guck rng
|c|☆ChaosSilence|That was my win
|l|☆ChaosSilence
||Ladder isn't responding, score probably updated but might not have (Request timeout).
