|j|☆Royal1604
|j|☆rowletroost
|inactive|Battle timer is ON: inactive players will automatically lose when time's up.
|t:|1654711638
|gametype|singles
|player|p1|Royal1604|#stt4toxicboys|
|player|p2|rowletroost|cynthia-gen4|
|teamsize|p1|6
|teamsize|p2|6
|gen|8
|tier|[Gen 8] National Dex AG
|rated|Tournament battle
|rule|HP Percentage Mod: HP is shown in percentages
|rule|Endless Battle Clause: Forcing endless battles is banned
|clearpoke
|poke|p1|Rayquaza|
|poke|p1|Arceus-*|
|poke|p1|Zacian-*|
|poke|p1|Arceus-*|
|poke|p1|Necrozma-Dusk-Mane|
|poke|p1|Arceus-*|
|poke|p2|Arceus-*|
|poke|p2|Xerneas-*|
|poke|p2|Kyogre|
|poke|p2|Marshadow|
|poke|p2|Ribombee, M|
|poke|p2|Vivillon-Savanna, M|
|teampreview
|inactive|Royal1604 also wants the timer to be on.
|inactive|rowletroost also wants the timer to be on.
|
|t:|1654711651
|start
|switch|p1a: Arceus|Arceus-Water|100/100
|switch|p2a: Vivillon|Vivillon-Savanna, M|100/100
|turn|1
|
|t:|1654711655
|switch|p2a: Ribombee|Ribombee, M, shiny|100/100
|move|p1a: Arceus|Toxic|p2a: Ribombee
|-status|p2a: Ribombee|tox
|
|-damage|p2a: Ribombee|94/100 tox|[from] psn
|upkeep
|turn|2
|
|t:|1654711659
|switch|p1a: Arceus|Arceus-Fairy|100/100
|move|p2a: Ribombee|Sticky Web|p1a: Arceus
|-sidestart|p1: Royal1604|move: Sticky Web
|
|-damage|p2a: Ribombee|82/100 tox|[from] psn
|upkeep
|turn|3
|
|t:|1654711661
|move|p2a: Ribombee|Aromatherapy|p2a: Ribombee
|-activate|p2a: Ribombee|move: Aromatherapy
|-curestatus|p2a: Ribombee|tox|[msg]
|move|p1a: Arceus|Defog|p2a: Ribombee
|-unboost|p2a: Ribombee|evasion|1
|-sideend|p1: Royal1604|Sticky Web|[from] move: Defog|[of] p1a: Arceus
|
|upkeep
|turn|4
|
|t:|1654711665
|move|p2a: Ribombee|Sticky Web|p1a: Arceus
|-sidestart|p1: Royal1604|move: Sticky Web
|move|p1a: Arceus|Will-O-Wisp|p2a: Ribombee
|-status|p2a: Ribombee|brn
|
|-damage|p2a: Ribombee|76/100 brn|[from] brn
|upkeep
|turn|5
|
|t:|1654711672
|switch|p2a: Xerneas|Xerneas, shiny|100/100
|-ability|p2a: Xerneas|Fairy Aura
|move|p1a: Arceus|Defog|p2a: Xerneas
|-unboost|p2a: Xerneas|evasion|1
|-sideend|p1: Royal1604|Sticky Web|[from] move: Defog|[of] p1a: Arceus
|
|upkeep
|turn|6
|
|t:|1654711686
|switch|p1a: Necrozma|Necrozma-Dusk-Mane|100/100
|move|p2a: Xerneas|Geomancy||[still]
|-prepare|p2a: Xerneas|Geomancy
|-enditem|p2a: Xerneas|Power Herb
|-anim|p2a: Xerneas|Geomancy|p2a: Xerneas
|-boost|p2a: Xerneas|spa|2
|-boost|p2a: Xerneas|spd|2
|-boost|p2a: Xerneas|spe|2
|
|upkeep
|turn|7
|
|t:|1654711690
|-start|p2a: Xerneas|Dynamax|
|-heal|p2a: Xerneas|100/100|[silent]
|-start|p1a: Necrozma|Dynamax|
|-heal|p1a: Necrozma|100/100|[silent]
|move|p2a: Xerneas|Max Flare|p1a: Necrozma
|-supereffective|p1a: Necrozma
|-damage|p1a: Necrozma|53/100
|-weather|SunnyDay
|move|p1a: Necrozma|Max Steelspike|p2a: Xerneas
|-supereffective|p2a: Xerneas
|-damage|p2a: Xerneas|49/100
|-boost|p1a: Necrozma|def|1
|
|-weather|SunnyDay|[upkeep]
|upkeep
|turn|8
|
|t:|1654711704
|move|p1a: Necrozma|Max Guard|p1a: Necrozma
|-singleturn|p1a: Necrozma|Max Guard
|move|p2a: Xerneas|Max Flare|p1a: Necrozma
|-activate|p1a: Necrozma|move: Max Guard
|
|-weather|SunnyDay|[upkeep]
|upkeep
|turn|9
|
|t:|1654711711
|-end|p1a: Necrozma|Dynamax
|-heal|p1a: Necrozma|53/100|[silent]
|switch|p1a: Arceus|Arceus-Water|100/100
|move|p2a: Xerneas|Max Flare|p1a: Arceus
|-resisted|p1a: Arceus
|-damage|p1a: Arceus|61/100
|
|-weather|SunnyDay|[upkeep]
|upkeep
|-end|p2a: Xerneas|Dynamax
|-heal|p2a: Xerneas|49/100|[silent]
|turn|10
|
|t:|1654711720
|move|p2a: Xerneas|Moonblast|p1a: Arceus
|-damage|p1a: Arceus|0 fnt
|faint|p1a: Arceus
|
|-weather|SunnyDay|[upkeep]
|upkeep
|
|t:|1654711731
|switch|p1a: Arceus|Arceus-Fairy|100/100
|turn|11
|
|t:|1654711735
|move|p2a: Xerneas|Moonblast|p1a: Arceus
|-damage|p1a: Arceus|23/100
|-unboost|p1a: Arceus|spa|1
|move|p1a: Arceus|Judgment|p2a: Xerneas
|-damage|p2a: Xerneas|30/100
|
|-weather|none
|upkeep
|turn|12
|
|t:|1654711739
|move|p2a: Xerneas|Moonblast|p1a: Arceus
|-damage|p1a: Arceus|0 fnt
|faint|p1a: Arceus
|
|upkeep
|
|t:|1654711741
|switch|p1a: Necrozma|Necrozma-Dusk-Mane|53/100
|turn|13
|
|t:|1654711743
|move|p2a: Xerneas|Hidden Power|p1a: Necrozma
|-supereffective|p1a: Necrozma
|-damage|p1a: Necrozma|1/100
|move|p1a: Necrozma|Morning Sun|p1a: Necrozma
|-heal|p1a: Necrozma|51/100
|
|upkeep
|turn|14
|
|t:|1654711750
|move|p2a: Xerneas|Hidden Power|p1a: Necrozma
|-supereffective|p1a: Necrozma
|-damage|p1a: Necrozma|0 fnt
|faint|p1a: Necrozma
|
|upkeep
|
|t:|1654711752
|switch|p1a: Rayquaza|Rayquaza|100/100
|-ability|p1a: Rayquaza|Air Lock
|turn|15
|
|t:|1654711754
|detailschange|p1a: Rayquaza|Rayquaza-Mega
|-mega|p1a: Rayquaza|Rayquaza|
|-weather|DeltaStream|[from] ability: Delta Stream|[of] p1a: Rayquaza
|move|p1a: Rayquaza|Extreme Speed|p2a: Xerneas
|-damage|p2a: Xerneas|0 fnt
|faint|p2a: Xerneas
|-damage|p1a: Rayquaza|91/100|[from] item: Life Orb
|
|-weather|DeltaStream|[upkeep]
|upkeep
|
|t:|1654711764
|switch|p2a: Arceus|Arceus-Ground|100/100
|turn|16
|
|t:|1654711768
|move|p1a: Rayquaza|Dragon Dance|p1a: Rayquaza
|-boost|p1a: Rayquaza|atk|1
|-boost|p1a: Rayquaza|spe|1
|move|p2a: Arceus|Ice Beam|p1a: Rayquaza
|-activate||deltastream
|-supereffective|p1a: Rayquaza
|-damage|p1a: Rayquaza|47/100
|
|-weather|DeltaStream|[upkeep]
|upkeep
|turn|17
|
|t:|1654711778
|move|p1a: Rayquaza|Dragon Ascent|p2a: Arceus
|-damage|p2a: Arceus|19/100
|-unboost|p1a: Rayquaza|def|1
|-unboost|p1a: Rayquaza|spd|1
|-damage|p1a: Rayquaza|37/100|[from] item: Life Orb
|move|p2a: Arceus|Ice Beam|p1a: Rayquaza
|-activate||deltastream
|-supereffective|p1a: Rayquaza
|-damage|p1a: Rayquaza|0 fnt
|faint|p1a: Rayquaza
|-weather|none
|
|upkeep
|
|t:|1654711787
|switch|p1a: Arceus|Arceus-Ground|100/100
|turn|18
|
|t:|1654711792
|switch|p2a: Kyogre|Kyogre, shiny|100/100
|detailschange|p2a: Kyogre|Kyogre-Primal, shiny
|-primal|p2a: Kyogre
|-weather|PrimordialSea|[from] ability: Primordial Sea|[of] p2a: Kyogre
|move|p1a: Arceus|Ice Beam|p2a: Kyogre
|-resisted|p2a: Kyogre
|-damage|p2a: Kyogre|95/100
|
|-weather|PrimordialSea|[upkeep]
|upkeep
|turn|19
|
|t:|1654711798
|move|p1a: Arceus|Earthquake|p2a: Kyogre
|-damage|p2a: Kyogre|35/100
|move|p2a: Kyogre|Origin Pulse|p1a: Arceus
|-supereffective|p1a: Arceus
|-damage|p1a: Arceus|0 fnt
|faint|p1a: Arceus
|
|-weather|PrimordialSea|[upkeep]
|upkeep
|
|t:|1654711800
|switch|p1a: Zacian|Zacian-Crowned|100/100
|-ability|p1a: Zacian|Intrepid Sword|boost
|-boost|p1a: Zacian|atk|1
|turn|20
|
|t:|1654711803
|move|p1a: Zacian|Behemoth Blade|p2a: Kyogre
|-resisted|p2a: Kyogre
|-damage|p2a: Kyogre|0 fnt
|faint|p2a: Kyogre
|-weather|none
|
|upkeep
|
|t:|1654711806
|switch|p2a: Marshadow|Marshadow|100/100
|turn|21
|
|t:|1654711808
|move|p1a: Zacian|Behemoth Blade|p2a: Marshadow
|-enditem|p2a: Marshadow|Focus Sash
|-damage|p2a: Marshadow|1/100
|move|p2a: Marshadow|Rock Tomb|p1a: Zacian
|-resisted|p1a: Zacian
|-damage|p1a: Zacian|86/100
|-unboost|p1a: Zacian|spe|1
|
|upkeep
|turn|22
|
|t:|1654711811
|move|p2a: Marshadow|Spectral Thief||[still]
|-clearpositiveboost|p1a: Zacian|p2a: Marshadow|move: Spectral Thief
|-boost|p2a: Marshadow|atk|1
|-anim|p2a: Marshadow|Spectral Thief|p1a: Zacian
|-damage|p1a: Zacian|26/100
|move|p1a: Zacian|Behemoth Blade|p2a: Marshadow
|-damage|p2a: Marshadow|0 fnt
|faint|p2a: Marshadow
|
|upkeep
|
|t:|1654711814
|switch|p2a: Vivillon|Vivillon-Savanna, M|100/100
|turn|23
|
|t:|1654711817
|move|p2a: Vivillon|Sleep Powder|p1a: Zacian
|-status|p1a: Zacian|slp|[from] move: Sleep Powder
|cant|p1a: Zacian|slp
|
|upkeep
|turn|24
|
|t:|1654711818
|move|p2a: Vivillon|Substitute|p2a: Vivillon
|-start|p2a: Vivillon|Substitute
|-damage|p2a: Vivillon|76/100
|-curestatus|p1a: Zacian|slp|[msg]
|move|p1a: Zacian|Behemoth Blade|p2a: Vivillon
|-end|p2a: Vivillon|Substitute
|
|-heal|p2a: Vivillon|82/100|[from] item: Leftovers
|upkeep
|turn|25
|
|t:|1654711820
|move|p2a: Vivillon|Sleep Powder|p1a: Zacian
|-status|p1a: Zacian|slp|[from] move: Sleep Powder
|cant|p1a: Zacian|slp
|
|-heal|p2a: Vivillon|88/100|[from] item: Leftovers
|upkeep
|turn|26
|
|t:|1654711822
|move|p2a: Vivillon|Substitute|p2a: Vivillon
|-start|p2a: Vivillon|Substitute
|-damage|p2a: Vivillon|63/100
|cant|p1a: Zacian|slp
|
|-heal|p2a: Vivillon|69/100|[from] item: Leftovers
|upkeep
|turn|27
|
|t:|1654711823
|move|p2a: Vivillon|Hurricane|p1a: Zacian
|-resisted|p1a: Zacian
|-damage|p1a: Zacian|7/100 slp
|-curestatus|p1a: Zacian|slp|[msg]
|move|p1a: Zacian|Behemoth Blade|p2a: Vivillon
|-end|p2a: Vivillon|Substitute
|
|-heal|p2a: Vivillon|75/100|[from] item: Leftovers
|upkeep
|turn|28
|
|t:|1654711827
|move|p2a: Vivillon|Sleep Powder|p1a: Zacian
|-status|p1a: Zacian|slp|[from] move: Sleep Powder
|cant|p1a: Zacian|slp
|
|-heal|p2a: Vivillon|81/100|[from] item: Leftovers
|upkeep
|turn|29
|
|t:|1654711828
|move|p2a: Vivillon|Substitute|p2a: Vivillon
|-start|p2a: Vivillon|Substitute
|-damage|p2a: Vivillon|56/100
|-curestatus|p1a: Zacian|slp|[msg]
|move|p1a: Zacian|Behemoth Blade|p2a: Vivillon
|-end|p2a: Vivillon|Substitute
|
|-heal|p2a: Vivillon|62/100|[from] item: Leftovers
|upkeep
|turn|30
|
|t:|1654711830
|move|p2a: Vivillon|Sleep Powder|p1a: Zacian
|-status|p1a: Zacian|slp|[from] move: Sleep Powder
|cant|p1a: Zacian|slp
|
|-heal|p2a: Vivillon|68/100|[from] item: Leftovers
|upkeep
|turn|31
|
|t:|1654711831
|move|p2a: Vivillon|Substitute|p2a: Vivillon
|-start|p2a: Vivillon|Substitute
|-damage|p2a: Vivillon|43/100
|cant|p1a: Zacian|slp
|
|-heal|p2a: Vivillon|49/100|[from] item: Leftovers
|upkeep
|turn|32
|
|t:|1654711834
|move|p2a: Vivillon|Hurricane|p1a: Zacian
|-resisted|p1a: Zacian
|-damage|p1a: Zacian|0 fnt
|faint|p1a: Zacian
|
|win|rowletroost
|n|☆Royal1604|royal1604
|n|☆rowletroost|rowletroost
|l|☆Royal1604
|j| Apprenti Buck
|l| Apprenti Buck
