|j|☆OhLooord
|j|☆Obito152001
|t:|1664351769
|gametype|singles
|player|p1|OhLooord|lucas|1805
|player|p2|Obito152001|blue-gen3two|2025
|teamsize|p1|6
|teamsize|p2|6
|gen|8
|tier|[Gen 8] National Dex AG
|rated|
|rule|HP Percentage Mod: HP is shown in percentages
|rule|Endless Battle Clause: Forcing endless battles is banned
|clearpoke
|poke|p1|Groudon|
|poke|p1|Rayquaza|
|poke|p1|Zygarde|
|poke|p1|Calyrex-Shadow|
|poke|p1|Arceus-*|
|poke|p1|Arceus-*|
|poke|p2|Arceus-*|
|poke|p2|Necrozma-Dusk-Mane|
|poke|p2|Zygarde|
|poke|p2|Ditto|
|poke|p2|Yveltal|
|poke|p2|Arceus-*|
|teampreview
|inactive|Battle timer is ON: inactive players will automatically lose when time's up. (requested by Obito152001)
|
|t:|1664351786
|start
|switch|p1a: the gwoat|Rayquaza|100/100
|switch|p2a: Arceus|Arceus-Fairy|100/100
|-ability|p1a: the gwoat|Air Lock
|turn|1
|
|t:|1664351791
|switch|p1a: Pyra|Groudon|100/100
|detailschange|p1a: Pyra|Groudon-Primal
|-primal|p1a: Pyra
|-weather|DesolateLand|[from] ability: Desolate Land|[of] p1a: Pyra
|move|p2a: Arceus|Judgment|p1a: Pyra
|-resisted|p1a: Pyra
|-damage|p1a: Pyra|80/100
|
|-weather|DesolateLand|[upkeep]
|upkeep
|turn|2
|
|t:|1664351798
|-weather|none
|switch|p1a: Arceus|Arceus-Fairy|100/100
|move|p2a: Arceus|Stealth Rock|p1a: Arceus
|-sidestart|p1: OhLooord|move: Stealth Rock
|
|upkeep
|turn|3
|
|t:|1664351802
|move|p1a: Arceus|Thunder Wave|p2a: Arceus
|-status|p2a: Arceus|par
|move|p2a: Arceus|Toxic|p1a: Arceus
|-status|p1a: Arceus|tox
|
|-damage|p1a: Arceus|94/100 tox|[from] psn
|upkeep
|turn|4
|
|t:|1664351817
|switch|p1a: Calyrex|Calyrex-Shadow|100/100
|-ability|p1a: Calyrex|As One
|-ability|p1a: Calyrex|Unnerve
|-damage|p1a: Calyrex|88/100|[from] Stealth Rock
|cant|p2a: Arceus|par
|
|-heal|p1a: Calyrex|94/100|[from] item: Leftovers
|upkeep
|turn|5
|
|t:|1664351824
|switch|p2a: Arceus|Arceus|100/100
|move|p1a: Calyrex|Substitute|p1a: Calyrex
|-start|p1a: Calyrex|Substitute
|-damage|p1a: Calyrex|70/100
|
|-heal|p1a: Calyrex|76/100|[from] item: Leftovers
|upkeep
|turn|6
|
|t:|1664351827
|move|p1a: Calyrex|Leech Seed|p2a: Arceus
|-start|p2a: Arceus|move: Leech Seed
|move|p2a: Arceus|Swords Dance|p2a: Arceus
|-boost|p2a: Arceus|atk|2
|
|-heal|p1a: Calyrex|82/100|[from] item: Leftovers
|-damage|p2a: Arceus|88/100|[from] Leech Seed|[of] p1a: Calyrex
|-heal|p1a: Calyrex|98/100|[silent]
|upkeep
|turn|7
|
|t:|1664351830
|switch|p1a: the goat|Zygarde, shiny|100/100
|-damage|p1a: the goat|94/100|[from] Stealth Rock
|move|p2a: Arceus|Shadow Claw|p1a: the goat
|-damage|p1a: the goat|65/100
|
|-heal|p1a: the goat|71/100|[from] item: Leftovers
|-damage|p2a: Arceus|76/100|[from] Leech Seed|[of] p1a: the goat
|-heal|p1a: the goat|84/100|[silent]
|upkeep
|turn|8
|
|t:|1664351843
|move|p2a: Arceus|Swords Dance|p2a: Arceus
|-boost|p2a: Arceus|atk|2
|move|p1a: the goat|Glare|p2a: Arceus
|-status|p2a: Arceus|par
|-enditem|p2a: Arceus|Lum Berry|[eat]
|-curestatus|p2a: Arceus|par|[msg]
|
|-heal|p1a: the goat|90/100|[from] item: Leftovers
|-damage|p2a: Arceus|63/100|[from] Leech Seed|[of] p1a: the goat
|-heal|p1a: the goat|100/100|[silent]
|upkeep
|turn|9
|
|t:|1664351848
|-start|p2a: Arceus|Dynamax|
|-heal|p2a: Arceus|63/100|[silent]
|move|p2a: Arceus|Max Strike|p1a: the goat
|-damage|p1a: the goat|0 fnt
|faint|p1a: the goat
|
|upkeep
|
|t:|1664351854
|switch|p1a: Calyrex|Calyrex-Shadow|98/100
|-ability|p1a: Calyrex|As One
|-ability|p1a: Calyrex|Unnerve
|-damage|p1a: Calyrex|86/100|[from] Stealth Rock
|turn|10
|
|t:|1664351858
|move|p1a: Calyrex|Substitute|p1a: Calyrex
|-start|p1a: Calyrex|Substitute
|-damage|p1a: Calyrex|61/100
|move|p2a: Arceus|Max Phantasm|p1a: Calyrex
|-supereffective|p1a: Calyrex
|-end|p1a: Calyrex|Substitute
|-unboost|p1a: Calyrex|def|1
|
|-heal|p1a: Calyrex|67/100|[from] item: Leftovers
|-damage|p2a: Arceus|57/100|[from] Leech Seed|[of] p1a: Calyrex
|-heal|p1a: Calyrex|83/100|[silent]
|upkeep
|turn|11
|
|t:|1664351861
|move|p1a: Calyrex|Substitute|p1a: Calyrex
|-start|p1a: Calyrex|Substitute
|-damage|p1a: Calyrex|58/100
|move|p2a: Arceus|Max Phantasm|p1a: Calyrex
|-supereffective|p1a: Calyrex
|-end|p1a: Calyrex|Substitute
|-unboost|p1a: Calyrex|def|1
|
|-heal|p1a: Calyrex|64/100|[from] item: Leftovers
|-damage|p2a: Arceus|51/100|[from] Leech Seed|[of] p1a: Calyrex
|-heal|p1a: Calyrex|80/100|[silent]
|upkeep
|-end|p2a: Arceus|Dynamax
|-heal|p2a: Arceus|51/100|[silent]
|turn|12
|
|t:|1664351863
|switch|p1a: Arceus|Arceus|100/100
|-damage|p1a: Arceus|88/100|[from] Stealth Rock
|move|p2a: Arceus|Recover|p2a: Arceus
|-heal|p2a: Arceus|100/100
|
|-damage|p2a: Arceus|88/100|[from] Leech Seed|[of] p1a: Arceus
|-heal|p1a: Arceus|100/100|[silent]
|upkeep
|turn|13
|
|t:|1664351873
|-start|p1a: Arceus|Dynamax|
|-heal|p1a: Arceus|100/100|[silent]
|move|p2a: Arceus|Extreme Speed|p1a: Arceus
|-damage|p1a: Arceus|58/100
|move|p1a: Arceus|Max Strike|p2a: Arceus
|-damage|p2a: Arceus|43/100
|-unboost|p2a: Arceus|spe|1
|
|-damage|p2a: Arceus|30/100|[from] Leech Seed|[of] p1a: Arceus
|-heal|p1a: Arceus|65/100|[silent]
|upkeep
|turn|14
|
|t:|1664351890
|-end|p1a: Arceus|Dynamax
|-heal|p1a: Arceus|65/100|[silent]
|switch|p1a: Calyrex|Calyrex-Shadow|80/100
|-ability|p1a: Calyrex|As One
|-ability|p1a: Calyrex|Unnerve
|-damage|p1a: Calyrex|68/100|[from] Stealth Rock
|switch|p2a: Zygarde|Zygarde, shiny|100/100
|
|-heal|p1a: Calyrex|74/100|[from] item: Leftovers
|upkeep
|turn|15
|
|t:|1664351893
|switch|p2a: Arceus|Arceus|30/100
|move|p1a: Calyrex|Substitute|p1a: Calyrex
|-start|p1a: Calyrex|Substitute
|-damage|p1a: Calyrex|49/100
|
|-heal|p1a: Calyrex|55/100|[from] item: Leftovers
|upkeep
|turn|16
|
|t:|1664351896
|move|p1a: Calyrex|Draining Kiss|p2a: Arceus
|-damage|p2a: Arceus|16/100
|-heal|p1a: Calyrex|70/100|[from] drain|[of] p2a: Arceus
|move|p2a: Arceus|Recover|p2a: Arceus
|-heal|p2a: Arceus|66/100
|
|-heal|p1a: Calyrex|76/100|[from] item: Leftovers
|upkeep
|turn|17
|
|t:|1664351899
|move|p1a: Calyrex|Leech Seed|p2a: Arceus
|-start|p2a: Arceus|move: Leech Seed
|move|p2a: Arceus|Recover|p2a: Arceus
|-heal|p2a: Arceus|100/100
|
|-heal|p1a: Calyrex|82/100|[from] item: Leftovers
|-damage|p2a: Arceus|88/100|[from] Leech Seed|[of] p1a: Calyrex
|-heal|p1a: Calyrex|98/100|[silent]
|upkeep
|turn|18
|
|t:|1664351904
|switch|p1a: Arceus|Arceus|65/100
|-damage|p1a: Arceus|52/100|[from] Stealth Rock
|move|p2a: Arceus|Swords Dance|p2a: Arceus
|-boost|p2a: Arceus|atk|2
|
|-damage|p2a: Arceus|76/100|[from] Leech Seed|[of] p1a: Arceus
|-heal|p1a: Arceus|65/100|[silent]
|upkeep
|turn|19
|
|t:|1664351907
|move|p1a: Arceus|Extreme Speed|p2a: Arceus
|-damage|p2a: Arceus|49/100
|move|p2a: Arceus|Extreme Speed|p1a: Arceus
|-damage|p1a: Arceus|2/100
|
|-damage|p2a: Arceus|36/100|[from] Leech Seed|[of] p1a: Arceus
|-heal|p1a: Arceus|15/100|[silent]
|upkeep
|turn|20
|
|t:|1664351910
|move|p1a: Arceus|Extreme Speed|p2a: Arceus
|-damage|p2a: Arceus|8/100
|move|p2a: Arceus|Recover|p2a: Arceus
|-heal|p2a: Arceus|58/100
|
|-damage|p2a: Arceus|46/100|[from] Leech Seed|[of] p1a: Arceus
|-heal|p1a: Arceus|28/100|[silent]
|upkeep
|turn|21
|
|t:|1664351912
|move|p1a: Arceus|Extreme Speed|p2a: Arceus
|-damage|p2a: Arceus|17/100
|move|p2a: Arceus|Recover|p2a: Arceus
|-heal|p2a: Arceus|67/100
|
|-damage|p2a: Arceus|54/100|[from] Leech Seed|[of] p1a: Arceus
|-heal|p1a: Arceus|41/100|[silent]
|upkeep
|turn|22
|
|t:|1664351916
|move|p1a: Arceus|Swords Dance|p1a: Arceus
|-boost|p1a: Arceus|atk|2
|move|p2a: Arceus|Recover|p2a: Arceus
|-heal|p2a: Arceus|100/100
|
|-damage|p2a: Arceus|88/100|[from] Leech Seed|[of] p1a: Arceus
|-heal|p1a: Arceus|53/100|[silent]
|upkeep
|turn|23
|
|t:|1664351921
|move|p1a: Arceus|Extreme Speed|p2a: Arceus
|-damage|p2a: Arceus|34/100
|move|p2a: Arceus|Extreme Speed|p1a: Arceus
|-damage|p1a: Arceus|0 fnt
|faint|p1a: Arceus
|
|upkeep
|
|t:|1664351924
|switch|p1a: Pyra|Groudon-Primal|80/100
|-damage|p1a: Pyra|68/100|[from] Stealth Rock
|-weather|DesolateLand|[from] ability: Desolate Land|[of] p1a: Pyra
|turn|24
|
|t:|1664351927
|switch|p2a: Zygarde|Zygarde, shiny|100/100
|move|p1a: Pyra|Thunder Wave|p2a: Zygarde
|-immune|p2a: Zygarde
|
|-weather|DesolateLand|[upkeep]
|upkeep
|turn|25
|
|t:|1664351929
|move|p2a: Zygarde|Glare|p1a: Pyra
|-status|p1a: Pyra|par
|cant|p1a: Pyra|par
|
|-weather|DesolateLand|[upkeep]
|upkeep
|turn|26
|
|t:|1664351933
|-weather|none
|switch|p1a: Calyrex|Calyrex-Shadow|98/100
|-ability|p1a: Calyrex|As One
|-ability|p1a: Calyrex|Unnerve
|-damage|p1a: Calyrex|86/100|[from] Stealth Rock
|move|p2a: Zygarde|Glare|p1a: Calyrex
|-status|p1a: Calyrex|par
|
|-heal|p1a: Calyrex|92/100 par|[from] item: Leftovers
|upkeep
|turn|27
|
|t:|1664351942
|switch|p2a: Yveltal|Yveltal, shiny|100/100
|-ability|p2a: Yveltal|Dark Aura
|switch|p1a: the gwoat|Rayquaza|100/100
|-damage|p1a: the gwoat|76/100|[from] Stealth Rock
|-ability|p1a: the gwoat|Air Lock
|
|upkeep
|turn|28
|
|t:|1664351945
|detailschange|p1a: the gwoat|Rayquaza-Mega
|-mega|p1a: the gwoat|Rayquaza|
|-weather|DeltaStream|[from] ability: Delta Stream|[of] p1a: the gwoat
|move|p1a: the gwoat|Scale Shot|p2a: Yveltal
|-damage|p2a: Yveltal|83/100
|-damage|p2a: Yveltal|63/100
|-damage|p2a: Yveltal|45/100
|-hitcount|p2a: Yveltal|3
|-unboost|p1a: the gwoat|def|1
|-boost|p1a: the gwoat|spe|1
|-damage|p1a: the gwoat|66/100|[from] item: Life Orb
|move|p2a: Yveltal|Knock Off|p1a: the gwoat
|-damage|p1a: the gwoat|0 fnt
|-enditem|p1a: the gwoat|Life Orb|[from] move: Knock Off|[of] p2a: Yveltal
|faint|p1a: the gwoat
|-weather|none
|
|upkeep
|-message|OhLooord forfeited.
|
|win|Obito152001
|raw|OhLooord's rating: 1805 &rarr; <strong>1796</strong><br />(-9 for losing)
|raw|Obito152001's rating: 2025 &rarr; <strong>2034</strong><br />(+9 for winning)
|l|☆OhLooord
