|j|☆v87
|j|☆Smartjedi
|t:|1662255010
|gametype|singles
|player|p1|v87|2|1887
|player|p2|Smartjedi|265|1806
|teamsize|p1|6
|teamsize|p2|6
|gen|8
|tier|[Gen 8] National Dex AG
|rated|
|rule|HP Percentage Mod: HP is shown in percentages
|rule|Endless Battle Clause: Forcing endless battles is banned
|clearpoke
|poke|p1|Zacian-*|
|poke|p1|Groudon|
|poke|p1|Yveltal|
|poke|p1|Rayquaza|
|poke|p1|Kyogre|
|poke|p1|Tornadus, M|
|poke|p2|Deoxys-Speed|
|poke|p2|Arceus-*|
|poke|p2|Rayquaza|
|poke|p2|Zacian-*|
|poke|p2|Xerneas-*|
|poke|p2|Ditto|
|teampreview
|inactive|Battle timer is ON: inactive players will automatically lose when time's up. (requested by Smartjedi)
|
|t:|1662255035
|start
|switch|p1a: Rayquaza|Rayquaza|100/100
|switch|p2a: Ricky bobby|Deoxys-Speed|100/100
|-ability|p2a: Ricky bobby|Pressure
|-ability|p1a: Rayquaza|Air Lock
|turn|1
|
|t:|1662255046
|detailschange|p1a: Rayquaza|Rayquaza-Mega
|-mega|p1a: Rayquaza|Rayquaza|
|-weather|DeltaStream|[from] ability: Delta Stream|[of] p1a: Rayquaza
|move|p2a: Ricky bobby|Stealth Rock|p1a: Rayquaza
|-sidestart|p1: v87|move: Stealth Rock
|move|p1a: Rayquaza|Scale Shot|p2a: Ricky bobby
|-damage|p2a: Ricky bobby|79/100
|-damage|p2a: Ricky bobby|58/100
|-damage|p2a: Ricky bobby|37/100
|-hitcount|p2a: Ricky bobby|3
|-unboost|p1a: Rayquaza|def|1
|-boost|p1a: Rayquaza|spe|1
|
|-weather|DeltaStream|[upkeep]
|upkeep
|turn|2
|
|t:|1662255059
|move|p1a: Rayquaza|Extreme Speed|p2a: Ricky bobby
|-crit|p2a: Ricky bobby
|-damage|p2a: Ricky bobby|0 fnt
|faint|p2a: Ricky bobby
|
|-weather|DeltaStream|[upkeep]
|upkeep
|
|t:|1662255062
|switch|p2a: You|Ditto|100/100
|-transform|p2a: You|p1a: Rayquaza|[from] ability: Imposter
|turn|3
|
|t:|1662255074
|move|p2a: You|Scale Shot|p1a: Rayquaza
|-supereffective|p1a: Rayquaza
|-damage|p1a: Rayquaza|51/100
|-supereffective|p1a: Rayquaza
|-damage|p1a: Rayquaza|0 fnt
|faint|p1a: Rayquaza
|-hitcount|p1: Rayquaza|2
|-unboost|p2a: You|def|1
|-boost|p2a: You|spe|1
|
|-weather|DeltaStream|[upkeep]
|upkeep
|
|t:|1662255088
|switch|p1a: Zacian|Zacian-Crowned|100/100
|-damage|p1a: Zacian|94/100|[from] Stealth Rock
|-ability|p1a: Zacian|Intrepid Sword|boost
|-boost|p1a: Zacian|atk|1
|turn|4
|
|t:|1662255099
|-weather|none
|switch|p2a: Fae|Xerneas|100/100
|-ability|p2a: Fae|Fairy Aura
|move|p1a: Zacian|Behemoth Blade|p2a: Fae
|-supereffective|p2a: Fae
|-damage|p2a: Fae|0 fnt
|faint|p2a: Fae
|
|upkeep
|
|t:|1662255100
|switch|p2a: You|Ditto|100/100
|-transform|p2a: You|p1a: Zacian|[from] ability: Imposter
|-ability|p2a: You|Intrepid Sword|boost
|-boost|p2a: You|atk|1
|turn|5
|
|t:|1662255115
|move|p2a: You|Behemoth Blade|p1a: Zacian
|-damage|p1a: Zacian|4/100
|move|p1a: Zacian|Behemoth Blade|p2a: You
|-damage|p2a: You|15/100
|
|upkeep
|turn|6
|
|t:|1662255125
|move|p1a: Zacian|Quick Attack|p2a: You
|-resisted|p2a: You
|-damage|p2a: You|3/100
|move|p2a: You|Behemoth Blade|p1a: Zacian
|-damage|p1a: Zacian|0 fnt
|faint|p1a: Zacian
|
|upkeep
|
|t:|1662255133
|switch|p1a: Groudon|Groudon|100/100
|-damage|p1a: Groudon|94/100|[from] Stealth Rock
|detailschange|p1a: Groudon|Groudon-Primal
|-primal|p1a: Groudon
|-weather|DesolateLand|[from] ability: Desolate Land|[of] p1a: Groudon
|turn|7
|
|t:|1662255144
|move|p2a: You|Behemoth Blade|p1a: Groudon
|-resisted|p1a: Groudon
|-damage|p1a: Groudon|63/100
|move|p1a: Groudon|Stealth Rock|p2a: You
|-sidestart|p2: Smartjedi|move: Stealth Rock
|
|-weather|DesolateLand|[upkeep]
|upkeep
|turn|8
|
|t:|1662255152
|move|p2a: You|Behemoth Blade|p1a: Groudon
|-resisted|p1a: Groudon
|-damage|p1a: Groudon|33/100
|move|p1a: Groudon|Earthquake|p2a: You
|-supereffective|p2a: You
|-damage|p2a: You|0 fnt
|faint|p2a: You
|
|-weather|DesolateLand|[upkeep]
|upkeep
|
|t:|1662255165
|switch|p2a: Danny|Arceus-Ghost|100/100
|-damage|p2a: Danny|88/100|[from] Stealth Rock
|turn|9
|
|t:|1662255173
|-start|p2a: Danny|Dynamax|
|-heal|p2a: Danny|88/100|[silent]
|move|p2a: Danny|Max Knuckle|p1a: Groudon
|-damage|p1a: Groudon|18/100
|-boost|p2a: Danny|atk|1
|move|p1a: Groudon|Thunder Wave|p2a: Danny|[miss]
|-miss|p1a: Groudon|p2a: Danny
|
|-weather|DesolateLand|[upkeep]
|upkeep
|turn|10
|
|t:|1662255197
|move|p2a: Danny|Max Phantasm|p1a: Groudon
|-damage|p1a: Groudon|0 fnt
|faint|p1a: Groudon
|-weather|none
|
|upkeep
|
|t:|1662255207
|switch|p1a: Yveltal|Yveltal|100/100
|-damage|p1a: Yveltal|76/100|[from] Stealth Rock
|-ability|p1a: Yveltal|Dark Aura
|turn|11
|
|t:|1662255214
|-start|p1a: Yveltal|Dynamax|
|-heal|p1a: Yveltal|76/100|[silent]
|move|p2a: Danny|Max Rockfall|p1a: Yveltal
|-supereffective|p1a: Yveltal
|-damage|p1a: Yveltal|17/100
|-weather|Sandstorm
|move|p1a: Yveltal|Max Airstream|p2a: Danny
|-damage|p2a: Danny|49/100
|-boost|p1a: Yveltal|spe|1
|-damage|p1a: Yveltal|12/100|[from] item: Life Orb
|
|-weather|Sandstorm|[upkeep]
|-damage|p1a: Yveltal|9/100|[from] Sandstorm
|-damage|p2a: Danny|46/100|[from] Sandstorm
|upkeep
|-end|p2a: Danny|Dynamax
|-heal|p2a: Danny|46/100|[silent]
|turn|12
|
|t:|1662255236
|move|p1a: Yveltal|Max Darkness|p2a: Danny
|-supereffective|p2a: Danny
|-crit|p2a: Danny
|-damage|p2a: Danny|0 fnt
|faint|p2a: Danny
|-damage|p1a: Yveltal|4/100|[from] item: Life Orb
|
|-weather|Sandstorm|[upkeep]
|-damage|p1a: Yveltal|1/100|[from] Sandstorm
|upkeep
|
|t:|1662255243
|switch|p2a: Raymond|Rayquaza|100/100
|-damage|p2a: Raymond|76/100|[from] Stealth Rock
|-ability|p2a: Raymond|Air Lock
|turn|13
|
|t:|1662255251
|detailschange|p2a: Raymond|Rayquaza-Mega
|-mega|p2a: Raymond|Rayquaza|
|-weather|DeltaStream|[from] ability: Delta Stream|[of] p2a: Raymond
|move|p2a: Raymond|Extreme Speed|p1a: Yveltal
|-damage|p1a: Yveltal|0 fnt
|faint|p1a: Yveltal
|-damage|p2a: Raymond|66/100|[from] item: Life Orb
|
|-weather|DeltaStream|[upkeep]
|upkeep
|
|t:|1662255265
|switch|p1a: Tornadus|Tornadus, M|100/100
|-damage|p1a: Tornadus|76/100|[from] Stealth Rock
|turn|14
|inactive|Smartjedi has 120 seconds left.
|
|t:|1662255305
|-zpower|p1a: Tornadus
|move|p1a: Tornadus|Supersonic Skystrike|p2a: Raymond|[zeffect]
|-crit|p2a: Raymond
|-damage|p2a: Raymond|0 fnt
|faint|p2a: Raymond
|-weather|none
|
|upkeep
|
|t:|1662255311
|switch|p2a: Saber|Zacian-Crowned|100/100
|-damage|p2a: Saber|94/100|[from] Stealth Rock
|-ability|p2a: Saber|Intrepid Sword|boost
|-boost|p2a: Saber|atk|1
|turn|15
|
|t:|1662255320
|move|p1a: Tornadus|Tailwind|p1a: Tornadus
|-sidestart|p1: v87|move: Tailwind
|move|p2a: Saber|Behemoth Blade|p1a: Tornadus
|-damage|p1a: Tornadus|0 fnt
|faint|p1a: Tornadus
|
|upkeep
|
|t:|1662255327
|switch|p1a: Kyogre|Kyogre|100/100
|-damage|p1a: Kyogre|88/100|[from] Stealth Rock
|-weather|RainDance|[from] ability: Drizzle|[of] p1a: Kyogre
|turn|16
|
|t:|1662255333
|move|p1a: Kyogre|Water Spout|p2a: Saber
|-damage|p2a: Saber|0 fnt
|faint|p2a: Saber
|
|win|v87
|raw|v87's rating: 1887 &rarr; <strong>1902</strong><br />(+15 for winning)
|raw|Smartjedi's rating: 1806 &rarr; <strong>1791</strong><br />(-15 for losing)
|l|☆Smartjedi
