|j|☆Steamboat☭Geyser
|j|☆OnMaWa
|player|p1|Steamboat☭Geyser|lusamine-nihilego|1834
|player|p2|OnMaWa|psychic-gen4|1800
|teamsize|p1|6
|teamsize|p2|6
|gametype|singles
|gen|8
|tier|[Gen 8] National Dex AG
|rated|
|clearpoke
|poke|p1|Dracovish|
|poke|p1|Melmetal|
|poke|p1|Necrozma-Dusk-Mane|
|poke|p1|Magearna|
|poke|p1|Stakataka|
|poke|p1|Rayquaza|
|poke|p2|Arceus-*|
|poke|p2|Xerneas|
|poke|p2|Lugia|
|poke|p2|Zacian-Crowned|
|poke|p2|Yveltal|
|poke|p2|Necrozma-Dusk-Mane|
|rule|HP Percentage Mod: HP is shown in percentages
|rule|Endless Battle Clause: Forcing endless battles is banned
|teampreview
|
|start
|switch|p1a: Necrozma|Necrozma-Dusk-Mane|100/100
|switch|p2a: Zacian|Zacian-Crowned|100/100
|-ability|p2a: Zacian|Intrepid Sword|boost
|-boost|p2a: Zacian|atk|1
|turn|1
|
|move|p2a: Zacian|Swords Dance|p2a: Zacian
|-boost|p2a: Zacian|atk|2
|move|p1a: Necrozma|Trick Room|p1a: Necrozma
|-fieldstart|move: Trick Room|[of] p1a: Necrozma
|
|upkeep
|turn|2
|
|move|p1a: Necrozma|Earthquake|p2a: Zacian
|-supereffective|p2a: Zacian
|-damage|p2a: Zacian|15/100
|move|p2a: Zacian|Crunch|p1a: Necrozma
|-supereffective|p1a: Necrozma
|-damage|p1a: Necrozma|4/100
|-enditem|p1a: Necrozma|Weakness Policy
|-boost|p1a: Necrozma|atk|2|[from] item: Weakness Policy
|-boost|p1a: Necrozma|spa|2|[from] item: Weakness Policy
|-unboost|p1a: Necrozma|def|1
|
|upkeep
|turn|3
|
|move|p1a: Necrozma|Sunsteel Strike|p2a: Zacian
|-damage|p2a: Zacian|0 fnt
|faint|p2a: Zacian
|
|upkeep
|
|switch|p2a: Arceus|Arceus|100/100
|turn|4
|
|move|p2a: Arceus|Extreme Speed|p1a: Necrozma
|-resisted|p1a: Necrozma
|-damage|p1a: Necrozma|0 fnt
|faint|p1a: Necrozma
|
|upkeep
|
|switch|p1a: Melmetal|Melmetal|100/100
|turn|5
|
|move|p1a: Melmetal|Double Iron Bash|p2a: Arceus
|-damage|p2a: Arceus|57/100
|-damage|p2a: Arceus|16/100
|-hitcount|p2a: Arceus|2
|move|p2a: Arceus|Swords Dance|p2a: Arceus
|-boost|p2a: Arceus|atk|2
|
|-fieldend|move: Trick Room
|upkeep
|turn|6
|
|switch|p1a: Stakataka|Stakataka|100/100
|-item|p1a: Stakataka|Air Balloon
|move|p2a: Arceus|Earthquake|p1a: Stakataka
|-immune|p1a: Stakataka
|
|upkeep
|turn|7
|
|move|p2a: Arceus|Extreme Speed|p1a: Stakataka
|-resisted|p1a: Stakataka
|-damage|p1a: Stakataka|85/100
|-enditem|p1a: Stakataka|Air Balloon
|move|p1a: Stakataka|Trick Room|p1a: Stakataka
|-fieldstart|move: Trick Room|[of] p1a: Stakataka
|
|upkeep
|turn|8
|
|move|p2a: Arceus|Extreme Speed|p1a: Stakataka
|-resisted|p1a: Stakataka
|-damage|p1a: Stakataka|69/100
|move|p1a: Stakataka|Earthquake|p2a: Arceus
|-damage|p2a: Arceus|0 fnt
|faint|p2a: Arceus
|-ability|p1a: Stakataka|Beast Boost|boost
|-boost|p1a: Stakataka|atk|1
|
|upkeep
|
|switch|p2a: Necrozma|Necrozma-Dusk-Mane|100/100
|turn|9
|
|move|p1a: Stakataka|Earthquake|p2a: Necrozma
|-supereffective|p2a: Necrozma
|-damage|p2a: Necrozma|38/100
|move|p2a: Necrozma|Earth Power|p1a: Stakataka
|-supereffective|p1a: Stakataka
|-damage|p1a: Stakataka|0 fnt
|faint|p1a: Stakataka
|
|upkeep
|
|switch|p1a: Dracovish|Dracovish|100/100
|turn|10
|
|move|p1a: Dracovish|Fishious Rend|p2a: Necrozma
|-damage|p2a: Necrozma|0 fnt
|faint|p2a: Necrozma
|
|upkeep
|
|switch|p2a: Xerneas|Xerneas|100/100
|-ability|p2a: Xerneas|Fairy Aura
|turn|11
|l|☆Steamboat☭Geyser
|player|p1|
|j|☆Steamboat☭Geyser
|player|p1|Steamboat☭Geyser|lusamine-nihilego
|
|move|p1a: Dracovish|Fishious Rend|p2a: Xerneas
|-damage|p2a: Xerneas|0 fnt
|faint|p2a: Xerneas
|
|-fieldend|move: Trick Room
|upkeep
|
|switch|p2a: Yveltal|Yveltal|100/100
|-ability|p2a: Yveltal|Dark Aura
|turn|12
|
|switch|p1a: Magearna|Magearna|100/100
|-start|p2a: Yveltal|Dynamax
|-heal|p2a: Yveltal|100/100|[silent]
|move|p2a: Yveltal|Max Airstream|p1a: Magearna
|-resisted|p1a: Magearna
|-damage|p1a: Magearna|65/100
|-boost|p2a: Yveltal|spe|1
|-damage|p2a: Yveltal|96/100|[from] item: Life Orb
|
|upkeep
|turn|13
|
|move|p2a: Yveltal|Max Flare|p1a: Magearna
|-supereffective|p1a: Magearna
|-enditem|p1a: Magearna|Occa Berry|[eat]
|-enditem|p1a: Magearna|Occa Berry|[weaken]
|-damage|p1a: Magearna|15/100
|-weather|SunnyDay
|-damage|p2a: Yveltal|91/100|[from] item: Life Orb
|move|p1a: Magearna|Trick Room|p1a: Magearna
|-fieldstart|move: Trick Room|[of] p1a: Magearna
|
|-weather|SunnyDay|[upkeep]
|upkeep
|turn|14
|
|move|p1a: Magearna|Fleur Cannon|p2a: Yveltal
|-supereffective|p2a: Yveltal
|-damage|p2a: Yveltal|35/100
|-unboost|p1a: Magearna|spa|2
|move|p2a: Yveltal|Max Darkness|p1a: Magearna
|-resisted|p1a: Magearna
|-damage|p1a: Magearna|0 fnt
|-damage|p2a: Yveltal|30/100|[from] item: Life Orb
|faint|p1a: Magearna
|
|-weather|SunnyDay|[upkeep]
|-end|p2a: Yveltal|Dynamax
|-heal|p2a: Yveltal|30/100|[silent]
|upkeep
|
|switch|p1a: Melmetal|Melmetal|100/100
|turn|15
|
|switch|p2a: Lugia|Lugia|100/100
|move|p1a: Melmetal|Double Iron Bash|p2a: Lugia
|-damage|p2a: Lugia|83/100
|-damage|p2a: Lugia|52/100
|-hitcount|p2a: Lugia|2
|
|-weather|SunnyDay|[upkeep]
|upkeep
|turn|16
|
|move|p1a: Melmetal|Double Iron Bash|p2a: Lugia
|-damage|p2a: Lugia|19/100
|-damage|p2a: Lugia|0 fnt
|-hitcount|p2a: Lugia|2
|faint|p2a: Lugia
|
|-weather|SunnyDay|[upkeep]
|upkeep
|
|switch|p2a: Yveltal|Yveltal|30/100
|-ability|p2a: Yveltal|Dark Aura
|turn|17
|c|☆Steamboat☭Geyser|gg
|
|-start|p1a: Melmetal|Dynamax
|-heal|p1a: Melmetal|100/100|[silent]
|move|p1a: Melmetal|Max Rockfall|p2a: Yveltal
|-supereffective|p2a: Yveltal
|-damage|p2a: Yveltal|0 fnt
|-weather|Sandstorm
|faint|p2a: Yveltal
|
|win|Steamboat☭Geyser
