|j|☆F.A.M.E.246 2nd
|j|☆Dankyul
|t:|1638781033
|gametype|singles
|player|p1|F.A.M.E.246 2nd|brawly|1603
|player|p2|Dankyul|lucas-gen4pt|1664
|teamsize|p1|6
|teamsize|p2|6
|gen|8
|tier|[Gen 8] National Dex AG
|rated|
|rule|HP Percentage Mod: HP is shown in percentages
|rule|Endless Battle Clause: Forcing endless battles is banned
|clearpoke
|poke|p1|Blaziken, M|
|poke|p1|Calyrex-Shadow|
|poke|p1|Zygarde|
|poke|p1|Necrozma-Dusk-Mane|
|poke|p1|Yveltal|
|poke|p1|Arceus-*|
|poke|p2|Xerneas-*|
|poke|p2|Ditto|
|poke|p2|Arceus-*|
|poke|p2|Calyrex-Shadow|
|poke|p2|Zacian-*|
|poke|p2|Blaziken, F|
|teampreview
|inactive|Battle timer is ON: inactive players will automatically lose when time's up. (requested by Dankyul)
|c|☆F.A.M.E.246 2nd|Hf
|
|t:|1638781045
|start
|switch|p1a: Arceus|Arceus-Water|100/100
|switch|p2a: Xerneas|Xerneas|100/100
|-ability|p2a: Xerneas|Fairy Aura
|turn|1
|
|t:|1638781059
|move|p1a: Arceus|Toxic|p2a: Xerneas
|-status|p2a: Xerneas|tox
|move|p2a: Xerneas|Geomancy||[still]
|-prepare|p2a: Xerneas|Geomancy
|-enditem|p2a: Xerneas|Power Herb
|-anim|p2a: Xerneas|Geomancy|p2a: Xerneas
|-boost|p2a: Xerneas|spa|2
|-boost|p2a: Xerneas|spd|2
|-boost|p2a: Xerneas|spe|2
|
|-damage|p2a: Xerneas|94/100 tox|[from] psn
|upkeep
|turn|2
|
|t:|1638781067
|-start|p1a: Arceus|Dynamax
|-heal|p1a: Arceus|100/100|[silent]
|move|p2a: Xerneas|Moonblast|p1a: Arceus
|-damage|p1a: Arceus|58/100
|move|p1a: Arceus|Max Geyser|p2a: Xerneas
|-damage|p2a: Xerneas|61/100 tox
|-weather|RainDance
|
|-weather|RainDance|[upkeep]
|-damage|p2a: Xerneas|49/100 tox|[from] psn
|upkeep
|turn|3
|
|t:|1638781078
|-start|p2a: Xerneas|Dynamax
|-heal|p2a: Xerneas|49/100 tox|[silent]
|move|p1a: Arceus|Max Guard|p1a: Arceus
|-singleturn|p1a: Arceus|Max Guard
|move|p2a: Xerneas|Max Starfall|p1a: Arceus
|-activate|p1a: Arceus|move: Max Guard
|
|-weather|RainDance|[upkeep]
|-damage|p2a: Xerneas|40/100 tox|[from] psn
|upkeep
|turn|4
|
|t:|1638781086
|move|p2a: Xerneas|Max Starfall|p1a: Arceus
|-damage|p1a: Arceus|4/100
|-fieldstart|move: Misty Terrain
|move|p1a: Arceus|Max Geyser|p2a: Xerneas
|-damage|p2a: Xerneas|15/100 tox
|
|-weather|RainDance|[upkeep]
|-damage|p2a: Xerneas|3/100 tox|[from] psn
|-end|p1a: Arceus|Dynamax
|-heal|p1a: Arceus|4/100|[silent]
|upkeep
|turn|5
|
|t:|1638781099
|move|p2a: Xerneas|Max Starfall|p1a: Arceus
|-damage|p1a: Arceus|0 fnt
|faint|p1a: Arceus
|
|-weather|RainDance|[upkeep]
|-damage|p2a: Xerneas|0 fnt|[from] psn
|faint|p2a: Xerneas
|upkeep
|
|t:|1638781106
|switch|p1a: Necrozma|Necrozma-Dusk-Mane|100/100
|switch|p2a: Calyrex|Calyrex-Shadow|100/100
|-ability|p2a: Calyrex|As One
|-ability|p2a: Calyrex|Unnerve
|turn|6
|
|t:|1638781115
|switch|p1a: Yveltal|Yveltal|100/100
|-ability|p1a: Yveltal|Dark Aura
|move|p2a: Calyrex|Astral Barrage|p1a: Yveltal
|-resisted|p1a: Yveltal
|-damage|p1a: Yveltal|79/100
|
|-weather|none
|upkeep
|turn|7
|
|t:|1638781122
|switch|p2a: Arceus|Arceus|100/100
|move|p1a: Yveltal|U-turn|p2a: Arceus
|-damage|p2a: Arceus|87/100
|
|t:|1638781138
|switch|p1a: Blaziken|Blaziken, M|100/100|[from]move: U-turn
|
|upkeep
|turn|8
|
|t:|1638781147
|detailschange|p1a: Blaziken|Blaziken-Mega, M
|-mega|p1a: Blaziken|Blaziken|Blazikenite
|move|p1a: Blaziken|Close Combat|p2a: Arceus
|-supereffective|p2a: Arceus
|-damage|p2a: Arceus|0 fnt
|-unboost|p1a: Blaziken|def|1
|-unboost|p1a: Blaziken|spd|1
|faint|p2a: Arceus
|
|-fieldend|Misty Terrain
|-ability|p1a: Blaziken|Speed Boost|boost
|-boost|p1a: Blaziken|spe|1
|upkeep
|
|t:|1638781152
|switch|p2a: Blaziken|Blaziken, F|100/100
|turn|9
|
|t:|1638781154
|detailschange|p2a: Blaziken|Blaziken-Mega, F
|-mega|p2a: Blaziken|Blaziken|Blazikenite
|move|p2a: Blaziken|Protect|p2a: Blaziken
|-singleturn|p2a: Blaziken|Protect
|move|p1a: Blaziken|Close Combat|p2a: Blaziken
|-activate|p2a: Blaziken|move: Protect
|
|-ability|p1a: Blaziken|Speed Boost|boost
|-boost|p1a: Blaziken|spe|1
|-ability|p2a: Blaziken|Speed Boost|boost
|-boost|p2a: Blaziken|spe|1
|upkeep
|turn|10
|
|t:|1638781173
|move|p1a: Blaziken|Close Combat|p2a: Blaziken
|-damage|p2a: Blaziken|0 fnt
|-unboost|p1a: Blaziken|def|1
|-unboost|p1a: Blaziken|spd|1
|faint|p2a: Blaziken
|
|-ability|p1a: Blaziken|Speed Boost|boost
|-boost|p1a: Blaziken|spe|1
|upkeep
|
|t:|1638781176
|switch|p2a: Ditto|Ditto|100/100
|-transform|p2a: Ditto|p1a: Blaziken|[from] ability: Imposter
|turn|11
|
|t:|1638781178
|move|p1a: Blaziken|Protect|p1a: Blaziken
|-singleturn|p1a: Blaziken|Protect
|move|p2a: Ditto|Close Combat|p1a: Blaziken
|-activate|p1a: Blaziken|move: Protect
|
|-ability|p2a: Ditto|Speed Boost|boost
|-boost|p2a: Ditto|spe|1
|-ability|p1a: Blaziken|Speed Boost|boost
|-boost|p1a: Blaziken|spe|1
|upkeep
|turn|12
|
|t:|1638781184
|switch|p1a: Calyrex|Calyrex-Shadow|100/100
|-ability|p1a: Calyrex|As One
|-ability|p1a: Calyrex|Unnerve
|move|p2a: Ditto|Close Combat|p1a: Calyrex
|-immune|p1a: Calyrex
|
|-ability|p2a: Ditto|Speed Boost|boost
|-boost|p2a: Ditto|spe|1
|upkeep
|turn|13
|
|t:|1638781192
|switch|p2a: Zacian|Zacian-Crowned|100/100
|-ability|p2a: Zacian|Intrepid Sword|boost
|-boost|p2a: Zacian|atk|1
|move|p1a: Calyrex|Astral Barrage|p2a: Zacian
|-damage|p2a: Zacian|0 fnt
|faint|p2a: Zacian
|-ability|p1a: Calyrex|Grim Neigh|boost
|-boost|p1a: Calyrex|spa|1
|
|upkeep
|
|t:|1638781195
|switch|p2a: Calyrex|Calyrex-Shadow|100/100
|-ability|p2a: Calyrex|As One
|-ability|p2a: Calyrex|Unnerve
|turn|14
|
|t:|1638781200
|switch|p1a: Yveltal|Yveltal|79/100
|-ability|p1a: Yveltal|Dark Aura
|move|p2a: Calyrex|Astral Barrage|p1a: Yveltal
|-resisted|p1a: Yveltal
|-damage|p1a: Yveltal|57/100
|
|upkeep
|turn|15
|
|t:|1638781207
|move|p2a: Calyrex|Astral Barrage|p1a: Yveltal
|-resisted|p1a: Yveltal
|-damage|p1a: Yveltal|35/100
|move|p1a: Yveltal|Roost|p1a: Yveltal
|-heal|p1a: Yveltal|85/100
|-singleturn|p1a: Yveltal|move: Roost
|
|upkeep
|turn|16
|
|t:|1638781212
|switch|p2a: Ditto|Ditto|100/100
|-transform|p2a: Ditto|p1a: Yveltal|[from] ability: Imposter
|-ability|p2a: Ditto|Dark Aura
|move|p1a: Yveltal|Roost|p1a: Yveltal
|-heal|p1a: Yveltal|100/100
|-singleturn|p1a: Yveltal|move: Roost
|
|upkeep
|turn|17
|
|t:|1638781215
|move|p2a: Ditto|Knock Off|p1a: Yveltal
|-resisted|p1a: Yveltal
|-damage|p1a: Yveltal|75/100
|-enditem|p1a: Yveltal|Heavy-Duty Boots|[from] move: Knock Off|[of] p2a: Ditto
|move|p1a: Yveltal|U-turn|p2a: Ditto
|-damage|p2a: Ditto|76/100
|
|t:|1638781219
|switch|p1a: Blaziken|Blaziken-Mega, M|100/100|[from]move: U-turn
|
|upkeep
|turn|18
|
|t:|1638781222
|switch|p2a: Calyrex|Calyrex-Shadow|100/100
|-ability|p2a: Calyrex|As One
|-ability|p2a: Calyrex|Unnerve
|move|p1a: Blaziken|Flare Blitz|p2a: Calyrex
|-damage|p2a: Calyrex|0 fnt
|faint|p2a: Calyrex
|-damage|p1a: Blaziken|63/100|[from] Recoil
|
|-ability|p1a: Blaziken|Speed Boost|boost
|-boost|p1a: Blaziken|spe|1
|upkeep
|
|t:|1638781224
|switch|p2a: Ditto|Ditto|76/100
|-transform|p2a: Ditto|p1a: Blaziken|[from] ability: Imposter
|turn|19
|c|☆F.A.M.E.246 2nd|Gg?
|c|☆F.A.M.E.246 2nd|Gg
|
|t:|1638781240
|move|p1a: Blaziken|Protect|p1a: Blaziken
|-singleturn|p1a: Blaziken|Protect
|move|p2a: Ditto|Flare Blitz|p1a: Blaziken
|-activate|p1a: Blaziken|move: Protect
|
|-ability|p2a: Ditto|Speed Boost|boost
|-boost|p2a: Ditto|spe|1
|-ability|p1a: Blaziken|Speed Boost|boost
|-boost|p1a: Blaziken|spe|1
|upkeep
|turn|20
|
|t:|1638781247
|switch|p1a: Zygarde|Zygarde|100/100
|move|p2a: Ditto|Flare Blitz|p1a: Zygarde
|-resisted|p1a: Zygarde
|-damage|p1a: Zygarde|77/100
|-damage|p2a: Ditto|65/100|[from] Recoil
|
|-heal|p1a: Zygarde|83/100|[from] item: Leftovers
|-ability|p2a: Ditto|Speed Boost|boost
|-boost|p2a: Ditto|spe|1
|upkeep
|turn|21
|
|t:|1638781252
|move|p2a: Ditto|Flare Blitz|p1a: Zygarde
|-resisted|p1a: Zygarde
|-damage|p1a: Zygarde|60/100
|-damage|p2a: Ditto|54/100|[from] Recoil
|move|p1a: Zygarde|Thousand Arrows|p2a: Ditto
|-supereffective|p2a: Ditto
|-damage|p2a: Ditto|0 fnt
|faint|p2a: Ditto
|
|win|F.A.M.E.246 2nd
|raw|F.A.M.E.246 2nd's rating: 1603 &rarr; <strong>1626</strong><br />(+23 for winning)
|raw|Dankyul's rating: 1664 &rarr; <strong>1641</strong><br />(-23 for losing)
|l|☆Dankyul
