|j|☆Hoenn Militian
|j|☆ReactJS3
|t:|1651931380
|gametype|singles
|player|p1|Hoenn Militian|ingo|1697
|player|p2|ReactJS3|102|1909
|teamsize|p1|6
|teamsize|p2|6
|gen|8
|tier|[Gen 8] National Dex AG
|rated|
|rule|HP Percentage Mod: HP is shown in percentages
|rule|Endless Battle Clause: Forcing endless battles is banned
|clearpoke
|poke|p1|Yveltal|
|poke|p1|Quagsire, F|
|poke|p1|Mamoswine, M|
|poke|p1|Shedinja|
|poke|p1|Kyogre|
|poke|p1|Zacian-*|
|poke|p2|Rayquaza|
|poke|p2|Zacian-*|
|poke|p2|Yveltal|
|poke|p2|Groudon|
|poke|p2|Ho-Oh|
|poke|p2|Ditto|
|teampreview
|
|t:|1651931424
|start
|switch|p1a: Mamoswine|Mamoswine, M|100/100
|switch|p2a: Ho-Oh|Ho-Oh|100/100
|turn|1
|inactive|Battle timer is ON: inactive players will automatically lose when time's up. (requested by ReactJS3)
|
|t:|1651931434
|switch|p1a: Quagsire|Quagsire, F|100/100
|move|p2a: Ho-Oh|Sacred Fire|p1a: Quagsire
|-resisted|p1a: Quagsire
|-damage|p1a: Quagsire|85/100
|-status|p1a: Quagsire|brn
|
|-damage|p1a: Quagsire|79/100 brn|[from] brn
|upkeep
|turn|2
|
|t:|1651931460
|switch|p2a: Groudon|Groudon|100/100
|detailschange|p2a: Groudon|Groudon-Primal
|-primal|p2a: Groudon
|-weather|DesolateLand|[from] ability: Desolate Land|[of] p2a: Groudon
|move|p1a: Quagsire|Toxic|p2a: Groudon
|-status|p2a: Groudon|tox
|
|-weather|DesolateLand|[upkeep]
|-damage|p2a: Groudon|94/100 tox|[from] psn
|-damage|p1a: Quagsire|73/100 brn|[from] brn
|upkeep
|turn|3
|
|t:|1651931471
|switch|p1a: Mamoswine|Mamoswine, M|100/100
|move|p2a: Groudon|Stealth Rock|p1a: Mamoswine
|-sidestart|p1: Hoenn Militian|move: Stealth Rock
|
|-weather|DesolateLand|[upkeep]
|-damage|p2a: Groudon|82/100 tox|[from] psn
|upkeep
|turn|4
|
|t:|1651931483
|move|p1a: Mamoswine|Earthquake|p2a: Groudon
|-supereffective|p2a: Groudon
|-damage|p2a: Groudon|28/100 tox
|move|p2a: Groudon|Toxic|p1a: Mamoswine
|-status|p1a: Mamoswine|tox
|
|-weather|DesolateLand|[upkeep]
|-damage|p1a: Mamoswine|94/100 tox|[from] psn
|-damage|p2a: Groudon|10/100 tox|[from] psn
|upkeep
|turn|5
|
|t:|1651931491
|move|p1a: Mamoswine|Stealth Rock|p2a: Groudon
|-sidestart|p2: ReactJS3|move: Stealth Rock
|move|p2a: Groudon|Overheat|p1a: Mamoswine
|-supereffective|p1a: Mamoswine
|-damage|p1a: Mamoswine|0 fnt
|-unboost|p2a: Groudon|spa|2
|faint|p1a: Mamoswine
|
|-weather|DesolateLand|[upkeep]
|-damage|p2a: Groudon|0 fnt|[from] psn
|faint|p2a: Groudon
|-weather|none
|upkeep
|
|t:|1651931502
|switch|p1a: Kyogre|Kyogre|100/100
|switch|p2a: Ho-Oh|Ho-Oh|100/100
|-damage|p1a: Kyogre|88/100|[from] Stealth Rock
|-weather|RainDance|[from] ability: Drizzle|[of] p1a: Kyogre
|turn|6
|inactive|ReactJS3 has 120 seconds left.
|
|t:|1651931536
|switch|p2a: Ditto|Ditto|100/100
|-damage|p2a: Ditto|88/100|[from] Stealth Rock
|-transform|p2a: Ditto|p1a: Kyogre|[from] ability: Imposter
|move|p1a: Kyogre|Water Spout|p2a: Ditto
|-resisted|p2a: Ditto
|-damage|p2a: Ditto|39/100
|
|-weather|RainDance|[upkeep]
|upkeep
|turn|7
|
|t:|1651931545
|switch|p1a: Shedinja|Shedinja|100/100
|move|p2a: Ditto|Thunder|p1a: Shedinja
|-immune|p1a: Shedinja|[from] ability: Wonder Guard
|
|-weather|RainDance|[upkeep]
|upkeep
|turn|8
|
|t:|1651931552
|switch|p2a: Ho-Oh|Ho-Oh|100/100
|move|p1a: Shedinja|Baton Pass|p1a: Shedinja
|
|t:|1651931556
|switch|p1a: Kyogre|Kyogre|88/100|[from]move: Baton Pass
|-damage|p1a: Kyogre|76/100|[from] Stealth Rock
|
|-weather|RainDance|[upkeep]
|upkeep
|turn|9
|
|t:|1651931574
|-start|p2a: Ho-Oh|Dynamax|
|-heal|p2a: Ho-Oh|100/100|[silent]
|move|p1a: Kyogre|Water Spout|p2a: Ho-Oh
|-supereffective|p2a: Ho-Oh
|-damage|p2a: Ho-Oh|47/100
|move|p2a: Ho-Oh|Max Flare|p1a: Kyogre
|-resisted|p1a: Kyogre
|-damage|p1a: Kyogre|61/100
|-weather|SunnyDay
|
|-weather|SunnyDay|[upkeep]
|upkeep
|turn|10
|
|t:|1651931586
|switch|p1a: Quagsire|Quagsire, F|73/100 brn
|-damage|p1a: Quagsire|66/100 brn|[from] Stealth Rock
|move|p2a: Ho-Oh|Max Flare|p1a: Quagsire
|-resisted|p1a: Quagsire
|-damage|p1a: Quagsire|36/100 brn
|
|-weather|SunnyDay|[upkeep]
|-damage|p1a: Quagsire|30/100 brn|[from] brn
|upkeep
|turn|11
|
|t:|1651931596
|move|p2a: Ho-Oh|Max Flare|p1a: Quagsire
|-resisted|p1a: Quagsire
|-damage|p1a: Quagsire|0 fnt
|faint|p1a: Quagsire
|
|-weather|SunnyDay|[upkeep]
|upkeep
|
|t:|1651931610
|switch|p1a: Kyogre|Kyogre|61/100
|-damage|p1a: Kyogre|49/100|[from] Stealth Rock
|-weather|RainDance|[from] ability: Drizzle|[of] p1a: Kyogre
|-end|p2a: Ho-Oh|Dynamax
|-heal|p2a: Ho-Oh|47/100|[silent]
|turn|12
|
|t:|1651931621
|switch|p2a: Ditto|Ditto|39/100
|-damage|p2a: Ditto|27/100|[from] Stealth Rock
|-transform|p2a: Ditto|p1a: Kyogre|[from] ability: Imposter
|move|p1a: Kyogre|Surf|p2a: Ditto
|-resisted|p2a: Ditto
|-damage|p2a: Ditto|0 fnt
|faint|p2a: Ditto
|
|-weather|RainDance|[upkeep]
|upkeep
|
|t:|1651931637
|switch|p2a: Zacian|Zacian-Crowned|100/100
|-damage|p2a: Zacian|94/100|[from] Stealth Rock
|-ability|p2a: Zacian|Intrepid Sword|boost
|-boost|p2a: Zacian|atk|1
|turn|13
|
|t:|1651931643
|switch|p2a: Ho-Oh|Ho-Oh|80/100
|switch|p1a: Shedinja|Shedinja|100/100
|
|-weather|RainDance|[upkeep]
|upkeep
|turn|14
|
|t:|1651931651
|switch|p1a: Kyogre|Kyogre|49/100
|-damage|p1a: Kyogre|36/100|[from] Stealth Rock
|move|p2a: Ho-Oh|Defog|p1a: Kyogre
|-unboost|p1a: Kyogre|evasion|1
|-sideend|p1: Hoenn Militian|Stealth Rock|[from] move: Defog|[of] p2a: Ho-Oh
|-sideend|p2: ReactJS3|Stealth Rock|[from] move: Defog|[of] p2a: Ho-Oh
|
|-weather|RainDance|[upkeep]
|upkeep
|turn|15
|inactive|ReactJS3 has 120 seconds left.
|
|t:|1651931698
|move|p1a: Kyogre|Surf|p2a: Ho-Oh
|-supereffective|p2a: Ho-Oh
|-damage|p2a: Ho-Oh|0 fnt
|faint|p2a: Ho-Oh
|
|-weather|RainDance|[upkeep]
|upkeep
|
|t:|1651931708
|switch|p2a: Rayquaza|Rayquaza|100/100
|-ability|p2a: Rayquaza|Air Lock
|turn|16
|
|t:|1651931720
|detailschange|p2a: Rayquaza|Rayquaza-Mega
|-mega|p2a: Rayquaza|Rayquaza|
|-weather|DeltaStream|[from] ability: Delta Stream|[of] p2a: Rayquaza
|move|p2a: Rayquaza|Dragon Dance|p2a: Rayquaza
|-boost|p2a: Rayquaza|atk|1
|-boost|p2a: Rayquaza|spe|1
|move|p1a: Kyogre|Ice Beam|p2a: Rayquaza
|-activate||deltastream
|-supereffective|p2a: Rayquaza
|-damage|p2a: Rayquaza|31/100
|
|-weather|DeltaStream|[upkeep]
|upkeep
|turn|17
|
|t:|1651931735
|move|p2a: Rayquaza|Extreme Speed|p1a: Kyogre
|-damage|p1a: Kyogre|0 fnt
|faint|p1a: Kyogre
|
|-weather|DeltaStream|[upkeep]
|upkeep
|
|t:|1651931744
|switch|p1a: Shedinja|Shedinja|100/100
|turn|18
|
|t:|1651931749
|move|p1a: Shedinja|Endure|p1a: Shedinja
|-singleturn|p1a: Shedinja|move: Endure
|move|p2a: Rayquaza|Dragon Ascent|p1a: Shedinja
|-supereffective|p1a: Shedinja
|-activate|p1a: Shedinja|move: Endure
|-damage|p1a: Shedinja|100/100
|-unboost|p2a: Rayquaza|def|1
|-unboost|p2a: Rayquaza|spd|1
|
|-weather|DeltaStream|[upkeep]
|upkeep
|turn|19
|
|t:|1651931761
|-weather|none
|switch|p2a: Yveltal|Yveltal|100/100
|-ability|p2a: Yveltal|Dark Aura
|move|p1a: Shedinja|Shadow Sneak|p2a: Yveltal
|-resisted|p2a: Yveltal
|-damage|p2a: Yveltal|92/100
|
|upkeep
|turn|20
|
|t:|1651931777
|switch|p1a: Zacian|Zacian-Crowned|100/100
|-ability|p1a: Zacian|Intrepid Sword|boost
|-boost|p1a: Zacian|atk|1
|move|p2a: Yveltal|Dark Pulse|p1a: Zacian
|-resisted|p1a: Zacian
|-damage|p1a: Zacian|63/100
|-damage|p2a: Yveltal|82/100|[from] item: Life Orb
|
|upkeep
|turn|21
|
|t:|1651931788
|move|p1a: Zacian|Behemoth Blade|p2a: Yveltal
|-damage|p2a: Yveltal|0 fnt
|faint|p2a: Yveltal
|
|upkeep
|
|t:|1651931790
|switch|p2a: Zacian|Zacian-Crowned|94/100
|-ability|p2a: Zacian|Intrepid Sword|boost
|-boost|p2a: Zacian|atk|1
|turn|22
|-message|ReactJS3 forfeited.
|
|win|Hoenn Militian
|raw|Hoenn Militian's rating: 1697 &rarr; <strong>1728</strong><br />(+31 for winning)
|raw|ReactJS3's rating: 1909 &rarr; <strong>1878</strong><br />(-31 for losing)
|l|☆ReactJS3
||Ladder isn't responding, score probably updated but might not have (Request timeout).
