|j|‽Slimeballgreenbean
|j|☆1729is56time
|inactive|Battle timer is ON: inactive players will automatically lose when time's up.
|t:|1655990195
|gametype|singles
|player|p1|Slimeballgreenbean|boarder|
|player|p2|1729is56time|1|
|teamsize|p1|6
|teamsize|p2|6
|gen|8
|tier|[Gen 8] National Dex AG
|rated|Tournament battle
|rule|HP Percentage Mod: HP is shown in percentages
|rule|Endless Battle Clause: Forcing endless battles is banned
|clearpoke
|poke|p1|Excadrill, F|
|poke|p1|Calyrex-Shadow|
|poke|p1|Yveltal|
|poke|p1|Rayquaza|
|poke|p1|Kyogre|
|poke|p1|Necrozma-Dusk-Mane|
|poke|p2|Arceus-*|
|poke|p2|Rayquaza|
|poke|p2|Yveltal|
|poke|p2|Zacian-*|
|poke|p2|Groudon|
|poke|p2|Ditto|
|teampreview
|inactive|1729is56time also wants the timer to be on.
|
|t:|1655990199
|start
|switch|p1a: Excadrill|Excadrill, F|100/100
|switch|p2a: Arceus|Arceus|100/100
|-ability|p1a: Excadrill|Mold Breaker
|turn|1
|j|@pichus
|
|t:|1655990201
|move|p2a: Arceus|Earthquake|p1a: Excadrill
|-supereffective|p1a: Excadrill
|-enditem|p1a: Excadrill|Focus Sash
|-damage|p1a: Excadrill|1/100
|move|p1a: Excadrill|Stealth Rock|p2a: Arceus
|-sidestart|p2: 1729is56time|move: Stealth Rock
|
|upkeep
|turn|2
|
|t:|1655990209
|move|p2a: Arceus|Defog|p1a: Excadrill
|-unboost|p1a: Excadrill|evasion|1
|-sideend|p2: 1729is56time|Stealth Rock|[from] move: Defog|[of] p2a: Arceus
|move|p1a: Excadrill|Earthquake|p2a: Arceus
|-damage|p2a: Arceus|57/100
|
|upkeep
|turn|3
|
|t:|1655990219
|switch|p1a: Necrozma|Necrozma-Dusk-Mane|100/100
|move|p2a: Arceus|Extreme Speed|p1a: Necrozma
|-resisted|p1a: Necrozma
|-damage|p1a: Necrozma|82/100
|
|upkeep
|turn|4
|
|t:|1655990225
|detailschange|p1a: Necrozma|Necrozma-Ultra
|-burst|p1a: Necrozma|Necrozma|Ultranecrozium Z
|move|p1a: Necrozma|Dragon Dance|p1a: Necrozma
|-boost|p1a: Necrozma|atk|1
|-boost|p1a: Necrozma|spe|1
|move|p2a: Arceus|Swords Dance|p2a: Arceus
|-boost|p2a: Arceus|atk|2
|
|upkeep
|turn|5
|
|t:|1655990229
|move|p2a: Arceus|Extreme Speed|p1a: Necrozma
|-damage|p1a: Necrozma|0 fnt
|faint|p1a: Necrozma
|
|upkeep
|j|+Lauriane
|
|t:|1655990234
|switch|p1a: Rayquaza|Rayquaza, shiny|100/100
|-ability|p1a: Rayquaza|Air Lock
|turn|6
|
|t:|1655990237
|detailschange|p1a: Rayquaza|Rayquaza-Mega, shiny
|-mega|p1a: Rayquaza|Rayquaza|
|-weather|DeltaStream|[from] ability: Delta Stream|[of] p1a: Rayquaza
|move|p2a: Arceus|Extreme Speed|p1a: Rayquaza
|-damage|p1a: Rayquaza|23/100
|move|p1a: Rayquaza|Dragon Ascent|p2a: Arceus
|-damage|p2a: Arceus|0 fnt
|-unboost|p1a: Rayquaza|def|1
|-unboost|p1a: Rayquaza|spd|1
|faint|p2a: Arceus
|-damage|p1a: Rayquaza|13/100|[from] item: Life Orb
|
|-weather|DeltaStream|[upkeep]
|upkeep
|
|t:|1655990248
|switch|p2a: Zacian|Zacian-Crowned|100/100
|-ability|p2a: Zacian|Intrepid Sword|boost
|-boost|p2a: Zacian|atk|1
|turn|7
|j| UnovaWorkersParty
|
|t:|1655990264
|move|p2a: Zacian|Behemoth Blade|p1a: Rayquaza
|-damage|p1a: Rayquaza|0 fnt
|faint|p1a: Rayquaza
|-weather|none
|
|upkeep
|
|t:|1655990268
|switch|p1a: Calyrex|Calyrex-Shadow|100/100
|-ability|p1a: Calyrex|As One
|-ability|p1a: Calyrex|Unnerve
|turn|8
|
|t:|1655990275
|switch|p2a: Yveltal|Yveltal, shiny|100/100
|-ability|p2a: Yveltal|Dark Aura
|move|p1a: Calyrex|Nasty Plot|p1a: Calyrex
|-boost|p1a: Calyrex|spa|2
|
|upkeep
|turn|9
|
|t:|1655990279
|-start|p2a: Yveltal|Dynamax|
|-heal|p2a: Yveltal|100/100|[silent]
|move|p1a: Calyrex|Baton Pass|p1a: Calyrex
|
|t:|1655990290
|switch|p1a: Kyogre|Kyogre|100/100|[from]move: Baton Pass
|detailschange|p1a: Kyogre|Kyogre-Primal
|-primal|p1a: Kyogre
|-weather|PrimordialSea|[from] ability: Primordial Sea|[of] p1a: Kyogre
|move|p2a: Yveltal|Max Airstream|p1a: Kyogre
|-damage|p1a: Kyogre|35/100
|-boost|p2a: Yveltal|spe|1
|-damage|p2a: Yveltal|96/100|[from] item: Life Orb
|
|-weather|PrimordialSea|[upkeep]
|upkeep
|turn|10
|
|t:|1655990298
|move|p2a: Yveltal|Max Darkness|p1a: Kyogre
|-damage|p1a: Kyogre|0 fnt
|faint|p1a: Kyogre
|-weather|none
|-damage|p2a: Yveltal|91/100|[from] item: Life Orb
|
|upkeep
|
|t:|1655990300
|switch|p1a: Excadrill|Excadrill, F|1/100
|-ability|p1a: Excadrill|Mold Breaker
|turn|11
|
|t:|1655990304
|move|p2a: Yveltal|Max Airstream|p1a: Excadrill
|-resisted|p1a: Excadrill
|-damage|p1a: Excadrill|0 fnt
|-boost|p2a: Yveltal|spe|1
|faint|p1a: Excadrill
|-damage|p2a: Yveltal|86/100|[from] item: Life Orb
|
|upkeep
|
|t:|1655990305
|switch|p1a: Yveltal|Yveltal|100/100
|-ability|p1a: Yveltal|Dark Aura
|-end|p2a: Yveltal|Dynamax
|-heal|p2a: Yveltal|86/100|[silent]
|turn|12
|
|t:|1655990310
|-start|p1a: Yveltal|Dynamax|
|-heal|p1a: Yveltal|100/100|[silent]
|move|p2a: Yveltal|Knock Off|p1a: Yveltal
|-resisted|p1a: Yveltal
|-damage|p1a: Yveltal|81/100
|-enditem|p1a: Yveltal|Life Orb|[from] move: Knock Off|[of] p2a: Yveltal
|-damage|p2a: Yveltal|76/100|[from] item: Life Orb
|move|p1a: Yveltal|Max Airstream|p2a: Yveltal
|-damage|p2a: Yveltal|10/100
|-boost|p1a: Yveltal|spe|1
|
|upkeep
|turn|13
|
|t:|1655990313
|move|p2a: Yveltal|Oblivion Wing|p1a: Yveltal
|-damage|p1a: Yveltal|55/100
|-heal|p2a: Yveltal|50/100|[from] drain|[of] p1a: Yveltal
|-damage|p2a: Yveltal|40/100|[from] item: Life Orb
|move|p1a: Yveltal|Max Airstream|p2a: Yveltal
|-damage|p2a: Yveltal|0 fnt
|-boost|p1a: Yveltal|spe|1
|faint|p2a: Yveltal
|
|upkeep
|
|t:|1655990320
|switch|p2a: Groudon|Groudon|100/100
|detailschange|p2a: Groudon|Groudon-Primal
|-primal|p2a: Groudon
|-weather|DesolateLand|[from] ability: Desolate Land|[of] p2a: Groudon
|turn|14
|l| UnovaWorkersParty
|
|t:|1655990333
|move|p1a: Yveltal|Max Darkness|p2a: Groudon
|-damage|p2a: Groudon|16/100
|-unboost|p2a: Groudon|spd|1
|move|p2a: Groudon|Thunder Wave|p1a: Yveltal
|-status|p1a: Yveltal|par
|
|-weather|DesolateLand|[upkeep]
|upkeep
|-end|p1a: Yveltal|Dynamax
|-heal|p1a: Yveltal|55/100 par|[silent]
|turn|15
|
|t:|1655990343
|move|p1a: Yveltal|Oblivion Wing|p2a: Groudon
|-damage|p2a: Groudon|0 fnt
|-heal|p1a: Yveltal|66/100 par|[from] drain|[of] p2a: Groudon
|faint|p2a: Groudon
|-weather|none
|
|upkeep
|
|t:|1655990345
|switch|p2a: Zacian|Zacian-Crowned|100/100
|-ability|p2a: Zacian|Intrepid Sword|boost
|-boost|p2a: Zacian|atk|1
|turn|16
|
|t:|1655990347
|move|p2a: Zacian|Behemoth Blade|p1a: Yveltal
|-damage|p1a: Yveltal|0 fnt
|faint|p1a: Yveltal
|
|upkeep
|
|t:|1655990349
|switch|p1a: Calyrex|Calyrex-Shadow|100/100
|-ability|p1a: Calyrex|As One
|-ability|p1a: Calyrex|Unnerve
|turn|17
|
|t:|1655990357
|move|p1a: Calyrex|Astral Barrage|p2a: Zacian
|-damage|p2a: Zacian|27/100
|move|p2a: Zacian|Behemoth Blade|p1a: Calyrex
|-enditem|p1a: Calyrex|Focus Sash
|-damage|p1a: Calyrex|1/100
|
|upkeep
|turn|18
|
|t:|1655990361
|move|p1a: Calyrex|Astral Barrage|p2a: Zacian
|-damage|p2a: Zacian|0 fnt
|faint|p2a: Zacian
|-ability|p1a: Calyrex|Grim Neigh|boost
|-boost|p1a: Calyrex|spa|1
|
|upkeep
|
|t:|1655990364
|switch|p2a: Ditto|Ditto|100/100
|-transform|p2a: Ditto|p1a: Calyrex|[from] ability: Imposter
|turn|19
|
|t:|1655990370
|move|p2a: Ditto|Astral Barrage|p1a: Calyrex
|-supereffective|p1a: Calyrex
|-damage|p1a: Calyrex|0 fnt
|faint|p1a: Calyrex
|
|win|1729is56time
|n|‽Slimeballgreenbean|slimeballgreenbean
|n|☆1729is56time|1729is56time
|n|+pichus|pichus
|n| Lauriane|lauriane
|l|☆1729is56time
