|j|☆ultramewtwoZ
|j|☆Dominator296
|t:|1653571786
|gametype|singles
|player|p1|ultramewtwoZ|plasmagrunt-gen5bw|1673
|player|p2|Dominator296|alder|1925
|teamsize|p1|6
|teamsize|p2|6
|gen|8
|tier|[Gen 8] National Dex AG
|rated|
|rule|HP Percentage Mod: HP is shown in percentages
|rule|Endless Battle Clause: Forcing endless battles is banned
|clearpoke
|poke|p1|Groudon|
|poke|p1|Rayquaza|
|poke|p1|Yveltal|
|poke|p1|Zygarde-10%|
|poke|p1|Togedemaru, M|
|poke|p1|Necrozma-Dawn-Wings|
|poke|p2|Kyogre|
|poke|p2|Groudon|
|poke|p2|Tyranitar, F|
|poke|p2|Necrozma-Dusk-Mane|
|poke|p2|Arceus-*|
|poke|p2|Arceus-*|
|teampreview
|inactive|Battle timer is ON: inactive players will automatically lose when time's up. (requested by ultramewtwoZ)
|
|t:|1653571830
|start
|switch|p1a: Red Moon|Necrozma-Dawn-Wings, shiny|100/100
|switch|p2a: Tyranitar|Tyranitar, F|100/100
|-weather|Sandstorm|[from] ability: Sand Stream|[of] p2a: Tyranitar
|turn|1
|
|t:|1653571839
|detailschange|p1a: Red Moon|Necrozma-Ultra, shiny
|-burst|p1a: Red Moon|Necrozma|Ultranecrozium Z
|detailschange|p2a: Tyranitar|Tyranitar-Mega, F
|-mega|p2a: Tyranitar|Tyranitar|Tyranitarite
|move|p1a: Red Moon|Dragon Pulse|p2a: Tyranitar
|-damage|p2a: Tyranitar|73/100
|move|p2a: Tyranitar|Pursuit|p1a: Red Moon
|-supereffective|p1a: Red Moon
|-damage|p1a: Red Moon|45/100
|
|-weather|Sandstorm|[upkeep]
|-damage|p1a: Red Moon|39/100|[from] Sandstorm
|upkeep
|turn|2
|
|t:|1653571847
|move|p1a: Red Moon|Dragon Pulse|p2a: Tyranitar
|-damage|p2a: Tyranitar|46/100
|move|p2a: Tyranitar|Pursuit|p1a: Red Moon
|-supereffective|p1a: Red Moon
|-damage|p1a: Red Moon|0 fnt
|faint|p1a: Red Moon
|
|-weather|Sandstorm|[upkeep]
|upkeep
|
|t:|1653571854
|switch|p1a: Omega Titan|Groudon|100/100
|detailschange|p1a: Omega Titan|Groudon-Primal
|-primal|p1a: Omega Titan
|-weather|DesolateLand|[from] ability: Desolate Land|[of] p1a: Omega Titan
|turn|3
|
|t:|1653571858
|switch|p2a: Arceus|Arceus-Flying|100/100
|move|p1a: Omega Titan|Earthquake|p2a: Arceus
|-immune|p2a: Arceus
|
|-weather|DesolateLand|[upkeep]
|upkeep
|turn|4
|
|t:|1653571865
|move|p1a: Omega Titan|Stealth Rock|p2a: Arceus
|-sidestart|p2: Dominator296|move: Stealth Rock
|move|p2a: Arceus|Calm Mind|p2a: Arceus
|-boost|p2a: Arceus|spa|1
|-boost|p2a: Arceus|spd|1
|
|-weather|DesolateLand|[upkeep]
|upkeep
|turn|5
|
|t:|1653571870
|move|p1a: Omega Titan|Fire Punch|p2a: Arceus
|-damage|p2a: Arceus|65/100
|move|p2a: Arceus|Judgment|p1a: Omega Titan
|-damage|p1a: Omega Titan|22/100
|
|-weather|DesolateLand|[upkeep]
|upkeep
|turn|6
|
|t:|1653571875
|move|p1a: Omega Titan|Fire Punch|p2a: Arceus
|-damage|p2a: Arceus|28/100
|move|p2a: Arceus|Recover|p2a: Arceus
|-heal|p2a: Arceus|78/100
|
|-weather|DesolateLand|[upkeep]
|upkeep
|turn|7
|
|t:|1653571879
|move|p1a: Omega Titan|Bulk Up|p1a: Omega Titan
|-boost|p1a: Omega Titan|atk|1
|-boost|p1a: Omega Titan|def|1
|move|p2a: Arceus|Recover|p2a: Arceus
|-heal|p2a: Arceus|100/100
|
|-weather|DesolateLand|[upkeep]
|upkeep
|turn|8
|
|t:|1653571888
|-start|p2a: Arceus|Dynamax|
|-heal|p2a: Arceus|100/100|[silent]
|move|p1a: Omega Titan|Fire Punch|p2a: Arceus
|-crit|p2a: Arceus
|-damage|p2a: Arceus|54/100
|move|p2a: Arceus|Max Airstream|p1a: Omega Titan
|-damage|p1a: Omega Titan|0 fnt
|-boost|p2a: Arceus|spe|1
|faint|p1a: Omega Titan
|-weather|none
|
|upkeep
|
|t:|1653571899
|switch|p1a: Hidden Gem|Togedemaru, M|100/100
|turn|9
|
|t:|1653571903
|move|p2a: Arceus|Max Airstream|p1a: Hidden Gem
|-resisted|p1a: Hidden Gem
|-damage|p1a: Hidden Gem|57/100
|-boost|p2a: Arceus|spe|1
|move|p1a: Hidden Gem|Nuzzle|p2a: Arceus
|-supereffective|p2a: Arceus
|-damage|p2a: Arceus|50/100
|-status|p2a: Arceus|par
|
|upkeep
|turn|10
|
|t:|1653571908
|move|p1a: Hidden Gem|Zing Zap|p2a: Arceus
|-supereffective|p2a: Arceus
|-damage|p2a: Arceus|34/100 par
|move|p2a: Arceus|Max Airstream|p1a: Hidden Gem
|-resisted|p1a: Hidden Gem
|-damage|p1a: Hidden Gem|16/100
|-boost|p2a: Arceus|spe|1
|
|upkeep
|-end|p2a: Arceus|Dynamax
|-heal|p2a: Arceus|34/100 par|[silent]
|turn|11
|
|t:|1653571912
|move|p2a: Arceus|Refresh|p2a: Arceus
|-curestatus|p2a: Arceus|par|[msg]
|move|p1a: Hidden Gem|Zing Zap|p2a: Arceus
|-supereffective|p2a: Arceus
|-damage|p2a: Arceus|0 fnt
|faint|p2a: Arceus
|
|upkeep
|
|t:|1653571924
|switch|p2a: Kyogre|Kyogre|100/100
|-damage|p2a: Kyogre|88/100|[from] Stealth Rock
|-weather|RainDance|[from] ability: Drizzle|[of] p2a: Kyogre
|turn|12
|
|t:|1653571939
|switch|p1a: Shiva's Bird|Yveltal|100/100
|-ability|p1a: Shiva's Bird|Dark Aura
|move|p2a: Kyogre|Water Spout|p1a: Shiva's Bird
|-damage|p1a: Shiva's Bird|4/100
|
|-weather|RainDance|[upkeep]
|upkeep
|turn|13
|
|t:|1653571946
|move|p2a: Kyogre|Water Spout|p1a: Shiva's Bird
|-damage|p1a: Shiva's Bird|0 fnt
|faint|p1a: Shiva's Bird
|
|-weather|RainDance|[upkeep]
|upkeep
|
|t:|1653571950
|switch|p1a: Delta Dragon|Rayquaza|100/100
|-ability|p1a: Delta Dragon|Air Lock
|turn|14
|
|t:|1653571970
|detailschange|p1a: Delta Dragon|Rayquaza-Mega
|-mega|p1a: Delta Dragon|Rayquaza|
|-weather|DeltaStream|[from] ability: Delta Stream|[of] p1a: Delta Dragon
|move|p2a: Kyogre|Water Spout|p1a: Delta Dragon
|-resisted|p1a: Delta Dragon
|-damage|p1a: Delta Dragon|64/100
|move|p1a: Delta Dragon|Dragon Dance|p1a: Delta Dragon
|-boost|p1a: Delta Dragon|atk|1
|-boost|p1a: Delta Dragon|spe|1
|
|-weather|DeltaStream|[upkeep]
|upkeep
|turn|15
|
|t:|1653571979
|move|p1a: Delta Dragon|Dragon Ascent|p2a: Kyogre
|-damage|p2a: Kyogre|0 fnt
|-unboost|p1a: Delta Dragon|def|1
|-unboost|p1a: Delta Dragon|spd|1
|faint|p2a: Kyogre
|
|-weather|DeltaStream|[upkeep]
|upkeep
|
|t:|1653571982
|switch|p2a: Arceus|Arceus, shiny|100/100
|-damage|p2a: Arceus|88/100|[from] Stealth Rock
|turn|16
|
|t:|1653571986
|move|p2a: Arceus|Extreme Speed|p1a: Delta Dragon
|-damage|p1a: Delta Dragon|0 fnt
|faint|p1a: Delta Dragon
|-weather|none
|
|upkeep
|
|t:|1653571992
|switch|p1a: Ragnarok's Dog|Zygarde-10%|100/100
|turn|17
|
|t:|1653571999
|move|p1a: Ragnarok's Dog|Dragon Dance|p1a: Ragnarok's Dog
|-boost|p1a: Ragnarok's Dog|atk|1
|-boost|p1a: Ragnarok's Dog|spe|1
|move|p2a: Arceus|Swords Dance|p2a: Arceus
|-boost|p2a: Arceus|atk|2
|
|upkeep
|turn|18
|
|t:|1653572003
|-start|p1a: Ragnarok's Dog|Dynamax|
|-heal|p1a: Ragnarok's Dog|100/100|[silent]
|move|p2a: Arceus|Extreme Speed|p1a: Ragnarok's Dog
|-damage|p1a: Ragnarok's Dog|2/100
|move|p1a: Ragnarok's Dog|Max Quake|p2a: Arceus
|-damage|p2a: Arceus|37/100
|-boost|p1a: Ragnarok's Dog|spd|1
|
|-activate|p1a: Ragnarok's Dog|ability: Power Construct
|detailschange|p1a: Ragnarok's Dog|Zygarde-Complete
|-heal|p1a: Ragnarok's Dog|58/100|[silent]
|upkeep
|turn|19
|
|t:|1653572028
|move|p2a: Arceus|Extreme Speed|p1a: Ragnarok's Dog
|-damage|p1a: Ragnarok's Dog|31/100
|move|p1a: Ragnarok's Dog|Max Quake|p2a: Arceus
|-damage|p2a: Arceus|0 fnt
|-boost|p1a: Ragnarok's Dog|spd|1
|faint|p2a: Arceus
|
|upkeep
|inactive|Dominator296 has 120 seconds left.
|
|t:|1653572040
|switch|p2a: Tyranitar|Tyranitar-Mega, F|46/100
|-damage|p2a: Tyranitar|34/100|[from] Stealth Rock
|-weather|Sandstorm|[from] ability: Sand Stream|[of] p2a: Tyranitar
|turn|20
|
|t:|1653572043
|move|p1a: Ragnarok's Dog|Max Quake|p2a: Tyranitar
|-supereffective|p2a: Tyranitar
|-damage|p2a: Tyranitar|0 fnt
|-boost|p1a: Ragnarok's Dog|spd|1
|faint|p2a: Tyranitar
|
|-weather|Sandstorm|[upkeep]
|upkeep
|
|t:|1653572057
|switch|p2a: Necrozma|Necrozma-Dusk-Mane|100/100
|-damage|p2a: Necrozma|94/100|[from] Stealth Rock
|-end|p1a: Ragnarok's Dog|Dynamax
|-heal|p1a: Ragnarok's Dog|31/100|[silent]
|turn|21
|
|t:|1653572064
|detailschange|p2a: Necrozma|Necrozma-Ultra
|-burst|p2a: Necrozma|Necrozma|Ultranecrozium Z
|move|p1a: Ragnarok's Dog|Thousand Arrows|p2a: Necrozma
|-damage|p2a: Necrozma|39/100
|move|p2a: Necrozma|Photon Geyser|p1a: Ragnarok's Dog
|-damage|p1a: Ragnarok's Dog|0 fnt
|faint|p1a: Ragnarok's Dog
|
|-weather|Sandstorm|[upkeep]
|-damage|p2a: Necrozma|33/100|[from] Sandstorm
|upkeep
|
|t:|1653572067
|switch|p1a: Hidden Gem|Togedemaru, M|16/100
|turn|22
|
|t:|1653572071
|move|p2a: Necrozma|Photon Geyser|p1a: Hidden Gem
|-resisted|p1a: Hidden Gem
|-damage|p1a: Hidden Gem|0 fnt
|faint|p1a: Hidden Gem
|
|win|Dominator296
|raw|ultramewtwoZ's rating: 1673 &rarr; <strong>1665</strong><br />(-8 for losing)
|raw|Dominator296's rating: 1925 &rarr; <strong>1933</strong><br />(+8 for winning)
|c|☆ultramewtwoZ|Gg
|c|☆Dominator296|Gg
|l|☆Dominator296
