|j|☆Glaliegoesboom ❤
|j|☆kek1445645
|t:|1658537891
|gametype|singles
|player|p1|Glaliegoesboom ❤|265|2009
|player|p2|kek1445645|265|1893
|teamsize|p1|6
|teamsize|p2|6
|gen|8
|tier|[Gen 8] National Dex AG
|rated|
|rule|HP Percentage Mod: HP is shown in percentages
|rule|Endless Battle Clause: Forcing endless battles is banned
|clearpoke
|poke|p1|Groudon|
|poke|p1|Necrozma-Dusk-Mane|
|poke|p1|Zygarde|
|poke|p1|Arceus-*|
|poke|p1|Chansey, F|
|poke|p1|Arceus-*|
|poke|p2|Arceus-*|
|poke|p2|Groudon|
|poke|p2|Zacian-*|
|poke|p2|Rayquaza|
|poke|p2|Calyrex-Shadow|
|poke|p2|Yveltal|
|teampreview
|
|t:|1658537902
|start
|switch|p1a: Arceus|Arceus-Fairy|100/100
|switch|p2a: Rayquaza|Rayquaza|100/100
|-ability|p2a: Rayquaza|Air Lock
|turn|1
|
|t:|1658537907
|switch|p2a: Groudon|Groudon|100/100
|detailschange|p2a: Groudon|Groudon-Primal
|-primal|p2a: Groudon
|-weather|DesolateLand|[from] ability: Desolate Land|[of] p2a: Groudon
|move|p1a: Arceus|Will-O-Wisp|p2a: Groudon
|-immune|p2a: Groudon
|
|-weather|DesolateLand|[upkeep]
|upkeep
|turn|2
|
|t:|1658537909
|move|p1a: Arceus|Toxic|p2a: Groudon
|-status|p2a: Groudon|tox
|move|p2a: Groudon|Stealth Rock|p1a: Arceus
|-sidestart|p1: Glaliegoesboom ❤|move: Stealth Rock
|
|-weather|DesolateLand|[upkeep]
|-damage|p2a: Groudon|94/100 tox|[from] psn
|upkeep
|turn|3
|
|t:|1658537916
|-weather|none
|switch|p2a: Zacian|Zacian-Crowned|100/100
|-ability|p2a: Zacian|Intrepid Sword|boost
|-boost|p2a: Zacian|atk|1
|move|p1a: Arceus|Judgment|p2a: Zacian
|-resisted|p2a: Zacian
|-damage|p2a: Zacian|77/100
|
|upkeep
|turn|4
|
|t:|1658537921
|switch|p2a: Yveltal|Yveltal|100/100
|-ability|p2a: Yveltal|Dark Aura
|switch|p1a: Necrozma|Necrozma-Dusk-Mane|100/100
|-damage|p1a: Necrozma|94/100|[from] Stealth Rock
|
|upkeep
|turn|5
|
|t:|1658537927
|switch|p1a: Chansey|Chansey, F|100/100
|-damage|p1a: Chansey|88/100|[from] Stealth Rock
|move|p2a: Yveltal|Dark Pulse|p1a: Chansey
|-damage|p1a: Chansey|68/100
|-damage|p2a: Yveltal|91/100|[from] item: Life Orb
|
|upkeep
|turn|6
|
|t:|1658537933
|switch|p1a: Arceus|Arceus-Fairy|100/100
|-damage|p1a: Arceus|88/100|[from] Stealth Rock
|-start|p2a: Yveltal|Dynamax|
|-heal|p2a: Yveltal|91/100|[silent]
|move|p2a: Yveltal|Max Airstream|p1a: Arceus
|-damage|p1a: Arceus|24/100
|-boost|p2a: Yveltal|spe|1
|-damage|p2a: Yveltal|86/100|[from] item: Life Orb
|
|upkeep
|turn|7
|
|t:|1658537938
|move|p2a: Yveltal|Max Darkness|p1a: Arceus
|-resisted|p1a: Arceus
|-damage|p1a: Arceus|0 fnt
|faint|p1a: Arceus
|-damage|p2a: Yveltal|81/100|[from] item: Life Orb
|
|upkeep
|
|t:|1658537940
|switch|p1a: Chansey|Chansey, F|68/100
|-damage|p1a: Chansey|55/100|[from] Stealth Rock
|turn|8
|
|t:|1658537943
|move|p2a: Yveltal|Max Darkness|p1a: Chansey
|-damage|p1a: Chansey|0 fnt
|faint|p1a: Chansey
|-damage|p2a: Yveltal|76/100|[from] item: Life Orb
|
|upkeep
|
|t:|1658537948
|switch|p1a: Zygarde|Zygarde, shiny|100/100
|-damage|p1a: Zygarde|94/100|[from] Stealth Rock
|-end|p2a: Yveltal|Dynamax
|-heal|p2a: Yveltal|76/100|[silent]
|turn|9
|
|t:|1658537953
|move|p2a: Yveltal|Dark Pulse|p1a: Zygarde
|-damage|p1a: Zygarde|23/100
|-damage|p2a: Yveltal|66/100|[from] item: Life Orb
|move|p1a: Zygarde|Glare|p2a: Yveltal
|-status|p2a: Yveltal|par
|
|-activate|p1a: Zygarde|ability: Power Construct
|detailschange|p1a: Zygarde|Zygarde-Complete, shiny
|-heal|p1a: Zygarde|50/100|[silent]
|upkeep
|turn|10
|
|t:|1658537958
|switch|p1a: Arceus|Arceus-Dark|100/100
|-damage|p1a: Arceus|88/100|[from] Stealth Rock
|move|p2a: Yveltal|Dark Pulse|p1a: Arceus
|-resisted|p1a: Arceus
|-damage|p1a: Arceus|67/100
|-damage|p2a: Yveltal|57/100 par|[from] item: Life Orb
|
|upkeep
|turn|11
|
|t:|1658537960
|move|p1a: Arceus|Defog|p2a: Yveltal
|-unboost|p2a: Yveltal|evasion|1
|-sideend|p1: Glaliegoesboom ❤|Stealth Rock|[from] move: Defog|[of] p1a: Arceus
|move|p2a: Yveltal|Oblivion Wing|p1a: Arceus
|-damage|p1a: Arceus|37/100
|-heal|p2a: Yveltal|80/100 par|[from] drain|[of] p1a: Arceus
|-damage|p2a: Yveltal|70/100 par|[from] item: Life Orb
|
|upkeep
|turn|12
|
|t:|1658537971
|move|p1a: Arceus|Recover|p1a: Arceus
|-heal|p1a: Arceus|87/100
|cant|p2a: Yveltal|par
|
|upkeep
|turn|13
|
|t:|1658537981
|move|p1a: Arceus|Snarl|p2a: Yveltal
|-resisted|p2a: Yveltal
|-damage|p2a: Yveltal|54/100 par
|-unboost|p2a: Yveltal|spa|1
|cant|p2a: Yveltal|par
|
|upkeep
|turn|14
|
|t:|1658537985
|switch|p1a: Zygarde|Zygarde-Complete, shiny|50/100
|move|p2a: Yveltal|Oblivion Wing|p1a: Zygarde
|-damage|p1a: Zygarde|26/100
|-heal|p2a: Yveltal|82/100 par|[from] drain|[of] p1a: Zygarde
|-damage|p2a: Yveltal|72/100 par|[from] item: Life Orb
|
|upkeep
|turn|15
|
|t:|1658537989
|move|p2a: Yveltal|Dark Pulse|p1a: Zygarde
|-damage|p1a: Zygarde|0 fnt
|faint|p1a: Zygarde
|-damage|p2a: Yveltal|62/100 par|[from] item: Life Orb
|
|upkeep
|
|t:|1658537992
|switch|p1a: Groudon|Groudon|100/100
|detailschange|p1a: Groudon|Groudon-Primal
|-primal|p1a: Groudon
|-weather|DesolateLand|[from] ability: Desolate Land|[of] p1a: Groudon
|turn|16
|
|t:|1658537996
|-weather|none
|switch|p1a: Arceus|Arceus-Dark|87/100
|move|p2a: Yveltal|Dark Pulse|p1a: Arceus
|-resisted|p1a: Arceus
|-damage|p1a: Arceus|73/100
|-damage|p2a: Yveltal|52/100 par|[from] item: Life Orb
|
|upkeep
|turn|17
|
|t:|1658538006
|move|p1a: Arceus|Recover|p1a: Arceus
|-heal|p1a: Arceus|100/100
|move|p2a: Yveltal|Oblivion Wing|p1a: Arceus
|-damage|p1a: Arceus|80/100
|-heal|p2a: Yveltal|68/100 par|[from] drain|[of] p1a: Arceus
|-damage|p2a: Yveltal|58/100 par|[from] item: Life Orb
|
|upkeep
|turn|18
|
|t:|1658538010
|switch|p2a: Rayquaza|Rayquaza|100/100
|-ability|p2a: Rayquaza|Air Lock
|move|p1a: Arceus|Snarl|p2a: Rayquaza
|-damage|p2a: Rayquaza|75/100
|-unboost|p2a: Rayquaza|spa|1
|
|upkeep
|turn|19
|
|t:|1658538015
|switch|p1a: Groudon|Groudon-Primal|100/100
|-weather|DesolateLand|[from] ability: Desolate Land|[of] p1a: Groudon
|detailschange|p2a: Rayquaza|Rayquaza-Mega
|-mega|p2a: Rayquaza|Rayquaza|
|-weather|DeltaStream|[from] ability: Delta Stream|[of] p2a: Rayquaza
|move|p2a: Rayquaza|Dragon Dance|p2a: Rayquaza
|-boost|p2a: Rayquaza|atk|1
|-boost|p2a: Rayquaza|spe|1
|
|-weather|DeltaStream|[upkeep]
|upkeep
|turn|20
|
|t:|1658538017
|move|p2a: Rayquaza|Earthquake|p1a: Groudon
|-supereffective|p1a: Groudon
|-damage|p1a: Groudon|21/100
|move|p1a: Groudon|Hidden Power|p2a: Rayquaza
|-activate||deltastream
|-supereffective|p2a: Rayquaza
|-damage|p2a: Rayquaza|26/100
|
|-weather|DeltaStream|[upkeep]
|upkeep
|turn|21
|-message|Glaliegoesboom ❤ forfeited.
|
|win|kek1445645
|raw|Glaliegoesboom ❤'s rating: 2009 &rarr; <strong>1983</strong><br />(-26 for losing)
|raw|kek1445645's rating: 1893 &rarr; <strong>1919</strong><br />(+26 for winning)
|l|☆Glaliegoesboom ❤
||Ladder isn't responding, score probably updated but might not have (Request timeout).
