|j|☆CLEAR GEM清瑜
|j|☆Diancie_hhh
|t:|1667103164
|gametype|singles
|player|p1|CLEAR GEM清瑜|skierf|1847
|player|p2|Diancie_hhh|marnie|1793
|teamsize|p1|6
|teamsize|p2|6
|gen|8
|tier|[Gen 8] National Dex AG
|rated|
|rule|HP Percentage Mod: HP is shown in percentages
|rule|Endless Battle Clause: Forcing endless battles is banned
|clearpoke
|poke|p1|Rayquaza|
|poke|p1|Groudon|
|poke|p1|Necrozma-Dusk-Mane|
|poke|p1|Arceus-*|
|poke|p1|Zacian-*|
|poke|p1|Yveltal|
|poke|p2|Arceus-*|
|poke|p2|Zacian-*|
|poke|p2|Groudon|
|poke|p2|Ho-Oh|
|poke|p2|Zygarde|
|poke|p2|Weavile, F|
|teampreview
|inactive|Battle timer is ON: inactive players will automatically lose when time's up. (requested by CLEAR GEM清瑜)
|l|☆Diancie_hhh
|inactive|Diancie_hhh disconnected and has a minute to reconnect!
|player|p2|
|j|☆Diancie_hhh
|inactive|Diancie_hhh reconnected and has 125 seconds left.
|player|p2|Diancie_hhh|marnie
|inactive|Diancie_hhh has 120 seconds left.
|
|t:|1667103198
|start
|switch|p1a: 老烈|Rayquaza, shiny|100/100
|switch|p2a: Ho-Oh|Ho-Oh|100/100
|-ability|p1a: 老烈|Air Lock
|turn|1
|c|☆Diancie_hhh|你
|
|t:|1667103208
|detailschange|p1a: 老烈|Rayquaza-Mega, shiny
|-mega|p1a: 老烈|Rayquaza|
|-weather|DeltaStream|[from] ability: Delta Stream|[of] p1a: 老烈
|move|p1a: 老烈|Scale Shot|p2a: Ho-Oh
|-damage|p2a: Ho-Oh|76/100
|-crit|p2a: Ho-Oh
|-damage|p2a: Ho-Oh|44/100
|-damage|p2a: Ho-Oh|21/100
|-damage|p2a: Ho-Oh|0 fnt
|faint|p2a: Ho-Oh
|-hitcount|p2: Ho-Oh|4
|-unboost|p1a: 老烈|def|1
|-boost|p1a: 老烈|spe|1
|-damage|p1a: 老烈|91/100|[from] item: Life Orb
|
|-weather|DeltaStream|[upkeep]
|upkeep
|c|☆CLEAR GEM清瑜|草
|
|t:|1667103228
|switch|p2a: Arceus|Arceus, shiny|100/100
|turn|2
|
|t:|1667103234
|move|p2a: Arceus|Extreme Speed|p1a: 老烈
|-damage|p1a: 老烈|19/100
|-damage|p2a: Arceus|91/100|[from] item: Life Orb
|move|p1a: 老烈|Dragon Ascent|p2a: Arceus
|-damage|p2a: Arceus|12/100
|-unboost|p1a: 老烈|def|1
|-unboost|p1a: 老烈|spd|1
|-damage|p1a: 老烈|9/100|[from] item: Life Orb
|
|-weather|DeltaStream|[upkeep]
|upkeep
|turn|3
|
|t:|1667103246
|switch|p2a: Zygarde|Zygarde, shiny|100/100
|move|p1a: 老烈|Extreme Speed|p2a: Zygarde
|-damage|p2a: Zygarde|71/100
|-damage|p1a: 老烈|0 fnt|[from] item: Life Orb
|faint|p1a: 老烈
|-weather|none
|
|upkeep
|
|t:|1667103251
|switch|p1a: 不会(?)|Groudon|100/100
|detailschange|p1a: 不会(?)|Groudon-Primal
|-primal|p1a: 不会(?)
|-weather|DesolateLand|[from] ability: Desolate Land|[of] p1a: 不会(?)
|turn|4
|
|t:|1667103256
|move|p2a: Zygarde|Glare|p1a: 不会(?)
|-status|p1a: 不会(?)|par
|move|p1a: 不会(?)|Stealth Rock|p2a: Zygarde
|-sidestart|p2: Diancie_hhh|move: Stealth Rock
|
|-weather|DesolateLand|[upkeep]
|upkeep
|turn|5
|
|t:|1667103266
|move|p2a: Zygarde|Thousand Arrows|p1a: 不会(?)
|-supereffective|p1a: 不会(?)
|-damage|p1a: 不会(?)|68/100 par
|move|p1a: 不会(?)|Roar|p2a: Zygarde
|drag|p2a: Arceus|Arceus, shiny|12/100
|-damage|p2a: Arceus|0 fnt|[from] Stealth Rock
|faint|p2a: Arceus
|
|-weather|DesolateLand|[upkeep]
|upkeep
|
|t:|1667103281
|switch|p2a: 大地之神|Groudon, shiny|100/100
|-damage|p2a: 大地之神|94/100|[from] Stealth Rock
|detailschange|p2a: 大地之神|Groudon-Primal, shiny
|-primal|p2a: 大地之神
|turn|6
|
|t:|1667103286
|move|p2a: 大地之神|Stealth Rock|p1a: 不会(?)
|-sidestart|p1: CLEAR GEM清瑜|move: Stealth Rock
|move|p1a: 不会(?)|Roar|p2a: 大地之神
|drag|p2a: Zacian|Zacian-Crowned|100/100
|-damage|p2a: Zacian|94/100|[from] Stealth Rock
|-ability|p2a: Zacian|Intrepid Sword|boost
|-boost|p2a: Zacian|atk|1
|
|-weather|DesolateLand|[upkeep]
|upkeep
|turn|7
|
|t:|1667103294
|move|p2a: Zacian|Substitute|p2a: Zacian
|-start|p2a: Zacian|Substitute
|-damage|p2a: Zacian|69/100
|cant|p1a: 不会(?)|par
|
|-weather|DesolateLand|[upkeep]
|upkeep
|turn|8
|
|t:|1667103299
|move|p2a: Zacian|Close Combat|p1a: 不会(?)
|-damage|p1a: 不会(?)|32/100 par
|-unboost|p2a: Zacian|def|1
|-unboost|p2a: Zacian|spd|1
|move|p1a: 不会(?)|Roar|p2a: Zacian
|drag|p2a: 大地之神|Groudon-Primal, shiny|94/100
|-damage|p2a: 大地之神|82/100|[from] Stealth Rock
|
|-weather|DesolateLand|[upkeep]
|upkeep
|turn|9
|
|t:|1667103312
|move|p2a: 大地之神|Earthquake|p1a: 不会(?)
|-supereffective|p1a: 不会(?)
|-damage|p1a: 不会(?)|0 fnt
|faint|p1a: 不会(?)
|
|-weather|DesolateLand|[upkeep]
|upkeep
|
|t:|1667103323
|switch|p1a: 悬空羊驼|Arceus-Flying|100/100
|-damage|p1a: 悬空羊驼|76/100|[from] Stealth Rock
|turn|10
|
|t:|1667103330
|move|p1a: 悬空羊驼|Swords Dance|p1a: 悬空羊驼
|-boost|p1a: 悬空羊驼|atk|2
|move|p2a: 大地之神|Fire Punch|p1a: 悬空羊驼
|-damage|p1a: 悬空羊驼|18/100
|
|-weather|DesolateLand|[upkeep]
|upkeep
|turn|11
|
|t:|1667103341
|move|p1a: 悬空羊驼|Earthquake|p2a: 大地之神
|-supereffective|p2a: 大地之神
|-crit|p2a: 大地之神
|-damage|p2a: 大地之神|0 fnt
|faint|p2a: 大地之神
|-weather|none
|
|upkeep
|
|t:|1667103351
|switch|p2a: Zacian|Zacian-Crowned|69/100
|-damage|p2a: Zacian|63/100|[from] Stealth Rock
|-ability|p2a: Zacian|Intrepid Sword|boost
|-boost|p2a: Zacian|atk|1
|turn|12
|
|t:|1667103355
|move|p2a: Zacian|Close Combat|p1a: 悬空羊驼
|-resisted|p1a: 悬空羊驼
|-damage|p1a: 悬空羊驼|0 fnt
|-unboost|p2a: Zacian|def|1
|-unboost|p2a: Zacian|spd|1
|faint|p1a: 悬空羊驼
|
|upkeep
|
|t:|1667103357
|switch|p1a: 钢铁之躯|Necrozma-Dusk-Mane|100/100
|-damage|p1a: 钢铁之躯|94/100|[from] Stealth Rock
|turn|13
|
|t:|1667103364
|move|p2a: Zacian|Behemoth Blade|p1a: 钢铁之躯
|-resisted|p1a: 钢铁之躯
|-damage|p1a: 钢铁之躯|63/100
|move|p1a: 钢铁之躯|Dragon Dance|p1a: 钢铁之躯
|-boost|p1a: 钢铁之躯|atk|1
|-boost|p1a: 钢铁之躯|spe|1
|
|upkeep
|turn|14
|
|t:|1667103373
|detailschange|p1a: 钢铁之躯|Necrozma-Ultra
|-burst|p1a: 钢铁之躯|Necrozma|Ultranecrozium Z
|move|p1a: 钢铁之躯|Earthquake|p2a: Zacian
|-supereffective|p2a: Zacian
|-damage|p2a: Zacian|0 fnt
|faint|p2a: Zacian
|
|upkeep
|
|t:|1667103380
|switch|p2a: 相信三旋击!|Weavile, F, shiny|100/100
|-damage|p2a: 相信三旋击!|76/100|[from] Stealth Rock
|-ability|p2a: 相信三旋击!|Pressure
|turn|15
|
|t:|1667103385
|move|p2a: 相信三旋击!|Triple Axel|p1a: 钢铁之躯
|-supereffective|p1a: 钢铁之躯
|-damage|p1a: 钢铁之躯|44/100
|-supereffective|p1a: 钢铁之躯
|-damage|p1a: 钢铁之躯|3/100
|-supereffective|p1a: 钢铁之躯
|-damage|p1a: 钢铁之躯|0 fnt
|faint|p1a: 钢铁之躯
|-hitcount|p1: 钢铁之躯|3
|
|upkeep
|
|t:|1667103388
|switch|p1a: 嘉然小姐的狗|Zacian-Crowned|100/100
|-damage|p1a: 嘉然小姐的狗|94/100|[from] Stealth Rock
|-ability|p1a: 嘉然小姐的狗|Intrepid Sword|boost
|-boost|p1a: 嘉然小姐的狗|atk|1
|turn|16
|
|t:|1667103400
|move|p2a: 相信三旋击!|Triple Axel|p1a: 嘉然小姐的狗
|-resisted|p1a: 嘉然小姐的狗
|-damage|p1a: 嘉然小姐的狗|90/100
|-resisted|p1a: 嘉然小姐的狗
|-damage|p1a: 嘉然小姐的狗|82/100
|-resisted|p1a: 嘉然小姐的狗
|-damage|p1a: 嘉然小姐的狗|71/100
|-hitcount|p1a: 嘉然小姐的狗|3
|move|p1a: 嘉然小姐的狗|Behemoth Blade|p2a: 相信三旋击!
|-supereffective|p2a: 相信三旋击!
|-damage|p2a: 相信三旋击!|0 fnt
|faint|p2a: 相信三旋击!
|
|upkeep
|c|☆CLEAR GEM清瑜|🙏🏻相信苍响
|
|t:|1667103409
|switch|p2a: Zygarde|Zygarde, shiny|71/100
|-damage|p2a: Zygarde|65/100|[from] Stealth Rock
|turn|17
|
|t:|1667103412
|-start|p2a: Zygarde|Dynamax|
|-heal|p2a: Zygarde|65/100|[silent]
|move|p1a: 嘉然小姐的狗|Behemoth Blade|p2a: Zygarde
|-damage|p2a: Zygarde|10/100
|move|p2a: Zygarde|Max Quake|p1a: 嘉然小姐的狗
|-supereffective|p1a: 嘉然小姐的狗
|-damage|p1a: 嘉然小姐的狗|3/100
|-boost|p2a: Zygarde|spd|1
|
|-activate|p2a: Zygarde|ability: Power Construct
|detailschange|p2a: Zygarde|Zygarde-Complete, shiny
|-heal|p2a: Zygarde|42/100|[silent]
|upkeep
|turn|18
|
|t:|1667103423
|move|p1a: 嘉然小姐的狗|Behemoth Blade|p2a: Zygarde
|-damage|p2a: Zygarde|3/100
|move|p2a: Zygarde|Max Quake|p1a: 嘉然小姐的狗
|-supereffective|p1a: 嘉然小姐的狗
|-damage|p1a: 嘉然小姐的狗|0 fnt
|-boost|p2a: Zygarde|spd|1
|faint|p1a: 嘉然小姐的狗
|
|upkeep
|
|t:|1667103426
|switch|p1a: Y鸟|Yveltal|100/100
|-damage|p1a: Y鸟|76/100|[from] Stealth Rock
|-ability|p1a: Y鸟|Dark Aura
|turn|19
|
|t:|1667103429
|-start|p1a: Y鸟|Dynamax|
|-heal|p1a: Y鸟|76/100|[silent]
|move|p2a: Zygarde|Max Guard|p2a: Zygarde
|-singleturn|p2a: Zygarde|Max Guard
|move|p1a: Y鸟|Max Darkness|p2a: Zygarde
|-activate|p2a: Zygarde|move: Max Guard
|
|upkeep
|-end|p2a: Zygarde|Dynamax
|-heal|p2a: Zygarde|3/100|[silent]
|turn|20
|
|t:|1667103435
|move|p1a: Y鸟|Max Darkness|p2a: Zygarde
|-damage|p2a: Zygarde|0 fnt
|faint|p2a: Zygarde
|-damage|p1a: Y鸟|71/100|[from] item: Life Orb
|
|win|CLEAR GEM清瑜
|raw|CLEAR GEM清瑜's rating: 1847 &rarr; <strong>1864</strong><br />(+17 for winning)
|raw|Diancie_hhh's rating: 1793 &rarr; <strong>1776</strong><br />(-17 for losing)
