|j|☆97thPhantom
|j|☆richsignature
|t:|1654036768
|gametype|singles
|player|p1|97thPhantom|saturn|1677
|player|p2|richsignature|burglar-gen2|1698
|teamsize|p1|6
|teamsize|p2|6
|gen|8
|tier|[Gen 8] National Dex AG
|rated|
|rule|HP Percentage Mod: HP is shown in percentages
|rule|Endless Battle Clause: Forcing endless battles is banned
|clearpoke
|poke|p1|Zygarde|
|poke|p1|Calyrex-Shadow|
|poke|p1|Marshadow|
|poke|p1|Arceus-*|
|poke|p1|Ditto|
|poke|p1|Forretress, M|
|poke|p2|Deoxys-Speed|
|poke|p2|Rayquaza|
|poke|p2|Yveltal|
|poke|p2|Ditto|
|poke|p2|Zacian-*|
|poke|p2|Calyrex-Shadow|
|teampreview
|inactive|Battle timer is ON: inactive players will automatically lose when time's up. (requested by richsignature)
|inactive|97thPhantom also wants the timer to be on.
|
|t:|1654036792
|start
|switch|p1a: Immortal Snake|Zygarde, shiny|100/100
|switch|p2a: Deoxys|Deoxys-Speed|100/100
|-ability|p2a: Deoxys|Pressure
|turn|1
|
|t:|1654036799
|-start|p1a: Immortal Snake|Dynamax|
|-heal|p1a: Immortal Snake|100/100|[silent]
|move|p2a: Deoxys|Taunt|p1a: Immortal Snake
|-start|p1a: Immortal Snake|move: Taunt
|move|p1a: Immortal Snake|Max Quake|p2a: Deoxys
|-damage|p2a: Deoxys|46/100
|-boost|p1a: Immortal Snake|spd|1
|
|upkeep
|turn|2
|
|t:|1654036808
|move|p2a: Deoxys|Stealth Rock|p1a: Immortal Snake
|-sidestart|p1: 97thPhantom|move: Stealth Rock
|move|p1a: Immortal Snake|Max Quake|p2a: Deoxys
|-damage|p2a: Deoxys|0 fnt
|-boost|p1a: Immortal Snake|spd|1
|faint|p2a: Deoxys
|
|upkeep
|
|t:|1654036816
|switch|p2a: Rayquaza|Rayquaza|100/100
|-ability|p2a: Rayquaza|Air Lock
|turn|3
|
|t:|1654036821
|detailschange|p2a: Rayquaza|Rayquaza-Mega
|-mega|p2a: Rayquaza|Rayquaza|
|-weather|DeltaStream|[from] ability: Delta Stream|[of] p2a: Rayquaza
|move|p2a: Rayquaza|Dragon Dance|p2a: Rayquaza
|-boost|p2a: Rayquaza|atk|1
|-boost|p2a: Rayquaza|spe|1
|move|p1a: Immortal Snake|Max Quake|p2a: Rayquaza
|-immune|p2a: Rayquaza
|
|-weather|DeltaStream|[upkeep]
|-end|p1a: Immortal Snake|move: Taunt
|upkeep
|-end|p1a: Immortal Snake|Dynamax
|-heal|p1a: Immortal Snake|100/100|[silent]
|turn|4
|
|t:|1654036833
|move|p2a: Rayquaza|Dragon Ascent|p1a: Immortal Snake
|-damage|p1a: Immortal Snake|0 fnt
|-unboost|p2a: Rayquaza|def|1
|-unboost|p2a: Rayquaza|spd|1
|faint|p1a: Immortal Snake
|-damage|p2a: Rayquaza|91/100|[from] item: Life Orb
|
|-weather|DeltaStream|[upkeep]
|upkeep
|inactive|97thPhantom has 120 seconds left.
|c|☆richsignature|hey so
|
|t:|1654036860
|switch|p1a: Happy Blob|Ditto|100/100
|-damage|p1a: Happy Blob|88/100|[from] Stealth Rock
|-transform|p1a: Happy Blob|p2a: Rayquaza|[from] ability: Imposter
|turn|5
|c|☆richsignature|did u click that
|c|☆richsignature|bc u assumed it was still thousand waves
|inactive|97thPhantom has 120 seconds left.
|c|☆richsignature|or w/e
|c|☆richsignature|it is called
|c|☆97thPhantom|nah i was taunted into it
|c|☆richsignature|o
|inactive|97thPhantom has 90 seconds left.
|
|t:|1654036901
|move|p1a: Happy Blob|Extreme Speed|p2a: Rayquaza
|-damage|p2a: Rayquaza|2/100
|move|p2a: Rayquaza|Extreme Speed|p1a: Happy Blob
|-damage|p1a: Happy Blob|0 fnt
|faint|p1a: Happy Blob
|-damage|p2a: Rayquaza|0 fnt|[from] item: Life Orb
|faint|p2a: Rayquaza
|-weather|none
|
|upkeep
|inactive|97thPhantom has 90 seconds left.
|
|t:|1654036922
|switch|p2a: Yveltal|Yveltal|100/100
|switch|p1a: Bastille|Forretress, M|100/100
|-ability|p2a: Yveltal|Dark Aura
|-damage|p1a: Bastille|88/100|[from] Stealth Rock
|turn|6
|
|t:|1654036930
|move|p2a: Yveltal|Taunt|p1a: Bastille
|-start|p1a: Bastille|move: Taunt
|move|p1a: Bastille|Rapid Spin|p2a: Yveltal
|-damage|p2a: Yveltal|91/100
|-boost|p1a: Bastille|spe|1
|-sideend|p1: 97thPhantom|Stealth Rock|[from] move: Rapid Spin|[of] p1a: Bastille
|
|upkeep
|turn|7
|inactive|97thPhantom has 90 seconds left.
|
|t:|1654036939
|-start|p2a: Yveltal|Dynamax|
|-heal|p2a: Yveltal|91/100|[silent]
|move|p2a: Yveltal|Max Flare|p1a: Bastille
|-supereffective|p1a: Bastille
|-damage|p1a: Bastille|0 fnt
|-weather|SunnyDay
|faint|p1a: Bastille
|-damage|p2a: Yveltal|86/100|[from] item: Life Orb
|
|-weather|SunnyDay|[upkeep]
|upkeep
|inactive|97thPhantom has 90 seconds left.
|
|t:|1654036952
|switch|p1a: I'm sorry|Arceus, shiny|100/100
|turn|8
|
|t:|1654036956
|move|p2a: Yveltal|Max Airstream|p1a: I'm sorry
|-damage|p1a: I'm sorry|32/100
|-boost|p2a: Yveltal|spe|1
|-damage|p2a: Yveltal|81/100|[from] item: Life Orb
|move|p1a: I'm sorry|Frustration|p2a: Yveltal
|-damage|p2a: Yveltal|55/100
|
|-weather|SunnyDay|[upkeep]
|-heal|p1a: I'm sorry|38/100|[from] item: Leftovers
|upkeep
|turn|9
|
|t:|1654036969
|move|p1a: I'm sorry|Extreme Speed|p2a: Yveltal
|-damage|p2a: Yveltal|34/100
|move|p2a: Yveltal|Max Darkness|p1a: I'm sorry
|-damage|p1a: I'm sorry|0 fnt
|faint|p1a: I'm sorry
|-damage|p2a: Yveltal|29/100|[from] item: Life Orb
|
|-weather|SunnyDay|[upkeep]
|upkeep
|inactive|97thPhantom has 90 seconds left.
|
|t:|1654036980
|switch|p1a: Mega Gengar|Marshadow|100/100
|-end|p2a: Yveltal|Dynamax
|-heal|p2a: Yveltal|29/100|[silent]
|turn|10
|
|t:|1654036985
|move|p2a: Yveltal|Oblivion Wing|p1a: Mega Gengar
|-supereffective|p1a: Mega Gengar
|-enditem|p1a: Mega Gengar|Focus Sash
|-damage|p1a: Mega Gengar|1/100
|-heal|p2a: Yveltal|90/100|[from] drain|[of] p1a: Mega Gengar
|-damage|p2a: Yveltal|80/100|[from] item: Life Orb
|move|p1a: Mega Gengar|Spectral Thief||[still]
|-clearpositiveboost|p2a: Yveltal|p1a: Mega Gengar|move: Spectral Thief
|-boost|p1a: Mega Gengar|spe|1
|-anim|p1a: Mega Gengar|Spectral Thief|p2a: Yveltal
|-resisted|p2a: Yveltal
|-crit|p2a: Yveltal
|-damage|p2a: Yveltal|51/100
|
|-weather|SunnyDay|[upkeep]
|upkeep
|turn|11
|inactive|97thPhantom has 90 seconds left.
|
|t:|1654037001
|move|p1a: Mega Gengar|Close Combat|p2a: Yveltal
|-damage|p2a: Yveltal|0 fnt
|-unboost|p1a: Mega Gengar|def|1
|-unboost|p1a: Mega Gengar|spd|1
|faint|p2a: Yveltal
|
|-weather|none
|upkeep
|
|t:|1654037004
|switch|p2a: Ditto|Ditto|100/100
|-transform|p2a: Ditto|p1a: Mega Gengar|[from] ability: Imposter
|turn|12
|
|t:|1654037013
|move|p2a: Ditto|Shadow Sneak|p1a: Mega Gengar
|-supereffective|p1a: Mega Gengar
|-damage|p1a: Mega Gengar|0 fnt
|faint|p1a: Mega Gengar
|
|upkeep
|
|t:|1654037018
|switch|p1a: 2 for 1 Deal|Calyrex-Shadow|100/100
|-ability|p1a: 2 for 1 Deal|As One
|-ability|p1a: 2 for 1 Deal|Unnerve
|turn|13
|
|t:|1654037023
|move|p2a: Ditto|Shadow Sneak|p1a: 2 for 1 Deal
|-supereffective|p1a: 2 for 1 Deal
|-enditem|p1a: 2 for 1 Deal|Focus Sash
|-damage|p1a: 2 for 1 Deal|1/100
|move|p1a: 2 for 1 Deal|Astral Barrage|p2a: Ditto
|-supereffective|p2a: Ditto
|-damage|p2a: Ditto|0 fnt
|faint|p2a: Ditto
|-ability|p1a: 2 for 1 Deal|Grim Neigh|boost
|-boost|p1a: 2 for 1 Deal|spa|1
|
|upkeep
|
|t:|1654037026
|switch|p2a: Calyrex|Calyrex-Shadow|100/100
|-ability|p2a: Calyrex|As One
|-ability|p2a: Calyrex|Unnerve
|turn|14
|inactive|97thPhantom has 120 seconds left.
|
|t:|1654037038
|move|p2a: Calyrex|Astral Barrage|p1a: 2 for 1 Deal
|-supereffective|p1a: 2 for 1 Deal
|-damage|p1a: 2 for 1 Deal|0 fnt
|faint|p1a: 2 for 1 Deal
|-damage|p2a: Calyrex|91/100|[from] item: Life Orb
|
|win|richsignature
|raw|97thPhantom's rating: 1677 &rarr; <strong>1659</strong><br />(-18 for losing)
|raw|richsignature's rating: 1711 &rarr; <strong>1729</strong><br />(+18 for winning)
|c|☆97thPhantom|gg
|c|☆richsignature|THE BETTER PLAYER
|c|☆richsignature|WINS AGAIN
|c|☆richsignature|GG
|c|☆97thPhantom|youre 23 against me now
|c|☆richsignature|no no
|c|☆97thPhantom|2 1 i mean
|c|☆richsignature|the website is called
|c|☆richsignature|23 AND me
|c|☆richsignature|not 23 against me
||Ladder isn't responding, score probably updated but might not have (Request timeout).
