|j|☆ImAbroom
|j|☆Leafstorm121❤
|t:|1597022015
|player|p1|ImAbroom|red|1857
|player|p2|Leafstorm121❤|sina|1762
|teamsize|p1|6
|teamsize|p2|6
|gametype|singles
|gen|8
|tier|[Gen 8] National Dex AG
|rated|
|clearpoke
|poke|p1|Rayquaza|
|poke|p1|Xerneas|
|poke|p1|Zacian-Crowned|
|poke|p1|Zygarde|
|poke|p1|Groudon|
|poke|p1|Ho-Oh|
|poke|p2|Giratina|
|poke|p2|Quagsire, M|
|poke|p2|Chansey, F|
|poke|p2|Arceus-*|
|poke|p2|Lugia|
|poke|p2|Sableye, F|
|rule|HP Percentage Mod: HP is shown in percentages
|rule|Endless Battle Clause: Forcing endless battles is banned
|teampreview
|c|☆Leafstorm121❤|great
|c|☆Leafstorm121❤|I think you win this time
|inactive|Battle timer is ON: inactive players will automatically lose when time's up. (requested by ImAbroom)
|
|t:|1597022061
|start
|switch|p1a: Upper Moon 5|Groudon|100/100
|switch|p2a: Sableye|Sableye, F|100/100
|detailschange|p1a: Upper Moon 5|Groudon-Primal
|-primal|p1a: Upper Moon 5
|-weather|DesolateLand|[from] ability: Desolate Land|[of] p1a: Upper Moon 5
|turn|1
|
|t:|1597022073
|detailschange|p2a: Sableye|Sableye-Mega, F
|-mega|p2a: Sableye|Sableye|Sablenite
|move|p2a: Sableye|Fake Out|p1a: Upper Moon 5
|-damage|p1a: Upper Moon 5|94/100
|cant|p1a: Upper Moon 5|flinch
|
|-weather|DesolateLand|[upkeep]
|upkeep
|turn|2
|
|t:|1597022076
|switch|p2a: Giratina|Giratina|100/100
|-ability|p2a: Giratina|Pressure
|move|p1a: Upper Moon 5|Precipice Blades|p2a: Giratina|[miss]
|-miss|p1a: Upper Moon 5|p2a: Giratina
|
|-weather|DesolateLand|[upkeep]
|upkeep
|turn|3
|
|t:|1597022080
|move|p1a: Upper Moon 5|Precipice Blades|p2a: Giratina
|-damage|p2a: Giratina|67/100
|move|p2a: Giratina|Toxic|p1a: Upper Moon 5
|-status|p1a: Upper Moon 5|tox
|
|-weather|DesolateLand|[upkeep]
|-heal|p2a: Giratina|73/100|[from] item: Leftovers
|-damage|p1a: Upper Moon 5|88/100 tox|[from] psn
|upkeep
|turn|4
|
|t:|1597022087
|move|p1a: Upper Moon 5|Precipice Blades|p2a: Giratina
|-damage|p2a: Giratina|39/100
|move|p2a: Giratina|Defog|p1a: Upper Moon 5
|-unboost|p1a: Upper Moon 5|evasion|1
|
|-weather|DesolateLand|[upkeep]
|-heal|p2a: Giratina|46/100|[from] item: Leftovers
|-damage|p1a: Upper Moon 5|76/100 tox|[from] psn
|upkeep
|turn|5
|
|t:|1597022092
|move|p1a: Upper Moon 5|Precipice Blades|p2a: Giratina
|-damage|p2a: Giratina|12/100
|move|p2a: Giratina|Defog|p1a: Upper Moon 5
|-unboost|p1a: Upper Moon 5|evasion|1
|
|-weather|DesolateLand|[upkeep]
|-heal|p2a: Giratina|18/100|[from] item: Leftovers
|-damage|p1a: Upper Moon 5|57/100 tox|[from] psn
|upkeep
|turn|6
|j| Viral Q
|
|t:|1597022103
|move|p1a: Upper Moon 5|Precipice Blades|p2a: Giratina
|-damage|p2a: Giratina|0 fnt
|faint|p2a: Giratina
|
|-weather|DesolateLand|[upkeep]
|-damage|p1a: Upper Moon 5|33/100 tox|[from] psn
|upkeep
|
|t:|1597022107
|switch|p2a: Sableye|Sableye-Mega, F|100/100
|turn|7
|
|t:|1597022111
|-weather|none
|switch|p1a: Upper Moon 6|Ho-Oh|100/100
|move|p2a: Sableye|Fake Out|p1a: Upper Moon 6
|-damage|p1a: Upper Moon 6|95/100
|
|upkeep
|turn|8
|
|t:|1597022120
|switch|p2a: Arceus|Arceus-Fairy|100/100
|move|p1a: Upper Moon 6|Sacred Fire|p2a: Arceus
|-damage|p2a: Arceus|73/100
|-status|p2a: Arceus|brn
|
|-damage|p2a: Arceus|67/100 brn|[from] brn
|upkeep
|turn|9
|
|t:|1597022127
|switch|p1a: Upper Moon 5|Groudon-Primal|33/100 tox
|-weather|DesolateLand|[from] ability: Desolate Land|[of] p1a: Upper Moon 5
|move|p2a: Arceus|Stealth Rock|p1a: Upper Moon 5
|-sidestart|p1: ImAbroom|move: Stealth Rock
|
|-weather|DesolateLand|[upkeep]
|-damage|p1a: Upper Moon 5|27/100 tox|[from] psn
|-damage|p2a: Arceus|61/100 brn|[from] brn
|upkeep
|turn|10
|
|t:|1597022134
|switch|p2a: Sableye|Sableye-Mega, F|100/100
|move|p1a: Upper Moon 5|Fire Punch|p2a: Sableye
|-damage|p2a: Sableye|51/100
|
|-weather|DesolateLand|[upkeep]
|-damage|p1a: Upper Moon 5|14/100 tox|[from] psn
|upkeep
|turn|11
|
|t:|1597022140
|-weather|none
|switch|p1a: Upper Moon 6|Ho-Oh|100/100
|move|p2a: Sableye|Recover|p2a: Sableye
|-heal|p2a: Sableye|100/100
|
|upkeep
|turn|12
|
|t:|1597022145
|switch|p2a: Arceus|Arceus-Fairy|61/100 brn
|move|p1a: Upper Moon 6|Defog|p2a: Arceus
|-unboost|p2a: Arceus|evasion|1
|-sideend|p1: ImAbroom|Stealth Rock|[from] move: Defog|[of] p1a: Upper Moon 6
|
|-damage|p2a: Arceus|54/100 brn|[from] brn
|upkeep
|turn|13
|
|t:|1597022149
|switch|p1a: Upper Moon 5|Groudon-Primal|14/100 tox
|-weather|DesolateLand|[from] ability: Desolate Land|[of] p1a: Upper Moon 5
|move|p2a: Arceus|Stealth Rock|p1a: Upper Moon 5
|-sidestart|p1: ImAbroom|move: Stealth Rock
|
|-weather|DesolateLand|[upkeep]
|-damage|p1a: Upper Moon 5|8/100 tox|[from] psn
|-damage|p2a: Arceus|48/100 brn|[from] brn
|upkeep
|turn|14
|j| Kaitlen
|
|t:|1597022155
|switch|p2a: Sableye|Sableye-Mega, F|100/100
|move|p1a: Upper Moon 5|Fire Punch|p2a: Sableye
|-damage|p2a: Sableye|52/100
|
|-weather|DesolateLand|[upkeep]
|-damage|p1a: Upper Moon 5|0 fnt|[from] psn
|faint|p1a: Upper Moon 5
|-weather|none
|upkeep
|
|t:|1597022159
|switch|p1a: Upper Moon 3|Zacian-Crowned|100/100
|-damage|p1a: Upper Moon 3|94/100|[from] Stealth Rock
|-ability|p1a: Upper Moon 3|Intrepid Sword|boost
|-boost|p1a: Upper Moon 3|atk|1
|turn|15
|c|☆ImAbroom|Unfortunately
|c|☆ImAbroom|This is my normal zacian
|
|t:|1597022187
|switch|p2a: Quagsire|Quagsire, M|100/100
|move|p1a: Upper Moon 3|Play Rough|p2a: Quagsire
|-damage|p2a: Quagsire|60/100
|
|upkeep
|turn|16
|
|t:|1597022193
|switch|p1a: Upper Moon 6|Ho-Oh|100/100
|move|p2a: Quagsire|Recover|p2a: Quagsire
|-heal|p2a: Quagsire|100/100
|
|upkeep
|turn|17
|
|t:|1597022197
|move|p1a: Upper Moon 6|Defog|p2a: Quagsire
|-unboost|p2a: Quagsire|evasion|1
|-sideend|p1: ImAbroom|Stealth Rock|[from] move: Defog|[of] p1a: Upper Moon 6
|move|p2a: Quagsire|Toxic|p1a: Upper Moon 6
|-status|p1a: Upper Moon 6|tox
|
|-damage|p1a: Upper Moon 6|94/100 tox|[from] psn
|upkeep
|turn|18
|
|t:|1597022207
|switch|p1a: Upper Moon 3|Zacian-Crowned|94/100
|-ability|p1a: Upper Moon 3|Intrepid Sword|boost
|-boost|p1a: Upper Moon 3|atk|1
|switch|p2a: Arceus|Arceus-Fairy|48/100 brn
|
|-damage|p2a: Arceus|42/100 brn|[from] brn
|upkeep
|turn|19
|
|t:|1597022211
|switch|p2a: Quagsire|Quagsire, M|100/100
|move|p1a: Upper Moon 3|Behemoth Blade|p2a: Quagsire
|-resisted|p2a: Quagsire
|-damage|p2a: Quagsire|78/100
|
|upkeep
|turn|20
|
|t:|1597022216
|switch|p1a: Upper Moon 2|Xerneas|100/100
|-ability|p1a: Upper Moon 2|Fairy Aura
|move|p2a: Quagsire|Recover|p2a: Quagsire
|-heal|p2a: Quagsire|100/100
|
|upkeep
|turn|21
|
|t:|1597022229
|switch|p2a: Chansey|Chansey, F|100/100
|move|p1a: Upper Moon 2|Moonblast|p2a: Chansey
|-damage|p2a: Chansey|82/100
|
|upkeep
|turn|22
|j| jerryl309
|
|t:|1597022240
|switch|p1a: Upper Moon 6|Ho-Oh|100/100 tox
|move|p2a: Chansey|Soft-Boiled|p2a: Chansey
|-heal|p2a: Chansey|100/100
|
|-damage|p1a: Upper Moon 6|94/100 tox|[from] psn
|upkeep
|turn|23
|c| jerryl309|woah
|
|t:|1597022255
|switch|p2a: Arceus|Arceus-Fairy|42/100 brn
|move|p1a: Upper Moon 6|Sacred Fire|p2a: Arceus
|-damage|p2a: Arceus|13/100 brn
|
|-damage|p2a: Arceus|7/100 brn|[from] brn
|-damage|p1a: Upper Moon 6|82/100 tox|[from] psn
|upkeep
|turn|24
|
|t:|1597022258
|move|p2a: Arceus|Recover|p2a: Arceus
|-heal|p2a: Arceus|57/100 brn
|move|p1a: Upper Moon 6|Sacred Fire|p2a: Arceus
|-damage|p2a: Arceus|27/100 brn
|
|-damage|p2a: Arceus|21/100 brn|[from] brn
|-damage|p1a: Upper Moon 6|64/100 tox|[from] psn
|upkeep
|turn|25
|
|t:|1597022265
|switch|p1a: Upper Moon 3|Zacian-Crowned|94/100
|-ability|p1a: Upper Moon 3|Intrepid Sword|boost
|-boost|p1a: Upper Moon 3|atk|1
|move|p2a: Arceus|Recover|p2a: Arceus
|-heal|p2a: Arceus|71/100 brn
|
|-damage|p2a: Arceus|65/100 brn|[from] brn
|upkeep
|turn|26
|
|t:|1597022269
|switch|p1a: Upper Moon 1|Rayquaza|100/100
|-ability|p1a: Upper Moon 1|Air Lock
|switch|p2a: Quagsire|Quagsire, M|100/100
|
|upkeep
|turn|27
|
|t:|1597022274
|switch|p2a: Lugia|Lugia|100/100
|detailschange|p1a: Upper Moon 1|Rayquaza-Mega
|-mega|p1a: Upper Moon 1|Rayquaza|
|-weather|DeltaStream|[from] ability: Delta Stream|[of] p1a: Upper Moon 1
|move|p1a: Upper Moon 1|Dragon Ascent|p2a: Lugia
|-damage|p2a: Lugia|81/100
|-unboost|p1a: Upper Moon 1|def|1
|-unboost|p1a: Upper Moon 1|spd|1
|
|-weather|DeltaStream|[upkeep]
|-heal|p2a: Lugia|88/100|[from] item: Leftovers
|upkeep
|turn|28
|
|t:|1597022283
|-weather|none
|switch|p1a: Upper Moon 6|Ho-Oh|98/100 tox
|move|p2a: Lugia|Recover|p2a: Lugia
|-heal|p2a: Lugia|100/100
|
|-damage|p1a: Upper Moon 6|92/100 tox|[from] psn
|upkeep
|turn|29
|
|t:|1597022289
|switch|p2a: Arceus|Arceus-Fairy|65/100 brn
|move|p1a: Upper Moon 6|Toxic||[still]
|-fail|p1a: Upper Moon 6
|
|-damage|p2a: Arceus|58/100 brn|[from] brn
|-damage|p1a: Upper Moon 6|80/100 tox|[from] psn
|upkeep
|turn|30
|c| jerryl309|when it does 19%
|
|t:|1597022307
|switch|p1a: Upper Moon 3|Zacian-Crowned|94/100
|-ability|p1a: Upper Moon 3|Intrepid Sword|boost
|-boost|p1a: Upper Moon 3|atk|1
|move|p2a: Arceus|Recover|p2a: Arceus
|-heal|p2a: Arceus|100/100 brn
|
|-damage|p2a: Arceus|94/100 brn|[from] brn
|upkeep
|turn|31
|
|t:|1597022314
|switch|p2a: Quagsire|Quagsire, M|100/100
|move|p1a: Upper Moon 3|Behemoth Blade|p2a: Quagsire
|-resisted|p2a: Quagsire
|-damage|p2a: Quagsire|79/100
|
|upkeep
|turn|32
|
|t:|1597022343
|move|p1a: Upper Moon 3|Play Rough|p2a: Quagsire
|-damage|p2a: Quagsire|35/100
|move|p2a: Quagsire|Recover|p2a: Quagsire
|-heal|p2a: Quagsire|85/100
|
|upkeep
|turn|33
|j| Birds30
|c| Birds30|Hi leaf
|c|☆Leafstorm121❤|hey
|inactive|ImAbroom has 120 seconds left.
|
|t:|1597022359
|switch|p1a: Upper Moon 6|Ho-Oh|100/100 tox
|move|p2a: Quagsire|Recover|p2a: Quagsire
|-heal|p2a: Quagsire|100/100
|
|-damage|p1a: Upper Moon 6|94/100 tox|[from] psn
|upkeep
|turn|34
|
|t:|1597022376
|switch|p1a: Upper Moon 3|Zacian-Crowned|94/100
|-ability|p1a: Upper Moon 3|Intrepid Sword|boost
|-boost|p1a: Upper Moon 3|atk|1
|switch|p2a: Arceus|Arceus-Fairy|94/100 brn
|
|-damage|p2a: Arceus|88/100 brn|[from] brn
|upkeep
|turn|35
|inactive|ImAbroom has 120 seconds left.
|
|t:|1597022392
|switch|p2a: Quagsire|Quagsire, M|100/100
|move|p1a: Upper Moon 3|Behemoth Blade|p2a: Quagsire
|-resisted|p2a: Quagsire
|-damage|p2a: Quagsire|76/100
|
|upkeep
|turn|36
|
|t:|1597022398
|switch|p1a: Upper Moon 2|Xerneas|100/100
|-ability|p1a: Upper Moon 2|Fairy Aura
|move|p2a: Quagsire|Recover|p2a: Quagsire
|-heal|p2a: Quagsire|100/100
|
|upkeep
|turn|37
|
|t:|1597022408
|switch|p2a: Chansey|Chansey, F|100/100
|move|p1a: Upper Moon 2|Thunder|p2a: Chansey|[miss]
|-miss|p1a: Upper Moon 2|p2a: Chansey
|
|upkeep
|turn|38
|
|t:|1597022412
|switch|p1a: Upper Moon 6|Ho-Oh|100/100 tox
|move|p2a: Chansey|Seismic Toss|p1a: Upper Moon 6
|-damage|p1a: Upper Moon 6|76/100 tox
|
|-damage|p1a: Upper Moon 6|70/100 tox|[from] psn
|upkeep
|turn|39
|c| jerryl309|when its all mind games
|
|t:|1597022421
|switch|p1a: Upper Moon 3|Zacian-Crowned|94/100
|-ability|p1a: Upper Moon 3|Intrepid Sword|boost
|-boost|p1a: Upper Moon 3|atk|1
|switch|p2a: Arceus|Arceus-Fairy|88/100 brn
|
|-damage|p2a: Arceus|82/100 brn|[from] brn
|upkeep
|turn|40
|inactive|ImAbroom has 120 seconds left.
|
|t:|1597022451
|switch|p1a: Upper Moon 1|Rayquaza-Mega|100/100
|-weather|DeltaStream|[from] ability: Delta Stream|[of] p1a: Upper Moon 1
|switch|p2a: Quagsire|Quagsire, M|100/100
|
|-weather|DeltaStream|[upkeep]
|upkeep
|turn|41
|
|t:|1597022455
|switch|p2a: Lugia|Lugia|100/100
|move|p1a: Upper Moon 1|Extreme Speed|p2a: Lugia
|-damage|p2a: Lugia|91/100
|
|-weather|DeltaStream|[upkeep]
|-heal|p2a: Lugia|97/100|[from] item: Leftovers
|upkeep
|turn|42
|
|t:|1597022473
|-weather|none
|switch|p1a: Upper Moon 6|Ho-Oh|100/100 tox
|move|p2a: Lugia|Recover|p2a: Lugia
|-heal|p2a: Lugia|100/100
|
|-damage|p1a: Upper Moon 6|94/100 tox|[from] psn
|upkeep
|turn|43
|
|t:|1597022481
|switch|p2a: Arceus|Arceus-Fairy|82/100 brn
|move|p1a: Upper Moon 6|Whirlwind|p2a: Arceus
|drag|p2a: Lugia|Lugia|100/100
|
|-damage|p1a: Upper Moon 6|82/100 tox|[from] psn
|upkeep
|turn|44
|
|t:|1597022489
|switch|p2a: Arceus|Arceus-Fairy|82/100 brn
|move|p1a: Upper Moon 6|Toxic||[still]
|-fail|p1a: Upper Moon 6
|
|-damage|p2a: Arceus|75/100 brn|[from] brn
|-damage|p1a: Upper Moon 6|64/100 tox|[from] psn
|upkeep
|turn|45
|
|t:|1597022497
|switch|p1a: Upper Moon 2|Xerneas|100/100
|-ability|p1a: Upper Moon 2|Fairy Aura
|move|p2a: Arceus|Stealth Rock|p1a: Upper Moon 2
|-sidestart|p1: ImAbroom|move: Stealth Rock
|
|-damage|p2a: Arceus|69/100 brn|[from] brn
|upkeep
|turn|46
|
|t:|1597022504
|switch|p2a: Chansey|Chansey, F|100/100
|move|p1a: Upper Moon 2|Moonblast|p2a: Chansey
|-damage|p2a: Chansey|81/100
|
|upkeep
|turn|47
|
|t:|1597022515
|switch|p1a: Upper Moon 6|Ho-Oh|98/100 tox
|move|p2a: Chansey|Confide|p1a: Upper Moon 6
|-unboost|p1a: Upper Moon 6|spa|1
|
|-damage|p1a: Upper Moon 6|92/100 tox|[from] psn
|upkeep
|turn|48
|
|t:|1597022524
|switch|p2a: Sableye|Sableye-Mega, F|52/100
|move|p1a: Upper Moon 6|Defog|p2a: Sableye
|move|p2a: Sableye|Defog|p1a: Upper Moon 6|[from]Magic Bounce
|-unboost|p1a: Upper Moon 6|evasion|1
|-sideend|p1: ImAbroom|Stealth Rock|[from] move: Defog|[of] p2a: Sableye
|
|-damage|p1a: Upper Moon 6|80/100 tox|[from] psn
|upkeep
|turn|49
|
|t:|1597022530
|switch|p1a: Upper Moon 3|Zacian-Crowned|94/100
|-ability|p1a: Upper Moon 3|Intrepid Sword|boost
|-boost|p1a: Upper Moon 3|atk|1
|move|p2a: Sableye|Recover|p2a: Sableye
|-heal|p2a: Sableye|100/100
|
|upkeep
|turn|50
|
|t:|1597022540
|switch|p1a: Upper Moon 2|Xerneas|100/100
|-ability|p1a: Upper Moon 2|Fairy Aura
|switch|p2a: Quagsire|Quagsire, M|100/100
|
|upkeep
|turn|51
|
|t:|1597022548
|switch|p2a: Chansey|Chansey, F|81/100
|move|p1a: Upper Moon 2|Geomancy||[still]
|-prepare|p1a: Upper Moon 2|Geomancy
|-enditem|p1a: Upper Moon 2|Power Herb
|-anim|p1a: Upper Moon 2|Geomancy|p1a: Upper Moon 2
|-boost|p1a: Upper Moon 2|spa|2
|-boost|p1a: Upper Moon 2|spd|2
|-boost|p1a: Upper Moon 2|spe|2
|
|upkeep
|turn|52
|
|t:|1597022553
|-start|p1a: Upper Moon 2|Dynamax
|-heal|p1a: Upper Moon 2|100/100|[silent]
|move|p1a: Upper Moon 2|Max Starfall|p2a: Chansey
|-damage|p2a: Chansey|31/100
|-fieldstart|move: Misty Terrain
|move|p2a: Chansey|Soft-Boiled|p2a: Chansey
|-heal|p2a: Chansey|81/100
|
|upkeep
|turn|53
|
|t:|1597022558
|move|p1a: Upper Moon 2|Max Starfall|p2a: Chansey
|-damage|p2a: Chansey|32/100
|move|p2a: Chansey|Soft-Boiled|p2a: Chansey
|-heal|p2a: Chansey|82/100
|
|upkeep
|turn|54
|
|t:|1597022563
|move|p1a: Upper Moon 2|Max Lightning|p2a: Chansey
|-damage|p2a: Chansey|53/100
|-fieldstart|move: Electric Terrain
|move|p2a: Chansey|Soft-Boiled|p2a: Chansey
|-heal|p2a: Chansey|100/100
|
|-end|p1a: Upper Moon 2|Dynamax
|-heal|p1a: Upper Moon 2|100/100|[silent]
|upkeep
|turn|55
|
|t:|1597022566
|move|p1a: Upper Moon 2|Thunder|p2a: Chansey
|-damage|p2a: Chansey|72/100
|move|p2a: Chansey|Confide|p1a: Upper Moon 2
|-unboost|p1a: Upper Moon 2|spa|1
|
|upkeep
|turn|56
|
|t:|1597022571
|move|p1a: Upper Moon 2|Thunder|p2a: Chansey|[miss]
|-miss|p1a: Upper Moon 2|p2a: Chansey
|move|p2a: Chansey|Soft-Boiled|p2a: Chansey
|-heal|p2a: Chansey|100/100
|
|upkeep
|turn|57
|
|t:|1597022574
|move|p1a: Upper Moon 2|Thunder|p2a: Chansey
|-damage|p2a: Chansey|79/100
|move|p2a: Chansey|Confide|p1a: Upper Moon 2
|-unboost|p1a: Upper Moon 2|spa|1
|
|upkeep
|turn|58
|
|t:|1597022585
|move|p1a: Upper Moon 2|Thunder|p2a: Chansey
|-damage|p2a: Chansey|65/100
|move|p2a: Chansey|Soft-Boiled|p2a: Chansey
|-heal|p2a: Chansey|100/100
|
|-fieldend|move: Electric Terrain
|upkeep
|turn|59
|
|t:|1597022591
|move|p1a: Upper Moon 2|Thunder|p2a: Chansey
|-damage|p2a: Chansey|90/100
|move|p2a: Chansey|Seismic Toss|p1a: Upper Moon 2
|-damage|p1a: Upper Moon 2|76/100
|
|upkeep
|turn|60
|c| jerryl309|um is this max spedef max health chansey?
|
|t:|1597022598
|switch|p1a: Upper Moon 6|Ho-Oh|100/100 tox
|move|p2a: Chansey|Seismic Toss|p1a: Upper Moon 6
|-damage|p1a: Upper Moon 6|76/100 tox
|
|-damage|p1a: Upper Moon 6|70/100 tox|[from] psn
|upkeep
|turn|61
|c| Birds30|As opposed to offensive chansey?
|c| jerryl309|no
|c| jerryl309|opposed to max def and max spedef
|c| Birds30|What else do u run?
|inactive|ImAbroom has 120 seconds left.
|c| Birds30|o
|
|t:|1597022640
|switch|p1a: Upper Moon 4|Zygarde|100/100
|switch|p2a: Arceus|Arceus-Fairy|69/100 brn
|
|-damage|p2a: Arceus|63/100 brn|[from] brn
|upkeep
|turn|62
|c| Birds30|No it’s def and spd
|
|t:|1597022655
|switch|p2a: Quagsire|Quagsire, M|100/100
|move|p1a: Upper Moon 4|Dragon Dance|p1a: Upper Moon 4
|-boost|p1a: Upper Moon 4|atk|1
|-boost|p1a: Upper Moon 4|spe|1
|
|upkeep
|turn|63
|
|t:|1597022658
|move|p1a: Upper Moon 4|Glare|p2a: Quagsire
|-status|p2a: Quagsire|par
|cant|p2a: Quagsire|par
|
|upkeep
|turn|64
|
|t:|1597022664
|move|p1a: Upper Moon 4|Substitute|p1a: Upper Moon 4
|-start|p1a: Upper Moon 4|Substitute
|-damage|p1a: Upper Moon 4|76/100
|move|p2a: Quagsire|Toxic||[still]
|-fail|p2a: Quagsire
|
|-heal|p1a: Upper Moon 4|82/100|[from] item: Leftovers
|upkeep
|turn|65
|
|t:|1597022667
|move|p1a: Upper Moon 4|Thousand Arrows|p2a: Quagsire
|-damage|p2a: Quagsire|77/100 par
|move|p2a: Quagsire|Haze|p2a: Quagsire
|-clearallboost
|
|-heal|p1a: Upper Moon 4|88/100|[from] item: Leftovers
|upkeep
|turn|66
|
|t:|1597022673
|move|p1a: Upper Moon 4|Thousand Arrows|p2a: Quagsire
|-damage|p2a: Quagsire|57/100 par
|cant|p2a: Quagsire|par
|
|-heal|p1a: Upper Moon 4|94/100|[from] item: Leftovers
|upkeep
|turn|67
|
|t:|1597022677
|move|p1a: Upper Moon 4|Thousand Arrows|p2a: Quagsire
|-damage|p2a: Quagsire|33/100 par
|cant|p2a: Quagsire|par
|
|-heal|p1a: Upper Moon 4|100/100|[from] item: Leftovers
|upkeep
|turn|68
|
|t:|1597022681
|move|p1a: Upper Moon 4|Thousand Arrows|p2a: Quagsire
|-damage|p2a: Quagsire|11/100 par
|move|p2a: Quagsire|Recover|p2a: Quagsire
|-heal|p2a: Quagsire|61/100 par
|
|upkeep
|turn|69
|
|t:|1597022695
|move|p1a: Upper Moon 4|Thousand Arrows|p2a: Quagsire
|-damage|p2a: Quagsire|38/100 par
|move|p2a: Quagsire|Recover|p2a: Quagsire
|-heal|p2a: Quagsire|88/100 par
|
|upkeep
|turn|70
|
|t:|1597022706
|switch|p1a: Upper Moon 2|Xerneas|76/100
|-ability|p1a: Upper Moon 2|Fairy Aura
|switch|p2a: Arceus|Arceus-Fairy|63/100 brn
|
|-damage|p2a: Arceus|57/100 brn|[from] brn
|upkeep
|turn|71
|
|t:|1597022711
|move|p2a: Arceus|Recover|p2a: Arceus
|-heal|p2a: Arceus|100/100 brn
|move|p1a: Upper Moon 2|Thunder|p2a: Arceus
|-damage|p2a: Arceus|79/100 brn
|
|-damage|p2a: Arceus|73/100 brn|[from] brn
|upkeep
|turn|72
|
|t:|1597022716
|switch|p2a: Chansey|Chansey, F|90/100
|switch|p1a: Upper Moon 3|Zacian-Crowned|94/100
|-ability|p1a: Upper Moon 3|Intrepid Sword|boost
|-boost|p1a: Upper Moon 3|atk|1
|
|upkeep
|turn|73
|
|t:|1597022720
|switch|p2a: Quagsire|Quagsire, M|88/100 par
|move|p1a: Upper Moon 3|Close Combat|p2a: Quagsire
|-damage|p2a: Quagsire|51/100 par
|-unboost|p1a: Upper Moon 3|def|1
|-unboost|p1a: Upper Moon 3|spd|1
|
|upkeep
|turn|74
|c| jerryl309|wow
|
|t:|1597022724
|move|p1a: Upper Moon 3|Play Rough|p2a: Quagsire
|-damage|p2a: Quagsire|9/100 par
|move|p2a: Quagsire|Recover|p2a: Quagsire
|-heal|p2a: Quagsire|59/100 par
|
|upkeep
|turn|75
|
|t:|1597022728
|move|p1a: Upper Moon 3|Play Rough|p2a: Quagsire
|-damage|p2a: Quagsire|21/100 par
|-unboost|p2a: Quagsire|atk|1
|cant|p2a: Quagsire|par
|
|upkeep
|turn|76
|
|t:|1597022734
|move|p1a: Upper Moon 3|Close Combat|p2a: Quagsire
|-damage|p2a: Quagsire|0 fnt
|-unboost|p1a: Upper Moon 3|def|1
|-unboost|p1a: Upper Moon 3|spd|1
|faint|p2a: Quagsire
|
|upkeep
|c| Birds30|Yep
|
|t:|1597022738
|switch|p2a: Lugia|Lugia|100/100
|turn|77
|c| Birds30|brooms specialty
|c|☆Leafstorm121❤|I'm sure I didn't play that well either
|l| jerryl309
|inactive|ImAbroom has 120 seconds left.
|inactive|ImAbroom has 90 seconds left.
|c|☆ImAbroom|It wasn't *that* much hax
|
|t:|1597022804
|switch|p1a: Upper Moon 6|Ho-Oh|100/100 tox
|move|p2a: Lugia|Thunder Wave||[still]
|-fail|p2a: Lugia
|
|-damage|p1a: Upper Moon 6|94/100 tox|[from] psn
|upkeep
|turn|78
|
|t:|1597022826
|switch|p2a: Chansey|Chansey, F|90/100
|move|p1a: Upper Moon 6|Toxic|p2a: Chansey
|-status|p2a: Chansey|tox
|
|-damage|p1a: Upper Moon 6|82/100 tox|[from] psn
|-damage|p2a: Chansey|84/100 tox|[from] psn
|upkeep
|turn|79
|
|t:|1597022830
|move|p1a: Upper Moon 6|Sacred Fire|p2a: Chansey
|-damage|p2a: Chansey|51/100 tox
|move|p2a: Chansey|Heal Bell|p2a: Chansey
|-activate|p2a: Chansey|move: Heal Bell
|-curestatus|p2a: Chansey|tox|[msg]
|-curestatus|p2: Arceus|brn|[msg]
|
|-damage|p1a: Upper Moon 6|64/100 tox|[from] psn
|upkeep
|turn|80
|
|t:|1597022836
|switch|p1a: Upper Moon 3|Zacian-Crowned|94/100
|-ability|p1a: Upper Moon 3|Intrepid Sword|boost
|-boost|p1a: Upper Moon 3|atk|1
|move|p2a: Chansey|Soft-Boiled|p2a: Chansey
|-heal|p2a: Chansey|100/100
|
|upkeep
|turn|81
|
|t:|1597022839
|switch|p2a: Lugia|Lugia|100/100
|move|p1a: Upper Moon 3|Behemoth Blade|p2a: Lugia
|-damage|p2a: Lugia|79/100
|
|-heal|p2a: Lugia|85/100|[from] item: Leftovers
|upkeep
|turn|82
|
|t:|1597022846
|switch|p1a: Upper Moon 6|Ho-Oh|98/100 tox
|move|p2a: Lugia|Recover|p2a: Lugia
|-heal|p2a: Lugia|100/100
|
|-damage|p1a: Upper Moon 6|92/100 tox|[from] psn
|upkeep
|turn|83
|
|t:|1597022851
|switch|p2a: Chansey|Chansey, F|100/100
|switch|p1a: Upper Moon 4|Zygarde|100/100
|
|upkeep
|turn|84
|
|t:|1597022856
|switch|p2a: Sableye|Sableye-Mega, F|100/100
|move|p1a: Upper Moon 4|Substitute|p1a: Upper Moon 4
|-start|p1a: Upper Moon 4|Substitute
|-damage|p1a: Upper Moon 4|76/100
|
|-heal|p1a: Upper Moon 4|82/100|[from] item: Leftovers
|upkeep
|turn|85
|
|t:|1597022859
|move|p1a: Upper Moon 4|Dragon Dance|p1a: Upper Moon 4
|-boost|p1a: Upper Moon 4|atk|1
|-boost|p1a: Upper Moon 4|spe|1
|move|p2a: Sableye|Foul Play|p1a: Upper Moon 4
|-end|p1a: Upper Moon 4|Substitute
|
|-heal|p1a: Upper Moon 4|88/100|[from] item: Leftovers
|upkeep
|turn|86
|
|t:|1597022863
|move|p1a: Upper Moon 4|Substitute|p1a: Upper Moon 4
|-start|p1a: Upper Moon 4|Substitute
|-damage|p1a: Upper Moon 4|63/100
|move|p2a: Sableye|Toxic||[still]
|-fail|p2a: Sableye
|
|-heal|p1a: Upper Moon 4|69/100|[from] item: Leftovers
|upkeep
|turn|87
|
|t:|1597022865
|move|p1a: Upper Moon 4|Dragon Dance|p1a: Upper Moon 4
|-boost|p1a: Upper Moon 4|atk|1
|-boost|p1a: Upper Moon 4|spe|1
|move|p2a: Sableye|Foul Play|p1a: Upper Moon 4
|-end|p1a: Upper Moon 4|Substitute
|
|-heal|p1a: Upper Moon 4|76/100|[from] item: Leftovers
|upkeep
|turn|88
|
|t:|1597022868
|move|p1a: Upper Moon 4|Substitute|p1a: Upper Moon 4
|-start|p1a: Upper Moon 4|Substitute
|-damage|p1a: Upper Moon 4|51/100
|move|p2a: Sableye|Foul Play|p1a: Upper Moon 4
|-end|p1a: Upper Moon 4|Substitute
|
|-heal|p1a: Upper Moon 4|57/100|[from] item: Leftovers
|upkeep
|turn|89
|
|t:|1597022871
|move|p1a: Upper Moon 4|Substitute|p1a: Upper Moon 4
|-start|p1a: Upper Moon 4|Substitute
|-damage|p1a: Upper Moon 4|32/100
|move|p2a: Sableye|Foul Play|p1a: Upper Moon 4
|-end|p1a: Upper Moon 4|Substitute
|
|-heal|p1a: Upper Moon 4|38/100|[from] item: Leftovers
|-activate|p1a: Upper Moon 4|ability: Power Construct
|detailschange|p1a: Upper Moon 4|Zygarde-Complete
|-heal|p1a: Upper Moon 4|60/100|[silent]
|upkeep
|turn|90
|
|t:|1597022873
|move|p1a: Upper Moon 4|Thousand Arrows|p2a: Sableye
|-damage|p2a: Sableye|59/100
|move|p2a: Sableye|Foul Play|p1a: Upper Moon 4
|-damage|p1a: Upper Moon 4|38/100
|
|-heal|p1a: Upper Moon 4|44/100|[from] item: Leftovers
|upkeep
|turn|91
|
|t:|1597022877
|move|p1a: Upper Moon 4|Substitute|p1a: Upper Moon 4
|-start|p1a: Upper Moon 4|Substitute
|-damage|p1a: Upper Moon 4|20/100
|move|p2a: Sableye|Recover|p2a: Sableye
|-heal|p2a: Sableye|100/100
|
|-heal|p1a: Upper Moon 4|26/100|[from] item: Leftovers
|upkeep
|turn|92
|
|t:|1597022882
|move|p1a: Upper Moon 4|Dragon Dance|p1a: Upper Moon 4
|-boost|p1a: Upper Moon 4|atk|1
|-boost|p1a: Upper Moon 4|spe|1
|move|p2a: Sableye|Foul Play|p1a: Upper Moon 4
|-end|p1a: Upper Moon 4|Substitute
|
|-heal|p1a: Upper Moon 4|32/100|[from] item: Leftovers
|upkeep
|turn|93
|
|t:|1597022892
|move|p1a: Upper Moon 4|Thousand Arrows|p2a: Sableye
|-damage|p2a: Sableye|48/100
|move|p2a: Sableye|Foul Play|p1a: Upper Moon 4
|-damage|p1a: Upper Moon 4|5/100
|
|-heal|p1a: Upper Moon 4|11/100|[from] item: Leftovers
|upkeep
|turn|94
|
|t:|1597022898
|move|p1a: Upper Moon 4|Thousand Arrows|p2a: Sableye
|-damage|p2a: Sableye|0 fnt
|faint|p2a: Sableye
|
|-heal|p1a: Upper Moon 4|18/100|[from] item: Leftovers
|upkeep
|
|t:|1597022903
|switch|p2a: Lugia|Lugia|100/100
|turn|95
|
|t:|1597022914
|move|p1a: Upper Moon 4|Glare|p2a: Lugia
|-status|p2a: Lugia|par
|cant|p2a: Lugia|par
|
|-heal|p1a: Upper Moon 4|24/100|[from] item: Leftovers
|upkeep
|turn|96
|
|t:|1597022917
|move|p1a: Upper Moon 4|Thousand Arrows|p2a: Lugia
|-damage|p2a: Lugia|82/100 par
|-start|p2a: Lugia|Smack Down
|move|p2a: Lugia|Whirlwind|p1a: Upper Moon 4
|drag|p1a: Upper Moon 2|Xerneas|76/100
|-ability|p1a: Upper Moon 2|Fairy Aura
|
|-heal|p2a: Lugia|88/100 par|[from] item: Leftovers
|upkeep
|turn|97
|
|t:|1597022922
|switch|p2a: Chansey|Chansey, F|100/100
|move|p1a: Upper Moon 2|Moonblast|p2a: Chansey
|-damage|p2a: Chansey|81/100
|
|upkeep
|turn|98
|l| Kaitlen
|
|t:|1597022934
|switch|p1a: Upper Moon 3|Zacian-Crowned|94/100
|-ability|p1a: Upper Moon 3|Intrepid Sword|boost
|-boost|p1a: Upper Moon 3|atk|1
|move|p2a: Chansey|Seismic Toss|p1a: Upper Moon 3
|-damage|p1a: Upper Moon 3|64/100
|
|upkeep
|turn|99
|
|t:|1597022939
|switch|p2a: Lugia|Lugia|88/100 par
|move|p1a: Upper Moon 3|Behemoth Blade|p2a: Lugia
|-damage|p2a: Lugia|44/100 par
|
|-heal|p2a: Lugia|50/100 par|[from] item: Leftovers
|upkeep
|turn|100
|
|t:|1597022943
|move|p1a: Upper Moon 3|Wild Charge|p2a: Lugia
|-supereffective|p2a: Lugia
|-damage|p2a: Lugia|0 fnt
|-damage|p1a: Upper Moon 3|48/100|[from] Recoil
|faint|p2a: Lugia
|
|upkeep
|
|t:|1597022946
|switch|p2a: Chansey|Chansey, F|81/100
|turn|101
|
|t:|1597022957
|move|p1a: Upper Moon 3|Close Combat|p2a: Chansey
|-supereffective|p2a: Chansey
|-damage|p2a: Chansey|0 fnt
|-unboost|p1a: Upper Moon 3|def|1
|-unboost|p1a: Upper Moon 3|spd|1
|faint|p2a: Chansey
|
|upkeep
|
|t:|1597022960
|switch|p2a: Arceus|Arceus-Fairy|73/100
|turn|102
|
|t:|1597022964
|move|p1a: Upper Moon 3|Behemoth Blade|p2a: Arceus
|-supereffective|p2a: Arceus
|-damage|p2a: Arceus|0 fnt
|faint|p2a: Arceus
|
|win|ImAbroom
|l| Birds30
|raw|ImAbroom's rating: 1857 &rarr; <strong>1871</strong><br />(+14 for winning)
|raw|Leafstorm121❤'s rating: 1762 &rarr; <strong>1747</strong><br />(-15 for losing)
|j| Birds30
|l|☆ImAbroom
|j|☆ImAbroom
|player|p1|ImAbroom|red
|l|☆ImAbroom
|player|p1|
