|j|☆ywl19260817
|j|☆MRH1106
|t:|1657071035
|gametype|singles
|player|p1|ywl19260817|1|1900
|player|p2|MRH1106|red|1765
|teamsize|p1|6
|teamsize|p2|6
|gen|8
|tier|[Gen 8] National Dex AG
|rated|
|rule|HP Percentage Mod: HP is shown in percentages
|rule|Endless Battle Clause: Forcing endless battles is banned
|clearpoke
|poke|p1|Zacian-*|
|poke|p1|Yveltal|
|poke|p1|Rayquaza|
|poke|p1|Kyogre|
|poke|p1|Groudon|
|poke|p1|Tornadus, M|
|poke|p2|Zacian-*|
|poke|p2|Calyrex-Shadow|
|poke|p2|Rayquaza|
|poke|p2|Ditto|
|poke|p2|Yveltal|
|poke|p2|Arceus-*|
|teampreview
|inactive|Battle timer is ON: inactive players will automatically lose when time's up. (requested by MRH1106)
|j| tonyrick
|
|t:|1657071049
|start
|switch|p1a: Groudon|Groudon|100/100
|switch|p2a: Legit god|Arceus-Ground|100/100
|detailschange|p1a: Groudon|Groudon-Primal
|-primal|p1a: Groudon
|-weather|DesolateLand|[from] ability: Desolate Land|[of] p1a: Groudon
|turn|1
|
|t:|1657071057
|move|p2a: Legit god|Ice Beam|p1a: Groudon
|-damage|p1a: Groudon|83/100
|move|p1a: Groudon|Stealth Rock|p2a: Legit god
|-sidestart|p2: MRH1106|move: Stealth Rock
|
|-weather|DesolateLand|[upkeep]
|upkeep
|turn|2
|
|t:|1657071063
|-weather|none
|switch|p1a: Yveltal|Yveltal|100/100
|-ability|p1a: Yveltal|Dark Aura
|move|p2a: Legit god|Ice Beam|p1a: Yveltal
|-supereffective|p1a: Yveltal
|-damage|p1a: Yveltal|61/100
|
|upkeep
|turn|3
|
|t:|1657071071
|-start|p1a: Yveltal|Dynamax|
|-heal|p1a: Yveltal|61/100|[silent]
|move|p2a: Legit god|Defog|p1a: Yveltal
|-unboost|p1a: Yveltal|evasion|1
|-sideend|p2: MRH1106|Stealth Rock|[from] move: Defog|[of] p2a: Legit god
|move|p1a: Yveltal|Max Airstream|p2a: Legit god
|-damage|p2a: Legit god|32/100
|-boost|p1a: Yveltal|spe|1
|-damage|p1a: Yveltal|56/100|[from] item: Life Orb
|
|upkeep
|turn|4
|
|t:|1657071084
|switch|p2a: Knifepuppy|Zacian-Crowned|100/100
|-ability|p2a: Knifepuppy|Intrepid Sword|boost
|-boost|p2a: Knifepuppy|atk|1
|move|p1a: Yveltal|Max Darkness|p2a: Knifepuppy
|-resisted|p2a: Knifepuppy
|-damage|p2a: Knifepuppy|49/100
|-unboost|p2a: Knifepuppy|spd|1
|-damage|p1a: Yveltal|51/100|[from] item: Life Orb
|
|upkeep
|turn|5
|
|t:|1657071095
|switch|p2a: Rayyyy|Rayquaza|100/100
|-ability|p2a: Rayyyy|Air Lock
|move|p1a: Yveltal|Max Darkness|p2a: Rayyyy
|-enditem|p2a: Rayyyy|Focus Sash
|-damage|p2a: Rayyyy|1/100
|-unboost|p2a: Rayyyy|spd|1
|-damage|p1a: Yveltal|46/100|[from] item: Life Orb
|
|upkeep
|-end|p1a: Yveltal|Dynamax
|-heal|p1a: Yveltal|46/100|[silent]
|turn|6
|
|t:|1657071111
|detailschange|p2a: Rayyyy|Rayquaza-Mega
|-mega|p2a: Rayyyy|Rayquaza|
|-weather|DeltaStream|[from] ability: Delta Stream|[of] p2a: Rayyyy
|move|p2a: Rayyyy|Extreme Speed|p1a: Yveltal
|-damage|p1a: Yveltal|12/100
|move|p1a: Yveltal|Knock Off|p2a: Rayyyy
|-damage|p2a: Rayyyy|0 fnt
|faint|p2a: Rayyyy
|-weather|none
|-damage|p1a: Yveltal|3/100|[from] item: Life Orb
|
|upkeep
|
|t:|1657071116
|switch|p2a: Hells dragon|Yveltal, shiny|100/100
|-ability|p2a: Hells dragon|Dark Aura
|turn|7
|
|t:|1657071123
|-start|p2a: Hells dragon|Dynamax|
|-heal|p2a: Hells dragon|100/100|[silent]
|move|p1a: Yveltal|Tailwind|p1a: Yveltal
|-sidestart|p1: ywl19260817|move: Tailwind
|move|p2a: Hells dragon|Max Airstream|p1a: Yveltal
|-damage|p1a: Yveltal|0 fnt
|-boost|p2a: Hells dragon|spe|1
|faint|p1a: Yveltal
|-damage|p2a: Hells dragon|96/100|[from] item: Life Orb
|
|upkeep
|c|☆MRH1106|bruh tailwind?
|c|☆MRH1106|thats a fire strat ngl
|inactive|ywl19260817 has 120 seconds left.
|
|t:|1657071155
|switch|p1a: Zacian|Zacian-Crowned|100/100
|-ability|p1a: Zacian|Intrepid Sword|boost
|-boost|p1a: Zacian|atk|1
|turn|8
|
|t:|1657071169
|move|p2a: Hells dragon|Max Guard|p2a: Hells dragon
|-singleturn|p2a: Hells dragon|Max Guard
|move|p1a: Zacian|Behemoth Blade|p2a: Hells dragon
|-activate|p2a: Hells dragon|move: Max Guard
|
|upkeep
|turn|9
|
|t:|1657071176
|move|p1a: Zacian|Behemoth Blade|p2a: Hells dragon
|-damage|p2a: Hells dragon|0 fnt
|faint|p2a: Hells dragon
|
|upkeep
|
|t:|1657071184
|switch|p2a: Legit god|Arceus-Ground|32/100
|turn|10
|
|t:|1657071188
|move|p1a: Zacian|Behemoth Blade|p2a: Legit god
|-damage|p2a: Legit god|0 fnt
|faint|p2a: Legit god
|
|-sideend|p1: ywl19260817|move: Tailwind
|upkeep
|
|t:|1657071190
|switch|p2a: Fuck you <3|Ditto, shiny|100/100
|-transform|p2a: Fuck you <3|p1a: Zacian|[from] ability: Imposter
|-ability|p2a: Fuck you <3|Intrepid Sword|boost
|-boost|p2a: Fuck you <3|atk|1
|turn|11
|
|t:|1657071197
|move|p2a: Fuck you <3|Behemoth Blade|p1a: Zacian
|-damage|p1a: Zacian|14/100
|move|p1a: Zacian|Behemoth Blade|p2a: Fuck you <3
|-damage|p2a: Fuck you <3|13/100
|
|upkeep
|turn|12
|
|t:|1657071217
|move|p1a: Zacian|Quick Attack|p2a: Fuck you <3
|-resisted|p2a: Fuck you <3
|-damage|p2a: Fuck you <3|1/100
|move|p2a: Fuck you <3|Behemoth Blade|p1a: Zacian
|-damage|p1a: Zacian|0 fnt
|faint|p1a: Zacian
|
|upkeep
|
|t:|1657071223
|switch|p1a: Rayquaza|Rayquaza|100/100
|-ability|p1a: Rayquaza|Air Lock
|turn|13
|
|t:|1657071229
|switch|p2a: YeeHaw~|Calyrex-Shadow|100/100
|-ability|p2a: YeeHaw~|As One
|-ability|p2a: YeeHaw~|Unnerve
|detailschange|p1a: Rayquaza|Rayquaza-Mega
|-mega|p1a: Rayquaza|Rayquaza|
|-weather|DeltaStream|[from] ability: Delta Stream|[of] p1a: Rayquaza
|move|p1a: Rayquaza|Extreme Speed|p2a: YeeHaw~
|-immune|p2a: YeeHaw~
|
|-weather|DeltaStream|[upkeep]
|upkeep
|turn|14
|
|t:|1657071244
|move|p2a: YeeHaw~|Astral Barrage|p1a: Rayquaza
|-damage|p1a: Rayquaza|22/100
|move|p1a: Rayquaza|Dragon Ascent|p2a: YeeHaw~
|-enditem|p2a: YeeHaw~|Focus Sash
|-damage|p2a: YeeHaw~|1/100
|-unboost|p1a: Rayquaza|def|1
|-unboost|p1a: Rayquaza|spd|1
|
|-weather|DeltaStream|[upkeep]
|upkeep
|turn|15
|
|t:|1657071256
|move|p2a: YeeHaw~|Astral Barrage|p1a: Rayquaza
|-damage|p1a: Rayquaza|0 fnt
|faint|p1a: Rayquaza
|-weather|none
|-ability|p2a: YeeHaw~|Grim Neigh|boost
|-boost|p2a: YeeHaw~|spa|1
|
|upkeep
|
|t:|1657071262
|switch|p1a: Tornadus|Tornadus, M|100/100
|turn|16
|
|t:|1657071268
|move|p1a: Tornadus|Tailwind|p1a: Tornadus
|-sidestart|p1: ywl19260817|move: Tailwind
|move|p2a: YeeHaw~|Draining Kiss|p1a: Tornadus
|-damage|p1a: Tornadus|56/100
|-heal|p2a: YeeHaw~|30/100|[from] drain|[of] p1a: Tornadus
|
|upkeep
|turn|17
|
|t:|1657071275
|-zpower|p1a: Tornadus
|move|p1a: Tornadus|Supersonic Skystrike|p2a: YeeHaw~|[zeffect]
|-damage|p2a: YeeHaw~|0 fnt
|faint|p2a: YeeHaw~
|
|upkeep
|
|t:|1657071279
|switch|p2a: Knifepuppy|Zacian-Crowned|49/100
|-ability|p2a: Knifepuppy|Intrepid Sword|boost
|-boost|p2a: Knifepuppy|atk|1
|turn|18
|c|☆MRH1106|ggs
|c|☆MRH1106|your team is insane
|
|t:|1657071290
|move|p1a: Tornadus|Substitute|p1a: Tornadus
|-start|p1a: Tornadus|Substitute
|-damage|p1a: Tornadus|32/100
|move|p2a: Knifepuppy|Behemoth Blade|p1a: Tornadus
|-end|p1a: Tornadus|Substitute
|
|upkeep
|turn|19
|
|t:|1657071295
|move|p1a: Tornadus|Substitute|p1a: Tornadus
|-start|p1a: Tornadus|Substitute
|-damage|p1a: Tornadus|7/100
|move|p2a: Knifepuppy|Behemoth Blade|p1a: Tornadus
|-end|p1a: Tornadus|Substitute
|
|-sideend|p1: ywl19260817|move: Tailwind
|upkeep
|turn|20
|
|t:|1657071302
|move|p1a: Tornadus|Tailwind|p1a: Tornadus
|-sidestart|p1: ywl19260817|move: Tailwind
|move|p2a: Knifepuppy|Behemoth Blade|p1a: Tornadus
|-damage|p1a: Tornadus|0 fnt
|faint|p1a: Tornadus
|
|upkeep
|
|t:|1657071308
|switch|p1a: Kyogre|Kyogre|100/100
|-weather|RainDance|[from] ability: Drizzle|[of] p1a: Kyogre
|turn|21
|
|t:|1657071315
|move|p1a: Kyogre|Water Spout|p2a: Knifepuppy
|-damage|p2a: Knifepuppy|0 fnt
|faint|p2a: Knifepuppy
|
|-weather|RainDance|[upkeep]
|upkeep
|
|t:|1657071317
|switch|p2a: Fuck you <3|Ditto, shiny|1/100
|-transform|p2a: Fuck you <3|p1a: Kyogre|[from] ability: Imposter
|turn|22
|
|t:|1657071323
|move|p1a: Kyogre|Water Spout|p2a: Fuck you <3
|-resisted|p2a: Fuck you <3
|-damage|p2a: Fuck you <3|0 fnt
|faint|p2a: Fuck you <3
|
|win|ywl19260817
|raw|ywl19260817's rating: 1900 &rarr; <strong>1913</strong><br />(+13 for winning)
|raw|MRH1106's rating: 1765 &rarr; <strong>1752</strong><br />(-13 for losing)
