|j|☆cosmowarriorzero
|j|☆iHaveAsthma
|t:|1660500772
|gametype|singles
|player|p1|cosmowarriorzero|1|1808
|player|p2|iHaveAsthma|doctor|1883
|teamsize|p1|6
|teamsize|p2|6
|gen|8
|tier|[Gen 8] National Dex AG
|rated|
|rule|HP Percentage Mod: HP is shown in percentages
|rule|Endless Battle Clause: Forcing endless battles is banned
|clearpoke
|poke|p1|Tyranitar, M|
|poke|p1|Marshadow|
|poke|p1|Arceus-*|
|poke|p1|Marshadow|
|poke|p1|Arceus-*|
|poke|p1|Arceus-*|
|poke|p2|Rayquaza|
|poke|p2|Groudon|
|poke|p2|Lugia|
|poke|p2|Arceus-*|
|poke|p2|Calyrex-Shadow|
|poke|p2|Arceus-*|
|teampreview
|inactive|Battle timer is ON: inactive players will automatically lose when time's up. (requested by iHaveAsthma)
|
|t:|1660500797
|start
|switch|p1a: Arceus|Arceus-Electric|100/100
|switch|p2a: Groudon|Groudon|100/100
|detailschange|p2a: Groudon|Groudon-Primal
|-primal|p2a: Groudon
|-weather|DesolateLand|[from] ability: Desolate Land|[of] p2a: Groudon
|turn|1
|
|t:|1660500802
|move|p1a: Arceus|Stealth Rock|p2a: Groudon
|-sidestart|p2: iHaveAsthma|move: Stealth Rock
|move|p2a: Groudon|Stealth Rock|p1a: Arceus
|-sidestart|p1: cosmowarriorzero|move: Stealth Rock
|
|-weather|DesolateLand|[upkeep]
|upkeep
|turn|2
|
|t:|1660500816
|move|p1a: Arceus|Earth Power|p2a: Groudon
|-supereffective|p2a: Groudon
|-damage|p2a: Groudon|30/100
|move|p2a: Groudon|Earth Power|p1a: Arceus
|-supereffective|p1a: Arceus
|-damage|p1a: Arceus|24/100
|
|-weather|DesolateLand|[upkeep]
|upkeep
|turn|3
|
|t:|1660500822
|-weather|none
|switch|p2a: Arceus|Arceus|100/100
|-damage|p2a: Arceus|88/100|[from] Stealth Rock
|move|p1a: Arceus|Earth Power|p2a: Arceus
|-damage|p2a: Arceus|65/100
|
|upkeep
|turn|4
|
|t:|1660500826
|move|p2a: Arceus|Extreme Speed|p1a: Arceus
|-damage|p1a: Arceus|0 fnt
|faint|p1a: Arceus
|-damage|p2a: Arceus|55/100|[from] item: Life Orb
|
|upkeep
|
|t:|1660500835
|switch|p1a: Marshadow|Marshadow|100/100
|-damage|p1a: Marshadow|94/100|[from] Stealth Rock
|turn|5
|
|t:|1660500839
|switch|p2a: Lugia|Lugia|100/100
|move|p1a: Marshadow|Close Combat|p2a: Lugia
|-resisted|p2a: Lugia
|-damage|p2a: Lugia|97/100
|-unboost|p1a: Marshadow|def|1
|-unboost|p1a: Marshadow|spd|1
|
|upkeep
|turn|6
|
|t:|1660500846
|move|p1a: Marshadow|Bulk Up|p1a: Marshadow
|-boost|p1a: Marshadow|atk|1
|-boost|p1a: Marshadow|def|1
|move|p2a: Lugia|Thunder Wave|p1a: Marshadow
|-status|p1a: Marshadow|par
|
|upkeep
|turn|7
|
|t:|1660500850
|move|p2a: Lugia|Roost|p2a: Lugia
|-heal|p2a: Lugia|100/100
|-singleturn|p2a: Lugia|move: Roost
|-zpower|p1a: Marshadow
|move|p1a: Marshadow|Soul-Stealing 7-Star Strike|p2a: Lugia|[zeffect]
|-supereffective|p2a: Lugia
|-damage|p2a: Lugia|19/100
|
|upkeep
|turn|8
|
|t:|1660500852
|move|p1a: Marshadow|Shadow Sneak|p2a: Lugia
|-supereffective|p2a: Lugia
|-damage|p2a: Lugia|0 fnt
|faint|p2a: Lugia
|
|upkeep
|
|t:|1660500860
|switch|p2a: Arceus|Arceus|55/100
|-damage|p2a: Arceus|43/100|[from] Stealth Rock
|turn|9
|
|t:|1660500871
|move|p2a: Arceus|Earthquake|p1a: Marshadow
|-damage|p1a: Marshadow|36/100 par
|-damage|p2a: Arceus|33/100|[from] item: Life Orb
|move|p1a: Marshadow|Close Combat|p2a: Arceus
|-supereffective|p2a: Arceus
|-damage|p2a: Arceus|0 fnt
|-unboost|p1a: Marshadow|def|1
|-unboost|p1a: Marshadow|spd|1
|faint|p2a: Arceus
|
|upkeep
|
|t:|1660500893
|switch|p2a: Rayquaza|Rayquaza|100/100
|-damage|p2a: Rayquaza|75/100|[from] Stealth Rock
|-ability|p2a: Rayquaza|Air Lock
|turn|10
|
|t:|1660500898
|detailschange|p2a: Rayquaza|Rayquaza-Mega
|-mega|p2a: Rayquaza|Rayquaza|
|-weather|DeltaStream|[from] ability: Delta Stream|[of] p2a: Rayquaza
|move|p1a: Marshadow|Shadow Sneak|p2a: Rayquaza
|-damage|p2a: Rayquaza|33/100
|move|p2a: Rayquaza|Scale Shot|p1a: Marshadow
|-damage|p1a: Marshadow|0 fnt
|faint|p1a: Marshadow
|-hitcount|p1: Marshadow|1
|-unboost|p2a: Rayquaza|def|1
|-boost|p2a: Rayquaza|spe|1
|
|-weather|DeltaStream|[upkeep]
|upkeep
|
|t:|1660500911
|switch|p1a: Marshadow|Marshadow|100/100
|-damage|p1a: Marshadow|94/100|[from] Stealth Rock
|turn|11
|
|t:|1660500916
|move|p1a: Marshadow|Shadow Sneak|p2a: Rayquaza
|-damage|p2a: Rayquaza|0 fnt
|faint|p2a: Rayquaza
|-weather|none
|-damage|p1a: Marshadow|84/100|[from] item: Life Orb
|
|upkeep
|
|t:|1660500919
|switch|p2a: Arceus|Arceus-Flying|100/100
|-damage|p2a: Arceus|76/100|[from] Stealth Rock
|turn|12
|
|t:|1660500930
|-start|p2a: Arceus|Dynamax|
|-heal|p2a: Arceus|76/100|[silent]
|move|p1a: Marshadow|Rock Tomb|p2a: Arceus
|-supereffective|p2a: Arceus
|-damage|p2a: Arceus|49/100
|-unboost|p2a: Arceus|spe|1
|-damage|p1a: Marshadow|74/100|[from] item: Life Orb
|move|p2a: Arceus|Max Airstream|p1a: Marshadow
|-supereffective|p1a: Marshadow
|-damage|p1a: Marshadow|0 fnt
|-boost|p2a: Arceus|spe|1
|faint|p1a: Marshadow
|
|upkeep
|
|t:|1660500935
|switch|p1a: Arceus|Arceus-Electric|100/100
|-damage|p1a: Arceus|88/100|[from] Stealth Rock
|turn|13
|
|t:|1660500942
|-start|p1a: Arceus|Dynamax|
|-heal|p1a: Arceus|88/100|[silent]
|move|p1a: Arceus|Max Lightning|p2a: Arceus
|-supereffective|p2a: Arceus
|-damage|p2a: Arceus|0 fnt
|-fieldstart|move: Electric Terrain
|faint|p2a: Arceus
|
|upkeep
|
|t:|1660500945
|switch|p2a: Groudon|Groudon-Primal|30/100
|-damage|p2a: Groudon|18/100|[from] Stealth Rock
|-weather|DesolateLand|[from] ability: Desolate Land|[of] p2a: Groudon
|turn|14
|l|☆iHaveAsthma
|inactive|iHaveAsthma disconnected and has a minute to reconnect!
|player|p2|
|
|t:|1660500951
|move|p1a: Arceus|Max Quake|p2a: Groudon
|-supereffective|p2a: Groudon
|-damage|p2a: Groudon|0 fnt
|-boost|p1a: Arceus|spd|1
|faint|p2a: Groudon
|-weather|none
|
|upkeep
|inactive|iHaveAsthma has 30 seconds to reconnect!
|inactive|iHaveAsthma has 20 seconds to reconnect!
|inactive|iHaveAsthma has 15 seconds to reconnect!
|inactive|iHaveAsthma has 10 seconds to reconnect!
|inactive|iHaveAsthma has 5 seconds to reconnect!
|-message|iHaveAsthma lost due to inactivity.
|
|win|cosmowarriorzero
|raw|cosmowarriorzero's rating: 1808 &rarr; <strong>1833</strong><br />(+25 for winning)
|raw|iHaveAsthma's rating: 1898 &rarr; <strong>1873</strong><br />(-25 for losing)
