|j|☆PixLmonTest
|j|☆NykterStein
|t:|1665554167
|gametype|singles
|player|p1|PixLmonTest|170|1595
|player|p2|NykterStein|richboy-gen4|1610
|teamsize|p1|6
|teamsize|p2|6
|gen|8
|tier|[Gen 8] National Dex AG
|rated|
|rule|HP Percentage Mod: HP is shown in percentages
|rule|Endless Battle Clause: Forcing endless battles is banned
|clearpoke
|poke|p1|Ditto|
|poke|p1|Arceus-*|
|poke|p1|Yveltal|
|poke|p1|Ho-Oh|
|poke|p1|Rayquaza|
|poke|p1|Groudon|
|poke|p2|Lunala|
|poke|p2|Gothitelle, F|
|poke|p2|Yveltal|
|poke|p2|Arceus-*|
|poke|p2|Necrozma-Dusk-Mane|
|poke|p2|Zacian-*|
|teampreview
|inactive|Battle timer is ON: inactive players will automatically lose when time's up. (requested by NykterStein)
|c|☆PixLmonTest|bro
|c|☆PixLmonTest|what is this team :((
|c|☆PixLmonTest|why am I scared
|c|☆PixLmonTest|are you the goat?
|c|☆PixLmonTest|whats your MMR?
|
|t:|1665554189
|start
|switch|p1a: Groudon|Groudon|100/100
|switch|p2a: sunny bitch|Necrozma-Dusk-Mane|100/100
|detailschange|p1a: Groudon|Groudon-Primal
|-primal|p1a: Groudon
|-weather|DesolateLand|[from] ability: Desolate Land|[of] p1a: Groudon
|turn|1
|c|☆PixLmonTest|I did it dad
|
|t:|1665554217
|move|p1a: Groudon|Overheat|p2a: sunny bitch|[miss]
|-miss|p1a: Groudon|p2a: sunny bitch
|move|p2a: sunny bitch|Stealth Rock|p1a: Groudon
|-sidestart|p1: PixLmonTest|move: Stealth Rock
|
|-weather|DesolateLand|[upkeep]
|upkeep
|turn|2
|c|☆PixLmonTest|WHHART
|
|t:|1665554227
|move|p1a: Groudon|Overheat|p2a: sunny bitch
|-supereffective|p2a: sunny bitch
|-damage|p2a: sunny bitch|0 fnt
|-unboost|p1a: Groudon|spa|2
|faint|p2a: sunny bitch
|
|-weather|DesolateLand|[upkeep]
|upkeep
|c|☆PixLmonTest|okokok
|c|☆PixLmonTest|its all ok
|
|t:|1665554240
|switch|p2a: bad bitch|Gothitelle, F|100/100
|turn|3
|c|☆NykterStein|I'm a big fan of clowns
|
|t:|1665554265
|move|p2a: bad bitch|Cosmic Power|p2a: bad bitch
|-boost|p2a: bad bitch|def|1
|-boost|p2a: bad bitch|spd|1
|move|p1a: Groudon|Stealth Rock|p2a: bad bitch
|-sidestart|p2: NykterStein|move: Stealth Rock
|
|-weather|DesolateLand|[upkeep]
|upkeep
|turn|4
|
|t:|1665554270
|move|p2a: bad bitch|Cosmic Power|p2a: bad bitch
|-boost|p2a: bad bitch|def|1
|-boost|p2a: bad bitch|spd|1
|move|p1a: Groudon|Precipice Blades|p2a: bad bitch
|-damage|p2a: bad bitch|72/100
|
|-weather|DesolateLand|[upkeep]
|-heal|p2a: bad bitch|78/100|[from] item: Leftovers
|upkeep
|turn|5
|c|☆PixLmonTest|thats crazy
|
|t:|1665554280
|move|p2a: bad bitch|Cosmic Power|p2a: bad bitch
|-boost|p2a: bad bitch|def|1
|-boost|p2a: bad bitch|spd|1
|move|p1a: Groudon|Rock Tomb|p2a: bad bitch
|-damage|p2a: bad bitch|71/100
|-unboost|p2a: bad bitch|spe|1
|
|-weather|DesolateLand|[upkeep]
|-heal|p2a: bad bitch|77/100|[from] item: Leftovers
|upkeep
|turn|6
|inactive|PixLmonTest has 120 seconds left.
|c|☆PixLmonTest|wait
|c|☆PixLmonTest|this is bad
|c|☆PixLmonTest|isnt it dad
|c|☆PixLmonTest|WWJD?
|
|t:|1665554331
|move|p1a: Groudon|Precipice Blades|p2a: bad bitch
|-damage|p2a: bad bitch|53/100
|move|p2a: bad bitch|Charm|p1a: Groudon
|-unboost|p1a: Groudon|atk|2
|
|-weather|DesolateLand|[upkeep]
|-heal|p2a: bad bitch|59/100|[from] item: Leftovers
|upkeep
|turn|7
|c|☆NykterStein|are u overdosing in xanax?
|
|t:|1665554342
|move|p1a: Groudon|Precipice Blades|p2a: bad bitch|[miss]
|-miss|p1a: Groudon|p2a: bad bitch
|move|p2a: bad bitch|Charm|p1a: Groudon
|-unboost|p1a: Groudon|atk|2
|
|-weather|DesolateLand|[upkeep]
|-heal|p2a: bad bitch|65/100|[from] item: Leftovers
|upkeep
|turn|8
|
|t:|1665554351
|move|p1a: Groudon|Precipice Blades|p2a: bad bitch
|-damage|p2a: bad bitch|57/100
|move|p2a: bad bitch|Charm|p1a: Groudon
|-unboost|p1a: Groudon|atk|2
|
|-weather|DesolateLand|[upkeep]
|-heal|p2a: bad bitch|63/100|[from] item: Leftovers
|upkeep
|turn|9
|inactive|PixLmonTest has 120 seconds left.
|c|☆PixLmonTest|this is weird
|c|☆PixLmonTest|what is the game plan now
|
|t:|1665554365
|move|p1a: Groudon|Rock Tomb|p2a: bad bitch
|-damage|p2a: bad bitch|61/100
|-unboost|p2a: bad bitch|spe|1
|move|p2a: bad bitch|Cosmic Power|p2a: bad bitch
|-boost|p2a: bad bitch|def|1
|-boost|p2a: bad bitch|spd|1
|
|-weather|DesolateLand|[upkeep]
|-heal|p2a: bad bitch|67/100|[from] item: Leftovers
|upkeep
|turn|10
|c|☆PixLmonTest|like
|
|t:|1665554375
|move|p1a: Groudon|Precipice Blades|p2a: bad bitch
|-damage|p2a: bad bitch|62/100
|move|p2a: bad bitch|Cosmic Power|p2a: bad bitch
|-boost|p2a: bad bitch|def|1
|-boost|p2a: bad bitch|spd|1
|
|-weather|DesolateLand|[upkeep]
|-heal|p2a: bad bitch|68/100|[from] item: Leftovers
|upkeep
|turn|11
|c|☆PixLmonTest|what is that going to achieve
|
|t:|1665554384
|move|p1a: Groudon|Rock Tomb|p2a: bad bitch
|-damage|p2a: bad bitch|66/100
|-unboost|p2a: bad bitch|spe|1
|move|p2a: bad bitch|Cosmic Power|p2a: bad bitch
|-boost|p2a: bad bitch|def|1
|-boost|p2a: bad bitch|spd|1
|
|-weather|DesolateLand|[upkeep]
|-heal|p2a: bad bitch|72/100|[from] item: Leftovers
|upkeep
|turn|12
|c|☆PixLmonTest|can you just kill me already
|c|☆NykterStein|im actually letting my younger cousin play now
|c|☆PixLmonTest|I am your younger cousin
|inactive|NykterStein has 120 seconds left.
|c|☆NykterStein|lets see if u last
|
|t:|1665554422
|move|p1a: Groudon|Rock Tomb|p2a: bad bitch
|-damage|p2a: bad bitch|70/100
|-unboost|p2a: bad bitch|spe|1
|move|p2a: bad bitch|Charm|p1a: Groudon
|-unboost|p1a: Groudon|atk|0
|
|-weather|DesolateLand|[upkeep]
|-heal|p2a: bad bitch|76/100|[from] item: Leftovers
|upkeep
|turn|13
|c|☆PixLmonTest|Longer than your cousin?
|c|☆PixLmonTest|What in the alabama
|inactive|NykterStein has 120 seconds left.
|
|t:|1665554439
|move|p1a: Groudon|Rock Tomb|p2a: bad bitch
|-damage|p2a: bad bitch|75/100
|-unboost|p2a: bad bitch|spe|1
|move|p2a: bad bitch|Cosmic Power|p2a: bad bitch
|-boost|p2a: bad bitch|def|0
|-boost|p2a: bad bitch|spd|0
|
|-weather|DesolateLand|[upkeep]
|-heal|p2a: bad bitch|81/100|[from] item: Leftovers
|upkeep
|turn|14
|
|t:|1665554448
|move|p1a: Groudon|Rock Tomb|p2a: bad bitch|[miss]
|-miss|p1a: Groudon|p2a: bad bitch
|move|p2a: bad bitch|Taunt|p1a: Groudon
|-start|p1a: Groudon|move: Taunt
|
|-weather|DesolateLand|[upkeep]
|-heal|p2a: bad bitch|87/100|[from] item: Leftovers
|upkeep
|turn|15
|inactive|NykterStein has 120 seconds left.
|
|t:|1665554458
|move|p1a: Groudon|Precipice Blades|p2a: bad bitch
|-crit|p2a: bad bitch
|-damage|p2a: bad bitch|4/100
|move|p2a: bad bitch|Cosmic Power|p2a: bad bitch
|-boost|p2a: bad bitch|def|0
|-boost|p2a: bad bitch|spd|0
|
|-weather|DesolateLand|[upkeep]
|-heal|p2a: bad bitch|10/100|[from] item: Leftovers
|upkeep
|turn|16
|
|t:|1665554466
|move|p1a: Groudon|Precipice Blades|p2a: bad bitch
|-damage|p2a: bad bitch|7/100
|move|p2a: bad bitch|Rest|p2a: bad bitch
|-status|p2a: bad bitch|slp|[from] move: Rest
|-heal|p2a: bad bitch|100/100 slp|[silent]
|
|-weather|DesolateLand|[upkeep]
|upkeep
|turn|17
|
|t:|1665554473
|move|p1a: Groudon|Precipice Blades|p2a: bad bitch
|-crit|p2a: bad bitch
|-damage|p2a: bad bitch|6/100 slp
|cant|p2a: bad bitch|slp
|
|-weather|DesolateLand|[upkeep]
|-heal|p2a: bad bitch|12/100 slp|[from] item: Leftovers
|-end|p1a: Groudon|move: Taunt
|upkeep
|turn|18
|c|☆PixLmonTest|LMAO
|
|t:|1665554481
|move|p1a: Groudon|Precipice Blades|p2a: bad bitch
|-damage|p2a: bad bitch|9/100 slp
|cant|p2a: bad bitch|slp
|
|-weather|DesolateLand|[upkeep]
|-heal|p2a: bad bitch|15/100 slp|[from] item: Leftovers
|upkeep
|turn|19
|c|☆PixLmonTest|im crazy at this game
|
|t:|1665554488
|move|p1a: Groudon|Precipice Blades|p2a: bad bitch
|-damage|p2a: bad bitch|11/100 slp
|-curestatus|p2a: bad bitch|slp|[msg]
|move|p2a: bad bitch|Rest|p2a: bad bitch
|-status|p2a: bad bitch|slp|[from] move: Rest
|-heal|p2a: bad bitch|100/100 slp|[silent]
|
|-weather|DesolateLand|[upkeep]
|upkeep
|turn|20
|
|t:|1665554497
|move|p1a: Groudon|Precipice Blades|p2a: bad bitch
|-damage|p2a: bad bitch|97/100 slp
|cant|p2a: bad bitch|slp
|
|-weather|DesolateLand|[upkeep]
|-heal|p2a: bad bitch|100/100 slp|[from] item: Leftovers
|upkeep
|turn|21
|
|t:|1665554504
|move|p1a: Groudon|Precipice Blades|p2a: bad bitch|[miss]
|-miss|p1a: Groudon|p2a: bad bitch
|cant|p2a: bad bitch|slp
|
|-weather|DesolateLand|[upkeep]
|upkeep
|turn|22
|c|☆NykterStein|save you precipice lmao
|
|t:|1665554518
|move|p1a: Groudon|Rock Tomb|p2a: bad bitch
|-crit|p2a: bad bitch
|-damage|p2a: bad bitch|72/100 slp
|-unboost|p2a: bad bitch|spe|1
|-curestatus|p2a: bad bitch|slp|[msg]
|move|p2a: bad bitch|Cosmic Power|p2a: bad bitch
|-boost|p2a: bad bitch|def|0
|-boost|p2a: bad bitch|spd|0
|
|-weather|DesolateLand|[upkeep]
|-heal|p2a: bad bitch|78/100|[from] item: Leftovers
|upkeep
|turn|23
|c|☆NykterStein|your
|
|t:|1665554529
|move|p1a: Groudon|Rock Tomb|p2a: bad bitch
|-damage|p2a: bad bitch|77/100
|move|p2a: bad bitch|Taunt|p1a: Groudon
|-start|p1a: Groudon|move: Taunt
|
|-weather|DesolateLand|[upkeep]
|-heal|p2a: bad bitch|83/100|[from] item: Leftovers
|upkeep
|turn|24
|
|t:|1665554537
|move|p1a: Groudon|Overheat|p2a: bad bitch|[miss]
|-miss|p1a: Groudon|p2a: bad bitch
|move|p2a: bad bitch|Cosmic Power|p2a: bad bitch
|-boost|p2a: bad bitch|def|0
|-boost|p2a: bad bitch|spd|0
|
|-weather|DesolateLand|[upkeep]
|-heal|p2a: bad bitch|89/100|[from] item: Leftovers
|upkeep
|turn|25
|
|t:|1665554545
|move|p1a: Groudon|Rock Tomb|p2a: bad bitch
|-damage|p2a: bad bitch|88/100
|move|p2a: bad bitch|Cosmic Power|p2a: bad bitch
|-boost|p2a: bad bitch|def|0
|-boost|p2a: bad bitch|spd|0
|
|-weather|DesolateLand|[upkeep]
|-heal|p2a: bad bitch|94/100|[from] item: Leftovers
|upkeep
|turn|26
|
|t:|1665554554
|move|p1a: Groudon|Rock Tomb|p2a: bad bitch
|-damage|p2a: bad bitch|92/100
|move|p2a: bad bitch|Taunt||[still]
|-fail|p2a: bad bitch
|
|-weather|DesolateLand|[upkeep]
|-heal|p2a: bad bitch|98/100|[from] item: Leftovers
|-end|p1a: Groudon|move: Taunt
|upkeep
|turn|27
|
|t:|1665554561
|move|p1a: Groudon|Overheat|p2a: bad bitch
|-damage|p2a: bad bitch|87/100
|-unboost|p1a: Groudon|spa|2
|move|p2a: bad bitch|Taunt|p1a: Groudon
|-start|p1a: Groudon|move: Taunt
|
|-weather|DesolateLand|[upkeep]
|-heal|p2a: bad bitch|93/100|[from] item: Leftovers
|upkeep
|turn|28
|c|☆PixLmonTest|why are you doing this
|c|☆PixLmonTest|this is gross
|
|t:|1665554570
|move|p1a: Groudon|Overheat|p2a: bad bitch
|-damage|p2a: bad bitch|85/100
|-unboost|p1a: Groudon|spa|2
|move|p2a: bad bitch|Cosmic Power|p2a: bad bitch
|-boost|p2a: bad bitch|def|0
|-boost|p2a: bad bitch|spd|0
|
|-weather|DesolateLand|[upkeep]
|-heal|p2a: bad bitch|91/100|[from] item: Leftovers
|upkeep
|turn|29
|
|t:|1665554578
|move|p1a: Groudon|Overheat|p2a: bad bitch
|-damage|p2a: bad bitch|86/100
|move|p2a: bad bitch|Charm|p1a: Groudon
|-unboost|p1a: Groudon|atk|0
|
|-weather|DesolateLand|[upkeep]
|-heal|p2a: bad bitch|92/100|[from] item: Leftovers
|upkeep
|turn|30
|inactive|NykterStein has 120 seconds left.
|c|☆NykterStein|just play the game and pray for a crit bro
|
|t:|1665554612
|move|p1a: Groudon|Rock Tomb|p2a: bad bitch
|-damage|p2a: bad bitch|91/100
|move|p2a: bad bitch|Charm|p1a: Groudon
|-unboost|p1a: Groudon|atk|0
|
|-weather|DesolateLand|[upkeep]
|-heal|p2a: bad bitch|97/100|[from] item: Leftovers
|-end|p1a: Groudon|move: Taunt
|upkeep
|turn|31
|c|☆NykterStein|I loose anyway
|c|☆PixLmonTest|whats your PP
|inactive|NykterStein has 120 seconds left.
|
|t:|1665554623
|move|p1a: Groudon|Rock Tomb|p2a: bad bitch
|-damage|p2a: bad bitch|95/100
|move|p2a: bad bitch|Taunt|p1a: Groudon
|-start|p1a: Groudon|move: Taunt
|
|-weather|DesolateLand|[upkeep]
|-heal|p2a: bad bitch|100/100|[from] item: Leftovers
|upkeep
|turn|32
|
|t:|1665554632
|move|p1a: Groudon|Rock Tomb|p2a: bad bitch
|-damage|p2a: bad bitch|99/100
|move|p2a: bad bitch|Cosmic Power|p2a: bad bitch
|-boost|p2a: bad bitch|def|0
|-boost|p2a: bad bitch|spd|0
|
|-weather|DesolateLand|[upkeep]
|-heal|p2a: bad bitch|100/100|[from] item: Leftovers
|upkeep
|turn|33
|
|t:|1665554640
|move|p1a: Groudon|Rock Tomb|p2a: bad bitch
|-damage|p2a: bad bitch|99/100
|move|p2a: bad bitch|Cosmic Power|p2a: bad bitch
|-boost|p2a: bad bitch|def|0
|-boost|p2a: bad bitch|spd|0
|
|-weather|DesolateLand|[upkeep]
|-heal|p2a: bad bitch|100/100|[from] item: Leftovers
|upkeep
|turn|34
|c|☆NykterStein|hmm im goin to do my quiz first wait
|inactive|NykterStein has 120 seconds left.
|c|☆NykterStein|brb
|c|☆PixLmonTest|ok
|inactive|NykterStein has 90 seconds left.
|inactive|NykterStein has 60 seconds left.
|inactive|NykterStein has 30 seconds left.
|inactive|NykterStein has 20 seconds left.
|inactive|NykterStein has 15 seconds left.
|inactive|NykterStein has 10 seconds left.
|
|t:|1665554770
|move|p1a: Groudon|Rock Tomb|p2a: bad bitch
|-damage|p2a: bad bitch|99/100
|move|p2a: bad bitch|Cosmic Power|p2a: bad bitch
|-boost|p2a: bad bitch|def|0
|-boost|p2a: bad bitch|spd|0
|
|-weather|DesolateLand|[upkeep]
|-heal|p2a: bad bitch|100/100|[from] item: Leftovers
|-end|p1a: Groudon|move: Taunt
|upkeep
|turn|35
|inactive|NykterStein has 20 seconds left this turn.
|inactive|NykterStein has 15 seconds left.
|
|t:|1665554779
|move|p1a: Groudon|Rock Tomb|p2a: bad bitch
|-damage|p2a: bad bitch|99/100
|move|p2a: bad bitch|Taunt|p1a: Groudon
|-start|p1a: Groudon|move: Taunt
|
|-weather|DesolateLand|[upkeep]
|-heal|p2a: bad bitch|100/100|[from] item: Leftovers
|upkeep
|turn|36
|inactive|NykterStein has 25 seconds left this turn.
|inactive|NykterStein has 20 seconds left.
|
|t:|1665554791
|move|p1a: Groudon|Rock Tomb|p2a: bad bitch
|-damage|p2a: bad bitch|99/100
|move|p2a: bad bitch|Cosmic Power|p2a: bad bitch
|-boost|p2a: bad bitch|def|0
|-boost|p2a: bad bitch|spd|0
|
|-weather|DesolateLand|[upkeep]
|-heal|p2a: bad bitch|100/100|[from] item: Leftovers
|upkeep
|turn|37
|inactive|NykterStein has 30 seconds left this turn.
|
|t:|1665554800
|move|p1a: Groudon|Rock Tomb|p2a: bad bitch
|-damage|p2a: bad bitch|99/100
|move|p2a: bad bitch|Cosmic Power|p2a: bad bitch
|-boost|p2a: bad bitch|def|0
|-boost|p2a: bad bitch|spd|0
|
|-weather|DesolateLand|[upkeep]
|-heal|p2a: bad bitch|100/100|[from] item: Leftovers
|upkeep
|turn|38
|inactive|NykterStein has 30 seconds left.
|
|t:|1665554809
|move|p1a: Groudon|Rock Tomb|p2a: bad bitch
|-damage|p2a: bad bitch|99/100
|move|p2a: bad bitch|Cosmic Power|p2a: bad bitch
|-boost|p2a: bad bitch|def|0
|-boost|p2a: bad bitch|spd|0
|
|-weather|DesolateLand|[upkeep]
|-heal|p2a: bad bitch|100/100|[from] item: Leftovers
|-end|p1a: Groudon|move: Taunt
|upkeep
|turn|39
|
|t:|1665554830
|move|p1a: Groudon|Rock Tomb|p2a: bad bitch
|-damage|p2a: bad bitch|99/100
|move|p2a: bad bitch|Taunt|p1a: Groudon
|-start|p1a: Groudon|move: Taunt
|
|-weather|DesolateLand|[upkeep]
|-heal|p2a: bad bitch|100/100|[from] item: Leftovers
|upkeep
|turn|40
|inactive|PixLmonTest has 120 seconds left.
|
|t:|1665554853
|move|p1a: Groudon|Rock Tomb|p2a: bad bitch
|-damage|p2a: bad bitch|99/100
|move|p2a: bad bitch|Taunt||[still]
|-fail|p2a: bad bitch
|
|-weather|DesolateLand|[upkeep]
|-heal|p2a: bad bitch|100/100|[from] item: Leftovers
|upkeep
|turn|41
|
|t:|1665554863
|move|p1a: Groudon|Rock Tomb|p2a: bad bitch|[miss]
|-miss|p1a: Groudon|p2a: bad bitch
|move|p2a: bad bitch|Taunt||[still]
|-fail|p2a: bad bitch
|
|-weather|DesolateLand|[upkeep]
|upkeep
|turn|42
|
|t:|1665554876
|move|p1a: Groudon|Rock Tomb|p2a: bad bitch
|-damage|p2a: bad bitch|99/100
|move|p2a: bad bitch|Cosmic Power|p2a: bad bitch
|-boost|p2a: bad bitch|def|0
|-boost|p2a: bad bitch|spd|0
|
|-weather|DesolateLand|[upkeep]
|-heal|p2a: bad bitch|100/100|[from] item: Leftovers
|-end|p1a: Groudon|move: Taunt
|upkeep
|turn|43
|
|t:|1665554885
|move|p1a: Groudon|Rock Tomb|p2a: bad bitch
|-damage|p2a: bad bitch|99/100
|move|p2a: bad bitch|Cosmic Power|p2a: bad bitch
|-boost|p2a: bad bitch|def|0
|-boost|p2a: bad bitch|spd|0
|
|-weather|DesolateLand|[upkeep]
|-heal|p2a: bad bitch|100/100|[from] item: Leftovers
|upkeep
|turn|44
|inactive|NykterStein has 60 seconds left.
|
|t:|1665554903
|move|p1a: Groudon|Overheat|p2a: bad bitch
|-damage|p2a: bad bitch|94/100
|move|p2a: bad bitch|Taunt|p1a: Groudon
|-start|p1a: Groudon|move: Taunt
|
|-weather|DesolateLand|[upkeep]
|-heal|p2a: bad bitch|99/100|[from] item: Leftovers
|upkeep
|turn|45
|
|t:|1665554915
|move|p1a: Groudon|Overheat|p2a: bad bitch
|-damage|p2a: bad bitch|95/100
|move|p2a: bad bitch|Charm|p1a: Groudon
|-unboost|p1a: Groudon|atk|0
|
|-weather|DesolateLand|[upkeep]
|-heal|p2a: bad bitch|100/100|[from] item: Leftovers
|upkeep
|turn|46
|
|t:|1665554921
|move|p1a: Groudon|Precipice Blades|p2a: bad bitch
|-damage|p2a: bad bitch|97/100
|move|p2a: bad bitch|Cosmic Power|p2a: bad bitch
|-boost|p2a: bad bitch|def|0
|-boost|p2a: bad bitch|spd|0
|
|-weather|DesolateLand|[upkeep]
|-heal|p2a: bad bitch|100/100|[from] item: Leftovers
|upkeep
|turn|47
|c|☆NykterStein|goona continue my quiz first bro
|c|☆PixLmonTest|I just won a whole other game
|inactive|NykterStein has 60 seconds left.
|c|☆PixLmonTest|since you started your "quiz"
|c|☆NykterStein|I see
|c|☆NykterStein|aight let me finish this
|inactive|NykterStein has 30 seconds left.
|c|☆NykterStein|the quiz
|inactive|NykterStein has 20 seconds left.
|inactive|NykterStein has 15 seconds left.
|inactive|NykterStein has 10 seconds left.
|
|t:|1665554992
|move|p1a: Groudon|Precipice Blades|p2a: bad bitch
|-damage|p2a: bad bitch|97/100
|move|p2a: bad bitch|Cosmic Power|p2a: bad bitch
|-boost|p2a: bad bitch|def|0
|-boost|p2a: bad bitch|spd|0
|
|-weather|DesolateLand|[upkeep]
|-heal|p2a: bad bitch|100/100|[from] item: Leftovers
|-end|p1a: Groudon|move: Taunt
|upkeep
|turn|48
|inactive|NykterStein has 20 seconds left this turn.
|inactive|NykterStein has 15 seconds left.
|c|☆PixLmonTest|report submitted btw
|
|t:|1665555001
|move|p1a: Groudon|Precipice Blades|p2a: bad bitch|[miss]
|-miss|p1a: Groudon|p2a: bad bitch
|move|p2a: bad bitch|Taunt|p1a: Groudon
|-start|p1a: Groudon|move: Taunt
|
|-weather|DesolateLand|[upkeep]
|upkeep
|turn|49
|inactive|NykterStein has 25 seconds left this turn.
|inactive|NykterStein has 20 seconds left.
|
|t:|1665555007
|move|p1a: Groudon|Precipice Blades|p2a: bad bitch|[miss]
|-miss|p1a: Groudon|p2a: bad bitch
|move|p2a: bad bitch|Charm|p1a: Groudon
|-unboost|p1a: Groudon|atk|0
|
|-weather|DesolateLand|[upkeep]
|upkeep
|turn|50
|inactive|NykterStein has 30 seconds left this turn.
|
|t:|1665555013
|-activate|p1a: Groudon|move: Struggle
|move|p1a: Groudon|Struggle|p2a: bad bitch
|-damage|p2a: bad bitch|99/100
|-damage|p1a: Groudon|75/100|[from] recoil
|move|p2a: bad bitch|Charm|p1a: Groudon
|-unboost|p1a: Groudon|atk|0
|
|-weather|DesolateLand|[upkeep]
|-heal|p2a: bad bitch|100/100|[from] item: Leftovers
|upkeep
|turn|51
|inactive|NykterStein has 30 seconds left.
|
|t:|1665555021
|-activate|p1a: Groudon|move: Struggle
|move|p1a: Groudon|Struggle|p2a: bad bitch
|-damage|p2a: bad bitch|99/100
|-damage|p1a: Groudon|50/100|[from] recoil
|move|p2a: bad bitch|Charm|p1a: Groudon
|-unboost|p1a: Groudon|atk|0
|
|-weather|DesolateLand|[upkeep]
|-heal|p2a: bad bitch|100/100|[from] item: Leftovers
|-end|p1a: Groudon|move: Taunt
|upkeep
|turn|52
|inactive|NykterStein has 30 seconds left.
|
|t:|1665555034
|switch|p2a: lunar bitch|Lunala|100/100
|-damage|p2a: lunar bitch|88/100|[from] Stealth Rock
|move|p1a: Groudon|Stealth Rock||[still]
|-fail|p1a: Groudon
|
|-weather|DesolateLand|[upkeep]
|upkeep
|turn|53
|inactive|NykterStein has 30 seconds left.
|
|t:|1665555061
|switch|p2a: bad bitch|Gothitelle, F|100/100
|-damage|p2a: bad bitch|88/100|[from] Stealth Rock
|-weather|none
|switch|p1a: Ho-Oh|Ho-Oh|100/100
|
|-heal|p2a: bad bitch|94/100|[from] item: Leftovers
|upkeep
|turn|54
|
|t:|1665555075
|move|p1a: Ho-Oh|Toxic|p2a: bad bitch
|-status|p2a: bad bitch|tox
|move|p2a: bad bitch|Cosmic Power|p2a: bad bitch
|-boost|p2a: bad bitch|def|1
|-boost|p2a: bad bitch|spd|1
|
|-heal|p2a: bad bitch|99/100 tox|[from] item: Leftovers
|-damage|p2a: bad bitch|94/100 tox|[from] psn
|upkeep
|turn|55
|
|t:|1665555088
|move|p1a: Ho-Oh|Sacred Fire|p2a: bad bitch
|-damage|p2a: bad bitch|69/100 tox
|move|p2a: bad bitch|Cosmic Power|p2a: bad bitch
|-boost|p2a: bad bitch|def|1
|-boost|p2a: bad bitch|spd|1
|
|-heal|p2a: bad bitch|75/100 tox|[from] item: Leftovers
|-damage|p2a: bad bitch|63/100 tox|[from] psn
|upkeep
|turn|56
|
|t:|1665555097
|-start|p1a: Ho-Oh|Dynamax|
|-heal|p1a: Ho-Oh|100/100|[silent]
|move|p1a: Ho-Oh|Max Flare|p2a: bad bitch
|-damage|p2a: bad bitch|38/100 tox
|-weather|SunnyDay
|move|p2a: bad bitch|Cosmic Power|p2a: bad bitch
|-boost|p2a: bad bitch|def|1
|-boost|p2a: bad bitch|spd|1
|
|-weather|SunnyDay|[upkeep]
|-heal|p2a: bad bitch|44/100 tox|[from] item: Leftovers
|-damage|p2a: bad bitch|26/100 tox|[from] psn
|upkeep
|turn|57
|
|t:|1665555110
|move|p1a: Ho-Oh|Max Flare|p2a: bad bitch
|-damage|p2a: bad bitch|0 fnt
|faint|p2a: bad bitch
|
|-weather|SunnyDay|[upkeep]
|upkeep
|c|☆PixLmonTest|yeah we're done with that for now
|
|t:|1665555122
|switch|p2a: splashy bitch|Arceus-Water|100/100
|-damage|p2a: splashy bitch|88/100|[from] Stealth Rock
|turn|58
|c|☆PixLmonTest|thanks though
|
|t:|1665555132
|move|p2a: splashy bitch|Toxic|p1a: Ho-Oh
|-status|p1a: Ho-Oh|tox
|move|p1a: Ho-Oh|Max Flare|p2a: splashy bitch
|-resisted|p2a: splashy bitch
|-damage|p2a: splashy bitch|67/100
|
|-weather|SunnyDay|[upkeep]
|-damage|p1a: Ho-Oh|97/100 tox|[from] psn
|upkeep
|-end|p1a: Ho-Oh|Dynamax
|-heal|p1a: Ho-Oh|98/100 tox|[silent]
|turn|59
|
|t:|1665555145
|switch|p2a: puppy bitch|Zacian-Crowned|100/100
|-damage|p2a: puppy bitch|94/100|[from] Stealth Rock
|-ability|p2a: puppy bitch|Intrepid Sword|boost
|-boost|p2a: puppy bitch|atk|1
|move|p1a: Ho-Oh|Toxic|p2a: puppy bitch
|-immune|p2a: puppy bitch
|
|-weather|SunnyDay|[upkeep]
|-damage|p1a: Ho-Oh|86/100 tox|[from] psn
|upkeep
|turn|60
|
|t:|1665555154
|move|p2a: puppy bitch|Wild Charge|p1a: Ho-Oh
|-supereffective|p1a: Ho-Oh
|-damage|p1a: Ho-Oh|14/100 tox
|-damage|p2a: puppy bitch|72/100|[from] Recoil
|move|p1a: Ho-Oh|Sacred Fire|p2a: puppy bitch
|-supereffective|p2a: puppy bitch
|-damage|p2a: puppy bitch|0 fnt
|faint|p2a: puppy bitch
|
|-weather|none
|-damage|p1a: Ho-Oh|0 fnt|[from] psn
|faint|p1a: Ho-Oh
|upkeep
|c|☆PixLmonTest|ok ok you hit me
|c|☆PixLmonTest|good
|c|☆PixLmonTest|now I hit you
|inactive|NykterStein has 60 seconds left.
|
|t:|1665555166
|switch|p2a: splashy bitch|Arceus-Water|67/100
|switch|p1a: Groudon|Groudon-Primal|50/100
|-damage|p2a: splashy bitch|54/100|[from] Stealth Rock
|-damage|p1a: Groudon|38/100|[from] Stealth Rock
|-weather|DesolateLand|[from] ability: Desolate Land|[of] p1a: Groudon
|turn|61
|inactive|NykterStein has 60 seconds left.
|c|☆NykterStein|im done with my test
|c|☆PixLmonTest|was your test how to lose in showdown?
|c|☆NykterStein|uuhhh alt tab pero second is so hard man
|inactive|NykterStein has 30 seconds left.
|c|☆NykterStein|per second
|c|☆PixLmonTest|Im just letting you know
|
|t:|1665555206
|-weather|none
|switch|p1a: Yveltal|Yveltal|100/100
|-damage|p1a: Yveltal|76/100|[from] Stealth Rock
|-ability|p1a: Yveltal|Dark Aura
|move|p2a: splashy bitch|Toxic|p1a: Yveltal
|-status|p1a: Yveltal|tox
|
|-damage|p1a: Yveltal|69/100 tox|[from] psn
|upkeep
|turn|62
|c|☆PixLmonTest|I reported you
|c|☆PixLmonTest|like a while ago
|
|t:|1665555216
|move|p2a: splashy bitch|Recover|p2a: splashy bitch
|-heal|p2a: splashy bitch|100/100
|move|p1a: Yveltal|Oblivion Wing|p2a: splashy bitch
|-damage|p2a: splashy bitch|61/100
|-heal|p1a: Yveltal|100/100 tox|[from] drain|[of] p2a: splashy bitch
|-damage|p1a: Yveltal|91/100 tox|[from] item: Life Orb
|
|-damage|p1a: Yveltal|78/100 tox|[from] psn
|upkeep
|turn|63
|
|t:|1665555225
|switch|p1a: Rayquaza|Rayquaza|100/100
|-damage|p1a: Rayquaza|76/100|[from] Stealth Rock
|-ability|p1a: Rayquaza|Air Lock
|move|p2a: splashy bitch|Recover|p2a: splashy bitch
|-heal|p2a: splashy bitch|100/100
|
|upkeep
|turn|64
|
|t:|1665555232
|detailschange|p1a: Rayquaza|Rayquaza-Mega
|-mega|p1a: Rayquaza|Rayquaza|
|-weather|DeltaStream|[from] ability: Delta Stream|[of] p1a: Rayquaza
|move|p1a: Rayquaza|Dragon Dance|p1a: Rayquaza
|-boost|p1a: Rayquaza|atk|1
|-boost|p1a: Rayquaza|spe|1
|move|p2a: splashy bitch|Toxic|p1a: Rayquaza
|-status|p1a: Rayquaza|tox
|
|-weather|DeltaStream|[upkeep]
|-damage|p1a: Rayquaza|70/100 tox|[from] psn
|upkeep
|turn|65
|
|t:|1665555247
|move|p1a: Rayquaza|Dragon Ascent|p2a: splashy bitch
|-damage|p2a: splashy bitch|1/100
|-unboost|p1a: Rayquaza|def|1
|-unboost|p1a: Rayquaza|spd|1
|-damage|p1a: Rayquaza|60/100 tox|[from] item: Life Orb
|move|p2a: splashy bitch|Recover|p2a: splashy bitch
|-heal|p2a: splashy bitch|51/100
|
|-weather|DeltaStream|[upkeep]
|-damage|p1a: Rayquaza|48/100 tox|[from] psn
|upkeep
|turn|66
|
|t:|1665555257
|-start|p2a: splashy bitch|Dynamax|
|-heal|p2a: splashy bitch|51/100|[silent]
|move|p2a: splashy bitch|Max Guard|p2a: splashy bitch
|-singleturn|p2a: splashy bitch|Max Guard
|move|p1a: Rayquaza|Dragon Ascent|p2a: splashy bitch
|-activate|p2a: splashy bitch|move: Max Guard
|
|-weather|DeltaStream|[upkeep]
|-damage|p1a: Rayquaza|30/100 tox|[from] psn
|upkeep
|turn|67
|
|t:|1665555265
|move|p1a: Rayquaza|Dragon Ascent|p2a: splashy bitch
|-crit|p2a: splashy bitch
|-damage|p2a: splashy bitch|0 fnt
|-unboost|p1a: Rayquaza|def|1
|-unboost|p1a: Rayquaza|spd|1
|faint|p2a: splashy bitch
|-damage|p1a: Rayquaza|20/100 tox|[from] item: Life Orb
|
|-weather|DeltaStream|[upkeep]
|-damage|p1a: Rayquaza|0 fnt|[from] psn
|faint|p1a: Rayquaza
|-weather|none
|upkeep
|inactive|NykterStein has 60 seconds left.
|
|t:|1665555276
|switch|p1a: Ditto|Ditto|100/100
|switch|p2a: evil bitch|Yveltal|100/100
|-ability|p2a: evil bitch|Dark Aura
|-damage|p1a: Ditto|88/100|[from] Stealth Rock
|-transform|p1a: Ditto|p2a: evil bitch|[from] ability: Imposter
|-ability|p1a: Ditto|Dark Aura
|turn|68
|inactive|NykterStein has 60 seconds left.
|
|t:|1665555288
|move|p1a: Ditto|Toxic|p2a: evil bitch
|-status|p2a: evil bitch|tox
|move|p2a: evil bitch|Toxic|p1a: Ditto
|-status|p1a: Ditto|tox
|
|-damage|p1a: Ditto|82/100 tox|[from] psn
|-damage|p2a: evil bitch|94/100 tox|[from] psn
|upkeep
|turn|69
|inactive|NykterStein has 60 seconds left.
|
|t:|1665555296
|switch|p1a: Groudon|Groudon-Primal|38/100
|-damage|p1a: Groudon|26/100|[from] Stealth Rock
|-weather|DesolateLand|[from] ability: Desolate Land|[of] p1a: Groudon
|move|p2a: evil bitch|Toxic|p1a: Groudon|[miss]
|-miss|p2a: evil bitch|p1a: Groudon
|
|-weather|DesolateLand|[upkeep]
|-damage|p2a: evil bitch|82/100 tox|[from] psn
|upkeep
|turn|70
|
|t:|1665555305
|move|p2a: evil bitch|Toxic|p1a: Groudon|[miss]
|-miss|p2a: evil bitch|p1a: Groudon
|move|p1a: Groudon|Stealth Rock||[still]
|-fail|p1a: Groudon
|
|-weather|DesolateLand|[upkeep]
|-damage|p2a: evil bitch|64/100 tox|[from] psn
|upkeep
|turn|71
|
|t:|1665555315
|-weather|none
|switch|p1a: Arceus|Arceus-Water|100/100
|-damage|p1a: Arceus|88/100|[from] Stealth Rock
|move|p2a: evil bitch|Toxic|p1a: Arceus
|-status|p1a: Arceus|tox
|
|-damage|p1a: Arceus|82/100 tox|[from] psn
|-damage|p2a: evil bitch|39/100 tox|[from] psn
|upkeep
|turn|72
|
|t:|1665555324
|move|p1a: Arceus|Calm Mind|p1a: Arceus
|-boost|p1a: Arceus|spa|1
|-boost|p1a: Arceus|spd|1
|move|p2a: evil bitch|Roost|p2a: evil bitch
|-heal|p2a: evil bitch|89/100 tox
|-singleturn|p2a: evil bitch|move: Roost
|
|-damage|p1a: Arceus|70/100 tox|[from] psn
|-damage|p2a: evil bitch|58/100 tox|[from] psn
|upkeep
|turn|73
|
|t:|1665555334
|move|p1a: Arceus|Calm Mind|p1a: Arceus
|-boost|p1a: Arceus|spa|1
|-boost|p1a: Arceus|spd|1
|move|p2a: evil bitch|Taunt|p1a: Arceus
|-start|p1a: Arceus|move: Taunt
|
|-damage|p1a: Arceus|52/100 tox|[from] psn
|-damage|p2a: evil bitch|21/100 tox|[from] psn
|upkeep
|turn|74
|
|t:|1665555342
|move|p1a: Arceus|Judgment|p2a: evil bitch
|-damage|p2a: evil bitch|0 fnt
|faint|p2a: evil bitch
|
|-damage|p1a: Arceus|27/100 tox|[from] psn
|upkeep
|
|t:|1665555348
|switch|p2a: lunar bitch|Lunala|88/100
|-damage|p2a: lunar bitch|76/100|[from] Stealth Rock
|turn|75
|
|t:|1665555355
|move|p2a: lunar bitch|Moonblast|p1a: Arceus
|-damage|p1a: Arceus|11/100 tox
|move|p1a: Arceus|Judgment|p2a: lunar bitch
|-damage|p2a: lunar bitch|4/100
|
|-damage|p1a: Arceus|0 fnt|[from] psn
|faint|p1a: Arceus
|upkeep
|
|t:|1665555358
|switch|p1a: Ditto|Ditto|82/100 tox
|-damage|p1a: Ditto|70/100 tox|[from] Stealth Rock
|-transform|p1a: Ditto|p2a: lunar bitch|[from] ability: Imposter
|turn|76
|
|t:|1665555368
|move|p1a: Ditto|Moongeist Beam|p2a: lunar bitch
|-supereffective|p2a: lunar bitch
|-damage|p2a: lunar bitch|0 fnt
|faint|p2a: lunar bitch
|
|win|PixLmonTest
|raw|PixLmonTest's rating: 1610 &rarr; <strong>1630</strong><br />(+20 for winning)
|raw|NykterStein's rating: 1610 &rarr; <strong>1590</strong><br />(-20 for losing)
|c|☆NykterStein|gg
|c|☆PixLmonTest|no
|c|☆PixLmonTest|no gg
