|j|☆JAY100064
|j|☆LOL K the memer
|t:|1622915483
|gametype|singles
|player|p1|JAY100064|preschooler|1337
|player|p2|LOL K the memer|proton|1248
|teamsize|p1|6
|teamsize|p2|6
|gen|8
|tier|[Gen 8] National Dex AG
|rated|
|rule|HP Percentage Mod: HP is shown in percentages
|rule|Endless Battle Clause: Forcing endless battles is banned
|clearpoke
|poke|p1|Arceus-*|
|poke|p1|Giratina|
|poke|p1|Lugia|
|poke|p1|Sableye, F|
|poke|p1|Chansey, F|
|poke|p1|Quagsire, F|
|poke|p2|Groudon|
|poke|p2|Kyogre|
|poke|p2|Rayquaza|
|poke|p2|Kyurem-Black|
|poke|p2|Zacian-*|
|poke|p2|Genesect|
|teampreview
|c|☆JAY100064|sees Ubers
|c|☆LOL K the memer|je sus
|c|☆JAY100064|:_3
|
|t:|1622915513
|start
|switch|p1a: Lugia|Lugia|100/100
|switch|p2a: Kyogre|Kyogre, shiny|100/100
|detailschange|p2a: Kyogre|Kyogre-Primal, shiny
|-primal|p2a: Kyogre
|-weather|PrimordialSea|[from] ability: Primordial Sea|[of] p2a: Kyogre
|turn|1
|
|t:|1622915523
|switch|p1a: Chansey|Chansey, F|100/100
|move|p2a: Kyogre|Water Spout|p1a: Chansey
|-damage|p1a: Chansey|64/100
|
|-weather|PrimordialSea|[upkeep]
|upkeep
|turn|2
|
|t:|1622915534
|move|p2a: Kyogre|Blizzard|p1a: Chansey
|-damage|p1a: Chansey|52/100
|move|p1a: Chansey|Soft-Boiled|p1a: Chansey
|-heal|p1a: Chansey|100/100
|
|-weather|PrimordialSea|[upkeep]
|upkeep
|turn|3
|
|t:|1622915542
|move|p2a: Kyogre|Water Spout|p1a: Chansey
|-damage|p1a: Chansey|66/100
|move|p1a: Chansey|Toxic|p2a: Kyogre
|-status|p2a: Kyogre|tox
|
|-weather|PrimordialSea|[upkeep]
|-damage|p2a: Kyogre|94/100 tox|[from] psn
|upkeep
|turn|4
|c|☆LOL K the memer|hahaha
|
|t:|1622915550
|move|p2a: Kyogre|Aqua Tail|p1a: Chansey
|-damage|p1a: Chansey|17/100
|move|p1a: Chansey|Soft-Boiled|p1a: Chansey
|-heal|p1a: Chansey|67/100
|
|-weather|PrimordialSea|[upkeep]
|-damage|p2a: Kyogre|82/100 tox|[from] psn
|upkeep
|turn|5
|
|t:|1622915558
|move|p2a: Kyogre|Aqua Tail|p1a: Chansey
|-damage|p1a: Chansey|15/100
|move|p1a: Chansey|Soft-Boiled|p1a: Chansey
|-heal|p1a: Chansey|65/100
|
|-weather|PrimordialSea|[upkeep]
|-damage|p2a: Kyogre|64/100 tox|[from] psn
|upkeep
|turn|6
|
|t:|1622915573
|move|p2a: Kyogre|Aqua Tail|p1a: Chansey|[miss]
|-miss|p2a: Kyogre|p1a: Chansey
|move|p1a: Chansey|Soft-Boiled|p1a: Chansey
|-heal|p1a: Chansey|100/100
|
|-weather|PrimordialSea|[upkeep]
|-damage|p2a: Kyogre|39/100 tox|[from] psn
|upkeep
|turn|7
|-message|LOL K the memer forfeited.
|
|win|JAY100064
|raw|JAY100064's rating: 1337 &rarr; <strong>1352</strong><br />(+15 for winning)
|raw|LOL K the memer's rating: 1248 &rarr; <strong>1229</strong><br />(-19 for losing)
|l|☆LOL K the memer
