|j|☆Glass101
|j|☆ThyKingCharles
|t:|1641165744
|gametype|singles
|player|p1|Glass101|rocketgrunt|1676
|player|p2|ThyKingCharles|zinnia|1760
|teamsize|p1|6
|teamsize|p2|6
|gen|8
|tier|[Gen 8] National Dex AG
|rated|
|rule|HP Percentage Mod: HP is shown in percentages
|rule|Endless Battle Clause: Forcing endless battles is banned
|clearpoke
|poke|p1|Ditto|
|poke|p1|Zacian-*|
|poke|p1|Yveltal|
|poke|p1|Rayquaza|
|poke|p1|Groudon|
|poke|p1|Arceus-*|
|poke|p2|Rayquaza|
|poke|p2|Arceus-*|
|poke|p2|Yveltal|
|poke|p2|Zacian-*|
|poke|p2|Necrozma-Dusk-Mane|
|poke|p2|Marshadow|
|teampreview
|
|t:|1641165749
|start
|switch|p1a: Thunder Thighs|Groudon, shiny|100/100
|switch|p2a: Arceus|Arceus|100/100
|detailschange|p1a: Thunder Thighs|Groudon-Primal, shiny
|-primal|p1a: Thunder Thighs
|-weather|DesolateLand|[from] ability: Desolate Land|[of] p1a: Thunder Thighs
|turn|1
|
|t:|1641165756
|move|p2a: Arceus|Earthquake|p1a: Thunder Thighs
|-supereffective|p1a: Thunder Thighs
|-damage|p1a: Thunder Thighs|52/100
|move|p1a: Thunder Thighs|Precipice Blades|p2a: Arceus
|-damage|p2a: Arceus|45/100
|
|-weather|DesolateLand|[upkeep]
|upkeep
|turn|2
|
|t:|1641165762
|move|p2a: Arceus|Earthquake|p1a: Thunder Thighs
|-supereffective|p1a: Thunder Thighs
|-damage|p1a: Thunder Thighs|5/100
|move|p1a: Thunder Thighs|Precipice Blades|p2a: Arceus
|-damage|p2a: Arceus|0 fnt
|faint|p2a: Arceus
|
|-weather|DesolateLand|[upkeep]
|upkeep
|
|t:|1641165772
|switch|p2a: Necrozma|Necrozma-Dusk-Mane|100/100
|turn|3
|
|t:|1641165774
|move|p2a: Necrozma|Earthquake|p1a: Thunder Thighs
|-supereffective|p1a: Thunder Thighs
|-damage|p1a: Thunder Thighs|0 fnt
|faint|p1a: Thunder Thighs
|-weather|none
|
|upkeep
|
|t:|1641165779
|switch|p1a: Owch|Yveltal, shiny|100/100
|-ability|p1a: Owch|Dark Aura
|turn|4
|
|t:|1641165786
|switch|p2a: Zacian|Zacian-Crowned|100/100
|-ability|p2a: Zacian|Intrepid Sword|boost
|-boost|p2a: Zacian|atk|1
|-start|p1a: Owch|Dynamax
|-heal|p1a: Owch|100/100|[silent]
|move|p1a: Owch|Max Airstream|p2a: Zacian
|-resisted|p2a: Zacian
|-damage|p2a: Zacian|61/100
|-boost|p1a: Owch|spe|1
|-damage|p1a: Owch|96/100|[from] item: Life Orb
|
|upkeep
|turn|5
|
|t:|1641165797
|move|p1a: Owch|Max Flare|p2a: Zacian
|-supereffective|p2a: Zacian
|-damage|p2a: Zacian|0 fnt
|-weather|SunnyDay
|faint|p2a: Zacian
|-damage|p1a: Owch|91/100|[from] item: Life Orb
|
|-weather|SunnyDay|[upkeep]
|upkeep
|
|t:|1641165806
|switch|p2a: Yveltal|Yveltal|100/100
|-ability|p2a: Yveltal|Dark Aura
|turn|6
|
|t:|1641165810
|-start|p2a: Yveltal|Dynamax
|-heal|p2a: Yveltal|100/100|[silent]
|move|p2a: Yveltal|Max Guard|p2a: Yveltal
|-singleturn|p2a: Yveltal|Max Guard
|move|p1a: Owch|Max Airstream|p2a: Yveltal
|-activate|p2a: Yveltal|move: Max Guard
|
|-weather|SunnyDay|[upkeep]
|-end|p1a: Owch|Dynamax
|-heal|p1a: Owch|91/100|[silent]
|upkeep
|turn|7
|j| Pikapikaraipika
|
|t:|1641165821
|switch|p1a: Boop-|Zacian-Crowned, shiny|100/100
|-ability|p1a: Boop-|Intrepid Sword|boost
|-boost|p1a: Boop-|atk|1
|move|p2a: Yveltal|Max Airstream|p1a: Boop-
|-resisted|p1a: Boop-
|-damage|p1a: Boop-|64/100
|-boost|p2a: Yveltal|spe|1
|
|-weather|SunnyDay|[upkeep]
|upkeep
|turn|8
|l| Pikapikaraipika
|
|t:|1641165831
|switch|p1a: Gas Powered Stick|Rayquaza|100/100
|-ability|p1a: Gas Powered Stick|Air Lock
|move|p2a: Yveltal|Max Darkness|p1a: Gas Powered Stick
|-damage|p1a: Gas Powered Stick|0 fnt
|faint|p1a: Gas Powered Stick
|
|-weather|SunnyDay|[upkeep]
|-end|p2a: Yveltal|Dynamax
|-heal|p2a: Yveltal|100/100|[silent]
|upkeep
|
|t:|1641165842
|switch|p1a: Boop-|Zacian-Crowned, shiny|64/100
|-ability|p1a: Boop-|Intrepid Sword|boost
|-boost|p1a: Boop-|atk|1
|turn|9
|inactive|Battle timer is ON: inactive players will automatically lose when time's up. (requested by Glass101)
|
|t:|1641165855
|switch|p2a: Necrozma|Necrozma-Dusk-Mane|100/100
|move|p1a: Boop-|Play Rough|p2a: Necrozma
|-resisted|p2a: Necrozma
|-damage|p2a: Necrozma|64/100
|
|-weather|none
|upkeep
|turn|10
|
|t:|1641165862
|switch|p1a: Owch|Yveltal, shiny|91/100
|-ability|p1a: Owch|Dark Aura
|move|p2a: Necrozma|Earthquake|p1a: Owch
|-immune|p1a: Owch
|
|upkeep
|turn|11
|
|t:|1641165869
|move|p1a: Owch|Dark Pulse|p2a: Necrozma
|-supereffective|p2a: Necrozma
|-damage|p2a: Necrozma|0 fnt
|faint|p2a: Necrozma
|-damage|p1a: Owch|81/100|[from] item: Life Orb
|
|upkeep
|
|t:|1641165873
|switch|p2a: Rayquaza|Rayquaza|100/100
|-ability|p2a: Rayquaza|Air Lock
|turn|12
|
|t:|1641165882
|detailschange|p2a: Rayquaza|Rayquaza-Mega
|-mega|p2a: Rayquaza|Rayquaza|
|-weather|DeltaStream|[from] ability: Delta Stream|[of] p2a: Rayquaza
|move|p2a: Rayquaza|Dragon Ascent|p1a: Owch
|-damage|p1a: Owch|0 fnt
|-unboost|p2a: Rayquaza|def|1
|-unboost|p2a: Rayquaza|spd|1
|faint|p1a: Owch
|-damage|p2a: Rayquaza|91/100|[from] item: Life Orb
|
|-weather|DeltaStream|[upkeep]
|upkeep
|
|t:|1641165892
|switch|p1a: Boop-|Zacian-Crowned, shiny|64/100
|-ability|p1a: Boop-|Intrepid Sword|boost
|-boost|p1a: Boop-|atk|1
|turn|13
|
|t:|1641165898
|move|p2a: Rayquaza|Extreme Speed|p1a: Boop-
|-resisted|p1a: Boop-
|-damage|p1a: Boop-|41/100
|-damage|p2a: Rayquaza|81/100|[from] item: Life Orb
|move|p1a: Boop-|Behemoth Blade|p2a: Rayquaza
|-damage|p2a: Rayquaza|0 fnt
|faint|p2a: Rayquaza
|-weather|none
|
|upkeep
|
|t:|1641165910
|switch|p2a: Marshadow|Marshadow|100/100
|turn|14
|
|t:|1641165913
|move|p2a: Marshadow|Shadow Sneak|p1a: Boop-
|-damage|p1a: Boop-|12/100
|move|p1a: Boop-|Behemoth Blade|p2a: Marshadow
|-enditem|p2a: Marshadow|Focus Sash
|-damage|p2a: Marshadow|1/100
|
|upkeep
|turn|15
|
|t:|1641165919
|switch|p1a: Just God :/|Arceus|100/100
|move|p2a: Marshadow|Shadow Sneak|p1a: Just God :/
|-immune|p1a: Just God :/
|
|upkeep
|turn|16
|
|t:|1641165924
|switch|p1a: You're Me ^^|Ditto|100/100
|-transform|p1a: You're Me ^^|p2a: Marshadow|[from] ability: Imposter
|move|p2a: Marshadow|Close Combat|p1a: You're Me ^^
|-immune|p1a: You're Me ^^
|
|upkeep
|turn|17
|
|t:|1641165932
|move|p1a: You're Me ^^|Shadow Sneak|p2a: Marshadow
|-supereffective|p2a: Marshadow
|-damage|p2a: Marshadow|0 fnt
|faint|p2a: Marshadow
|
|upkeep
|j| UncleShannon
|
|t:|1641165934
|switch|p2a: Yveltal|Yveltal|100/100
|-ability|p2a: Yveltal|Dark Aura
|turn|18
|
|t:|1641165939
|switch|p1a: Just God :/|Arceus|100/100
|move|p2a: Yveltal|Oblivion Wing|p1a: Just God :/
|-damage|p1a: Just God :/|69/100
|
|-heal|p1a: Just God :/|75/100|[from] item: Leftovers
|upkeep
|turn|19
|
|t:|1641165946
|move|p1a: Just God :/|Extreme Speed|p2a: Yveltal
|-damage|p2a: Yveltal|62/100
|move|p2a: Yveltal|Dark Pulse|p1a: Just God :/
|-damage|p1a: Just God :/|29/100
|
|-heal|p1a: Just God :/|35/100|[from] item: Leftovers
|upkeep
|turn|20
|
|t:|1641165953
|move|p1a: Just God :/|Extreme Speed|p2a: Yveltal
|-damage|p2a: Yveltal|26/100
|move|p2a: Yveltal|Oblivion Wing|p1a: Just God :/
|-damage|p1a: Just God :/|2/100
|-heal|p2a: Yveltal|50/100|[from] drain|[of] p1a: Just God :/
|
|-heal|p1a: Just God :/|8/100|[from] item: Leftovers
|upkeep
|turn|21
|l| UncleShannon
|
|t:|1641165962
|move|p1a: Just God :/|Extreme Speed|p2a: Yveltal
|-damage|p2a: Yveltal|14/100
|move|p2a: Yveltal|Oblivion Wing|p1a: Just God :/
|-damage|p1a: Just God :/|0 fnt
|-heal|p2a: Yveltal|19/100|[from] drain|[of] p1a: Just God :/
|faint|p1a: Just God :/
|
|upkeep
|
|t:|1641165970
|switch|p1a: Boop-|Zacian-Crowned, shiny|12/100
|-ability|p1a: Boop-|Intrepid Sword|boost
|-boost|p1a: Boop-|atk|1
|turn|22
|
|t:|1641165974
|move|p2a: Yveltal|Sucker Punch|p1a: Boop-
|-resisted|p1a: Boop-
|-damage|p1a: Boop-|0 fnt
|faint|p1a: Boop-
|
|upkeep
|
|t:|1641165978
|switch|p1a: You're Me ^^|Ditto|100/100
|-transform|p1a: You're Me ^^|p2a: Yveltal|[from] ability: Imposter
|-ability|p1a: You're Me ^^|Dark Aura
|turn|23
|
|t:|1641165986
|move|p1a: You're Me ^^|Oblivion Wing|p2a: Yveltal
|-damage|p2a: Yveltal|0 fnt
|faint|p2a: Yveltal
|
|win|Glass101
|raw|Glass101's rating: 1676 &rarr; <strong>1701</strong><br />(+25 for winning)
|raw|ThyKingCharles's rating: 1760 &rarr; <strong>1735</strong><br />(-25 for losing)
|l|☆ThyKingCharles
