|j|☆Ankit_Bharatula
|j|☆Blacronium
|t:|1625485393
|gametype|singles
|player|p1|Ankit_Bharatula|unknown|
|player|p2|Blacronium|waiter-gen4dp|
|teamsize|p1|6
|teamsize|p2|6
|gen|8
|tier|[Gen 8] National Dex AG
|rule|HP Percentage Mod: HP is shown in percentages
|rule|Endless Battle Clause: Forcing endless battles is banned
|clearpoke
|poke|p1|Darkrai|
|poke|p1|Rayquaza|
|poke|p1|Necrozma-Dusk-Mane|
|poke|p1|Mewtwo|
|poke|p1|Genesect|
|poke|p1|Zacian-*|
|poke|p2|Necrozma-Dusk-Mane|
|poke|p2|Golisopod, F|
|poke|p2|Darmanitan-Galar, M|
|poke|p2|Salamence, M|
|poke|p2|Aerodactyl, M|
|poke|p2|Grimmsnarl, M|
|teampreview
|inactive|Battle timer is ON: inactive players will automatically lose when time's up. (requested by Ankit_Bharatula)
|
|t:|1625485397
|start
|switch|p1a: Zacian|Zacian-Crowned|100/100
|switch|p2a: Controll|Grimmsnarl, M|100/100
|-ability|p1a: Zacian|Intrepid Sword|boost
|-boost|p1a: Zacian|atk|1
|turn|1
|
|t:|1625485404
|move|p2a: Controll|Fake Out|p1a: Zacian
|-resisted|p1a: Zacian
|-damage|p1a: Zacian|95/100
|cant|p1a: Zacian|flinch
|
|upkeep
|turn|2
|
|t:|1625485409
|move|p2a: Controll|Thunder Wave|p1a: Zacian
|-status|p1a: Zacian|par
|move|p1a: Zacian|Swords Dance|p1a: Zacian
|-boost|p1a: Zacian|atk|2
|
|upkeep
|turn|3
|
|t:|1625485417
|move|p2a: Controll|Sucker Punch|p1a: Zacian
|-resisted|p1a: Zacian
|-damage|p1a: Zacian|80/100 par
|cant|p1a: Zacian|par
|
|upkeep
|turn|4
|
|t:|1625485422
|move|p2a: Controll|Sucker Punch|p1a: Zacian
|-resisted|p1a: Zacian
|-damage|p1a: Zacian|66/100 par
|move|p1a: Zacian|Play Rough|p2a: Controll
|-supereffective|p2a: Controll
|-damage|p2a: Controll|0 fnt
|-damage|p1a: Zacian|49/100 par|[from] item: Rocky Helmet|[of] p2a: Controll
|faint|p2a: Controll
|
|upkeep
|
|t:|1625485425
|switch|p2a: bye modah fuqah|Darmanitan-Galar, M|100/100
|turn|5
|
|t:|1625485435
|move|p2a: bye modah fuqah|Earthquake|p1a: Zacian
|-supereffective|p1a: Zacian
|-damage|p1a: Zacian|0 fnt
|faint|p1a: Zacian
|
|upkeep
|
|t:|1625485443
|switch|p1a: Rayquaza|Rayquaza|100/100
|-ability|p1a: Rayquaza|Air Lock
|turn|6
|
|t:|1625485451
|switch|p2a: Read dem minds|Aerodactyl, M|100/100
|-ability|p2a: Read dem minds|Unnerve
|detailschange|p1a: Rayquaza|Rayquaza-Mega
|-mega|p1a: Rayquaza|Rayquaza|
|-weather|DeltaStream|[from] ability: Delta Stream|[of] p1a: Rayquaza
|move|p1a: Rayquaza|V-create|p2a: Read dem minds
|-resisted|p2a: Read dem minds
|-damage|p2a: Read dem minds|39/100
|-unboost|p1a: Rayquaza|spe|1
|-unboost|p1a: Rayquaza|def|1
|-unboost|p1a: Rayquaza|spd|1
|-enditem|p1a: Rayquaza|White Herb
|-clearnegativeboost|p1a: Rayquaza|[silent]
|
|-weather|DeltaStream|[upkeep]
|upkeep
|turn|7
|
|t:|1625485465
|detailschange|p2a: Read dem minds|Aerodactyl-Mega, M
|-mega|p2a: Read dem minds|Aerodactyl|Aerodactylite
|move|p2a: Read dem minds|Fly||[still]
|-prepare|p2a: Read dem minds|Fly
|move|p1a: Rayquaza|Iron Head|p2a: Read dem minds|[miss]
|-miss|p1a: Rayquaza|p2a: Read dem minds
|
|-weather|DeltaStream|[upkeep]
|upkeep
|turn|8
|
|t:|1625485473
|-weather|none
|switch|p1a: Genesect|Genesect, shiny|100/100
|-ability|p1a: Genesect|Download|boost
|-boost|p1a: Genesect|atk|1
|move|p2a: Read dem minds|Fly|p1a: Genesect|[from]lockedmove
|-damage|p1a: Genesect|24/100
|
|upkeep
|turn|9
|
|t:|1625485482
|move|p2a: Read dem minds|Fly||[still]
|-prepare|p2a: Read dem minds|Fly
|move|p1a: Genesect|Blaze Kick|p2a: Read dem minds|[miss]
|-miss|p1a: Genesect|p2a: Read dem minds
|
|upkeep
|turn|10
|
|t:|1625485488
|move|p2a: Read dem minds|Fly|p1a: Genesect|[from]lockedmove
|-damage|p1a: Genesect|0 fnt
|faint|p1a: Genesect
|
|upkeep
|
|t:|1625485493
|switch|p1a: Darkrai|Darkrai|100/100
|turn|11
|
|t:|1625485497
|move|p2a: Read dem minds|Fly||[still]
|-prepare|p2a: Read dem minds|Fly
|move|p1a: Darkrai|Hypnosis|p2a: Read dem minds|[miss]
|-miss|p1a: Darkrai|p2a: Read dem minds
|
|upkeep
|turn|12
|
|t:|1625485515
|-start|p1a: Darkrai|Dynamax
|-heal|p1a: Darkrai|100/100|[silent]
|move|p2a: Read dem minds|Fly|p1a: Darkrai|[from]lockedmove
|-damage|p1a: Darkrai|59/100
|move|p1a: Darkrai|Max Wyrmwind|p2a: Read dem minds
|-damage|p2a: Read dem minds|0 fnt
|faint|p2a: Read dem minds
|
|upkeep
|
|t:|1625485525
|switch|p2a: Le bridge|Golisopod, F, shiny|100/100
|turn|13
|
|t:|1625485529
|move|p2a: Le bridge|First Impression|p1a: Darkrai
|-supereffective|p1a: Darkrai
|-damage|p1a: Darkrai|0 fnt
|faint|p1a: Darkrai
|
|upkeep
|
|t:|1625485536
|switch|p1a: Mewtwo|Mewtwo|100/100
|-ability|p1a: Mewtwo|Pressure
|turn|14
|
|t:|1625485545
|move|p2a: Le bridge|Aqua Jet|p1a: Mewtwo
|-damage|p1a: Mewtwo|76/100
|move|p1a: Mewtwo|Aura Sphere|p2a: Le bridge
|-resisted|p2a: Le bridge
|-damage|p2a: Le bridge|88/100
|-damage|p1a: Mewtwo|67/100|[from] item: Life Orb
|
|upkeep
|turn|15
|
|t:|1625485553
|switch|p1a: Rayquaza|Rayquaza-Mega|100/100
|-weather|DeltaStream|[from] ability: Delta Stream|[of] p1a: Rayquaza
|move|p2a: Le bridge|Sucker Punch||[still]
|-fail|p2a: Le bridge
|
|-weather|DeltaStream|[upkeep]
|upkeep
|turn|16
|
|t:|1625485560
|move|p2a: Le bridge|Sucker Punch|p1a: Rayquaza
|-damage|p1a: Rayquaza|77/100
|move|p1a: Rayquaza|Dragon Ascent|p2a: Le bridge
|-supereffective|p2a: Le bridge
|-damage|p2a: Le bridge|0 fnt
|-unboost|p1a: Rayquaza|def|1
|-unboost|p1a: Rayquaza|spd|1
|faint|p2a: Le bridge
|
|-weather|DeltaStream|[upkeep]
|upkeep
|
|t:|1625485573
|switch|p2a: Yeeee|Necrozma-Dusk-Mane|100/100
|turn|17
|
|t:|1625485582
|move|p1a: Rayquaza|Dragon Claw|p2a: Yeeee
|-resisted|p2a: Yeeee
|-damage|p2a: Yeeee|83/100
|move|p2a: Yeeee|Dragon Dance|p2a: Yeeee
|-boost|p2a: Yeeee|atk|1
|-boost|p2a: Yeeee|spe|1
|
|-weather|DeltaStream|[upkeep]
|upkeep
|turn|18
|
|t:|1625485590
|move|p2a: Yeeee|Sunsteel Strike|p1a: Rayquaza
|-damage|p1a: Rayquaza|0 fnt
|faint|p1a: Rayquaza
|-weather|none
|
|upkeep
|
|t:|1625485600
|switch|p1a: Necrozma|Necrozma-Dusk-Mane|100/100
|turn|19
|
|t:|1625485605
|detailschange|p1a: Necrozma|Necrozma-Ultra
|-burst|p1a: Necrozma|Necrozma|Ultranecrozium Z
|move|p1a: Necrozma|Earth Power|p2a: Yeeee
|-supereffective|p2a: Yeeee
|-damage|p2a: Yeeee|33/100
|move|p2a: Yeeee|Dragon Dance|p2a: Yeeee
|-boost|p2a: Yeeee|atk|1
|-boost|p2a: Yeeee|spe|1
|
|upkeep
|turn|20
|
|t:|1625485614
|-zpower|p2a: Yeeee
|move|p2a: Yeeee|Searing Sunraze Smash|p1a: Necrozma|[zeffect]
|-damage|p1a: Necrozma|0 fnt
|faint|p1a: Necrozma
|
|upkeep
|
|t:|1625485624
|switch|p1a: Mewtwo|Mewtwo|67/100
|-ability|p1a: Mewtwo|Pressure
|turn|21
|
|t:|1625485629
|move|p2a: Yeeee|Sunsteel Strike|p1a: Mewtwo
|-damage|p1a: Mewtwo|0 fnt
|faint|p1a: Mewtwo
|
|win|Blacronium
|l|☆Ankit_Bharatula
