|j|☆soviet glonk
|j|☆MitsyDoggo
|t:|1636273778
|gametype|singles
|player|p1|soviet glonk|ghetsis|1760
|player|p2|MitsyDoggo|266|1683
|teamsize|p1|6
|teamsize|p2|6
|gen|8
|tier|[Gen 8] National Dex AG
|rated|
|rule|HP Percentage Mod: HP is shown in percentages
|rule|Endless Battle Clause: Forcing endless battles is banned
|clearpoke
|poke|p1|Marshadow|
|poke|p1|Zacian-*|
|poke|p1|Yveltal|
|poke|p1|Necrozma-Dusk-Mane|
|poke|p1|Arceus-*|
|poke|p1|Arceus-*|
|poke|p2|Yveltal|
|poke|p2|Necrozma-Dusk-Mane|
|poke|p2|Arceus-*|
|poke|p2|Rayquaza|
|poke|p2|Arceus-*|
|poke|p2|Arceus-*|
|teampreview
|inactive|Battle timer is ON: inactive players will automatically lose when time's up. (requested by soviet glonk)
|
|t:|1636273784
|start
|switch|p1a: Arceus|Arceus-Ground|100/100
|switch|p2a: Arceus|Arceus-Ground|100/100
|turn|1
|
|t:|1636273793
|move|p1a: Arceus|Judgment|p2a: Arceus
|-damage|p2a: Arceus|71/100
|move|p2a: Arceus|Toxic|p1a: Arceus
|-status|p1a: Arceus|tox
|
|-damage|p1a: Arceus|94/100 tox|[from] psn
|upkeep
|turn|2
|
|t:|1636273802
|switch|p1a: Arceus|Arceus-Dark|100/100
|move|p2a: Arceus|Ice Beam|p1a: Arceus
|-damage|p1a: Arceus|85/100
|
|upkeep
|turn|3
|
|t:|1636273810
|switch|p2a: Arceus|Arceus-Dark|100/100
|move|p1a: Arceus|Calm Mind|p1a: Arceus
|-boost|p1a: Arceus|spa|1
|-boost|p1a: Arceus|spd|1
|
|upkeep
|turn|4
|
|t:|1636273817
|move|p1a: Arceus|Calm Mind|p1a: Arceus
|-boost|p1a: Arceus|spa|1
|-boost|p1a: Arceus|spd|1
|move|p2a: Arceus|Whirlpool|p1a: Arceus
|-damage|p1a: Arceus|82/100
|-activate|p1a: Arceus|move: Whirlpool|[of] p2a: Arceus
|
|-damage|p1a: Arceus|70/100|[from] move: Whirlpool|[partiallytrapped]
|upkeep
|turn|5
|
|t:|1636273826
|move|p1a: Arceus|Judgment|p2a: Arceus
|-resisted|p2a: Arceus
|-damage|p2a: Arceus|78/100
|move|p2a: Arceus|Perish Song|p2a: Arceus
|-start|p1a: Arceus|perish3|[silent]
|-start|p2a: Arceus|perish3|[silent]
|-fieldactivate|move: Perish Song
|
|-damage|p1a: Arceus|57/100|[from] move: Whirlpool|[partiallytrapped]
|-start|p1a: Arceus|perish3
|-start|p2a: Arceus|perish3
|upkeep
|turn|6
|
|t:|1636273837
|move|p1a: Arceus|Judgment|p2a: Arceus
|-resisted|p2a: Arceus
|-damage|p2a: Arceus|53/100
|move|p2a: Arceus|Recover|p2a: Arceus
|-heal|p2a: Arceus|100/100
|
|-damage|p1a: Arceus|45/100|[from] move: Whirlpool|[partiallytrapped]
|-start|p1a: Arceus|perish2
|-start|p2a: Arceus|perish2
|upkeep
|turn|7
|
|t:|1636273849
|move|p1a: Arceus|Calm Mind|p1a: Arceus
|-boost|p1a: Arceus|spa|1
|-boost|p1a: Arceus|spd|1
|move|p2a: Arceus|Whirlpool|p1a: Arceus
|-crit|p1a: Arceus
|-damage|p1a: Arceus|38/100
|
|-damage|p1a: Arceus|26/100|[from] move: Whirlpool|[partiallytrapped]
|-start|p1a: Arceus|perish1
|-start|p2a: Arceus|perish1
|upkeep
|turn|8
|
|t:|1636273860
|switch|p2a: Yveltal|Yveltal|100/100
|-ability|p2a: Yveltal|Dark Aura
|move|p1a: Arceus|Judgment|p2a: Yveltal
|-resisted|p2a: Yveltal
|-damage|p2a: Yveltal|68/100
|
|-end|p1a: Arceus|Whirlpool|[partiallytrapped]|[silent]
|-start|p1a: Arceus|perish0
|upkeep
|faint|p1a: Arceus
|
|t:|1636273868
|switch|p1a: Zacian|Zacian-Crowned|100/100
|-ability|p1a: Zacian|Intrepid Sword|boost
|-boost|p1a: Zacian|atk|1
|turn|9
|
|t:|1636273887
|switch|p1a: Yveltal|Yveltal|100/100
|-ability|p1a: Yveltal|Dark Aura
|switch|p2a: Necrozma|Necrozma-Dusk-Mane|100/100
|
|upkeep
|turn|10
|
|t:|1636273899
|switch|p2a: Arceus|Arceus-Ground|71/100
|move|p1a: Yveltal|Oblivion Wing|p2a: Arceus
|-damage|p2a: Arceus|35/100
|-damage|p1a: Yveltal|91/100|[from] item: Life Orb
|
|upkeep
|turn|11
|
|t:|1636273908
|move|p1a: Yveltal|Oblivion Wing|p2a: Arceus
|-crit|p2a: Arceus
|-damage|p2a: Arceus|0 fnt
|-heal|p1a: Yveltal|100/100|[from] drain|[of] p2a: Arceus
|faint|p2a: Arceus
|-damage|p1a: Yveltal|91/100|[from] item: Life Orb
|
|upkeep
|
|t:|1636273920
|switch|p2a: Rayquaza|Rayquaza|100/100
|-ability|p2a: Rayquaza|Air Lock
|turn|12
|
|t:|1636273936
|detailschange|p2a: Rayquaza|Rayquaza-Mega
|-mega|p2a: Rayquaza|Rayquaza|
|-weather|DeltaStream|[from] ability: Delta Stream|[of] p2a: Rayquaza
|-start|p1a: Yveltal|Dynamax
|-heal|p1a: Yveltal|91/100|[silent]
|move|p2a: Rayquaza|Dragon Ascent|p1a: Yveltal
|-damage|p1a: Yveltal|55/100
|-unboost|p2a: Rayquaza|def|1
|-unboost|p2a: Rayquaza|spd|1
|move|p1a: Yveltal|Max Airstream|p2a: Rayquaza
|-enditem|p2a: Rayquaza|Focus Sash
|-damage|p2a: Rayquaza|1/100
|-boost|p1a: Yveltal|spe|1
|-damage|p1a: Yveltal|50/100|[from] item: Life Orb
|
|-weather|DeltaStream|[upkeep]
|upkeep
|turn|13
|
|t:|1636273960
|-weather|none
|switch|p2a: Arceus|Arceus-Dark|100/100
|move|p1a: Yveltal|Max Airstream|p2a: Arceus
|-damage|p2a: Arceus|57/100
|-boost|p1a: Yveltal|spe|1
|-damage|p1a: Yveltal|45/100|[from] item: Life Orb
|
|upkeep
|turn|14
|
|t:|1636273984
|move|p1a: Yveltal|Max Airstream|p2a: Arceus
|-damage|p2a: Arceus|7/100
|-boost|p1a: Yveltal|spe|1
|-damage|p1a: Yveltal|40/100|[from] item: Life Orb
|move|p2a: Arceus|Recover|p2a: Arceus
|-heal|p2a: Arceus|57/100
|
|-end|p1a: Yveltal|Dynamax
|-heal|p1a: Yveltal|40/100|[silent]
|upkeep
|turn|15
|
|t:|1636273997
|move|p1a: Yveltal|Taunt|p2a: Arceus
|-start|p2a: Arceus|move: Taunt
|cant|p2a: Arceus|move: Taunt|Recover
|
|upkeep
|turn|16
|
|t:|1636274003
|move|p1a: Yveltal|Oblivion Wing|p2a: Arceus
|-damage|p2a: Arceus|27/100
|-heal|p1a: Yveltal|65/100|[from] drain|[of] p2a: Arceus
|-damage|p1a: Yveltal|55/100|[from] item: Life Orb
|move|p2a: Arceus|Whirlpool|p1a: Yveltal
|-damage|p1a: Yveltal|46/100
|-activate|p1a: Yveltal|move: Whirlpool|[of] p2a: Arceus
|
|-damage|p1a: Yveltal|33/100|[from] move: Whirlpool|[partiallytrapped]
|upkeep
|turn|17
|
|t:|1636274015
|move|p1a: Yveltal|Oblivion Wing|p2a: Arceus
|-damage|p2a: Arceus|0 fnt
|-heal|p1a: Yveltal|56/100|[from] drain|[of] p2a: Arceus
|faint|p2a: Arceus
|-damage|p1a: Yveltal|46/100|[from] item: Life Orb
|
|-end|p1a: Yveltal|Whirlpool|[partiallytrapped]|[silent]
|upkeep
|
|t:|1636274024
|switch|p2a: Yveltal|Yveltal|68/100
|-ability|p2a: Yveltal|Dark Aura
|turn|18
|
|t:|1636274029
|move|p1a: Yveltal|Oblivion Wing|p2a: Yveltal
|-damage|p2a: Yveltal|43/100
|-heal|p1a: Yveltal|64/100|[from] drain|[of] p2a: Yveltal
|-damage|p1a: Yveltal|55/100|[from] item: Life Orb
|move|p2a: Yveltal|Knock Off|p1a: Yveltal
|-resisted|p1a: Yveltal
|-damage|p1a: Yveltal|22/100
|-enditem|p1a: Yveltal|Life Orb|[from] move: Knock Off|[of] p2a: Yveltal
|
|upkeep
|turn|19
|
|t:|1636274042
|move|p1a: Yveltal|Oblivion Wing|p2a: Yveltal
|-damage|p2a: Yveltal|25/100
|-heal|p1a: Yveltal|36/100|[from] drain|[of] p2a: Yveltal
|move|p2a: Yveltal|U-turn|p1a: Yveltal
|-damage|p1a: Yveltal|14/100
|
|t:|1636274050
|switch|p2a: Rayquaza|Rayquaza-Mega|1/100|[from]move: U-turn
|-weather|DeltaStream|[from] ability: Delta Stream|[of] p2a: Rayquaza
|
|-weather|DeltaStream|[upkeep]
|upkeep
|turn|20
|
|t:|1636274056
|switch|p1a: Necrozma|Necrozma-Dusk-Mane|100/100
|move|p2a: Rayquaza|Extreme Speed|p1a: Necrozma
|-resisted|p1a: Necrozma
|-damage|p1a: Necrozma|92/100
|-damage|p2a: Rayquaza|0 fnt|[from] item: Rocky Helmet|[of] p1a: Necrozma
|faint|p2a: Rayquaza
|-weather|none
|
|upkeep
|
|t:|1636274068
|switch|p2a: Yveltal|Yveltal|25/100
|-ability|p2a: Yveltal|Dark Aura
|turn|21
|
|t:|1636274096
|switch|p1a: Zacian|Zacian-Crowned|100/100
|-ability|p1a: Zacian|Intrepid Sword|boost
|-boost|p1a: Zacian|atk|1
|move|p2a: Yveltal|Knock Off|p1a: Zacian
|-resisted|p1a: Zacian
|-damage|p1a: Zacian|79/100
|
|upkeep
|turn|22
|
|t:|1636274120
|move|p1a: Zacian|Close Combat|p2a: Yveltal
|-crit|p2a: Yveltal
|-damage|p2a: Yveltal|0 fnt
|-unboost|p1a: Zacian|def|1
|-unboost|p1a: Zacian|spd|1
|faint|p2a: Yveltal
|
|upkeep
|
|t:|1636274127
|switch|p2a: Necrozma|Necrozma-Dusk-Mane|100/100
|turn|23
|
|t:|1636274132
|switch|p1a: Arceus|Arceus-Ground|94/100 tox
|move|p2a: Necrozma|Trick Room|p2a: Necrozma
|-fieldstart|move: Trick Room|[of] p2a: Necrozma
|
|-damage|p1a: Arceus|88/100 tox|[from] psn
|upkeep
|turn|24
|
|t:|1636274140
|-start|p2a: Necrozma|Dynamax
|-heal|p2a: Necrozma|100/100|[silent]
|move|p2a: Necrozma|Max Steelspike|p1a: Arceus
|-crit|p1a: Arceus
|-damage|p1a: Arceus|35/100 tox
|-boost|p2a: Necrozma|def|1
|move|p1a: Arceus|Judgment|p2a: Necrozma
|-supereffective|p2a: Necrozma
|-damage|p2a: Necrozma|70/100
|-enditem|p2a: Necrozma|Weakness Policy
|-boost|p2a: Necrozma|atk|2|[from] item: Weakness Policy
|-boost|p2a: Necrozma|spa|2|[from] item: Weakness Policy
|
|-damage|p1a: Arceus|23/100 tox|[from] psn
|upkeep
|turn|25
|
|t:|1636274158
|move|p2a: Necrozma|Max Quake|p1a: Arceus
|-damage|p1a: Arceus|0 fnt
|-boost|p2a: Necrozma|spd|1
|faint|p1a: Arceus
|
|upkeep
|
|t:|1636274162
|switch|p1a: Yveltal|Yveltal|14/100
|-ability|p1a: Yveltal|Dark Aura
|turn|26
|
|t:|1636274170
|switch|p1a: Necrozma|Necrozma-Dusk-Mane|92/100
|move|p2a: Necrozma|Max Steelspike|p1a: Necrozma
|-resisted|p1a: Necrozma
|-damage|p1a: Necrozma|57/100
|-boost|p2a: Necrozma|def|1
|
|-end|p2a: Necrozma|Dynamax
|-heal|p2a: Necrozma|70/100|[silent]
|upkeep
|turn|27
|
|t:|1636274181
|move|p2a: Necrozma|Sunsteel Strike|p1a: Necrozma
|-resisted|p1a: Necrozma
|-damage|p1a: Necrozma|28/100
|-damage|p2a: Necrozma|54/100|[from] item: Rocky Helmet|[of] p1a: Necrozma
|move|p1a: Necrozma|Morning Sun|p1a: Necrozma
|-heal|p1a: Necrozma|78/100
|
|-fieldend|move: Trick Room
|upkeep
|turn|28
|
|t:|1636274194
|move|p1a: Necrozma|Morning Sun|p1a: Necrozma
|-heal|p1a: Necrozma|100/100
|move|p2a: Necrozma|Trick Room|p2a: Necrozma
|-fieldstart|move: Trick Room|[of] p2a: Necrozma
|
|upkeep
|turn|29
|
|t:|1636274199
|move|p2a: Necrozma|Earthquake|p1a: Necrozma
|-supereffective|p1a: Necrozma
|-damage|p1a: Necrozma|44/100
|move|p1a: Necrozma|Stealth Rock|p2a: Necrozma
|-sidestart|p2: MitsyDoggo|move: Stealth Rock
|
|upkeep
|turn|30
|
|t:|1636274212
|move|p2a: Necrozma|Sunsteel Strike|p1a: Necrozma
|-resisted|p1a: Necrozma
|-damage|p1a: Necrozma|15/100
|-damage|p2a: Necrozma|37/100|[from] item: Rocky Helmet|[of] p1a: Necrozma
|move|p1a: Necrozma|Morning Sun|p1a: Necrozma
|-heal|p1a: Necrozma|65/100
|
|upkeep
|turn|31
|
|t:|1636274223
|move|p2a: Necrozma|Morning Sun|p2a: Necrozma
|-heal|p2a: Necrozma|87/100
|move|p1a: Necrozma|Morning Sun|p1a: Necrozma
|-heal|p1a: Necrozma|100/100
|
|upkeep
|turn|32
|
|t:|1636274231
|move|p2a: Necrozma|Sunsteel Strike|p1a: Necrozma
|-resisted|p1a: Necrozma
|-damage|p1a: Necrozma|74/100
|-damage|p2a: Necrozma|71/100|[from] item: Rocky Helmet|[of] p1a: Necrozma
|move|p1a: Necrozma|Morning Sun|p1a: Necrozma
|-heal|p1a: Necrozma|100/100
|
|-fieldend|move: Trick Room
|upkeep
|turn|33
|
|t:|1636274242
|move|p1a: Necrozma|Stealth Rock||[still]
|-fail|p1a: Necrozma
|move|p2a: Necrozma|Trick Room|p2a: Necrozma
|-fieldstart|move: Trick Room|[of] p2a: Necrozma
|
|upkeep
|turn|34
|
|t:|1636274247
|move|p2a: Necrozma|Earthquake|p1a: Necrozma
|-supereffective|p1a: Necrozma
|-damage|p1a: Necrozma|46/100
|move|p1a: Necrozma|Morning Sun|p1a: Necrozma
|-heal|p1a: Necrozma|96/100
|
|upkeep
|turn|35
|
|t:|1636274254
|move|p2a: Necrozma|Earthquake|p1a: Necrozma
|-supereffective|p1a: Necrozma
|-damage|p1a: Necrozma|42/100
|move|p1a: Necrozma|Morning Sun|p1a: Necrozma
|-heal|p1a: Necrozma|92/100
|
|upkeep
|turn|36
|
|t:|1636274262
|move|p2a: Necrozma|Sunsteel Strike|p1a: Necrozma
|-resisted|p1a: Necrozma
|-damage|p1a: Necrozma|65/100
|-damage|p2a: Necrozma|54/100|[from] item: Rocky Helmet|[of] p1a: Necrozma
|move|p1a: Necrozma|Morning Sun|p1a: Necrozma
|-heal|p1a: Necrozma|100/100
|
|upkeep
|turn|37
|
|t:|1636274284
|switch|p1a: Yveltal|Yveltal|14/100
|-ability|p1a: Yveltal|Dark Aura
|move|p2a: Necrozma|Earthquake|p1a: Yveltal
|-immune|p1a: Yveltal
|
|-fieldend|move: Trick Room
|upkeep
|turn|38
|
|t:|1636274294
|move|p1a: Yveltal|Dark Pulse|p2a: Necrozma
|-supereffective|p2a: Necrozma
|-damage|p2a: Necrozma|2/100
|move|p2a: Necrozma|Sunsteel Strike|p1a: Yveltal
|-damage|p1a: Yveltal|0 fnt
|faint|p1a: Yveltal
|
|upkeep
|
|t:|1636274298
|switch|p1a: Marshadow|Marshadow|100/100
|turn|39
|
|t:|1636274306
|switch|p2a: Arceus|Arceus-Ground|100/100
|-damage|p2a: Arceus|94/100|[from] Stealth Rock
|move|p1a: Marshadow|Shadow Sneak|p2a: Arceus
|-damage|p2a: Arceus|55/100
|
|upkeep
|turn|40
|
|t:|1636274315
|switch|p1a: Necrozma|Necrozma-Dusk-Mane|100/100
|move|p2a: Arceus|Judgment|p1a: Necrozma
|-supereffective|p1a: Necrozma
|-damage|p1a: Necrozma|30/100
|
|upkeep
|turn|41
|
|t:|1636274323
|move|p2a: Arceus|Judgment|p1a: Necrozma
|-supereffective|p1a: Necrozma
|-damage|p1a: Necrozma|0 fnt
|faint|p1a: Necrozma
|
|upkeep
|-message|MitsyDoggo forfeited.
|
|win|soviet glonk
|raw|soviet glonk's rating: 1760 &rarr; <strong>1776</strong><br />(+16 for winning)
|raw|MitsyDoggo's rating: 1683 &rarr; <strong>1667</strong><br />(-16 for losing)
|l|☆soviet glonk
|l|☆MitsyDoggo
|j|☆soviet glonk
|player|p1|soviet glonk|ghetsis
|inactive|Battle timer is ON: inactive players will automatically lose when time's up. (requested by soviet glonk)
