|j|☆Glass101
|j|☆emaytetehew
|t:|1655568592
|gametype|singles
|player|p1|Glass101|rocketgrunt|1631
|player|p2|emaytetehew|169|1688
|teamsize|p1|6
|teamsize|p2|6
|gen|8
|tier|[Gen 8] National Dex AG
|rated|
|rule|HP Percentage Mod: HP is shown in percentages
|rule|Endless Battle Clause: Forcing endless battles is banned
|clearpoke
|poke|p1|Zacian-*|
|poke|p1|Groudon|
|poke|p1|Yveltal|
|poke|p1|Shedinja|
|poke|p1|Arceus-*|
|poke|p1|Arceus-*|
|poke|p2|Rayquaza|
|poke|p2|Xerneas-*|
|poke|p2|Necrozma-Dusk-Mane|
|poke|p2|Calyrex-Shadow|
|poke|p2|Lugia|
|poke|p2|Arceus-*|
|teampreview
|inactive|Battle timer is ON: inactive players will automatically lose when time's up. (requested by Glass101)
|
|t:|1655568606
|start
|switch|p1a: Shake It Like Dis|Yveltal|100/100
|switch|p2a: Arceus|Arceus-Dark|100/100
|-ability|p1a: Shake It Like Dis|Dark Aura
|turn|1
|
|t:|1655568614
|move|p2a: Arceus|Calm Mind|p2a: Arceus
|-boost|p2a: Arceus|spa|1
|-boost|p2a: Arceus|spd|1
|move|p1a: Shake It Like Dis|Taunt|p2a: Arceus
|-start|p2a: Arceus|move: Taunt
|
|upkeep
|turn|2
|
|t:|1655568621
|switch|p1a: The Removanator|Zacian-Crowned|100/100
|-ability|p1a: The Removanator|Intrepid Sword|boost
|-boost|p1a: The Removanator|atk|1
|move|p2a: Arceus|Judgment|p1a: The Removanator
|-resisted|p1a: The Removanator
|-crit|p1a: The Removanator
|-damage|p1a: The Removanator|53/100
|
|upkeep
|turn|3
|
|t:|1655568640
|switch|p1a: Shake It Like Dis|Yveltal|100/100
|-ability|p1a: Shake It Like Dis|Dark Aura
|switch|p2a: Lugia|Lugia|100/100
|
|upkeep
|turn|4
|
|t:|1655568652
|switch|p2a: Arceus|Arceus-Dark|100/100
|move|p1a: Shake It Like Dis|Taunt|p2a: Arceus
|-start|p2a: Arceus|move: Taunt
|
|upkeep
|turn|5
|
|t:|1655568659
|move|p2a: Arceus|Judgment|p1a: Shake It Like Dis
|-resisted|p1a: Shake It Like Dis
|-damage|p1a: Shake It Like Dis|73/100
|move|p1a: Shake It Like Dis|Oblivion Wing|p2a: Arceus
|-damage|p2a: Arceus|70/100
|-heal|p1a: Shake It Like Dis|97/100|[from] drain|[of] p2a: Arceus
|
|upkeep
|turn|6
|
|t:|1655568670
|move|p2a: Arceus|Judgment|p1a: Shake It Like Dis
|-resisted|p1a: Shake It Like Dis
|-damage|p1a: Shake It Like Dis|71/100
|move|p1a: Shake It Like Dis|Oblivion Wing|p2a: Arceus
|-damage|p2a: Arceus|39/100
|-heal|p1a: Shake It Like Dis|96/100|[from] drain|[of] p2a: Arceus
|
|-end|p2a: Arceus|move: Taunt
|upkeep
|turn|7
|
|t:|1655568681
|-start|p1a: Shake It Like Dis|Dynamax|
|-heal|p1a: Shake It Like Dis|96/100|[silent]
|move|p2a: Arceus|Recover|p2a: Arceus
|-heal|p2a: Arceus|89/100
|move|p1a: Shake It Like Dis|Max Airstream|p2a: Arceus
|-damage|p2a: Arceus|42/100
|-boost|p1a: Shake It Like Dis|spe|1
|
|upkeep
|turn|8
|inactive|emaytetehew has 120 seconds left.
|inactive|emaytetehew has 90 seconds left.
|
|t:|1655568746
|switch|p2a: Necrozma|Necrozma-Dusk-Mane|100/100
|move|p1a: Shake It Like Dis|Max Darkness|p2a: Necrozma
|-supereffective|p2a: Necrozma
|-damage|p2a: Necrozma|7/100
|-unboost|p2a: Necrozma|spd|1
|
|-heal|p2a: Necrozma|13/100|[from] item: Leftovers
|upkeep
|turn|9
|inactive|emaytetehew has 90 seconds left.
|
|t:|1655568784
|move|p1a: Shake It Like Dis|Max Airstream|p2a: Necrozma
|-resisted|p2a: Necrozma
|-damage|p2a: Necrozma|0 fnt
|-boost|p1a: Shake It Like Dis|spe|1
|faint|p2a: Necrozma
|
|upkeep
|
|t:|1655568791
|switch|p2a: Arceus|Arceus-Dark|42/100
|-end|p1a: Shake It Like Dis|Dynamax
|-heal|p1a: Shake It Like Dis|96/100|[silent]
|turn|10
|
|t:|1655568802
|-start|p2a: Arceus|Dynamax|
|-heal|p2a: Arceus|42/100|[silent]
|move|p1a: Shake It Like Dis|Taunt|p2a: Arceus
|-start|p2a: Arceus|move: Taunt
|move|p2a: Arceus|Max Darkness|p1a: Shake It Like Dis
|-resisted|p1a: Shake It Like Dis
|-damage|p1a: Shake It Like Dis|63/100
|-unboost|p1a: Shake It Like Dis|spd|1
|
|upkeep
|turn|11
|
|t:|1655568814
|move|p1a: Shake It Like Dis|Oblivion Wing|p2a: Arceus
|-damage|p2a: Arceus|26/100
|-heal|p1a: Shake It Like Dis|89/100|[from] drain|[of] p2a: Arceus
|move|p2a: Arceus|Max Darkness|p1a: Shake It Like Dis
|-resisted|p1a: Shake It Like Dis
|-damage|p1a: Shake It Like Dis|35/100
|-unboost|p1a: Shake It Like Dis|spd|1
|
|upkeep
|turn|12
|
|t:|1655568828
|move|p1a: Shake It Like Dis|Oblivion Wing|p2a: Arceus
|-damage|p2a: Arceus|10/100
|-heal|p1a: Shake It Like Dis|60/100|[from] drain|[of] p2a: Arceus
|move|p2a: Arceus|Max Darkness|p1a: Shake It Like Dis
|-resisted|p1a: Shake It Like Dis
|-damage|p1a: Shake It Like Dis|0 fnt
|faint|p1a: Shake It Like Dis
|
|-end|p2a: Arceus|move: Taunt
|upkeep
|
|t:|1655568842
|switch|p1a: The Removanator|Zacian-Crowned|53/100
|-ability|p1a: The Removanator|Intrepid Sword|boost
|-boost|p1a: The Removanator|atk|1
|-end|p2a: Arceus|Dynamax
|-heal|p2a: Arceus|10/100|[silent]
|turn|13
|
|t:|1655568848
|switch|p2a: Lugia|Lugia|100/100
|move|p1a: The Removanator|Behemoth Blade|p2a: Lugia
|-damage|p2a: Lugia|76/100
|
|upkeep
|turn|14
|inactive|emaytetehew has 90 seconds left.
|
|t:|1655568856
|move|p1a: The Removanator|Substitute|p1a: The Removanator
|-start|p1a: The Removanator|Substitute
|-damage|p1a: The Removanator|29/100
|move|p2a: Lugia|Roost|p2a: Lugia
|-heal|p2a: Lugia|100/100
|-singleturn|p2a: Lugia|move: Roost
|
|upkeep
|turn|15
|
|t:|1655568863
|move|p1a: The Removanator|Wild Charge|p2a: Lugia
|-supereffective|p2a: Lugia
|-damage|p2a: Lugia|71/100
|-damage|p1a: The Removanator|19/100|[from] Recoil
|move|p2a: Lugia|Earth Power|p1a: The Removanator
|-supereffective|p1a: The Removanator
|-end|p1a: The Removanator|Substitute
|
|upkeep
|turn|16
|
|t:|1655568872
|move|p1a: The Removanator|Behemoth Blade|p2a: Lugia
|-damage|p2a: Lugia|23/100
|move|p2a: Lugia|Roost|p2a: Lugia
|-heal|p2a: Lugia|73/100
|-singleturn|p2a: Lugia|move: Roost
|
|upkeep
|turn|17
|
|t:|1655568879
|move|p1a: The Removanator|Behemoth Blade|p2a: Lugia
|-damage|p2a: Lugia|21/100
|move|p2a: Lugia|Roost|p2a: Lugia
|-heal|p2a: Lugia|71/100
|-singleturn|p2a: Lugia|move: Roost
|
|upkeep
|turn|18
|
|t:|1655568887
|move|p1a: The Removanator|Wild Charge|p2a: Lugia
|-supereffective|p2a: Lugia
|-damage|p2a: Lugia|7/100
|-damage|p1a: The Removanator|0 fnt|[from] Recoil
|faint|p1a: The Removanator
|move|p2a: Lugia|Roost|p2a: Lugia
|-heal|p2a: Lugia|57/100
|-singleturn|p2a: Lugia|move: Roost
|
|upkeep
|
|t:|1655568897
|switch|p1a: Little Wacky|Arceus|100/100
|turn|19
|inactive|emaytetehew has 120 seconds left.
|
|t:|1655568918
|switch|p2a: Calyrex|Calyrex-Shadow|100/100
|-ability|p2a: Calyrex|As One
|-ability|p2a: Calyrex|Unnerve
|move|p1a: Little Wacky|Swords Dance|p1a: Little Wacky
|-boost|p1a: Little Wacky|atk|2
|
|upkeep
|turn|20
|
|t:|1655568930
|move|p2a: Calyrex|Psychic|p1a: Little Wacky
|-crit|p1a: Little Wacky
|-damage|p1a: Little Wacky|44/100
|move|p1a: Little Wacky|Shadow Claw|p2a: Calyrex
|-supereffective|p2a: Calyrex
|-damage|p2a: Calyrex|0 fnt
|faint|p2a: Calyrex
|
|-heal|p1a: Little Wacky|50/100|[from] item: Leftovers
|upkeep
|
|t:|1655568946
|switch|p2a: Xerneas|Xerneas|100/100
|-ability|p2a: Xerneas|Fairy Aura
|turn|21
|inactive|emaytetehew has 90 seconds left.
|
|t:|1655568963
|move|p1a: Little Wacky|Extreme Speed|p2a: Xerneas
|-damage|p2a: Xerneas|35/100
|move|p2a: Xerneas|Moonblast|p1a: Little Wacky
|-damage|p1a: Little Wacky|2/100
|
|-heal|p1a: Little Wacky|8/100|[from] item: Leftovers
|upkeep
|turn|22
|inactive|emaytetehew has 90 seconds left.
|
|t:|1655568977
|move|p1a: Little Wacky|Extreme Speed|p2a: Xerneas
|-damage|p2a: Xerneas|0 fnt
|faint|p2a: Xerneas
|
|-heal|p1a: Little Wacky|14/100|[from] item: Leftovers
|upkeep
|inactive|emaytetehew has 90 seconds left.
|
|t:|1655568984
|switch|p2a: Rayquaza|Rayquaza|100/100
|-ability|p2a: Rayquaza|Air Lock
|turn|23
|
|t:|1655568999
|detailschange|p2a: Rayquaza|Rayquaza-Mega
|-mega|p2a: Rayquaza|Rayquaza|
|-weather|DeltaStream|[from] ability: Delta Stream|[of] p2a: Rayquaza
|move|p2a: Rayquaza|Extreme Speed|p1a: Little Wacky
|-damage|p1a: Little Wacky|0 fnt
|faint|p1a: Little Wacky
|
|-weather|DeltaStream|[upkeep]
|upkeep
|
|t:|1655569016
|switch|p1a: Cannon Fodder|Shedinja|100/100
|turn|24
|
|t:|1655569029
|-weather|none
|switch|p2a: Lugia|Lugia|57/100
|move|p1a: Cannon Fodder|Poltergeist|p2a: Lugia
|-activate|p2a: Lugia|move: Poltergeist|Heavy-Duty Boots
|-supereffective|p2a: Lugia
|-crit|p2a: Lugia
|-damage|p2a: Lugia|0 fnt
|faint|p2a: Lugia
|
|upkeep
|
|t:|1655569034
|switch|p2a: Arceus|Arceus-Dark|10/100
|turn|25
|inactive|Glass101 has 120 seconds left.
|
|t:|1655569066
|move|p2a: Arceus|Recover|p2a: Arceus
|-heal|p2a: Arceus|60/100
|move|p1a: Cannon Fodder|Toxic|p2a: Arceus
|-status|p2a: Arceus|tox
|
|-damage|p2a: Arceus|54/100 tox|[from] psn
|upkeep
|turn|26
|inactive|Glass101 has 120 seconds left.
|
|t:|1655569086
|switch|p1a: Arceus|Arceus-Ground|100/100
|move|p2a: Arceus|Refresh|p2a: Arceus
|-curestatus|p2a: Arceus|tox|[msg]
|
|upkeep
|turn|27
|inactive|Glass101 has 120 seconds left.
|inactive|emaytetehew has 120 seconds left.
|
|t:|1655569102
|move|p2a: Arceus|Calm Mind|p2a: Arceus
|-boost|p2a: Arceus|spa|1
|-boost|p2a: Arceus|spd|1
|move|p1a: Arceus|Calm Mind|p1a: Arceus
|-boost|p1a: Arceus|spa|1
|-boost|p1a: Arceus|spd|1
|
|upkeep
|turn|28
|inactive|Glass101 has 120 seconds left.
|
|t:|1655569112
|move|p2a: Arceus|Calm Mind|p2a: Arceus
|-boost|p2a: Arceus|spa|1
|-boost|p2a: Arceus|spd|1
|move|p1a: Arceus|Judgment|p2a: Arceus
|-damage|p2a: Arceus|23/100
|
|upkeep
|turn|29
|
|t:|1655569121
|move|p2a: Arceus|Recover|p2a: Arceus
|-heal|p2a: Arceus|73/100
|move|p1a: Arceus|Judgment|p2a: Arceus
|-damage|p2a: Arceus|41/100
|
|upkeep
|turn|30
|
|t:|1655569128
|move|p2a: Arceus|Recover|p2a: Arceus
|-heal|p2a: Arceus|91/100
|move|p1a: Arceus|Calm Mind|p1a: Arceus
|-boost|p1a: Arceus|spa|1
|-boost|p1a: Arceus|spd|1
|
|upkeep
|turn|31
|
|t:|1655569136
|move|p2a: Arceus|Calm Mind|p2a: Arceus
|-boost|p2a: Arceus|spa|1
|-boost|p2a: Arceus|spd|1
|move|p1a: Arceus|Judgment|p2a: Arceus
|-damage|p2a: Arceus|57/100
|
|upkeep
|turn|32
|
|t:|1655569143
|move|p2a: Arceus|Recover|p2a: Arceus
|-heal|p2a: Arceus|100/100
|move|p1a: Arceus|Calm Mind|p1a: Arceus
|-boost|p1a: Arceus|spa|1
|-boost|p1a: Arceus|spd|1
|
|upkeep
|turn|33
|
|t:|1655569159
|move|p2a: Arceus|Calm Mind|p2a: Arceus
|-boost|p2a: Arceus|spa|1
|-boost|p2a: Arceus|spd|1
|move|p1a: Arceus|Calm Mind|p1a: Arceus
|-boost|p1a: Arceus|spa|1
|-boost|p1a: Arceus|spd|1
|
|upkeep
|turn|34
|
|t:|1655569169
|move|p2a: Arceus|Calm Mind|p2a: Arceus
|-boost|p2a: Arceus|spa|1
|-boost|p2a: Arceus|spd|1
|move|p1a: Arceus|Judgment|p2a: Arceus
|-damage|p2a: Arceus|61/100
|
|upkeep
|turn|35
|
|t:|1655569176
|move|p2a: Arceus|Recover|p2a: Arceus
|-heal|p2a: Arceus|100/100
|move|p1a: Arceus|Calm Mind|p1a: Arceus
|-boost|p1a: Arceus|spa|1
|-boost|p1a: Arceus|spd|1
|
|upkeep
|turn|36
|inactive|Glass101 has 120 seconds left.
|
|t:|1655569210
|move|p2a: Arceus|Calm Mind|p2a: Arceus
|-boost|p2a: Arceus|spa|1
|-boost|p2a: Arceus|spd|1
|move|p1a: Arceus|Judgment|p2a: Arceus
|-damage|p2a: Arceus|64/100
|
|upkeep
|turn|37
|
|t:|1655569217
|move|p2a: Arceus|Judgment|p1a: Arceus
|-damage|p1a: Arceus|61/100
|move|p1a: Arceus|Calm Mind|p1a: Arceus
|-boost|p1a: Arceus|spa|1
|-boost|p1a: Arceus|spd|1
|
|upkeep
|turn|38
|
|t:|1655569224
|move|p2a: Arceus|Judgment|p1a: Arceus
|-damage|p1a: Arceus|27/100
|move|p1a: Arceus|Recover|p1a: Arceus
|-heal|p1a: Arceus|77/100
|
|upkeep
|turn|39
|
|t:|1655569231
|move|p2a: Arceus|Judgment|p1a: Arceus
|-damage|p1a: Arceus|40/100
|move|p1a: Arceus|Recover|p1a: Arceus
|-heal|p1a: Arceus|90/100
|
|upkeep
|turn|40
|
|t:|1655569237
|move|p2a: Arceus|Judgment|p1a: Arceus
|-damage|p1a: Arceus|56/100
|move|p1a: Arceus|Judgment|p2a: Arceus
|-damage|p2a: Arceus|25/100
|
|upkeep
|turn|41
|
|t:|1655569244
|move|p2a: Arceus|Judgment|p1a: Arceus
|-damage|p1a: Arceus|17/100
|move|p1a: Arceus|Judgment|p2a: Arceus
|-damage|p2a: Arceus|0 fnt
|faint|p2a: Arceus
|
|upkeep
|
|t:|1655569249
|switch|p2a: Rayquaza|Rayquaza-Mega|100/100
|-weather|DeltaStream|[from] ability: Delta Stream|[of] p2a: Rayquaza
|turn|42
|
|t:|1655569255
|move|p2a: Rayquaza|Dragon Ascent|p1a: Arceus
|-damage|p1a: Arceus|0 fnt
|-unboost|p2a: Rayquaza|def|1
|-unboost|p2a: Rayquaza|spd|1
|faint|p1a: Arceus
|
|-weather|DeltaStream|[upkeep]
|upkeep
|
|t:|1655569262
|switch|p1a: Cannon Fodder|Shedinja|100/100
|turn|43
|
|t:|1655569265
|move|p2a: Rayquaza|Dragon Ascent|p1a: Cannon Fodder
|-supereffective|p1a: Cannon Fodder
|-enditem|p1a: Cannon Fodder|Focus Sash
|-damage|p1a: Cannon Fodder|100/100
|-unboost|p2a: Rayquaza|def|1
|-unboost|p2a: Rayquaza|spd|1
|move|p1a: Cannon Fodder|Poltergeist|p2a: Rayquaza
|-activate|p2a: Rayquaza|move: Poltergeist|Choice Band
|-damage|p2a: Rayquaza|1/100
|
|-weather|DeltaStream|[upkeep]
|upkeep
|turn|44
|
|t:|1655569276
|move|p1a: Cannon Fodder|Shadow Sneak|p2a: Rayquaza
|-damage|p2a: Rayquaza|0 fnt
|faint|p2a: Rayquaza
|-weather|none
|
|win|Glass101
|raw|Glass101's rating: 1631 &rarr; <strong>1654</strong><br />(+23 for winning)
|raw|emaytetehew's rating: 1688 &rarr; <strong>1665</strong><br />(-23 for losing)
|l|☆emaytetehew
|c|☆Glass101|Lol mega ray vs Shedinja
||Ladder isn't responding, score probably updated but might not have (Request timeout).
