|j|☆SaintLaplace
|j|☆CLEAR GEM清瑜
|t:|1662223057
|gametype|singles
|player|p1|SaintLaplace|hilda-wonderlauncher|1686
|player|p2|CLEAR GEM清瑜|skierf|1749
|teamsize|p1|6
|teamsize|p2|6
|gen|8
|tier|[Gen 8] National Dex AG
|rated|
|rule|HP Percentage Mod: HP is shown in percentages
|rule|Endless Battle Clause: Forcing endless battles is banned
|clearpoke
|poke|p1|Smeargle, F|
|poke|p1|Necrozma-Dusk-Mane|
|poke|p1|Marshadow|
|poke|p1|Groudon|
|poke|p1|Zygarde|
|poke|p1|Rayquaza|
|poke|p2|Rayquaza|
|poke|p2|Groudon|
|poke|p2|Necrozma-Dusk-Mane|
|poke|p2|Arceus-*|
|poke|p2|Arceus-*|
|poke|p2|Arceus-*|
|teampreview
|inactive|Battle timer is ON: inactive players will automatically lose when time's up. (requested by SaintLaplace)
|
|t:|1662223062
|start
|switch|p1a: Smeargle|Smeargle, F|100/100
|switch|p2a: 究极辅助|Arceus-Dark|100/100
|turn|1
|
|t:|1662223065
|move|p2a: 究极辅助|Magic Coat|p2a: 究极辅助
|-singleturn|p2a: 究极辅助|move: Magic Coat
|move|p1a: Smeargle|Spore|p2a: 究极辅助
|move|p2a: 究极辅助|Spore|p1a: Smeargle|[from]Magic Coat
|-status|p1a: Smeargle|slp|[from] move: Spore
|
|upkeep
|turn|2
|
|t:|1662223069
|switch|p2a: 不会(?)|Groudon|100/100
|detailschange|p2a: 不会(?)|Groudon-Primal
|-primal|p2a: 不会(?)
|-weather|DesolateLand|[from] ability: Desolate Land|[of] p2a: 不会(?)
|cant|p1a: Smeargle|slp
|
|-weather|DesolateLand|[upkeep]
|upkeep
|turn|3
|
|t:|1662223071
|-curestatus|p1a: Smeargle|slp|[msg]
|move|p1a: Smeargle|Magic Coat|p1a: Smeargle
|-singleturn|p1a: Smeargle|move: Magic Coat
|move|p2a: 不会(?)|Stealth Rock|p1a: Smeargle
|move|p1a: Smeargle|Stealth Rock|p2a: 不会(?)|[from]Magic Coat
|-sidestart|p2: CLEAR GEM清瑜|move: Stealth Rock
|
|-weather|DesolateLand|[upkeep]
|upkeep
|turn|4
|
|t:|1662223077
|move|p1a: Smeargle|Spore|p2a: 不会(?)
|-status|p2a: 不会(?)|slp|[from] move: Spore
|cant|p2a: 不会(?)|slp
|
|-weather|DesolateLand|[upkeep]
|upkeep
|turn|5
|
|t:|1662223079
|move|p1a: Smeargle|Shell Smash|p1a: Smeargle
|-unboost|p1a: Smeargle|def|1
|-unboost|p1a: Smeargle|spd|1
|-boost|p1a: Smeargle|atk|2
|-boost|p1a: Smeargle|spa|2
|-boost|p1a: Smeargle|spe|2
|-curestatus|p2a: 不会(?)|slp|[msg]
|move|p2a: 不会(?)|Roar|p1a: Smeargle
|drag|p1a: Necrozma|Necrozma-Dusk-Mane|100/100
|
|-weather|DesolateLand|[upkeep]
|upkeep
|turn|6
|
|t:|1662223089
|move|p1a: Necrozma|Earthquake|p2a: 不会(?)
|-supereffective|p2a: 不会(?)
|-damage|p2a: 不会(?)|50/100
|move|p2a: 不会(?)|Stealth Rock|p1a: Necrozma
|-sidestart|p1: SaintLaplace|move: Stealth Rock
|
|-weather|DesolateLand|[upkeep]
|upkeep
|turn|7
|
|t:|1662223093
|move|p1a: Necrozma|Earthquake|p2a: 不会(?)
|-supereffective|p2a: 不会(?)
|-damage|p2a: 不会(?)|0 fnt
|faint|p2a: 不会(?)
|-weather|none
|
|upkeep
|
|t:|1662223103
|switch|p2a: 究极辅助|Arceus-Dark|100/100
|-damage|p2a: 究极辅助|88/100|[from] Stealth Rock
|turn|8
|
|t:|1662223106
|move|p2a: 究极辅助|Judgment|p1a: Necrozma
|-supereffective|p1a: Necrozma
|-damage|p1a: Necrozma|23/100
|-enditem|p1a: Necrozma|Weakness Policy
|-boost|p1a: Necrozma|atk|2|[from] item: Weakness Policy
|-boost|p1a: Necrozma|spa|2|[from] item: Weakness Policy
|move|p1a: Necrozma|Autotomize|p1a: Necrozma
|-boost|p1a: Necrozma|spe|2
|-start|p1a: Necrozma|Autotomize
|
|upkeep
|turn|9
|
|t:|1662223121
|-start|p1a: Necrozma|Dynamax|
|-heal|p1a: Necrozma|23/100|[silent]
|move|p1a: Necrozma|Max Steelspike|p2a: 究极辅助
|-damage|p2a: 究极辅助|0 fnt
|-boost|p1a: Necrozma|def|1
|faint|p2a: 究极辅助
|
|upkeep
|
|t:|1662223126
|switch|p2a: 悬空羊驼|Arceus-Flying|100/100
|-damage|p2a: 悬空羊驼|76/100|[from] Stealth Rock
|turn|10
|
|t:|1662223129
|-start|p2a: 悬空羊驼|Dynamax|
|-heal|p2a: 悬空羊驼|76/100|[silent]
|move|p1a: Necrozma|Max Steelspike|p2a: 悬空羊驼
|-damage|p2a: 悬空羊驼|19/100
|-boost|p1a: Necrozma|def|1
|move|p2a: 悬空羊驼|Max Quake|p1a: Necrozma
|-supereffective|p1a: Necrozma
|-damage|p1a: Necrozma|0 fnt
|-boost|p2a: 悬空羊驼|spd|1
|faint|p1a: Necrozma
|
|upkeep
|
|t:|1662223154
|switch|p1a: Rayquaza|Rayquaza|100/100
|-damage|p1a: Rayquaza|76/100|[from] Stealth Rock
|-ability|p1a: Rayquaza|Air Lock
|turn|11
|
|t:|1662223159
|detailschange|p1a: Rayquaza|Rayquaza-Mega
|-mega|p1a: Rayquaza|Rayquaza|
|-weather|DeltaStream|[from] ability: Delta Stream|[of] p1a: Rayquaza
|move|p1a: Rayquaza|Extreme Speed|p2a: 悬空羊驼
|-damage|p2a: 悬空羊驼|6/100
|move|p2a: 悬空羊驼|Max Airstream|p1a: Rayquaza
|-damage|p1a: Rayquaza|0 fnt
|-boost|p2a: 悬空羊驼|spe|1
|faint|p1a: Rayquaza
|-weather|none
|
|upkeep
|
|t:|1662223166
|switch|p1a: Marshadow|Marshadow|100/100
|-damage|p1a: Marshadow|94/100|[from] Stealth Rock
|turn|12
|
|t:|1662223169
|move|p1a: Marshadow|Shadow Sneak|p2a: 悬空羊驼
|-damage|p2a: 悬空羊驼|0 fnt
|faint|p2a: 悬空羊驼
|
|upkeep
|
|t:|1662223172
|switch|p2a: 乱杀P固|Arceus-Ground|100/100
|-damage|p2a: 乱杀P固|94/100|[from] Stealth Rock
|turn|13
|
|t:|1662223178
|move|p1a: Marshadow|Rock Tomb|p2a: 乱杀P固
|-resisted|p2a: 乱杀P固
|-damage|p2a: 乱杀P固|83/100
|-unboost|p2a: 乱杀P固|spe|1
|move|p2a: 乱杀P固|Judgment|p1a: Marshadow
|-damage|p1a: Marshadow|26/100
|
|upkeep
|turn|14
|
|t:|1662223181
|move|p1a: Marshadow|Close Combat|p2a: 乱杀P固
|-damage|p2a: 乱杀P固|39/100
|-unboost|p1a: Marshadow|def|1
|-unboost|p1a: Marshadow|spd|1
|move|p2a: 乱杀P固|Judgment|p1a: Marshadow
|-damage|p1a: Marshadow|0 fnt
|faint|p1a: Marshadow
|
|upkeep
|
|t:|1662223187
|switch|p1a: Smeargle|Smeargle, F|100/100
|-damage|p1a: Smeargle|88/100|[from] Stealth Rock
|turn|15
|
|t:|1662223191
|switch|p2a: 钢铁之躯|Necrozma-Dusk-Mane|100/100
|-damage|p2a: 钢铁之躯|94/100|[from] Stealth Rock
|move|p1a: Smeargle|Spore|p2a: 钢铁之躯
|-status|p2a: 钢铁之躯|slp|[from] move: Spore
|
|upkeep
|turn|16
|
|t:|1662223195
|switch|p2a: 烈龙无敌|Rayquaza|100/100
|-damage|p2a: 烈龙无敌|76/100|[from] Stealth Rock
|-ability|p2a: 烈龙无敌|Air Lock
|move|p1a: Smeargle|Shell Smash|p1a: Smeargle
|-unboost|p1a: Smeargle|def|1
|-unboost|p1a: Smeargle|spd|1
|-boost|p1a: Smeargle|atk|2
|-boost|p1a: Smeargle|spa|2
|-boost|p1a: Smeargle|spe|2
|
|upkeep
|turn|17
|
|t:|1662223199
|detailschange|p2a: 烈龙无敌|Rayquaza-Mega
|-mega|p2a: 烈龙无敌|Rayquaza|
|-weather|DeltaStream|[from] ability: Delta Stream|[of] p2a: 烈龙无敌
|move|p2a: 烈龙无敌|Extreme Speed|p1a: Smeargle
|-damage|p1a: Smeargle|0 fnt
|faint|p1a: Smeargle
|
|-weather|DeltaStream|[upkeep]
|upkeep
|
|t:|1662223203
|switch|p1a: Groudon|Groudon|100/100
|-damage|p1a: Groudon|94/100|[from] Stealth Rock
|detailschange|p1a: Groudon|Groudon-Primal
|-primal|p1a: Groudon
|-weather|DesolateLand|[from] ability: Desolate Land|[of] p1a: Groudon
|turn|18
|
|t:|1662223207
|move|p2a: 烈龙无敌|Earthquake|p1a: Groudon
|-supereffective|p1a: Groudon
|-damage|p1a: Groudon|27/100
|move|p1a: Groudon|Stone Edge|p2a: 烈龙无敌
|-supereffective|p2a: 烈龙无敌
|-crit|p2a: 烈龙无敌
|-damage|p2a: 烈龙无敌|0 fnt
|faint|p2a: 烈龙无敌
|
|-weather|DesolateLand|[upkeep]
|upkeep
|
|t:|1662223209
|switch|p2a: 乱杀P固|Arceus-Ground|39/100
|-damage|p2a: 乱杀P固|33/100|[from] Stealth Rock
|turn|19
|
|t:|1662223211
|move|p2a: 乱杀P固|Judgment|p1a: Groudon
|-supereffective|p1a: Groudon
|-damage|p1a: Groudon|0 fnt
|faint|p1a: Groudon
|-weather|none
|
|upkeep
|
|t:|1662223213
|switch|p1a: Zygarde|Zygarde|100/100
|-damage|p1a: Zygarde|94/100|[from] Stealth Rock
|turn|20
|
|t:|1662223215
|move|p1a: Zygarde|Dragon Dance|p1a: Zygarde
|-boost|p1a: Zygarde|atk|1
|-boost|p1a: Zygarde|spe|1
|move|p2a: 乱杀P固|Ice Beam|p1a: Zygarde
|-supereffective|p1a: Zygarde
|-damage|p1a: Zygarde|0 fnt
|faint|p1a: Zygarde
|
|win|CLEAR GEM清瑜
|raw|SaintLaplace's rating: 1686 &rarr; <strong>1670</strong><br />(-16 for losing)
|raw|CLEAR GEM清瑜's rating: 1749 &rarr; <strong>1765</strong><br />(+16 for winning)
|l|☆SaintLaplace
||Ladder isn't responding, score probably updated but might not have (Request timeout).
