|j|☆JCXD7L✩
|j|☆monkeybanditt
|t:|1648757648
|gametype|singles
|player|p1|JCXD7L✩|blue-gen7|1466
|player|p2|monkeybanditt|alder|1504
|teamsize|p1|6
|teamsize|p2|6
|gen|8
|tier|[Gen 8] National Dex AG
|rated|
|rule|HP Percentage Mod: HP is shown in percentages
|rule|Endless Battle Clause: Forcing endless battles is banned
|clearpoke
|poke|p1|Banette, F|
|poke|p1|Calyrex-Shadow|
|poke|p1|Xerneas-*|
|poke|p1|Togedemaru, L1, M|
|poke|p1|Marshadow|
|poke|p1|Kyogre|
|poke|p2|Groudon|
|poke|p2|Marshadow|
|poke|p2|Ferrothorn, M|
|poke|p2|Arceus-*|
|poke|p2|Yveltal|
|poke|p2|Kyogre|
|teampreview
|
|t:|1648757658
|start
|switch|p1a: Kyogre|Kyogre|100/100
|switch|p2a: Ferrothorn|Ferrothorn, M|100/100
|detailschange|p1a: Kyogre|Kyogre-Primal
|-primal|p1a: Kyogre
|-weather|PrimordialSea|[from] ability: Primordial Sea|[of] p1a: Kyogre
|turn|1
|inactive|Battle timer is ON: inactive players will automatically lose when time's up. (requested by monkeybanditt)
|
|t:|1648757666
|move|p1a: Kyogre|Water Spout|p2a: Ferrothorn
|-resisted|p2a: Ferrothorn
|-damage|p2a: Ferrothorn|35/100
|move|p2a: Ferrothorn|Thunder Wave|p1a: Kyogre
|-status|p1a: Kyogre|par
|
|-weather|PrimordialSea|[upkeep]
|-heal|p2a: Ferrothorn|41/100|[from] item: Leftovers
|upkeep
|turn|2
|
|t:|1648757675
|switch|p2a: Groudon|Groudon|100/100
|detailschange|p2a: Groudon|Groudon-Primal
|-primal|p2a: Groudon
|-weather|DesolateLand|[from] ability: Desolate Land|[of] p2a: Groudon
|move|p1a: Kyogre|Toxic|p2a: Groudon
|-status|p2a: Groudon|tox
|
|-weather|DesolateLand|[upkeep]
|-damage|p2a: Groudon|94/100 tox|[from] psn
|upkeep
|turn|3
|c|☆JCXD7L✩|prediction
|c|☆JCXD7L✩|epic
|
|t:|1648757687
|move|p2a: Groudon|Precipice Blades|p1a: Kyogre
|-damage|p1a: Kyogre|9/100 par
|move|p1a: Kyogre|Ice Beam|p2a: Groudon
|-damage|p2a: Groudon|61/100 tox
|
|-weather|DesolateLand|[upkeep]
|-damage|p2a: Groudon|49/100 tox|[from] psn
|upkeep
|turn|4
|
|t:|1648757707
|move|p2a: Groudon|Stealth Rock|p1a: Kyogre
|-sidestart|p1: JCXD7L✩|move: Stealth Rock
|move|p1a: Kyogre|Ice Beam|p2a: Groudon
|-damage|p2a: Groudon|12/100 tox
|
|-weather|DesolateLand|[upkeep]
|-damage|p2a: Groudon|0 fnt|[from] psn
|faint|p2a: Groudon
|-weather|none
|upkeep
|inactive|monkeybanditt has 120 seconds left.
|
|t:|1648757737
|switch|p2a: Kyogre|Kyogre|100/100
|detailschange|p2a: Kyogre|Kyogre-Primal
|-primal|p2a: Kyogre
|-weather|PrimordialSea|[from] ability: Primordial Sea|[of] p2a: Kyogre
|turn|5
|inactive|monkeybanditt has 120 seconds left.
|
|t:|1648757750
|move|p2a: Kyogre|Calm Mind|p2a: Kyogre
|-boost|p2a: Kyogre|spa|1
|-boost|p2a: Kyogre|spd|1
|cant|p1a: Kyogre|par
|
|-weather|PrimordialSea|[upkeep]
|upkeep
|turn|6
|inactive|monkeybanditt has 120 seconds left.
|
|t:|1648757756
|move|p2a: Kyogre|Ice Beam|p1a: Kyogre
|-resisted|p1a: Kyogre
|-damage|p1a: Kyogre|0 fnt
|faint|p1a: Kyogre
|
|-weather|PrimordialSea|[upkeep]
|upkeep
|
|t:|1648757762
|switch|p1a: Banette|Banette, F|100/100
|-damage|p1a: Banette|88/100|[from] Stealth Rock
|turn|7
|
|t:|1648757765
|detailschange|p1a: Banette|Banette-Mega, F
|-mega|p1a: Banette|Banette|Banettite
|move|p1a: Banette|Destiny Bond|p1a: Banette
|-singlemove|p1a: Banette|Destiny Bond
|move|p2a: Kyogre|Calm Mind|p2a: Kyogre
|-boost|p2a: Kyogre|spa|1
|-boost|p2a: Kyogre|spd|1
|
|-weather|PrimordialSea|[upkeep]
|upkeep
|turn|8
|
|t:|1648757772
|move|p2a: Kyogre|Thunder|p1a: Banette
|-damage|p1a: Banette|0 fnt
|faint|p1a: Banette
|-activate|p1a: Banette|move: Destiny Bond
|faint|p2a: Kyogre
|-weather|none
|
|upkeep
|c|☆monkeybanditt|Tf
|c|☆JCXD7L✩|what?
|c|☆monkeybanditt|was that really a speed tie
|inactive|JCXD7L✩ has 120 seconds left.
|inactive|monkeybanditt has 120 seconds left.
|c|☆JCXD7L✩|never seen mega banette before?
|c|☆JCXD7L✩|!dt prankster
|raw|<ul class="utilichart"><li class="result"><span class="col namecol"><a href="https://dex.pokemonshowdown.com/abilities/prankster">Prankster</a></span> <span class="col abilitydesccol">This Pokemon's Status moves have priority raised by 1, but Dark types are immune.</span> </li><li style="clear:both"></li></ul>
|raw|<font size="1"><font color="#686868">Gen:</font> 5</font>

|c|☆monkeybanditt|Forgot
|
|t:|1648757828
|switch|p2a: Yveltal|Yveltal|100/100
|switch|p1a: Marshadow|Marshadow|100/100
|-damage|p1a: Marshadow|94/100|[from] Stealth Rock
|-ability|p2a: Yveltal|Dark Aura
|turn|9
|c|☆monkeybanditt|Haven’t battled in Ubers for a few months rusty
|inactive|monkeybanditt has 90 seconds left.
|
|t:|1648757855
|move|p1a: Marshadow|Drain Punch|p2a: Yveltal
|-damage|p2a: Yveltal|66/100
|-heal|p1a: Marshadow|100/100|[from] drain|[of] p2a: Yveltal
|move|p2a: Yveltal|Oblivion Wing|p1a: Marshadow
|-supereffective|p1a: Marshadow
|-enditem|p1a: Marshadow|Focus Sash
|-damage|p1a: Marshadow|1/100
|-heal|p2a: Yveltal|100/100|[from] drain|[of] p1a: Marshadow
|
|upkeep
|turn|10
|
|t:|1648757864
|switch|p2a: Marshadow|Marshadow|100/100
|move|p1a: Marshadow|Drain Punch|p2a: Marshadow
|-immune|p2a: Marshadow
|
|upkeep
|turn|11
|
|t:|1648757869
|move|p2a: Marshadow|Shadow Sneak|p1a: Marshadow
|-supereffective|p1a: Marshadow
|-damage|p1a: Marshadow|0 fnt
|faint|p1a: Marshadow
|
|upkeep
|
|t:|1648757875
|switch|p1a: Calyrex|Calyrex-Shadow|100/100
|-ability|p1a: Calyrex|As One
|-ability|p1a: Calyrex|Unnerve
|-damage|p1a: Calyrex|88/100|[from] Stealth Rock
|turn|12
|
|t:|1648757888
|-start|p1a: Calyrex|Dynamax|
|-heal|p1a: Calyrex|88/100|[silent]
|move|p2a: Marshadow|Shadow Sneak|p1a: Calyrex
|-supereffective|p1a: Calyrex
|-damage|p1a: Calyrex|10/100
|move|p1a: Calyrex|Max Phantasm|p2a: Marshadow
|-supereffective|p2a: Marshadow
|-enditem|p2a: Marshadow|Focus Sash
|-damage|p2a: Marshadow|1/100
|-unboost|p2a: Marshadow|def|1
|
|upkeep
|turn|13
|
|t:|1648757895
|move|p1a: Calyrex|Max Guard|p1a: Calyrex
|-singleturn|p1a: Calyrex|Max Guard
|move|p2a: Marshadow|Shadow Sneak|p1a: Calyrex
|-activate|p1a: Calyrex|move: Max Guard
|
|upkeep
|turn|14
|
|t:|1648757900
|move|p1a: Calyrex|Max Guard||[still]
|-fail|p1a: Calyrex
|move|p2a: Marshadow|Shadow Sneak|p1a: Calyrex
|-supereffective|p1a: Calyrex
|-damage|p1a: Calyrex|0 fnt
|faint|p1a: Calyrex
|
|upkeep
|
|t:|1648757903
|switch|p1a: Togedemaru|Togedemaru, L1, M, shiny|100/100
|-damage|p1a: Togedemaru|93/100|[from] Stealth Rock
|turn|15
|
|t:|1648757915
|switch|p2a: Ferrothorn|Ferrothorn, M|41/100
|move|p1a: Togedemaru|Spiky Shield||[still]
|-fail|p1a: Togedemaru
|
|-heal|p2a: Ferrothorn|47/100|[from] item: Leftovers
|upkeep
|turn|16
|inactive|monkeybanditt has 120 seconds left.
|inactive|JCXD7L✩ has 120 seconds left.
|
|t:|1648757950
|switch|p1a: Xerneas|Xerneas|100/100
|-damage|p1a: Xerneas|88/100|[from] Stealth Rock
|-ability|p1a: Xerneas|Fairy Aura
|move|p2a: Ferrothorn|Knock Off|p1a: Xerneas
|-resisted|p1a: Xerneas
|-damage|p1a: Xerneas|80/100
|-enditem|p1a: Xerneas|Power Herb|[from] move: Knock Off|[of] p2a: Ferrothorn
|
|-heal|p2a: Ferrothorn|54/100|[from] item: Leftovers
|upkeep
|turn|17
|
|t:|1648757957
|move|p1a: Xerneas|Thunderbolt|p2a: Ferrothorn
|-resisted|p2a: Ferrothorn
|-damage|p2a: Ferrothorn|38/100
|move|p2a: Ferrothorn|Thunder Wave|p1a: Xerneas
|-status|p1a: Xerneas|par
|
|-heal|p2a: Ferrothorn|44/100|[from] item: Leftovers
|upkeep
|turn|18
|
|t:|1648757963
|move|p1a: Xerneas|Geomancy||[still]
|-prepare|p1a: Xerneas|Geomancy
|move|p2a: Ferrothorn|Leech Seed|p1a: Xerneas
|-start|p1a: Xerneas|move: Leech Seed
|
|-heal|p2a: Ferrothorn|50/100|[from] item: Leftovers
|-damage|p1a: Xerneas|68/100 par|[from] Leech Seed|[of] p2a: Ferrothorn
|-heal|p2a: Ferrothorn|66/100|[silent]
|upkeep
|turn|19
|
|t:|1648757982
|move|p1a: Xerneas|Geomancy|p1a: Xerneas|[from]lockedmove
|-boost|p1a: Xerneas|spa|2
|-boost|p1a: Xerneas|spd|2
|-boost|p1a: Xerneas|spe|2
|move|p2a: Ferrothorn|Knock Off|p1a: Xerneas
|-resisted|p1a: Xerneas
|-damage|p1a: Xerneas|62/100 par
|
|-heal|p2a: Ferrothorn|73/100|[from] item: Leftovers
|-damage|p1a: Xerneas|50/100 par|[from] Leech Seed|[of] p2a: Ferrothorn
|-heal|p2a: Ferrothorn|89/100|[silent]
|upkeep
|turn|20
|
|t:|1648757991
|cant|p1a: Xerneas|par
|move|p2a: Ferrothorn|Knock Off|p1a: Xerneas
|-resisted|p1a: Xerneas
|-damage|p1a: Xerneas|44/100 par
|
|-heal|p2a: Ferrothorn|95/100|[from] item: Leftovers
|-damage|p1a: Xerneas|32/100 par|[from] Leech Seed|[of] p2a: Ferrothorn
|-heal|p2a: Ferrothorn|100/100|[silent]
|upkeep
|turn|21
|
|t:|1648758002
|move|p1a: Xerneas|Moonblast|p2a: Ferrothorn
|-resisted|p2a: Ferrothorn
|-damage|p2a: Ferrothorn|42/100
|-unboost|p2a: Ferrothorn|spa|1
|move|p2a: Ferrothorn|Knock Off|p1a: Xerneas
|-resisted|p1a: Xerneas
|-damage|p1a: Xerneas|26/100 par
|
|-heal|p2a: Ferrothorn|49/100|[from] item: Leftovers
|-damage|p1a: Xerneas|14/100 par|[from] Leech Seed|[of] p2a: Ferrothorn
|-heal|p2a: Ferrothorn|64/100|[silent]
|upkeep
|turn|22
|
|t:|1648758010
|move|p1a: Xerneas|Moonblast|p2a: Ferrothorn
|-resisted|p2a: Ferrothorn
|-damage|p2a: Ferrothorn|5/100
|move|p2a: Ferrothorn|Knock Off|p1a: Xerneas
|-resisted|p1a: Xerneas
|-damage|p1a: Xerneas|8/100 par
|
|-heal|p2a: Ferrothorn|11/100|[from] item: Leftovers
|-damage|p1a: Xerneas|0 fnt|[from] Leech Seed|[of] p2a: Ferrothorn
|-heal|p2a: Ferrothorn|20/100|[silent]
|faint|p1a: Xerneas
|upkeep
|
|t:|1648758017
|switch|p1a: Togedemaru|Togedemaru, L1, M, shiny|93/100
|-damage|p1a: Togedemaru|85/100|[from] Stealth Rock
|turn|23
|c|☆monkeybanditt|Gg
|c|☆JCXD7L✩|maybe
|
|t:|1648758024
|move|p1a: Togedemaru|Fake Out|p2a: Ferrothorn
|-resisted|p2a: Ferrothorn
|-damage|p2a: Ferrothorn|20/100
|-damage|p1a: Togedemaru|77/100|[from] ability: Iron Barbs|[of] p2a: Ferrothorn
|-heal|p1a: Togedemaru|85/100|[from] item: Shell Bell|[of] p2a: Ferrothorn
|cant|p2a: Ferrothorn|flinch
|
|-heal|p2a: Ferrothorn|26/100|[from] item: Leftovers
|upkeep
|turn|24
|c|☆JCXD7L✩|oof
|c|☆JCXD7L✩|forgot
|c|☆JCXD7L✩|ggs
|
|t:|1648758036
|move|p1a: Togedemaru|Spiky Shield|p1a: Togedemaru
|-singleturn|p1a: Togedemaru|move: Protect
|move|p2a: Ferrothorn|Knock Off|p1a: Togedemaru
|-activate|p1a: Togedemaru|move: Protect
|-damage|p2a: Ferrothorn|14/100|[from] Spiky Shield|[of] p1a: Togedemaru
|
|-heal|p2a: Ferrothorn|20/100|[from] item: Leftovers
|upkeep
|turn|25
|
|t:|1648758041
|move|p2a: Ferrothorn|Knock Off|p1a: Togedemaru
|-damage|p1a: Togedemaru|0 fnt
|-enditem|p1a: Togedemaru|Shell Bell|[from] move: Knock Off|[of] p2a: Ferrothorn
|faint|p1a: Togedemaru
|
|win|monkeybanditt
|raw|JCXD7L✩'s rating: 1466 &rarr; <strong>1448</strong><br />(-18 for losing)
|raw|monkeybanditt's rating: 1504 &rarr; <strong>1522</strong><br />(+18 for winning)
|l|☆JCXD7L✩
||Ladder isn't responding, score probably updated but might not have (Request timeout).
