|j|☆High ladder bros
|j|☆BigDuckie
|t:|1661833503
|gametype|singles
|player|p1|High ladder bros|adaman|1663
|player|p2|BigDuckie|workerice|1872
|teamsize|p1|6
|teamsize|p2|6
|gen|8
|tier|[Gen 8] National Dex AG
|rated|
|rule|HP Percentage Mod: HP is shown in percentages
|rule|Endless Battle Clause: Forcing endless battles is banned
|clearpoke
|poke|p1|Rayquaza|
|poke|p1|Arceus-*|
|poke|p1|Arceus-*|
|poke|p1|Tyranitar, F|
|poke|p1|Ho-Oh|
|poke|p1|Necrozma-Dusk-Mane|
|poke|p2|Ho-Oh|
|poke|p2|Ho-Oh|
|poke|p2|Tyranitar, M|
|poke|p2|Necrozma-Dusk-Mane|
|poke|p2|Marshadow|
|poke|p2|Arceus-*|
|teampreview
|inactive|Battle timer is ON: inactive players will automatically lose when time's up. (requested by High ladder bros)
|
|t:|1661833515
|start
|switch|p1a: Tyranitar|Tyranitar, F, shiny|100/100
|switch|p2a: Arceus|Arceus-Ground|100/100
|-weather|Sandstorm|[from] ability: Sand Stream|[of] p1a: Tyranitar
|turn|1
|
|t:|1661833526
|move|p2a: Arceus|Ice Beam|p1a: Tyranitar
|-crit|p1a: Tyranitar
|-damage|p1a: Tyranitar|79/100
|move|p1a: Tyranitar|Stealth Rock|p2a: Arceus
|-sidestart|p2: BigDuckie|move: Stealth Rock
|
|-weather|Sandstorm|[upkeep]
|-heal|p1a: Tyranitar|85/100|[from] item: Leftovers
|upkeep
|turn|2
|
|t:|1661833535
|move|p2a: Arceus|Judgment|p1a: Tyranitar
|-supereffective|p1a: Tyranitar
|-crit|p1a: Tyranitar
|-damage|p1a: Tyranitar|1/100
|move|p1a: Tyranitar|Rock Tomb|p2a: Arceus
|-resisted|p2a: Arceus
|-damage|p2a: Arceus|91/100
|-unboost|p2a: Arceus|spe|1
|
|-weather|Sandstorm|[upkeep]
|-heal|p1a: Tyranitar|7/100|[from] item: Leftovers
|upkeep
|turn|3
|
|t:|1661833543
|switch|p1a: Ho-Oh|Ho-Oh, shiny|100/100
|move|p2a: Arceus|Ice Beam|p1a: Ho-Oh
|-crit|p1a: Ho-Oh
|-damage|p1a: Ho-Oh|80/100
|
|-weather|Sandstorm|[upkeep]
|-damage|p1a: Ho-Oh|74/100|[from] Sandstorm
|upkeep
|turn|4
|inactive|High ladder bros has 120 seconds left.
|
|t:|1661833577
|switch|p2a: Necrozma|Necrozma-Dusk-Mane|100/100
|-damage|p2a: Necrozma|94/100|[from] Stealth Rock
|move|p1a: Ho-Oh|Toxic|p2a: Necrozma
|-immune|p2a: Necrozma
|
|-weather|Sandstorm|[upkeep]
|-damage|p1a: Ho-Oh|67/100|[from] Sandstorm
|upkeep
|turn|5
|
|t:|1661833583
|move|p1a: Ho-Oh|Sacred Fire|p2a: Necrozma
|-supereffective|p2a: Necrozma
|-damage|p2a: Necrozma|58/100
|move|p2a: Necrozma|Stealth Rock|p1a: Ho-Oh
|-sidestart|p1: High ladder bros|move: Stealth Rock
|
|-weather|none
|upkeep
|turn|6
|
|t:|1661833589
|move|p1a: Ho-Oh|Sacred Fire|p2a: Necrozma
|-supereffective|p2a: Necrozma
|-damage|p2a: Necrozma|25/100
|-status|p2a: Necrozma|brn
|move|p2a: Necrozma|Knock Off|p1a: Ho-Oh
|-damage|p1a: Ho-Oh|53/100
|-enditem|p1a: Ho-Oh|Heavy-Duty Boots|[from] move: Knock Off|[of] p2a: Necrozma
|
|-damage|p2a: Necrozma|19/100 brn|[from] brn
|upkeep
|turn|7
|inactive|High ladder bros has 120 seconds left.
|
|t:|1661833630
|move|p1a: Ho-Oh|Defog|p2a: Necrozma
|-unboost|p2a: Necrozma|evasion|1
|-sideend|p2: BigDuckie|Stealth Rock|[from] move: Defog|[of] p1a: Ho-Oh
|-sideend|p1: High ladder bros|Stealth Rock|[from] move: Defog|[of] p1a: Ho-Oh
|move|p2a: Necrozma|Moonlight|p2a: Necrozma
|-heal|p2a: Necrozma|69/100 brn
|
|-damage|p2a: Necrozma|63/100 brn|[from] brn
|upkeep
|turn|8
|
|t:|1661833644
|switch|p1a: Arceus|Arceus-Water, shiny|100/100
|move|p2a: Necrozma|Moonlight|p2a: Necrozma
|-heal|p2a: Necrozma|100/100 brn
|
|-damage|p2a: Necrozma|94/100 brn|[from] brn
|upkeep
|turn|9
|
|t:|1661833658
|switch|p2a: Arceus|Arceus-Ground|91/100
|move|p1a: Arceus|Judgment|p2a: Arceus
|-supereffective|p2a: Arceus
|-damage|p2a: Arceus|17/100
|
|upkeep
|turn|10
|inactive|High ladder bros has 90 seconds left.
|
|t:|1661833698
|move|p2a: Arceus|Energy Ball|p1a: Arceus
|-supereffective|p1a: Arceus
|-damage|p1a: Arceus|54/100
|move|p1a: Arceus|Ice Beam|p2a: Arceus
|-supereffective|p2a: Arceus
|-damage|p2a: Arceus|0 fnt
|faint|p2a: Arceus
|
|upkeep
|
|t:|1661833709
|switch|p2a: Marshadow|Marshadow|100/100
|turn|11
|
|t:|1661833715
|move|p2a: Marshadow|Low Kick|p1a: Arceus
|-damage|p1a: Arceus|24/100
|move|p1a: Arceus|Will-O-Wisp|p2a: Marshadow|[miss]
|-miss|p1a: Arceus|p2a: Marshadow
|
|upkeep
|turn|12
|
|t:|1661833725
|move|p2a: Marshadow|Poltergeist|p1a: Arceus
|-activate|p1a: Arceus|move: Poltergeist|Splash Plate
|-damage|p1a: Arceus|0 fnt
|faint|p1a: Arceus
|
|upkeep
|
|t:|1661833738
|switch|p1a: Arceus|Arceus-Ground, shiny|100/100
|turn|13
|
|t:|1661833746
|switch|p2a: Ho-Oh|Ho-Oh|100/100
|move|p1a: Arceus|Judgment|p2a: Ho-Oh
|-immune|p2a: Ho-Oh
|
|upkeep
|turn|14
|
|t:|1661833776
|switch|p1a: Ho-Oh|Ho-Oh, shiny|86/100
|move|p2a: Ho-Oh|Toxic|p1a: Ho-Oh
|-status|p1a: Ho-Oh|tox
|
|-damage|p1a: Ho-Oh|80/100 tox|[from] psn
|upkeep
|turn|15
|
|t:|1661833789
|switch|p2a: Necrozma|Necrozma-Dusk-Mane|94/100 brn
|switch|p1a: 1|Rayquaza|100/100
|-ability|p1a: 1|Air Lock
|
|-damage|p2a: Necrozma|88/100 brn|[from] brn
|upkeep
|turn|16
|inactive|High ladder bros has 90 seconds left.
|
|t:|1661833832
|switch|p2a: Ho-Oh|Ho-Oh|100/100
|detailschange|p1a: 1|Rayquaza-Mega
|-mega|p1a: 1|Rayquaza|
|-weather|DeltaStream|[from] ability: Delta Stream|[of] p1a: 1
|move|p1a: 1|V-create|p2a: Ho-Oh
|-resisted|p2a: Ho-Oh
|-damage|p2a: Ho-Oh|59/100
|-unboost|p1a: 1|spe|1
|-unboost|p1a: 1|def|1
|-unboost|p1a: 1|spd|1
|
|-weather|DeltaStream|[upkeep]
|upkeep
|turn|17
|
|t:|1661833848
|-weather|none
|switch|p1a: Tyranitar|Tyranitar, F, shiny|7/100
|-weather|Sandstorm|[from] ability: Sand Stream|[of] p1a: Tyranitar
|switch|p2a: Necrozma|Necrozma-Dusk-Mane|88/100 brn
|
|-weather|Sandstorm|[upkeep]
|-heal|p1a: Tyranitar|14/100|[from] item: Leftovers
|-damage|p2a: Necrozma|82/100 brn|[from] brn
|upkeep
|turn|18
|
|t:|1661833862
|switch|p1a: Necrozma|Necrozma-Dusk-Mane, shiny|100/100
|move|p2a: Necrozma|Stealth Rock|p1a: Necrozma
|-sidestart|p1: High ladder bros|move: Stealth Rock
|
|-weather|Sandstorm|[upkeep]
|-damage|p2a: Necrozma|76/100 brn|[from] brn
|upkeep
|turn|19
|
|t:|1661833868
|move|p1a: Necrozma|Dragon Dance|p1a: Necrozma
|-boost|p1a: Necrozma|atk|1
|-boost|p1a: Necrozma|spe|1
|move|p2a: Necrozma|Knock Off|p1a: Necrozma
|-supereffective|p1a: Necrozma
|-damage|p1a: Necrozma|88/100
|-damage|p2a: Necrozma|60/100 brn|[from] item: Rocky Helmet|[of] p1a: Necrozma
|-enditem|p1a: Necrozma|Rocky Helmet|[from] move: Knock Off|[of] p2a: Necrozma
|
|-weather|Sandstorm|[upkeep]
|-damage|p2a: Necrozma|54/100 brn|[from] brn
|upkeep
|turn|20
|j| alt1445645
|l| alt1445645
|
|t:|1661833879
|-start|p1a: Necrozma|Dynamax|
|-heal|p1a: Necrozma|88/100|[silent]
|move|p1a: Necrozma|Max Steelspike|p2a: Necrozma
|-resisted|p2a: Necrozma
|-damage|p2a: Necrozma|27/100 brn
|-boost|p1a: Necrozma|def|1
|move|p2a: Necrozma|Knock Off|p1a: Necrozma
|-supereffective|p1a: Necrozma
|-damage|p1a: Necrozma|84/100
|
|-weather|Sandstorm|[upkeep]
|-damage|p2a: Necrozma|21/100 brn|[from] brn
|upkeep
|turn|21
|
|t:|1661833885
|move|p1a: Necrozma|Max Steelspike|p2a: Necrozma
|-resisted|p2a: Necrozma
|-damage|p2a: Necrozma|0 fnt
|-boost|p1a: Necrozma|def|1
|faint|p2a: Necrozma
|
|-weather|none
|upkeep
|
|t:|1661833894
|switch|p2a: Marshadow|Marshadow|100/100
|turn|22
|
|t:|1661833908
|move|p2a: Marshadow|Spectral Thief||[still]
|-clearpositiveboost|p1a: Necrozma|p2a: Marshadow|move: Spectral Thief
|-boost|p2a: Marshadow|atk|1
|-boost|p2a: Marshadow|def|2
|-boost|p2a: Marshadow|spe|1
|-anim|p2a: Marshadow|Spectral Thief|p1a: Necrozma
|-supereffective|p1a: Necrozma
|-damage|p1a: Necrozma|56/100
|move|p1a: Necrozma|Max Steelspike|p2a: Marshadow
|-crit|p2a: Marshadow
|-enditem|p2a: Marshadow|Focus Sash
|-damage|p2a: Marshadow|1/100
|-boost|p1a: Necrozma|def|1
|
|upkeep
|-end|p1a: Necrozma|Dynamax
|-heal|p1a: Necrozma|56/100|[silent]
|turn|23
|inactive|BigDuckie has 120 seconds left.
|
|t:|1661833944
|move|p2a: Marshadow|Spectral Thief||[still]
|-clearpositiveboost|p1a: Necrozma|p2a: Marshadow|move: Spectral Thief
|-boost|p2a: Marshadow|def|1
|-anim|p2a: Marshadow|Spectral Thief|p1a: Necrozma
|-supereffective|p1a: Necrozma
|-damage|p1a: Necrozma|3/100
|move|p1a: Necrozma|Morning Sun|p1a: Necrozma
|-heal|p1a: Necrozma|52/100
|
|upkeep
|turn|24
|inactive|High ladder bros has 120 seconds left.
|
|t:|1661833959
|move|p2a: Marshadow|Poltergeist||[still]
|-fail|p2a: Marshadow
|move|p1a: Necrozma|Iron Head|p2a: Marshadow
|-damage|p2a: Marshadow|0 fnt
|faint|p2a: Marshadow
|
|upkeep
|
|t:|1661833965
|switch|p2a: Ho-Oh|Ho-Oh|100/100
|turn|25
|
|t:|1661833972
|move|p2a: Ho-Oh|Sacred Fire|p1a: Necrozma
|-supereffective|p1a: Necrozma
|-damage|p1a: Necrozma|14/100
|move|p1a: Necrozma|Stone Edge|p2a: Ho-Oh
|-supereffective|p2a: Ho-Oh
|-damage|p2a: Ho-Oh|0 fnt
|faint|p2a: Ho-Oh
|
|upkeep
|-message|BigDuckie forfeited.
|
|win|High ladder bros
|raw|High ladder bros's rating: 1694 &rarr; <strong>1723</strong><br />(+29 for winning)
|raw|BigDuckie's rating: 1872 &rarr; <strong>1843</strong><br />(-29 for losing)
|l|☆BigDuckie
