|j|☆Defensive0
|j|☆chopforce8
|t:|1667241286
|gametype|singles
|player|p1|Defensive0|riley|1942
|player|p2|chopforce8|red|1832
|teamsize|p1|6
|teamsize|p2|6
|gen|8
|tier|[Gen 8] National Dex AG
|rated|
|rule|HP Percentage Mod: HP is shown in percentages
|rule|Endless Battle Clause: Forcing endless battles is banned
|clearpoke
|poke|p1|Mewtwo|
|poke|p1|Ditto|
|poke|p1|Arceus-*|
|poke|p1|Arceus-*|
|poke|p1|Zygarde|
|poke|p1|Arceus-*|
|poke|p2|Yveltal|
|poke|p2|Diancie|
|poke|p2|Calyrex-Shadow|
|poke|p2|Zacian-*|
|poke|p2|Ditto|
|poke|p2|Arceus-*|
|teampreview
|inactive|Battle timer is ON: inactive players will automatically lose when time's up. (requested by Defensive0)
|inactive|chopforce8 has 120 seconds left.
|
|t:|1667241329
|start
|switch|p1a: Arceus|Arceus|100/100
|switch|p2a: Deadly Fart|Calyrex-Shadow|100/100
|-ability|p2a: Deadly Fart|As One
|-ability|p2a: Deadly Fart|Unnerve
|turn|1
|
|t:|1667241341
|switch|p2a: Need Toilet|Zacian-Crowned|100/100
|-ability|p2a: Need Toilet|Intrepid Sword|boost
|-boost|p2a: Need Toilet|atk|1
|move|p1a: Arceus|Earthquake|p2a: Need Toilet
|-supereffective|p2a: Need Toilet
|-damage|p2a: Need Toilet|43/100
|
|upkeep
|turn|2
|
|t:|1667241362
|switch|p1a: Zygarde|Zygarde, shiny|100/100
|move|p2a: Need Toilet|Close Combat|p1a: Zygarde
|-crit|p1a: Zygarde
|-damage|p1a: Zygarde|38/100
|-unboost|p2a: Need Toilet|def|1
|-unboost|p2a: Need Toilet|spd|1
|
|-heal|p1a: Zygarde|45/100|[from] item: Leftovers
|-activate|p1a: Zygarde|ability: Power Construct
|detailschange|p1a: Zygarde|Zygarde-Complete, shiny
|-heal|p1a: Zygarde|64/100|[silent]
|upkeep
|turn|3
|
|t:|1667241376
|move|p2a: Need Toilet|Behemoth Blade|p1a: Zygarde
|-damage|p1a: Zygarde|29/100
|move|p1a: Zygarde|Glare|p2a: Need Toilet
|-status|p2a: Need Toilet|par
|
|-heal|p1a: Zygarde|35/100|[from] item: Leftovers
|upkeep
|turn|4
|
|t:|1667241386
|cant|p2a: Need Toilet|par
|move|p1a: Zygarde|Rest|p1a: Zygarde
|-status|p1a: Zygarde|slp|[from] move: Rest
|-heal|p1a: Zygarde|100/100 slp|[silent]
|
|upkeep
|turn|5
|
|t:|1667241396
|switch|p2a: stealthy poo|Diancie|100/100
|switch|p1a: Arceus|Arceus|100/100
|
|upkeep
|turn|6
|inactive|chopforce8 has 120 seconds left.
|
|t:|1667241445
|detailschange|p2a: stealthy poo|Diancie-Mega
|-mega|p2a: stealthy poo|Diancie|Diancite
|move|p1a: Arceus|Earthquake|p2a: stealthy poo
|-supereffective|p2a: stealthy poo
|-damage|p2a: stealthy poo|5/100
|move|p2a: stealthy poo|Stealth Rock|p1a: Arceus
|-sidestart|p1: Defensive0|move: Stealth Rock
|
|upkeep
|turn|7
|
|t:|1667241452
|move|p1a: Arceus|Extreme Speed|p2a: stealthy poo
|-resisted|p2a: stealthy poo
|-damage|p2a: stealthy poo|0 fnt
|faint|p2a: stealthy poo
|
|upkeep
|
|t:|1667241461
|switch|p2a: Deadly Fart|Calyrex-Shadow|100/100
|-ability|p2a: Deadly Fart|As One
|-ability|p2a: Deadly Fart|Unnerve
|turn|8
|
|t:|1667241471
|switch|p1a: Ditto|Ditto, shiny|100/100
|-damage|p1a: Ditto|88/100|[from] Stealth Rock
|-transform|p1a: Ditto|p2a: Deadly Fart|[from] ability: Imposter
|move|p2a: Deadly Fart|Nasty Plot|p2a: Deadly Fart
|-boost|p2a: Deadly Fart|spa|2
|
|upkeep
|turn|9
|
|t:|1667241491
|move|p1a: Ditto|Astral Barrage|p2a: Deadly Fart
|-supereffective|p2a: Deadly Fart
|-enditem|p2a: Deadly Fart|Focus Sash
|-damage|p2a: Deadly Fart|1/100
|move|p2a: Deadly Fart|Baton Pass|p2a: Deadly Fart
|
|t:|1667241497
|switch|p2a: Fancy Bathroom|Arceus-Flying|100/100|[from]move: Baton Pass
|
|upkeep
|turn|10
|
|t:|1667241510
|switch|p1a: Arceus|Arceus|100/100
|-damage|p1a: Arceus|88/100|[from] Stealth Rock
|-start|p2a: Fancy Bathroom|Dynamax|
|-heal|p2a: Fancy Bathroom|100/100|[silent]
|move|p2a: Fancy Bathroom|Max Airstream|p1a: Arceus
|-damage|p1a: Arceus|0 fnt
|-boost|p2a: Fancy Bathroom|spe|1
|faint|p1a: Arceus
|
|upkeep
|
|t:|1667241525
|switch|p1a: Zygarde|Zygarde-Complete, shiny|100/100 slp
|-damage|p1a: Zygarde|94/100 slp|[from] Stealth Rock
|turn|11
|
|t:|1667241529
|move|p2a: Fancy Bathroom|Max Airstream|p1a: Zygarde
|-damage|p1a: Zygarde|25/100 slp
|-boost|p2a: Fancy Bathroom|spe|1
|cant|p1a: Zygarde|slp
|
|-heal|p1a: Zygarde|31/100 slp|[from] item: Leftovers
|upkeep
|turn|12
|
|t:|1667241538
|move|p2a: Fancy Bathroom|Max Airstream|p1a: Zygarde
|-damage|p1a: Zygarde|0 fnt
|-boost|p2a: Fancy Bathroom|spe|1
|faint|p1a: Zygarde
|
|upkeep
|
|t:|1667241544
|switch|p1a: Arceus|Arceus-Fairy|100/100
|-damage|p1a: Arceus|88/100|[from] Stealth Rock
|-end|p2a: Fancy Bathroom|Dynamax
|-heal|p2a: Fancy Bathroom|100/100|[silent]
|turn|13
|
|t:|1667241550
|move|p2a: Fancy Bathroom|Judgment|p1a: Arceus
|-damage|p1a: Arceus|45/100
|move|p1a: Arceus|Toxic|p2a: Fancy Bathroom
|-status|p2a: Fancy Bathroom|tox
|
|-damage|p2a: Fancy Bathroom|94/100 tox|[from] psn
|upkeep
|turn|14
|
|t:|1667241557
|move|p2a: Fancy Bathroom|Judgment|p1a: Arceus
|-damage|p1a: Arceus|0 fnt
|faint|p1a: Arceus
|
|-damage|p2a: Fancy Bathroom|82/100 tox|[from] psn
|upkeep
|
|t:|1667241574
|switch|p1a: Ditto|Ditto, shiny|88/100
|-damage|p1a: Ditto|76/100|[from] Stealth Rock
|-transform|p1a: Ditto|p2a: Fancy Bathroom|[from] ability: Imposter
|turn|15
|
|t:|1667241587
|switch|p2a: Deadly Fart|Calyrex-Shadow|1/100
|-ability|p2a: Deadly Fart|As One
|-ability|p2a: Deadly Fart|Unnerve
|-start|p1a: Ditto|Dynamax|
|-heal|p1a: Ditto|76/100|[silent]
|move|p1a: Ditto|Max Strike|p2a: Deadly Fart
|-immune|p2a: Deadly Fart
|
|upkeep
|turn|16
|
|t:|1667241596
|-end|p1a: Ditto|Dynamax
|-heal|p1a: Ditto|76/100|[silent]
|switch|p1a: Arceus|Arceus|100/100
|-damage|p1a: Arceus|88/100|[from] Stealth Rock
|move|p2a: Deadly Fart|Astral Barrage|p1a: Arceus
|-immune|p1a: Arceus
|
|upkeep
|turn|17
|
|t:|1667241612
|switch|p2a: Need Toilet|Zacian-Crowned|43/100 par
|-ability|p2a: Need Toilet|Intrepid Sword|boost
|-boost|p2a: Need Toilet|atk|1
|move|p1a: Arceus|Swords Dance|p1a: Arceus
|-boost|p1a: Arceus|atk|2
|
|upkeep
|turn|18
|
|t:|1667241625
|move|p1a: Arceus|Swords Dance|p1a: Arceus
|-boost|p1a: Arceus|atk|2
|move|p2a: Need Toilet|Close Combat|p1a: Arceus
|-supereffective|p1a: Arceus
|-damage|p1a: Arceus|0 fnt
|-unboost|p2a: Need Toilet|def|1
|-unboost|p2a: Need Toilet|spd|1
|faint|p1a: Arceus
|
|upkeep
|
|t:|1667241627
|switch|p1a: Ditto|Ditto, shiny|76/100
|-damage|p1a: Ditto|63/100|[from] Stealth Rock
|-transform|p1a: Ditto|p2a: Need Toilet|[from] ability: Imposter
|-ability|p1a: Ditto|Intrepid Sword|boost
|-boost|p1a: Ditto|atk|1
|turn|19
|
|t:|1667241638
|move|p1a: Ditto|Behemoth Blade|p2a: Need Toilet
|-damage|p2a: Need Toilet|0 fnt
|faint|p2a: Need Toilet
|
|upkeep
|
|t:|1667241647
|switch|p2a: Fancy Bathroom|Arceus-Flying|82/100 tox
|turn|20
|
|t:|1667241650
|move|p1a: Ditto|Behemoth Blade|p2a: Fancy Bathroom
|-damage|p2a: Fancy Bathroom|0 fnt
|faint|p2a: Fancy Bathroom
|
|upkeep
|
|t:|1667241658
|switch|p2a: Maximum Dump|Yveltal|100/100
|-ability|p2a: Maximum Dump|Dark Aura
|turn|21
|
|t:|1667241662
|move|p2a: Maximum Dump|Sucker Punch|p1a: Ditto
|-resisted|p1a: Ditto
|-damage|p1a: Ditto|26/100
|-damage|p2a: Maximum Dump|91/100|[from] item: Life Orb
|move|p1a: Ditto|Behemoth Blade|p2a: Maximum Dump
|-damage|p2a: Maximum Dump|0 fnt
|faint|p2a: Maximum Dump
|
|upkeep
|
|t:|1667241669
|switch|p2a: Bathroom Mirror|Ditto|100/100
|turn|22
|
|t:|1667241673
|move|p1a: Ditto|Behemoth Blade|p2a: Bathroom Mirror
|-damage|p2a: Bathroom Mirror|0 fnt
|faint|p2a: Bathroom Mirror
|
|upkeep
|
|t:|1667241677
|switch|p2a: Deadly Fart|Calyrex-Shadow|1/100
|-ability|p2a: Deadly Fart|As One
|-ability|p2a: Deadly Fart|Unnerve
|turn|23
|
|t:|1667241682
|move|p1a: Ditto|Behemoth Blade|p2a: Deadly Fart
|-damage|p2a: Deadly Fart|0 fnt
|faint|p2a: Deadly Fart
|
|win|Defensive0
|raw|Defensive0's rating: 1942 &rarr; <strong>1956</strong><br />(+14 for winning)
|raw|chopforce8's rating: 1832 &rarr; <strong>1818</strong><br />(-14 for losing)
|l|☆chopforce8
