|j|☆Catchemmm
|j|☆amnael01
|t:|1661990297
|gametype|singles
|player|p1|Catchemmm|boarder|1631
|player|p2|amnael01|102|1791
|teamsize|p1|6
|teamsize|p2|6
|gen|8
|tier|[Gen 8] National Dex AG
|rated|
|rule|HP Percentage Mod: HP is shown in percentages
|rule|Endless Battle Clause: Forcing endless battles is banned
|clearpoke
|poke|p1|Kyurem-White|
|poke|p1|Calyrex-Shadow|
|poke|p1|Rayquaza|
|poke|p1|Regieleki|
|poke|p1|Smeargle, M|
|poke|p1|Skarmory, M|
|poke|p2|Smeargle, M|
|poke|p2|Groudon|
|poke|p2|Espeon, F|
|poke|p2|Rayquaza|
|poke|p2|Xerneas-*|
|poke|p2|Zacian-*|
|teampreview
|inactive|Battle timer is ON: inactive players will automatically lose when time's up. (requested by Catchemmm)
|j| ConquestGanda
|
|t:|1661990305
|start
|switch|p1a: JumpingMan|Regieleki|100/100
|switch|p2a: Groudon|Groudon|100/100
|detailschange|p2a: Groudon|Groudon-Primal
|-primal|p2a: Groudon
|-weather|DesolateLand|[from] ability: Desolate Land|[of] p2a: Groudon
|turn|1
|
|t:|1661990311
|switch|p1a: Skarmory|Skarmory, M|100/100
|move|p2a: Groudon|Fire Punch|p1a: Skarmory
|-supereffective|p1a: Skarmory
|-damage|p1a: Skarmory|18/100
|-damage|p2a: Groudon|84/100|[from] item: Rocky Helmet|[of] p1a: Skarmory
|
|-weather|DesolateLand|[upkeep]
|upkeep
|turn|2
|
|t:|1661990315
|move|p2a: Groudon|Fire Punch|p1a: Skarmory
|-supereffective|p1a: Skarmory
|-crit|p1a: Skarmory
|-damage|p1a: Skarmory|0 fnt
|-damage|p2a: Groudon|68/100|[from] item: Rocky Helmet|[of] p1a: Skarmory
|faint|p1a: Skarmory
|
|-weather|DesolateLand|[upkeep]
|upkeep
|
|t:|1661990318
|switch|p1a: Smeargle|Smeargle, M|100/100
|turn|3
|
|t:|1661990320
|move|p2a: Groudon|Stealth Rock|p1a: Smeargle
|-sidestart|p1: Catchemmm|move: Stealth Rock
|move|p1a: Smeargle|Shell Smash|p1a: Smeargle
|-unboost|p1a: Smeargle|def|1
|-unboost|p1a: Smeargle|spd|1
|-boost|p1a: Smeargle|atk|2
|-boost|p1a: Smeargle|spa|2
|-boost|p1a: Smeargle|spe|2
|
|-weather|DesolateLand|[upkeep]
|-ability|p1a: Smeargle|Moody|boost
|-boost|p1a: Smeargle|spe|2
|-unboost|p1a: Smeargle|spd|1
|upkeep
|turn|4
|
|t:|1661990325
|move|p1a: Smeargle|Spore|p2a: Groudon
|-status|p2a: Groudon|slp|[from] move: Spore
|cant|p2a: Groudon|slp
|
|-weather|DesolateLand|[upkeep]
|-ability|p1a: Smeargle|Moody|boost
|-boost|p1a: Smeargle|spa|2
|-unboost|p1a: Smeargle|spe|1
|upkeep
|turn|5
|
|t:|1661990333
|move|p1a: Smeargle|Baton Pass|p1a: Smeargle
|
|t:|1661990339
|switch|p1a: Kurem|Kyurem-White, shiny|100/100|[from]move: Baton Pass
|-damage|p1a: Kurem|76/100|[from] Stealth Rock
|-ability|p1a: Kurem|Turboblaze
|cant|p2a: Groudon|slp
|
|-weather|DesolateLand|[upkeep]
|upkeep
|turn|6
|
|t:|1661990345
|move|p1a: Kurem|Ice Beam|p2a: Groudon
|-damage|p2a: Groudon|0 fnt
|faint|p2a: Groudon
|-weather|none
|
|upkeep
|
|t:|1661990348
|switch|p2a: Rayquaza|Rayquaza|100/100
|-ability|p2a: Rayquaza|Air Lock
|turn|7
|
|t:|1661990351
|detailschange|p2a: Rayquaza|Rayquaza-Mega
|-mega|p2a: Rayquaza|Rayquaza|
|-weather|DeltaStream|[from] ability: Delta Stream|[of] p2a: Rayquaza
|move|p1a: Kurem|Ice Beam|p2a: Rayquaza
|-activate||deltastream
|-supereffective|p2a: Rayquaza
|-enditem|p2a: Rayquaza|Focus Sash
|-damage|p2a: Rayquaza|1/100
|move|p2a: Rayquaza|Dragon Ascent|p1a: Kurem
|-damage|p1a: Kurem|0 fnt
|-unboost|p2a: Rayquaza|def|1
|-unboost|p2a: Rayquaza|spd|1
|faint|p1a: Kurem
|
|-weather|DeltaStream|[upkeep]
|upkeep
|
|t:|1661990358
|switch|p1a: Rayquaza|Rayquaza|100/100
|-damage|p1a: Rayquaza|76/100|[from] Stealth Rock
|-ability|p1a: Rayquaza|Air Lock
|turn|8
|
|t:|1661990360
|detailschange|p1a: Rayquaza|Rayquaza-Mega
|-mega|p1a: Rayquaza|Rayquaza|
|move|p2a: Rayquaza|Extreme Speed|p1a: Rayquaza
|-damage|p1a: Rayquaza|41/100
|move|p1a: Rayquaza|Extreme Speed|p2a: Rayquaza
|-damage|p2a: Rayquaza|0 fnt
|faint|p2a: Rayquaza
|-damage|p1a: Rayquaza|31/100|[from] item: Life Orb
|
|-weather|DeltaStream|[upkeep]
|upkeep
|
|t:|1661990365
|switch|p2a: Smeargle|Smeargle, M|100/100
|turn|9
|
|t:|1661990369
|move|p2a: Smeargle|Spiky Shield|p2a: Smeargle
|-singleturn|p2a: Smeargle|move: Protect
|move|p1a: Rayquaza|Scale Shot|p2a: Smeargle
|-activate|p2a: Smeargle|move: Protect
|
|-weather|DeltaStream|[upkeep]
|-ability|p2a: Smeargle|Moody|boost
|-boost|p2a: Smeargle|atk|2
|-unboost|p2a: Smeargle|spa|1
|upkeep
|turn|10
|
|t:|1661990373
|switch|p2a: Zacian|Zacian-Crowned|100/100
|-ability|p2a: Zacian|Intrepid Sword|boost
|-boost|p2a: Zacian|atk|1
|move|p1a: Rayquaza|Scale Shot|p2a: Zacian
|-immune|p2a: Zacian
|
|-weather|DeltaStream|[upkeep]
|upkeep
|turn|11
|
|t:|1661990377
|move|p1a: Rayquaza|Extreme Speed|p2a: Zacian
|-resisted|p2a: Zacian
|-damage|p2a: Zacian|79/100
|-damage|p1a: Rayquaza|21/100|[from] item: Life Orb
|move|p2a: Zacian|Play Rough|p1a: Rayquaza
|-supereffective|p1a: Rayquaza
|-damage|p1a: Rayquaza|0 fnt
|faint|p1a: Rayquaza
|-weather|none
|
|upkeep
|
|t:|1661990380
|switch|p1a: JumpingMan|Regieleki|100/100
|-damage|p1a: JumpingMan|88/100|[from] Stealth Rock
|turn|12
|
|t:|1661990382
|move|p1a: JumpingMan|Rapid Spin|p2a: Zacian
|-resisted|p2a: Zacian
|-damage|p2a: Zacian|74/100
|-boost|p1a: JumpingMan|spe|1
|-sideend|p1: Catchemmm|Stealth Rock|[from] move: Rapid Spin|[of] p1a: JumpingMan
|move|p2a: Zacian|Play Rough|p1a: JumpingMan
|-damage|p1a: JumpingMan|0 fnt
|faint|p1a: JumpingMan
|
|upkeep
|
|t:|1661990386
|switch|p1a: Smeargle|Smeargle, M|100/100
|turn|13
|
|t:|1661990388
|move|p2a: Zacian|Behemoth Blade|p1a: Smeargle
|-enditem|p1a: Smeargle|Focus Sash
|-damage|p1a: Smeargle|1/100
|move|p1a: Smeargle|Shell Smash|p1a: Smeargle
|-unboost|p1a: Smeargle|def|1
|-unboost|p1a: Smeargle|spd|1
|-boost|p1a: Smeargle|atk|2
|-boost|p1a: Smeargle|spa|2
|-boost|p1a: Smeargle|spe|2
|
|-ability|p1a: Smeargle|Moody|boost
|-boost|p1a: Smeargle|def|2
|-unboost|p1a: Smeargle|spa|1
|upkeep
|turn|14
|
|t:|1661990391
|switch|p2a: Smeargle|Smeargle, M|100/100
|move|p1a: Smeargle|Spore|p2a: Smeargle
|-status|p2a: Smeargle|slp|[from] move: Spore
|
|-ability|p1a: Smeargle|Moody|boost
|-boost|p1a: Smeargle|spa|2
|-unboost|p1a: Smeargle|spd|1
|-ability|p2a: Smeargle|Moody|boost
|-boost|p2a: Smeargle|spa|2
|-unboost|p2a: Smeargle|def|1
|upkeep
|turn|15
|
|t:|1661990395
|switch|p2a: Espeon|Espeon, F|100/100
|move|p1a: Smeargle|Baton Pass|p1a: Smeargle
|
|t:|1661990399
|switch|p1a: Horse in cali|Calyrex-Shadow|100/100|[from]move: Baton Pass
|-ability|p1a: Horse in cali|As One
|-ability|p1a: Horse in cali|Unnerve
|
|upkeep
|turn|16
|
|t:|1661990407
|move|p1a: Horse in cali|Astral Barrage|p2a: Espeon
|-supereffective|p2a: Espeon
|-enditem|p2a: Espeon|Focus Sash
|-damage|p2a: Espeon|1/100
|move|p2a: Espeon|Yawn|p1a: Horse in cali
|-start|p1a: Horse in cali|move: Yawn|[of] p2a: Espeon
|
|upkeep
|turn|17
|
|t:|1661990410
|-start|p1a: Horse in cali|Dynamax|
|-heal|p1a: Horse in cali|100/100|[silent]
|move|p1a: Horse in cali|Max Starfall|p2a: Espeon
|-damage|p2a: Espeon|0 fnt
|-fieldstart|move: Misty Terrain
|faint|p2a: Espeon
|-ability|p1a: Horse in cali|Grim Neigh|boost
|-boost|p1a: Horse in cali|spa|1
|
|-end|p1a: Horse in cali|move: Yawn|[silent]
|-activate|p1a: Horse in cali|move: Misty Terrain
|upkeep
|
|t:|1661990416
|switch|p2a: Zacian|Zacian-Crowned|74/100
|-ability|p2a: Zacian|Intrepid Sword|boost
|-boost|p2a: Zacian|atk|1
|turn|18
|
|t:|1661990419
|switch|p2a: Smeargle|Smeargle, M|100/100 slp
|move|p1a: Horse in cali|Max Phantasm|p2a: Smeargle
|-immune|p2a: Smeargle
|
|-ability|p2a: Smeargle|Moody|boost
|-boost|p2a: Smeargle|spa|2
|-unboost|p2a: Smeargle|spd|1
|upkeep
|turn|19
|
|t:|1661990425
|cant|p2a: Smeargle|slp
|move|p1a: Horse in cali|Max Starfall|p2a: Smeargle
|-enditem|p2a: Smeargle|Focus Sash
|-damage|p2a: Smeargle|1/100 slp
|
|-ability|p2a: Smeargle|Moody|boost
|-boost|p2a: Smeargle|spe|2
|-unboost|p2a: Smeargle|spd|1
|upkeep
|-end|p1a: Horse in cali|Dynamax
|-heal|p1a: Horse in cali|100/100|[silent]
|turn|20
|
|t:|1661990430
|cant|p2a: Smeargle|slp
|move|p1a: Horse in cali|Psychic|p2a: Smeargle
|-damage|p2a: Smeargle|0 fnt
|faint|p2a: Smeargle
|-ability|p1a: Horse in cali|Grim Neigh|boost
|-boost|p1a: Horse in cali|spa|1
|
|upkeep
|
|t:|1661990432
|switch|p2a: Xerneas|Xerneas|100/100
|-ability|p2a: Xerneas|Fairy Aura
|turn|21
|
|t:|1661990434
|-start|p2a: Xerneas|Dynamax|
|-heal|p2a: Xerneas|100/100|[silent]
|move|p1a: Horse in cali|Astral Barrage|p2a: Xerneas
|-damage|p2a: Xerneas|10/100
|move|p2a: Xerneas|Max Starfall|p1a: Horse in cali
|-enditem|p1a: Horse in cali|Focus Sash
|-damage|p1a: Horse in cali|1/100
|
|-fieldend|Misty Terrain
|upkeep
|turn|22
|
|t:|1661990438
|move|p1a: Horse in cali|Astral Barrage|p2a: Xerneas
|-damage|p2a: Xerneas|0 fnt
|faint|p2a: Xerneas
|-ability|p1a: Horse in cali|Grim Neigh|boost
|-boost|p1a: Horse in cali|spa|1
|
|upkeep
|
|t:|1661990440
|switch|p2a: Zacian|Zacian-Crowned|74/100
|-ability|p2a: Zacian|Intrepid Sword|boost
|-boost|p2a: Zacian|atk|1
|turn|23
|
|t:|1661990442
|move|p1a: Horse in cali|Astral Barrage|p2a: Zacian
|-damage|p2a: Zacian|0 fnt
|faint|p2a: Zacian
|
|win|Catchemmm
|raw|Catchemmm's rating: 1631 &rarr; <strong>1660</strong><br />(+29 for winning)
|raw|amnael01's rating: 1791 &rarr; <strong>1762</strong><br />(-29 for losing)
|l|☆amnael01
|l|☆Catchemmm
||Ladder isn't responding, score probably updated but might not have (Request timeout).
