|j|☆Supplement
|j|☆Dragonboy7000
|t:|1665950667
|gametype|singles
|player|p1|Supplement|red|1705
|player|p2|Dragonboy7000|adaman|1532
|teamsize|p1|6
|teamsize|p2|6
|gen|8
|tier|[Gen 8] National Dex AG
|rated|
|rule|HP Percentage Mod: HP is shown in percentages
|rule|Endless Battle Clause: Forcing endless battles is banned
|clearpoke
|poke|p1|Deoxys-Speed|
|poke|p1|Marshadow|
|poke|p1|Yveltal|
|poke|p1|Necrozma-Dusk-Mane|
|poke|p1|Calyrex-Shadow|
|poke|p1|Zacian-*|
|poke|p2|Xerneas-*|
|poke|p2|Galvantula, M|
|poke|p2|Eternatus|
|poke|p2|Rayquaza|
|poke|p2|Yveltal|
|poke|p2|Audino, F|
|teampreview
|inactive|Battle timer is ON: inactive players will automatically lose when time's up. (requested by Supplement)
|
|t:|1665950676
|start
|switch|p1a: Deoxys|Deoxys-Speed|100/100
|switch|p2a: Yveltal|Yveltal|100/100
|-ability|p1a: Deoxys|Pressure
|-ability|p2a: Yveltal|Dark Aura
|turn|1
|
|t:|1665950685
|move|p1a: Deoxys|Thunder Wave|p2a: Yveltal
|-status|p2a: Yveltal|par
|move|p2a: Yveltal|Dark Pulse|p1a: Deoxys
|-supereffective|p1a: Deoxys
|-enditem|p1a: Deoxys|Focus Sash
|-damage|p1a: Deoxys|1/100
|-damage|p2a: Yveltal|91/100 par|[from] item: Life Orb
|
|upkeep
|turn|2
|
|t:|1665950694
|move|p1a: Deoxys|Stealth Rock|p2a: Yveltal
|-sidestart|p2: Dragonboy7000|move: Stealth Rock
|move|p2a: Yveltal|Dark Pulse|p1a: Deoxys
|-supereffective|p1a: Deoxys
|-damage|p1a: Deoxys|0 fnt
|faint|p1a: Deoxys
|-damage|p2a: Yveltal|81/100 par|[from] item: Life Orb
|
|upkeep
|
|t:|1665950718
|switch|p1a: Necrozma|Necrozma-Dusk-Mane|100/100
|turn|3
|
|t:|1665950726
|move|p1a: Necrozma|Dragon Dance|p1a: Necrozma
|-boost|p1a: Necrozma|atk|1
|-boost|p1a: Necrozma|spe|1
|move|p2a: Yveltal|Heat Wave|p1a: Necrozma
|-supereffective|p1a: Necrozma
|-damage|p1a: Necrozma|32/100
|-enditem|p1a: Necrozma|Weakness Policy
|-boost|p1a: Necrozma|atk|2|[from] item: Weakness Policy
|-boost|p1a: Necrozma|spa|2|[from] item: Weakness Policy
|-damage|p2a: Yveltal|71/100 par|[from] item: Life Orb
|
|upkeep
|turn|4
|
|t:|1665950737
|-start|p1a: Necrozma|Dynamax|
|-heal|p1a: Necrozma|32/100|[silent]
|move|p1a: Necrozma|Max Steelspike|p2a: Yveltal
|-damage|p2a: Yveltal|0 fnt
|-boost|p1a: Necrozma|def|1
|faint|p2a: Yveltal
|
|upkeep
|
|t:|1665950753
|switch|p2a: Rayquaza|Rayquaza|100/100
|-damage|p2a: Rayquaza|76/100|[from] Stealth Rock
|-ability|p2a: Rayquaza|Air Lock
|turn|5
|
|t:|1665950759
|detailschange|p2a: Rayquaza|Rayquaza-Mega
|-mega|p2a: Rayquaza|Rayquaza|
|-weather|DeltaStream|[from] ability: Delta Stream|[of] p2a: Rayquaza
|move|p2a: Rayquaza|Extreme Speed|p1a: Necrozma
|-resisted|p1a: Necrozma
|-damage|p1a: Necrozma|26/100
|-damage|p2a: Rayquaza|66/100|[from] item: Life Orb
|move|p1a: Necrozma|Max Steelspike|p2a: Rayquaza
|-damage|p2a: Rayquaza|0 fnt
|-boost|p1a: Necrozma|def|1
|faint|p2a: Rayquaza
|-weather|none
|
|upkeep
|
|t:|1665950773
|switch|p2a: Xerneas|Xerneas|100/100
|-damage|p2a: Xerneas|88/100|[from] Stealth Rock
|-ability|p2a: Xerneas|Fairy Aura
|turn|6
|
|t:|1665950780
|move|p1a: Necrozma|Max Steelspike|p2a: Xerneas
|-supereffective|p2a: Xerneas
|-damage|p2a: Xerneas|0 fnt
|-boost|p1a: Necrozma|def|1
|faint|p2a: Xerneas
|
|upkeep
|
|t:|1665950794
|switch|p2a: Eternatus|Eternatus|100/100
|-damage|p2a: Eternatus|88/100|[from] Stealth Rock
|-ability|p2a: Eternatus|Pressure
|-end|p1a: Necrozma|Dynamax
|-heal|p1a: Necrozma|26/100|[silent]
|turn|7
|
|t:|1665950807
|move|p1a: Necrozma|Earthquake|p2a: Eternatus
|-supereffective|p2a: Eternatus
|-damage|p2a: Eternatus|0 fnt
|faint|p2a: Eternatus
|
|upkeep
|
|t:|1665950817
|switch|p2a: Galvantula|Galvantula, M|100/100
|-damage|p2a: Galvantula|76/100|[from] Stealth Rock
|turn|8
|
|t:|1665950824
|move|p1a: Necrozma|Earthquake|p2a: Galvantula
|-damage|p2a: Galvantula|0 fnt
|faint|p2a: Galvantula
|
|upkeep
|
|t:|1665950829
|switch|p2a: Audino|Audino, F|100/100
|-damage|p2a: Audino|88/100|[from] Stealth Rock
|turn|9
|
|t:|1665950839
|move|p1a: Necrozma|Sunsteel Strike|p2a: Audino
|-damage|p2a: Audino|0 fnt
|-damage|p1a: Necrozma|10/100|[from] item: Rocky Helmet|[of] p2a: Audino
|faint|p2a: Audino
|
|win|Supplement
|raw|Supplement's rating: 1705 &rarr; <strong>1716</strong><br />(+11 for winning)
|raw|Dragonboy7000's rating: 1532 &rarr; <strong>1521</strong><br />(-11 for losing)
|l|☆Dragonboy7000
