|j|☆Devansh saraf
|j|☆Jayki11
|player|p1|Devansh saraf|preschooler|1557
|player|p2|Jayki11|red|1621
|teamsize|p1|6
|teamsize|p2|6
|gametype|singles
|gen|8
|tier|[Gen 8] National Dex AG
|rated|
|clearpoke
|poke|p1|Smeargle, M|
|poke|p1|Vivillon, F|
|poke|p1|Xerneas|
|poke|p1|Landorus-Therian, M|
|poke|p1|Arceus-*|
|poke|p1|Kartana|
|poke|p2|Zygarde|
|poke|p2|Yveltal|
|poke|p2|Marshadow|
|poke|p2|Groudon|
|poke|p2|Zacian-Crowned|
|poke|p2|Ho-Oh|
|rule|HP Percentage Mod: HP is shown in percentages
|rule|Endless Battle Clause: Forcing endless battles is banned
|teampreview
|inactive|Battle timer is ON: inactive players will automatically lose when time's up. (requested by Devansh saraf)
|c|☆Jayki11|gl hf
|c|☆Devansh saraf|Gl hf
|
|start
|switch|p1a: Smeargle|Smeargle, M|100/100
|switch|p2a: Zacian|Zacian-Crowned|100/100
|-ability|p2a: Zacian|Intrepid Sword|boost
|-boost|p2a: Zacian|atk|1
|turn|1
|
|move|p2a: Zacian|Close Combat|p1a: Smeargle
|-supereffective|p1a: Smeargle
|-enditem|p1a: Smeargle|Focus Sash
|-damage|p1a: Smeargle|1/100
|-unboost|p2a: Zacian|def|1
|-unboost|p2a: Zacian|spd|1
|move|p1a: Smeargle|Sticky Web|p2a: Zacian
|-sidestart|p2: Jayki11|move: Sticky Web
|
|-ability|p1a: Smeargle|Moody|boost
|-boost|p1a: Smeargle|def|2
|-unboost|p1a: Smeargle|spa|1
|upkeep
|turn|2
|j| landonat
|c|☆Devansh saraf|I hate
|c|☆Devansh saraf|No subs
|
|move|p2a: Zacian|Behemoth Blade|p1a: Smeargle
|-damage|p1a: Smeargle|0 fnt
|faint|p1a: Smeargle
|
|upkeep
|
|switch|p1a: Kartana|Kartana|100/100
|turn|3
|
|switch|p2a: Ho-Oh|Ho-Oh|100/100
|move|p1a: Kartana|Smart Strike|p2a: Ho-Oh
|-resisted|p2a: Ho-Oh
|-damage|p2a: Ho-Oh|81/100
|-damage|p1a: Kartana|91/100|[from] item: Life Orb
|
|upkeep
|turn|4
|
|switch|p1a: Landorus|Landorus-Therian, M|100/100
|-ability|p1a: Landorus|Intimidate|boost
|-unboost|p2a: Ho-Oh|atk|1
|move|p2a: Ho-Oh|Defog|p1a: Landorus
|-unboost|p1a: Landorus|evasion|1
|-sideend|p2: Jayki11|Sticky Web|[from] move: Defog|[of] p2a: Ho-Oh
|
|upkeep
|turn|5
|
|move|p1a: Landorus|Swords Dance|p1a: Landorus
|-boost|p1a: Landorus|atk|2
|move|p2a: Ho-Oh|Toxic|p1a: Landorus
|-status|p1a: Landorus|tox
|
|-damage|p1a: Landorus|95/100 tox|[from] psn
|upkeep
|turn|6
|
|switch|p2a: Zygarde|Zygarde|100/100
|move|p1a: Landorus|Swords Dance|p1a: Landorus
|-boost|p1a: Landorus|atk|2
|
|-damage|p1a: Landorus|83/100 tox|[from] psn
|upkeep
|turn|7
|
|move|p1a: Landorus|Earthquake|p2a: Zygarde
|-damage|p2a: Zygarde|0 fnt
|faint|p2a: Zygarde
|
|-damage|p1a: Landorus|65/100 tox|[from] psn
|upkeep
|
|switch|p2a: Yveltal|Yveltal|100/100
|-ability|p2a: Yveltal|Dark Aura
|turn|8
|c|☆Devansh saraf|Worked like a charm
|
|-start|p2a: Yveltal|Dynamax
|-heal|p2a: Yveltal|100/100|[silent]
|move|p1a: Landorus|Explosion|p2a: Yveltal
|-damage|p2a: Yveltal|0 fnt
|faint|p1a: Landorus
|faint|p2a: Yveltal
|
|upkeep
|c|☆Devansh saraf|Hah
|c| landonat|lol
|c| landonat|THe plays
|c|☆Jayki11|lol
|c|☆Jayki11|gg
|inactive|Devansh saraf has 120 seconds left.
|
|switch|p1a: Vivillon|Vivillon, F|100/100
|switch|p2a: Zacian|Zacian-Crowned|100/100
|-ability|p2a: Zacian|Intrepid Sword|boost
|-boost|p2a: Zacian|atk|1
|turn|9
|inactive|Jayki11 has 120 seconds left.
|
|switch|p1a: Kartana|Kartana|91/100
|move|p2a: Zacian|Wild Charge|p1a: Kartana
|-resisted|p1a: Kartana
|-damage|p1a: Kartana|59/100
|-damage|p2a: Zacian|94/100|[from] Recoil
|
|upkeep
|turn|10
|inactive|Jayki11 has 120 seconds left.
|inactive|Devansh saraf has 120 seconds left.
|
|move|p2a: Zacian|Close Combat|p1a: Kartana
|-supereffective|p1a: Kartana
|-damage|p1a: Kartana|0 fnt
|-unboost|p2a: Zacian|def|1
|-unboost|p2a: Zacian|spd|1
|faint|p1a: Kartana
|
|upkeep
|inactive|Devansh saraf has 120 seconds left.
|c| landonat|Welp you tried
|
|switch|p1a: Xerneas|Xerneas|100/100
|-ability|p1a: Xerneas|Fairy Aura
|turn|11
|
|move|p2a: Zacian|Behemoth Blade|p1a: Xerneas
|-supereffective|p1a: Xerneas
|-damage|p1a: Xerneas|0 fnt
|faint|p1a: Xerneas
|
|upkeep
|
|switch|p1a: Arceus|Arceus-Ghost|100/100
|turn|12
|
|move|p2a: Zacian|Behemoth Blade|p1a: Arceus
|-damage|p1a: Arceus|19/100
|move|p1a: Arceus|Shadow Force||[still]
|-prepare|p1a: Arceus|Shadow Force|p2a: Zacian
|
|upkeep
|turn|13
|c|☆Devansh saraf|I'm dead
|
|move|p2a: Zacian|Swords Dance|p2a: Zacian
|-boost|p2a: Zacian|atk|2
|move|p1a: Arceus|Shadow Force|p2a: Zacian|[from]lockedmove
|-damage|p2a: Zacian|0 fnt
|faint|p2a: Zacian
|
|upkeep
|
|switch|p2a: Marshadow|Marshadow|100/100
|turn|14
|
|move|p2a: Marshadow|Shadow Sneak|p1a: Arceus
|-supereffective|p1a: Arceus
|-damage|p1a: Arceus|0 fnt
|faint|p1a: Arceus
|
|upkeep
|
|switch|p1a: Vivillon|Vivillon, F|100/100
|turn|15
|
|move|p2a: Marshadow|Shadow Sneak|p1a: Vivillon
|-damage|p1a: Vivillon|53/100
|move|p1a: Vivillon|Sleep Powder|p2a: Marshadow
|-status|p2a: Marshadow|slp|[from] move: Sleep Powder
|
|-heal|p1a: Vivillon|59/100|[from] item: Leftovers
|upkeep
|turn|16
|
|cant|p2a: Marshadow|slp
|move|p1a: Vivillon|Substitute|p1a: Vivillon
|-start|p1a: Vivillon|Substitute
|-damage|p1a: Vivillon|34/100
|
|-heal|p1a: Vivillon|40/100|[from] item: Leftovers
|upkeep
|turn|17
|c|☆Devansh saraf|I'm alive. And kicking
|
|switch|p2a: Groudon|Groudon|100/100
|detailschange|p2a: Groudon|Groudon-Primal
|-primal|p2a: Groudon
|-weather|DesolateLand|[from] ability: Desolate Land|[of] p2a: Groudon
|move|p1a: Vivillon|Quiver Dance|p1a: Vivillon
|-boost|p1a: Vivillon|spa|1
|-boost|p1a: Vivillon|spd|1
|-boost|p1a: Vivillon|spe|1
|
|-weather|DesolateLand|[upkeep]
|-heal|p1a: Vivillon|46/100|[from] item: Leftovers
|upkeep
|turn|18
|
|move|p1a: Vivillon|Sleep Powder|p2a: Groudon
|-status|p2a: Groudon|slp|[from] move: Sleep Powder
|cant|p2a: Groudon|slp
|
|-weather|DesolateLand|[upkeep]
|-heal|p1a: Vivillon|52/100|[from] item: Leftovers
|upkeep
|turn|19
|c| landonat|Let´s see you turn this around
|c|☆Devansh saraf|U just lost sucker
|c| landonat|Is the marsh sash though?
|c|☆Jayki11|u r talking to me ?
|
|move|p1a: Vivillon|Quiver Dance|p1a: Vivillon
|-boost|p1a: Vivillon|spa|1
|-boost|p1a: Vivillon|spd|1
|-boost|p1a: Vivillon|spe|1
|cant|p2a: Groudon|slp
|
|-weather|DesolateLand|[upkeep]
|-heal|p1a: Vivillon|58/100|[from] item: Leftovers
|upkeep
|turn|20
|
|move|p1a: Vivillon|Hurricane|p2a: Groudon
|-damage|p2a: Groudon|40/100 slp
|cant|p2a: Groudon|slp
|
|-weather|DesolateLand|[upkeep]
|-heal|p1a: Vivillon|64/100|[from] item: Leftovers
|upkeep
|turn|21
|c| landonat|Bc if it is
|
|move|p1a: Vivillon|Hurricane|p2a: Groudon
|-damage|p2a: Groudon|0 fnt
|faint|p2a: Groudon
|-weather|none
|
|-heal|p1a: Vivillon|70/100|[from] item: Leftovers
|upkeep
|c| landonat|You need to pray for a 2 turn sleep
|
|switch|p2a: Marshadow|Marshadow|100/100 slp
|turn|22
|
|move|p1a: Vivillon|Hurricane|p2a: Marshadow
|-supereffective|p2a: Marshadow
|-damage|p2a: Marshadow|0 fnt
|faint|p2a: Marshadow
|
|-heal|p1a: Vivillon|76/100|[from] item: Leftovers
|upkeep
|c| landonat|Nope
|c| landonat|Gg
|
|switch|p2a: Ho-Oh|Ho-Oh|100/100
|turn|23
|
|move|p1a: Vivillon|Sleep Powder|p2a: Ho-Oh
|-status|p2a: Ho-Oh|slp|[from] move: Sleep Powder
|cant|p2a: Ho-Oh|slp
|
|-heal|p1a: Vivillon|82/100|[from] item: Leftovers
|upkeep
|turn|24
|c| landonat|AG is so beautiful
|c|☆Jayki11|gg
|
|move|p1a: Vivillon|Hurricane|p2a: Ho-Oh|[miss]
|-miss|p1a: Vivillon|p2a: Ho-Oh
|-curestatus|p2a: Ho-Oh|slp|[msg]
|move|p2a: Ho-Oh|Sacred Fire|p1a: Vivillon
|-supereffective|p1a: Vivillon
|-end|p1a: Vivillon|Substitute
|
|-heal|p1a: Vivillon|88/100|[from] item: Leftovers
|upkeep
|turn|25
|
|move|p1a: Vivillon|Sleep Powder|p2a: Ho-Oh
|-status|p2a: Ho-Oh|slp|[from] move: Sleep Powder
|cant|p2a: Ho-Oh|slp
|
|-heal|p1a: Vivillon|94/100|[from] item: Leftovers
|upkeep
|turn|26
|
|move|p1a: Vivillon|Substitute|p1a: Vivillon
|-start|p1a: Vivillon|Substitute
|-damage|p1a: Vivillon|69/100
|-curestatus|p2a: Ho-Oh|slp|[msg]
|move|p2a: Ho-Oh|Sacred Fire|p1a: Vivillon
|-supereffective|p1a: Vivillon
|-end|p1a: Vivillon|Substitute
|
|-heal|p1a: Vivillon|75/100|[from] item: Leftovers
|upkeep
|turn|27
|
|move|p1a: Vivillon|Sleep Powder|p2a: Ho-Oh
|-status|p2a: Ho-Oh|slp|[from] move: Sleep Powder
|cant|p2a: Ho-Oh|slp
|
|-heal|p1a: Vivillon|81/100|[from] item: Leftovers
|upkeep
|turn|28
|
|move|p1a: Vivillon|Substitute|p1a: Vivillon
|-start|p1a: Vivillon|Substitute
|-damage|p1a: Vivillon|56/100
|cant|p2a: Ho-Oh|slp
|
|-heal|p1a: Vivillon|62/100|[from] item: Leftovers
|upkeep
|turn|29
|
|move|p1a: Vivillon|Hurricane|p2a: Ho-Oh
|-damage|p2a: Ho-Oh|57/100 slp
|-start|p2a: Ho-Oh|confusion
|cant|p2a: Ho-Oh|slp
|
|-heal|p1a: Vivillon|68/100|[from] item: Leftovers
|upkeep
|turn|30
|j| Raiten123
|
|move|p1a: Vivillon|Hurricane|p2a: Ho-Oh
|-damage|p2a: Ho-Oh|14/100 slp
|-curestatus|p2a: Ho-Oh|slp|[msg]
|-activate|p2a: Ho-Oh|confusion
|-damage|p2a: Ho-Oh|6/100|[from] confusion
|
|-heal|p1a: Vivillon|74/100|[from] item: Leftovers
|upkeep
|turn|31
|c|☆Devansh saraf|Gg
|
|-end|p1a: Vivillon|Substitute
|-start|p1a: Vivillon|Dynamax
|-heal|p1a: Vivillon|74/100|[silent]
|move|p1a: Vivillon|Max Airstream|p2a: Ho-Oh
|-damage|p2a: Ho-Oh|0 fnt
|-boost|p1a: Vivillon|spe|1
|faint|p2a: Ho-Oh
|
|win|Devansh saraf
|raw|Devansh saraf's rating: 1557 &rarr; <strong>1581</strong><br />(+24 for winning)
|raw|Jayki11's rating: 1621 &rarr; <strong>1597</strong><br />(-24 for losing)
