|j|☆PM77Switch
|j|☆Glass101
|t:|1633977947
|gametype|singles
|player|p1|PM77Switch|dawn|1639
|player|p2|Glass101|rocketgrunt|1596
|teamsize|p1|6
|teamsize|p2|6
|gen|8
|tier|[Gen 8] National Dex AG
|rated|
|rule|HP Percentage Mod: HP is shown in percentages
|rule|Endless Battle Clause: Forcing endless battles is banned
|clearpoke
|poke|p1|Donphan, F|
|poke|p1|Yveltal|
|poke|p1|Ditto|
|poke|p1|Kartana|
|poke|p1|Blastoise, F|
|poke|p1|Arceus-*|
|poke|p2|Garchomp, M|
|poke|p2|Dragapult, F|
|poke|p2|Galvantula, F|
|poke|p2|Mimikyu, F|
|poke|p2|Hatterene, F|
|poke|p2|Volcarona, F|
|teampreview
|inactive|Battle timer is ON: inactive players will automatically lose when time's up. (requested by PM77Switch)
|
|t:|1633977954
|start
|switch|p1a: Donphan|Donphan, F|100/100
|switch|p2a: Z-Zap!|Galvantula, F, shiny|100/100
|turn|1
|
|t:|1633977959
|move|p2a: Z-Zap!|Bug Buzz|p1a: Donphan
|-damage|p1a: Donphan|59/100
|move|p1a: Donphan|Knock Off|p2a: Z-Zap!
|-damage|p2a: Z-Zap!|43/100
|-enditem|p2a: Z-Zap!|Focus Sash|[from] move: Knock Off|[of] p1a: Donphan
|
|upkeep
|turn|2
|
|t:|1633977970
|switch|p2a: No u|Hatterene, F, shiny|100/100
|move|p1a: Donphan|Stealth Rock|p2a: No u
|move|p2a: No u|Stealth Rock|p1a: Donphan|[from]ability: Magic Bounce
|-sidestart|p1: PM77Switch|move: Stealth Rock
|
|upkeep
|turn|3
|
|t:|1633977977
|switch|p2a: Dragapult|Dragapult, F|100/100
|move|p1a: Donphan|Rapid Spin|p2a: Dragapult
|-immune|p2a: Dragapult
|
|upkeep
|turn|4
|
|t:|1633977984
|switch|p1a: Kartana|Kartana|100/100
|-damage|p1a: Kartana|94/100|[from] Stealth Rock
|move|p2a: Dragapult|Dragon Darts|p1a: Kartana
|-resisted|p1a: Kartana
|-damage|p1a: Kartana|79/100
|-anim|p2a: Dragapult|Dragon Darts|p1a: Kartana
|-resisted|p1a: Kartana
|-damage|p1a: Kartana|63/100
|-damage|p2a: Dragapult|91/100|[from] item: Life Orb
|
|upkeep
|turn|5
|
|t:|1633977996
|switch|p2a: Crunch!|Garchomp, M|100/100
|move|p1a: Kartana|Knock Off|p2a: Crunch!
|-damage|p2a: Crunch!|73/100
|-damage|p1a: Kartana|51/100|[from] ability: Rough Skin|[of] p2a: Crunch!
|
|upkeep
|turn|6
|
|t:|1633978008
|switch|p1a: Yveltal|Yveltal|100/100
|-damage|p1a: Yveltal|76/100|[from] Stealth Rock
|-ability|p1a: Yveltal|Dark Aura
|detailschange|p2a: Crunch!|Garchomp-Mega, M
|-mega|p2a: Crunch!|Garchomp|Garchompite
|move|p2a: Crunch!|Outrage|p1a: Yveltal
|-crit|p1a: Yveltal
|-damage|p1a: Yveltal|0 fnt
|faint|p1a: Yveltal
|
|upkeep
|
|t:|1633978023
|switch|p1a: Ditto|Ditto|100/100
|-damage|p1a: Ditto|88/100|[from] Stealth Rock
|-transform|p1a: Ditto|p2a: Crunch!|[from] ability: Imposter
|turn|7
|
|t:|1633978033
|move|p1a: Ditto|Earthquake|p2a: Crunch!
|-damage|p2a: Crunch!|18/100
|move|p2a: Crunch!|Outrage|p1a: Ditto|[from]lockedmove
|-supereffective|p1a: Ditto
|-damage|p1a: Ditto|0 fnt
|faint|p1a: Ditto
|-start|p2a: Crunch!|confusion|[fatigue]
|
|upkeep
|
|t:|1633978044
|switch|p1a: Kartana|Kartana|51/100
|-damage|p1a: Kartana|45/100|[from] Stealth Rock
|turn|8
|
|t:|1633978047
|move|p1a: Kartana|Knock Off|p2a: Crunch!
|-damage|p2a: Crunch!|0 fnt
|faint|p2a: Crunch!
|-ability|p1a: Kartana|Beast Boost|boost
|-boost|p1a: Kartana|atk|1
|
|upkeep
|
|t:|1633978053
|switch|p2a: No u|Hatterene, F, shiny|100/100
|turn|9
|
|t:|1633978058
|switch|p1a: Donphan|Donphan, F|59/100
|-damage|p1a: Donphan|53/100|[from] Stealth Rock
|move|p2a: No u|Mystical Fire|p1a: Donphan
|-damage|p1a: Donphan|24/100
|-unboost|p1a: Donphan|spa|1
|
|upkeep
|turn|10
|-enditem|p1a: Donphan|Custap Berry|[eat]
|-activate|p1a: Donphan|item: Custap Berry|[consumed]
|
|t:|1633978069
|move|p1a: Donphan|Knock Off|p2a: No u
|-damage|p2a: No u|62/100
|-enditem|p2a: No u|Focus Sash|[from] move: Knock Off|[of] p1a: Donphan
|move|p2a: No u|Trick Room|p2a: No u
|-fieldstart|move: Trick Room|[of] p2a: No u
|
|upkeep
|turn|11
|
|t:|1633978080
|move|p2a: No u|Psyshock|p1a: Donphan
|-damage|p1a: Donphan|0 fnt
|faint|p1a: Donphan
|
|upkeep
|
|t:|1633978088
|switch|p1a: Arceus|Arceus|100/100
|-damage|p1a: Arceus|88/100|[from] Stealth Rock
|turn|12
|
|t:|1633978093
|-start|p2a: No u|Dynamax
|-heal|p2a: No u|62/100|[silent]
|move|p2a: No u|Max Mindstorm|p1a: Arceus
|-damage|p1a: Arceus|33/100
|-fieldstart|move: Psychic Terrain
|move|p1a: Arceus|Judgment|p2a: No u
|-damage|p2a: No u|29/100
|-damage|p1a: Arceus|23/100|[from] item: Life Orb
|
|upkeep
|turn|13
|
|t:|1633978119
|move|p2a: No u|Max Mindstorm|p1a: Arceus
|-damage|p1a: Arceus|0 fnt
|faint|p1a: Arceus
|
|upkeep
|
|t:|1633978123
|switch|p1a: Blastoise|Blastoise, F|100/100
|-damage|p1a: Blastoise|88/100|[from] Stealth Rock
|turn|14
|
|t:|1633978129
|detailschange|p1a: Blastoise|Blastoise-Mega, F
|-mega|p1a: Blastoise|Blastoise|Blastoisinite
|move|p2a: No u|Max Mindstorm|p1a: Blastoise
|-damage|p1a: Blastoise|0 fnt
|faint|p1a: Blastoise
|
|-fieldend|move: Trick Room
|-end|p2a: No u|Dynamax
|-heal|p2a: No u|29/100|[silent]
|upkeep
|
|t:|1633978137
|switch|p1a: Kartana|Kartana|45/100
|-damage|p1a: Kartana|38/100|[from] Stealth Rock
|turn|15
|
|t:|1633978147
|-start|p1a: Kartana|Dynamax
|-heal|p1a: Kartana|38/100|[silent]
|move|p1a: Kartana|Max Steelspike|p2a: No u
|-supereffective|p2a: No u
|-damage|p2a: No u|0 fnt
|-boost|p1a: Kartana|def|1
|faint|p2a: No u
|-ability|p1a: Kartana|Beast Boost|boost
|-boost|p1a: Kartana|atk|1
|
|upkeep
|
|t:|1633978160
|switch|p2a: Z-Zap!|Galvantula, F, shiny|43/100
|turn|16
|
|t:|1633978171
|move|p1a: Kartana|Max Steelspike|p2a: Z-Zap!
|-resisted|p2a: Z-Zap!
|-damage|p2a: Z-Zap!|0 fnt
|-boost|p1a: Kartana|def|1
|faint|p2a: Z-Zap!
|-ability|p1a: Kartana|Beast Boost|boost
|-boost|p1a: Kartana|atk|1
|
|-fieldend|move: Psychic Terrain
|upkeep
|
|t:|1633978182
|switch|p2a: Dragapult|Dragapult, F|91/100
|turn|17
|
|t:|1633978188
|move|p2a: Dragapult|Phantom Force||[still]
|-prepare|p2a: Dragapult|Phantom Force
|move|p1a: Kartana|Max Steelspike|p2a: Dragapult|[miss]
|-miss|p1a: Kartana|p2a: Dragapult
|
|-end|p1a: Kartana|Dynamax
|-heal|p1a: Kartana|38/100|[silent]
|upkeep
|turn|18
|
|t:|1633978197
|move|p1a: Kartana|Knock Off|p2a: Dragapult|[miss]
|-miss|p1a: Kartana|p2a: Dragapult
|move|p2a: Dragapult|Phantom Force|p1a: Kartana|[from]lockedmove
|-damage|p1a: Kartana|10/100
|-damage|p2a: Dragapult|81/100|[from] item: Life Orb
|
|upkeep
|turn|19
|
|t:|1633978204
|move|p2a: Dragapult|Sucker Punch|p1a: Kartana
|-damage|p1a: Kartana|0 fnt
|faint|p1a: Kartana
|-damage|p2a: Dragapult|71/100|[from] item: Life Orb
|
|win|Glass101
|raw|PM77Switch's rating: 1639 &rarr; <strong>1617</strong><br />(-22 for losing)
|raw|Glass101's rating: 1596 &rarr; <strong>1618</strong><br />(+22 for winning)
|l|☆PM77Switch
||Ladder isn't responding, score probably updated but might not have (Request timeout).
