|j|☆KT1120
|j|☆InsanityPyroar
|t:|1634618908
|gametype|singles
|player|p1|KT1120|266|1587
|player|p2|InsanityPyroar|169|1578
|teamsize|p1|6
|teamsize|p2|6
|gen|8
|tier|[Gen 8] National Dex AG
|rated|
|rule|HP Percentage Mod: HP is shown in percentages
|rule|Endless Battle Clause: Forcing endless battles is banned
|clearpoke
|poke|p1|Zacian-*|
|poke|p1|Rayquaza|
|poke|p1|Yveltal|
|poke|p1|Necrozma-Dusk-Mane|
|poke|p1|Calyrex-Shadow|
|poke|p1|Ditto|
|poke|p2|Necrozma-Dusk-Mane|
|poke|p2|Ho-Oh|
|poke|p2|Zygarde|
|poke|p2|Tyranitar, F|
|poke|p2|Groudon|
|poke|p2|Zamazenta-*|
|teampreview
|inactive|Battle timer is ON: inactive players will automatically lose when time's up. (requested by KT1120)
|
|t:|1634618915
|start
|switch|p1a: Necrozma|Necrozma-Dusk-Mane|100/100
|switch|p2a: Zygarde|Zygarde|100/100
|turn|1
|
|t:|1634618927
|move|p2a: Zygarde|Glare|p1a: Necrozma
|-status|p1a: Necrozma|par
|move|p1a: Necrozma|Knock Off|p2a: Zygarde
|-damage|p2a: Zygarde|82/100
|-enditem|p2a: Zygarde|Leftovers|[from] move: Knock Off|[of] p1a: Necrozma
|
|upkeep
|turn|2
|
|t:|1634618943
|move|p2a: Zygarde|Thousand Arrows|p1a: Necrozma
|-supereffective|p1a: Necrozma
|-damage|p1a: Necrozma|75/100 par
|move|p1a: Necrozma|Stealth Rock|p2a: Zygarde
|-sidestart|p2: InsanityPyroar|move: Stealth Rock
|
|upkeep
|turn|3
|
|t:|1634618956
|switch|p2a: Zamazenta|Zamazenta-Crowned|100/100
|-damage|p2a: Zamazenta|97/100|[from] Stealth Rock
|-ability|p2a: Zamazenta|Dauntless Shield|boost
|-boost|p2a: Zamazenta|def|1
|move|p1a: Necrozma|Morning Sun|p1a: Necrozma
|-heal|p1a: Necrozma|100/100 par
|
|upkeep
|turn|4
|j| Darth Escar
|
|t:|1634618980
|switch|p1a: Yveltal|Yveltal|100/100
|-ability|p1a: Yveltal|Dark Aura
|move|p2a: Zamazenta|Howl|p2a: Zamazenta
|-boost|p2a: Zamazenta|atk|1
|
|upkeep
|turn|5
|
|t:|1634618993
|switch|p2a: Tyranitar|Tyranitar, F|100/100
|-damage|p2a: Tyranitar|88/100|[from] Stealth Rock
|-weather|Sandstorm|[from] ability: Sand Stream|[of] p2a: Tyranitar
|-start|p1a: Yveltal|Dynamax
|-heal|p1a: Yveltal|100/100|[silent]
|move|p1a: Yveltal|Max Airstream|p2a: Tyranitar
|-resisted|p2a: Tyranitar
|-damage|p2a: Tyranitar|68/100
|-boost|p1a: Yveltal|spe|1
|-damage|p1a: Yveltal|96/100|[from] item: Life Orb
|
|-weather|Sandstorm|[upkeep]
|-damage|p1a: Yveltal|93/100|[from] Sandstorm
|upkeep
|turn|6
|
|t:|1634619010
|detailschange|p2a: Tyranitar|Tyranitar-Mega, F
|-mega|p2a: Tyranitar|Tyranitar|Tyranitarite
|move|p1a: Yveltal|Max Darkness|p2a: Tyranitar
|-resisted|p2a: Tyranitar
|-damage|p2a: Tyranitar|44/100
|-unboost|p2a: Tyranitar|spd|1
|-damage|p1a: Yveltal|88/100|[from] item: Life Orb
|move|p2a: Tyranitar|Thunder Wave|p1a: Yveltal
|-status|p1a: Yveltal|par
|
|-weather|Sandstorm|[upkeep]
|-damage|p1a: Yveltal|85/100 par|[from] Sandstorm
|upkeep
|turn|7
|inactive|KT1120 has 120 seconds left.
|
|t:|1634619025
|cant|p1a: Yveltal|par
|move|p2a: Tyranitar|Rest|p2a: Tyranitar
|-status|p2a: Tyranitar|slp|[from] move: Rest
|-heal|p2a: Tyranitar|100/100 slp|[silent]
|
|-weather|Sandstorm|[upkeep]
|-damage|p1a: Yveltal|81/100 par|[from] Sandstorm
|-end|p1a: Yveltal|Dynamax
|-heal|p1a: Yveltal|81/100 par|[silent]
|upkeep
|turn|8
|inactive|KT1120 has 120 seconds left.
|
|t:|1634619040
|switch|p2a: Ho-Oh|Ho-Oh|100/100
|cant|p1a: Yveltal|par
|
|-weather|Sandstorm|[upkeep]
|-damage|p1a: Yveltal|75/100 par|[from] Sandstorm
|-damage|p2a: Ho-Oh|94/100|[from] Sandstorm
|upkeep
|turn|9
|inactive|KT1120 has 120 seconds left.
|
|t:|1634619051
|switch|p1a: Rayquaza|Rayquaza|100/100
|-ability|p1a: Rayquaza|Air Lock
|move|p2a: Ho-Oh|Defog|p1a: Rayquaza
|-unboost|p1a: Rayquaza|evasion|1
|-sideend|p2: InsanityPyroar|Stealth Rock|[from] move: Defog|[of] p2a: Ho-Oh
|
|-weather|none
|upkeep
|turn|10
|inactive|KT1120 has 120 seconds left.
|
|t:|1634619064
|detailschange|p1a: Rayquaza|Rayquaza-Mega
|-mega|p1a: Rayquaza|Rayquaza|
|-weather|DeltaStream|[from] ability: Delta Stream|[of] p1a: Rayquaza
|move|p1a: Rayquaza|Dragon Dance|p1a: Rayquaza
|-boost|p1a: Rayquaza|atk|1
|-boost|p1a: Rayquaza|spe|1
|move|p2a: Ho-Oh|Sacred Fire|p1a: Rayquaza
|-resisted|p1a: Rayquaza
|-damage|p1a: Rayquaza|81/100
|-status|p1a: Rayquaza|brn
|
|-weather|DeltaStream|[upkeep]
|-damage|p1a: Rayquaza|75/100 brn|[from] brn
|upkeep
|turn|11
|inactive|KT1120 has 120 seconds left.
|
|t:|1634619079
|move|p1a: Rayquaza|Dragon Dance|p1a: Rayquaza
|-boost|p1a: Rayquaza|atk|1
|-boost|p1a: Rayquaza|spe|1
|move|p2a: Ho-Oh|Whirlwind|p1a: Rayquaza
|-weather|none
|drag|p1a: Necrozma|Necrozma-Dusk-Mane|100/100 par
|
|upkeep
|turn|12
|inactive|KT1120 has 120 seconds left.
|
|t:|1634619090
|switch|p2a: Zamazenta|Zamazenta-Crowned|97/100
|-ability|p2a: Zamazenta|Dauntless Shield|boost
|-boost|p2a: Zamazenta|def|1
|cant|p1a: Necrozma|par
|
|upkeep
|turn|13
|inactive|KT1120 has 120 seconds left.
|
|t:|1634619106
|move|p2a: Zamazenta|Howl|p2a: Zamazenta
|-boost|p2a: Zamazenta|atk|1
|cant|p1a: Necrozma|par
|
|upkeep
|turn|14
|
|t:|1634619120
|switch|p1a: Yveltal|Yveltal|75/100 par
|-ability|p1a: Yveltal|Dark Aura
|move|p2a: Zamazenta|Howl|p2a: Zamazenta
|-boost|p2a: Zamazenta|atk|1
|
|upkeep
|turn|15
|
|t:|1634619128
|move|p2a: Zamazenta|Behemoth Bash|p1a: Yveltal
|-damage|p1a: Yveltal|0 fnt
|faint|p1a: Yveltal
|
|upkeep
|
|t:|1634619137
|switch|p1a: Zacian|Zacian-Crowned|100/100
|-ability|p1a: Zacian|Intrepid Sword|boost
|-boost|p1a: Zacian|atk|1
|turn|16
|inactive|KT1120 has 120 seconds left.
|
|t:|1634619145
|move|p1a: Zacian|Close Combat|p2a: Zamazenta
|-supereffective|p2a: Zamazenta
|-damage|p2a: Zamazenta|35/100
|-unboost|p1a: Zacian|def|1
|-unboost|p1a: Zacian|spd|1
|move|p2a: Zamazenta|Behemoth Bash|p1a: Zacian
|-damage|p1a: Zacian|0 fnt
|faint|p1a: Zacian
|
|upkeep
|inactive|KT1120 has 120 seconds left.
|
|t:|1634619156
|switch|p1a: Calyrex|Calyrex-Shadow|100/100
|-ability|p1a: Calyrex|As One
|-ability|p1a: Calyrex|Unnerve
|turn|17
|inactive|KT1120 has 120 seconds left.
|
|t:|1634619167
|switch|p2a: Tyranitar|Tyranitar-Mega, F|100/100 slp
|-weather|Sandstorm|[from] ability: Sand Stream|[of] p2a: Tyranitar
|move|p1a: Calyrex|Aromatherapy|p1a: Calyrex
|-activate|p1a: Calyrex|move: Aromatherapy
|-curestatus|p1: Necrozma|par|[msg]
|-curestatus|p1: Rayquaza|brn|[msg]
|
|-weather|Sandstorm|[upkeep]
|-damage|p1a: Calyrex|94/100|[from] Sandstorm
|upkeep
|turn|18
|inactive|KT1120 has 120 seconds left.
|inactive|InsanityPyroar has 120 seconds left.
|
|t:|1634619207
|switch|p1a: Necrozma|Necrozma-Dusk-Mane|100/100
|cant|p2a: Tyranitar|slp
|
|-weather|Sandstorm|[upkeep]
|upkeep
|turn|19
|inactive|KT1120 has 120 seconds left.
|
|t:|1634619218
|switch|p2a: Zamazenta|Zamazenta-Crowned|35/100
|-ability|p2a: Zamazenta|Dauntless Shield|boost
|-boost|p2a: Zamazenta|def|1
|move|p1a: Necrozma|Knock Off|p2a: Zamazenta
|-resisted|p2a: Zamazenta
|-damage|p2a: Zamazenta|31/100
|
|-weather|Sandstorm|[upkeep]
|upkeep
|turn|20
|inactive|KT1120 has 120 seconds left.
|inactive|InsanityPyroar has 120 seconds left.
|
|t:|1634619230
|move|p2a: Zamazenta|Rest|p2a: Zamazenta
|-status|p2a: Zamazenta|slp|[from] move: Rest
|-heal|p2a: Zamazenta|100/100 slp|[silent]
|move|p1a: Necrozma|Stealth Rock|p2a: Zamazenta
|-sidestart|p2: InsanityPyroar|move: Stealth Rock
|
|-weather|Sandstorm|[upkeep]
|upkeep
|turn|21
|inactive|KT1120 has 120 seconds left.
|
|t:|1634619249
|switch|p1a: Rayquaza|Rayquaza-Mega|75/100
|-weather|DeltaStream|[from] ability: Delta Stream|[of] p1a: Rayquaza
|cant|p2a: Zamazenta|slp
|
|-weather|DeltaStream|[upkeep]
|upkeep
|turn|22
|
|t:|1634619257
|switch|p2a: Necrozma|Necrozma-Dusk-Mane|100/100
|-damage|p2a: Necrozma|94/100|[from] Stealth Rock
|move|p1a: Rayquaza|Dragon Dance|p1a: Rayquaza
|-boost|p1a: Rayquaza|atk|1
|-boost|p1a: Rayquaza|spe|1
|
|-weather|DeltaStream|[upkeep]
|upkeep
|turn|23
|inactive|KT1120 has 120 seconds left.
|
|t:|1634619266
|-start|p2a: Necrozma|Dynamax
|-heal|p2a: Necrozma|94/100|[silent]
|move|p1a: Rayquaza|V-create|p2a: Necrozma
|-supereffective|p2a: Necrozma
|-damage|p2a: Necrozma|28/100
|-unboost|p1a: Rayquaza|spe|1
|-unboost|p1a: Rayquaza|def|1
|-unboost|p1a: Rayquaza|spd|1
|-damage|p1a: Rayquaza|59/100|[from] item: Rocky Helmet|[of] p2a: Necrozma
|-damage|p1a: Rayquaza|49/100|[from] item: Life Orb
|move|p2a: Necrozma|Max Steelspike|p1a: Rayquaza
|-damage|p1a: Rayquaza|0 fnt
|-boost|p2a: Necrozma|def|1
|faint|p1a: Rayquaza
|-weather|none
|
|upkeep
|inactive|KT1120 has 120 seconds left.
|
|t:|1634619284
|switch|p1a: Calyrex|Calyrex-Shadow|94/100
|-ability|p1a: Calyrex|As One
|-ability|p1a: Calyrex|Unnerve
|turn|24
|
|t:|1634619291
|-end|p2a: Necrozma|Dynamax
|-heal|p2a: Necrozma|28/100|[silent]
|switch|p2a: Tyranitar|Tyranitar-Mega, F|100/100 slp
|-damage|p2a: Tyranitar|88/100 slp|[from] Stealth Rock
|-weather|Sandstorm|[from] ability: Sand Stream|[of] p2a: Tyranitar
|move|p1a: Calyrex|Astral Barrage|p2a: Tyranitar
|-resisted|p2a: Tyranitar
|-damage|p2a: Tyranitar|70/100 slp
|
|-weather|Sandstorm|[upkeep]
|-damage|p1a: Calyrex|88/100|[from] Sandstorm
|upkeep
|turn|25
|inactive|KT1120 has 120 seconds left.
|
|t:|1634619308
|-activate|p1a: Calyrex|move: Pursuit
|cant|p2a: Tyranitar|slp
|switch|p1a: Necrozma|Necrozma-Dusk-Mane|100/100
|
|-weather|Sandstorm|[upkeep]
|upkeep
|turn|26
|
|t:|1634619320
|switch|p2a: Zamazenta|Zamazenta-Crowned|100/100 slp
|-damage|p2a: Zamazenta|97/100 slp|[from] Stealth Rock
|-ability|p2a: Zamazenta|Dauntless Shield|boost
|-boost|p2a: Zamazenta|def|1
|move|p1a: Necrozma|Sunsteel Strike|p2a: Zamazenta
|-resisted|p2a: Zamazenta
|-damage|p2a: Zamazenta|87/100 slp
|
|-weather|Sandstorm|[upkeep]
|upkeep
|turn|27
|
|t:|1634619337
|switch|p1a: Calyrex|Calyrex-Shadow|88/100
|-ability|p1a: Calyrex|As One
|-ability|p1a: Calyrex|Unnerve
|cant|p2a: Zamazenta|slp
|
|-weather|Sandstorm|[upkeep]
|-damage|p1a: Calyrex|82/100|[from] Sandstorm
|upkeep
|turn|28
|
|t:|1634619362
|switch|p2a: Tyranitar|Tyranitar-Mega, F|70/100 slp
|-damage|p2a: Tyranitar|57/100 slp|[from] Stealth Rock
|move|p1a: Calyrex|Astral Barrage|p2a: Tyranitar
|-resisted|p2a: Tyranitar
|-damage|p2a: Tyranitar|37/100 slp
|
|-weather|none
|upkeep
|turn|29
|
|t:|1634619375
|-activate|p1a: Calyrex|move: Pursuit
|-curestatus|p2a: Tyranitar|slp|[msg]
|move|p2a: Tyranitar|Pursuit|p1a: Calyrex|[from]Pursuit
|-supereffective|p1a: Calyrex
|-damage|p1a: Calyrex|0 fnt
|faint|p1a: Calyrex
|-hint|A Pokemon can't switch between when it runs out of HP and when it faints
|
|upkeep
|c|☆InsanityPyroar|Gg
|inactive|KT1120 has 90 seconds left.
|
|t:|1634619385
|switch|p1a: Necrozma|Necrozma-Dusk-Mane|100/100
|turn|30
|
|t:|1634619402
|switch|p2a: Zygarde|Zygarde|82/100
|-damage|p2a: Zygarde|76/100|[from] Stealth Rock
|move|p1a: Necrozma|Sunsteel Strike|p2a: Zygarde
|-damage|p2a: Zygarde|51/100
|
|upkeep
|turn|31
|
|t:|1634619415
|move|p2a: Zygarde|Glare|p1a: Necrozma
|-status|p1a: Necrozma|par
|cant|p1a: Necrozma|par
|
|upkeep
|turn|32
|
|t:|1634619421
|switch|p2a: Zamazenta|Zamazenta-Crowned|87/100 slp
|-damage|p2a: Zamazenta|84/100 slp|[from] Stealth Rock
|-ability|p2a: Zamazenta|Dauntless Shield|boost
|-boost|p2a: Zamazenta|def|1
|move|p1a: Necrozma|Sunsteel Strike|p2a: Zamazenta
|-resisted|p2a: Zamazenta
|-damage|p2a: Zamazenta|73/100 slp
|
|upkeep
|turn|33
|
|t:|1634619432
|-curestatus|p2a: Zamazenta|slp|[msg]
|move|p2a: Zamazenta|Howl|p2a: Zamazenta
|-boost|p2a: Zamazenta|atk|1
|cant|p1a: Necrozma|par
|
|upkeep
|turn|34
|
|t:|1634619440
|move|p2a: Zamazenta|Howl|p2a: Zamazenta
|-boost|p2a: Zamazenta|atk|1
|move|p1a: Necrozma|Sunsteel Strike|p2a: Zamazenta
|-resisted|p2a: Zamazenta
|-damage|p2a: Zamazenta|62/100
|
|upkeep
|turn|35
|
|t:|1634619448
|move|p2a: Zamazenta|Howl|p2a: Zamazenta
|-boost|p2a: Zamazenta|atk|1
|move|p1a: Necrozma|Sunsteel Strike|p2a: Zamazenta
|-resisted|p2a: Zamazenta
|-damage|p2a: Zamazenta|52/100
|
|upkeep
|turn|36
|inactive|KT1120 has 120 seconds left.
|
|t:|1634619456
|move|p2a: Zamazenta|Howl|p2a: Zamazenta
|-boost|p2a: Zamazenta|atk|1
|move|p1a: Necrozma|Sunsteel Strike|p2a: Zamazenta
|-resisted|p2a: Zamazenta
|-crit|p2a: Zamazenta
|-damage|p2a: Zamazenta|30/100
|
|upkeep
|turn|37
|inactive|KT1120 has 120 seconds left.
|
|t:|1634619469
|move|p2a: Zamazenta|Close Combat|p1a: Necrozma
|-damage|p1a: Necrozma|26/100 par
|-unboost|p2a: Zamazenta|def|1
|-unboost|p2a: Zamazenta|spd|1
|-damage|p2a: Zamazenta|13/100|[from] item: Rocky Helmet|[of] p1a: Necrozma
|move|p1a: Necrozma|Sunsteel Strike|p2a: Zamazenta
|-resisted|p2a: Zamazenta
|-damage|p2a: Zamazenta|0 fnt
|faint|p2a: Zamazenta
|
|upkeep
|
|t:|1634619483
|switch|p2a: Ho-Oh|Ho-Oh|100/100
|turn|38
|
|t:|1634619492
|move|p2a: Ho-Oh|Sacred Fire|p1a: Necrozma
|-supereffective|p1a: Necrozma
|-damage|p1a: Necrozma|0 fnt
|faint|p1a: Necrozma
|
|upkeep
|
|t:|1634619498
|switch|p1a: Ditto|Ditto|100/100
|-transform|p1a: Ditto|p2a: Ho-Oh|[from] ability: Imposter
|turn|39
|
|t:|1634619510
|switch|p2a: Necrozma|Necrozma-Dusk-Mane|28/100
|-damage|p2a: Necrozma|22/100|[from] Stealth Rock
|move|p1a: Ditto|Sacred Fire|p2a: Necrozma
|-supereffective|p2a: Necrozma
|-damage|p2a: Necrozma|0 fnt
|faint|p2a: Necrozma
|
|upkeep
|
|t:|1634619520
|switch|p2a: Tyranitar|Tyranitar-Mega, F|37/100
|-damage|p2a: Tyranitar|25/100|[from] Stealth Rock
|-weather|Sandstorm|[from] ability: Sand Stream|[of] p2a: Tyranitar
|turn|40
|
|t:|1634619526
|move|p1a: Ditto|Sacred Fire|p2a: Tyranitar
|-resisted|p2a: Tyranitar
|-damage|p2a: Tyranitar|12/100
|-status|p2a: Tyranitar|brn
|move|p2a: Tyranitar|Rock Tomb|p1a: Ditto
|-supereffective|p1a: Ditto
|-damage|p1a: Ditto|42/100
|-unboost|p1a: Ditto|spe|1
|
|-weather|Sandstorm|[upkeep]
|-damage|p1a: Ditto|36/100|[from] Sandstorm
|-damage|p2a: Tyranitar|5/100 brn|[from] brn
|upkeep
|turn|41
|
|t:|1634619541
|switch|p2a: Zygarde|Zygarde|51/100
|-damage|p2a: Zygarde|45/100|[from] Stealth Rock
|move|p1a: Ditto|Sacred Fire|p2a: Zygarde
|-resisted|p2a: Zygarde
|-damage|p2a: Zygarde|33/100
|
|-weather|Sandstorm|[upkeep]
|-damage|p1a: Ditto|30/100|[from] Sandstorm
|-activate|p2a: Zygarde|ability: Power Construct
|detailschange|p2a: Zygarde|Zygarde-Complete
|-heal|p2a: Zygarde|56/100|[silent]
|upkeep
|turn|42
|-message|KT1120 forfeited.
|
|win|InsanityPyroar
|raw|KT1120's rating: 1587 &rarr; <strong>1566</strong><br />(-21 for losing)
|raw|InsanityPyroar's rating: 1578 &rarr; <strong>1599</strong><br />(+21 for winning)
|l|☆KT1120
|l| Darth Escar
