|j|☆Ike745
|j|☆CLEAR GEM清瑜
|t:|1665032791
|gametype|singles
|player|p1|Ike745|blue|2066
|player|p2|CLEAR GEM清瑜|skierf|1978
|teamsize|p1|6
|teamsize|p2|6
|gen|8
|tier|[Gen 8] National Dex AG
|rated|
|rule|HP Percentage Mod: HP is shown in percentages
|rule|Endless Battle Clause: Forcing endless battles is banned
|clearpoke
|poke|p1|Rayquaza|
|poke|p1|Groudon|
|poke|p1|Arceus-*|
|poke|p1|Calyrex-Shadow|
|poke|p1|Yveltal|
|poke|p1|Arceus-*|
|poke|p2|Rayquaza|
|poke|p2|Groudon|
|poke|p2|Necrozma-Dusk-Mane|
|poke|p2|Arceus-*|
|poke|p2|Zacian-*|
|poke|p2|Yveltal|
|teampreview
|inactive|Battle timer is ON: inactive players will automatically lose when time's up. (requested by Ike745)
|j| alt1445645
|
|t:|1665032820
|start
|switch|p1a: Groudon|Groudon, shiny|100/100
|switch|p2a: 老烈|Rayquaza, shiny|100/100
|-ability|p2a: 老烈|Air Lock
|detailschange|p1a: Groudon|Groudon-Primal, shiny
|-primal|p1a: Groudon
|-weather|DesolateLand|[from] ability: Desolate Land|[of] p1a: Groudon
|turn|1
|
|t:|1665032824
|detailschange|p2a: 老烈|Rayquaza-Mega, shiny
|-mega|p2a: 老烈|Rayquaza|
|-weather|DeltaStream|[from] ability: Delta Stream|[of] p2a: 老烈
|move|p2a: 老烈|Scale Shot|p1a: Groudon
|-damage|p1a: Groudon|89/100
|-damage|p1a: Groudon|77/100
|-hitcount|p1a: Groudon|2
|-unboost|p2a: 老烈|def|1
|-boost|p2a: 老烈|spe|1
|-damage|p2a: 老烈|91/100|[from] item: Life Orb
|move|p1a: Groudon|Thunder Wave|p2a: 老烈
|-status|p2a: 老烈|par
|
|-weather|DeltaStream|[upkeep]
|upkeep
|turn|2
|
|t:|1665032836
|cant|p2a: 老烈|par
|move|p1a: Groudon|Rock Tomb|p2a: 老烈
|-activate||deltastream
|-damage|p2a: 老烈|57/100 par
|-unboost|p2a: 老烈|spe|1
|
|-weather|DeltaStream|[upkeep]
|upkeep
|turn|3
|
|t:|1665032844
|move|p1a: Groudon|Stealth Rock|p2a: 老烈
|-sidestart|p2: CLEAR GEM清瑜|move: Stealth Rock
|move|p2a: 老烈|Earthquake|p1a: Groudon
|-supereffective|p1a: Groudon
|-damage|p1a: Groudon|22/100
|-damage|p2a: 老烈|47/100 par|[from] item: Life Orb
|
|-weather|DeltaStream|[upkeep]
|upkeep
|turn|4
|
|t:|1665032850
|move|p2a: 老烈|Extreme Speed|p1a: Groudon
|-damage|p1a: Groudon|1/100
|-damage|p2a: 老烈|37/100 par|[from] item: Life Orb
|move|p1a: Groudon|Rock Tomb|p2a: 老烈
|-activate||deltastream
|-damage|p2a: 老烈|7/100 par
|-unboost|p2a: 老烈|spe|1
|
|-weather|DeltaStream|[upkeep]
|upkeep
|turn|5
|
|t:|1665032861
|move|p2a: 老烈|Extreme Speed|p1a: Groudon
|-damage|p1a: Groudon|0 fnt
|faint|p1a: Groudon
|-damage|p2a: 老烈|0 fnt|[from] item: Life Orb
|faint|p2a: 老烈
|-weather|none
|
|upkeep
|c| alt1445645|yo clear
|c| alt1445645|its me
|c| alt1445645|pls forfeit LMAO for the shit
|c| alt1445645|my friend 1 win away
|inactive|Ike745 has 120 seconds left.
|
|t:|1665032901
|switch|p2a: 不会(?)|Groudon|100/100
|switch|p1a: Yveltal|Yveltal|100/100
|-ability|p1a: Yveltal|Dark Aura
|-damage|p2a: 不会(?)|94/100|[from] Stealth Rock
|detailschange|p2a: 不会(?)|Groudon-Primal
|-primal|p2a: 不会(?)
|-weather|DesolateLand|[from] ability: Desolate Land|[of] p2a: 不会(?)
|turn|6
|inactive|Ike745 has 120 seconds left.
|c|☆CLEAR GEM清瑜|?what
|
|t:|1665032918
|-start|p1a: Yveltal|Dynamax|
|-heal|p1a: Yveltal|100/100|[silent]
|move|p1a: Yveltal|Max Airstream|p2a: 不会(?)
|-damage|p2a: 不会(?)|0 fnt
|-boost|p1a: Yveltal|spe|1
|faint|p2a: 不会(?)
|-weather|none
|-damage|p1a: Yveltal|96/100|[from] item: Life Orb
|
|upkeep
|c| alt1445645|I was on basak booster this my homie he is 1 win from first
|c| alt1445645|you GOTTA forfeit
|c|☆CLEAR GEM清瑜|oh
|c|☆CLEAR GEM清瑜|okay
|inactive|CLEAR GEM清瑜 has 120 seconds left.
|c|☆Ike745|WAIT
|-message|CLEAR GEM清瑜 forfeited.
|
|win|Ike745
|raw|Ike745's rating: 2066 &rarr; <strong>2081</strong><br />(+15 for winning)
|raw|CLEAR GEM清瑜's rating: 1978 &rarr; <strong>1963</strong><br />(-15 for losing)
|c|☆Ike745|LMAOOOOO
|c|☆CLEAR GEM清瑜|XD
|c| alt1445645|you the goat
|c| alt1445645|i owe u
|c|☆Ike745|LMAOOOOOO
|c| alt1445645|like w/e u want
|c|☆Ike745|I WAS TRYIN WIN
|c| alt1445645|dinner on me
|c| alt1445645|IDC
|c| alt1445645|U SUCK
|c| alt1445645|U R GONA LOSE
|c| alt1445645|TAKE UR FREE WIN BITCH
