|j|☆Patush
|j|☆Buck X
|t:|1661141386
|gametype|singles
|player|p1|Patush|265|1632
|player|p2|Buck X|ethan-masters|1780
|teamsize|p1|6
|teamsize|p2|6
|gen|8
|tier|[Gen 8] National Dex AG
|rated|
|rule|HP Percentage Mod: HP is shown in percentages
|rule|Endless Battle Clause: Forcing endless battles is banned
|clearpoke
|poke|p1|Zacian-*|
|poke|p1|Rayquaza|
|poke|p1|Groudon|
|poke|p1|Xerneas-*|
|poke|p1|Lugia|
|poke|p1|Calyrex-Shadow|
|poke|p2|Arceus-*|
|poke|p2|Quagsire, M|
|poke|p2|Lugia|
|poke|p2|Ho-Oh|
|poke|p2|Chansey, F|
|poke|p2|Ferrothorn, F|
|teampreview
|inactive|Battle timer is ON: inactive players will automatically lose when time's up. (requested by Buck X)
|
|t:|1661141412
|start
|switch|p1a: Xerneas|Xerneas|100/100
|switch|p2a: Lugia|Lugia|100/100
|-ability|p1a: Xerneas|Fairy Aura
|turn|1
|
|t:|1661141420
|move|p1a: Xerneas|Geomancy||[still]
|-prepare|p1a: Xerneas|Geomancy
|-enditem|p1a: Xerneas|Power Herb
|-anim|p1a: Xerneas|Geomancy|p1a: Xerneas
|-boost|p1a: Xerneas|spa|2
|-boost|p1a: Xerneas|spd|2
|-boost|p1a: Xerneas|spe|2
|move|p2a: Lugia|Toxic|p1a: Xerneas
|-status|p1a: Xerneas|tox
|
|-damage|p1a: Xerneas|94/100 tox|[from] psn
|upkeep
|turn|2
|
|t:|1661141431
|switch|p2a: Chansey|Chansey, F|100/100
|-start|p1a: Xerneas|Dynamax|
|-heal|p1a: Xerneas|94/100 tox|[silent]
|move|p1a: Xerneas|Max Lightning|p2a: Chansey
|-damage|p2a: Chansey|74/100
|-fieldstart|move: Electric Terrain
|
|-damage|p1a: Xerneas|88/100 tox|[from] psn
|upkeep
|turn|3
|
|t:|1661141442
|move|p1a: Xerneas|Max Starfall|p2a: Chansey
|-damage|p2a: Chansey|23/100
|-fieldstart|move: Misty Terrain
|move|p2a: Chansey|Soft-Boiled|p2a: Chansey
|-heal|p2a: Chansey|73/100
|
|-damage|p1a: Xerneas|79/100 tox|[from] psn
|upkeep
|turn|4
|
|t:|1661141451
|move|p1a: Xerneas|Max Starfall|p2a: Chansey
|-damage|p2a: Chansey|21/100
|move|p2a: Chansey|Soft-Boiled|p2a: Chansey
|-heal|p2a: Chansey|71/100
|
|-damage|p1a: Xerneas|67/100 tox|[from] psn
|upkeep
|-end|p1a: Xerneas|Dynamax
|-heal|p1a: Xerneas|67/100 tox|[silent]
|turn|5
|-message|Patush forfeited.
|
|win|Buck X
|raw|Patush's rating: 1632 &rarr; <strong>1620</strong><br />(-12 for losing)
|raw|Buck X's rating: 1780 &rarr; <strong>1792</strong><br />(+12 for winning)
|l|☆Patush
