|j|☆chopforce8
|j|☆Whitedevil12345678
|t:|1664176804
|gametype|singles
|player|p1|chopforce8|red|2020
|player|p2|Whitedevil12345678|blue-gen3two|2012
|teamsize|p1|6
|teamsize|p2|6
|gen|8
|tier|[Gen 8] National Dex AG
|rated|
|rule|HP Percentage Mod: HP is shown in percentages
|rule|Endless Battle Clause: Forcing endless battles is banned
|clearpoke
|poke|p1|Yveltal|
|poke|p1|Diancie|
|poke|p1|Calyrex-Shadow|
|poke|p1|Zacian-*|
|poke|p1|Ditto|
|poke|p1|Arceus-*|
|poke|p2|Arceus-*|
|poke|p2|Ditto|
|poke|p2|Zygarde|
|poke|p2|Eternatus|
|poke|p2|Arceus-*|
|poke|p2|Arceus-*|
|teampreview
|inactive|Battle timer is ON: inactive players will automatically lose when time's up. (requested by Whitedevil12345678)
|
|t:|1664176825
|start
|switch|p1a: Fluffy|Zacian-Crowned|100/100
|switch|p2a: Ditto|Ditto|100/100
|-ability|p1a: Fluffy|Intrepid Sword|boost
|-boost|p1a: Fluffy|atk|1
|-transform|p2a: Ditto|p1a: Fluffy|[from] ability: Imposter
|-ability|p2a: Ditto|Intrepid Sword|boost
|-boost|p2a: Ditto|atk|1
|turn|1
|
|t:|1664176835
|move|p2a: Ditto|Behemoth Blade|p1a: Fluffy
|-damage|p1a: Fluffy|0 fnt
|faint|p1a: Fluffy
|
|upkeep
|
|t:|1664176840
|switch|p1a: ProfessorQuirrell|Calyrex-Shadow|100/100
|-ability|p1a: ProfessorQuirrell|As One
|-ability|p1a: ProfessorQuirrell|Unnerve
|turn|2
|
|t:|1664176845
|move|p2a: Ditto|Behemoth Blade|p1a: ProfessorQuirrell
|-enditem|p1a: ProfessorQuirrell|Focus Sash
|-damage|p1a: ProfessorQuirrell|1/100
|move|p1a: ProfessorQuirrell|Astral Barrage|p2a: Ditto
|-damage|p2a: Ditto|21/100
|
|upkeep
|turn|3
|j| Overlord Jr.
|
|t:|1664176853
|move|p2a: Ditto|Behemoth Blade|p1a: ProfessorQuirrell
|-damage|p1a: ProfessorQuirrell|0 fnt
|faint|p1a: ProfessorQuirrell
|
|upkeep
|
|t:|1664176858
|switch|p1a: Voldemort|Yveltal|100/100
|-ability|p1a: Voldemort|Dark Aura
|turn|4
|
|t:|1664176869
|move|p1a: Voldemort|Sucker Punch|p2a: Ditto
|-resisted|p2a: Ditto
|-damage|p2a: Ditto|0 fnt
|faint|p2a: Ditto
|-damage|p1a: Voldemort|91/100|[from] item: Life Orb
|
|upkeep
|
|t:|1664176890
|switch|p2a: Arceus|Arceus-Fairy|100/100
|turn|5
|
|t:|1664176893
|switch|p1a: Harry Potter|Diancie|100/100
|move|p2a: Arceus|Stealth Rock|p1a: Harry Potter
|-sidestart|p1: chopforce8|move: Stealth Rock
|
|upkeep
|turn|6
|
|t:|1664176899
|detailschange|p1a: Harry Potter|Diancie-Mega
|-mega|p1a: Harry Potter|Diancie|Diancite
|move|p1a: Harry Potter|Stealth Rock|p2a: Arceus
|-sidestart|p2: Whitedevil12345678|move: Stealth Rock
|move|p2a: Arceus|Judgment|p1a: Harry Potter
|-damage|p1a: Harry Potter|37/100
|
|upkeep
|turn|7
|
|t:|1664176909
|move|p1a: Harry Potter|Moonblast|p2a: Arceus
|-damage|p2a: Arceus|71/100
|move|p2a: Arceus|Judgment|p1a: Harry Potter
|-damage|p1a: Harry Potter|0 fnt
|faint|p1a: Harry Potter
|
|upkeep
|
|t:|1664176915
|switch|p1a: Chess Wizard|Arceus-Flying|100/100
|-damage|p1a: Chess Wizard|76/100|[from] Stealth Rock
|turn|8
|
|t:|1664176919
|switch|p2a: Zygarde|Zygarde, shiny|100/100
|-damage|p2a: Zygarde|94/100|[from] Stealth Rock
|move|p1a: Chess Wizard|Calm Mind|p1a: Chess Wizard
|-boost|p1a: Chess Wizard|spa|1
|-boost|p1a: Chess Wizard|spd|1
|
|-heal|p2a: Zygarde|100/100|[from] item: Leftovers
|upkeep
|turn|9
|
|t:|1664176927
|move|p1a: Chess Wizard|Calm Mind|p1a: Chess Wizard
|-boost|p1a: Chess Wizard|spa|1
|-boost|p1a: Chess Wizard|spd|1
|move|p2a: Zygarde|Glare|p1a: Chess Wizard
|-status|p1a: Chess Wizard|par
|
|upkeep
|turn|10
|
|t:|1664176934
|-start|p1a: Chess Wizard|Dynamax|
|-heal|p1a: Chess Wizard|76/100 par|[silent]
|move|p2a: Zygarde|Haze|p2a: Zygarde
|-clearallboost
|move|p1a: Chess Wizard|Max Airstream|p2a: Zygarde
|-damage|p2a: Zygarde|47/100
|-boost|p1a: Chess Wizard|spe|1
|
|-heal|p2a: Zygarde|54/100|[from] item: Leftovers
|upkeep
|turn|11
|j| IncineChomp
|
|t:|1664176944
|move|p1a: Chess Wizard|Max Airstream|p2a: Zygarde
|-damage|p2a: Zygarde|4/100
|-boost|p1a: Chess Wizard|spe|1
|move|p2a: Zygarde|Haze|p2a: Zygarde
|-clearallboost
|
|-heal|p2a: Zygarde|10/100|[from] item: Leftovers
|-activate|p2a: Zygarde|ability: Power Construct
|detailschange|p2a: Zygarde|Zygarde-Complete, shiny
|-heal|p2a: Zygarde|41/100|[silent]
|upkeep
|turn|12
|
|t:|1664176956
|move|p2a: Zygarde|Thousand Arrows|p1a: Chess Wizard
|-damage|p1a: Chess Wizard|66/100 par
|-start|p1a: Chess Wizard|Smack Down
|move|p1a: Chess Wizard|Max Airstream|p2a: Zygarde
|-damage|p2a: Zygarde|8/100
|-boost|p1a: Chess Wizard|spe|1
|
|-heal|p2a: Zygarde|14/100|[from] item: Leftovers
|upkeep
|-end|p1a: Chess Wizard|Dynamax
|-heal|p1a: Chess Wizard|66/100 par|[silent]
|turn|13
|
|t:|1664176967
|move|p1a: Chess Wizard|Judgment|p2a: Zygarde
|-crit|p2a: Zygarde
|-damage|p2a: Zygarde|0 fnt
|faint|p2a: Zygarde
|
|upkeep
|
|t:|1664176977
|switch|p2a: Arceus|Arceus-Flying|100/100
|-damage|p2a: Arceus|76/100|[from] Stealth Rock
|turn|14
|
|t:|1664176982
|move|p2a: Arceus|Calm Mind|p2a: Arceus
|-boost|p2a: Arceus|spa|1
|-boost|p2a: Arceus|spd|1
|move|p1a: Chess Wizard|Perish Song|p1a: Chess Wizard
|-start|p1a: Chess Wizard|perish3|[silent]
|-start|p2a: Arceus|perish3|[silent]
|-fieldactivate|move: Perish Song
|
|-start|p2a: Arceus|perish3
|-start|p1a: Chess Wizard|perish3
|upkeep
|turn|15
|
|t:|1664176989
|move|p2a: Arceus|Judgment|p1a: Chess Wizard
|-damage|p1a: Chess Wizard|4/100 par
|move|p1a: Chess Wizard|Judgment|p2a: Arceus
|-damage|p2a: Arceus|49/100
|
|-start|p2a: Arceus|perish2
|-start|p1a: Chess Wizard|perish2
|upkeep
|turn|16
|
|t:|1664177000
|move|p2a: Arceus|Judgment|p1a: Chess Wizard
|-damage|p1a: Chess Wizard|0 fnt
|faint|p1a: Chess Wizard
|
|-start|p2a: Arceus|perish1
|upkeep
|
|t:|1664177006
|switch|p1a: MirrorofErised|Ditto|100/100
|-damage|p1a: MirrorofErised|88/100|[from] Stealth Rock
|-transform|p1a: MirrorofErised|p2a: Arceus|[from] ability: Imposter
|turn|17
|
|t:|1664177015
|move|p1a: MirrorofErised|Judgment|p2a: Arceus
|-damage|p2a: Arceus|25/100
|move|p2a: Arceus|Judgment|p1a: MirrorofErised
|-damage|p1a: MirrorofErised|30/100
|
|-start|p2a: Arceus|perish0
|upkeep
|faint|p2a: Arceus
|
|t:|1664177022
|switch|p2a: Arceus|Arceus-Fairy|71/100
|-damage|p2a: Arceus|59/100|[from] Stealth Rock
|turn|18
|
|t:|1664177027
|-start|p2a: Arceus|Dynamax|
|-heal|p2a: Arceus|59/100|[silent]
|move|p1a: MirrorofErised|Judgment|p2a: Arceus
|-damage|p2a: Arceus|48/100
|move|p2a: Arceus|Max Starfall|p1a: MirrorofErised
|-damage|p1a: MirrorofErised|0 fnt
|-fieldstart|move: Misty Terrain
|faint|p1a: MirrorofErised
|
|upkeep
|
|t:|1664177035
|switch|p1a: Voldemort|Yveltal|91/100
|-damage|p1a: Voldemort|66/100|[from] Stealth Rock
|-ability|p1a: Voldemort|Dark Aura
|turn|19
|
|t:|1664177043
|move|p1a: Voldemort|Oblivion Wing|p2a: Arceus
|-damage|p2a: Arceus|35/100
|-heal|p1a: Voldemort|88/100|[from] drain|[of] p2a: Arceus
|-damage|p1a: Voldemort|78/100|[from] item: Life Orb
|move|p2a: Arceus|Max Starfall|p1a: Voldemort
|-supereffective|p1a: Voldemort
|-damage|p1a: Voldemort|0 fnt
|faint|p1a: Voldemort
|
|win|Whitedevil12345678
|raw|chopforce8's rating: 2020 &rarr; <strong>2000</strong><br />(-20 for losing)
|raw|Whitedevil12345678's rating: 2012 &rarr; <strong>2032</strong><br />(+20 for winning)
|c|☆chopforce8|gg
|l|☆chopforce8
|c|☆Whitedevil12345678|Gg
