|j|☆whotfwouldknow
|j|☆copperspray
|t:|1624982238
|gametype|singles
|player|p1|whotfwouldknow|swimmer|1485
|player|p2|copperspray|juan|1651
|teamsize|p1|6
|teamsize|p2|6
|gen|8
|tier|[Gen 8] National Dex AG
|rated|
|rule|HP Percentage Mod: HP is shown in percentages
|rule|Endless Battle Clause: Forcing endless battles is banned
|clearpoke
|poke|p1|Blastoise, F|
|poke|p1|Grimmsnarl, M|
|poke|p1|Landorus-Therian, M|
|poke|p1|Volcarona, M|
|poke|p1|Tapu Lele|
|poke|p1|Kartana|
|poke|p2|Magearna|
|poke|p2|Zacian-*|
|poke|p2|Rayquaza|
|poke|p2|Groudon|
|poke|p2|Yveltal|
|poke|p2|Ho-Oh|
|teampreview
|inactive|Battle timer is ON: inactive players will automatically lose when time's up. (requested by copperspray)
|inactive|copperspray has 120 seconds left.
|
|t:|1624982281
|start
|switch|p1a: Landorus|Landorus-Therian, M|100/100
|switch|p2a: Ho-Oh|Ho-Oh|100/100
|-ability|p1a: Landorus|Intimidate|boost
|-unboost|p2a: Ho-Oh|atk|1
|turn|1
|
|t:|1624982303
|switch|p2a: Groudon|Groudon|100/100
|detailschange|p2a: Groudon|Groudon-Primal
|-primal|p2a: Groudon
|-weather|DesolateLand|[from] ability: Desolate Land|[of] p2a: Groudon
|move|p1a: Landorus|Rock Tomb|p2a: Groudon
|-damage|p2a: Groudon|90/100
|-unboost|p2a: Groudon|spe|1
|
|-weather|DesolateLand|[upkeep]
|upkeep
|turn|2
|inactive|copperspray has 120 seconds left.
|
|t:|1624982325
|-weather|none
|switch|p2a: Yveltal|Yveltal|100/100
|-ability|p2a: Yveltal|Dark Aura
|move|p1a: Landorus|Earthquake|p2a: Yveltal
|-immune|p2a: Yveltal
|
|upkeep
|turn|3
|
|t:|1624982333
|-start|p2a: Yveltal|Dynamax
|-heal|p2a: Yveltal|100/100|[silent]
|move|p2a: Yveltal|Max Airstream|p1a: Landorus
|-enditem|p1a: Landorus|Focus Sash
|-damage|p1a: Landorus|1/100
|-boost|p2a: Yveltal|spe|1
|-damage|p2a: Yveltal|96/100|[from] item: Life Orb
|move|p1a: Landorus|Rock Tomb|p2a: Yveltal
|-supereffective|p2a: Yveltal
|-damage|p2a: Yveltal|75/100
|-unboost|p2a: Yveltal|spe|1
|
|upkeep
|turn|4
|inactive|whotfwouldknow has 120 seconds left.
|
|t:|1624982385
|move|p2a: Yveltal|Max Airstream|p1a: Landorus
|-damage|p1a: Landorus|0 fnt
|-boost|p2a: Yveltal|spe|1
|faint|p1a: Landorus
|-damage|p2a: Yveltal|70/100|[from] item: Life Orb
|
|upkeep
|
|t:|1624982396
|switch|p1a: Tapu Lele|Tapu Lele|100/100
|-fieldstart|move: Psychic Terrain|[from] ability: Psychic Surge|[of] p1a: Tapu Lele
|turn|5
|j| XcessiveSwag
|
|t:|1624982406
|-start|p1a: Tapu Lele|Dynamax
|-heal|p1a: Tapu Lele|100/100|[silent]
|move|p2a: Yveltal|Max Darkness|p1a: Tapu Lele
|-damage|p1a: Tapu Lele|42/100
|-unboost|p1a: Tapu Lele|spd|1
|-damage|p2a: Yveltal|65/100|[from] item: Life Orb
|move|p1a: Tapu Lele|Max Starfall|p2a: Yveltal
|-supereffective|p2a: Yveltal
|-damage|p2a: Yveltal|3/100
|-fieldstart|move: Misty Terrain
|
|-end|p2a: Yveltal|Dynamax
|-heal|p2a: Yveltal|3/100|[silent]
|upkeep
|turn|6
|
|t:|1624982426
|move|p2a: Yveltal|Dark Pulse|p1a: Tapu Lele
|-damage|p1a: Tapu Lele|0 fnt
|faint|p1a: Tapu Lele
|-damage|p2a: Yveltal|0 fnt|[from] item: Life Orb
|faint|p2a: Yveltal
|
|upkeep
|
|t:|1624982440
|switch|p2a: Zacian|Zacian-Crowned|100/100
|switch|p1a: Grimmsnarl|Grimmsnarl, M|100/100
|-ability|p2a: Zacian|Intrepid Sword|boost
|-boost|p2a: Zacian|atk|1
|turn|7
|
|t:|1624982454
|switch|p1a: Volcarona|Volcarona, M|100/100
|move|p2a: Zacian|Behemoth Blade|p1a: Volcarona
|-resisted|p1a: Volcarona
|-damage|p1a: Volcarona|25/100
|
|upkeep
|turn|8
|
|t:|1624982464
|move|p2a: Zacian|Behemoth Blade|p1a: Volcarona
|-resisted|p1a: Volcarona
|-damage|p1a: Volcarona|0 fnt
|faint|p1a: Volcarona
|
|upkeep
|
|t:|1624982470
|switch|p1a: Kartana|Kartana|100/100
|turn|9
|
|t:|1624982479
|switch|p2a: Ho-Oh|Ho-Oh|100/100
|-zpower|p1a: Kartana
|move|p1a: Kartana|Corkscrew Crash|p2a: Ho-Oh|[zeffect]
|-resisted|p2a: Ho-Oh
|-damage|p2a: Ho-Oh|71/100
|
|-fieldend|Misty Terrain
|upkeep
|turn|10
|
|t:|1624982488
|switch|p1a: Grimmsnarl|Grimmsnarl, M|100/100
|move|p2a: Ho-Oh|Sacred Fire|p1a: Grimmsnarl
|-damage|p1a: Grimmsnarl|43/100
|-status|p1a: Grimmsnarl|brn
|
|-damage|p1a: Grimmsnarl|36/100 brn|[from] brn
|upkeep
|turn|11
|
|t:|1624982497
|move|p1a: Grimmsnarl|Light Screen|p1a: Grimmsnarl
|-sidestart|p1: whotfwouldknow|move: Light Screen
|move|p2a: Ho-Oh|Sacred Fire|p1a: Grimmsnarl
|-damage|p1a: Grimmsnarl|0 fnt
|faint|p1a: Grimmsnarl
|
|upkeep
|
|t:|1624982513
|switch|p1a: Blastoise|Blastoise, F|100/100
|turn|12
|
|t:|1624982525
|switch|p2a: Magearna|Magearna|100/100
|detailschange|p1a: Blastoise|Blastoise-Mega, F
|-mega|p1a: Blastoise|Blastoise|Blastoisinite
|move|p1a: Blastoise|Shell Smash|p1a: Blastoise
|-unboost|p1a: Blastoise|def|1
|-unboost|p1a: Blastoise|spd|1
|-boost|p1a: Blastoise|atk|2
|-boost|p1a: Blastoise|spa|2
|-boost|p1a: Blastoise|spe|2
|
|upkeep
|turn|13
|
|t:|1624982544
|move|p1a: Blastoise|Shell Smash|p1a: Blastoise
|-unboost|p1a: Blastoise|def|1
|-unboost|p1a: Blastoise|spd|1
|-boost|p1a: Blastoise|atk|2
|-boost|p1a: Blastoise|spa|2
|-boost|p1a: Blastoise|spe|2
|move|p2a: Magearna|Heart Swap|p1a: Blastoise
|-swapboost|p2a: Magearna|p1a: Blastoise|[from] move: Heart Swap
|
|upkeep
|turn|14
|c|☆whotfwouldknow|say what
|inactive|whotfwouldknow has 90 seconds left.
|
|t:|1624982566
|-zpower|p2a: Magearna
|move|p2a: Magearna|Z-Baton Pass|p2a: Magearna|[anim]Baton Pass
|-clearnegativeboost|p2a: Magearna|[zeffect]
|
|t:|1624982585
|switch|p2a: Zacian|Zacian-Crowned|100/100|[from]move: Baton Pass
|-ability|p2a: Zacian|Intrepid Sword|boost
|-boost|p2a: Zacian|atk|1
|move|p1a: Blastoise|Aura Sphere|p2a: Zacian
|-damage|p2a: Zacian|54/100
|
|upkeep
|turn|15
|
|t:|1624982605
|move|p2a: Zacian|Crunch|p1a: Blastoise
|-damage|p1a: Blastoise|0 fnt
|faint|p1a: Blastoise
|
|upkeep
|
|t:|1624982610
|switch|p1a: Kartana|Kartana|100/100
|turn|16
|inactive|whotfwouldknow has 90 seconds left.
|l|☆whotfwouldknow
|inactive|whotfwouldknow disconnected and has a minute to reconnect!
|player|p1|
|j|☆whotfwouldknow
|inactive|whotfwouldknow reconnected and has 75 seconds left.
|player|p1|whotfwouldknow|swimmer
|
|t:|1624982653
|move|p2a: Zacian|Crunch|p1a: Kartana
|-damage|p1a: Kartana|0 fnt
|faint|p1a: Kartana
|
|win|copperspray
|raw|whotfwouldknow's rating: 1485 &rarr; <strong>1474</strong><br />(-11 for losing)
|raw|copperspray's rating: 1651 &rarr; <strong>1662</strong><br />(+11 for winning)
|l|☆whotfwouldknow
||Ladder isn't responding, score probably updated but might not have (Request timeout).
