|j|☆1729is56time
|j|☆Crunchman
|t:|1667886328
|gametype|singles
|player|p1|1729is56time|266|
|player|p2|Crunchman|#bltixsnorlaxes|
|teamsize|p1|6
|teamsize|p2|6
|gen|8
|tier|[Gen 8] National Dex AG
|rule|HP Percentage Mod: HP is shown in percentages
|rule|Endless Battle Clause: Forcing endless battles is banned
|clearpoke
|poke|p1|Darmanitan-Galar, F|
|poke|p1|Chansey, F|
|poke|p1|Dragonite, F|
|poke|p1|Ditto|
|poke|p1|Dracovish|
|poke|p1|Salamence, M|
|poke|p2|Smeargle, F|
|poke|p2|Salamence, F|
|poke|p2|Cinderace, F|
|poke|p2|Excadrill, F|
|poke|p2|Blastoise, F|
|poke|p2|Porygon-Z|
|teampreview
|inactive|Battle timer is ON: inactive players will automatically lose when time's up. (requested by 1729is56time)
|
|t:|1667886339
|start
|switch|p1a: Dragonite|Dragonite, F|100/100
|switch|p2a: Smeargle|Smeargle, F|100/100
|turn|1
|
|t:|1667886352
|move|p2a: Smeargle|Nuzzle|p1a: Dragonite
|-damage|p1a: Dragonite|99/100
|-status|p1a: Dragonite|par
|cant|p1a: Dragonite|par
|
|upkeep
|turn|2
|
|t:|1667886358
|move|p2a: Smeargle|Sticky Web|p1a: Dragonite
|-sidestart|p1: 1729is56time|move: Sticky Web
|move|p1a: Dragonite|Dragon Dance|p1a: Dragonite
|-boost|p1a: Dragonite|atk|1
|-boost|p1a: Dragonite|spe|1
|
|upkeep
|turn|3
|
|t:|1667886364
|move|p2a: Smeargle|Taunt|p1a: Dragonite
|-start|p1a: Dragonite|move: Taunt
|move|p1a: Dragonite|Dual Wingbeat|p2a: Smeargle
|-damage|p2a: Smeargle|21/100
|-damage|p2a: Smeargle|0 fnt
|faint|p2a: Smeargle
|-hitcount|p2: Smeargle|2
|
|upkeep
|inactive|Crunchman has 270 seconds left.
|
|t:|1667886401
|switch|p2a: Blastoise|Blastoise, F|100/100
|turn|4
|
|t:|1667886409
|switch|p1a: Chansey|Chansey, F|100/100
|-activate|p1a: Chansey|move: Sticky Web
|-unboost|p1a: Chansey|spe|1
|detailschange|p2a: Blastoise|Blastoise-Mega, F
|-mega|p2a: Blastoise|Blastoise|Blastoisinite
|move|p2a: Blastoise|Ice Beam|p1a: Chansey
|-damage|p1a: Chansey|92/100
|
|upkeep
|turn|5
|
|t:|1667886416
|switch|p2a: Excadrill|Excadrill, F|100/100
|move|p1a: Chansey|Heal Bell|p1a: Chansey
|-activate|p1a: Chansey|move: Heal Bell
|-curestatus|p1: Dragonite|par|[msg]
|
|upkeep
|turn|6
|inactive|Crunchman has 270 seconds left.
|
|t:|1667886438
|switch|p1a: Salamence|Salamence, M|100/100
|-ability|p1a: Salamence|Intimidate|boost
|-unboost|p2a: Excadrill|atk|1
|move|p2a: Excadrill|Rock Slide|p1a: Salamence
|-supereffective|p1a: Salamence
|-damage|p1a: Salamence|36/100
|-damage|p2a: Excadrill|91/100|[from] item: Life Orb
|
|upkeep
|turn|7
|
|t:|1667886448
|switch|p2a: Blastoise|Blastoise-Mega, F|100/100
|detailschange|p1a: Salamence|Salamence-Mega, M
|-mega|p1a: Salamence|Salamence|Salamencite
|move|p1a: Salamence|Roost|p1a: Salamence
|-heal|p1a: Salamence|86/100
|-singleturn|p1a: Salamence|move: Roost
|
|upkeep
|turn|8
|
|t:|1667886459
|switch|p1a: Chansey|Chansey, F|92/100
|-activate|p1a: Chansey|move: Sticky Web
|-unboost|p1a: Chansey|spe|1
|move|p2a: Blastoise|Ice Beam|p1a: Chansey
|-damage|p1a: Chansey|84/100
|
|upkeep
|turn|9
|
|t:|1667886470
|switch|p2a: Excadrill|Excadrill, F|91/100
|switch|p1a: Salamence|Salamence-Mega, M|86/100
|
|upkeep
|turn|10
|inactive|Crunchman has 270 seconds left.
|
|t:|1667886494
|-start|p2a: Excadrill|Dynamax|
|-heal|p2a: Excadrill|91/100|[silent]
|move|p1a: Salamence|Dragon Dance|p1a: Salamence
|-boost|p1a: Salamence|atk|1
|-boost|p1a: Salamence|spe|1
|move|p2a: Excadrill|Max Rockfall|p1a: Salamence
|-supereffective|p1a: Salamence
|-damage|p1a: Salamence|0 fnt
|-weather|Sandstorm
|faint|p1a: Salamence
|-damage|p2a: Excadrill|86/100|[from] item: Life Orb
|
|-weather|Sandstorm|[upkeep]
|upkeep
|
|t:|1667886503
|switch|p1a: Dragonite|Dragonite, F|99/100
|turn|11
|
|t:|1667886505
|switch|p1a: Ditto|Ditto|100/100
|-activate|p1a: Ditto|move: Sticky Web
|-unboost|p1a: Ditto|spe|1
|-transform|p1a: Ditto|p2a: Excadrill|[from] ability: Imposter
|move|p2a: Excadrill|Max Rockfall|p1a: Ditto
|-resisted|p1a: Ditto
|-damage|p1a: Ditto|74/100
|-damage|p2a: Excadrill|81/100|[from] item: Life Orb
|
|-weather|Sandstorm|[upkeep]
|upkeep
|turn|12
|
|t:|1667886527
|switch|p1a: Darmanitan|Darmanitan-Galar, F|100/100
|-activate|p1a: Darmanitan|move: Sticky Web
|-unboost|p1a: Darmanitan|spe|1
|-end|p2a: Excadrill|Dynamax
|-heal|p2a: Excadrill|81/100|[silent]
|switch|p2a: Salamence|Salamence, F|100/100
|-ability|p2a: Salamence|Intimidate|boost
|-unboost|p1a: Darmanitan|atk|1
|
|-weather|Sandstorm|[upkeep]
|-damage|p2a: Salamence|94/100|[from] Sandstorm
|-damage|p1a: Darmanitan|95/100|[from] Sandstorm
|upkeep
|turn|13
|inactive|Crunchman has 270 seconds left.
|
|t:|1667886562
|switch|p2a: Blastoise|Blastoise-Mega, F|100/100
|-start|p1a: Darmanitan|Dynamax|
|-heal|p1a: Darmanitan|95/100|[silent]
|move|p1a: Darmanitan|Max Hailstorm|p2a: Blastoise
|-resisted|p2a: Blastoise
|-damage|p2a: Blastoise|77/100
|-weather|Hail
|
|-weather|Hail|[upkeep]
|-damage|p2a: Blastoise|71/100|[from] Hail
|upkeep
|turn|14
|
|t:|1667886577
|switch|p2a: Salamence|Salamence, F|94/100
|-ability|p2a: Salamence|Intimidate|boost
|-unboost|p1a: Darmanitan|atk|1
|move|p1a: Darmanitan|Max Quake|p2a: Salamence
|-immune|p2a: Salamence
|
|-weather|Hail|[upkeep]
|-damage|p2a: Salamence|88/100|[from] Hail
|upkeep
|turn|15
|
|t:|1667886583
|switch|p2a: Cinderace|Cinderace, F|100/100
|move|p1a: Darmanitan|Max Hailstorm|p2a: Cinderace
|-resisted|p2a: Cinderace
|-damage|p2a: Cinderace|74/100
|
|-weather|Hail|[upkeep]
|-damage|p2a: Cinderace|68/100|[from] Hail
|upkeep
|-end|p1a: Darmanitan|Dynamax
|-heal|p1a: Darmanitan|95/100|[silent]
|turn|16
|inactive|Crunchman has 270 seconds left.
|
|t:|1667886593
|move|p2a: Cinderace|Pyro Ball|p1a: Darmanitan
|-supereffective|p1a: Darmanitan
|-damage|p1a: Darmanitan|0 fnt
|faint|p1a: Darmanitan
|-damage|p2a: Cinderace|58/100|[from] item: Life Orb
|
|-weather|Hail|[upkeep]
|-damage|p2a: Cinderace|52/100|[from] Hail
|upkeep
|
|t:|1667886597
|switch|p1a: Ditto|Ditto|74/100
|-activate|p1a: Ditto|move: Sticky Web
|-unboost|p1a: Ditto|spe|1
|-transform|p1a: Ditto|p2a: Cinderace|[from] ability: Imposter
|turn|17
|
|t:|1667886605
|switch|p1a: Dragonite|Dragonite, F|99/100
|switch|p2a: Salamence|Salamence, F|88/100
|-ability|p2a: Salamence|Intimidate|boost
|-unboost|p1a: Dragonite|atk|1
|
|-weather|none
|upkeep
|turn|18
|
|t:|1667886612
|move|p2a: Salamence|Dragon Claw|p1a: Dragonite
|-supereffective|p1a: Dragonite
|-crit|p1a: Dragonite
|-damage|p1a: Dragonite|0 fnt
|faint|p1a: Dragonite
|-damage|p2a: Salamence|78/100|[from] item: Life Orb
|
|upkeep
|
|t:|1667886616
|switch|p1a: Ditto|Ditto|74/100
|-activate|p1a: Ditto|move: Sticky Web
|-unboost|p1a: Ditto|spe|1
|-transform|p1a: Ditto|p2a: Salamence|[from] ability: Imposter
|-ability|p1a: Ditto|Intimidate|boost
|-unboost|p2a: Salamence|atk|1
|turn|19
|
|t:|1667886630
|switch|p2a: Porygon-Z|Porygon-Z|100/100
|move|p1a: Ditto|Dragon Claw|p2a: Porygon-Z
|-damage|p2a: Porygon-Z|29/100
|
|upkeep
|turn|20
|
|t:|1667886634
|move|p1a: Ditto|Dragon Claw|p2a: Porygon-Z
|-damage|p2a: Porygon-Z|0 fnt
|faint|p2a: Porygon-Z
|
|upkeep
|
|t:|1667886646
|switch|p2a: Excadrill|Excadrill, F|81/100
|turn|21
|
|t:|1667886649
|switch|p1a: Chansey|Chansey, F|84/100
|-activate|p1a: Chansey|move: Sticky Web
|-unboost|p1a: Chansey|spe|1
|move|p2a: Excadrill|Rock Slide|p1a: Chansey
|-damage|p1a: Chansey|55/100
|-damage|p2a: Excadrill|71/100|[from] item: Life Orb
|
|upkeep
|turn|22
|
|t:|1667886654
|move|p2a: Excadrill|Earthquake|p1a: Chansey
|-damage|p1a: Chansey|0 fnt
|faint|p1a: Chansey
|-damage|p2a: Excadrill|61/100|[from] item: Life Orb
|
|upkeep
|
|t:|1667886656
|switch|p1a: Dracovish|Dracovish|100/100
|-activate|p1a: Dracovish|move: Sticky Web
|-unboost|p1a: Dracovish|spe|1
|turn|23
|
|t:|1667886664
|switch|p2a: Salamence|Salamence, F|78/100
|-ability|p2a: Salamence|Intimidate|boost
|-unboost|p1a: Dracovish|atk|1
|move|p1a: Dracovish|Outrage|p2a: Salamence
|-supereffective|p2a: Salamence
|-damage|p2a: Salamence|0 fnt
|faint|p2a: Salamence
|
|upkeep
|
|t:|1667886673
|switch|p2a: Excadrill|Excadrill, F|61/100
|turn|24
|
|t:|1667886677
|move|p2a: Excadrill|Earthquake|p1a: Dracovish
|-damage|p1a: Dracovish|14/100
|-damage|p2a: Excadrill|51/100|[from] item: Life Orb
|move|p1a: Dracovish|Outrage|p2a: Excadrill|[from]lockedmove
|-resisted|p2a: Excadrill
|-damage|p2a: Excadrill|25/100
|-start|p1a: Dracovish|confusion|[fatigue]
|
|upkeep
|turn|25
|
|t:|1667886681
|move|p2a: Excadrill|Earthquake|p1a: Dracovish
|-damage|p1a: Dracovish|0 fnt
|faint|p1a: Dracovish
|-damage|p2a: Excadrill|15/100|[from] item: Life Orb
|
|upkeep
|
|t:|1667886683
|switch|p1a: Ditto|Ditto|74/100
|-activate|p1a: Ditto|move: Sticky Web
|-unboost|p1a: Ditto|spe|1
|-transform|p1a: Ditto|p2a: Excadrill|[from] ability: Imposter
|turn|26
|
|t:|1667886685
|move|p1a: Ditto|Earthquake|p2a: Excadrill
|-supereffective|p2a: Excadrill
|-damage|p2a: Excadrill|0 fnt
|faint|p2a: Excadrill
|
|upkeep
|
|t:|1667886687
|switch|p2a: Blastoise|Blastoise-Mega, F|71/100
|turn|27
|
|t:|1667886689
|move|p1a: Ditto|Earthquake|p2a: Blastoise
|-damage|p2a: Blastoise|11/100
|move|p2a: Blastoise|Water Pulse|p1a: Ditto
|-supereffective|p1a: Ditto
|-damage|p1a: Ditto|0 fnt
|faint|p1a: Ditto
|
|win|Crunchman
|c|☆Crunchman|gg
|c|☆1729is56time|gg
|l|☆1729is56time
