|j|☆Abbcheese
|j|‽BrixStillNotLuvin
|t:|1668023070
|gametype|singles
|player|p1|Abbcheese|janitor|1701
|player|p2|BrixStillNotLuvin|linebacker|1712
|teamsize|p1|6
|teamsize|p2|6
|gen|8
|tier|[Gen 8] National Dex AG
|rated|
|rule|HP Percentage Mod: HP is shown in percentages
|rule|Endless Battle Clause: Forcing endless battles is banned
|clearpoke
|poke|p1|Excadrill, F|
|poke|p1|Rayquaza|
|poke|p1|Yveltal|
|poke|p1|Necrozma-Dusk-Mane|
|poke|p1|Arceus-*|
|poke|p1|Ditto|
|poke|p2|Zapdos|
|poke|p2|Kyogre|
|poke|p2|Arceus-*|
|poke|p2|Arceus-*|
|poke|p2|Ditto|
|poke|p2|Darkrai|
|teampreview
|inactive|Battle timer is ON: inactive players will automatically lose when time's up. (requested by BrixStillNotLuvin)
|
|t:|1668023084
|start
|switch|p1a: Excadrill|Excadrill, F|100/100
|switch|p2a: Zapdos|Zapdos, shiny|100/100
|-ability|p1a: Excadrill|Mold Breaker
|turn|1
|
|t:|1668023088
|move|p1a: Excadrill|Stealth Rock|p2a: Zapdos
|-sidestart|p2: BrixStillNotLuvin|move: Stealth Rock
|move|p2a: Zapdos|Heat Wave|p1a: Excadrill
|-supereffective|p1a: Excadrill
|-damage|p1a: Excadrill|31/100
|
|upkeep
|turn|2
|
|t:|1668023094
|switch|p2a: Arceus|Arceus|100/100
|-damage|p2a: Arceus|88/100|[from] Stealth Rock
|move|p1a: Excadrill|Rock Tomb|p2a: Arceus
|-damage|p2a: Arceus|74/100
|-unboost|p2a: Arceus|spe|1
|
|-heal|p2a: Arceus|80/100|[from] item: Leftovers
|upkeep
|turn|3
|
|t:|1668023101
|move|p1a: Excadrill|Earthquake|p2a: Arceus
|-damage|p2a: Arceus|44/100
|move|p2a: Arceus|Earthquake|p1a: Excadrill
|-supereffective|p1a: Excadrill
|-damage|p1a: Excadrill|0 fnt
|faint|p1a: Excadrill
|
|-heal|p2a: Arceus|50/100|[from] item: Leftovers
|upkeep
|
|t:|1668023112
|switch|p1a: Rayquaza|Rayquaza|100/100
|-ability|p1a: Rayquaza|Air Lock
|turn|4
|
|t:|1668023130
|detailschange|p1a: Rayquaza|Rayquaza-Mega
|-mega|p1a: Rayquaza|Rayquaza|
|-weather|DeltaStream|[from] ability: Delta Stream|[of] p1a: Rayquaza
|move|p2a: Arceus|Extreme Speed|p1a: Rayquaza
|-damage|p1a: Rayquaza|71/100
|move|p1a: Rayquaza|Dragon Ascent|p2a: Arceus
|-damage|p2a: Arceus|0 fnt
|-unboost|p1a: Rayquaza|def|1
|-unboost|p1a: Rayquaza|spd|1
|faint|p2a: Arceus
|-damage|p1a: Rayquaza|61/100|[from] item: Life Orb
|
|-weather|DeltaStream|[upkeep]
|upkeep
|inactive|BrixStillNotLuvin has 120 seconds left.
|
|t:|1668023150
|switch|p2a: Arceus|Arceus-Fairy|100/100
|-damage|p2a: Arceus|88/100|[from] Stealth Rock
|turn|5
|
|t:|1668023154
|move|p2a: Arceus|Stealth Rock|p1a: Rayquaza
|-sidestart|p1: Abbcheese|move: Stealth Rock
|move|p1a: Rayquaza|Dragon Ascent|p2a: Arceus
|-damage|p2a: Arceus|17/100
|-unboost|p1a: Rayquaza|def|1
|-unboost|p1a: Rayquaza|spd|1
|-damage|p1a: Rayquaza|51/100|[from] item: Life Orb
|
|-weather|DeltaStream|[upkeep]
|upkeep
|turn|6
|
|t:|1668023161
|move|p1a: Rayquaza|Extreme Speed|p2a: Arceus
|-damage|p2a: Arceus|0 fnt
|faint|p2a: Arceus
|-damage|p1a: Rayquaza|41/100|[from] item: Life Orb
|
|-weather|DeltaStream|[upkeep]
|upkeep
|
|t:|1668023166
|switch|p2a: Ditto|Ditto, shiny|100/100
|-damage|p2a: Ditto|88/100|[from] Stealth Rock
|-transform|p2a: Ditto|p1a: Rayquaza|[from] ability: Imposter
|turn|7
|
|t:|1668023169
|move|p2a: Ditto|Extreme Speed|p1a: Rayquaza
|-damage|p1a: Rayquaza|0 fnt
|faint|p1a: Rayquaza
|
|-weather|DeltaStream|[upkeep]
|upkeep
|
|t:|1668023176
|switch|p1a: Yveltal|Yveltal|100/100
|-damage|p1a: Yveltal|76/100|[from] Stealth Rock
|-ability|p1a: Yveltal|Dark Aura
|turn|8
|
|t:|1668023182
|-weather|none
|switch|p2a: Kyogre|Kyogre, shiny|100/100
|-damage|p2a: Kyogre|88/100|[from] Stealth Rock
|detailschange|p2a: Kyogre|Kyogre-Primal, shiny
|-primal|p2a: Kyogre
|-weather|PrimordialSea|[from] ability: Primordial Sea|[of] p2a: Kyogre
|-start|p1a: Yveltal|Dynamax|
|-heal|p1a: Yveltal|76/100|[silent]
|move|p1a: Yveltal|Max Airstream|p2a: Kyogre
|-damage|p2a: Kyogre|29/100
|-boost|p1a: Yveltal|spe|1
|-damage|p1a: Yveltal|71/100|[from] item: Life Orb
|
|-weather|PrimordialSea|[upkeep]
|upkeep
|turn|9
|
|t:|1668023191
|move|p1a: Yveltal|Max Airstream|p2a: Kyogre
|-damage|p2a: Kyogre|0 fnt
|-boost|p1a: Yveltal|spe|1
|faint|p2a: Kyogre
|-weather|none
|-damage|p1a: Yveltal|66/100|[from] item: Life Orb
|
|upkeep
|
|t:|1668023197
|switch|p2a: Ditto|Ditto, shiny|88/100
|-damage|p2a: Ditto|76/100|[from] Stealth Rock
|-transform|p2a: Ditto|p1a: Yveltal|[from] ability: Imposter
|-ability|p2a: Ditto|Dark Aura
|turn|10
|
|t:|1668023201
|-start|p2a: Ditto|Dynamax|
|-heal|p2a: Ditto|76/100|[silent]
|move|p2a: Ditto|Max Airstream|p1a: Yveltal
|-damage|p1a: Yveltal|29/100
|-boost|p2a: Ditto|spe|1
|move|p1a: Yveltal|Max Rockfall|p2a: Ditto
|-supereffective|p2a: Ditto
|-damage|p2a: Ditto|19/100
|-weather|Sandstorm
|-damage|p1a: Yveltal|24/100|[from] item: Life Orb
|
|-weather|Sandstorm|[upkeep]
|-damage|p2a: Ditto|16/100|[from] Sandstorm
|-damage|p1a: Yveltal|21/100|[from] Sandstorm
|upkeep
|-end|p1a: Yveltal|Dynamax
|-heal|p1a: Yveltal|22/100|[silent]
|turn|11
|
|t:|1668023212
|move|p2a: Ditto|Max Airstream|p1a: Yveltal
|-damage|p1a: Yveltal|0 fnt
|-boost|p2a: Ditto|spe|1
|faint|p1a: Yveltal
|
|-weather|Sandstorm|[upkeep]
|-damage|p2a: Ditto|13/100|[from] Sandstorm
|upkeep
|
|t:|1668023217
|switch|p1a: Arceus|Arceus-Ground|100/100
|-damage|p1a: Arceus|94/100|[from] Stealth Rock
|turn|12
|
|t:|1668023221
|move|p2a: Ditto|Max Darkness|p1a: Arceus
|-damage|p1a: Arceus|17/100
|-unboost|p1a: Arceus|spd|1
|move|p1a: Arceus|Stone Edge|p2a: Ditto|[miss]
|-miss|p1a: Arceus|p2a: Ditto
|
|-weather|Sandstorm|[upkeep]
|-damage|p2a: Ditto|10/100|[from] Sandstorm
|upkeep
|-end|p2a: Ditto|Dynamax
|-heal|p2a: Ditto|10/100|[silent]
|turn|13
|
|t:|1668023226
|move|p2a: Ditto|Dark Pulse|p1a: Arceus
|-damage|p1a: Arceus|0 fnt
|faint|p1a: Arceus
|
|-weather|Sandstorm|[upkeep]
|-damage|p2a: Ditto|4/100|[from] Sandstorm
|upkeep
|
|t:|1668023231
|switch|p1a: Necrozma|Necrozma-Dusk-Mane|100/100
|-damage|p1a: Necrozma|95/100|[from] Stealth Rock
|turn|14
|
|t:|1668023241
|move|p2a: Ditto|Dark Pulse|p1a: Necrozma
|-supereffective|p1a: Necrozma
|-damage|p1a: Necrozma|3/100
|move|p1a: Necrozma|Dragon Dance|p1a: Necrozma
|-boost|p1a: Necrozma|atk|1
|-boost|p1a: Necrozma|spe|1
|
|-weather|none
|upkeep
|turn|15
|
|t:|1668023246
|detailschange|p1a: Necrozma|Necrozma-Ultra
|-burst|p1a: Necrozma|Necrozma|Ultranecrozium Z
|move|p2a: Ditto|Dark Pulse|p1a: Necrozma
|-supereffective|p1a: Necrozma
|-damage|p1a: Necrozma|0 fnt
|faint|p1a: Necrozma
|
|upkeep
|
|t:|1668023248
|switch|p1a: Ditto|Ditto|100/100
|-damage|p1a: Ditto|88/100|[from] Stealth Rock
|turn|16
|
|t:|1668023250
|move|p2a: Ditto|Dark Pulse|p1a: Ditto
|-damage|p1a: Ditto|0 fnt
|faint|p1a: Ditto
|
|win|BrixStillNotLuvin
|raw|Abbcheese's rating: 1713 &rarr; <strong>1693</strong><br />(-20 for losing)
|raw|BrixStillNotLuvin's rating: 1712 &rarr; <strong>1732</strong><br />(+20 for winning)
|l|☆Abbcheese
