|j|☆Baddestagplayer
|j|☆Draugadrottinn
|t:|1658434162
|gametype|singles
|player|p1|Baddestagplayer|266|1607
|player|p2|Draugadrottinn|az|1664
|teamsize|p1|6
|teamsize|p2|6
|gen|8
|tier|[Gen 8] National Dex AG
|rated|
|rule|HP Percentage Mod: HP is shown in percentages
|rule|Endless Battle Clause: Forcing endless battles is banned
|clearpoke
|poke|p1|Calyrex-Shadow|
|poke|p1|Necrozma-Dusk-Mane|
|poke|p1|Ho-Oh|
|poke|p1|Yveltal|
|poke|p1|Ditto|
|poke|p1|Rayquaza|
|poke|p2|Necrozma-Dusk-Mane|
|poke|p2|Arceus-*|
|poke|p2|Arceus-*|
|poke|p2|Groudon|
|poke|p2|Yveltal|
|poke|p2|Ditto|
|teampreview
|
|t:|1658434174
|start
|switch|p1a: Rayquaza|Rayquaza|100/100
|switch|p2a: Big Whale Check|Groudon, shiny|100/100
|-ability|p1a: Rayquaza|Air Lock
|detailschange|p2a: Big Whale Check|Groudon-Primal, shiny
|-primal|p2a: Big Whale Check
|-weather|DesolateLand|[from] ability: Desolate Land|[of] p2a: Big Whale Check
|turn|1
|inactive|Battle timer is ON: inactive players will automatically lose when time's up. (requested by Draugadrottinn)
|
|t:|1658434183
|detailschange|p1a: Rayquaza|Rayquaza-Mega
|-mega|p1a: Rayquaza|Rayquaza|
|-weather|DeltaStream|[from] ability: Delta Stream|[of] p1a: Rayquaza
|move|p1a: Rayquaza|Dragon Ascent|p2a: Big Whale Check
|-damage|p2a: Big Whale Check|41/100
|-unboost|p1a: Rayquaza|def|1
|-unboost|p1a: Rayquaza|spd|1
|move|p2a: Big Whale Check|Thunder Wave|p1a: Rayquaza
|-status|p1a: Rayquaza|par
|
|-weather|DeltaStream|[upkeep]
|upkeep
|turn|2
|
|t:|1658434190
|move|p2a: Big Whale Check|Stone Edge|p1a: Rayquaza
|-activate||deltastream
|-damage|p1a: Rayquaza|42/100 par
|move|p1a: Rayquaza|Dragon Ascent|p2a: Big Whale Check
|-damage|p2a: Big Whale Check|0 fnt
|-unboost|p1a: Rayquaza|def|1
|-unboost|p1a: Rayquaza|spd|1
|faint|p2a: Big Whale Check
|
|-weather|DeltaStream|[upkeep]
|upkeep
|
|t:|1658434196
|switch|p2a: Horse Check|Yveltal, shiny|100/100
|-ability|p2a: Horse Check|Dark Aura
|turn|3
|
|t:|1658434198
|move|p2a: Horse Check|Knock Off|p1a: Rayquaza
|-damage|p1a: Rayquaza|0 fnt
|-enditem|p1a: Rayquaza|Choice Band|[from] move: Knock Off|[of] p2a: Horse Check
|faint|p1a: Rayquaza
|-weather|none
|
|upkeep
|
|t:|1658434218
|switch|p1a: Yveltal|Yveltal|100/100
|-ability|p1a: Yveltal|Dark Aura
|turn|4
|
|t:|1658434230
|switch|p2a: Dark Birb Check|Arceus-Fairy, shiny|100/100
|-start|p1a: Yveltal|Dynamax|
|-heal|p1a: Yveltal|100/100|[silent]
|move|p1a: Yveltal|Max Airstream|p2a: Dark Birb Check
|-damage|p2a: Dark Birb Check|51/100
|-boost|p1a: Yveltal|spe|1
|-damage|p1a: Yveltal|96/100|[from] item: Life Orb
|
|upkeep
|turn|5
|
|t:|1658434239
|-start|p2a: Dark Birb Check|Dynamax|
|-heal|p2a: Dark Birb Check|51/100|[silent]
|move|p2a: Dark Birb Check|Max Guard|p2a: Dark Birb Check
|-singleturn|p2a: Dark Birb Check|Max Guard
|move|p1a: Yveltal|Max Airstream|p2a: Dark Birb Check
|-activate|p2a: Dark Birb Check|move: Max Guard
|
|upkeep
|turn|6
|
|t:|1658434261
|move|p1a: Yveltal|Max Airstream|p2a: Dark Birb Check
|-damage|p2a: Dark Birb Check|26/100
|-boost|p1a: Yveltal|spe|1
|-damage|p1a: Yveltal|91/100|[from] item: Life Orb
|move|p2a: Dark Birb Check|Max Starfall|p1a: Yveltal
|-supereffective|p1a: Yveltal
|-damage|p1a: Yveltal|40/100
|-fieldstart|move: Misty Terrain
|
|upkeep
|-end|p1a: Yveltal|Dynamax
|-heal|p1a: Yveltal|40/100|[silent]
|turn|7
|
|t:|1658434270
|switch|p1a: Ho-Oh|Ho-Oh|100/100
|move|p2a: Dark Birb Check|Max Starfall|p1a: Ho-Oh
|-resisted|p1a: Ho-Oh
|-damage|p1a: Ho-Oh|83/100
|
|upkeep
|-end|p2a: Dark Birb Check|Dynamax
|-heal|p2a: Dark Birb Check|26/100|[silent]
|turn|8
|
|t:|1658434279
|move|p2a: Dark Birb Check|Recover|p2a: Dark Birb Check
|-heal|p2a: Dark Birb Check|76/100
|move|p1a: Ho-Oh|Sacred Fire|p2a: Dark Birb Check
|-damage|p2a: Dark Birb Check|49/100
|
|upkeep
|turn|9
|
|t:|1658434291
|switch|p1a: Necrozma|Necrozma-Dusk-Mane|100/100
|move|p2a: Dark Birb Check|Recover|p2a: Dark Birb Check
|-heal|p2a: Dark Birb Check|99/100
|
|upkeep
|turn|10
|
|t:|1658434298
|move|p2a: Dark Birb Check|Judgment|p1a: Necrozma
|-resisted|p1a: Necrozma
|-damage|p1a: Necrozma|83/100
|move|p1a: Necrozma|Stealth Rock|p2a: Dark Birb Check
|-sidestart|p2: Draugadrottinn|move: Stealth Rock
|
|-fieldend|Misty Terrain
|upkeep
|turn|11
|
|t:|1658434305
|move|p2a: Dark Birb Check|Will-O-Wisp|p1a: Necrozma|[miss]
|-miss|p2a: Dark Birb Check|p1a: Necrozma
|move|p1a: Necrozma|Toxic|p2a: Dark Birb Check
|-status|p2a: Dark Birb Check|tox
|
|-damage|p2a: Dark Birb Check|93/100 tox|[from] psn
|upkeep
|turn|12
|
|t:|1658434311
|switch|p2a: OP Dog Check|Necrozma-Dusk-Mane|100/100
|-damage|p2a: OP Dog Check|94/100|[from] Stealth Rock
|switch|p1a: Ho-Oh|Ho-Oh|100/100
|
|-heal|p2a: OP Dog Check|100/100|[from] item: Leftovers
|upkeep
|turn|13
|
|t:|1658434319
|move|p1a: Ho-Oh|Sacred Fire|p2a: OP Dog Check
|-supereffective|p2a: OP Dog Check
|-damage|p2a: OP Dog Check|66/100
|-status|p2a: OP Dog Check|brn
|move|p2a: OP Dog Check|Stealth Rock|p1a: Ho-Oh
|-sidestart|p1: Baddestagplayer|move: Stealth Rock
|
|-heal|p2a: OP Dog Check|72/100 brn|[from] item: Leftovers
|-damage|p2a: OP Dog Check|66/100 brn|[from] brn
|upkeep
|turn|14
|
|t:|1658434333
|move|p1a: Ho-Oh|Defog|p2a: OP Dog Check
|-unboost|p2a: OP Dog Check|evasion|1
|-sideend|p2: Draugadrottinn|Stealth Rock|[from] move: Defog|[of] p1a: Ho-Oh
|-sideend|p1: Baddestagplayer|Stealth Rock|[from] move: Defog|[of] p1a: Ho-Oh
|move|p2a: OP Dog Check|Toxic|p1a: Ho-Oh
|-status|p1a: Ho-Oh|tox
|
|-heal|p2a: OP Dog Check|72/100 brn|[from] item: Leftovers
|-damage|p1a: Ho-Oh|94/100 tox|[from] psn
|-damage|p2a: OP Dog Check|66/100 brn|[from] brn
|upkeep
|turn|15
|
|t:|1658434351
|move|p1a: Ho-Oh|Sacred Fire|p2a: OP Dog Check
|-supereffective|p2a: OP Dog Check
|-damage|p2a: OP Dog Check|30/100 brn
|move|p2a: OP Dog Check|Morning Sun|p2a: OP Dog Check
|-heal|p2a: OP Dog Check|80/100 brn
|
|-heal|p2a: OP Dog Check|86/100 brn|[from] item: Leftovers
|-damage|p1a: Ho-Oh|82/100 tox|[from] psn
|-damage|p2a: OP Dog Check|80/100 brn|[from] brn
|upkeep
|turn|16
|
|t:|1658434358
|switch|p1a: Necrozma|Necrozma-Dusk-Mane|83/100
|move|p2a: OP Dog Check|Stealth Rock|p1a: Necrozma
|-sidestart|p1: Baddestagplayer|move: Stealth Rock
|
|-heal|p2a: OP Dog Check|86/100 brn|[from] item: Leftovers
|-damage|p2a: OP Dog Check|80/100 brn|[from] brn
|upkeep
|turn|17
|
|t:|1658434363
|switch|p2a: Horse Check|Yveltal, shiny|100/100
|-ability|p2a: Horse Check|Dark Aura
|move|p1a: Necrozma|Stealth Rock|p2a: Horse Check
|-sidestart|p2: Draugadrottinn|move: Stealth Rock
|
|upkeep
|turn|18
|
|t:|1658434379
|switch|p1a: Ho-Oh|Ho-Oh|100/100 tox
|move|p2a: Horse Check|Taunt|p1a: Ho-Oh
|-start|p1a: Ho-Oh|move: Taunt
|
|-damage|p1a: Ho-Oh|94/100 tox|[from] psn
|upkeep
|turn|19
|
|t:|1658434388
|move|p2a: Horse Check|Knock Off|p1a: Ho-Oh
|-damage|p1a: Ho-Oh|60/100 tox
|-enditem|p1a: Ho-Oh|Heavy-Duty Boots|[from] move: Knock Off|[of] p2a: Horse Check
|move|p1a: Ho-Oh|Sacred Fire|p2a: Horse Check
|-damage|p2a: Horse Check|68/100
|-status|p2a: Horse Check|brn
|
|-damage|p1a: Ho-Oh|47/100 tox|[from] psn
|-damage|p2a: Horse Check|62/100 brn|[from] brn
|upkeep
|turn|20
|
|t:|1658434398
|move|p2a: Horse Check|Knock Off|p1a: Ho-Oh
|-damage|p1a: Ho-Oh|35/100 tox
|move|p1a: Ho-Oh|Brave Bird|p2a: Horse Check
|-damage|p2a: Horse Check|23/100 brn
|-damage|p1a: Ho-Oh|21/100 tox|[from] Recoil
|
|-damage|p1a: Ho-Oh|3/100 tox|[from] psn
|-damage|p2a: Horse Check|17/100 brn|[from] brn
|-end|p1a: Ho-Oh|move: Taunt
|upkeep
|turn|21
|
|t:|1658434411
|move|p2a: Horse Check|Knock Off|p1a: Ho-Oh
|-damage|p1a: Ho-Oh|0 fnt
|faint|p1a: Ho-Oh
|
|-damage|p2a: Horse Check|10/100 brn|[from] brn
|upkeep
|
|t:|1658434422
|switch|p1a: Calyrex|Calyrex-Shadow|100/100
|-ability|p1a: Calyrex|As One
|-ability|p1a: Calyrex|Unnerve
|-damage|p1a: Calyrex|88/100|[from] Stealth Rock
|turn|22
|
|t:|1658434426
|move|p2a: Horse Check|Sucker Punch||[still]
|-fail|p2a: Horse Check
|move|p1a: Calyrex|Substitute|p1a: Calyrex
|-start|p1a: Calyrex|Substitute
|-damage|p1a: Calyrex|63/100
|
|-damage|p2a: Horse Check|4/100 brn|[from] brn
|upkeep
|turn|23
|
|t:|1658434436
|move|p1a: Calyrex|Substitute|p1a: Calyrex
|-fail|p1a: Calyrex|move: Substitute
|move|p2a: Horse Check|Knock Off|p1a: Calyrex
|-supereffective|p1a: Calyrex
|-end|p1a: Calyrex|Substitute
|
|-damage|p2a: Horse Check|0 fnt|[from] brn
|faint|p2a: Horse Check
|upkeep
|
|t:|1658434440
|switch|p2a: Check Yourself|Ditto, shiny|100/100
|-damage|p2a: Check Yourself|88/100|[from] Stealth Rock
|-transform|p2a: Check Yourself|p1a: Calyrex|[from] ability: Imposter
|turn|24
|
|t:|1658434456
|switch|p2a: Dark Birb Check|Arceus-Fairy, shiny|93/100 tox
|-damage|p2a: Dark Birb Check|80/100 tox|[from] Stealth Rock
|switch|p1a: Ditto|Ditto|100/100
|-damage|p1a: Ditto|88/100|[from] Stealth Rock
|-transform|p1a: Ditto|p2a: Dark Birb Check|[from] ability: Imposter
|
|-damage|p2a: Dark Birb Check|74/100 tox|[from] psn
|upkeep
|turn|25
|
|t:|1658434467
|switch|p1a: Necrozma|Necrozma-Dusk-Mane|83/100
|-damage|p1a: Necrozma|77/100|[from] Stealth Rock
|move|p2a: Dark Birb Check|Will-O-Wisp|p1a: Necrozma
|-status|p1a: Necrozma|brn
|
|-damage|p2a: Dark Birb Check|62/100 tox|[from] psn
|-damage|p1a: Necrozma|71/100 brn|[from] brn
|upkeep
|turn|26
|
|t:|1658434483
|switch|p2a: OP Dog Check|Necrozma-Dusk-Mane|80/100 brn
|-damage|p2a: OP Dog Check|74/100 brn|[from] Stealth Rock
|move|p1a: Necrozma|Sunsteel Strike|p2a: OP Dog Check
|-resisted|p2a: OP Dog Check
|-damage|p2a: OP Dog Check|68/100 brn
|
|-heal|p2a: OP Dog Check|74/100 brn|[from] item: Leftovers
|-damage|p1a: Necrozma|65/100 brn|[from] brn
|-damage|p2a: OP Dog Check|68/100 brn|[from] brn
|upkeep
|turn|27
|
|t:|1658434494
|move|p1a: Necrozma|Morning Sun|p1a: Necrozma
|-heal|p1a: Necrozma|100/100 brn
|move|p2a: OP Dog Check|Toxic||[still]
|-fail|p2a: OP Dog Check
|
|-heal|p2a: OP Dog Check|74/100 brn|[from] item: Leftovers
|-damage|p1a: Necrozma|94/100 brn|[from] brn
|-damage|p2a: OP Dog Check|68/100 brn|[from] brn
|upkeep
|turn|28
|
|t:|1658434503
|move|p1a: Necrozma|Toxic||[still]
|-fail|p1a: Necrozma
|move|p2a: OP Dog Check|Earthquake|p1a: Necrozma
|-supereffective|p1a: Necrozma
|-crit|p1a: Necrozma
|-damage|p1a: Necrozma|75/100 brn
|
|-heal|p2a: OP Dog Check|74/100 brn|[from] item: Leftovers
|-damage|p1a: Necrozma|69/100 brn|[from] brn
|-damage|p2a: OP Dog Check|68/100 brn|[from] brn
|upkeep
|turn|29
|
|t:|1658434516
|switch|p1a: Yveltal|Yveltal|40/100
|-damage|p1a: Yveltal|15/100|[from] Stealth Rock
|-ability|p1a: Yveltal|Dark Aura
|switch|p2a: Big Dino Check|Arceus-Ground, shiny|100/100
|-damage|p2a: Big Dino Check|94/100|[from] Stealth Rock
|
|upkeep
|turn|30
|
|t:|1658434527
|move|p1a: Yveltal|Oblivion Wing|p2a: Big Dino Check
|-damage|p2a: Big Dino Check|59/100
|-heal|p1a: Yveltal|45/100|[from] drain|[of] p2a: Big Dino Check
|-damage|p1a: Yveltal|35/100|[from] item: Life Orb
|move|p2a: Big Dino Check|Ice Beam|p1a: Yveltal
|-supereffective|p1a: Yveltal
|-damage|p1a: Yveltal|0 fnt
|faint|p1a: Yveltal
|
|upkeep
|
|t:|1658434533
|switch|p1a: Calyrex|Calyrex-Shadow|63/100
|-ability|p1a: Calyrex|As One
|-ability|p1a: Calyrex|Unnerve
|-damage|p1a: Calyrex|51/100|[from] Stealth Rock
|turn|31
|
|t:|1658434543
|move|p1a: Calyrex|Astral Barrage|p2a: Big Dino Check
|-damage|p2a: Big Dino Check|0 fnt
|faint|p2a: Big Dino Check
|-ability|p1a: Calyrex|Grim Neigh|boost
|-boost|p1a: Calyrex|spa|1
|-damage|p1a: Calyrex|41/100|[from] item: Life Orb
|
|upkeep
|
|t:|1658434548
|switch|p2a: Check Yourself|Ditto, shiny|88/100
|-damage|p2a: Check Yourself|76/100|[from] Stealth Rock
|-transform|p2a: Check Yourself|p1a: Calyrex|[from] ability: Imposter
|turn|32
|
|t:|1658434556
|move|p2a: Check Yourself|Astral Barrage|p1a: Calyrex
|-supereffective|p1a: Calyrex
|-damage|p1a: Calyrex|0 fnt
|faint|p1a: Calyrex
|-ability|p2a: Check Yourself|Grim Neigh|boost
|-boost|p2a: Check Yourself|spa|1
|
|upkeep
|
|t:|1658434558
|switch|p1a: Ditto|Ditto|88/100
|-damage|p1a: Ditto|76/100|[from] Stealth Rock
|turn|33
|
|t:|1658434566
|switch|p2a: Dark Birb Check|Arceus-Fairy, shiny|62/100 tox
|-damage|p2a: Dark Birb Check|49/100 tox|[from] Stealth Rock
|move|p1a: Ditto|Transform|p2a: Dark Birb Check
|-transform|p1a: Ditto|p2a: Dark Birb Check
|
|-damage|p2a: Dark Birb Check|43/100 tox|[from] psn
|upkeep
|turn|34
|
|t:|1658434573
|move|p1a: Ditto|Judgment|p2a: Dark Birb Check
|-damage|p2a: Dark Birb Check|28/100 tox
|move|p2a: Dark Birb Check|Recover|p2a: Dark Birb Check
|-heal|p2a: Dark Birb Check|78/100 tox
|
|-damage|p2a: Dark Birb Check|66/100 tox|[from] psn
|upkeep
|turn|35
|
|t:|1658434583
|switch|p2a: OP Dog Check|Necrozma-Dusk-Mane|68/100 brn
|-damage|p2a: OP Dog Check|62/100 brn|[from] Stealth Rock
|move|p1a: Ditto|Judgment|p2a: OP Dog Check
|-resisted|p2a: OP Dog Check
|-crit|p2a: OP Dog Check
|-damage|p2a: OP Dog Check|46/100 brn
|
|-heal|p2a: OP Dog Check|52/100 brn|[from] item: Leftovers
|-damage|p2a: OP Dog Check|46/100 brn|[from] brn
|upkeep
|turn|36
|
|t:|1658434590
|switch|p1a: Necrozma|Necrozma-Dusk-Mane|69/100 brn
|-damage|p1a: Necrozma|63/100 brn|[from] Stealth Rock
|move|p2a: OP Dog Check|Morning Sun|p2a: OP Dog Check
|-heal|p2a: OP Dog Check|95/100 brn
|
|-heal|p2a: OP Dog Check|100/100 brn|[from] item: Leftovers
|-damage|p1a: Necrozma|57/100 brn|[from] brn
|-damage|p2a: OP Dog Check|94/100 brn|[from] brn
|upkeep
|turn|37
|
|t:|1658434594
|move|p1a: Necrozma|Morning Sun|p1a: Necrozma
|-heal|p1a: Necrozma|100/100 brn
|move|p2a: OP Dog Check|Earthquake|p1a: Necrozma
|-supereffective|p1a: Necrozma
|-damage|p1a: Necrozma|87/100 brn
|
|-heal|p2a: OP Dog Check|100/100 brn|[from] item: Leftovers
|-damage|p1a: Necrozma|81/100 brn|[from] brn
|-damage|p2a: OP Dog Check|94/100 brn|[from] brn
|upkeep
|turn|38
|
|t:|1658434606
|move|p1a: Necrozma|Stealth Rock||[still]
|-fail|p1a: Necrozma
|move|p2a: OP Dog Check|Earthquake|p1a: Necrozma
|-supereffective|p1a: Necrozma
|-crit|p1a: Necrozma
|-damage|p1a: Necrozma|61/100 brn
|
|-heal|p2a: OP Dog Check|100/100 brn|[from] item: Leftovers
|-damage|p1a: Necrozma|55/100 brn|[from] brn
|-damage|p2a: OP Dog Check|94/100 brn|[from] brn
|upkeep
|turn|39
|c|☆Draugadrottinn|You better run eq
|c|☆Draugadrottinn|It assures the ko on Zacian if he cc
|
|t:|1658434633
|move|p1a: Necrozma|Morning Sun|p1a: Necrozma
|-heal|p1a: Necrozma|100/100 brn
|move|p2a: OP Dog Check|Earthquake|p1a: Necrozma
|-supereffective|p1a: Necrozma
|-damage|p1a: Necrozma|88/100 brn
|
|-heal|p2a: OP Dog Check|100/100 brn|[from] item: Leftovers
|-damage|p1a: Necrozma|82/100 brn|[from] brn
|-damage|p2a: OP Dog Check|94/100 brn|[from] brn
|upkeep
|turn|40
|
|t:|1658434647
|switch|p1a: Ditto|Ditto|76/100
|-damage|p1a: Ditto|63/100|[from] Stealth Rock
|-transform|p1a: Ditto|p2a: OP Dog Check|[from] ability: Imposter
|move|p2a: OP Dog Check|Earthquake|p1a: Ditto
|-supereffective|p1a: Ditto
|-damage|p1a: Ditto|46/100
|
|-heal|p2a: OP Dog Check|100/100 brn|[from] item: Leftovers
|-damage|p2a: OP Dog Check|94/100 brn|[from] brn
|upkeep
|turn|41
|c|☆Draugadrottinn|Also more ppm
|c|☆Draugadrottinn|Pp*
|
|t:|1658434659
|move|p1a: Ditto|Earthquake|p2a: OP Dog Check
|-supereffective|p2a: OP Dog Check
|-damage|p2a: OP Dog Check|68/100 brn
|move|p2a: OP Dog Check|Earthquake|p1a: Ditto
|-supereffective|p1a: Ditto
|-damage|p1a: Ditto|30/100
|
|-heal|p2a: OP Dog Check|74/100 brn|[from] item: Leftovers
|-damage|p2a: OP Dog Check|68/100 brn|[from] brn
|upkeep
|turn|42
|
|t:|1658434665
|switch|p1a: Necrozma|Necrozma-Dusk-Mane|82/100 brn
|-damage|p1a: Necrozma|76/100 brn|[from] Stealth Rock
|move|p2a: OP Dog Check|Earthquake|p1a: Necrozma
|-supereffective|p1a: Necrozma
|-damage|p1a: Necrozma|62/100 brn
|
|-heal|p2a: OP Dog Check|74/100 brn|[from] item: Leftovers
|-damage|p1a: Necrozma|56/100 brn|[from] brn
|-damage|p2a: OP Dog Check|68/100 brn|[from] brn
|upkeep
|turn|43
|
|t:|1658434668
|switch|p2a: Dark Birb Check|Arceus-Fairy, shiny|66/100 tox
|-damage|p2a: Dark Birb Check|54/100 tox|[from] Stealth Rock
|move|p1a: Necrozma|Morning Sun|p1a: Necrozma
|-heal|p1a: Necrozma|100/100 brn
|
|-damage|p2a: Dark Birb Check|48/100 tox|[from] psn
|-damage|p1a: Necrozma|94/100 brn|[from] brn
|upkeep
|turn|44
|
|t:|1658434677
|move|p2a: Dark Birb Check|Recover|p2a: Dark Birb Check
|-heal|p2a: Dark Birb Check|98/100 tox
|move|p1a: Necrozma|Sunsteel Strike|p2a: Dark Birb Check
|-supereffective|p2a: Dark Birb Check
|-damage|p2a: Dark Birb Check|64/100 tox
|
|-damage|p2a: Dark Birb Check|52/100 tox|[from] psn
|-damage|p1a: Necrozma|88/100 brn|[from] brn
|upkeep
|turn|45
|
|t:|1658434688
|switch|p2a: OP Dog Check|Necrozma-Dusk-Mane|68/100 brn
|-damage|p2a: OP Dog Check|62/100 brn|[from] Stealth Rock
|move|p1a: Necrozma|Sunsteel Strike|p2a: OP Dog Check
|-resisted|p2a: OP Dog Check
|-damage|p2a: OP Dog Check|55/100 brn
|
|-heal|p2a: OP Dog Check|61/100 brn|[from] item: Leftovers
|-damage|p1a: Necrozma|82/100 brn|[from] brn
|-damage|p2a: OP Dog Check|55/100 brn|[from] brn
|upkeep
|turn|46
|
|t:|1658434693
|move|p1a: Necrozma|Toxic||[still]
|-fail|p1a: Necrozma
|move|p2a: OP Dog Check|Morning Sun|p2a: OP Dog Check
|-heal|p2a: OP Dog Check|100/100 brn
|
|-damage|p1a: Necrozma|76/100 brn|[from] brn
|-damage|p2a: OP Dog Check|94/100 brn|[from] brn
|upkeep
|turn|47
|
|t:|1658434702
|move|p1a: Necrozma|Stealth Rock||[still]
|-fail|p1a: Necrozma
|move|p2a: OP Dog Check|Earthquake|p1a: Necrozma
|-supereffective|p1a: Necrozma
|-damage|p1a: Necrozma|64/100 brn
|
|-heal|p2a: OP Dog Check|100/100 brn|[from] item: Leftovers
|-damage|p1a: Necrozma|58/100 brn|[from] brn
|-damage|p2a: OP Dog Check|94/100 brn|[from] brn
|upkeep
|turn|48
|
|t:|1658434710
|move|p1a: Necrozma|Toxic||[still]
|-fail|p1a: Necrozma
|move|p2a: OP Dog Check|Earthquake|p1a: Necrozma
|-supereffective|p1a: Necrozma
|-damage|p1a: Necrozma|44/100 brn
|
|-heal|p2a: OP Dog Check|100/100 brn|[from] item: Leftovers
|-damage|p1a: Necrozma|38/100 brn|[from] brn
|-damage|p2a: OP Dog Check|94/100 brn|[from] brn
|upkeep
|turn|49
|
|t:|1658434718
|move|p1a: Necrozma|Morning Sun|p1a: Necrozma
|-heal|p1a: Necrozma|88/100 brn
|move|p2a: OP Dog Check|Earthquake|p1a: Necrozma
|-supereffective|p1a: Necrozma
|-damage|p1a: Necrozma|74/100 brn
|
|-heal|p2a: OP Dog Check|100/100 brn|[from] item: Leftovers
|-damage|p1a: Necrozma|68/100 brn|[from] brn
|-damage|p2a: OP Dog Check|94/100 brn|[from] brn
|upkeep
|turn|50
|
|t:|1658434734
|move|p1a: Necrozma|Toxic||[still]
|-fail|p1a: Necrozma
|move|p2a: OP Dog Check|Toxic||[still]
|-fail|p2a: OP Dog Check
|
|-heal|p2a: OP Dog Check|100/100 brn|[from] item: Leftovers
|-damage|p1a: Necrozma|62/100 brn|[from] brn
|-damage|p2a: OP Dog Check|94/100 brn|[from] brn
|upkeep
|turn|51
|
|t:|1658434740
|move|p1a: Necrozma|Toxic||[still]
|-fail|p1a: Necrozma
|move|p2a: OP Dog Check|Toxic||[still]
|-fail|p2a: OP Dog Check
|
|-heal|p2a: OP Dog Check|100/100 brn|[from] item: Leftovers
|-damage|p1a: Necrozma|56/100 brn|[from] brn
|-damage|p2a: OP Dog Check|94/100 brn|[from] brn
|upkeep
|turn|52
|
|t:|1658434745
|move|p1a: Necrozma|Toxic||[still]
|-fail|p1a: Necrozma
|move|p2a: OP Dog Check|Toxic||[still]
|-fail|p2a: OP Dog Check
|
|-heal|p2a: OP Dog Check|100/100 brn|[from] item: Leftovers
|-damage|p1a: Necrozma|50/100 brn|[from] brn
|-damage|p2a: OP Dog Check|94/100 brn|[from] brn
|upkeep
|turn|53
|
|t:|1658434750
|move|p1a: Necrozma|Toxic||[still]
|-fail|p1a: Necrozma
|move|p2a: OP Dog Check|Stealth Rock||[still]
|-fail|p2a: OP Dog Check
|
|-heal|p2a: OP Dog Check|100/100 brn|[from] item: Leftovers
|-damage|p1a: Necrozma|44/100 brn|[from] brn
|-damage|p2a: OP Dog Check|94/100 brn|[from] brn
|upkeep
|turn|54
|
|t:|1658434754
|move|p1a: Necrozma|Toxic||[still]
|-fail|p1a: Necrozma
|move|p2a: OP Dog Check|Stealth Rock||[still]
|-fail|p2a: OP Dog Check
|
|-heal|p2a: OP Dog Check|100/100 brn|[from] item: Leftovers
|-damage|p1a: Necrozma|38/100 brn|[from] brn
|-damage|p2a: OP Dog Check|94/100 brn|[from] brn
|upkeep
|turn|55
|
|t:|1658434757
|move|p1a: Necrozma|Toxic||[still]
|-fail|p1a: Necrozma
|move|p2a: OP Dog Check|Stealth Rock||[still]
|-fail|p2a: OP Dog Check
|
|-heal|p2a: OP Dog Check|100/100 brn|[from] item: Leftovers
|-damage|p1a: Necrozma|32/100 brn|[from] brn
|-damage|p2a: OP Dog Check|94/100 brn|[from] brn
|upkeep
|turn|56
|
|t:|1658434760
|move|p1a: Necrozma|Toxic|p2a: OP Dog Check|[miss]
|-miss|p1a: Necrozma|p2a: OP Dog Check
|move|p2a: OP Dog Check|Earthquake|p1a: Necrozma
|-supereffective|p1a: Necrozma
|-damage|p1a: Necrozma|18/100 brn
|
|-heal|p2a: OP Dog Check|100/100 brn|[from] item: Leftovers
|-damage|p1a: Necrozma|12/100 brn|[from] brn
|-damage|p2a: OP Dog Check|94/100 brn|[from] brn
|upkeep
|turn|57
|
|t:|1658434765
|move|p1a: Necrozma|Morning Sun|p1a: Necrozma
|-heal|p1a: Necrozma|62/100 brn
|move|p2a: OP Dog Check|Earthquake|p1a: Necrozma
|-supereffective|p1a: Necrozma
|-damage|p1a: Necrozma|48/100 brn
|
|-heal|p2a: OP Dog Check|100/100 brn|[from] item: Leftovers
|-damage|p1a: Necrozma|42/100 brn|[from] brn
|-damage|p2a: OP Dog Check|94/100 brn|[from] brn
|upkeep
|turn|58
|
|t:|1658434772
|move|p1a: Necrozma|Morning Sun|p1a: Necrozma
|-heal|p1a: Necrozma|92/100 brn
|move|p2a: OP Dog Check|Stealth Rock||[still]
|-fail|p2a: OP Dog Check
|
|-heal|p2a: OP Dog Check|100/100 brn|[from] item: Leftovers
|-damage|p1a: Necrozma|86/100 brn|[from] brn
|-damage|p2a: OP Dog Check|94/100 brn|[from] brn
|upkeep
|turn|59
|
|t:|1658434784
|move|p1a: Necrozma|Toxic||[still]
|-fail|p1a: Necrozma
|move|p2a: OP Dog Check|Stealth Rock||[still]
|-fail|p2a: OP Dog Check
|
|-heal|p2a: OP Dog Check|100/100 brn|[from] item: Leftovers
|-damage|p1a: Necrozma|80/100 brn|[from] brn
|-damage|p2a: OP Dog Check|94/100 brn|[from] brn
|upkeep
|turn|60
|c|☆Draugadrottinn|Can you forfeit
|c|☆Draugadrottinn|You know i win now
|
|t:|1658434796
|switch|p1a: Ditto|Ditto|30/100
|-damage|p1a: Ditto|17/100|[from] Stealth Rock
|-transform|p1a: Ditto|p2a: OP Dog Check|[from] ability: Imposter
|move|p2a: OP Dog Check|Stealth Rock||[still]
|-fail|p2a: OP Dog Check
|
|-heal|p2a: OP Dog Check|100/100 brn|[from] item: Leftovers
|-damage|p2a: OP Dog Check|94/100 brn|[from] brn
|upkeep
|turn|61
|
|t:|1658434805
|move|p1a: Ditto|Morning Sun|p1a: Ditto
|-heal|p1a: Ditto|67/100
|move|p2a: OP Dog Check|Earthquake|p1a: Ditto
|-supereffective|p1a: Ditto
|-damage|p1a: Ditto|49/100
|
|-heal|p2a: OP Dog Check|100/100 brn|[from] item: Leftovers
|-damage|p2a: OP Dog Check|94/100 brn|[from] brn
|upkeep
|turn|62
|
|t:|1658434811
|switch|p2a: Dark Birb Check|Arceus-Fairy, shiny|52/100 tox
|-damage|p2a: Dark Birb Check|39/100 tox|[from] Stealth Rock
|move|p1a: Ditto|Morning Sun|p1a: Ditto
|-heal|p1a: Ditto|98/100
|
|-damage|p2a: Dark Birb Check|33/100 tox|[from] psn
|upkeep
|turn|63
|
|t:|1658434820
|switch|p1a: Necrozma|Necrozma-Dusk-Mane|80/100 brn
|-damage|p1a: Necrozma|74/100 brn|[from] Stealth Rock
|move|p2a: Dark Birb Check|Recover|p2a: Dark Birb Check
|-heal|p2a: Dark Birb Check|83/100 tox
|
|-damage|p2a: Dark Birb Check|71/100 tox|[from] psn
|-damage|p1a: Necrozma|68/100 brn|[from] brn
|upkeep
|turn|64
|
|t:|1658434828
|switch|p2a: Check Yourself|Ditto, shiny|76/100
|-damage|p2a: Check Yourself|63/100|[from] Stealth Rock
|-transform|p2a: Check Yourself|p1a: Necrozma|[from] ability: Imposter
|switch|p1a: Ditto|Ditto|98/100
|-damage|p1a: Ditto|86/100|[from] Stealth Rock
|
|upkeep
|turn|65
|
|t:|1658434835
|switch|p1a: Necrozma|Necrozma-Dusk-Mane|68/100 brn
|-damage|p1a: Necrozma|62/100 brn|[from] Stealth Rock
|move|p2a: Check Yourself|Morning Sun|p2a: Check Yourself
|-heal|p2a: Check Yourself|100/100
|
|-damage|p1a: Necrozma|56/100 brn|[from] brn
|upkeep
|turn|66
|j| Dokvia 2.0
|
|t:|1658434847
|switch|p2a: OP Dog Check|Necrozma-Dusk-Mane|94/100 brn
|-damage|p2a: OP Dog Check|88/100 brn|[from] Stealth Rock
|move|p1a: Necrozma|Morning Sun|p1a: Necrozma
|-heal|p1a: Necrozma|100/100 brn
|
|-heal|p2a: OP Dog Check|94/100 brn|[from] item: Leftovers
|-damage|p1a: Necrozma|94/100 brn|[from] brn
|-damage|p2a: OP Dog Check|88/100 brn|[from] brn
|upkeep
|turn|67
|
|t:|1658434856
|move|p1a: Necrozma|Sunsteel Strike|p2a: OP Dog Check
|-resisted|p2a: OP Dog Check
|-damage|p2a: OP Dog Check|82/100 brn
|move|p2a: OP Dog Check|Earthquake|p1a: Necrozma
|-supereffective|p1a: Necrozma
|-damage|p1a: Necrozma|82/100 brn
|
|-heal|p2a: OP Dog Check|88/100 brn|[from] item: Leftovers
|-damage|p1a: Necrozma|76/100 brn|[from] brn
|-damage|p2a: OP Dog Check|82/100 brn|[from] brn
|upkeep
|turn|68
|
|t:|1658434870
|move|p1a: Necrozma|Stealth Rock||[still]
|-fail|p1a: Necrozma
|move|p2a: OP Dog Check|Earthquake|p1a: Necrozma
|-supereffective|p1a: Necrozma
|-damage|p1a: Necrozma|63/100 brn
|
|-heal|p2a: OP Dog Check|88/100 brn|[from] item: Leftovers
|-damage|p1a: Necrozma|57/100 brn|[from] brn
|-damage|p2a: OP Dog Check|82/100 brn|[from] brn
|upkeep
|turn|69
|
|t:|1658434878
|switch|p1a: Ditto|Ditto|86/100
|-damage|p1a: Ditto|74/100|[from] Stealth Rock
|-transform|p1a: Ditto|p2a: OP Dog Check|[from] ability: Imposter
|move|p2a: OP Dog Check|Earthquake|p1a: Ditto
|-supereffective|p1a: Ditto
|-damage|p1a: Ditto|56/100
|
|-heal|p2a: OP Dog Check|88/100 brn|[from] item: Leftovers
|-damage|p2a: OP Dog Check|82/100 brn|[from] brn
|upkeep
|turn|70
|
|t:|1658434884
|switch|p2a: Dark Birb Check|Arceus-Fairy, shiny|71/100 tox
|-damage|p2a: Dark Birb Check|59/100 tox|[from] Stealth Rock
|move|p1a: Ditto|Morning Sun|p1a: Ditto
|-heal|p1a: Ditto|100/100
|
|-damage|p2a: Dark Birb Check|53/100 tox|[from] psn
|upkeep
|turn|71
|
|t:|1658434888
|move|p2a: Dark Birb Check|Recover|p2a: Dark Birb Check
|-heal|p2a: Dark Birb Check|100/100 tox
|move|p1a: Ditto|Morning Sun|p1a: Ditto
|-fail|p1a: Ditto|heal
|
|-damage|p2a: Dark Birb Check|88/100 tox|[from] psn
|upkeep
|turn|72
|
|t:|1658434894
|move|p2a: Dark Birb Check|Will-O-Wisp|p1a: Ditto|[miss]
|-miss|p2a: Dark Birb Check|p1a: Ditto
|move|p1a: Ditto|Morning Sun|p1a: Ditto
|-fail|p1a: Ditto|heal
|
|-damage|p2a: Dark Birb Check|70/100 tox|[from] psn
|upkeep
|turn|73
|
|t:|1658434901
|switch|p2a: OP Dog Check|Necrozma-Dusk-Mane|82/100 brn
|-damage|p2a: OP Dog Check|76/100 brn|[from] Stealth Rock
|switch|p1a: Necrozma|Necrozma-Dusk-Mane|57/100 brn
|-damage|p1a: Necrozma|51/100 brn|[from] Stealth Rock
|
|-heal|p2a: OP Dog Check|82/100 brn|[from] item: Leftovers
|-damage|p1a: Necrozma|45/100 brn|[from] brn
|-damage|p2a: OP Dog Check|76/100 brn|[from] brn
|upkeep
|turn|74
|
|t:|1658434906
|switch|p1a: Ditto|Ditto|100/100
|-damage|p1a: Ditto|88/100|[from] Stealth Rock
|-transform|p1a: Ditto|p2a: OP Dog Check|[from] ability: Imposter
|move|p2a: OP Dog Check|Stealth Rock||[still]
|-fail|p2a: OP Dog Check
|
|-heal|p2a: OP Dog Check|82/100 brn|[from] item: Leftovers
|-damage|p2a: OP Dog Check|76/100 brn|[from] brn
|upkeep
|turn|75
|
|t:|1658434916
|move|p1a: Ditto|Earthquake|p2a: OP Dog Check
|-supereffective|p2a: OP Dog Check
|-damage|p2a: OP Dog Check|51/100 brn
|move|p2a: OP Dog Check|Stealth Rock||[still]
|-fail|p2a: OP Dog Check
|
|-heal|p2a: OP Dog Check|57/100 brn|[from] item: Leftovers
|-damage|p2a: OP Dog Check|51/100 brn|[from] brn
|upkeep
|turn|76
|
|t:|1658434927
|move|p1a: Ditto|Earthquake|p2a: OP Dog Check
|-supereffective|p2a: OP Dog Check
|-damage|p2a: OP Dog Check|25/100 brn
|move|p2a: OP Dog Check|Morning Sun|p2a: OP Dog Check
|-heal|p2a: OP Dog Check|75/100 brn
|
|-heal|p2a: OP Dog Check|81/100 brn|[from] item: Leftovers
|-damage|p2a: OP Dog Check|75/100 brn|[from] brn
|upkeep
|turn|77
|
|t:|1658434932
|move|p1a: Ditto|Earthquake|p2a: OP Dog Check
|-supereffective|p2a: OP Dog Check
|-damage|p2a: OP Dog Check|49/100 brn
|move|p2a: OP Dog Check|Morning Sun|p2a: OP Dog Check
|-heal|p2a: OP Dog Check|98/100 brn
|
|-heal|p2a: OP Dog Check|100/100 brn|[from] item: Leftovers
|-damage|p2a: OP Dog Check|94/100 brn|[from] brn
|upkeep
|turn|78
|
|t:|1658434937
|switch|p2a: Dark Birb Check|Arceus-Fairy, shiny|70/100 tox
|-damage|p2a: Dark Birb Check|58/100 tox|[from] Stealth Rock
|move|p1a: Ditto|Earthquake|p2a: Dark Birb Check
|-damage|p2a: Dark Birb Check|33/100 tox
|
|-damage|p2a: Dark Birb Check|27/100 tox|[from] psn
|upkeep
|turn|79
|
|t:|1658434944
|move|p2a: Dark Birb Check|Recover|p2a: Dark Birb Check
|-heal|p2a: Dark Birb Check|77/100 tox
|move|p1a: Ditto|Earthquake|p2a: Dark Birb Check
|-damage|p2a: Dark Birb Check|56/100 tox
|
|-damage|p2a: Dark Birb Check|44/100 tox|[from] psn
|upkeep
|turn|80
|
|t:|1658434952
|switch|p1a: Necrozma|Necrozma-Dusk-Mane|45/100 brn
|-damage|p1a: Necrozma|39/100 brn|[from] Stealth Rock
|move|p2a: Dark Birb Check|Recover|p2a: Dark Birb Check
|-heal|p2a: Dark Birb Check|94/100 tox
|
|-damage|p2a: Dark Birb Check|76/100 tox|[from] psn
|-damage|p1a: Necrozma|33/100 brn|[from] brn
|upkeep
|turn|81
|
|t:|1658434964
|switch|p2a: Check Yourself|Ditto, shiny|100/100
|-damage|p2a: Check Yourself|88/100|[from] Stealth Rock
|-transform|p2a: Check Yourself|p1a: Necrozma|[from] ability: Imposter
|move|p1a: Necrozma|Sunsteel Strike|p2a: Check Yourself
|-resisted|p2a: Check Yourself
|-damage|p2a: Check Yourself|79/100
|
|-damage|p1a: Necrozma|27/100 brn|[from] brn
|upkeep
|turn|82
|
|t:|1658434972
|move|p2a: Check Yourself|Sunsteel Strike|p1a: Necrozma
|-resisted|p1a: Necrozma
|-damage|p1a: Necrozma|14/100 brn
|-damage|p2a: Check Yourself|62/100|[from] item: Rocky Helmet|[of] p1a: Necrozma
|move|p1a: Necrozma|Stealth Rock||[still]
|-fail|p1a: Necrozma
|
|-damage|p1a: Necrozma|8/100 brn|[from] brn
|upkeep
|turn|83
|
|t:|1658434981
|move|p2a: Check Yourself|Sunsteel Strike|p1a: Necrozma
|-resisted|p1a: Necrozma
|-crit|p1a: Necrozma
|-damage|p1a: Necrozma|0 fnt
|-damage|p2a: Check Yourself|46/100|[from] item: Rocky Helmet|[of] p1a: Necrozma
|faint|p1a: Necrozma
|
|upkeep
|
|t:|1658434987
|switch|p1a: Ditto|Ditto|88/100
|-damage|p1a: Ditto|76/100|[from] Stealth Rock
|turn|84
|
|t:|1658434990
|move|p2a: Check Yourself|Sunsteel Strike|p1a: Ditto
|-damage|p1a: Ditto|16/100
|move|p1a: Ditto|Transform||[still]
|-fail|p1a: Ditto
|
|upkeep
|turn|85
|
|t:|1658434993
|move|p2a: Check Yourself|Sunsteel Strike|p1a: Ditto
|-damage|p1a: Ditto|0 fnt
|faint|p1a: Ditto
|
|win|Draugadrottinn
|raw|Baddestagplayer's rating: 1607 &rarr; <strong>1590</strong><br />(-17 for losing)
|raw|Draugadrottinn's rating: 1664 &rarr; <strong>1681</strong><br />(+17 for winning)
|c|☆Draugadrottinn|Wp
|l|☆Draugadrottinn
||Ladder isn't responding, score probably updated but might not have (Request timeout).
