|j|‽rowletroost
|j|☆Glaliegoesboom ❤
|t:|1642458257
|gametype|singles
|player|p1|rowletroost|lance|1812
|player|p2|Glaliegoesboom ❤|wulfric|1879
|teamsize|p1|6
|teamsize|p2|6
|gen|8
|tier|[Gen 8] National Dex AG
|rated|
|rule|HP Percentage Mod: HP is shown in percentages
|rule|Endless Battle Clause: Forcing endless battles is banned
|clearpoke
|poke|p1|Arceus-*|
|poke|p1|Xerneas-*|
|poke|p1|Kyogre|
|poke|p1|Marshadow|
|poke|p1|Ribombee, F|
|poke|p1|Vivillon-Savanna, F|
|poke|p2|Zacian-*|
|poke|p2|Yveltal|
|poke|p2|Rayquaza|
|poke|p2|Kyogre|
|poke|p2|Smeargle, M|
|poke|p2|Necrozma-Dusk-Mane|
|teampreview
|inactive|Battle timer is ON: inactive players will automatically lose when time's up. (requested by Glaliegoesboom ❤)
|inactive|rowletroost also wants the timer to be on.
|inactive|Glaliegoesboom ❤ has 120 seconds left.
|
|t:|1642458293
|start
|switch|p1a: Ribombee|Ribombee, F, shiny|100/100
|switch|p2a: Smeargle|Smeargle, M|100/100
|turn|1
|
|t:|1642458308
|move|p1a: Ribombee|Moonblast|p2a: Smeargle
|-damage|p2a: Smeargle|1/100
|move|p2a: Smeargle|Nuzzle|p1a: Ribombee
|-damage|p1a: Ribombee|97/100
|-status|p1a: Ribombee|par
|
|upkeep
|turn|2
|
|t:|1642458314
|move|p2a: Smeargle|Sticky Web|p1a: Ribombee
|-sidestart|p1: rowletroost|move: Sticky Web
|cant|p1a: Ribombee|par
|
|upkeep
|turn|3
|
|t:|1642458317
|move|p2a: Smeargle|Rapid Spin|p1a: Ribombee
|-damage|p1a: Ribombee|86/100 par
|-boost|p2a: Smeargle|spe|1
|move|p1a: Ribombee|Aromatherapy|p1a: Ribombee
|-activate|p1a: Ribombee|move: Aromatherapy
|-curestatus|p1a: Ribombee|par|[msg]
|
|upkeep
|turn|4
|
|t:|1642458337
|move|p2a: Smeargle|Nuzzle|p1a: Ribombee
|-damage|p1a: Ribombee|83/100
|-status|p1a: Ribombee|par
|move|p1a: Ribombee|Defog|p2a: Smeargle
|-unboost|p2a: Smeargle|evasion|1
|-sideend|p1: rowletroost|Sticky Web|[from] move: Defog|[of] p1a: Ribombee
|
|upkeep
|turn|5
|
|t:|1642458344
|move|p2a: Smeargle|Sticky Web|p1a: Ribombee
|-sidestart|p1: rowletroost|move: Sticky Web
|move|p1a: Ribombee|Aromatherapy|p1a: Ribombee
|-activate|p1a: Ribombee|move: Aromatherapy
|-curestatus|p1a: Ribombee|par|[msg]
|
|upkeep
|turn|6
|
|t:|1642458348
|move|p2a: Smeargle|Nuzzle|p1a: Ribombee
|-damage|p1a: Ribombee|80/100
|-status|p1a: Ribombee|par
|move|p1a: Ribombee|Defog|p2a: Smeargle
|-unboost|p2a: Smeargle|evasion|1
|-sideend|p1: rowletroost|Sticky Web|[from] move: Defog|[of] p1a: Ribombee
|
|upkeep
|turn|7
|
|t:|1642458356
|move|p2a: Smeargle|Sticky Web|p1a: Ribombee
|-sidestart|p1: rowletroost|move: Sticky Web
|cant|p1a: Ribombee|par
|
|upkeep
|turn|8
|
|t:|1642458359
|move|p2a: Smeargle|Rapid Spin|p1a: Ribombee
|-damage|p1a: Ribombee|70/100 par
|-boost|p2a: Smeargle|spe|1
|move|p1a: Ribombee|Aromatherapy|p1a: Ribombee
|-activate|p1a: Ribombee|move: Aromatherapy
|-curestatus|p1a: Ribombee|par|[msg]
|
|upkeep
|turn|9
|
|t:|1642458362
|move|p2a: Smeargle|Nuzzle|p1a: Ribombee
|-damage|p1a: Ribombee|67/100
|-status|p1a: Ribombee|par
|move|p1a: Ribombee|Defog|p2a: Smeargle
|-unboost|p2a: Smeargle|evasion|1
|-sideend|p1: rowletroost|Sticky Web|[from] move: Defog|[of] p1a: Ribombee
|
|upkeep
|turn|10
|
|t:|1642458370
|switch|p1a: Arceus|Arceus-Ground|100/100
|move|p2a: Smeargle|Sticky Web|p1a: Arceus
|-sidestart|p1: rowletroost|move: Sticky Web
|
|upkeep
|turn|11
|
|t:|1642458378
|move|p2a: Smeargle|Rapid Spin|p1a: Arceus
|-damage|p1a: Arceus|98/100
|-boost|p2a: Smeargle|spe|1
|move|p1a: Arceus|Defog|p2a: Smeargle
|-unboost|p2a: Smeargle|evasion|1
|-sideend|p1: rowletroost|Sticky Web|[from] move: Defog|[of] p1a: Arceus
|
|upkeep
|turn|12
|
|t:|1642458385
|move|p2a: Smeargle|Sticky Web|p1a: Arceus
|-sidestart|p1: rowletroost|move: Sticky Web
|move|p1a: Arceus|Judgment|p2a: Smeargle
|-damage|p2a: Smeargle|0 fnt
|faint|p2a: Smeargle
|
|upkeep
|
|t:|1642458395
|switch|p2a: Kyogre|Kyogre|100/100
|detailschange|p2a: Kyogre|Kyogre-Primal
|-primal|p2a: Kyogre
|-weather|PrimordialSea|[from] ability: Primordial Sea|[of] p2a: Kyogre
|turn|13
|
|t:|1642458401
|switch|p1a: Kyogre|Kyogre, shiny|100/100
|-activate|p1a: Kyogre|move: Sticky Web
|-unboost|p1a: Kyogre|spe|1
|detailschange|p1a: Kyogre|Kyogre-Primal, shiny
|-primal|p1a: Kyogre
|move|p2a: Kyogre|Water Spout|p1a: Kyogre
|-resisted|p1a: Kyogre
|-damage|p1a: Kyogre|59/100
|
|-weather|PrimordialSea|[upkeep]
|upkeep
|turn|14
|
|t:|1642458403
|move|p2a: Kyogre|Thunder|p1a: Kyogre
|-supereffective|p1a: Kyogre
|-damage|p1a: Kyogre|8/100
|move|p1a: Kyogre|Thunder|p2a: Kyogre
|-supereffective|p2a: Kyogre
|-damage|p2a: Kyogre|30/100
|
|-weather|PrimordialSea|[upkeep]
|upkeep
|turn|15
|
|t:|1642458406
|move|p2a: Kyogre|Thunder|p1a: Kyogre
|-supereffective|p1a: Kyogre
|-damage|p1a: Kyogre|0 fnt
|faint|p1a: Kyogre
|
|-weather|PrimordialSea|[upkeep]
|upkeep
|
|t:|1642458429
|switch|p1a: Arceus|Arceus-Ground|98/100
|-activate|p1a: Arceus|move: Sticky Web
|-unboost|p1a: Arceus|spe|1
|turn|16
|
|t:|1642458432
|move|p2a: Kyogre|Origin Pulse|p1a: Arceus|[miss]
|-miss|p2a: Kyogre|p1a: Arceus
|move|p1a: Arceus|Defog|p2a: Kyogre
|-unboost|p2a: Kyogre|evasion|1
|-sideend|p1: rowletroost|Sticky Web|[from] move: Defog|[of] p1a: Arceus
|
|-weather|PrimordialSea|[upkeep]
|upkeep
|turn|17
|
|t:|1642458445
|switch|p1a: Ribombee|Ribombee, F, shiny|67/100 par
|move|p2a: Kyogre|Origin Pulse|p1a: Ribombee
|-damage|p1a: Ribombee|0 fnt
|faint|p1a: Ribombee
|
|-weather|PrimordialSea|[upkeep]
|upkeep
|
|t:|1642458450
|switch|p1a: Marshadow|Marshadow|100/100
|turn|18
|
|t:|1642458453
|move|p1a: Marshadow|Rock Tomb|p2a: Kyogre
|-damage|p2a: Kyogre|0 fnt
|faint|p2a: Kyogre
|-weather|none
|
|upkeep
|
|t:|1642458459
|switch|p2a: Necrozma|Necrozma-Dusk-Mane|100/100
|turn|19
|
|t:|1642458465
|switch|p1a: Arceus|Arceus-Ground|98/100
|move|p2a: Necrozma|Photon Geyser|p1a: Arceus
|-damage|p1a: Arceus|67/100
|
|upkeep
|turn|20
|
|t:|1642458474
|detailschange|p2a: Necrozma|Necrozma-Ultra
|-burst|p2a: Necrozma|Necrozma|Ultranecrozium Z
|move|p2a: Necrozma|Dragon Dance|p2a: Necrozma
|-boost|p2a: Necrozma|atk|1
|-boost|p2a: Necrozma|spe|1
|move|p1a: Arceus|Ice Beam|p2a: Necrozma
|-supereffective|p2a: Necrozma
|-damage|p2a: Necrozma|54/100
|
|upkeep
|turn|21
|
|t:|1642458481
|-zpower|p2a: Necrozma
|move|p2a: Necrozma|Light That Burns the Sky|p1a: Arceus|[zeffect]
|-damage|p1a: Arceus|0 fnt
|faint|p1a: Arceus
|
|upkeep
|
|t:|1642458484
|switch|p1a: Marshadow|Marshadow|100/100
|turn|22
|
|t:|1642458486
|switch|p2a: Yveltal|Yveltal|100/100
|-ability|p2a: Yveltal|Dark Aura
|move|p1a: Marshadow|Spectral Thief|p2a: Yveltal
|-resisted|p2a: Yveltal
|-damage|p2a: Yveltal|81/100
|
|upkeep
|turn|23
|j| Maxthekapo
|
|t:|1642458503
|-start|p2a: Yveltal|Dynamax
|-heal|p2a: Yveltal|81/100|[silent]
|move|p1a: Marshadow|Rock Tomb|p2a: Yveltal
|-supereffective|p2a: Yveltal
|-damage|p2a: Yveltal|53/100
|-unboost|p2a: Yveltal|spe|1
|move|p2a: Yveltal|Max Airstream|p1a: Marshadow
|-supereffective|p1a: Marshadow
|-crit|p1a: Marshadow
|-enditem|p1a: Marshadow|Focus Sash
|-damage|p1a: Marshadow|1/100
|-boost|p2a: Yveltal|spe|1
|-damage|p2a: Yveltal|48/100|[from] item: Life Orb
|
|upkeep
|turn|24
|
|t:|1642458508
|move|p1a: Marshadow|Rock Tomb|p2a: Yveltal
|-supereffective|p2a: Yveltal
|-damage|p2a: Yveltal|21/100
|-unboost|p2a: Yveltal|spe|1
|move|p2a: Yveltal|Max Airstream|p1a: Marshadow
|-supereffective|p1a: Marshadow
|-damage|p1a: Marshadow|0 fnt
|-boost|p2a: Yveltal|spe|1
|faint|p1a: Marshadow
|-damage|p2a: Yveltal|16/100|[from] item: Life Orb
|
|upkeep
|
|t:|1642458521
|switch|p1a: Vivillon|Vivillon-Savanna, F|100/100
|turn|25
|
|t:|1642458534
|-end|p2a: Yveltal|Dynamax
|-heal|p2a: Yveltal|16/100|[silent]
|switch|p2a: Rayquaza|Rayquaza|100/100
|-ability|p2a: Rayquaza|Air Lock
|move|p1a: Vivillon|Sleep Powder|p2a: Rayquaza
|-status|p2a: Rayquaza|slp|[from] move: Sleep Powder
|
|upkeep
|turn|26
|
|t:|1642458541
|detailschange|p2a: Rayquaza|Rayquaza-Mega
|-mega|p2a: Rayquaza|Rayquaza|
|-weather|DeltaStream|[from] ability: Delta Stream|[of] p2a: Rayquaza
|cant|p2a: Rayquaza|slp
|move|p1a: Vivillon|Hurricane|p2a: Rayquaza
|-damage|p2a: Rayquaza|56/100 slp
|
|-weather|DeltaStream|[upkeep]
|upkeep
|turn|27
|
|t:|1642458548
|-start|p1a: Vivillon|Dynamax
|-heal|p1a: Vivillon|100/100|[silent]
|cant|p2a: Rayquaza|slp
|move|p1a: Vivillon|Max Airstream|p2a: Rayquaza
|-damage|p2a: Rayquaza|3/100 slp
|-boost|p1a: Vivillon|spe|1
|
|-weather|DeltaStream|[upkeep]
|upkeep
|turn|28
|
|t:|1642458555
|move|p1a: Vivillon|Max Airstream|p2a: Rayquaza
|-damage|p2a: Rayquaza|0 fnt
|-boost|p1a: Vivillon|spe|1
|faint|p2a: Rayquaza
|-weather|none
|
|upkeep
|
|t:|1642458560
|switch|p2a: Zacian|Zacian-Crowned|100/100
|-ability|p2a: Zacian|Intrepid Sword|boost
|-boost|p2a: Zacian|atk|1
|turn|29
|
|t:|1642458563
|move|p1a: Vivillon|Max Guard|p1a: Vivillon
|-singleturn|p1a: Vivillon|Max Guard
|move|p2a: Zacian|Substitute|p2a: Zacian
|-start|p2a: Zacian|Substitute
|-damage|p2a: Zacian|76/100
|
|-end|p1a: Vivillon|Dynamax
|-heal|p1a: Vivillon|100/100|[silent]
|upkeep
|turn|30
|
|t:|1642458577
|move|p1a: Vivillon|Substitute|p1a: Vivillon
|-start|p1a: Vivillon|Substitute
|-damage|p1a: Vivillon|76/100
|move|p2a: Zacian|Behemoth Blade|p1a: Vivillon
|-end|p1a: Vivillon|Substitute
|
|-heal|p1a: Vivillon|82/100|[from] item: Leftovers
|upkeep
|turn|31
|
|t:|1642458584
|move|p1a: Vivillon|Substitute|p1a: Vivillon
|-start|p1a: Vivillon|Substitute
|-damage|p1a: Vivillon|57/100
|move|p2a: Zacian|Close Combat|p1a: Vivillon
|-resisted|p1a: Vivillon
|-end|p1a: Vivillon|Substitute
|-unboost|p2a: Zacian|def|1
|-unboost|p2a: Zacian|spd|1
|
|-heal|p1a: Vivillon|63/100|[from] item: Leftovers
|upkeep
|turn|32
|
|t:|1642458589
|move|p1a: Vivillon|Hurricane|p2a: Zacian
|-resisted|p2a: Zacian
|-end|p2a: Zacian|Substitute
|move|p2a: Zacian|Close Combat|p1a: Vivillon
|-resisted|p1a: Vivillon
|-damage|p1a: Vivillon|27/100
|-unboost|p2a: Zacian|def|1
|-unboost|p2a: Zacian|spd|1
|
|-heal|p1a: Vivillon|33/100|[from] item: Leftovers
|upkeep
|turn|33
|
|t:|1642458592
|move|p1a: Vivillon|Sleep Powder|p2a: Zacian
|-status|p2a: Zacian|slp|[from] move: Sleep Powder
|cant|p2a: Zacian|slp
|
|-heal|p1a: Vivillon|39/100|[from] item: Leftovers
|upkeep
|turn|34
|
|t:|1642458599
|move|p1a: Vivillon|Hurricane|p2a: Zacian
|-resisted|p2a: Zacian
|-damage|p2a: Zacian|32/100 slp
|-start|p2a: Zacian|confusion
|-curestatus|p2a: Zacian|slp|[msg]
|-activate|p2a: Zacian|confusion
|move|p2a: Zacian|Substitute|p2a: Zacian
|-start|p2a: Zacian|Substitute
|-damage|p2a: Zacian|8/100
|
|-heal|p1a: Vivillon|45/100|[from] item: Leftovers
|upkeep
|turn|35
|
|t:|1642458606
|move|p1a: Vivillon|Hurricane|p2a: Zacian
|-resisted|p2a: Zacian
|-end|p2a: Zacian|Substitute
|-activate|p2a: Zacian|confusion
|-damage|p2a: Zacian|0 fnt|[from] confusion
|faint|p2a: Zacian
|
|-heal|p1a: Vivillon|51/100|[from] item: Leftovers
|upkeep
|
|t:|1642458611
|switch|p2a: Necrozma|Necrozma-Ultra|54/100
|turn|36
|
|t:|1642458614
|move|p1a: Vivillon|Sleep Powder|p2a: Necrozma
|-status|p2a: Necrozma|slp|[from] move: Sleep Powder
|cant|p2a: Necrozma|slp
|
|-heal|p1a: Vivillon|57/100|[from] item: Leftovers
|upkeep
|turn|37
|
|t:|1642458616
|move|p1a: Vivillon|Substitute|p1a: Vivillon
|-start|p1a: Vivillon|Substitute
|-damage|p1a: Vivillon|32/100
|-curestatus|p2a: Necrozma|slp|[msg]
|move|p2a: Necrozma|Photon Geyser|p1a: Vivillon
|-end|p1a: Vivillon|Substitute
|
|-heal|p1a: Vivillon|38/100|[from] item: Leftovers
|upkeep
|turn|38
|
|t:|1642458617
|move|p1a: Vivillon|Sleep Powder|p2a: Necrozma
|-status|p2a: Necrozma|slp|[from] move: Sleep Powder
|cant|p2a: Necrozma|slp
|
|-heal|p1a: Vivillon|44/100|[from] item: Leftovers
|upkeep
|turn|39
|
|t:|1642458619
|move|p1a: Vivillon|Substitute|p1a: Vivillon
|-start|p1a: Vivillon|Substitute
|-damage|p1a: Vivillon|19/100
|cant|p2a: Necrozma|slp
|
|-heal|p1a: Vivillon|25/100|[from] item: Leftovers
|upkeep
|turn|40
|
|t:|1642458621
|move|p1a: Vivillon|Quiver Dance|p1a: Vivillon
|-boost|p1a: Vivillon|spa|1
|-boost|p1a: Vivillon|spd|1
|-boost|p1a: Vivillon|spe|1
|cant|p2a: Necrozma|slp
|
|-heal|p1a: Vivillon|31/100|[from] item: Leftovers
|upkeep
|turn|41
|
|t:|1642458622
|move|p1a: Vivillon|Hurricane|p2a: Necrozma
|-damage|p2a: Necrozma|0 fnt
|faint|p2a: Necrozma
|
|-heal|p1a: Vivillon|37/100|[from] item: Leftovers
|upkeep
|-message|Glaliegoesboom ❤ forfeited.
|
|win|rowletroost
|raw|rowletroost's rating: 1824 &rarr; <strong>1847</strong><br />(+23 for winning)
|raw|Glaliegoesboom ❤'s rating: 1879 &rarr; <strong>1856</strong><br />(-23 for losing)
|l|☆Glaliegoesboom ❤
|l| Maxthekapo
||Ladder isn't responding, score probably updated but might not have (Request timeout).
