|j|☆CLEAR GEM清瑜
|j|☆dratini1yt
|t:|1665825144
|gametype|singles
|player|p1|CLEAR GEM清瑜|skierf|1743
|player|p2|dratini1yt|clair|1838
|teamsize|p1|6
|teamsize|p2|6
|gen|8
|tier|[Gen 8] National Dex AG
|rated|
|rule|HP Percentage Mod: HP is shown in percentages
|rule|Endless Battle Clause: Forcing endless battles is banned
|clearpoke
|poke|p1|Rayquaza|
|poke|p1|Groudon|
|poke|p1|Necrozma-Dusk-Mane|
|poke|p1|Arceus-*|
|poke|p1|Zacian-*|
|poke|p1|Yveltal|
|poke|p2|Yveltal|
|poke|p2|Xerneas-*|
|poke|p2|Necrozma-Dusk-Mane|
|poke|p2|Rayquaza|
|poke|p2|Arceus-*|
|poke|p2|Marshadow|
|teampreview
|c|☆dratini1yt|glhf
|inactive|Battle timer is ON: inactive players will automatically lose when time's up. (requested by CLEAR GEM清瑜)
|
|t:|1665825148
|start
|switch|p1a: 老烈|Rayquaza, shiny|100/100
|switch|p2a: Arceus|Arceus-Ground|100/100
|-ability|p1a: 老烈|Air Lock
|turn|1
|
|t:|1665825154
|detailschange|p1a: 老烈|Rayquaza-Mega, shiny
|-mega|p1a: 老烈|Rayquaza|
|-weather|DeltaStream|[from] ability: Delta Stream|[of] p1a: 老烈
|move|p1a: 老烈|Scale Shot|p2a: Arceus
|-damage|p2a: Arceus|87/100
|-damage|p2a: Arceus|74/100
|-hitcount|p2a: Arceus|2
|-unboost|p1a: 老烈|def|1
|-boost|p1a: 老烈|spe|1
|-damage|p1a: 老烈|91/100|[from] item: Life Orb
|move|p2a: Arceus|Toxic|p1a: 老烈|[miss]
|-miss|p2a: Arceus|p1a: 老烈
|
|-weather|DeltaStream|[upkeep]
|upkeep
|turn|2
|c|☆dratini1yt|no
|c|☆dratini1yt|no
|
|t:|1665825167
|move|p1a: 老烈|Dragon Ascent|p2a: Arceus
|-damage|p2a: Arceus|16/100
|-unboost|p1a: 老烈|def|1
|-unboost|p1a: 老烈|spd|1
|-damage|p1a: 老烈|81/100|[from] item: Life Orb
|move|p2a: Arceus|Toxic|p1a: 老烈
|-status|p1a: 老烈|tox
|
|-weather|DeltaStream|[upkeep]
|-damage|p1a: 老烈|75/100 tox|[from] psn
|upkeep
|turn|3
|c|☆dratini1yt|I knew it
|
|t:|1665825179
|move|p1a: 老烈|Earthquake|p2a: Arceus
|-damage|p2a: Arceus|0 fnt
|faint|p2a: Arceus
|-damage|p1a: 老烈|65/100 tox|[from] item: Life Orb
|
|-weather|DeltaStream|[upkeep]
|-damage|p1a: 老烈|52/100 tox|[from] psn
|upkeep
|
|t:|1665825190
|switch|p2a: Necrozma|Necrozma-Dusk-Mane|100/100
|turn|4
|
|t:|1665825199
|move|p1a: 老烈|Earthquake|p2a: Necrozma
|-supereffective|p2a: Necrozma
|-crit|p2a: Necrozma
|-damage|p2a: Necrozma|19/100
|-damage|p1a: 老烈|42/100 tox|[from] item: Life Orb
|move|p2a: Necrozma|Stealth Rock|p1a: 老烈
|-sidestart|p1: CLEAR GEM清瑜|move: Stealth Rock
|
|-weather|DeltaStream|[upkeep]
|-damage|p1a: 老烈|24/100 tox|[from] psn
|upkeep
|turn|5
|c|☆dratini1yt|oh come on
|
|t:|1665825208
|move|p1a: 老烈|Dragon Ascent|p2a: Necrozma
|-resisted|p2a: Necrozma
|-damage|p2a: Necrozma|0 fnt
|-unboost|p1a: 老烈|def|1
|-unboost|p1a: 老烈|spd|1
|-damage|p1a: 老烈|7/100 tox|[from] item: Rocky Helmet|[of] p2a: Necrozma
|faint|p2a: Necrozma
|-damage|p1a: 老烈|0 fnt|[from] item: Life Orb
|faint|p1a: 老烈
|-weather|none
|
|upkeep
|
|t:|1665825217
|switch|p1a: 不会(?)|Groudon|100/100
|switch|p2a: Rayquaza|Rayquaza|100/100
|-ability|p2a: Rayquaza|Air Lock
|-damage|p1a: 不会(?)|94/100|[from] Stealth Rock
|detailschange|p1a: 不会(?)|Groudon-Primal
|-primal|p1a: 不会(?)
|-weather|DesolateLand|[from] ability: Desolate Land|[of] p1a: 不会(?)
|turn|6
|
|t:|1665825226
|detailschange|p2a: Rayquaza|Rayquaza-Mega
|-mega|p2a: Rayquaza|Rayquaza|
|-weather|DeltaStream|[from] ability: Delta Stream|[of] p2a: Rayquaza
|move|p2a: Rayquaza|Dragon Dance|p2a: Rayquaza
|-boost|p2a: Rayquaza|atk|1
|-boost|p2a: Rayquaza|spe|1
|move|p1a: 不会(?)|Stealth Rock|p2a: Rayquaza
|-sidestart|p2: dratini1yt|move: Stealth Rock
|
|-weather|DeltaStream|[upkeep]
|upkeep
|turn|7
|
|t:|1665825234
|move|p2a: Rayquaza|Earthquake|p1a: 不会(?)
|-supereffective|p1a: 不会(?)
|-damage|p1a: 不会(?)|31/100
|move|p1a: 不会(?)|Roar|p2a: Rayquaza
|-weather|none
|drag|p2a: Xerneas|Xerneas|100/100
|-damage|p2a: Xerneas|88/100|[from] Stealth Rock
|-ability|p2a: Xerneas|Fairy Aura
|
|upkeep
|turn|8
|
|t:|1665825243
|move|p2a: Xerneas|Moonblast|p1a: 不会(?)
|-resisted|p1a: 不会(?)
|-damage|p1a: 不会(?)|0 fnt
|faint|p1a: 不会(?)
|
|upkeep
|
|t:|1665825247
|switch|p1a: 嘉然小姐的狗|Zacian-Crowned|100/100
|-damage|p1a: 嘉然小姐的狗|94/100|[from] Stealth Rock
|-ability|p1a: 嘉然小姐的狗|Intrepid Sword|boost
|-boost|p1a: 嘉然小姐的狗|atk|1
|turn|9
|
|t:|1665825255
|move|p1a: 嘉然小姐的狗|Behemoth Blade|p2a: Xerneas
|-supereffective|p2a: Xerneas
|-damage|p2a: Xerneas|0 fnt
|faint|p2a: Xerneas
|
|upkeep
|
|t:|1665825263
|switch|p2a: Yveltal|Yveltal|100/100
|-damage|p2a: Yveltal|76/100|[from] Stealth Rock
|-ability|p2a: Yveltal|Dark Aura
|turn|10
|c|☆dratini1yt|gg
|
|t:|1665825270
|-start|p2a: Yveltal|Dynamax|
|-heal|p2a: Yveltal|76/100|[silent]
|move|p1a: 嘉然小姐的狗|Behemoth Blade|p2a: Yveltal
|-damage|p2a: Yveltal|0 fnt
|faint|p2a: Yveltal
|
|upkeep
|-message|dratini1yt forfeited.
|
|win|CLEAR GEM清瑜
|raw|CLEAR GEM清瑜's rating: 1743 &rarr; <strong>1768</strong><br />(+25 for winning)
|raw|dratini1yt's rating: 1838 &rarr; <strong>1813</strong><br />(-25 for losing)
|l|☆dratini1yt
