|j|☆ChunkyRat
|j|☆Chung Money
|t:|1615087038
|player|p1|ChunkyRat|burgh|1762
|player|p2|Chung Money|red|1593
|teamsize|p1|6
|teamsize|p2|6
|gametype|singles
|gen|8
|tier|[Gen 8] National Dex AG
|rated|
|clearpoke
|poke|p1|Lugia|
|poke|p1|Groudon|
|poke|p1|Necrozma-Dusk-Mane|
|poke|p1|Rayquaza|
|poke|p1|Arceus-*|
|poke|p1|Calyrex-Shadow|
|poke|p2|Groudon|
|poke|p2|Ditto|
|poke|p2|Zacian-Crowned|
|poke|p2|Kyogre|
|poke|p2|Arceus-*|
|poke|p2|Yveltal|
|rule|HP Percentage Mod: HP is shown in percentages
|rule|Endless Battle Clause: Forcing endless battles is banned
|teampreview
|
|t:|1615087058
|start
|switch|p1a: Groudon|Groudon|100/100
|switch|p2a: SUN EATER|Groudon, shiny|100/100
|detailschange|p1a: Groudon|Groudon-Primal
|-primal|p1a: Groudon
|-weather|DesolateLand|[from] ability: Desolate Land|[of] p1a: Groudon
|detailschange|p2a: SUN EATER|Groudon-Primal, shiny
|-primal|p2a: SUN EATER
|turn|1
|
|t:|1615087062
|move|p1a: Groudon|Earth Power|p2a: SUN EATER
|-supereffective|p2a: SUN EATER
|-damage|p2a: SUN EATER|2/100
|move|p2a: SUN EATER|Stealth Rock|p1a: Groudon
|-sidestart|p1: ChunkyRat|move: Stealth Rock
|
|-weather|DesolateLand|[upkeep]
|upkeep
|turn|2
|inactive|Battle timer is ON: inactive players will automatically lose when time's up. (requested by ChunkyRat)
|
|t:|1615087067
|switch|p2a: Death|Yveltal|100/100
|-ability|p2a: Death|Dark Aura
|move|p1a: Groudon|Earth Power|p2a: Death
|-immune|p2a: Death
|
|-weather|DesolateLand|[upkeep]
|upkeep
|turn|3
|
|t:|1615087071
|move|p2a: Death|Dark Pulse|p1a: Groudon
|-damage|p1a: Groudon|26/100
|cant|p1a: Groudon|flinch
|
|-weather|DesolateLand|[upkeep]
|upkeep
|turn|4
|
|t:|1615087074
|move|p2a: Death|Dark Pulse|p1a: Groudon
|-damage|p1a: Groudon|0 fnt
|faint|p1a: Groudon
|-weather|none
|
|upkeep
|
|t:|1615087076
|switch|p1a: Lugia|Lugia|100/100
|turn|5
|
|t:|1615087077
|move|p2a: Death|Toxic|p1a: Lugia
|-status|p1a: Lugia|tox
|move|p1a: Lugia|Thunder Wave|p2a: Death
|-status|p2a: Death|par
|
|-damage|p1a: Lugia|94/100 tox|[from] psn
|upkeep
|turn|6
|
|t:|1615087081
|move|p1a: Lugia|Defog|p2a: Death
|-unboost|p2a: Death|evasion|1
|-sideend|p1: ChunkyRat|Stealth Rock|[from] move: Defog|[of] p1a: Lugia
|cant|p2a: Death|par
|
|-damage|p1a: Lugia|82/100 tox|[from] psn
|upkeep
|turn|7
|
|t:|1615087085
|switch|p1a: Rayquaza|Rayquaza|100/100
|-ability|p1a: Rayquaza|Air Lock
|move|p2a: Death|Dark Pulse|p1a: Rayquaza
|-crit|p1a: Rayquaza
|-damage|p1a: Rayquaza|1/100
|
|upkeep
|turn|8
|
|t:|1615087089
|detailschange|p1a: Rayquaza|Rayquaza-Mega
|-mega|p1a: Rayquaza|Rayquaza|
|-weather|DeltaStream|[from] ability: Delta Stream|[of] p1a: Rayquaza
|move|p1a: Rayquaza|Dragon Ascent|p2a: Death
|-damage|p2a: Death|26/100 par
|-unboost|p1a: Rayquaza|def|1
|-unboost|p1a: Rayquaza|spd|1
|cant|p2a: Death|par
|
|-weather|DeltaStream|[upkeep]
|upkeep
|turn|9
|
|t:|1615087095
|move|p1a: Rayquaza|Extreme Speed|p2a: Death
|-damage|p2a: Death|0 fnt
|faint|p2a: Death
|
|-weather|DeltaStream|[upkeep]
|upkeep
|
|t:|1615087098
|switch|p2a: Ditto|Ditto|100/100
|-transform|p2a: Ditto|p1a: Rayquaza|[from] ability: Imposter
|turn|10
|
|t:|1615087101
|move|p2a: Ditto|Extreme Speed|p1a: Rayquaza
|-damage|p1a: Rayquaza|0 fnt
|faint|p1a: Rayquaza
|
|-weather|DeltaStream|[upkeep]
|upkeep
|
|t:|1615087103
|switch|p1a: Calyrex|Calyrex-Shadow|100/100
|-ability|p1a: Calyrex|As One
|-ability|p1a: Calyrex|Unnerve|p2: Chung Money
|turn|11
|
|t:|1615087114
|-weather|none
|switch|p2a: SUN EATER|Groudon-Primal, shiny|2/100
|-weather|DesolateLand|[from] ability: Desolate Land|[of] p2a: SUN EATER
|move|p1a: Calyrex|Astral Barrage|p2a: SUN EATER
|-damage|p2a: SUN EATER|0 fnt
|faint|p2a: SUN EATER
|-weather|none
|-ability|p1a: Calyrex|Grim Neigh|boost
|-boost|p1a: Calyrex|spa|1
|
|upkeep
|
|t:|1615087122
|switch|p2a: Zacian|Zacian-Crowned|100/100
|-ability|p2a: Zacian|Intrepid Sword|boost
|-boost|p2a: Zacian|atk|1
|turn|12
|
|t:|1615087124
|move|p1a: Calyrex|Astral Barrage|p2a: Zacian
|-damage|p2a: Zacian|0 fnt
|faint|p2a: Zacian
|-ability|p1a: Calyrex|Grim Neigh|boost
|-boost|p1a: Calyrex|spa|1
|
|upkeep
|c|☆ChunkyRat|why?
|
|t:|1615087128
|switch|p2a: Pokemon|Arceus|100/100
|turn|13
|c|☆ChunkyRat|wtf
|
|t:|1615087138
|switch|p1a: Lugia|Lugia|82/100 tox
|-start|p2a: Pokemon|Dynamax
|-heal|p2a: Pokemon|100/100|[silent]
|move|p2a: Pokemon|Max Quake|p1a: Lugia
|-immune|p1a: Lugia
|
|-damage|p1a: Lugia|75/100 tox|[from] psn
|upkeep
|turn|14
|
|t:|1615087143
|move|p2a: Pokemon|Max Strike|p1a: Lugia
|-damage|p1a: Lugia|35/100 tox
|-unboost|p1a: Lugia|spe|1
|-damage|p2a: Pokemon|96/100|[from] item: Life Orb
|move|p1a: Lugia|Thunder Wave|p2a: Pokemon|[miss]
|-miss|p1a: Lugia|p2a: Pokemon
|
|-damage|p1a: Lugia|22/100 tox|[from] psn
|upkeep
|turn|15
|c|☆Chung Money|i didnt know it would 1 shot
|
|t:|1615087161
|move|p2a: Pokemon|Max Strike|p1a: Lugia
|-crit|p1a: Lugia
|-damage|p1a: Lugia|0 fnt
|-damage|p2a: Pokemon|91/100|[from] item: Life Orb
|faint|p1a: Lugia
|
|-end|p2a: Pokemon|Dynamax
|-heal|p2a: Pokemon|91/100|[silent]
|upkeep
|c|☆ChunkyRat|it always one shots zacian when it is 1.5 spa
|c|☆Chung Money|well i obv didnt fukin know
|c|☆ChunkyRat|yeah i figured bro
|c|☆ChunkyRat|don't need to cry like im effin ur mom
|c|☆ChunkyRat|chill
|c|☆Chung Money|well then why tf u keep talkin
|inactive|ChunkyRat has 120 seconds left.
|
|t:|1615087193
|switch|p1a: Arceus|Arceus|100/100
|turn|16
|c|☆Chung Money|dude
|c|☆Chung Money|shut up
|c|☆ChunkyRat|what
|c|☆ChunkyRat|bro talk with respect
|c|☆Chung Money|no one gives a fuk for what u have to say
|c|☆ChunkyRat|im bout to make u suckkk me off
|c|☆ChunkyRat|ur mom does
|c|☆ChunkyRat|you ready
|c|☆Chung Money|good one
|
|t:|1615087222
|move|p2a: Pokemon|Swords Dance|p2a: Pokemon
|-boost|p2a: Pokemon|atk|2
|move|p1a: Arceus|Swords Dance|p1a: Arceus
|-boost|p1a: Arceus|atk|2
|
|upkeep
|turn|17
|
|t:|1615087225
|move|p2a: Pokemon|Extreme Speed|p1a: Arceus
|-damage|p1a: Arceus|37/100
|-damage|p2a: Pokemon|81/100|[from] item: Life Orb
|move|p1a: Arceus|Extreme Speed|p2a: Pokemon
|-damage|p2a: Pokemon|11/100
|
|-heal|p1a: Arceus|43/100|[from] item: Leftovers
|upkeep
|turn|18
|
|t:|1615087229
|move|p2a: Pokemon|Extreme Speed|p1a: Arceus
|-damage|p1a: Arceus|0 fnt
|-damage|p2a: Pokemon|1/100|[from] item: Life Orb
|faint|p1a: Arceus
|
|upkeep
|
|t:|1615087230
|switch|p1a: Calyrex|Calyrex-Shadow|100/100
|-ability|p1a: Calyrex|As One
|-ability|p1a: Calyrex|Unnerve|p2: Chung Money
|turn|19
|
|t:|1615087234
|move|p1a: Calyrex|Encore|p2a: Pokemon
|-start|p2a: Pokemon|Encore
|move|p2a: Pokemon|Extreme Speed|p1a: Calyrex
|-immune|p1a: Calyrex
|
|upkeep
|turn|20
|c|☆ChunkyRat|gotccha
|
|t:|1615087238
|switch|p2a: Mega Wailord|Kyogre, shiny|100/100
|detailschange|p2a: Mega Wailord|Kyogre-Primal, shiny
|-primal|p2a: Mega Wailord
|-weather|PrimordialSea|[from] ability: Primordial Sea|[of] p2a: Mega Wailord
|move|p1a: Calyrex|Draining Kiss|p2a: Mega Wailord
|-damage|p2a: Mega Wailord|87/100
|
|-weather|PrimordialSea|[upkeep]
|upkeep
|turn|21
|
|t:|1615087248
|switch|p1a: Wall|Necrozma-Dusk-Mane|100/100
|move|p2a: Mega Wailord|Surf|p1a: Wall
|-crit|p1a: Wall
|-damage|p1a: Wall|0 fnt
|faint|p1a: Wall
|
|-weather|PrimordialSea|[upkeep]
|upkeep
|
|t:|1615087249
|switch|p1a: Calyrex|Calyrex-Shadow|100/100
|-ability|p1a: Calyrex|As One
|-ability|p1a: Calyrex|Unnerve|p2: Chung Money
|turn|22
|c|☆ChunkyRat|now watch what a pro plays like baby
|
|t:|1615087257
|-start|p1a: Calyrex|Dynamax
|-heal|p1a: Calyrex|100/100|[silent]
|move|p1a: Calyrex|Max Overgrowth|p2a: Mega Wailord
|-supereffective|p2a: Mega Wailord
|-damage|p2a: Mega Wailord|16/100
|-fieldstart|move: Grassy Terrain
|move|p2a: Mega Wailord|Surf|p1a: Calyrex
|-damage|p1a: Calyrex|55/100
|
|-weather|PrimordialSea|[upkeep]
|-heal|p1a: Calyrex|58/100|[from] Grassy Terrain
|-heal|p2a: Mega Wailord|22/100|[from] Grassy Terrain
|upkeep
|turn|23
|
|t:|1615087265
|move|p1a: Calyrex|Max Overgrowth|p2a: Mega Wailord
|-supereffective|p2a: Mega Wailord
|-damage|p2a: Mega Wailord|0 fnt
|faint|p2a: Mega Wailord
|-weather|none
|-ability|p1a: Calyrex|Grim Neigh|boost
|-boost|p1a: Calyrex|spa|1
|
|-heal|p1a: Calyrex|61/100|[from] Grassy Terrain
|upkeep
|c|☆ChunkyRat|im scarfed noob
|
|t:|1615087267
|switch|p2a: Pokemon|Arceus|1/100
|turn|24
|
|t:|1615087274
|move|p1a: Calyrex|Max Guard|p1a: Calyrex
|-singleturn|p1a: Calyrex|Max Guard
|move|p2a: Pokemon|Extreme Speed|p1a: Calyrex
|-activate|p1a: Calyrex|move: Max Guard
|
|-heal|p1a: Calyrex|64/100|[from] Grassy Terrain
|-heal|p2a: Pokemon|7/100|[from] Grassy Terrain
|-end|p1a: Calyrex|Dynamax
|-heal|p1a: Calyrex|64/100|[silent]
|upkeep
|turn|25
|
|t:|1615087281
|move|p1a: Calyrex|Encore|p2a: Pokemon
|-start|p2a: Pokemon|Encore
|move|p2a: Pokemon|Extreme Speed|p1a: Calyrex
|-immune|p1a: Calyrex
|
|-heal|p1a: Calyrex|70/100|[from] Grassy Terrain
|-heal|p2a: Pokemon|13/100|[from] Grassy Terrain
|upkeep
|turn|26
|
|t:|1615087286
|move|p2a: Pokemon|Extreme Speed|p1a: Calyrex
|-immune|p1a: Calyrex
|move|p1a: Calyrex|Encore||[still]
|-fail|p1a: Calyrex
|
|-heal|p1a: Calyrex|76/100|[from] Grassy Terrain
|-heal|p2a: Pokemon|19/100|[from] Grassy Terrain
|-fieldend|move: Grassy Terrain
|-end|p2a: Pokemon|Encore
|upkeep
|turn|27
|
|t:|1615087290
|move|p1a: Calyrex|Draining Kiss|p2a: Pokemon
|-damage|p2a: Pokemon|0 fnt
|-heal|p1a: Calyrex|92/100|[from] drain|[of] p2a: Pokemon
|faint|p2a: Pokemon
|-ability|p1a: Calyrex|Grim Neigh|boost
|-boost|p1a: Calyrex|spa|1
|
|upkeep
|
|t:|1615087291
|switch|p2a: Ditto|Ditto|100/100
|-transform|p2a: Ditto|p1a: Calyrex|[from] ability: Imposter
|turn|28
|c|☆ChunkyRat|noob
|c|☆ChunkyRat|hahhaa speed tie now
|
|t:|1615087299
|move|p2a: Ditto|Astral Barrage|p1a: Calyrex
|-supereffective|p1a: Calyrex
|-damage|p1a: Calyrex|0 fnt
|faint|p1a: Calyrex
|
|win|Chung Money
|l|☆ChunkyRat
|c|☆Chung Money|wow, all that trash and ur absolute sh t get fuked idiot
|raw|ChunkyRat's rating: 1762 &rarr; <strong>1732</strong><br />(-30 for losing)
|raw|Chung Money's rating: 1580 &rarr; <strong>1610</strong><br />(+30 for winning)
