|j|☆maybeyoushouldlose
|j|☆cosxsinx
|t:|1635485076
|gametype|singles
|player|p1|maybeyoushouldlose|flint|1495
|player|p2|cosxsinx|lucas-gen4pt|1605
|teamsize|p1|6
|teamsize|p2|6
|gen|8
|tier|[Gen 8] National Dex AG
|rated|
|rule|HP Percentage Mod: HP is shown in percentages
|rule|Endless Battle Clause: Forcing endless battles is banned
|clearpoke
|poke|p1|Milotic, M|
|poke|p1|Landorus-Therian, M|
|poke|p1|Umbreon, M|
|poke|p1|Diancie|
|poke|p1|Marshadow|
|poke|p1|Lickilicky, M|
|poke|p2|Arceus-*|
|poke|p2|Calyrex-Shadow|
|poke|p2|Banette, F|
|poke|p2|Eternatus|
|poke|p2|Zacian-*|
|poke|p2|Arceus-*|
|teampreview
|
|t:|1635485106
|start
|switch|p1a: Milotic|Milotic, M|100/100
|switch|p2a: Arceus Gold|Arceus-Ground, shiny|100/100
|turn|1
|
|t:|1635485112
|move|p2a: Arceus Gold|Stealth Rock|p1a: Milotic
|-sidestart|p1: maybeyoushouldlose|move: Stealth Rock
|move|p1a: Milotic|Toxic|p2a: Arceus Gold
|-status|p2a: Arceus Gold|tox
|
|-damage|p2a: Arceus Gold|94/100 tox|[from] psn
|-status|p1a: Milotic|brn|[from] item: Flame Orb
|upkeep
|turn|2
|
|t:|1635485142
|move|p2a: Arceus Gold|Judgment|p1a: Milotic
|-damage|p1a: Milotic|57/100 brn
|move|p1a: Milotic|Scald|p2a: Arceus Gold
|-supereffective|p2a: Arceus Gold
|-damage|p2a: Arceus Gold|55/100 tox
|
|-damage|p2a: Arceus Gold|43/100 tox|[from] psn
|-damage|p1a: Milotic|51/100 brn|[from] brn
|upkeep
|turn|3
|
|t:|1635485152
|move|p2a: Arceus Gold|Judgment|p1a: Milotic
|-damage|p1a: Milotic|8/100 brn
|move|p1a: Milotic|Recover|p1a: Milotic
|-heal|p1a: Milotic|58/100 brn
|
|-damage|p2a: Arceus Gold|25/100 tox|[from] psn
|-damage|p1a: Milotic|52/100 brn|[from] brn
|upkeep
|turn|4
|inactive|Battle timer is ON: inactive players will automatically lose when time's up. (requested by maybeyoushouldlose)
|
|t:|1635485172
|switch|p1a: Landorus|Landorus-Therian, M|100/100
|-damage|p1a: Landorus|88/100|[from] Stealth Rock
|-ability|p1a: Landorus|Intimidate|boost
|-unboost|p2a: Arceus Gold|atk|1
|move|p2a: Arceus Gold|Judgment|p1a: Landorus
|-immune|p1a: Landorus
|
|-heal|p1a: Landorus|94/100|[from] item: Leftovers
|-damage|p2a: Arceus Gold|1/100 tox|[from] psn
|upkeep
|turn|5
|
|t:|1635485184
|move|p2a: Arceus Gold|Ice Beam|p1a: Landorus
|-supereffective|p1a: Landorus
|-damage|p1a: Landorus|0 fnt
|faint|p1a: Landorus
|
|-damage|p2a: Arceus Gold|0 fnt|[from] psn
|faint|p2a: Arceus Gold
|upkeep
|
|t:|1635485206
|switch|p2a: Eternatus|Eternatus|100/100
|switch|p1a: Diancie|Diancie|100/100
|-ability|p2a: Eternatus|Pressure
|-damage|p1a: Diancie|88/100|[from] Stealth Rock
|turn|6
|
|t:|1635485220
|switch|p2a: Zacian|Zacian-Crowned|100/100
|-ability|p2a: Zacian|Intrepid Sword|boost
|-boost|p2a: Zacian|atk|1
|detailschange|p1a: Diancie|Diancie-Mega
|-mega|p1a: Diancie|Diancie|Diancite
|move|p1a: Diancie|Stealth Rock|p2a: Zacian
|-sidestart|p2: cosxsinx|move: Stealth Rock
|
|upkeep
|turn|7
|
|t:|1635485230
|switch|p1a: Lickilicky|Lickilicky, M|100/100
|-damage|p1a: Lickilicky|88/100|[from] Stealth Rock
|-ability|p1a: Lickilicky|Cloud Nine
|move|p2a: Zacian|Behemoth Blade|p1a: Lickilicky
|-damage|p1a: Lickilicky|18/100
|
|upkeep
|turn|8
|
|t:|1635485239
|switch|p2a: Banette|Banette, F, shiny|100/100
|-damage|p2a: Banette|88/100|[from] Stealth Rock
|move|p1a: Lickilicky|Flamethrower|p2a: Banette
|-damage|p2a: Banette|53/100
|-status|p2a: Banette|brn
|
|-damage|p2a: Banette|47/100 brn|[from] brn
|upkeep
|turn|9
|
|t:|1635485250
|move|p2a: Banette|Body Slam|p1a: Lickilicky
|-damage|p1a: Lickilicky|7/100
|move|p1a: Lickilicky|Shadow Ball|p2a: Banette
|-supereffective|p2a: Banette
|-damage|p2a: Banette|0 fnt
|faint|p2a: Banette
|
|upkeep
|
|t:|1635485261
|switch|p2a: Zacian|Zacian-Crowned|100/100
|-damage|p2a: Zacian|94/100|[from] Stealth Rock
|-ability|p2a: Zacian|Intrepid Sword|boost
|-boost|p2a: Zacian|atk|1
|turn|10
|
|t:|1635485267
|move|p2a: Zacian|Swords Dance|p2a: Zacian
|-boost|p2a: Zacian|atk|2
|move|p1a: Lickilicky|Flamethrower|p2a: Zacian
|-supereffective|p2a: Zacian
|-damage|p2a: Zacian|51/100
|-status|p2a: Zacian|brn
|
|-damage|p2a: Zacian|45/100 brn|[from] brn
|upkeep
|turn|11
|
|t:|1635485277
|move|p2a: Zacian|Quick Attack|p1a: Lickilicky
|-damage|p1a: Lickilicky|0 fnt
|faint|p1a: Lickilicky
|
|-damage|p2a: Zacian|39/100 brn|[from] brn
|upkeep
|
|t:|1635485297
|switch|p1a: Milotic|Milotic, M|52/100 brn
|-damage|p1a: Milotic|40/100 brn|[from] Stealth Rock
|turn|12
|
|t:|1635485302
|move|p2a: Zacian|Play Rough|p1a: Milotic|[miss]
|-miss|p2a: Zacian|p1a: Milotic
|move|p1a: Milotic|Recover|p1a: Milotic
|-heal|p1a: Milotic|90/100 brn
|
|-damage|p2a: Zacian|33/100 brn|[from] brn
|-damage|p1a: Milotic|83/100 brn|[from] brn
|upkeep
|turn|13
|
|t:|1635485310
|move|p2a: Zacian|Play Rough|p1a: Milotic
|-damage|p1a: Milotic|51/100 brn
|move|p1a: Milotic|Haze|p1a: Milotic
|-clearallboost
|
|-damage|p2a: Zacian|27/100 brn|[from] brn
|-damage|p1a: Milotic|45/100 brn|[from] brn
|upkeep
|turn|14
|
|t:|1635485320
|move|p2a: Zacian|Play Rough|p1a: Milotic
|-damage|p1a: Milotic|33/100 brn
|-unboost|p1a: Milotic|atk|1
|move|p1a: Milotic|Recover|p1a: Milotic
|-heal|p1a: Milotic|83/100 brn
|
|-damage|p2a: Zacian|20/100 brn|[from] brn
|-damage|p1a: Milotic|77/100 brn|[from] brn
|upkeep
|turn|15
|
|t:|1635485329
|move|p2a: Zacian|Play Rough|p1a: Milotic|[miss]
|-miss|p2a: Zacian|p1a: Milotic
|move|p1a: Milotic|Recover|p1a: Milotic
|-heal|p1a: Milotic|100/100 brn
|
|-damage|p2a: Zacian|14/100 brn|[from] brn
|-damage|p1a: Milotic|94/100 brn|[from] brn
|upkeep
|turn|16
|
|t:|1635485338
|move|p2a: Zacian|Play Rough|p1a: Milotic
|-damage|p1a: Milotic|82/100 brn
|move|p1a: Milotic|Scald|p2a: Zacian
|-damage|p2a: Zacian|0 fnt
|faint|p2a: Zacian
|
|-damage|p1a: Milotic|76/100 brn|[from] brn
|upkeep
|
|t:|1635485348
|switch|p2a: Calyrex|Calyrex-Shadow|100/100
|-ability|p2a: Calyrex|As One
|-ability|p2a: Calyrex|Unnerve
|-damage|p2a: Calyrex|88/100|[from] Stealth Rock
|turn|17
|
|t:|1635485364
|switch|p1a: Umbreon|Umbreon, M|100/100
|-damage|p1a: Umbreon|88/100|[from] Stealth Rock
|-start|p2a: Calyrex|Dynamax
|-heal|p2a: Calyrex|88/100|[silent]
|move|p2a: Calyrex|Max Phantasm|p1a: Umbreon
|-resisted|p1a: Umbreon
|-damage|p1a: Umbreon|63/100
|-unboost|p1a: Umbreon|def|1
|
|-heal|p1a: Umbreon|70/100|[from] item: Leftovers
|upkeep
|turn|18
|
|t:|1635485377
|move|p2a: Calyrex|Max Starfall|p1a: Umbreon
|-supereffective|p1a: Umbreon
|-damage|p1a: Umbreon|24/100
|-fieldstart|move: Misty Terrain
|move|p1a: Umbreon|Wish|p1a: Umbreon
|
|-heal|p1a: Umbreon|30/100|[from] item: Leftovers
|upkeep
|turn|19
|
|t:|1635485404
|-start|p1a: Umbreon|Dynamax
|-heal|p1a: Umbreon|30/100|[silent]
|move|p1a: Umbreon|Max Guard|p1a: Umbreon
|-singleturn|p1a: Umbreon|Max Guard
|move|p2a: Calyrex|Max Starfall|p1a: Umbreon
|-activate|p1a: Umbreon|move: Max Guard
|
|-heal|p1a: Umbreon|55/100|[from] move: Wish|[wisher] Umbreon
|-heal|p1a: Umbreon|58/100|[from] item: Leftovers
|-end|p2a: Calyrex|Dynamax
|-heal|p2a: Calyrex|88/100|[silent]
|upkeep
|turn|20
|
|t:|1635485418
|move|p2a: Calyrex|Draining Kiss|p1a: Umbreon
|-supereffective|p1a: Umbreon
|-damage|p1a: Umbreon|48/100
|-heal|p2a: Calyrex|100/100|[from] drain|[of] p1a: Umbreon
|move|p1a: Umbreon|Max Darkness|p2a: Calyrex
|-supereffective|p2a: Calyrex
|-enditem|p2a: Calyrex|Focus Sash
|-damage|p2a: Calyrex|1/100
|-unboost|p2a: Calyrex|spd|1
|
|-heal|p1a: Umbreon|51/100|[from] item: Leftovers
|upkeep
|turn|21
|
|t:|1635485434
|move|p2a: Calyrex|Draining Kiss|p1a: Umbreon
|-supereffective|p1a: Umbreon
|-damage|p1a: Umbreon|40/100
|-heal|p2a: Calyrex|19/100|[from] drain|[of] p1a: Umbreon
|move|p1a: Umbreon|Max Darkness|p2a: Calyrex
|-supereffective|p2a: Calyrex
|-damage|p2a: Calyrex|0 fnt
|faint|p2a: Calyrex
|
|-heal|p1a: Umbreon|44/100|[from] item: Leftovers
|-end|p1a: Umbreon|Dynamax
|-heal|p1a: Umbreon|44/100|[silent]
|upkeep
|
|t:|1635485448
|switch|p2a: Eternatus|Eternatus|100/100
|-damage|p2a: Eternatus|88/100|[from] Stealth Rock
|-ability|p2a: Eternatus|Pressure
|turn|22
|
|t:|1635485457
|-zpower|p2a: Eternatus
|move|p2a: Eternatus|Devastating Drake|p1a: Umbreon|[zeffect]
|-damage|p1a: Umbreon|13/100
|move|p1a: Umbreon|Wish|p1a: Umbreon
|
|-heal|p1a: Umbreon|19/100|[from] item: Leftovers
|-fieldend|Misty Terrain
|upkeep
|turn|23
|-message|cosxsinx forfeited.
|
|win|maybeyoushouldlose
|raw|maybeyoushouldlose's rating: 1495 &rarr; <strong>1521</strong><br />(+26 for winning)
|raw|cosxsinx's rating: 1605 &rarr; <strong>1579</strong><br />(-26 for losing)
|l|☆cosxsinx
