|j|☆Purrglar
|j|☆pjay393
|t:|1664204616
|gametype|singles
|player|p1|Purrglar|beauty|1453
|player|p2|pjay393|dancer|1370
|teamsize|p1|6
|teamsize|p2|6
|gen|8
|tier|[Gen 8] National Dex AG
|rated|
|rule|HP Percentage Mod: HP is shown in percentages
|rule|Endless Battle Clause: Forcing endless battles is banned
|clearpoke
|poke|p1|Ditto|
|poke|p1|Forretress, M|
|poke|p1|Arceus-*|
|poke|p1|Rayquaza|
|poke|p1|Zacian-*|
|poke|p1|Calyrex-Shadow|
|poke|p2|Lugia|
|poke|p2|Dragapult, F|
|poke|p2|Kartana|
|poke|p2|Urshifu-*, F|
|poke|p2|Lycanroc-Dusk, F|
|poke|p2|Blastoise, M|
|teampreview
|inactive|Battle timer is ON: inactive players will automatically lose when time's up. (requested by Purrglar)
|
|t:|1664204624
|start
|switch|p1a: Forretress|Forretress, M|100/100
|switch|p2a: Blastoise|Blastoise, M|100/100
|turn|1
|
|t:|1664204630
|detailschange|p2a: Blastoise|Blastoise-Mega, M
|-mega|p2a: Blastoise|Blastoise|Blastoisinite
|move|p2a: Blastoise|Aura Sphere|p1a: Forretress
|-damage|p1a: Forretress|30/100
|move|p1a: Forretress|Stealth Rock|p2a: Blastoise
|-sidestart|p2: pjay393|move: Stealth Rock
|
|upkeep
|turn|2
|
|t:|1664204634
|move|p2a: Blastoise|Aura Sphere|p1a: Forretress
|-damage|p1a: Forretress|0 fnt
|faint|p1a: Forretress
|
|upkeep
|
|t:|1664204643
|switch|p1a: Zacian|Zacian-Crowned|100/100
|-ability|p1a: Zacian|Intrepid Sword|boost
|-boost|p1a: Zacian|atk|1
|turn|3
|
|t:|1664204671
|move|p1a: Zacian|Behemoth Blade|p2a: Blastoise
|-resisted|p2a: Blastoise
|-damage|p2a: Blastoise|51/100
|move|p2a: Blastoise|Shell Smash|p2a: Blastoise
|-unboost|p2a: Blastoise|def|1
|-unboost|p2a: Blastoise|spd|1
|-boost|p2a: Blastoise|atk|2
|-boost|p2a: Blastoise|spa|2
|-boost|p2a: Blastoise|spe|2
|
|upkeep
|turn|4
|inactive|Purrglar has 120 seconds left.
|
|t:|1664204702
|switch|p1a: Arceus|Arceus|100/100
|move|p2a: Blastoise|Water Pulse|p1a: Arceus
|-damage|p1a: Arceus|4/100
|-start|p1a: Arceus|confusion
|
|upkeep
|turn|5
|
|t:|1664204710
|switch|p2a: Lugia|Lugia, shiny|100/100
|-damage|p2a: Lugia|75/100|[from] Stealth Rock
|-activate|p1a: Arceus|confusion
|-damage|p1a: Arceus|0 fnt|[from] confusion
|faint|p1a: Arceus
|
|-heal|p2a: Lugia|82/100|[from] item: Leftovers
|upkeep
|
|t:|1664204718
|switch|p1a: Calyrex|Calyrex-Shadow|100/100
|-ability|p1a: Calyrex|As One
|-ability|p1a: Calyrex|Unnerve
|turn|6
|
|t:|1664204720
|move|p1a: Calyrex|Astral Barrage|p2a: Lugia
|-supereffective|p2a: Lugia
|-damage|p2a: Lugia|0 fnt
|faint|p2a: Lugia
|-ability|p1a: Calyrex|Grim Neigh|boost
|-boost|p1a: Calyrex|spa|1
|
|upkeep
|
|t:|1664204729
|switch|p2a: Lycanroc|Lycanroc-Dusk, F, shiny|100/100
|-damage|p2a: Lycanroc|88/100|[from] Stealth Rock
|turn|7
|
|t:|1664204732
|-start|p1a: Calyrex|Dynamax|
|-heal|p1a: Calyrex|100/100|[silent]
|move|p2a: Lycanroc|Accelerock|p1a: Calyrex
|-damage|p1a: Calyrex|84/100
|move|p1a: Calyrex|Max Phantasm|p2a: Lycanroc
|-damage|p2a: Lycanroc|0 fnt
|faint|p2a: Lycanroc
|-ability|p1a: Calyrex|Grim Neigh|boost
|-boost|p1a: Calyrex|spa|1
|
|upkeep
|
|t:|1664204751
|switch|p2a: Urshifu|Urshifu-Rapid-Strike, F|100/100
|-damage|p2a: Urshifu|94/100|[from] Stealth Rock
|turn|8
|
|t:|1664204755
|move|p2a: Urshifu|Aqua Jet|p1a: Calyrex
|-damage|p1a: Calyrex|68/100
|-damage|p2a: Urshifu|84/100|[from] item: Life Orb
|move|p1a: Calyrex|Max Phantasm|p2a: Urshifu
|-damage|p2a: Urshifu|0 fnt
|faint|p2a: Urshifu
|-ability|p1a: Calyrex|Grim Neigh|boost
|-boost|p1a: Calyrex|spa|1
|
|upkeep
|
|t:|1664204767
|switch|p2a: Dragapult|Dragapult, F, shiny|100/100
|-damage|p2a: Dragapult|88/100|[from] Stealth Rock
|turn|9
|
|t:|1664204770
|move|p2a: Dragapult|Sucker Punch|p1a: Calyrex
|-supereffective|p1a: Calyrex
|-damage|p1a: Calyrex|11/100
|move|p1a: Calyrex|Max Phantasm|p2a: Dragapult
|-supereffective|p2a: Dragapult
|-damage|p2a: Dragapult|0 fnt
|faint|p2a: Dragapult
|-ability|p1a: Calyrex|Grim Neigh|boost
|-boost|p1a: Calyrex|spa|1
|
|upkeep
|
|t:|1664204775
|switch|p2a: Kartana|Kartana, shiny|100/100
|-damage|p2a: Kartana|94/100|[from] Stealth Rock
|-end|p1a: Calyrex|Dynamax
|-heal|p1a: Calyrex|11/100|[silent]
|turn|10
|
|t:|1664204783
|move|p2a: Kartana|Smart Strike|p1a: Calyrex
|-damage|p1a: Calyrex|0 fnt
|faint|p1a: Calyrex
|-ability|p2a: Kartana|Beast Boost|boost
|-boost|p2a: Kartana|atk|1
|
|upkeep
|
|t:|1664204786
|switch|p1a: Ditto|Ditto|100/100
|-transform|p1a: Ditto|p2a: Kartana|[from] ability: Imposter
|turn|11
|
|t:|1664204793
|-start|p2a: Kartana|Dynamax|
|-heal|p2a: Kartana|94/100|[silent]
|move|p1a: Ditto|Sacred Sword|p2a: Kartana
|-supereffective|p2a: Kartana
|-damage|p2a: Kartana|34/100
|move|p2a: Kartana|Max Steelspike|p1a: Ditto
|-resisted|p1a: Ditto
|-damage|p1a: Ditto|45/100
|-boost|p2a: Kartana|def|1
|
|upkeep
|turn|12
|
|t:|1664204800
|move|p1a: Ditto|Sacred Sword|p2a: Kartana
|-supereffective|p2a: Kartana
|-damage|p2a: Kartana|0 fnt
|faint|p2a: Kartana
|-ability|p1a: Ditto|Beast Boost|boost
|-boost|p1a: Ditto|atk|1
|
|upkeep
|
|t:|1664204803
|switch|p2a: Blastoise|Blastoise-Mega, M|51/100
|-damage|p2a: Blastoise|38/100|[from] Stealth Rock
|turn|13
|n|!pjay393|pjay393
|inactive|pjay393 has 120 seconds left.
|-message|pjay393 forfeited.
|
|win|Purrglar
|raw|Purrglar's rating: 1453 &rarr; <strong>1468</strong><br />(+15 for winning)
|raw|pjay393's rating: 1370 &rarr; <strong>1355</strong><br />(-15 for losing)
|l|!pjay393
||Ladder isn't responding, score probably updated but might not have (Request timeout).
