|j|☆nfeowd
|j|☆tortoiseshell
|t:|1599856899
|player|p1|nfeowd|dawn|1505
|player|p2|tortoiseshell|cynthia|1542
|teamsize|p1|6
|teamsize|p2|6
|gametype|singles
|gen|8
|tier|[Gen 8] National Dex AG
|rated|
|clearpoke
|poke|p1|Arcanine, F|
|poke|p1|Arceus-*|
|poke|p1|Rayquaza|
|poke|p1|Zygarde|
|poke|p1|Tyranitar, F|
|poke|p1|Marshadow|
|poke|p2|Yveltal|
|poke|p2|Necrozma-Dusk-Mane|
|poke|p2|Zacian-Crowned|
|poke|p2|Zygarde|
|poke|p2|Groudon|
|poke|p2|Ho-Oh|
|rule|HP Percentage Mod: HP is shown in percentages
|rule|Endless Battle Clause: Forcing endless battles is banned
|teampreview
|
|t:|1599856907
|start
|switch|p1a: Rayquaza|Rayquaza|100/100
|switch|p2a: Zygarde|Zygarde|100/100
|-ability|p1a: Rayquaza|Air Lock
|turn|1
|
|t:|1599856911
|detailschange|p1a: Rayquaza|Rayquaza-Mega
|-mega|p1a: Rayquaza|Rayquaza|
|-weather|DeltaStream|[from] ability: Delta Stream|[of] p1a: Rayquaza
|move|p1a: Rayquaza|Draco Meteor|p2a: Zygarde
|-supereffective|p2a: Zygarde
|-damage|p2a: Zygarde|0 fnt
|-unboost|p1a: Rayquaza|spa|2
|-damage|p1a: Rayquaza|91/100|[from] item: Life Orb
|faint|p2a: Zygarde
|
|-weather|DeltaStream|[upkeep]
|upkeep
|
|t:|1599856915
|switch|p2a: Groudon|Groudon|100/100
|detailschange|p2a: Groudon|Groudon-Primal
|-primal|p2a: Groudon
|-weather|DesolateLand|[from] ability: Desolate Land|[of] p2a: Groudon
|turn|2
|
|t:|1599856920
|move|p1a: Rayquaza|Dragon Dance|p1a: Rayquaza
|-boost|p1a: Rayquaza|atk|1
|-boost|p1a: Rayquaza|spe|1
|move|p2a: Groudon|Rock Tomb|p1a: Rayquaza
|-supereffective|p1a: Rayquaza
|-damage|p1a: Rayquaza|43/100
|-unboost|p1a: Rayquaza|spe|1
|
|-weather|DesolateLand|[upkeep]
|upkeep
|turn|3
|
|t:|1599856928
|switch|p1a: Zygarde|Zygarde|100/100
|move|p2a: Groudon|Rock Tomb|p1a: Zygarde
|-resisted|p1a: Zygarde
|-damage|p1a: Zygarde|95/100
|-unboost|p1a: Zygarde|spe|1
|
|-weather|DesolateLand|[upkeep]
|upkeep
|turn|4
|
|t:|1599856933
|move|p2a: Groudon|Earthquake|p1a: Zygarde
|-crit|p1a: Zygarde
|-damage|p1a: Zygarde|49/100
|move|p1a: Zygarde|Glare|p2a: Groudon
|-status|p2a: Groudon|par
|
|-weather|DesolateLand|[upkeep]
|-activate|p1a: Zygarde|ability: Power Construct
|detailschange|p1a: Zygarde|Zygarde-Complete
|-heal|p1a: Zygarde|66/100|[silent]
|upkeep
|turn|5
|
|t:|1599856941
|move|p1a: Zygarde|Thousand Arrows|p2a: Groudon
|-supereffective|p2a: Groudon
|-damage|p2a: Groudon|69/100 par
|cant|p2a: Groudon|par
|
|-weather|DesolateLand|[upkeep]
|upkeep
|turn|6
|
|t:|1599856947
|move|p1a: Zygarde|Thousand Arrows|p2a: Groudon
|-supereffective|p2a: Groudon
|-damage|p2a: Groudon|36/100 par
|move|p2a: Groudon|Hidden Power|p1a: Zygarde
|-supereffective|p1a: Zygarde
|-damage|p1a: Zygarde|19/100
|
|-weather|DesolateLand|[upkeep]
|upkeep
|turn|7
|
|t:|1599856955
|move|p1a: Zygarde|Thousand Arrows|p2a: Groudon
|-supereffective|p2a: Groudon
|-damage|p2a: Groudon|0 fnt
|faint|p2a: Groudon
|-weather|none
|
|upkeep
|
|t:|1599856961
|switch|p2a: Zacian|Zacian-Crowned|100/100
|-ability|p2a: Zacian|Intrepid Sword|boost
|-boost|p2a: Zacian|atk|1
|turn|8
|
|t:|1599856964
|switch|p1a: Arcanine|Arcanine, F|100/100
|-ability|p1a: Arcanine|Intimidate|boost
|-unboost|p2a: Zacian|atk|1
|move|p2a: Zacian|Substitute|p2a: Zacian
|-start|p2a: Zacian|Substitute
|-damage|p2a: Zacian|76/100
|
|upkeep
|turn|9
|
|t:|1599856970
|move|p2a: Zacian|Close Combat|p1a: Arcanine
|-damage|p1a: Arcanine|64/100
|-unboost|p2a: Zacian|def|1
|-unboost|p2a: Zacian|spd|1
|move|p1a: Arcanine|Flamethrower|p2a: Zacian
|-supereffective|p2a: Zacian
|-end|p2a: Zacian|Substitute
|
|upkeep
|turn|10
|
|t:|1599856978
|switch|p2a: Ho-Oh|Ho-Oh|100/100
|move|p1a: Arcanine|Morning Sun|p1a: Arcanine
|-heal|p1a: Arcanine|100/100
|
|upkeep
|turn|11
|
|t:|1599856982
|switch|p1a: Tyranitar|Tyranitar, F|100/100
|-weather|Sandstorm|[from] ability: Sand Stream|[of] p1a: Tyranitar
|move|p2a: Ho-Oh|Brave Bird|p1a: Tyranitar
|-resisted|p1a: Tyranitar
|-crit|p1a: Tyranitar
|-damage|p1a: Tyranitar|71/100
|-damage|p2a: Ho-Oh|91/100|[from] Recoil
|
|-weather|Sandstorm|[upkeep]
|-damage|p2a: Ho-Oh|84/100|[from] Sandstorm
|upkeep
|turn|12
|
|t:|1599856995
|switch|p2a: Necrozma|Necrozma-Dusk-Mane|100/100
|switch|p1a: Arceus|Arceus-Water|100/100
|
|-weather|Sandstorm|[upkeep]
|-damage|p1a: Arceus|94/100|[from] Sandstorm
|upkeep
|turn|13
|
|t:|1599856999
|switch|p1a: Arcanine|Arcanine, F|100/100
|-ability|p1a: Arcanine|Intimidate|boost
|-unboost|p2a: Necrozma|atk|1
|switch|p2a: Ho-Oh|Ho-Oh|100/100
|
|-weather|Sandstorm|[upkeep]
|-damage|p2a: Ho-Oh|94/100|[from] Sandstorm
|-damage|p1a: Arcanine|94/100|[from] Sandstorm
|upkeep
|turn|14
|
|t:|1599857018
|switch|p2a: Necrozma|Necrozma-Dusk-Mane|100/100
|switch|p1a: Arceus|Arceus-Water|94/100
|
|-weather|Sandstorm|[upkeep]
|-damage|p1a: Arceus|88/100|[from] Sandstorm
|upkeep
|turn|15
|
|t:|1599857022
|switch|p1a: Arcanine|Arcanine, F|94/100
|-ability|p1a: Arcanine|Intimidate|boost
|-unboost|p2a: Necrozma|atk|1
|move|p2a: Necrozma|Trick Room|p2a: Necrozma
|-fieldstart|move: Trick Room|[of] p2a: Necrozma
|
|-weather|none
|upkeep
|turn|16
|
|t:|1599857029
|move|p2a: Necrozma|Swords Dance|p2a: Necrozma
|-boost|p2a: Necrozma|atk|2
|move|p1a: Arcanine|Will-O-Wisp|p2a: Necrozma
|-status|p2a: Necrozma|brn
|
|-damage|p2a: Necrozma|94/100 brn|[from] brn
|upkeep
|turn|17
|
|t:|1599857034
|move|p2a: Necrozma|Swords Dance|p2a: Necrozma
|-boost|p2a: Necrozma|atk|2
|move|p1a: Arcanine|Teleport|p1a: Arcanine
|
|t:|1599857038
|switch|p1a: Arceus|Arceus-Water|88/100|[from]move: Teleport
|
|-damage|p2a: Necrozma|88/100 brn|[from] brn
|upkeep
|turn|18
|
|t:|1599857044
|move|p2a: Necrozma|Earthquake|p1a: Arceus
|-damage|p1a: Arceus|60/100
|move|p1a: Arceus|Judgment|p2a: Necrozma
|-damage|p2a: Necrozma|52/100 brn
|
|-damage|p2a: Necrozma|46/100 brn|[from] brn
|upkeep
|turn|19
|
|t:|1599857054
|move|p2a: Necrozma|Earthquake|p1a: Arceus
|-damage|p1a: Arceus|32/100
|move|p1a: Arceus|Judgment|p2a: Necrozma
|-damage|p2a: Necrozma|6/100 brn
|
|-damage|p2a: Necrozma|0 fnt|[from] brn
|faint|p2a: Necrozma
|-fieldend|move: Trick Room
|upkeep
|
|t:|1599857062
|switch|p2a: Zacian|Zacian-Crowned|76/100
|-ability|p2a: Zacian|Intrepid Sword|boost
|-boost|p2a: Zacian|atk|1
|turn|20
|
|t:|1599857068
|switch|p1a: Arcanine|Arcanine, F|94/100
|-ability|p1a: Arcanine|Intimidate|boost
|-unboost|p2a: Zacian|atk|1
|move|p2a: Zacian|Wild Charge|p1a: Arcanine
|-damage|p1a: Arcanine|67/100
|-damage|p2a: Zacian|67/100|[from] Recoil
|
|upkeep
|turn|21
|
|t:|1599857078
|move|p2a: Zacian|Substitute|p2a: Zacian
|-start|p2a: Zacian|Substitute
|-damage|p2a: Zacian|43/100
|move|p1a: Arcanine|Morning Sun|p1a: Arcanine
|-heal|p1a: Arcanine|100/100
|
|upkeep
|turn|22
|
|t:|1599857083
|move|p2a: Zacian|Behemoth Blade|p1a: Arcanine
|-resisted|p1a: Arcanine
|-damage|p1a: Arcanine|76/100
|move|p1a: Arcanine|Flamethrower|p2a: Zacian
|-supereffective|p2a: Zacian
|-end|p2a: Zacian|Substitute
|
|upkeep
|turn|23
|
|t:|1599857090
|switch|p2a: Yveltal|Yveltal|100/100
|-ability|p2a: Yveltal|Dark Aura
|move|p1a: Arcanine|Flamethrower|p2a: Yveltal
|-damage|p2a: Yveltal|68/100
|
|upkeep
|turn|24
|
|t:|1599857095
|switch|p1a: Tyranitar|Tyranitar, F|71/100
|-weather|Sandstorm|[from] ability: Sand Stream|[of] p1a: Tyranitar
|move|p2a: Yveltal|Oblivion Wing|p1a: Tyranitar
|-resisted|p1a: Tyranitar
|-damage|p1a: Tyranitar|59/100
|-heal|p2a: Yveltal|77/100|[from] drain|[of] p1a: Tyranitar
|-damage|p2a: Yveltal|67/100|[from] item: Life Orb
|
|-weather|Sandstorm|[upkeep]
|-damage|p2a: Yveltal|61/100|[from] Sandstorm
|upkeep
|turn|25
|
|t:|1599857107
|switch|p2a: Zacian|Zacian-Crowned|43/100
|-ability|p2a: Zacian|Intrepid Sword|boost
|-boost|p2a: Zacian|atk|1
|move|p1a: Tyranitar|Thunder Wave|p2a: Zacian
|-status|p2a: Zacian|par
|
|-weather|Sandstorm|[upkeep]
|upkeep
|turn|26
|
|t:|1599857110
|switch|p1a: Arcanine|Arcanine, F|76/100
|-ability|p1a: Arcanine|Intimidate|boost
|-unboost|p2a: Zacian|atk|1
|move|p2a: Zacian|Behemoth Blade|p1a: Arcanine
|-resisted|p1a: Arcanine
|-damage|p1a: Arcanine|52/100
|
|-weather|Sandstorm|[upkeep]
|-damage|p1a: Arcanine|45/100|[from] Sandstorm
|upkeep
|turn|27
|-message|tortoiseshell forfeited.
|
|win|nfeowd
|l|☆tortoiseshell
|l|☆nfeowd
||Ladder (probably) updated, but score could not be retrieved (Request timeout).
