|j|☆TwentyTwan
|j|☆MeaTCaT
|player|p1|TwentyTwan|169|
|player|p2|MeaTCaT|53|
|teamsize|p1|6
|teamsize|p2|6
|gametype|singles
|gen|8
|tier|[Gen 8] National Dex AG
|clearpoke
|poke|p1|Cofagrigus, F|
|poke|p1|Charizard, M|
|poke|p1|Clefable, M|
|poke|p1|Jellicent, F|
|poke|p1|Shiinotic, M|
|poke|p1|Hydreigon, F|
|poke|p2|Miltank, F|
|poke|p2|Skarmory, M|
|poke|p2|Starmie|
|poke|p2|Klefki, F|
|poke|p2|Metagross|
|poke|p2|Banette, M|
|rule|HP Percentage Mod: HP is shown in percentages
|rule|Endless Battle Clause: Forcing endless battles is banned
|teampreview
|j| Rashka99
|c|☆TwentyTwan|We wachten xD
|c|☆MeaTCaT|Jaaah even wachten op roy xxD
|j| rvdpijl19887
|c|☆TwentyTwan|Geen Amoonguss tho
|c|☆TwentyTwan|Verassend hey
|c|☆MeaTCaT|ish
|j| Curseroy1990
|c| Curseroy1990|Gl hf
|c|☆MeaTCaT|heej roy is er
|c|☆MeaTCaT|gl hf
|c|☆TwentyTwan|Yap gl hf
|c|☆MeaTCaT|kunnen we beginnen?
|c|☆MeaTCaT|komen denk ik geena ndere?
|c|☆TwentyTwan|Sure
|c| Rashka99|denk het wel
|c|☆TwentyTwan|vgm ook niet
|c| Curseroy1990|Denk het niet
|j| Aerialbanana
|c|☆TwentyTwan|Ready dan?
|c|☆MeaTCaT|jah isgoed
|c|☆MeaTCaT|lets go
|
|start
|switch|p1a: La Dragoné|Charizard, M|100/100
|switch|p2a: KLIKLIKLI|Klefki, F|100/100
|turn|1
|
|move|p1a: La Dragoné|Dragon Dance|p1a: La Dragoné
|-boost|p1a: La Dragoné|atk|1
|-boost|p1a: La Dragoné|spe|1
|move|p2a: KLIKLIKLI|Play Rough|p1a: La Dragoné
|-resisted|p1a: La Dragoné
|-damage|p1a: La Dragoné|83/100
|
|upkeep
|turn|2
|
|move|p2a: KLIKLIKLI|Thunder Wave|p1a: La Dragoné
|-status|p1a: La Dragoné|par
|cant|p1a: La Dragoné|par
|
|upkeep
|turn|3
|
|move|p2a: KLIKLIKLI|Reflect|p2a: KLIKLIKLI
|-sidestart|p2: MeaTCaT|Reflect
|move|p1a: La Dragoné|Thunder Punch|p2a: KLIKLIKLI
|-damage|p2a: KLIKLIKLI|84/100
|
|upkeep
|turn|4
|
|move|p1a: La Dragoné|Dragon Dance|p1a: La Dragoné
|-boost|p1a: La Dragoné|atk|1
|-boost|p1a: La Dragoné|spe|1
|move|p2a: KLIKLIKLI|Play Rough|p1a: La Dragoné
|-resisted|p1a: La Dragoné
|-damage|p1a: La Dragoné|65/100 par
|
|upkeep
|turn|5
|
|switch|p2a: SKREEEEEEEEEEEEEEE|Skarmory, M|100/100
|move|p1a: La Dragoné|Earthquake|p2a: SKREEEEEEEEEEEEEEE
|-immune|p2a: SKREEEEEEEEEEEEEEE
|
|upkeep
|turn|6
|
|cant|p1a: La Dragoné|par
|move|p2a: SKREEEEEEEEEEEEEEE|Whirlwind|p1a: La Dragoné
|drag|p1a: Kwalletje|Jellicent, F|100/100
|
|upkeep
|turn|7
|
|switch|p1a: Mooie Koffer|Cofagrigus, F|100/100
|move|p2a: SKREEEEEEEEEEEEEEE|Stealth Rock|p1a: Mooie Koffer
|-sidestart|p1: TwentyTwan|move: Stealth Rock
|
|-sideend|p2: MeaTCaT|Reflect
|upkeep
|turn|8
|
|move|p2a: SKREEEEEEEEEEEEEEE|Whirlwind|p1a: Mooie Koffer
|drag|p1a: Kwalletje|Jellicent, F|100/100
|-damage|p1a: Kwalletje|88/100|[from] Stealth Rock
|
|-heal|p1a: Kwalletje|94/100|[from] item: Leftovers
|upkeep
|turn|9
|
|switch|p2a: AHHHHHH|Banette, M|100/100
|move|p1a: Kwalletje|Substitute|p1a: Kwalletje
|-start|p1a: Kwalletje|Substitute
|-damage|p1a: Kwalletje|69/100
|
|-heal|p1a: Kwalletje|75/100|[from] item: Leftovers
|upkeep
|turn|10
|
|detailschange|p2a: AHHHHHH|Banette-Mega, M
|-mega|p2a: AHHHHHH|Banette|Banettite
|move|p2a: AHHHHHH|Knock Off|p1a: Kwalletje
|-supereffective|p1a: Kwalletje
|-end|p1a: Kwalletje|Substitute
|move|p1a: Kwalletje|Toxic|p2a: AHHHHHH
|-status|p2a: AHHHHHH|tox
|
|-heal|p1a: Kwalletje|82/100|[from] item: Leftovers
|-damage|p2a: AHHHHHH|95/100 tox|[from] psn
|upkeep
|turn|11
|
|switch|p1a: Upgraded Swiss-Arm|Clefable, M|100/100
|-damage|p1a: Upgraded Swiss-Arm|88/100|[from] Stealth Rock
|move|p2a: AHHHHHH|Shadow Claw|p1a: Upgraded Swiss-Arm
|-damage|p1a: Upgraded Swiss-Arm|52/100
|
|-heal|p1a: Upgraded Swiss-Arm|58/100|[from] item: Leftovers
|-damage|p2a: AHHHHHH|83/100 tox|[from] psn
|upkeep
|turn|12
|
|switch|p2a: brbr DENG brbr DEN|Metagross, shiny|100/100
|move|p1a: Upgraded Swiss-Arm|Wish|p1a: Upgraded Swiss-Arm
|
|-heal|p1a: Upgraded Swiss-Arm|64/100|[from] item: Leftovers
|upkeep
|turn|13
|
|switch|p1a: GermanDragon|Hydreigon, F|100/100
|-damage|p1a: GermanDragon|88/100|[from] Stealth Rock
|move|p2a: brbr DENG brbr DEN|Meteor Mash|p1a: GermanDragon
|-damage|p1a: GermanDragon|32/100
|
|-heal|p1a: GermanDragon|92/100|[from] move: Wish|[wisher] Upgraded Swiss-Arm
|upkeep
|turn|14
|c|☆TwentyTwan|!weak metagross
|html|<div class="infobox">Metagross (ignoring abilities):<br /><span class="message-effect-weak">Weaknesses</span>: Dark, Fire, Ghost, Ground<br /><span class="message-effect-resist">Resistances</span>: Dragon, Fairy, Flying, Grass, Ice, Normal, <b>Psychic</b>, Rock, Steel<br /><span class="message-effect-immune">Immunities</span>: Poison</div>
|
|switch|p2a: SKREEEEEEEEEEEEEEE|Skarmory, M|100/100
|move|p1a: GermanDragon|Earth Power|p2a: SKREEEEEEEEEEEEEEE
|-immune|p2a: SKREEEEEEEEEEEEEEE
|
|upkeep
|turn|15
|
|move|p1a: GermanDragon|Defog|p2a: SKREEEEEEEEEEEEEEE
|-unboost|p2a: SKREEEEEEEEEEEEEEE|evasion|1
|-sideend|p1: TwentyTwan|Stealth Rock|[from] move: Defog|[of] p1a: GermanDragon
|move|p2a: SKREEEEEEEEEEEEEEE|Whirlwind|p1a: GermanDragon
|drag|p1a: Mooie Koffer|Cofagrigus, F|100/100
|
|upkeep
|turn|16
|
|move|p2a: SKREEEEEEEEEEEEEEE|Stealth Rock|p1a: Mooie Koffer
|-sidestart|p1: TwentyTwan|move: Stealth Rock
|move|p1a: Mooie Koffer|Trick Room|p1a: Mooie Koffer
|-fieldstart|move: Trick Room|[of] p1a: Mooie Koffer
|
|upkeep
|turn|17
|
|move|p1a: Mooie Koffer|Psychic|p2a: SKREEEEEEEEEEEEEEE
|-resisted|p2a: SKREEEEEEEEEEEEEEE
|-damage|p2a: SKREEEEEEEEEEEEEEE|91/100
|-unboost|p2a: SKREEEEEEEEEEEEEEE|spd|1
|move|p2a: SKREEEEEEEEEEEEEEE|Whirlwind|p1a: Mooie Koffer
|drag|p1a: GermanDragon|Hydreigon, F|92/100
|-damage|p1a: GermanDragon|80/100|[from] Stealth Rock
|
|-heal|p2a: SKREEEEEEEEEEEEEEE|97/100|[from] item: Leftovers
|upkeep
|turn|18
|
|move|p1a: GermanDragon|Defog|p2a: SKREEEEEEEEEEEEEEE
|-unboost|p2a: SKREEEEEEEEEEEEEEE|evasion|1
|-sideend|p1: TwentyTwan|Stealth Rock|[from] move: Defog|[of] p1a: GermanDragon
|move|p2a: SKREEEEEEEEEEEEEEE|Whirlwind|p1a: GermanDragon
|drag|p1a: Upgraded Swiss-Arm|Clefable, M|64/100
|
|-heal|p1a: Upgraded Swiss-Arm|70/100|[from] item: Leftovers
|-heal|p2a: SKREEEEEEEEEEEEEEE|100/100|[from] item: Leftovers
|upkeep
|turn|19
|
|move|p1a: Upgraded Swiss-Arm|Moonblast|p2a: SKREEEEEEEEEEEEEEE
|-resisted|p2a: SKREEEEEEEEEEEEEEE
|-damage|p2a: SKREEEEEEEEEEEEEEE|87/100
|move|p2a: SKREEEEEEEEEEEEEEE|Stealth Rock|p1a: Upgraded Swiss-Arm
|-sidestart|p1: TwentyTwan|move: Stealth Rock
|
|-heal|p1a: Upgraded Swiss-Arm|76/100|[from] item: Leftovers
|-heal|p2a: SKREEEEEEEEEEEEEEE|93/100|[from] item: Leftovers
|upkeep
|turn|20
|
|switch|p2a: brbr DENG brbr DEN|Metagross, shiny|100/100
|move|p1a: Upgraded Swiss-Arm|Wish|p1a: Upgraded Swiss-Arm
|
|-heal|p1a: Upgraded Swiss-Arm|82/100|[from] item: Leftovers
|-fieldend|move: Trick Room
|upkeep
|turn|21
|
|switch|p1a: Kwalletje|Jellicent, F|82/100
|-damage|p1a: Kwalletje|69/100|[from] Stealth Rock
|move|p2a: brbr DENG brbr DEN|Brick Break|p1a: Kwalletje
|-immune|p1a: Kwalletje
|
|-heal|p1a: Kwalletje|100/100|[from] move: Wish|[wisher] Upgraded Swiss-Arm
|upkeep
|turn|22
|
|switch|p2a: AHHHHHH|Banette-Mega, M|83/100 tox
|move|p1a: Kwalletje|Substitute|p1a: Kwalletje
|-start|p1a: Kwalletje|Substitute
|-damage|p1a: Kwalletje|75/100
|
|-heal|p1a: Kwalletje|82/100|[from] item: Leftovers
|-damage|p2a: AHHHHHH|77/100 tox|[from] psn
|upkeep
|turn|23
|
|move|p2a: AHHHHHH|Knock Off|p1a: Kwalletje
|-supereffective|p1a: Kwalletje
|-end|p1a: Kwalletje|Substitute
|move|p1a: Kwalletje|Strength Sap|p2a: AHHHHHH
|-unboost|p2a: AHHHHHH|atk|1
|-heal|p1a: Kwalletje|100/100
|
|-damage|p2a: AHHHHHH|65/100 tox|[from] psn
|upkeep
|turn|24
|
|switch|p1a: Upgraded Swiss-Arm|Clefable, M|82/100
|-damage|p1a: Upgraded Swiss-Arm|70/100|[from] Stealth Rock
|move|p2a: AHHHHHH|Shadow Claw|p1a: Upgraded Swiss-Arm
|-damage|p1a: Upgraded Swiss-Arm|40/100
|
|-heal|p1a: Upgraded Swiss-Arm|46/100|[from] item: Leftovers
|-damage|p2a: AHHHHHH|47/100 tox|[from] psn
|upkeep
|turn|25
|
|move|p2a: AHHHHHH|Knock Off|p1a: Upgraded Swiss-Arm
|-resisted|p1a: Upgraded Swiss-Arm
|-damage|p1a: Upgraded Swiss-Arm|30/100
|-enditem|p1a: Upgraded Swiss-Arm|Leftovers|[from] move: Knock Off|[of] p2a: AHHHHHH
|move|p1a: Upgraded Swiss-Arm|Wish|p1a: Upgraded Swiss-Arm
|
|-damage|p2a: AHHHHHH|23/100 tox|[from] psn
|upkeep
|turn|26
|
|move|p1a: Upgraded Swiss-Arm|Protect|p1a: Upgraded Swiss-Arm
|-singleturn|p1a: Upgraded Swiss-Arm|Protect
|move|p2a: AHHHHHH|Shadow Claw|p1a: Upgraded Swiss-Arm
|-activate|p1a: Upgraded Swiss-Arm|move: Protect
|
|-heal|p1a: Upgraded Swiss-Arm|80/100|[from] move: Wish|[wisher] Upgraded Swiss-Arm
|-damage|p2a: AHHHHHH|0 fnt|[from] psn
|faint|p2a: AHHHHHH
|upkeep
|
|switch|p2a: brbr DENG brbr DEN|Metagross, shiny|100/100
|turn|27
|
|switch|p1a: Kwalletje|Jellicent, F|100/100
|-damage|p1a: Kwalletje|88/100|[from] Stealth Rock
|move|p2a: brbr DENG brbr DEN|Zen Headbutt|p1a: Kwalletje
|-damage|p1a: Kwalletje|52/100
|
|-heal|p1a: Kwalletje|58/100|[from] item: Leftovers
|upkeep
|turn|28
|j| Meloetta's_nut
|j| Team Shell
|
|move|p2a: brbr DENG brbr DEN|Meteor Mash|p1a: Kwalletje
|-resisted|p1a: Kwalletje
|-damage|p1a: Kwalletje|39/100
|move|p1a: Kwalletje|Strength Sap|p2a: brbr DENG brbr DEN
|-fail|p2a: brbr DENG brbr DEN|unboost|[from] ability: Clear Body|[of] p2a: brbr DENG brbr DEN
|-heal|p1a: Kwalletje|100/100
|
|upkeep
|turn|29
|
|switch|p2a: SKRRRRRR|Starmie, shiny|100/100
|move|p1a: Kwalletje|Substitute|p1a: Kwalletje
|-start|p1a: Kwalletje|Substitute
|-damage|p1a: Kwalletje|75/100
|
|-heal|p1a: Kwalletje|82/100|[from] item: Leftovers
|upkeep
|turn|30
|
|move|p2a: SKRRRRRR|Dazzling Gleam|p1a: Kwalletje
|-activate|p1a: Kwalletje|move: Substitute|[damage]
|move|p1a: Kwalletje|Toxic|p2a: SKRRRRRR
|-status|p2a: SKRRRRRR|tox
|
|-heal|p1a: Kwalletje|88/100|[from] item: Leftovers
|-damage|p2a: SKRRRRRR|94/100 tox|[from] psn
|upkeep
|turn|31
|
|move|p2a: SKRRRRRR|Psyshock|p1a: Kwalletje
|-end|p1a: Kwalletje|Substitute
|move|p1a: Kwalletje|Scald|p2a: SKRRRRRR
|-resisted|p2a: SKRRRRRR
|-damage|p2a: SKRRRRRR|82/100 tox
|
|-heal|p1a: Kwalletje|94/100|[from] item: Leftovers
|-damage|p2a: SKRRRRRR|70/100 tox|[from] psn
|upkeep
|turn|32
|
|move|p2a: SKRRRRRR|Psyshock|p1a: Kwalletje
|-damage|p1a: Kwalletje|68/100
|move|p1a: Kwalletje|Substitute|p1a: Kwalletje
|-start|p1a: Kwalletje|Substitute
|-damage|p1a: Kwalletje|43/100
|
|-heal|p1a: Kwalletje|49/100|[from] item: Leftovers
|-damage|p2a: SKRRRRRR|51/100 tox|[from] psn
|upkeep
|turn|33
|
|switch|p2a: SKREEEEEEEEEEEEEEE|Skarmory, M|93/100
|move|p1a: Kwalletje|Strength Sap|p2a: SKREEEEEEEEEEEEEEE
|-unboost|p2a: SKREEEEEEEEEEEEEEE|atk|1
|-heal|p1a: Kwalletje|90/100
|
|-heal|p2a: SKREEEEEEEEEEEEEEE|99/100|[from] item: Leftovers
|-heal|p1a: Kwalletje|96/100|[from] item: Leftovers
|upkeep
|turn|34
|
|move|p1a: Kwalletje|Scald|p2a: SKREEEEEEEEEEEEEEE
|-damage|p2a: SKREEEEEEEEEEEEEEE|77/100
|move|p2a: SKREEEEEEEEEEEEEEE|Whirlwind|p1a: Kwalletje
|drag|p1a: Magic Mushroom|Shiinotic, M|100/100
|-damage|p1a: Magic Mushroom|88/100|[from] Stealth Rock
|
|-heal|p2a: SKREEEEEEEEEEEEEEE|83/100|[from] item: Leftovers
|-heal|p1a: Magic Mushroom|94/100|[from] item: Leftovers
|upkeep
|turn|35
|
|move|p1a: Magic Mushroom|Spore|p2a: SKREEEEEEEEEEEEEEE
|-status|p2a: SKREEEEEEEEEEEEEEE|slp|[from] move: Spore
|cant|p2a: SKREEEEEEEEEEEEEEE|slp
|
|-heal|p2a: SKREEEEEEEEEEEEEEE|89/100 slp|[from] item: Leftovers
|-heal|p1a: Magic Mushroom|100/100|[from] item: Leftovers
|upkeep
|turn|36
|
|switch|p2a: brbr DENG brbr DEN|Metagross, shiny|100/100
|move|p1a: Magic Mushroom|Leech Seed|p2a: brbr DENG brbr DEN
|-start|p2a: brbr DENG brbr DEN|move: Leech Seed
|
|-damage|p2a: brbr DENG brbr DEN|88/100|[from] Leech Seed|[of] p1a: Magic Mushroom
|upkeep
|turn|37
|
|move|p2a: brbr DENG brbr DEN|Meteor Mash|p1a: Magic Mushroom
|-supereffective|p1a: Magic Mushroom
|-damage|p1a: Magic Mushroom|0 fnt
|faint|p1a: Magic Mushroom
|
|upkeep
|
|switch|p1a: Upgraded Swiss-Arm|Clefable, M|80/100
|-damage|p1a: Upgraded Swiss-Arm|68/100|[from] Stealth Rock
|turn|38
|
|move|p2a: brbr DENG brbr DEN|Meteor Mash|p1a: Upgraded Swiss-Arm
|-supereffective|p1a: Upgraded Swiss-Arm
|-damage|p1a: Upgraded Swiss-Arm|0 fnt
|faint|p1a: Upgraded Swiss-Arm
|
|upkeep
|
|switch|p1a: Kwalletje|Jellicent, F|96/100
|-damage|p1a: Kwalletje|84/100|[from] Stealth Rock
|turn|39
|
|switch|p2a: SKREEEEEEEEEEEEEEE|Skarmory, M|89/100 slp
|move|p1a: Kwalletje|Substitute|p1a: Kwalletje
|-start|p1a: Kwalletje|Substitute
|-damage|p1a: Kwalletje|59/100
|
|-heal|p2a: SKREEEEEEEEEEEEEEE|95/100 slp|[from] item: Leftovers
|-heal|p1a: Kwalletje|65/100|[from] item: Leftovers
|upkeep
|turn|40
|
|switch|p1a: GermanDragon|Hydreigon, F|80/100
|-damage|p1a: GermanDragon|68/100|[from] Stealth Rock
|cant|p2a: SKREEEEEEEEEEEEEEE|slp
|
|-heal|p2a: SKREEEEEEEEEEEEEEE|100/100 slp|[from] item: Leftovers
|upkeep
|turn|41
|
|switch|p2a: KLIKLIKLI|Klefki, F|84/100
|move|p1a: GermanDragon|Defog|p2a: KLIKLIKLI
|-unboost|p2a: KLIKLIKLI|evasion|1
|-sideend|p1: TwentyTwan|Stealth Rock|[from] move: Defog|[of] p1a: GermanDragon
|
|upkeep
|turn|42
|
|move|p2a: KLIKLIKLI|Thunder Wave|p1a: GermanDragon
|-hint|Since gen 7, Dark is immune to Prankster moves.
|-immune|p1a: GermanDragon
|move|p1a: GermanDragon|Dark Pulse|p2a: KLIKLIKLI
|-resisted|p2a: KLIKLIKLI
|-damage|p2a: KLIKLIKLI|62/100
|-damage|p1a: GermanDragon|58/100|[from] item: Life Orb
|
|upkeep
|turn|43
|
|move|p1a: GermanDragon|Earth Power|p2a: KLIKLIKLI
|-supereffective|p2a: KLIKLIKLI
|-damage|p2a: KLIKLIKLI|0 fnt
|-damage|p1a: GermanDragon|48/100|[from] item: Life Orb
|faint|p2a: KLIKLIKLI
|
|upkeep
|
|switch|p2a: SKRRRRRR|Starmie, shiny|51/100 tox
|turn|44
|
|move|p2a: SKRRRRRR|Dazzling Gleam|p1a: GermanDragon
|-supereffective|p1a: GermanDragon
|-damage|p1a: GermanDragon|0 fnt
|faint|p1a: GermanDragon
|
|-damage|p2a: SKRRRRRR|45/100 tox|[from] psn
|upkeep
|
|switch|p1a: Kwalletje|Jellicent, F|65/100
|turn|45
|
|switch|p2a: SKREEEEEEEEEEEEEEE|Skarmory, M|100/100 slp
|move|p1a: Kwalletje|Strength Sap|p2a: SKREEEEEEEEEEEEEEE
|-unboost|p2a: SKREEEEEEEEEEEEEEE|atk|1
|-heal|p1a: Kwalletje|100/100
|
|upkeep
|turn|46
|
|cant|p2a: SKREEEEEEEEEEEEEEE|slp
|move|p1a: Kwalletje|Scald|p2a: SKREEEEEEEEEEEEEEE
|-damage|p2a: SKREEEEEEEEEEEEEEE|78/100 slp
|
|-heal|p2a: SKREEEEEEEEEEEEEEE|84/100 slp|[from] item: Leftovers
|upkeep
|turn|47
|
|-curestatus|p2a: SKREEEEEEEEEEEEEEE|slp|[msg]
|move|p2a: SKREEEEEEEEEEEEEEE|Stealth Rock|p1a: Kwalletje
|-sidestart|p1: TwentyTwan|move: Stealth Rock
|move|p1a: Kwalletje|Scald|p2a: SKREEEEEEEEEEEEEEE
|-damage|p2a: SKREEEEEEEEEEEEEEE|63/100
|-status|p2a: SKREEEEEEEEEEEEEEE|brn
|
|-heal|p2a: SKREEEEEEEEEEEEEEE|69/100 brn|[from] item: Leftovers
|-damage|p2a: SKREEEEEEEEEEEEEEE|63/100 brn|[from] brn
|upkeep
|turn|48
|
|move|p2a: SKREEEEEEEEEEEEEEE|Roost|p2a: SKREEEEEEEEEEEEEEE
|-heal|p2a: SKREEEEEEEEEEEEEEE|100/100 brn
|-singleturn|p2a: SKREEEEEEEEEEEEEEE|move: Roost
|move|p1a: Kwalletje|Scald|p2a: SKREEEEEEEEEEEEEEE
|-damage|p2a: SKREEEEEEEEEEEEEEE|77/100 brn
|
|-heal|p2a: SKREEEEEEEEEEEEEEE|83/100 brn|[from] item: Leftovers
|-damage|p2a: SKREEEEEEEEEEEEEEE|77/100 brn|[from] brn
|upkeep
|turn|49
|
|switch|p1a: Mooie Koffer|Cofagrigus, F|100/100
|-damage|p1a: Mooie Koffer|88/100|[from] Stealth Rock
|move|p2a: SKREEEEEEEEEEEEEEE|Whirlwind|p1a: Mooie Koffer
|drag|p1a: La Dragoné|Charizard, M|65/100 par
|-damage|p1a: La Dragoné|16/100 par|[from] Stealth Rock
|
|-heal|p2a: SKREEEEEEEEEEEEEEE|83/100 brn|[from] item: Leftovers
|-damage|p2a: SKREEEEEEEEEEEEEEE|77/100 brn|[from] brn
|upkeep
|turn|50
|
|detailschange|p1a: La Dragoné|Charizard-Mega-X, M
|-mega|p1a: La Dragoné|Charizard|Charizardite X
|cant|p1a: La Dragoné|par
|move|p2a: SKREEEEEEEEEEEEEEE|Whirlwind|p1a: La Dragoné
|drag|p1a: Mooie Koffer|Cofagrigus, F|88/100
|-damage|p1a: Mooie Koffer|75/100|[from] Stealth Rock
|
|-heal|p2a: SKREEEEEEEEEEEEEEE|83/100 brn|[from] item: Leftovers
|-heal|p1a: Mooie Koffer|82/100|[from] item: Leftovers
|-damage|p2a: SKREEEEEEEEEEEEEEE|77/100 brn|[from] brn
|upkeep
|turn|51
|
|move|p1a: Mooie Koffer|Shadow Ball|p2a: SKREEEEEEEEEEEEEEE
|-damage|p2a: SKREEEEEEEEEEEEEEE|54/100 brn
|move|p2a: SKREEEEEEEEEEEEEEE|Whirlwind|p1a: Mooie Koffer
|drag|p1a: Kwalletje|Jellicent, F|100/100
|-damage|p1a: Kwalletje|88/100|[from] Stealth Rock
|
|-heal|p2a: SKREEEEEEEEEEEEEEE|60/100 brn|[from] item: Leftovers
|-heal|p1a: Kwalletje|94/100|[from] item: Leftovers
|-damage|p2a: SKREEEEEEEEEEEEEEE|54/100 brn|[from] brn
|upkeep
|turn|52
|
|move|p2a: SKREEEEEEEEEEEEEEE|Roost|p2a: SKREEEEEEEEEEEEEEE
|-heal|p2a: SKREEEEEEEEEEEEEEE|100/100 brn
|-singleturn|p2a: SKREEEEEEEEEEEEEEE|move: Roost
|move|p1a: Kwalletje|Scald|p2a: SKREEEEEEEEEEEEEEE
|-damage|p2a: SKREEEEEEEEEEEEEEE|79/100 brn
|
|-heal|p2a: SKREEEEEEEEEEEEEEE|85/100 brn|[from] item: Leftovers
|-heal|p1a: Kwalletje|100/100|[from] item: Leftovers
|-damage|p2a: SKREEEEEEEEEEEEEEE|79/100 brn|[from] brn
|upkeep
|turn|53
|
|move|p1a: Kwalletje|Scald|p2a: SKREEEEEEEEEEEEEEE
|-damage|p2a: SKREEEEEEEEEEEEEEE|56/100 brn
|move|p2a: SKREEEEEEEEEEEEEEE|Whirlwind|p1a: Kwalletje
|drag|p1a: Mooie Koffer|Cofagrigus, F|82/100
|-damage|p1a: Mooie Koffer|69/100|[from] Stealth Rock
|
|-heal|p2a: SKREEEEEEEEEEEEEEE|62/100 brn|[from] item: Leftovers
|-heal|p1a: Mooie Koffer|75/100|[from] item: Leftovers
|-damage|p2a: SKREEEEEEEEEEEEEEE|56/100 brn|[from] brn
|upkeep
|turn|54
|
|move|p1a: Mooie Koffer|Nasty Plot|p1a: Mooie Koffer
|-boost|p1a: Mooie Koffer|spa|2
|move|p2a: SKREEEEEEEEEEEEEEE|Whirlwind|p1a: Mooie Koffer
|drag|p1a: La Dragoné|Charizard-Mega-X, M|16/100 par
|-damage|p1a: La Dragoné|0 fnt|[from] Stealth Rock
|faint|p1a: La Dragoné
|
|-heal|p2a: SKREEEEEEEEEEEEEEE|62/100 brn|[from] item: Leftovers
|-damage|p2a: SKREEEEEEEEEEEEEEE|56/100 brn|[from] brn
|upkeep
|
|switch|p1a: Kwalletje|Jellicent, F|100/100
|-damage|p1a: Kwalletje|88/100|[from] Stealth Rock
|turn|55
|
|move|p2a: SKREEEEEEEEEEEEEEE|Roost|p2a: SKREEEEEEEEEEEEEEE
|-heal|p2a: SKREEEEEEEEEEEEEEE|100/100 brn
|-singleturn|p2a: SKREEEEEEEEEEEEEEE|move: Roost
|move|p1a: Kwalletje|Scald|p2a: SKREEEEEEEEEEEEEEE
|-damage|p2a: SKREEEEEEEEEEEEEEE|77/100 brn
|
|-heal|p2a: SKREEEEEEEEEEEEEEE|83/100 brn|[from] item: Leftovers
|-heal|p1a: Kwalletje|94/100|[from] item: Leftovers
|-damage|p2a: SKREEEEEEEEEEEEEEE|77/100 brn|[from] brn
|upkeep
|turn|56
|
|move|p1a: Kwalletje|Scald|p2a: SKREEEEEEEEEEEEEEE
|-damage|p2a: SKREEEEEEEEEEEEEEE|54/100 brn
|move|p2a: SKREEEEEEEEEEEEEEE|Whirlwind|p1a: Kwalletje
|drag|p1a: Mooie Koffer|Cofagrigus, F|75/100
|-damage|p1a: Mooie Koffer|63/100|[from] Stealth Rock
|
|-heal|p2a: SKREEEEEEEEEEEEEEE|60/100 brn|[from] item: Leftovers
|-heal|p1a: Mooie Koffer|69/100|[from] item: Leftovers
|-damage|p2a: SKREEEEEEEEEEEEEEE|54/100 brn|[from] brn
|upkeep
|turn|57
|
|move|p1a: Mooie Koffer|Shadow Ball|p2a: SKREEEEEEEEEEEEEEE
|-damage|p2a: SKREEEEEEEEEEEEEEE|32/100 brn
|move|p2a: SKREEEEEEEEEEEEEEE|Whirlwind|p1a: Mooie Koffer
|drag|p1a: Kwalletje|Jellicent, F|94/100
|-damage|p1a: Kwalletje|82/100|[from] Stealth Rock
|
|-heal|p2a: SKREEEEEEEEEEEEEEE|38/100 brn|[from] item: Leftovers
|-heal|p1a: Kwalletje|88/100|[from] item: Leftovers
|-damage|p2a: SKREEEEEEEEEEEEEEE|32/100 brn|[from] brn
|upkeep
|turn|58
|
|move|p2a: SKREEEEEEEEEEEEEEE|Roost|p2a: SKREEEEEEEEEEEEEEE
|-heal|p2a: SKREEEEEEEEEEEEEEE|82/100 brn
|-singleturn|p2a: SKREEEEEEEEEEEEEEE|move: Roost
|move|p1a: Kwalletje|Scald|p2a: SKREEEEEEEEEEEEEEE
|-damage|p2a: SKREEEEEEEEEEEEEEE|60/100 brn
|
|-heal|p2a: SKREEEEEEEEEEEEEEE|66/100 brn|[from] item: Leftovers
|-heal|p1a: Kwalletje|94/100|[from] item: Leftovers
|-damage|p2a: SKREEEEEEEEEEEEEEE|60/100 brn|[from] brn
|upkeep
|turn|59
|
|move|p2a: SKREEEEEEEEEEEEEEE|Roost|p2a: SKREEEEEEEEEEEEEEE
|-heal|p2a: SKREEEEEEEEEEEEEEE|100/100 brn
|-singleturn|p2a: SKREEEEEEEEEEEEEEE|move: Roost
|move|p1a: Kwalletje|Scald|p2a: SKREEEEEEEEEEEEEEE
|-damage|p2a: SKREEEEEEEEEEEEEEE|78/100 brn
|
|-heal|p2a: SKREEEEEEEEEEEEEEE|84/100 brn|[from] item: Leftovers
|-heal|p1a: Kwalletje|100/100|[from] item: Leftovers
|-damage|p2a: SKREEEEEEEEEEEEEEE|78/100 brn|[from] brn
|upkeep
|turn|60
|
|move|p1a: Kwalletje|Scald|p2a: SKREEEEEEEEEEEEEEE
|-damage|p2a: SKREEEEEEEEEEEEEEE|55/100 brn
|move|p2a: SKREEEEEEEEEEEEEEE|Whirlwind|p1a: Kwalletje
|drag|p1a: Mooie Koffer|Cofagrigus, F|69/100
|-damage|p1a: Mooie Koffer|57/100|[from] Stealth Rock
|
|-heal|p2a: SKREEEEEEEEEEEEEEE|61/100 brn|[from] item: Leftovers
|-heal|p1a: Mooie Koffer|63/100|[from] item: Leftovers
|-damage|p2a: SKREEEEEEEEEEEEEEE|55/100 brn|[from] brn
|upkeep
|turn|61
|
|move|p1a: Mooie Koffer|Shadow Ball|p2a: SKREEEEEEEEEEEEEEE
|-damage|p2a: SKREEEEEEEEEEEEEEE|33/100 brn
|move|p2a: SKREEEEEEEEEEEEEEE|Whirlwind|p1a: Mooie Koffer
|drag|p1a: Kwalletje|Jellicent, F|100/100
|-damage|p1a: Kwalletje|88/100|[from] Stealth Rock
|
|-heal|p2a: SKREEEEEEEEEEEEEEE|39/100 brn|[from] item: Leftovers
|-heal|p1a: Kwalletje|94/100|[from] item: Leftovers
|-damage|p2a: SKREEEEEEEEEEEEEEE|33/100 brn|[from] brn
|upkeep
|turn|62
|j| Tientje007
|
|switch|p2a: brbr DENG brbr DEN|Metagross, shiny|88/100
|move|p1a: Kwalletje|Scald|p2a: brbr DENG brbr DEN
|-damage|p2a: brbr DENG brbr DEN|67/100
|
|-heal|p1a: Kwalletje|100/100|[from] item: Leftovers
|upkeep
|turn|63
|
|move|p2a: brbr DENG brbr DEN|Earthquake|p1a: Kwalletje
|-damage|p1a: Kwalletje|73/100
|move|p1a: Kwalletje|Substitute|p1a: Kwalletje
|-start|p1a: Kwalletje|Substitute
|-damage|p1a: Kwalletje|48/100
|
|-heal|p1a: Kwalletje|54/100|[from] item: Leftovers
|upkeep
|turn|64
|
|move|p2a: brbr DENG brbr DEN|Zen Headbutt|p1a: Kwalletje
|-end|p1a: Kwalletje|Substitute
|move|p1a: Kwalletje|Strength Sap|p2a: brbr DENG brbr DEN
|-fail|p2a: brbr DENG brbr DEN|unboost|[from] ability: Clear Body|[of] p2a: brbr DENG brbr DEN
|-heal|p1a: Kwalletje|100/100
|
|upkeep
|turn|65
|
|move|p2a: brbr DENG brbr DEN|Zen Headbutt|p1a: Kwalletje
|-damage|p1a: Kwalletje|62/100
|move|p1a: Kwalletje|Scald|p2a: brbr DENG brbr DEN
|-damage|p2a: brbr DENG brbr DEN|49/100
|
|-heal|p1a: Kwalletje|68/100|[from] item: Leftovers
|upkeep
|turn|66
|
|move|p2a: brbr DENG brbr DEN|Zen Headbutt|p1a: Kwalletje
|-damage|p1a: Kwalletje|35/100
|move|p1a: Kwalletje|Strength Sap|p2a: brbr DENG brbr DEN
|-fail|p2a: brbr DENG brbr DEN|unboost|[from] ability: Clear Body|[of] p2a: brbr DENG brbr DEN
|-heal|p1a: Kwalletje|100/100
|
|upkeep
|turn|67
|
|switch|p2a: Pz. IV|Miltank, F, shiny|100/100
|move|p1a: Kwalletje|Scald|p2a: Pz. IV
|-damage|p2a: Pz. IV|68/100
|-status|p2a: Pz. IV|brn
|
|-damage|p2a: Pz. IV|62/100 brn|[from] brn
|upkeep
|turn|68
|
|move|p2a: Pz. IV|Iron Head|p1a: Kwalletje
|-resisted|p1a: Kwalletje
|-damage|p1a: Kwalletje|96/100
|move|p1a: Kwalletje|Substitute|p1a: Kwalletje
|-start|p1a: Kwalletje|Substitute
|-damage|p1a: Kwalletje|71/100
|
|-heal|p1a: Kwalletje|77/100|[from] item: Leftovers
|-damage|p2a: Pz. IV|55/100 brn|[from] brn
|upkeep
|turn|69
|
|move|p2a: Pz. IV|Body Slam|p1a: Kwalletje
|-immune|p1a: Kwalletje
|move|p1a: Kwalletje|Strength Sap|p2a: Pz. IV
|-ability|p2a: Pz. IV|Sap Sipper|boost
|-boost|p2a: Pz. IV|atk|1
|
|-heal|p1a: Kwalletje|84/100|[from] item: Leftovers
|-damage|p2a: Pz. IV|49/100 brn|[from] brn
|upkeep
|turn|70
|
|move|p2a: Pz. IV|Earthquake|p1a: Kwalletje
|-activate|p1a: Kwalletje|move: Substitute|[damage]
|move|p1a: Kwalletje|Scald|p2a: Pz. IV
|-damage|p2a: Pz. IV|19/100 brn
|
|-heal|p1a: Kwalletje|90/100|[from] item: Leftovers
|-damage|p2a: Pz. IV|13/100 brn|[from] brn
|upkeep
|turn|71
|
|move|p2a: Pz. IV|Earthquake|p1a: Kwalletje
|-end|p1a: Kwalletje|Substitute
|move|p1a: Kwalletje|Scald|p2a: Pz. IV
|-damage|p2a: Pz. IV|0 fnt
|faint|p2a: Pz. IV
|
|-heal|p1a: Kwalletje|96/100|[from] item: Leftovers
|upkeep
|
|switch|p2a: SKRRRRRR|Starmie, shiny|45/100 tox
|turn|72
|
|move|p2a: SKRRRRRR|Dazzling Gleam|p1a: Kwalletje
|-damage|p1a: Kwalletje|78/100
|move|p1a: Kwalletje|Substitute|p1a: Kwalletje
|-start|p1a: Kwalletje|Substitute
|-damage|p1a: Kwalletje|53/100
|
|-heal|p1a: Kwalletje|59/100|[from] item: Leftovers
|-damage|p2a: SKRRRRRR|39/100 tox|[from] psn
|upkeep
|turn|73
|
|move|p2a: SKRRRRRR|Psyshock|p1a: Kwalletje
|-activate|p1a: Kwalletje|move: Substitute|[damage]
|move|p1a: Kwalletje|Strength Sap|p2a: SKRRRRRR
|-unboost|p2a: SKRRRRRR|atk|1
|-heal|p1a: Kwalletje|94/100
|
|-heal|p1a: Kwalletje|99/100|[from] item: Leftovers
|-damage|p2a: SKRRRRRR|27/100 tox|[from] psn
|upkeep
|turn|74
|
|move|p2a: SKRRRRRR|Psyshock|p1a: Kwalletje
|-crit|p1a: Kwalletje
|-end|p1a: Kwalletje|Substitute
|move|p1a: Kwalletje|Substitute|p1a: Kwalletje
|-start|p1a: Kwalletje|Substitute
|-damage|p1a: Kwalletje|75/100
|
|-heal|p1a: Kwalletje|81/100|[from] item: Leftovers
|-damage|p2a: SKRRRRRR|9/100 tox|[from] psn
|upkeep
|turn|75
|
|move|p2a: SKRRRRRR|Psyshock|p1a: Kwalletje
|-end|p1a: Kwalletje|Substitute
|move|p1a: Kwalletje|Strength Sap|p2a: SKRRRRRR
|-unboost|p2a: SKRRRRRR|atk|1
|-heal|p1a: Kwalletje|100/100
|
|-damage|p2a: SKRRRRRR|0 fnt|[from] psn
|faint|p2a: SKRRRRRR
|upkeep
|
|switch|p2a: SKREEEEEEEEEEEEEEE|Skarmory, M|33/100 brn
|turn|76
|
|move|p2a: SKREEEEEEEEEEEEEEE|Roost|p2a: SKREEEEEEEEEEEEEEE
|-heal|p2a: SKREEEEEEEEEEEEEEE|83/100 brn
|-singleturn|p2a: SKREEEEEEEEEEEEEEE|move: Roost
|move|p1a: Kwalletje|Scald|p2a: SKREEEEEEEEEEEEEEE
|-damage|p2a: SKREEEEEEEEEEEEEEE|62/100 brn
|
|-heal|p2a: SKREEEEEEEEEEEEEEE|68/100 brn|[from] item: Leftovers
|-damage|p2a: SKREEEEEEEEEEEEEEE|62/100 brn|[from] brn
|upkeep
|turn|77
|
|move|p2a: SKREEEEEEEEEEEEEEE|Roost|p2a: SKREEEEEEEEEEEEEEE
|-heal|p2a: SKREEEEEEEEEEEEEEE|100/100 brn
|-singleturn|p2a: SKREEEEEEEEEEEEEEE|move: Roost
|move|p1a: Kwalletje|Scald|p2a: SKREEEEEEEEEEEEEEE
|-damage|p2a: SKREEEEEEEEEEEEEEE|78/100 brn
|
|-heal|p2a: SKREEEEEEEEEEEEEEE|84/100 brn|[from] item: Leftovers
|-damage|p2a: SKREEEEEEEEEEEEEEE|78/100 brn|[from] brn
|upkeep
|turn|78
|
|move|p1a: Kwalletje|Scald|p2a: SKREEEEEEEEEEEEEEE
|-crit|p2a: SKREEEEEEEEEEEEEEE
|-damage|p2a: SKREEEEEEEEEEEEEEE|43/100 brn
|move|p2a: SKREEEEEEEEEEEEEEE|Whirlwind|p1a: Kwalletje
|drag|p1a: Mooie Koffer|Cofagrigus, F|63/100
|-damage|p1a: Mooie Koffer|50/100|[from] Stealth Rock
|
|-heal|p2a: SKREEEEEEEEEEEEEEE|49/100 brn|[from] item: Leftovers
|-heal|p1a: Mooie Koffer|57/100|[from] item: Leftovers
|-damage|p2a: SKREEEEEEEEEEEEEEE|43/100 brn|[from] brn
|upkeep
|turn|79
|
|move|p2a: SKREEEEEEEEEEEEEEE|Roost|p2a: SKREEEEEEEEEEEEEEE
|-heal|p2a: SKREEEEEEEEEEEEEEE|93/100 brn
|-singleturn|p2a: SKREEEEEEEEEEEEEEE|move: Roost
|move|p1a: Mooie Koffer|Shadow Ball|p2a: SKREEEEEEEEEEEEEEE
|-damage|p2a: SKREEEEEEEEEEEEEEE|67/100 brn
|
|-heal|p2a: SKREEEEEEEEEEEEEEE|73/100 brn|[from] item: Leftovers
|-heal|p1a: Mooie Koffer|63/100|[from] item: Leftovers
|-damage|p2a: SKREEEEEEEEEEEEEEE|67/100 brn|[from] brn
|upkeep
|turn|80
|
|move|p1a: Mooie Koffer|Shadow Ball|p2a: SKREEEEEEEEEEEEEEE
|-damage|p2a: SKREEEEEEEEEEEEEEE|43/100 brn
|move|p2a: SKREEEEEEEEEEEEEEE|Whirlwind|p1a: Mooie Koffer
|drag|p1a: Kwalletje|Jellicent, F|100/100
|-damage|p1a: Kwalletje|88/100|[from] Stealth Rock
|
|-heal|p2a: SKREEEEEEEEEEEEEEE|49/100 brn|[from] item: Leftovers
|-heal|p1a: Kwalletje|94/100|[from] item: Leftovers
|-damage|p2a: SKREEEEEEEEEEEEEEE|43/100 brn|[from] brn
|upkeep
|turn|81
|
|move|p2a: SKREEEEEEEEEEEEEEE|Roost|p2a: SKREEEEEEEEEEEEEEE
|-heal|p2a: SKREEEEEEEEEEEEEEE|93/100 brn
|-singleturn|p2a: SKREEEEEEEEEEEEEEE|move: Roost
|move|p1a: Kwalletje|Scald|p2a: SKREEEEEEEEEEEEEEE
|-damage|p2a: SKREEEEEEEEEEEEEEE|71/100 brn
|
|-heal|p2a: SKREEEEEEEEEEEEEEE|77/100 brn|[from] item: Leftovers
|-heal|p1a: Kwalletje|100/100|[from] item: Leftovers
|-damage|p2a: SKREEEEEEEEEEEEEEE|71/100 brn|[from] brn
|upkeep
|turn|82
|
|move|p1a: Kwalletje|Toxic||[still]
|-fail|p1a: Kwalletje
|move|p2a: SKREEEEEEEEEEEEEEE|Whirlwind|p1a: Kwalletje
|drag|p1a: Mooie Koffer|Cofagrigus, F|63/100
|-damage|p1a: Mooie Koffer|50/100|[from] Stealth Rock
|
|-heal|p2a: SKREEEEEEEEEEEEEEE|77/100 brn|[from] item: Leftovers
|-heal|p1a: Mooie Koffer|57/100|[from] item: Leftovers
|-damage|p2a: SKREEEEEEEEEEEEEEE|71/100 brn|[from] brn
|upkeep
|turn|83
|
|move|p1a: Mooie Koffer|Shadow Ball|p2a: SKREEEEEEEEEEEEEEE
|-damage|p2a: SKREEEEEEEEEEEEEEE|48/100 brn
|move|p2a: SKREEEEEEEEEEEEEEE|Whirlwind|p1a: Mooie Koffer
|drag|p1a: Kwalletje|Jellicent, F|100/100
|-damage|p1a: Kwalletje|88/100|[from] Stealth Rock
|
|-heal|p2a: SKREEEEEEEEEEEEEEE|54/100 brn|[from] item: Leftovers
|-heal|p1a: Kwalletje|94/100|[from] item: Leftovers
|-damage|p2a: SKREEEEEEEEEEEEEEE|48/100 brn|[from] brn
|upkeep
|turn|84
|
|move|p2a: SKREEEEEEEEEEEEEEE|Roost|p2a: SKREEEEEEEEEEEEEEE
|-heal|p2a: SKREEEEEEEEEEEEEEE|98/100 brn
|-singleturn|p2a: SKREEEEEEEEEEEEEEE|move: Roost
|move|p1a: Kwalletje|Toxic||[still]
|-fail|p1a: Kwalletje
|
|-heal|p2a: SKREEEEEEEEEEEEEEE|100/100 brn|[from] item: Leftovers
|-heal|p1a: Kwalletje|100/100|[from] item: Leftovers
|-damage|p2a: SKREEEEEEEEEEEEEEE|95/100 brn|[from] brn
|upkeep
|turn|85
|
|move|p2a: SKREEEEEEEEEEEEEEE|Stealth Rock||[still]
|-fail|p2a: SKREEEEEEEEEEEEEEE
|move|p1a: Kwalletje|Scald|p2a: SKREEEEEEEEEEEEEEE
|-damage|p2a: SKREEEEEEEEEEEEEEE|73/100 brn
|
|-heal|p2a: SKREEEEEEEEEEEEEEE|79/100 brn|[from] item: Leftovers
|-damage|p2a: SKREEEEEEEEEEEEEEE|73/100 brn|[from] brn
|upkeep
|turn|86
|
|move|p1a: Kwalletje|Toxic||[still]
|-fail|p1a: Kwalletje
|move|p2a: SKREEEEEEEEEEEEEEE|Whirlwind|p1a: Kwalletje
|drag|p1a: Mooie Koffer|Cofagrigus, F|57/100
|-damage|p1a: Mooie Koffer|44/100|[from] Stealth Rock
|
|-heal|p2a: SKREEEEEEEEEEEEEEE|79/100 brn|[from] item: Leftovers
|-heal|p1a: Mooie Koffer|50/100|[from] item: Leftovers
|-damage|p2a: SKREEEEEEEEEEEEEEE|73/100 brn|[from] brn
|upkeep
|turn|87
|
|move|p1a: Mooie Koffer|Shadow Ball|p2a: SKREEEEEEEEEEEEEEE
|-damage|p2a: SKREEEEEEEEEEEEEEE|47/100 brn
|move|p2a: SKREEEEEEEEEEEEEEE|Whirlwind|p1a: Mooie Koffer
|drag|p1a: Kwalletje|Jellicent, F|100/100
|-damage|p1a: Kwalletje|88/100|[from] Stealth Rock
|
|-heal|p2a: SKREEEEEEEEEEEEEEE|53/100 brn|[from] item: Leftovers
|-heal|p1a: Kwalletje|94/100|[from] item: Leftovers
|-damage|p2a: SKREEEEEEEEEEEEEEE|47/100 brn|[from] brn
|upkeep
|turn|88
|
|move|p2a: SKREEEEEEEEEEEEEEE|Roost|p2a: SKREEEEEEEEEEEEEEE
|-heal|p2a: SKREEEEEEEEEEEEEEE|97/100 brn
|-singleturn|p2a: SKREEEEEEEEEEEEEEE|move: Roost
|move|p1a: Kwalletje|Toxic||[still]
|-fail|p1a: Kwalletje
|
|-heal|p2a: SKREEEEEEEEEEEEEEE|100/100 brn|[from] item: Leftovers
|-heal|p1a: Kwalletje|100/100|[from] item: Leftovers
|-damage|p2a: SKREEEEEEEEEEEEEEE|95/100 brn|[from] brn
|upkeep
|turn|89
|
|move|p1a: Kwalletje|Toxic||[still]
|-fail|p1a: Kwalletje
|move|p2a: SKREEEEEEEEEEEEEEE|Whirlwind|p1a: Kwalletje
|drag|p1a: Mooie Koffer|Cofagrigus, F|50/100
|-damage|p1a: Mooie Koffer|38/100|[from] Stealth Rock
|
|-heal|p2a: SKREEEEEEEEEEEEEEE|100/100 brn|[from] item: Leftovers
|-heal|p1a: Mooie Koffer|44/100|[from] item: Leftovers
|-damage|p2a: SKREEEEEEEEEEEEEEE|95/100 brn|[from] brn
|upkeep
|turn|90
|
|move|p1a: Mooie Koffer|Shadow Ball|p2a: SKREEEEEEEEEEEEEEE
|-damage|p2a: SKREEEEEEEEEEEEEEE|72/100 brn
|move|p2a: SKREEEEEEEEEEEEEEE|Whirlwind|p1a: Mooie Koffer
|drag|p1a: Kwalletje|Jellicent, F|100/100
|-damage|p1a: Kwalletje|88/100|[from] Stealth Rock
|
|-heal|p2a: SKREEEEEEEEEEEEEEE|78/100 brn|[from] item: Leftovers
|-heal|p1a: Kwalletje|94/100|[from] item: Leftovers
|-damage|p2a: SKREEEEEEEEEEEEEEE|72/100 brn|[from] brn
|upkeep
|turn|91
|
|move|p2a: SKREEEEEEEEEEEEEEE|Stealth Rock||[still]
|-fail|p2a: SKREEEEEEEEEEEEEEE
|move|p1a: Kwalletje|Toxic||[still]
|-fail|p1a: Kwalletje
|
|-heal|p2a: SKREEEEEEEEEEEEEEE|78/100 brn|[from] item: Leftovers
|-heal|p1a: Kwalletje|100/100|[from] item: Leftovers
|-damage|p2a: SKREEEEEEEEEEEEEEE|72/100 brn|[from] brn
|upkeep
|turn|92
|
|move|p1a: Kwalletje|Toxic||[still]
|-fail|p1a: Kwalletje
|move|p2a: SKREEEEEEEEEEEEEEE|Whirlwind|p1a: Kwalletje
|drag|p1a: Mooie Koffer|Cofagrigus, F|44/100
|-damage|p1a: Mooie Koffer|32/100|[from] Stealth Rock
|
|-heal|p2a: SKREEEEEEEEEEEEEEE|78/100 brn|[from] item: Leftovers
|-heal|p1a: Mooie Koffer|38/100|[from] item: Leftovers
|-damage|p2a: SKREEEEEEEEEEEEEEE|72/100 brn|[from] brn
|upkeep
|turn|93
|
|move|p1a: Mooie Koffer|Shadow Ball|p2a: SKREEEEEEEEEEEEEEE
|-damage|p2a: SKREEEEEEEEEEEEEEE|47/100 brn
|move|p2a: SKREEEEEEEEEEEEEEE|Whirlwind|p1a: Mooie Koffer
|drag|p1a: Kwalletje|Jellicent, F|100/100
|-damage|p1a: Kwalletje|88/100|[from] Stealth Rock
|
|-heal|p2a: SKREEEEEEEEEEEEEEE|53/100 brn|[from] item: Leftovers
|-heal|p1a: Kwalletje|94/100|[from] item: Leftovers
|-damage|p2a: SKREEEEEEEEEEEEEEE|47/100 brn|[from] brn
|upkeep
|turn|94
|
|move|p2a: SKREEEEEEEEEEEEEEE|Roost|p2a: SKREEEEEEEEEEEEEEE
|-heal|p2a: SKREEEEEEEEEEEEEEE|97/100 brn
|-singleturn|p2a: SKREEEEEEEEEEEEEEE|move: Roost
|move|p1a: Kwalletje|Toxic||[still]
|-fail|p1a: Kwalletje
|
|-heal|p2a: SKREEEEEEEEEEEEEEE|100/100 brn|[from] item: Leftovers
|-heal|p1a: Kwalletje|100/100|[from] item: Leftovers
|-damage|p2a: SKREEEEEEEEEEEEEEE|95/100 brn|[from] brn
|upkeep
|turn|95
|
|move|p1a: Kwalletje|Strength Sap|p2a: SKREEEEEEEEEEEEEEE
|-unboost|p2a: SKREEEEEEEEEEEEEEE|atk|1
|move|p2a: SKREEEEEEEEEEEEEEE|Whirlwind|p1a: Kwalletje
|drag|p1a: Mooie Koffer|Cofagrigus, F|38/100
|-damage|p1a: Mooie Koffer|25/100|[from] Stealth Rock
|
|-heal|p2a: SKREEEEEEEEEEEEEEE|100/100 brn|[from] item: Leftovers
|-heal|p1a: Mooie Koffer|32/100|[from] item: Leftovers
|-damage|p2a: SKREEEEEEEEEEEEEEE|95/100 brn|[from] brn
|upkeep
|turn|96
|
|move|p1a: Mooie Koffer|Shadow Ball|p2a: SKREEEEEEEEEEEEEEE
|-damage|p2a: SKREEEEEEEEEEEEEEE|69/100 brn
|move|p2a: SKREEEEEEEEEEEEEEE|Whirlwind|p1a: Mooie Koffer
|drag|p1a: Kwalletje|Jellicent, F|100/100
|-damage|p1a: Kwalletje|88/100|[from] Stealth Rock
|
|-heal|p2a: SKREEEEEEEEEEEEEEE|75/100 brn|[from] item: Leftovers
|-heal|p1a: Kwalletje|94/100|[from] item: Leftovers
|-damage|p2a: SKREEEEEEEEEEEEEEE|69/100 brn|[from] brn
|upkeep
|turn|97
|
|move|p1a: Kwalletje|Toxic||[still]
|-fail|p1a: Kwalletje
|move|p2a: SKREEEEEEEEEEEEEEE|Whirlwind|p1a: Kwalletje
|drag|p1a: Mooie Koffer|Cofagrigus, F|32/100
|-damage|p1a: Mooie Koffer|19/100|[from] Stealth Rock
|
|-heal|p2a: SKREEEEEEEEEEEEEEE|75/100 brn|[from] item: Leftovers
|-heal|p1a: Mooie Koffer|25/100|[from] item: Leftovers
|-damage|p2a: SKREEEEEEEEEEEEEEE|69/100 brn|[from] brn
|upkeep
|turn|98
|
|move|p1a: Mooie Koffer|Shadow Ball|p2a: SKREEEEEEEEEEEEEEE
|-damage|p2a: SKREEEEEEEEEEEEEEE|46/100 brn
|move|p2a: SKREEEEEEEEEEEEEEE|Whirlwind|p1a: Mooie Koffer
|drag|p1a: Kwalletje|Jellicent, F|94/100
|-damage|p1a: Kwalletje|82/100|[from] Stealth Rock
|
|-heal|p2a: SKREEEEEEEEEEEEEEE|52/100 brn|[from] item: Leftovers
|-heal|p1a: Kwalletje|88/100|[from] item: Leftovers
|-damage|p2a: SKREEEEEEEEEEEEEEE|46/100 brn|[from] brn
|upkeep
|turn|99
|
|move|p2a: SKREEEEEEEEEEEEEEE|Roost|p2a: SKREEEEEEEEEEEEEEE
|-heal|p2a: SKREEEEEEEEEEEEEEE|96/100 brn
|-singleturn|p2a: SKREEEEEEEEEEEEEEE|move: Roost
|move|p1a: Kwalletje|Substitute|p1a: Kwalletje
|-start|p1a: Kwalletje|Substitute
|-damage|p1a: Kwalletje|63/100
|
|-heal|p2a: SKREEEEEEEEEEEEEEE|100/100 brn|[from] item: Leftovers
|-heal|p1a: Kwalletje|69/100|[from] item: Leftovers
|-damage|p2a: SKREEEEEEEEEEEEEEE|95/100 brn|[from] brn
|upkeep
|turn|100
|
|move|p1a: Kwalletje|Strength Sap|p2a: SKREEEEEEEEEEEEEEE
|-unboost|p2a: SKREEEEEEEEEEEEEEE|atk|1
|-heal|p1a: Kwalletje|97/100
|move|p2a: SKREEEEEEEEEEEEEEE|Whirlwind|p1a: Kwalletje
|drag|p1a: Mooie Koffer|Cofagrigus, F|25/100
|-damage|p1a: Mooie Koffer|13/100|[from] Stealth Rock
|
|-heal|p2a: SKREEEEEEEEEEEEEEE|100/100 brn|[from] item: Leftovers
|-heal|p1a: Mooie Koffer|19/100|[from] item: Leftovers
|-damage|p2a: SKREEEEEEEEEEEEEEE|95/100 brn|[from] brn
|upkeep
|turn|101
|
|move|p1a: Mooie Koffer|Shadow Ball|p2a: SKREEEEEEEEEEEEEEE
|-damage|p2a: SKREEEEEEEEEEEEEEE|70/100 brn
|move|p2a: SKREEEEEEEEEEEEEEE|Whirlwind|p1a: Mooie Koffer
|drag|p1a: Kwalletje|Jellicent, F|97/100
|-damage|p1a: Kwalletje|84/100|[from] Stealth Rock
|
|-heal|p2a: SKREEEEEEEEEEEEEEE|76/100 brn|[from] item: Leftovers
|-heal|p1a: Kwalletje|90/100|[from] item: Leftovers
|-damage|p2a: SKREEEEEEEEEEEEEEE|70/100 brn|[from] brn
|upkeep
|turn|102
|
|move|p2a: SKREEEEEEEEEEEEEEE|Stealth Rock||[still]
|-fail|p2a: SKREEEEEEEEEEEEEEE
|move|p1a: Kwalletje|Toxic||[still]
|-fail|p1a: Kwalletje
|
|-heal|p2a: SKREEEEEEEEEEEEEEE|76/100 brn|[from] item: Leftovers
|-heal|p1a: Kwalletje|97/100|[from] item: Leftovers
|-damage|p2a: SKREEEEEEEEEEEEEEE|70/100 brn|[from] brn
|upkeep
|turn|103
|
|move|p2a: SKREEEEEEEEEEEEEEE|Stealth Rock||[still]
|-fail|p2a: SKREEEEEEEEEEEEEEE
|move|p1a: Kwalletje|Toxic||[still]
|-fail|p1a: Kwalletje
|
|-heal|p2a: SKREEEEEEEEEEEEEEE|76/100 brn|[from] item: Leftovers
|-heal|p1a: Kwalletje|100/100|[from] item: Leftovers
|-damage|p2a: SKREEEEEEEEEEEEEEE|70/100 brn|[from] brn
|upkeep
|turn|104
|
|move|p2a: SKREEEEEEEEEEEEEEE|Stealth Rock||[still]
|-fail|p2a: SKREEEEEEEEEEEEEEE
|move|p1a: Kwalletje|Substitute|p1a: Kwalletje
|-start|p1a: Kwalletje|Substitute
|-damage|p1a: Kwalletje|75/100
|
|-heal|p2a: SKREEEEEEEEEEEEEEE|76/100 brn|[from] item: Leftovers
|-heal|p1a: Kwalletje|82/100|[from] item: Leftovers
|-damage|p2a: SKREEEEEEEEEEEEEEE|70/100 brn|[from] brn
|upkeep
|turn|105
|
|move|p2a: SKREEEEEEEEEEEEEEE|Stealth Rock||[still]
|-fail|p2a: SKREEEEEEEEEEEEEEE
|move|p1a: Kwalletje|Strength Sap|p2a: SKREEEEEEEEEEEEEEE
|-unboost|p2a: SKREEEEEEEEEEEEEEE|atk|1
|-heal|p1a: Kwalletje|100/100
|
|-heal|p2a: SKREEEEEEEEEEEEEEE|76/100 brn|[from] item: Leftovers
|-damage|p2a: SKREEEEEEEEEEEEEEE|70/100 brn|[from] brn
|upkeep
|turn|106
|
|move|p2a: SKREEEEEEEEEEEEEEE|Stealth Rock||[still]
|-fail|p2a: SKREEEEEEEEEEEEEEE
|move|p1a: Kwalletje|Scald|p2a: SKREEEEEEEEEEEEEEE
|-damage|p2a: SKREEEEEEEEEEEEEEE|48/100 brn
|
|-heal|p2a: SKREEEEEEEEEEEEEEE|53/100 brn|[from] item: Leftovers
|-damage|p2a: SKREEEEEEEEEEEEEEE|48/100 brn|[from] brn
|upkeep
|turn|107
|
|move|p2a: SKREEEEEEEEEEEEEEE|Roost|p2a: SKREEEEEEEEEEEEEEE
|-heal|p2a: SKREEEEEEEEEEEEEEE|98/100 brn
|-singleturn|p2a: SKREEEEEEEEEEEEEEE|move: Roost
|move|p1a: Kwalletje|Toxic||[still]
|-fail|p1a: Kwalletje
|
|-heal|p2a: SKREEEEEEEEEEEEEEE|100/100 brn|[from] item: Leftovers
|-damage|p2a: SKREEEEEEEEEEEEEEE|95/100 brn|[from] brn
|upkeep
|turn|108
|
|move|p2a: SKREEEEEEEEEEEEEEE|Stealth Rock||[still]
|-fail|p2a: SKREEEEEEEEEEEEEEE
|move|p1a: Kwalletje|Substitute|p1a: Kwalletje
|-fail|p1a: Kwalletje|move: Substitute
|
|-heal|p2a: SKREEEEEEEEEEEEEEE|100/100 brn|[from] item: Leftovers
|-damage|p2a: SKREEEEEEEEEEEEEEE|95/100 brn|[from] brn
|upkeep
|turn|109
|
|move|p2a: SKREEEEEEEEEEEEEEE|Stealth Rock||[still]
|-fail|p2a: SKREEEEEEEEEEEEEEE
|move|p1a: Kwalletje|Substitute|p1a: Kwalletje
|-fail|p1a: Kwalletje|move: Substitute
|
|-heal|p2a: SKREEEEEEEEEEEEEEE|100/100 brn|[from] item: Leftovers
|-damage|p2a: SKREEEEEEEEEEEEEEE|95/100 brn|[from] brn
|upkeep
|turn|110
|
|switch|p1a: Mooie Koffer|Cofagrigus, F|19/100
|-damage|p1a: Mooie Koffer|7/100|[from] Stealth Rock
|move|p2a: SKREEEEEEEEEEEEEEE|Stealth Rock||[still]
|-fail|p2a: SKREEEEEEEEEEEEEEE
|
|-heal|p2a: SKREEEEEEEEEEEEEEE|100/100 brn|[from] item: Leftovers
|-heal|p1a: Mooie Koffer|13/100|[from] item: Leftovers
|-damage|p2a: SKREEEEEEEEEEEEEEE|95/100 brn|[from] brn
|upkeep
|turn|111
|
|move|p1a: Mooie Koffer|Shadow Ball|p2a: SKREEEEEEEEEEEEEEE
|-damage|p2a: SKREEEEEEEEEEEEEEE|69/100 brn
|-unboost|p2a: SKREEEEEEEEEEEEEEE|spd|1
|move|p2a: SKREEEEEEEEEEEEEEE|Whirlwind|p1a: Mooie Koffer
|drag|p1a: Kwalletje|Jellicent, F|100/100
|-damage|p1a: Kwalletje|88/100|[from] Stealth Rock
|
|-heal|p2a: SKREEEEEEEEEEEEEEE|75/100 brn|[from] item: Leftovers
|-heal|p1a: Kwalletje|94/100|[from] item: Leftovers
|-damage|p2a: SKREEEEEEEEEEEEEEE|69/100 brn|[from] brn
|upkeep
|turn|112
|
|switch|p2a: brbr DENG brbr DEN|Metagross, shiny|49/100
|move|p1a: Kwalletje|Toxic|p2a: brbr DENG brbr DEN
|-immune|p2a: brbr DENG brbr DEN
|
|-heal|p1a: Kwalletje|100/100|[from] item: Leftovers
|upkeep
|turn|113
|
|move|p2a: brbr DENG brbr DEN|Earthquake|p1a: Kwalletje
|-damage|p1a: Kwalletje|69/100
|move|p1a: Kwalletje|Scald|p2a: brbr DENG brbr DEN
|-damage|p2a: brbr DENG brbr DEN|30/100
|
|-heal|p1a: Kwalletje|75/100|[from] item: Leftovers
|upkeep
|turn|114
|
|move|p2a: brbr DENG brbr DEN|Earthquake|p1a: Kwalletje
|-damage|p1a: Kwalletje|44/100
|move|p1a: Kwalletje|Substitute|p1a: Kwalletje
|-start|p1a: Kwalletje|Substitute
|-damage|p1a: Kwalletje|19/100
|
|-heal|p1a: Kwalletje|25/100|[from] item: Leftovers
|upkeep
|turn|115
|
|move|p2a: brbr DENG brbr DEN|Earthquake|p1a: Kwalletje
|-end|p1a: Kwalletje|Substitute
|move|p1a: Kwalletje|Strength Sap|p2a: brbr DENG brbr DEN
|-fail|p2a: brbr DENG brbr DEN|unboost|[from] ability: Clear Body|[of] p2a: brbr DENG brbr DEN
|-heal|p1a: Kwalletje|100/100
|
|upkeep
|turn|116
|
|move|p2a: brbr DENG brbr DEN|Earthquake|p1a: Kwalletje
|-damage|p1a: Kwalletje|71/100
|move|p1a: Kwalletje|Substitute|p1a: Kwalletje
|-start|p1a: Kwalletje|Substitute
|-damage|p1a: Kwalletje|46/100
|
|-heal|p1a: Kwalletje|52/100|[from] item: Leftovers
|upkeep
|turn|117
|
|move|p2a: brbr DENG brbr DEN|Earthquake|p1a: Kwalletje
|-end|p1a: Kwalletje|Substitute
|move|p1a: Kwalletje|Strength Sap|p2a: brbr DENG brbr DEN
|-fail|p2a: brbr DENG brbr DEN|unboost|[from] ability: Clear Body|[of] p2a: brbr DENG brbr DEN
|-heal|p1a: Kwalletje|100/100
|
|upkeep
|turn|118
|
|move|p2a: brbr DENG brbr DEN|Earthquake|p1a: Kwalletje
|-damage|p1a: Kwalletje|70/100
|move|p1a: Kwalletje|Substitute|p1a: Kwalletje
|-start|p1a: Kwalletje|Substitute
|-damage|p1a: Kwalletje|45/100
|
|-heal|p1a: Kwalletje|51/100|[from] item: Leftovers
|upkeep
|turn|119
|
|move|p2a: brbr DENG brbr DEN|Earthquake|p1a: Kwalletje
|-end|p1a: Kwalletje|Substitute
|move|p1a: Kwalletje|Toxic|p2a: brbr DENG brbr DEN
|-immune|p2a: brbr DENG brbr DEN
|
|-heal|p1a: Kwalletje|57/100|[from] item: Leftovers
|upkeep
|turn|120
|
|move|p2a: brbr DENG brbr DEN|Earthquake|p1a: Kwalletje
|-damage|p1a: Kwalletje|26/100
|move|p1a: Kwalletje|Strength Sap|p2a: brbr DENG brbr DEN
|-fail|p2a: brbr DENG brbr DEN|unboost|[from] ability: Clear Body|[of] p2a: brbr DENG brbr DEN
|-heal|p1a: Kwalletje|100/100
|
|upkeep
|turn|121
|
|move|p2a: brbr DENG brbr DEN|Earthquake|p1a: Kwalletje
|-damage|p1a: Kwalletje|69/100
|move|p1a: Kwalletje|Strength Sap|p2a: brbr DENG brbr DEN
|-fail|p2a: brbr DENG brbr DEN|unboost|[from] ability: Clear Body|[of] p2a: brbr DENG brbr DEN
|-heal|p1a: Kwalletje|100/100
|
|upkeep
|turn|122
|
|move|p2a: brbr DENG brbr DEN|Earthquake|p1a: Kwalletje
|-damage|p1a: Kwalletje|70/100
|-activate|p1a: Kwalletje|move: Struggle
|move|p1a: Kwalletje|Struggle|p2a: brbr DENG brbr DEN
|-damage|p2a: brbr DENG brbr DEN|25/100
|-damage|p1a: Kwalletje|45/100|[from] recoil
|
|-heal|p1a: Kwalletje|51/100|[from] item: Leftovers
|upkeep
|turn|123
|
|move|p2a: brbr DENG brbr DEN|Earthquake|p1a: Kwalletje
|-damage|p1a: Kwalletje|22/100
|-activate|p1a: Kwalletje|move: Struggle
|move|p1a: Kwalletje|Struggle|p2a: brbr DENG brbr DEN
|-damage|p2a: brbr DENG brbr DEN|19/100
|-damage|p1a: Kwalletje|0 fnt|[from] recoil
|faint|p1a: Kwalletje
|
|upkeep
|
|switch|p1a: Mooie Koffer|Cofagrigus, F|13/100
|-damage|p1a: Mooie Koffer|0 fnt|[from] Stealth Rock
|faint|p1a: Mooie Koffer
|
|win|MeaTCaT
|c|☆TwentyTwan|GG
|c|☆MeaTCaT|gg
|c| Team Shell|gg
|l| Tientje007
|c|☆MeaTCaT|wat een tering lange match xD
|l| Team Shell
|c|☆TwentyTwan|xD
|c|☆TwentyTwan|De paralyze won de game
