|j|☆thicsucttv
|j|☆Backgetters
|t:|1658839614
|gametype|singles
|player|p1|thicsucttv|266|1319
|player|p2|Backgetters|clown|1307
|teamsize|p1|6
|teamsize|p2|6
|gen|8
|tier|[Gen 8] National Dex AG
|rated|
|rule|HP Percentage Mod: HP is shown in percentages
|rule|Endless Battle Clause: Forcing endless battles is banned
|clearpoke
|poke|p1|Clefable, M|
|poke|p1|Marshadow|
|poke|p1|Lucario, M|
|poke|p1|Gyarados, F|
|poke|p1|Ditto|
|poke|p1|Lugia|
|poke|p2|Shuckle, M|
|poke|p2|Clefable, M|
|poke|p2|Kangaskhan, F|
|poke|p2|Cloyster, F|
|poke|p2|Smeargle, M|
|poke|p2|Kommo-o, F|
|teampreview
|
|t:|1658839618
|start
|switch|p1a: Clefable|Clefable, M|100/100
|switch|p2a: Shuckle|Shuckle, M|100/100
|turn|1
|
|t:|1658839624
|move|p1a: Clefable|Minimize|p1a: Clefable
|-boost|p1a: Clefable|evasion|2
|move|p2a: Shuckle|Sticky Web|p1a: Clefable
|-sidestart|p1: thicsucttv|move: Sticky Web
|
|upkeep
|turn|2
|
|t:|1658839629
|move|p1a: Clefable|Minimize|p1a: Clefable
|-boost|p1a: Clefable|evasion|2
|move|p2a: Shuckle|Mud-Slap|p1a: Clefable|[miss]
|-miss|p2a: Shuckle|p1a: Clefable
|
|upkeep
|turn|3
|
|t:|1658839636
|move|p1a: Clefable|Minimize|p1a: Clefable
|-boost|p1a: Clefable|evasion|2
|move|p2a: Shuckle|Stealth Rock|p1a: Clefable
|-sidestart|p1: thicsucttv|move: Stealth Rock
|
|upkeep
|turn|4
|
|t:|1658839644
|move|p1a: Clefable|Cosmic Power|p1a: Clefable
|-boost|p1a: Clefable|def|1
|-boost|p1a: Clefable|spd|1
|move|p2a: Shuckle|Knock Off|p1a: Clefable
|-resisted|p1a: Clefable
|-damage|p1a: Clefable|98/100
|-enditem|p1a: Clefable|Mental Herb|[from] move: Knock Off|[of] p2a: Shuckle
|
|upkeep
|turn|5
|
|t:|1658839652
|move|p1a: Clefable|Cosmic Power|p1a: Clefable
|-boost|p1a: Clefable|def|1
|-boost|p1a: Clefable|spd|1
|move|p2a: Shuckle|Mud-Slap|p1a: Clefable|[miss]
|-miss|p2a: Shuckle|p1a: Clefable
|
|upkeep
|turn|6
|
|t:|1658839659
|move|p1a: Clefable|Cosmic Power|p1a: Clefable
|-boost|p1a: Clefable|def|1
|-boost|p1a: Clefable|spd|1
|move|p2a: Shuckle|Mud-Slap|p1a: Clefable
|-damage|p1a: Clefable|98/100
|-unboost|p1a: Clefable|accuracy|1
|
|upkeep
|turn|7
|
|t:|1658839667
|move|p1a: Clefable|Cosmic Power|p1a: Clefable
|-boost|p1a: Clefable|def|1
|-boost|p1a: Clefable|spd|1
|move|p2a: Shuckle|Mud-Slap|p1a: Clefable
|-damage|p1a: Clefable|98/100
|-unboost|p1a: Clefable|accuracy|1
|
|upkeep
|turn|8
|
|t:|1658839675
|move|p1a: Clefable|Cosmic Power|p1a: Clefable
|-boost|p1a: Clefable|def|1
|-boost|p1a: Clefable|spd|1
|move|p2a: Shuckle|Mud-Slap|p1a: Clefable|[miss]
|-miss|p2a: Shuckle|p1a: Clefable
|
|upkeep
|turn|9
|
|t:|1658839682
|move|p1a: Clefable|Cosmic Power|p1a: Clefable
|-boost|p1a: Clefable|def|1
|-boost|p1a: Clefable|spd|1
|move|p2a: Shuckle|Mud-Slap|p1a: Clefable|[miss]
|-miss|p2a: Shuckle|p1a: Clefable
|
|upkeep
|turn|10
|
|t:|1658839693
|move|p1a: Clefable|Baton Pass|p1a: Clefable
|
|t:|1658839697
|switch|p1a: Gyarados|Gyarados, F|100/100|[from]move: Baton Pass
|-damage|p1a: Gyarados|76/100|[from] Stealth Rock
|move|p2a: Shuckle|Mud-Slap|p1a: Gyarados
|-immune|p1a: Gyarados
|
|upkeep
|turn|11
|
|t:|1658839711
|move|p1a: Gyarados|Dragon Dance|p1a: Gyarados
|-boost|p1a: Gyarados|atk|1
|-boost|p1a: Gyarados|spe|1
|move|p2a: Shuckle|Knock Off|p1a: Gyarados
|-damage|p1a: Gyarados|74/100
|-enditem|p1a: Gyarados|Life Orb|[from] move: Knock Off|[of] p2a: Shuckle
|
|upkeep
|turn|12
|
|t:|1658839722
|move|p1a: Gyarados|Waterfall|p2a: Shuckle|[miss]
|-miss|p1a: Gyarados|p2a: Shuckle
|move|p2a: Shuckle|Knock Off|p1a: Gyarados|[miss]
|-miss|p2a: Shuckle|p1a: Gyarados
|
|upkeep
|turn|13
|
|t:|1658839729
|move|p1a: Gyarados|Waterfall|p2a: Shuckle|[miss]
|-miss|p1a: Gyarados|p2a: Shuckle
|move|p2a: Shuckle|Knock Off|p1a: Gyarados
|-damage|p1a: Gyarados|73/100
|
|upkeep
|turn|14
|
|t:|1658839735
|switch|p2a: Clefable|Clefable, M, shiny|100/100
|move|p1a: Gyarados|Waterfall|p2a: Clefable
|-damage|p2a: Clefable|69/100
|
|upkeep
|turn|15
|
|t:|1658839742
|move|p1a: Gyarados|Waterfall|p2a: Clefable
|-damage|p2a: Clefable|36/100
|move|p2a: Clefable|Soft-Boiled|p2a: Clefable
|-heal|p2a: Clefable|86/100
|
|upkeep
|turn|16
|
|t:|1658839750
|move|p1a: Gyarados|Dragon Dance|p1a: Gyarados
|-boost|p1a: Gyarados|atk|1
|-boost|p1a: Gyarados|spe|1
|move|p2a: Clefable|Cosmic Power|p2a: Clefable
|-boost|p2a: Clefable|def|1
|-boost|p2a: Clefable|spd|1
|
|upkeep
|turn|17
|
|t:|1658839757
|move|p1a: Gyarados|Waterfall|p2a: Clefable
|-damage|p2a: Clefable|63/100
|move|p2a: Clefable|Cosmic Power|p2a: Clefable
|-boost|p2a: Clefable|def|1
|-boost|p2a: Clefable|spd|1
|
|upkeep
|turn|18
|
|t:|1658839766
|move|p1a: Gyarados|Waterfall|p2a: Clefable
|-damage|p2a: Clefable|47/100
|move|p2a: Clefable|Soft-Boiled|p2a: Clefable
|-heal|p2a: Clefable|97/100
|
|upkeep
|turn|19
|
|t:|1658839774
|switch|p1a: Lugia|Lugia|100/100
|-damage|p1a: Lugia|76/100|[from] Stealth Rock
|move|p2a: Clefable|Cosmic Power|p2a: Clefable
|-boost|p2a: Clefable|def|1
|-boost|p2a: Clefable|spd|1
|
|-heal|p1a: Lugia|82/100|[from] item: Leftovers
|upkeep
|turn|20
|
|t:|1658839784
|-start|p2a: Clefable|Dynamax|
|-heal|p2a: Clefable|97/100|[silent]
|move|p2a: Clefable|Max Guard|p2a: Clefable
|-singleturn|p2a: Clefable|Max Guard
|move|p1a: Lugia|Whirlwind|p2a: Clefable
|-activate|p2a: Clefable|move: Max Guard
|
|-heal|p1a: Lugia|88/100|[from] item: Leftovers
|upkeep
|turn|21
|
|t:|1658839795
|move|p1a: Lugia|Protect|p1a: Lugia
|-singleturn|p1a: Lugia|Protect
|move|p2a: Clefable|Max Mindstorm|p1a: Lugia
|-resisted|p1a: Lugia
|-zbroken|p1a: Lugia
|-damage|p1a: Lugia|86/100
|-fieldstart|move: Psychic Terrain
|
|-heal|p1a: Lugia|92/100|[from] item: Leftovers
|upkeep
|turn|22
|
|t:|1658839805
|move|p1a: Lugia|Toxic|p2a: Clefable
|-status|p2a: Clefable|tox
|move|p2a: Clefable|Max Flare|p1a: Lugia
|-damage|p1a: Lugia|76/100
|-weather|SunnyDay
|
|-weather|SunnyDay|[upkeep]
|-heal|p1a: Lugia|82/100|[from] item: Leftovers
|-damage|p2a: Clefable|94/100 tox|[from] psn
|upkeep
|-end|p2a: Clefable|Dynamax
|-heal|p2a: Clefable|94/100 tox|[silent]
|turn|23
|
|t:|1658839819
|move|p2a: Clefable|Stored Power|p1a: Lugia
|-resisted|p1a: Lugia
|-damage|p1a: Lugia|72/100
|move|p1a: Lugia|Whirlwind|p2a: Clefable
|drag|p2a: Cloyster|Cloyster, F|100/100
|
|-weather|SunnyDay|[upkeep]
|-heal|p1a: Lugia|78/100|[from] item: Leftovers
|upkeep
|turn|24
|
|t:|1658839829
|move|p2a: Cloyster|Icicle Spear|p1a: Lugia
|-supereffective|p1a: Lugia
|-damage|p1a: Lugia|65/100
|-supereffective|p1a: Lugia
|-damage|p1a: Lugia|50/100
|-supereffective|p1a: Lugia
|-damage|p1a: Lugia|38/100
|-supereffective|p1a: Lugia
|-damage|p1a: Lugia|25/100
|-supereffective|p1a: Lugia
|-damage|p1a: Lugia|11/100
|-hitcount|p1a: Lugia|5
|move|p1a: Lugia|Toxic|p2a: Cloyster
|-status|p2a: Cloyster|tox
|
|-weather|SunnyDay|[upkeep]
|-heal|p1a: Lugia|17/100|[from] item: Leftovers
|-damage|p2a: Cloyster|94/100 tox|[from] psn
|upkeep
|turn|25
|
|t:|1658839848
|move|p2a: Cloyster|Shell Smash|p2a: Cloyster
|-unboost|p2a: Cloyster|def|1
|-unboost|p2a: Cloyster|spd|1
|-boost|p2a: Cloyster|atk|2
|-boost|p2a: Cloyster|spa|2
|-boost|p2a: Cloyster|spe|2
|move|p1a: Lugia|Roost|p1a: Lugia
|-heal|p1a: Lugia|67/100
|-singleturn|p1a: Lugia|move: Roost
|
|-weather|SunnyDay|[upkeep]
|-heal|p1a: Lugia|74/100|[from] item: Leftovers
|-damage|p2a: Cloyster|82/100 tox|[from] psn
|-fieldend|move: Psychic Terrain
|upkeep
|turn|26
|
|t:|1658839863
|move|p1a: Lugia|Protect|p1a: Lugia
|-singleturn|p1a: Lugia|Protect
|move|p2a: Cloyster|Icicle Spear|p1a: Lugia
|-activate|p1a: Lugia|move: Protect
|
|-weather|none
|-heal|p1a: Lugia|80/100|[from] item: Leftovers
|-damage|p2a: Cloyster|63/100 tox|[from] psn
|upkeep
|turn|27
|
|t:|1658839875
|move|p2a: Cloyster|Icicle Spear|p1a: Lugia
|-supereffective|p1a: Lugia
|-damage|p1a: Lugia|53/100
|-supereffective|p1a: Lugia
|-damage|p1a: Lugia|27/100
|-supereffective|p1a: Lugia
|-damage|p1a: Lugia|0 fnt
|faint|p1a: Lugia
|-hitcount|p1: Lugia|3
|
|-damage|p2a: Cloyster|38/100 tox|[from] psn
|upkeep
|
|t:|1658839889
|switch|p1a: Lucario|Lucario, M|100/100
|-activate|p1a: Lucario|move: Sticky Web
|-unboost|p1a: Lucario|spe|1
|-damage|p1a: Lucario|98/100|[from] Stealth Rock
|turn|28
|
|t:|1658839896
|detailschange|p1a: Lucario|Lucario-Mega, M
|-mega|p1a: Lucario|Lucario|Lucarionite
|move|p1a: Lucario|Extreme Speed|p2a: Cloyster
|-damage|p2a: Cloyster|0 fnt
|faint|p2a: Cloyster
|
|upkeep
|
|t:|1658839903
|switch|p2a: Clefable|Clefable, M, shiny|94/100 tox
|turn|29
|
|t:|1658839907
|move|p1a: Lucario|Close Combat|p2a: Clefable
|-resisted|p2a: Clefable
|-damage|p2a: Clefable|46/100 tox
|-unboost|p1a: Lucario|def|1
|-unboost|p1a: Lucario|spd|1
|move|p2a: Clefable|Fire Blast|p1a: Lucario|[miss]
|-miss|p2a: Clefable|p1a: Lucario
|
|-damage|p2a: Clefable|40/100 tox|[from] psn
|upkeep
|turn|30
|
|t:|1658839934
|move|p1a: Lucario|Meteor Mash|p2a: Clefable
|-supereffective|p2a: Clefable
|-damage|p2a: Clefable|0 fnt
|-boost|p1a: Lucario|atk|1
|faint|p2a: Clefable
|
|upkeep
|
|t:|1658839940
|switch|p2a: Shuckle|Shuckle, M|100/100
|turn|31
|
|t:|1658839947
|move|p1a: Lucario|Close Combat|p2a: Shuckle
|-ability|p2a: Shuckle|Sturdy
|-damage|p2a: Shuckle|1/100
|-unboost|p1a: Lucario|def|1
|-unboost|p1a: Lucario|spd|1
|move|p2a: Shuckle|Mud-Slap|p1a: Lucario
|-supereffective|p1a: Lucario
|-damage|p1a: Lucario|91/100
|-unboost|p1a: Lucario|accuracy|1
|
|upkeep
|turn|32
|
|t:|1658839960
|move|p1a: Lucario|Extreme Speed|p2a: Shuckle|[miss]
|-miss|p1a: Lucario|p2a: Shuckle
|move|p2a: Shuckle|Mud-Slap|p1a: Lucario
|-supereffective|p1a: Lucario
|-damage|p1a: Lucario|83/100
|-unboost|p1a: Lucario|accuracy|1
|
|upkeep
|turn|33
|
|t:|1658839968
|move|p1a: Lucario|Extreme Speed|p2a: Shuckle
|-resisted|p2a: Shuckle
|-damage|p2a: Shuckle|0 fnt
|faint|p2a: Shuckle
|
|upkeep
|
|t:|1658839973
|switch|p2a: Kangaskhan|Kangaskhan, F|100/100
|turn|34
|
|t:|1658839977
|detailschange|p2a: Kangaskhan|Kangaskhan-Mega, F
|-mega|p2a: Kangaskhan|Kangaskhan|Kangaskhanite
|move|p2a: Kangaskhan|Fake Out|p1a: Lucario
|-resisted|p1a: Lucario
|-damage|p1a: Lucario|57/100
|-resisted|p1a: Lucario
|-damage|p1a: Lucario|51/100
|-hitcount|p1a: Lucario|2
|cant|p1a: Lucario|flinch
|
|upkeep
|turn|35
|
|t:|1658839988
|move|p2a: Kangaskhan|Seismic Toss|p1a: Lucario
|-damage|p1a: Lucario|15/100
|-damage|p1a: Lucario|0 fnt
|faint|p1a: Lucario
|-hitcount|p1: Lucario|2
|
|upkeep
|
|t:|1658839996
|switch|p1a: Clefable|Clefable, M|98/100
|-activate|p1a: Clefable|move: Sticky Web
|-unboost|p1a: Clefable|spe|1
|turn|36
|
|t:|1658840003
|move|p2a: Kangaskhan|Seismic Toss|p1a: Clefable
|-damage|p1a: Clefable|72/100
|-damage|p1a: Clefable|47/100
|-hitcount|p1a: Clefable|2
|move|p1a: Clefable|Cosmic Power|p1a: Clefable
|-boost|p1a: Clefable|def|1
|-boost|p1a: Clefable|spd|1
|
|upkeep
|turn|37
|
|t:|1658840012
|move|p2a: Kangaskhan|Seismic Toss|p1a: Clefable
|-damage|p1a: Clefable|22/100
|-damage|p1a: Clefable|0 fnt
|faint|p1a: Clefable
|-hitcount|p1: Clefable|2
|
|upkeep
|
|t:|1658840021
|switch|p1a: Ditto|Ditto|100/100
|-activate|p1a: Ditto|move: Sticky Web
|-unboost|p1a: Ditto|spe|1
|-damage|p1a: Ditto|88/100|[from] Stealth Rock
|-transform|p1a: Ditto|p2a: Kangaskhan|[from] ability: Imposter
|turn|38
|
|t:|1658840031
|move|p2a: Kangaskhan|Protect|p2a: Kangaskhan
|-singleturn|p2a: Kangaskhan|Protect
|move|p1a: Ditto|Seismic Toss|p2a: Kangaskhan
|-activate|p2a: Kangaskhan|move: Protect
|
|upkeep
|turn|39
|
|t:|1658840037
|move|p1a: Ditto|Seismic Toss|p2a: Kangaskhan
|-damage|p2a: Kangaskhan|72/100
|-damage|p2a: Kangaskhan|44/100
|-hitcount|p2a: Kangaskhan|2
|move|p2a: Kangaskhan|Seismic Toss|p1a: Ditto
|-damage|p1a: Ditto|46/100
|-damage|p1a: Ditto|4/100
|-hitcount|p1a: Ditto|2
|
|upkeep
|turn|40
|
|t:|1658840048
|move|p2a: Kangaskhan|Sucker Punch|p1a: Ditto
|-damage|p1a: Ditto|0 fnt
|faint|p1a: Ditto
|-hitcount|p1: Ditto|1
|
|upkeep
|
|t:|1658840053
|switch|p1a: Marshadow|Marshadow|100/100
|-activate|p1a: Marshadow|move: Sticky Web
|-unboost|p1a: Marshadow|spe|1
|-damage|p1a: Marshadow|94/100|[from] Stealth Rock
|turn|41
|
|t:|1658840062
|move|p2a: Kangaskhan|Sucker Punch|p1a: Marshadow
|-damage|p1a: Marshadow|66/100
|-damage|p1a: Marshadow|58/100
|-hitcount|p1a: Marshadow|2
|move|p1a: Marshadow|Close Combat|p2a: Kangaskhan
|-supereffective|p2a: Kangaskhan
|-damage|p2a: Kangaskhan|0 fnt
|-unboost|p1a: Marshadow|def|1
|-unboost|p1a: Marshadow|spd|1
|faint|p2a: Kangaskhan
|
|upkeep
|
|t:|1658840066
|switch|p2a: Kommo-o|Kommo-o, F|100/100
|turn|42
|
|t:|1658840088
|move|p2a: Kommo-o|Poison Jab|p1a: Marshadow
|-resisted|p1a: Marshadow
|-damage|p1a: Marshadow|36/100
|move|p1a: Marshadow|Spectral Thief|p2a: Kommo-o
|-damage|p2a: Kommo-o|53/100
|
|upkeep
|turn|43
|
|t:|1658840101
|move|p1a: Marshadow|Shadow Sneak|p2a: Kommo-o
|-damage|p2a: Kommo-o|17/100
|move|p2a: Kommo-o|Scale Shot|p1a: Marshadow
|-damage|p1a: Marshadow|12/100
|-damage|p1a: Marshadow|0 fnt
|faint|p1a: Marshadow
|-hitcount|p1: Marshadow|2
|-unboost|p2a: Kommo-o|def|1
|-boost|p2a: Kommo-o|spe|1
|
|upkeep
|
|t:|1658840111
|switch|p1a: Gyarados|Gyarados, F|73/100
|-damage|p1a: Gyarados|48/100|[from] Stealth Rock
|turn|44
|
|t:|1658840122
|-start|p1a: Gyarados|Dynamax|
|-heal|p1a: Gyarados|48/100|[silent]
|move|p2a: Kommo-o|Scale Shot|p1a: Gyarados
|-damage|p1a: Gyarados|42/100
|-damage|p1a: Gyarados|36/100
|-damage|p1a: Gyarados|29/100
|-hitcount|p1a: Gyarados|3
|-unboost|p2a: Kommo-o|def|1
|-boost|p2a: Kommo-o|spe|1
|move|p1a: Gyarados|Max Airstream|p2a: Kommo-o
|-supereffective|p2a: Kommo-o
|-damage|p2a: Kommo-o|0 fnt
|-boost|p1a: Gyarados|spe|1
|faint|p2a: Kommo-o
|-ability|p1a: Gyarados|Moxie|boost
|-boost|p1a: Gyarados|atk|1
|
|upkeep
|
|t:|1658840134
|switch|p2a: Smeargle|Smeargle, M, shiny|100/100
|turn|45
|
|t:|1658840144
|move|p1a: Gyarados|Max Geyser|p2a: Smeargle
|-enditem|p2a: Smeargle|Focus Sash
|-damage|p2a: Smeargle|1/100
|-weather|RainDance
|move|p2a: Smeargle|Spore|p1a: Gyarados
|-status|p1a: Gyarados|slp|[from] move: Spore
|
|-weather|RainDance|[upkeep]
|-ability|p2a: Smeargle|Moody|boost
|-boost|p2a: Smeargle|spa|2
|-unboost|p2a: Smeargle|atk|1
|upkeep
|turn|46
|
|t:|1658840156
|cant|p1a: Gyarados|slp
|move|p2a: Smeargle|Shell Smash|p2a: Smeargle
|-unboost|p2a: Smeargle|def|1
|-unboost|p2a: Smeargle|spd|1
|-boost|p2a: Smeargle|atk|2
|-boost|p2a: Smeargle|spa|2
|-boost|p2a: Smeargle|spe|2
|
|-weather|RainDance|[upkeep]
|-ability|p2a: Smeargle|Moody|boost
|-boost|p2a: Smeargle|atk|2
|-unboost|p2a: Smeargle|def|1
|upkeep
|-end|p1a: Gyarados|Dynamax
|-heal|p1a: Gyarados|29/100 slp|[silent]
|turn|47
|
|t:|1658840169
|move|p2a: Smeargle|Power Trip|p1a: Gyarados
|-damage|p1a: Gyarados|0 fnt
|faint|p1a: Gyarados
|
|win|Backgetters
|raw|thicsucttv's rating: 1319 &rarr; <strong>1298</strong><br />(-21 for losing)
|raw|Backgetters's rating: 1307 &rarr; <strong>1328</strong><br />(+21 for winning)
|c|☆thicsucttv|What
|c|☆thicsucttv|Wtf
|l|☆thicsucttv
|c|☆Backgetters|gg
||Ladder isn't responding, score probably updated but might not have (Request timeout).
