|j|☆orange overhaul
|j|☆AAzula
|t:|1642532114
|gametype|singles
|player|p1|orange overhaul|wallace|1484
|player|p2|AAzula|169|1385
|teamsize|p1|6
|teamsize|p2|6
|gen|8
|tier|[Gen 8] National Dex AG
|rated|
|rule|HP Percentage Mod: HP is shown in percentages
|rule|Endless Battle Clause: Forcing endless battles is banned
|clearpoke
|poke|p1|Kartana|
|poke|p1|Dragapult, M|
|poke|p1|Arceus-*|
|poke|p1|Melmetal|
|poke|p1|Tapu Lele|
|poke|p1|Groudon|
|poke|p2|Zacian-*|
|poke|p2|Calyrex-Shadow|
|poke|p2|Arceus-*|
|poke|p2|Groudon|
|poke|p2|Darmanitan-Galar, M|
|poke|p2|Chansey, F|
|teampreview
|inactive|Battle timer is ON: inactive players will automatically lose when time's up. (requested by orange overhaul)
|
|t:|1642532127
|start
|switch|p1a: Tapu Lele|Tapu Lele|100/100
|switch|p2a: Options|Darmanitan-Galar, M|100/100
|-fieldstart|move: Psychic Terrain|[from] ability: Psychic Surge|[of] p1a: Tapu Lele
|turn|1
|
|t:|1642532139
|switch|p1a: Groudon|Groudon|100/100
|detailschange|p1a: Groudon|Groudon-Primal
|-primal|p1a: Groudon
|-weather|DesolateLand|[from] ability: Desolate Land|[of] p1a: Groudon
|move|p2a: Options|U-turn|p1a: Groudon
|-resisted|p1a: Groudon
|-damage|p1a: Groudon|89/100
|inactive|AAzula has 120 seconds left.
|
|t:|1642532171
|switch|p2a: One Dance|Arceus-Fairy|100/100|[from]move: U-turn
|
|-weather|DesolateLand|[upkeep]
|upkeep
|turn|2
|
|t:|1642532179
|-weather|none
|switch|p1a: Tapu Lele|Tapu Lele|100/100
|move|p2a: One Dance|Judgment|p1a: Tapu Lele
|-damage|p1a: Tapu Lele|51/100
|
|upkeep
|turn|3
|
|t:|1642532187
|move|p1a: Tapu Lele|Psychic|p2a: One Dance
|-damage|p2a: One Dance|52/100
|move|p2a: One Dance|Judgment|p1a: Tapu Lele
|-damage|p1a: Tapu Lele|0 fnt
|faint|p1a: Tapu Lele
|
|upkeep
|
|t:|1642532194
|switch|p1a: Melmetal|Melmetal|100/100
|turn|4
|
|t:|1642532196
|switch|p2a: LOYALTY|Groudon|100/100
|detailschange|p2a: LOYALTY|Groudon-Primal
|-primal|p2a: LOYALTY
|-weather|DesolateLand|[from] ability: Desolate Land|[of] p2a: LOYALTY
|move|p1a: Melmetal|Double Iron Bash|p2a: LOYALTY
|-resisted|p2a: LOYALTY
|-damage|p2a: LOYALTY|89/100
|-resisted|p2a: LOYALTY
|-damage|p2a: LOYALTY|77/100
|-hitcount|p2a: LOYALTY|2
|
|-weather|DesolateLand|[upkeep]
|upkeep
|turn|5
|
|t:|1642532209
|switch|p1a: Arceus|Arceus-Ground|100/100
|move|p2a: LOYALTY|Stealth Rock|p1a: Arceus
|-sidestart|p1: orange overhaul|move: Stealth Rock
|
|-weather|DesolateLand|[upkeep]
|-fieldend|move: Psychic Terrain
|upkeep
|turn|6
|
|t:|1642532216
|-weather|none
|switch|p2a: Passionfruit|Chansey, F|100/100
|move|p1a: Arceus|Judgment|p2a: Passionfruit
|-crit|p2a: Passionfruit
|-damage|p2a: Passionfruit|84/100
|
|upkeep
|turn|7
|
|t:|1642532224
|switch|p1a: Kartana|Kartana|100/100
|-damage|p1a: Kartana|94/100|[from] Stealth Rock
|move|p2a: Passionfruit|Wish|p2a: Passionfruit
|
|upkeep
|turn|8
|
|t:|1642532229
|switch|p2a: LOYALTY|Groudon-Primal|77/100
|-weather|DesolateLand|[from] ability: Desolate Land|[of] p2a: LOYALTY
|move|p1a: Kartana|Defog|p2a: LOYALTY
|-unboost|p2a: LOYALTY|evasion|1
|-sideend|p1: orange overhaul|Stealth Rock|[from] move: Defog|[of] p1a: Kartana
|
|-weather|DesolateLand|[upkeep]
|-heal|p2a: LOYALTY|100/100|[from] move: Wish|[wisher] Passionfruit
|upkeep
|turn|9
|
|t:|1642532241
|switch|p1a: Arceus|Arceus-Ground|100/100
|move|p2a: LOYALTY|Stealth Rock|p1a: Arceus
|-sidestart|p1: orange overhaul|move: Stealth Rock
|
|-weather|DesolateLand|[upkeep]
|upkeep
|turn|10
|
|t:|1642532255
|-weather|none
|switch|p2a: Passionfruit|Chansey, F|84/100
|move|p1a: Arceus|Judgment|p2a: Passionfruit
|-damage|p2a: Passionfruit|71/100
|
|upkeep
|turn|11
|
|t:|1642532262
|switch|p1a: Groudon|Groudon-Primal|89/100
|-damage|p1a: Groudon|77/100|[from] Stealth Rock
|-weather|DesolateLand|[from] ability: Desolate Land|[of] p1a: Groudon
|move|p2a: Passionfruit|Wish|p2a: Passionfruit
|
|-weather|DesolateLand|[upkeep]
|upkeep
|turn|12
|
|t:|1642532268
|switch|p2a: One Dance|Arceus-Fairy|52/100
|move|p1a: Groudon|Stealth Rock|p2a: One Dance
|-sidestart|p2: AAzula|move: Stealth Rock
|
|-weather|DesolateLand|[upkeep]
|-heal|p2a: One Dance|100/100|[from] move: Wish|[wisher] Passionfruit
|upkeep
|turn|13
|
|t:|1642532275
|move|p2a: One Dance|Will-O-Wisp|p1a: Groudon|[miss]
|-miss|p2a: One Dance|p1a: Groudon
|move|p1a: Groudon|Earthquake|p2a: One Dance
|-damage|p2a: One Dance|66/100
|
|-weather|DesolateLand|[upkeep]
|upkeep
|turn|14
|
|t:|1642532284
|move|p2a: One Dance|Will-O-Wisp|p1a: Groudon
|-immune|p1a: Groudon
|move|p1a: Groudon|Earthquake|p2a: One Dance
|-damage|p2a: One Dance|27/100
|
|-weather|DesolateLand|[upkeep]
|upkeep
|turn|15
|
|t:|1642532292
|move|p2a: One Dance|Recover|p2a: One Dance
|-heal|p2a: One Dance|77/100
|move|p1a: Groudon|Earthquake|p2a: One Dance
|-damage|p2a: One Dance|36/100
|
|-weather|DesolateLand|[upkeep]
|upkeep
|turn|16
|
|t:|1642532305
|move|p2a: One Dance|Recover|p2a: One Dance
|-heal|p2a: One Dance|86/100
|move|p1a: Groudon|Stone Edge|p2a: One Dance
|-damage|p2a: One Dance|59/100
|
|-weather|DesolateLand|[upkeep]
|upkeep
|turn|17
|
|t:|1642532311
|move|p2a: One Dance|Defog|p1a: Groudon
|-unboost|p1a: Groudon|evasion|1
|-sideend|p1: orange overhaul|Stealth Rock|[from] move: Defog|[of] p2a: One Dance
|-sideend|p2: AAzula|Stealth Rock|[from] move: Defog|[of] p2a: One Dance
|move|p1a: Groudon|Earthquake|p2a: One Dance
|-damage|p2a: One Dance|24/100
|
|-weather|DesolateLand|[upkeep]
|upkeep
|turn|18
|
|t:|1642532317
|move|p2a: One Dance|Recover|p2a: One Dance
|-heal|p2a: One Dance|74/100
|move|p1a: Groudon|Earthquake|p2a: One Dance
|-damage|p2a: One Dance|37/100
|
|-weather|DesolateLand|[upkeep]
|upkeep
|turn|19
|
|t:|1642532323
|-weather|none
|switch|p1a: Melmetal|Melmetal|100/100
|move|p2a: One Dance|Recover|p2a: One Dance
|-heal|p2a: One Dance|87/100
|
|upkeep
|turn|20
|
|t:|1642532331
|switch|p2a: LOYALTY|Groudon-Primal|100/100
|-weather|DesolateLand|[from] ability: Desolate Land|[of] p2a: LOYALTY
|move|p1a: Melmetal|Double Iron Bash|p2a: LOYALTY
|-resisted|p2a: LOYALTY
|-damage|p2a: LOYALTY|89/100
|-resisted|p2a: LOYALTY
|-damage|p2a: LOYALTY|76/100
|-hitcount|p2a: LOYALTY|2
|
|-weather|DesolateLand|[upkeep]
|upkeep
|turn|21
|
|t:|1642532352
|switch|p1a: Dragapult|Dragapult, M, shiny|100/100
|move|p2a: LOYALTY|Precipice Blades|p1a: Dragapult
|-damage|p1a: Dragapult|9/100
|
|-weather|DesolateLand|[upkeep]
|upkeep
|turn|22
|
|t:|1642532359
|-weather|none
|switch|p2a: One Dance|Arceus-Fairy|87/100
|move|p1a: Dragapult|U-turn|p2a: One Dance
|-resisted|p2a: One Dance
|-damage|p2a: One Dance|82/100
|
|t:|1642532368
|switch|p1a: Arceus|Arceus-Ground|100/100|[from]move: U-turn
|
|upkeep
|turn|23
|
|t:|1642532374
|switch|p2a: Passionfruit|Chansey, F|71/100
|move|p1a: Arceus|Ice Beam|p2a: Passionfruit
|-damage|p2a: Passionfruit|65/100
|
|upkeep
|turn|24
|
|t:|1642532381
|move|p1a: Arceus|Judgment|p2a: Passionfruit
|-damage|p2a: Passionfruit|53/100
|move|p2a: Passionfruit|Wish|p2a: Passionfruit
|
|upkeep
|turn|25
|
|t:|1642532388
|switch|p1a: Kartana|Kartana|94/100
|move|p2a: Passionfruit|Confide|p1a: Kartana
|-unboost|p1a: Kartana|spa|1
|
|-heal|p2a: Passionfruit|100/100|[from] move: Wish|[wisher] Passionfruit
|upkeep
|turn|26
|inactive|orange overhaul has 120 seconds left.
|
|t:|1642532421
|switch|p2a: MARINEFORD|Zacian-Crowned, shiny|100/100
|-ability|p2a: MARINEFORD|Intrepid Sword|boost
|-boost|p2a: MARINEFORD|atk|1
|move|p1a: Kartana|Knock Off|p2a: MARINEFORD
|-resisted|p2a: MARINEFORD
|-damage|p2a: MARINEFORD|88/100
|
|upkeep
|turn|27
|inactive|orange overhaul has 120 seconds left.
|
|t:|1642532434
|switch|p1a: Dragapult|Dragapult, M, shiny|9/100
|move|p2a: MARINEFORD|Close Combat|p1a: Dragapult
|-immune|p1a: Dragapult
|
|upkeep
|turn|28
|
|t:|1642532441
|switch|p2a: Passionfruit|Chansey, F|100/100
|move|p1a: Dragapult|Shadow Ball|p2a: Passionfruit
|-immune|p2a: Passionfruit
|
|upkeep
|turn|29
|
|t:|1642532452
|switch|p1a: Melmetal|Melmetal|100/100
|move|p2a: Passionfruit|Wish|p2a: Passionfruit
|
|upkeep
|turn|30
|
|t:|1642532457
|switch|p2a: LOYALTY|Groudon-Primal|76/100
|-weather|DesolateLand|[from] ability: Desolate Land|[of] p2a: LOYALTY
|move|p1a: Melmetal|Thunder Wave|p2a: LOYALTY
|-immune|p2a: LOYALTY
|
|-weather|DesolateLand|[upkeep]
|-heal|p2a: LOYALTY|100/100|[from] move: Wish|[wisher] Passionfruit
|upkeep
|turn|31
|
|t:|1642532470
|switch|p1a: Dragapult|Dragapult, M, shiny|9/100
|move|p2a: LOYALTY|Precipice Blades|p1a: Dragapult
|-damage|p1a: Dragapult|0 fnt
|faint|p1a: Dragapult
|
|-weather|DesolateLand|[upkeep]
|upkeep
|
|t:|1642532474
|switch|p1a: Groudon|Groudon-Primal|77/100
|turn|32
|
|t:|1642532478
|move|p1a: Groudon|Earthquake|p2a: LOYALTY
|-supereffective|p2a: LOYALTY
|-damage|p2a: LOYALTY|41/100
|move|p2a: LOYALTY|Precipice Blades|p1a: Groudon|[miss]
|-miss|p2a: LOYALTY|p1a: Groudon
|
|-weather|DesolateLand|[upkeep]
|upkeep
|turn|33
|
|t:|1642532507
|switch|p2a: One Dance|Arceus-Fairy|82/100
|move|p1a: Groudon|Earthquake|p2a: One Dance
|-damage|p2a: One Dance|44/100
|
|-weather|DesolateLand|[upkeep]
|upkeep
|turn|34
|
|t:|1642532514
|move|p2a: One Dance|Recover|p2a: One Dance
|-heal|p2a: One Dance|94/100
|move|p1a: Groudon|Earthquake|p2a: One Dance
|-damage|p2a: One Dance|58/100
|
|-weather|DesolateLand|[upkeep]
|upkeep
|turn|35
|
|t:|1642532518
|move|p2a: One Dance|Judgment|p1a: Groudon
|-resisted|p1a: Groudon
|-damage|p1a: Groudon|55/100
|move|p1a: Groudon|Stone Edge|p2a: One Dance|[miss]
|-miss|p1a: Groudon|p2a: One Dance
|
|-weather|DesolateLand|[upkeep]
|upkeep
|turn|36
|
|t:|1642532522
|move|p2a: One Dance|Judgment|p1a: Groudon
|-resisted|p1a: Groudon
|-damage|p1a: Groudon|34/100
|move|p1a: Groudon|Lava Plume|p2a: One Dance
|-damage|p2a: One Dance|33/100
|
|-weather|DesolateLand|[upkeep]
|upkeep
|turn|37
|
|t:|1642532530
|move|p2a: One Dance|Recover|p2a: One Dance
|-heal|p2a: One Dance|83/100
|move|p1a: Groudon|Stealth Rock|p2a: One Dance
|-sidestart|p2: AAzula|move: Stealth Rock
|
|-weather|DesolateLand|[upkeep]
|upkeep
|turn|38
|
|t:|1642532538
|-weather|none
|switch|p1a: Melmetal|Melmetal|100/100
|move|p2a: One Dance|Defog|p1a: Melmetal
|-unboost|p1a: Melmetal|evasion|1
|-sideend|p2: AAzula|Stealth Rock|[from] move: Defog|[of] p2a: One Dance
|
|upkeep
|turn|39
|
|t:|1642532549
|switch|p2a: MARINEFORD|Zacian-Crowned, shiny|88/100
|-ability|p2a: MARINEFORD|Intrepid Sword|boost
|-boost|p2a: MARINEFORD|atk|1
|move|p1a: Melmetal|Double Iron Bash|p2a: MARINEFORD
|-damage|p2a: MARINEFORD|46/100
|-damage|p2a: MARINEFORD|8/100
|-hitcount|p2a: MARINEFORD|2
|
|upkeep
|turn|40
|
|t:|1642532578
|move|p2a: MARINEFORD|Close Combat|p1a: Melmetal
|-supereffective|p1a: Melmetal
|-damage|p1a: Melmetal|4/100
|-unboost|p2a: MARINEFORD|def|1
|-unboost|p2a: MARINEFORD|spd|1
|move|p1a: Melmetal|Thunder Punch|p2a: MARINEFORD
|-damage|p2a: MARINEFORD|0 fnt
|faint|p2a: MARINEFORD
|
|upkeep
|
|t:|1642532587
|switch|p2a: VANISH|Calyrex-Shadow|100/100
|-ability|p2a: VANISH|As One
|-ability|p2a: VANISH|Unnerve
|turn|41
|
|t:|1642532592
|move|p2a: VANISH|Astral Barrage|p1a: Melmetal
|-damage|p1a: Melmetal|0 fnt
|faint|p1a: Melmetal
|-ability|p2a: VANISH|Grim Neigh|boost
|-boost|p2a: VANISH|spa|1
|
|upkeep
|
|t:|1642532597
|switch|p1a: Kartana|Kartana|94/100
|turn|42
|
|t:|1642532603
|move|p1a: Kartana|Knock Off|p2a: VANISH
|-supereffective|p2a: VANISH
|-damage|p2a: VANISH|0 fnt
|-enditem|p2a: VANISH|Choice Specs|[from] move: Knock Off|[of] p1a: Kartana
|faint|p2a: VANISH
|-ability|p1a: Kartana|Beast Boost|boost
|-boost|p1a: Kartana|atk|1
|
|upkeep
|
|t:|1642532612
|switch|p2a: One Dance|Arceus-Fairy|83/100
|turn|43
|
|t:|1642532620
|-start|p1a: Kartana|Dynamax
|-heal|p1a: Kartana|94/100|[silent]
|move|p1a: Kartana|Max Knuckle|p2a: One Dance
|-resisted|p2a: One Dance
|-damage|p2a: One Dance|65/100
|-boost|p1a: Kartana|atk|1
|move|p2a: One Dance|Will-O-Wisp|p1a: Kartana
|-status|p1a: Kartana|brn
|
|-damage|p1a: Kartana|91/100 brn|[from] brn
|upkeep
|turn|44
|
|t:|1642532637
|-start|p2a: One Dance|Dynamax
|-heal|p2a: One Dance|65/100|[silent]
|move|p2a: One Dance|Max Guard|p2a: One Dance
|-singleturn|p2a: One Dance|Max Guard
|move|p1a: Kartana|Max Knuckle|p2a: One Dance
|-activate|p2a: One Dance|move: Max Guard
|
|-damage|p1a: Kartana|88/100 brn|[from] brn
|upkeep
|turn|45
|
|t:|1642532644
|move|p1a: Kartana|Max Overgrowth|p2a: One Dance
|-damage|p2a: One Dance|37/100
|-fieldstart|move: Grassy Terrain
|move|p2a: One Dance|Max Starfall|p1a: Kartana
|-resisted|p1a: Kartana
|-damage|p1a: Kartana|39/100 brn
|-fieldstart|move: Misty Terrain
|
|-damage|p1a: Kartana|36/100 brn|[from] brn
|-end|p1a: Kartana|Dynamax
|-heal|p1a: Kartana|36/100 brn|[silent]
|upkeep
|turn|46
|
|t:|1642532655
|move|p1a: Kartana|Knock Off|p2a: One Dance
|-resisted|p2a: One Dance
|-damage|p2a: One Dance|32/100
|move|p2a: One Dance|Max Starfall|p1a: Kartana
|-resisted|p1a: Kartana
|-damage|p1a: Kartana|0 fnt
|faint|p1a: Kartana
|
|-end|p2a: One Dance|Dynamax
|-heal|p2a: One Dance|32/100|[silent]
|upkeep
|
|t:|1642532664
|switch|p1a: Arceus|Arceus-Ground|100/100
|turn|47
|
|t:|1642532670
|move|p2a: One Dance|Recover|p2a: One Dance
|-heal|p2a: One Dance|82/100
|move|p1a: Arceus|Judgment|p2a: One Dance
|-damage|p2a: One Dance|56/100
|
|upkeep
|turn|48
|
|t:|1642532675
|move|p2a: One Dance|Will-O-Wisp|p1a: Arceus|[miss]
|-miss|p2a: One Dance|p1a: Arceus
|move|p1a: Arceus|Judgment|p2a: One Dance
|-damage|p2a: One Dance|30/100
|
|upkeep
|turn|49
|
|t:|1642532677
|move|p2a: One Dance|Recover|p2a: One Dance
|-heal|p2a: One Dance|80/100
|move|p1a: Arceus|Judgment|p2a: One Dance
|-crit|p2a: One Dance
|-damage|p2a: One Dance|44/100
|
|-fieldend|Misty Terrain
|upkeep
|turn|50
|
|t:|1642532680
|move|p2a: One Dance|Recover|p2a: One Dance
|-heal|p2a: One Dance|94/100
|move|p1a: Arceus|Ice Beam|p2a: One Dance
|-damage|p2a: One Dance|80/100
|
|upkeep
|turn|51
|
|t:|1642532682
|move|p2a: One Dance|Will-O-Wisp|p1a: Arceus
|-status|p1a: Arceus|brn
|move|p1a: Arceus|Ice Beam|p2a: One Dance
|-damage|p2a: One Dance|67/100
|
|-damage|p1a: Arceus|94/100 brn|[from] brn
|upkeep
|turn|52
|
|t:|1642532685
|switch|p2a: Passionfruit|Chansey, F|100/100
|move|p1a: Arceus|Ice Beam|p2a: Passionfruit
|-damage|p2a: Passionfruit|95/100
|
|-damage|p1a: Arceus|88/100 brn|[from] brn
|upkeep
|turn|53
|
|t:|1642532688
|switch|p1a: Groudon|Groudon-Primal|34/100
|-weather|DesolateLand|[from] ability: Desolate Land|[of] p1a: Groudon
|move|p2a: Passionfruit|Wish|p2a: Passionfruit
|
|-weather|DesolateLand|[upkeep]
|upkeep
|turn|54
|
|t:|1642532692
|switch|p2a: LOYALTY|Groudon-Primal|41/100
|move|p1a: Groudon|Stone Edge|p2a: LOYALTY
|-damage|p2a: LOYALTY|21/100
|
|-weather|DesolateLand|[upkeep]
|-heal|p2a: LOYALTY|99/100|[from] move: Wish|[wisher] Passionfruit
|upkeep
|turn|55
|
|t:|1642532700
|move|p1a: Groudon|Earthquake|p2a: LOYALTY
|-supereffective|p2a: LOYALTY
|-damage|p2a: LOYALTY|39/100
|move|p2a: LOYALTY|Precipice Blades|p1a: Groudon
|-supereffective|p1a: Groudon
|-damage|p1a: Groudon|0 fnt
|faint|p1a: Groudon
|
|-weather|DesolateLand|[upkeep]
|upkeep
|
|t:|1642532704
|switch|p1a: Arceus|Arceus-Ground|88/100 brn
|turn|56
|c|☆orange overhaul|gg wp
|c|☆AAzula|gg
|
|t:|1642532717
|move|p1a: Arceus|Judgment|p2a: LOYALTY
|-supereffective|p2a: LOYALTY
|-damage|p2a: LOYALTY|0 fnt
|faint|p2a: LOYALTY
|-weather|none
|
|-damage|p1a: Arceus|82/100 brn|[from] brn
|upkeep
|
|t:|1642532720
|switch|p2a: Options|Darmanitan-Galar, M|100/100
|turn|57
|
|t:|1642532725
|move|p2a: Options|Icicle Crash|p1a: Arceus
|-supereffective|p1a: Arceus
|-crit|p1a: Arceus
|-damage|p1a: Arceus|0 fnt
|faint|p1a: Arceus
|
|win|AAzula
|raw|orange overhaul's rating: 1484 &rarr; <strong>1458</strong><br />(-26 for losing)
|raw|AAzula's rating: 1385 &rarr; <strong>1411</strong><br />(+26 for winning)
