|j|☆soda49
|j|☆rowletroost
|t:|1641776341
|gametype|singles
|player|p1|soda49|265|1670
|player|p2|rowletroost|lance|1626
|teamsize|p1|6
|teamsize|p2|6
|gen|8
|tier|[Gen 8] National Dex AG
|rated|
|rule|HP Percentage Mod: HP is shown in percentages
|rule|Endless Battle Clause: Forcing endless battles is banned
|clearpoke
|poke|p1|Smeargle, M|
|poke|p1|Charizard, F|
|poke|p1|Mimikyu, F|
|poke|p1|Calyrex-Shadow|
|poke|p1|Thundurus, M|
|poke|p1|Gothitelle, F|
|poke|p2|Arceus-*|
|poke|p2|Xerneas-*|
|poke|p2|Kyogre|
|poke|p2|Marshadow|
|poke|p2|Ribombee, F|
|poke|p2|Vivillon-Savanna, F|
|teampreview
|inactive|Battle timer is ON: inactive players will automatically lose when time's up. (requested by rowletroost)
|inactive|soda49 also wants the timer to be on.
|
|t:|1641776353
|start
|switch|p1a: Charizard|Charizard, F|100/100
|switch|p2a: Xerneas|Xerneas, shiny|100/100
|-ability|p2a: Xerneas|Fairy Aura
|turn|1
|
|t:|1641776356
|-start|p1a: Charizard|Dynamax
|-formechange|p1a: Charizard|Charizard-Gmax
|-heal|p1a: Charizard|100/100|[silent]
|move|p1a: Charizard|G-Max Wildfire|p2a: Xerneas
|-damage|p2a: Xerneas|45/100
|-sidestart|p2: rowletroost|G-Max Wildfire
|move|p2a: Xerneas|Geomancy||[still]
|-prepare|p2a: Xerneas|Geomancy
|-enditem|p2a: Xerneas|Power Herb
|-anim|p2a: Xerneas|Geomancy|p2a: Xerneas
|-boost|p2a: Xerneas|spa|2
|-boost|p2a: Xerneas|spd|2
|-boost|p2a: Xerneas|spe|2
|
|-damage|p2a: Xerneas|28/100|[from] G-Max Wildfire
|upkeep
|turn|2
|
|t:|1641776360
|-start|p2a: Xerneas|Dynamax
|-heal|p2a: Xerneas|28/100|[silent]
|move|p2a: Xerneas|Max Mindstorm|p1a: Charizard
|-damage|p1a: Charizard|40/100
|-fieldstart|move: Psychic Terrain
|move|p1a: Charizard|Max Airstream|p2a: Xerneas
|-damage|p2a: Xerneas|14/100
|-boost|p1a: Charizard|spe|1
|
|-damage|p2a: Xerneas|5/100|[from] G-Max Wildfire
|upkeep
|turn|3
|
|t:|1641776364
|move|p1a: Charizard|Max Guard|p1a: Charizard
|-singleturn|p1a: Charizard|Max Guard
|move|p2a: Xerneas|Max Mindstorm|p1a: Charizard
|-activate|p1a: Charizard|move: Max Guard
|
|-damage|p2a: Xerneas|0 fnt|[from] G-Max Wildfire
|faint|p2a: Xerneas
|-end|p1a: Charizard|Dynamax
|-formechange|p1a: Charizard|Charizard
|-heal|p1a: Charizard|40/100|[silent]
|upkeep
|
|t:|1641776370
|switch|p2a: Arceus|Arceus-Ground|100/100
|turn|4
|j| 21Posers
|
|t:|1641776379
|move|p1a: Charizard|Air Slash|p2a: Arceus
|-damage|p2a: Arceus|77/100
|cant|p2a: Arceus|flinch
|
|-damage|p2a: Arceus|60/100|[from] G-Max Wildfire
|-sideend|p2: rowletroost|G-Max Wildfire
|upkeep
|turn|5
|
|t:|1641776386
|move|p1a: Charizard|Tailwind|p1a: Charizard
|-sidestart|p1: soda49|move: Tailwind
|move|p2a: Arceus|Recover|p2a: Arceus
|-heal|p2a: Arceus|100/100
|
|upkeep
|turn|6
|
|t:|1641776388
|move|p1a: Charizard|Air Slash|p2a: Arceus
|-damage|p2a: Arceus|78/100
|move|p2a: Arceus|Ice Beam|p1a: Charizard
|-damage|p1a: Charizard|9/100
|
|-fieldend|move: Psychic Terrain
|upkeep
|turn|7
|
|t:|1641776392
|move|p1a: Charizard|Air Slash|p2a: Arceus
|-damage|p2a: Arceus|56/100
|cant|p2a: Arceus|flinch
|
|upkeep
|turn|8
|
|t:|1641776397
|move|p1a: Charizard|Air Slash|p2a: Arceus
|-damage|p2a: Arceus|32/100
|move|p2a: Arceus|Recover|p2a: Arceus
|-heal|p2a: Arceus|82/100
|
|-sideend|p1: soda49|move: Tailwind
|upkeep
|turn|9
|
|t:|1641776400
|move|p1a: Charizard|Tailwind|p1a: Charizard
|-sidestart|p1: soda49|move: Tailwind
|move|p2a: Arceus|Ice Beam|p1a: Charizard
|-damage|p1a: Charizard|0 fnt
|faint|p1a: Charizard
|
|upkeep
|
|t:|1641776403
|switch|p1a: The wobbler|Smeargle, M|100/100
|turn|10
|
|t:|1641776409
|switch|p2a: Ribombee|Ribombee, F, shiny|100/100
|move|p1a: The wobbler|Spore|p2a: Ribombee
|-block|p2a: Ribombee|ability: Sweet Veil|[of] p2a: Ribombee
|
|-ability|p1a: The wobbler|Moody|boost
|-boost|p1a: The wobbler|spe|2
|-unboost|p1a: The wobbler|atk|1
|upkeep
|turn|11
|
|t:|1641776411
|switch|p1a: Thundurus|Thundurus, M|100/100
|move|p2a: Ribombee|Moonblast|p1a: Thundurus
|-damage|p1a: Thundurus|46/100
|-unboost|p1a: Thundurus|spa|1
|
|upkeep
|turn|12
|
|t:|1641776414
|switch|p1a: Gothitelle|Gothitelle, F|100/100
|move|p2a: Ribombee|Moonblast|p1a: Gothitelle
|-damage|p1a: Gothitelle|63/100
|-unboost|p1a: Gothitelle|spa|1
|
|-sideend|p1: soda49|move: Tailwind
|upkeep
|turn|13
|
|t:|1641776422
|move|p2a: Ribombee|Sticky Web|p1a: Gothitelle
|-sidestart|p1: soda49|move: Sticky Web
|move|p1a: Gothitelle|Trick|p2a: Ribombee
|-activate|p1a: Gothitelle|move: Trick|[of] p2a: Ribombee
|-item|p2a: Ribombee|Choice Scarf|[from] move: Trick
|-item|p1a: Gothitelle|Focus Sash|[from] move: Trick
|
|upkeep
|turn|14
|
|t:|1641776428
|move|p2a: Ribombee|Moonblast|p1a: Gothitelle
|-damage|p1a: Gothitelle|27/100
|-unboost|p1a: Gothitelle|spa|1
|move|p1a: Gothitelle|Torment|p2a: Ribombee
|-start|p2a: Ribombee|Torment
|
|upkeep
|turn|15
|
|t:|1641776431
|-activate|p2a: Ribombee|move: Struggle
|move|p2a: Ribombee|Struggle|p1a: Gothitelle
|-damage|p1a: Gothitelle|22/100
|-damage|p2a: Ribombee|76/100|[from] recoil
|move|p1a: Gothitelle|Rest|p1a: Gothitelle
|-status|p1a: Gothitelle|slp|[from] move: Rest
|-heal|p1a: Gothitelle|100/100 slp|[silent]
|
|upkeep
|turn|16
|
|t:|1641776434
|move|p2a: Ribombee|Moonblast|p1a: Gothitelle
|-damage|p1a: Gothitelle|60/100 slp
|cant|p1a: Gothitelle|slp
|
|upkeep
|turn|17
|
|t:|1641776437
|-activate|p2a: Ribombee|move: Struggle
|move|p2a: Ribombee|Struggle|p1a: Gothitelle
|-damage|p1a: Gothitelle|55/100 slp
|-damage|p2a: Ribombee|51/100|[from] recoil
|cant|p1a: Gothitelle|slp
|
|upkeep
|turn|18
|
|t:|1641776443
|move|p2a: Ribombee|Moonblast|p1a: Gothitelle
|-damage|p1a: Gothitelle|16/100 slp
|-unboost|p1a: Gothitelle|spa|1
|-curestatus|p1a: Gothitelle|slp|[msg]
|move|p1a: Gothitelle|Rest|p1a: Gothitelle
|-status|p1a: Gothitelle|slp|[from] move: Rest
|-heal|p1a: Gothitelle|100/100 slp|[silent]
|
|upkeep
|turn|19
|
|t:|1641776449
|-activate|p2a: Ribombee|move: Struggle
|move|p2a: Ribombee|Struggle|p1a: Gothitelle
|-damage|p1a: Gothitelle|95/100 slp
|-damage|p2a: Ribombee|26/100|[from] recoil
|cant|p1a: Gothitelle|slp
|
|upkeep
|turn|20
|
|t:|1641776453
|move|p2a: Ribombee|Moonblast|p1a: Gothitelle
|-damage|p1a: Gothitelle|55/100 slp
|cant|p1a: Gothitelle|slp
|
|upkeep
|turn|21
|
|t:|1641776460
|-activate|p2a: Ribombee|move: Struggle
|move|p2a: Ribombee|Struggle|p1a: Gothitelle
|-damage|p1a: Gothitelle|50/100 slp
|-damage|p2a: Ribombee|1/100|[from] recoil
|-curestatus|p1a: Gothitelle|slp|[msg]
|move|p1a: Gothitelle|Cosmic Power|p1a: Gothitelle
|-boost|p1a: Gothitelle|def|1
|-boost|p1a: Gothitelle|spd|1
|
|upkeep
|turn|22
|
|t:|1641776464
|move|p2a: Ribombee|Moonblast|p1a: Gothitelle
|-damage|p1a: Gothitelle|26/100
|-unboost|p1a: Gothitelle|spa|1
|move|p1a: Gothitelle|Trick|p2a: Ribombee
|-activate|p1a: Gothitelle|move: Trick|[of] p2a: Ribombee
|-item|p2a: Ribombee|Focus Sash|[from] move: Trick
|-item|p1a: Gothitelle|Choice Scarf|[from] move: Trick
|
|upkeep
|turn|23
|
|t:|1641776482
|switch|p1a: The wobbler|Smeargle, M|100/100
|-activate|p1a: The wobbler|move: Sticky Web
|-unboost|p1a: The wobbler|spe|1
|move|p2a: Ribombee|Aromatherapy||[still]
|-activate|p2a: Ribombee|move: Aromatherapy
|-fail|p2a: Ribombee
|
|-ability|p1a: The wobbler|Moody|boost
|-boost|p1a: The wobbler|spa|2
|-unboost|p1a: The wobbler|atk|1
|upkeep
|turn|24
|
|t:|1641776491
|switch|p1a: Gothitelle|Gothitelle, F|26/100
|-activate|p1a: Gothitelle|move: Sticky Web
|-unboost|p1a: Gothitelle|spe|1
|move|p2a: Ribombee|Moonblast|p1a: Gothitelle
|-damage|p1a: Gothitelle|0 fnt
|faint|p1a: Gothitelle
|
|upkeep
|
|t:|1641776506
|switch|p1a: Thundurus|Thundurus, M|46/100
|turn|25
|
|t:|1641776513
|move|p1a: Thundurus|Defog|p2a: Ribombee
|-unboost|p2a: Ribombee|evasion|1
|-sideend|p1: soda49|Sticky Web|[from] move: Defog|[of] p1a: Thundurus
|move|p2a: Ribombee|Sticky Web|p1a: Thundurus
|-sidestart|p1: soda49|move: Sticky Web
|
|upkeep
|turn|26
|
|t:|1641776517
|move|p1a: Thundurus|Scary Face|p2a: Ribombee
|-unboost|p2a: Ribombee|spe|2
|move|p2a: Ribombee|Moonblast|p1a: Thundurus
|-damage|p1a: Thundurus|0 fnt
|faint|p1a: Thundurus
|
|upkeep
|
|t:|1641776535
|switch|p1a: The wobbler|Smeargle, M|100/100
|-activate|p1a: The wobbler|move: Sticky Web
|-unboost|p1a: The wobbler|spe|1
|turn|27
|inactive|rowletroost has 120 seconds left.
|
|t:|1641776570
|move|p2a: Ribombee|Aromatherapy||[still]
|-activate|p2a: Ribombee|move: Aromatherapy
|-fail|p2a: Ribombee
|move|p1a: The wobbler|Shell Smash|p1a: The wobbler
|-unboost|p1a: The wobbler|def|1
|-unboost|p1a: The wobbler|spd|1
|-boost|p1a: The wobbler|atk|2
|-boost|p1a: The wobbler|spa|2
|-boost|p1a: The wobbler|spe|2
|
|-ability|p1a: The wobbler|Moody|boost
|-boost|p1a: The wobbler|spd|2
|-unboost|p1a: The wobbler|def|1
|upkeep
|turn|28
|
|t:|1641776574
|move|p1a: The wobbler|Power Trip|p2a: Ribombee
|-resisted|p2a: Ribombee
|-damage|p2a: Ribombee|0 fnt
|faint|p2a: Ribombee
|
|-ability|p1a: The wobbler|Moody|boost
|-boost|p1a: The wobbler|spe|2
|-unboost|p1a: The wobbler|spa|1
|upkeep
|
|t:|1641776579
|switch|p2a: Kyogre|Kyogre, shiny|100/100
|detailschange|p2a: Kyogre|Kyogre-Primal, shiny
|-primal|p2a: Kyogre
|-weather|PrimordialSea|[from] ability: Primordial Sea|[of] p2a: Kyogre
|turn|29
|
|t:|1641776581
|move|p1a: The wobbler|Spore|p2a: Kyogre
|-status|p2a: Kyogre|slp|[from] move: Spore
|cant|p2a: Kyogre|slp
|
|-weather|PrimordialSea|[upkeep]
|-ability|p1a: The wobbler|Moody|boost
|-boost|p1a: The wobbler|def|2
|-unboost|p1a: The wobbler|spe|1
|upkeep
|turn|30
|
|t:|1641776584
|move|p1a: The wobbler|Substitute|p1a: The wobbler
|-start|p1a: The wobbler|Substitute
|-damage|p1a: The wobbler|76/100
|cant|p2a: Kyogre|slp
|
|-weather|PrimordialSea|[upkeep]
|-heal|p1a: The wobbler|82/100|[from] item: Leftovers
|-ability|p1a: The wobbler|Moody|boost
|-boost|p1a: The wobbler|spe|2
|-unboost|p1a: The wobbler|def|1
|upkeep
|turn|31
|
|t:|1641776590
|move|p1a: The wobbler|Shell Smash|p1a: The wobbler
|-unboost|p1a: The wobbler|def|1
|-unboost|p1a: The wobbler|spd|1
|-boost|p1a: The wobbler|atk|2
|-boost|p1a: The wobbler|spa|2
|-boost|p1a: The wobbler|spe|2
|-curestatus|p2a: Kyogre|slp|[msg]
|move|p2a: Kyogre|Roar|p1a: The wobbler
|drag|p1a: Mimikyu|Mimikyu, F|100/100
|-activate|p1a: Mimikyu|move: Sticky Web
|-unboost|p1a: Mimikyu|spe|1
|
|-weather|PrimordialSea|[upkeep]
|upkeep
|turn|32
|
|t:|1641776594
|move|p2a: Kyogre|Thunder|p1a: Mimikyu
|-activate|p1a: Mimikyu|ability: Disguise
|-damage|p1a: Mimikyu|100/100
|detailschange|p1a: Mimikyu|Mimikyu-Busted, F
|-damage|p1a: Mimikyu|88/100|[from] pokemon: Mimikyu-Busted
|move|p1a: Mimikyu|Curse|p2a: Kyogre
|-start|p2a: Kyogre|Curse|[of] p1a: Mimikyu
|-damage|p1a: Mimikyu|38/100
|
|-weather|PrimordialSea|[upkeep]
|-damage|p2a: Kyogre|75/100|[from] Curse
|upkeep
|turn|33
|
|t:|1641776601
|-weather|none
|switch|p2a: Arceus|Arceus-Ground|82/100
|move|p1a: Mimikyu|Trick Room|p1a: Mimikyu
|-fieldstart|move: Trick Room|[of] p1a: Mimikyu
|
|upkeep
|turn|34
|
|t:|1641776608
|move|p1a: Mimikyu|Curse|p2a: Arceus
|-start|p2a: Arceus|Curse|[of] p1a: Mimikyu
|-damage|p1a: Mimikyu|0 fnt
|faint|p1a: Mimikyu
|move|p2a: Arceus|Recover|p2a: Arceus
|-heal|p2a: Arceus|100/100
|
|-damage|p2a: Arceus|75/100|[from] Curse
|upkeep
|
|t:|1641776610
|switch|p1a: The wobbler|Smeargle, M|82/100
|-activate|p1a: The wobbler|move: Sticky Web
|-unboost|p1a: The wobbler|spe|1
|turn|35
|
|t:|1641776620
|switch|p2a: Kyogre|Kyogre-Primal, shiny|75/100
|-weather|PrimordialSea|[from] ability: Primordial Sea|[of] p2a: Kyogre
|move|p1a: The wobbler|Spore|p2a: Kyogre
|-status|p2a: Kyogre|slp|[from] move: Spore
|
|-weather|PrimordialSea|[upkeep]
|-heal|p1a: The wobbler|88/100|[from] item: Leftovers
|-ability|p1a: The wobbler|Moody|boost
|-boost|p1a: The wobbler|spa|2
|-unboost|p1a: The wobbler|spe|1
|upkeep
|turn|36
|
|t:|1641776628
|move|p1a: The wobbler|Shell Smash|p1a: The wobbler
|-unboost|p1a: The wobbler|def|1
|-unboost|p1a: The wobbler|spd|1
|-boost|p1a: The wobbler|atk|2
|-boost|p1a: The wobbler|spa|2
|-boost|p1a: The wobbler|spe|2
|cant|p2a: Kyogre|slp
|
|-weather|PrimordialSea|[upkeep]
|-heal|p1a: The wobbler|94/100|[from] item: Leftovers
|-ability|p1a: The wobbler|Moody|boost
|-boost|p1a: The wobbler|def|2
|-unboost|p1a: The wobbler|spd|1
|upkeep
|turn|37
|
|t:|1641776631
|move|p1a: The wobbler|Substitute|p1a: The wobbler
|-start|p1a: The wobbler|Substitute
|-damage|p1a: The wobbler|69/100
|cant|p2a: Kyogre|slp
|
|-weather|PrimordialSea|[upkeep]
|-heal|p1a: The wobbler|75/100|[from] item: Leftovers
|-fieldend|move: Trick Room
|-ability|p1a: The wobbler|Moody|boost
|-boost|p1a: The wobbler|def|2
|-unboost|p1a: The wobbler|spd|1
|upkeep
|turn|38
|
|t:|1641776634
|move|p1a: The wobbler|Power Trip|p2a: Kyogre
|-damage|p2a: Kyogre|23/100 slp
|-curestatus|p2a: Kyogre|slp|[msg]
|move|p2a: Kyogre|Roar|p1a: The wobbler
|drag|p1a: Calyrex|Calyrex-Shadow|100/100
|-ability|p1a: Calyrex|As One
|-ability|p1a: Calyrex|Unnerve
|-activate|p1a: Calyrex|move: Sticky Web
|-unboost|p1a: Calyrex|spe|1
|
|-weather|PrimordialSea|[upkeep]
|upkeep
|turn|39
|
|t:|1641776649
|move|p1a: Calyrex|Astral Barrage|p2a: Kyogre
|-damage|p2a: Kyogre|0 fnt
|faint|p2a: Kyogre
|-weather|none
|-ability|p1a: Calyrex|Grim Neigh|boost
|-boost|p1a: Calyrex|spa|1
|
|upkeep
|
|t:|1641776655
|switch|p2a: Vivillon|Vivillon-Savanna, F|100/100
|turn|40
|
|t:|1641776662
|move|p2a: Vivillon|Sleep Powder|p1a: Calyrex
|-status|p1a: Calyrex|slp|[from] move: Sleep Powder
|cant|p1a: Calyrex|slp
|
|upkeep
|turn|41
|
|t:|1641776670
|switch|p1a: The wobbler|Smeargle, M|75/100
|-activate|p1a: The wobbler|move: Sticky Web
|-unboost|p1a: The wobbler|spe|1
|move|p2a: Vivillon|Substitute|p2a: Vivillon
|-start|p2a: Vivillon|Substitute
|-damage|p2a: Vivillon|76/100
|
|-heal|p2a: Vivillon|82/100|[from] item: Leftovers
|-heal|p1a: The wobbler|81/100|[from] item: Leftovers
|-ability|p1a: The wobbler|Moody|boost
|-boost|p1a: The wobbler|spe|2
|-unboost|p1a: The wobbler|def|1
|upkeep
|turn|42
|
|t:|1641776676
|move|p1a: The wobbler|Substitute|p1a: The wobbler
|-start|p1a: The wobbler|Substitute
|-damage|p1a: The wobbler|56/100
|move|p2a: Vivillon|Sleep Powder||[still]
|-fail|p2a: Vivillon
|
|-heal|p1a: The wobbler|62/100|[from] item: Leftovers
|-heal|p2a: Vivillon|88/100|[from] item: Leftovers
|-ability|p1a: The wobbler|Moody|boost
|-boost|p1a: The wobbler|spe|2
|-unboost|p1a: The wobbler|atk|1
|upkeep
|turn|43
|
|t:|1641776689
|move|p1a: The wobbler|Shell Smash|p1a: The wobbler
|-unboost|p1a: The wobbler|def|1
|-unboost|p1a: The wobbler|spd|1
|-boost|p1a: The wobbler|atk|2
|-boost|p1a: The wobbler|spa|2
|-boost|p1a: The wobbler|spe|2
|move|p2a: Vivillon|Hurricane|p1a: The wobbler
|-end|p1a: The wobbler|Substitute
|
|-heal|p1a: The wobbler|68/100|[from] item: Leftovers
|-heal|p2a: Vivillon|94/100|[from] item: Leftovers
|-ability|p1a: The wobbler|Moody|boost
|-boost|p1a: The wobbler|spa|2
|-unboost|p1a: The wobbler|atk|1
|upkeep
|turn|44
|
|t:|1641776697
|move|p1a: The wobbler|Substitute|p1a: The wobbler
|-start|p1a: The wobbler|Substitute
|-damage|p1a: The wobbler|44/100
|move|p2a: Vivillon|Hurricane|p1a: The wobbler
|-end|p1a: The wobbler|Substitute
|
|-heal|p1a: The wobbler|50/100|[from] item: Leftovers
|-heal|p2a: Vivillon|99/100|[from] item: Leftovers
|-ability|p1a: The wobbler|Moody|boost
|-boost|p1a: The wobbler|atk|2
|-unboost|p1a: The wobbler|def|1
|upkeep
|turn|45
|
|t:|1641776700
|move|p1a: The wobbler|Substitute|p1a: The wobbler
|-start|p1a: The wobbler|Substitute
|-damage|p1a: The wobbler|25/100
|move|p2a: Vivillon|Hurricane|p1a: The wobbler
|-end|p1a: The wobbler|Substitute
|
|-heal|p1a: The wobbler|31/100|[from] item: Leftovers
|-heal|p2a: Vivillon|100/100|[from] item: Leftovers
|-ability|p1a: The wobbler|Moody|boost
|-boost|p1a: The wobbler|atk|2
|-unboost|p1a: The wobbler|spe|1
|upkeep
|turn|46
|
|t:|1641776707
|move|p1a: The wobbler|Substitute|p1a: The wobbler
|-start|p1a: The wobbler|Substitute
|-damage|p1a: The wobbler|6/100
|move|p2a: Vivillon|Hurricane|p1a: The wobbler
|-end|p1a: The wobbler|Substitute
|
|-heal|p1a: The wobbler|12/100|[from] item: Leftovers
|-ability|p1a: The wobbler|Moody|boost
|-boost|p1a: The wobbler|spa|2
|-unboost|p1a: The wobbler|atk|1
|upkeep
|turn|47
|
|t:|1641776710
|move|p1a: The wobbler|Power Trip|p2a: Vivillon
|-end|p2a: Vivillon|Substitute
|move|p2a: Vivillon|Hurricane|p1a: The wobbler|[miss]
|-miss|p2a: Vivillon|p1a: The wobbler
|
|-heal|p1a: The wobbler|18/100|[from] item: Leftovers
|-ability|p1a: The wobbler|Moody|boost
|-boost|p1a: The wobbler|def|2
|-unboost|p1a: The wobbler|atk|1
|upkeep
|turn|48
|
|t:|1641776716
|move|p1a: The wobbler|Spore|p2a: Vivillon
|-status|p2a: Vivillon|slp|[from] move: Spore
|cant|p2a: Vivillon|slp
|
|-heal|p1a: The wobbler|24/100|[from] item: Leftovers
|-ability|p1a: The wobbler|Moody|boost
|-boost|p1a: The wobbler|atk|2
|-unboost|p1a: The wobbler|spd|1
|upkeep
|turn|49
|
|t:|1641776723
|move|p1a: The wobbler|Shell Smash|p1a: The wobbler
|-unboost|p1a: The wobbler|def|1
|-unboost|p1a: The wobbler|spd|1
|-boost|p1a: The wobbler|atk|2
|-boost|p1a: The wobbler|spa|0
|-boost|p1a: The wobbler|spe|2
|-curestatus|p2a: Vivillon|slp|[msg]
|move|p2a: Vivillon|Hurricane|p1a: The wobbler
|-damage|p1a: The wobbler|0 fnt
|faint|p1a: The wobbler
|
|upkeep
|
|t:|1641776726
|switch|p1a: Calyrex|Calyrex-Shadow|100/100 slp
|-ability|p1a: Calyrex|As One
|-ability|p1a: Calyrex|Unnerve
|-activate|p1a: Calyrex|move: Sticky Web
|-unboost|p1a: Calyrex|spe|1
|turn|50
|
|t:|1641776729
|move|p2a: Vivillon|Substitute|p2a: Vivillon
|-start|p2a: Vivillon|Substitute
|-damage|p2a: Vivillon|76/100
|cant|p1a: Calyrex|slp
|
|-heal|p2a: Vivillon|82/100|[from] item: Leftovers
|upkeep
|turn|51
|
|t:|1641776734
|move|p2a: Vivillon|Quiver Dance|p2a: Vivillon
|-boost|p2a: Vivillon|spa|1
|-boost|p2a: Vivillon|spd|1
|-boost|p2a: Vivillon|spe|1
|-curestatus|p1a: Calyrex|slp|[msg]
|move|p1a: Calyrex|Astral Barrage|p2a: Vivillon
|-end|p2a: Vivillon|Substitute
|
|-heal|p2a: Vivillon|88/100|[from] item: Leftovers
|upkeep
|turn|52
|
|t:|1641776736
|move|p2a: Vivillon|Sleep Powder|p1a: Calyrex
|-status|p1a: Calyrex|slp|[from] move: Sleep Powder
|cant|p1a: Calyrex|slp
|
|-heal|p2a: Vivillon|94/100|[from] item: Leftovers
|upkeep
|turn|53
|
|t:|1641776739
|move|p2a: Vivillon|Substitute|p2a: Vivillon
|-start|p2a: Vivillon|Substitute
|-damage|p2a: Vivillon|69/100
|cant|p1a: Calyrex|slp
|
|-heal|p2a: Vivillon|75/100|[from] item: Leftovers
|upkeep
|turn|54
|
|t:|1641776740
|move|p2a: Vivillon|Hurricane|p1a: Calyrex
|-damage|p1a: Calyrex|40/100 slp
|-start|p1a: Calyrex|confusion
|-curestatus|p1a: Calyrex|slp|[msg]
|-activate|p1a: Calyrex|confusion
|move|p1a: Calyrex|Psyshock|p2a: Vivillon
|-end|p2a: Vivillon|Substitute
|
|-heal|p2a: Vivillon|81/100|[from] item: Leftovers
|upkeep
|turn|55
|
|t:|1641776743
|move|p2a: Vivillon|Sleep Powder|p1a: Calyrex
|-status|p1a: Calyrex|slp|[from] move: Sleep Powder
|cant|p1a: Calyrex|slp
|
|-heal|p2a: Vivillon|87/100|[from] item: Leftovers
|upkeep
|turn|56
|
|t:|1641776744
|move|p2a: Vivillon|Substitute|p2a: Vivillon
|-start|p2a: Vivillon|Substitute
|-damage|p2a: Vivillon|62/100
|cant|p1a: Calyrex|slp
|
|-heal|p2a: Vivillon|68/100|[from] item: Leftovers
|upkeep
|turn|57
|
|t:|1641776746
|move|p2a: Vivillon|Hurricane|p1a: Calyrex
|-damage|p1a: Calyrex|0 fnt
|faint|p1a: Calyrex
|
|win|rowletroost
|raw|soda49's rating: 1670 &rarr; <strong>1648</strong><br />(-22 for losing)
|raw|rowletroost's rating: 1637 &rarr; <strong>1659</strong><br />(+22 for winning)
|l|☆soda49
