|j|☆SyaNinja
|j|☆hqtokitok
|t:|1651309221
|gametype|singles
|player|p1|SyaNinja|ghetsis-gen5bw|1238
|player|p2|hqtokitok|102|1145
|teamsize|p1|6
|teamsize|p2|6
|gen|8
|tier|[Gen 8] National Dex AG
|rated|
|rule|HP Percentage Mod: HP is shown in percentages
|rule|Endless Battle Clause: Forcing endless battles is banned
|clearpoke
|poke|p1|Kommo-o, M|
|poke|p1|Slurpuff, F|
|poke|p1|Linoone, M|
|poke|p1|Darmanitan, F|
|poke|p1|Darmanitan-Galar, F|
|poke|p1|Azumarill, F|
|poke|p2|Cinderace, M|
|poke|p2|Slowbro-Galar, M|
|poke|p2|Hatterene, F|
|poke|p2|Urshifu-*, M|
|poke|p2|Lucario, M|
|poke|p2|Lugia|
|teampreview
|
|t:|1651309229
|start
|switch|p1a: Slurpuff|Slurpuff, F|100/100
|switch|p2a: Slowbro|Slowbro-Galar, M, shiny|100/100
|turn|1
|
|t:|1651309236
|move|p1a: Slurpuff|Sticky Web|p2a: Slowbro
|-sidestart|p2: hqtokitok|move: Sticky Web
|move|p2a: Slowbro|Belly Drum|p2a: Slowbro
|-damage|p2a: Slowbro|51/100
|-setboost|p2a: Slowbro|atk|6|[from] move: Belly Drum
|
|upkeep
|turn|2
|
|t:|1651309257
|move|p1a: Slurpuff|Play Rough|p2a: Slowbro
|-resisted|p2a: Slowbro
|-crit|p2a: Slowbro
|-damage|p2a: Slowbro|25/100
|move|p2a: Slowbro|Earthquake|p1a: Slurpuff
|-damage|p1a: Slurpuff|0 fnt
|faint|p1a: Slurpuff
|
|upkeep
|
|t:|1651309270
|switch|p1a: Azumarill|Azumarill, F|100/100
|turn|3
|-activate|p2a: Slowbro|item: Quick Claw
|
|t:|1651309278
|move|p2a: Slowbro|Body Slam|p1a: Azumarill
|-damage|p1a: Azumarill|0 fnt
|faint|p1a: Azumarill
|
|upkeep
|
|t:|1651309284
|switch|p1a: Kommo-o|Kommo-o, M|100/100
|turn|4
|-activate|p2a: Slowbro|item: Quick Claw
|
|t:|1651309292
|move|p2a: Slowbro|Drain Punch|p1a: Kommo-o
|-crit|p1a: Kommo-o
|-damage|p1a: Kommo-o|0 fnt
|-heal|p2a: Slowbro|63/100|[from] drain|[of] p1a: Kommo-o
|faint|p1a: Kommo-o
|
|upkeep
|
|t:|1651309300
|switch|p1a: Darmanitan|Darmanitan, F|100/100
|turn|5
|c|☆hqtokitok|ah
|-activate|p2a: Slowbro|ability: Quick Draw
|
|t:|1651309304
|move|p2a: Slowbro|Drain Punch|p1a: Darmanitan
|-damage|p1a: Darmanitan|0 fnt
|-heal|p2a: Slowbro|100/100|[from] drain|[of] p1a: Darmanitan
|faint|p1a: Darmanitan
|
|upkeep
|-message|SyaNinja forfeited.
|
|win|hqtokitok
|raw|SyaNinja's rating: 1238 &rarr; <strong>1206</strong><br />(-32 for losing)
|raw|hqtokitok's rating: 1145 &rarr; <strong>1177</strong><br />(+32 for winning)
|l|☆SyaNinja
