|j|☆YLong
|j|☆hugaohudi
|t:|1668670363
|gametype|singles
|player|p1|YLong|darach-caitlin|
|player|p2|hugaohudi|burglar|
|teamsize|p1|6
|teamsize|p2|6
|gen|8
|tier|[Gen 8] National Dex AG
|rule|HP Percentage Mod: HP is shown in percentages
|rule|Endless Battle Clause: Forcing endless battles is banned
|clearpoke
|poke|p1|Altaria, M|
|poke|p1|Minior-Indigo|
|poke|p1|Latios, M|
|poke|p1|Latias, F|
|poke|p1|Dragapult, F|
|poke|p1|Magnezone|
|poke|p2|Pinsir, M|
|poke|p2|Centiskorch, M|
|poke|p2|Swellow, M|
|poke|p2|Naganadel|
|poke|p2|Crustle, F|
|poke|p2|Volcarona, F|
|teampreview
|j| lejiangcaibi
|c| lejiangcaibi|6
|
|t:|1668670393
|start
|switch|p1a: Altaria|Altaria, M, shiny|100/100
|switch|p2a: Naganadel|Naganadel|100/100
|-ability|p1a: Altaria|Cloud Nine
|turn|1
|j| sikongbuxie
|j| fenglinger
|c| fenglinger|让我康康
|
|t:|1668670416
|-start|p2a: Naganadel|Dynamax|
|-heal|p2a: Naganadel|100/100|[silent]
|move|p2a: Naganadel|Max Ooze|p1a: Altaria
|-damage|p1a: Altaria|40/100
|-boost|p2a: Naganadel|spa|1
|move|p1a: Altaria|Moonblast|p2a: Naganadel
|-damage|p2a: Naganadel|84/100
|
|upkeep
|turn|2
|
|t:|1668670428
|switch|p1a: Magnezone|Magnezone, shiny|100/100
|move|p2a: Naganadel|Max Airstream|p1a: Magnezone
|-resisted|p1a: Magnezone
|-damage|p1a: Magnezone|74/100
|-boost|p2a: Naganadel|spe|1
|
|upkeep
|turn|3
|
|t:|1668670451
|switch|p1a: Altaria|Altaria, M, shiny|40/100
|-ability|p1a: Altaria|Cloud Nine
|move|p2a: Naganadel|Max Flare|p1a: Altaria
|-resisted|p1a: Altaria
|-damage|p1a: Altaria|0 fnt
|-weather|SunnyDay
|faint|p1a: Altaria
|-ability|p2a: Naganadel|Beast Boost|boost
|-boost|p2a: Naganadel|spa|1
|
|-weather|SunnyDay|[upkeep]
|upkeep
|
|t:|1668670467
|switch|p1a: Dragapult|Dragapult, F, shiny|100/100
|-end|p2a: Naganadel|Dynamax
|-heal|p2a: Naganadel|84/100|[silent]
|turn|4
|
|t:|1668670480
|move|p2a: Naganadel|Dark Pulse|p1a: Dragapult
|-supereffective|p1a: Dragapult
|-enditem|p1a: Dragapult|Focus Sash
|-damage|p1a: Dragapult|1/100
|move|p1a: Dragapult|Dragon Darts|p2a: Naganadel
|-supereffective|p2a: Naganadel
|-damage|p2a: Naganadel|11/100
|-anim|p1a: Dragapult|Dragon Darts|p2a: Naganadel
|-supereffective|p2a: Naganadel
|-damage|p2a: Naganadel|0 fnt
|faint|p2a: Naganadel
|
|-weather|SunnyDay|[upkeep]
|upkeep
|c| lejiangcaibi|毒龙估计推队了
|c| lejiangcaibi|hhhg
|
|t:|1668670494
|switch|p2a: 甲爷|Pinsir, M|100/100
|turn|5
|c| lejiangcaibi|批带
|
|t:|1668670503
|detailschange|p2a: 甲爷|Pinsir-Mega, M
|-mega|p2a: 甲爷|Pinsir|Pinsirite
|move|p1a: Dragapult|Sucker Punch|p2a: 甲爷
|-damage|p2a: 甲爷|76/100
|move|p2a: 甲爷|Quick Attack|p1a: Dragapult
|-damage|p1a: Dragapult|0 fnt
|faint|p1a: Dragapult
|
|-weather|SunnyDay|[upkeep]
|upkeep
|
|t:|1668670516
|switch|p1a: Magnezone|Magnezone, shiny|74/100
|turn|6
|
|t:|1668670526
|move|p2a: 甲爷|Brick Break|p1a: Magnezone
|-supereffective|p1a: Magnezone
|-damage|p1a: Magnezone|10/100
|move|p1a: Magnezone|Hidden Power|p2a: 甲爷
|-supereffective|p2a: 甲爷
|-damage|p2a: 甲爷|16/100
|
|-weather|SunnyDay|[upkeep]
|upkeep
|turn|7
|
|t:|1668670537
|move|p2a: 甲爷|Brick Break|p1a: Magnezone
|-supereffective|p1a: Magnezone
|-damage|p1a: Magnezone|0 fnt
|faint|p1a: Magnezone
|
|-weather|none
|upkeep
|
|t:|1668670549
|switch|p1a: Latias|Latias, F|100/100
|turn|8
|c| fenglinger|双方没换场破壳梦，全是强攻
|
|t:|1668670554
|move|p2a: 甲爷|X-Scissor|p1a: Latias
|-supereffective|p1a: Latias
|-damage|p1a: Latias|0 fnt
|faint|p1a: Latias
|
|upkeep
|
|t:|1668670559
|switch|p1a: Minior|Minior-Indigo|100/100
|-formechange|p1a: Minior|Minior-Meteor||[from] ability: Shields Down
|turn|9
|c| lejiangcaibi|没了
|
|t:|1668670569
|move|p2a: 甲爷|Brick Break|p1a: Minior
|-damage|p1a: Minior|61/100
|move|p1a: Minior|Acrobatics|p2a: 甲爷
|-supereffective|p2a: 甲爷
|-damage|p2a: 甲爷|0 fnt
|faint|p2a: 甲爷
|
|upkeep
|
|t:|1668670580
|switch|p2a: Crustle|Crustle, F|100/100
|turn|10
|c| fenglinger|az
|
|t:|1668670586
|move|p1a: Minior|Shell Smash|p1a: Minior
|-unboost|p1a: Minior|def|1
|-unboost|p1a: Minior|spd|1
|-boost|p1a: Minior|atk|2
|-boost|p1a: Minior|spa|2
|-boost|p1a: Minior|spe|2
|move|p2a: Crustle|Shell Smash|p2a: Crustle
|-unboost|p2a: Crustle|def|1
|-unboost|p2a: Crustle|spd|1
|-boost|p2a: Crustle|atk|2
|-boost|p2a: Crustle|spa|2
|-boost|p2a: Crustle|spe|2
|
|upkeep
|turn|11
|
|t:|1668670606
|move|p1a: Minior|Iron Head|p2a: Crustle
|-supereffective|p2a: Crustle
|-damage|p2a: Crustle|0 fnt
|faint|p2a: Crustle
|
|upkeep
|c| fenglinger|有反转
|
|t:|1668670619
|switch|p2a: Volcarona|Volcarona, F|100/100
|turn|12
|c| lejiangcaibi|居然不是结实？
|
|t:|1668670623
|move|p1a: Minior|Acrobatics|p2a: Volcarona
|-supereffective|p2a: Volcarona
|-damage|p2a: Volcarona|0 fnt
|faint|p2a: Volcarona
|
|upkeep
|
|t:|1668670629
|switch|p2a: 1000-7等于多少？|Centiskorch, M|100/100
|turn|13
|c| lejiangcaibi|反转了
|c| lejiangcaibi|似乎
|
|t:|1668670637
|-start|p1a: Minior|Dynamax|
|-heal|p1a: Minior|61/100|[silent]
|move|p1a: Minior|Max Airstream|p2a: 1000-7等于多少？
|-supereffective|p2a: 1000-7等于多少？
|-damage|p2a: 1000-7等于多少？|0 fnt
|-boost|p1a: Minior|spe|1
|faint|p2a: 1000-7等于多少？
|
|upkeep
|c| fenglinger|只要有破壳宝可梦
|-message|hugaohudi forfeited.
|
|win|YLong
|l|☆hugaohudi
|c| fenglinger|那就有反转
|l|☆YLong
