|j|☆Geroniimo
|j|☆shisky
|t:|1661425568
|gametype|singles
|player|p1|Geroniimo|red|1502
|player|p2|shisky|266|1507
|teamsize|p1|6
|teamsize|p2|6
|gen|8
|tier|[Gen 8] National Dex AG
|rated|
|rule|HP Percentage Mod: HP is shown in percentages
|rule|Endless Battle Clause: Forcing endless battles is banned
|clearpoke
|poke|p1|Dragapult, F|
|poke|p1|Groudon|
|poke|p1|Zacian-*|
|poke|p1|Yveltal|
|poke|p1|Necrozma-Dusk-Mane|
|poke|p1|Calyrex-Shadow|
|poke|p2|Arceus-*|
|poke|p2|Arceus-*|
|poke|p2|Arceus-*|
|poke|p2|Rayquaza|
|poke|p2|Ditto|
|poke|p2|Arceus-*|
|teampreview
|inactive|Battle timer is ON: inactive players will automatically lose when time's up. (requested by Geroniimo)
|
|t:|1661425596
|start
|switch|p1a: Necrozma|Necrozma-Dusk-Mane|100/100
|switch|p2a: Arceus|Arceus-Ground|100/100
|turn|1
|
|t:|1661425623
|-start|p1a: Necrozma|Dynamax|
|-heal|p1a: Necrozma|100/100|[silent]
|move|p2a: Arceus|Swords Dance|p2a: Arceus
|-boost|p2a: Arceus|atk|2
|move|p1a: Necrozma|Max Steelspike|p2a: Arceus
|-damage|p2a: Arceus|52/100
|-boost|p1a: Necrozma|def|1
|
|upkeep
|turn|2
|
|t:|1661425634
|-zpower|p2a: Arceus
|move|p2a: Arceus|Tectonic Rage|p1a: Necrozma|[zeffect]
|-supereffective|p1a: Necrozma
|-damage|p1a: Necrozma|35/100
|-enditem|p1a: Necrozma|Weakness Policy
|-boost|p1a: Necrozma|atk|2|[from] item: Weakness Policy
|-boost|p1a: Necrozma|spa|2|[from] item: Weakness Policy
|move|p1a: Necrozma|Max Steelspike|p2a: Arceus
|-damage|p2a: Arceus|0 fnt
|-boost|p1a: Necrozma|def|1
|faint|p2a: Arceus
|
|upkeep
|
|t:|1661425648
|switch|p2a: Ditto|Ditto|100/100
|-transform|p2a: Ditto|p1a: Necrozma|[from] ability: Imposter
|turn|3
|
|t:|1661425656
|move|p1a: Necrozma|Max Guard|p1a: Necrozma
|-singleturn|p1a: Necrozma|Max Guard
|move|p2a: Ditto|Earthquake|p1a: Necrozma
|-activate|p1a: Necrozma|move: Max Guard
|
|upkeep
|-end|p1a: Necrozma|Dynamax
|-heal|p1a: Necrozma|35/100|[silent]
|turn|4
|
|t:|1661425664
|move|p2a: Ditto|Earthquake|p1a: Necrozma
|-supereffective|p1a: Necrozma
|-damage|p1a: Necrozma|0 fnt
|faint|p1a: Necrozma
|
|upkeep
|
|t:|1661425671
|switch|p1a: Calyrex|Calyrex-Shadow|100/100
|-ability|p1a: Calyrex|As One
|-ability|p1a: Calyrex|Unnerve
|turn|5
|
|t:|1661425687
|-start|p2a: Ditto|Dynamax|
|-heal|p2a: Ditto|100/100|[silent]
|move|p1a: Calyrex|Astral Barrage|p2a: Ditto
|-supereffective|p2a: Ditto
|-damage|p2a: Ditto|38/100
|move|p2a: Ditto|Max Steelspike|p1a: Calyrex
|-enditem|p1a: Calyrex|Focus Sash
|-damage|p1a: Calyrex|1/100
|-boost|p2a: Ditto|def|1
|
|upkeep
|turn|6
|
|t:|1661425705
|move|p1a: Calyrex|Astral Barrage|p2a: Ditto
|-supereffective|p2a: Ditto
|-damage|p2a: Ditto|0 fnt
|faint|p2a: Ditto
|-ability|p1a: Calyrex|Grim Neigh|boost
|-boost|p1a: Calyrex|spa|1
|
|upkeep
|
|t:|1661425717
|switch|p2a: Arceus|Arceus-Electric|100/100
|turn|7
|
|t:|1661425721
|move|p1a: Calyrex|Astral Barrage|p2a: Arceus
|-damage|p2a: Arceus|8/100
|move|p2a: Arceus|Judgment|p1a: Calyrex
|-damage|p1a: Calyrex|0 fnt
|faint|p1a: Calyrex
|
|upkeep
|
|t:|1661425730
|switch|p1a: Groudon|Groudon, shiny|100/100
|detailschange|p1a: Groudon|Groudon-Primal, shiny
|-primal|p1a: Groudon
|-weather|DesolateLand|[from] ability: Desolate Land|[of] p1a: Groudon
|turn|8
|
|t:|1661425737
|switch|p2a: Rayquaza|Rayquaza|100/100
|-ability|p2a: Rayquaza|Air Lock
|move|p1a: Groudon|Rock Polish|p1a: Groudon
|-boost|p1a: Groudon|spe|2
|
|-weather|DesolateLand|[upkeep]
|upkeep
|turn|9
|
|t:|1661425746
|detailschange|p2a: Rayquaza|Rayquaza-Mega
|-mega|p2a: Rayquaza|Rayquaza|
|-weather|DeltaStream|[from] ability: Delta Stream|[of] p2a: Rayquaza
|move|p1a: Groudon|Swords Dance|p1a: Groudon
|-boost|p1a: Groudon|atk|2
|move|p2a: Rayquaza|Dragon Ascent|p1a: Groudon
|-damage|p1a: Groudon|33/100
|-unboost|p2a: Rayquaza|def|1
|-unboost|p2a: Rayquaza|spd|1
|-damage|p2a: Rayquaza|91/100|[from] item: Life Orb
|
|-weather|DeltaStream|[upkeep]
|upkeep
|turn|10
|
|t:|1661425759
|move|p1a: Groudon|Stone Edge|p2a: Rayquaza|[miss]
|-miss|p1a: Groudon|p2a: Rayquaza
|move|p2a: Rayquaza|Dragon Ascent|p1a: Groudon
|-damage|p1a: Groudon|0 fnt
|-unboost|p2a: Rayquaza|def|1
|-unboost|p2a: Rayquaza|spd|1
|faint|p1a: Groudon
|-damage|p2a: Rayquaza|81/100|[from] item: Life Orb
|
|-weather|DeltaStream|[upkeep]
|upkeep
|
|t:|1661425769
|switch|p1a: Dragapult|Dragapult, F|100/100
|turn|11
|
|t:|1661425774
|-weather|none
|switch|p2a: Arceus|Arceus-Fairy|100/100
|move|p1a: Dragapult|Dragon Darts|p2a: Arceus
|-immune|p2a: Arceus
|
|upkeep
|turn|12
|
|t:|1661425782
|switch|p1a: Zacian|Zacian-Crowned, shiny|100/100
|-ability|p1a: Zacian|Intrepid Sword|boost
|-boost|p1a: Zacian|atk|1
|move|p2a: Arceus|Earth Power|p1a: Zacian
|-supereffective|p1a: Zacian
|-damage|p1a: Zacian|46/100
|
|upkeep
|turn|13
|
|t:|1661425794
|switch|p2a: Arceus|Arceus-Electric|8/100
|move|p1a: Zacian|Behemoth Blade|p2a: Arceus
|-resisted|p2a: Arceus
|-damage|p2a: Arceus|0 fnt
|faint|p2a: Arceus
|
|upkeep
|
|t:|1661425804
|switch|p2a: Arceus|Arceus-Grass|100/100
|turn|14
|
|t:|1661425808
|move|p1a: Zacian|Behemoth Blade|p2a: Arceus
|-damage|p2a: Arceus|32/100
|move|p2a: Arceus|Earthquake|p1a: Zacian
|-supereffective|p1a: Zacian
|-damage|p1a: Zacian|0 fnt
|faint|p1a: Zacian
|
|upkeep
|
|t:|1661425817
|switch|p1a: Dragapult|Dragapult, F|100/100
|turn|15
|
|t:|1661425825
|move|p1a: Dragapult|U-turn|p2a: Arceus
|-supereffective|p2a: Arceus
|-damage|p2a: Arceus|0 fnt
|faint|p2a: Arceus
|-damage|p1a: Dragapult|91/100|[from] item: Life Orb
|
|t:|1661425830
|switch|p1a: Yveltal|Yveltal|100/100|[from]move: U-turn
|-ability|p1a: Yveltal|Dark Aura
|
|upkeep
|
|t:|1661425837
|switch|p2a: Rayquaza|Rayquaza-Mega|81/100
|-weather|DeltaStream|[from] ability: Delta Stream|[of] p2a: Rayquaza
|turn|16
|
|t:|1661425843
|move|p1a: Yveltal|Sucker Punch|p2a: Rayquaza
|-damage|p2a: Rayquaza|15/100
|-damage|p1a: Yveltal|91/100|[from] item: Life Orb
|move|p2a: Rayquaza|Scale Shot|p1a: Yveltal
|-damage|p1a: Yveltal|72/100
|-damage|p1a: Yveltal|52/100
|-damage|p1a: Yveltal|31/100
|-damage|p1a: Yveltal|13/100
|-damage|p1a: Yveltal|0 fnt
|faint|p1a: Yveltal
|-hitcount|p1: Yveltal|5
|-unboost|p2a: Rayquaza|def|1
|-boost|p2a: Rayquaza|spe|1
|-damage|p2a: Rayquaza|5/100|[from] item: Life Orb
|
|-weather|DeltaStream|[upkeep]
|upkeep
|
|t:|1661425859
|switch|p1a: Dragapult|Dragapult, F|91/100
|turn|17
|
|t:|1661425864
|move|p1a: Dragapult|Sucker Punch|p2a: Rayquaza
|-damage|p2a: Rayquaza|0 fnt
|faint|p2a: Rayquaza
|-weather|none
|-damage|p1a: Dragapult|81/100|[from] item: Life Orb
|
|upkeep
|
|t:|1661425871
|switch|p2a: Arceus|Arceus-Fairy|100/100
|turn|18
|c|☆Geroniimo|Gg
|
|t:|1661425881
|move|p1a: Dragapult|U-turn|p2a: Arceus
|-resisted|p2a: Arceus
|-damage|p2a: Arceus|87/100
|-damage|p1a: Dragapult|71/100|[from] item: Life Orb
|move|p2a: Arceus|Judgment|p1a: Dragapult
|-supereffective|p1a: Dragapult
|-damage|p1a: Dragapult|0 fnt
|faint|p1a: Dragapult
|
|win|shisky
|raw|Geroniimo's rating: 1502 &rarr; <strong>1482</strong><br />(-20 for losing)
|raw|shisky's rating: 1507 &rarr; <strong>1527</strong><br />(+20 for winning)
|l|☆Geroniimo
||Ladder isn't responding, score probably updated but might not have (Request timeout).
