|j|☆MVP2536
|j|☆Gohansenju
|t:|1665428018
|gametype|singles
|player|p1|MVP2536|giovanni|1761
|player|p2|Gohansenju|blue-gen3two|1925
|teamsize|p1|6
|teamsize|p2|6
|gen|8
|tier|[Gen 8] National Dex AG
|rated|
|rule|HP Percentage Mod: HP is shown in percentages
|rule|Endless Battle Clause: Forcing endless battles is banned
|clearpoke
|poke|p1|Groudon|
|poke|p1|Aegislash, M|
|poke|p1|Rotom-Wash|
|poke|p1|Scrafty, M|
|poke|p1|Whimsicott, F|
|poke|p1|Ditto|
|poke|p2|Mewtwo|
|poke|p2|Arceus-*|
|poke|p2|Ditto|
|poke|p2|Rayquaza|
|poke|p2|Zamazenta-*|
|poke|p2|Arceus-*|
|teampreview
|inactive|Battle timer is ON: inactive players will automatically lose when time's up. (requested by Gohansenju)
|
|t:|1665428041
|start
|switch|p1a: Ditto|Ditto|100/100
|switch|p2a: Arceus|Arceus-Fairy|100/100
|-transform|p1a: Ditto|p2a: Arceus|[from] ability: Imposter
|turn|1
|
|t:|1665428049
|move|p1a: Ditto|Stealth Rock|p2a: Arceus
|-sidestart|p2: Gohansenju|move: Stealth Rock
|move|p2a: Arceus|Toxic|p1a: Ditto
|-status|p1a: Ditto|tox
|
|-damage|p1a: Ditto|94/100 tox|[from] psn
|upkeep
|turn|2
|
|t:|1665428051
|switch|p1a: Aegislash|Aegislash, M|100/100
|move|p2a: Arceus|Stealth Rock|p1a: Aegislash
|-sidestart|p1: MVP2536|move: Stealth Rock
|
|upkeep
|turn|3
|
|t:|1665428068
|switch|p2a: Ditto|Ditto, shiny|100/100
|-damage|p2a: Ditto|88/100|[from] Stealth Rock
|-transform|p2a: Ditto|p1a: Aegislash|[from] ability: Imposter
|-formechange|p1a: Aegislash|Aegislash-Blade||[from] ability: Stance Change
|move|p1a: Aegislash|Iron Head|p2a: Ditto
|-resisted|p2a: Ditto
|-damage|p2a: Ditto|69/100
|
|upkeep
|turn|4
|
|t:|1665428088
|switch|p2a: Arceus|Arceus|100/100
|-damage|p2a: Arceus|88/100|[from] Stealth Rock
|-formechange|p1a: Aegislash|Aegislash||[from] ability: Stance Change
|move|p1a: Aegislash|King's Shield||[still]
|-fail|p1a: Aegislash
|
|upkeep
|turn|5
|
|t:|1665428095
|move|p2a: Arceus|Swords Dance|p2a: Arceus
|-boost|p2a: Arceus|atk|2
|-formechange|p1a: Aegislash|Aegislash-Blade||[from] ability: Stance Change
|move|p1a: Aegislash|Sacred Sword|p2a: Arceus
|-supereffective|p2a: Arceus
|-damage|p2a: Arceus|41/100
|
|upkeep
|turn|6
|
|t:|1665428101
|switch|p1a: Rotom|Rotom-Wash|100/100
|-damage|p1a: Rotom|88/100|[from] Stealth Rock
|move|p2a: Arceus|Recover|p2a: Arceus
|-heal|p2a: Arceus|91/100
|
|upkeep
|turn|7
|
|t:|1665428108
|-start|p2a: Arceus|Dynamax|
|-heal|p2a: Arceus|91/100|[silent]
|move|p2a: Arceus|Max Strike|p1a: Rotom
|-damage|p1a: Rotom|0 fnt
|faint|p1a: Rotom
|
|upkeep
|
|t:|1665428122
|switch|p1a: Aegislash|Aegislash, M|100/100
|-damage|p1a: Aegislash|94/100|[from] Stealth Rock
|turn|8
|
|t:|1665428132
|move|p1a: Aegislash|King's Shield|p1a: Aegislash
|-singleturn|p1a: Aegislash|Protect
|move|p2a: Arceus|Max Strike|p1a: Aegislash
|-immune|p1a: Aegislash
|
|-heal|p1a: Aegislash|100/100|[from] item: Leftovers
|upkeep
|turn|9
|
|t:|1665428136
|switch|p1a: Whimsicott|Whimsicott, F|100/100
|move|p2a: Arceus|Max Phantasm|p1a: Whimsicott
|-damage|p1a: Whimsicott|0 fnt
|faint|p1a: Whimsicott
|
|upkeep
|
|t:|1665428138
|switch|p1a: Ditto|Ditto|94/100 tox
|-damage|p1a: Ditto|82/100 tox|[from] Stealth Rock
|-transform|p1a: Ditto|p2a: Arceus|[from] ability: Imposter
|-end|p2a: Arceus|Dynamax
|-heal|p2a: Arceus|91/100|[silent]
|turn|10
|
|t:|1665428148
|switch|p2a: Zamazenta|Zamazenta-Crowned|100/100
|-damage|p2a: Zamazenta|97/100|[from] Stealth Rock
|-ability|p2a: Zamazenta|Dauntless Shield|boost
|-boost|p2a: Zamazenta|def|1
|-start|p1a: Ditto|Dynamax|
|-heal|p1a: Ditto|82/100 tox|[silent]
|move|p1a: Ditto|Max Strike|p2a: Zamazenta
|-resisted|p2a: Zamazenta
|-damage|p2a: Zamazenta|64/100
|-unboost|p2a: Zamazenta|spe|1
|
|-damage|p1a: Ditto|79/100 tox|[from] psn
|upkeep
|turn|11
|
|t:|1665428159
|move|p1a: Ditto|Max Phantasm|p2a: Zamazenta
|-damage|p2a: Zamazenta|17/100
|-unboost|p2a: Zamazenta|def|1
|move|p2a: Zamazenta|Close Combat|p1a: Ditto
|-supereffective|p1a: Ditto
|-damage|p1a: Ditto|18/100 tox
|-unboost|p2a: Zamazenta|def|1
|-unboost|p2a: Zamazenta|spd|1
|
|-damage|p1a: Ditto|12/100 tox|[from] psn
|upkeep
|turn|12
|
|t:|1665428172
|move|p1a: Ditto|Max Strike|p2a: Zamazenta
|-resisted|p2a: Zamazenta
|-damage|p2a: Zamazenta|0 fnt
|faint|p2a: Zamazenta
|
|-damage|p1a: Ditto|3/100 tox|[from] psn
|upkeep
|
|t:|1665428181
|switch|p2a: Arceus|Arceus|91/100
|-damage|p2a: Arceus|79/100|[from] Stealth Rock
|-end|p1a: Ditto|Dynamax
|-heal|p1a: Ditto|3/100 tox|[silent]
|turn|13
|
|t:|1665428193
|switch|p2a: Arceus|Arceus-Fairy|100/100
|-damage|p2a: Arceus|88/100|[from] Stealth Rock
|move|p1a: Ditto|Extreme Speed|p2a: Arceus
|-damage|p2a: Arceus|33/100
|
|-damage|p1a: Ditto|0 fnt|[from] psn
|faint|p1a: Ditto
|upkeep
|
|t:|1665428201
|switch|p1a: Aegislash|Aegislash, M|100/100
|-damage|p1a: Aegislash|94/100|[from] Stealth Rock
|turn|14
|
|t:|1665428208
|move|p2a: Arceus|Recover|p2a: Arceus
|-heal|p2a: Arceus|83/100
|-formechange|p1a: Aegislash|Aegislash-Blade||[from] ability: Stance Change
|move|p1a: Aegislash|Iron Head|p2a: Arceus
|-supereffective|p2a: Arceus
|-damage|p2a: Arceus|14/100
|
|-heal|p1a: Aegislash|100/100|[from] item: Leftovers
|upkeep
|turn|15
|
|t:|1665428216
|move|p2a: Arceus|Judgment|p1a: Aegislash
|-resisted|p1a: Aegislash
|-damage|p1a: Aegislash|55/100
|move|p1a: Aegislash|Iron Head|p2a: Arceus
|-supereffective|p2a: Arceus
|-damage|p2a: Arceus|0 fnt
|faint|p2a: Arceus
|
|-heal|p1a: Aegislash|62/100|[from] item: Leftovers
|upkeep
|
|t:|1665428231
|switch|p2a: Rayquaza|Rayquaza|100/100
|-damage|p2a: Rayquaza|76/100|[from] Stealth Rock
|-ability|p2a: Rayquaza|Air Lock
|turn|16
|
|t:|1665428242
|-formechange|p1a: Aegislash|Aegislash||[from] ability: Stance Change
|move|p1a: Aegislash|King's Shield|p1a: Aegislash
|-singleturn|p1a: Aegislash|Protect
|move|p2a: Rayquaza|Earthquake|p1a: Aegislash
|-activate|p1a: Aegislash|move: Protect
|
|-heal|p1a: Aegislash|68/100|[from] item: Leftovers
|upkeep
|turn|17
|
|t:|1665428252
|detailschange|p2a: Rayquaza|Rayquaza-Mega
|-mega|p2a: Rayquaza|Rayquaza|
|-weather|DeltaStream|[from] ability: Delta Stream|[of] p2a: Rayquaza
|move|p2a: Rayquaza|Earthquake|p1a: Aegislash
|-supereffective|p1a: Aegislash
|-damage|p1a: Aegislash|0 fnt
|faint|p1a: Aegislash
|-damage|p2a: Rayquaza|66/100|[from] item: Life Orb
|
|-weather|DeltaStream|[upkeep]
|upkeep
|
|t:|1665428260
|switch|p1a: garbage|Groudon|100/100
|-damage|p1a: garbage|94/100|[from] Stealth Rock
|detailschange|p1a: garbage|Groudon-Primal
|-primal|p1a: garbage
|-weather|DesolateLand|[from] ability: Desolate Land|[of] p1a: garbage
|turn|18
|
|t:|1665428264
|move|p2a: Rayquaza|Earthquake|p1a: garbage
|-supereffective|p1a: garbage
|-crit|p1a: garbage
|-damage|p1a: garbage|0 fnt
|faint|p1a: garbage
|-weather|none
|-damage|p2a: Rayquaza|56/100|[from] item: Life Orb
|
|upkeep
|c|☆MVP2536|gg
|c|☆Gohansenju|Gg
|-message|MVP2536 forfeited.
|
|win|Gohansenju
|raw|MVP2536's rating: 1761 &rarr; <strong>1750</strong><br />(-11 for losing)
|raw|Gohansenju's rating: 1925 &rarr; <strong>1936</strong><br />(+11 for winning)
|l|☆MVP2536
