|j|☆EthanGamer89
|j|☆Deiblack16
|t:|1667612310
|gametype|singles
|player|p1|EthanGamer89|pokemonranger|1605
|player|p2|Deiblack16|169|1678
|teamsize|p1|6
|teamsize|p2|6
|gen|8
|tier|[Gen 8] National Dex AG
|rated|
|rule|HP Percentage Mod: HP is shown in percentages
|rule|Endless Battle Clause: Forcing endless battles is banned
|clearpoke
|poke|p1|Rayquaza|
|poke|p1|Ditto|
|poke|p1|Groudon|
|poke|p1|Xerneas-*|
|poke|p1|Yveltal|
|poke|p1|Galvantula, M|
|poke|p2|Zacian-*|
|poke|p2|Calyrex-Shadow|
|poke|p2|Groudon|
|poke|p2|Zygarde|
|poke|p2|Klefki, M|
|poke|p2|Yveltal|
|teampreview
|inactive|Battle timer is ON: inactive players will automatically lose when time's up. (requested by Deiblack16)
|
|t:|1667612316
|start
|switch|p1a: Galvantula|Galvantula, M, shiny|100/100
|switch|p2a: Yveltal|Yveltal|100/100
|-ability|p2a: Yveltal|Dark Aura
|turn|1
|
|t:|1667612321
|switch|p2a: Zygarde|Zygarde|100/100
|move|p1a: Galvantula|Thunder Wave|p2a: Zygarde
|-immune|p2a: Zygarde
|
|upkeep
|turn|2
|
|t:|1667612328
|move|p1a: Galvantula|Sticky Web|p2a: Zygarde
|-sidestart|p2: Deiblack16|move: Sticky Web
|move|p2a: Zygarde|Dragon Dance|p2a: Zygarde
|-boost|p2a: Zygarde|atk|1
|-boost|p2a: Zygarde|spe|1
|
|upkeep
|turn|3
|inactive|EthanGamer89 has 120 seconds left.
|
|t:|1667612366
|move|p2a: Zygarde|Thousand Arrows|p1a: Galvantula
|-enditem|p1a: Galvantula|Focus Sash
|-damage|p1a: Galvantula|1/100
|move|p1a: Galvantula|Bug Buzz|p2a: Zygarde
|-damage|p2a: Zygarde|59/100
|
|upkeep
|turn|4
|inactive|EthanGamer89 has 120 seconds left.
|
|t:|1667612392
|move|p2a: Zygarde|Thousand Arrows|p1a: Galvantula
|-damage|p1a: Galvantula|0 fnt
|faint|p1a: Galvantula
|
|upkeep
|
|t:|1667612399
|switch|p1a: Ditto|Ditto|100/100
|-transform|p1a: Ditto|p2a: Zygarde|[from] ability: Imposter
|turn|5
|
|t:|1667612406
|-start|p2a: Zygarde|Dynamax|
|-heal|p2a: Zygarde|59/100|[silent]
|move|p1a: Ditto|Thousand Arrows|p2a: Zygarde
|-damage|p2a: Zygarde|37/100
|move|p2a: Zygarde|Max Quake|p1a: Ditto
|-damage|p1a: Ditto|24/100
|-boost|p2a: Zygarde|spd|1
|
|-activate|p2a: Zygarde|ability: Power Construct
|detailschange|p2a: Zygarde|Zygarde-Complete
|-heal|p2a: Zygarde|61/100|[silent]
|upkeep
|turn|6
|
|t:|1667612417
|switch|p1a: Groudon|Groudon|100/100
|detailschange|p1a: Groudon|Groudon-Primal
|-primal|p1a: Groudon
|-weather|DesolateLand|[from] ability: Desolate Land|[of] p1a: Groudon
|move|p2a: Zygarde|Max Quake|p1a: Groudon
|-supereffective|p1a: Groudon
|-damage|p1a: Groudon|2/100
|-boost|p2a: Zygarde|spd|1
|
|-weather|DesolateLand|[upkeep]
|upkeep
|turn|7
|
|t:|1667612420
|move|p2a: Zygarde|Max Quake|p1a: Groudon
|-supereffective|p1a: Groudon
|-damage|p1a: Groudon|0 fnt
|-boost|p2a: Zygarde|spd|1
|faint|p1a: Groudon
|-weather|none
|
|upkeep
|c|☆Deiblack16|mmmm thanks ?
|c|☆EthanGamer89|?
|
|t:|1667612438
|switch|p1a: Xerneas|Xerneas|100/100
|-ability|p1a: Xerneas|Fairy Aura
|-end|p2a: Zygarde|Dynamax
|-heal|p2a: Zygarde|61/100|[silent]
|turn|8
|c|☆Deiblack16|why groudon
|c|☆Deiblack16|rayquaza better
|c|☆Deiblack16|you see my moves and use groudon lol
|c|☆EthanGamer89|my plan is far from your understanding
|
|t:|1667612462
|move|p2a: Zygarde|Glare|p1a: Xerneas
|-status|p1a: Xerneas|par
|move|p1a: Xerneas|Geomancy||[still]
|-prepare|p1a: Xerneas|Geomancy
|-enditem|p1a: Xerneas|Power Herb
|-anim|p1a: Xerneas|Geomancy|p1a: Xerneas
|-boost|p1a: Xerneas|spa|2
|-boost|p1a: Xerneas|spd|2
|-boost|p1a: Xerneas|spe|2
|
|upkeep
|turn|9
|inactive|EthanGamer89 has 120 seconds left.
|
|t:|1667612473
|move|p2a: Zygarde|Thousand Arrows|p1a: Xerneas
|-damage|p1a: Xerneas|54/100 par
|move|p1a: Xerneas|Moonblast|p2a: Zygarde
|-supereffective|p2a: Zygarde
|-damage|p2a: Zygarde|0 fnt
|faint|p2a: Zygarde
|
|upkeep
|
|t:|1667612477
|switch|p2a: Klefki|Klefki, M|100/100
|-activate|p2a: Klefki|move: Sticky Web
|-unboost|p2a: Klefki|spe|1
|turn|10
|
|t:|1667612484
|-start|p1a: Xerneas|Dynamax|
|-heal|p1a: Xerneas|54/100 par|[silent]
|move|p2a: Klefki|Light Screen|p2a: Klefki
|-sidestart|p2: Deiblack16|move: Light Screen
|move|p1a: Xerneas|Max Flare|p2a: Klefki
|-supereffective|p2a: Klefki
|-damage|p2a: Klefki|0 fnt
|-weather|SunnyDay
|faint|p2a: Klefki
|
|-weather|SunnyDay|[upkeep]
|upkeep
|
|t:|1667612490
|switch|p2a: Groudon|Groudon, shiny|100/100
|-activate|p2a: Groudon|move: Sticky Web
|-unboost|p2a: Groudon|spe|1
|detailschange|p2a: Groudon|Groudon-Primal, shiny
|-primal|p2a: Groudon
|-weather|DesolateLand|[from] ability: Desolate Land|[of] p2a: Groudon
|turn|11
|
|t:|1667612494
|move|p1a: Xerneas|Max Starfall|p2a: Groudon
|-resisted|p2a: Groudon
|-crit|p2a: Groudon
|-damage|p2a: Groudon|0 fnt
|-fieldstart|move: Misty Terrain
|faint|p2a: Groudon
|-weather|none
|
|upkeep
|
|t:|1667612499
|switch|p2a: Zacian|Zacian-Crowned, shiny|100/100
|-activate|p2a: Zacian|move: Sticky Web
|-unboost|p2a: Zacian|spe|1
|-ability|p2a: Zacian|Intrepid Sword|boost
|-boost|p2a: Zacian|atk|1
|turn|12
|
|t:|1667612503
|move|p2a: Zacian|Behemoth Blade|p1a: Xerneas
|-supereffective|p1a: Xerneas
|-damage|p1a: Xerneas|0 fnt
|faint|p1a: Xerneas
|
|upkeep
|
|t:|1667612510
|switch|p1a: Ditto|Ditto|24/100
|-transform|p1a: Ditto|p2a: Zacian|[from] ability: Imposter
|-ability|p1a: Ditto|Intrepid Sword|boost
|-boost|p1a: Ditto|atk|1
|turn|13
|
|t:|1667612513
|move|p1a: Ditto|Behemoth Blade|p2a: Zacian
|-damage|p2a: Zacian|0 fnt
|faint|p2a: Zacian
|
|upkeep
|
|t:|1667612516
|switch|p2a: Yveltal|Yveltal|100/100
|-ability|p2a: Yveltal|Dark Aura
|turn|14
|
|t:|1667612527
|move|p1a: Ditto|Behemoth Blade|p2a: Yveltal
|-enditem|p2a: Yveltal|Focus Sash
|-damage|p2a: Yveltal|1/100
|move|p2a: Yveltal|Heat Wave|p1a: Ditto
|-supereffective|p1a: Ditto
|-damage|p1a: Ditto|0 fnt
|faint|p1a: Ditto
|
|upkeep
|
|t:|1667612532
|switch|p1a: Rayquaza|Rayquaza|100/100
|-ability|p1a: Rayquaza|Air Lock
|turn|15
|
|t:|1667612536
|move|p1a: Rayquaza|Extreme Speed|p2a: Yveltal
|-damage|p2a: Yveltal|0 fnt
|faint|p2a: Yveltal
|-damage|p1a: Rayquaza|91/100|[from] item: Life Orb
|
|-fieldend|Misty Terrain
|upkeep
|
|t:|1667612538
|switch|p2a: Calyrex|Calyrex-Shadow|100/100
|-ability|p2a: Calyrex|As One
|-ability|p2a: Calyrex|Unnerve
|-activate|p2a: Calyrex|move: Sticky Web
|-unboost|p2a: Calyrex|spe|1
|turn|16
|
|t:|1667612544
|detailschange|p1a: Rayquaza|Rayquaza-Mega
|-mega|p1a: Rayquaza|Rayquaza|
|-weather|DeltaStream|[from] ability: Delta Stream|[of] p1a: Rayquaza
|move|p1a: Rayquaza|Scale Shot|p2a: Calyrex
|-damage|p2a: Calyrex|76/100
|-damage|p2a: Calyrex|49/100
|-hitcount|p2a: Calyrex|2
|-unboost|p1a: Rayquaza|def|1
|-boost|p1a: Rayquaza|spe|1
|-damage|p1a: Rayquaza|81/100|[from] item: Life Orb
|move|p2a: Calyrex|Astral Barrage|p1a: Rayquaza
|-damage|p1a: Rayquaza|0 fnt
|faint|p1a: Rayquaza
|-weather|none
|-ability|p2a: Calyrex|Grim Neigh|boost
|-boost|p2a: Calyrex|spa|1
|
|upkeep
|c|☆EthanGamer89|zaam
|c|☆EthanGamer89|only 2 times
|c|☆EthanGamer89|lucky one
|
|t:|1667612560
|switch|p1a: Yveltal|Yveltal|100/100
|-ability|p1a: Yveltal|Dark Aura
|turn|17
|
|t:|1667612567
|move|p1a: Yveltal|Dark Pulse|p2a: Calyrex
|-supereffective|p2a: Calyrex
|-damage|p2a: Calyrex|0 fnt
|faint|p2a: Calyrex
|-damage|p1a: Yveltal|91/100|[from] item: Life Orb
|
|win|EthanGamer89
|raw|EthanGamer89's rating: 1605 &rarr; <strong>1629</strong><br />(+24 for winning)
|raw|Deiblack16's rating: 1678 &rarr; <strong>1654</strong><br />(-24 for losing)
|l|☆Deiblack16
|c|☆EthanGamer89|gg
|c|☆EthanGamer89|told u
