|j|☆S-oooorrry
|j|☆DarkboiJ
|t:|1664608002
|gametype|singles
|player|p1|S-oooorrry|cheren|1909
|player|p2|DarkboiJ|blue-gen3two|1841
|teamsize|p1|6
|teamsize|p2|6
|gen|8
|tier|[Gen 8] National Dex AG
|rated|
|rule|HP Percentage Mod: HP is shown in percentages
|rule|Endless Battle Clause: Forcing endless battles is banned
|clearpoke
|poke|p1|Necrozma-Dusk-Mane|
|poke|p1|Arceus-*|
|poke|p1|Arceus-*|
|poke|p1|Giratina-Origin|
|poke|p1|Muk-Alola, F|
|poke|p1|Rayquaza|
|poke|p2|Zygarde|
|poke|p2|Ho-Oh|
|poke|p2|Kyogre|
|poke|p2|Groudon|
|poke|p2|Arceus-*|
|poke|p2|Ditto|
|teampreview
|inactive|Battle timer is ON: inactive players will automatically lose when time's up. (requested by S-oooorrry)
|inactive|DarkboiJ also wants the timer to be on.
|inactive|DarkboiJ has 120 seconds left.
|
|t:|1664608032
|start
|switch|p1a: Giratina|Giratina-Origin, shiny|100/100
|switch|p2a: Ho-Oh|Ho-Oh|100/100
|turn|1
|
|t:|1664608046
|switch|p2a: Kyogre|Kyogre|100/100
|detailschange|p2a: Kyogre|Kyogre-Primal
|-primal|p2a: Kyogre
|-weather|PrimordialSea|[from] ability: Primordial Sea|[of] p2a: Kyogre
|move|p1a: Giratina|Toxic|p2a: Kyogre
|-status|p2a: Kyogre|tox
|
|-weather|PrimordialSea|[upkeep]
|-damage|p2a: Kyogre|94/100 tox|[from] psn
|upkeep
|turn|2
|
|t:|1664608053
|switch|p1a: Muk|Muk-Alola, F, shiny|100/100
|move|p2a: Kyogre|Calm Mind|p2a: Kyogre
|-boost|p2a: Kyogre|spa|1
|-boost|p2a: Kyogre|spd|1
|
|-weather|PrimordialSea|[upkeep]
|-damage|p2a: Kyogre|82/100 tox|[from] psn
|upkeep
|turn|3
|
|t:|1664608057
|move|p2a: Kyogre|Surf|p1a: Muk
|-crit|p1a: Muk
|-damage|p1a: Muk|25/100
|move|p1a: Muk|Gunk Shot|p2a: Kyogre
|-damage|p2a: Kyogre|50/100 tox
|
|-weather|PrimordialSea|[upkeep]
|-damage|p2a: Kyogre|31/100 tox|[from] psn
|upkeep
|turn|4
|
|t:|1664608064
|move|p1a: Muk|Shadow Sneak|p2a: Kyogre
|-damage|p2a: Kyogre|25/100 tox
|move|p2a: Kyogre|Rest|p2a: Kyogre
|-status|p2a: Kyogre|slp|[from] move: Rest
|-heal|p2a: Kyogre|100/100 slp|[silent]
|
|-weather|PrimordialSea|[upkeep]
|upkeep
|turn|5
|
|t:|1664608067
|switch|p1a: Rayquaza|Rayquaza|100/100
|-ability|p1a: Rayquaza|Air Lock
|cant|p2a: Kyogre|slp
|move|p2a: Kyogre|Sleep Talk|p2a: Kyogre
|move|p2a: Kyogre|Calm Mind|p2a: Kyogre|[from]move: Sleep Talk
|-boost|p2a: Kyogre|spa|1
|-boost|p2a: Kyogre|spd|1
|
|-weather|PrimordialSea|[upkeep]
|upkeep
|turn|6
|
|t:|1664608072
|detailschange|p1a: Rayquaza|Rayquaza-Mega
|-mega|p1a: Rayquaza|Rayquaza|
|-weather|DeltaStream|[from] ability: Delta Stream|[of] p1a: Rayquaza
|move|p1a: Rayquaza|Dragon Ascent|p2a: Kyogre
|-damage|p2a: Kyogre|19/100 slp
|-unboost|p1a: Rayquaza|def|1
|-unboost|p1a: Rayquaza|spd|1
|cant|p2a: Kyogre|slp
|move|p2a: Kyogre|Sleep Talk|p2a: Kyogre
|move|p2a: Kyogre|Calm Mind|p2a: Kyogre|[from]move: Sleep Talk
|-boost|p2a: Kyogre|spa|1
|-boost|p2a: Kyogre|spd|1
|
|-weather|DeltaStream|[upkeep]
|upkeep
|turn|7
|
|t:|1664608088
|switch|p2a: Groudon|Groudon|100/100
|detailschange|p2a: Groudon|Groudon-Primal
|-primal|p2a: Groudon
|-weather|DesolateLand|[from] ability: Desolate Land|[of] p2a: Groudon
|move|p1a: Rayquaza|Dragon Ascent|p2a: Groudon
|-damage|p2a: Groudon|13/100
|-unboost|p1a: Rayquaza|def|1
|-unboost|p1a: Rayquaza|spd|1
|
|-weather|DesolateLand|[upkeep]
|upkeep
|turn|8
|
|t:|1664608117
|move|p1a: Rayquaza|Dragon Ascent|p2a: Groudon
|-damage|p2a: Groudon|0 fnt
|-unboost|p1a: Rayquaza|def|1
|-unboost|p1a: Rayquaza|spd|1
|faint|p2a: Groudon
|-weather|none
|
|upkeep
|
|t:|1664608129
|switch|p2a: Ditto|Ditto, shiny|100/100
|-transform|p2a: Ditto|p1a: Rayquaza|[from] ability: Imposter
|-weather|DeltaStream|[from] ability: Delta Stream|[of] p2a: Ditto
|turn|9
|
|t:|1664608145
|switch|p1a: Arceus|Arceus-Fairy|100/100
|move|p2a: Ditto|V-create|p1a: Arceus
|-damage|p1a: Arceus|50/100
|-unboost|p2a: Ditto|spe|1
|-unboost|p2a: Ditto|def|1
|-unboost|p2a: Ditto|spd|1
|
|-weather|DeltaStream|[upkeep]
|upkeep
|turn|10
|
|t:|1664608151
|move|p1a: Arceus|Recover|p1a: Arceus
|-heal|p1a: Arceus|99/100
|move|p2a: Ditto|V-create|p1a: Arceus
|-damage|p1a: Arceus|50/100
|-unboost|p2a: Ditto|spe|1
|-unboost|p2a: Ditto|def|1
|-unboost|p2a: Ditto|spd|1
|
|-weather|DeltaStream|[upkeep]
|upkeep
|turn|11
|
|t:|1664608156
|-weather|none
|switch|p2a: Ho-Oh|Ho-Oh|100/100
|move|p1a: Arceus|Recover|p1a: Arceus
|-heal|p1a: Arceus|99/100
|
|upkeep
|turn|12
|
|t:|1664608159
|switch|p1a: Giratina|Giratina-Origin, shiny|100/100
|move|p2a: Ho-Oh|Toxic|p1a: Giratina
|-status|p1a: Giratina|tox
|
|-damage|p1a: Giratina|94/100 tox|[from] psn
|upkeep
|turn|13
|
|t:|1664608162
|switch|p2a: Kyogre|Kyogre-Primal|19/100 slp
|-weather|PrimordialSea|[from] ability: Primordial Sea|[of] p2a: Kyogre
|move|p1a: Giratina|Toxic||[still]
|-fail|p1a: Giratina
|
|-weather|PrimordialSea|[upkeep]
|-damage|p1a: Giratina|82/100 tox|[from] psn
|upkeep
|turn|14
|
|t:|1664608166
|switch|p1a: Rayquaza|Rayquaza-Mega|100/100
|-weather|DeltaStream|[from] ability: Delta Stream|[of] p1a: Rayquaza
|-curestatus|p2a: Kyogre|slp|[msg]
|move|p2a: Kyogre|Rest|p2a: Kyogre
|-status|p2a: Kyogre|slp|[from] move: Rest
|-heal|p2a: Kyogre|100/100 slp|[silent]
|
|-weather|DeltaStream|[upkeep]
|upkeep
|turn|15
|
|t:|1664608173
|switch|p2a: Ho-Oh|Ho-Oh|100/100
|move|p1a: Rayquaza|Dragon Ascent|p2a: Ho-Oh
|-damage|p2a: Ho-Oh|0 fnt
|-unboost|p1a: Rayquaza|def|1
|-unboost|p1a: Rayquaza|spd|1
|faint|p2a: Ho-Oh
|
|-weather|DeltaStream|[upkeep]
|upkeep
|
|t:|1664608175
|switch|p2a: Ditto|Ditto, shiny|100/100
|-transform|p2a: Ditto|p1a: Rayquaza|[from] ability: Imposter
|turn|16
|inactive|S-oooorrry has 120 seconds left.
|
|t:|1664608217
|switch|p1a: Necrozma|Necrozma-Dusk-Mane, shiny|100/100
|move|p2a: Ditto|Dragon Ascent|p1a: Necrozma
|-resisted|p1a: Necrozma
|-damage|p1a: Necrozma|78/100
|-unboost|p2a: Ditto|def|1
|-unboost|p2a: Ditto|spd|1
|-damage|p2a: Ditto|84/100|[from] item: Rocky Helmet|[of] p1a: Necrozma
|
|-weather|DeltaStream|[upkeep]
|upkeep
|turn|17
|
|t:|1664608223
|-weather|none
|switch|p2a: Zygarde|Zygarde, shiny|100/100
|switch|p1a: Arceus|Arceus-Fairy|99/100
|
|upkeep
|turn|18
|inactive|S-oooorrry has 120 seconds left.
|
|t:|1664608229
|move|p1a: Arceus|Toxic|p2a: Zygarde
|-status|p2a: Zygarde|tox
|move|p2a: Zygarde|Glare|p1a: Arceus
|-status|p1a: Arceus|par
|
|-damage|p2a: Zygarde|94/100 tox|[from] psn
|upkeep
|turn|19
|
|t:|1664608232
|move|p2a: Zygarde|Coil|p2a: Zygarde
|-boost|p2a: Zygarde|atk|1
|-boost|p2a: Zygarde|def|1
|-boost|p2a: Zygarde|accuracy|1
|move|p1a: Arceus|Judgment|p2a: Zygarde
|-supereffective|p2a: Zygarde
|-damage|p2a: Zygarde|33/100 tox
|
|-damage|p2a: Zygarde|20/100 tox|[from] psn
|-activate|p2a: Zygarde|ability: Power Construct
|detailschange|p2a: Zygarde|Zygarde-Complete, shiny
|-heal|p2a: Zygarde|48/100 tox|[silent]
|upkeep
|turn|20
|
|t:|1664608243
|move|p2a: Zygarde|Coil|p2a: Zygarde
|-boost|p2a: Zygarde|atk|1
|-boost|p2a: Zygarde|def|1
|-boost|p2a: Zygarde|accuracy|1
|cant|p1a: Arceus|par
|
|-damage|p2a: Zygarde|29/100 tox|[from] psn
|upkeep
|turn|21
|
|t:|1664608250
|move|p2a: Zygarde|Rest|p2a: Zygarde
|-status|p2a: Zygarde|slp|[from] move: Rest
|-heal|p2a: Zygarde|100/100 slp|[silent]
|-enditem|p2a: Zygarde|Chesto Berry|[eat]
|-curestatus|p2a: Zygarde|slp|[msg]
|move|p1a: Arceus|Judgment|p2a: Zygarde
|-supereffective|p2a: Zygarde
|-damage|p2a: Zygarde|64/100
|
|upkeep
|turn|22
|
|t:|1664608256
|-start|p2a: Zygarde|Dynamax|
|-heal|p2a: Zygarde|64/100|[silent]
|move|p2a: Zygarde|Max Quake|p1a: Arceus
|-damage|p1a: Arceus|49/100 par
|-boost|p2a: Zygarde|spd|1
|move|p1a: Arceus|Will-O-Wisp|p2a: Zygarde
|-status|p2a: Zygarde|brn
|
|-damage|p2a: Zygarde|61/100 brn|[from] brn
|upkeep
|turn|23
|
|t:|1664608264
|switch|p1a: Muk|Muk-Alola, F, shiny|25/100
|move|p2a: Zygarde|Max Quake|p1a: Muk
|-supereffective|p1a: Muk
|-damage|p1a: Muk|0 fnt
|-boost|p2a: Zygarde|spd|1
|faint|p1a: Muk
|
|-damage|p2a: Zygarde|58/100 brn|[from] brn
|upkeep
|
|t:|1664608266
|switch|p1a: Rayquaza|Rayquaza-Mega|100/100
|-weather|DeltaStream|[from] ability: Delta Stream|[of] p1a: Rayquaza
|turn|24
|
|t:|1664608271
|-weather|none
|switch|p1a: Arceus|Arceus-Fairy|49/100 par
|move|p2a: Zygarde|Max Guard||[still]
|-fail|p2a: Zygarde
|
|-damage|p2a: Zygarde|55/100 brn|[from] brn
|upkeep
|-end|p2a: Zygarde|Dynamax
|-heal|p2a: Zygarde|55/100 brn|[silent]
|turn|25
|
|t:|1664608280
|move|p2a: Zygarde|Coil|p2a: Zygarde
|-boost|p2a: Zygarde|atk|1
|-boost|p2a: Zygarde|def|1
|-boost|p2a: Zygarde|accuracy|1
|cant|p1a: Arceus|par
|
|-damage|p2a: Zygarde|48/100 brn|[from] brn
|upkeep
|turn|26
|
|t:|1664608286
|-start|p1a: Arceus|Dynamax|
|-heal|p1a: Arceus|49/100 par|[silent]
|move|p2a: Zygarde|Coil|p2a: Zygarde
|-boost|p2a: Zygarde|atk|1
|-boost|p2a: Zygarde|def|1
|-boost|p2a: Zygarde|accuracy|1
|cant|p1a: Arceus|par
|
|-damage|p2a: Zygarde|42/100 brn|[from] brn
|upkeep
|turn|27
|
|t:|1664608293
|move|p2a: Zygarde|Rest|p2a: Zygarde
|-status|p2a: Zygarde|slp|[from] move: Rest
|-heal|p2a: Zygarde|100/100 slp|[silent]
|move|p1a: Arceus|Max Starfall|p2a: Zygarde
|-supereffective|p2a: Zygarde
|-damage|p2a: Zygarde|73/100 slp
|-fieldstart|move: Misty Terrain
|
|upkeep
|turn|28
|
|t:|1664608298
|cant|p2a: Zygarde|slp
|cant|p1a: Arceus|par
|
|upkeep
|-end|p1a: Arceus|Dynamax
|-heal|p1a: Arceus|49/100 par|[silent]
|turn|29
|
|t:|1664608303
|cant|p2a: Zygarde|slp
|move|p1a: Arceus|Judgment|p2a: Zygarde
|-supereffective|p2a: Zygarde
|-damage|p2a: Zygarde|52/100 slp
|
|upkeep
|turn|30
|
|t:|1664608309
|-curestatus|p2a: Zygarde|slp|[msg]
|move|p2a: Zygarde|Thousand Arrows|p1a: Arceus
|-damage|p1a: Arceus|0 fnt
|faint|p1a: Arceus
|
|upkeep
|
|t:|1664608316
|switch|p1a: Arceus|Arceus-Ground|100/100
|turn|31
|
|t:|1664608319
|move|p1a: Arceus|Swords Dance|p1a: Arceus
|-boost|p1a: Arceus|atk|2
|move|p2a: Zygarde|Glare|p1a: Arceus
|-activate|p1a: Arceus|move: Misty Terrain
|
|-fieldend|Misty Terrain
|upkeep
|turn|32
|
|t:|1664608322
|move|p1a: Arceus|Earthquake|p2a: Zygarde
|-damage|p2a: Zygarde|33/100
|move|p2a: Zygarde|Glare|p1a: Arceus
|-status|p1a: Arceus|par
|
|upkeep
|turn|33
|
|t:|1664608327
|move|p2a: Zygarde|Coil|p2a: Zygarde
|-boost|p2a: Zygarde|atk|1
|-boost|p2a: Zygarde|def|1
|-boost|p2a: Zygarde|accuracy|1
|move|p1a: Arceus|Swords Dance|p1a: Arceus
|-boost|p1a: Arceus|atk|2
|
|upkeep
|turn|34
|
|t:|1664608331
|move|p2a: Zygarde|Thousand Arrows|p1a: Arceus
|-damage|p1a: Arceus|12/100 par
|move|p1a: Arceus|Earthquake|p2a: Zygarde
|-damage|p2a: Zygarde|9/100
|
|upkeep
|turn|35
|
|t:|1664608338
|move|p2a: Zygarde|Rest|p2a: Zygarde
|-status|p2a: Zygarde|slp|[from] move: Rest
|-heal|p2a: Zygarde|100/100 slp|[silent]
|move|p1a: Arceus|Swords Dance|p1a: Arceus
|-boost|p1a: Arceus|atk|2
|
|upkeep
|turn|36
|
|t:|1664608341
|cant|p2a: Zygarde|slp
|move|p1a: Arceus|Earthquake|p2a: Zygarde
|-damage|p2a: Zygarde|72/100 slp
|
|upkeep
|turn|37
|
|t:|1664608345
|cant|p2a: Zygarde|slp
|move|p1a: Arceus|Earthquake|p2a: Zygarde
|-damage|p2a: Zygarde|39/100 slp
|
|upkeep
|turn|38
|
|t:|1664608350
|-curestatus|p2a: Zygarde|slp|[msg]
|move|p2a: Zygarde|Thousand Arrows|p1a: Arceus
|-damage|p1a: Arceus|0 fnt
|faint|p1a: Arceus
|
|upkeep
|
|t:|1664608352
|switch|p1a: Rayquaza|Rayquaza-Mega|100/100
|-weather|DeltaStream|[from] ability: Delta Stream|[of] p1a: Rayquaza
|turn|39
|
|t:|1664608364
|move|p1a: Rayquaza|Scale Shot|p2a: Zygarde
|-supereffective|p2a: Zygarde
|-damage|p2a: Zygarde|32/100
|-supereffective|p2a: Zygarde
|-damage|p2a: Zygarde|24/100
|-supereffective|p2a: Zygarde
|-damage|p2a: Zygarde|16/100
|-hitcount|p2a: Zygarde|3
|-unboost|p1a: Rayquaza|def|1
|-boost|p1a: Rayquaza|spe|1
|move|p2a: Zygarde|Thousand Arrows|p1a: Rayquaza
|-damage|p1a: Rayquaza|0 fnt
|faint|p1a: Rayquaza
|-weather|none
|
|upkeep
|-message|S-oooorrry forfeited.
|
|win|DarkboiJ
|raw|S-oooorrry's rating: 1923 &rarr; <strong>1898</strong><br />(-25 for losing)
|raw|DarkboiJ's rating: 1841 &rarr; <strong>1866</strong><br />(+25 for winning)
|l|☆S-oooorrry
