|j|☆Ussolando
|j|☆ShellRaptor556
|t:|1662700054
|gametype|singles
|player|p1|Ussolando|karen|1440
|player|p2|ShellRaptor556|sonia-masters|1599
|teamsize|p1|6
|teamsize|p2|6
|gen|8
|tier|[Gen 8] National Dex AG
|rated|
|rule|HP Percentage Mod: HP is shown in percentages
|rule|Endless Battle Clause: Forcing endless battles is banned
|clearpoke
|poke|p1|Kyogre|
|poke|p1|Galvantula, M|
|poke|p1|Greninja, M|
|poke|p1|Ditto|
|poke|p1|Jirachi|
|poke|p1|Clefable, F|
|poke|p2|Zacian-*|
|poke|p2|Kyogre|
|poke|p2|Yveltal|
|poke|p2|Ferrothorn, M|
|poke|p2|Groudon|
|poke|p2|Ditto|
|teampreview
|inactive|Battle timer is ON: inactive players will automatically lose when time's up. (requested by ShellRaptor556)
|
|t:|1662700066
|start
|switch|p1a: Galvantula|Galvantula, M, shiny|100/100
|switch|p2a: Ditto|Ditto|100/100
|-transform|p2a: Ditto|p1a: Galvantula|[from] ability: Imposter
|turn|1
|
|t:|1662700077
|move|p2a: Ditto|Sticky Web|p1a: Galvantula
|-sidestart|p1: Ussolando|move: Sticky Web
|move|p1a: Galvantula|Bug Buzz|p2a: Ditto
|-damage|p2a: Ditto|32/100
|
|upkeep
|turn|2
|
|t:|1662700091
|switch|p2a: Ferrothorn|Ferrothorn, M|100/100
|move|p1a: Galvantula|Sticky Web|p2a: Ferrothorn
|-sidestart|p2: ShellRaptor556|move: Sticky Web
|
|upkeep
|turn|3
|
|t:|1662700095
|move|p1a: Galvantula|Bug Buzz|p2a: Ferrothorn
|-damage|p2a: Ferrothorn|67/100
|move|p2a: Ferrothorn|Stealth Rock|p1a: Galvantula
|-sidestart|p1: Ussolando|move: Stealth Rock
|
|upkeep
|turn|4
|
|t:|1662700102
|move|p1a: Galvantula|Thunder|p2a: Ferrothorn
|-resisted|p2a: Ferrothorn
|-damage|p2a: Ferrothorn|48/100
|move|p2a: Ferrothorn|Knock Off|p1a: Galvantula
|-damage|p1a: Galvantula|62/100
|-enditem|p1a: Galvantula|Focus Sash|[from] move: Knock Off|[of] p2a: Ferrothorn
|
|upkeep
|turn|5
|
|t:|1662700121
|move|p1a: Galvantula|Bug Buzz|p2a: Ferrothorn
|-damage|p2a: Ferrothorn|18/100
|move|p2a: Ferrothorn|Leech Seed|p1a: Galvantula|[miss]
|-miss|p2a: Ferrothorn|p1a: Galvantula
|
|upkeep
|turn|6
|
|t:|1662700134
|move|p1a: Galvantula|Bug Buzz|p2a: Ferrothorn
|-damage|p2a: Ferrothorn|0 fnt
|faint|p2a: Ferrothorn
|
|upkeep
|
|t:|1662700149
|switch|p2a: Ditto|Ditto|32/100
|-activate|p2a: Ditto|move: Sticky Web
|-unboost|p2a: Ditto|spe|1
|-transform|p2a: Ditto|p1a: Galvantula|[from] ability: Imposter
|turn|7
|
|t:|1662700157
|move|p2a: Ditto|Bug Buzz|p1a: Galvantula
|-damage|p1a: Galvantula|0 fnt
|faint|p1a: Galvantula
|
|upkeep
|
|t:|1662700178
|switch|p1a: Clefable|Clefable, F, shiny|100/100
|-activate|p1a: Clefable|move: Sticky Web
|-unboost|p1a: Clefable|spe|1
|turn|8
|
|t:|1662700197
|switch|p2a: Zacian|Zacian-Crowned|100/100
|-activate|p2a: Zacian|move: Sticky Web
|-unboost|p2a: Zacian|spe|1
|-ability|p2a: Zacian|Intrepid Sword|boost
|-boost|p2a: Zacian|atk|1
|move|p1a: Clefable|Minimize|p1a: Clefable
|-boost|p1a: Clefable|evasion|2
|
|upkeep
|turn|9
|
|t:|1662700223
|move|p2a: Zacian|Behemoth Blade|p1a: Clefable
|-supereffective|p1a: Clefable
|-damage|p1a: Clefable|0 fnt
|faint|p1a: Clefable
|
|upkeep
|
|t:|1662700228
|switch|p1a: Ditto|Ditto, shiny|100/100
|-activate|p1a: Ditto|move: Sticky Web
|-unboost|p1a: Ditto|spe|1
|-damage|p1a: Ditto|88/100|[from] Stealth Rock
|-transform|p1a: Ditto|p2a: Zacian|[from] ability: Imposter
|-ability|p1a: Ditto|Intrepid Sword|boost
|-boost|p1a: Ditto|atk|1
|turn|10
|
|t:|1662700256
|switch|p2a: Groudon|Groudon|100/100
|-activate|p2a: Groudon|move: Sticky Web
|-unboost|p2a: Groudon|spe|1
|detailschange|p2a: Groudon|Groudon-Primal
|-primal|p2a: Groudon
|-weather|DesolateLand|[from] ability: Desolate Land|[of] p2a: Groudon
|move|p1a: Ditto|Behemoth Blade|p2a: Groudon
|-resisted|p2a: Groudon
|-damage|p2a: Groudon|60/100
|
|-weather|DesolateLand|[upkeep]
|upkeep
|turn|11
|
|t:|1662700271
|switch|p1a: Kyogre|Kyogre, shiny|100/100
|-activate|p1a: Kyogre|move: Sticky Web
|-unboost|p1a: Kyogre|spe|1
|-damage|p1a: Kyogre|88/100|[from] Stealth Rock
|detailschange|p1a: Kyogre|Kyogre-Primal, shiny
|-primal|p1a: Kyogre
|-weather|PrimordialSea|[from] ability: Primordial Sea|[of] p1a: Kyogre
|move|p2a: Groudon|Precipice Blades|p1a: Kyogre
|-damage|p1a: Kyogre|0 fnt
|faint|p1a: Kyogre
|-weather|none
|
|upkeep
|
|t:|1662700281
|switch|p1a: Greninja|Greninja, M|100/100
|-activate|p1a: Greninja|move: Sticky Web
|-unboost|p1a: Greninja|spe|1
|-damage|p1a: Greninja|88/100|[from] Stealth Rock
|turn|12
|
|t:|1662700296
|switch|p2a: Zacian|Zacian-Crowned|100/100
|-activate|p2a: Zacian|move: Sticky Web
|-unboost|p2a: Zacian|spe|1
|-ability|p2a: Zacian|Intrepid Sword|boost
|-boost|p2a: Zacian|atk|1
|move|p1a: Greninja|Water Shuriken|p2a: Zacian
|-damage|p2a: Zacian|94/100
|-damage|p2a: Zacian|87/100
|-hitcount|p2a: Zacian|2
|
|upkeep
|turn|13
|
|t:|1662700307
|switch|p1a: Jirachi|Jirachi, shiny|100/100
|-activate|p1a: Jirachi|move: Sticky Web
|-unboost|p1a: Jirachi|spe|1
|-damage|p1a: Jirachi|94/100|[from] Stealth Rock
|move|p2a: Zacian|Play Rough|p1a: Jirachi
|-resisted|p1a: Jirachi
|-damage|p1a: Jirachi|57/100
|
|-heal|p1a: Jirachi|63/100|[from] item: Leftovers
|upkeep
|turn|14
|
|t:|1662700316
|move|p2a: Zacian|Crunch|p1a: Jirachi
|-supereffective|p1a: Jirachi
|-damage|p1a: Jirachi|0 fnt
|faint|p1a: Jirachi
|
|upkeep
|
|t:|1662700319
|switch|p1a: Ditto|Ditto, shiny|88/100
|-activate|p1a: Ditto|move: Sticky Web
|-unboost|p1a: Ditto|spe|1
|-damage|p1a: Ditto|76/100|[from] Stealth Rock
|-transform|p1a: Ditto|p2a: Zacian|[from] ability: Imposter
|-ability|p1a: Ditto|Intrepid Sword|boost
|-boost|p1a: Ditto|atk|1
|turn|15
|
|t:|1662700324
|move|p1a: Ditto|Behemoth Blade|p2a: Zacian
|-damage|p2a: Zacian|0 fnt
|faint|p2a: Zacian
|
|upkeep
|
|t:|1662700338
|switch|p2a: Groudon|Groudon-Primal|60/100
|-activate|p2a: Groudon|move: Sticky Web
|-unboost|p2a: Groudon|spe|1
|-weather|DesolateLand|[from] ability: Desolate Land|[of] p2a: Groudon
|turn|16
|
|t:|1662700342
|move|p1a: Ditto|Behemoth Blade|p2a: Groudon
|-resisted|p2a: Groudon
|-damage|p2a: Groudon|18/100
|move|p2a: Groudon|Fire Punch|p1a: Ditto
|-supereffective|p1a: Ditto
|-damage|p1a: Ditto|0 fnt
|faint|p1a: Ditto
|
|-weather|DesolateLand|[upkeep]
|upkeep
|
|t:|1662700347
|switch|p1a: Greninja|Greninja, M|88/100
|-activate|p1a: Greninja|move: Sticky Web
|-unboost|p1a: Greninja|spe|1
|-damage|p1a: Greninja|76/100|[from] Stealth Rock
|turn|17
|
|t:|1662700363
|move|p1a: Greninja|Dark Pulse|p2a: Groudon
|-damage|p2a: Groudon|0 fnt
|faint|p2a: Groudon
|-weather|none
|-activate|p1a: Greninja|ability: Battle Bond
|detailschange|p1a: Greninja|Greninja-Ash, M
|
|upkeep
|
|t:|1662700368
|switch|p2a: Kyogre|Kyogre|100/100
|-activate|p2a: Kyogre|move: Sticky Web
|-unboost|p2a: Kyogre|spe|1
|detailschange|p2a: Kyogre|Kyogre-Primal
|-primal|p2a: Kyogre
|-weather|PrimordialSea|[from] ability: Primordial Sea|[of] p2a: Kyogre
|turn|18
|
|t:|1662700380
|move|p1a: Greninja|Dark Pulse|p2a: Kyogre
|-damage|p2a: Kyogre|67/100
|cant|p2a: Kyogre|flinch
|
|-weather|PrimordialSea|[upkeep]
|upkeep
|turn|19
|
|t:|1662700389
|move|p1a: Greninja|Dark Pulse|p2a: Kyogre
|-damage|p2a: Kyogre|34/100
|move|p2a: Kyogre|Thunder|p1a: Greninja
|-supereffective|p1a: Greninja
|-damage|p1a: Greninja|0 fnt
|faint|p1a: Greninja
|
|win|ShellRaptor556
|raw|Ussolando's rating: 1440 &rarr; <strong>1429</strong><br />(-11 for losing)
|raw|ShellRaptor556's rating: 1599 &rarr; <strong>1610</strong><br />(+11 for winning)
|l|☆Ussolando
