|j|☆TaxFraud094
|j|☆OhLooord
|t:|1664396937
|gametype|singles
|player|p1|TaxFraud094|skyla-masters2|1897
|player|p2|OhLooord|lucas|1896
|teamsize|p1|6
|teamsize|p2|6
|gen|8
|tier|[Gen 8] National Dex AG
|rated|
|rule|HP Percentage Mod: HP is shown in percentages
|rule|Endless Battle Clause: Forcing endless battles is banned
|clearpoke
|poke|p1|Arceus-*|
|poke|p1|Necrozma-Dusk-Mane|
|poke|p1|Yveltal|
|poke|p1|Ho-Oh|
|poke|p1|Eternatus|
|poke|p1|Zygarde|
|poke|p2|Groudon|
|poke|p2|Rayquaza|
|poke|p2|Zygarde|
|poke|p2|Calyrex-Shadow|
|poke|p2|Arceus-*|
|poke|p2|Arceus-*|
|teampreview
|inactive|Battle timer is ON: inactive players will automatically lose when time's up. (requested by TaxFraud094)
|c|☆TaxFraud094|glhf
|c|☆OhLooord|u2
|
|t:|1664396955
|start
|switch|p1a: Zygarde|Zygarde|100/100
|switch|p2a: the gwoat|Rayquaza|100/100
|-ability|p2a: the gwoat|Air Lock
|turn|1
|inactive|TaxFraud094 has 120 seconds left.
|
|t:|1664396987
|switch|p1a: Necrozma|Necrozma-Dusk-Mane|100/100
|detailschange|p2a: the gwoat|Rayquaza-Mega
|-mega|p2a: the gwoat|Rayquaza|
|-weather|DeltaStream|[from] ability: Delta Stream|[of] p2a: the gwoat
|move|p2a: the gwoat|Scale Shot|p1a: Necrozma
|-resisted|p1a: Necrozma
|-damage|p1a: Necrozma|94/100
|-resisted|p1a: Necrozma
|-damage|p1a: Necrozma|87/100
|-resisted|p1a: Necrozma
|-damage|p1a: Necrozma|80/100
|-hitcount|p1a: Necrozma|3
|-unboost|p2a: the gwoat|def|1
|-boost|p2a: the gwoat|spe|1
|-damage|p2a: the gwoat|91/100|[from] item: Life Orb
|
|-weather|DeltaStream|[upkeep]
|upkeep
|turn|2
|inactive|TaxFraud094 has 120 seconds left.
|
|t:|1664396999
|-weather|none
|switch|p2a: the goat|Zygarde, shiny|100/100
|switch|p1a: Zygarde|Zygarde|100/100
|
|upkeep
|turn|3
|
|t:|1664397003
|move|p2a: the goat|Glare|p1a: Zygarde
|-status|p1a: Zygarde|par
|move|p1a: Zygarde|Glare|p2a: the goat
|-status|p2a: the goat|par
|
|upkeep
|turn|4
|
|t:|1664397008
|switch|p2a: Arceus|Arceus-Fairy|100/100
|move|p1a: Zygarde|Coil|p1a: Zygarde
|-boost|p1a: Zygarde|atk|1
|-boost|p1a: Zygarde|def|1
|-boost|p1a: Zygarde|accuracy|1
|
|upkeep
|turn|5
|
|t:|1664397014
|switch|p1a: Eternatus|Eternatus|100/100
|-ability|p1a: Eternatus|Pressure
|move|p2a: Arceus|Perish Song|p2a: Arceus
|-start|p1a: Eternatus|perish3|[silent]
|-start|p2a: Arceus|perish3|[silent]
|-fieldactivate|move: Perish Song
|
|-start|p1a: Eternatus|perish3
|-start|p2a: Arceus|perish3
|upkeep
|turn|6
|
|t:|1664397022
|switch|p1a: Ho-Oh|Ho-Oh|100/100
|move|p2a: Arceus|Thunder Wave|p1a: Ho-Oh
|-status|p1a: Ho-Oh|par
|
|-start|p2a: Arceus|perish2
|upkeep
|turn|7
|
|t:|1664397027
|switch|p2a: Pyra|Groudon|100/100
|detailschange|p2a: Pyra|Groudon-Primal
|-primal|p2a: Pyra
|-weather|DesolateLand|[from] ability: Desolate Land|[of] p2a: Pyra
|move|p1a: Ho-Oh|Toxic|p2a: Pyra
|-status|p2a: Pyra|tox
|
|-weather|DesolateLand|[upkeep]
|-damage|p2a: Pyra|94/100 tox|[from] psn
|upkeep
|turn|8
|
|t:|1664397035
|-weather|none
|switch|p2a: the gwoat|Rayquaza-Mega|91/100
|-weather|DeltaStream|[from] ability: Delta Stream|[of] p2a: the gwoat
|switch|p1a: Zygarde|Zygarde|100/100 par
|
|-weather|DeltaStream|[upkeep]
|upkeep
|turn|9
|
|t:|1664397039
|move|p2a: the gwoat|Earthquake|p1a: Zygarde
|-damage|p1a: Zygarde|69/100 par
|-damage|p2a: the gwoat|81/100|[from] item: Life Orb
|cant|p1a: Zygarde|par
|
|-weather|DeltaStream|[upkeep]
|-heal|p1a: Zygarde|75/100 par|[from] item: Leftovers
|upkeep
|turn|10
|
|t:|1664397047
|move|p2a: the gwoat|Scale Shot|p1a: Zygarde|[miss]
|-miss|p2a: the gwoat|p1a: Zygarde
|move|p1a: Zygarde|Glare|p2a: the gwoat
|-status|p2a: the gwoat|par
|
|-weather|DeltaStream|[upkeep]
|-heal|p1a: Zygarde|81/100 par|[from] item: Leftovers
|upkeep
|turn|11
|
|t:|1664397051
|move|p2a: the gwoat|Scale Shot|p1a: Zygarde
|-supereffective|p1a: Zygarde
|-damage|p1a: Zygarde|57/100 par
|-supereffective|p1a: Zygarde
|-damage|p1a: Zygarde|33/100 par
|-hitcount|p1a: Zygarde|2
|-unboost|p2a: the gwoat|def|1
|-boost|p2a: the gwoat|spe|1
|-damage|p2a: the gwoat|71/100 par|[from] item: Life Orb
|move|p1a: Zygarde|Coil|p1a: Zygarde
|-boost|p1a: Zygarde|atk|1
|-boost|p1a: Zygarde|def|1
|-boost|p1a: Zygarde|accuracy|1
|
|-weather|DeltaStream|[upkeep]
|-heal|p1a: Zygarde|39/100 par|[from] item: Leftovers
|-activate|p1a: Zygarde|ability: Power Construct
|detailschange|p1a: Zygarde|Zygarde-Complete
|-heal|p1a: Zygarde|60/100 par|[silent]
|upkeep
|turn|12
|
|t:|1664397060
|cant|p2a: the gwoat|par
|move|p1a: Zygarde|Rest|p1a: Zygarde
|-status|p1a: Zygarde|slp|[from] move: Rest
|-heal|p1a: Zygarde|100/100 slp|[silent]
|
|-weather|DeltaStream|[upkeep]
|upkeep
|turn|13
|
|t:|1664397064
|-weather|none
|switch|p2a: Arceus|Arceus-Fairy|100/100
|cant|p1a: Zygarde|slp
|
|upkeep
|turn|14
|
|t:|1664397068
|switch|p1a: Ho-Oh|Ho-Oh|100/100 par
|move|p2a: Arceus|Perish Song|p2a: Arceus
|-start|p1a: Ho-Oh|perish3|[silent]
|-start|p2a: Arceus|perish3|[silent]
|-fieldactivate|move: Perish Song
|
|-start|p2a: Arceus|perish3
|-start|p1a: Ho-Oh|perish3
|upkeep
|turn|15
|
|t:|1664397071
|switch|p2a: Pyra|Groudon-Primal|94/100 tox
|-weather|DesolateLand|[from] ability: Desolate Land|[of] p2a: Pyra
|move|p1a: Ho-Oh|Whirlwind|p2a: Pyra
|-weather|none
|drag|p2a: Arceus|Arceus-Fairy|100/100
|
|-start|p1a: Ho-Oh|perish2
|upkeep
|turn|16
|
|t:|1664397081
|switch|p2a: the gwoat|Rayquaza-Mega|71/100 par
|-weather|DeltaStream|[from] ability: Delta Stream|[of] p2a: the gwoat
|switch|p1a: Eternatus|Eternatus|100/100
|-ability|p1a: Eternatus|Pressure
|
|-weather|DeltaStream|[upkeep]
|upkeep
|turn|17
|
|t:|1664397090
|switch|p1a: Zygarde|Zygarde-Complete|100/100 slp
|move|p2a: the gwoat|Earthquake|p1a: Zygarde
|-damage|p1a: Zygarde|79/100 slp
|-damage|p2a: the gwoat|61/100 par|[from] item: Life Orb
|
|-weather|DeltaStream|[upkeep]
|-heal|p1a: Zygarde|85/100 slp|[from] item: Leftovers
|upkeep
|turn|18
|
|t:|1664397097
|cant|p1a: Zygarde|slp
|move|p2a: the gwoat|Scale Shot|p1a: Zygarde
|-supereffective|p1a: Zygarde
|-damage|p1a: Zygarde|67/100 slp
|-supereffective|p1a: Zygarde
|-damage|p1a: Zygarde|50/100 slp
|-supereffective|p1a: Zygarde
|-damage|p1a: Zygarde|31/100 slp
|-hitcount|p1a: Zygarde|3
|-unboost|p2a: the gwoat|def|1
|-boost|p2a: the gwoat|spe|1
|-damage|p2a: the gwoat|51/100 par|[from] item: Life Orb
|
|-weather|DeltaStream|[upkeep]
|-heal|p1a: Zygarde|37/100 slp|[from] item: Leftovers
|upkeep
|turn|19
|
|t:|1664397109
|move|p2a: the gwoat|Scale Shot|p1a: Zygarde
|-supereffective|p1a: Zygarde
|-damage|p1a: Zygarde|19/100 slp
|-supereffective|p1a: Zygarde
|-damage|p1a: Zygarde|1/100 slp
|-supereffective|p1a: Zygarde
|-damage|p1a: Zygarde|0 fnt
|faint|p1a: Zygarde
|-hitcount|p1: Zygarde|3
|-unboost|p2a: the gwoat|def|1
|-boost|p2a: the gwoat|spe|1
|-damage|p2a: the gwoat|41/100 par|[from] item: Life Orb
|
|-weather|DeltaStream|[upkeep]
|upkeep
|
|t:|1664397111
|switch|p1a: Arceus|Arceus|100/100
|turn|20
|
|t:|1664397116
|cant|p2a: the gwoat|par
|move|p1a: Arceus|Extreme Speed|p2a: the gwoat
|-crit|p2a: the gwoat
|-damage|p2a: the gwoat|0 fnt
|faint|p2a: the gwoat
|-weather|none
|
|upkeep
|
|t:|1664397128
|switch|p2a: the goat|Zygarde, shiny|100/100 par
|turn|21
|
|t:|1664397131
|move|p1a: Arceus|Swords Dance|p1a: Arceus
|-boost|p1a: Arceus|atk|2
|move|p2a: the goat|Glare|p1a: Arceus
|-status|p1a: Arceus|par
|
|upkeep
|turn|22
|
|t:|1664397134
|move|p1a: Arceus|Swords Dance|p1a: Arceus
|-boost|p1a: Arceus|atk|2
|move|p2a: the goat|Coil|p2a: the goat
|-boost|p2a: the goat|atk|1
|-boost|p2a: the goat|def|1
|-boost|p2a: the goat|accuracy|1
|
|upkeep
|turn|23
|
|t:|1664397142
|move|p1a: Arceus|Extreme Speed|p2a: the goat
|-damage|p2a: the goat|54/100 par
|move|p2a: the goat|Coil|p2a: the goat
|-boost|p2a: the goat|atk|1
|-boost|p2a: the goat|def|1
|-boost|p2a: the goat|accuracy|1
|
|-heal|p2a: the goat|60/100 par|[from] item: Leftovers
|upkeep
|turn|24
|
|t:|1664397155
|cant|p1a: Arceus|par
|cant|p2a: the goat|par
|
|-heal|p2a: the goat|66/100 par|[from] item: Leftovers
|upkeep
|turn|25
|c|☆OhLooord|this game is funny a
|c|☆OhLooord|af
|
|t:|1664397169
|cant|p1a: Arceus|par
|move|p2a: the goat|Coil|p2a: the goat
|-boost|p2a: the goat|atk|1
|-boost|p2a: the goat|def|1
|-boost|p2a: the goat|accuracy|1
|
|-heal|p2a: the goat|73/100 par|[from] item: Leftovers
|upkeep
|turn|26
|
|t:|1664397172
|move|p1a: Arceus|Swords Dance|p1a: Arceus
|-boost|p1a: Arceus|atk|2
|cant|p2a: the goat|par
|
|-heal|p2a: the goat|79/100 par|[from] item: Leftovers
|upkeep
|turn|27
|
|t:|1664397177
|-start|p1a: Arceus|Dynamax|
|-heal|p1a: Arceus|100/100 par|[silent]
|move|p1a: Arceus|Max Phantasm|p2a: the goat
|-damage|p2a: the goat|43/100 par
|-unboost|p2a: the goat|def|1
|move|p2a: the goat|Coil|p2a: the goat
|-boost|p2a: the goat|atk|1
|-boost|p2a: the goat|def|1
|-boost|p2a: the goat|accuracy|1
|
|-heal|p2a: the goat|50/100 par|[from] item: Leftovers
|-activate|p2a: the goat|ability: Power Construct
|detailschange|p2a: the goat|Zygarde-Complete, shiny
|-heal|p2a: the goat|67/100 par|[silent]
|upkeep
|turn|28
|
|t:|1664397186
|cant|p1a: Arceus|par
|move|p2a: the goat|Coil|p2a: the goat
|-boost|p2a: the goat|atk|1
|-boost|p2a: the goat|def|1
|-boost|p2a: the goat|accuracy|1
|
|-heal|p2a: the goat|73/100 par|[from] item: Leftovers
|upkeep
|turn|29
|
|t:|1664397188
|cant|p1a: Arceus|par
|move|p2a: the goat|Coil|p2a: the goat
|-boost|p2a: the goat|atk|1
|-boost|p2a: the goat|def|1
|-boost|p2a: the goat|accuracy|1
|
|-heal|p2a: the goat|79/100 par|[from] item: Leftovers
|upkeep
|-end|p1a: Arceus|Dynamax
|-heal|p1a: Arceus|100/100 par|[silent]
|turn|30
|c|☆TaxFraud094|Are you shitting me
|c|☆OhLooord|long game with a lotta rng
|
|t:|1664397205
|-start|p2a: the goat|Dynamax|
|-heal|p2a: the goat|79/100 par|[silent]
|move|p1a: Arceus|Shadow Claw|p2a: the goat
|-crit|p2a: the goat
|-damage|p2a: the goat|53/100 par
|move|p2a: the goat|Max Quake|p1a: Arceus
|-damage|p1a: Arceus|0 fnt
|-boost|p2a: the goat|spd|1
|faint|p1a: Arceus
|
|-heal|p2a: the goat|56/100 par|[from] item: Leftovers
|upkeep
|
|t:|1664397215
|switch|p1a: Yveltal|Yveltal|100/100
|-ability|p1a: Yveltal|Dark Aura
|turn|31
|
|t:|1664397219
|move|p2a: the goat|Max Guard|p2a: the goat
|-singleturn|p2a: the goat|Max Guard
|move|p1a: Yveltal|Foul Play|p2a: the goat
|-activate|p2a: the goat|move: Max Guard
|
|-heal|p2a: the goat|59/100 par|[from] item: Leftovers
|upkeep
|turn|32
|
|t:|1664397223
|move|p2a: the goat|Max Guard||[still]
|-fail|p2a: the goat
|move|p1a: Yveltal|Foul Play|p2a: the goat
|-damage|p2a: the goat|51/100 par
|
|-heal|p2a: the goat|54/100 par|[from] item: Leftovers
|upkeep
|-end|p2a: the goat|Dynamax
|-heal|p2a: the goat|54/100 par|[silent]
|turn|33
|
|t:|1664397228
|move|p1a: Yveltal|Foul Play|p2a: the goat
|-damage|p2a: the goat|37/100 par
|move|p2a: the goat|Glare|p1a: Yveltal
|-status|p1a: Yveltal|par
|
|-heal|p2a: the goat|43/100 par|[from] item: Leftovers
|upkeep
|turn|34
|
|t:|1664397232
|move|p1a: Yveltal|Foul Play|p2a: the goat
|-damage|p2a: the goat|25/100 par
|move|p2a: the goat|Thousand Arrows|p1a: Yveltal
|-damage|p1a: Yveltal|0 fnt
|faint|p1a: Yveltal
|
|-heal|p2a: the goat|31/100 par|[from] item: Leftovers
|upkeep
|
|t:|1664397237
|switch|p1a: Necrozma|Necrozma-Dusk-Mane|80/100
|turn|35
|
|t:|1664397238
|move|p1a: Necrozma|Iron Head|p2a: the goat
|-damage|p2a: the goat|26/100 par
|move|p2a: the goat|Thousand Arrows|p1a: Necrozma
|-supereffective|p1a: Necrozma
|-damage|p1a: Necrozma|0 fnt
|faint|p1a: Necrozma
|
|-heal|p2a: the goat|33/100 par|[from] item: Leftovers
|upkeep
|
|t:|1664397242
|switch|p1a: Eternatus|Eternatus|100/100
|-ability|p1a: Eternatus|Pressure
|turn|36
|c|☆TaxFraud094|fun game
|c|☆OhLooord|ye lmao
|c|☆OhLooord|i think i die here tho
|c|☆TaxFraud094|it was __sarcasm__
|c|☆OhLooord|i was being sarcastic too
|j| rowletroost
|
|t:|1664397271
|move|p1a: Eternatus|Sludge Bomb|p2a: the goat
|-resisted|p2a: the goat
|-damage|p2a: the goat|24/100 par
|move|p2a: the goat|Thousand Arrows|p1a: Eternatus
|-supereffective|p1a: Eternatus
|-damage|p1a: Eternatus|0 fnt
|faint|p1a: Eternatus
|
|-heal|p2a: the goat|30/100 par|[from] item: Leftovers
|upkeep
|
|t:|1664397276
|switch|p1a: Ho-Oh|Ho-Oh|100/100 par
|turn|37
|c|☆OhLooord|o do u not have dynamax cannon?
|c|☆OhLooord|toxic spikes set?
|c|☆TaxFraud094|No
|
|t:|1664397284
|cant|p2a: the goat|par
|move|p1a: Ho-Oh|Whirlwind|p2a: the goat
|drag|p2a: Arceus|Arceus-Fairy|100/100
|
|upkeep
|turn|38
|c|☆TaxFraud094|if I had Dynamax Cannon
|c|☆TaxFraud094|why the fuck would I let you kill EVERYTHING ELSE
|inactive|TaxFraud094 has 120 seconds left.
|c|☆TaxFraud094|if I could've just killed
|c|☆OhLooord|idk thought u were over predicting or some shit
|
|t:|1664397319
|move|p2a: Arceus|Perish Song|p2a: Arceus
|-start|p1a: Ho-Oh|perish3|[silent]
|-start|p2a: Arceus|perish3|[silent]
|-fieldactivate|move: Perish Song
|move|p1a: Ho-Oh|Whirlwind|p2a: Arceus
|drag|p2a: Calyrex|Calyrex-Shadow|100/100
|-ability|p2a: Calyrex|As One
|-ability|p2a: Calyrex|Unnerve
|
|-start|p1a: Ho-Oh|perish3
|upkeep
|turn|39
|
|t:|1664397325
|move|p2a: Calyrex|Leech Seed|p1a: Ho-Oh
|-start|p1a: Ho-Oh|move: Leech Seed
|move|p1a: Ho-Oh|Sacred Fire|p2a: Calyrex
|-damage|p2a: Calyrex|52/100
|
|-heal|p2a: Calyrex|58/100|[from] item: Leftovers
|-damage|p1a: Ho-Oh|88/100 par|[from] Leech Seed|[of] p2a: Calyrex
|-heal|p2a: Calyrex|73/100|[silent]
|-start|p1a: Ho-Oh|perish2
|upkeep
|turn|40
|
|t:|1664397331
|move|p2a: Calyrex|Substitute|p2a: Calyrex
|-start|p2a: Calyrex|Substitute
|-damage|p2a: Calyrex|48/100
|move|p1a: Ho-Oh|Whirlwind|p2a: Calyrex
|drag|p2a: Arceus|Arceus|100/100
|
|-damage|p1a: Ho-Oh|76/100 par|[from] Leech Seed|[of] p2a: Arceus
|-start|p1a: Ho-Oh|perish1
|upkeep
|turn|41
|c|☆OhLooord|gg
|c|☆TaxFraud094|that Hax on Arc
|
|t:|1664397340
|move|p2a: Arceus|Swords Dance|p2a: Arceus
|-boost|p2a: Arceus|atk|2
|move|p1a: Ho-Oh|Sacred Fire|p2a: Arceus
|-damage|p2a: Arceus|73/100
|-status|p2a: Arceus|brn
|-enditem|p2a: Arceus|Lum Berry|[eat]
|-curestatus|p2a: Arceus|brn|[msg]
|
|-damage|p1a: Ho-Oh|64/100 par|[from] Leech Seed|[of] p2a: Arceus
|-heal|p2a: Arceus|85/100|[silent]
|-start|p1a: Ho-Oh|perish0
|upkeep
|faint|p1a: Ho-Oh
|
|win|OhLooord
|raw|TaxFraud094's rating: 1897 &rarr; <strong>1877</strong><br />(-20 for losing)
|raw|OhLooord's rating: 1896 &rarr; <strong>1916</strong><br />(+20 for winning)
|l| rowletroost
|c|☆TaxFraud094|omfg
