|j|☆zxcDOWN
|j|☆dtc07
|t:|1663598743
|gametype|singles
|player|p1|zxcDOWN|265|1817
|player|p2|dtc07|grimsley|1759
|teamsize|p1|6
|teamsize|p2|6
|gen|8
|tier|[Gen 8] National Dex AG
|rated|
|rule|HP Percentage Mod: HP is shown in percentages
|rule|Endless Battle Clause: Forcing endless battles is banned
|clearpoke
|poke|p1|Yveltal|
|poke|p1|Ditto|
|poke|p1|Rayquaza|
|poke|p1|Zacian-*|
|poke|p1|Zygarde|
|poke|p1|Calyrex-Shadow|
|poke|p2|Kyurem-Black|
|poke|p2|Zacian-*|
|poke|p2|Necrozma-Dusk-Mane|
|poke|p2|Yveltal|
|poke|p2|Rayquaza|
|poke|p2|Arceus-*|
|teampreview
|inactive|Battle timer is ON: inactive players will automatically lose when time's up. (requested by dtc07)
|inactive|dtc07 has 120 seconds left.
|
|t:|1663598778
|start
|switch|p1a: Zacian|Zacian-Crowned|100/100
|switch|p2a: Arceus|Arceus-Ground|100/100
|-ability|p1a: Zacian|Intrepid Sword|boost
|-boost|p1a: Zacian|atk|1
|turn|1
|
|t:|1663598788
|move|p1a: Zacian|Behemoth Blade|p2a: Arceus
|-crit|p2a: Arceus
|-damage|p2a: Arceus|27/100
|move|p2a: Arceus|Judgment|p1a: Zacian
|-supereffective|p1a: Zacian
|-damage|p1a: Zacian|16/100
|
|upkeep
|turn|2
|
|t:|1663598797
|switch|p2a: Necrozma|Necrozma-Dusk-Mane|100/100
|move|p1a: Zacian|Behemoth Blade|p2a: Necrozma
|-resisted|p2a: Necrozma
|-damage|p2a: Necrozma|74/100
|-damage|p1a: Zacian|0 fnt|[from] item: Rocky Helmet|[of] p2a: Necrozma
|faint|p1a: Zacian
|
|upkeep
|
|t:|1663598807
|switch|p1a: Calyrex|Calyrex-Shadow|100/100
|-ability|p1a: Calyrex|As One
|-ability|p1a: Calyrex|Unnerve
|turn|3
|
|t:|1663598823
|switch|p2a: Yveltal|Yveltal|100/100
|-ability|p2a: Yveltal|Dark Aura
|move|p1a: Calyrex|Astral Barrage|p2a: Yveltal
|-resisted|p2a: Yveltal
|-crit|p2a: Yveltal
|-damage|p2a: Yveltal|70/100
|
|upkeep
|turn|4
|
|t:|1663598832
|move|p1a: Calyrex|Substitute|p1a: Calyrex
|-start|p1a: Calyrex|Substitute
|-damage|p1a: Calyrex|76/100
|move|p2a: Yveltal|Foul Play|p1a: Calyrex
|-supereffective|p1a: Calyrex
|-end|p1a: Calyrex|Substitute
|
|upkeep
|turn|5
|
|t:|1663598843
|switch|p1a: Zygarde|Zygarde|100/100
|move|p2a: Yveltal|Roost|p2a: Yveltal
|-heal|p2a: Yveltal|100/100
|-singleturn|p2a: Yveltal|move: Roost
|
|upkeep
|turn|6
|
|t:|1663598850
|switch|p2a: Arceus|Arceus-Ground|27/100
|move|p1a: Zygarde|Glare|p2a: Arceus
|-status|p2a: Arceus|par
|
|upkeep
|turn|7
|
|t:|1663598858
|move|p1a: Zygarde|Coil|p1a: Zygarde
|-boost|p1a: Zygarde|atk|1
|-boost|p1a: Zygarde|def|1
|-boost|p1a: Zygarde|accuracy|1
|move|p2a: Arceus|Recover|p2a: Arceus
|-heal|p2a: Arceus|77/100 par
|
|upkeep
|turn|8
|
|t:|1663598872
|switch|p1a: Calyrex|Calyrex-Shadow|76/100
|-ability|p1a: Calyrex|As One
|-ability|p1a: Calyrex|Unnerve
|cant|p2a: Arceus|par
|
|upkeep
|turn|9
|
|t:|1663598881
|switch|p2a: Yveltal|Yveltal|100/100
|-ability|p2a: Yveltal|Dark Aura
|-zpower|p1a: Calyrex
|move|p1a: Calyrex|Never-Ending Nightmare|p2a: Yveltal|[zeffect]
|-resisted|p2a: Yveltal
|-damage|p2a: Yveltal|70/100
|
|upkeep
|turn|10
|c|☆dtc07|sub nen caly enjoyer
|c|☆dtc07|very based
|
|t:|1663598906
|switch|p1a: Yveltal|Yveltal|100/100
|-ability|p1a: Yveltal|Dark Aura
|move|p2a: Yveltal|Foul Play|p1a: Yveltal
|-resisted|p1a: Yveltal
|-damage|p1a: Yveltal|78/100
|
|upkeep
|turn|11
|
|t:|1663598915
|move|p1a: Yveltal|Oblivion Wing|p2a: Yveltal
|-damage|p2a: Yveltal|36/100
|-heal|p1a: Yveltal|100/100|[from] drain|[of] p2a: Yveltal
|-damage|p1a: Yveltal|91/100|[from] item: Life Orb
|move|p2a: Yveltal|Roost|p2a: Yveltal
|-heal|p2a: Yveltal|86/100
|-singleturn|p2a: Yveltal|move: Roost
|
|upkeep
|turn|12
|
|t:|1663598934
|switch|p2a: Necrozma|Necrozma-Dusk-Mane|74/100
|-start|p1a: Yveltal|Dynamax|
|-heal|p1a: Yveltal|91/100|[silent]
|move|p1a: Yveltal|Max Airstream|p2a: Necrozma
|-resisted|p2a: Necrozma
|-damage|p2a: Necrozma|36/100
|-boost|p1a: Yveltal|spe|1
|-damage|p1a: Yveltal|86/100|[from] item: Life Orb
|
|upkeep
|turn|13
|
|t:|1663598945
|move|p1a: Yveltal|Max Airstream|p2a: Necrozma
|-resisted|p2a: Necrozma
|-damage|p2a: Necrozma|0 fnt
|-boost|p1a: Yveltal|spe|1
|faint|p2a: Necrozma
|-damage|p1a: Yveltal|81/100|[from] item: Life Orb
|
|upkeep
|
|t:|1663598947
|switch|p2a: Zacian|Zacian-Crowned|100/100
|-ability|p2a: Zacian|Intrepid Sword|boost
|-boost|p2a: Zacian|atk|1
|turn|14
|
|t:|1663598962
|move|p1a: Yveltal|Max Darkness|p2a: Zacian
|-resisted|p2a: Zacian
|-damage|p2a: Zacian|35/100
|-unboost|p2a: Zacian|spd|1
|-damage|p1a: Yveltal|76/100|[from] item: Life Orb
|move|p2a: Zacian|Behemoth Blade|p1a: Yveltal
|-damage|p1a: Yveltal|0 fnt
|faint|p1a: Yveltal
|
|upkeep
|
|t:|1663598972
|switch|p1a: Ditto|Ditto|100/100
|-transform|p1a: Ditto|p2a: Zacian|[from] ability: Imposter
|-ability|p1a: Ditto|Intrepid Sword|boost
|-boost|p1a: Ditto|atk|1
|turn|15
|
|t:|1663598977
|move|p1a: Ditto|Behemoth Blade|p2a: Zacian
|-damage|p2a: Zacian|0 fnt
|faint|p2a: Zacian
|
|upkeep
|
|t:|1663598981
|switch|p2a: Arceus|Arceus-Ground|77/100 par
|turn|16
|
|t:|1663598984
|-start|p2a: Arceus|Dynamax|
|-heal|p2a: Arceus|77/100 par|[silent]
|move|p1a: Ditto|Behemoth Blade|p2a: Arceus
|-damage|p2a: Arceus|12/100 par
|cant|p2a: Arceus|par
|
|upkeep
|turn|17
|c|☆dtc07|i mean
|c|☆dtc07|i saw it coming
|c|☆dtc07|well gg
|
|t:|1663599005
|move|p1a: Ditto|Behemoth Blade|p2a: Arceus
|-damage|p2a: Arceus|0 fnt
|faint|p2a: Arceus
|
|upkeep
|
|t:|1663599011
|switch|p2a: Yveltal|Yveltal|86/100
|-ability|p2a: Yveltal|Dark Aura
|turn|18
|
|t:|1663599016
|move|p1a: Ditto|Behemoth Blade|p2a: Yveltal
|-damage|p2a: Yveltal|0 fnt
|faint|p2a: Yveltal
|
|upkeep
|
|t:|1663599021
|switch|p2a: Rayquaza|Rayquaza|100/100
|-ability|p2a: Rayquaza|Air Lock
|turn|19
|
|t:|1663599024
|detailschange|p2a: Rayquaza|Rayquaza-Mega
|-mega|p2a: Rayquaza|Rayquaza|
|-weather|DeltaStream|[from] ability: Delta Stream|[of] p2a: Rayquaza
|move|p2a: Rayquaza|Extreme Speed|p1a: Ditto
|-resisted|p1a: Ditto
|-damage|p1a: Ditto|70/100
|move|p1a: Ditto|Behemoth Blade|p2a: Rayquaza
|-damage|p2a: Rayquaza|0 fnt
|faint|p2a: Rayquaza
|-weather|none
|
|upkeep
|
|t:|1663599031
|switch|p2a: Kyurem|Kyurem-Black|100/100
|-ability|p2a: Kyurem|Teravolt
|turn|20
|
|t:|1663599041
|switch|p1a: Calyrex|Calyrex-Shadow|76/100
|-ability|p1a: Calyrex|As One
|-ability|p1a: Calyrex|Unnerve
|move|p2a: Kyurem|Dragon Dance|p2a: Kyurem
|-boost|p2a: Kyurem|atk|1
|-boost|p2a: Kyurem|spe|1
|
|upkeep
|turn|21
|
|t:|1663599053
|move|p2a: Kyurem|Icicle Spear|p1a: Calyrex
|-damage|p1a: Calyrex|41/100
|-damage|p1a: Calyrex|3/100
|-damage|p1a: Calyrex|0 fnt
|faint|p1a: Calyrex
|-hitcount|p1: Calyrex|3
|-damage|p2a: Kyurem|91/100|[from] item: Life Orb
|
|upkeep
|
|t:|1663599066
|switch|p1a: Ditto|Ditto|70/100
|-transform|p1a: Ditto|p2a: Kyurem|[from] ability: Imposter
|-ability|p1a: Ditto|Teravolt
|turn|22
|
|t:|1663599074
|move|p1a: Ditto|Icicle Spear|p2a: Kyurem
|-damage|p2a: Kyurem|71/100
|-damage|p2a: Kyurem|50/100
|-hitcount|p2a: Kyurem|2
|move|p2a: Kyurem|Icicle Spear|p1a: Ditto
|-damage|p1a: Ditto|31/100
|-damage|p1a: Ditto|0 fnt
|faint|p1a: Ditto
|-hitcount|p1: Ditto|2
|-damage|p2a: Kyurem|40/100|[from] item: Life Orb
|
|upkeep
|
|t:|1663599083
|switch|p1a: Rayquaza|Rayquaza|100/100
|-ability|p1a: Rayquaza|Air Lock
|turn|23
|c|☆dtc07|oh noice
|
|t:|1663599091
|detailschange|p1a: Rayquaza|Rayquaza-Mega
|-mega|p1a: Rayquaza|Rayquaza|
|-weather|DeltaStream|[from] ability: Delta Stream|[of] p1a: Rayquaza
|move|p2a: Kyurem|Icicle Spear|p1a: Rayquaza
|-activate||deltastream
|-supereffective|p1a: Rayquaza
|-damage|p1a: Rayquaza|38/100
|-activate||deltastream
|-supereffective|p1a: Rayquaza
|-damage|p1a: Rayquaza|0 fnt
|faint|p1a: Rayquaza
|-weather|none
|-hitcount|p1: Rayquaza|2
|-damage|p2a: Kyurem|30/100|[from] item: Life Orb
|
|upkeep
|
|t:|1663599101
|switch|p1a: Zygarde|Zygarde|100/100
|turn|24
|c|☆dtc07|kyub is such a chad
|
|t:|1663599107
|move|p2a: Kyurem|Icicle Spear|p1a: Zygarde
|-supereffective|p1a: Zygarde
|-damage|p1a: Zygarde|30/100
|-supereffective|p1a: Zygarde
|-damage|p1a: Zygarde|0 fnt
|faint|p1a: Zygarde
|-hitcount|p1: Zygarde|2
|-damage|p2a: Kyurem|20/100|[from] item: Life Orb
|
|win|dtc07
|raw|zxcDOWN's rating: 1817 &rarr; <strong>1794</strong><br />(-23 for losing)
|raw|dtc07's rating: 1759 &rarr; <strong>1782</strong><br />(+23 for winning)
|l|☆zxcDOWN
