|j|☆garnetandblack
|j|‽NykterStein
|t:|1664243767
|gametype|singles
|player|p1|garnetandblack|102|1532
|player|p2|NykterStein|lady|1508
|teamsize|p1|6
|teamsize|p2|6
|gen|8
|tier|[Gen 8] National Dex AG
|rated|
|rule|HP Percentage Mod: HP is shown in percentages
|rule|Endless Battle Clause: Forcing endless battles is banned
|clearpoke
|poke|p1|Zacian-*|
|poke|p1|Necrozma-Dusk-Mane|
|poke|p1|Nidoking, M|
|poke|p1|Orbeetle, F|
|poke|p1|Crawdaunt, F|
|poke|p1|Ditto|
|poke|p2|Diancie|
|poke|p2|Klefki, M|
|poke|p2|Slurpuff, F|
|poke|p2|Marshadow|
|poke|p2|Ditto|
|poke|p2|Calyrex-Shadow|
|teampreview
|inactive|Battle timer is ON: inactive players will automatically lose when time's up. (requested by NykterStein)
|
|t:|1664243775
|start
|switch|p1a: Necrozma|Necrozma-Dusk-Mane|100/100
|switch|p2a: Diancie|Diancie|100/100
|turn|1
|
|t:|1664243797
|detailschange|p2a: Diancie|Diancie-Mega
|-mega|p2a: Diancie|Diancie|Diancite
|move|p2a: Diancie|Mystical Fire|p1a: Necrozma
|-supereffective|p1a: Necrozma
|-damage|p1a: Necrozma|64/100
|-unboost|p1a: Necrozma|spa|1
|move|p1a: Necrozma|Sunsteel Strike|p2a: Diancie
|-supereffective|p2a: Diancie
|-damage|p2a: Diancie|0 fnt
|faint|p2a: Diancie
|
|upkeep
|
|t:|1664243808
|switch|p2a: Klefki|Klefki, M|100/100
|turn|2
|
|t:|1664243813
|move|p2a: Klefki|Thunder Wave|p1a: Necrozma
|-status|p1a: Necrozma|par
|move|p1a: Necrozma|Stealth Rock|p2a: Klefki
|-sidestart|p2: NykterStein|move: Stealth Rock
|
|upkeep
|turn|3
|
|t:|1664243819
|move|p2a: Klefki|Defog|p1a: Necrozma
|-unboost|p1a: Necrozma|evasion|1
|-sideend|p2: NykterStein|Stealth Rock|[from] move: Defog|[of] p2a: Klefki
|move|p1a: Necrozma|Thunder Wave|p2a: Klefki
|-status|p2a: Klefki|par
|
|upkeep
|turn|4
|
|t:|1664243825
|switch|p2a: Slurpuff|Slurpuff, F|100/100
|cant|p1a: Necrozma|par
|
|upkeep
|turn|5
|
|t:|1664243831
|move|p2a: Slurpuff|Sticky Web|p1a: Necrozma
|-sidestart|p1: garnetandblack|move: Sticky Web
|move|p1a: Necrozma|Thunder Wave|p2a: Slurpuff
|-status|p2a: Slurpuff|par
|
|upkeep
|turn|6
|
|t:|1664243836
|move|p2a: Slurpuff|Aromatherapy|p2a: Slurpuff
|-activate|p2a: Slurpuff|move: Aromatherapy
|-curestatus|p2a: Slurpuff|par|[msg]
|-curestatus|p2: Klefki|par|[msg]
|move|p1a: Necrozma|Stealth Rock|p2a: Slurpuff
|-sidestart|p2: NykterStein|move: Stealth Rock
|
|upkeep
|turn|7
|
|t:|1664243845
|switch|p2a: Calyrex|Calyrex-Shadow|100/100
|-ability|p2a: Calyrex|As One
|-ability|p2a: Calyrex|Unnerve
|-damage|p2a: Calyrex|88/100|[from] Stealth Rock
|move|p1a: Necrozma|Sunsteel Strike|p2a: Calyrex
|-damage|p2a: Calyrex|30/100
|
|upkeep
|turn|8
|
|t:|1664243856
|-start|p2a: Calyrex|Dynamax|
|-heal|p2a: Calyrex|30/100|[silent]
|move|p2a: Calyrex|Max Phantasm|p1a: Necrozma
|-supereffective|p1a: Necrozma
|-damage|p1a: Necrozma|0 fnt
|faint|p1a: Necrozma
|-ability|p2a: Calyrex|Grim Neigh|boost
|-boost|p2a: Calyrex|spa|1
|
|upkeep
|
|t:|1664243861
|switch|p1a: Ditto|Ditto|100/100
|-activate|p1a: Ditto|move: Sticky Web
|-unboost|p1a: Ditto|spe|1
|-transform|p1a: Ditto|p2a: Calyrex|[from] ability: Imposter
|turn|9
|
|t:|1664243870
|move|p1a: Ditto|Astral Barrage|p2a: Calyrex
|-supereffective|p2a: Calyrex
|-damage|p2a: Calyrex|0 fnt
|faint|p2a: Calyrex
|-ability|p1a: Ditto|Grim Neigh|boost
|-boost|p1a: Ditto|spa|1
|
|upkeep
|
|t:|1664243886
|switch|p2a: Klefki|Klefki, M|100/100
|-damage|p2a: Klefki|95/100|[from] Stealth Rock
|turn|10
|
|t:|1664243893
|switch|p1a: Nidoking|Nidoking, M, shiny|100/100
|-activate|p1a: Nidoking|move: Sticky Web
|-unboost|p1a: Nidoking|spe|1
|move|p2a: Klefki|Defog|p1a: Nidoking
|-unboost|p1a: Nidoking|evasion|1
|-sideend|p1: garnetandblack|Sticky Web|[from] move: Defog|[of] p2a: Klefki
|-sideend|p2: NykterStein|Stealth Rock|[from] move: Defog|[of] p2a: Klefki
|
|upkeep
|turn|11
|
|t:|1664243900
|switch|p2a: Slurpuff|Slurpuff, F|100/100
|move|p1a: Nidoking|Earth Power|p2a: Slurpuff
|-damage|p2a: Slurpuff|35/100
|
|upkeep
|turn|12
|
|t:|1664243907
|move|p2a: Slurpuff|Sticky Web|p1a: Nidoking
|-sidestart|p1: garnetandblack|move: Sticky Web
|move|p1a: Nidoking|Sludge Wave|p2a: Slurpuff
|-supereffective|p2a: Slurpuff
|-damage|p2a: Slurpuff|0 fnt
|faint|p2a: Slurpuff
|
|upkeep
|
|t:|1664243916
|switch|p2a: Klefki|Klefki, M|95/100
|turn|13
|
|t:|1664243922
|switch|p2a: Ditto|Ditto|100/100
|-transform|p2a: Ditto|p1a: Nidoking|[from] ability: Imposter
|move|p1a: Nidoking|Earth Power|p2a: Ditto
|-supereffective|p2a: Ditto
|-damage|p2a: Ditto|0 fnt
|faint|p2a: Ditto
|
|upkeep
|
|t:|1664243931
|switch|p2a: Marshadow|Marshadow|100/100
|turn|14
|
|t:|1664243938
|move|p2a: Marshadow|Spectral Thief|p1a: Nidoking
|-damage|p1a: Nidoking|45/100
|move|p1a: Nidoking|Sludge Wave|p2a: Marshadow
|-resisted|p2a: Marshadow
|-damage|p2a: Marshadow|64/100
|
|upkeep
|turn|15
|
|t:|1664243948
|move|p2a: Marshadow|Spectral Thief|p1a: Nidoking
|-damage|p1a: Nidoking|0 fnt
|faint|p1a: Nidoking
|
|upkeep
|
|t:|1664243956
|switch|p1a: Zacian|Zacian-Crowned, shiny|100/100
|-activate|p1a: Zacian|move: Sticky Web
|-unboost|p1a: Zacian|spe|1
|-ability|p1a: Zacian|Intrepid Sword|boost
|-boost|p1a: Zacian|atk|1
|turn|16
|
|t:|1664243961
|switch|p2a: Klefki|Klefki, M|95/100
|move|p1a: Zacian|Behemoth Blade|p2a: Klefki
|-damage|p2a: Klefki|16/100
|
|upkeep
|turn|17
|
|t:|1664243971
|switch|p1a: Orbeetle|Orbeetle, F|100/100
|-item|p2a: Klefki|Focus Sash|[from] ability: Frisk|[of] p1a: Orbeetle|[identify]
|move|p2a: Klefki|Thunder Wave|p1a: Orbeetle
|-status|p1a: Orbeetle|par
|
|upkeep
|turn|18
|
|t:|1664243978
|switch|p2a: Marshadow|Marshadow|64/100
|move|p1a: Orbeetle|Sticky Web|p2a: Marshadow
|-sidestart|p2: NykterStein|move: Sticky Web
|
|upkeep
|turn|19
|
|t:|1664243985
|move|p2a: Marshadow|Spectral Thief|p1a: Orbeetle
|-supereffective|p1a: Orbeetle
|-damage|p1a: Orbeetle|28/100 par
|move|p1a: Orbeetle|Reflect|p1a: Orbeetle
|-sidestart|p1: garnetandblack|Reflect
|
|upkeep
|turn|20
|
|t:|1664243992
|move|p2a: Marshadow|Shadow Sneak|p1a: Orbeetle
|-supereffective|p1a: Orbeetle
|-damage|p1a: Orbeetle|4/100 par
|move|p1a: Orbeetle|U-turn|p2a: Marshadow
|-resisted|p2a: Marshadow
|-damage|p2a: Marshadow|61/100
|
|t:|1664243995
|switch|p1a: Zacian|Zacian-Crowned, shiny|100/100|[from]move: U-turn
|-activate|p1a: Zacian|move: Sticky Web
|-unboost|p1a: Zacian|spe|1
|-ability|p1a: Zacian|Intrepid Sword|boost
|-boost|p1a: Zacian|atk|1
|
|upkeep
|turn|21
|
|t:|1664244003
|switch|p2a: Klefki|Klefki, M|16/100
|-activate|p2a: Klefki|move: Sticky Web
|-unboost|p2a: Klefki|spe|1
|move|p1a: Zacian|Behemoth Blade|p2a: Klefki
|-damage|p2a: Klefki|0 fnt
|faint|p2a: Klefki
|
|upkeep
|
|t:|1664244011
|switch|p2a: Marshadow|Marshadow|61/100
|-activate|p2a: Marshadow|move: Sticky Web
|-unboost|p2a: Marshadow|spe|1
|turn|22
|inactive|NykterStein has 120 seconds left.
|inactive|NykterStein has 90 seconds left.
|inactive|NykterStein has 60 seconds left.
|inactive|NykterStein has 30 seconds left.
|inactive|NykterStein has 20 seconds left.
|inactive|NykterStein has 15 seconds left.
|inactive|NykterStein has 10 seconds left.
|inactive|NykterStein has 5 seconds left.
|-message|NykterStein lost due to inactivity.
|
|win|garnetandblack
|raw|garnetandblack's rating: 1532 &rarr; <strong>1551</strong><br />(+19 for winning)
|raw|NykterStein's rating: 1508 &rarr; <strong>1489</strong><br />(-19 for losing)
