|j|☆wolfie_olson
|j|‽PlatinumEA
|t:|1648866918
|gametype|singles
|player|p1|wolfie_olson|102|
|player|p2|PlatinumEA|265|
|teamsize|p1|6
|teamsize|p2|6
|gen|8
|tier|[Gen 8] National Dex AG
|rule|HP Percentage Mod: HP is shown in percentages
|rule|Endless Battle Clause: Forcing endless battles is banned
|clearpoke
|poke|p1|Spinda, F|
|poke|p1|Smeargle, M|
|poke|p1|Spinda, M|
|poke|p1|Spinda, F|
|poke|p1|Spinda, M|
|poke|p1|Spinda, M|
|poke|p2|Groudon|
|poke|p2|Necrozma-Dusk-Mane|
|poke|p2|Arceus-*|
|poke|p2|Yveltal|
|poke|p2|Arceus-*|
|poke|p2|Arceus-*|
|teampreview
|inactive|Battle timer is ON: inactive players will automatically lose when time's up. (requested by wolfie_olson)
|
|t:|1648866931
|start
|switch|p1a: Spinda|Spinda, F|100/100
|switch|p2a: Arceus|Arceus-Fairy|100/100
|turn|1
|
|t:|1648866937
|move|p2a: Arceus|Calm Mind|p2a: Arceus
|-boost|p2a: Arceus|spa|1
|-boost|p2a: Arceus|spd|1
|move|p1a: Spinda|Assist|p1a: Spinda
|move|p1a: Spinda|V-create|p2a: Arceus|[from]move: Assist
|-damage|p2a: Arceus|68/100
|-boost|p1a: Spinda|spe|1
|-boost|p1a: Spinda|def|1
|-boost|p1a: Spinda|spd|1
|
|upkeep
|turn|2
|
|t:|1648866944
|move|p1a: Spinda|Assist|p1a: Spinda
|move|p1a: Spinda|V-create|p2a: Arceus|[from]move: Assist
|-damage|p2a: Arceus|31/100
|-boost|p1a: Spinda|spe|1
|-boost|p1a: Spinda|def|1
|-boost|p1a: Spinda|spd|1
|move|p2a: Arceus|Recover|p2a: Arceus
|-heal|p2a: Arceus|81/100
|
|upkeep
|turn|3
|
|t:|1648866958
|-start|p2a: Arceus|Dynamax|
|-heal|p2a: Arceus|81/100|[silent]
|move|p1a: Spinda|Assist|p1a: Spinda
|move|p1a: Spinda|V-create|p2a: Arceus|[from]move: Assist
|-damage|p2a: Arceus|63/100
|-boost|p1a: Spinda|spe|1
|-boost|p1a: Spinda|def|1
|-boost|p1a: Spinda|spd|1
|move|p2a: Arceus|Max Starfall|p1a: Spinda
|-damage|p1a: Spinda|28/100
|-fieldstart|move: Misty Terrain
|
|upkeep
|turn|4
|
|t:|1648866970
|move|p1a: Spinda|Assist|p1a: Spinda
|move|p1a: Spinda|V-create|p2a: Arceus|[from]move: Assist
|-damage|p2a: Arceus|46/100
|-boost|p1a: Spinda|spe|1
|-boost|p1a: Spinda|def|1
|-boost|p1a: Spinda|spd|1
|move|p2a: Arceus|Max Starfall|p1a: Spinda
|-damage|p1a: Spinda|0 fnt
|faint|p1a: Spinda
|
|upkeep
|
|t:|1648866977
|switch|p1a: Smeargle|Smeargle, M|100/100
|turn|5
|
|t:|1648866981
|move|p2a: Arceus|Max Starfall|p1a: Smeargle
|-enditem|p1a: Smeargle|Focus Sash
|-damage|p1a: Smeargle|1/100
|move|p1a: Smeargle|Destiny Bond|p1a: Smeargle
|-singlemove|p1a: Smeargle|Destiny Bond
|
|-end|p2a: Arceus|Dynamax
|-heal|p2a: Arceus|46/100|[silent]
|upkeep
|turn|6
|
|t:|1648866987
|move|p2a: Arceus|Recover|p2a: Arceus
|-heal|p2a: Arceus|96/100
|move|p1a: Smeargle|Roar|p2a: Arceus
|drag|p2a: Arceus|Arceus-Water|100/100
|
|upkeep
|turn|7
|
|t:|1648866996
|move|p2a: Arceus|Liquidation|p1a: Smeargle
|-damage|p1a: Smeargle|0 fnt
|faint|p1a: Smeargle
|
|-fieldend|Misty Terrain
|upkeep
|
|t:|1648866999
|switch|p1a: Spinda|Spinda, M|100/100
|turn|8
|
|t:|1648867002
|move|p2a: Arceus|Swords Dance|p2a: Arceus
|-boost|p2a: Arceus|atk|2
|move|p1a: Spinda|Assist|p1a: Spinda
|move|p1a: Spinda|V-create|p2a: Arceus|[from]move: Assist
|-resisted|p2a: Arceus
|-damage|p2a: Arceus|75/100
|-boost|p1a: Spinda|spe|1
|-boost|p1a: Spinda|def|1
|-boost|p1a: Spinda|spd|1
|
|upkeep
|turn|9
|
|t:|1648867008
|move|p2a: Arceus|Liquidation|p1a: Spinda
|-damage|p1a: Spinda|0 fnt
|faint|p1a: Spinda
|
|upkeep
|
|t:|1648867012
|switch|p1a: Spinda|Spinda, F|100/100
|turn|10
|
|t:|1648867016
|move|p2a: Arceus|Liquidation|p1a: Spinda
|-damage|p1a: Spinda|0 fnt
|faint|p1a: Spinda
|
|upkeep
|
|t:|1648867020
|switch|p1a: Spinda|Spinda, M|100/100
|turn|11
|
|t:|1648867022
|move|p2a: Arceus|Liquidation|p1a: Spinda
|-damage|p1a: Spinda|0 fnt
|faint|p1a: Spinda
|
|upkeep
|
|t:|1648867024
|switch|p1a: Spinda|Spinda, M|100/100
|turn|12
|
|t:|1648867026
|move|p2a: Arceus|Liquidation|p1a: Spinda
|-damage|p1a: Spinda|0 fnt
|faint|p1a: Spinda
|
|win|PlatinumEA
