|j|☆BasakBooster2
|j|☆Obito152001
|t:|1665124958
|gametype|singles
|player|p1|BasakBooster2|265|1927
|player|p2|Obito152001|blue-gen3two|1926
|teamsize|p1|6
|teamsize|p2|6
|gen|8
|tier|[Gen 8] National Dex AG
|rated|
|rule|HP Percentage Mod: HP is shown in percentages
|rule|Endless Battle Clause: Forcing endless battles is banned
|clearpoke
|poke|p1|Groudon|
|poke|p1|Rayquaza|
|poke|p1|Zygarde|
|poke|p1|Calyrex-Shadow|
|poke|p1|Arceus-*|
|poke|p1|Arceus-*|
|poke|p2|Rayquaza|
|poke|p2|Groudon|
|poke|p2|Kyogre|
|poke|p2|Arceus-*|
|poke|p2|Ditto|
|poke|p2|Arceus-*|
|teampreview
|inactive|Battle timer is ON: inactive players will automatically lose when time's up. (requested by Obito152001)
|j| ddddddabai
|
|t:|1665124970
|start
|switch|p1a: Arceus|Arceus-Fairy|100/100
|switch|p2a: Arceus|Arceus-Fairy|100/100
|turn|1
|c|☆BasakBooster2|Ayo my internet all fucky
|c|☆BasakBooster2|can u be a homie
|c|☆BasakBooster2|and turn off timer incase I dc
|inactive|BasakBooster2 has 120 seconds left.
|j| MQJ
|c|☆BasakBooster2|Smile
|
|t:|1665125006
|move|p1a: Arceus|Whirlpool|p2a: Arceus|[miss]
|-miss|p1a: Arceus|p2a: Arceus
|move|p2a: Arceus|Toxic|p1a: Arceus
|-status|p1a: Arceus|tox
|
|-damage|p1a: Arceus|94/100 tox|[from] psn
|upkeep
|turn|2
|n|☆BasakBooster2|basakbooster2
|
|t:|1665125015
|move|p1a: Arceus|Whirlpool|p2a: Arceus
|-damage|p2a: Arceus|96/100
|-activate|p2a: Arceus|move: Whirlpool|[of] p1a: Arceus
|move|p2a: Arceus|Stealth Rock|p1a: Arceus
|-sidestart|p1: BasakBooster2|move: Stealth Rock
|
|-damage|p1a: Arceus|82/100 tox|[from] psn
|-damage|p2a: Arceus|84/100|[from] move: Whirlpool|[partiallytrapped]
|upkeep
|turn|3
|c|☆BasakBooster2|O ye that can miss lol
|
|t:|1665125023
|move|p1a: Arceus|Perish Song|p1a: Arceus
|-start|p1a: Arceus|perish3|[silent]
|-start|p2a: Arceus|perish3|[silent]
|-fieldactivate|move: Perish Song
|move|p2a: Arceus|Judgment|p1a: Arceus
|-damage|p1a: Arceus|56/100 tox
|
|-damage|p1a: Arceus|38/100 tox|[from] psn
|-damage|p2a: Arceus|71/100|[from] move: Whirlpool|[partiallytrapped]
|-start|p1a: Arceus|perish3
|-start|p2a: Arceus|perish3
|upkeep
|turn|4
|
|t:|1665125027
|move|p1a: Arceus|Recover|p1a: Arceus
|-heal|p1a: Arceus|88/100 tox
|move|p2a: Arceus|Judgment|p1a: Arceus
|-damage|p1a: Arceus|63/100 tox
|
|-damage|p1a: Arceus|38/100 tox|[from] psn
|-damage|p2a: Arceus|59/100|[from] move: Whirlpool|[partiallytrapped]
|-start|p1a: Arceus|perish2
|-start|p2a: Arceus|perish2
|upkeep
|turn|5
|
|t:|1665125030
|move|p1a: Arceus|Recover|p1a: Arceus
|-heal|p1a: Arceus|88/100 tox
|move|p2a: Arceus|Judgment|p1a: Arceus
|-damage|p1a: Arceus|61/100 tox
|
|-damage|p1a: Arceus|30/100 tox|[from] psn
|-damage|p2a: Arceus|47/100|[from] move: Whirlpool|[partiallytrapped]
|-start|p1a: Arceus|perish1
|-start|p2a: Arceus|perish1
|upkeep
|turn|6
|
|t:|1665125041
|switch|p1a: Pyra|Groudon|100/100
|-damage|p1a: Pyra|94/100|[from] Stealth Rock
|detailschange|p1a: Pyra|Groudon-Primal
|-primal|p1a: Pyra
|-weather|DesolateLand|[from] ability: Desolate Land|[of] p1a: Pyra
|move|p2a: Arceus|Judgment|p1a: Pyra
|-resisted|p1a: Pyra
|-damage|p1a: Pyra|72/100
|
|-weather|DesolateLand|[upkeep]
|-end|p2a: Arceus|Whirlpool|[partiallytrapped]|[silent]
|-start|p2a: Arceus|perish0
|upkeep
|faint|p2a: Arceus
|
|t:|1665125049
|switch|p2a: Kyogre|Kyogre|100/100
|detailschange|p2a: Kyogre|Kyogre-Primal
|-primal|p2a: Kyogre
|-weather|PrimordialSea|[from] ability: Primordial Sea|[of] p2a: Kyogre
|turn|7
|
|t:|1665125059
|switch|p1a: Arceus|Arceus-Fairy|30/100 tox
|-damage|p1a: Arceus|18/100 tox|[from] Stealth Rock
|move|p2a: Kyogre|Surf|p1a: Arceus
|-damage|p1a: Arceus|0 fnt
|faint|p1a: Arceus
|
|-weather|PrimordialSea|[upkeep]
|upkeep
|
|t:|1665125061
|switch|p1a: Pyra|Groudon-Primal|72/100
|-damage|p1a: Pyra|59/100|[from] Stealth Rock
|-weather|DesolateLand|[from] ability: Desolate Land|[of] p1a: Pyra
|turn|8
|
|t:|1665125065
|switch|p2a: Rayquaza|Rayquaza, shiny|100/100
|-ability|p2a: Rayquaza|Air Lock
|move|p1a: Pyra|Precipice Blades|p2a: Rayquaza
|-immune|p2a: Rayquaza
|
|-weather|DesolateLand|[upkeep]
|upkeep
|turn|9
|
|t:|1665125072
|detailschange|p2a: Rayquaza|Rayquaza-Mega, shiny
|-mega|p2a: Rayquaza|Rayquaza|
|-weather|DeltaStream|[from] ability: Delta Stream|[of] p2a: Rayquaza
|move|p2a: Rayquaza|Earthquake|p1a: Pyra
|-supereffective|p1a: Pyra
|-damage|p1a: Pyra|9/100
|-damage|p2a: Rayquaza|91/100|[from] item: Life Orb
|move|p1a: Pyra|Thunder Wave|p2a: Rayquaza
|-status|p2a: Rayquaza|par
|
|-weather|DeltaStream|[upkeep]
|upkeep
|turn|10
|
|t:|1665125078
|move|p2a: Rayquaza|Extreme Speed|p1a: Pyra
|-damage|p1a: Pyra|0 fnt
|faint|p1a: Pyra
|-damage|p2a: Rayquaza|81/100 par|[from] item: Life Orb
|
|-weather|DeltaStream|[upkeep]
|upkeep
|
|t:|1665125084
|switch|p1a: Calyrex|Calyrex-Shadow|100/100
|-ability|p1a: Calyrex|As One
|-ability|p1a: Calyrex|Unnerve
|-damage|p1a: Calyrex|88/100|[from] Stealth Rock
|turn|11
|
|t:|1665125087
|-weather|none
|switch|p2a: Arceus|Arceus|100/100
|move|p1a: Calyrex|Substitute|p1a: Calyrex
|-start|p1a: Calyrex|Substitute
|-damage|p1a: Calyrex|63/100
|
|-heal|p1a: Calyrex|70/100|[from] item: Leftovers
|upkeep
|turn|12
|
|t:|1665125090
|move|p1a: Calyrex|Leech Seed|p2a: Arceus
|-start|p2a: Arceus|move: Leech Seed
|move|p2a: Arceus|Swords Dance|p2a: Arceus
|-boost|p2a: Arceus|atk|2
|
|-heal|p1a: Calyrex|76/100|[from] item: Leftovers
|-damage|p2a: Arceus|88/100|[from] Leech Seed|[of] p1a: Calyrex
|-heal|p1a: Calyrex|92/100|[silent]
|upkeep
|turn|13
|
|t:|1665125098
|switch|p1a: the goat|Zygarde, shiny|100/100
|-damage|p1a: the goat|94/100|[from] Stealth Rock
|move|p2a: Arceus|Swords Dance|p2a: Arceus
|-boost|p2a: Arceus|atk|2
|
|-heal|p1a: the goat|100/100|[from] item: Leftovers
|-damage|p2a: Arceus|76/100|[from] Leech Seed|[of] p1a: the goat
|upkeep
|turn|14
|
|t:|1665125105
|move|p2a: Arceus|Extreme Speed|p1a: the goat
|-damage|p1a: the goat|30/100
|move|p1a: the goat|Glare|p2a: Arceus
|-status|p2a: Arceus|par
|-enditem|p2a: Arceus|Lum Berry|[eat]
|-curestatus|p2a: Arceus|par|[msg]
|
|-heal|p1a: the goat|36/100|[from] item: Leftovers
|-damage|p2a: Arceus|63/100|[from] Leech Seed|[of] p1a: the goat
|-heal|p1a: the goat|49/100|[silent]
|-activate|p1a: the goat|ability: Power Construct
|detailschange|p1a: the goat|Zygarde-Complete, shiny
|-heal|p1a: the goat|66/100|[silent]
|upkeep
|turn|15
|
|t:|1665125112
|-start|p2a: Arceus|Dynamax|
|-heal|p2a: Arceus|63/100|[silent]
|move|p2a: Arceus|Max Strike|p1a: the goat
|-damage|p1a: the goat|0 fnt
|faint|p1a: the goat
|
|upkeep
|
|t:|1665125114
|switch|p1a: Calyrex|Calyrex-Shadow|92/100
|-ability|p1a: Calyrex|As One
|-ability|p1a: Calyrex|Unnerve
|-damage|p1a: Calyrex|79/100|[from] Stealth Rock
|turn|16
|
|t:|1665125118
|move|p1a: Calyrex|Substitute|p1a: Calyrex
|-start|p1a: Calyrex|Substitute
|-damage|p1a: Calyrex|55/100
|move|p2a: Arceus|Max Phantasm|p1a: Calyrex
|-supereffective|p1a: Calyrex
|-end|p1a: Calyrex|Substitute
|-unboost|p1a: Calyrex|def|1
|
|-heal|p1a: Calyrex|61/100|[from] item: Leftovers
|-damage|p2a: Arceus|57/100|[from] Leech Seed|[of] p1a: Calyrex
|-heal|p1a: Calyrex|77/100|[silent]
|upkeep
|turn|17
|
|t:|1665125120
|switch|p1a: Arceus|Arceus|100/100
|-damage|p1a: Arceus|88/100|[from] Stealth Rock
|move|p2a: Arceus|Max Phantasm|p1a: Arceus
|-immune|p1a: Arceus
|
|-damage|p2a: Arceus|51/100|[from] Leech Seed|[of] p1a: Arceus
|-heal|p1a: Arceus|100/100|[silent]
|upkeep
|-end|p2a: Arceus|Dynamax
|-heal|p2a: Arceus|51/100|[silent]
|turn|18
|
|t:|1665125125
|switch|p2a: Rayquaza|Rayquaza-Mega, shiny|81/100 par
|-weather|DeltaStream|[from] ability: Delta Stream|[of] p2a: Rayquaza
|-start|p1a: Arceus|Dynamax|
|-heal|p1a: Arceus|100/100|[silent]
|move|p1a: Arceus|Max Strike|p2a: Rayquaza
|-damage|p2a: Rayquaza|7/100 par
|-unboost|p2a: Rayquaza|spe|1
|
|-weather|DeltaStream|[upkeep]
|upkeep
|turn|19
|
|t:|1665125130
|cant|p2a: Rayquaza|par
|move|p1a: Arceus|Max Strike|p2a: Rayquaza
|-damage|p2a: Rayquaza|0 fnt
|faint|p2a: Rayquaza
|-weather|none
|
|upkeep
|
|t:|1665125148
|switch|p2a: Kyogre|Kyogre-Primal|100/100
|-weather|PrimordialSea|[from] ability: Primordial Sea|[of] p2a: Kyogre
|turn|20
|
|t:|1665125157
|move|p1a: Arceus|Max Strike|p2a: Kyogre
|-damage|p2a: Kyogre|57/100
|-unboost|p2a: Kyogre|spe|1
|move|p2a: Kyogre|Surf|p1a: Arceus
|-damage|p1a: Arceus|75/100
|
|-weather|PrimordialSea|[upkeep]
|upkeep
|-end|p1a: Arceus|Dynamax
|-heal|p1a: Arceus|75/100|[silent]
|turn|21
|
|t:|1665125161
|move|p1a: Arceus|Swords Dance|p1a: Arceus
|-boost|p1a: Arceus|atk|2
|move|p2a: Kyogre|Surf|p1a: Arceus
|-damage|p1a: Arceus|22/100
|
|-weather|PrimordialSea|[upkeep]
|upkeep
|turn|22
|
|t:|1665125164
|move|p1a: Arceus|Extreme Speed|p2a: Kyogre
|-damage|p2a: Kyogre|1/100
|move|p2a: Kyogre|Surf|p1a: Arceus
|-damage|p1a: Arceus|0 fnt
|faint|p1a: Arceus
|
|-weather|PrimordialSea|[upkeep]
|upkeep
|
|t:|1665125175
|switch|p1a: Calyrex|Calyrex-Shadow|77/100
|-ability|p1a: Calyrex|As One
|-ability|p1a: Calyrex|Unnerve
|-damage|p1a: Calyrex|65/100|[from] Stealth Rock
|turn|23
|
|t:|1665125181
|-weather|none
|switch|p2a: Arceus|Arceus|51/100
|move|p1a: Calyrex|Substitute|p1a: Calyrex
|-start|p1a: Calyrex|Substitute
|-damage|p1a: Calyrex|40/100
|
|-heal|p1a: Calyrex|46/100|[from] item: Leftovers
|upkeep
|turn|24
|
|t:|1665125183
|move|p1a: Calyrex|Leech Seed|p2a: Arceus
|-start|p2a: Arceus|move: Leech Seed
|move|p2a: Arceus|Recover|p2a: Arceus
|-heal|p2a: Arceus|100/100
|
|-heal|p1a: Calyrex|52/100|[from] item: Leftovers
|-damage|p2a: Arceus|88/100|[from] Leech Seed|[of] p1a: Calyrex
|-heal|p1a: Calyrex|68/100|[silent]
|upkeep
|turn|25
|
|t:|1665125189
|switch|p1a: the gwoat|Rayquaza|100/100
|-damage|p1a: the gwoat|76/100|[from] Stealth Rock
|-ability|p1a: the gwoat|Air Lock
|move|p2a: Arceus|Shadow Claw|p1a: the gwoat
|-crit|p1a: the gwoat
|-damage|p1a: the gwoat|36/100
|
|-damage|p2a: Arceus|76/100|[from] Leech Seed|[of] p1a: the gwoat
|-heal|p1a: the gwoat|51/100|[silent]
|upkeep
|turn|26
|
|t:|1665125195
|switch|p2a: Kyogre|Kyogre-Primal|1/100
|-weather|PrimordialSea|[from] ability: Primordial Sea|[of] p2a: Kyogre
|detailschange|p1a: the gwoat|Rayquaza-Mega
|-mega|p1a: the gwoat|Rayquaza|
|-weather|DeltaStream|[from] ability: Delta Stream|[of] p1a: the gwoat
|move|p1a: the gwoat|Dragon Ascent|p2a: Kyogre
|-damage|p2a: Kyogre|0 fnt
|-unboost|p1a: the gwoat|def|1
|-unboost|p1a: the gwoat|spd|1
|faint|p2a: Kyogre
|-damage|p1a: the gwoat|42/100|[from] item: Life Orb
|
|-weather|DeltaStream|[upkeep]
|upkeep
|
|t:|1665125209
|switch|p2a: Ditto|Ditto, shiny|100/100
|-transform|p2a: Ditto|p1a: the gwoat|[from] ability: Imposter
|turn|27
|
|t:|1665125215
|move|p1a: the gwoat|Extreme Speed|p2a: Ditto
|-damage|p2a: Ditto|13/100
|-damage|p1a: the gwoat|32/100|[from] item: Life Orb
|move|p2a: Ditto|Dragon Ascent|p1a: the gwoat
|-damage|p1a: the gwoat|0 fnt
|-unboost|p2a: Ditto|def|1
|-unboost|p2a: Ditto|spd|1
|faint|p1a: the gwoat
|
|-weather|DeltaStream|[upkeep]
|upkeep
|
|t:|1665125219
|switch|p1a: Calyrex|Calyrex-Shadow|68/100
|-ability|p1a: Calyrex|As One
|-ability|p1a: Calyrex|Unnerve
|-damage|p1a: Calyrex|56/100|[from] Stealth Rock
|turn|28
|
|t:|1665125221
|move|p2a: Ditto|Dragon Ascent|p1a: Calyrex
|-damage|p1a: Calyrex|0 fnt
|-unboost|p2a: Ditto|def|1
|-unboost|p2a: Ditto|spd|1
|faint|p1a: Calyrex
|
|win|Obito152001
|raw|BasakBooster2's rating: 1927 &rarr; <strong>1907</strong><br />(-20 for losing)
|raw|Obito152001's rating: 1926 &rarr; <strong>1946</strong><br />(+20 for winning)
|l|☆BasakBooster2
