|j|☆aselia the eternal
|j|☆iHaveAsthma
|t:|1658890671
|gametype|singles
|player|p1|aselia the eternal|102|1728
|player|p2|iHaveAsthma|doctor|1905
|teamsize|p1|6
|teamsize|p2|6
|gen|8
|tier|[Gen 8] National Dex AG
|rated|
|rule|HP Percentage Mod: HP is shown in percentages
|rule|Endless Battle Clause: Forcing endless battles is banned
|clearpoke
|poke|p1|Kyogre|
|poke|p1|Yveltal|
|poke|p1|Rayquaza|
|poke|p1|Calyrex-Shadow|
|poke|p1|Arceus-*|
|poke|p1|Marshadow|
|poke|p2|Rayquaza|
|poke|p2|Groudon|
|poke|p2|Lugia|
|poke|p2|Arceus-*|
|poke|p2|Calyrex-Shadow|
|poke|p2|Arceus-*|
|teampreview
|inactive|Battle timer is ON: inactive players will automatically lose when time's up. (requested by iHaveAsthma)
|
|t:|1658890680
|start
|switch|p1a: Arceus|Arceus-Ground|100/100
|switch|p2a: Rayquaza|Rayquaza|100/100
|-ability|p2a: Rayquaza|Air Lock
|turn|1
|
|t:|1658890701
|detailschange|p2a: Rayquaza|Rayquaza-Mega
|-mega|p2a: Rayquaza|Rayquaza|
|-weather|DeltaStream|[from] ability: Delta Stream|[of] p2a: Rayquaza
|move|p1a: Arceus|Ice Beam|p2a: Rayquaza
|-activate||deltastream
|-supereffective|p2a: Rayquaza
|-damage|p2a: Rayquaza|33/100
|move|p2a: Rayquaza|Dragon Ascent|p1a: Arceus
|-damage|p1a: Arceus|30/100
|-unboost|p2a: Rayquaza|def|1
|-unboost|p2a: Rayquaza|spd|1
|
|-weather|DeltaStream|[upkeep]
|upkeep
|turn|2
|
|t:|1658890716
|-weather|none
|switch|p2a: Groudon|Groudon|100/100
|detailschange|p2a: Groudon|Groudon-Primal
|-primal|p2a: Groudon
|-weather|DesolateLand|[from] ability: Desolate Land|[of] p2a: Groudon
|move|p1a: Arceus|Ice Beam|p2a: Groudon
|-damage|p2a: Groudon|64/100
|
|-weather|DesolateLand|[upkeep]
|upkeep
|turn|3
|
|t:|1658890727
|-weather|none
|switch|p2a: Rayquaza|Rayquaza-Mega|33/100
|-weather|DeltaStream|[from] ability: Delta Stream|[of] p2a: Rayquaza
|move|p1a: Arceus|Judgment|p2a: Rayquaza
|-immune|p2a: Rayquaza
|
|-weather|DeltaStream|[upkeep]
|upkeep
|turn|4
|
|t:|1658890733
|move|p2a: Rayquaza|Extreme Speed|p1a: Arceus
|-damage|p1a: Arceus|1/100
|move|p1a: Arceus|Stealth Rock|p2a: Rayquaza
|-sidestart|p2: iHaveAsthma|move: Stealth Rock
|
|-weather|DeltaStream|[upkeep]
|upkeep
|turn|5
|
|t:|1658890739
|move|p2a: Rayquaza|Extreme Speed|p1a: Arceus
|-damage|p1a: Arceus|0 fnt
|faint|p1a: Arceus
|
|-weather|DeltaStream|[upkeep]
|upkeep
|
|t:|1658890746
|switch|p1a: Calyrex|Calyrex-Shadow|100/100
|-ability|p1a: Calyrex|As One
|-ability|p1a: Calyrex|Unnerve
|turn|6
|
|t:|1658890749
|-weather|none
|switch|p2a: Arceus|Arceus|100/100
|-damage|p2a: Arceus|88/100|[from] Stealth Rock
|move|p1a: Calyrex|Substitute|p1a: Calyrex
|-start|p1a: Calyrex|Substitute
|-damage|p1a: Calyrex|76/100
|
|-heal|p1a: Calyrex|82/100|[from] item: Leftovers
|upkeep
|turn|7
|
|t:|1658890757
|move|p1a: Calyrex|Leech Seed|p2a: Arceus
|-start|p2a: Arceus|move: Leech Seed
|move|p2a: Arceus|Earthquake|p1a: Calyrex
|-end|p1a: Calyrex|Substitute
|-damage|p2a: Arceus|78/100|[from] item: Life Orb
|
|-heal|p1a: Calyrex|88/100|[from] item: Leftovers
|-damage|p2a: Arceus|66/100|[from] Leech Seed|[of] p1a: Calyrex
|-heal|p1a: Calyrex|100/100|[silent]
|upkeep
|turn|8
|
|t:|1658890761
|move|p1a: Calyrex|Substitute|p1a: Calyrex
|-start|p1a: Calyrex|Substitute
|-damage|p1a: Calyrex|76/100
|move|p2a: Arceus|Earthquake|p1a: Calyrex
|-end|p1a: Calyrex|Substitute
|-damage|p2a: Arceus|56/100|[from] item: Life Orb
|
|-heal|p1a: Calyrex|82/100|[from] item: Leftovers
|-damage|p2a: Arceus|44/100|[from] Leech Seed|[of] p1a: Calyrex
|-heal|p1a: Calyrex|98/100|[silent]
|upkeep
|turn|9
|
|t:|1658890764
|switch|p2a: Lugia|Lugia|100/100
|move|p1a: Calyrex|Substitute|p1a: Calyrex
|-start|p1a: Calyrex|Substitute
|-damage|p1a: Calyrex|73/100
|
|-heal|p1a: Calyrex|79/100|[from] item: Leftovers
|upkeep
|turn|10
|
|t:|1658890767
|move|p1a: Calyrex|Taunt|p2a: Lugia
|-start|p2a: Lugia|move: Taunt
|cant|p2a: Lugia|move: Taunt|Defog
|
|-heal|p1a: Calyrex|85/100|[from] item: Leftovers
|upkeep
|turn|11
|l|☆iHaveAsthma
|inactive|iHaveAsthma disconnected and has a minute to reconnect!
|player|p2|
|j| MeloMeloMeloetta
|inactive|iHaveAsthma has 30 seconds to reconnect!
|inactive|iHaveAsthma has 20 seconds to reconnect!
|inactive|iHaveAsthma has 15 seconds to reconnect!
|inactive|iHaveAsthma has 10 seconds to reconnect!
|inactive|iHaveAsthma has 5 seconds to reconnect!
|-message|iHaveAsthma lost due to inactivity.
|
|win|aselia the eternal
|raw|aselia the eternal's rating: 1728 &rarr; <strong>1757</strong><br />(+29 for winning)
|raw|iHaveAsthma's rating: 1905 &rarr; <strong>1876</strong><br />(-29 for losing)
|l| MeloMeloMeloetta
||Ladder isn't responding, score probably updated but might not have (Request timeout).
