|j|☆Nekomo
|j|☆MVP2536
|t:|1662544027
|gametype|singles
|player|p1|Nekomo|pokekid|1613
|player|p2|MVP2536|giovanni|1801
|teamsize|p1|6
|teamsize|p2|6
|gen|8
|tier|[Gen 8] National Dex AG
|rated|
|rule|HP Percentage Mod: HP is shown in percentages
|rule|Endless Battle Clause: Forcing endless battles is banned
|clearpoke
|poke|p1|Calyrex-Shadow|
|poke|p1|Zacian-*|
|poke|p1|Arceus-*|
|poke|p1|Necrozma-Dusk-Mane|
|poke|p1|Ditto|
|poke|p1|Slurpuff, F|
|poke|p2|Groudon|
|poke|p2|Aegislash, M|
|poke|p2|Rotom-Wash|
|poke|p2|Scrafty, M|
|poke|p2|Whimsicott, F|
|poke|p2|Ditto|
|teampreview
|
|t:|1662544032
|start
|switch|p1a: Pandoufle|Slurpuff, F|100/100
|switch|p2a: Aegislash|Aegislash, M|100/100
|turn|1
|
|t:|1662544039
|move|p1a: Pandoufle|Sticky Web|p2a: Aegislash
|-sidestart|p2: MVP2536|move: Sticky Web
|-formechange|p2a: Aegislash|Aegislash-Blade||[from] ability: Stance Change
|move|p2a: Aegislash|Iron Head|p1a: Pandoufle
|-supereffective|p1a: Pandoufle
|-enditem|p1a: Pandoufle|Focus Sash
|-damage|p1a: Pandoufle|1/100
|
|upkeep
|turn|2
|
|t:|1662544050
|switch|p1a: Arceus|Arceus|100/100
|move|p2a: Aegislash|Shadow Sneak|p1a: Arceus
|-immune|p1a: Arceus
|
|upkeep
|turn|3
|
|t:|1662544056
|switch|p2a: Rotom|Rotom-Wash|100/100
|move|p1a: Arceus|Swords Dance|p1a: Arceus
|-boost|p1a: Arceus|atk|2
|
|upkeep
|turn|4
|
|t:|1662544063
|move|p1a: Arceus|Swords Dance|p1a: Arceus
|-boost|p1a: Arceus|atk|2
|move|p2a: Rotom|Foul Play|p1a: Arceus
|-damage|p1a: Arceus|37/100
|
|-heal|p1a: Arceus|44/100|[from] item: Leftovers
|upkeep
|turn|5
|
|t:|1662544070
|move|p1a: Arceus|Extreme Speed|p2a: Rotom
|-damage|p2a: Rotom|5/100
|-damage|p1a: Arceus|27/100|[from] item: Rocky Helmet|[of] p2a: Rotom
|move|p2a: Rotom|Foul Play|p1a: Arceus
|-damage|p1a: Arceus|0 fnt
|faint|p1a: Arceus
|
|upkeep
|
|t:|1662544079
|switch|p1a: Necrozma|Necrozma-Dusk-Mane|100/100
|turn|6
|
|t:|1662544083
|detailschange|p1a: Necrozma|Necrozma-Ultra
|-burst|p1a: Necrozma|Necrozma|Ultranecrozium Z
|move|p1a: Necrozma|Sunsteel Strike|p2a: Rotom
|-resisted|p2a: Rotom
|-damage|p2a: Rotom|0 fnt
|-damage|p1a: Necrozma|84/100|[from] item: Rocky Helmet|[of] p2a: Rotom
|faint|p2a: Rotom
|
|upkeep
|
|t:|1662544093
|switch|p2a: Scrafty|Scrafty, M|100/100
|-activate|p2a: Scrafty|move: Sticky Web
|-unboost|p2a: Scrafty|spe|1
|turn|7
|
|t:|1662544101
|move|p1a: Necrozma|Stealth Rock|p2a: Scrafty
|-sidestart|p2: MVP2536|move: Stealth Rock
|move|p2a: Scrafty|Knock Off|p1a: Necrozma
|-supereffective|p1a: Necrozma
|-damage|p1a: Necrozma|36/100
|
|upkeep
|turn|8
|
|t:|1662544106
|move|p1a: Necrozma|Earthquake|p2a: Scrafty
|-damage|p2a: Scrafty|66/100
|move|p2a: Scrafty|Knock Off|p1a: Necrozma
|-supereffective|p1a: Necrozma
|-damage|p1a: Necrozma|0 fnt
|faint|p1a: Necrozma
|
|upkeep
|
|t:|1662544121
|switch|p1a: Pandoufle|Slurpuff, F|1/100
|turn|9
|
|t:|1662544124
|switch|p2a: Aegislash|Aegislash, M|100/100
|-activate|p2a: Aegislash|move: Sticky Web
|-unboost|p2a: Aegislash|spe|1
|-damage|p2a: Aegislash|94/100|[from] Stealth Rock
|move|p1a: Pandoufle|Dazzling Gleam|p2a: Aegislash
|-resisted|p2a: Aegislash
|-damage|p2a: Aegislash|81/100
|
|-heal|p2a: Aegislash|88/100|[from] item: Leftovers
|upkeep
|turn|10
|
|t:|1662544134
|-formechange|p2a: Aegislash|Aegislash-Blade||[from] ability: Stance Change
|move|p2a: Aegislash|Shadow Sneak|p1a: Pandoufle
|-damage|p1a: Pandoufle|0 fnt
|faint|p1a: Pandoufle
|
|-heal|p2a: Aegislash|94/100|[from] item: Leftovers
|upkeep
|
|t:|1662544147
|switch|p1a: Zacian|Zacian-Crowned|100/100
|-ability|p1a: Zacian|Intrepid Sword|boost
|-boost|p1a: Zacian|atk|1
|turn|11
|
|t:|1662544151
|switch|p2a: garbage|Groudon|100/100
|-activate|p2a: garbage|move: Sticky Web
|-unboost|p2a: garbage|spe|1
|-damage|p2a: garbage|94/100|[from] Stealth Rock
|detailschange|p2a: garbage|Groudon-Primal
|-primal|p2a: garbage
|-weather|DesolateLand|[from] ability: Desolate Land|[of] p2a: garbage
|move|p1a: Zacian|Crunch|p2a: garbage
|-damage|p2a: garbage|65/100
|
|-weather|DesolateLand|[upkeep]
|upkeep
|turn|12
|
|t:|1662544164
|move|p1a: Zacian|Crunch|p2a: garbage
|-damage|p2a: garbage|38/100
|move|p2a: garbage|Precipice Blades|p1a: Zacian
|-supereffective|p1a: Zacian
|-damage|p1a: Zacian|0 fnt
|faint|p1a: Zacian
|
|-weather|DesolateLand|[upkeep]
|upkeep
|
|t:|1662544181
|switch|p1a: Limule|Ditto, shiny|100/100
|-transform|p1a: Limule|p2a: garbage|[from] ability: Imposter
|turn|13
|
|t:|1662544186
|move|p1a: Limule|Precipice Blades|p2a: garbage|[miss]
|-miss|p1a: Limule|p2a: garbage
|move|p2a: garbage|Precipice Blades|p1a: Limule
|-supereffective|p1a: Limule
|-damage|p1a: Limule|0 fnt
|faint|p1a: Limule
|
|-weather|DesolateLand|[upkeep]
|upkeep
|
|t:|1662544188
|switch|p1a: Calyrex|Calyrex-Shadow|100/100
|-ability|p1a: Calyrex|As One
|-ability|p1a: Calyrex|Unnerve
|turn|14
|
|t:|1662544197
|-weather|none
|switch|p2a: Scrafty|Scrafty, M|66/100
|-activate|p2a: Scrafty|move: Sticky Web
|-unboost|p2a: Scrafty|spe|1
|-damage|p2a: Scrafty|60/100|[from] Stealth Rock
|move|p1a: Calyrex|Astral Barrage|p2a: Scrafty
|-resisted|p2a: Scrafty
|-damage|p2a: Scrafty|41/100
|
|upkeep
|turn|15
|
|t:|1662544209
|-start|p2a: Scrafty|Dynamax|
|-heal|p2a: Scrafty|41/100|[silent]
|move|p1a: Calyrex|Draining Kiss|p2a: Scrafty
|-supereffective|p2a: Scrafty
|-damage|p2a: Scrafty|16/100
|move|p2a: Scrafty|Max Darkness|p1a: Calyrex
|-supereffective|p1a: Calyrex
|-damage|p1a: Calyrex|0 fnt
|faint|p1a: Calyrex
|
|win|MVP2536
|raw|Nekomo's rating: 1613 &rarr; <strong>1603</strong><br />(-10 for losing)
|raw|MVP2536's rating: 1801 &rarr; <strong>1811</strong><br />(+10 for winning)
|c|☆MVP2536|gg
|l|☆Nekomo
