|j|☆Clownnin
|j|☆Obito152001
|t:|1664863351
|gametype|singles
|player|p1|Clownnin|clown|1657
|player|p2|Obito152001|blue-gen3two|1973
|teamsize|p1|6
|teamsize|p2|6
|gen|8
|tier|[Gen 8] National Dex AG
|rated|
|rule|HP Percentage Mod: HP is shown in percentages
|rule|Endless Battle Clause: Forcing endless battles is banned
|clearpoke
|poke|p1|Arceus-*|
|poke|p1|Arceus-*|
|poke|p1|Arceus-*|
|poke|p1|Arceus-*|
|poke|p1|Arceus-*|
|poke|p1|Arceus-*|
|poke|p2|Arceus-*|
|poke|p2|Arceus-*|
|poke|p2|Ditto|
|poke|p2|Grimmsnarl, M|
|poke|p2|Blastoise, F|
|poke|p2|Groudon|
|teampreview
|inactive|Battle timer is ON: inactive players will automatically lose when time's up. (requested by Clownnin)
|inactive|Obito152001 also wants the timer to be on.
|
|t:|1664863379
|start
|switch|p1a: Arceus|Arceus-Ground|100/100
|switch|p2a: Grimmsnarl|Grimmsnarl, M|100/100
|turn|1
|
|t:|1664863387
|move|p2a: Grimmsnarl|Taunt|p1a: Arceus
|-start|p1a: Arceus|move: Taunt
|cant|p1a: Arceus|move: Taunt|Stealth Rock
|
|upkeep
|turn|2
|
|t:|1664863409
|switch|p1a: Arceus|Arceus-Dark|100/100
|move|p2a: Grimmsnarl|Reflect|p2a: Grimmsnarl
|-sidestart|p2: Obito152001|Reflect
|
|upkeep
|turn|3
|
|t:|1664863412
|switch|p2a: Blastoise|Blastoise, F|100/100
|move|p1a: Arceus|Calm Mind|p1a: Arceus
|-boost|p1a: Arceus|spa|1
|-boost|p1a: Arceus|spd|1
|
|upkeep
|turn|4
|
|t:|1664863416
|detailschange|p2a: Blastoise|Blastoise-Mega, F
|-mega|p2a: Blastoise|Blastoise|Blastoisinite
|move|p1a: Arceus|Calm Mind|p1a: Arceus
|-boost|p1a: Arceus|spa|1
|-boost|p1a: Arceus|spd|1
|move|p2a: Blastoise|Shell Smash|p2a: Blastoise
|-unboost|p2a: Blastoise|def|1
|-unboost|p2a: Blastoise|spd|1
|-boost|p2a: Blastoise|atk|2
|-boost|p2a: Blastoise|spa|2
|-boost|p2a: Blastoise|spe|2
|
|upkeep
|turn|5
|
|t:|1664863426
|move|p2a: Blastoise|Shell Smash|p2a: Blastoise
|-unboost|p2a: Blastoise|def|1
|-unboost|p2a: Blastoise|spd|1
|-boost|p2a: Blastoise|atk|2
|-boost|p2a: Blastoise|spa|2
|-boost|p2a: Blastoise|spe|2
|move|p1a: Arceus|Judgment|p2a: Blastoise
|-damage|p2a: Blastoise|0 fnt
|faint|p2a: Blastoise
|
|upkeep
|
|t:|1664863431
|switch|p2a: Grimmsnarl|Grimmsnarl, M|100/100
|turn|6
|
|t:|1664863434
|move|p2a: Grimmsnarl|Light Screen|p2a: Grimmsnarl
|-sidestart|p2: Obito152001|move: Light Screen
|move|p1a: Arceus|Judgment|p2a: Grimmsnarl
|-resisted|p2a: Grimmsnarl
|-damage|p2a: Grimmsnarl|91/100
|
|upkeep
|turn|7
|
|t:|1664863436
|move|p1a: Arceus|Judgment|p2a: Grimmsnarl
|-resisted|p2a: Grimmsnarl
|-damage|p2a: Grimmsnarl|82/100
|move|p2a: Grimmsnarl|Play Rough|p1a: Arceus
|-supereffective|p1a: Arceus
|-damage|p1a: Arceus|53/100
|
|upkeep
|turn|8
|
|t:|1664863439
|move|p1a: Arceus|Recover|p1a: Arceus
|-heal|p1a: Arceus|100/100
|move|p2a: Grimmsnarl|Play Rough|p1a: Arceus
|-supereffective|p1a: Arceus
|-damage|p1a: Arceus|51/100
|
|upkeep
|turn|9
|
|t:|1664863461
|move|p1a: Arceus|Recover|p1a: Arceus
|-heal|p1a: Arceus|100/100
|move|p2a: Grimmsnarl|Play Rough|p1a: Arceus
|-supereffective|p1a: Arceus
|-damage|p1a: Arceus|57/100
|
|-sideend|p2: Obito152001|Reflect
|upkeep
|turn|10
|
|t:|1664863464
|move|p1a: Arceus|Recover|p1a: Arceus
|-heal|p1a: Arceus|100/100
|move|p2a: Grimmsnarl|Play Rough|p1a: Arceus
|-supereffective|p1a: Arceus
|-damage|p1a: Arceus|52/100
|
|upkeep
|turn|11
|
|t:|1664863467
|move|p1a: Arceus|Recover|p1a: Arceus
|-heal|p1a: Arceus|100/100
|move|p2a: Grimmsnarl|Play Rough|p1a: Arceus
|-supereffective|p1a: Arceus
|-damage|p1a: Arceus|52/100
|
|upkeep
|turn|12
|
|t:|1664863469
|move|p1a: Arceus|Recover|p1a: Arceus
|-heal|p1a: Arceus|100/100
|move|p2a: Grimmsnarl|Play Rough|p1a: Arceus
|-supereffective|p1a: Arceus
|-damage|p1a: Arceus|49/100
|
|upkeep
|turn|13
|
|t:|1664863471
|move|p1a: Arceus|Recover|p1a: Arceus
|-heal|p1a: Arceus|99/100
|move|p2a: Grimmsnarl|Play Rough|p1a: Arceus
|-supereffective|p1a: Arceus
|-damage|p1a: Arceus|51/100
|
|-sideend|p2: Obito152001|move: Light Screen
|upkeep
|turn|14
|
|t:|1664863474
|move|p2a: Grimmsnarl|Light Screen|p2a: Grimmsnarl
|-sidestart|p2: Obito152001|move: Light Screen
|move|p1a: Arceus|Recover|p1a: Arceus
|-heal|p1a: Arceus|100/100
|
|upkeep
|turn|15
|
|t:|1664863477
|switch|p1a: Arceus|Arceus-Fairy|100/100
|move|p2a: Grimmsnarl|Play Rough|p1a: Arceus
|-damage|p1a: Arceus|76/100
|
|upkeep
|turn|16
|
|t:|1664863506
|move|p2a: Grimmsnarl|Taunt|p1a: Arceus
|-start|p1a: Arceus|move: Taunt
|move|p1a: Arceus|Judgment|p2a: Grimmsnarl
|-supereffective|p2a: Grimmsnarl
|-damage|p2a: Grimmsnarl|45/100
|
|upkeep
|turn|17
|
|t:|1664863511
|switch|p2a: Groudon|Groudon|100/100
|detailschange|p2a: Groudon|Groudon-Primal
|-primal|p2a: Groudon
|-weather|DesolateLand|[from] ability: Desolate Land|[of] p2a: Groudon
|move|p1a: Arceus|Judgment|p2a: Groudon
|-resisted|p2a: Groudon
|-damage|p2a: Groudon|90/100
|
|-weather|DesolateLand|[upkeep]
|upkeep
|turn|18
|
|t:|1664863515
|switch|p1a: Arceus|Arceus-Ground|100/100
|move|p2a: Groudon|Stealth Rock|p1a: Arceus
|-sidestart|p1: Clownnin|move: Stealth Rock
|
|-weather|DesolateLand|[upkeep]
|upkeep
|turn|19
|
|t:|1664863521
|-weather|none
|switch|p2a: Grimmsnarl|Grimmsnarl, M|45/100
|move|p1a: Arceus|Judgment|p2a: Grimmsnarl
|-damage|p2a: Grimmsnarl|23/100
|
|upkeep
|turn|20
|
|t:|1664863527
|move|p2a: Grimmsnarl|Taunt|p1a: Arceus
|-start|p1a: Arceus|move: Taunt
|cant|p1a: Arceus|move: Taunt|Stealth Rock
|
|upkeep
|turn|21
|
|t:|1664863530
|move|p2a: Grimmsnarl|Reflect|p2a: Grimmsnarl
|-sidestart|p2: Obito152001|Reflect
|move|p1a: Arceus|Judgment|p2a: Grimmsnarl
|-damage|p2a: Grimmsnarl|0 fnt
|faint|p2a: Grimmsnarl
|
|-sideend|p2: Obito152001|move: Light Screen
|upkeep
|
|t:|1664863534
|switch|p2a: Arceus|Arceus|100/100
|turn|22
|
|t:|1664863543
|-start|p1a: Arceus|Dynamax|
|-heal|p1a: Arceus|100/100|[silent]
|move|p2a: Arceus|Swords Dance|p2a: Arceus
|-boost|p2a: Arceus|atk|2
|move|p1a: Arceus|Max Quake|p2a: Arceus
|-damage|p2a: Arceus|49/100
|-boost|p1a: Arceus|spd|1
|
|-end|p1a: Arceus|move: Taunt
|upkeep
|turn|23
|
|t:|1664863559
|move|p2a: Arceus|Recover|p2a: Arceus
|-heal|p2a: Arceus|99/100
|move|p1a: Arceus|Max Quake|p2a: Arceus
|-damage|p2a: Arceus|48/100
|-boost|p1a: Arceus|spd|1
|
|upkeep
|turn|24
|
|t:|1664863562
|move|p2a: Arceus|Recover|p2a: Arceus
|-heal|p2a: Arceus|98/100
|move|p1a: Arceus|Max Hailstorm|p2a: Arceus
|-damage|p2a: Arceus|66/100
|-weather|Hail
|
|-weather|Hail|[upkeep]
|-damage|p2a: Arceus|60/100|[from] Hail
|-damage|p1a: Arceus|97/100|[from] Hail
|upkeep
|-end|p1a: Arceus|Dynamax
|-heal|p1a: Arceus|98/100|[silent]
|turn|25
|
|t:|1664863568
|switch|p1a: Arceus|Arceus-Ghost|100/100
|-damage|p1a: Arceus|88/100|[from] Stealth Rock
|move|p2a: Arceus|Swords Dance|p2a: Arceus
|-boost|p2a: Arceus|atk|2
|
|-weather|Hail|[upkeep]
|-damage|p1a: Arceus|82/100|[from] Hail
|-damage|p2a: Arceus|54/100|[from] Hail
|upkeep
|turn|26
|
|t:|1664863575
|-start|p2a: Arceus|Dynamax|
|-heal|p2a: Arceus|54/100|[silent]
|move|p1a: Arceus|Swords Dance|p1a: Arceus
|-boost|p1a: Arceus|atk|2
|move|p2a: Arceus|Max Phantasm|p1a: Arceus
|-supereffective|p1a: Arceus
|-damage|p1a: Arceus|0 fnt
|faint|p1a: Arceus
|
|-weather|Hail|[upkeep]
|-damage|p2a: Arceus|51/100|[from] Hail
|upkeep
|
|t:|1664863592
|switch|p1a: Arceus|Arceus-Dark|100/100
|-damage|p1a: Arceus|88/100|[from] Stealth Rock
|turn|27
|
|t:|1664863595
|move|p1a: Arceus|Judgment|p2a: Arceus
|-damage|p2a: Arceus|36/100
|move|p2a: Arceus|Max Strike|p1a: Arceus
|-damage|p1a: Arceus|0 fnt
|faint|p1a: Arceus
|
|-weather|Hail|[upkeep]
|-damage|p2a: Arceus|33/100|[from] Hail
|upkeep
|
|t:|1664863600
|switch|p1a: Arceus|Arceus-Ground|98/100
|-damage|p1a: Arceus|91/100|[from] Stealth Rock
|turn|28
|
|t:|1664863602
|move|p2a: Arceus|Max Strike|p1a: Arceus
|-damage|p1a: Arceus|0 fnt
|faint|p1a: Arceus
|
|-weather|none
|-sideend|p2: Obito152001|Reflect
|upkeep
|
|t:|1664863606
|switch|p1a: Arceus|Arceus-Flying|100/100
|-damage|p1a: Arceus|76/100|[from] Stealth Rock
|-end|p2a: Arceus|Dynamax
|-heal|p2a: Arceus|33/100|[silent]
|turn|29
|
|t:|1664863608
|move|p2a: Arceus|Extreme Speed|p1a: Arceus
|-damage|p1a: Arceus|0 fnt
|faint|p1a: Arceus
|
|upkeep
|
|t:|1664863611
|switch|p1a: Arceus|Arceus-Water|100/100
|-damage|p1a: Arceus|88/100|[from] Stealth Rock
|turn|30
|
|t:|1664863614
|move|p2a: Arceus|Recover|p2a: Arceus
|-heal|p2a: Arceus|83/100
|move|p1a: Arceus|Toxic|p2a: Arceus
|-status|p2a: Arceus|tox
|-enditem|p2a: Arceus|Lum Berry|[eat]
|-curestatus|p2a: Arceus|tox|[msg]
|
|upkeep
|turn|31
|
|t:|1664863619
|move|p2a: Arceus|Extreme Speed|p1a: Arceus
|-damage|p1a: Arceus|30/100
|move|p1a: Arceus|Toxic|p2a: Arceus
|-status|p2a: Arceus|tox
|
|-damage|p2a: Arceus|77/100 tox|[from] psn
|upkeep
|turn|32
|
|t:|1664863622
|move|p2a: Arceus|Extreme Speed|p1a: Arceus
|-damage|p1a: Arceus|0 fnt
|faint|p1a: Arceus
|
|-damage|p2a: Arceus|65/100 tox|[from] psn
|upkeep
|
|t:|1664863624
|switch|p1a: Arceus|Arceus-Fairy|76/100
|-damage|p1a: Arceus|64/100|[from] Stealth Rock
|turn|33
|
|t:|1664863626
|move|p2a: Arceus|Extreme Speed|p1a: Arceus
|-damage|p1a: Arceus|0 fnt
|faint|p1a: Arceus
|
|win|Obito152001
|raw|Clownnin's rating: 1657 &rarr; <strong>1652</strong><br />(-5 for losing)
|raw|Obito152001's rating: 1980 &rarr; <strong>1985</strong><br />(+5 for winning)
|l|☆Clownnin
