|j|☆Pkmn3443
|j|☆Log4j
|t:|1619039257
|gametype|singles
|player|p1|Pkmn3443|102|1801
|player|p2|Log4j|266|1903
|teamsize|p1|6
|teamsize|p2|6
|gen|8
|tier|[Gen 8] National Dex AG
|rated|
|clearpoke
|poke|p1|Zacian-Crowned|
|poke|p1|Necrozma-Dusk-Mane|
|poke|p1|Ditto|
|poke|p1|Ho-Oh|
|poke|p1|Rayquaza|
|poke|p1|Yveltal|
|poke|p2|Rayquaza|
|poke|p2|Zacian-Crowned|
|poke|p2|Yveltal|
|poke|p2|Xerneas|
|poke|p2|Ho-Oh|
|poke|p2|Ditto|
|rule|HP Percentage Mod: HP is shown in percentages
|rule|Endless Battle Clause: Forcing endless battles is banned
|teampreview
|
|t:|1619039294
|start
|switch|p1a: Zacian|Zacian-Crowned|100/100
|switch|p2a: Ho-Oh|Ho-Oh|100/100
|-ability|p1a: Zacian|Intrepid Sword|boost
|-boost|p1a: Zacian|atk|1
|turn|1
|
|t:|1619039303
|switch|p1a: Ho-Oh|Ho-Oh|100/100
|move|p2a: Ho-Oh|Toxic|p1a: Ho-Oh
|-status|p1a: Ho-Oh|tox
|
|-damage|p1a: Ho-Oh|94/100 tox|[from] psn
|upkeep
|turn|2
|
|t:|1619039310
|switch|p2a: Zacian|Zacian-Crowned|100/100
|-ability|p2a: Zacian|Intrepid Sword|boost
|-boost|p2a: Zacian|atk|1
|move|p1a: Ho-Oh|Toxic|p2a: Zacian
|-immune|p2a: Zacian
|
|-damage|p1a: Ho-Oh|82/100 tox|[from] psn
|upkeep
|turn|3
|
|t:|1619039330
|switch|p2a: Yveltal|Yveltal|100/100
|-ability|p2a: Yveltal|Dark Aura
|switch|p1a: Necrozma|Necrozma-Dusk-Mane|100/100
|
|upkeep
|turn|4
|j| Beatboxing_Phantom
|c| Beatboxing_Phantom|:O
|
|t:|1619039338
|switch|p1a: Zacian|Zacian-Crowned|100/100
|-ability|p1a: Zacian|Intrepid Sword|boost
|-boost|p1a: Zacian|atk|1
|-start|p2a: Yveltal|Dynamax
|-heal|p2a: Yveltal|100/100|[silent]
|move|p2a: Yveltal|Max Airstream|p1a: Zacian
|-resisted|p1a: Zacian
|-damage|p1a: Zacian|59/100
|-boost|p2a: Yveltal|spe|1
|-damage|p2a: Yveltal|96/100|[from] item: Life Orb
|
|upkeep
|turn|5
|c| Beatboxing_Phantom|high ladder battle
|
|t:|1619039347
|switch|p1a: Ho-Oh|Ho-Oh|100/100 tox
|move|p2a: Yveltal|Max Darkness|p1a: Ho-Oh
|-damage|p1a: Ho-Oh|37/100 tox
|-unboost|p1a: Ho-Oh|spd|1
|-damage|p2a: Yveltal|91/100|[from] item: Life Orb
|
|-damage|p1a: Ho-Oh|31/100 tox|[from] psn
|upkeep
|turn|6
|c| Beatboxing_Phantom|y everyone use kfc birb?
|c|☆Pkmn3443|I'm low ladder
|
|t:|1619039360
|switch|p1a: Zacian|Zacian-Crowned|59/100
|-ability|p1a: Zacian|Intrepid Sword|boost
|-boost|p1a: Zacian|atk|1
|move|p2a: Yveltal|Max Darkness|p1a: Zacian
|-resisted|p1a: Zacian
|-damage|p1a: Zacian|0 fnt
|-damage|p2a: Yveltal|86/100|[from] item: Life Orb
|faint|p1a: Zacian
|
|-end|p2a: Yveltal|Dynamax
|-heal|p2a: Yveltal|86/100|[silent]
|upkeep
|c| Beatboxing_Phantom|ur 1800
|
|t:|1619039366
|switch|p1a: Rayquaza|Rayquaza|100/100
|-ability|p1a: Rayquaza|Air Lock
|turn|7
|c| Beatboxing_Phantom|below 1700 is usually low ladder
|c|☆Pkmn3443|low
|
|t:|1619039376
|detailschange|p1a: Rayquaza|Rayquaza-Mega
|-mega|p1a: Rayquaza|Rayquaza|
|-weather|DeltaStream|[from] ability: Delta Stream|[of] p1a: Rayquaza
|move|p2a: Yveltal|Dark Pulse|p1a: Rayquaza
|-damage|p1a: Rayquaza|29/100
|-damage|p2a: Yveltal|76/100|[from] item: Life Orb
|cant|p1a: Rayquaza|flinch
|
|-weather|DeltaStream|[upkeep]
|upkeep
|turn|8
|c|☆Log4j|damn
|c|☆Log4j|sorry
|
|t:|1619039392
|move|p1a: Rayquaza|Extreme Speed|p2a: Yveltal
|-damage|p2a: Yveltal|28/100
|-damage|p1a: Rayquaza|19/100|[from] item: Life Orb
|move|p2a: Yveltal|Oblivion Wing|p1a: Rayquaza
|-damage|p1a: Rayquaza|0 fnt
|-heal|p2a: Yveltal|40/100|[from] drain|[of] p1a: Rayquaza
|-damage|p2a: Yveltal|30/100|[from] item: Life Orb
|faint|p1a: Rayquaza
|-weather|none
|
|upkeep
|j| Jevinkames
|c|☆Pkmn3443|why?
|
|t:|1619039397
|switch|p1a: Ditto|Ditto|100/100
|-transform|p1a: Ditto|p2a: Yveltal|[from] ability: Imposter
|-ability|p1a: Ditto|Dark Aura
|turn|9
|c|☆Log4j|flinch
|c| Beatboxing_Phantom|flinch
|
|t:|1619039407
|switch|p2a: Ho-Oh|Ho-Oh|100/100
|move|p1a: Ditto|Oblivion Wing|p2a: Ho-Oh
|-damage|p2a: Ho-Oh|74/100
|
|upkeep
|turn|10
|c|☆Pkmn3443|it's natural
|
|t:|1619039415
|switch|p1a: Ho-Oh|Ho-Oh|64/100 tox
|move|p2a: Ho-Oh|Sacred Fire|p1a: Ho-Oh
|-resisted|p1a: Ho-Oh
|-damage|p1a: Ho-Oh|48/100 tox
|
|-damage|p1a: Ho-Oh|42/100 tox|[from] psn
|upkeep
|turn|11
|
|t:|1619039420
|move|p1a: Ho-Oh|Toxic|p2a: Ho-Oh
|-status|p2a: Ho-Oh|tox
|move|p2a: Ho-Oh|Sacred Fire|p1a: Ho-Oh
|-resisted|p1a: Ho-Oh
|-damage|p1a: Ho-Oh|28/100 tox
|
|-damage|p2a: Ho-Oh|68/100 tox|[from] psn
|-damage|p1a: Ho-Oh|15/100 tox|[from] psn
|upkeep
|turn|12
|
|t:|1619039427
|switch|p2a: Zacian|Zacian-Crowned|100/100
|-ability|p2a: Zacian|Intrepid Sword|boost
|-boost|p2a: Zacian|atk|1
|switch|p1a: Ditto|Ditto|100/100
|-transform|p1a: Ditto|p2a: Zacian|[from] ability: Imposter
|-ability|p1a: Ditto|Intrepid Sword|boost
|-boost|p1a: Ditto|atk|1
|
|upkeep
|turn|13
|
|t:|1619039439
|switch|p2a: Ho-Oh|Ho-Oh|100/100 tox
|move|p1a: Ditto|Wild Charge|p2a: Ho-Oh
|-supereffective|p2a: Ho-Oh
|-damage|p2a: Ho-Oh|0 fnt
|-damage|p1a: Ditto|66/100|[from] Recoil
|faint|p2a: Ho-Oh
|
|upkeep
|
|t:|1619039449
|switch|p2a: Rayquaza|Rayquaza|100/100
|-ability|p2a: Rayquaza|Air Lock
|turn|14
|
|t:|1619039454
|switch|p1a: Necrozma|Necrozma-Dusk-Mane|100/100
|detailschange|p2a: Rayquaza|Rayquaza-Mega
|-mega|p2a: Rayquaza|Rayquaza|
|-weather|DeltaStream|[from] ability: Delta Stream|[of] p2a: Rayquaza
|move|p2a: Rayquaza|V-create|p1a: Necrozma
|-supereffective|p1a: Necrozma
|-damage|p1a: Necrozma|26/100
|-unboost|p2a: Rayquaza|spe|1
|-unboost|p2a: Rayquaza|def|1
|-unboost|p2a: Rayquaza|spd|1
|-damage|p2a: Rayquaza|84/100|[from] item: Rocky Helmet|[of] p1a: Necrozma
|
|-weather|DeltaStream|[upkeep]
|upkeep
|turn|15
|
|t:|1619039467
|move|p2a: Rayquaza|Dragon Dance|p2a: Rayquaza
|-boost|p2a: Rayquaza|atk|1
|-boost|p2a: Rayquaza|spe|1
|move|p1a: Necrozma|Sunsteel Strike|p2a: Rayquaza
|-damage|p2a: Rayquaza|0 fnt
|faint|p2a: Rayquaza
|-weather|none
|
|upkeep
|
|t:|1619039475
|switch|p2a: Yveltal|Yveltal|30/100
|-ability|p2a: Yveltal|Dark Aura
|turn|16
|
|t:|1619039482
|move|p2a: Yveltal|Dark Pulse|p1a: Necrozma
|-supereffective|p1a: Necrozma
|-damage|p1a: Necrozma|0 fnt
|-damage|p2a: Yveltal|21/100|[from] item: Life Orb
|faint|p1a: Necrozma
|
|upkeep
|
|t:|1619039493
|switch|p1a: Yveltal|Yveltal|100/100
|-ability|p1a: Yveltal|Dark Aura
|turn|17
|
|t:|1619039500
|move|p1a: Yveltal|Oblivion Wing|p2a: Yveltal
|-damage|p2a: Yveltal|0 fnt
|-damage|p1a: Yveltal|91/100|[from] item: Life Orb
|faint|p2a: Yveltal
|
|upkeep
|
|t:|1619039504
|switch|p2a: Xerneas|Xerneas|100/100
|-ability|p2a: Xerneas|Fairy Aura
|turn|18
|
|t:|1619039521
|move|p1a: Yveltal|Oblivion Wing|p2a: Xerneas
|-damage|p2a: Xerneas|58/100
|-heal|p1a: Yveltal|100/100|[from] drain|[of] p2a: Xerneas
|-damage|p1a: Yveltal|91/100|[from] item: Life Orb
|move|p2a: Xerneas|Geomancy||[still]
|-prepare|p2a: Xerneas|Geomancy
|-enditem|p2a: Xerneas|Power Herb
|-anim|p2a: Xerneas|Geomancy|p2a: Xerneas
|-boost|p2a: Xerneas|spa|2
|-boost|p2a: Xerneas|spd|2
|-boost|p2a: Xerneas|spe|2
|
|upkeep
|turn|19
|
|t:|1619039529
|move|p2a: Xerneas|Substitute|p2a: Xerneas
|-start|p2a: Xerneas|Substitute
|-damage|p2a: Xerneas|33/100
|move|p1a: Yveltal|Oblivion Wing|p2a: Xerneas
|-activate|p2a: Xerneas|move: Substitute|[damage]
|-heal|p1a: Yveltal|100/100|[from] drain|[of] p2a: Xerneas
|-damage|p1a: Yveltal|91/100|[from] item: Life Orb
|
|upkeep
|turn|20
|
|t:|1619039539
|-start|p1a: Yveltal|Dynamax
|-heal|p1a: Yveltal|91/100|[silent]
|move|p2a: Xerneas|Moonblast|p1a: Yveltal
|-supereffective|p1a: Yveltal
|-damage|p1a: Yveltal|0 fnt
|faint|p1a: Yveltal
|
|upkeep
|
|t:|1619039542
|switch|p1a: Ho-Oh|Ho-Oh|48/100 tox
|turn|21
|
|t:|1619039547
|move|p2a: Xerneas|Thunder|p1a: Ho-Oh
|-supereffective|p1a: Ho-Oh
|-damage|p1a: Ho-Oh|0 fnt
|faint|p1a: Ho-Oh
|
|upkeep
|
|t:|1619039550
|switch|p1a: Ditto|Ditto|66/100
|turn|22
|c|☆Log4j|gg
|
|t:|1619039553
|move|p2a: Xerneas|Moonblast|p1a: Ditto
|-damage|p1a: Ditto|0 fnt
|faint|p1a: Ditto
|
|win|Log4j
|raw|Pkmn3443's rating: 1801 &rarr; <strong>1787</strong><br />(-14 for losing)
|raw|Log4j's rating: 1903 &rarr; <strong>1917</strong><br />(+14 for winning)
|c|☆Pkmn3443|gg
|l|☆Pkmn3443
|l| Jevinkames
||Ladder isn't responding, score probably updated but might not have (Request timeout).
