|j|☆ahjahj
|j|☆aseeasase
|t:|1657009780
|gametype|singles
|player|p1|ahjahj|rosa|1743
|player|p2|aseeasase|169|1674
|teamsize|p1|6
|teamsize|p2|6
|gen|8
|tier|[Gen 8] National Dex AG
|rated|
|rule|HP Percentage Mod: HP is shown in percentages
|rule|Endless Battle Clause: Forcing endless battles is banned
|clearpoke
|poke|p1|Zacian-*|
|poke|p1|Rayquaza|
|poke|p1|Yveltal|
|poke|p1|Kyogre|
|poke|p1|Calyrex-Shadow|
|poke|p1|Regieleki|
|poke|p2|Infernape, F|
|poke|p2|Calyrex-Shadow|
|poke|p2|Lunala|
|poke|p2|Tyranitar, F|
|poke|p2|Ditto|
|poke|p2|Zekrom|
|teampreview
|inactive|Battle timer is ON: inactive players will automatically lose when time's up. (requested by ahjahj)
|
|t:|1657009787
|start
|switch|p1a: Zacian|Zacian-Crowned|100/100
|switch|p2a: Infernape|Infernape, F|100/100
|-ability|p1a: Zacian|Intrepid Sword|boost
|-boost|p1a: Zacian|atk|1
|turn|1
|
|t:|1657009796
|switch|p1a: Kyogre|Kyogre|100/100
|detailschange|p1a: Kyogre|Kyogre-Primal
|-primal|p1a: Kyogre
|-weather|PrimordialSea|[from] ability: Primordial Sea|[of] p1a: Kyogre
|move|p2a: Infernape|Stealth Rock|p1a: Kyogre
|-sidestart|p1: ahjahj|move: Stealth Rock
|
|-weather|PrimordialSea|[upkeep]
|upkeep
|turn|2
|
|t:|1657009805
|move|p2a: Infernape|Taunt|p1a: Kyogre
|-start|p1a: Kyogre|move: Taunt
|move|p1a: Kyogre|Water Spout|p2a: Infernape
|-supereffective|p2a: Infernape
|-enditem|p2a: Infernape|Focus Sash
|-damage|p2a: Infernape|1/100
|
|-weather|PrimordialSea|[upkeep]
|upkeep
|turn|3
|
|t:|1657009816
|move|p2a: Infernape|Endeavor|p1a: Kyogre
|-damage|p1a: Kyogre|1/100
|move|p1a: Kyogre|Water Spout|p2a: Infernape
|-supereffective|p2a: Infernape
|-damage|p2a: Infernape|0 fnt
|faint|p2a: Infernape
|
|-weather|PrimordialSea|[upkeep]
|upkeep
|
|t:|1657009826
|switch|p2a: Calyrex|Calyrex-Shadow|100/100
|-ability|p2a: Calyrex|As One
|-ability|p2a: Calyrex|Unnerve
|turn|4
|
|t:|1657009836
|move|p2a: Calyrex|Astral Barrage|p1a: Kyogre
|-damage|p1a: Kyogre|0 fnt
|faint|p1a: Kyogre
|-weather|none
|-ability|p2a: Calyrex|Grim Neigh|boost
|-boost|p2a: Calyrex|spa|1
|
|upkeep
|
|t:|1657009844
|switch|p1a: Yveltal|Yveltal|100/100
|-damage|p1a: Yveltal|76/100|[from] Stealth Rock
|-ability|p1a: Yveltal|Dark Aura
|turn|5
|
|t:|1657009851
|switch|p2a: Tyranitar|Tyranitar, F|100/100
|-weather|Sandstorm|[from] ability: Sand Stream|[of] p2a: Tyranitar
|move|p1a: Yveltal|Sucker Punch||[still]
|-fail|p1a: Yveltal
|
|-weather|Sandstorm|[upkeep]
|-damage|p1a: Yveltal|70/100|[from] Sandstorm
|upkeep
|turn|6
|
|t:|1657009868
|switch|p1a: Zacian|Zacian-Crowned|100/100
|-damage|p1a: Zacian|94/100|[from] Stealth Rock
|-ability|p1a: Zacian|Intrepid Sword|boost
|-boost|p1a: Zacian|atk|1
|detailschange|p2a: Tyranitar|Tyranitar-Mega, F
|-mega|p2a: Tyranitar|Tyranitar|Tyranitarite
|move|p2a: Tyranitar|Thunder Wave|p1a: Zacian
|-status|p1a: Zacian|par
|
|-weather|Sandstorm|[upkeep]
|upkeep
|turn|7
|
|t:|1657009883
|switch|p2a: Lunala|Lunala|100/100
|move|p1a: Zacian|Behemoth Blade|p2a: Lunala
|-damage|p2a: Lunala|54/100
|
|-weather|Sandstorm|[upkeep]
|-damage|p2a: Lunala|48/100|[from] Sandstorm
|upkeep
|turn|8
|
|t:|1657009894
|-zpower|p2a: Lunala
|move|p2a: Lunala|Menacing Moonraze Maelstrom|p1a: Zacian|[zeffect]
|-damage|p1a: Zacian|0 fnt
|faint|p1a: Zacian
|
|-weather|Sandstorm|[upkeep]
|-damage|p2a: Lunala|42/100|[from] Sandstorm
|upkeep
|
|t:|1657009910
|switch|p1a: Yveltal|Yveltal|70/100
|-damage|p1a: Yveltal|45/100|[from] Stealth Rock
|-ability|p1a: Yveltal|Dark Aura
|turn|9
|
|t:|1657009925
|move|p1a: Yveltal|Oblivion Wing|p2a: Lunala
|-damage|p2a: Lunala|12/100
|-heal|p1a: Yveltal|69/100|[from] drain|[of] p2a: Lunala
|move|p2a: Lunala|Ice Beam|p1a: Yveltal
|-supereffective|p1a: Yveltal
|-damage|p1a: Yveltal|28/100
|
|-weather|none
|upkeep
|turn|10
|
|t:|1657009937
|switch|p2a: Tyranitar|Tyranitar-Mega, F|100/100
|-weather|Sandstorm|[from] ability: Sand Stream|[of] p2a: Tyranitar
|-start|p1a: Yveltal|Dynamax|
|-heal|p1a: Yveltal|28/100|[silent]
|move|p1a: Yveltal|Max Airstream|p2a: Tyranitar
|-resisted|p2a: Tyranitar
|-damage|p2a: Tyranitar|83/100
|-boost|p1a: Yveltal|spe|1
|
|-weather|Sandstorm|[upkeep]
|-damage|p1a: Yveltal|25/100|[from] Sandstorm
|upkeep
|turn|11
|
|t:|1657009955
|move|p1a: Yveltal|Max Flare|p2a: Tyranitar
|-resisted|p2a: Tyranitar
|-damage|p2a: Tyranitar|73/100
|-weather|SunnyDay
|move|p2a: Tyranitar|Stone Edge|p1a: Yveltal
|-supereffective|p1a: Yveltal
|-damage|p1a: Yveltal|0 fnt
|faint|p1a: Yveltal
|
|-weather|SunnyDay|[upkeep]
|upkeep
|inactive|ahjahj has 120 seconds left.
|
|t:|1657009976
|switch|p1a: Calyrex|Calyrex-Shadow|100/100
|-ability|p1a: Calyrex|As One
|-ability|p1a: Calyrex|Unnerve
|-damage|p1a: Calyrex|88/100|[from] Stealth Rock
|turn|12
|
|t:|1657009984
|switch|p2a: Lunala|Lunala|12/100
|move|p1a: Calyrex|Leaf Storm|p2a: Lunala
|-damage|p2a: Lunala|0 fnt
|-unboost|p1a: Calyrex|spa|2
|faint|p2a: Lunala
|-ability|p1a: Calyrex|Grim Neigh|boost
|-boost|p1a: Calyrex|spa|1
|
|-weather|SunnyDay|[upkeep]
|upkeep
|
|t:|1657009995
|switch|p2a: Tyranitar|Tyranitar-Mega, F|73/100
|-weather|Sandstorm|[from] ability: Sand Stream|[of] p2a: Tyranitar
|turn|13
|
|t:|1657010000
|move|p1a: Calyrex|Leaf Storm|p2a: Tyranitar
|-supereffective|p2a: Tyranitar
|-damage|p2a: Tyranitar|39/100
|-unboost|p1a: Calyrex|spa|2
|move|p2a: Tyranitar|Pursuit|p1a: Calyrex
|-supereffective|p1a: Calyrex
|-damage|p1a: Calyrex|0 fnt
|faint|p1a: Calyrex
|
|-weather|Sandstorm|[upkeep]
|upkeep
|
|t:|1657010015
|switch|p1a: Regieleki|Regieleki|100/100
|-damage|p1a: Regieleki|88/100|[from] Stealth Rock
|turn|14
|
|t:|1657010025
|move|p1a: Regieleki|Wild Charge|p2a: Tyranitar
|-damage|p2a: Tyranitar|0 fnt
|faint|p2a: Tyranitar
|-damage|p1a: Regieleki|75/100|[from] Recoil
|-damage|p1a: Regieleki|65/100|[from] item: Life Orb
|
|-weather|Sandstorm|[upkeep]
|-damage|p1a: Regieleki|59/100|[from] Sandstorm
|upkeep
|
|t:|1657010039
|switch|p2a: Zekrom|Zekrom|100/100
|-ability|p2a: Zekrom|Teravolt
|turn|15
|
|t:|1657010045
|move|p1a: Regieleki|Bounce||[still]
|-prepare|p1a: Regieleki|Bounce
|move|p2a: Zekrom|Dragon Dance|p2a: Zekrom
|-boost|p2a: Zekrom|atk|1
|-boost|p2a: Zekrom|spe|1
|
|-weather|Sandstorm|[upkeep]
|-damage|p1a: Regieleki|53/100|[from] Sandstorm
|-damage|p2a: Zekrom|94/100|[from] Sandstorm
|upkeep
|turn|16
|
|t:|1657010054
|move|p1a: Regieleki|Bounce|p2a: Zekrom|[from]lockedmove
|-resisted|p2a: Zekrom
|-damage|p2a: Zekrom|81/100
|-damage|p1a: Regieleki|44/100|[from] item: Life Orb
|move|p2a: Zekrom|Dragon Dance|p2a: Zekrom
|-boost|p2a: Zekrom|atk|1
|-boost|p2a: Zekrom|spe|1
|
|-weather|Sandstorm|[upkeep]
|-damage|p2a: Zekrom|75/100|[from] Sandstorm
|-damage|p1a: Regieleki|38/100|[from] Sandstorm
|upkeep
|turn|17
|
|t:|1657010065
|move|p2a: Zekrom|Substitute|p2a: Zekrom
|-start|p2a: Zekrom|Substitute
|-damage|p2a: Zekrom|50/100
|move|p1a: Regieleki|Electroweb|p2a: Zekrom
|-resisted|p2a: Zekrom
|-activate|p2a: Zekrom|move: Substitute|[damage]
|-damage|p1a: Regieleki|28/100|[from] item: Life Orb
|
|-weather|none
|upkeep
|turn|18
|
|t:|1657010075
|move|p2a: Zekrom|Outrage|p1a: Regieleki
|-damage|p1a: Regieleki|0 fnt
|faint|p1a: Regieleki
|
|upkeep
|-message|ahjahj forfeited.
|
|win|aseeasase
|raw|ahjahj's rating: 1743 &rarr; <strong>1719</strong><br />(-24 for losing)
|raw|aseeasase's rating: 1674 &rarr; <strong>1698</strong><br />(+24 for winning)
|l|☆ahjahj
