|j|☆ReactJS3
|j|☆cosmowarriorzero
|t:|1659076318
|gametype|singles
|player|p1|ReactJS3|2|1898
|player|p2|cosmowarriorzero|101|1742
|teamsize|p1|6
|teamsize|p2|6
|gen|8
|tier|[Gen 8] National Dex AG
|rated|
|rule|HP Percentage Mod: HP is shown in percentages
|rule|Endless Battle Clause: Forcing endless battles is banned
|clearpoke
|poke|p1|Rayquaza|
|poke|p1|Zacian-*|
|poke|p1|Yveltal|
|poke|p1|Groudon|
|poke|p1|Ho-Oh|
|poke|p1|Ditto|
|poke|p2|Arceus-*|
|poke|p2|Arceus-*|
|poke|p2|Yveltal|
|poke|p2|Arceus-*|
|poke|p2|Calyrex-Shadow|
|poke|p2|Arceus-*|
|teampreview
|
|t:|1659076327
|start
|switch|p1a: Yveltal|Yveltal|100/100
|switch|p2a: Arceus|Arceus-Grass|100/100
|-ability|p1a: Yveltal|Dark Aura
|turn|1
|inactive|Battle timer is ON: inactive players will automatically lose when time's up. (requested by ReactJS3)
|
|t:|1659076354
|-start|p1a: Yveltal|Dynamax|
|-heal|p1a: Yveltal|100/100|[silent]
|move|p2a: Arceus|Stealth Rock|p1a: Yveltal
|-sidestart|p1: ReactJS3|move: Stealth Rock
|move|p1a: Yveltal|Max Airstream|p2a: Arceus
|-supereffective|p2a: Arceus
|-damage|p2a: Arceus|0 fnt
|-boost|p1a: Yveltal|spe|1
|faint|p2a: Arceus
|-damage|p1a: Yveltal|96/100|[from] item: Life Orb
|
|upkeep
|
|t:|1659076360
|switch|p2a: Yveltal|Yveltal|100/100
|-ability|p2a: Yveltal|Dark Aura
|turn|2
|
|t:|1659076387
|-end|p1a: Yveltal|Dynamax
|-heal|p1a: Yveltal|96/100|[silent]
|switch|p1a: Ho-Oh|Ho-Oh|100/100
|-start|p2a: Yveltal|Dynamax|
|-heal|p2a: Yveltal|100/100|[silent]
|move|p2a: Yveltal|Max Airstream|p1a: Ho-Oh
|-damage|p1a: Ho-Oh|47/100
|-boost|p2a: Yveltal|spe|1
|-damage|p2a: Yveltal|96/100|[from] item: Life Orb
|
|upkeep
|turn|3
|inactive|ReactJS3 has 120 seconds left.
|
|t:|1659076407
|switch|p1a: Yveltal|Yveltal|96/100
|-damage|p1a: Yveltal|71/100|[from] Stealth Rock
|-ability|p1a: Yveltal|Dark Aura
|move|p2a: Yveltal|Max Darkness|p1a: Yveltal
|-resisted|p1a: Yveltal
|-damage|p1a: Yveltal|13/100
|-unboost|p1a: Yveltal|spd|1
|-damage|p2a: Yveltal|91/100|[from] item: Life Orb
|
|upkeep
|turn|4
|inactive|ReactJS3 has 120 seconds left.
|
|t:|1659076423
|move|p1a: Yveltal|Sucker Punch|p2a: Yveltal
|-resisted|p2a: Yveltal
|-damage|p2a: Yveltal|78/100
|-damage|p1a: Yveltal|3/100|[from] item: Life Orb
|move|p2a: Yveltal|Max Airstream|p1a: Yveltal
|-damage|p1a: Yveltal|0 fnt
|-boost|p2a: Yveltal|spe|1
|faint|p1a: Yveltal
|-damage|p2a: Yveltal|73/100|[from] item: Life Orb
|
|upkeep
|
|t:|1659076433
|switch|p1a: Zacian|Zacian-Crowned|100/100
|-damage|p1a: Zacian|94/100|[from] Stealth Rock
|-ability|p1a: Zacian|Intrepid Sword|boost
|-boost|p1a: Zacian|atk|1
|-end|p2a: Yveltal|Dynamax
|-heal|p2a: Yveltal|73/100|[silent]
|turn|5
|
|t:|1659076438
|move|p2a: Yveltal|Heat Wave|p1a: Zacian
|-supereffective|p1a: Zacian
|-damage|p1a: Zacian|5/100
|-damage|p2a: Yveltal|63/100|[from] item: Life Orb
|move|p1a: Zacian|Play Rough|p2a: Yveltal|[miss]
|-miss|p1a: Zacian|p2a: Yveltal
|
|upkeep
|turn|6
|
|t:|1659076448
|move|p2a: Yveltal|Oblivion Wing|p1a: Zacian
|-resisted|p1a: Zacian
|-damage|p1a: Zacian|0 fnt
|-heal|p2a: Yveltal|66/100|[from] drain|[of] p1a: Zacian
|faint|p1a: Zacian
|-damage|p2a: Yveltal|56/100|[from] item: Life Orb
|
|upkeep
|
|t:|1659076450
|switch|p1a: Ho-Oh|Ho-Oh|80/100
|turn|7
|
|t:|1659076454
|move|p2a: Yveltal|Taunt|p1a: Ho-Oh
|-start|p1a: Ho-Oh|move: Taunt
|cant|p1a: Ho-Oh|move: Taunt|Defog
|
|upkeep
|turn|8
|
|t:|1659076458
|move|p2a: Yveltal|Dark Pulse|p1a: Ho-Oh
|-damage|p1a: Ho-Oh|34/100
|-damage|p2a: Yveltal|46/100|[from] item: Life Orb
|move|p1a: Ho-Oh|Sacred Fire|p2a: Yveltal
|-damage|p2a: Yveltal|9/100
|
|upkeep
|turn|9
|
|t:|1659076467
|move|p2a: Yveltal|Oblivion Wing|p1a: Ho-Oh
|-crit|p1a: Ho-Oh
|-damage|p1a: Ho-Oh|0 fnt
|-heal|p2a: Yveltal|36/100|[from] drain|[of] p1a: Ho-Oh
|faint|p1a: Ho-Oh
|-damage|p2a: Yveltal|26/100|[from] item: Life Orb
|
|upkeep
|
|t:|1659076470
|switch|p1a: Ditto|Ditto|100/100
|-damage|p1a: Ditto|88/100|[from] Stealth Rock
|-transform|p1a: Ditto|p2a: Yveltal|[from] ability: Imposter
|-ability|p1a: Ditto|Dark Aura
|turn|10
|
|t:|1659076474
|move|p1a: Ditto|Oblivion Wing|p2a: Yveltal
|-damage|p2a: Yveltal|0 fnt
|-heal|p1a: Ditto|100/100|[from] drain|[of] p2a: Yveltal
|faint|p2a: Yveltal
|
|upkeep
|
|t:|1659076491
|switch|p2a: Arceus|Arceus|100/100
|turn|11
|
|t:|1659076497
|switch|p1a: Groudon|Groudon|100/100
|-damage|p1a: Groudon|94/100|[from] Stealth Rock
|detailschange|p1a: Groudon|Groudon-Primal
|-primal|p1a: Groudon
|-weather|DesolateLand|[from] ability: Desolate Land|[of] p1a: Groudon
|move|p2a: Arceus|Calm Mind|p2a: Arceus
|-boost|p2a: Arceus|spa|1
|-boost|p2a: Arceus|spd|1
|
|-weather|DesolateLand|[upkeep]
|upkeep
|turn|12
|
|t:|1659076503
|move|p2a: Arceus|Judgment|p1a: Groudon
|-damage|p1a: Groudon|0 fnt
|faint|p1a: Groudon
|-weather|none
|-damage|p2a: Arceus|91/100|[from] item: Life Orb
|
|upkeep
|-message|ReactJS3 forfeited.
|
|win|cosmowarriorzero
|raw|ReactJS3's rating: 1898 &rarr; <strong>1870</strong><br />(-28 for losing)
|raw|cosmowarriorzero's rating: 1742 &rarr; <strong>1770</strong><br />(+28 for winning)
|l|☆ReactJS3
