|j|☆Chimakid
|j|☆Chrisbensoo
|t:|1657739538
|gametype|singles
|player|p1|Chimakid|lusamine-nihilego|1472
|player|p2|Chrisbensoo|2|1554
|teamsize|p1|6
|teamsize|p2|6
|gen|8
|tier|[Gen 8] National Dex AG
|rated|
|rule|HP Percentage Mod: HP is shown in percentages
|rule|Endless Battle Clause: Forcing endless battles is banned
|clearpoke
|poke|p1|Marshadow|
|poke|p1|Rayquaza|
|poke|p1|Groudon|
|poke|p1|Zacian-*|
|poke|p1|Kyogre|
|poke|p1|Landorus-Therian, M|
|poke|p2|Magearna|
|poke|p2|Calyrex-Shadow|
|poke|p2|Arceus-*|
|poke|p2|Ho-Oh|
|poke|p2|Tyranitar, M|
|poke|p2|Necrozma-Dusk-Mane|
|teampreview
|
|t:|1657739556
|start
|switch|p1a: Groudon|Groudon|100/100
|switch|p2a: Arceus|Arceus-Ground|100/100
|detailschange|p1a: Groudon|Groudon-Primal
|-primal|p1a: Groudon
|-weather|DesolateLand|[from] ability: Desolate Land|[of] p1a: Groudon
|turn|1
|
|t:|1657739563
|move|p1a: Groudon|Stealth Rock|p2a: Arceus
|-sidestart|p2: Chrisbensoo|move: Stealth Rock
|move|p2a: Arceus|Judgment|p1a: Groudon
|-supereffective|p1a: Groudon
|-damage|p1a: Groudon|1/100
|
|-weather|DesolateLand|[upkeep]
|upkeep
|turn|2
|
|t:|1657739570
|move|p1a: Groudon|Fire Punch|p2a: Arceus
|-damage|p2a: Arceus|62/100
|move|p2a: Arceus|Ice Beam|p1a: Groudon
|-damage|p1a: Groudon|0 fnt
|faint|p1a: Groudon
|-weather|none
|
|upkeep
|
|t:|1657739593
|switch|p1a: Kyogre|Kyogre|100/100
|detailschange|p1a: Kyogre|Kyogre-Primal
|-primal|p1a: Kyogre
|-weather|PrimordialSea|[from] ability: Primordial Sea|[of] p1a: Kyogre
|turn|3
|
|t:|1657739606
|move|p1a: Kyogre|Origin Pulse|p2a: Arceus
|-supereffective|p2a: Arceus
|-damage|p2a: Arceus|0 fnt
|faint|p2a: Arceus
|
|-weather|PrimordialSea|[upkeep]
|upkeep
|
|t:|1657739608
|switch|p2a: Magearna|Magearna|100/100
|-damage|p2a: Magearna|94/100|[from] Stealth Rock
|turn|4
|
|t:|1657739615
|move|p1a: Kyogre|Water Spout|p2a: Magearna
|-damage|p2a: Magearna|10/100
|move|p2a: Magearna|Volt Switch|p1a: Kyogre
|-supereffective|p1a: Kyogre
|-damage|p1a: Kyogre|72/100
|
|t:|1657739620
|switch|p2a: Cali|Calyrex-Shadow|100/100|[from]move: Volt Switch
|-ability|p2a: Cali|As One
|-ability|p2a: Cali|Unnerve
|-damage|p2a: Cali|88/100|[from] Stealth Rock
|
|-weather|PrimordialSea|[upkeep]
|upkeep
|turn|5
|
|t:|1657739623
|move|p2a: Cali|Astral Barrage|p1a: Kyogre
|-damage|p1a: Kyogre|0 fnt
|faint|p1a: Kyogre
|-weather|none
|-ability|p2a: Cali|Grim Neigh|boost
|-boost|p2a: Cali|spa|1
|
|upkeep
|
|t:|1657739628
|switch|p1a: Marshadow|Marshadow|100/100
|turn|6
|
|t:|1657739630
|switch|p2a: Magearna|Magearna|10/100
|-damage|p2a: Magearna|4/100|[from] Stealth Rock
|move|p1a: Marshadow|Spectral Thief|p2a: Magearna
|-damage|p2a: Magearna|0 fnt
|faint|p2a: Magearna
|
|upkeep
|
|t:|1657739634
|switch|p2a: Ho-Oh|Ho-Oh|100/100
|turn|7
|
|t:|1657739638
|switch|p1a: Landorus|Landorus-Therian, M|100/100
|-ability|p1a: Landorus|Intimidate|boost
|-unboost|p2a: Ho-Oh|atk|1
|move|p2a: Ho-Oh|Sacred Fire|p1a: Landorus
|-damage|p1a: Landorus|65/100
|
|-heal|p1a: Landorus|71/100|[from] item: Leftovers
|upkeep
|turn|8
|
|t:|1657739642
|switch|p2a: Tyranitar|Tyranitar, M|100/100
|-damage|p2a: Tyranitar|88/100|[from] Stealth Rock
|-weather|Sandstorm|[from] ability: Sand Stream|[of] p2a: Tyranitar
|move|p1a: Landorus|Stone Edge|p2a: Tyranitar|[miss]
|-miss|p1a: Landorus|p2a: Tyranitar
|
|-weather|Sandstorm|[upkeep]
|-heal|p1a: Landorus|77/100|[from] item: Leftovers
|-heal|p2a: Tyranitar|94/100|[from] item: Leftovers
|upkeep
|turn|9
|
|t:|1657739647
|move|p1a: Landorus|Earthquake|p2a: Tyranitar
|-supereffective|p2a: Tyranitar
|-damage|p2a: Tyranitar|13/100
|move|p2a: Tyranitar|Foul Play|p1a: Landorus
|-damage|p1a: Landorus|16/100
|
|-weather|Sandstorm|[upkeep]
|-heal|p1a: Landorus|22/100|[from] item: Leftovers
|-heal|p2a: Tyranitar|19/100|[from] item: Leftovers
|upkeep
|turn|10
|
|t:|1657739651
|move|p1a: Landorus|Earthquake|p2a: Tyranitar
|-supereffective|p2a: Tyranitar
|-damage|p2a: Tyranitar|0 fnt
|faint|p2a: Tyranitar
|
|-weather|Sandstorm|[upkeep]
|-heal|p1a: Landorus|28/100|[from] item: Leftovers
|upkeep
|
|t:|1657739653
|switch|p2a: Cali|Calyrex-Shadow|88/100
|-ability|p2a: Cali|As One
|-ability|p2a: Cali|Unnerve
|-damage|p2a: Cali|76/100|[from] Stealth Rock
|turn|11
|
|t:|1657739658
|move|p2a: Cali|Astral Barrage|p1a: Landorus
|-damage|p1a: Landorus|0 fnt
|faint|p1a: Landorus
|-ability|p2a: Cali|Grim Neigh|boost
|-boost|p2a: Cali|spa|1
|
|-weather|Sandstorm|[upkeep]
|-damage|p2a: Cali|70/100|[from] Sandstorm
|upkeep
|
|t:|1657739661
|switch|p1a: Rayquaza|Rayquaza|100/100
|-ability|p1a: Rayquaza|Air Lock
|turn|12
|
|t:|1657739668
|detailschange|p1a: Rayquaza|Rayquaza-Mega
|-mega|p1a: Rayquaza|Rayquaza|
|-weather|DeltaStream|[from] ability: Delta Stream|[of] p1a: Rayquaza
|move|p2a: Cali|Astral Barrage|p1a: Rayquaza
|-crit|p1a: Rayquaza
|-damage|p1a: Rayquaza|0 fnt
|faint|p1a: Rayquaza
|-weather|none
|-ability|p2a: Cali|Grim Neigh|boost
|-boost|p2a: Cali|spa|1
|
|upkeep
|
|t:|1657739671
|switch|p1a: Marshadow|Marshadow|100/100
|turn|13
|
|t:|1657739677
|switch|p2a: Necrozma|Necrozma-Dusk-Mane|100/100
|-damage|p2a: Necrozma|95/100|[from] Stealth Rock
|move|p1a: Marshadow|Spectral Thief|p2a: Necrozma
|-supereffective|p2a: Necrozma
|-damage|p2a: Necrozma|38/100
|
|upkeep
|turn|14
|
|t:|1657739684
|-start|p1a: Marshadow|Dynamax|
|-heal|p1a: Marshadow|100/100|[silent]
|move|p1a: Marshadow|Max Phantasm|p2a: Necrozma
|-supereffective|p2a: Necrozma
|-damage|p2a: Necrozma|0 fnt
|faint|p2a: Necrozma
|
|upkeep
|
|t:|1657739687
|switch|p2a: Ho-Oh|Ho-Oh|100/100
|turn|15
|
|t:|1657739693
|-start|p2a: Ho-Oh|Dynamax|
|-heal|p2a: Ho-Oh|100/100|[silent]
|move|p2a: Ho-Oh|Max Guard|p2a: Ho-Oh
|-singleturn|p2a: Ho-Oh|Max Guard
|move|p1a: Marshadow|Max Phantasm|p2a: Ho-Oh
|-activate|p2a: Ho-Oh|move: Max Guard
|
|upkeep
|turn|16
|
|t:|1657739698
|move|p1a: Marshadow|Max Phantasm|p2a: Ho-Oh
|-damage|p2a: Ho-Oh|77/100
|-unboost|p2a: Ho-Oh|def|1
|move|p2a: Ho-Oh|Max Flare|p1a: Marshadow
|-damage|p1a: Marshadow|66/100
|-weather|SunnyDay
|
|-weather|SunnyDay|[upkeep]
|upkeep
|-end|p1a: Marshadow|Dynamax
|-heal|p1a: Marshadow|66/100|[silent]
|turn|17
|
|t:|1657739703
|switch|p1a: Zacian|Zacian-Crowned|100/100
|-ability|p1a: Zacian|Intrepid Sword|boost
|-boost|p1a: Zacian|atk|1
|move|p2a: Ho-Oh|Max Flare|p1a: Zacian
|-supereffective|p1a: Zacian
|-damage|p1a: Zacian|0 fnt
|faint|p1a: Zacian
|
|-weather|SunnyDay|[upkeep]
|upkeep
|
|t:|1657739705
|switch|p1a: Marshadow|Marshadow|66/100
|-end|p2a: Ho-Oh|Dynamax
|-heal|p2a: Ho-Oh|77/100|[silent]
|turn|18
|
|t:|1657739712
|switch|p2a: Cali|Calyrex-Shadow|70/100
|-ability|p2a: Cali|As One
|-ability|p2a: Cali|Unnerve
|-damage|p2a: Cali|57/100|[from] Stealth Rock
|move|p1a: Marshadow|Close Combat|p2a: Cali
|-immune|p2a: Cali
|
|-weather|SunnyDay|[upkeep]
|upkeep
|turn|19
|
|t:|1657739714
|move|p1a: Marshadow|Shadow Sneak|p2a: Cali
|-supereffective|p2a: Cali
|-damage|p2a: Cali|0 fnt
|faint|p2a: Cali
|
|-weather|SunnyDay|[upkeep]
|upkeep
|
|t:|1657739716
|switch|p2a: Ho-Oh|Ho-Oh|100/100
|turn|20
|inactive|Battle timer is ON: inactive players will automatically lose when time's up. (requested by Chrisbensoo)
|
|t:|1657739733
|move|p1a: Marshadow|Spectral Thief|p2a: Ho-Oh
|-damage|p2a: Ho-Oh|72/100
|move|p2a: Ho-Oh|Sacred Fire|p1a: Marshadow
|-damage|p1a: Marshadow|0 fnt
|faint|p1a: Marshadow
|
|win|Chrisbensoo
|raw|Chimakid's rating: 1472 &rarr; <strong>1457</strong><br />(-15 for losing)
|raw|Chrisbensoo's rating: 1554 &rarr; <strong>1569</strong><br />(+15 for winning)
