|j|☆diemond35472
|j|☆Obito152001
|t:|1665554269
|gametype|singles
|player|p1|diemond35472|mustard|1685
|player|p2|Obito152001|blue-gen3two|2025
|teamsize|p1|6
|teamsize|p2|6
|gen|8
|tier|[Gen 8] National Dex AG
|rated|
|rule|HP Percentage Mod: HP is shown in percentages
|rule|Endless Battle Clause: Forcing endless battles is banned
|clearpoke
|poke|p1|Calyrex-Shadow|
|poke|p1|Yveltal|
|poke|p1|Smeargle, M|
|poke|p1|Rayquaza|
|poke|p1|Groudon|
|poke|p1|Arceus-*|
|poke|p2|Groudon|
|poke|p2|Arceus-*|
|poke|p2|Zamazenta-*|
|poke|p2|Ditto|
|poke|p2|Rayquaza|
|poke|p2|Arceus-*|
|teampreview
|inactive|Battle timer is ON: inactive players will automatically lose when time's up. (requested by Obito152001)
|
|t:|1665554278
|start
|switch|p1a: Smeargle|Smeargle, M|100/100
|switch|p2a: Ditto|Ditto, shiny|100/100
|-transform|p2a: Ditto|p1a: Smeargle|[from] ability: Imposter
|turn|1
|inactive|diemond35472 has 120 seconds left.
|
|t:|1665554312
|switch|p2a: Groudon|Groudon|100/100
|detailschange|p2a: Groudon|Groudon-Primal
|-primal|p2a: Groudon
|-weather|DesolateLand|[from] ability: Desolate Land|[of] p2a: Groudon
|move|p1a: Smeargle|Nuzzle|p2a: Groudon
|-immune|p2a: Groudon
|
|-weather|DesolateLand|[upkeep]
|upkeep
|turn|2
|
|t:|1665554318
|move|p2a: Groudon|Stealth Rock|p1a: Smeargle
|-sidestart|p1: diemond35472|move: Stealth Rock
|move|p1a: Smeargle|Sticky Web|p2a: Groudon
|-sidestart|p2: Obito152001|move: Sticky Web
|
|-weather|DesolateLand|[upkeep]
|upkeep
|turn|3
|
|t:|1665554324
|move|p2a: Groudon|Earthquake|p1a: Smeargle
|-enditem|p1a: Smeargle|Focus Sash
|-damage|p1a: Smeargle|1/100
|move|p1a: Smeargle|Rapid Spin|p2a: Groudon
|-damage|p2a: Groudon|97/100
|-boost|p1a: Smeargle|spe|1
|-sideend|p1: diemond35472|Stealth Rock|[from] move: Rapid Spin|[of] p1a: Smeargle
|
|-weather|DesolateLand|[upkeep]
|upkeep
|turn|4
|
|t:|1665554345
|move|p2a: Groudon|Thunder Wave|p1a: Smeargle
|-status|p1a: Smeargle|par
|move|p1a: Smeargle|Whirlwind|p2a: Groudon
|-weather|none
|drag|p2a: Arceus|Arceus|100/100
|-activate|p2a: Arceus|move: Sticky Web
|-unboost|p2a: Arceus|spe|1
|
|upkeep
|turn|5
|
|t:|1665554351
|switch|p2a: Groudon|Groudon-Primal|97/100
|-activate|p2a: Groudon|move: Sticky Web
|-unboost|p2a: Groudon|spe|1
|-weather|DesolateLand|[from] ability: Desolate Land|[of] p2a: Groudon
|move|p1a: Smeargle|Nuzzle|p2a: Groudon
|-immune|p2a: Groudon
|
|-weather|DesolateLand|[upkeep]
|upkeep
|turn|6
|
|t:|1665554357
|move|p2a: Groudon|Stealth Rock|p1a: Smeargle
|-sidestart|p1: diemond35472|move: Stealth Rock
|move|p1a: Smeargle|Rapid Spin|p2a: Groudon
|-damage|p2a: Groudon|94/100
|-boost|p1a: Smeargle|spe|1
|-sideend|p1: diemond35472|Stealth Rock|[from] move: Rapid Spin|[of] p1a: Smeargle
|
|-weather|DesolateLand|[upkeep]
|upkeep
|turn|7
|
|t:|1665554363
|move|p1a: Smeargle|Rapid Spin|p2a: Groudon
|-damage|p2a: Groudon|90/100
|-boost|p1a: Smeargle|spe|1
|move|p2a: Groudon|Stealth Rock|p1a: Smeargle
|-sidestart|p1: diemond35472|move: Stealth Rock
|
|-weather|DesolateLand|[upkeep]
|upkeep
|turn|8
|
|t:|1665554372
|-weather|none
|switch|p2a: Ditto|Ditto, shiny|100/100
|-activate|p2a: Ditto|move: Sticky Web
|-unboost|p2a: Ditto|spe|1
|-transform|p2a: Ditto|p1a: Smeargle|[from] ability: Imposter
|cant|p1a: Smeargle|par
|
|upkeep
|turn|9
|
|t:|1665554378
|move|p2a: Ditto|Rapid Spin|p1a: Smeargle
|-damage|p1a: Smeargle|0 fnt
|-boost|p2a: Ditto|spe|1
|-sideend|p2: Obito152001|Sticky Web|[from] move: Rapid Spin|[of] p2a: Ditto
|faint|p1a: Smeargle
|
|upkeep
|
|t:|1665554389
|switch|p1a: Calyrex|Calyrex-Shadow|100/100
|-ability|p1a: Calyrex|As One
|-ability|p1a: Calyrex|Unnerve
|-damage|p1a: Calyrex|88/100|[from] Stealth Rock
|turn|10
|
|t:|1665554395
|switch|p2a: Arceus|Arceus-Fairy|100/100
|move|p1a: Calyrex|Nasty Plot|p1a: Calyrex
|-boost|p1a: Calyrex|spa|2
|
|upkeep
|turn|11
|
|t:|1665554403
|switch|p2a: Arceus|Arceus|100/100
|move|p1a: Calyrex|Astral Barrage|p2a: Arceus
|-immune|p2a: Arceus
|
|upkeep
|turn|12
|
|t:|1665554415
|move|p1a: Calyrex|Baton Pass|p1a: Calyrex
|
|t:|1665554418
|switch|p1a: Yveltal|Yveltal|100/100|[from]move: Baton Pass
|-damage|p1a: Yveltal|76/100|[from] Stealth Rock
|-ability|p1a: Yveltal|Dark Aura
|move|p2a: Arceus|Swords Dance|p2a: Arceus
|-boost|p2a: Arceus|atk|2
|
|upkeep
|turn|13
|
|t:|1665554427
|-start|p1a: Yveltal|Dynamax|
|-heal|p1a: Yveltal|76/100|[silent]
|-start|p2a: Arceus|Dynamax|
|-heal|p2a: Arceus|100/100|[silent]
|move|p1a: Yveltal|Max Airstream|p2a: Arceus
|-damage|p2a: Arceus|46/100
|-boost|p1a: Yveltal|spe|1
|-damage|p1a: Yveltal|71/100|[from] item: Life Orb
|move|p2a: Arceus|Max Strike|p1a: Yveltal
|-damage|p1a: Yveltal|12/100
|-unboost|p1a: Yveltal|spe|1
|
|upkeep
|turn|14
|
|t:|1665554436
|move|p1a: Yveltal|Max Airstream|p2a: Arceus
|-damage|p2a: Arceus|0 fnt
|-boost|p1a: Yveltal|spe|1
|faint|p2a: Arceus
|-damage|p1a: Yveltal|7/100|[from] item: Life Orb
|
|upkeep
|
|t:|1665554441
|switch|p2a: Ditto|Ditto, shiny|100/100
|-transform|p2a: Ditto|p1a: Yveltal|[from] ability: Imposter
|-ability|p2a: Ditto|Dark Aura
|turn|15
|c|☆diemond35472|shit
|
|t:|1665554446
|move|p2a: Ditto|Dark Pulse|p1a: Yveltal
|-resisted|p1a: Yveltal
|-damage|p1a: Yveltal|0 fnt
|faint|p1a: Yveltal
|
|upkeep
|
|t:|1665554458
|switch|p1a: Arceus|Arceus|100/100
|-damage|p1a: Arceus|88/100|[from] Stealth Rock
|turn|16
|
|t:|1665554462
|move|p1a: Arceus|Extreme Speed|p2a: Ditto
|-damage|p2a: Ditto|34/100
|move|p2a: Ditto|Dark Pulse|p1a: Arceus
|-damage|p1a: Arceus|2/100
|
|upkeep
|turn|17
|
|t:|1665554470
|switch|p2a: Zamazenta|Zamazenta-Crowned|100/100
|-ability|p2a: Zamazenta|Dauntless Shield|boost
|-boost|p2a: Zamazenta|def|1
|move|p1a: Arceus|Extreme Speed|p2a: Zamazenta
|-resisted|p2a: Zamazenta
|-damage|p2a: Zamazenta|87/100
|
|upkeep
|turn|18
|
|t:|1665554473
|move|p2a: Zamazenta|Behemoth Bash|p1a: Arceus
|-damage|p1a: Arceus|0 fnt
|faint|p1a: Arceus
|
|upkeep
|
|t:|1665554477
|switch|p1a: Groudon|Groudon|100/100
|-damage|p1a: Groudon|94/100|[from] Stealth Rock
|detailschange|p1a: Groudon|Groudon-Primal
|-primal|p1a: Groudon
|-weather|DesolateLand|[from] ability: Desolate Land|[of] p1a: Groudon
|turn|19
|
|t:|1665554480
|switch|p2a: Rayquaza|Rayquaza, shiny|100/100
|-ability|p2a: Rayquaza|Air Lock
|move|p1a: Groudon|Stealth Rock|p2a: Rayquaza
|-sidestart|p2: Obito152001|move: Stealth Rock
|
|-weather|DesolateLand|[upkeep]
|upkeep
|turn|20
|
|t:|1665554483
|detailschange|p2a: Rayquaza|Rayquaza-Mega, shiny
|-mega|p2a: Rayquaza|Rayquaza|
|-weather|DeltaStream|[from] ability: Delta Stream|[of] p2a: Rayquaza
|move|p2a: Rayquaza|Draco Meteor|p1a: Groudon
|-damage|p1a: Groudon|0 fnt
|-unboost|p2a: Rayquaza|spa|2
|faint|p1a: Groudon
|-damage|p2a: Rayquaza|91/100|[from] item: Life Orb
|
|-weather|DeltaStream|[upkeep]
|upkeep
|
|t:|1665554496
|switch|p1a: Rayquaza|Rayquaza|100/100
|-damage|p1a: Rayquaza|76/100|[from] Stealth Rock
|-ability|p1a: Rayquaza|Air Lock
|turn|21
|
|t:|1665554505
|detailschange|p1a: Rayquaza|Rayquaza-Mega
|-mega|p1a: Rayquaza|Rayquaza|
|move|p1a: Rayquaza|Extreme Speed|p2a: Rayquaza
|-damage|p2a: Rayquaza|35/100
|-damage|p1a: Rayquaza|66/100|[from] item: Life Orb
|move|p2a: Rayquaza|Dragon Ascent|p1a: Rayquaza
|-damage|p1a: Rayquaza|0 fnt
|-unboost|p2a: Rayquaza|def|1
|-unboost|p2a: Rayquaza|spd|1
|faint|p1a: Rayquaza
|-damage|p2a: Rayquaza|25/100|[from] item: Life Orb
|
|-weather|DeltaStream|[upkeep]
|upkeep
|
|t:|1665554510
|switch|p1a: Calyrex|Calyrex-Shadow|88/100
|-ability|p1a: Calyrex|As One
|-ability|p1a: Calyrex|Unnerve
|-damage|p1a: Calyrex|76/100|[from] Stealth Rock
|turn|22
|
|t:|1665554513
|move|p1a: Calyrex|Astral Barrage|p2a: Rayquaza
|-damage|p2a: Rayquaza|0 fnt
|faint|p2a: Rayquaza
|-weather|none
|-ability|p1a: Calyrex|Grim Neigh|boost
|-boost|p1a: Calyrex|spa|1
|
|upkeep
|
|t:|1665554515
|switch|p2a: Ditto|Ditto, shiny|34/100
|-damage|p2a: Ditto|22/100|[from] Stealth Rock
|-transform|p2a: Ditto|p1a: Calyrex|[from] ability: Imposter
|turn|23
|
|t:|1665554534
|move|p2a: Ditto|Astral Barrage|p1a: Calyrex
|-supereffective|p1a: Calyrex
|-damage|p1a: Calyrex|0 fnt
|faint|p1a: Calyrex
|
|win|Obito152001
|raw|diemond35472's rating: 1685 &rarr; <strong>1680</strong><br />(-5 for losing)
|raw|Obito152001's rating: 2025 &rarr; <strong>2030</strong><br />(+5 for winning)
|c|☆diemond35472|gg
|c|☆Obito152001|Gg
|c|☆diemond35472|holy shit 2000 elo
|l|☆diemond35472
