|j|☆Chompychipper
|j|☆Cold but Goated
|t:|1649428783
|gametype|singles
|player|p1|Chompychipper|266|1691
|player|p2|Cold but Goated|clown|1767
|teamsize|p1|6
|teamsize|p2|6
|gen|8
|tier|[Gen 8] National Dex AG
|rated|
|rule|HP Percentage Mod: HP is shown in percentages
|rule|Endless Battle Clause: Forcing endless battles is banned
|clearpoke
|poke|p1|Groudon|
|poke|p1|Groudon|
|poke|p1|Groudon|
|poke|p1|Groudon|
|poke|p1|Groudon|
|poke|p1|Groudon|
|poke|p2|Calyrex-Shadow|
|poke|p2|Deoxys-Speed|
|poke|p2|Palkia|
|poke|p2|Arceus-*|
|poke|p2|Lugia|
|poke|p2|Rayquaza|
|teampreview
|
|t:|1649428805
|start
|switch|p1a: Groudon|Groudon|100/100
|switch|p2a: I’m speed|Deoxys-Speed|100/100
|-ability|p2a: I’m speed|Pressure
|-weather|SunnyDay|[from] ability: Drought|[of] p1a: Groudon
|turn|1
|
|t:|1649428811
|move|p2a: I’m speed|Stealth Rock|p1a: Groudon
|-sidestart|p1: Chompychipper|move: Stealth Rock
|move|p1a: Groudon|Heat Crash|p2a: I’m speed
|-damage|p2a: I’m speed|1/100
|
|-weather|SunnyDay|[upkeep]
|upkeep
|turn|2
|
|t:|1649428814
|move|p2a: I’m speed|Rock Tomb|p1a: Groudon
|-resisted|p1a: Groudon
|-damage|p1a: Groudon|96/100
|-unboost|p1a: Groudon|spe|1
|move|p1a: Groudon|Stealth Rock|p2a: I’m speed
|-sidestart|p2: Cold but Goated|move: Stealth Rock
|
|-weather|SunnyDay|[upkeep]
|upkeep
|turn|3
|
|t:|1649428818
|move|p2a: I’m speed|Taunt|p1a: Groudon
|-start|p1a: Groudon|move: Taunt
|move|p1a: Groudon|Heat Crash|p2a: I’m speed
|-damage|p2a: I’m speed|0 fnt
|faint|p2a: I’m speed
|
|-weather|SunnyDay|[upkeep]
|upkeep
|
|t:|1649428824
|switch|p2a: Rayquaza|Rayquaza|100/100
|-damage|p2a: Rayquaza|76/100|[from] Stealth Rock
|-ability|p2a: Rayquaza|Air Lock
|turn|4
|
|t:|1649428844
|switch|p1a: Groudon|Groudon|100/100
|-damage|p1a: Groudon|94/100|[from] Stealth Rock
|detailschange|p1a: Groudon|Groudon-Primal
|-primal|p1a: Groudon
|-weather|DesolateLand|[from] ability: Desolate Land|[of] p1a: Groudon
|detailschange|p2a: Rayquaza|Rayquaza-Mega
|-mega|p2a: Rayquaza|Rayquaza|
|-weather|DeltaStream|[from] ability: Delta Stream|[of] p2a: Rayquaza
|move|p2a: Rayquaza|Dragon Dance|p2a: Rayquaza
|-boost|p2a: Rayquaza|atk|1
|-boost|p2a: Rayquaza|spe|1
|
|-weather|DeltaStream|[upkeep]
|upkeep
|turn|5
|
|t:|1649428849
|move|p2a: Rayquaza|Dragon Dance|p2a: Rayquaza
|-boost|p2a: Rayquaza|atk|1
|-boost|p2a: Rayquaza|spe|1
|move|p1a: Groudon|Dragon Claw|p2a: Rayquaza
|-supereffective|p2a: Rayquaza
|-damage|p2a: Rayquaza|14/100
|
|-weather|DeltaStream|[upkeep]
|upkeep
|turn|6
|
|t:|1649428877
|move|p2a: Rayquaza|Dragon Ascent|p1a: Groudon
|-damage|p1a: Groudon|0 fnt
|-unboost|p2a: Rayquaza|def|1
|-unboost|p2a: Rayquaza|spd|1
|faint|p1a: Groudon
|-damage|p2a: Rayquaza|4/100|[from] item: Life Orb
|
|-weather|DeltaStream|[upkeep]
|upkeep
|
|t:|1649428887
|switch|p1a: Groudon|Groudon|96/100
|-damage|p1a: Groudon|90/100|[from] Stealth Rock
|-ability|p1a: Groudon|Drought|[from] deltastream|[fail]
|turn|7
|
|t:|1649428890
|move|p2a: Rayquaza|Dragon Ascent|p1a: Groudon
|-damage|p1a: Groudon|0 fnt
|-unboost|p2a: Rayquaza|def|1
|-unboost|p2a: Rayquaza|spd|1
|faint|p1a: Groudon
|-damage|p2a: Rayquaza|0 fnt|[from] item: Life Orb
|faint|p2a: Rayquaza
|-weather|none
|
|upkeep
|
|t:|1649428930
|switch|p2a: Caly-wrecks|Calyrex-Shadow|100/100
|switch|p1a: Groudon|Groudon|100/100
|-ability|p2a: Caly-wrecks|As One
|-ability|p2a: Caly-wrecks|Unnerve
|-damage|p2a: Caly-wrecks|88/100|[from] Stealth Rock
|-damage|p1a: Groudon|94/100|[from] Stealth Rock
|-weather|SunnyDay|[from] ability: Drought|[of] p1a: Groudon
|turn|8
|
|t:|1649428948
|-start|p2a: Caly-wrecks|Dynamax|
|-heal|p2a: Caly-wrecks|88/100|[silent]
|-start|p1a: Groudon|Dynamax|
|-heal|p1a: Groudon|94/100|[silent]
|move|p2a: Caly-wrecks|Max Phantasm|p1a: Groudon
|-damage|p1a: Groudon|32/100
|-unboost|p1a: Groudon|def|1
|-damage|p2a: Caly-wrecks|83/100|[from] item: Life Orb
|move|p1a: Groudon|Max Airstream|p2a: Caly-wrecks
|-damage|p2a: Caly-wrecks|59/100
|-boost|p1a: Groudon|spe|1
|
|-weather|SunnyDay|[upkeep]
|upkeep
|turn|9
|
|t:|1649428952
|move|p1a: Groudon|Max Quake|p2a: Caly-wrecks
|-crit|p2a: Caly-wrecks
|-damage|p2a: Caly-wrecks|0 fnt
|-boost|p1a: Groudon|spd|1
|faint|p2a: Caly-wrecks
|
|-weather|SunnyDay|[upkeep]
|upkeep
|
|t:|1649428955
|switch|p2a: Pearl beast|Palkia|100/100
|-damage|p2a: Pearl beast|88/100|[from] Stealth Rock
|-ability|p2a: Pearl beast|Pressure
|turn|10
|
|t:|1649428958
|move|p1a: Groudon|Max Quake|p2a: Pearl beast
|-crit|p2a: Pearl beast
|-damage|p2a: Pearl beast|0 fnt
|-boost|p1a: Groudon|spd|1
|faint|p2a: Pearl beast
|
|-weather|SunnyDay|[upkeep]
|-end|p1a: Groudon|Dynamax
|-heal|p1a: Groudon|32/100|[silent]
|upkeep
|
|t:|1649428961
|switch|p2a: God Gamer|Arceus-Dark, shiny|100/100
|-damage|p2a: God Gamer|88/100|[from] Stealth Rock
|turn|11
|
|t:|1649428965
|move|p1a: Groudon|Precipice Blades|p2a: God Gamer
|-damage|p2a: God Gamer|30/100
|move|p2a: God Gamer|Judgment|p1a: Groudon
|-damage|p1a: Groudon|3/100
|
|-weather|SunnyDay|[upkeep]
|upkeep
|turn|12
|c|☆Cold but Goated|Two crit in a row
|c|☆Cold but Goated|just wow
|
|t:|1649428974
|move|p1a: Groudon|Precipice Blades|p2a: God Gamer
|-damage|p2a: God Gamer|0 fnt
|faint|p2a: God Gamer
|
|-weather|none
|upkeep
|
|t:|1649428979
|switch|p2a: Luigi|Lugia|100/100
|turn|13
|
|t:|1649428983
|move|p1a: Groudon|Stone Edge|p2a: Luigi
|-supereffective|p2a: Luigi
|-damage|p2a: Luigi|82/100
|move|p2a: Luigi|Toxic|p1a: Groudon
|-status|p1a: Groudon|tox
|
|-damage|p1a: Groudon|0 fnt|[from] psn
|faint|p1a: Groudon
|upkeep
|
|t:|1649428988
|switch|p1a: Groudon|Groudon|100/100
|-damage|p1a: Groudon|94/100|[from] Stealth Rock
|detailschange|p1a: Groudon|Groudon-Primal
|-primal|p1a: Groudon
|-weather|DesolateLand|[from] ability: Desolate Land|[of] p1a: Groudon
|turn|14
|
|t:|1649428993
|move|p2a: Luigi|Roost|p2a: Luigi
|-heal|p2a: Luigi|100/100
|-singleturn|p2a: Luigi|move: Roost
|move|p1a: Groudon|Swords Dance|p1a: Groudon
|-boost|p1a: Groudon|atk|2
|
|-weather|DesolateLand|[upkeep]
|upkeep
|turn|15
|
|t:|1649428997
|move|p1a: Groudon|Swords Dance|p1a: Groudon
|-boost|p1a: Groudon|atk|2
|move|p2a: Luigi|Whirlwind|p1a: Groudon
|-weather|none
|drag|p1a: Groudon|Groudon|100/100
|-damage|p1a: Groudon|94/100|[from] Stealth Rock
|detailschange|p1a: Groudon|Groudon-Primal
|-primal|p1a: Groudon
|-weather|DesolateLand|[from] ability: Desolate Land|[of] p1a: Groudon
|
|-weather|DesolateLand|[upkeep]
|upkeep
|turn|16
|
|t:|1649429001
|move|p1a: Groudon|Eruption|p2a: Luigi
|-damage|p2a: Luigi|67/100
|move|p2a: Luigi|Toxic|p1a: Groudon
|-status|p1a: Groudon|tox
|
|-weather|DesolateLand|[upkeep]
|-damage|p1a: Groudon|88/100 tox|[from] psn
|upkeep
|turn|17
|
|t:|1649429005
|move|p1a: Groudon|Eruption|p2a: Luigi
|-damage|p2a: Luigi|3/100
|move|p2a: Luigi|Roost|p2a: Luigi
|-heal|p2a: Luigi|53/100
|-singleturn|p2a: Luigi|move: Roost
|
|-weather|DesolateLand|[upkeep]
|-damage|p1a: Groudon|76/100 tox|[from] psn
|upkeep
|turn|18
|
|t:|1649429012
|move|p1a: Groudon|Eruption|p2a: Luigi
|-damage|p2a: Luigi|0 fnt
|faint|p2a: Luigi
|
|win|Chompychipper
|raw|Chompychipper's rating: 1691 &rarr; <strong>1715</strong><br />(+24 for winning)
|raw|Cold but Goated's rating: 1767 &rarr; <strong>1743</strong><br />(-24 for losing)
|l|☆Chompychipper
