|j|☆rowletroost
|j|☆FenixFyre04
|t:|1637723488
|gametype|singles
|player|p1|rowletroost|bruno-gen1rb|1784
|player|p2|FenixFyre04|benga|1873
|teamsize|p1|6
|teamsize|p2|6
|gen|8
|tier|[Gen 8] National Dex AG
|rated|
|rule|HP Percentage Mod: HP is shown in percentages
|rule|Endless Battle Clause: Forcing endless battles is banned
|clearpoke
|poke|p1|Arceus-*|
|poke|p1|Xerneas-*|
|poke|p1|Kyogre|
|poke|p1|Marshadow|
|poke|p1|Ribombee, F|
|poke|p1|Vivillon-Savanna, M|
|poke|p2|Calyrex-Shadow|
|poke|p2|Yveltal|
|poke|p2|Rayquaza|
|poke|p2|Necrozma-Dusk-Mane|
|poke|p2|Zacian-*|
|poke|p2|Xerneas-*|
|teampreview
|inactive|Battle timer is ON: inactive players will automatically lose when time's up. (requested by rowletroost)
|inactive|rowletroost has 120 seconds left.
|inactive|FenixFyre04 has 120 seconds left.
|
|t:|1637723531
|start
|switch|p1a: Arceus|Arceus-Ground|100/100
|switch|p2a: Rayquaza|Rayquaza|100/100
|-ability|p2a: Rayquaza|Air Lock
|turn|1
|
|t:|1637723538
|detailschange|p2a: Rayquaza|Rayquaza-Mega
|-mega|p2a: Rayquaza|Rayquaza|
|-weather|DeltaStream|[from] ability: Delta Stream|[of] p2a: Rayquaza
|move|p2a: Rayquaza|Dragon Ascent|p1a: Arceus
|-damage|p1a: Arceus|35/100
|-unboost|p2a: Rayquaza|def|1
|-unboost|p2a: Rayquaza|spd|1
|move|p1a: Arceus|Ice Beam|p2a: Rayquaza
|-activate||deltastream
|-supereffective|p2a: Rayquaza
|-damage|p2a: Rayquaza|34/100
|
|-weather|DeltaStream|[upkeep]
|upkeep
|turn|2
|c|☆rowletroost|Jesus christ
|inactive|rowletroost has 120 seconds left.
|c|☆rowletroost|how did u do so much without life orb
|
|t:|1637723589
|move|p2a: Rayquaza|Dragon Ascent|p1a: Arceus
|-damage|p1a: Arceus|0 fnt
|-unboost|p2a: Rayquaza|def|1
|-unboost|p2a: Rayquaza|spd|1
|faint|p1a: Arceus
|
|-weather|DeltaStream|[upkeep]
|upkeep
|
|t:|1637723595
|switch|p1a: Ribombee|Ribombee, F, shiny|100/100
|turn|3
|
|t:|1637723625
|-weather|none
|switch|p2a: Xerneas|Xerneas, shiny|100/100
|-ability|p2a: Xerneas|Fairy Aura
|move|p1a: Ribombee|Sticky Web|p2a: Xerneas
|-sidestart|p2: FenixFyre04|move: Sticky Web
|
|upkeep
|turn|4
|
|t:|1637723637
|move|p1a: Ribombee|Moonblast|p2a: Xerneas
|-damage|p2a: Xerneas|63/100
|move|p2a: Xerneas|Moonblast|p1a: Ribombee
|-enditem|p1a: Ribombee|Focus Sash
|-damage|p1a: Ribombee|1/100
|
|upkeep
|turn|5
|
|t:|1637723657
|switch|p2a: Necrozma|Necrozma-Dusk-Mane|100/100
|-activate|p2a: Necrozma|move: Sticky Web
|-unboost|p2a: Necrozma|spe|1
|move|p1a: Ribombee|Moonblast|p2a: Necrozma
|-resisted|p2a: Necrozma
|-damage|p2a: Necrozma|86/100
|
|upkeep
|turn|6
|
|t:|1637723660
|switch|p1a: Vivillon|Vivillon-Savanna, M|100/100
|move|p2a: Necrozma|Stealth Rock|p1a: Vivillon
|-sidestart|p1: rowletroost|move: Stealth Rock
|
|upkeep
|turn|7
|
|t:|1637723673
|switch|p2a: Xerneas|Xerneas, shiny|63/100
|-activate|p2a: Xerneas|move: Sticky Web
|-unboost|p2a: Xerneas|spe|1
|-ability|p2a: Xerneas|Fairy Aura
|move|p1a: Vivillon|Sleep Powder|p2a: Xerneas
|-status|p2a: Xerneas|slp|[from] move: Sleep Powder
|
|upkeep
|turn|8
|
|t:|1637723679
|move|p1a: Vivillon|Substitute|p1a: Vivillon
|-start|p1a: Vivillon|Substitute
|-damage|p1a: Vivillon|76/100
|cant|p2a: Xerneas|slp
|
|-heal|p1a: Vivillon|82/100|[from] item: Leftovers
|upkeep
|turn|9
|
|t:|1637723687
|move|p1a: Vivillon|Quiver Dance|p1a: Vivillon
|-boost|p1a: Vivillon|spa|1
|-boost|p1a: Vivillon|spd|1
|-boost|p1a: Vivillon|spe|1
|cant|p2a: Xerneas|slp
|
|-heal|p1a: Vivillon|88/100|[from] item: Leftovers
|upkeep
|turn|10
|
|t:|1637723692
|move|p1a: Vivillon|Hurricane|p2a: Xerneas
|-damage|p2a: Xerneas|11/100 slp
|-curestatus|p2a: Xerneas|slp|[msg]
|move|p2a: Xerneas|Geomancy||[still]
|-prepare|p2a: Xerneas|Geomancy
|-enditem|p2a: Xerneas|Power Herb
|-anim|p2a: Xerneas|Geomancy|p2a: Xerneas
|-boost|p2a: Xerneas|spa|2
|-boost|p2a: Xerneas|spd|2
|-boost|p2a: Xerneas|spe|2
|
|-heal|p1a: Vivillon|94/100|[from] item: Leftovers
|upkeep
|turn|11
|
|t:|1637723710
|-start|p2a: Xerneas|Dynamax
|-heal|p2a: Xerneas|11/100|[silent]
|move|p1a: Vivillon|Quiver Dance|p1a: Vivillon
|-boost|p1a: Vivillon|spa|1
|-boost|p1a: Vivillon|spd|1
|-boost|p1a: Vivillon|spe|1
|move|p2a: Xerneas|Max Starfall|p1a: Vivillon
|-end|p1a: Vivillon|Substitute
|-fieldstart|move: Misty Terrain
|
|-heal|p1a: Vivillon|99/100|[from] item: Leftovers
|upkeep
|turn|12
|
|t:|1637723716
|move|p1a: Vivillon|Substitute|p1a: Vivillon
|-start|p1a: Vivillon|Substitute
|-damage|p1a: Vivillon|75/100
|move|p2a: Xerneas|Max Starfall|p1a: Vivillon
|-end|p1a: Vivillon|Substitute
|
|-heal|p1a: Vivillon|81/100|[from] item: Leftovers
|upkeep
|turn|13
|
|t:|1637723719
|move|p1a: Vivillon|Substitute|p1a: Vivillon
|-start|p1a: Vivillon|Substitute
|-damage|p1a: Vivillon|56/100
|move|p2a: Xerneas|Max Starfall|p1a: Vivillon
|-end|p1a: Vivillon|Substitute
|
|-heal|p1a: Vivillon|62/100|[from] item: Leftovers
|-end|p2a: Xerneas|Dynamax
|-heal|p2a: Xerneas|11/100|[silent]
|upkeep
|turn|14
|
|t:|1637723738
|move|p1a: Vivillon|Substitute|p1a: Vivillon
|-start|p1a: Vivillon|Substitute
|-damage|p1a: Vivillon|37/100
|move|p2a: Xerneas|Moonblast|p1a: Vivillon
|-end|p1a: Vivillon|Substitute
|
|-heal|p1a: Vivillon|43/100|[from] item: Leftovers
|upkeep
|turn|15
|inactive|FenixFyre04 has 120 seconds left.
|inactive|FenixFyre04 has 90 seconds left.
|
|t:|1637723795
|switch|p2a: Rayquaza|Rayquaza-Mega|34/100
|-weather|DeltaStream|[from] ability: Delta Stream|[of] p2a: Rayquaza
|move|p1a: Vivillon|Substitute|p1a: Vivillon
|-start|p1a: Vivillon|Substitute
|-damage|p1a: Vivillon|18/100
|
|-weather|DeltaStream|[upkeep]
|-heal|p1a: Vivillon|24/100|[from] item: Leftovers
|-fieldend|Misty Terrain
|upkeep
|turn|16
|
|t:|1637723799
|move|p2a: Rayquaza|Extreme Speed|p1a: Vivillon
|-end|p1a: Vivillon|Substitute
|move|p1a: Vivillon|Sleep Powder|p2a: Rayquaza
|-status|p2a: Rayquaza|slp|[from] move: Sleep Powder
|
|-weather|DeltaStream|[upkeep]
|-heal|p1a: Vivillon|30/100|[from] item: Leftovers
|upkeep
|turn|17
|
|t:|1637723802
|cant|p2a: Rayquaza|slp
|move|p1a: Vivillon|Hurricane|p2a: Rayquaza
|-damage|p2a: Rayquaza|0 fnt
|faint|p2a: Rayquaza
|-weather|none
|
|-heal|p1a: Vivillon|36/100|[from] item: Leftovers
|upkeep
|inactive|FenixFyre04 has 90 seconds left.
|
|t:|1637723829
|switch|p2a: Zacian|Zacian-Crowned, shiny|100/100
|-activate|p2a: Zacian|move: Sticky Web
|-unboost|p2a: Zacian|spe|1
|-ability|p2a: Zacian|Intrepid Sword|boost
|-boost|p2a: Zacian|atk|1
|turn|18
|
|t:|1637723832
|move|p1a: Vivillon|Sleep Powder|p2a: Zacian
|-status|p2a: Zacian|slp|[from] move: Sleep Powder
|cant|p2a: Zacian|slp
|
|-heal|p1a: Vivillon|42/100|[from] item: Leftovers
|upkeep
|turn|19
|
|t:|1637723834
|move|p1a: Vivillon|Substitute|p1a: Vivillon
|-start|p1a: Vivillon|Substitute
|-damage|p1a: Vivillon|17/100
|cant|p2a: Zacian|slp
|
|-heal|p1a: Vivillon|23/100|[from] item: Leftovers
|upkeep
|turn|20
|
|t:|1637723836
|move|p1a: Vivillon|Hurricane|p2a: Zacian
|-resisted|p2a: Zacian
|-damage|p2a: Zacian|57/100 slp
|cant|p2a: Zacian|slp
|
|-heal|p1a: Vivillon|29/100|[from] item: Leftovers
|upkeep
|turn|21
|
|t:|1637723842
|move|p1a: Vivillon|Hurricane|p2a: Zacian
|-resisted|p2a: Zacian
|-damage|p2a: Zacian|13/100 slp
|-curestatus|p2a: Zacian|slp|[msg]
|move|p2a: Zacian|Behemoth Blade|p1a: Vivillon
|-end|p1a: Vivillon|Substitute
|
|-heal|p1a: Vivillon|35/100|[from] item: Leftovers
|upkeep
|turn|22
|
|t:|1637723847
|move|p1a: Vivillon|Sleep Powder|p2a: Zacian
|-status|p2a: Zacian|slp|[from] move: Sleep Powder
|cant|p2a: Zacian|slp
|
|-heal|p1a: Vivillon|41/100|[from] item: Leftovers
|upkeep
|turn|23
|
|t:|1637723853
|move|p1a: Vivillon|Hurricane|p2a: Zacian
|-resisted|p2a: Zacian
|-damage|p2a: Zacian|0 fnt
|faint|p2a: Zacian
|
|-heal|p1a: Vivillon|47/100|[from] item: Leftovers
|upkeep
|
|t:|1637723856
|switch|p2a: Calyrex|Calyrex-Shadow|100/100
|-ability|p2a: Calyrex|As One
|-ability|p2a: Calyrex|Unnerve
|-activate|p2a: Calyrex|move: Sticky Web
|-unboost|p2a: Calyrex|spe|1
|turn|24
|
|t:|1637723863
|move|p1a: Vivillon|Sleep Powder|p2a: Calyrex
|-status|p2a: Calyrex|slp|[from] move: Sleep Powder
|cant|p2a: Calyrex|slp
|
|-heal|p1a: Vivillon|53/100|[from] item: Leftovers
|upkeep
|turn|25
|
|t:|1637723874
|move|p1a: Vivillon|Substitute|p1a: Vivillon
|-start|p1a: Vivillon|Substitute
|-damage|p1a: Vivillon|28/100
|cant|p2a: Calyrex|slp
|
|-heal|p1a: Vivillon|34/100|[from] item: Leftovers
|upkeep
|turn|26
|
|t:|1637723882
|move|p1a: Vivillon|Hurricane|p2a: Calyrex
|-damage|p2a: Calyrex|10/100 slp
|-curestatus|p2a: Calyrex|slp|[msg]
|move|p2a: Calyrex|Psyshock|p1a: Vivillon
|-end|p1a: Vivillon|Substitute
|
|-heal|p1a: Vivillon|40/100|[from] item: Leftovers
|upkeep
|turn|27
|
|t:|1637723888
|move|p1a: Vivillon|Sleep Powder|p2a: Calyrex
|-status|p2a: Calyrex|slp|[from] move: Sleep Powder
|cant|p2a: Calyrex|slp
|
|-heal|p1a: Vivillon|46/100|[from] item: Leftovers
|upkeep
|turn|28
|
|t:|1637723893
|move|p1a: Vivillon|Hurricane|p2a: Calyrex
|-crit|p2a: Calyrex
|-damage|p2a: Calyrex|0 fnt
|faint|p2a: Calyrex
|
|-heal|p1a: Vivillon|52/100|[from] item: Leftovers
|upkeep
|-message|FenixFyre04 forfeited.
|
|win|rowletroost
|raw|rowletroost's rating: 1784 &rarr; <strong>1809</strong><br />(+25 for winning)
|raw|FenixFyre04's rating: 1873 &rarr; <strong>1848</strong><br />(-25 for losing)
|l|☆FenixFyre04
