|j|‽pokemh
|j|☆NOAH MK2
|t:|1629347563
|gametype|singles
|player|p1|pokemh|waitress-gen4|1850
|player|p2|NOAH MK2|2|1784
|teamsize|p1|6
|teamsize|p2|6
|gen|8
|tier|[Gen 8] National Dex AG
|rated|
|rule|HP Percentage Mod: HP is shown in percentages
|rule|Endless Battle Clause: Forcing endless battles is banned
|clearpoke
|poke|p1|Rayquaza|
|poke|p1|Yveltal|
|poke|p1|Necrozma-Dusk-Mane|
|poke|p1|Arceus-*|
|poke|p1|Ditto|
|poke|p1|Zygarde|
|poke|p2|Klefki, M|
|poke|p2|Calyrex-Ice|
|poke|p2|Smeargle, F|
|poke|p2|Groudon|
|poke|p2|Rayquaza|
|poke|p2|Whimsicott, F|
|teampreview
|inactive|Battle timer is ON: inactive players will automatically lose when time's up. (requested by pokemh)
|inactive|NOAH MK2 has 120 seconds left.
|inactive|NOAH MK2 has 90 seconds left.
|
|t:|1629347649
|start
|switch|p1a: Rayquaza|Rayquaza|100/100
|switch|p2a: Klefki|Klefki, M|100/100
|-ability|p1a: Rayquaza|Air Lock
|turn|1
|
|t:|1629347653
|detailschange|p1a: Rayquaza|Rayquaza-Mega
|-mega|p1a: Rayquaza|Rayquaza|
|-weather|DeltaStream|[from] ability: Delta Stream|[of] p1a: Rayquaza
|move|p2a: Klefki|Reflect|p2a: Klefki
|-sidestart|p2: NOAH MK2|Reflect
|move|p1a: Rayquaza|V-create|p2a: Klefki
|-supereffective|p2a: Klefki
|-damage|p2a: Klefki|1/100
|-unboost|p1a: Rayquaza|spe|1
|-unboost|p1a: Rayquaza|def|1
|-unboost|p1a: Rayquaza|spd|1
|
|-weather|DeltaStream|[upkeep]
|upkeep
|turn|2
|
|t:|1629347660
|-weather|none
|switch|p1a: Yveltal|Yveltal|100/100
|-ability|p1a: Yveltal|Dark Aura
|switch|p2a: Calyrex|Calyrex-Ice|100/100
|-ability|p2a: Calyrex|As One
|-ability|p2a: Calyrex|Unnerve
|
|upkeep
|turn|3
|
|t:|1629347666
|switch|p1a: Arceus|Arceus-Water|100/100
|move|p2a: Calyrex|Trick Room|p2a: Calyrex
|-fieldstart|move: Trick Room|[of] p2a: Calyrex
|
|upkeep
|turn|4
|
|t:|1629347673
|-start|p2a: Calyrex|Dynamax
|-heal|p2a: Calyrex|100/100|[silent]
|move|p2a: Calyrex|Max Knuckle|p1a: Arceus
|-damage|p1a: Arceus|76/100
|-boost|p2a: Calyrex|atk|1
|move|p1a: Arceus|Stealth Rock|p2a: Calyrex
|-sidestart|p2: NOAH MK2|move: Stealth Rock
|
|upkeep
|turn|5
|
|t:|1629347676
|move|p2a: Calyrex|Max Knuckle|p1a: Arceus
|-damage|p1a: Arceus|39/100
|-boost|p2a: Calyrex|atk|1
|move|p1a: Arceus|Recover|p1a: Arceus
|-heal|p1a: Arceus|89/100
|
|upkeep
|turn|6
|
|t:|1629347679
|move|p2a: Calyrex|Max Quake|p1a: Arceus
|-damage|p1a: Arceus|28/100
|-boost|p2a: Calyrex|spd|1
|move|p1a: Arceus|Recover|p1a: Arceus
|-heal|p1a: Arceus|78/100
|
|-end|p2a: Calyrex|Dynamax
|-heal|p2a: Calyrex|100/100|[silent]
|upkeep
|turn|7
|
|t:|1629347693
|move|p2a: Calyrex|Close Combat|p1a: Arceus
|-damage|p1a: Arceus|15/100
|-unboost|p2a: Calyrex|def|1
|-unboost|p2a: Calyrex|spd|1
|move|p1a: Arceus|Toxic|p2a: Calyrex
|-status|p2a: Calyrex|tox
|
|-damage|p2a: Calyrex|94/100 tox|[from] psn
|-fieldend|move: Trick Room
|upkeep
|turn|8
|
|t:|1629347698
|move|p1a: Arceus|Judgment|p2a: Calyrex
|-damage|p2a: Calyrex|62/100 tox
|move|p2a: Calyrex|Trick Room|p2a: Calyrex
|-fieldstart|move: Trick Room|[of] p2a: Calyrex
|
|-damage|p2a: Calyrex|50/100 tox|[from] psn
|-sideend|p2: NOAH MK2|Reflect
|upkeep
|turn|9
|
|t:|1629347702
|move|p2a: Calyrex|Close Combat|p1a: Arceus
|-damage|p1a: Arceus|0 fnt
|-unboost|p2a: Calyrex|def|1
|-unboost|p2a: Calyrex|spd|1
|faint|p1a: Arceus
|-ability|p2a: Calyrex|Chilling Neigh|boost
|-boost|p2a: Calyrex|atk|1
|
|-damage|p2a: Calyrex|31/100 tox|[from] psn
|upkeep
|
|t:|1629347706
|switch|p1a: Rayquaza|Rayquaza-Mega|100/100
|-weather|DeltaStream|[from] ability: Delta Stream|[of] p1a: Rayquaza
|turn|10
|
|t:|1629347710
|move|p1a: Rayquaza|Extreme Speed|p2a: Calyrex
|-damage|p2a: Calyrex|0 fnt
|faint|p2a: Calyrex
|
|-weather|DeltaStream|[upkeep]
|upkeep
|-message|NOAH MK2 forfeited.
|
|win|pokemh
|raw|pokemh's rating: 1850 &rarr; <strong>1866</strong><br />(+16 for winning)
|raw|NOAH MK2's rating: 1784 &rarr; <strong>1768</strong><br />(-16 for losing)
|l|☆NOAH MK2
