|j|☆Infinite Helios
|j|☆orange overhaul
|t:|1636724697
|gametype|singles
|player|p1|Infinite Helios|266|1321
|player|p2|orange overhaul|wallace|1429
|teamsize|p1|5
|teamsize|p2|6
|gen|8
|tier|[Gen 8] National Dex AG
|rated|
|rule|HP Percentage Mod: HP is shown in percentages
|rule|Endless Battle Clause: Forcing endless battles is banned
|clearpoke
|poke|p1|Calyrex-Shadow|
|poke|p1|Klefki, F|
|poke|p1|Urshifu-*, M|
|poke|p1|Eternatus|
|poke|p1|Yveltal|
|poke|p2|Groudon|
|poke|p2|Kartana|
|poke|p2|Dragapult, M|
|poke|p2|Heatran, F|
|poke|p2|Melmetal|
|poke|p2|Tapu Lele|
|teampreview
|inactive|Battle timer is ON: inactive players will automatically lose when time's up. (requested by orange overhaul)
|
|t:|1636724709
|start
|switch|p1a: Eternatus|Eternatus|100/100
|switch|p2a: Melmetal|Melmetal|100/100
|-ability|p1a: Eternatus|Pressure
|turn|1
|
|t:|1636724717
|move|p1a: Eternatus|Toxic Spikes|p2a: Melmetal
|-sidestart|p2: orange overhaul|move: Toxic Spikes
|move|p2a: Melmetal|Thunder Wave|p1a: Eternatus
|-status|p1a: Eternatus|par
|
|upkeep
|turn|2
|
|t:|1636724723
|move|p1a: Eternatus|Toxic Spikes|p2a: Melmetal
|-sidestart|p2: orange overhaul|move: Toxic Spikes
|move|p2a: Melmetal|Double Iron Bash|p1a: Eternatus
|-damage|p1a: Eternatus|61/100 par
|-crit|p1a: Eternatus
|-damage|p1a: Eternatus|4/100 par
|-hitcount|p1a: Eternatus|2
|
|-heal|p1a: Eternatus|10/100 par|[from] item: Black Sludge
|upkeep
|turn|3
|
|t:|1636724741
|switch|p1a: Yveltal|Yveltal|100/100
|-ability|p1a: Yveltal|Dark Aura
|move|p2a: Melmetal|Double Iron Bash|p1a: Yveltal
|-damage|p1a: Yveltal|64/100
|-damage|p1a: Yveltal|24/100
|-hitcount|p1a: Yveltal|2
|
|upkeep
|turn|4
|
|t:|1636724750
|move|p1a: Yveltal|Heat Wave|p2a: Melmetal
|-supereffective|p2a: Melmetal
|-damage|p2a: Melmetal|48/100
|move|p2a: Melmetal|Thunder Wave|p1a: Yveltal|[miss]
|-miss|p2a: Melmetal|p1a: Yveltal
|
|upkeep
|turn|5
|
|t:|1636724757
|switch|p2a: Heatran|Heatran, F|100/100
|-item|p2a: Heatran|Air Balloon
|move|p1a: Yveltal|Heat Wave|p2a: Heatran
|-start|p2a: Heatran|ability: Flash Fire
|
|upkeep
|turn|6
|
|t:|1636724768
|move|p1a: Yveltal|Sucker Punch|p2a: Heatran
|-damage|p2a: Heatran|57/100
|-enditem|p2a: Heatran|Air Balloon
|move|p2a: Heatran|Lava Plume|p1a: Yveltal
|-damage|p1a: Yveltal|0 fnt
|faint|p1a: Yveltal
|
|upkeep
|
|t:|1636724782
|switch|p1a: Urshifu|Urshifu, M|100/100
|turn|7
|
|t:|1636724791
|-end|p2a: Heatran|ability: Flash Fire|[silent]
|switch|p2a: Tapu Lele|Tapu Lele|100/100
|-status|p2a: Tapu Lele|tox
|-fieldstart|move: Psychic Terrain|[from] ability: Psychic Surge|[of] p2a: Tapu Lele
|move|p1a: Urshifu|Wicked Blow|p2a: Tapu Lele
|-crit|p2a: Tapu Lele
|-damage|p2a: Tapu Lele|1/100 tox
|
|-damage|p2a: Tapu Lele|0 fnt|[from] psn
|faint|p2a: Tapu Lele
|upkeep
|
|t:|1636724801
|switch|p2a: Kartana|Kartana|100/100
|turn|8
|
|t:|1636724806
|move|p2a: Kartana|Sacred Sword|p1a: Urshifu
|-supereffective|p1a: Urshifu
|-damage|p1a: Urshifu|18/100
|move|p1a: Urshifu|Drain Punch|p2a: Kartana
|-supereffective|p2a: Kartana
|-crit|p2a: Kartana
|-damage|p2a: Kartana|0 fnt
|-heal|p1a: Urshifu|56/100|[from] drain|[of] p2a: Kartana
|faint|p2a: Kartana
|
|upkeep
|
|t:|1636724825
|switch|p2a: Groudon|Groudon|100/100
|-status|p2a: Groudon|tox
|detailschange|p2a: Groudon|Groudon-Primal
|-primal|p2a: Groudon
|-weather|DesolateLand|[from] ability: Desolate Land|[of] p2a: Groudon
|turn|9
|
|t:|1636724834
|move|p1a: Urshifu|Wicked Blow|p2a: Groudon
|-crit|p2a: Groudon
|-damage|p2a: Groudon|64/100 tox
|move|p2a: Groudon|Stealth Rock|p1a: Urshifu
|-sidestart|p1: Infinite Helios|move: Stealth Rock
|
|-weather|DesolateLand|[upkeep]
|-damage|p2a: Groudon|58/100 tox|[from] psn
|upkeep
|turn|10
|
|t:|1636724843
|move|p1a: Urshifu|Wicked Blow|p2a: Groudon
|-crit|p2a: Groudon
|-damage|p2a: Groudon|25/100 tox
|move|p2a: Groudon|Lava Plume|p1a: Urshifu
|-damage|p1a: Urshifu|0 fnt
|faint|p1a: Urshifu
|
|-weather|DesolateLand|[upkeep]
|-damage|p2a: Groudon|12/100 tox|[from] psn
|upkeep
|
|t:|1636724858
|switch|p1a: Calyrex|Calyrex-Shadow|100/100
|-ability|p1a: Calyrex|As One
|-ability|p1a: Calyrex|Unnerve
|-damage|p1a: Calyrex|88/100|[from] Stealth Rock
|turn|11
|
|t:|1636724867
|move|p1a: Calyrex|Astral Barrage|p2a: Groudon
|-damage|p2a: Groudon|0 fnt
|faint|p2a: Groudon
|-weather|none
|-ability|p1a: Calyrex|Grim Neigh|boost
|-boost|p1a: Calyrex|spa|1
|
|-fieldend|move: Psychic Terrain
|upkeep
|
|t:|1636724874
|switch|p2a: Heatran|Heatran, F|57/100
|turn|12
|
|t:|1636724879
|-start|p2a: Heatran|Dynamax
|-heal|p2a: Heatran|57/100|[silent]
|move|p1a: Calyrex|Astral Barrage|p2a: Heatran
|-damage|p2a: Heatran|5/100
|move|p2a: Heatran|Max Quake|p1a: Calyrex
|-damage|p1a: Calyrex|44/100
|-boost|p2a: Heatran|spd|1
|
|upkeep
|turn|13
|
|t:|1636724893
|move|p2a: Heatran|Max Guard|p2a: Heatran
|-singleturn|p2a: Heatran|Max Guard
|move|p1a: Calyrex|Astral Barrage|p2a: Heatran
|-activate|p2a: Heatran|move: Max Guard
|
|upkeep
|turn|14
|
|t:|1636724898
|move|p1a: Calyrex|Psyshock|p2a: Heatran
|-resisted|p2a: Heatran
|-damage|p2a: Heatran|0 fnt
|faint|p2a: Heatran
|-ability|p1a: Calyrex|Grim Neigh|boost
|-boost|p1a: Calyrex|spa|1
|
|upkeep
|
|t:|1636724905
|switch|p2a: Dragapult|Dragapult, M, shiny|100/100
|-status|p2a: Dragapult|tox
|turn|15
|
|t:|1636724909
|move|p1a: Calyrex|Astral Barrage|p2a: Dragapult
|-supereffective|p2a: Dragapult
|-crit|p2a: Dragapult
|-damage|p2a: Dragapult|0 fnt
|faint|p2a: Dragapult
|-ability|p1a: Calyrex|Grim Neigh|boost
|-boost|p1a: Calyrex|spa|1
|
|upkeep
|
|t:|1636724912
|switch|p2a: Melmetal|Melmetal|48/100
|turn|16
|
|t:|1636724925
|move|p1a: Calyrex|Astral Barrage|p2a: Melmetal
|-damage|p2a: Melmetal|0 fnt
|faint|p2a: Melmetal
|
|win|Infinite Helios
|raw|Infinite Helios's rating: 1321 &rarr; <strong>1347</strong><br />(+26 for winning)
|raw|orange overhaul's rating: 1429 &rarr; <strong>1403</strong><br />(-26 for losing)
|c|☆orange overhaul|gg
|l|☆orange overhaul
||Ladder isn't responding, score probably updated but might not have (Request timeout).
