|j|☆09-10a
|j|☆Remy Savage
|t:|1650331675
|gametype|singles
|player|p1|09-10a|schoolkid-gen4dp|1623
|player|p2|Remy Savage|acetrainer|1472
|teamsize|p1|6
|teamsize|p2|6
|gen|8
|tier|[Gen 8] National Dex AG
|rated|
|rule|HP Percentage Mod: HP is shown in percentages
|rule|Endless Battle Clause: Forcing endless battles is banned
|clearpoke
|poke|p1|Scolipede, M|
|poke|p1|Smeargle, M|
|poke|p1|Smeargle, F|
|poke|p1|Quagsire, M|
|poke|p1|Mr. Mime, M|
|poke|p1|Espeon, M|
|poke|p2|Zygarde|
|poke|p2|Tapu Bulu|
|poke|p2|Tapu Fini|
|poke|p2|Aegislash, M|
|poke|p2|Ho-Oh|
|poke|p2|Gallade, M|
|teampreview
|inactive|Battle timer is ON: inactive players will automatically lose when time's up. (requested by 09-10a)
|inactive|Remy Savage also wants the timer to be on.
|
|t:|1650331686
|start
|switch|p1a: Scolipede|Scolipede, M, shiny|100/100
|switch|p2a: Tapu Fini|Tapu Fini|100/100
|-fieldstart|move: Misty Terrain|[from] ability: Misty Surge|[of] p2a: Tapu Fini
|turn|1
|
|t:|1650331694
|switch|p2a: Ho-Oh|Ho-Oh|100/100
|-ability|p2a: Ho-Oh|Pressure
|move|p1a: Scolipede|Protect||[still]
|-fail|p1a: Scolipede
|
|-ability|p1a: Scolipede|Speed Boost|boost
|-boost|p1a: Scolipede|spe|1
|upkeep
|turn|2
|inactive|09-10a has 120 seconds left.
|inactive|09-10a has 90 seconds left.
|c|☆Remy Savage|ready when you are stall master
|inactive|09-10a has 60 seconds left.
|inactive|09-10a has 30 seconds left.
|inactive|09-10a has 20 seconds left.
|inactive|09-10a has 15 seconds left.
|c|☆09-10a|ah mb
|
|t:|1650331834
|move|p1a: Scolipede|Substitute|p1a: Scolipede
|-start|p1a: Scolipede|Substitute
|-damage|p1a: Scolipede|75/100
|move|p2a: Ho-Oh|Sacred Fire|p1a: Scolipede
|-supereffective|p1a: Scolipede
|-end|p1a: Scolipede|Substitute
|
|-ability|p1a: Scolipede|Speed Boost|boost
|-boost|p1a: Scolipede|spe|1
|upkeep
|turn|3
|inactive|09-10a has 25 seconds left this turn.
|
|t:|1650331845
|move|p1a: Scolipede|Protect|p1a: Scolipede
|-singleturn|p1a: Scolipede|Protect
|move|p2a: Ho-Oh|Zen Headbutt|p1a: Scolipede
|-activate|p1a: Scolipede|move: Protect
|
|-ability|p1a: Scolipede|Speed Boost|boost
|-boost|p1a: Scolipede|spe|1
|upkeep
|turn|4
|inactive|09-10a has 30 seconds left.
|inactive|09-10a has 20 seconds left.
|
|t:|1650331861
|move|p1a: Scolipede|Substitute|p1a: Scolipede
|-start|p1a: Scolipede|Substitute
|-damage|p1a: Scolipede|50/100
|move|p2a: Ho-Oh|Zen Headbutt|p1a: Scolipede
|-supereffective|p1a: Scolipede
|-end|p1a: Scolipede|Substitute
|
|-ability|p1a: Scolipede|Speed Boost|boost
|-boost|p1a: Scolipede|spe|1
|upkeep
|turn|5
|inactive|09-10a has 30 seconds left this turn.
|c|☆Remy Savage|prepared
|
|t:|1650331874
|move|p1a: Scolipede|Protect|p1a: Scolipede
|-singleturn|p1a: Scolipede|Protect
|move|p2a: Ho-Oh|Zen Headbutt|p1a: Scolipede
|-activate|p1a: Scolipede|move: Protect
|
|-fieldend|Misty Terrain
|-ability|p1a: Scolipede|Speed Boost|boost
|-boost|p1a: Scolipede|spe|1
|upkeep
|turn|6
|
|t:|1650331884
|move|p1a: Scolipede|Baton Pass|p1a: Scolipede
|
|t:|1650331889
|switch|p1a: Smeargle|Smeargle, F, shiny|100/100|[from]move: Baton Pass
|move|p2a: Ho-Oh|Zen Headbutt|p1a: Smeargle
|-damage|p1a: Smeargle|28/100
|
|-heal|p1a: Smeargle|34/100|[from] item: Leftovers
|-ability|p1a: Smeargle|Moody|boost
|-boost|p1a: Smeargle|spd|2
|-unboost|p1a: Smeargle|def|1
|upkeep
|turn|7
|
|t:|1650331901
|switch|p2a: Tapu Fini|Tapu Fini|100/100
|-fieldstart|move: Misty Terrain|[from] ability: Misty Surge|[of] p2a: Tapu Fini
|move|p1a: Smeargle|Acupressure|p1a: Smeargle
|-boost|p1a: Smeargle|accuracy|2
|
|-heal|p1a: Smeargle|40/100|[from] item: Leftovers
|-ability|p1a: Smeargle|Moody|boost
|-boost|p1a: Smeargle|spa|2
|-unboost|p1a: Smeargle|spe|1
|upkeep
|turn|8
|
|t:|1650331915
|move|p1a: Smeargle|Baton Pass|p1a: Smeargle
|
|t:|1650331929
|switch|p1a: Mr. Mime|Mr. Mime, M, shiny|100/100|[from]move: Baton Pass
|move|p2a: Tapu Fini|Scald|p1a: Mr. Mime
|-damage|p1a: Mr. Mime|87/100
|
|-heal|p1a: Mr. Mime|93/100|[from] item: Leftovers
|upkeep
|turn|9
|
|t:|1650331945
|switch|p2a: Aegislash|Aegislash, M|100/100
|move|p1a: Mr. Mime|Calm Mind|p1a: Mr. Mime
|-boost|p1a: Mr. Mime|spa|1
|-boost|p1a: Mr. Mime|spd|1
|
|-heal|p1a: Mr. Mime|99/100|[from] item: Leftovers
|upkeep
|turn|10
|
|t:|1650331953
|move|p1a: Mr. Mime|Baton Pass|p1a: Mr. Mime
|inactive|09-10a has 30 seconds left.
|
|t:|1650331993
|switch|p1a: Smeargle|Smeargle, M|100/100|[from]move: Baton Pass
|-formechange|p2a: Aegislash|Aegislash-Blade||[from] ability: Stance Change
|move|p2a: Aegislash|Sacred Sword|p1a: Smeargle
|-supereffective|p1a: Smeargle
|-damage|p1a: Smeargle|0 fnt
|faint|p1a: Smeargle
|
|upkeep
|inactive|09-10a has 30 seconds left this turn.
|c|☆09-10a|ah
|c|☆09-10a|gg wp
|-message|09-10a forfeited.
|
|win|Remy Savage
|inactive|09-10a has 30 seconds left this turn.
|raw|09-10a's rating: 1623 &rarr; <strong>1595</strong><br />(-28 for losing)
|raw|Remy Savage's rating: 1472 &rarr; <strong>1500</strong><br />(+28 for winning)
|l|☆09-10a
|c|☆Remy Savage|🤣🤣🤣🤣🤣
||Ladder isn't responding, score probably updated but might not have (Request timeout).
