|j|☆Master kushagra
|j|☆09-10a
|t:|1650696275
|gametype|singles
|player|p1|Master kushagra|leon-tower|1751
|player|p2|09-10a|schoolkid-gen4dp|1853
|teamsize|p1|6
|teamsize|p2|6
|gen|8
|tier|[Gen 8] National Dex AG
|rated|
|rule|HP Percentage Mod: HP is shown in percentages
|rule|Endless Battle Clause: Forcing endless battles is banned
|clearpoke
|poke|p1|Necrozma-Dusk-Mane|
|poke|p1|Arceus-*|
|poke|p1|Arceus-*|
|poke|p1|Arceus-*|
|poke|p1|Marshadow|
|poke|p1|Yveltal|
|poke|p2|Donphan, M|
|poke|p2|Necrozma-Dusk-Mane|
|poke|p2|Yveltal|
|poke|p2|Groudon|
|poke|p2|Calyrex-Shadow|
|poke|p2|Ditto|
|teampreview
|c|☆Master kushagra|bro no
|inactive|Battle timer is ON: inactive players will automatically lose when time's up. (requested by 09-10a)
|c|☆Master kushagra|i want to jit
|c|☆Master kushagra|hit
|c|☆Master kushagra|1800]\
|c|☆09-10a|;-;
|c|☆Master kushagra|why
|
|t:|1650696312
|start
|switch|p1a: Arceus|Arceus-Ground|100/100
|switch|p2a: Donphan|Donphan, M, shiny|100/100
|turn|1
|
|t:|1650696319
|move|p1a: Arceus|Magic Coat|p1a: Arceus
|-singleturn|p1a: Arceus|move: Magic Coat
|move|p2a: Donphan|Stealth Rock|p1a: Arceus
|move|p1a: Arceus|Stealth Rock|p2a: Donphan|[from]Magic Coat
|-sidestart|p2: 09-10a|move: Stealth Rock
|
|upkeep
|turn|2
|
|t:|1650696338
|move|p1a: Arceus|Earthquake|p2a: Donphan
|-damage|p2a: Donphan|48/100
|-enditem|p2a: Donphan|Red Card|[of] p1a: Arceus
|drag|p1a: Marshadow|Marshadow|100/100
|move|p2a: Donphan|Endeavor|p1a: Marshadow
|-immune|p1a: Marshadow
|
|upkeep
|turn|3
|
|t:|1650696344
|move|p1a: Marshadow|Ice Punch|p2a: Donphan
|-supereffective|p2a: Donphan
|-damage|p2a: Donphan|0 fnt
|faint|p2a: Donphan
|-damage|p1a: Marshadow|91/100|[from] item: Life Orb
|
|upkeep
|
|t:|1650696364
|switch|p2a: Groudon|Groudon, shiny|100/100
|-damage|p2a: Groudon|94/100|[from] Stealth Rock
|detailschange|p2a: Groudon|Groudon-Primal, shiny
|-primal|p2a: Groudon
|-weather|DesolateLand|[from] ability: Desolate Land|[of] p2a: Groudon
|turn|4
|
|t:|1650696385
|switch|p1a: Arceus|Arceus-Ground|100/100
|-weather|none
|switch|p2a: Calyrex|Calyrex-Shadow|100/100
|-ability|p2a: Calyrex|As One
|-ability|p2a: Calyrex|Unnerve
|-damage|p2a: Calyrex|88/100|[from] Stealth Rock
|
|upkeep
|turn|5
|
|t:|1650696391
|move|p2a: Calyrex|Astral Barrage|p1a: Arceus
|-crit|p1a: Arceus
|-damage|p1a: Arceus|16/100
|-zpower|p1a: Arceus
|move|p1a: Arceus|Tectonic Rage|p2a: Calyrex|[zeffect]
|-damage|p2a: Calyrex|0 fnt
|faint|p2a: Calyrex
|
|upkeep
|
|t:|1650696397
|switch|p2a: Ditto|Ditto, shiny|100/100
|-damage|p2a: Ditto|88/100|[from] Stealth Rock
|-transform|p2a: Ditto|p1a: Arceus|[from] ability: Imposter
|turn|6
|
|t:|1650696413
|switch|p1a: Yveltal|Yveltal|100/100
|-ability|p1a: Yveltal|Dark Aura
|move|p2a: Ditto|Earthquake|p1a: Yveltal
|-immune|p1a: Yveltal
|
|upkeep
|turn|7
|inactive|09-10a has 120 seconds left.
|
|t:|1650696446
|-start|p2a: Ditto|Dynamax|
|-heal|p2a: Ditto|88/100|[silent]
|-start|p1a: Yveltal|Dynamax|
|-heal|p1a: Yveltal|100/100|[silent]
|move|p2a: Ditto|Max Rockfall|p1a: Yveltal
|-supereffective|p1a: Yveltal
|-crit|p1a: Yveltal
|-damage|p1a: Yveltal|41/100
|-weather|Sandstorm
|move|p1a: Yveltal|Max Airstream|p2a: Ditto
|-damage|p2a: Ditto|36/100
|-boost|p1a: Yveltal|spe|1
|-damage|p1a: Yveltal|36/100|[from] item: Life Orb
|
|-weather|Sandstorm|[upkeep]
|-damage|p1a: Yveltal|33/100|[from] Sandstorm
|upkeep
|turn|8
|j| ReactJS3
|
|t:|1650696460
|move|p2a: Ditto|Max Guard|p2a: Ditto
|-singleturn|p2a: Ditto|Max Guard
|move|p1a: Yveltal|Max Airstream|p2a: Ditto
|-activate|p2a: Ditto|move: Max Guard
|
|-weather|Sandstorm|[upkeep]
|-damage|p1a: Yveltal|30/100|[from] Sandstorm
|upkeep
|turn|9
|
|t:|1650696472
|-end|p2a: Ditto|Dynamax
|-heal|p2a: Ditto|36/100|[silent]
|switch|p2a: Yveltal|Yveltal, shiny|100/100
|-damage|p2a: Yveltal|76/100|[from] Stealth Rock
|-ability|p2a: Yveltal|Dark Aura
|move|p1a: Yveltal|Max Airstream|p2a: Yveltal
|-damage|p2a: Yveltal|0 fnt
|-boost|p1a: Yveltal|spe|1
|faint|p2a: Yveltal
|-damage|p1a: Yveltal|25/100|[from] item: Life Orb
|
|-weather|Sandstorm|[upkeep]
|-damage|p1a: Yveltal|22/100|[from] Sandstorm
|-end|p1a: Yveltal|Dynamax
|-heal|p1a: Yveltal|22/100|[silent]
|upkeep
|
|t:|1650696475
|switch|p2a: Ditto|Ditto, shiny|36/100
|-damage|p2a: Ditto|24/100|[from] Stealth Rock
|-transform|p2a: Ditto|p1a: Yveltal|[from] ability: Imposter
|-ability|p2a: Ditto|Dark Aura
|turn|10
|
|t:|1650696479
|move|p2a: Ditto|Sucker Punch|p1a: Yveltal
|-resisted|p1a: Yveltal
|-damage|p1a: Yveltal|4/100
|move|p1a: Yveltal|Sucker Punch||[still]
|-fail|p1a: Yveltal
|
|-weather|Sandstorm|[upkeep]
|-damage|p2a: Ditto|18/100|[from] Sandstorm
|-damage|p1a: Yveltal|0 fnt|[from] Sandstorm
|faint|p1a: Yveltal
|upkeep
|
|t:|1650696496
|switch|p1a: Arceus|Arceus-Grass|100/100
|turn|11
|inactive|09-10a has 120 seconds left.
|
|t:|1650696530
|move|p2a: Ditto|Sucker Punch||[still]
|-fail|p2a: Ditto
|move|p1a: Arceus|Will-O-Wisp|p2a: Ditto
|-status|p2a: Ditto|brn
|
|-weather|none
|-damage|p2a: Ditto|12/100 brn|[from] brn
|upkeep
|turn|12
|
|t:|1650696544
|switch|p1a: Arceus|Arceus-Ground|16/100
|move|p2a: Ditto|Sucker Punch||[still]
|-fail|p2a: Ditto
|
|-damage|p2a: Ditto|6/100 brn|[from] brn
|upkeep
|turn|13
|inactive|09-10a has 120 seconds left.
|c| ReactJS3|should have switched to groudon
|
|t:|1650696570
|switch|p1a: zacian destroyer|Necrozma-Dusk-Mane|100/100
|move|p2a: Ditto|Sucker Punch||[still]
|-fail|p2a: Ditto
|
|-damage|p2a: Ditto|0 fnt|[from] brn
|faint|p2a: Ditto
|upkeep
|
|t:|1650696577
|switch|p2a: Groudon|Groudon-Primal, shiny|94/100
|-damage|p2a: Groudon|82/100|[from] Stealth Rock
|-weather|DesolateLand|[from] ability: Desolate Land|[of] p2a: Groudon
|turn|14
|
|t:|1650696582
|move|p2a: Groudon|Rock Polish|p2a: Groudon
|-boost|p2a: Groudon|spe|2
|move|p1a: zacian destroyer|Earthquake|p2a: Groudon
|-supereffective|p2a: Groudon
|-damage|p2a: Groudon|35/100
|
|-weather|DesolateLand|[upkeep]
|upkeep
|turn|15
|
|t:|1650696586
|move|p2a: Groudon|Precipice Blades|p1a: zacian destroyer
|-supereffective|p1a: zacian destroyer
|-damage|p1a: zacian destroyer|20/100
|-enditem|p1a: zacian destroyer|Weakness Policy
|-boost|p1a: zacian destroyer|atk|2|[from] item: Weakness Policy
|-boost|p1a: zacian destroyer|spa|2|[from] item: Weakness Policy
|move|p1a: zacian destroyer|Earthquake|p2a: Groudon
|-supereffective|p2a: Groudon
|-damage|p2a: Groudon|0 fnt
|faint|p2a: Groudon
|-weather|none
|
|upkeep
|
|t:|1650696588
|switch|p2a: Necrozma|Necrozma-Dusk-Mane|100/100
|-damage|p2a: Necrozma|95/100|[from] Stealth Rock
|turn|16
|j| yulong666
|
|t:|1650696592
|move|p2a: Necrozma|Earthquake|p1a: zacian destroyer
|-supereffective|p1a: zacian destroyer
|-damage|p1a: zacian destroyer|0 fnt
|faint|p1a: zacian destroyer
|
|upkeep
|
|t:|1650696597
|switch|p1a: Arceus|Arceus-Grass|100/100
|turn|17
|c| ReactJS3|dd
|
|t:|1650696610
|move|p1a: Arceus|Will-O-Wisp|p2a: Necrozma|[miss]
|-miss|p1a: Arceus|p2a: Necrozma
|move|p2a: Necrozma|Dragon Dance|p2a: Necrozma
|-boost|p2a: Necrozma|atk|1
|-boost|p2a: Necrozma|spe|1
|
|upkeep
|turn|18
|c|☆Master kushagra|ok
|
|t:|1650696620
|move|p2a: Necrozma|Photon Geyser|p1a: Arceus
|-damage|p1a: Arceus|20/100
|move|p1a: Arceus|Will-O-Wisp|p2a: Necrozma
|-status|p2a: Necrozma|brn
|
|-damage|p2a: Necrozma|89/100 brn|[from] brn
|upkeep
|turn|19
|
|t:|1650696630
|move|p2a: Necrozma|Photon Geyser|p1a: Arceus
|-damage|p1a: Arceus|0 fnt
|faint|p1a: Arceus
|
|-damage|p2a: Necrozma|83/100 brn|[from] brn
|upkeep
|
|t:|1650696639
|switch|p1a: Arceus|Arceus-Ground|16/100
|turn|20
|
|t:|1650696642
|move|p2a: Necrozma|Photon Geyser|p1a: Arceus
|-damage|p1a: Arceus|0 fnt
|faint|p1a: Arceus
|
|-damage|p2a: Necrozma|77/100 brn|[from] brn
|upkeep
|
|t:|1650696651
|switch|p1a: Thor|Arceus-Electric|100/100
|turn|21
|c| ReactJS3|that miss sucks
|c|☆Master kushagra|yeah\
|c|☆09-10a|true
|c|☆Master kushagra|please dont die
|c| ReactJS3|but you should win
|
|t:|1650696669
|move|p2a: Necrozma|Earthquake|p1a: Thor
|-supereffective|p1a: Thor
|-damage|p1a: Thor|49/100
|move|p1a: Thor|Judgment|p2a: Necrozma
|-damage|p2a: Necrozma|18/100 brn
|
|-damage|p2a: Necrozma|12/100 brn|[from] brn
|upkeep
|turn|22
|c|☆09-10a|^^
|c|☆Master kushagra|gg
|
|t:|1650696673
|move|p2a: Necrozma|Earthquake|p1a: Thor
|-supereffective|p1a: Thor
|-damage|p1a: Thor|0 fnt
|faint|p1a: Thor
|
|-damage|p2a: Necrozma|6/100 brn|[from] brn
|upkeep
|c|☆09-10a|gg wp
|
|t:|1650696681
|switch|p1a: Marshadow|Marshadow|91/100
|turn|23
|c|☆Master kushagra|oh my god
|
|t:|1650696698
|detailschange|p2a: Necrozma|Necrozma-Ultra
|-burst|p2a: Necrozma|Necrozma|Ultranecrozium Z
|move|p1a: Marshadow|Shadow Sneak|p2a: Necrozma
|-supereffective|p2a: Necrozma
|-damage|p2a: Necrozma|0 fnt
|faint|p2a: Necrozma
|-damage|p1a: Marshadow|81/100|[from] item: Life Orb
|
|win|Master kushagra
|raw|Master kushagra's rating: 1751 &rarr; <strong>1777</strong><br />(+26 for winning)
|raw|09-10a's rating: 1861 &rarr; <strong>1835</strong><br />(-26 for losing)
|c|☆Master kushagra|i cant belive it
|c|☆09-10a|you should >:)
|l| ReactJS3
|c|☆Master kushagra|ty for teaching me mons
|c|☆Master kushagra|09
|l|☆09-10a
|j| Opnoob 598
|l| yulong666
