|j|☆Alpha28056
|j|☆cllout
|t:|1668290151
|gametype|singles
|player|p1|Alpha28056|red|1595
|player|p2|cllout|misty-lgpe|1649
|teamsize|p1|6
|teamsize|p2|6
|gen|8
|tier|[Gen 8] National Dex AG
|rated|
|rule|HP Percentage Mod: HP is shown in percentages
|rule|Endless Battle Clause: Forcing endless battles is banned
|clearpoke
|poke|p1|Heatran, M|
|poke|p1|Salamence, M|
|poke|p1|Landorus, M|
|poke|p1|Metagross|
|poke|p1|Marshadow|
|poke|p1|Rillaboom, F|
|poke|p2|Rayquaza|
|poke|p2|Necrozma-Dusk-Mane|
|poke|p2|Yveltal|
|poke|p2|Arceus-*|
|poke|p2|Calyrex-Shadow|
|poke|p2|Shaymin-Sky|
|teampreview
|inactive|Battle timer is ON: inactive players will automatically lose when time's up. (requested by cllout)
|
|t:|1668290161
|start
|switch|p1a: Landorus|Landorus, M|100/100
|switch|p2a: Shay|Shaymin-Sky, shiny|100/100
|turn|1
|
|t:|1668290173
|move|p2a: Shay|Air Slash|p1a: Landorus
|-damage|p1a: Landorus|38/100
|cant|p1a: Landorus|flinch
|
|upkeep
|turn|2
|
|t:|1668290179
|move|p2a: Shay|Air Slash|p1a: Landorus
|-damage|p1a: Landorus|0 fnt
|faint|p1a: Landorus
|
|upkeep
|
|t:|1668290183
|switch|p1a: Metagross|Metagross|100/100
|turn|3
|
|t:|1668290202
|switch|p2a: Dusk Mane|Necrozma-Dusk-Mane|100/100
|detailschange|p1a: Metagross|Metagross-Mega
|-mega|p1a: Metagross|Metagross|Metagrossite
|move|p1a: Metagross|Ice Punch|p2a: Dusk Mane
|-resisted|p2a: Dusk Mane
|-damage|p2a: Dusk Mane|92/100
|-damage|p1a: Metagross|84/100|[from] item: Rocky Helmet|[of] p2a: Dusk Mane
|
|upkeep
|turn|4
|
|t:|1668290211
|move|p1a: Metagross|Thunder Punch|p2a: Dusk Mane
|-damage|p2a: Dusk Mane|74/100
|-status|p2a: Dusk Mane|par
|-damage|p1a: Metagross|68/100|[from] item: Rocky Helmet|[of] p2a: Dusk Mane
|move|p2a: Dusk Mane|Stealth Rock|p1a: Metagross
|-sidestart|p1: Alpha28056|move: Stealth Rock
|
|upkeep
|turn|5
|
|t:|1668290219
|move|p1a: Metagross|Thunder Punch|p2a: Dusk Mane
|-damage|p2a: Dusk Mane|59/100 par
|-damage|p1a: Metagross|51/100|[from] item: Rocky Helmet|[of] p2a: Dusk Mane
|move|p2a: Dusk Mane|Morning Sun|p2a: Dusk Mane
|-heal|p2a: Dusk Mane|100/100 par
|
|upkeep
|turn|6
|
|t:|1668290227
|move|p1a: Metagross|Thunder Punch|p2a: Dusk Mane
|-damage|p2a: Dusk Mane|83/100 par
|-damage|p1a: Metagross|35/100|[from] item: Rocky Helmet|[of] p2a: Dusk Mane
|move|p2a: Dusk Mane|Morning Sun|p2a: Dusk Mane
|-heal|p2a: Dusk Mane|100/100 par
|
|upkeep
|turn|7
|
|t:|1668290234
|move|p1a: Metagross|Thunder Punch|p2a: Dusk Mane
|-damage|p2a: Dusk Mane|83/100 par
|-damage|p1a: Metagross|18/100|[from] item: Rocky Helmet|[of] p2a: Dusk Mane
|move|p2a: Dusk Mane|Earthquake|p1a: Metagross
|-supereffective|p1a: Metagross
|-damage|p1a: Metagross|0 fnt
|faint|p1a: Metagross
|
|upkeep
|
|t:|1668290238
|switch|p1a: Heatran|Heatran, M|100/100
|-damage|p1a: Heatran|88/100|[from] Stealth Rock
|-item|p1a: Heatran|Air Balloon
|turn|8
|
|t:|1668290248
|move|p1a: Heatran|Magma Storm|p2a: Dusk Mane
|-supereffective|p2a: Dusk Mane
|-crit|p2a: Dusk Mane
|-damage|p2a: Dusk Mane|0 fnt
|faint|p2a: Dusk Mane
|
|upkeep
|inactive|cllout has 120 seconds left.
|
|t:|1668290283
|switch|p2a: Yvelt|Yveltal, shiny|100/100
|-ability|p2a: Yvelt|Dark Aura
|turn|9
|
|t:|1668290301
|move|p2a: Yvelt|Taunt|p1a: Heatran
|-start|p1a: Heatran|move: Taunt
|move|p1a: Heatran|Magma Storm|p2a: Yvelt
|-damage|p2a: Yvelt|46/100
|-activate|p2a: Yvelt|move: Magma Storm|[of] p1a: Heatran
|
|-damage|p2a: Yvelt|33/100|[from] move: Magma Storm|[partiallytrapped]
|upkeep
|turn|10
|
|t:|1668290313
|-start|p2a: Yvelt|Dynamax|
|-heal|p2a: Yvelt|33/100|[silent]
|move|p2a: Yvelt|Max Airstream|p1a: Heatran
|-resisted|p1a: Heatran
|-damage|p1a: Heatran|48/100
|-boost|p2a: Yvelt|spe|1
|-enditem|p1a: Heatran|Air Balloon
|move|p1a: Heatran|Magma Storm|p2a: Yvelt
|-damage|p2a: Yvelt|10/100
|
|-damage|p2a: Yvelt|3/100|[from] move: Magma Storm|[partiallytrapped]
|upkeep
|turn|11
|
|t:|1668290322
|move|p2a: Yvelt|Max Darkness|p1a: Heatran
|-damage|p1a: Heatran|0 fnt
|faint|p1a: Heatran
|
|-end|p2a: Yvelt|Magma Storm|[partiallytrapped]|[silent]
|upkeep
|
|t:|1668290328
|switch|p1a: Marshadow|Marshadow|100/100
|-damage|p1a: Marshadow|94/100|[from] Stealth Rock
|turn|12
|
|t:|1668290336
|move|p2a: Yvelt|Max Guard|p2a: Yvelt
|-singleturn|p2a: Yvelt|Max Guard
|move|p1a: Marshadow|Shadow Sneak|p2a: Yvelt
|-activate|p2a: Yvelt|move: Max Guard
|
|upkeep
|-end|p2a: Yvelt|Dynamax
|-heal|p2a: Yvelt|4/100|[silent]
|turn|13
|
|t:|1668290346
|move|p1a: Marshadow|Shadow Sneak|p2a: Yvelt
|-resisted|p2a: Yvelt
|-damage|p2a: Yvelt|0 fnt
|faint|p2a: Yvelt
|-damage|p1a: Marshadow|84/100|[from] item: Life Orb
|
|upkeep
|inactive|cllout has 120 seconds left.
|
|t:|1668290372
|switch|p2a: Ray|Rayquaza|100/100
|-ability|p2a: Ray|Air Lock
|turn|14
|
|t:|1668290377
|detailschange|p2a: Ray|Rayquaza-Mega
|-mega|p2a: Ray|Rayquaza|
|-weather|DeltaStream|[from] ability: Delta Stream|[of] p2a: Ray
|move|p1a: Marshadow|Shadow Sneak|p2a: Ray
|-damage|p2a: Ray|59/100
|-damage|p1a: Marshadow|74/100|[from] item: Life Orb
|move|p2a: Ray|Dragon Dance|p2a: Ray
|-boost|p2a: Ray|atk|1
|-boost|p2a: Ray|spe|1
|
|-weather|DeltaStream|[upkeep]
|upkeep
|turn|15
|
|t:|1668290387
|move|p1a: Marshadow|Shadow Sneak|p2a: Ray
|-damage|p2a: Ray|19/100
|-damage|p1a: Marshadow|64/100|[from] item: Life Orb
|move|p2a: Ray|Earthquake|p1a: Marshadow
|-damage|p1a: Marshadow|0 fnt
|faint|p1a: Marshadow
|-damage|p2a: Ray|9/100|[from] item: Life Orb
|
|-weather|DeltaStream|[upkeep]
|upkeep
|
|t:|1668290390
|switch|p1a: Rillaboom|Rillaboom, F|100/100
|-damage|p1a: Rillaboom|88/100|[from] Stealth Rock
|-fieldstart|move: Grassy Terrain|[from] ability: Grassy Surge|[of] p1a: Rillaboom
|turn|16
|
|t:|1668290397
|move|p2a: Ray|Extreme Speed|p1a: Rillaboom
|-damage|p1a: Rillaboom|0 fnt
|faint|p1a: Rillaboom
|-damage|p2a: Ray|0 fnt|[from] item: Life Orb
|faint|p2a: Ray
|-weather|none
|
|upkeep
|
|t:|1668290408
|switch|p2a: Arse|Arceus-Fairy|100/100
|switch|p1a: Salamence|Salamence, M|100/100
|-damage|p1a: Salamence|75/100|[from] Stealth Rock
|turn|17
|
|t:|1668290414
|-start|p1a: Salamence|Dynamax|
|-heal|p1a: Salamence|75/100|[silent]
|move|p1a: Salamence|Max Airstream|p2a: Arse
|-damage|p2a: Arse|39/100
|-boost|p1a: Salamence|spe|1
|-damage|p1a: Salamence|71/100|[from] item: Life Orb
|move|p2a: Arse|Judgment|p1a: Salamence
|-supereffective|p1a: Salamence
|-damage|p1a: Salamence|13/100
|
|-heal|p2a: Arse|45/100|[from] Grassy Terrain
|upkeep
|turn|18
|
|t:|1668290427
|move|p1a: Salamence|Max Airstream|p2a: Arse
|-damage|p2a: Arse|0 fnt
|-boost|p1a: Salamence|spe|1
|faint|p2a: Arse
|-ability|p1a: Salamence|Moxie|boost
|-boost|p1a: Salamence|atk|1
|-damage|p1a: Salamence|8/100|[from] item: Life Orb
|
|upkeep
|
|t:|1668290435
|switch|p2a: Caly|Calyrex-Shadow|100/100
|-ability|p2a: Caly|As One
|-ability|p2a: Caly|Unnerve
|turn|19
|
|t:|1668290441
|move|p1a: Salamence|Max Airstream|p2a: Caly
|-enditem|p2a: Caly|Focus Sash
|-damage|p2a: Caly|1/100
|-boost|p1a: Salamence|spe|1
|-damage|p1a: Salamence|3/100|[from] item: Life Orb
|move|p2a: Caly|Astral Barrage|p1a: Salamence
|-damage|p1a: Salamence|0 fnt
|faint|p1a: Salamence
|
|win|cllout
|raw|Alpha28056's rating: 1595 &rarr; <strong>1578</strong><br />(-17 for losing)
|raw|cllout's rating: 1649 &rarr; <strong>1666</strong><br />(+17 for winning)
|l|☆Alpha28056
