|j|☆mahdkhan
|j|☆MVP2536
|t:|1664993382
|gametype|singles
|player|p1|mahdkhan|266|1761
|player|p2|MVP2536|giovanni|1818
|teamsize|p1|6
|teamsize|p2|6
|gen|8
|tier|[Gen 8] National Dex AG
|rated|
|rule|HP Percentage Mod: HP is shown in percentages
|rule|Endless Battle Clause: Forcing endless battles is banned
|clearpoke
|poke|p1|Arceus-*|
|poke|p1|Necrozma-Dusk-Mane|
|poke|p1|Ho-Oh|
|poke|p1|Ditto|
|poke|p1|Marshadow|
|poke|p1|Zacian-*|
|poke|p2|Groudon|
|poke|p2|Aegislash, M|
|poke|p2|Rotom-Wash|
|poke|p2|Scrafty, M|
|poke|p2|Whimsicott, F|
|poke|p2|Ditto|
|teampreview
|inactive|Battle timer is ON: inactive players will automatically lose when time's up. (requested by MVP2536)
|
|t:|1664993421
|start
|switch|p1a: God|Arceus-Ground|100/100
|switch|p2a: Ditto|Ditto|100/100
|-transform|p2a: Ditto|p1a: God|[from] ability: Imposter
|turn|1
|
|t:|1664993443
|move|p1a: God|Magic Coat|p1a: God
|-singleturn|p1a: God|move: Magic Coat
|move|p2a: Ditto|Ice Beam|p1a: God
|-supereffective|p1a: God
|-damage|p1a: God|66/100
|
|upkeep
|turn|2
|inactive|mahdkhan has 120 seconds left.
|
|t:|1664993463
|switch|p2a: Scrafty|Scrafty, M|100/100
|switch|p1a: Bird|Ho-Oh, shiny|100/100
|
|upkeep
|turn|3
|
|t:|1664993469
|switch|p2a: garbage|Groudon|100/100
|detailschange|p2a: garbage|Groudon-Primal
|-primal|p2a: garbage
|-weather|DesolateLand|[from] ability: Desolate Land|[of] p2a: garbage
|move|p1a: Bird|Brave Bird|p2a: garbage
|-damage|p2a: garbage|72/100
|-damage|p1a: Bird|91/100|[from] Recoil
|
|-weather|DesolateLand|[upkeep]
|upkeep
|turn|4
|
|t:|1664993479
|switch|p1a: God|Arceus-Ground|66/100
|move|p2a: garbage|Heat Crash|p1a: God
|-damage|p1a: God|18/100
|
|-weather|DesolateLand|[upkeep]
|upkeep
|turn|5
|
|t:|1664993484
|-weather|none
|switch|p2a: Rotom|Rotom-Wash|100/100
|move|p1a: God|Judgment|p2a: Rotom
|-immune|p2a: Rotom|[from] ability: Levitate
|
|upkeep
|turn|6
|
|t:|1664993494
|move|p1a: God|Stealth Rock|p2a: Rotom
|-sidestart|p2: MVP2536|move: Stealth Rock
|move|p2a: Rotom|Foul Play|p1a: God
|-damage|p1a: God|4/100
|
|upkeep
|turn|7
|inactive|mahdkhan has 120 seconds left.
|
|t:|1664993528
|move|p1a: God|Ice Beam|p2a: Rotom
|-resisted|p2a: Rotom
|-damage|p2a: Rotom|87/100
|move|p2a: Rotom|Foul Play|p1a: God
|-damage|p1a: God|0 fnt
|faint|p1a: God
|
|upkeep
|inactive|mahdkhan has 120 seconds left.
|
|t:|1664993554
|switch|p1a: Bird|Ho-Oh, shiny|100/100
|turn|8
|
|t:|1664993560
|switch|p2a: garbage|Groudon-Primal|72/100
|-damage|p2a: garbage|60/100|[from] Stealth Rock
|-weather|DesolateLand|[from] ability: Desolate Land|[of] p2a: garbage
|move|p1a: Bird|Toxic|p2a: garbage
|-status|p2a: garbage|tox
|
|-weather|DesolateLand|[upkeep]
|-damage|p2a: garbage|53/100 tox|[from] psn
|upkeep
|turn|9
|j| LeMadroid013
|
|t:|1664993582
|-start|p1a: Bird|Dynamax|
|-heal|p1a: Bird|100/100|[silent]
|move|p2a: garbage|Rest|p2a: garbage
|-status|p2a: garbage|slp|[from] move: Rest
|-heal|p2a: garbage|100/100 slp|[silent]
|move|p1a: Bird|Max Airstream|p2a: garbage
|-damage|p2a: garbage|69/100 slp
|-boost|p1a: Bird|spe|1
|
|-weather|DesolateLand|[upkeep]
|upkeep
|turn|10
|
|t:|1664993593
|-weather|none
|switch|p2a: Aegislash|Aegislash, M|100/100
|-damage|p2a: Aegislash|94/100|[from] Stealth Rock
|move|p1a: Bird|Max Airstream|p2a: Aegislash
|-resisted|p2a: Aegislash
|-damage|p2a: Aegislash|72/100
|-boost|p1a: Bird|spe|1
|
|-heal|p2a: Aegislash|78/100|[from] item: Leftovers
|upkeep
|turn|11
|
|t:|1664993599
|move|p2a: Aegislash|King's Shield|p2a: Aegislash
|-singleturn|p2a: Aegislash|Protect
|move|p1a: Bird|Max Flare|p2a: Aegislash
|-supereffective|p2a: Aegislash
|-zbroken|p2a: Aegislash
|-damage|p2a: Aegislash|55/100
|-weather|SunnyDay
|
|-weather|SunnyDay|[upkeep]
|-heal|p2a: Aegislash|61/100|[from] item: Leftovers
|upkeep
|-end|p1a: Bird|Dynamax
|-heal|p1a: Bird|100/100|[silent]
|turn|12
|l| LeMadroid013
|
|t:|1664993605
|switch|p2a: Rotom|Rotom-Wash|87/100
|-damage|p2a: Rotom|75/100|[from] Stealth Rock
|move|p1a: Bird|Sacred Fire|p2a: Rotom
|-resisted|p2a: Rotom
|-damage|p2a: Rotom|50/100
|
|-weather|SunnyDay|[upkeep]
|upkeep
|turn|13
|
|t:|1664993618
|move|p1a: Bird|Toxic|p2a: Rotom
|-status|p2a: Rotom|tox
|move|p2a: Rotom|Pain Split|p1a: Bird
|-sethp|p1a: Bird|69/100|[from] move: Pain Split|[silent]
|-sethp|p2a: Rotom|94/100 tox|[from] move: Pain Split
|
|-weather|SunnyDay|[upkeep]
|-damage|p2a: Rotom|88/100 tox|[from] psn
|upkeep
|turn|14
|
|t:|1664993644
|move|p1a: Bird|Sacred Fire|p2a: Rotom
|-resisted|p2a: Rotom
|-damage|p2a: Rotom|64/100 tox
|move|p2a: Rotom|Volt Switch|p1a: Bird
|-supereffective|p1a: Bird
|-damage|p1a: Bird|40/100
|
|t:|1664993654
|switch|p2a: Ditto|Ditto|100/100|[from]move: Volt Switch
|-damage|p2a: Ditto|88/100|[from] Stealth Rock
|-transform|p2a: Ditto|p1a: Bird|[from] ability: Imposter
|
|-weather|SunnyDay|[upkeep]
|upkeep
|turn|15
|
|t:|1664993674
|switch|p1a: Zacian|Zacian-Crowned, shiny|100/100
|-ability|p1a: Zacian|Intrepid Sword|boost
|-boost|p1a: Zacian|atk|1
|-start|p2a: Ditto|Dynamax|
|-heal|p2a: Ditto|88/100|[silent]
|move|p2a: Ditto|Max Airstream|p1a: Zacian
|-resisted|p1a: Zacian
|-damage|p1a: Zacian|70/100
|-boost|p2a: Ditto|spe|1
|
|-weather|none
|upkeep
|turn|16
|
|t:|1664993682
|move|p2a: Ditto|Max Flare|p1a: Zacian
|-supereffective|p1a: Zacian
|-damage|p1a: Zacian|0 fnt
|-weather|SunnyDay
|faint|p1a: Zacian
|
|-weather|SunnyDay|[upkeep]
|upkeep
|
|t:|1664993686
|switch|p1a: Bird|Ho-Oh, shiny|73/100
|turn|17
|
|t:|1664993691
|move|p2a: Ditto|Max Airstream|p1a: Bird
|-damage|p1a: Bird|31/100
|-boost|p2a: Ditto|spe|1
|move|p1a: Bird|Toxic|p2a: Ditto
|-status|p2a: Ditto|tox
|
|-weather|SunnyDay|[upkeep]
|-damage|p2a: Ditto|85/100 tox|[from] psn
|upkeep
|-end|p2a: Ditto|Dynamax
|-heal|p2a: Ditto|85/100 tox|[silent]
|turn|18
|inactive|mahdkhan has 120 seconds left.
|
|t:|1664993702
|switch|p1a: Marshadow|Marshadow|100/100
|move|p2a: Ditto|Sacred Fire|p1a: Marshadow
|-damage|p1a: Marshadow|15/100
|-status|p1a: Marshadow|brn
|
|-weather|SunnyDay|[upkeep]
|-damage|p2a: Ditto|73/100 tox|[from] psn
|-damage|p1a: Marshadow|9/100 brn|[from] brn
|upkeep
|turn|19
|inactive|mahdkhan has 120 seconds left.
|
|t:|1664993714
|switch|p2a: garbage|Groudon-Primal|69/100 slp
|-damage|p2a: garbage|56/100 slp|[from] Stealth Rock
|-weather|DesolateLand|[from] ability: Desolate Land|[of] p2a: garbage
|move|p1a: Marshadow|Rock Slide|p2a: garbage
|-damage|p2a: garbage|49/100 slp
|
|-weather|DesolateLand|[upkeep]
|-damage|p1a: Marshadow|3/100 brn|[from] brn
|upkeep
|turn|20
|inactive|mahdkhan has 120 seconds left.
|
|t:|1664993725
|switch|p1a: Bird|Ho-Oh, shiny|64/100
|cant|p2a: garbage|slp
|move|p2a: garbage|Sleep Talk|p2a: garbage
|move|p2a: garbage|Heat Crash|p1a: Bird|[from]move: Sleep Talk
|-resisted|p1a: Bird
|-damage|p1a: Bird|30/100
|
|-weather|DesolateLand|[upkeep]
|upkeep
|turn|21
|inactive|mahdkhan has 120 seconds left.
|
|t:|1664993739
|cant|p2a: garbage|slp
|move|p2a: garbage|Sleep Talk|p2a: garbage
|move|p2a: garbage|Heat Crash|p1a: Bird|[from]move: Sleep Talk
|-resisted|p1a: Bird
|-damage|p1a: Bird|0 fnt
|faint|p1a: Bird
|
|-weather|DesolateLand|[upkeep]
|upkeep
|
|t:|1664993745
|switch|p1a: Ditto|Ditto, shiny|100/100
|-transform|p1a: Ditto|p2a: garbage|[from] ability: Imposter
|turn|22
|inactive|mahdkhan has 120 seconds left.
|
|t:|1664993761
|switch|p2a: Rotom|Rotom-Wash|64/100 tox
|-damage|p2a: Rotom|52/100 tox|[from] Stealth Rock
|move|p1a: Ditto|Precipice Blades|p2a: Rotom
|-immune|p2a: Rotom|[from] ability: Levitate
|
|-weather|DesolateLand|[upkeep]
|-damage|p2a: Rotom|46/100 tox|[from] psn
|upkeep
|turn|23
|
|t:|1664993768
|-weather|none
|switch|p1a: Marshadow|Marshadow|3/100 brn
|move|p2a: Rotom|Volt Switch|p1a: Marshadow
|-damage|p1a: Marshadow|0 fnt
|faint|p1a: Marshadow
|
|t:|1664993779
|switch|p2a: Scrafty|Scrafty, M|100/100|[from]move: Volt Switch
|-damage|p2a: Scrafty|95/100|[from] Stealth Rock
|
|upkeep
|c|☆mahdkhan|damn ur team is nuts
|
|t:|1664993787
|switch|p1a: Necrozma|Necrozma-Dusk-Mane, shiny|100/100
|turn|24
|
|t:|1664993793
|move|p1a: Necrozma|Thunder Wave|p2a: Scrafty
|-status|p2a: Scrafty|par
|move|p2a: Scrafty|Knock Off|p1a: Necrozma
|-supereffective|p1a: Necrozma
|-crit|p1a: Necrozma
|-damage|p1a: Necrozma|52/100
|-damage|p2a: Scrafty|78/100 par|[from] item: Rocky Helmet|[of] p1a: Necrozma
|-enditem|p1a: Necrozma|Rocky Helmet|[from] move: Knock Off|[of] p2a: Scrafty
|
|upkeep
|turn|25
|c|☆MVP2536|thx
|
|t:|1664993806
|move|p1a: Necrozma|Morning Sun|p1a: Necrozma
|-heal|p1a: Necrozma|100/100
|move|p2a: Scrafty|Knock Off|p1a: Necrozma
|-supereffective|p1a: Necrozma
|-damage|p1a: Necrozma|82/100
|
|upkeep
|turn|26
|c|☆mahdkhan|no defog tho?
|c|☆MVP2536|whimm
|
|t:|1664993819
|move|p1a: Necrozma|Sunsteel Strike|p2a: Scrafty
|-damage|p2a: Scrafty|29/100 par
|move|p2a: Scrafty|Knock Off|p1a: Necrozma
|-supereffective|p1a: Necrozma
|-damage|p1a: Necrozma|62/100
|
|upkeep
|turn|27
|c|☆mahdkhan|ah
|
|t:|1664993829
|switch|p2a: garbage|Groudon-Primal|49/100 slp
|-damage|p2a: garbage|36/100 slp|[from] Stealth Rock
|-weather|DesolateLand|[from] ability: Desolate Land|[of] p2a: garbage
|move|p1a: Necrozma|Morning Sun|p1a: Necrozma
|-heal|p1a: Necrozma|100/100
|
|-weather|DesolateLand|[upkeep]
|upkeep
|turn|28
|
|t:|1664993838
|-curestatus|p2a: garbage|slp|[msg]
|move|p2a: garbage|Precipice Blades|p1a: Necrozma|[miss]
|-miss|p2a: garbage|p1a: Necrozma
|move|p1a: Necrozma|Knock Off|p2a: garbage
|-damage|p2a: garbage|25/100
|
|-weather|DesolateLand|[upkeep]
|upkeep
|turn|29
|
|t:|1664993845
|move|p2a: garbage|Precipice Blades|p1a: Necrozma
|-supereffective|p1a: Necrozma
|-damage|p1a: Necrozma|49/100
|move|p1a: Necrozma|Sunsteel Strike|p2a: garbage
|-resisted|p2a: garbage
|-damage|p2a: garbage|10/100
|
|-weather|DesolateLand|[upkeep]
|upkeep
|turn|30
|
|t:|1664993852
|move|p2a: garbage|Rest|p2a: garbage
|-status|p2a: garbage|slp|[from] move: Rest
|-heal|p2a: garbage|100/100 slp|[silent]
|move|p1a: Necrozma|Morning Sun|p1a: Necrozma
|-heal|p1a: Necrozma|100/100
|
|-weather|DesolateLand|[upkeep]
|upkeep
|turn|31
|
|t:|1664993856
|switch|p1a: Ditto|Ditto, shiny|100/100
|-transform|p1a: Ditto|p2a: garbage|[from] ability: Imposter
|cant|p2a: garbage|slp
|move|p2a: garbage|Sleep Talk|p2a: garbage
|move|p2a: garbage|Rest||[from]move: Sleep Talk|[still]
|-fail|p2a: garbage
|
|-weather|DesolateLand|[upkeep]
|upkeep
|turn|32
|
|t:|1664993861
|switch|p2a: Rotom|Rotom-Wash|46/100 tox
|-damage|p2a: Rotom|34/100 tox|[from] Stealth Rock
|move|p1a: Ditto|Heat Crash|p2a: Rotom
|-resisted|p2a: Rotom
|-damage|p2a: Rotom|0 fnt
|-damage|p1a: Ditto|84/100|[from] item: Rocky Helmet|[of] p2a: Rotom
|faint|p2a: Rotom
|
|-weather|DesolateLand|[upkeep]
|upkeep
|
|t:|1664993864
|switch|p2a: garbage|Groudon-Primal|100/100 slp
|-damage|p2a: garbage|88/100 slp|[from] Stealth Rock
|turn|33
|
|t:|1664993870
|switch|p1a: Necrozma|Necrozma-Dusk-Mane, shiny|100/100
|cant|p2a: garbage|slp
|move|p2a: garbage|Sleep Talk|p2a: garbage
|move|p2a: garbage|Precipice Blades|p1a: Necrozma|[from]move: Sleep Talk
|-supereffective|p1a: Necrozma
|-damage|p1a: Necrozma|49/100
|
|-weather|DesolateLand|[upkeep]
|upkeep
|turn|34
|
|t:|1664993878
|-curestatus|p2a: garbage|slp|[msg]
|move|p2a: garbage|Precipice Blades|p1a: Necrozma|[miss]
|-miss|p2a: garbage|p1a: Necrozma
|move|p1a: Necrozma|Knock Off|p2a: garbage
|-damage|p2a: garbage|75/100
|
|-weather|DesolateLand|[upkeep]
|upkeep
|turn|35
|c|☆mahdkhan|can i see the team?
|
|t:|1664993886
|move|p2a: garbage|Precipice Blades|p1a: Necrozma|[miss]
|-miss|p2a: garbage|p1a: Necrozma
|move|p1a: Necrozma|Sunsteel Strike|p2a: garbage
|-resisted|p2a: garbage
|-damage|p2a: garbage|62/100
|
|-weather|DesolateLand|[upkeep]
|upkeep
|turn|36
|c|☆mahdkhan|im curiouys
|c|☆mahdkhan|curious*
|c|☆MVP2536|eh its not the best
|c|☆MVP2536|its only really exclusive to me
|
|t:|1664993912
|move|p2a: garbage|Precipice Blades|p1a: Necrozma
|-supereffective|p1a: Necrozma
|-damage|p1a: Necrozma|0 fnt
|faint|p1a: Necrozma
|
|-weather|DesolateLand|[upkeep]
|upkeep
|c|☆mahdkhan|o oksu
|c|☆mahdkhan|okay
|
|t:|1664993918
|switch|p1a: Ditto|Ditto, shiny|84/100
|-transform|p1a: Ditto|p2a: garbage|[from] ability: Imposter
|turn|37
|
|t:|1664993924
|move|p1a: Ditto|Precipice Blades|p2a: garbage
|-supereffective|p2a: garbage
|-damage|p2a: garbage|0 fnt
|faint|p2a: garbage
|
|-weather|DesolateLand|[upkeep]
|upkeep
|
|t:|1664993929
|switch|p2a: Whimsicott|Whimsicott, F|100/100
|turn|38
|
|t:|1664993932
|move|p2a: Whimsicott|Leech Seed|p1a: Ditto
|-start|p1a: Ditto|move: Leech Seed
|move|p1a: Ditto|Precipice Blades|p2a: Whimsicott
|-resisted|p2a: Whimsicott
|-damage|p2a: Whimsicott|48/100
|
|-weather|DesolateLand|[upkeep]
|-damage|p1a: Ditto|72/100|[from] Leech Seed|[of] p2a: Whimsicott
|-heal|p2a: Whimsicott|63/100|[silent]
|upkeep
|turn|39
|
|t:|1664993939
|switch|p2a: Scrafty|Scrafty, M|29/100 par
|-damage|p2a: Scrafty|23/100 par|[from] Stealth Rock
|move|p1a: Ditto|Precipice Blades|p2a: Scrafty
|-damage|p2a: Scrafty|0 fnt
|faint|p2a: Scrafty
|
|-weather|DesolateLand|[upkeep]
|upkeep
|
|t:|1664993941
|switch|p2a: Aegislash|Aegislash, M|61/100
|-damage|p2a: Aegislash|55/100|[from] Stealth Rock
|turn|40
|
|t:|1664993948
|move|p2a: Aegislash|King's Shield|p2a: Aegislash
|-singleturn|p2a: Aegislash|Protect
|move|p1a: Ditto|Precipice Blades|p2a: Aegislash
|-activate|p2a: Aegislash|move: Protect
|
|-weather|DesolateLand|[upkeep]
|-heal|p2a: Aegislash|61/100|[from] item: Leftovers
|-damage|p1a: Ditto|59/100|[from] Leech Seed|[of] p2a: Aegislash
|-heal|p2a: Aegislash|72/100|[silent]
|upkeep
|turn|41
|
|t:|1664993954
|switch|p2a: Ditto|Ditto|100/100 tox
|-damage|p2a: Ditto|88/100 tox|[from] Stealth Rock
|move|p1a: Ditto|Precipice Blades|p2a: Ditto
|-damage|p2a: Ditto|0 fnt
|faint|p2a: Ditto
|
|-weather|DesolateLand|[upkeep]
|upkeep
|
|t:|1664993956
|switch|p2a: Aegislash|Aegislash, M|72/100
|-damage|p2a: Aegislash|66/100|[from] Stealth Rock
|turn|42
|c|☆mahdkhan|gg
|c|☆MVP2536|gg
|
|t:|1664993963
|-activate|p1a: Ditto|move: Struggle
|move|p1a: Ditto|Struggle|p2a: Aegislash
|-damage|p2a: Aegislash|50/100
|-damage|p1a: Ditto|34/100|[from] recoil
|-formechange|p2a: Aegislash|Aegislash-Blade||[from] ability: Stance Change
|move|p2a: Aegislash|Sacred Sword|p1a: Ditto
|-damage|p1a: Ditto|6/100
|
|-weather|DesolateLand|[upkeep]
|-heal|p2a: Aegislash|56/100|[from] item: Leftovers
|-damage|p1a: Ditto|0 fnt|[from] Leech Seed|[of] p2a: Aegislash
|-heal|p2a: Aegislash|61/100|[silent]
|faint|p1a: Ditto
|-weather|none
|
|win|MVP2536
|upkeep
|raw|mahdkhan's rating: 1761 &rarr; <strong>1744</strong><br />(-17 for losing)
|raw|MVP2536's rating: 1818 &rarr; <strong>1835</strong><br />(+17 for winning)
|l|☆MVP2536
