|j|☆Yesclip
|j|☆Lance's Time
|t:|1661502588
|gametype|singles
|player|p1|Yesclip|lady-gen4|1659
|player|p2|Lance's Time|lass-gen6|1845
|teamsize|p1|6
|teamsize|p2|6
|gen|8
|tier|[Gen 8] National Dex AG
|rated|
|rule|HP Percentage Mod: HP is shown in percentages
|rule|Endless Battle Clause: Forcing endless battles is banned
|clearpoke
|poke|p1|Mewtwo|
|poke|p1|Yveltal|
|poke|p1|Zacian-*|
|poke|p1|Groudon|
|poke|p1|Arceus-*|
|poke|p1|Ditto|
|poke|p2|Sableye, M|
|poke|p2|Quagsire, M|
|poke|p2|Chansey, F|
|poke|p2|Tyranitar, M|
|poke|p2|Lugia|
|poke|p2|Giratina|
|teampreview
|inactive|Battle timer is ON: inactive players will automatically lose when time's up. (requested by Yesclip)
|
|t:|1661502604
|start
|switch|p1a: Groudon|Groudon, shiny|100/100
|switch|p2a: Sableye|Sableye, M|100/100
|detailschange|p1a: Groudon|Groudon-Primal, shiny
|-primal|p1a: Groudon
|-weather|DesolateLand|[from] ability: Desolate Land|[of] p1a: Groudon
|turn|1
|
|t:|1661502610
|detailschange|p2a: Sableye|Sableye-Mega, M
|-mega|p2a: Sableye|Sableye|Sablenite
|move|p2a: Sableye|Protect|p2a: Sableye
|-singleturn|p2a: Sableye|Protect
|move|p1a: Groudon|Toxic|p2a: Sableye
|-activate|p2a: Sableye|move: Protect
|
|-weather|DesolateLand|[upkeep]
|upkeep
|turn|2
|
|t:|1661502620
|move|p1a: Groudon|Overheat|p2a: Sableye
|-damage|p2a: Sableye|9/100
|-unboost|p1a: Groudon|spa|2
|move|p2a: Sableye|Foul Play|p1a: Groudon
|-damage|p1a: Groudon|81/100
|
|-weather|DesolateLand|[upkeep]
|upkeep
|turn|3
|inactive|Yesclip has 120 seconds left.
|
|t:|1661502653
|move|p1a: Groudon|Overheat|p2a: Sableye
|-damage|p2a: Sableye|0 fnt
|-unboost|p1a: Groudon|spa|2
|faint|p2a: Sableye
|
|-weather|DesolateLand|[upkeep]
|upkeep
|
|t:|1661502656
|switch|p2a: Giratina|Giratina|100/100
|-ability|p2a: Giratina|Pressure
|turn|4
|inactive|Yesclip has 120 seconds left.
|
|t:|1661502678
|move|p1a: Groudon|Stealth Rock|p2a: Giratina
|-sidestart|p2: Lance's Time|move: Stealth Rock
|move|p2a: Giratina|Toxic|p1a: Groudon
|-status|p1a: Groudon|tox
|
|-weather|DesolateLand|[upkeep]
|-damage|p1a: Groudon|75/100 tox|[from] psn
|upkeep
|turn|5
|inactive|Yesclip has 120 seconds left.
|
|t:|1661502698
|move|p1a: Groudon|Toxic|p2a: Giratina
|-status|p2a: Giratina|tox
|move|p2a: Giratina|Defog|p1a: Groudon
|-unboost|p1a: Groudon|evasion|1
|-sideend|p2: Lance's Time|Stealth Rock|[from] move: Defog|[of] p2a: Giratina
|
|-weather|DesolateLand|[upkeep]
|-damage|p1a: Groudon|62/100 tox|[from] psn
|-damage|p2a: Giratina|94/100 tox|[from] psn
|upkeep
|turn|6
|inactive|Yesclip has 120 seconds left.
|
|t:|1661502726
|move|p1a: Groudon|Stealth Rock|p2a: Giratina
|-sidestart|p2: Lance's Time|move: Stealth Rock
|move|p2a: Giratina|Defog|p1a: Groudon
|-unboost|p1a: Groudon|evasion|1
|-sideend|p2: Lance's Time|Stealth Rock|[from] move: Defog|[of] p2a: Giratina
|
|-weather|DesolateLand|[upkeep]
|-heal|p2a: Giratina|100/100 tox|[from] item: Leftovers
|-damage|p1a: Groudon|44/100 tox|[from] psn
|-damage|p2a: Giratina|88/100 tox|[from] psn
|upkeep
|turn|7
|
|t:|1661502742
|move|p2a: Giratina|Defog|p1a: Groudon
|-unboost|p1a: Groudon|evasion|1
|move|p1a: Groudon|Roar|p2a: Giratina
|drag|p2a: Lugia|Lugia|100/100
|
|-weather|DesolateLand|[upkeep]
|-damage|p1a: Groudon|19/100 tox|[from] psn
|upkeep
|turn|8
|
|t:|1661502750
|move|p2a: Lugia|Substitute|p2a: Lugia
|-start|p2a: Lugia|Substitute
|-damage|p2a: Lugia|75/100
|move|p1a: Groudon|Toxic||[still]
|-fail|p1a: Groudon
|
|-weather|DesolateLand|[upkeep]
|-heal|p2a: Lugia|82/100|[from] item: Leftovers
|-damage|p1a: Groudon|0 fnt|[from] psn
|faint|p1a: Groudon
|-weather|none
|upkeep
|
|t:|1661502758
|switch|p1a: Arceus|Arceus|100/100
|turn|9
|
|t:|1661502775
|move|p1a: Arceus|Extreme Speed|p2a: Lugia
|-activate|p2a: Lugia|move: Substitute|[damage]
|move|p2a: Lugia|Toxic|p1a: Arceus
|-status|p1a: Arceus|tox
|
|-heal|p2a: Lugia|88/100|[from] item: Leftovers
|-damage|p1a: Arceus|94/100 tox|[from] psn
|upkeep
|turn|10
|
|t:|1661502789
|move|p1a: Arceus|Swords Dance|p1a: Arceus
|-boost|p1a: Arceus|atk|2
|move|p2a: Lugia|Roost|p2a: Lugia
|-heal|p2a: Lugia|100/100
|-singleturn|p2a: Lugia|move: Roost
|
|-heal|p1a: Arceus|100/100 tox|[from] item: Leftovers
|-damage|p1a: Arceus|88/100 tox|[from] psn
|upkeep
|turn|11
|inactive|Yesclip has 120 seconds left.
|
|t:|1661502795
|move|p1a: Arceus|Extreme Speed|p2a: Lugia
|-end|p2a: Lugia|Substitute
|move|p2a: Lugia|Substitute|p2a: Lugia
|-start|p2a: Lugia|Substitute
|-damage|p2a: Lugia|75/100
|
|-heal|p1a: Arceus|94/100 tox|[from] item: Leftovers
|-heal|p2a: Lugia|82/100|[from] item: Leftovers
|-damage|p1a: Arceus|76/100 tox|[from] psn
|upkeep
|turn|12
|
|t:|1661502801
|move|p1a: Arceus|Shadow Claw|p2a: Lugia
|-supereffective|p2a: Lugia
|-end|p2a: Lugia|Substitute
|move|p2a: Lugia|Roost|p2a: Lugia
|-heal|p2a: Lugia|100/100
|-singleturn|p2a: Lugia|move: Roost
|
|-heal|p1a: Arceus|82/100 tox|[from] item: Leftovers
|-damage|p1a: Arceus|58/100 tox|[from] psn
|upkeep
|turn|13
|
|t:|1661502830
|move|p1a: Arceus|Extreme Speed|p2a: Lugia
|-damage|p2a: Lugia|85/100
|move|p2a: Lugia|Substitute|p2a: Lugia
|-start|p2a: Lugia|Substitute
|-damage|p2a: Lugia|60/100
|
|-heal|p1a: Arceus|64/100 tox|[from] item: Leftovers
|-heal|p2a: Lugia|67/100|[from] item: Leftovers
|-damage|p1a: Arceus|34/100 tox|[from] psn
|upkeep
|turn|14
|
|t:|1661502839
|move|p1a: Arceus|Shadow Claw|p2a: Lugia
|-supereffective|p2a: Lugia
|-end|p2a: Lugia|Substitute
|move|p2a: Lugia|Roost|p2a: Lugia
|-heal|p2a: Lugia|100/100
|-singleturn|p2a: Lugia|move: Roost
|
|-heal|p1a: Arceus|40/100 tox|[from] item: Leftovers
|-damage|p1a: Arceus|3/100 tox|[from] psn
|upkeep
|turn|15
|
|t:|1661502858
|move|p1a: Arceus|Shadow Claw|p2a: Lugia
|-supereffective|p2a: Lugia
|-damage|p2a: Lugia|82/100
|move|p2a: Lugia|Roost|p2a: Lugia
|-heal|p2a: Lugia|100/100
|-singleturn|p2a: Lugia|move: Roost
|
|-heal|p1a: Arceus|9/100 tox|[from] item: Leftovers
|-damage|p1a: Arceus|0 fnt|[from] psn
|faint|p1a: Arceus
|upkeep
|
|t:|1661502867
|switch|p1a: Ditto|Ditto, shiny|100/100
|-transform|p1a: Ditto|p2a: Lugia|[from] ability: Imposter
|turn|16
|
|t:|1661502878
|switch|p2a: Chansey|Chansey, F|100/100
|move|p1a: Ditto|Toxic|p2a: Chansey|[miss]
|-miss|p1a: Ditto|p2a: Chansey
|
|upkeep
|turn|17
|
|t:|1661502886
|switch|p1a: Mewtwo|Mewtwo, shiny|100/100
|-ability|p1a: Mewtwo|Pressure
|move|p2a: Chansey|Seismic Toss|p1a: Mewtwo
|-damage|p1a: Mewtwo|74/100
|
|upkeep
|turn|18
|
|t:|1661502904
|switch|p2a: Tyranitar|Tyranitar, M|100/100
|-weather|Sandstorm|[from] ability: Sand Stream|[of] p2a: Tyranitar
|detailschange|p1a: Mewtwo|Mewtwo-Mega-X, shiny
|-mega|p1a: Mewtwo|Mewtwo|Mewtwonite X
|move|p1a: Mewtwo|Bulk Up|p1a: Mewtwo
|-boost|p1a: Mewtwo|atk|1
|-boost|p1a: Mewtwo|def|1
|
|-weather|Sandstorm|[upkeep]
|-damage|p1a: Mewtwo|68/100|[from] Sandstorm
|upkeep
|turn|19
|
|t:|1661502914
|switch|p2a: Quagsire|Quagsire, M|100/100
|move|p1a: Mewtwo|Low Kick|p2a: Quagsire
|-damage|p2a: Quagsire|67/100
|-damage|p1a: Mewtwo|52/100|[from] item: Rocky Helmet|[of] p2a: Quagsire
|
|-weather|Sandstorm|[upkeep]
|-damage|p1a: Mewtwo|46/100|[from] Sandstorm
|upkeep
|turn|20
|
|t:|1661502926
|move|p1a: Mewtwo|Grass Knot|p2a: Quagsire
|-supereffective|p2a: Quagsire
|-damage|p2a: Quagsire|0 fnt
|-damage|p1a: Mewtwo|29/100|[from] item: Rocky Helmet|[of] p2a: Quagsire
|faint|p2a: Quagsire
|
|-weather|Sandstorm|[upkeep]
|-damage|p1a: Mewtwo|23/100|[from] Sandstorm
|upkeep
|
|t:|1661502946
|switch|p2a: Giratina|Giratina|88/100 tox
|-ability|p2a: Giratina|Pressure
|turn|21
|inactive|Yesclip has 120 seconds left.
|
|t:|1661502988
|move|p1a: Mewtwo|Zen Headbutt|p2a: Giratina
|-damage|p2a: Giratina|52/100 tox
|move|p2a: Giratina|Will-O-Wisp|p1a: Mewtwo
|-status|p1a: Mewtwo|brn
|
|-weather|Sandstorm|[upkeep]
|-damage|p1a: Mewtwo|17/100 brn|[from] Sandstorm
|-damage|p2a: Giratina|46/100 tox|[from] Sandstorm
|-heal|p2a: Giratina|52/100 tox|[from] item: Leftovers
|-damage|p2a: Giratina|46/100 tox|[from] psn
|-damage|p1a: Mewtwo|11/100 brn|[from] brn
|upkeep
|turn|22
|j| Farce Of The Death
|
|t:|1661502999
|move|p1a: Mewtwo|Zen Headbutt|p2a: Giratina
|-damage|p2a: Giratina|30/100 tox
|cant|p2a: Giratina|flinch
|
|-weather|none
|-heal|p2a: Giratina|36/100 tox|[from] item: Leftovers
|-damage|p2a: Giratina|24/100 tox|[from] psn
|-damage|p1a: Mewtwo|5/100 brn|[from] brn
|upkeep
|turn|23
|inactive|Yesclip has 120 seconds left.
|
|t:|1661503005
|move|p1a: Mewtwo|Zen Headbutt|p2a: Giratina
|-crit|p2a: Giratina
|-damage|p2a: Giratina|0 fnt
|faint|p2a: Giratina
|
|-damage|p1a: Mewtwo|0 fnt|[from] brn
|faint|p1a: Mewtwo
|upkeep
|c|☆Lance's Time|nice
|
|t:|1661503025
|switch|p1a: Yveltal|Yveltal, shiny|100/100
|switch|p2a: Lugia|Lugia|100/100
|-ability|p1a: Yveltal|Dark Aura
|turn|24
|inactive|Yesclip has 120 seconds left.
|
|t:|1661503053
|switch|p2a: Tyranitar|Tyranitar, M|100/100
|-weather|Sandstorm|[from] ability: Sand Stream|[of] p2a: Tyranitar
|-start|p1a: Yveltal|Dynamax|
|-heal|p1a: Yveltal|100/100|[silent]
|move|p1a: Yveltal|Max Airstream|p2a: Tyranitar
|-resisted|p2a: Tyranitar
|-damage|p2a: Tyranitar|82/100
|-boost|p1a: Yveltal|spe|1
|-damage|p1a: Yveltal|96/100|[from] item: Life Orb
|
|-weather|Sandstorm|[upkeep]
|-damage|p1a: Yveltal|93/100|[from] Sandstorm
|-heal|p2a: Tyranitar|88/100|[from] item: Leftovers
|upkeep
|turn|25
|
|t:|1661503068
|-start|p2a: Tyranitar|Dynamax|
|-heal|p2a: Tyranitar|88/100|[silent]
|move|p1a: Yveltal|Max Darkness|p2a: Tyranitar
|-resisted|p2a: Tyranitar
|-damage|p2a: Tyranitar|75/100
|-unboost|p2a: Tyranitar|spd|1
|-damage|p1a: Yveltal|88/100|[from] item: Life Orb
|move|p2a: Tyranitar|Max Rockfall|p1a: Yveltal
|-supereffective|p1a: Yveltal
|-damage|p1a: Yveltal|40/100
|
|-weather|Sandstorm|[upkeep]
|-damage|p1a: Yveltal|37/100|[from] Sandstorm
|-heal|p2a: Tyranitar|78/100|[from] item: Leftovers
|upkeep
|turn|26
|inactive|Lance's Time has 120 seconds left.
|
|t:|1661503098
|move|p1a: Yveltal|Max Darkness|p2a: Tyranitar
|-resisted|p2a: Tyranitar
|-damage|p2a: Tyranitar|57/100
|-unboost|p2a: Tyranitar|spd|1
|-damage|p1a: Yveltal|32/100|[from] item: Life Orb
|move|p2a: Tyranitar|Max Rockfall|p1a: Yveltal
|-supereffective|p1a: Yveltal
|-damage|p1a: Yveltal|0 fnt
|faint|p1a: Yveltal
|
|-weather|Sandstorm|[upkeep]
|-heal|p2a: Tyranitar|60/100|[from] item: Leftovers
|upkeep
|inactive|Yesclip has 90 seconds left.
|
|t:|1661503121
|switch|p1a: Zacian|Zacian-Crowned|100/100
|-ability|p1a: Zacian|Intrepid Sword|boost
|-boost|p1a: Zacian|atk|1
|turn|27
|inactive|Yesclip has 90 seconds left.
|
|t:|1661503134
|move|p2a: Tyranitar|Max Guard|p2a: Tyranitar
|-singleturn|p2a: Tyranitar|Max Guard
|move|p1a: Zacian|Behemoth Blade|p2a: Tyranitar
|-activate|p2a: Tyranitar|move: Max Guard
|
|-weather|Sandstorm|[upkeep]
|-heal|p2a: Tyranitar|63/100|[from] item: Leftovers
|upkeep
|-end|p2a: Tyranitar|Dynamax
|-heal|p2a: Tyranitar|63/100|[silent]
|turn|28
|
|t:|1661503144
|switch|p2a: Chansey|Chansey, F|100/100
|move|p1a: Zacian|Behemoth Blade|p2a: Chansey
|-damage|p2a: Chansey|22/100
|
|-weather|none
|upkeep
|turn|29
|inactive|Yesclip has 90 seconds left.
|
|t:|1661503162
|move|p1a: Zacian|Behemoth Blade|p2a: Chansey
|-damage|p2a: Chansey|0 fnt
|faint|p2a: Chansey
|
|upkeep
|
|t:|1661503167
|switch|p2a: Lugia|Lugia|100/100
|turn|30
|inactive|Yesclip has 90 seconds left.
|
|t:|1661503190
|move|p1a: Zacian|Behemoth Blade|p2a: Lugia
|-damage|p2a: Lugia|79/100
|move|p2a: Lugia|Substitute|p2a: Lugia
|-start|p2a: Lugia|Substitute
|-damage|p2a: Lugia|54/100
|
|-heal|p2a: Lugia|60/100|[from] item: Leftovers
|upkeep
|turn|31
|inactive|Yesclip has 90 seconds left.
|
|t:|1661503197
|move|p1a: Zacian|Substitute|p1a: Zacian
|-start|p1a: Zacian|Substitute
|-damage|p1a: Zacian|76/100
|move|p2a: Lugia|Roost|p2a: Lugia
|-heal|p2a: Lugia|100/100
|-singleturn|p2a: Lugia|move: Roost
|
|upkeep
|turn|32
|
|t:|1661503206
|move|p1a: Zacian|Behemoth Blade|p2a: Lugia
|-end|p2a: Lugia|Substitute
|move|p2a: Lugia|Whirlwind|p1a: Zacian
|drag|p1a: Ditto|Ditto, shiny|100/100
|-transform|p1a: Ditto|p2a: Lugia|[from] ability: Imposter
|
|upkeep
|turn|33
|
|t:|1661503218
|switch|p2a: Tyranitar|Tyranitar, M|63/100
|-weather|Sandstorm|[from] ability: Sand Stream|[of] p2a: Tyranitar
|move|p1a: Ditto|Toxic|p2a: Tyranitar
|-status|p2a: Tyranitar|tox
|
|-weather|Sandstorm|[upkeep]
|-damage|p1a: Ditto|94/100|[from] Sandstorm
|-heal|p2a: Tyranitar|69/100 tox|[from] item: Leftovers
|-damage|p2a: Tyranitar|63/100 tox|[from] psn
|upkeep
|turn|34
|
|t:|1661503229
|switch|p1a: Zacian|Zacian-Crowned|76/100
|-ability|p1a: Zacian|Intrepid Sword|boost
|-boost|p1a: Zacian|atk|1
|move|p2a: Tyranitar|Stealth Rock|p1a: Zacian
|-sidestart|p1: Yesclip|move: Stealth Rock
|
|-weather|Sandstorm|[upkeep]
|-heal|p2a: Tyranitar|69/100 tox|[from] item: Leftovers
|-damage|p2a: Tyranitar|57/100 tox|[from] psn
|upkeep
|turn|35
|
|t:|1661503243
|move|p1a: Zacian|Behemoth Blade|p2a: Tyranitar
|-supereffective|p2a: Tyranitar
|-damage|p2a: Tyranitar|0 fnt
|faint|p2a: Tyranitar
|
|-weather|Sandstorm|[upkeep]
|upkeep
|
|t:|1661503245
|switch|p2a: Lugia|Lugia|100/100
|turn|36
|c|☆Lance's Time|ihatemyluck
|
|t:|1661503252
|move|p1a: Zacian|Substitute|p1a: Zacian
|-start|p1a: Zacian|Substitute
|-damage|p1a: Zacian|51/100
|move|p2a: Lugia|Substitute|p2a: Lugia
|-start|p2a: Lugia|Substitute
|-damage|p2a: Lugia|75/100
|
|-weather|Sandstorm|[upkeep]
|-damage|p2a: Lugia|69/100|[from] Sandstorm
|-heal|p2a: Lugia|75/100|[from] item: Leftovers
|upkeep
|turn|37
|
|t:|1661503265
|move|p1a: Zacian|Behemoth Blade|p2a: Lugia
|-end|p2a: Lugia|Substitute
|move|p2a: Lugia|Roost|p2a: Lugia
|-heal|p2a: Lugia|100/100
|-singleturn|p2a: Lugia|move: Roost
|
|-weather|none
|upkeep
|turn|38
|
|t:|1661503271
|move|p1a: Zacian|Behemoth Blade|p2a: Lugia
|-damage|p2a: Lugia|78/100
|move|p2a: Lugia|Substitute|p2a: Lugia
|-start|p2a: Lugia|Substitute
|-damage|p2a: Lugia|53/100
|
|-heal|p2a: Lugia|59/100|[from] item: Leftovers
|upkeep
|turn|39
|inactive|Yesclip has 120 seconds left.
|
|t:|1661503285
|move|p1a: Zacian|Play Rough|p2a: Lugia
|-end|p2a: Lugia|Substitute
|move|p2a: Lugia|Roost|p2a: Lugia
|-heal|p2a: Lugia|100/100
|-singleturn|p2a: Lugia|move: Roost
|
|upkeep
|turn|40
|inactive|Yesclip has 120 seconds left.
|
|t:|1661503291
|move|p1a: Zacian|Play Rough|p2a: Lugia
|-crit|p2a: Lugia
|-damage|p2a: Lugia|68/100
|move|p2a: Lugia|Substitute|p2a: Lugia
|-start|p2a: Lugia|Substitute
|-damage|p2a: Lugia|43/100
|
|-heal|p2a: Lugia|49/100|[from] item: Leftovers
|upkeep
|turn|41
|inactive|Yesclip has 120 seconds left.
|
|t:|1661503301
|move|p1a: Zacian|Play Rough|p2a: Lugia
|-end|p2a: Lugia|Substitute
|move|p2a: Lugia|Roost|p2a: Lugia
|-heal|p2a: Lugia|99/100
|-singleturn|p2a: Lugia|move: Roost
|
|-heal|p2a: Lugia|100/100|[from] item: Leftovers
|upkeep
|turn|42
|j| ban123456
|
|t:|1661503308
|move|p1a: Zacian|Close Combat|p2a: Lugia
|-resisted|p2a: Lugia
|-damage|p2a: Lugia|95/100
|-unboost|p1a: Zacian|def|1
|-unboost|p1a: Zacian|spd|1
|move|p2a: Lugia|Substitute|p2a: Lugia
|-start|p2a: Lugia|Substitute
|-damage|p2a: Lugia|70/100
|
|-heal|p2a: Lugia|77/100|[from] item: Leftovers
|upkeep
|turn|43
|
|t:|1661503322
|move|p1a: Zacian|Close Combat|p2a: Lugia
|-resisted|p2a: Lugia
|-activate|p2a: Lugia|move: Substitute|[damage]
|-unboost|p1a: Zacian|def|1
|-unboost|p1a: Zacian|spd|1
|move|p2a: Lugia|Toxic||[still]
|-fail|p2a: Lugia
|
|-heal|p2a: Lugia|83/100|[from] item: Leftovers
|upkeep
|turn|44
|
|t:|1661503330
|move|p1a: Zacian|Close Combat|p2a: Lugia
|-resisted|p2a: Lugia
|-activate|p2a: Lugia|move: Substitute|[damage]
|-unboost|p1a: Zacian|def|1
|-unboost|p1a: Zacian|spd|1
|move|p2a: Lugia|Roost|p2a: Lugia
|-heal|p2a: Lugia|100/100
|-singleturn|p2a: Lugia|move: Roost
|
|upkeep
|turn|45
|
|t:|1661503337
|move|p1a: Zacian|Close Combat|p2a: Lugia
|-resisted|p2a: Lugia
|-activate|p2a: Lugia|move: Substitute|[damage]
|-unboost|p1a: Zacian|def|1
|-unboost|p1a: Zacian|spd|1
|move|p2a: Lugia|Substitute|p2a: Lugia
|-fail|p2a: Lugia|move: Substitute
|
|upkeep
|turn|46
|
|t:|1661503346
|move|p1a: Zacian|Close Combat|p2a: Lugia
|-resisted|p2a: Lugia
|-end|p2a: Lugia|Substitute
|-unboost|p1a: Zacian|def|1
|-unboost|p1a: Zacian|spd|1
|move|p2a: Lugia|Substitute|p2a: Lugia
|-start|p2a: Lugia|Substitute
|-damage|p2a: Lugia|75/100
|
|-heal|p2a: Lugia|82/100|[from] item: Leftovers
|upkeep
|turn|47
|
|t:|1661503354
|move|p1a: Zacian|Close Combat|p2a: Lugia
|-resisted|p2a: Lugia
|-activate|p2a: Lugia|move: Substitute|[damage]
|-unboost|p1a: Zacian|def|1
|-unboost|p1a: Zacian|spd|1
|move|p2a: Lugia|Whirlwind|p1a: Zacian
|drag|p1a: Ditto|Ditto, shiny|94/100
|-damage|p1a: Ditto|82/100|[from] Stealth Rock
|
|-heal|p2a: Lugia|88/100|[from] item: Leftovers
|upkeep
|turn|48
|
|t:|1661503365
|move|p1a: Ditto|Transform||[still]
|-fail|p1a: Ditto
|move|p2a: Lugia|Whirlwind|p1a: Ditto
|drag|p1a: Zacian|Zacian-Crowned|51/100
|-damage|p1a: Zacian|44/100|[from] Stealth Rock
|-ability|p1a: Zacian|Intrepid Sword|boost
|-boost|p1a: Zacian|atk|1
|
|-heal|p2a: Lugia|94/100|[from] item: Leftovers
|upkeep
|turn|49
|
|t:|1661503373
|move|p1a: Zacian|Play Rough|p2a: Lugia
|-end|p2a: Lugia|Substitute
|move|p2a: Lugia|Whirlwind|p1a: Zacian
|drag|p1a: Ditto|Ditto, shiny|82/100
|-damage|p1a: Ditto|70/100|[from] Stealth Rock
|-transform|p1a: Ditto|p2a: Lugia|[from] ability: Imposter
|
|-heal|p2a: Lugia|100/100|[from] item: Leftovers
|upkeep
|turn|50
|
|t:|1661503386
|move|p1a: Ditto|Toxic|p2a: Lugia
|-status|p2a: Lugia|tox
|move|p2a: Lugia|Substitute|p2a: Lugia
|-start|p2a: Lugia|Substitute
|-damage|p2a: Lugia|75/100 tox
|
|-heal|p2a: Lugia|82/100 tox|[from] item: Leftovers
|-damage|p2a: Lugia|75/100 tox|[from] psn
|upkeep
|turn|51
|
|t:|1661503392
|move|p1a: Ditto|Toxic||[still]
|-fail|p1a: Ditto
|move|p2a: Lugia|Whirlwind|p1a: Ditto
|drag|p1a: Zacian|Zacian-Crowned|44/100
|-damage|p1a: Zacian|38/100|[from] Stealth Rock
|-ability|p1a: Zacian|Intrepid Sword|boost
|-boost|p1a: Zacian|atk|1
|
|-heal|p2a: Lugia|82/100 tox|[from] item: Leftovers
|-damage|p2a: Lugia|69/100 tox|[from] psn
|upkeep
|turn|52
|c|☆Lance's Time|omg
|
|t:|1661503404
|move|p1a: Zacian|Play Rough|p2a: Lugia
|-end|p2a: Lugia|Substitute
|move|p2a: Lugia|Roost|p2a: Lugia
|-heal|p2a: Lugia|100/100 tox
|-singleturn|p2a: Lugia|move: Roost
|
|-damage|p2a: Lugia|82/100 tox|[from] psn
|upkeep
|turn|53
|inactive|Lance's Time has 120 seconds left.
|c|☆Lance's Time|the weak are always lucky
|c|☆Lance's Time|nice
|c| Farce Of The Death|Bad plays
|c|☆Lance's Time|bad plays, lol
|inactive|Lance's Time has 90 seconds left.
|j| tkkjillo23
|j| Chtoopid
|inactive|Lance's Time has 60 seconds left.
|c|☆Lance's Time|giratina could have won it, but he got lucky
|
|t:|1661503517
|move|p1a: Zacian|Play Rough|p2a: Lugia
|-damage|p2a: Lugia|41/100 tox
|move|p2a: Lugia|Roost|p2a: Lugia
|-heal|p2a: Lugia|91/100 tox
|-singleturn|p2a: Lugia|move: Roost
|
|-heal|p2a: Lugia|97/100 tox|[from] item: Leftovers
|-damage|p2a: Lugia|72/100 tox|[from] psn
|upkeep
|turn|54
|-message|Lance's Time forfeited.
|
|win|Yesclip
|raw|Yesclip's rating: 1659 &rarr; <strong>1689</strong><br />(+30 for winning)
|raw|Lance&apos;s Time's rating: 1857 &rarr; <strong>1827</strong><br />(-30 for losing)
|l| Farce Of The Death
