|j|☆amnael1
|j|☆MVP2536
|t:|1655735935
|gametype|singles
|player|p1|amnael1|dawn|1956
|player|p2|MVP2536|giovanni|1829
|teamsize|p1|6
|teamsize|p2|6
|gen|8
|tier|[Gen 8] National Dex AG
|rated|
|rule|HP Percentage Mod: HP is shown in percentages
|rule|Endless Battle Clause: Forcing endless battles is banned
|clearpoke
|poke|p1|Smeargle, M|
|poke|p1|Groudon|
|poke|p1|Espeon, F|
|poke|p1|Rayquaza|
|poke|p1|Xerneas-*|
|poke|p1|Zacian-*|
|poke|p2|Groudon|
|poke|p2|Aegislash, F|
|poke|p2|Scrafty, M|
|poke|p2|Whimsicott, F|
|poke|p2|Rotom-Wash|
|poke|p2|Ditto|
|teampreview
|
|t:|1655735940
|start
|switch|p1a: Groudon|Groudon|100/100
|switch|p2a: Ditto|Ditto|100/100
|-transform|p2a: Ditto|p1a: Groudon|[from] ability: Imposter
|-weather|SunnyDay|[from] ability: Drought|[of] p2a: Ditto
|detailschange|p1a: Groudon|Groudon-Primal
|-primal|p1a: Groudon
|-weather|DesolateLand|[from] ability: Desolate Land|[of] p1a: Groudon
|turn|1
|
|t:|1655735950
|-weather|none
|switch|p1a: Rayquaza|Rayquaza|100/100
|-ability|p1a: Rayquaza|Air Lock
|move|p2a: Ditto|Stealth Rock|p1a: Rayquaza
|-sidestart|p1: amnael1|move: Stealth Rock
|
|upkeep
|turn|2
|j| well im trying
|
|t:|1655735957
|switch|p2a: Rotom|Rotom-Wash|100/100
|switch|p1a: Groudon|Groudon-Primal|100/100
|-damage|p1a: Groudon|88/100|[from] Stealth Rock
|-weather|DesolateLand|[from] ability: Desolate Land|[of] p1a: Groudon
|
|-weather|DesolateLand|[upkeep]
|upkeep
|turn|3
|
|t:|1655735964
|move|p1a: Groudon|Stealth Rock|p2a: Rotom
|-sidestart|p2: MVP2536|move: Stealth Rock
|move|p2a: Rotom|Foul Play|p1a: Groudon
|-damage|p1a: Groudon|60/100
|
|-weather|DesolateLand|[upkeep]
|upkeep
|turn|4
|inactive|Battle timer is ON: inactive players will automatically lose when time's up. (requested by MVP2536)
|
|t:|1655735969
|move|p2a: Rotom|Foul Play|p1a: Groudon
|-damage|p1a: Groudon|32/100
|move|p1a: Groudon|Roar|p2a: Rotom
|drag|p2a: Groudon|Groudon|100/100
|-damage|p2a: Groudon|94/100|[from] Stealth Rock
|detailschange|p2a: Groudon|Groudon-Primal
|-primal|p2a: Groudon
|
|-weather|DesolateLand|[upkeep]
|upkeep
|turn|5
|
|t:|1655735977
|switch|p2a: Rotom|Rotom-Wash|100/100
|-damage|p2a: Rotom|88/100|[from] Stealth Rock
|move|p1a: Groudon|Earthquake|p2a: Rotom
|-immune|p2a: Rotom|[from] ability: Levitate
|
|-weather|DesolateLand|[upkeep]
|upkeep
|turn|6
|
|t:|1655735984
|move|p2a: Rotom|Foul Play|p1a: Groudon
|-damage|p1a: Groudon|6/100
|move|p1a: Groudon|Roar|p2a: Rotom
|drag|p2a: Whimsicott|Whimsicott, F|100/100
|-damage|p2a: Whimsicott|88/100|[from] Stealth Rock
|
|-weather|DesolateLand|[upkeep]
|upkeep
|turn|7
|
|t:|1655735991
|move|p2a: Whimsicott|Moonblast|p1a: Groudon
|-resisted|p1a: Groudon
|-damage|p1a: Groudon|0 fnt
|faint|p1a: Groudon
|-weather|none
|
|upkeep
|j| AaravS12
|
|t:|1655736000
|switch|p1a: Xerneas|Xerneas|100/100
|-damage|p1a: Xerneas|88/100|[from] Stealth Rock
|-ability|p1a: Xerneas|Fairy Aura
|turn|8
|
|t:|1655736005
|move|p2a: Whimsicott|Moonblast|p1a: Xerneas
|-damage|p1a: Xerneas|58/100
|move|p1a: Xerneas|Geomancy||[still]
|-prepare|p1a: Xerneas|Geomancy
|-enditem|p1a: Xerneas|Power Herb
|-anim|p1a: Xerneas|Geomancy|p1a: Xerneas
|-boost|p1a: Xerneas|spa|2
|-boost|p1a: Xerneas|spd|2
|-boost|p1a: Xerneas|spe|2
|
|upkeep
|turn|9
|
|t:|1655736014
|switch|p2a: Aegislash|Aegislash, F|100/100
|-damage|p2a: Aegislash|95/100|[from] Stealth Rock
|move|p1a: Xerneas|Moonblast|p2a: Aegislash
|-resisted|p2a: Aegislash
|-damage|p2a: Aegislash|45/100
|
|-heal|p2a: Aegislash|51/100|[from] item: Leftovers
|upkeep
|turn|10
|
|t:|1655736022
|-start|p1a: Xerneas|Dynamax|
|-heal|p1a: Xerneas|58/100|[silent]
|move|p2a: Aegislash|King's Shield|p2a: Aegislash
|-singleturn|p2a: Aegislash|Protect
|move|p1a: Xerneas|Max Flare|p2a: Aegislash
|-supereffective|p2a: Aegislash
|-zbroken|p2a: Aegislash
|-damage|p2a: Aegislash|22/100
|-weather|SunnyDay
|
|-weather|SunnyDay|[upkeep]
|-heal|p2a: Aegislash|28/100|[from] item: Leftovers
|upkeep
|turn|11
|
|t:|1655736035
|switch|p2a: Scrafty|Scrafty, M|100/100
|-damage|p2a: Scrafty|95/100|[from] Stealth Rock
|move|p1a: Xerneas|Max Starfall|p2a: Scrafty
|-supereffective|p2a: Scrafty
|-damage|p2a: Scrafty|0 fnt
|-fieldstart|move: Misty Terrain
|faint|p2a: Scrafty
|
|-weather|SunnyDay|[upkeep]
|upkeep
|
|t:|1655736045
|switch|p2a: Aegislash|Aegislash, F|28/100
|-damage|p2a: Aegislash|22/100|[from] Stealth Rock
|turn|12
|
|t:|1655736049
|-formechange|p2a: Aegislash|Aegislash-Blade||[from] ability: Stance Change
|move|p2a: Aegislash|Shadow Sneak|p1a: Xerneas
|-damage|p1a: Xerneas|49/100
|move|p1a: Xerneas|Max Flare|p2a: Aegislash
|-supereffective|p2a: Aegislash
|-damage|p2a: Aegislash|0 fnt
|faint|p2a: Aegislash
|
|-weather|SunnyDay|[upkeep]
|upkeep
|
|t:|1655736059
|switch|p2a: Ditto|Ditto|100/100
|-damage|p2a: Ditto|88/100|[from] Stealth Rock
|-transform|p2a: Ditto|p1a: Xerneas|[from] ability: Imposter
|-ability|p2a: Ditto|Fairy Aura
|-end|p1a: Xerneas|Dynamax
|-heal|p1a: Xerneas|49/100|[silent]
|turn|13
|
|t:|1655736069
|move|p2a: Ditto|Moonblast|p1a: Xerneas
|-damage|p1a: Xerneas|8/100
|move|p1a: Xerneas|Moonblast|p2a: Ditto
|-damage|p2a: Ditto|31/100
|
|-weather|SunnyDay|[upkeep]
|upkeep
|turn|14
|
|t:|1655736076
|move|p2a: Ditto|Moonblast|p1a: Xerneas
|-damage|p1a: Xerneas|0 fnt
|faint|p1a: Xerneas
|
|-weather|none
|upkeep
|
|t:|1655736079
|switch|p1a: Rayquaza|Rayquaza|100/100
|-damage|p1a: Rayquaza|76/100|[from] Stealth Rock
|-ability|p1a: Rayquaza|Air Lock
|turn|15
|
|t:|1655736085
|switch|p2a: Rotom|Rotom-Wash|88/100
|-damage|p2a: Rotom|76/100|[from] Stealth Rock
|detailschange|p1a: Rayquaza|Rayquaza-Mega
|-mega|p1a: Rayquaza|Rayquaza|
|-weather|DeltaStream|[from] ability: Delta Stream|[of] p1a: Rayquaza
|move|p1a: Rayquaza|Extreme Speed|p2a: Rotom
|-damage|p2a: Rotom|48/100
|-damage|p1a: Rayquaza|59/100|[from] item: Rocky Helmet|[of] p2a: Rotom
|
|-weather|DeltaStream|[upkeep]
|-fieldend|Misty Terrain
|upkeep
|turn|16
|
|t:|1655736096
|move|p1a: Rayquaza|Extreme Speed|p2a: Rotom
|-damage|p2a: Rotom|22/100
|-damage|p1a: Rayquaza|43/100|[from] item: Rocky Helmet|[of] p2a: Rotom
|move|p2a: Rotom|Foul Play|p1a: Rayquaza
|-crit|p1a: Rayquaza
|-damage|p1a: Rayquaza|0 fnt
|faint|p1a: Rayquaza
|-weather|none
|
|upkeep
|
|t:|1655736099
|switch|p1a: Espeon|Espeon, F|100/100
|-damage|p1a: Espeon|88/100|[from] Stealth Rock
|turn|17
|
|t:|1655736107
|switch|p2a: Groudon|Groudon-Primal|94/100
|-damage|p2a: Groudon|82/100|[from] Stealth Rock
|-weather|DesolateLand|[from] ability: Desolate Land|[of] p2a: Groudon
|move|p1a: Espeon|Psychic|p2a: Groudon
|-damage|p2a: Groudon|52/100
|
|-weather|DesolateLand|[upkeep]
|upkeep
|turn|18
|
|t:|1655736117
|move|p1a: Espeon|Psychic|p2a: Groudon
|-damage|p2a: Groudon|22/100
|move|p2a: Groudon|Heat Crash|p1a: Espeon
|-damage|p1a: Espeon|0 fnt
|faint|p1a: Espeon
|
|-weather|DesolateLand|[upkeep]
|upkeep
|
|t:|1655736121
|switch|p1a: Smeargle|Smeargle, M|100/100
|-damage|p1a: Smeargle|88/100|[from] Stealth Rock
|turn|19
|
|t:|1655736126
|-weather|none
|switch|p2a: Whimsicott|Whimsicott, F|88/100
|-damage|p2a: Whimsicott|76/100|[from] Stealth Rock
|move|p1a: Smeargle|Spiky Shield||[still]
|-fail|p1a: Smeargle
|
|-ability|p1a: Smeargle|Moody|boost
|-boost|p1a: Smeargle|spe|2
|-unboost|p1a: Smeargle|spa|1
|upkeep
|turn|20
|
|t:|1655736136
|move|p1a: Smeargle|Spiky Shield|p1a: Smeargle
|-singleturn|p1a: Smeargle|move: Protect
|move|p2a: Whimsicott|Hidden Power|p1a: Smeargle
|-activate|p1a: Smeargle|move: Protect
|
|-ability|p1a: Smeargle|Moody|boost
|-boost|p1a: Smeargle|def|2
|-unboost|p1a: Smeargle|spa|1
|upkeep
|turn|21
|
|t:|1655736145
|move|p1a: Smeargle|Baton Pass|p1a: Smeargle
|
|t:|1655736146
|switch|p1a: Zacian|Zacian-Crowned|100/100|[from]move: Baton Pass
|-damage|p1a: Zacian|94/100|[from] Stealth Rock
|-ability|p1a: Zacian|Intrepid Sword|boost
|-boost|p1a: Zacian|atk|1
|move|p2a: Whimsicott|Hidden Power|p1a: Zacian
|-supereffective|p1a: Zacian
|-crit|p1a: Zacian
|-damage|p1a: Zacian|48/100
|
|upkeep
|turn|22
|
|t:|1655736155
|move|p1a: Zacian|Behemoth Blade|p2a: Whimsicott
|-supereffective|p2a: Whimsicott
|-damage|p2a: Whimsicott|0 fnt
|faint|p2a: Whimsicott
|
|upkeep
|
|t:|1655736160
|switch|p2a: Ditto|Ditto|31/100
|-damage|p2a: Ditto|18/100|[from] Stealth Rock
|-transform|p2a: Ditto|p1a: Zacian|[from] ability: Imposter
|-ability|p2a: Ditto|Intrepid Sword|boost
|-boost|p2a: Ditto|atk|1
|turn|23
|
|t:|1655736168
|move|p2a: Ditto|Behemoth Blade|p1a: Zacian
|-damage|p1a: Zacian|0 fnt
|faint|p1a: Zacian
|
|upkeep
|
|t:|1655736171
|switch|p1a: Smeargle|Smeargle, M|88/100
|-damage|p1a: Smeargle|76/100|[from] Stealth Rock
|turn|24
|l| well im trying
|
|t:|1655736176
|move|p1a: Smeargle|Spiky Shield|p1a: Smeargle
|-singleturn|p1a: Smeargle|move: Protect
|move|p2a: Ditto|Behemoth Blade|p1a: Smeargle
|-activate|p1a: Smeargle|move: Protect
|-damage|p2a: Ditto|6/100|[from] Spiky Shield|[of] p1a: Smeargle
|
|-ability|p1a: Smeargle|Moody|boost
|-boost|p1a: Smeargle|spa|2
|-unboost|p1a: Smeargle|spd|1
|upkeep
|turn|25
|j| well im trying
|
|t:|1655736185
|move|p1a: Smeargle|Spiky Shield||[still]
|-fail|p1a: Smeargle
|move|p2a: Ditto|Behemoth Blade|p1a: Smeargle
|-damage|p1a: Smeargle|0 fnt
|faint|p1a: Smeargle
|
|win|MVP2536
|raw|amnael1's rating: 1956 &rarr; <strong>1929</strong><br />(-27 for losing)
|raw|MVP2536's rating: 1829 &rarr; <strong>1856</strong><br />(+27 for winning)
|c|☆MVP2536|gg
|l|☆amnael1
|l| well im trying
|l|☆MVP2536
||Ladder isn't responding, score probably updated but might not have (Request timeout).
