|j|☆Czefkuu
|j|☆Odins will
|t:|1636060014
|gametype|singles
|player|p1|Czefkuu|266|1709
|player|p2|Odins will|eusine|1767
|teamsize|p1|6
|teamsize|p2|6
|gen|8
|tier|[Gen 8] National Dex AG
|rated|
|rule|HP Percentage Mod: HP is shown in percentages
|rule|Endless Battle Clause: Forcing endless battles is banned
|clearpoke
|poke|p1|Groudon|
|poke|p1|Yveltal|
|poke|p1|Ho-Oh|
|poke|p1|Zacian-*|
|poke|p1|Rayquaza|
|poke|p1|Xerneas-*|
|poke|p2|Lunala|
|poke|p2|Tyranitar, M|
|poke|p2|Rayquaza|
|poke|p2|Necrozma-Dusk-Mane|
|poke|p2|Arceus-*|
|poke|p2|Zacian-*|
|teampreview
|inactive|Battle timer is ON: inactive players will automatically lose when time's up. (requested by Odins will)
|
|t:|1636060037
|start
|switch|p1a: Rayquaza|Rayquaza|100/100
|switch|p2a: Kaido awakened|Rayquaza|100/100
|-ability|p1a: Rayquaza|Air Lock
|-ability|p2a: Kaido awakened|Air Lock
|turn|1
|j| kaylacutieee
|
|t:|1636060075
|detailschange|p1a: Rayquaza|Rayquaza-Mega
|-mega|p1a: Rayquaza|Rayquaza|
|-weather|DeltaStream|[from] ability: Delta Stream|[of] p1a: Rayquaza
|detailschange|p2a: Kaido awakened|Rayquaza-Mega
|-mega|p2a: Kaido awakened|Rayquaza|
|move|p1a: Rayquaza|Draco Meteor|p2a: Kaido awakened
|-supereffective|p2a: Kaido awakened
|-damage|p2a: Kaido awakened|0 fnt
|-unboost|p1a: Rayquaza|spa|2
|faint|p2a: Kaido awakened
|
|-weather|DeltaStream|[upkeep]
|upkeep
|inactive|Odins will has 120 seconds left.
|
|t:|1636060098
|switch|p2a: Godzilla|Tyranitar, M, shiny|100/100
|-ability|p2a: Godzilla|Sand Stream|[from] deltastream|[fail]
|turn|2
|
|t:|1636060107
|-activate|p1a: Rayquaza|move: Pursuit
|move|p2a: Godzilla|Pursuit|p1a: Rayquaza|[from]Pursuit
|-damage|p1a: Rayquaza|67/100
|-weather|none
|switch|p1a: Zacian|Zacian-Crowned|100/100
|-ability|p1a: Zacian|Intrepid Sword|boost
|-boost|p1a: Zacian|atk|1
|
|upkeep
|turn|3
|
|t:|1636060120
|switch|p2a: Lion heart|Necrozma-Dusk-Mane, shiny|100/100
|move|p1a: Zacian|Behemoth Blade|p2a: Lion heart
|-resisted|p2a: Lion heart
|-damage|p2a: Lion heart|77/100
|-damage|p1a: Zacian|84/100|[from] item: Rocky Helmet|[of] p2a: Lion heart
|
|upkeep
|turn|4
|
|t:|1636060129
|switch|p1a: Yveltal|Yveltal|100/100
|-ability|p1a: Yveltal|Dark Aura
|move|p2a: Lion heart|Stealth Rock|p1a: Yveltal
|-sidestart|p1: Czefkuu|move: Stealth Rock
|
|upkeep
|turn|5
|
|t:|1636060146
|switch|p1a: Groudon|Groudon|100/100
|-damage|p1a: Groudon|94/100|[from] Stealth Rock
|detailschange|p1a: Groudon|Groudon-Primal
|-primal|p1a: Groudon
|-weather|DesolateLand|[from] ability: Desolate Land|[of] p1a: Groudon
|switch|p2a: Godzilla|Tyranitar, M, shiny|100/100
|-ability|p2a: Godzilla|Sand Stream|[from] desolateland|[fail]
|
|-weather|DesolateLand|[upkeep]
|upkeep
|turn|6
|
|t:|1636060158
|switch|p2a: Toph|Arceus-Ground, shiny|100/100
|move|p1a: Groudon|Earthquake|p2a: Toph
|-damage|p2a: Toph|67/100
|
|-weather|DesolateLand|[upkeep]
|upkeep
|turn|7
|
|t:|1636060165
|move|p2a: Toph|Recover|p2a: Toph
|-heal|p2a: Toph|100/100
|move|p1a: Groudon|Overheat|p2a: Toph
|-damage|p2a: Toph|24/100
|-unboost|p1a: Groudon|spa|2
|
|-weather|DesolateLand|[upkeep]
|upkeep
|turn|8
|
|t:|1636060178
|move|p2a: Toph|Recover|p2a: Toph
|-heal|p2a: Toph|74/100
|move|p1a: Groudon|Toxic|p2a: Toph
|-status|p2a: Toph|tox
|
|-weather|DesolateLand|[upkeep]
|-damage|p2a: Toph|67/100 tox|[from] psn
|upkeep
|turn|9
|
|t:|1636060201
|-weather|none
|switch|p1a: Ho-Oh|Ho-Oh|100/100
|move|p2a: Toph|Judgment|p1a: Ho-Oh
|-immune|p1a: Ho-Oh
|
|-damage|p2a: Toph|55/100 tox|[from] psn
|upkeep
|turn|10
|
|t:|1636060211
|move|p2a: Toph|Stone Edge|p1a: Ho-Oh
|-supereffective|p1a: Ho-Oh
|-damage|p1a: Ho-Oh|36/100
|move|p1a: Ho-Oh|Toxic|p2a: Toph
|-fail|p2a: Toph|tox
|
|-damage|p2a: Toph|36/100 tox|[from] psn
|upkeep
|turn|11
|
|t:|1636060225
|switch|p1a: Xerneas|Xerneas|100/100
|-damage|p1a: Xerneas|88/100|[from] Stealth Rock
|-ability|p1a: Xerneas|Fairy Aura
|move|p2a: Toph|Recover|p2a: Toph
|-heal|p2a: Toph|87/100 tox
|
|-damage|p2a: Toph|62/100 tox|[from] psn
|upkeep
|turn|12
|
|t:|1636060237
|switch|p2a: Lion heart|Necrozma-Dusk-Mane, shiny|77/100
|move|p1a: Xerneas|Moonblast|p2a: Lion heart
|-resisted|p2a: Lion heart
|-crit|p2a: Lion heart
|-damage|p2a: Lion heart|36/100
|
|upkeep
|turn|13
|
|t:|1636060247
|-start|p1a: Xerneas|Dynamax
|-heal|p1a: Xerneas|88/100|[silent]
|move|p1a: Xerneas|Max Flare|p2a: Lion heart
|-supereffective|p2a: Lion heart
|-damage|p2a: Lion heart|0 fnt
|-weather|SunnyDay
|faint|p2a: Lion heart
|
|-weather|SunnyDay|[upkeep]
|upkeep
|j| KingAlpha207
|
|t:|1636060259
|switch|p2a: Super vegito|Zacian-Crowned, shiny|100/100
|-ability|p2a: Super vegito|Intrepid Sword|boost
|-boost|p2a: Super vegito|atk|1
|turn|14
|
|t:|1636060263
|move|p2a: Super vegito|Behemoth Blade|p1a: Xerneas
|-supereffective|p1a: Xerneas
|-damage|p1a: Xerneas|0 fnt
|faint|p1a: Xerneas
|
|-weather|SunnyDay|[upkeep]
|upkeep
|
|t:|1636060274
|switch|p1a: Groudon|Groudon-Primal|94/100
|-damage|p1a: Groudon|82/100|[from] Stealth Rock
|-weather|DesolateLand|[from] ability: Desolate Land|[of] p1a: Groudon
|turn|15
|
|t:|1636060289
|switch|p2a: Godzilla|Tyranitar, M, shiny|100/100
|-ability|p2a: Godzilla|Sand Stream|[from] desolateland|[fail]
|move|p1a: Groudon|Overheat|p2a: Godzilla
|-resisted|p2a: Godzilla
|-damage|p2a: Godzilla|73/100
|-unboost|p1a: Groudon|spa|2
|
|-weather|DesolateLand|[upkeep]
|-heal|p2a: Godzilla|79/100|[from] item: Leftovers
|upkeep
|turn|16
|
|t:|1636060305
|switch|p2a: Toph|Arceus-Ground, shiny|62/100 tox
|move|p1a: Groudon|Earthquake|p2a: Toph
|-damage|p2a: Toph|30/100 tox
|
|-weather|DesolateLand|[upkeep]
|-damage|p2a: Toph|23/100 tox|[from] psn
|upkeep
|turn|17
|
|t:|1636060322
|-weather|none
|switch|p1a: Yveltal|Yveltal|100/100
|-damage|p1a: Yveltal|76/100|[from] Stealth Rock
|-ability|p1a: Yveltal|Dark Aura
|move|p2a: Toph|Recover|p2a: Toph
|-heal|p2a: Toph|73/100 tox
|
|-damage|p2a: Toph|61/100 tox|[from] psn
|upkeep
|turn|18
|
|t:|1636060335
|-start|p2a: Toph|Dynamax
|-heal|p2a: Toph|61/100 tox|[silent]
|move|p2a: Toph|Max Rockfall|p1a: Yveltal
|-supereffective|p1a: Yveltal
|-damage|p1a: Yveltal|3/100
|-weather|Sandstorm
|move|p1a: Yveltal|Oblivion Wing|p2a: Toph
|-damage|p2a: Toph|36/100 tox
|-heal|p1a: Yveltal|41/100|[from] drain|[of] p2a: Toph
|-damage|p1a: Yveltal|31/100|[from] item: Life Orb
|
|-weather|Sandstorm|[upkeep]
|-damage|p1a: Yveltal|25/100|[from] Sandstorm
|-damage|p2a: Toph|27/100 tox|[from] psn
|upkeep
|turn|19
|
|t:|1636060355
|switch|p1a: Zacian|Zacian-Crowned|84/100
|-damage|p1a: Zacian|78/100|[from] Stealth Rock
|-ability|p1a: Zacian|Intrepid Sword|boost
|-boost|p1a: Zacian|atk|1
|move|p2a: Toph|Max Rockfall|p1a: Zacian
|-resisted|p1a: Zacian
|-damage|p1a: Zacian|61/100
|
|-weather|Sandstorm|[upkeep]
|-damage|p2a: Toph|15/100 tox|[from] psn
|upkeep
|turn|20
|l| KingAlpha207
|
|t:|1636060369
|move|p1a: Zacian|Behemoth Blade|p2a: Toph
|-damage|p2a: Toph|0 fnt
|faint|p2a: Toph
|
|-weather|Sandstorm|[upkeep]
|upkeep
|
|t:|1636060377
|switch|p2a: Super vegito|Zacian-Crowned, shiny|100/100
|-ability|p2a: Super vegito|Intrepid Sword|boost
|-boost|p2a: Super vegito|atk|1
|turn|21
|
|t:|1636060387
|switch|p1a: Groudon|Groudon-Primal|82/100
|-damage|p1a: Groudon|70/100|[from] Stealth Rock
|-weather|DesolateLand|[from] ability: Desolate Land|[of] p1a: Groudon
|move|p2a: Super vegito|Close Combat|p1a: Groudon
|-crit|p1a: Groudon
|-damage|p1a: Groudon|14/100
|-unboost|p2a: Super vegito|def|1
|-unboost|p2a: Super vegito|spd|1
|
|-weather|DesolateLand|[upkeep]
|upkeep
|turn|22
|
|t:|1636060401
|-weather|none
|switch|p1a: Ho-Oh|Ho-Oh|69/100
|move|p2a: Super vegito|Behemoth Blade|p1a: Ho-Oh
|-resisted|p1a: Ho-Oh
|-damage|p1a: Ho-Oh|37/100
|
|upkeep
|turn|23
|
|t:|1636060411
|switch|p1a: Groudon|Groudon-Primal|14/100
|-damage|p1a: Groudon|1/100|[from] Stealth Rock
|-weather|DesolateLand|[from] ability: Desolate Land|[of] p1a: Groudon
|move|p2a: Super vegito|Wild Charge|p1a: Groudon
|-immune|p1a: Groudon
|
|-weather|DesolateLand|[upkeep]
|upkeep
|turn|24
|
|t:|1636060424
|move|p2a: Super vegito|Behemoth Blade|p1a: Groudon
|-resisted|p1a: Groudon
|-damage|p1a: Groudon|0 fnt
|faint|p1a: Groudon
|-weather|none
|
|upkeep
|
|t:|1636060443
|switch|p1a: Zacian|Zacian-Crowned|61/100
|-damage|p1a: Zacian|55/100|[from] Stealth Rock
|-ability|p1a: Zacian|Intrepid Sword|boost
|-boost|p1a: Zacian|atk|1
|turn|25
|
|t:|1636060451
|switch|p2a: Fairygod mother|Lunala, shiny|100/100
|move|p1a: Zacian|Behemoth Blade|p2a: Fairygod mother
|-damage|p2a: Fairygod mother|74/100
|
|upkeep
|turn|26
|
|t:|1636060459
|move|p1a: Zacian|Behemoth Blade|p2a: Fairygod mother
|-damage|p2a: Fairygod mother|18/100
|move|p2a: Fairygod mother|Will-O-Wisp|p1a: Zacian
|-status|p1a: Zacian|brn
|
|-damage|p1a: Zacian|49/100 brn|[from] brn
|upkeep
|turn|27
|
|t:|1636060469
|move|p1a: Zacian|Behemoth Blade|p2a: Fairygod mother
|-damage|p2a: Fairygod mother|0 fnt
|faint|p2a: Fairygod mother
|
|-damage|p1a: Zacian|43/100 brn|[from] brn
|upkeep
|
|t:|1636060477
|switch|p2a: Super vegito|Zacian-Crowned, shiny|100/100
|-ability|p2a: Super vegito|Intrepid Sword|boost
|-boost|p2a: Super vegito|atk|1
|turn|28
|
|t:|1636060485
|move|p1a: Zacian|Behemoth Blade|p2a: Super vegito
|-damage|p2a: Super vegito|53/100
|move|p2a: Super vegito|Behemoth Blade|p1a: Zacian
|-damage|p1a: Zacian|0 fnt
|faint|p1a: Zacian
|
|upkeep
|
|t:|1636060504
|switch|p1a: Ho-Oh|Ho-Oh|70/100
|turn|29
|
|t:|1636060512
|switch|p1a: Yveltal|Yveltal|25/100
|-damage|p1a: Yveltal|0 fnt|[from] Stealth Rock
|faint|p1a: Yveltal
|move|p2a: Super vegito|Wild Charge|p1: Yveltal|[notarget]
|-fail|p2a: Super vegito
|
|upkeep
|
|t:|1636060529
|switch|p1a: Rayquaza|Rayquaza-Mega|67/100
|-damage|p1a: Rayquaza|42/100|[from] Stealth Rock
|-weather|DeltaStream|[from] ability: Delta Stream|[of] p1a: Rayquaza
|turn|30
|inactive|Czefkuu has 120 seconds left.
|inactive|Czefkuu has 90 seconds left.
|
|t:|1636060584
|switch|p2a: Godzilla|Tyranitar, M, shiny|79/100
|-ability|p2a: Godzilla|Sand Stream|[from] deltastream|[fail]
|move|p1a: Rayquaza|V-create|p2a: Godzilla|[miss]
|-miss|p1a: Rayquaza|p2a: Godzilla
|
|-weather|DeltaStream|[upkeep]
|-heal|p2a: Godzilla|86/100|[from] item: Leftovers
|upkeep
|turn|31
|inactive|Czefkuu has 90 seconds left.
|
|t:|1636060603
|-activate|p1a: Rayquaza|move: Pursuit
|move|p2a: Godzilla|Pursuit|p1a: Rayquaza|[from]Pursuit
|-damage|p1a: Rayquaza|7/100
|-weather|none
|switch|p1a: Ho-Oh|Ho-Oh|100/100
|
|-heal|p2a: Godzilla|92/100|[from] item: Leftovers
|upkeep
|turn|32
|inactive|Czefkuu has 90 seconds left.
|
|t:|1636060615
|move|p1a: Ho-Oh|Toxic|p2a: Godzilla
|-status|p2a: Godzilla|tox
|move|p2a: Godzilla|Rock Blast|p1a: Ho-Oh|[miss]
|-miss|p2a: Godzilla|p1a: Ho-Oh
|
|-heal|p2a: Godzilla|98/100 tox|[from] item: Leftovers
|-damage|p2a: Godzilla|92/100 tox|[from] psn
|upkeep
|turn|33
|inactive|Czefkuu has 90 seconds left.
|
|t:|1636060624
|move|p1a: Ho-Oh|Sacred Fire|p2a: Godzilla
|-resisted|p2a: Godzilla
|-damage|p2a: Godzilla|75/100 tox
|move|p2a: Godzilla|Rock Blast|p1a: Ho-Oh
|-supereffective|p1a: Ho-Oh
|-damage|p1a: Ho-Oh|74/100
|-supereffective|p1a: Ho-Oh
|-damage|p1a: Ho-Oh|44/100
|-supereffective|p1a: Ho-Oh
|-damage|p1a: Ho-Oh|17/100
|-hitcount|p1a: Ho-Oh|3
|
|-heal|p2a: Godzilla|81/100 tox|[from] item: Leftovers
|-damage|p2a: Godzilla|68/100 tox|[from] psn
|upkeep
|turn|34
|inactive|Czefkuu has 90 seconds left.
|
|t:|1636060641
|switch|p1a: Rayquaza|Rayquaza-Mega|7/100
|-damage|p1a: Rayquaza|0 fnt|[from] Stealth Rock
|faint|p1a: Rayquaza
|move|p2a: Godzilla|Rock Blast|p1: Rayquaza|[notarget]
|-fail|p2a: Godzilla
|
|-heal|p2a: Godzilla|75/100 tox|[from] item: Leftovers
|-damage|p2a: Godzilla|56/100 tox|[from] psn
|upkeep
|inactive|Czefkuu has 90 seconds left.
|
|t:|1636060649
|switch|p1a: Ho-Oh|Ho-Oh|50/100
|turn|35
|
|t:|1636060655
|move|p1a: Ho-Oh|Recover|p1a: Ho-Oh
|-heal|p1a: Ho-Oh|99/100
|move|p2a: Godzilla|Rock Blast|p1a: Ho-Oh
|-supereffective|p1a: Ho-Oh
|-damage|p1a: Ho-Oh|68/100
|-supereffective|p1a: Ho-Oh
|-damage|p1a: Ho-Oh|42/100
|-supereffective|p1a: Ho-Oh
|-damage|p1a: Ho-Oh|16/100
|-hitcount|p1a: Ho-Oh|3
|
|-heal|p2a: Godzilla|62/100 tox|[from] item: Leftovers
|-damage|p2a: Godzilla|37/100 tox|[from] psn
|upkeep
|turn|36
|
|t:|1636060669
|switch|p2a: Super vegito|Zacian-Crowned, shiny|53/100
|-ability|p2a: Super vegito|Intrepid Sword|boost
|-boost|p2a: Super vegito|atk|1
|move|p1a: Ho-Oh|Recover|p1a: Ho-Oh
|-heal|p1a: Ho-Oh|66/100
|
|upkeep
|turn|37
|
|t:|1636060679
|move|p2a: Super vegito|Wild Charge|p1a: Ho-Oh
|-supereffective|p1a: Ho-Oh
|-damage|p1a: Ho-Oh|0 fnt
|faint|p1a: Ho-Oh
|-damage|p2a: Super vegito|32/100|[from] Recoil
|
|win|Odins will
|raw|Czefkuu's rating: 1709 &rarr; <strong>1692</strong><br />(-17 for losing)
|raw|Odins will's rating: 1767 &rarr; <strong>1784</strong><br />(+17 for winning)
|c|☆Odins will|Wp
|c|☆Odins will|Ggs
|c|☆Czefkuu|lucky
|c|☆Czefkuu|as fuck
|l|☆Czefkuu
|c|☆Odins will|Not really
