|j|☆Goku Uchiha 2001
|j|☆Emorawr79
|t:|1664901501
|gametype|singles
|player|p1|Goku Uchiha 2001|blue-gen3two|1789
|player|p2|Emorawr79|ghetsis|1707
|teamsize|p1|6
|teamsize|p2|6
|gen|8
|tier|[Gen 8] National Dex AG
|rated|
|rule|HP Percentage Mod: HP is shown in percentages
|rule|Endless Battle Clause: Forcing endless battles is banned
|clearpoke
|poke|p1|Ditto|
|poke|p1|Mawile, F|
|poke|p1|Yveltal|
|poke|p1|Arceus-*|
|poke|p1|Calyrex-Shadow|
|poke|p1|Arceus-*|
|poke|p2|Calyrex-Shadow|
|poke|p2|Zygarde|
|poke|p2|Yveltal|
|poke|p2|Ho-Oh|
|poke|p2|Smeargle, M|
|poke|p2|Rayquaza|
|teampreview
|inactive|Battle timer is ON: inactive players will automatically lose when time's up. (requested by Goku Uchiha 2001)
|inactive|Goku Uchiha 2001 has 120 seconds left.
|
|t:|1664901533
|start
|switch|p1a: Arceus|Arceus|100/100
|switch|p2a: Rayquaza|Rayquaza|100/100
|-ability|p2a: Rayquaza|Air Lock
|turn|1
|
|t:|1664901553
|detailschange|p2a: Rayquaza|Rayquaza-Mega
|-mega|p2a: Rayquaza|Rayquaza|
|-weather|DeltaStream|[from] ability: Delta Stream|[of] p2a: Rayquaza
|move|p2a: Rayquaza|Thunder Wave|p1a: Arceus
|-status|p1a: Arceus|par
|-enditem|p1a: Arceus|Lum Berry|[eat]
|-curestatus|p1a: Arceus|par|[msg]
|move|p1a: Arceus|Shadow Claw|p2a: Rayquaza
|-damage|p2a: Rayquaza|74/100
|
|-weather|DeltaStream|[upkeep]
|upkeep
|turn|2
|
|t:|1664901562
|switch|p1a: Arceus|Arceus-Fairy|100/100
|move|p2a: Rayquaza|Thunder Wave|p1a: Arceus
|-status|p1a: Arceus|par
|
|-weather|DeltaStream|[upkeep]
|upkeep
|turn|3
|
|t:|1664901565
|move|p2a: Rayquaza|Dragon Ascent|p1a: Arceus
|-damage|p1a: Arceus|45/100 par
|-unboost|p2a: Rayquaza|def|1
|-unboost|p2a: Rayquaza|spd|1
|cant|p1a: Arceus|par
|
|-weather|DeltaStream|[upkeep]
|upkeep
|turn|4
|
|t:|1664901568
|move|p2a: Rayquaza|Dragon Ascent|p1a: Arceus
|-damage|p1a: Arceus|0 fnt
|-unboost|p2a: Rayquaza|def|1
|-unboost|p2a: Rayquaza|spd|1
|faint|p1a: Arceus
|
|-weather|DeltaStream|[upkeep]
|upkeep
|
|t:|1664901573
|switch|p1a: Calyrex|Calyrex-Shadow|100/100
|-ability|p1a: Calyrex|As One
|-ability|p1a: Calyrex|Unnerve
|turn|5
|
|t:|1664901575
|-weather|none
|switch|p2a: Smeargle|Smeargle, M|100/100
|move|p1a: Calyrex|Draining Kiss|p2a: Smeargle
|-damage|p2a: Smeargle|40/100
|
|-ability|p2a: Smeargle|Moody|boost
|-boost|p2a: Smeargle|spe|2
|-unboost|p2a: Smeargle|spd|1
|upkeep
|turn|6
|
|t:|1664901577
|move|p1a: Calyrex|Draining Kiss|p2a: Smeargle
|-damage|p2a: Smeargle|0 fnt
|faint|p2a: Smeargle
|-ability|p1a: Calyrex|Grim Neigh|boost
|-boost|p1a: Calyrex|spa|1
|
|upkeep
|
|t:|1664901583
|switch|p2a: Calyrex|Calyrex-Shadow|100/100
|-ability|p2a: Calyrex|As One
|-ability|p2a: Calyrex|Unnerve
|turn|7
|
|t:|1664901587
|switch|p1a: Arceus|Arceus|100/100
|switch|p2a: Rayquaza|Rayquaza-Mega|74/100
|-weather|DeltaStream|[from] ability: Delta Stream|[of] p2a: Rayquaza
|
|-weather|DeltaStream|[upkeep]
|upkeep
|turn|8
|
|t:|1664901591
|move|p1a: Arceus|Extreme Speed|p2a: Rayquaza
|-damage|p2a: Rayquaza|30/100
|move|p2a: Rayquaza|Thunder Wave|p1a: Arceus
|-status|p1a: Arceus|par
|
|-weather|DeltaStream|[upkeep]
|upkeep
|turn|9
|
|t:|1664901595
|move|p1a: Arceus|Extreme Speed|p2a: Rayquaza
|-damage|p2a: Rayquaza|0 fnt
|faint|p2a: Rayquaza
|-weather|none
|
|upkeep
|
|t:|1664901598
|switch|p2a: Zygarde|Zygarde|100/100
|turn|10
|
|t:|1664901604
|switch|p1a: Mawile|Mawile, F|100/100
|-ability|p1a: Mawile|Intimidate|boost
|-unboost|p2a: Zygarde|atk|1
|move|p2a: Zygarde|Substitute|p2a: Zygarde
|-start|p2a: Zygarde|Substitute
|-damage|p2a: Zygarde|75/100
|
|-heal|p2a: Zygarde|82/100|[from] item: Leftovers
|upkeep
|turn|11
|
|t:|1664901609
|detailschange|p1a: Mawile|Mawile-Mega, F
|-mega|p1a: Mawile|Mawile|Mawilite
|move|p2a: Zygarde|Glare|p1a: Mawile
|-status|p1a: Mawile|par
|move|p1a: Mawile|Iron Head|p2a: Zygarde
|-end|p2a: Zygarde|Substitute
|
|-heal|p2a: Zygarde|88/100|[from] item: Leftovers
|upkeep
|turn|12
|
|t:|1664901615
|move|p2a: Zygarde|Substitute|p2a: Zygarde
|-start|p2a: Zygarde|Substitute
|-damage|p2a: Zygarde|63/100
|move|p1a: Mawile|Iron Head|p2a: Zygarde
|-crit|p2a: Zygarde
|-end|p2a: Zygarde|Substitute
|
|-heal|p2a: Zygarde|69/100|[from] item: Leftovers
|upkeep
|turn|13
|
|t:|1664901618
|move|p2a: Zygarde|Substitute|p2a: Zygarde
|-start|p2a: Zygarde|Substitute
|-damage|p2a: Zygarde|44/100
|move|p1a: Mawile|Iron Head|p2a: Zygarde
|-end|p2a: Zygarde|Substitute
|
|-heal|p2a: Zygarde|50/100|[from] item: Leftovers
|-activate|p2a: Zygarde|ability: Power Construct
|detailschange|p2a: Zygarde|Zygarde-Complete
|-heal|p2a: Zygarde|67/100|[silent]
|upkeep
|turn|14
|
|t:|1664901620
|move|p2a: Zygarde|Substitute|p2a: Zygarde
|-start|p2a: Zygarde|Substitute
|-damage|p2a: Zygarde|42/100
|cant|p1a: Mawile|par
|
|-heal|p2a: Zygarde|48/100|[from] item: Leftovers
|upkeep
|turn|15
|
|t:|1664901622
|move|p2a: Zygarde|Coil|p2a: Zygarde
|-boost|p2a: Zygarde|atk|1
|-boost|p2a: Zygarde|def|1
|-boost|p2a: Zygarde|accuracy|1
|move|p1a: Mawile|Iron Head|p2a: Zygarde
|-activate|p2a: Zygarde|move: Substitute|[damage]
|
|-heal|p2a: Zygarde|55/100|[from] item: Leftovers
|upkeep
|turn|16
|
|t:|1664901625
|move|p2a: Zygarde|Coil|p2a: Zygarde
|-boost|p2a: Zygarde|atk|1
|-boost|p2a: Zygarde|def|1
|-boost|p2a: Zygarde|accuracy|1
|move|p1a: Mawile|Iron Head|p2a: Zygarde
|-end|p2a: Zygarde|Substitute
|
|-heal|p2a: Zygarde|61/100|[from] item: Leftovers
|upkeep
|turn|17
|j| ddddddabai
|
|t:|1664901634
|switch|p1a: Calyrex|Calyrex-Shadow|100/100
|-ability|p1a: Calyrex|As One
|-ability|p1a: Calyrex|Unnerve
|move|p2a: Zygarde|Substitute|p2a: Zygarde
|-start|p2a: Zygarde|Substitute
|-damage|p2a: Zygarde|36/100
|
|-heal|p2a: Zygarde|42/100|[from] item: Leftovers
|upkeep
|turn|18
|
|t:|1664901636
|-start|p1a: Calyrex|Dynamax|
|-heal|p1a: Calyrex|100/100|[silent]
|move|p1a: Calyrex|Max Starfall|p2a: Zygarde
|-supereffective|p2a: Zygarde
|-end|p2a: Zygarde|Substitute
|-fieldstart|move: Misty Terrain
|move|p2a: Zygarde|Glare|p1a: Calyrex
|-activate|p1a: Calyrex|move: Misty Terrain
|
|-heal|p2a: Zygarde|48/100|[from] item: Leftovers
|upkeep
|turn|19
|
|t:|1664901639
|move|p1a: Calyrex|Max Phantasm|p2a: Zygarde
|-damage|p2a: Zygarde|0 fnt
|faint|p2a: Zygarde
|-ability|p1a: Calyrex|Grim Neigh|boost
|-boost|p1a: Calyrex|spa|1
|
|upkeep
|
|t:|1664901641
|switch|p2a: Yveltal|Yveltal|100/100
|-ability|p2a: Yveltal|Dark Aura
|turn|20
|
|t:|1664901644
|-start|p2a: Yveltal|Dynamax|
|-heal|p2a: Yveltal|100/100|[silent]
|move|p1a: Calyrex|Max Starfall|p2a: Yveltal
|-supereffective|p2a: Yveltal
|-damage|p2a: Yveltal|43/100
|move|p2a: Yveltal|Max Airstream|p1a: Calyrex
|-damage|p1a: Calyrex|60/100
|-boost|p2a: Yveltal|spe|1
|-damage|p2a: Yveltal|38/100|[from] item: Life Orb
|
|upkeep
|-end|p1a: Calyrex|Dynamax
|-heal|p1a: Calyrex|60/100|[silent]
|turn|21
|
|t:|1664901652
|move|p1a: Calyrex|Draining Kiss|p2a: Yveltal
|-supereffective|p2a: Yveltal
|-damage|p2a: Yveltal|13/100
|-heal|p1a: Calyrex|100/100|[from] drain|[of] p2a: Yveltal
|move|p2a: Yveltal|Max Darkness|p1a: Calyrex
|-supereffective|p1a: Calyrex
|-damage|p1a: Calyrex|0 fnt
|faint|p1a: Calyrex
|-damage|p2a: Yveltal|8/100|[from] item: Life Orb
|
|upkeep
|
|t:|1664901656
|switch|p1a: Yveltal|Yveltal, shiny|100/100
|-ability|p1a: Yveltal|Dark Aura
|turn|22
|
|t:|1664901659
|move|p1a: Yveltal|Sucker Punch|p2a: Yveltal
|-resisted|p2a: Yveltal
|-damage|p2a: Yveltal|0 fnt
|faint|p2a: Yveltal
|
|-fieldend|Misty Terrain
|upkeep
|
|t:|1664901660
|switch|p2a: Ho-Oh|Ho-Oh|100/100
|turn|23
|j| AyusoEsMiCrush
|
|t:|1664901663
|move|p1a: Yveltal|Knock Off|p2a: Ho-Oh
|-damage|p2a: Ho-Oh|46/100
|-enditem|p2a: Ho-Oh|Heavy-Duty Boots|[from] move: Knock Off|[of] p1a: Yveltal
|move|p2a: Ho-Oh|Thunder Wave|p1a: Yveltal
|-status|p1a: Yveltal|par
|
|upkeep
|turn|24
|
|t:|1664901668
|move|p2a: Ho-Oh|Sacred Fire|p1a: Yveltal|[miss]
|-miss|p2a: Ho-Oh|p1a: Yveltal
|cant|p1a: Yveltal|par
|
|upkeep
|turn|25
|
|t:|1664901670
|cant|p1a: Yveltal|par
|move|p2a: Ho-Oh|Sacred Fire|p1a: Yveltal
|-crit|p1a: Yveltal
|-damage|p1a: Yveltal|46/100 par
|
|upkeep
|turn|26
|
|t:|1664901675
|move|p1a: Yveltal|Sucker Punch|p2a: Ho-Oh
|-damage|p2a: Ho-Oh|5/100
|move|p2a: Ho-Oh|Sacred Fire|p1a: Yveltal
|-damage|p1a: Yveltal|8/100 par
|
|upkeep
|turn|27
|
|t:|1664901678
|move|p2a: Ho-Oh|Sacred Fire|p1a: Yveltal
|-damage|p1a: Yveltal|0 fnt
|faint|p1a: Yveltal
|
|upkeep
|
|t:|1664901682
|switch|p1a: Ditto|Ditto, shiny|100/100
|-transform|p1a: Ditto|p2a: Ho-Oh|[from] ability: Imposter
|turn|28
|
|t:|1664901684
|move|p1a: Ditto|Sacred Fire|p2a: Ho-Oh
|-resisted|p2a: Ho-Oh
|-damage|p2a: Ho-Oh|0 fnt
|faint|p2a: Ho-Oh
|
|upkeep
|
|t:|1664901685
|switch|p2a: Calyrex|Calyrex-Shadow|100/100
|-ability|p2a: Calyrex|As One
|-ability|p2a: Calyrex|Unnerve
|turn|29
|
|t:|1664901688
|switch|p1a: Arceus|Arceus|100/100 par
|move|p2a: Calyrex|Nasty Plot|p2a: Calyrex
|-boost|p2a: Calyrex|spa|2
|
|upkeep
|turn|30
|
|t:|1664901691
|move|p2a: Calyrex|Psyshock|p1a: Arceus
|-damage|p1a: Arceus|33/100 par
|move|p1a: Arceus|Shadow Claw|p2a: Calyrex
|-supereffective|p2a: Calyrex
|-enditem|p2a: Calyrex|Focus Sash
|-damage|p2a: Calyrex|1/100
|
|upkeep
|turn|31
|
|t:|1664901694
|move|p2a: Calyrex|Psyshock|p1a: Arceus
|-damage|p1a: Arceus|0 fnt
|faint|p1a: Arceus
|-ability|p2a: Calyrex|Grim Neigh|boost
|-boost|p2a: Calyrex|spa|1
|
|upkeep
|
|t:|1664901696
|switch|p1a: Ditto|Ditto, shiny|100/100
|-transform|p1a: Ditto|p2a: Calyrex|[from] ability: Imposter
|turn|32
|
|t:|1664901698
|move|p1a: Ditto|Psyshock|p2a: Calyrex
|-resisted|p2a: Calyrex
|-damage|p2a: Calyrex|0 fnt
|faint|p2a: Calyrex
|
|win|Goku Uchiha 2001
|raw|Goku Uchiha 2001's rating: 1789 &rarr; <strong>1804</strong><br />(+15 for winning)
|raw|Emorawr79's rating: 1707 &rarr; <strong>1692</strong><br />(-15 for losing)
|l|☆Emorawr79
|l| ddddddabai
