|j|☆Lord Rekkuza
|j|☆amnael1
|t:|1664999407
|gametype|singles
|player|p1|Lord Rekkuza|lance-lgpe|1761
|player|p2|amnael1|169|1899
|teamsize|p1|6
|teamsize|p2|6
|gen|8
|tier|[Gen 8] National Dex AG
|rated|
|rule|HP Percentage Mod: HP is shown in percentages
|rule|Endless Battle Clause: Forcing endless battles is banned
|clearpoke
|poke|p1|Rayquaza|
|poke|p1|Necrozma-Dusk-Mane|
|poke|p1|Arceus-*|
|poke|p1|Arceus-*|
|poke|p1|Yveltal|
|poke|p1|Arceus-*|
|poke|p2|Smeargle, M|
|poke|p2|Groudon|
|poke|p2|Espeon, F|
|poke|p2|Rayquaza|
|poke|p2|Xerneas-*|
|poke|p2|Zacian-*|
|teampreview
|inactive|Battle timer is ON: inactive players will automatically lose when time's up. (requested by Lord Rekkuza)
|
|t:|1664999428
|start
|switch|p1a: Rayquaza|Rayquaza|100/100
|switch|p2a: Rayquaza|Rayquaza|100/100
|-ability|p1a: Rayquaza|Air Lock
|-ability|p2a: Rayquaza|Air Lock
|turn|1
|
|t:|1664999434
|switch|p2a: Zacian|Zacian-Crowned|100/100
|-ability|p2a: Zacian|Intrepid Sword|boost
|-boost|p2a: Zacian|atk|1
|detailschange|p1a: Rayquaza|Rayquaza-Mega
|-mega|p1a: Rayquaza|Rayquaza|
|-weather|DeltaStream|[from] ability: Delta Stream|[of] p1a: Rayquaza
|move|p1a: Rayquaza|Scale Shot|p2a: Zacian
|-immune|p2a: Zacian
|
|-weather|DeltaStream|[upkeep]
|upkeep
|turn|2
|
|t:|1664999438
|-weather|none
|switch|p1a: Necrozma|Necrozma-Dusk-Mane|100/100
|move|p2a: Zacian|Play Rough|p1a: Necrozma
|-resisted|p1a: Necrozma
|-damage|p1a: Necrozma|78/100
|-damage|p2a: Zacian|84/100|[from] item: Rocky Helmet|[of] p1a: Necrozma
|
|upkeep
|turn|3
|
|t:|1664999443
|switch|p2a: Espeon|Espeon, F|100/100
|move|p1a: Necrozma|Morning Sun|p1a: Necrozma
|-heal|p1a: Necrozma|100/100
|
|upkeep
|turn|4
|
|t:|1664999450
|switch|p1a: Arceus|Arceus-Ground|100/100
|move|p2a: Espeon|Yawn|p1a: Arceus
|-start|p1a: Arceus|move: Yawn|[of] p2a: Espeon
|
|upkeep
|turn|5
|
|t:|1664999459
|switch|p1a: Arceus|Arceus-Dark|100/100
|move|p2a: Espeon|Baton Pass|p2a: Espeon
|
|t:|1664999462
|switch|p2a: Smeargle|Smeargle, M|100/100|[from]move: Baton Pass
|
|-ability|p2a: Smeargle|Moody|boost
|-boost|p2a: Smeargle|spe|2
|-unboost|p2a: Smeargle|spa|1
|upkeep
|turn|6
|
|t:|1664999471
|move|p2a: Smeargle|Spore|p1a: Arceus
|-status|p1a: Arceus|slp|[from] move: Spore
|cant|p1a: Arceus|slp
|
|-ability|p2a: Smeargle|Moody|boost
|-boost|p2a: Smeargle|spa|2
|-unboost|p2a: Smeargle|atk|1
|upkeep
|turn|7
|
|t:|1664999475
|move|p2a: Smeargle|Baton Pass|p2a: Smeargle
|
|t:|1664999477
|switch|p2a: Xerneas|Xerneas|100/100|[from]move: Baton Pass
|-ability|p2a: Xerneas|Fairy Aura
|cant|p1a: Arceus|slp
|
|upkeep
|turn|8
|
|t:|1664999484
|move|p2a: Xerneas|Geomancy||[still]
|-prepare|p2a: Xerneas|Geomancy
|-enditem|p2a: Xerneas|Power Herb
|-anim|p2a: Xerneas|Geomancy|p2a: Xerneas
|-boost|p2a: Xerneas|spa|2
|-boost|p2a: Xerneas|spd|2
|-boost|p2a: Xerneas|spe|2
|-curestatus|p1a: Arceus|slp|[msg]
|move|p1a: Arceus|Perish Song|p1a: Arceus
|-start|p1a: Arceus|perish3|[silent]
|-start|p2a: Xerneas|perish3|[silent]
|-fieldactivate|move: Perish Song
|
|-start|p2a: Xerneas|perish3
|-start|p1a: Arceus|perish3
|upkeep
|turn|9
|
|t:|1664999495
|move|p2a: Xerneas|Moonblast|p1a: Arceus
|-supereffective|p1a: Arceus
|-damage|p1a: Arceus|0 fnt
|faint|p1a: Arceus
|
|-start|p2a: Xerneas|perish2
|upkeep
|
|t:|1664999507
|switch|p1a: Necrozma|Necrozma-Dusk-Mane|100/100
|turn|10
|
|t:|1664999510
|switch|p1a: Arceus|Arceus-Ground|100/100
|-start|p2a: Xerneas|Dynamax|
|-heal|p2a: Xerneas|100/100|[silent]
|move|p2a: Xerneas|Max Flare|p1a: Arceus
|-damage|p1a: Arceus|31/100
|-weather|SunnyDay
|
|-weather|SunnyDay|[upkeep]
|-start|p2a: Xerneas|perish1
|upkeep
|turn|11
|
|t:|1664999515
|move|p2a: Xerneas|Max Starfall|p1a: Arceus
|-damage|p1a: Arceus|0 fnt
|-fieldstart|move: Misty Terrain
|faint|p1a: Arceus
|
|-weather|SunnyDay|[upkeep]
|-start|p2a: Xerneas|perish0
|faint|p2a: Xerneas
|upkeep
|
|t:|1664999523
|switch|p1a: Rayquaza|Rayquaza-Mega|100/100
|switch|p2a: Rayquaza|Rayquaza|100/100
|-weather|DeltaStream|[from] ability: Delta Stream|[of] p1a: Rayquaza
|-ability|p2a: Rayquaza|Air Lock
|turn|12
|
|t:|1664999528
|switch|p2a: Zacian|Zacian-Crowned|84/100
|-ability|p2a: Zacian|Intrepid Sword|boost
|-boost|p2a: Zacian|atk|1
|move|p1a: Rayquaza|Scale Shot|p2a: Zacian
|-immune|p2a: Zacian
|
|-weather|DeltaStream|[upkeep]
|upkeep
|turn|13
|
|t:|1664999532
|-weather|none
|switch|p1a: Necrozma|Necrozma-Dusk-Mane|100/100
|move|p2a: Zacian|Play Rough|p1a: Necrozma
|-resisted|p1a: Necrozma
|-damage|p1a: Necrozma|78/100
|-damage|p2a: Zacian|67/100|[from] item: Rocky Helmet|[of] p1a: Necrozma
|
|upkeep
|turn|14
|
|t:|1664999536
|switch|p2a: Espeon|Espeon, F|100/100
|move|p1a: Necrozma|Morning Sun|p1a: Necrozma
|-heal|p1a: Necrozma|100/100
|
|upkeep
|turn|15
|
|t:|1664999540
|move|p2a: Espeon|Yawn|p1a: Necrozma
|-start|p1a: Necrozma|move: Yawn|[of] p2a: Espeon
|move|p1a: Necrozma|Sunsteel Strike|p2a: Espeon
|-damage|p2a: Espeon|7/100
|
|-fieldend|Misty Terrain
|upkeep
|turn|16
|
|t:|1664999543
|switch|p1a: Yveltal|Yveltal|100/100
|-ability|p1a: Yveltal|Dark Aura
|move|p2a: Espeon|Baton Pass|p2a: Espeon
|
|t:|1664999547
|switch|p2a: Smeargle|Smeargle, M|100/100|[from]move: Baton Pass
|
|-ability|p2a: Smeargle|Moody|boost
|-boost|p2a: Smeargle|def|2
|-unboost|p2a: Smeargle|spd|1
|upkeep
|turn|17
|
|t:|1664999550
|move|p2a: Smeargle|Spiky Shield|p2a: Smeargle
|-singleturn|p2a: Smeargle|move: Protect
|move|p1a: Yveltal|Taunt|p2a: Smeargle
|-activate|p2a: Smeargle|move: Protect
|
|-ability|p2a: Smeargle|Moody|boost
|-boost|p2a: Smeargle|spe|2
|-unboost|p2a: Smeargle|spd|1
|upkeep
|turn|18
|
|t:|1664999559
|move|p2a: Smeargle|Spore|p1a: Yveltal
|-status|p1a: Yveltal|slp|[from] move: Spore
|cant|p1a: Yveltal|slp
|
|-ability|p2a: Smeargle|Moody|boost
|-boost|p2a: Smeargle|spe|2
|-unboost|p2a: Smeargle|spd|1
|upkeep
|turn|19
|
|t:|1664999562
|move|p2a: Smeargle|Shift Gear|p2a: Smeargle
|-boost|p2a: Smeargle|spe|2
|-boost|p2a: Smeargle|atk|1
|cant|p1a: Yveltal|slp
|
|-ability|p2a: Smeargle|Moody|boost
|-boost|p2a: Smeargle|atk|2
|-unboost|p2a: Smeargle|spe|1
|upkeep
|turn|20
|
|t:|1664999565
|move|p2a: Smeargle|Baton Pass|p2a: Smeargle
|
|t:|1664999567
|switch|p2a: Groudon|Groudon|100/100|[from]move: Baton Pass
|detailschange|p2a: Groudon|Groudon-Primal
|-primal|p2a: Groudon
|-weather|DesolateLand|[from] ability: Desolate Land|[of] p2a: Groudon
|-curestatus|p1a: Yveltal|slp|[msg]
|move|p1a: Yveltal|Oblivion Wing|p2a: Groudon
|-damage|p2a: Groudon|0 fnt
|faint|p2a: Groudon
|-weather|none
|-damage|p1a: Yveltal|91/100|[from] item: Life Orb
|
|upkeep
|j| ill meme
|
|t:|1664999570
|switch|p2a: Espeon|Espeon, F|7/100
|turn|21
|
|t:|1664999577
|move|p2a: Espeon|Yawn|p1a: Yveltal
|-start|p1a: Yveltal|move: Yawn|[of] p2a: Espeon
|move|p1a: Yveltal|Oblivion Wing|p2a: Espeon
|-damage|p2a: Espeon|0 fnt
|-heal|p1a: Yveltal|94/100|[from] drain|[of] p2a: Espeon
|faint|p2a: Espeon
|-damage|p1a: Yveltal|84/100|[from] item: Life Orb
|
|upkeep
|
|t:|1664999579
|switch|p2a: Smeargle|Smeargle, M|100/100
|turn|22
|
|t:|1664999600
|move|p1a: Yveltal|Taunt|p2a: Smeargle
|-start|p2a: Smeargle|move: Taunt
|cant|p2a: Smeargle|move: Taunt|Shift Gear
|
|-end|p1a: Yveltal|move: Yawn|[silent]
|-status|p1a: Yveltal|slp
|-ability|p2a: Smeargle|Moody|boost
|-boost|p2a: Smeargle|def|2
|-unboost|p2a: Smeargle|spd|1
|upkeep
|turn|23
|
|t:|1664999614
|switch|p2a: Rayquaza|Rayquaza|100/100
|-ability|p2a: Rayquaza|Air Lock
|cant|p1a: Yveltal|slp
|
|upkeep
|turn|24
|
|t:|1664999617
|switch|p1a: Arceus|Arceus-Water|100/100
|detailschange|p2a: Rayquaza|Rayquaza-Mega
|-mega|p2a: Rayquaza|Rayquaza|
|-weather|DeltaStream|[from] ability: Delta Stream|[of] p2a: Rayquaza
|move|p2a: Rayquaza|Dragon Dance|p2a: Rayquaza
|-boost|p2a: Rayquaza|atk|1
|-boost|p2a: Rayquaza|spe|1
|
|-weather|DeltaStream|[upkeep]
|upkeep
|turn|25
|
|t:|1664999628
|move|p2a: Rayquaza|Dragon Ascent|p1a: Arceus
|-damage|p1a: Arceus|42/100
|-unboost|p2a: Rayquaza|def|1
|-unboost|p2a: Rayquaza|spd|1
|move|p1a: Arceus|Ice Beam|p2a: Rayquaza
|-activate||deltastream
|-supereffective|p2a: Rayquaza
|-damage|p2a: Rayquaza|33/100
|
|-weather|DeltaStream|[upkeep]
|upkeep
|turn|26
|
|t:|1664999640
|-start|p1a: Arceus|Dynamax|
|-heal|p1a: Arceus|42/100|[silent]
|move|p2a: Rayquaza|Dragon Ascent|p1a: Arceus
|-damage|p1a: Arceus|13/100
|-unboost|p2a: Rayquaza|def|1
|-unboost|p2a: Rayquaza|spd|1
|move|p1a: Arceus|Max Hailstorm|p2a: Rayquaza
|-activate||deltastream
|-supereffective|p2a: Rayquaza
|-damage|p2a: Rayquaza|0 fnt
|-weather|Hail
|faint|p2a: Rayquaza
|
|-weather|Hail|[upkeep]
|-damage|p1a: Arceus|10/100|[from] Hail
|upkeep
|
|t:|1664999645
|switch|p2a: Smeargle|Smeargle, M|100/100
|turn|27
|
|t:|1664999667
|move|p1a: Arceus|Max Hailstorm|p2a: Smeargle
|-damage|p2a: Smeargle|36/100
|move|p2a: Smeargle|Spore|p1a: Arceus
|-status|p1a: Arceus|slp|[from] move: Spore
|
|-weather|Hail|[upkeep]
|-damage|p1a: Arceus|7/100 slp|[from] Hail
|-damage|p2a: Smeargle|29/100|[from] Hail
|-ability|p2a: Smeargle|Moody|boost
|-boost|p2a: Smeargle|spe|2
|-unboost|p2a: Smeargle|def|1
|upkeep
|turn|28
|
|t:|1664999672
|-end|p1a: Arceus|Dynamax
|-heal|p1a: Arceus|7/100 slp|[silent]
|switch|p1a: Rayquaza|Rayquaza-Mega|100/100
|-weather|DeltaStream|[from] ability: Delta Stream|[of] p1a: Rayquaza
|move|p2a: Smeargle|Shift Gear|p2a: Smeargle
|-boost|p2a: Smeargle|spe|2
|-boost|p2a: Smeargle|atk|1
|
|-weather|DeltaStream|[upkeep]
|-ability|p2a: Smeargle|Moody|boost
|-boost|p2a: Smeargle|atk|2
|-unboost|p2a: Smeargle|spa|1
|upkeep
|turn|29
|
|t:|1664999675
|move|p2a: Smeargle|Spiky Shield|p2a: Smeargle
|-singleturn|p2a: Smeargle|move: Protect
|move|p1a: Rayquaza|Extreme Speed|p2a: Smeargle
|-activate|p2a: Smeargle|move: Protect
|-damage|p1a: Rayquaza|88/100|[from] Spiky Shield|[of] p2a: Smeargle
|
|-weather|DeltaStream|[upkeep]
|-ability|p2a: Smeargle|Moody|boost
|-boost|p2a: Smeargle|atk|2
|-unboost|p2a: Smeargle|def|1
|upkeep
|turn|30
|
|t:|1664999678
|move|p1a: Rayquaza|Extreme Speed|p2a: Smeargle
|-damage|p2a: Smeargle|0 fnt
|faint|p2a: Smeargle
|-damage|p1a: Rayquaza|78/100|[from] item: Life Orb
|
|-weather|DeltaStream|[upkeep]
|upkeep
|
|t:|1664999680
|switch|p2a: Zacian|Zacian-Crowned|67/100
|-ability|p2a: Zacian|Intrepid Sword|boost
|-boost|p2a: Zacian|atk|1
|turn|31
|
|t:|1664999684
|move|p1a: Rayquaza|Extreme Speed|p2a: Zacian
|-resisted|p2a: Zacian
|-damage|p2a: Zacian|45/100
|-damage|p1a: Rayquaza|68/100|[from] item: Life Orb
|move|p2a: Zacian|Behemoth Blade|p1a: Rayquaza
|-damage|p1a: Rayquaza|0 fnt
|faint|p1a: Rayquaza
|-weather|none
|
|upkeep
|
|t:|1664999687
|switch|p1a: Necrozma|Necrozma-Dusk-Mane|100/100
|turn|32
|
|t:|1664999689
|move|p2a: Zacian|Close Combat|p1a: Necrozma
|-damage|p1a: Necrozma|57/100
|-unboost|p2a: Zacian|def|1
|-unboost|p2a: Zacian|spd|1
|-damage|p2a: Zacian|29/100|[from] item: Rocky Helmet|[of] p1a: Necrozma
|move|p1a: Necrozma|Sunsteel Strike|p2a: Zacian
|-damage|p2a: Zacian|0 fnt
|faint|p2a: Zacian
|
|win|Lord Rekkuza
|raw|Lord Rekkuza's rating: 1761 &rarr; <strong>1789</strong><br />(+28 for winning)
|raw|amnael1's rating: 1899 &rarr; <strong>1871</strong><br />(-28 for losing)
|c|☆Lord Rekkuza|gg
|l|☆amnael1
|l| ill meme
||Ladder isn't responding, score probably updated but might not have (Request timeout).
