|j|☆Alex Lugia14
|j|☆Mori Jin Kato
|t:|1653401110
|gametype|singles
|player|p1|Alex Lugia14|unknown|1387
|player|p2|Mori Jin Kato|red|1525
|teamsize|p1|6
|teamsize|p2|6
|gen|8
|tier|[Gen 8] National Dex AG
|rated|
|rule|HP Percentage Mod: HP is shown in percentages
|rule|Endless Battle Clause: Forcing endless battles is banned
|clearpoke
|poke|p1|Galvantula, M|
|poke|p1|Smeargle, F|
|poke|p1|Calyrex-Shadow|
|poke|p1|Marshadow|
|poke|p1|Reshiram|
|poke|p1|Necrozma-Dusk-Mane|
|poke|p2|Cinderace, M|
|poke|p2|Zacian-*|
|poke|p2|Calyrex-Shadow|
|poke|p2|Dragonite, F|
|poke|p2|Regieleki|
|poke|p2|Ditto|
|teampreview
|inactive|Battle timer is ON: inactive players will automatically lose when time's up. (requested by Mori Jin Kato)
|
|t:|1653401120
|start
|switch|p1a: runawaypup|Smeargle, F|100/100
|switch|p2a: Jaecheondaesong|Cinderace, M|100/100
|turn|1
|c|☆Mori Jin Kato|glhf smeargle play nice
|
|t:|1653401125
|-start|p2a: Jaecheondaesong|Dynamax|Gmax
|-heal|p2a: Jaecheondaesong|100/100|[silent]
|move|p1a: runawaypup|Protect|p1a: runawaypup
|-singleturn|p1a: runawaypup|Protect
|move|p2a: Jaecheondaesong|Max Airstream|p1a: runawaypup
|-start|p2a: Jaecheondaesong|typechange|Flying|[from] ability: Libero
|-zbroken|p1a: runawaypup
|-damage|p1a: runawaypup|65/100
|-boost|p2a: Jaecheondaesong|spe|1
|
|-heal|p1a: runawaypup|71/100|[from] item: Leftovers
|-ability|p1a: runawaypup|Moody|boost
|-boost|p1a: runawaypup|spa|2
|-unboost|p1a: runawaypup|def|1
|upkeep
|turn|2
|c|☆Alex Lugia14|yep
|c|☆Mori Jin Kato|do it
|c|☆Mori Jin Kato|spore me
|
|t:|1653401140
|switch|p1a: gohma|Galvantula, M, shiny|100/100
|move|p2a: Jaecheondaesong|Max Knuckle|p1a: gohma
|-start|p2a: Jaecheondaesong|typechange|Fighting|[from] ability: Libero
|-resisted|p1a: gohma
|-damage|p1a: gohma|66/100
|-boost|p2a: Jaecheondaesong|atk|1
|
|upkeep
|turn|3
|c|☆Mori Jin Kato|noooo you were gunna baton pass
|c|☆Mori Jin Kato|i seeee
|
|t:|1653401155
|move|p2a: Jaecheondaesong|Max Airstream|p1a: gohma
|-start|p2a: Jaecheondaesong|typechange|Flying|[from] ability: Libero
|-damage|p1a: gohma|0 fnt
|-boost|p2a: Jaecheondaesong|spe|1
|faint|p1a: gohma
|
|upkeep
|c|☆Alex Lugia14|it wasn't a good time to spore or baton pass
|
|t:|1653401160
|switch|p1a: ganondorf|Marshadow|100/100
|-end|p2a: Jaecheondaesong|Dynamax
|-heal|p2a: Jaecheondaesong|100/100|[silent]
|turn|4
|
|t:|1653401165
|move|p2a: Jaecheondaesong|Sucker Punch|p1a: ganondorf
|-start|p2a: Jaecheondaesong|typechange|Dark|[from] ability: Libero
|-damage|p1a: ganondorf|35/100
|move|p1a: ganondorf|Spectral Thief||[still]
|-clearpositiveboost|p2a: Jaecheondaesong|p1a: ganondorf|move: Spectral Thief
|-boost|p1a: ganondorf|atk|1
|-boost|p1a: ganondorf|spe|2
|-anim|p1a: ganondorf|Spectral Thief|p2a: Jaecheondaesong
|-resisted|p2a: Jaecheondaesong
|-damage|p2a: Jaecheondaesong|63/100
|
|upkeep
|turn|5
|c|☆Alex Lugia14|i play smart
|
|t:|1653401177
|move|p2a: Jaecheondaesong|Sucker Punch|p1a: ganondorf
|-damage|p1a: ganondorf|0 fnt
|faint|p1a: ganondorf
|
|upkeep
|c|☆Mori Jin Kato|i like that
|
|t:|1653401186
|switch|p1a: epona|Calyrex-Shadow|100/100
|-ability|p1a: epona|As One
|-ability|p1a: epona|Unnerve
|turn|6
|
|t:|1653401191
|move|p2a: Jaecheondaesong|Sucker Punch|p1a: epona
|-supereffective|p1a: epona
|-enditem|p1a: epona|Focus Sash
|-damage|p1a: epona|1/100
|move|p1a: epona|Draining Kiss|p2a: Jaecheondaesong
|-supereffective|p2a: Jaecheondaesong
|-damage|p2a: Jaecheondaesong|1/100
|-heal|p1a: epona|42/100|[from] drain|[of] p2a: Jaecheondaesong
|-enditem|p2a: Jaecheondaesong|Weakness Policy
|-boost|p2a: Jaecheondaesong|atk|2|[from] item: Weakness Policy
|-boost|p2a: Jaecheondaesong|spa|2|[from] item: Weakness Policy
|
|upkeep
|turn|7
|
|t:|1653401200
|move|p2a: Jaecheondaesong|Sucker Punch|p1a: epona
|-supereffective|p1a: epona
|-damage|p1a: epona|0 fnt
|faint|p1a: epona
|
|upkeep
|c|☆Alex Lugia14|o.o that 1% XD
|
|t:|1653401203
|switch|p1a: runawaypup|Smeargle, F|71/100
|turn|8
|
|t:|1653401211
|move|p1a: runawaypup|Protect|p1a: runawaypup
|-singleturn|p1a: runawaypup|Protect
|move|p2a: Jaecheondaesong|Pyro Ball|p1a: runawaypup
|-start|p2a: Jaecheondaesong|typechange|Fire|[from] ability: Libero
|-activate|p1a: runawaypup|move: Protect
|
|-heal|p1a: runawaypup|77/100|[from] item: Leftovers
|-ability|p1a: runawaypup|Moody|boost
|-boost|p1a: runawaypup|spd|2
|-unboost|p1a: runawaypup|spe|1
|upkeep
|turn|9
|
|t:|1653401225
|switch|p1a: volgalgia|Reshiram|100/100
|-ability|p1a: volgalgia|Turboblaze
|move|p2a: Jaecheondaesong|High Jump Kick|p1a: volgalgia
|-start|p2a: Jaecheondaesong|typechange|Fighting|[from] ability: Libero
|-damage|p1a: volgalgia|0 fnt
|faint|p1a: volgalgia
|
|upkeep
|
|t:|1653401228
|switch|p1a: runawaypup|Smeargle, F|77/100
|turn|10
|c|☆Mori Jin Kato|knew it
|
|t:|1653401235
|move|p1a: runawaypup|Protect|p1a: runawaypup
|-singleturn|p1a: runawaypup|Protect
|move|p2a: Jaecheondaesong|Pyro Ball|p1a: runawaypup
|-start|p2a: Jaecheondaesong|typechange|Fire|[from] ability: Libero
|-activate|p1a: runawaypup|move: Protect
|
|-heal|p1a: runawaypup|83/100|[from] item: Leftovers
|-ability|p1a: runawaypup|Moody|boost
|-boost|p1a: runawaypup|spa|2
|-unboost|p1a: runawaypup|atk|1
|upkeep
|turn|11
|c|☆Alex Lugia14|and bright powder failed XD
|c|☆Mori Jin Kato|smart is not switching alot
|c|☆Mori Jin Kato|or being presdictable
|c|☆Mori Jin Kato|oo cant spell
|c|☆Mori Jin Kato|haha
|c|☆Alex Lugia14|i had to
|
|t:|1653401255
|move|p1a: runawaypup|Protect||[still]
|-fail|p1a: runawaypup
|move|p2a: Jaecheondaesong|Pyro Ball|p1a: runawaypup
|-damage|p1a: runawaypup|0 fnt
|faint|p1a: runawaypup
|
|upkeep
|
|t:|1653401257
|switch|p1a: Necrozma|Necrozma-Dusk-Mane|100/100
|turn|12
|c|☆Mori Jin Kato|nah
|c|☆Mori Jin Kato|u chose to
|c|☆Mori Jin Kato|keyword
|c|☆Mori Jin Kato|chose
|c|☆Alex Lugia14|yeah actually had to or lose smeargle
|
|t:|1653401268
|move|p2a: Jaecheondaesong|Pyro Ball|p1a: Necrozma
|-supereffective|p1a: Necrozma
|-damage|p1a: Necrozma|0 fnt
|faint|p1a: Necrozma
|
|win|Mori Jin Kato
|raw|Alex Lugia14's rating: 1387 &rarr; <strong>1375</strong><br />(-12 for losing)
|raw|Mori Jin Kato's rating: 1525 &rarr; <strong>1537</strong><br />(+12 for winning)
|l|☆Mori Jin Kato
|l|☆Alex Lugia14
||Ladder isn't responding, score probably updated but might not have (Request timeout).
|j|☆Alex Lugia14
|player|p1|Alex Lugia14|unknown
