|j|☆Zylxrd Umbror
|j|☆PM77Switch
|t:|1646320338
|gametype|singles
|player|p1|Zylxrd Umbror|ruinmaniac|1661
|player|p2|PM77Switch|steven|1721
|teamsize|p1|6
|teamsize|p2|6
|gen|8
|tier|[Gen 8] National Dex AG
|rated|
|rule|HP Percentage Mod: HP is shown in percentages
|rule|Endless Battle Clause: Forcing endless battles is banned
|clearpoke
|poke|p1|Zygarde|
|poke|p1|Arceus-*|
|poke|p1|Ho-Oh|
|poke|p1|Necrozma-Dusk-Mane|
|poke|p1|Calyrex-Shadow|
|poke|p1|Ditto|
|poke|p2|Groudon|
|poke|p2|Arceus-*|
|poke|p2|Yveltal|
|poke|p2|Thundurus, M|
|poke|p2|Rayquaza|
|poke|p2|Zacian-*|
|teampreview
|inactive|Battle timer is ON: inactive players will automatically lose when time's up. (requested by PM77Switch)
|
|t:|1646320355
|start
|switch|p1a: Nightmare Shade|Calyrex-Shadow|100/100
|switch|p2a: Groudon|Groudon|100/100
|-ability|p1a: Nightmare Shade|As One
|-ability|p1a: Nightmare Shade|Unnerve
|detailschange|p2a: Groudon|Groudon-Primal
|-primal|p2a: Groudon
|-weather|DesolateLand|[from] ability: Desolate Land|[of] p2a: Groudon
|turn|1
|inactive|PM77Switch has 120 seconds left.
|
|t:|1646320391
|-weather|none
|switch|p2a: Yveltal|Yveltal, shiny|100/100
|-ability|p2a: Yveltal|Dark Aura
|move|p1a: Nightmare Shade|Astral Barrage|p2a: Yveltal
|-resisted|p2a: Yveltal
|-damage|p2a: Yveltal|52/100
|
|upkeep
|turn|2
|inactive|PM77Switch has 120 seconds left.
|
|t:|1646320402
|switch|p1a: Avatar of Yosuga|Arceus-Dark|100/100
|move|p2a: Yveltal|Knock Off|p1a: Avatar of Yosuga
|-resisted|p1a: Avatar of Yosuga
|-crit|p1a: Avatar of Yosuga
|-damage|p1a: Avatar of Yosuga|85/100
|
|upkeep
|turn|3
|inactive|PM77Switch has 120 seconds left.
|
|t:|1646320410
|move|p1a: Avatar of Yosuga|Snarl|p2a: Yveltal
|-resisted|p2a: Yveltal
|-damage|p2a: Yveltal|38/100
|-unboost|p2a: Yveltal|spa|1
|move|p2a: Yveltal|Oblivion Wing|p1a: Avatar of Yosuga
|-damage|p1a: Avatar of Yosuga|65/100
|-heal|p2a: Yveltal|55/100|[from] drain|[of] p1a: Avatar of Yosuga
|
|upkeep
|turn|4
|inactive|PM77Switch has 120 seconds left.
|
|t:|1646320433
|switch|p2a: Groudon|Groudon-Primal|100/100
|-weather|DesolateLand|[from] ability: Desolate Land|[of] p2a: Groudon
|move|p1a: Avatar of Yosuga|Recover|p1a: Avatar of Yosuga
|-heal|p1a: Avatar of Yosuga|100/100
|
|-weather|DesolateLand|[upkeep]
|upkeep
|turn|5
|
|t:|1646320440
|move|p1a: Avatar of Yosuga|Calm Mind|p1a: Avatar of Yosuga
|-boost|p1a: Avatar of Yosuga|spa|1
|-boost|p1a: Avatar of Yosuga|spd|1
|move|p2a: Groudon|Stealth Rock|p1a: Avatar of Yosuga
|-sidestart|p1: Zylxrd Umbror|move: Stealth Rock
|
|-weather|DesolateLand|[upkeep]
|upkeep
|turn|6
|inactive|PM77Switch has 120 seconds left.
|
|t:|1646320446
|move|p1a: Avatar of Yosuga|Snarl|p2a: Groudon
|-damage|p2a: Groudon|66/100
|-unboost|p2a: Groudon|spa|1
|move|p2a: Groudon|Precipice Blades|p1a: Avatar of Yosuga|[miss]
|-miss|p2a: Groudon|p1a: Avatar of Yosuga
|
|-weather|DesolateLand|[upkeep]
|upkeep
|turn|7
|
|t:|1646320453
|move|p1a: Avatar of Yosuga|Snarl|p2a: Groudon
|-damage|p2a: Groudon|34/100
|-unboost|p2a: Groudon|spa|1
|move|p2a: Groudon|Fire Punch|p1a: Avatar of Yosuga
|-damage|p1a: Avatar of Yosuga|48/100
|
|-weather|DesolateLand|[upkeep]
|upkeep
|turn|8
|
|t:|1646320460
|-weather|none
|switch|p2a: Zacian|Zacian-Crowned, shiny|100/100
|-ability|p2a: Zacian|Intrepid Sword|boost
|-boost|p2a: Zacian|atk|1
|move|p1a: Avatar of Yosuga|Snarl|p2a: Zacian
|-resisted|p2a: Zacian
|-damage|p2a: Zacian|83/100
|-unboost|p2a: Zacian|spa|1
|
|upkeep
|turn|9
|
|t:|1646320473
|switch|p1a: Beast Cerebrus|Necrozma-Dusk-Mane|100/100
|-damage|p1a: Beast Cerebrus|94/100|[from] Stealth Rock
|move|p2a: Zacian|Wild Charge|p1a: Beast Cerebrus
|-damage|p1a: Beast Cerebrus|67/100
|-damage|p2a: Zacian|67/100|[from] item: Rocky Helmet|[of] p1a: Beast Cerebrus
|-damage|p2a: Zacian|58/100|[from] Recoil
|
|upkeep
|turn|10
|
|t:|1646320486
|switch|p2a: Groudon|Groudon-Primal|34/100
|-weather|DesolateLand|[from] ability: Desolate Land|[of] p2a: Groudon
|move|p1a: Beast Cerebrus|Morning Sun|p1a: Beast Cerebrus
|-heal|p1a: Beast Cerebrus|100/100
|
|-weather|DesolateLand|[upkeep]
|upkeep
|turn|11
|
|t:|1646320494
|switch|p1a: Emperor Ssraeshza|Zygarde, shiny|100/100
|-damage|p1a: Emperor Ssraeshza|94/100|[from] Stealth Rock
|move|p2a: Groudon|Fire Punch|p1a: Emperor Ssraeshza
|-resisted|p1a: Emperor Ssraeshza
|-damage|p1a: Emperor Ssraeshza|72/100
|
|-weather|DesolateLand|[upkeep]
|-heal|p1a: Emperor Ssraeshza|78/100|[from] item: Leftovers
|upkeep
|turn|12
|
|t:|1646320503
|move|p1a: Emperor Ssraeshza|Substitute|p1a: Emperor Ssraeshza
|-start|p1a: Emperor Ssraeshza|Substitute
|-damage|p1a: Emperor Ssraeshza|53/100
|move|p2a: Groudon|Precipice Blades|p1a: Emperor Ssraeshza
|-end|p1a: Emperor Ssraeshza|Substitute
|
|-weather|DesolateLand|[upkeep]
|-heal|p1a: Emperor Ssraeshza|59/100|[from] item: Leftovers
|upkeep
|turn|13
|
|t:|1646320516
|move|p1a: Emperor Ssraeshza|Glare|p2a: Groudon
|-status|p2a: Groudon|par
|move|p2a: Groudon|Precipice Blades|p1a: Emperor Ssraeshza
|-damage|p1a: Emperor Ssraeshza|7/100
|
|-weather|DesolateLand|[upkeep]
|-heal|p1a: Emperor Ssraeshza|13/100|[from] item: Leftovers
|-activate|p1a: Emperor Ssraeshza|ability: Power Construct
|detailschange|p1a: Emperor Ssraeshza|Zygarde-Complete, shiny
|-heal|p1a: Emperor Ssraeshza|44/100|[silent]
|upkeep
|turn|14
|
|t:|1646320527
|move|p1a: Emperor Ssraeshza|Coil|p1a: Emperor Ssraeshza
|-boost|p1a: Emperor Ssraeshza|atk|1
|-boost|p1a: Emperor Ssraeshza|def|1
|-boost|p1a: Emperor Ssraeshza|accuracy|1
|move|p2a: Groudon|Precipice Blades|p1a: Emperor Ssraeshza
|-damage|p1a: Emperor Ssraeshza|20/100
|
|-weather|DesolateLand|[upkeep]
|-heal|p1a: Emperor Ssraeshza|26/100|[from] item: Leftovers
|upkeep
|turn|15
|
|t:|1646320537
|move|p1a: Emperor Ssraeshza|Substitute|p1a: Emperor Ssraeshza
|-start|p1a: Emperor Ssraeshza|Substitute
|-damage|p1a: Emperor Ssraeshza|1/100
|cant|p2a: Groudon|par
|
|-weather|DesolateLand|[upkeep]
|-heal|p1a: Emperor Ssraeshza|8/100|[from] item: Leftovers
|upkeep
|turn|16
|
|t:|1646320545
|move|p1a: Emperor Ssraeshza|Thousand Arrows|p2a: Groudon
|-supereffective|p2a: Groudon
|-damage|p2a: Groudon|0 fnt
|faint|p2a: Groudon
|-weather|none
|
|-heal|p1a: Emperor Ssraeshza|14/100|[from] item: Leftovers
|upkeep
|
|t:|1646320567
|switch|p2a: Yveltal|Yveltal, shiny|55/100
|-ability|p2a: Yveltal|Dark Aura
|turn|17
|
|t:|1646320572
|move|p2a: Yveltal|Oblivion Wing|p1a: Emperor Ssraeshza
|-crit|p1a: Emperor Ssraeshza
|-end|p1a: Emperor Ssraeshza|Substitute
|-heal|p2a: Yveltal|85/100|[from] drain|[of] p1a: Emperor Ssraeshza
|move|p1a: Emperor Ssraeshza|Glare|p2a: Yveltal
|-status|p2a: Yveltal|par
|
|-heal|p1a: Emperor Ssraeshza|20/100|[from] item: Leftovers
|upkeep
|turn|18
|
|t:|1646320581
|move|p1a: Emperor Ssraeshza|Thousand Arrows|p2a: Yveltal
|-damage|p2a: Yveltal|39/100 par
|-start|p2a: Yveltal|Smack Down
|move|p2a: Yveltal|Oblivion Wing|p1a: Emperor Ssraeshza
|-damage|p1a: Emperor Ssraeshza|0 fnt
|-heal|p2a: Yveltal|62/100 par|[from] drain|[of] p1a: Emperor Ssraeshza
|faint|p1a: Emperor Ssraeshza
|
|upkeep
|
|t:|1646320590
|switch|p1a: Avatar of Yosuga|Arceus-Dark|48/100
|-damage|p1a: Avatar of Yosuga|36/100|[from] Stealth Rock
|turn|19
|
|t:|1646320595
|move|p1a: Avatar of Yosuga|Recover|p1a: Avatar of Yosuga
|-heal|p1a: Avatar of Yosuga|86/100
|move|p2a: Yveltal|Oblivion Wing|p1a: Avatar of Yosuga
|-damage|p1a: Avatar of Yosuga|60/100
|-heal|p2a: Yveltal|84/100 par|[from] drain|[of] p1a: Avatar of Yosuga
|
|upkeep
|turn|20
|
|t:|1646320613
|switch|p2a: Zacian|Zacian-Crowned, shiny|58/100
|-ability|p2a: Zacian|Intrepid Sword|boost
|-boost|p2a: Zacian|atk|1
|move|p1a: Avatar of Yosuga|Snarl|p2a: Zacian
|-resisted|p2a: Zacian
|-damage|p2a: Zacian|46/100
|-unboost|p2a: Zacian|spa|1
|
|upkeep
|turn|21
|
|t:|1646320622
|switch|p2a: Arceus|Arceus|100/100
|switch|p1a: Beast Cerebrus|Necrozma-Dusk-Mane|100/100
|-damage|p1a: Beast Cerebrus|94/100|[from] Stealth Rock
|
|upkeep
|turn|22
|
|t:|1646320629
|move|p2a: Arceus|Flamethrower|p1a: Beast Cerebrus
|-supereffective|p1a: Beast Cerebrus
|-damage|p1a: Beast Cerebrus|48/100
|-damage|p2a: Arceus|91/100|[from] item: Life Orb
|move|p1a: Beast Cerebrus|Thunder Wave|p2a: Arceus
|-status|p2a: Arceus|par
|
|upkeep
|turn|23
|
|t:|1646320637
|move|p1a: Beast Cerebrus|Morning Sun|p1a: Beast Cerebrus
|-heal|p1a: Beast Cerebrus|98/100
|cant|p2a: Arceus|par
|
|upkeep
|turn|24
|
|t:|1646320645
|move|p1a: Beast Cerebrus|Sunsteel Strike|p2a: Arceus
|-damage|p2a: Arceus|53/100 par
|move|p2a: Arceus|Flamethrower|p1a: Beast Cerebrus
|-supereffective|p1a: Beast Cerebrus
|-damage|p1a: Beast Cerebrus|55/100
|-status|p1a: Beast Cerebrus|brn
|-damage|p2a: Arceus|43/100 par|[from] item: Life Orb
|
|-damage|p1a: Beast Cerebrus|49/100 brn|[from] brn
|upkeep
|turn|25
|
|t:|1646320669
|switch|p2a: Yveltal|Yveltal, shiny|84/100 par
|-ability|p2a: Yveltal|Dark Aura
|move|p1a: Beast Cerebrus|Morning Sun|p1a: Beast Cerebrus
|-heal|p1a: Beast Cerebrus|99/100 brn
|
|-damage|p1a: Beast Cerebrus|93/100 brn|[from] brn
|upkeep
|turn|26
|
|t:|1646320678
|switch|p1a: Avatar of Yosuga|Arceus-Dark|60/100
|-damage|p1a: Avatar of Yosuga|48/100|[from] Stealth Rock
|cant|p2a: Yveltal|par
|
|upkeep
|turn|27
|
|t:|1646320688
|move|p1a: Avatar of Yosuga|Recover|p1a: Avatar of Yosuga
|-heal|p1a: Avatar of Yosuga|98/100
|move|p2a: Yveltal|Oblivion Wing|p1a: Avatar of Yosuga
|-damage|p1a: Avatar of Yosuga|69/100
|-heal|p2a: Yveltal|100/100 par|[from] drain|[of] p1a: Avatar of Yosuga
|
|upkeep
|turn|28
|j| Cheese Miestro
|
|t:|1646320704
|switch|p2a: Zacian|Zacian-Crowned, shiny|46/100
|-ability|p2a: Zacian|Intrepid Sword|boost
|-boost|p2a: Zacian|atk|1
|move|p1a: Avatar of Yosuga|Snarl|p2a: Zacian
|-resisted|p2a: Zacian
|-damage|p2a: Zacian|34/100
|-unboost|p2a: Zacian|spa|1
|
|upkeep
|turn|29
|
|t:|1646320713
|switch|p1a: Beast Cerebrus|Necrozma-Dusk-Mane|93/100 brn
|-damage|p1a: Beast Cerebrus|87/100 brn|[from] Stealth Rock
|move|p2a: Zacian|Swords Dance|p2a: Zacian
|-boost|p2a: Zacian|atk|2
|
|-damage|p1a: Beast Cerebrus|81/100 brn|[from] brn
|upkeep
|turn|30
|
|t:|1646320721
|move|p2a: Zacian|Sacred Sword|p1a: Beast Cerebrus
|-damage|p1a: Beast Cerebrus|31/100 brn
|-damage|p2a: Zacian|17/100|[from] item: Rocky Helmet|[of] p1a: Beast Cerebrus
|move|p1a: Beast Cerebrus|Morning Sun|p1a: Beast Cerebrus
|-heal|p1a: Beast Cerebrus|81/100 brn
|
|-damage|p1a: Beast Cerebrus|75/100 brn|[from] brn
|upkeep
|turn|31
|inactive|PM77Switch has 120 seconds left.
|
|t:|1646320757
|switch|p2a: Yveltal|Yveltal, shiny|100/100 par
|-ability|p2a: Yveltal|Dark Aura
|move|p1a: Beast Cerebrus|Morning Sun|p1a: Beast Cerebrus
|-heal|p1a: Beast Cerebrus|100/100 brn
|
|-damage|p1a: Beast Cerebrus|94/100 brn|[from] brn
|upkeep
|turn|32
|inactive|PM77Switch has 120 seconds left.
|
|t:|1646320768
|move|p1a: Beast Cerebrus|Stealth Rock|p2a: Yveltal
|-sidestart|p2: PM77Switch|move: Stealth Rock
|cant|p2a: Yveltal|par
|
|-damage|p1a: Beast Cerebrus|88/100 brn|[from] brn
|upkeep
|turn|33
|inactive|PM77Switch has 120 seconds left.
|
|t:|1646320773
|switch|p1a: Avatar of Yosuga|Arceus-Dark|69/100
|-damage|p1a: Avatar of Yosuga|56/100|[from] Stealth Rock
|cant|p2a: Yveltal|par
|
|upkeep
|turn|34
|inactive|PM77Switch has 120 seconds left.
|
|t:|1646320785
|move|p1a: Avatar of Yosuga|Recover|p1a: Avatar of Yosuga
|-heal|p1a: Avatar of Yosuga|100/100
|move|p2a: Yveltal|Oblivion Wing|p1a: Avatar of Yosuga
|-damage|p1a: Avatar of Yosuga|75/100
|
|upkeep
|turn|35
|
|t:|1646320792
|move|p1a: Avatar of Yosuga|Snarl|p2a: Yveltal
|-resisted|p2a: Yveltal
|-damage|p2a: Yveltal|85/100 par
|-unboost|p2a: Yveltal|spa|1
|move|p2a: Yveltal|Oblivion Wing|p1a: Avatar of Yosuga
|-damage|p1a: Avatar of Yosuga|57/100
|-heal|p2a: Yveltal|99/100 par|[from] drain|[of] p1a: Avatar of Yosuga
|
|upkeep
|turn|36
|
|t:|1646320802
|move|p1a: Avatar of Yosuga|Recover|p1a: Avatar of Yosuga
|-heal|p1a: Avatar of Yosuga|100/100
|cant|p2a: Yveltal|par
|
|upkeep
|turn|37
|l| Cheese Miestro
|inactive|Zylxrd Umbror has 120 seconds left.
|inactive|Zylxrd Umbror has 90 seconds left.
|
|t:|1646320884
|move|p1a: Avatar of Yosuga|Snarl|p2a: Yveltal
|-resisted|p2a: Yveltal
|-damage|p2a: Yveltal|84/100 par
|-unboost|p2a: Yveltal|spa|1
|move|p2a: Yveltal|Heat Wave|p1a: Avatar of Yosuga
|-damage|p1a: Avatar of Yosuga|89/100
|
|upkeep
|turn|38
|
|t:|1646320893
|move|p1a: Avatar of Yosuga|Snarl|p2a: Yveltal
|-resisted|p2a: Yveltal
|-damage|p2a: Yveltal|69/100 par
|-unboost|p2a: Yveltal|spa|1
|move|p2a: Yveltal|Heat Wave|p1a: Avatar of Yosuga|[miss]
|-miss|p2a: Yveltal|p1a: Avatar of Yosuga
|
|upkeep
|turn|39
|
|t:|1646320915
|move|p1a: Avatar of Yosuga|Calm Mind|p1a: Avatar of Yosuga
|-boost|p1a: Avatar of Yosuga|spa|1
|-boost|p1a: Avatar of Yosuga|spd|1
|cant|p2a: Yveltal|par
|
|upkeep
|turn|40
|
|t:|1646320927
|switch|p2a: Zacian|Zacian-Crowned, shiny|17/100
|-damage|p2a: Zacian|11/100|[from] Stealth Rock
|-ability|p2a: Zacian|Intrepid Sword|boost
|-boost|p2a: Zacian|atk|1
|move|p1a: Avatar of Yosuga|Snarl|p2a: Zacian
|-resisted|p2a: Zacian
|-damage|p2a: Zacian|0 fnt
|faint|p2a: Zacian
|
|upkeep
|
|t:|1646320937
|switch|p2a: Rayquaza|Rayquaza|100/100
|-damage|p2a: Rayquaza|76/100|[from] Stealth Rock
|-ability|p2a: Rayquaza|Air Lock
|turn|41
|inactive|Zylxrd Umbror has 90 seconds left.
|
|t:|1646320955
|detailschange|p2a: Rayquaza|Rayquaza-Mega
|-mega|p2a: Rayquaza|Rayquaza|
|-weather|DeltaStream|[from] ability: Delta Stream|[of] p2a: Rayquaza
|move|p1a: Avatar of Yosuga|Snarl|p2a: Rayquaza
|-damage|p2a: Rayquaza|39/100
|-unboost|p2a: Rayquaza|spa|1
|move|p2a: Rayquaza|Earthquake|p1a: Avatar of Yosuga
|-damage|p1a: Avatar of Yosuga|41/100
|
|-weather|DeltaStream|[upkeep]
|upkeep
|turn|42
|inactive|Zylxrd Umbror has 90 seconds left.
|
|t:|1646320967
|switch|p1a: Beast Cerebrus|Necrozma-Dusk-Mane|88/100 brn
|-damage|p1a: Beast Cerebrus|82/100 brn|[from] Stealth Rock
|move|p2a: Rayquaza|Earthquake|p1a: Beast Cerebrus
|-supereffective|p1a: Beast Cerebrus
|-damage|p1a: Beast Cerebrus|27/100 brn
|
|-weather|DeltaStream|[upkeep]
|-damage|p1a: Beast Cerebrus|21/100 brn|[from] brn
|upkeep
|turn|43
|inactive|Zylxrd Umbror has 90 seconds left.
|
|t:|1646320979
|move|p2a: Rayquaza|Earthquake|p1a: Beast Cerebrus
|-supereffective|p1a: Beast Cerebrus
|-damage|p1a: Beast Cerebrus|0 fnt
|faint|p1a: Beast Cerebrus
|
|-weather|DeltaStream|[upkeep]
|upkeep
|
|t:|1646320982
|switch|p1a: Tibalt|Ditto|100/100
|-damage|p1a: Tibalt|88/100|[from] Stealth Rock
|-transform|p1a: Tibalt|p2a: Rayquaza|[from] ability: Imposter
|turn|44
|
|t:|1646320994
|switch|p2a: Thundurus|Thundurus, M, shiny|100/100
|-damage|p2a: Thundurus|76/100|[from] Stealth Rock
|move|p1a: Tibalt|Dragon Ascent|p2a: Thundurus
|-resisted|p2a: Thundurus
|-damage|p2a: Thundurus|25/100
|-unboost|p1a: Tibalt|def|1
|-unboost|p1a: Tibalt|spd|1
|
|-weather|DeltaStream|[upkeep]
|upkeep
|turn|45
|
|t:|1646321003
|-weather|none
|switch|p1a: Avatar of Yosuga|Arceus-Dark|41/100
|-damage|p1a: Avatar of Yosuga|29/100|[from] Stealth Rock
|move|p2a: Thundurus|Thunder Wave|p1a: Avatar of Yosuga
|-hint|Since gen 7, Dark is immune to Prankster moves.
|-immune|p1a: Avatar of Yosuga
|
|upkeep
|turn|46
|
|t:|1646321021
|move|p2a: Thundurus|Defog|p1a: Avatar of Yosuga
|-hint|Since gen 7, Dark is immune to Prankster moves.
|-immune|p1a: Avatar of Yosuga
|move|p1a: Avatar of Yosuga|Recover|p1a: Avatar of Yosuga
|-heal|p1a: Avatar of Yosuga|79/100
|
|upkeep
|turn|47
|-message|PM77Switch forfeited.
|
|win|Zylxrd Umbror
|raw|Zylxrd Umbror's rating: 1661 &rarr; <strong>1684</strong><br />(+23 for winning)
|raw|PM77Switch's rating: 1721 &rarr; <strong>1698</strong><br />(-23 for losing)
|l|☆PM77Switch
||Ladder isn't responding, score probably updated but might not have (Request timeout).
