|j|☆Space14
|j|☆DarkboiJ
|t:|1667195868
|gametype|singles
|player|p1|Space14|psychic|1733
|player|p2|DarkboiJ|blue-gen3two|1994
|teamsize|p1|6
|teamsize|p2|6
|gen|8
|tier|[Gen 8] National Dex AG
|rated|
|rule|HP Percentage Mod: HP is shown in percentages
|rule|Endless Battle Clause: Forcing endless battles is banned
|clearpoke
|poke|p1|Vivillon-Fancy, F|
|poke|p1|Cinderace, F|
|poke|p1|Rayquaza|
|poke|p1|Xerneas-*|
|poke|p1|Groudon|
|poke|p1|Ditto|
|poke|p2|Mewtwo|
|poke|p2|Zygarde|
|poke|p2|Zygarde|
|poke|p2|Ditto|
|poke|p2|Arceus-*|
|poke|p2|Arceus-*|
|teampreview
|inactive|Battle timer is ON: inactive players will automatically lose when time's up. (requested by DarkboiJ)
|
|t:|1667195882
|start
|switch|p1a: Groudon|Groudon|100/100
|switch|p2a: Arceus|Arceus-Fairy|100/100
|detailschange|p1a: Groudon|Groudon-Primal
|-primal|p1a: Groudon
|-weather|DesolateLand|[from] ability: Desolate Land|[of] p1a: Groudon
|turn|1
|
|t:|1667195887
|move|p2a: Arceus|Stealth Rock|p1a: Groudon
|-sidestart|p1: Space14|move: Stealth Rock
|move|p1a: Groudon|Stealth Rock|p2a: Arceus
|-sidestart|p2: DarkboiJ|move: Stealth Rock
|
|-weather|DesolateLand|[upkeep]
|upkeep
|turn|2
|
|t:|1667195890
|move|p2a: Arceus|Toxic|p1a: Groudon
|-status|p1a: Groudon|tox
|move|p1a: Groudon|Precipice Blades|p2a: Arceus
|-damage|p2a: Arceus|54/100
|
|-weather|DesolateLand|[upkeep]
|-damage|p1a: Groudon|94/100 tox|[from] psn
|upkeep
|turn|3
|
|t:|1667195896
|move|p2a: Arceus|Recover|p2a: Arceus
|-heal|p2a: Arceus|100/100
|move|p1a: Groudon|Precipice Blades|p2a: Arceus
|-damage|p2a: Arceus|53/100
|
|-weather|DesolateLand|[upkeep]
|-damage|p1a: Groudon|82/100 tox|[from] psn
|upkeep
|turn|4
|
|t:|1667195902
|-weather|none
|switch|p1a: Cinderace|Cinderace, F|100/100
|move|p2a: Arceus|Recover|p2a: Arceus
|-heal|p2a: Arceus|100/100
|
|upkeep
|turn|5
|
|t:|1667195906
|move|p1a: Cinderace|Pyro Ball|p2a: Arceus
|-damage|p2a: Arceus|61/100
|move|p2a: Arceus|Toxic|p1a: Cinderace|[miss]
|-miss|p2a: Arceus|p1a: Cinderace
|
|upkeep
|turn|6
|
|t:|1667195910
|move|p1a: Cinderace|Pyro Ball|p2a: Arceus
|-damage|p2a: Arceus|21/100
|-status|p2a: Arceus|brn
|move|p2a: Arceus|Recover|p2a: Arceus
|-heal|p2a: Arceus|71/100 brn
|
|-damage|p2a: Arceus|64/100 brn|[from] brn
|upkeep
|turn|7
|
|t:|1667195917
|switch|p2a: Zygarde|Zygarde, shiny|100/100
|-damage|p2a: Zygarde|94/100|[from] Stealth Rock
|move|p1a: Cinderace|Pyro Ball|p2a: Zygarde
|-resisted|p2a: Zygarde
|-damage|p2a: Zygarde|79/100
|
|upkeep
|turn|8
|
|t:|1667195922
|move|p1a: Cinderace|U-turn|p2a: Zygarde
|-start|p1a: Cinderace|typechange|Bug|[from] ability: Libero
|-damage|p2a: Zygarde|62/100
|
|t:|1667195926
|switch|p1a: Xerneas|Xerneas|100/100|[from]move: U-turn
|-damage|p1a: Xerneas|88/100|[from] Stealth Rock
|-ability|p1a: Xerneas|Fairy Aura
|move|p2a: Zygarde|Glare|p1a: Xerneas
|-status|p1a: Xerneas|par
|
|upkeep
|turn|9
|
|t:|1667195934
|move|p2a: Zygarde|Thousand Arrows|p1a: Xerneas
|-damage|p1a: Xerneas|59/100 par
|move|p1a: Xerneas|Moonblast|p2a: Zygarde
|-supereffective|p2a: Zygarde
|-damage|p2a: Zygarde|0 fnt
|faint|p2a: Zygarde
|
|upkeep
|
|t:|1667195944
|switch|p2a: Arceus|Arceus|100/100
|-damage|p2a: Arceus|88/100|[from] Stealth Rock
|turn|10
|
|t:|1667195950
|switch|p1a: Cinderace|Cinderace, F|100/100
|move|p2a: Arceus|Swords Dance|p2a: Arceus
|-boost|p2a: Arceus|atk|2
|
|upkeep
|turn|11
|
|t:|1667195957
|move|p2a: Arceus|Extreme Speed|p1a: Cinderace
|-damage|p1a: Cinderace|0 fnt
|faint|p1a: Cinderace
|
|upkeep
|
|t:|1667195961
|switch|p1a: Ditto|Ditto, shiny|100/100
|-damage|p1a: Ditto|88/100|[from] Stealth Rock
|-transform|p1a: Ditto|p2a: Arceus|[from] ability: Imposter
|turn|12
|
|t:|1667195965
|move|p1a: Ditto|Extreme Speed|p2a: Arceus
|-damage|p2a: Arceus|35/100
|move|p2a: Arceus|Extreme Speed|p1a: Ditto
|-damage|p1a: Ditto|3/100
|
|upkeep
|turn|13
|
|t:|1667195980
|switch|p2a: Arceus|Arceus-Fairy|64/100 brn
|-damage|p2a: Arceus|52/100 brn|[from] Stealth Rock
|move|p1a: Ditto|Extreme Speed|p2a: Arceus
|-damage|p2a: Arceus|0 fnt
|faint|p2a: Arceus
|
|upkeep
|
|t:|1667195986
|switch|p2a: Zygarde|Zygarde, shiny|100/100
|-damage|p2a: Zygarde|94/100|[from] Stealth Rock
|turn|14
|
|t:|1667195989
|move|p1a: Ditto|Extreme Speed|p2a: Zygarde
|-damage|p2a: Zygarde|30/100
|move|p2a: Zygarde|Thousand Arrows|p1a: Ditto
|-damage|p1a: Ditto|0 fnt
|faint|p1a: Ditto
|
|-heal|p2a: Zygarde|36/100|[from] item: Leftovers
|-activate|p2a: Zygarde|ability: Power Construct
|detailschange|p2a: Zygarde|Zygarde-Complete, shiny
|-heal|p2a: Zygarde|58/100|[silent]
|upkeep
|
|t:|1667195995
|switch|p1a: Xerneas|Xerneas|59/100 par
|-damage|p1a: Xerneas|46/100 par|[from] Stealth Rock
|-ability|p1a: Xerneas|Fairy Aura
|turn|15
|
|t:|1667196004
|switch|p2a: Arceus|Arceus|35/100
|-damage|p2a: Arceus|22/100|[from] Stealth Rock
|-start|p1a: Xerneas|Dynamax|
|-heal|p1a: Xerneas|46/100 par|[silent]
|cant|p1a: Xerneas|par
|
|upkeep
|turn|16
|
|t:|1667196020
|move|p2a: Arceus|Extreme Speed|p1a: Xerneas
|-damage|p1a: Xerneas|26/100 par
|move|p1a: Xerneas|Max Starfall|p2a: Arceus
|-damage|p2a: Arceus|0 fnt
|-fieldstart|move: Misty Terrain
|faint|p2a: Arceus
|
|upkeep
|inactive|DarkboiJ has 120 seconds left.
|
|t:|1667196048
|switch|p2a: Ditto|Ditto, shiny|100/100
|-damage|p2a: Ditto|88/100|[from] Stealth Rock
|-transform|p2a: Ditto|p1a: Xerneas|[from] ability: Imposter
|-ability|p2a: Ditto|Fairy Aura
|turn|17
|inactive|DarkboiJ has 120 seconds left.
|
|t:|1667196057
|move|p2a: Ditto|Moonblast|p1a: Xerneas
|-damage|p1a: Xerneas|0 fnt
|faint|p1a: Xerneas
|
|upkeep
|
|t:|1667196061
|switch|p1a: Groudon|Groudon-Primal|82/100 tox
|-damage|p1a: Groudon|70/100 tox|[from] Stealth Rock
|-weather|DesolateLand|[from] ability: Desolate Land|[of] p1a: Groudon
|turn|18
|
|t:|1667196065
|switch|p2a: Zygarde|Zygarde-Complete, shiny|58/100
|-damage|p2a: Zygarde|52/100|[from] Stealth Rock
|move|p1a: Groudon|Precipice Blades|p2a: Zygarde
|-damage|p2a: Zygarde|20/100
|
|-weather|DesolateLand|[upkeep]
|-heal|p2a: Zygarde|26/100|[from] item: Leftovers
|-damage|p1a: Groudon|63/100 tox|[from] psn
|upkeep
|turn|19
|
|t:|1667196072
|move|p1a: Groudon|Precipice Blades|p2a: Zygarde
|-damage|p2a: Zygarde|0 fnt
|faint|p2a: Zygarde
|
|-weather|DesolateLand|[upkeep]
|-damage|p1a: Groudon|51/100 tox|[from] psn
|upkeep
|
|t:|1667196080
|switch|p2a: Mewtwo|Mewtwo|100/100
|-damage|p2a: Mewtwo|88/100|[from] Stealth Rock
|-ability|p2a: Mewtwo|Pressure
|turn|20
|
|t:|1667196086
|detailschange|p2a: Mewtwo|Mewtwo-Mega-X
|-mega|p2a: Mewtwo|Mewtwo|Mewtwonite X
|move|p2a: Mewtwo|Bulk Up|p2a: Mewtwo
|-boost|p2a: Mewtwo|atk|1
|-boost|p2a: Mewtwo|def|1
|move|p1a: Groudon|Precipice Blades|p2a: Mewtwo
|-damage|p2a: Mewtwo|52/100
|
|-weather|DesolateLand|[upkeep]
|-damage|p1a: Groudon|32/100 tox|[from] psn
|-fieldend|Misty Terrain
|upkeep
|turn|21
|
|t:|1667196092
|move|p2a: Mewtwo|Drain Punch|p1a: Groudon
|-damage|p1a: Groudon|0 fnt
|-heal|p2a: Mewtwo|67/100|[from] drain|[of] p1a: Groudon
|faint|p1a: Groudon
|-weather|none
|
|upkeep
|
|t:|1667196099
|switch|p1a: Rayquaza|Rayquaza|100/100
|-damage|p1a: Rayquaza|76/100|[from] Stealth Rock
|-ability|p1a: Rayquaza|Air Lock
|turn|22
|
|t:|1667196102
|detailschange|p1a: Rayquaza|Rayquaza-Mega
|-mega|p1a: Rayquaza|Rayquaza|
|-weather|DeltaStream|[from] ability: Delta Stream|[of] p1a: Rayquaza
|move|p2a: Mewtwo|Ice Punch|p1a: Rayquaza
|-activate||deltastream
|-supereffective|p1a: Rayquaza
|-damage|p1a: Rayquaza|0 fnt
|faint|p1a: Rayquaza
|-weather|none
|
|upkeep
|
|t:|1667196104
|switch|p1a: Vivillon|Vivillon-Fancy, F|100/100
|-damage|p1a: Vivillon|51/100|[from] Stealth Rock
|turn|23
|
|t:|1667196107
|move|p2a: Mewtwo|Psycho Cut|p1a: Vivillon
|-damage|p1a: Vivillon|0 fnt
|faint|p1a: Vivillon
|
|win|DarkboiJ
|raw|Space14's rating: 1733 &rarr; <strong>1726</strong><br />(-7 for losing)
|raw|DarkboiJ's rating: 1994 &rarr; <strong>2001</strong><br />(+7 for winning)
|l|☆Space14
