|j|☆Isnezhny
|j|☆ZifraMixer
|t:|1652512133
|gametype|singles
|player|p1|Isnezhny|grimsley-gen7|1761
|player|p2|ZifraMixer|265|1729
|teamsize|p1|6
|teamsize|p2|6
|gen|8
|tier|[Gen 8] National Dex AG
|rated|
|rule|HP Percentage Mod: HP is shown in percentages
|rule|Endless Battle Clause: Forcing endless battles is banned
|clearpoke
|poke|p1|Hatterene, F|
|poke|p1|Melmetal|
|poke|p1|Porygon2|
|poke|p1|Xerneas-*|
|poke|p1|Arceus-*|
|poke|p1|Palkia|
|poke|p2|Marshadow|
|poke|p2|Arceus-*|
|poke|p2|Calyrex-Shadow|
|poke|p2|Ho-Oh|
|poke|p2|Yveltal|
|poke|p2|Zacian-*|
|teampreview
|c|☆ZifraMixer|Оо
|c|☆ZifraMixer|Даровай айс)
|
|t:|1652512168
|start
|switch|p1a: Wizz|Hatterene, F|100/100
|switch|p2a: Zacian|Zacian-Crowned|100/100
|-ability|p2a: Zacian|Intrepid Sword|boost
|-boost|p2a: Zacian|atk|1
|turn|1
|c|☆Isnezhny|А
|c|☆Isnezhny|ОО
|c|☆Isnezhny|Привет
|
|t:|1652512182
|move|p2a: Zacian|Behemoth Blade|p1a: Wizz
|-supereffective|p1a: Wizz
|-enditem|p1a: Wizz|Focus Sash
|-damage|p1a: Wizz|1/100
|move|p1a: Wizz|Trick Room|p1a: Wizz
|-fieldstart|move: Trick Room|[of] p1a: Wizz
|
|upkeep
|turn|2
|c|☆ZifraMixer|Трик рум дай угадаю?
|c|☆Isnezhny|Конечно)
|
|t:|1652512196
|switch|p2a: Ho-Oh|Ho-Oh|100/100
|move|p1a: Wizz|Healing Wish|p1a: Wizz
|faint|p1a: Wizz
|
|upkeep
|
|t:|1652512205
|switch|p1a: Collapse|Palkia|100/100
|-ability|p1a: Collapse|Pressure
|turn|3
|
|t:|1652512211
|move|p1a: Collapse|Hydro Pump|p2a: Ho-Oh
|-supereffective|p2a: Ho-Oh
|-damage|p2a: Ho-Oh|34/100
|move|p2a: Ho-Oh|Toxic|p1a: Collapse
|-status|p1a: Collapse|tox
|
|-damage|p1a: Collapse|94/100 tox|[from] psn
|upkeep
|turn|4
|
|t:|1652512226
|switch|p2a: Yveltal|Yveltal|100/100
|-ability|p2a: Yveltal|Dark Aura
|move|p1a: Collapse|Hydro Pump|p2a: Yveltal
|-damage|p2a: Yveltal|24/100
|
|-damage|p1a: Collapse|82/100 tox|[from] psn
|upkeep
|turn|5
|
|t:|1652512237
|switch|p1a: 3.14 Two|Porygon2|100/100
|-ability|p1a: 3.14 Two|Dark Aura|[from] ability: Trace|[of] p2a: Yveltal
|-ability|p1a: 3.14 Two|Dark Aura
|move|p2a: Yveltal|Sucker Punch||[still]
|-fail|p2a: Yveltal
|
|-fieldend|move: Trick Room
|upkeep
|turn|6
|
|t:|1652512241
|move|p2a: Yveltal|Knock Off|p1a: 3.14 Two
|-crit|p1a: 3.14 Two
|-damage|p1a: 3.14 Two|39/100
|-enditem|p1a: 3.14 Two|Eviolite|[from] move: Knock Off|[of] p2a: Yveltal
|-damage|p2a: Yveltal|14/100|[from] item: Life Orb
|move|p1a: 3.14 Two|Trick Room|p1a: 3.14 Two
|-fieldstart|move: Trick Room|[of] p1a: 3.14 Two
|
|upkeep
|turn|7
|
|t:|1652512255
|move|p2a: Yveltal|Sucker Punch||[still]
|-fail|p2a: Yveltal
|move|p1a: 3.14 Two|Recover|p1a: 3.14 Two
|-heal|p1a: 3.14 Two|89/100
|
|upkeep
|turn|8
|
|t:|1652512259
|move|p2a: Yveltal|Sucker Punch||[still]
|-fail|p2a: Yveltal
|move|p1a: 3.14 Two|Teleport|p1a: 3.14 Two
|j| SpaceSpeakers ♫
|
|t:|1652512272
|switch|p1a: Blacksmith|Melmetal|100/100|[from]move: Teleport
|
|upkeep
|turn|9
|
|t:|1652512278
|move|p2a: Yveltal|Sucker Punch|p1a: Blacksmith
|-damage|p1a: Blacksmith|76/100
|-damage|p2a: Yveltal|5/100|[from] item: Life Orb
|move|p1a: Blacksmith|Double Iron Bash|p2a: Yveltal
|-damage|p2a: Yveltal|0 fnt
|faint|p2a: Yveltal
|-hitcount|p2: Yveltal|1
|-damage|p1a: Blacksmith|66/100|[from] item: Life Orb
|
|upkeep
|
|t:|1652512283
|switch|p2a: Arceus|Arceus-Ground|100/100
|turn|10
|
|t:|1652512291
|switch|p1a: Moonlight|Xerneas|100/100
|-ability|p1a: Moonlight|Fairy Aura
|move|p2a: Arceus|Judgment|p1a: Moonlight
|-damage|p1a: Moonlight|54/100
|
|-fieldend|move: Trick Room
|upkeep
|turn|11
|
|t:|1652512297
|move|p2a: Arceus|Judgment|p1a: Moonlight
|-damage|p1a: Moonlight|4/100
|move|p1a: Moonlight|Moonblast|p2a: Arceus
|-damage|p2a: Arceus|31/100
|
|upkeep
|turn|12
|
|t:|1652512309
|move|p2a: Arceus|Judgment|p1a: Moonlight
|-damage|p1a: Moonlight|0 fnt
|faint|p1a: Moonlight
|
|upkeep
|
|t:|1652512324
|switch|p1a: Collapse|Palkia|82/100 tox
|-heal|p1a: Collapse|100/100|[from] move: Healing Wish
|-ability|p1a: Collapse|Pressure
|turn|13
|
|t:|1652512341
|move|p2a: Arceus|Judgment|p1a: Collapse
|-damage|p1a: Collapse|50/100
|move|p1a: Collapse|Trick Room|p1a: Collapse
|-fieldstart|move: Trick Room|[of] p1a: Collapse
|
|upkeep
|turn|14
|
|t:|1652512357
|move|p1a: Collapse|Spacial Rend|p2a: Arceus
|-damage|p2a: Arceus|0 fnt
|faint|p2a: Arceus
|
|upkeep
|
|t:|1652512372
|switch|p2a: Ho-Oh|Ho-Oh|67/100
|turn|15
|
|t:|1652512384
|-start|p1a: Collapse|Dynamax|
|-heal|p1a: Collapse|50/100|[silent]
|move|p1a: Collapse|Max Geyser|p2a: Ho-Oh
|-supereffective|p2a: Ho-Oh
|-damage|p2a: Ho-Oh|0 fnt
|-weather|RainDance
|faint|p2a: Ho-Oh
|
|-weather|RainDance|[upkeep]
|upkeep
|
|t:|1652512398
|switch|p2a: Zacian|Zacian-Crowned|100/100
|-ability|p2a: Zacian|Intrepid Sword|boost
|-boost|p2a: Zacian|atk|1
|turn|16
|
|t:|1652512403
|move|p1a: Collapse|Max Geyser|p2a: Zacian
|-damage|p2a: Zacian|0 fnt
|faint|p2a: Zacian
|
|-weather|RainDance|[upkeep]
|upkeep
|
|t:|1652512407
|switch|p2a: Calyrex|Calyrex-Shadow|100/100
|-ability|p2a: Calyrex|As One
|-ability|p2a: Calyrex|Unnerve
|turn|17
|
|t:|1652512419
|-start|p2a: Calyrex|Dynamax|
|-heal|p2a: Calyrex|100/100|[silent]
|move|p2a: Calyrex|Max Guard|p2a: Calyrex
|-singleturn|p2a: Calyrex|Max Guard
|move|p1a: Collapse|Max Geyser|p2a: Calyrex
|-activate|p2a: Calyrex|move: Max Guard
|
|-weather|RainDance|[upkeep]
|-fieldend|move: Trick Room
|upkeep
|-end|p1a: Collapse|Dynamax
|-heal|p1a: Collapse|50/100|[silent]
|turn|18
|
|t:|1652512430
|switch|p1a: 3.14 Two|Porygon2|89/100
|move|p2a: Calyrex|Max Phantasm|p1a: 3.14 Two
|-immune|p1a: 3.14 Two
|
|-weather|RainDance|[upkeep]
|upkeep
|turn|19
|
|t:|1652512436
|move|p2a: Calyrex|Max Starfall|p1a: 3.14 Two
|-damage|p1a: 3.14 Two|59/100
|-fieldstart|move: Misty Terrain
|move|p1a: 3.14 Two|Trick Room|p1a: 3.14 Two
|-fieldstart|move: Trick Room|[of] p1a: 3.14 Two
|
|-weather|none
|upkeep
|-end|p2a: Calyrex|Dynamax
|-heal|p2a: Calyrex|100/100|[silent]
|turn|20
|
|t:|1652512446
|move|p1a: 3.14 Two|Foul Play|p2a: Calyrex
|-supereffective|p2a: Calyrex
|-damage|p2a: Calyrex|26/100
|move|p2a: Calyrex|Nasty Plot|p2a: Calyrex
|-boost|p2a: Calyrex|spa|2
|
|upkeep
|turn|21
|
|t:|1652512454
|move|p2a: Calyrex|Psyshock|p1a: 3.14 Two
|-damage|p1a: 3.14 Two|0 fnt
|faint|p1a: 3.14 Two
|-ability|p2a: Calyrex|Grim Neigh|boost
|-boost|p2a: Calyrex|spa|1
|
|upkeep
|
|t:|1652512458
|switch|p1a: Blacksmith|Melmetal|66/100
|turn|22
|
|t:|1652512462
|move|p1a: Blacksmith|Double Iron Bash|p2a: Calyrex
|-damage|p2a: Calyrex|0 fnt
|faint|p2a: Calyrex
|-hitcount|p2: Calyrex|1
|-damage|p1a: Blacksmith|56/100|[from] item: Life Orb
|
|upkeep
|
|t:|1652512472
|switch|p2a: Marshadow|Marshadow|100/100
|turn|23
|
|t:|1652512478
|move|p1a: Blacksmith|Double Iron Bash|p2a: Marshadow
|-damage|p2a: Marshadow|33/100
|-damage|p2a: Marshadow|0 fnt
|faint|p2a: Marshadow
|-hitcount|p2: Marshadow|2
|-damage|p1a: Blacksmith|46/100|[from] item: Life Orb
|
|win|Isnezhny
|raw|Isnezhny's rating: 1761 &rarr; <strong>1779</strong><br />(+18 for winning)
|raw|ZifraMixer's rating: 1729 &rarr; <strong>1711</strong><br />(-18 for losing)
|c|☆Isnezhny|гг
