|j|☆09-10a
|j|☆CLEAR GEM清瑜
|t:|1663034483
|gametype|singles
|player|p1|09-10a|cheren|1753
|player|p2|CLEAR GEM清瑜|skierf|1910
|teamsize|p1|6
|teamsize|p2|6
|gen|8
|tier|[Gen 8] National Dex AG
|rated|
|rule|HP Percentage Mod: HP is shown in percentages
|rule|Endless Battle Clause: Forcing endless battles is banned
|clearpoke
|poke|p1|Zygarde|
|poke|p1|Necrozma-Dusk-Mane|
|poke|p1|Arceus-*|
|poke|p1|Gengar, M|
|poke|p1|Groudon|
|poke|p1|Yveltal|
|poke|p2|Rayquaza|
|poke|p2|Groudon|
|poke|p2|Necrozma-Dusk-Mane|
|poke|p2|Arceus-*|
|poke|p2|Zacian-*|
|poke|p2|Yveltal|
|teampreview
|inactive|Battle timer is ON: inactive players will automatically lose when time's up. (requested by 09-10a)
|
|t:|1663034491
|start
|switch|p1a: Gengar|Gengar, M|100/100
|switch|p2a: Y鸟|Yveltal|100/100
|-ability|p2a: Y鸟|Dark Aura
|turn|1
|
|t:|1663034525
|detailschange|p1a: Gengar|Gengar-Mega, M
|-mega|p1a: Gengar|Gengar|Gengarite
|move|p1a: Gengar|Substitute|p1a: Gengar
|-start|p1a: Gengar|Substitute
|-damage|p1a: Gengar|75/100
|move|p2a: Y鸟|Taunt|p1a: Gengar
|-start|p1a: Gengar|move: Taunt
|
|upkeep
|turn|2
|
|t:|1663034530
|switch|p1a: Arceus|Arceus-Fairy|100/100
|move|p2a: Y鸟|Oblivion Wing|p1a: Arceus
|-damage|p1a: Arceus|59/100
|-damage|p2a: Y鸟|91/100|[from] item: Life Orb
|
|upkeep
|turn|3
|j| anidiotnon
|inactive|09-10a has 120 seconds left.
|l| anidiotnon
|inactive|09-10a has 90 seconds left.
|inactive|09-10a has 60 seconds left.
|inactive|09-10a has 30 seconds left.
|inactive|09-10a has 20 seconds left.
|inactive|09-10a has 15 seconds left.
|
|t:|1663034661
|switch|p2a: 钢铁之躯|Necrozma-Dusk-Mane|100/100
|move|p1a: Arceus|Recover|p1a: Arceus
|-heal|p1a: Arceus|100/100
|
|upkeep
|turn|4
|inactive|09-10a has 25 seconds left this turn.
|
|t:|1663034666
|switch|p1a: Yveltal|Yveltal|100/100
|-ability|p1a: Yveltal|Dark Aura
|move|p2a: 钢铁之躯|Dragon Dance|p2a: 钢铁之躯
|-boost|p2a: 钢铁之躯|atk|1
|-boost|p2a: 钢铁之躯|spe|1
|
|upkeep
|turn|5
|inactive|09-10a has 30 seconds left.
|
|t:|1663034674
|switch|p1a: Zygarde|Zygarde|100/100
|detailschange|p2a: 钢铁之躯|Necrozma-Ultra
|-burst|p2a: 钢铁之躯|Necrozma|Ultranecrozium Z
|move|p2a: 钢铁之躯|Stone Edge|p1a: Zygarde
|-resisted|p1a: Zygarde
|-damage|p1a: Zygarde|79/100
|
|-heal|p1a: Zygarde|85/100|[from] item: Leftovers
|upkeep
|turn|6
|
|t:|1663034679
|switch|p1a: Yveltal|Yveltal|100/100
|-ability|p1a: Yveltal|Dark Aura
|-zpower|p2a: 钢铁之躯
|move|p2a: 钢铁之躯|Light That Burns the Sky|p1a: Yveltal|[zeffect]
|-immune|p1a: Yveltal
|
|upkeep
|turn|7
|inactive|09-10a has 30 seconds left.
|inactive|09-10a has 20 seconds left.
|inactive|09-10a has 15 seconds left.
|inactive|09-10a has 10 seconds left.
|
|t:|1663034722
|switch|p1a: Zygarde|Zygarde|85/100
|move|p2a: 钢铁之躯|Stone Edge|p1a: Zygarde
|-resisted|p1a: Zygarde
|-damage|p1a: Zygarde|66/100
|
|-heal|p1a: Zygarde|73/100|[from] item: Leftovers
|upkeep
|turn|8
|inactive|09-10a has 20 seconds left this turn.
|
|t:|1663034725
|move|p2a: 钢铁之躯|Photon Geyser|p1a: Zygarde
|-damage|p1a: Zygarde|9/100
|move|p1a: Zygarde|Coil|p1a: Zygarde
|-boost|p1a: Zygarde|atk|1
|-boost|p1a: Zygarde|def|1
|-boost|p1a: Zygarde|accuracy|1
|
|-heal|p1a: Zygarde|15/100|[from] item: Leftovers
|-activate|p1a: Zygarde|ability: Power Construct
|detailschange|p1a: Zygarde|Zygarde-Complete
|-heal|p1a: Zygarde|44/100|[silent]
|upkeep
|turn|9
|inactive|09-10a has 30 seconds left this turn.
|inactive|09-10a has 20 seconds left.
|inactive|09-10a has 15 seconds left.
|inactive|09-10a has 10 seconds left.
|inactive|09-10a has 5 seconds left.
|-message|09-10a lost due to inactivity.
|
|win|CLEAR GEM清瑜
|raw|09-10a's rating: 1753 &rarr; <strong>1741</strong><br />(-12 for losing)
|raw|CLEAR GEM清瑜's rating: 1910 &rarr; <strong>1922</strong><br />(+12 for winning)
||Ladder isn't responding, score probably updated but might not have (Request timeout).
