|j|☆Chompychipper
|j|☆foggydaugie
|t:|1666389605
|gametype|singles
|player|p1|Chompychipper|maxie-gen6|1699
|player|p2|foggydaugie|silver|1718
|teamsize|p1|6
|teamsize|p2|6
|gen|8
|tier|[Gen 8] National Dex AG
|rated|
|rule|HP Percentage Mod: HP is shown in percentages
|rule|Endless Battle Clause: Forcing endless battles is banned
|clearpoke
|poke|p1|Groudon|
|poke|p1|Groudon|
|poke|p1|Groudon|
|poke|p1|Groudon|
|poke|p1|Groudon|
|poke|p1|Groudon|
|poke|p2|Calyrex-Shadow|
|poke|p2|Ho-Oh|
|poke|p2|Rayquaza|
|poke|p2|Necrozma-Dusk-Mane|
|poke|p2|Yveltal|
|poke|p2|Ditto|
|teampreview
|inactive|Battle timer is ON: inactive players will automatically lose when time's up. (requested by foggydaugie)
|
|t:|1666389612
|start
|switch|p1a: Groudon|Groudon|100/100
|switch|p2a: Ultra Necrozma!!1|Necrozma-Dusk-Mane|100/100
|-weather|SunnyDay|[from] ability: Drought|[of] p1a: Groudon
|turn|1
|
|t:|1666389616
|move|p1a: Groudon|Stealth Rock|p2a: Ultra Necrozma!!1
|-sidestart|p2: foggydaugie|move: Stealth Rock
|move|p2a: Ultra Necrozma!!1|Knock Off|p1a: Groudon
|-damage|p1a: Groudon|80/100
|-enditem|p1a: Groudon|Safety Goggles|[from] move: Knock Off|[of] p2a: Ultra Necrozma!!1
|
|-weather|SunnyDay|[upkeep]
|upkeep
|turn|2
|
|t:|1666389627
|move|p1a: Groudon|Earthquake|p2a: Ultra Necrozma!!1
|-supereffective|p2a: Ultra Necrozma!!1
|-damage|p2a: Ultra Necrozma!!1|53/100
|move|p2a: Ultra Necrozma!!1|Sunsteel Strike|p1a: Groudon
|-damage|p1a: Groudon|50/100
|
|-weather|SunnyDay|[upkeep]
|upkeep
|turn|3
|
|t:|1666389633
|move|p1a: Groudon|Earthquake|p2a: Ultra Necrozma!!1
|-supereffective|p2a: Ultra Necrozma!!1
|-damage|p2a: Ultra Necrozma!!1|0 fnt
|faint|p2a: Ultra Necrozma!!1
|
|-weather|SunnyDay|[upkeep]
|upkeep
|
|t:|1666389640
|switch|p2a: only child|Rayquaza|100/100
|-damage|p2a: only child|76/100|[from] Stealth Rock
|-ability|p2a: only child|Air Lock
|turn|4
|
|t:|1666389651
|detailschange|p2a: only child|Rayquaza-Mega
|-mega|p2a: only child|Rayquaza|
|-weather|DeltaStream|[from] ability: Delta Stream|[of] p2a: only child
|move|p2a: only child|Dragon Dance|p2a: only child
|-boost|p2a: only child|atk|1
|-boost|p2a: only child|spe|1
|move|p1a: Groudon|Roar|p2a: only child
|-weather|none
|drag|p2a: Holy or some shit|Ho-Oh|100/100
|
|upkeep
|turn|5
|
|t:|1666389664
|switch|p1a: Groudon|Groudon|100/100
|detailschange|p1a: Groudon|Groudon-Primal
|-primal|p1a: Groudon
|-weather|DesolateLand|[from] ability: Desolate Land|[of] p1a: Groudon
|move|p2a: Holy or some shit|Whirlwind|p1a: Groudon
|-weather|none
|drag|p1a: Groudon|Groudon|100/100
|detailschange|p1a: Groudon|Groudon-Primal
|-primal|p1a: Groudon
|-weather|DesolateLand|[from] ability: Desolate Land|[of] p1a: Groudon
|
|-weather|DesolateLand|[upkeep]
|upkeep
|turn|6
|
|t:|1666389674
|move|p2a: Holy or some shit|Toxic|p1a: Groudon
|-status|p1a: Groudon|tox
|move|p1a: Groudon|Stone Edge|p2a: Holy or some shit|[miss]
|-miss|p1a: Groudon|p2a: Holy or some shit
|
|-weather|DesolateLand|[upkeep]
|-damage|p1a: Groudon|94/100 tox|[from] psn
|upkeep
|turn|7
|
|t:|1666389681
|switch|p2a: Identity Crisis|Ditto|100/100
|-damage|p2a: Identity Crisis|88/100|[from] Stealth Rock
|-transform|p2a: Identity Crisis|p1a: Groudon|[from] ability: Imposter
|move|p1a: Groudon|Stone Edge|p2a: Identity Crisis|[miss]
|-miss|p1a: Groudon|p2a: Identity Crisis
|
|-weather|DesolateLand|[upkeep]
|-damage|p1a: Groudon|82/100 tox|[from] psn
|upkeep
|turn|8
|
|t:|1666389689
|switch|p1a: Groudon|Groudon|50/100
|-ability|p1a: Groudon|Drought|[from] desolateland|[fail]
|move|p2a: Identity Crisis|Precipice Blades|p1a: Groudon
|-damage|p1a: Groudon|8/100
|
|-weather|DesolateLand|[upkeep]
|upkeep
|turn|9
|
|t:|1666389693
|move|p2a: Identity Crisis|Precipice Blades|p1a: Groudon
|-damage|p1a: Groudon|0 fnt
|faint|p1a: Groudon
|
|-weather|DesolateLand|[upkeep]
|upkeep
|
|t:|1666389710
|switch|p1a: Groudon|Groudon|100/100
|-ability|p1a: Groudon|Drought|[from] desolateland|[fail]
|turn|10
|
|t:|1666389715
|-start|p1a: Groudon|Dynamax|
|-heal|p1a: Groudon|100/100|[silent]
|move|p2a: Identity Crisis|Precipice Blades|p1a: Groudon
|-damage|p1a: Groudon|74/100
|move|p1a: Groudon|Max Airstream|p2a: Identity Crisis
|-damage|p2a: Identity Crisis|54/100
|-boost|p1a: Groudon|spe|1
|
|-weather|DesolateLand|[upkeep]
|upkeep
|turn|11
|
|t:|1666389723
|-weather|none
|switch|p2a: Holy or some shit|Ho-Oh|100/100
|move|p1a: Groudon|Max Quake|p2a: Holy or some shit
|-immune|p2a: Holy or some shit
|
|upkeep
|turn|12
|
|t:|1666389726
|move|p1a: Groudon|Max Rockfall|p2a: Holy or some shit
|-supereffective|p2a: Holy or some shit
|-damage|p2a: Holy or some shit|0 fnt
|-weather|Sandstorm
|faint|p2a: Holy or some shit
|
|-weather|Sandstorm|[upkeep]
|upkeep
|
|t:|1666389735
|switch|p2a: only child|Rayquaza-Mega|76/100
|-damage|p2a: only child|51/100|[from] Stealth Rock
|-weather|DeltaStream|[from] ability: Delta Stream|[of] p2a: only child
|-end|p1a: Groudon|Dynamax
|-heal|p1a: Groudon|74/100|[silent]
|turn|13
|
|t:|1666389740
|move|p1a: Groudon|Stone Edge|p2a: only child
|-activate||deltastream
|-damage|p2a: only child|1/100
|move|p2a: only child|Dragon Dance|p2a: only child
|-boost|p2a: only child|atk|1
|-boost|p2a: only child|spe|1
|
|-weather|DeltaStream|[upkeep]
|upkeep
|turn|14
|
|t:|1666389746
|move|p2a: only child|Dragon Ascent|p1a: Groudon
|-damage|p1a: Groudon|0 fnt
|-unboost|p2a: only child|def|1
|-unboost|p2a: only child|spd|1
|faint|p1a: Groudon
|-damage|p2a: only child|0 fnt|[from] item: Life Orb
|faint|p2a: only child
|-weather|none
|
|upkeep
|
|t:|1666389775
|switch|p2a: Identity Crisis|Ditto|54/100
|switch|p1a: Groudon|Groudon-Primal|82/100 tox
|-weather|DesolateLand|[from] ability: Desolate Land|[of] p1a: Groudon
|-damage|p2a: Identity Crisis|42/100|[from] Stealth Rock
|-transform|p2a: Identity Crisis|p1a: Groudon|[from] ability: Imposter
|turn|15
|
|t:|1666389795
|move|p2a: Identity Crisis|Precipice Blades|p1a: Groudon|[miss]
|-miss|p2a: Identity Crisis|p1a: Groudon
|move|p1a: Groudon|Precipice Blades|p2a: Identity Crisis
|-supereffective|p2a: Identity Crisis
|-damage|p2a: Identity Crisis|0 fnt
|faint|p2a: Identity Crisis
|
|-weather|DesolateLand|[upkeep]
|-damage|p1a: Groudon|76/100 tox|[from] psn
|upkeep
|
|t:|1666389808
|switch|p2a: Bacon Birb|Yveltal|100/100
|-damage|p2a: Bacon Birb|76/100|[from] Stealth Rock
|-ability|p2a: Bacon Birb|Dark Aura
|turn|16
|
|t:|1666389812
|-start|p2a: Bacon Birb|Dynamax|
|-heal|p2a: Bacon Birb|76/100|[silent]
|move|p2a: Bacon Birb|Max Airstream|p1a: Groudon
|-damage|p1a: Groudon|13/100 tox
|-boost|p2a: Bacon Birb|spe|1
|-damage|p2a: Bacon Birb|71/100|[from] item: Life Orb
|move|p1a: Groudon|Stone Edge|p2a: Bacon Birb
|-supereffective|p2a: Bacon Birb
|-damage|p2a: Bacon Birb|25/100
|
|-weather|DesolateLand|[upkeep]
|-damage|p1a: Groudon|1/100 tox|[from] psn
|upkeep
|turn|17
|
|t:|1666389822
|move|p2a: Bacon Birb|Max Airstream|p1a: Groudon
|-damage|p1a: Groudon|0 fnt
|-boost|p2a: Bacon Birb|spe|1
|faint|p1a: Groudon
|-weather|none
|-damage|p2a: Bacon Birb|20/100|[from] item: Life Orb
|
|upkeep
|
|t:|1666389832
|switch|p1a: Groudon|Groudon-Primal|100/100
|-weather|DesolateLand|[from] ability: Desolate Land|[of] p1a: Groudon
|turn|18
|
|t:|1666389835
|move|p2a: Bacon Birb|Max Darkness|p1a: Groudon
|-damage|p1a: Groudon|0 fnt
|faint|p1a: Groudon
|-weather|none
|-damage|p2a: Bacon Birb|15/100|[from] item: Life Orb
|
|upkeep
|
|t:|1666389843
|switch|p1a: Groudon|Groudon|100/100
|detailschange|p1a: Groudon|Groudon-Primal
|-primal|p1a: Groudon
|-weather|DesolateLand|[from] ability: Desolate Land|[of] p1a: Groudon
|-end|p2a: Bacon Birb|Dynamax
|-heal|p2a: Bacon Birb|15/100|[silent]
|turn|19
|
|t:|1666389851
|move|p2a: Bacon Birb|Dark Pulse|p1a: Groudon
|-damage|p1a: Groudon|22/100
|-damage|p2a: Bacon Birb|5/100|[from] item: Life Orb
|cant|p1a: Groudon|flinch
|
|-weather|DesolateLand|[upkeep]
|upkeep
|turn|20
|
|t:|1666389856
|move|p2a: Bacon Birb|Oblivion Wing|p1a: Groudon
|-damage|p1a: Groudon|0 fnt
|-heal|p2a: Bacon Birb|22/100|[from] drain|[of] p1a: Groudon
|faint|p1a: Groudon
|-weather|none
|-damage|p2a: Bacon Birb|12/100|[from] item: Life Orb
|
|upkeep
|c|☆foggydaugie|nice
|
|t:|1666389859
|switch|p1a: Groudon|Groudon|100/100
|-weather|SunnyDay|[from] ability: Drought|[of] p1a: Groudon
|turn|21
|
|t:|1666389863
|move|p2a: Bacon Birb|Dark Pulse|p1a: Groudon
|-damage|p1a: Groudon|16/100
|-damage|p2a: Bacon Birb|2/100|[from] item: Life Orb
|move|p1a: Groudon|Shadow Claw|p2a: Bacon Birb
|-resisted|p2a: Bacon Birb
|-damage|p2a: Bacon Birb|0 fnt
|faint|p2a: Bacon Birb
|
|-weather|SunnyDay|[upkeep]
|upkeep
|
|t:|1666389868
|switch|p2a: ShadowRex|Calyrex-Shadow|100/100
|-ability|p2a: ShadowRex|As One
|-ability|p2a: ShadowRex|Unnerve
|-damage|p2a: ShadowRex|88/100|[from] Stealth Rock
|turn|22
|c|☆foggydaugie|gg
|
|t:|1666389871
|move|p1a: Groudon|Shadow Claw|p2a: ShadowRex
|-supereffective|p2a: ShadowRex
|-damage|p2a: ShadowRex|0 fnt
|faint|p2a: ShadowRex
|
|win|Chompychipper
|raw|Chompychipper's rating: 1699 &rarr; <strong>1720</strong><br />(+21 for winning)
|raw|foggydaugie's rating: 1718 &rarr; <strong>1697</strong><br />(-21 for losing)
|c|☆Chompychipper|gg
|c|☆foggydaugie|yep
|c|☆foggydaugie|called it
|l|☆foggydaugie
