|j|☆Pixelmon_forever
|j|☆Mori Jin Kato
|t:|1653072475
|gametype|singles
|player|p1|Pixelmon_forever|169|1346
|player|p2|Mori Jin Kato|red|1443
|teamsize|p1|6
|teamsize|p2|6
|gen|8
|tier|[Gen 8] National Dex AG
|rated|
|rule|HP Percentage Mod: HP is shown in percentages
|rule|Endless Battle Clause: Forcing endless battles is banned
|clearpoke
|poke|p1|Ditto|
|poke|p1|Zacian-*|
|poke|p1|Groudon|
|poke|p1|Rayquaza|
|poke|p1|Chansey, F|
|poke|p1|Kyogre|
|poke|p2|Cinderace, M|
|poke|p2|Zacian-*|
|poke|p2|Calyrex-Shadow|
|poke|p2|Dragonite, F|
|poke|p2|Regieleki|
|poke|p2|Ditto|
|teampreview
|inactive|Battle timer is ON: inactive players will automatically lose when time's up. (requested by Mori Jin Kato)
|inactive|Pixelmon_forever also wants the timer to be on.
|inactive|Mori Jin Kato has 120 seconds left.
|
|t:|1653072512
|start
|switch|p1a: Zacian|Zacian-Crowned|100/100
|switch|p2a: Jaecheondaesong|Cinderace, M|100/100
|-ability|p1a: Zacian|Intrepid Sword|boost
|-boost|p1a: Zacian|atk|1
|turn|1
|
|t:|1653072524
|switch|p1a: Ditto|Ditto|100/100
|-transform|p1a: Ditto|p2a: Jaecheondaesong|[from] ability: Imposter
|-start|p2a: Jaecheondaesong|Dynamax|Gmax
|-heal|p2a: Jaecheondaesong|100/100|[silent]
|move|p2a: Jaecheondaesong|G-Max Fireball|p1a: Ditto
|-resisted|p1a: Ditto
|-damage|p1a: Ditto|58/100
|
|upkeep
|turn|2
|
|t:|1653072546
|-start|p1a: Ditto|Dynamax|
|-heal|p1a: Ditto|58/100|[silent]
|move|p1a: Ditto|Max Airstream|p2a: Jaecheondaesong
|-start|p1a: Ditto|typechange|Flying|[from] ability: Libero
|-damage|p2a: Jaecheondaesong|72/100
|-boost|p1a: Ditto|spe|1
|move|p2a: Jaecheondaesong|Max Airstream|p1a: Ditto
|-start|p2a: Jaecheondaesong|typechange|Flying|[from] ability: Libero
|-damage|p1a: Ditto|27/100
|-boost|p2a: Jaecheondaesong|spe|1
|
|upkeep
|turn|3
|
|t:|1653072564
|move|p1a: Ditto|Max Flare|p2a: Jaecheondaesong
|-start|p1a: Ditto|typechange|Fire|[from] ability: Libero
|-damage|p2a: Jaecheondaesong|34/100
|-weather|SunnyDay
|move|p2a: Jaecheondaesong|G-Max Fireball|p1a: Ditto
|-start|p2a: Jaecheondaesong|typechange|Fire|[from] ability: Libero
|-resisted|p1a: Ditto
|-damage|p1a: Ditto|0 fnt
|faint|p1a: Ditto
|
|-weather|SunnyDay|[upkeep]
|upkeep
|
|t:|1653072571
|switch|p1a: Rayquaza|Rayquaza|100/100
|-ability|p1a: Rayquaza|Air Lock
|-end|p2a: Jaecheondaesong|Dynamax
|-heal|p2a: Jaecheondaesong|34/100|[silent]
|turn|4
|c|☆Mori Jin Kato|ty
|c|☆Mori Jin Kato|too early for ditto
|c|☆Mori Jin Kato|dont be too eager next time
|
|t:|1653072588
|detailschange|p1a: Rayquaza|Rayquaza-Mega
|-mega|p1a: Rayquaza|Rayquaza|
|-weather|DeltaStream|[from] ability: Delta Stream|[of] p1a: Rayquaza
|move|p2a: Jaecheondaesong|Sucker Punch|p1a: Rayquaza
|-start|p2a: Jaecheondaesong|typechange|Dark|[from] ability: Libero
|-damage|p1a: Rayquaza|61/100
|move|p1a: Rayquaza|Earthquake|p2a: Jaecheondaesong
|-crit|p2a: Jaecheondaesong
|-damage|p2a: Jaecheondaesong|0 fnt
|faint|p2a: Jaecheondaesong
|
|-weather|DeltaStream|[upkeep]
|upkeep
|
|t:|1653072600
|switch|p2a: Zacian|Zacian-Crowned|100/100
|-ability|p2a: Zacian|Intrepid Sword|boost
|-boost|p2a: Zacian|atk|1
|turn|5
|
|t:|1653072607
|move|p2a: Zacian|Play Rough|p1a: Rayquaza
|-supereffective|p1a: Rayquaza
|-damage|p1a: Rayquaza|0 fnt
|faint|p1a: Rayquaza
|-weather|none
|
|upkeep
|
|t:|1653072609
|switch|p1a: Groudon|Groudon|100/100
|detailschange|p1a: Groudon|Groudon-Primal
|-primal|p1a: Groudon
|-weather|DesolateLand|[from] ability: Desolate Land|[of] p1a: Groudon
|turn|6
|
|t:|1653072616
|switch|p2a: Yeoui|Dragonite, F|100/100
|move|p1a: Groudon|Rock Polish|p1a: Groudon
|-boost|p1a: Groudon|spe|2
|
|-weather|DesolateLand|[upkeep]
|upkeep
|turn|7
|
|t:|1653072622
|move|p1a: Groudon|Eruption|p2a: Yeoui
|-resisted|p2a: Yeoui
|-damage|p2a: Yeoui|61/100
|move|p2a: Yeoui|Dragon Dance|p2a: Yeoui
|-boost|p2a: Yeoui|atk|1
|-boost|p2a: Yeoui|spe|1
|
|-weather|DesolateLand|[upkeep]
|upkeep
|turn|8
|
|t:|1653072628
|move|p1a: Groudon|Dragon Pulse|p2a: Yeoui
|-supereffective|p2a: Yeoui
|-damage|p2a: Yeoui|0 fnt
|faint|p2a: Yeoui
|
|-weather|DesolateLand|[upkeep]
|upkeep
|c|☆Mori Jin Kato|ooo nice moveset
|
|t:|1653072636
|switch|p2a: Seventh Owner|Ditto|100/100
|-transform|p2a: Seventh Owner|p1a: Groudon|[from] ability: Imposter
|turn|9
|
|t:|1653072647
|switch|p1a: Kyogre|Kyogre|100/100
|-ability|p1a: Kyogre|Drizzle|[from] desolateland|[fail]
|move|p2a: Seventh Owner|Earth Power|p1a: Kyogre
|-damage|p1a: Kyogre|61/100
|
|-weather|DesolateLand|[upkeep]
|upkeep
|turn|10
|c|☆Mori Jin Kato|of coursew u run
|c|☆Pixelmon_forever|bro, why y so toxic
|
|t:|1653072668
|-weather|none
|switch|p2a: Zacian|Zacian-Crowned|100/100
|-ability|p2a: Zacian|Intrepid Sword|boost
|-boost|p2a: Zacian|atk|1
|move|p1a: Kyogre|Ice Beam|p2a: Zacian
|-resisted|p2a: Zacian
|-damage|p2a: Zacian|82/100
|
|upkeep
|turn|11
|c|☆Mori Jin Kato|im not lol
|c|☆Mori Jin Kato|ur defensive
|c|☆Pixelmon_forever|i dobn play this shit tier
|c|☆Mori Jin Kato|and salty already
|c|☆Mori Jin Kato|lmao
|c|☆Pixelmon_forever|only fun
|c|☆Mori Jin Kato|im just giving some commentary
|c|☆Mori Jin Kato|relax
|inactive|Mori Jin Kato has 120 seconds left.
|c|☆Mori Jin Kato|its not hat serious
|c|☆Mori Jin Kato|have you ever had banter
|c|☆Mori Jin Kato|in a battle before
|c|☆Mori Jin Kato|then youve played pokemon
|c|☆Mori Jin Kato|or simple conversation
|c|☆Mori Jin Kato|relax
|c|☆Mori Jin Kato|or get offling
|c|☆Mori Jin Kato|sensitive
|c|☆Mori Jin Kato|nancy
|c|☆Mori Jin Kato|lol
|c|☆Mori Jin Kato|glhf
|
|t:|1653072717
|switch|p1a: Zacian|Zacian-Crowned|100/100
|-ability|p1a: Zacian|Intrepid Sword|boost
|-boost|p1a: Zacian|atk|1
|move|p2a: Zacian|Wild Charge|p1a: Zacian
|-damage|p1a: Zacian|51/100
|-damage|p2a: Zacian|70/100|[from] Recoil
|
|upkeep
|turn|12
|
|t:|1653072726
|move|p1a: Zacian|Behemoth Blade|p2a: Zacian
|-damage|p2a: Zacian|0 fnt
|faint|p2a: Zacian
|
|upkeep
|
|t:|1653072731
|switch|p2a: Seventh Owner|Ditto|100/100
|-transform|p2a: Seventh Owner|p1a: Zacian|[from] ability: Imposter
|-ability|p2a: Seventh Owner|Intrepid Sword|boost
|-boost|p2a: Seventh Owner|atk|1
|turn|13
|
|t:|1653072737
|switch|p1a: Kyogre|Kyogre|61/100
|-weather|RainDance|[from] ability: Drizzle|[of] p1a: Kyogre
|move|p2a: Seventh Owner|Behemoth Blade|p1a: Kyogre
|-resisted|p1a: Kyogre
|-crit|p1a: Kyogre
|-damage|p1a: Kyogre|0 fnt
|faint|p1a: Kyogre
|
|-weather|RainDance|[upkeep]
|upkeep
|
|t:|1653072745
|switch|p1a: Groudon|Groudon-Primal|100/100
|-weather|DesolateLand|[from] ability: Desolate Land|[of] p1a: Groudon
|turn|14
|c|☆Mori Jin Kato|you dont play this shit tier
|c|☆Mori Jin Kato|bs
|inactive|Mori Jin Kato has 120 seconds left.
|c|☆Mori Jin Kato|ur lineup says otheriwise
|c|☆Mori Jin Kato|your almost 1500
|c|☆Mori Jin Kato|and u have ditto with u along with kyogre and zacian and groudon
|c|☆Mori Jin Kato|yea ur meta
|c|☆Mori Jin Kato|shh
|c|☆Mori Jin Kato|toxic lmao
|inactive|Pixelmon_forever has 120 seconds left.
|c|☆Mori Jin Kato|your move
|c|☆Pixelmon_forever|i have 1900 in rb, lol 1500 its small rait
|c|☆Mori Jin Kato|yugi boy
|c|☆Mori Jin Kato|?
|c|☆Mori Jin Kato|u gunna make a move?
|
|t:|1653072802
|move|p2a: Seventh Owner|Behemoth Blade|p1a: Groudon
|-resisted|p1a: Groudon
|-damage|p1a: Groudon|62/100
|move|p1a: Groudon|Earth Power|p2a: Seventh Owner
|-supereffective|p2a: Seventh Owner
|-damage|p2a: Seventh Owner|0 fnt
|faint|p2a: Seventh Owner
|
|-weather|DesolateLand|[upkeep]
|upkeep
|c|☆Mori Jin Kato|i dont respond to pettyness
|c|☆Mori Jin Kato|with pettyness
|c|☆Mori Jin Kato|so relax
|inactive|Mori Jin Kato has 90 seconds left.
|
|t:|1653072813
|switch|p2a: Calyrex|Calyrex-Shadow|100/100
|-ability|p2a: Calyrex|As One
|-ability|p2a: Calyrex|Unnerve
|turn|15
|
|t:|1653072820
|move|p2a: Calyrex|Astral Barrage|p1a: Groudon
|-damage|p1a: Groudon|0 fnt
|faint|p1a: Groudon
|-weather|none
|-ability|p2a: Calyrex|Grim Neigh|boost
|-boost|p2a: Calyrex|spa|1
|
|upkeep
|
|t:|1653072826
|switch|p1a: Chansey|Chansey, F|100/100
|turn|16
|
|t:|1653072830
|switch|p2a: Gwendouwin|Regieleki|100/100
|move|p1a: Chansey|Toxic|p2a: Gwendouwin
|-status|p2a: Gwendouwin|tox
|
|-damage|p2a: Gwendouwin|95/100 tox|[from] psn
|upkeep
|turn|17
|inactive|Mori Jin Kato has 120 seconds left.
|c|☆Mori Jin Kato|OH and u carry the staple of every stall main
|c|☆Mori Jin Kato|lmao so yea ur salty u were getting trounced before
|c|☆Mori Jin Kato|now ur about to win
|c|☆Mori Jin Kato|watch the hate talk
|inactive|Mori Jin Kato has 90 seconds left.
|c|☆Mori Jin Kato|prove who u really are to me
|c|☆Mori Jin Kato|watch
|c|☆Mori Jin Kato|lmao
|c|☆Mori Jin Kato|...
|
|t:|1653072875
|switch|p1a: Zacian|Zacian-Crowned|51/100
|-ability|p1a: Zacian|Intrepid Sword|boost
|-boost|p1a: Zacian|atk|1
|move|p2a: Gwendouwin|Explosion|p1a: Zacian
|-resisted|p1a: Zacian
|-damage|p1a: Zacian|0 fnt
|faint|p2a: Gwendouwin
|faint|p1a: Zacian
|
|upkeep
|c|☆Pixelmon_forever|i dont understand english
|inactive|Mori Jin Kato has 90 seconds left.
|c|☆Mori Jin Kato|yea your mom
|c|☆Mori Jin Kato|shoulda taught u better
|c|☆Mori Jin Kato|in homeaschoo
|c|☆Pixelmon_forever|gl next
|c|☆Mori Jin Kato|dumbass
|c|☆Mori Jin Kato|lmao
|c|☆Pixelmon_forever|блять
|c|☆Pixelmon_forever|иди нахуй
|c|&|/log Pixelmon_forever was warned by Artemis (☆Pixelmon_forever: иди нахуй)
|c|&|/raw <small>This action was done automatically. Want to learn more about the AI? <a href="https://www.smogon.com/forums/threads/3570628/#post-9056769">Visit the information thread</a>.</small>
|
|t:|1653072905
|switch|p2a: Calyrex|Calyrex-Shadow|100/100
|switch|p1a: Chansey|Chansey, F|100/100
|-ability|p2a: Calyrex|As One
|-ability|p2a: Calyrex|Unnerve
|turn|18
|c|☆Mori Jin Kato|gg
|
|t:|1653072916
|move|p2a: Calyrex|Psychic|p1a: Chansey
|-damage|p1a: Chansey|87/100
|move|p1a: Chansey|Toxic|p2a: Calyrex
|-status|p2a: Calyrex|tox
|
|-damage|p2a: Calyrex|94/100 tox|[from] psn
|upkeep
|turn|19
|-message|Mori Jin Kato forfeited.
|
|win|Pixelmon_forever
|raw|Pixelmon_forever's rating: 1346 &rarr; <strong>1371</strong><br />(+25 for winning)
|raw|Mori Jin Kato's rating: 1443 &rarr; <strong>1418</strong><br />(-25 for losing)
|l|☆Mori Jin Kato
||Ladder isn't responding, score probably updated but might not have (Request timeout).
