|j|☆85792195wwww
|j|☆Obito152001
|t:|1663883220
|gametype|singles
|player|p1|85792195wwww|lady|1889
|player|p2|Obito152001|lance-gen2|1957
|teamsize|p1|6
|teamsize|p2|6
|gen|8
|tier|[Gen 8] National Dex AG
|rated|
|rule|HP Percentage Mod: HP is shown in percentages
|rule|Endless Battle Clause: Forcing endless battles is banned
|clearpoke
|poke|p1|Kyogre|
|poke|p1|Zacian-*|
|poke|p1|Rayquaza|
|poke|p1|Marshadow|
|poke|p1|Ditto|
|poke|p1|Arceus-*|
|poke|p2|Palkia|
|poke|p2|Ditto|
|poke|p2|Arceus-*|
|poke|p2|Arceus-*|
|poke|p2|Rayquaza|
|poke|p2|Arceus-*|
|teampreview
|inactive|Battle timer is ON: inactive players will automatically lose when time's up. (requested by Obito152001)
|
|t:|1663883236
|start
|switch|p1a: Zacian|Zacian-Crowned|100/100
|switch|p2a: Rayquaza|Rayquaza|100/100
|-ability|p1a: Zacian|Intrepid Sword|boost
|-boost|p1a: Zacian|atk|1
|-ability|p2a: Rayquaza|Air Lock
|turn|1
|
|t:|1663883246
|switch|p1a: Rayquaza|Rayquaza|100/100
|-ability|p1a: Rayquaza|Air Lock
|detailschange|p2a: Rayquaza|Rayquaza-Mega
|-mega|p2a: Rayquaza|Rayquaza|
|-weather|DeltaStream|[from] ability: Delta Stream|[of] p2a: Rayquaza
|move|p2a: Rayquaza|Earthquake|p1a: Rayquaza
|-immune|p1a: Rayquaza
|
|-weather|DeltaStream|[upkeep]
|upkeep
|turn|2
|
|t:|1663883258
|detailschange|p1a: Rayquaza|Rayquaza-Mega
|-mega|p1a: Rayquaza|Rayquaza|
|move|p2a: Rayquaza|Draco Meteor|p1a: Rayquaza
|-supereffective|p1a: Rayquaza
|-damage|p1a: Rayquaza|0 fnt
|-unboost|p2a: Rayquaza|spa|2
|faint|p1a: Rayquaza
|
|-weather|DeltaStream|[upkeep]
|upkeep
|
|t:|1663883268
|switch|p1a: Arceus|Arceus-Electric|100/100
|turn|3
|
|t:|1663883279
|move|p1a: Arceus|Stealth Rock|p2a: Rayquaza
|-sidestart|p2: Obito152001|move: Stealth Rock
|move|p2a: Rayquaza|Earthquake|p1a: Arceus
|-supereffective|p1a: Arceus
|-damage|p1a: Arceus|34/100
|
|-weather|DeltaStream|[upkeep]
|upkeep
|turn|4
|
|t:|1663883287
|move|p1a: Arceus|Ice Beam|p2a: Rayquaza
|-activate||deltastream
|-supereffective|p2a: Rayquaza
|-damage|p2a: Rayquaza|38/100
|move|p2a: Rayquaza|Earthquake|p1a: Arceus
|-supereffective|p1a: Arceus
|-damage|p1a: Arceus|0 fnt
|faint|p1a: Arceus
|
|-weather|DeltaStream|[upkeep]
|upkeep
|
|t:|1663883296
|switch|p1a: Marshadow|Marshadow|100/100
|turn|5
|
|t:|1663883309
|-activate|p2a: Rayquaza|move: Pursuit
|move|p1a: Marshadow|Pursuit|p2a: Rayquaza|[from]Pursuit
|-damage|p2a: Rayquaza|1/100
|-damage|p1a: Marshadow|91/100|[from] item: Life Orb
|-weather|none
|switch|p2a: Arceus|Arceus|100/100
|-damage|p2a: Arceus|88/100|[from] Stealth Rock
|
|upkeep
|turn|6
|
|t:|1663883320
|switch|p2a: Rayquaza|Rayquaza-Mega|1/100
|-damage|p2a: Rayquaza|0 fnt|[from] Stealth Rock
|faint|p2a: Rayquaza
|move|p1a: Marshadow|Close Combat|p2: Rayquaza|[notarget]
|-fail|p1a: Marshadow
|
|upkeep
|
|t:|1663883325
|switch|p2a: Arceus|Arceus-Fairy|100/100
|-damage|p2a: Arceus|88/100|[from] Stealth Rock
|turn|7
|
|t:|1663883334
|switch|p1a: Kyogre|Kyogre|100/100
|detailschange|p1a: Kyogre|Kyogre-Primal
|-primal|p1a: Kyogre
|-weather|PrimordialSea|[from] ability: Primordial Sea|[of] p1a: Kyogre
|move|p2a: Arceus|Judgment|p1a: Kyogre
|-damage|p1a: Kyogre|70/100
|
|-weather|PrimordialSea|[upkeep]
|upkeep
|turn|8
|
|t:|1663883344
|-weather|none
|switch|p1a: Zacian|Zacian-Crowned|100/100
|-ability|p1a: Zacian|Intrepid Sword|boost
|-boost|p1a: Zacian|atk|1
|move|p2a: Arceus|Judgment|p1a: Zacian
|-resisted|p1a: Zacian
|-damage|p1a: Zacian|79/100
|
|upkeep
|turn|9
|
|t:|1663883359
|move|p1a: Zacian|Substitute|p1a: Zacian
|-start|p1a: Zacian|Substitute
|-damage|p1a: Zacian|54/100
|move|p2a: Arceus|Judgment|p1a: Zacian
|-resisted|p1a: Zacian
|-activate|p1a: Zacian|move: Substitute|[damage]
|
|upkeep
|turn|10
|
|t:|1663883366
|move|p1a: Zacian|Behemoth Blade|p2a: Arceus
|-supereffective|p2a: Arceus
|-damage|p2a: Arceus|0 fnt
|faint|p2a: Arceus
|
|upkeep
|
|t:|1663883371
|switch|p2a: Arceus|Arceus|88/100
|-damage|p2a: Arceus|76/100|[from] Stealth Rock
|turn|11
|
|t:|1663883381
|move|p2a: Arceus|Extreme Speed|p1a: Zacian
|-resisted|p1a: Zacian
|-end|p1a: Zacian|Substitute
|move|p1a: Zacian|Substitute|p1a: Zacian
|-start|p1a: Zacian|Substitute
|-damage|p1a: Zacian|29/100
|
|upkeep
|turn|12
|
|t:|1663883389
|move|p2a: Arceus|Extreme Speed|p1a: Zacian
|-resisted|p1a: Zacian
|-activate|p1a: Zacian|move: Substitute|[damage]
|move|p1a: Zacian|Close Combat|p2a: Arceus
|-supereffective|p2a: Arceus
|-damage|p2a: Arceus|0 fnt
|-unboost|p1a: Zacian|def|1
|-unboost|p1a: Zacian|spd|1
|faint|p2a: Arceus
|
|upkeep
|
|t:|1663883402
|switch|p2a: Arceus|Arceus-Steel|100/100
|-damage|p2a: Arceus|94/100|[from] Stealth Rock
|turn|13
|
|t:|1663883414
|-start|p2a: Arceus|Dynamax|
|-heal|p2a: Arceus|94/100|[silent]
|move|p1a: Zacian|Close Combat|p2a: Arceus
|-supereffective|p2a: Arceus
|-damage|p2a: Arceus|35/100
|-unboost|p1a: Zacian|def|1
|-unboost|p1a: Zacian|spd|1
|move|p2a: Arceus|Max Steelspike|p1a: Zacian
|-end|p1a: Zacian|Substitute
|-boost|p2a: Arceus|def|1
|
|upkeep
|turn|14
|
|t:|1663883440
|move|p1a: Zacian|Wild Charge|p2a: Arceus
|-damage|p2a: Arceus|20/100
|-damage|p1a: Zacian|19/100|[from] Recoil
|move|p2a: Arceus|Max Quake|p1a: Zacian
|-supereffective|p1a: Zacian
|-damage|p1a: Zacian|0 fnt
|-boost|p2a: Arceus|spd|1
|faint|p1a: Zacian
|
|upkeep
|inactive|85792195wwww has 120 seconds left.
|
|t:|1663883451
|switch|p1a: Marshadow|Marshadow|91/100
|turn|15
|
|t:|1663883456
|move|p1a: Marshadow|Close Combat|p2a: Arceus
|-supereffective|p2a: Arceus
|-damage|p2a: Arceus|0 fnt
|-unboost|p1a: Marshadow|def|1
|-unboost|p1a: Marshadow|spd|1
|faint|p2a: Arceus
|-damage|p1a: Marshadow|81/100|[from] item: Life Orb
|
|upkeep
|
|t:|1663883463
|switch|p2a: Ditto|Ditto, shiny|100/100
|-damage|p2a: Ditto|88/100|[from] Stealth Rock
|-transform|p2a: Ditto|p1a: Marshadow|[from] ability: Imposter
|turn|16
|
|t:|1663883481
|move|p1a: Marshadow|Shadow Sneak|p2a: Ditto
|-supereffective|p2a: Ditto
|-damage|p2a: Ditto|0 fnt
|faint|p2a: Ditto
|-damage|p1a: Marshadow|71/100|[from] item: Life Orb
|
|upkeep
|-message|Obito152001 forfeited.
|l|☆Obito152001
|inactive|Obito152001 disconnected and has a minute to reconnect!
|player|p2|
|
|win|85792195wwww
|raw|85792195wwww's rating: 1889 &rarr; <strong>1913</strong><br />(+24 for winning)
|raw|Obito152001's rating: 1957 &rarr; <strong>1933</strong><br />(-24 for losing)
