|j|☆jerryl309
|j|☆tortoiseshell
|t:|1599858072
|player|p1|jerryl309|steven|1702
|player|p2|tortoiseshell|cynthia|1523
|teamsize|p1|6
|teamsize|p2|6
|gametype|singles
|gen|8
|tier|[Gen 8] National Dex AG
|rated|
|clearpoke
|poke|p1|Rayquaza|
|poke|p1|Zacian-Crowned|
|poke|p1|Groudon|
|poke|p1|Necrozma-Dusk-Mane|
|poke|p1|Deoxys-Speed|
|poke|p1|Yveltal|
|poke|p2|Yveltal|
|poke|p2|Necrozma-Dusk-Mane|
|poke|p2|Zacian-Crowned|
|poke|p2|Zygarde|
|poke|p2|Groudon|
|poke|p2|Ho-Oh|
|rule|HP Percentage Mod: HP is shown in percentages
|rule|Endless Battle Clause: Forcing endless battles is banned
|teampreview
|
|t:|1599858109
|start
|switch|p1a: Deoxys|Deoxys-Speed|100/100
|switch|p2a: Ho-Oh|Ho-Oh|100/100
|-ability|p1a: Deoxys|Pressure
|turn|1
|
|t:|1599858113
|move|p1a: Deoxys|Stealth Rock|p2a: Ho-Oh
|-sidestart|p2: tortoiseshell|move: Stealth Rock
|move|p2a: Ho-Oh|Sacred Fire|p1a: Deoxys
|-damage|p1a: Deoxys|35/100
|-status|p1a: Deoxys|brn
|
|-damage|p1a: Deoxys|29/100 brn|[from] brn
|upkeep
|turn|2
|
|t:|1599858127
|move|p1a: Deoxys|Taunt|p2a: Ho-Oh
|-start|p2a: Ho-Oh|move: Taunt
|move|p2a: Ho-Oh|Sacred Fire|p1a: Deoxys
|-damage|p1a: Deoxys|0 fnt
|faint|p1a: Deoxys
|
|upkeep
|j| Mbouchon
|j| MagolorFanatic
|
|t:|1599858141
|switch|p1a: Groudon|Groudon, shiny|100/100
|detailschange|p1a: Groudon|Groudon-Primal, shiny
|-primal|p1a: Groudon
|-weather|DesolateLand|[from] ability: Desolate Land|[of] p1a: Groudon
|turn|3
|l| Mbouchon
|
|t:|1599858145
|switch|p2a: Zygarde|Zygarde|100/100
|-damage|p2a: Zygarde|94/100|[from] Stealth Rock
|move|p1a: Groudon|Stone Edge|p2a: Zygarde
|-resisted|p2a: Zygarde
|-damage|p2a: Zygarde|84/100
|
|-weather|DesolateLand|[upkeep]
|upkeep
|turn|4
|
|t:|1599858153
|-weather|none
|switch|p1a: Necrozma|Necrozma-Dusk-Mane|100/100
|move|p2a: Zygarde|Glare|p1a: Necrozma
|-status|p1a: Necrozma|par
|
|upkeep
|turn|5
|
|t:|1599858158
|detailschange|p1a: Necrozma|Necrozma-Ultra
|-burst|p1a: Necrozma|Necrozma|Ultranecrozium Z
|move|p2a: Zygarde|Thousand Arrows|p1a: Necrozma
|-damage|p1a: Necrozma|71/100 par
|move|p1a: Necrozma|Dragon Dance|p1a: Necrozma
|-boost|p1a: Necrozma|atk|1
|-boost|p1a: Necrozma|spe|1
|
|upkeep
|turn|6
|
|t:|1599858165
|-zpower|p1a: Necrozma
|move|p1a: Necrozma|Light That Burns the Sky|p2a: Zygarde|[zeffect]
|-damage|p2a: Zygarde|0 fnt
|faint|p2a: Zygarde
|
|upkeep
|
|t:|1599858176
|switch|p2a: Zacian|Zacian-Crowned|100/100
|-damage|p2a: Zacian|94/100|[from] Stealth Rock
|-ability|p2a: Zacian|Intrepid Sword|boost
|-boost|p2a: Zacian|atk|1
|turn|7
|
|t:|1599858182
|move|p2a: Zacian|Behemoth Blade|p1a: Necrozma
|-damage|p1a: Necrozma|0 fnt
|faint|p1a: Necrozma
|
|upkeep
|
|t:|1599858186
|switch|p1a: Groudon|Groudon-Primal, shiny|100/100
|-weather|DesolateLand|[from] ability: Desolate Land|[of] p1a: Groudon
|turn|8
|
|t:|1599858192
|move|p2a: Zacian|Substitute|p2a: Zacian
|-start|p2a: Zacian|Substitute
|-damage|p2a: Zacian|70/100
|move|p1a: Groudon|Eruption|p2a: Zacian
|-supereffective|p2a: Zacian
|-end|p2a: Zacian|Substitute
|
|-weather|DesolateLand|[upkeep]
|upkeep
|turn|9
|l| MagolorFanatic
|
|t:|1599858204
|move|p2a: Zacian|Close Combat|p1a: Groudon
|-damage|p1a: Groudon|53/100
|-unboost|p2a: Zacian|def|1
|-unboost|p2a: Zacian|spd|1
|move|p1a: Groudon|Eruption|p2a: Zacian
|-supereffective|p2a: Zacian
|-damage|p2a: Zacian|0 fnt
|faint|p2a: Zacian
|
|-weather|DesolateLand|[upkeep]
|upkeep
|
|t:|1599858220
|switch|p2a: Yveltal|Yveltal|100/100
|-damage|p2a: Yveltal|76/100|[from] Stealth Rock
|-ability|p2a: Yveltal|Dark Aura
|turn|10
|
|t:|1599858225
|-start|p2a: Yveltal|Dynamax
|-heal|p2a: Yveltal|76/100|[silent]
|move|p1a: Groudon|Stone Edge|p2a: Yveltal|[miss]
|-miss|p1a: Groudon|p2a: Yveltal
|move|p2a: Yveltal|Max Airstream|p1a: Groudon
|-damage|p1a: Groudon|0 fnt
|-boost|p2a: Yveltal|spe|1
|-damage|p2a: Yveltal|71/100|[from] item: Life Orb
|faint|p1a: Groudon
|-weather|none
|
|upkeep
|
|t:|1599858228
|switch|p1a: Yveltal-Gmax|Yveltal, shiny|100/100
|-ability|p1a: Yveltal-Gmax|Dark Aura
|turn|11
|
|t:|1599858232
|-start|p1a: Yveltal-Gmax|Dynamax
|-heal|p1a: Yveltal-Gmax|100/100|[silent]
|move|p2a: Yveltal|Max Airstream|p1a: Yveltal-Gmax
|-damage|p1a: Yveltal-Gmax|52/100
|-boost|p2a: Yveltal|spe|1
|-damage|p2a: Yveltal|66/100|[from] item: Life Orb
|move|p1a: Yveltal-Gmax|Max Airstream|p2a: Yveltal
|-damage|p2a: Yveltal|20/100
|-boost|p1a: Yveltal-Gmax|spe|1
|-damage|p1a: Yveltal-Gmax|47/100|[from] item: Life Orb
|
|upkeep
|turn|12
|inactive|Battle timer is ON: inactive players will automatically lose when time's up. (requested by jerryl309)
|
|t:|1599858252
|move|p2a: Yveltal|Max Airstream|p1a: Yveltal-Gmax
|-damage|p1a: Yveltal-Gmax|1/100
|-boost|p2a: Yveltal|spe|1
|-damage|p2a: Yveltal|15/100|[from] item: Life Orb
|move|p1a: Yveltal-Gmax|Max Airstream|p2a: Yveltal
|-damage|p2a: Yveltal|0 fnt
|-boost|p1a: Yveltal-Gmax|spe|1
|-damage|p1a: Yveltal-Gmax|0 fnt|[from] item: Life Orb
|faint|p2a: Yveltal
|faint|p1a: Yveltal-Gmax
|
|upkeep
|
|t:|1599858269
|switch|p1a: broke snek|Rayquaza, shiny|100/100
|switch|p2a: Groudon|Groudon|100/100
|-ability|p1a: broke snek|Air Lock
|-damage|p2a: Groudon|94/100|[from] Stealth Rock
|detailschange|p2a: Groudon|Groudon-Primal
|-primal|p2a: Groudon
|-weather|DesolateLand|[from] ability: Desolate Land|[of] p2a: Groudon
|turn|13
|
|t:|1599858274
|detailschange|p1a: broke snek|Rayquaza-Mega, shiny
|-mega|p1a: broke snek|Rayquaza|
|-weather|DeltaStream|[from] ability: Delta Stream|[of] p1a: broke snek
|move|p1a: broke snek|Dragon Dance|p1a: broke snek
|-boost|p1a: broke snek|atk|1
|-boost|p1a: broke snek|spe|1
|move|p2a: Groudon|Rock Tomb|p1a: broke snek
|-activate||deltastream
|-damage|p1a: broke snek|79/100
|-unboost|p1a: broke snek|spe|1
|
|-weather|DeltaStream|[upkeep]
|upkeep
|turn|14
|
|t:|1599858281
|move|p1a: broke snek|Dragon Dance|p1a: broke snek
|-boost|p1a: broke snek|atk|1
|-boost|p1a: broke snek|spe|1
|move|p2a: Groudon|Rock Tomb|p1a: broke snek
|-activate||deltastream
|-damage|p1a: broke snek|57/100
|-unboost|p1a: broke snek|spe|1
|
|-weather|DeltaStream|[upkeep]
|upkeep
|turn|15
|
|t:|1599858290
|move|p1a: broke snek|Dragon Ascent|p2a: Groudon
|-damage|p2a: Groudon|0 fnt
|-unboost|p1a: broke snek|def|1
|-unboost|p1a: broke snek|spd|1
|-damage|p1a: broke snek|47/100|[from] item: Life Orb
|faint|p2a: Groudon
|
|-weather|DeltaStream|[upkeep]
|upkeep
|
|t:|1599858297
|switch|p2a: Necrozma|Necrozma-Dusk-Mane|100/100
|-damage|p2a: Necrozma|94/100|[from] Stealth Rock
|turn|16
|
|t:|1599858302
|move|p1a: broke snek|Extreme Speed|p2a: Necrozma
|-resisted|p2a: Necrozma
|-damage|p2a: Necrozma|60/100
|-damage|p1a: broke snek|37/100|[from] item: Life Orb
|move|p2a: Necrozma|Sunsteel Strike|p1a: broke snek
|-damage|p1a: broke snek|0 fnt
|faint|p1a: broke snek
|-weather|none
|
|upkeep
|
|t:|1599858305
|switch|p1a: Zacian|Zacian-Crowned|100/100
|-ability|p1a: Zacian|Intrepid Sword|boost
|-boost|p1a: Zacian|atk|1
|turn|17
|-message|jerryl309 forfeited.
|
|win|tortoiseshell
|l|☆jerryl309
|l|☆tortoiseshell
|raw|jerryl309's rating: 1689 &rarr; <strong>1661</strong><br />(-28 for losing)
|raw|tortoiseshell's rating: 1536 &rarr; <strong>1565</strong><br />(+29 for winning)
