|j|☆Batman Magic
|j|☆CLEAR GEM清瑜
|t:|1645163186
|gametype|singles
|player|p1|Batman Magic|anabel|1698
|player|p2|CLEAR GEM清瑜|skierf|1747
|teamsize|p1|6
|teamsize|p2|6
|gen|8
|tier|[Gen 8] National Dex AG
|rated|
|rule|HP Percentage Mod: HP is shown in percentages
|rule|Endless Battle Clause: Forcing endless battles is banned
|clearpoke
|poke|p1|Gengar, F|
|poke|p1|Arceus-*|
|poke|p1|Magearna|
|poke|p1|Arceus-*|
|poke|p1|Arceus-*|
|poke|p1|Groudon|
|poke|p2|Rayquaza|
|poke|p2|Groudon|
|poke|p2|Necrozma-Dusk-Mane|
|poke|p2|Arceus-*|
|poke|p2|Arceus-*|
|poke|p2|Arceus-*|
|teampreview
|inactive|Battle timer is ON: inactive players will automatically lose when time's up. (requested by CLEAR GEM清瑜)
|
|t:|1645163193
|start
|switch|p1a: Drogon|Gengar, F, shiny|100/100
|switch|p2a: 不会(?)|Groudon|100/100
|detailschange|p2a: 不会(?)|Groudon-Primal
|-primal|p2a: 不会(?)
|-weather|DesolateLand|[from] ability: Desolate Land|[of] p2a: 不会(?)
|turn|1
|
|t:|1645163197
|detailschange|p1a: Drogon|Gengar-Mega, F, shiny
|-mega|p1a: Drogon|Gengar|Gengarite
|move|p1a: Drogon|Substitute|p1a: Drogon
|-start|p1a: Drogon|Substitute
|-damage|p1a: Drogon|76/100
|move|p2a: 不会(?)|Stealth Rock|p1a: Drogon
|-sidestart|p1: Batman Magic|move: Stealth Rock
|
|-weather|DesolateLand|[upkeep]
|upkeep
|turn|2
|
|t:|1645163200
|move|p1a: Drogon|Encore|p2a: 不会(?)
|-start|p2a: 不会(?)|Encore
|move|p2a: 不会(?)|Stealth Rock||[still]
|-fail|p2a: 不会(?)
|
|-weather|DesolateLand|[upkeep]
|upkeep
|turn|3
|
|t:|1645163204
|move|p1a: Drogon|Shadow Ball|p2a: 不会(?)
|-damage|p2a: 不会(?)|53/100
|move|p2a: 不会(?)|Stealth Rock||[still]
|-fail|p2a: 不会(?)
|
|-weather|DesolateLand|[upkeep]
|upkeep
|turn|4
|
|t:|1645163209
|move|p1a: Drogon|Shadow Ball|p2a: 不会(?)
|-damage|p2a: 不会(?)|3/100
|move|p2a: 不会(?)|Stealth Rock||[still]
|-fail|p2a: 不会(?)
|
|-weather|DesolateLand|[upkeep]
|-end|p2a: 不会(?)|Encore
|upkeep
|turn|5
|
|t:|1645163212
|move|p1a: Drogon|Shadow Ball|p2a: 不会(?)
|-crit|p2a: 不会(?)
|-damage|p2a: 不会(?)|0 fnt
|faint|p2a: 不会(?)
|-weather|none
|
|upkeep
|j| ShinyXTyrunt
|
|t:|1645163220
|switch|p2a: 悬空羊驼|Arceus-Flying|100/100
|turn|6
|
|t:|1645163222
|move|p1a: Drogon|Sludge Bomb|p2a: 悬空羊驼
|-damage|p2a: 悬空羊驼|59/100
|-status|p2a: 悬空羊驼|psn
|move|p2a: 悬空羊驼|Calm Mind|p2a: 悬空羊驼
|-boost|p2a: 悬空羊驼|spa|1
|-boost|p2a: 悬空羊驼|spd|1
|
|-damage|p2a: 悬空羊驼|47/100 psn|[from] psn
|upkeep
|turn|7
|
|t:|1645163227
|-start|p2a: 悬空羊驼|Dynamax
|-heal|p2a: 悬空羊驼|47/100 psn|[silent]
|move|p1a: Drogon|Encore||[still]
|-fail|p1a: Drogon
|move|p2a: 悬空羊驼|Max Airstream|p1a: Drogon
|-end|p1a: Drogon|Substitute
|-boost|p2a: 悬空羊驼|spe|1
|
|-damage|p2a: 悬空羊驼|40/100 psn|[from] psn
|upkeep
|turn|8
|
|t:|1645163234
|switch|p1a: Sansa|Magearna|100/100
|-damage|p1a: Sansa|94/100|[from] Stealth Rock
|move|p2a: 悬空羊驼|Max Airstream|p1a: Sansa
|-resisted|p1a: Sansa
|-damage|p1a: Sansa|58/100
|-boost|p2a: 悬空羊驼|spe|1
|
|-damage|p2a: 悬空羊驼|34/100 psn|[from] psn
|upkeep
|turn|9
|
|t:|1645163236
|move|p2a: 悬空羊驼|Max Quake|p1a: Sansa
|-supereffective|p1a: Sansa
|-damage|p1a: Sansa|0 fnt
|-boost|p2a: 悬空羊驼|spd|1
|faint|p1a: Sansa
|
|-damage|p2a: 悬空羊驼|28/100 psn|[from] psn
|-end|p2a: 悬空羊驼|Dynamax
|-heal|p2a: 悬空羊驼|28/100 psn|[silent]
|upkeep
|l| ShinyXTyrunt
|
|t:|1645163244
|switch|p1a: Dracarys|Arceus-Ground|100/100
|-damage|p1a: Dracarys|94/100|[from] Stealth Rock
|turn|10
|
|t:|1645163248
|move|p2a: 悬空羊驼|Recover|p2a: 悬空羊驼
|-heal|p2a: 悬空羊驼|78/100 psn
|move|p1a: Dracarys|Defog|p2a: 悬空羊驼
|-unboost|p2a: 悬空羊驼|evasion|1
|-sideend|p1: Batman Magic|Stealth Rock|[from] move: Defog|[of] p1a: Dracarys
|
|-damage|p2a: 悬空羊驼|66/100 psn|[from] psn
|upkeep
|turn|11
|
|t:|1645163257
|switch|p1a: Arya|Arceus-Dark|100/100
|move|p2a: 悬空羊驼|Calm Mind|p2a: 悬空羊驼
|-boost|p2a: 悬空羊驼|spa|1
|-boost|p2a: 悬空羊驼|spd|1
|
|-damage|p2a: 悬空羊驼|54/100 psn|[from] psn
|upkeep
|turn|12
|
|t:|1645163261
|move|p2a: 悬空羊驼|Judgment|p1a: Arya
|-damage|p1a: Arya|36/100
|move|p1a: Arya|Perish Song|p1a: Arya
|-start|p1a: Arya|perish3|[silent]
|-start|p2a: 悬空羊驼|perish3|[silent]
|-fieldactivate|move: Perish Song
|
|-damage|p2a: 悬空羊驼|41/100 psn|[from] psn
|-start|p2a: 悬空羊驼|perish3
|-start|p1a: Arya|perish3
|upkeep
|turn|13
|
|t:|1645163264
|move|p2a: 悬空羊驼|Judgment|p1a: Arya
|-damage|p1a: Arya|0 fnt
|faint|p1a: Arya
|
|-damage|p2a: 悬空羊驼|29/100 psn|[from] psn
|-start|p2a: 悬空羊驼|perish2
|upkeep
|
|t:|1645163269
|switch|p1a: Drogon|Gengar-Mega, F, shiny|76/100
|turn|14
|
|t:|1645163273
|switch|p1a: Dracarys|Arceus-Ground|94/100
|move|p2a: 悬空羊驼|Judgment|p1a: Dracarys
|-damage|p1a: Dracarys|7/100
|
|-damage|p2a: 悬空羊驼|17/100 psn|[from] psn
|-start|p2a: 悬空羊驼|perish1
|upkeep
|turn|15
|
|t:|1645163278
|move|p2a: 悬空羊驼|Judgment|p1a: Dracarys
|-damage|p1a: Dracarys|0 fnt
|faint|p1a: Dracarys
|
|-damage|p2a: 悬空羊驼|4/100 psn|[from] psn
|-start|p2a: 悬空羊驼|perish0
|upkeep
|faint|p2a: 悬空羊驼
|
|t:|1645163284
|switch|p2a: 烈龙无敌|Rayquaza, shiny|100/100
|switch|p1a: Daenerys|Arceus-Flying|100/100
|-ability|p2a: 烈龙无敌|Air Lock
|turn|16
|
|t:|1645163288
|detailschange|p2a: 烈龙无敌|Rayquaza-Mega, shiny
|-mega|p2a: 烈龙无敌|Rayquaza|
|-weather|DeltaStream|[from] ability: Delta Stream|[of] p2a: 烈龙无敌
|-start|p1a: Daenerys|Dynamax
|-heal|p1a: Daenerys|100/100|[silent]
|move|p1a: Daenerys|Max Airstream|p2a: 烈龙无敌
|-damage|p2a: 烈龙无敌|27/100
|-boost|p1a: Daenerys|spe|1
|move|p2a: 烈龙无敌|Dragon Ascent|p1a: Daenerys
|-damage|p1a: Daenerys|66/100
|-unboost|p2a: 烈龙无敌|def|1
|-unboost|p2a: 烈龙无敌|spd|1
|
|-weather|DeltaStream|[upkeep]
|upkeep
|turn|17
|
|t:|1645163296
|move|p2a: 烈龙无敌|Extreme Speed|p1a: Daenerys
|-damage|p1a: Daenerys|51/100
|move|p1a: Daenerys|Max Airstream|p2a: 烈龙无敌
|-crit|p2a: 烈龙无敌
|-damage|p2a: 烈龙无敌|0 fnt
|-boost|p1a: Daenerys|spe|1
|faint|p2a: 烈龙无敌
|-weather|none
|
|upkeep
|
|t:|1645163300
|switch|p2a: 究极辅助|Arceus-Dark|100/100
|turn|18
|
|t:|1645163302
|move|p1a: Daenerys|Max Airstream|p2a: 究极辅助
|-damage|p2a: 究极辅助|53/100
|-boost|p1a: Daenerys|spe|1
|move|p2a: 究极辅助|Calm Mind|p2a: 究极辅助
|-boost|p2a: 究极辅助|spa|1
|-boost|p2a: 究极辅助|spd|1
|
|-end|p1a: Daenerys|Dynamax
|-heal|p1a: Daenerys|52/100|[silent]
|upkeep
|turn|19
|
|t:|1645163306
|move|p1a: Daenerys|Calm Mind|p1a: Daenerys
|-boost|p1a: Daenerys|spa|1
|-boost|p1a: Daenerys|spd|1
|move|p2a: 究极辅助|Calm Mind|p2a: 究极辅助
|-boost|p2a: 究极辅助|spa|1
|-boost|p2a: 究极辅助|spd|1
|
|upkeep
|turn|20
|
|t:|1645163308
|move|p1a: Daenerys|Calm Mind|p1a: Daenerys
|-boost|p1a: Daenerys|spa|1
|-boost|p1a: Daenerys|spd|1
|move|p2a: 究极辅助|Judgment|p1a: Daenerys
|-damage|p1a: Daenerys|12/100
|
|upkeep
|turn|21
|
|t:|1645163310
|move|p1a: Daenerys|Judgment|p2a: 究极辅助
|-damage|p2a: 究极辅助|15/100
|move|p2a: 究极辅助|Judgment|p1a: Daenerys
|-damage|p1a: Daenerys|0 fnt
|faint|p1a: Daenerys
|
|upkeep
|
|t:|1645163315
|switch|p1a: Drogon|Gengar-Mega, F, shiny|76/100
|turn|22
|
|t:|1645163317
|move|p1a: Drogon|Sludge Bomb|p2a: 究极辅助
|-damage|p2a: 究极辅助|0 fnt
|faint|p2a: 究极辅助
|
|upkeep
|
|t:|1645163319
|switch|p2a: 乱杀P古|Arceus-Ground|100/100
|turn|23
|
|t:|1645163321
|move|p1a: Drogon|Substitute|p1a: Drogon
|-start|p1a: Drogon|Substitute
|-damage|p1a: Drogon|51/100
|move|p2a: 乱杀P古|Judgment|p1a: Drogon
|-supereffective|p1a: Drogon
|-end|p1a: Drogon|Substitute
|
|upkeep
|turn|24
|
|t:|1645163327
|move|p1a: Drogon|Shadow Ball|p2a: 乱杀P古
|-damage|p2a: 乱杀P古|63/100
|move|p2a: 乱杀P古|Judgment|p1a: Drogon
|-supereffective|p1a: Drogon
|-damage|p1a: Drogon|0 fnt
|faint|p1a: Drogon
|
|upkeep
|
|t:|1645163330
|switch|p1a: Snow|Groudon|100/100
|detailschange|p1a: Snow|Groudon-Primal
|-primal|p1a: Snow
|-weather|DesolateLand|[from] ability: Desolate Land|[of] p1a: Snow
|turn|25
|
|t:|1645163336
|move|p2a: 乱杀P古|Judgment|p1a: Snow
|-supereffective|p1a: Snow
|-damage|p1a: Snow|0 fnt
|faint|p1a: Snow
|-weather|none
|
|win|CLEAR GEM清瑜
|raw|Batman Magic's rating: 1698 &rarr; <strong>1681</strong><br />(-17 for losing)
|raw|CLEAR GEM清瑜's rating: 1747 &rarr; <strong>1764</strong><br />(+17 for winning)
|l|☆Batman Magic
