|j|☆DarkboiJ
|j|☆Nobodi_Nowan
|t:|1664206929
|gametype|singles
|player|p1|DarkboiJ|blue-gen3two|1844
|player|p2|Nobodi_Nowan|akari|2006
|teamsize|p1|6
|teamsize|p2|6
|gen|8
|tier|[Gen 8] National Dex AG
|rated|
|rule|HP Percentage Mod: HP is shown in percentages
|rule|Endless Battle Clause: Forcing endless battles is banned
|clearpoke
|poke|p1|Landorus-Therian, M|
|poke|p1|Giratina-Origin|
|poke|p1|Ditto|
|poke|p1|Dialga|
|poke|p1|Palkia|
|poke|p1|Arceus-*|
|poke|p2|Forretress, F|
|poke|p2|Arceus-*|
|poke|p2|Kyogre|
|poke|p2|Calyrex-Shadow|
|poke|p2|Zacian-*|
|poke|p2|Rayquaza|
|teampreview
|inactive|Battle timer is ON: inactive players will automatically lose when time's up. (requested by DarkboiJ)
|
|t:|1664206953
|start
|switch|p1a: Landorus|Landorus-Therian, M|100/100
|switch|p2a: Forretress|Forretress, F|100/100
|-ability|p1a: Landorus|Intimidate|boost
|-unboost|p2a: Forretress|atk|1
|turn|1
|
|t:|1664206960
|move|p1a: Landorus|Stealth Rock|p2a: Forretress
|-sidestart|p2: Nobodi_Nowan|move: Stealth Rock
|move|p2a: Forretress|Toxic|p1a: Landorus
|-status|p1a: Landorus|tox
|
|-damage|p1a: Landorus|94/100 tox|[from] psn
|upkeep
|turn|2
|j| PlayinMite
|
|t:|1664206966
|move|p1a: Landorus|U-turn|p2a: Forretress
|-resisted|p2a: Forretress
|-damage|p2a: Forretress|94/100
|
|t:|1664206969
|switch|p1a: Giratina|Giratina-Origin|100/100|[from]move: U-turn
|move|p2a: Forretress|Stealth Rock|p1a: Giratina
|-sidestart|p1: DarkboiJ|move: Stealth Rock
|
|-heal|p2a: Forretress|99/100|[from] item: Leftovers
|upkeep
|turn|3
|
|t:|1664206975
|move|p1a: Giratina|Hone Claws|p1a: Giratina
|-boost|p1a: Giratina|atk|1
|-boost|p1a: Giratina|accuracy|1
|move|p2a: Forretress|Toxic|p1a: Giratina
|-status|p1a: Giratina|tox
|
|-heal|p2a: Forretress|100/100|[from] item: Leftovers
|-damage|p1a: Giratina|94/100 tox|[from] psn
|upkeep
|turn|4
|
|t:|1664206983
|move|p1a: Giratina|Poltergeist|p2a: Forretress
|-activate|p2a: Forretress|move: Poltergeist|Leftovers
|-damage|p2a: Forretress|45/100
|move|p2a: Forretress|Volt Switch|p1a: Giratina
|-resisted|p1a: Giratina
|-damage|p1a: Giratina|91/100 tox
|
|t:|1664206991
|switch|p2a: Calyrex|Calyrex-Shadow|100/100|[from]move: Volt Switch
|-ability|p2a: Calyrex|As One
|-ability|p2a: Calyrex|Unnerve
|-damage|p2a: Calyrex|88/100|[from] Stealth Rock
|
|-damage|p1a: Giratina|78/100 tox|[from] psn
|upkeep
|turn|5
|
|t:|1664206999
|move|p1a: Giratina|Shadow Sneak|p2a: Calyrex
|-supereffective|p2a: Calyrex
|-damage|p2a: Calyrex|0 fnt
|faint|p2a: Calyrex
|
|-damage|p1a: Giratina|60/100 tox|[from] psn
|upkeep
|
|t:|1664207006
|switch|p2a: Zacian|Zacian-Crowned, shiny|100/100
|-damage|p2a: Zacian|94/100|[from] Stealth Rock
|-ability|p2a: Zacian|Intrepid Sword|boost
|-boost|p2a: Zacian|atk|1
|turn|6
|
|t:|1664207012
|move|p1a: Giratina|Shadow Sneak|p2a: Zacian
|-damage|p2a: Zacian|61/100
|move|p2a: Zacian|Substitute|p2a: Zacian
|-start|p2a: Zacian|Substitute
|-damage|p2a: Zacian|36/100
|
|-damage|p1a: Giratina|35/100 tox|[from] psn
|upkeep
|turn|7
|
|t:|1664207022
|switch|p2a: Arceus|Arceus|100/100
|-damage|p2a: Arceus|88/100|[from] Stealth Rock
|move|p1a: Giratina|Shadow Sneak|p2a: Arceus
|-immune|p2a: Arceus
|
|-damage|p1a: Giratina|4/100 tox|[from] psn
|upkeep
|turn|8
|
|t:|1664207030
|move|p2a: Arceus|Recover|p2a: Arceus
|-heal|p2a: Arceus|100/100
|move|p1a: Giratina|Dragon Claw|p2a: Arceus
|-damage|p2a: Arceus|53/100
|
|-damage|p1a: Giratina|0 fnt|[from] psn
|faint|p1a: Giratina
|upkeep
|
|t:|1664207037
|switch|p1a: Landorus|Landorus-Therian, M|94/100 tox
|-damage|p1a: Landorus|82/100 tox|[from] Stealth Rock
|-ability|p1a: Landorus|Intimidate|boost
|-unboost|p2a: Arceus|atk|1
|turn|9
|
|t:|1664207042
|move|p2a: Arceus|Recover|p2a: Arceus
|-heal|p2a: Arceus|100/100
|move|p1a: Landorus|U-turn|p2a: Arceus
|-damage|p2a: Arceus|87/100
|
|t:|1664207047
|switch|p1a: Palkia|Palkia, shiny|100/100|[from]move: U-turn
|-damage|p1a: Palkia|88/100|[from] Stealth Rock
|-ability|p1a: Palkia|Pressure
|
|upkeep
|turn|10
|
|t:|1664207053
|move|p1a: Palkia|Spacial Rend|p2a: Arceus
|-damage|p2a: Arceus|42/100
|move|p2a: Arceus|Swords Dance|p2a: Arceus
|-boost|p2a: Arceus|atk|2
|
|upkeep
|turn|11
|
|t:|1664207065
|move|p2a: Arceus|Extreme Speed|p1a: Palkia
|-damage|p1a: Palkia|17/100
|move|p1a: Palkia|Spacial Rend|p2a: Arceus
|-damage|p2a: Arceus|0 fnt
|faint|p2a: Arceus
|
|upkeep
|l| PlayinMite
|
|t:|1664207075
|switch|p2a: Kyogre|Kyogre|100/100
|-damage|p2a: Kyogre|88/100|[from] Stealth Rock
|detailschange|p2a: Kyogre|Kyogre-Primal
|-primal|p2a: Kyogre
|-weather|PrimordialSea|[from] ability: Primordial Sea|[of] p2a: Kyogre
|turn|12
|
|t:|1664207081
|move|p1a: Palkia|Spacial Rend|p2a: Kyogre
|-damage|p2a: Kyogre|44/100
|move|p2a: Kyogre|Ice Beam|p1a: Palkia
|-damage|p1a: Palkia|0 fnt
|faint|p1a: Palkia
|
|-weather|PrimordialSea|[upkeep]
|upkeep
|
|t:|1664207088
|switch|p1a: Dialga|Dialga|100/100
|-damage|p1a: Dialga|94/100|[from] Stealth Rock
|-ability|p1a: Dialga|Pressure
|turn|13
|
|t:|1664207093
|move|p2a: Kyogre|Ice Beam|p1a: Dialga
|-damage|p1a: Dialga|53/100
|move|p1a: Dialga|Draco Meteor|p2a: Kyogre
|-damage|p2a: Kyogre|0 fnt
|-unboost|p1a: Dialga|spa|2
|faint|p2a: Kyogre
|-weather|none
|
|upkeep
|
|t:|1664207101
|switch|p2a: Zacian|Zacian-Crowned, shiny|36/100
|-damage|p2a: Zacian|30/100|[from] Stealth Rock
|-ability|p2a: Zacian|Intrepid Sword|boost
|-boost|p2a: Zacian|atk|1
|turn|14
|
|t:|1664207108
|move|p2a: Zacian|Substitute|p2a: Zacian
|-start|p2a: Zacian|Substitute
|-damage|p2a: Zacian|5/100
|move|p1a: Dialga|Flamethrower|p2a: Zacian
|-supereffective|p2a: Zacian
|-end|p2a: Zacian|Substitute
|
|upkeep
|turn|15
|
|t:|1664207122
|move|p2a: Zacian|Close Combat|p1a: Dialga
|-supereffective|p1a: Dialga
|-damage|p1a: Dialga|0 fnt
|-unboost|p2a: Zacian|def|1
|-unboost|p2a: Zacian|spd|1
|faint|p1a: Dialga
|
|upkeep
|
|t:|1664207125
|switch|p1a: Ditto|Ditto, shiny|100/100
|-damage|p1a: Ditto|88/100|[from] Stealth Rock
|-transform|p1a: Ditto|p2a: Zacian|[from] ability: Imposter
|-ability|p1a: Ditto|Intrepid Sword|boost
|-boost|p1a: Ditto|atk|1
|turn|16
|
|t:|1664207133
|move|p1a: Ditto|Behemoth Blade|p2a: Zacian
|-damage|p2a: Zacian|0 fnt
|faint|p2a: Zacian
|
|upkeep
|
|t:|1664207138
|switch|p2a: Forretress|Forretress, F|45/100
|-damage|p2a: Forretress|32/100|[from] Stealth Rock
|turn|17
|
|t:|1664207141
|move|p1a: Ditto|Behemoth Blade|p2a: Forretress
|-resisted|p2a: Forretress
|-damage|p2a: Forretress|0 fnt
|faint|p2a: Forretress
|
|upkeep
|-message|Nobodi_Nowan forfeited.
|
|win|DarkboiJ
|raw|DarkboiJ's rating: 1844 &rarr; <strong>1873</strong><br />(+29 for winning)
|raw|Nobodi_Nowan's rating: 2006 &rarr; <strong>1977</strong><br />(-29 for losing)
|l|☆Nobodi_Nowan
