|j|‽hjksgdf
|j|☆velvet
|inactive|Battle timer is ON: inactive players will automatically lose when time's up.
|t:|1647454424
|gametype|singles
|player|p1|hjksgdf|hilda|
|player|p2|velvet|preschoolerf|
|teamsize|p1|6
|teamsize|p2|6
|gen|8
|tier|[Gen 8] National Dex AG
|rated|Tournament battle
|rule|HP Percentage Mod: HP is shown in percentages
|rule|Endless Battle Clause: Forcing endless battles is banned
|clearpoke
|poke|p1|Arceus-*|
|poke|p1|Groudon|
|poke|p1|Clefable, M|
|poke|p1|Kyogre|
|poke|p1|Rayquaza|
|poke|p1|Skarmory, M|
|poke|p2|Shuckle, M|
|poke|p2|Calyrex-Shadow|
|poke|p2|Xerneas-*|
|poke|p2|Yveltal|
|poke|p2|Kyogre|
|poke|p2|Necrozma-Dusk-Mane|
|teampreview
|inactive|hjksgdf also wants the timer to be on.
|j| Pokemh
|j| Sheer Rains
|j| Sunesis
|inactive|velvet has 120 seconds left.
|c| Sunesis|isnt that a galar sample team
|inactive|velvet has 90 seconds left.
|inactive|velvet has 60 seconds left.
|c| Sheer Rains|the master is not the knowledge but the perfection of technique = Bruce Lee
|inactive|velvet has 30 seconds left.
|inactive|hjksgdf no longer wants the timer on, but the timer is staying on because staff still does.
|
|t:|1647454548
|start
|switch|p1a: Groudon|Groudon|100/100
|switch|p2a: Shuckle|Shuckle, M|100/100
|detailschange|p1a: Groudon|Groudon-Primal
|-primal|p1a: Groudon
|-weather|DesolateLand|[from] ability: Desolate Land|[of] p1a: Groudon
|turn|1
|
|t:|1647454555
|move|p1a: Groudon|Lava Plume|p2a: Shuckle
|-damage|p2a: Shuckle|61/100
|move|p2a: Shuckle|Stealth Rock|p1a: Groudon
|-sidestart|p1: hjksgdf|move: Stealth Rock
|
|-weather|DesolateLand|[upkeep]
|upkeep
|turn|2
|
|t:|1647454560
|move|p1a: Groudon|Precipice Blades|p2a: Shuckle
|-damage|p2a: Shuckle|21/100
|move|p2a: Shuckle|Sticky Web|p1a: Groudon
|-sidestart|p1: hjksgdf|move: Sticky Web
|
|-weather|DesolateLand|[upkeep]
|upkeep
|turn|3
|
|t:|1647454568
|move|p1a: Groudon|Precipice Blades|p2a: Shuckle
|-damage|p2a: Shuckle|0 fnt
|faint|p2a: Shuckle
|
|-weather|DesolateLand|[upkeep]
|upkeep
|
|t:|1647454573
|switch|p2a: Kyogre|Kyogre|100/100
|detailschange|p2a: Kyogre|Kyogre-Primal
|-primal|p2a: Kyogre
|-weather|PrimordialSea|[from] ability: Primordial Sea|[of] p2a: Kyogre
|turn|4
|
|t:|1647454584
|switch|p1a: Kyogre|Kyogre|100/100
|-damage|p1a: Kyogre|88/100|[from] Stealth Rock
|-activate|p1a: Kyogre|move: Sticky Web
|-unboost|p1a: Kyogre|spe|1
|detailschange|p1a: Kyogre|Kyogre-Primal
|-primal|p1a: Kyogre
|move|p2a: Kyogre|Water Spout|p1a: Kyogre
|-resisted|p1a: Kyogre
|-damage|p1a: Kyogre|49/100
|
|-weather|PrimordialSea|[upkeep]
|upkeep
|turn|5
|
|t:|1647454599
|switch|p1a: Groudon|Groudon-Primal|100/100
|-activate|p1a: Groudon|move: Sticky Web
|-unboost|p1a: Groudon|spe|1
|-damage|p1a: Groudon|88/100|[from] Stealth Rock
|-weather|DesolateLand|[from] ability: Desolate Land|[of] p1a: Groudon
|move|p2a: Kyogre|Water Spout||[still]
|-fail|p2a: Kyogre|Water Spout|[from] Desolate Land
|
|-weather|DesolateLand|[upkeep]
|upkeep
|turn|6
|
|t:|1647454612
|switch|p2a: Yveltal|Yveltal|100/100
|-ability|p2a: Yveltal|Dark Aura
|move|p1a: Groudon|Lava Plume|p2a: Yveltal
|-crit|p2a: Yveltal
|-damage|p2a: Yveltal|20/100
|-status|p2a: Yveltal|brn
|
|-weather|DesolateLand|[upkeep]
|-damage|p2a: Yveltal|14/100 brn|[from] brn
|upkeep
|turn|7
|j| Greatday4Gravy
|
|t:|1647454621
|-weather|none
|switch|p1a: Clefable|Clefable, M|100/100
|-damage|p1a: Clefable|88/100|[from] Stealth Rock
|-activate|p1a: Clefable|move: Sticky Web
|-unboost|p1a: Clefable|spe|1
|move|p2a: Yveltal|Dark Pulse|p1a: Clefable
|-resisted|p1a: Clefable
|-damage|p1a: Clefable|59/100
|-damage|p2a: Yveltal|4/100 brn|[from] item: Life Orb
|
|-heal|p1a: Clefable|65/100|[from] item: Leftovers
|-damage|p2a: Yveltal|0 fnt|[from] brn
|faint|p2a: Yveltal
|upkeep
|
|t:|1647454630
|switch|p2a: Kyogre|Kyogre-Primal|100/100
|-weather|PrimordialSea|[from] ability: Primordial Sea|[of] p2a: Kyogre
|turn|8
|
|t:|1647454635
|move|p1a: Clefable|Protect|p1a: Clefable
|-singleturn|p1a: Clefable|Protect
|move|p2a: Kyogre|Ice Beam|p1a: Clefable
|-activate|p1a: Clefable|move: Protect
|
|-weather|PrimordialSea|[upkeep]
|-heal|p1a: Clefable|72/100|[from] item: Leftovers
|upkeep
|turn|9
|
|t:|1647454642
|switch|p1a: Groudon|Groudon-Primal|88/100
|-damage|p1a: Groudon|76/100|[from] Stealth Rock
|-activate|p1a: Groudon|move: Sticky Web
|-unboost|p1a: Groudon|spe|1
|-weather|DesolateLand|[from] ability: Desolate Land|[of] p1a: Groudon
|move|p2a: Kyogre|Origin Pulse||[still]
|-fail|p2a: Kyogre|Origin Pulse|[from] Desolate Land
|
|-weather|DesolateLand|[upkeep]
|upkeep
|turn|10
|j| Hobbitbobby
|
|t:|1647454649
|move|p2a: Kyogre|Ice Beam|p1a: Groudon
|-damage|p1a: Groudon|45/100
|move|p1a: Groudon|Stealth Rock|p2a: Kyogre
|-sidestart|p2: velvet|move: Stealth Rock
|
|-weather|DesolateLand|[upkeep]
|upkeep
|turn|11
|
|t:|1647454652
|move|p2a: Kyogre|Ice Beam|p1a: Groudon
|-damage|p1a: Groudon|12/100
|move|p1a: Groudon|Precipice Blades|p2a: Kyogre
|-damage|p2a: Kyogre|25/100
|
|-weather|DesolateLand|[upkeep]
|upkeep
|turn|12
|
|t:|1647454658
|move|p2a: Kyogre|Ice Beam|p1a: Groudon
|-damage|p1a: Groudon|0 fnt
|faint|p1a: Groudon
|-weather|none
|
|upkeep
|
|t:|1647454661
|switch|p1a: Rayquaza|Rayquaza|100/100
|-damage|p1a: Rayquaza|76/100|[from] Stealth Rock
|-ability|p1a: Rayquaza|Air Lock
|turn|13
|
|t:|1647454663
|detailschange|p1a: Rayquaza|Rayquaza-Mega
|-mega|p1a: Rayquaza|Rayquaza|
|-weather|DeltaStream|[from] ability: Delta Stream|[of] p1a: Rayquaza
|move|p1a: Rayquaza|V-create|p2a: Kyogre
|-resisted|p2a: Kyogre
|-damage|p2a: Kyogre|0 fnt
|-unboost|p1a: Rayquaza|spe|1
|-unboost|p1a: Rayquaza|def|1
|-unboost|p1a: Rayquaza|spd|1
|faint|p2a: Kyogre
|
|-weather|DeltaStream|[upkeep]
|upkeep
|
|t:|1647454667
|switch|p2a: Calyrex|Calyrex-Shadow|100/100
|-ability|p2a: Calyrex|As One
|-ability|p2a: Calyrex|Unnerve
|-damage|p2a: Calyrex|88/100|[from] Stealth Rock
|turn|14
|
|t:|1647454671
|-weather|none
|switch|p1a: Arceus|Arceus|100/100
|-damage|p1a: Arceus|88/100|[from] Stealth Rock
|-activate|p1a: Arceus|move: Sticky Web
|-unboost|p1a: Arceus|spe|1
|move|p2a: Calyrex|Draining Kiss|p1a: Arceus
|-damage|p1a: Arceus|74/100
|-heal|p2a: Calyrex|100/100|[from] drain|[of] p1a: Arceus
|
|upkeep
|turn|15
|
|t:|1647454684
|move|p2a: Calyrex|Nasty Plot|p2a: Calyrex
|-boost|p2a: Calyrex|spa|2
|move|p1a: Arceus|Recover|p1a: Arceus
|-heal|p1a: Arceus|100/100
|
|upkeep
|turn|16
|
|t:|1647454695
|-start|p1a: Arceus|Dynamax
|-heal|p1a: Arceus|100/100|[silent]
|move|p2a: Calyrex|Nasty Plot|p2a: Calyrex
|-boost|p2a: Calyrex|spa|2
|move|p1a: Arceus|Max Quake|p2a: Calyrex
|-damage|p2a: Calyrex|35/100
|-boost|p1a: Arceus|spd|1
|
|upkeep
|turn|17
|
|t:|1647454701
|move|p2a: Calyrex|Baton Pass|p2a: Calyrex
|
|t:|1647454703
|switch|p2a: Xerneas|Xerneas|100/100|[from]move: Baton Pass
|-damage|p2a: Xerneas|88/100|[from] Stealth Rock
|-ability|p2a: Xerneas|Fairy Aura
|move|p1a: Arceus|Max Strike|p2a: Xerneas
|-damage|p2a: Xerneas|39/100
|-unboost|p2a: Xerneas|spe|1
|
|upkeep
|turn|18
|
|t:|1647454711
|-start|p2a: Xerneas|Dynamax
|-heal|p2a: Xerneas|39/100|[silent]
|move|p2a: Xerneas|Max Guard|p2a: Xerneas
|-singleturn|p2a: Xerneas|Max Guard
|move|p1a: Arceus|Max Strike|p2a: Xerneas
|-activate|p2a: Xerneas|move: Max Guard
|
|-end|p1a: Arceus|Dynamax
|-heal|p1a: Arceus|100/100|[silent]
|upkeep
|turn|19
|
|t:|1647454722
|switch|p1a: Kyogre|Kyogre-Primal|49/100
|-activate|p1a: Kyogre|move: Sticky Web
|-unboost|p1a: Kyogre|spe|1
|-damage|p1a: Kyogre|37/100|[from] Stealth Rock
|-weather|PrimordialSea|[from] ability: Primordial Sea|[of] p1a: Kyogre
|move|p2a: Xerneas|Max Starfall|p1a: Kyogre
|-damage|p1a: Kyogre|0 fnt
|-fieldstart|move: Misty Terrain
|faint|p1a: Kyogre
|-weather|none
|
|upkeep
|
|t:|1647454729
|switch|p1a: Clefable|Clefable, M|72/100
|-damage|p1a: Clefable|59/100|[from] Stealth Rock
|-activate|p1a: Clefable|move: Sticky Web
|-unboost|p1a: Clefable|spe|1
|turn|20
|
|t:|1647454733
|move|p2a: Xerneas|Max Starfall|p1a: Clefable
|-damage|p1a: Clefable|0 fnt
|faint|p1a: Clefable
|
|-end|p2a: Xerneas|Dynamax
|-heal|p2a: Xerneas|39/100|[silent]
|upkeep
|
|t:|1647454735
|switch|p1a: Rayquaza|Rayquaza-Mega|76/100
|-damage|p1a: Rayquaza|51/100|[from] Stealth Rock
|-weather|DeltaStream|[from] ability: Delta Stream|[of] p1a: Rayquaza
|turn|21
|
|t:|1647454739
|move|p1a: Rayquaza|Extreme Speed|p2a: Xerneas
|-damage|p2a: Xerneas|0 fnt
|faint|p2a: Xerneas
|
|-weather|DeltaStream|[upkeep]
|upkeep
|
|t:|1647454744
|switch|p2a: Necrozma|Necrozma-Dusk-Mane|100/100
|-damage|p2a: Necrozma|95/100|[from] Stealth Rock
|turn|22
|
|t:|1647454747
|-weather|none
|switch|p1a: Skarmory|Skarmory, M|100/100
|-damage|p1a: Skarmory|88/100|[from] Stealth Rock
|move|p2a: Necrozma|Dragon Dance|p2a: Necrozma
|-boost|p2a: Necrozma|atk|1
|-boost|p2a: Necrozma|spe|1
|
|upkeep
|turn|23
|
|t:|1647454752
|move|p2a: Necrozma|Dragon Dance|p2a: Necrozma
|-boost|p2a: Necrozma|atk|1
|-boost|p2a: Necrozma|spe|1
|move|p1a: Skarmory|Defog|p2a: Necrozma
|-unboost|p2a: Necrozma|evasion|1
|-sideend|p2: velvet|Stealth Rock|[from] move: Defog|[of] p1a: Skarmory
|-sideend|p1: hjksgdf|Stealth Rock|[from] move: Defog|[of] p1a: Skarmory
|-sideend|p1: hjksgdf|Sticky Web|[from] move: Defog|[of] p1a: Skarmory
|-fieldend|Misty Terrain
|
|upkeep
|turn|24
|
|t:|1647454755
|move|p2a: Necrozma|Stone Edge|p1a: Skarmory
|-damage|p1a: Skarmory|24/100
|-damage|p2a: Necrozma|85/100|[from] item: Life Orb
|move|p1a: Skarmory|Whirlwind|p2a: Necrozma
|drag|p2a: Calyrex|Calyrex-Shadow|35/100
|-ability|p2a: Calyrex|As One
|-ability|p2a: Calyrex|Unnerve
|
|upkeep
|turn|25
|
|t:|1647454760
|switch|p1a: Arceus|Arceus|100/100
|move|p2a: Calyrex|Nasty Plot|p2a: Calyrex
|-boost|p2a: Calyrex|spa|2
|
|upkeep
|turn|26
|
|t:|1647454768
|move|p2a: Calyrex|Draining Kiss|p1a: Arceus
|-damage|p1a: Arceus|75/100
|-heal|p2a: Calyrex|59/100|[from] drain|[of] p1a: Arceus
|move|p1a: Arceus|Earthquake|p2a: Calyrex
|-damage|p2a: Calyrex|13/100
|
|upkeep
|turn|27
|
|t:|1647454770
|move|p2a: Calyrex|Draining Kiss|p1a: Arceus
|-damage|p1a: Arceus|48/100
|-heal|p2a: Calyrex|39/100|[from] drain|[of] p1a: Arceus
|move|p1a: Arceus|Earthquake|p2a: Calyrex
|-damage|p2a: Calyrex|0 fnt
|faint|p2a: Calyrex
|
|upkeep
|
|t:|1647454773
|switch|p2a: Necrozma|Necrozma-Dusk-Mane|85/100
|turn|28
|
|t:|1647454776
|move|p1a: Arceus|Earthquake|p2a: Necrozma
|-supereffective|p2a: Necrozma
|-damage|p2a: Necrozma|44/100
|move|p2a: Necrozma|Dragon Dance|p2a: Necrozma
|-boost|p2a: Necrozma|atk|1
|-boost|p2a: Necrozma|spe|1
|
|upkeep
|turn|29
|
|t:|1647454779
|move|p2a: Necrozma|Sunsteel Strike|p1a: Arceus
|-damage|p1a: Arceus|0 fnt
|faint|p1a: Arceus
|-damage|p2a: Necrozma|34/100|[from] item: Life Orb
|
|upkeep
|j| fgkolol
|
|t:|1647454783
|switch|p1a: Skarmory|Skarmory, M|24/100
|turn|30
|
|t:|1647454787
|move|p2a: Necrozma|Stone Edge|p1a: Skarmory|[miss]
|-miss|p2a: Necrozma|p1a: Skarmory
|move|p1a: Skarmory|Roost|p1a: Skarmory
|-heal|p1a: Skarmory|74/100
|-singleturn|p1a: Skarmory|move: Roost
|
|upkeep
|turn|31
|c| Sunesis|wait why no click espeed
|c| Sunesis|also rip
|
|t:|1647454795
|move|p2a: Necrozma|Dragon Dance|p2a: Necrozma
|-boost|p2a: Necrozma|atk|1
|-boost|p2a: Necrozma|spe|1
|move|p1a: Skarmory|Roost|p1a: Skarmory
|-heal|p1a: Skarmory|100/100
|-singleturn|p1a: Skarmory|move: Roost
|
|upkeep
|turn|32
|
|t:|1647454805
|move|p2a: Necrozma|Stone Edge|p1a: Skarmory
|-damage|p1a: Skarmory|37/100
|-damage|p2a: Necrozma|24/100|[from] item: Life Orb
|move|p1a: Skarmory|Whirlwind||[still]
|-fail|p1a: Skarmory
|
|upkeep
|turn|33
|
|t:|1647454808
|move|p2a: Necrozma|Stone Edge|p1a: Skarmory
|-damage|p1a: Skarmory|0 fnt
|faint|p1a: Skarmory
|-damage|p2a: Necrozma|15/100|[from] item: Life Orb
|
|upkeep
|
|t:|1647454810
|switch|p1a: Rayquaza|Rayquaza-Mega|51/100
|-weather|DeltaStream|[from] ability: Delta Stream|[of] p1a: Rayquaza
|turn|34
|c|☆velvet|They win anyways
|c|☆velvet|since the miss made me in range for espeed for ray
|
|t:|1647454824
|move|p1a: Rayquaza|Extreme Speed|p2a: Necrozma
|-resisted|p2a: Necrozma
|-damage|p2a: Necrozma|0 fnt
|faint|p2a: Necrozma
|
|win|hjksgdf
|n|‽hjksgdf|hjksgdf
|n|☆velvet|velvet
|n| Pokemh|pokemh
|n| Sheer Rains|sheerrains
|n| Sunesis|sunesis
|n| Greatday4Gravy|greatday4gravy
|n| Hobbitbobby|hobbitbobby
|n| fgkolol|fgkolol
|c| Sunesis|yea
|c| Sunesis|unlucky
|l| fgkolol
|l| Sunesis
|c|☆velvet|Truly
