|j|☆aseeasase
|j|☆shoffel
|t:|1659574556
|gametype|singles
|player|p1|aseeasase|101|1717
|player|p2|shoffel|170|1826
|teamsize|p1|6
|teamsize|p2|6
|gen|8
|tier|[Gen 8] National Dex AG
|rated|
|rule|HP Percentage Mod: HP is shown in percentages
|rule|Endless Battle Clause: Forcing endless battles is banned
|clearpoke
|poke|p1|Zacian-*|
|poke|p1|Arceus-*|
|poke|p1|Arceus-*|
|poke|p1|Arceus-*|
|poke|p1|Wobbuffet, M|
|poke|p1|Arceus-*|
|poke|p2|Eternatus|
|poke|p2|Arceus-*|
|poke|p2|Calyrex-Shadow|
|poke|p2|Ho-Oh|
|poke|p2|Necrozma-Dusk-Mane|
|poke|p2|Yveltal|
|teampreview
|inactive|Battle timer is ON: inactive players will automatically lose when time's up. (requested by shoffel)
|
|t:|1659574562
|start
|switch|p1a: Arceus|Arceus-Ground|100/100
|switch|p2a: Yveltal|Yveltal|100/100
|-ability|p2a: Yveltal|Dark Aura
|turn|1
|
|t:|1659574568
|move|p1a: Arceus|Stone Edge|p2a: Yveltal
|-supereffective|p2a: Yveltal
|-damage|p2a: Yveltal|40/100
|move|p2a: Yveltal|U-turn|p1a: Arceus
|-damage|p1a: Arceus|72/100
|
|t:|1659574574
|switch|p2a: Arceus|Arceus-Fairy|100/100|[from]move: U-turn
|
|upkeep
|turn|2
|
|t:|1659574579
|move|p2a: Arceus|Calm Mind|p2a: Arceus
|-boost|p2a: Arceus|spa|1
|-boost|p2a: Arceus|spd|1
|move|p1a: Arceus|Swords Dance|p1a: Arceus
|-boost|p1a: Arceus|atk|2
|
|upkeep
|turn|3
|
|t:|1659574582
|-start|p2a: Arceus|Dynamax|
|-heal|p2a: Arceus|100/100|[silent]
|move|p2a: Arceus|Max Starfall|p1a: Arceus
|-damage|p1a: Arceus|0 fnt
|-fieldstart|move: Misty Terrain
|faint|p1a: Arceus
|
|upkeep
|
|t:|1659574586
|switch|p1a: Zacian|Zacian-Crowned|100/100
|-ability|p1a: Zacian|Intrepid Sword|boost
|-boost|p1a: Zacian|atk|1
|turn|4
|
|t:|1659574601
|-end|p2a: Arceus|Dynamax
|-heal|p2a: Arceus|100/100|[silent]
|switch|p2a: Necrozma|Necrozma-Dusk-Mane|100/100
|move|p1a: Zacian|Swords Dance|p1a: Zacian
|-boost|p1a: Zacian|atk|2
|
|upkeep
|turn|5
|
|t:|1659574607
|move|p1a: Zacian|Close Combat|p2a: Necrozma
|-damage|p2a: Necrozma|22/100
|-unboost|p1a: Zacian|def|1
|-unboost|p1a: Zacian|spd|1
|-damage|p1a: Zacian|84/100|[from] item: Rocky Helmet|[of] p2a: Necrozma
|move|p2a: Necrozma|Sunsteel Strike|p1a: Zacian
|-damage|p1a: Zacian|7/100
|
|upkeep
|turn|6
|
|t:|1659574614
|move|p1a: Zacian|Wild Charge|p2a: Necrozma
|-damage|p2a: Necrozma|0 fnt
|-damage|p1a: Zacian|0 fnt|[from] item: Rocky Helmet|[of] p2a: Necrozma
|faint|p2a: Necrozma
|faint|p1a: Zacian
|
|upkeep
|
|t:|1659574624
|switch|p1a: Arceus|Arceus-Grass|100/100
|switch|p2a: Ho-Oh|Ho-Oh|100/100
|turn|7
|
|t:|1659574629
|move|p1a: Arceus|Magic Coat|p1a: Arceus
|-singleturn|p1a: Arceus|move: Magic Coat
|move|p2a: Ho-Oh|Toxic|p1a: Arceus
|move|p1a: Arceus|Toxic|p2a: Ho-Oh|[from]Magic Coat
|-status|p2a: Ho-Oh|tox
|
|-damage|p2a: Ho-Oh|94/100 tox|[from] psn
|-fieldend|Misty Terrain
|upkeep
|turn|8
|
|t:|1659574635
|move|p1a: Arceus|Stealth Rock|p2a: Ho-Oh
|-sidestart|p2: shoffel|move: Stealth Rock
|move|p2a: Ho-Oh|Toxic|p1a: Arceus
|-status|p1a: Arceus|tox
|
|-damage|p1a: Arceus|94/100 tox|[from] psn
|-damage|p2a: Ho-Oh|82/100 tox|[from] psn
|upkeep
|turn|9
|
|t:|1659574651
|switch|p1a: Arceus|Arceus-Ground|100/100
|move|p2a: Ho-Oh|Defog|p1a: Arceus
|-unboost|p1a: Arceus|evasion|1
|-sideend|p2: shoffel|Stealth Rock|[from] move: Defog|[of] p2a: Ho-Oh
|
|-damage|p2a: Ho-Oh|64/100 tox|[from] psn
|upkeep
|turn|10
|
|t:|1659574662
|switch|p2a: Yveltal|Yveltal|40/100
|-ability|p2a: Yveltal|Dark Aura
|move|p1a: Arceus|Stone Edge|p2a: Yveltal
|-supereffective|p2a: Yveltal
|-damage|p2a: Yveltal|0 fnt
|faint|p2a: Yveltal
|
|upkeep
|
|t:|1659574664
|switch|p2a: Arceus|Arceus-Fairy|100/100
|turn|11
|
|t:|1659574674
|switch|p1a: Arceus|Arceus-Grass|94/100 tox
|move|p2a: Arceus|Judgment|p1a: Arceus
|-damage|p1a: Arceus|54/100 tox
|
|-damage|p1a: Arceus|48/100 tox|[from] psn
|upkeep
|turn|12
|
|t:|1659574682
|switch|p2a: Calyrex|Calyrex-Shadow|100/100
|-ability|p2a: Calyrex|As One
|-ability|p2a: Calyrex|Unnerve
|move|p1a: Arceus|Grass Knot|p2a: Calyrex
|-damage|p2a: Calyrex|50/100
|
|-damage|p1a: Arceus|36/100 tox|[from] psn
|upkeep
|turn|13
|
|t:|1659574689
|move|p2a: Calyrex|Astral Barrage|p1a: Arceus
|-damage|p1a: Arceus|0 fnt
|faint|p1a: Arceus
|-ability|p2a: Calyrex|Grim Neigh|boost
|-boost|p2a: Calyrex|spa|1
|
|upkeep
|
|t:|1659574710
|switch|p1a: Wobbuffet|Wobbuffet, M|100/100
|turn|14
|
|t:|1659574713
|move|p2a: Calyrex|Astral Barrage|p1a: Wobbuffet
|-supereffective|p1a: Wobbuffet
|-enditem|p1a: Wobbuffet|Focus Sash
|-damage|p1a: Wobbuffet|1/100
|move|p1a: Wobbuffet|Mirror Coat|p2a: Calyrex
|-damage|p2a: Calyrex|0 fnt
|faint|p2a: Calyrex
|
|upkeep
|
|t:|1659574720
|switch|p2a: Arceus|Arceus-Fairy|100/100
|turn|15
|
|t:|1659574723
|move|p2a: Arceus|Judgment|p1a: Wobbuffet
|-damage|p1a: Wobbuffet|0 fnt
|faint|p1a: Wobbuffet
|
|upkeep
|
|t:|1659574736
|switch|p1a: Arceus|Arceus-Electric|100/100
|turn|16
|
|t:|1659574742
|move|p2a: Arceus|Calm Mind|p2a: Arceus
|-boost|p2a: Arceus|spa|1
|-boost|p2a: Arceus|spd|1
|move|p1a: Arceus|Calm Mind|p1a: Arceus
|-boost|p1a: Arceus|spa|1
|-boost|p1a: Arceus|spd|1
|
|upkeep
|turn|17
|
|t:|1659574748
|move|p2a: Arceus|Calm Mind|p2a: Arceus
|-boost|p2a: Arceus|spa|1
|-boost|p2a: Arceus|spd|1
|move|p1a: Arceus|Calm Mind|p1a: Arceus
|-boost|p1a: Arceus|spa|1
|-boost|p1a: Arceus|spd|1
|
|upkeep
|turn|18
|
|t:|1659574753
|move|p2a: Arceus|Earth Power|p1a: Arceus
|-supereffective|p1a: Arceus
|-damage|p1a: Arceus|62/100
|move|p1a: Arceus|Calm Mind|p1a: Arceus
|-boost|p1a: Arceus|spa|1
|-boost|p1a: Arceus|spd|1
|
|upkeep
|turn|19
|
|t:|1659574757
|move|p2a: Arceus|Calm Mind|p2a: Arceus
|-boost|p2a: Arceus|spa|1
|-boost|p2a: Arceus|spd|1
|move|p1a: Arceus|Recover|p1a: Arceus
|-heal|p1a: Arceus|100/100
|
|upkeep
|turn|20
|
|t:|1659574761
|move|p2a: Arceus|Calm Mind|p2a: Arceus
|-boost|p2a: Arceus|spa|1
|-boost|p2a: Arceus|spd|1
|move|p1a: Arceus|Calm Mind|p1a: Arceus
|-boost|p1a: Arceus|spa|1
|-boost|p1a: Arceus|spd|1
|
|upkeep
|turn|21
|
|t:|1659574764
|move|p2a: Arceus|Earth Power|p1a: Arceus
|-supereffective|p1a: Arceus
|-damage|p1a: Arceus|61/100
|move|p1a: Arceus|Calm Mind|p1a: Arceus
|-boost|p1a: Arceus|spa|1
|-boost|p1a: Arceus|spd|1
|
|upkeep
|turn|22
|
|t:|1659574767
|move|p2a: Arceus|Calm Mind|p2a: Arceus
|-boost|p2a: Arceus|spa|1
|-boost|p2a: Arceus|spd|1
|move|p1a: Arceus|Recover|p1a: Arceus
|-heal|p1a: Arceus|100/100
|
|upkeep
|turn|23
|
|t:|1659574770
|move|p2a: Arceus|Calm Mind|p2a: Arceus
|-boost|p2a: Arceus|spa|1
|-boost|p2a: Arceus|spd|1
|move|p1a: Arceus|Calm Mind|p1a: Arceus
|-boost|p1a: Arceus|spa|1
|-boost|p1a: Arceus|spd|1
|
|upkeep
|turn|24
|
|t:|1659574775
|-start|p1a: Arceus|Dynamax|
|-heal|p1a: Arceus|100/100|[silent]
|move|p2a: Arceus|Earth Power|p1a: Arceus
|-supereffective|p1a: Arceus
|-damage|p1a: Arceus|81/100
|move|p1a: Arceus|Max Lightning|p2a: Arceus
|-damage|p2a: Arceus|42/100
|-fieldstart|move: Electric Terrain
|
|upkeep
|turn|25
|
|t:|1659574781
|move|p2a: Arceus|Recover|p2a: Arceus
|-heal|p2a: Arceus|92/100
|move|p1a: Arceus|Max Lightning|p2a: Arceus
|-damage|p2a: Arceus|19/100
|
|upkeep
|turn|26
|
|t:|1659574784
|move|p2a: Arceus|Recover|p2a: Arceus
|-heal|p2a: Arceus|69/100
|move|p1a: Arceus|Max Lightning|p2a: Arceus
|-damage|p2a: Arceus|0 fnt
|faint|p2a: Arceus
|
|upkeep
|
|t:|1659574788
|switch|p2a: Eternatus|Eternatus|100/100
|-ability|p2a: Eternatus|Pressure
|-end|p1a: Arceus|Dynamax
|-heal|p1a: Arceus|81/100|[silent]
|turn|27
|
|t:|1659574791
|move|p1a: Arceus|Ice Beam|p2a: Eternatus
|-supereffective|p2a: Eternatus
|-damage|p2a: Eternatus|0 fnt
|faint|p2a: Eternatus
|
|upkeep
|
|t:|1659574793
|switch|p2a: Ho-Oh|Ho-Oh|98/100 tox
|turn|28
|
|t:|1659574795
|move|p1a: Arceus|Judgment|p2a: Ho-Oh
|-supereffective|p2a: Ho-Oh
|-damage|p2a: Ho-Oh|0 fnt
|faint|p2a: Ho-Oh
|
|win|aseeasase
|raw|aseeasase's rating: 1717 &rarr; <strong>1743</strong><br />(+26 for winning)
|raw|shoffel's rating: 1826 &rarr; <strong>1800</strong><br />(-26 for losing)
|l|☆shoffel
