|j|☆llmmllmm
|j|☆Freeity
|t:|1649384118
|gametype|singles
|player|p1|llmmllmm|tuberf|1578
|player|p2|Freeity|iris-gen5bw2|1867
|teamsize|p1|6
|teamsize|p2|6
|gen|8
|tier|[Gen 8] National Dex AG
|rated|
|rule|HP Percentage Mod: HP is shown in percentages
|rule|Endless Battle Clause: Forcing endless battles is banned
|clearpoke
|poke|p1|Arceus-*|
|poke|p1|Groudon|
|poke|p1|Ho-Oh|
|poke|p1|Calyrex-Shadow|
|poke|p1|Rayquaza|
|poke|p1|Ditto|
|poke|p2|Arceus-*|
|poke|p2|Rayquaza|
|poke|p2|Arceus-*|
|poke|p2|Necrozma-Dusk-Mane|
|poke|p2|Kyogre|
|poke|p2|Arceus-*|
|teampreview
|inactive|Battle timer is ON: inactive players will automatically lose when time's up. (requested by llmmllmm)
|
|t:|1649384129
|start
|switch|p1a: Arceus|Arceus-Ground|100/100
|switch|p2a: Rayquaza|Rayquaza|100/100
|-ability|p2a: Rayquaza|Air Lock
|turn|1
|
|t:|1649384134
|detailschange|p2a: Rayquaza|Rayquaza-Mega
|-mega|p2a: Rayquaza|Rayquaza|
|-weather|DeltaStream|[from] ability: Delta Stream|[of] p2a: Rayquaza
|move|p2a: Rayquaza|Scale Shot|p1a: Arceus
|-damage|p1a: Arceus|85/100
|-damage|p1a: Arceus|70/100
|-damage|p1a: Arceus|57/100
|-hitcount|p1a: Arceus|3
|-unboost|p2a: Rayquaza|def|1
|-boost|p2a: Rayquaza|spe|1
|-damage|p2a: Rayquaza|91/100|[from] item: Life Orb
|move|p1a: Arceus|Ice Beam|p2a: Rayquaza
|-activate||deltastream
|-supereffective|p2a: Rayquaza
|-damage|p2a: Rayquaza|25/100
|
|-weather|DeltaStream|[upkeep]
|upkeep
|turn|2
|
|t:|1649384146
|move|p2a: Rayquaza|Dragon Ascent|p1a: Arceus
|-damage|p1a: Arceus|0 fnt
|-unboost|p2a: Rayquaza|def|1
|-unboost|p2a: Rayquaza|spd|1
|faint|p1a: Arceus
|-damage|p2a: Rayquaza|15/100|[from] item: Life Orb
|
|-weather|DeltaStream|[upkeep]
|upkeep
|
|t:|1649384149
|switch|p1a: Ditto|Ditto|100/100
|-transform|p1a: Ditto|p2a: Rayquaza|[from] ability: Imposter
|turn|3
|
|t:|1649384153
|move|p1a: Ditto|Extreme Speed|p2a: Rayquaza
|-damage|p2a: Rayquaza|0 fnt
|faint|p2a: Rayquaza
|
|-weather|DeltaStream|[upkeep]
|upkeep
|
|t:|1649384156
|switch|p2a: Necrozma|Necrozma-Dusk-Mane|100/100
|turn|4
|
|t:|1649384174
|-weather|none
|switch|p1a: Groudon|Groudon|100/100
|detailschange|p1a: Groudon|Groudon-Primal
|-primal|p1a: Groudon
|-weather|DesolateLand|[from] ability: Desolate Land|[of] p1a: Groudon
|move|p2a: Necrozma|Stealth Rock|p1a: Groudon
|-sidestart|p1: llmmllmm|move: Stealth Rock
|
|-weather|DesolateLand|[upkeep]
|upkeep
|turn|5
|
|t:|1649384177
|switch|p2a: Kyogre|Kyogre|100/100
|detailschange|p2a: Kyogre|Kyogre-Primal
|-primal|p2a: Kyogre
|-weather|PrimordialSea|[from] ability: Primordial Sea|[of] p2a: Kyogre
|move|p1a: Groudon|Rock Polish|p1a: Groudon
|-boost|p1a: Groudon|spe|2
|
|-weather|PrimordialSea|[upkeep]
|upkeep
|turn|6
|
|t:|1649384191
|switch|p1a: Rayquaza|Rayquaza|100/100
|-damage|p1a: Rayquaza|76/100|[from] Stealth Rock
|-ability|p1a: Rayquaza|Air Lock
|move|p2a: Kyogre|Scald|p1a: Rayquaza
|-resisted|p1a: Rayquaza
|-damage|p1a: Rayquaza|52/100
|
|-weather|PrimordialSea|[upkeep]
|upkeep
|turn|7
|
|t:|1649384198
|switch|p1a: Groudon|Groudon-Primal|100/100
|-damage|p1a: Groudon|88/100|[from] Stealth Rock
|-weather|DesolateLand|[from] ability: Desolate Land|[of] p1a: Groudon
|move|p2a: Kyogre|Scald||[still]
|-fail|p2a: Kyogre|Scald|[from] Desolate Land
|
|-weather|DesolateLand|[upkeep]
|upkeep
|turn|8
|
|t:|1649384204
|switch|p2a: Arceus|Arceus-Ground|100/100
|move|p1a: Groudon|Precipice Blades|p2a: Arceus|[miss]
|-miss|p1a: Groudon|p2a: Arceus
|
|-weather|DesolateLand|[upkeep]
|upkeep
|turn|9
|
|t:|1649384209
|-weather|none
|switch|p1a: Ho-Oh|Ho-Oh|100/100
|move|p2a: Arceus|Judgment|p1a: Ho-Oh
|-immune|p1a: Ho-Oh
|
|upkeep
|turn|10
|
|t:|1649384215
|switch|p2a: Kyogre|Kyogre-Primal|100/100
|-weather|PrimordialSea|[from] ability: Primordial Sea|[of] p2a: Kyogre
|move|p1a: Ho-Oh|Defog|p2a: Kyogre
|-unboost|p2a: Kyogre|evasion|1
|-sideend|p1: llmmllmm|Stealth Rock|[from] move: Defog|[of] p1a: Ho-Oh
|
|-weather|PrimordialSea|[upkeep]
|upkeep
|turn|11
|
|t:|1649384219
|-weather|none
|switch|p2a: Arceus|Arceus-Ground|100/100
|switch|p1a: Groudon|Groudon-Primal|88/100
|-weather|DesolateLand|[from] ability: Desolate Land|[of] p1a: Groudon
|
|-weather|DesolateLand|[upkeep]
|upkeep
|turn|12
|
|t:|1649384225
|move|p2a: Arceus|Ice Beam|p1a: Groudon
|-damage|p1a: Groudon|63/100
|move|p1a: Groudon|Precipice Blades|p2a: Arceus|[miss]
|-miss|p1a: Groudon|p2a: Arceus
|
|-weather|DesolateLand|[upkeep]
|upkeep
|turn|13
|
|t:|1649384229
|-weather|none
|switch|p1a: Ho-Oh|Ho-Oh|100/100
|move|p2a: Arceus|Ice Beam|p1a: Ho-Oh
|-damage|p1a: Ho-Oh|90/100
|
|upkeep
|turn|14
|
|t:|1649384234
|switch|p2a: Kyogre|Kyogre-Primal|100/100
|-weather|PrimordialSea|[from] ability: Primordial Sea|[of] p2a: Kyogre
|move|p1a: Ho-Oh|Toxic|p2a: Kyogre
|-status|p2a: Kyogre|tox
|
|-weather|PrimordialSea|[upkeep]
|-damage|p2a: Kyogre|94/100 tox|[from] psn
|upkeep
|turn|15
|
|t:|1649384238
|switch|p1a: Groudon|Groudon-Primal|63/100
|-weather|DesolateLand|[from] ability: Desolate Land|[of] p1a: Groudon
|move|p2a: Kyogre|Scald||[still]
|-fail|p2a: Kyogre|Scald|[from] Desolate Land
|
|-weather|DesolateLand|[upkeep]
|-damage|p2a: Kyogre|82/100 tox|[from] psn
|upkeep
|turn|16
|
|t:|1649384242
|switch|p2a: Arceus|Arceus-Ground|100/100
|move|p1a: Groudon|Precipice Blades|p2a: Arceus
|-damage|p2a: Arceus|53/100
|
|-weather|DesolateLand|[upkeep]
|upkeep
|turn|17
|
|t:|1649384251
|-weather|none
|switch|p1a: Ho-Oh|Ho-Oh|100/100
|move|p2a: Arceus|Judgment|p1a: Ho-Oh
|-immune|p1a: Ho-Oh
|
|upkeep
|turn|18
|
|t:|1649384257
|switch|p2a: Arceus|Arceus-Dark|100/100
|switch|p1a: Groudon|Groudon-Primal|63/100
|-weather|DesolateLand|[from] ability: Desolate Land|[of] p1a: Groudon
|
|-weather|DesolateLand|[upkeep]
|upkeep
|turn|19
|j| IAmJklol
|
|t:|1649384265
|move|p1a: Groudon|Precipice Blades|p2a: Arceus
|-damage|p2a: Arceus|46/100
|move|p2a: Arceus|Calm Mind|p2a: Arceus
|-boost|p2a: Arceus|spa|1
|-boost|p2a: Arceus|spd|1
|
|-weather|DesolateLand|[upkeep]
|upkeep
|turn|20
|
|t:|1649384271
|-start|p2a: Arceus|Dynamax|
|-heal|p2a: Arceus|46/100|[silent]
|move|p1a: Groudon|Precipice Blades|p2a: Arceus
|-damage|p2a: Arceus|17/100
|move|p2a: Arceus|Max Darkness|p1a: Groudon
|-crit|p1a: Groudon
|-damage|p1a: Groudon|0 fnt
|faint|p1a: Groudon
|-weather|none
|
|upkeep
|
|t:|1649384280
|switch|p1a: Rayquaza|Rayquaza|52/100
|-ability|p1a: Rayquaza|Air Lock
|turn|21
|
|t:|1649384284
|detailschange|p1a: Rayquaza|Rayquaza-Mega
|-mega|p1a: Rayquaza|Rayquaza|
|-weather|DeltaStream|[from] ability: Delta Stream|[of] p1a: Rayquaza
|move|p2a: Arceus|Max Guard|p2a: Arceus
|-singleturn|p2a: Arceus|Max Guard
|move|p1a: Rayquaza|Dragon Ascent|p2a: Arceus
|-activate|p2a: Arceus|move: Max Guard
|
|-weather|DeltaStream|[upkeep]
|upkeep
|turn|22
|c| IAmJklol|why dyna-
|c|☆Freeity|idk
|c|☆Freeity|i'm just so fucking pissed
|
|t:|1649384299
|move|p1a: Rayquaza|Dragon Ascent|p2a: Arceus
|-damage|p2a: Arceus|0 fnt
|-unboost|p1a: Rayquaza|def|1
|-unboost|p1a: Rayquaza|spd|1
|faint|p2a: Arceus
|
|-weather|DeltaStream|[upkeep]
|upkeep
|c|☆llmmllmm|same
|c| IAmJklol|k fair
|
|t:|1649384304
|switch|p2a: Arceus|Arceus-Fairy|100/100
|turn|23
|c|☆llmmllmm|i'm so tilted idek anymore
|
|t:|1649384312
|-weather|none
|switch|p1a: Ho-Oh|Ho-Oh|100/100
|move|p2a: Arceus|Judgment|p1a: Ho-Oh
|-resisted|p1a: Ho-Oh
|-damage|p1a: Ho-Oh|90/100
|
|upkeep
|turn|24
|c|☆Freeity|bro i'm almost 1900
|c|☆Freeity|and i tilted 30
|c|☆llmmllmm|lmfao
|c|☆Freeity|cuz of rng yay
|
|t:|1649384332
|switch|p2a: Kyogre|Kyogre-Primal|82/100 tox
|-weather|PrimordialSea|[from] ability: Primordial Sea|[of] p2a: Kyogre
|move|p1a: Ho-Oh|Toxic|p2a: Kyogre
|-fail|p2a: Kyogre|tox
|
|-weather|PrimordialSea|[upkeep]
|-damage|p2a: Kyogre|76/100 tox|[from] psn
|upkeep
|turn|25
|
|t:|1649384341
|switch|p1a: Ditto|Ditto|100/100
|-transform|p1a: Ditto|p2a: Kyogre|[from] ability: Imposter
|move|p2a: Kyogre|Rest|p2a: Kyogre
|-status|p2a: Kyogre|slp|[from] move: Rest
|-heal|p2a: Kyogre|100/100 slp|[silent]
|
|-weather|PrimordialSea|[upkeep]
|upkeep
|turn|26
|
|t:|1649384347
|switch|p1a: Rayquaza|Rayquaza-Mega|52/100
|-weather|DeltaStream|[from] ability: Delta Stream|[of] p1a: Rayquaza
|cant|p2a: Kyogre|slp
|move|p2a: Kyogre|Sleep Talk|p2a: Kyogre
|move|p2a: Kyogre|Calm Mind|p2a: Kyogre|[from]move: Sleep Talk
|-boost|p2a: Kyogre|spa|1
|-boost|p2a: Kyogre|spd|1
|
|-weather|DeltaStream|[upkeep]
|upkeep
|turn|27
|c|☆Freeity|use dragon ascent i dare you
|
|t:|1649384359
|move|p1a: Rayquaza|Dragon Ascent|p2a: Kyogre
|-crit|p2a: Kyogre
|-damage|p2a: Kyogre|17/100 slp
|-unboost|p1a: Rayquaza|def|1
|-unboost|p1a: Rayquaza|spd|1
|cant|p2a: Kyogre|slp
|move|p2a: Kyogre|Sleep Talk|p2a: Kyogre
|move|p2a: Kyogre|Scald|p1a: Rayquaza|[from]move: Sleep Talk
|-resisted|p1a: Rayquaza
|-damage|p1a: Rayquaza|1/100
|
|-weather|DeltaStream|[upkeep]
|upkeep
|turn|28
|c|☆llmmllmm|bruh-
|c|☆Freeity|...
|c|☆Freeity|...
|c|☆llmmllmm|asdfkasjld
|c|☆llmmllmm|rip
|c|☆Freeity|i'm deadass about to quit this fucking game
|c| IAmJklol|well I was 1890
|c|☆Freeity|holy shit
|
|t:|1649384379
|move|p1a: Rayquaza|Dragon Ascent|p2a: Kyogre
|-damage|p2a: Kyogre|0 fnt
|-unboost|p1a: Rayquaza|def|1
|-unboost|p1a: Rayquaza|spd|1
|faint|p2a: Kyogre
|
|-weather|DeltaStream|[upkeep]
|upkeep
|
|t:|1649384382
|switch|p2a: Arceus|Arceus-Fairy|100/100
|turn|29
|c|☆llmmllmm|i peaked at like
|c|☆llmmllmm|a low number
|
|t:|1649384390
|-weather|none
|switch|p1a: Ho-Oh|Ho-Oh|100/100
|move|p2a: Arceus|Judgment|p1a: Ho-Oh
|-resisted|p1a: Ho-Oh
|-crit|p1a: Ho-Oh
|-damage|p1a: Ho-Oh|84/100
|
|upkeep
|turn|30
|c|☆Freeity|literally i just get 6-0d by shadow rider now
|c|☆Freeity|so fun
|c|☆llmmllmm|yess
|
|t:|1649384406
|move|p2a: Arceus|Judgment|p1a: Ho-Oh
|-resisted|p1a: Ho-Oh
|-damage|p1a: Ho-Oh|74/100
|move|p1a: Ho-Oh|Toxic|p2a: Arceus
|-status|p2a: Arceus|tox
|
|-damage|p2a: Arceus|94/100 tox|[from] psn
|upkeep
|turn|31
|c| IAmJklol|wait is fairy arceus not spD?
|
|t:|1649384413
|move|p2a: Arceus|Refresh|p2a: Arceus
|-curestatus|p2a: Arceus|tox|[msg]
|move|p1a: Ho-Oh|Thunder Wave|p2a: Arceus
|-status|p2a: Arceus|par
|
|upkeep
|turn|32
|c|☆Freeity|no..
|c|☆Freeity|this is my ray answer
|
|t:|1649384420
|move|p1a: Ho-Oh|Roost|p1a: Ho-Oh
|-heal|p1a: Ho-Oh|100/100
|-singleturn|p1a: Ho-Oh|move: Roost
|cant|p2a: Arceus|par
|
|upkeep
|turn|33
|
|t:|1649384438
|switch|p1a: Calyrex|Calyrex-Shadow|100/100
|-ability|p1a: Calyrex|As One
|-ability|p1a: Calyrex|Unnerve
|cant|p2a: Arceus|par
|
|upkeep
|turn|34
|c|☆Freeity|bro.
|
|t:|1649384446
|move|p1a: Calyrex|Astral Barrage|p2a: Arceus
|-damage|p2a: Arceus|46/100 par
|cant|p2a: Arceus|par
|
|upkeep
|turn|35
|c|☆llmmllmm|omfg
|c|☆Freeity|i'm going to kill myself
|
|t:|1649384455
|move|p1a: Calyrex|Astral Barrage|p2a: Arceus
|-crit|p2a: Arceus
|-damage|p2a: Arceus|0 fnt
|faint|p2a: Arceus
|-ability|p1a: Calyrex|Grim Neigh|boost
|-boost|p1a: Calyrex|spa|1
|
|upkeep
|c|☆llmmllmm|you are the unluckiest person
|c|☆Freeity|...
|c|☆llmmllmm|AND THE CRIT
|c|☆llmmllmm|WHAT
|c|☆Freeity|nah i'm going to kill myself
|
|t:|1649384467
|switch|p2a: Arceus|Arceus-Ground|53/100
|turn|36
|c|☆llmmllmm|asdf
|
|t:|1649384474
|-start|p1a: Calyrex|Dynamax|
|-heal|p1a: Calyrex|100/100|[silent]
|move|p1a: Calyrex|Max Phantasm|p2a: Arceus
|-damage|p2a: Arceus|0 fnt
|faint|p2a: Arceus
|-ability|p1a: Calyrex|Grim Neigh|boost
|-boost|p1a: Calyrex|spa|1
|
|upkeep
|
|t:|1649384476
|switch|p2a: Necrozma|Necrozma-Dusk-Mane|100/100
|turn|37
|
|t:|1649384480
|move|p1a: Calyrex|Max Phantasm|p2a: Necrozma
|-supereffective|p2a: Necrozma
|-damage|p2a: Necrozma|0 fnt
|faint|p2a: Necrozma
|
|win|llmmllmm
|raw|llmmllmm's rating: 1578 &rarr; <strong>1612</strong><br />(+34 for winning)
|raw|Freeity's rating: 1867 &rarr; <strong>1833</strong><br />(-34 for losing)
|c|☆llmmllmm|wow
|c|☆llmmllmm|gg
|c|☆Freeity|ha ha
|c|☆Freeity|60 tilt now
|c|☆Freeity|so happy
