|j|☆sleepytwigs
|j|☆Chrisbensoo
|t:|1657585082
|gametype|singles
|player|p1|sleepytwigs|2|1405
|player|p2|Chrisbensoo|265|1522
|teamsize|p1|6
|teamsize|p2|6
|gen|8
|tier|[Gen 8] National Dex AG
|rated|
|rule|HP Percentage Mod: HP is shown in percentages
|rule|Endless Battle Clause: Forcing endless battles is banned
|clearpoke
|poke|p1|Rayquaza|
|poke|p1|Zacian-*|
|poke|p1|Marshadow|
|poke|p1|Calyrex-Shadow|
|poke|p1|Xerneas-*|
|poke|p1|Groudon|
|poke|p2|Magearna|
|poke|p2|Calyrex-Shadow|
|poke|p2|Arceus-*|
|poke|p2|Ho-Oh|
|poke|p2|Darmanitan-Galar, F|
|poke|p2|Necrozma-Dusk-Mane|
|teampreview
|
|t:|1657585101
|start
|switch|p1a: Groudon|Groudon|100/100
|switch|p2a: Magearna|Magearna|100/100
|detailschange|p1a: Groudon|Groudon-Primal
|-primal|p1a: Groudon
|-weather|DesolateLand|[from] ability: Desolate Land|[of] p1a: Groudon
|turn|1
|
|t:|1657585119
|switch|p2a: Arceus|Arceus-Ground|100/100
|move|p1a: Groudon|Fire Punch|p2a: Arceus
|-damage|p2a: Arceus|61/100
|
|-weather|DesolateLand|[upkeep]
|upkeep
|turn|2
|
|t:|1657585141
|move|p2a: Arceus|Recover|p2a: Arceus
|-heal|p2a: Arceus|100/100
|move|p1a: Groudon|Precipice Blades|p2a: Arceus
|-damage|p2a: Arceus|59/100
|
|-weather|DesolateLand|[upkeep]
|upkeep
|turn|3
|
|t:|1657585147
|-weather|none
|switch|p1a: Rayquaza|Rayquaza|100/100
|-ability|p1a: Rayquaza|Air Lock
|move|p2a: Arceus|Judgment|p1a: Rayquaza
|-immune|p1a: Rayquaza
|
|upkeep
|turn|4
|
|t:|1657585172
|detailschange|p1a: Rayquaza|Rayquaza-Mega
|-mega|p1a: Rayquaza|Rayquaza|
|-weather|DeltaStream|[from] ability: Delta Stream|[of] p1a: Rayquaza
|move|p1a: Rayquaza|Dragon Ascent|p2a: Arceus
|-damage|p2a: Arceus|0 fnt
|-unboost|p1a: Rayquaza|def|1
|-unboost|p1a: Rayquaza|spd|1
|faint|p2a: Arceus
|-damage|p1a: Rayquaza|91/100|[from] item: Life Orb
|
|-weather|DeltaStream|[upkeep]
|upkeep
|
|t:|1657585180
|switch|p2a: Cali|Calyrex-Shadow|100/100
|-ability|p2a: Cali|As One
|-ability|p2a: Cali|Unnerve
|turn|5
|
|t:|1657585189
|move|p2a: Cali|Astral Barrage|p1a: Rayquaza
|-damage|p1a: Rayquaza|0 fnt
|faint|p1a: Rayquaza
|-weather|none
|-ability|p2a: Cali|Grim Neigh|boost
|-boost|p2a: Cali|spa|1
|
|upkeep
|
|t:|1657585192
|switch|p1a: Marshadow|Marshadow|100/100
|turn|6
|
|t:|1657585194
|switch|p2a: Ho-Oh|Ho-Oh|100/100
|move|p1a: Marshadow|Shadow Sneak|p2a: Ho-Oh
|-damage|p2a: Ho-Oh|79/100
|
|upkeep
|turn|7
|
|t:|1657585222
|switch|p1a: Groudon|Groudon-Primal|100/100
|-weather|DesolateLand|[from] ability: Desolate Land|[of] p1a: Groudon
|move|p2a: Ho-Oh|Toxic|p1a: Groudon
|-status|p1a: Groudon|tox
|
|-weather|DesolateLand|[upkeep]
|-damage|p1a: Groudon|94/100 tox|[from] psn
|upkeep
|turn|8
|
|t:|1657585241
|switch|p2a: Dhar Mann|Darmanitan-Galar, F|100/100
|move|p1a: Groudon|Stealth Rock|p2a: Dhar Mann
|-sidestart|p2: Chrisbensoo|move: Stealth Rock
|
|-weather|DesolateLand|[upkeep]
|-damage|p1a: Groudon|82/100 tox|[from] psn
|upkeep
|turn|9
|
|t:|1657585247
|move|p2a: Dhar Mann|Substitute|p2a: Dhar Mann
|-start|p2a: Dhar Mann|Substitute
|-damage|p2a: Dhar Mann|75/100
|move|p1a: Groudon|Fire Punch|p2a: Dhar Mann
|-supereffective|p2a: Dhar Mann
|-end|p2a: Dhar Mann|Substitute
|
|-weather|DesolateLand|[upkeep]
|-damage|p1a: Groudon|63/100 tox|[from] psn
|upkeep
|turn|10
|
|t:|1657585250
|move|p2a: Dhar Mann|Earthquake|p1a: Groudon
|-supereffective|p1a: Groudon
|-damage|p1a: Groudon|24/100 tox
|move|p1a: Groudon|Fire Punch|p2a: Dhar Mann
|-supereffective|p2a: Dhar Mann
|-damage|p2a: Dhar Mann|0 fnt
|faint|p2a: Dhar Mann
|
|-weather|DesolateLand|[upkeep]
|-damage|p1a: Groudon|0 fnt|[from] psn
|faint|p1a: Groudon
|-weather|none
|upkeep
|
|t:|1657585261
|switch|p2a: Ho-Oh|Ho-Oh|100/100
|switch|p1a: Calyrex|Calyrex-Shadow|100/100
|-ability|p1a: Calyrex|As One
|-ability|p1a: Calyrex|Unnerve
|turn|11
|
|t:|1657585269
|switch|p1a: Xerneas|Xerneas|100/100
|-ability|p1a: Xerneas|Fairy Aura
|move|p2a: Ho-Oh|Sacred Fire|p1a: Xerneas
|-damage|p1a: Xerneas|66/100
|
|upkeep
|turn|12
|
|t:|1657585281
|-start|p1a: Xerneas|Dynamax|
|-heal|p1a: Xerneas|66/100|[silent]
|move|p1a: Xerneas|Max Starfall|p2a: Ho-Oh
|-resisted|p2a: Ho-Oh
|-damage|p2a: Ho-Oh|72/100
|-fieldstart|move: Misty Terrain
|move|p2a: Ho-Oh|Whirlwind|p1a: Xerneas
|-block|p1a: Xerneas|Dynamax
|
|upkeep
|turn|13
|
|t:|1657585296
|switch|p2a: Magearna|Magearna|100/100
|-damage|p2a: Magearna|94/100|[from] Stealth Rock
|move|p1a: Xerneas|Max Starfall|p2a: Magearna
|-resisted|p2a: Magearna
|-damage|p2a: Magearna|61/100
|
|-heal|p2a: Magearna|68/100|[from] item: Leftovers
|upkeep
|turn|14
|
|t:|1657585299
|move|p1a: Xerneas|Max Starfall|p2a: Magearna
|-resisted|p2a: Magearna
|-damage|p2a: Magearna|35/100
|move|p2a: Magearna|Pain Split|p1a: Xerneas
|-sethp|p1a: Xerneas|56/100|[from] move: Pain Split|[silent]
|-sethp|p2a: Magearna|58/100|[from] move: Pain Split
|
|-heal|p2a: Magearna|65/100|[from] item: Leftovers
|upkeep
|-end|p1a: Xerneas|Dynamax
|-heal|p1a: Xerneas|57/100|[silent]
|turn|15
|
|t:|1657585315
|move|p1a: Xerneas|Moonblast|p2a: Magearna
|-resisted|p2a: Magearna
|-damage|p2a: Magearna|41/100
|-unboost|p2a: Magearna|spa|1
|move|p2a: Magearna|Heart Swap|p1a: Xerneas
|-swapboost|p2a: Magearna|p1a: Xerneas|[from] move: Heart Swap
|
|-heal|p2a: Magearna|47/100|[from] item: Leftovers
|upkeep
|turn|16
|
|t:|1657585322
|move|p1a: Xerneas|Geomancy||[still]
|-prepare|p1a: Xerneas|Geomancy
|-enditem|p1a: Xerneas|Power Herb
|-anim|p1a: Xerneas|Geomancy|p1a: Xerneas
|-boost|p1a: Xerneas|spa|2
|-boost|p1a: Xerneas|spd|2
|-boost|p1a: Xerneas|spe|2
|move|p2a: Magearna|Volt Switch|p1a: Xerneas
|-damage|p1a: Xerneas|49/100
|
|t:|1657585328
|switch|p2a: Necrozma|Necrozma-Dusk-Mane|100/100|[from]move: Volt Switch
|-damage|p2a: Necrozma|95/100|[from] Stealth Rock
|
|-fieldend|Misty Terrain
|upkeep
|turn|17
|
|t:|1657585342
|move|p1a: Xerneas|Moonblast|p2a: Necrozma
|-resisted|p2a: Necrozma
|-damage|p2a: Necrozma|47/100
|-unboost|p2a: Necrozma|spa|1
|move|p2a: Necrozma|Dragon Dance|p2a: Necrozma
|-boost|p2a: Necrozma|atk|1
|-boost|p2a: Necrozma|spe|1
|
|upkeep
|turn|18
|
|t:|1657585356
|detailschange|p2a: Necrozma|Necrozma-Ultra
|-burst|p2a: Necrozma|Necrozma|Ultranecrozium Z
|move|p2a: Necrozma|Photon Geyser|p1a: Xerneas
|-damage|p1a: Xerneas|0 fnt
|faint|p1a: Xerneas
|
|upkeep
|
|t:|1657585363
|switch|p1a: Marshadow|Marshadow|100/100
|turn|19
|
|t:|1657585371
|move|p2a: Necrozma|Photon Geyser|p1a: Marshadow
|-supereffective|p1a: Marshadow
|-enditem|p1a: Marshadow|Focus Sash
|-damage|p1a: Marshadow|1/100
|move|p1a: Marshadow|Spectral Thief||[still]
|-clearpositiveboost|p2a: Necrozma|p1a: Marshadow|move: Spectral Thief
|-boost|p1a: Marshadow|atk|1
|-boost|p1a: Marshadow|spe|1
|-anim|p1a: Marshadow|Spectral Thief|p2a: Necrozma
|-supereffective|p2a: Necrozma
|-damage|p2a: Necrozma|0 fnt
|faint|p2a: Necrozma
|
|upkeep
|
|t:|1657585380
|switch|p2a: Ho-Oh|Ho-Oh|100/100
|turn|20
|
|t:|1657585389
|move|p1a: Marshadow|Knock Off|p2a: Ho-Oh
|-damage|p2a: Ho-Oh|70/100
|-enditem|p2a: Ho-Oh|Heavy-Duty Boots|[from] move: Knock Off|[of] p1a: Marshadow
|move|p2a: Ho-Oh|Sacred Fire|p1a: Marshadow
|-damage|p1a: Marshadow|0 fnt
|faint|p1a: Marshadow
|
|upkeep
|
|t:|1657585392
|switch|p1a: Calyrex|Calyrex-Shadow|100/100
|-ability|p1a: Calyrex|As One
|-ability|p1a: Calyrex|Unnerve
|turn|21
|
|t:|1657585401
|move|p1a: Calyrex|Astral Barrage|p2a: Ho-Oh
|-damage|p2a: Ho-Oh|31/100
|move|p2a: Ho-Oh|Sacred Fire|p1a: Calyrex
|-damage|p1a: Calyrex|53/100
|-status|p1a: Calyrex|brn
|
|-damage|p1a: Calyrex|47/100 brn|[from] brn
|upkeep
|turn|22
|
|t:|1657585411
|-start|p2a: Ho-Oh|Dynamax|
|-heal|p2a: Ho-Oh|31/100|[silent]
|move|p1a: Calyrex|Astral Barrage|p2a: Ho-Oh
|-damage|p2a: Ho-Oh|10/100
|move|p2a: Ho-Oh|Max Flare|p1a: Calyrex
|-damage|p1a: Calyrex|0 fnt
|-weather|SunnyDay
|faint|p1a: Calyrex
|
|-weather|SunnyDay|[upkeep]
|upkeep
|
|t:|1657585413
|switch|p1a: Zacian|Zacian-Crowned|100/100
|-ability|p1a: Zacian|Intrepid Sword|boost
|-boost|p1a: Zacian|atk|1
|turn|23
|
|t:|1657585416
|move|p1a: Zacian|Behemoth Blade|p2a: Ho-Oh
|-resisted|p2a: Ho-Oh
|-damage|p2a: Ho-Oh|0 fnt
|faint|p2a: Ho-Oh
|
|-weather|SunnyDay|[upkeep]
|upkeep
|c|☆Chrisbensoo|gg
|
|t:|1657585419
|switch|p2a: Cali|Calyrex-Shadow|100/100
|-ability|p2a: Cali|As One
|-ability|p2a: Cali|Unnerve
|-damage|p2a: Cali|88/100|[from] Stealth Rock
|turn|24
|
|t:|1657585421
|move|p2a: Cali|Astral Barrage|p1a: Zacian
|-damage|p1a: Zacian|0 fnt
|faint|p1a: Zacian
|
|win|Chrisbensoo
|raw|sleepytwigs's rating: 1422 &rarr; <strong>1408</strong><br />(-14 for losing)
|raw|Chrisbensoo's rating: 1522 &rarr; <strong>1536</strong><br />(+14 for winning)
|l|☆sleepytwigs
||Ladder isn't responding, score probably updated but might not have (Request timeout).
