|j|☆wafflecone67
|j|‽Mawm
|t:|1666009178
|gametype|singles
|player|p1|wafflecone67|169|1713
|player|p2|Mawm|beauty-gen6xy|1809
|teamsize|p1|6
|teamsize|p2|6
|gen|8
|tier|[Gen 8] National Dex AG
|rated|
|rule|HP Percentage Mod: HP is shown in percentages
|rule|Endless Battle Clause: Forcing endless battles is banned
|clearpoke
|poke|p1|Scolipede, F|
|poke|p1|Smeargle, M|
|poke|p1|Magearna|
|poke|p1|Smeargle, M|
|poke|p1|Espeon, M|
|poke|p1|Mr. Mime, M|
|poke|p2|Calyrex-Shadow|
|poke|p2|Genesect|
|poke|p2|Yveltal|
|poke|p2|Necrozma-Dusk-Mane|
|poke|p2|Rayquaza|
|poke|p2|Groudon|
|teampreview
|inactive|Battle timer is ON: inactive players will automatically lose when time's up. (requested by Mawm)
|
|t:|1666009195
|start
|switch|p1a: Scolipede|Scolipede, F|100/100
|switch|p2a: Groudon|Groudon|100/100
|detailschange|p2a: Groudon|Groudon-Primal
|-primal|p2a: Groudon
|-weather|DesolateLand|[from] ability: Desolate Land|[of] p2a: Groudon
|turn|1
|
|t:|1666009210
|switch|p1a: Espeon|Espeon, M|100/100
|move|p2a: Groudon|Rock Tomb|p1a: Espeon
|-damage|p1a: Espeon|68/100
|-unboost|p1a: Espeon|spe|1
|-enditem|p1a: Espeon|Red Card|[of] p2a: Groudon
|-weather|none
|drag|p2a: Necrozma|Necrozma-Dusk-Mane, shiny|100/100
|
|upkeep
|turn|2
|
|t:|1666009218
|move|p1a: Espeon|Double Team|p1a: Espeon
|-boost|p1a: Espeon|evasion|1
|move|p2a: Necrozma|Dragon Dance|p2a: Necrozma
|-boost|p2a: Necrozma|atk|1
|-boost|p2a: Necrozma|spe|1
|
|upkeep
|turn|3
|
|t:|1666009223
|move|p2a: Necrozma|Dragon Dance|p2a: Necrozma
|-boost|p2a: Necrozma|atk|1
|-boost|p2a: Necrozma|spe|1
|move|p1a: Espeon|Substitute|p1a: Espeon
|-start|p1a: Espeon|Substitute
|-damage|p1a: Espeon|43/100
|
|upkeep
|turn|4
|
|t:|1666009226
|detailschange|p2a: Necrozma|Necrozma-Ultra, shiny
|-burst|p2a: Necrozma|Necrozma|Ultranecrozium Z
|move|p2a: Necrozma|Rock Blast|p1a: Espeon
|-end|p1a: Espeon|Substitute
|-damage|p1a: Espeon|11/100
|-hitcount|p1a: Espeon|2
|move|p1a: Espeon|Baton Pass|p1a: Espeon
|
|t:|1666009228
|switch|p1a: Smeargle|Smeargle, M|100/100|[from]move: Baton Pass
|
|-ability|p1a: Smeargle|Moody|boost
|-boost|p1a: Smeargle|spe|2
|-unboost|p1a: Smeargle|atk|1
|upkeep
|turn|5
|
|t:|1666009235
|-zpower|p2a: Necrozma
|move|p2a: Necrozma|Light That Burns the Sky|p1a: Smeargle|[zeffect]
|-enditem|p1a: Smeargle|Focus Sash
|-damage|p1a: Smeargle|1/100
|move|p1a: Smeargle|Spectral Thief||[still]
|-clearpositiveboost|p2a: Necrozma|p1a: Smeargle|move: Spectral Thief
|-boost|p1a: Smeargle|atk|2
|-boost|p1a: Smeargle|spe|2
|-anim|p1a: Smeargle|Spectral Thief|p2a: Necrozma
|-supereffective|p2a: Necrozma
|-damage|p2a: Necrozma|85/100
|
|-ability|p1a: Smeargle|Moody|boost
|-boost|p1a: Smeargle|def|2
|-unboost|p1a: Smeargle|spa|1
|upkeep
|turn|6
|
|t:|1666009238
|move|p1a: Smeargle|Spore|p2a: Necrozma
|-status|p2a: Necrozma|slp|[from] move: Spore
|cant|p2a: Necrozma|slp
|
|-ability|p1a: Smeargle|Moody|boost
|-boost|p1a: Smeargle|spe|2
|-unboost|p1a: Smeargle|spd|1
|upkeep
|turn|7
|
|t:|1666009240
|move|p1a: Smeargle|Baton Pass|p1a: Smeargle
|
|t:|1666009244
|switch|p1a: Smeargle|Smeargle, M|100/100|[from]move: Baton Pass
|-curestatus|p2a: Necrozma|slp|[msg]
|move|p2a: Necrozma|Rock Blast|p1a: Smeargle
|-damage|p1a: Smeargle|87/100
|-crit|p1a: Smeargle
|-damage|p1a: Smeargle|52/100
|-damage|p1a: Smeargle|41/100
|-hitcount|p1a: Smeargle|3
|
|-ability|p1a: Smeargle|Moody|boost
|-boost|p1a: Smeargle|spa|2
|-unboost|p1a: Smeargle|spe|1
|upkeep
|turn|8
|
|t:|1666009253
|move|p1a: Smeargle|Spore|p2a: Necrozma
|-status|p2a: Necrozma|slp|[from] move: Spore
|cant|p2a: Necrozma|slp
|
|-ability|p1a: Smeargle|Moody|boost
|-boost|p1a: Smeargle|spd|2
|-unboost|p1a: Smeargle|atk|1
|upkeep
|turn|9
|
|t:|1666009256
|move|p1a: Smeargle|Baton Pass|p1a: Smeargle
|
|t:|1666009259
|switch|p1a: Scolipede|Scolipede, F|100/100|[from]move: Baton Pass
|cant|p2a: Necrozma|slp
|
|upkeep
|turn|10
|
|t:|1666009263
|move|p1a: Scolipede|Substitute|p1a: Scolipede
|-start|p1a: Scolipede|Substitute
|-damage|p1a: Scolipede|76/100
|cant|p2a: Necrozma|slp
|
|-ability|p1a: Scolipede|Speed Boost|boost
|-boost|p1a: Scolipede|spe|1
|upkeep
|turn|11
|
|t:|1666009266
|move|p1a: Scolipede|Iron Defense|p1a: Scolipede
|-boost|p1a: Scolipede|def|2
|-curestatus|p2a: Necrozma|slp|[msg]
|move|p2a: Necrozma|Rock Blast|p1a: Scolipede|[miss]
|-miss|p2a: Necrozma|p1a: Scolipede
|
|-ability|p1a: Scolipede|Speed Boost|boost
|-boost|p1a: Scolipede|spe|1
|upkeep
|turn|12
|
|t:|1666009269
|move|p1a: Scolipede|Iron Defense|p1a: Scolipede
|-boost|p1a: Scolipede|def|2
|move|p2a: Necrozma|Rock Blast|p1a: Scolipede|[miss]
|-miss|p2a: Necrozma|p1a: Scolipede
|
|upkeep
|turn|13
|
|t:|1666009272
|move|p1a: Scolipede|Baton Pass|p1a: Scolipede
|
|t:|1666009274
|switch|p1a: labrys|Magearna|100/100|[from]move: Baton Pass
|move|p2a: Necrozma|Rock Blast|p1a: labrys|[miss]
|-miss|p2a: Necrozma|p1a: labrys
|
|upkeep
|turn|14
|
|t:|1666009276
|move|p1a: labrys|Stored Power|p2a: Necrozma
|-resisted|p2a: Necrozma
|-damage|p2a: Necrozma|10/100
|move|p2a: Necrozma|Photon Geyser|p1a: labrys|[miss]
|-miss|p2a: Necrozma|p1a: labrys
|
|upkeep
|turn|15
|
|t:|1666009280
|move|p1a: labrys|Substitute|p1a: labrys
|-fail|p1a: labrys|move: Substitute
|move|p2a: Necrozma|Rock Blast|p1a: labrys|[miss]
|-miss|p2a: Necrozma|p1a: labrys
|
|upkeep
|turn|16
|
|t:|1666009283
|move|p1a: labrys|Draining Kiss|p2a: Necrozma
|-supereffective|p2a: Necrozma
|-damage|p2a: Necrozma|0 fnt
|faint|p2a: Necrozma
|-ability|p1a: labrys|Soul-Heart|boost
|-boost|p1a: labrys|spa|1
|
|upkeep
|
|t:|1666009288
|switch|p2a: Calyrex|Calyrex-Shadow|100/100
|-ability|p2a: Calyrex|As One
|-ability|p2a: Calyrex|Unnerve
|turn|17
|
|t:|1666009290
|move|p1a: labrys|Stored Power|p2a: Calyrex
|-resisted|p2a: Calyrex
|-enditem|p2a: Calyrex|Focus Sash
|-damage|p2a: Calyrex|1/100
|move|p2a: Calyrex|Haze|p2a: Calyrex
|-clearallboost
|
|upkeep
|turn|18
|
|t:|1666009295
|move|p2a: Calyrex|Astral Barrage|p1a: labrys
|-end|p1a: labrys|Substitute
|move|p1a: labrys|Baton Pass|p1a: labrys
|
|t:|1666009297
|switch|p1a: Scolipede|Scolipede, F|76/100|[from]move: Baton Pass
|
|upkeep
|turn|19
|
|t:|1666009304
|move|p1a: Scolipede|Protect|p1a: Scolipede
|-singleturn|p1a: Scolipede|Protect
|move|p2a: Calyrex|Baton Pass|p2a: Calyrex
|
|t:|1666009306
|switch|p2a: Yveltal|Yveltal, shiny|100/100|[from]move: Baton Pass
|-ability|p2a: Yveltal|Dark Aura
|
|-ability|p1a: Scolipede|Speed Boost|boost
|-boost|p1a: Scolipede|spe|1
|upkeep
|turn|20
|
|t:|1666009308
|-start|p2a: Yveltal|Dynamax|
|-heal|p2a: Yveltal|100/100|[silent]
|move|p1a: Scolipede|Substitute|p1a: Scolipede
|-start|p1a: Scolipede|Substitute
|-damage|p1a: Scolipede|51/100
|move|p2a: Yveltal|Max Airstream|p1a: Scolipede
|-supereffective|p1a: Scolipede
|-end|p1a: Scolipede|Substitute
|-boost|p2a: Yveltal|spe|1
|
|-ability|p1a: Scolipede|Speed Boost|boost
|-boost|p1a: Scolipede|spe|1
|upkeep
|turn|21
|
|t:|1666009310
|move|p1a: Scolipede|Substitute|p1a: Scolipede
|-start|p1a: Scolipede|Substitute
|-damage|p1a: Scolipede|26/100
|move|p2a: Yveltal|Max Airstream|p1a: Scolipede
|-supereffective|p1a: Scolipede
|-end|p1a: Scolipede|Substitute
|-boost|p2a: Yveltal|spe|1
|
|-ability|p1a: Scolipede|Speed Boost|boost
|-boost|p1a: Scolipede|spe|1
|upkeep
|turn|22
|
|t:|1666009314
|move|p1a: Scolipede|Substitute|p1a: Scolipede
|-start|p1a: Scolipede|Substitute
|-damage|p1a: Scolipede|1/100
|move|p2a: Yveltal|Max Ooze|p1a: Scolipede
|-resisted|p1a: Scolipede
|-end|p1a: Scolipede|Substitute
|-boost|p2a: Yveltal|spa|1
|
|-ability|p1a: Scolipede|Speed Boost|boost
|-boost|p1a: Scolipede|spe|1
|upkeep
|-end|p2a: Yveltal|Dynamax
|-heal|p2a: Yveltal|100/100|[silent]
|turn|23
|
|t:|1666009316
|move|p1a: Scolipede|Protect|p1a: Scolipede
|-singleturn|p1a: Scolipede|Protect
|move|p2a: Yveltal|Oblivion Wing|p1a: Scolipede
|-activate|p1a: Scolipede|move: Protect
|
|-ability|p1a: Scolipede|Speed Boost|boost
|-boost|p1a: Scolipede|spe|1
|upkeep
|turn|24
|
|t:|1666009323
|move|p1a: Scolipede|Baton Pass|p1a: Scolipede
|
|t:|1666009330
|switch|p1a: labrys|Magearna|100/100|[from]move: Baton Pass
|move|p2a: Yveltal|Oblivion Wing|p1a: labrys
|-resisted|p1a: labrys
|-damage|p1a: labrys|71/100
|
|upkeep
|turn|25
|
|t:|1666009335
|move|p1a: labrys|Substitute|p1a: labrys
|-start|p1a: labrys|Substitute
|-damage|p1a: labrys|46/100
|move|p2a: Yveltal|Heat Wave|p1a: labrys
|-supereffective|p1a: labrys
|-crit|p1a: labrys
|-end|p1a: labrys|Substitute
|
|upkeep
|turn|26
|
|t:|1666009340
|move|p1a: labrys|Baton Pass|p1a: labrys
|
|t:|1666009341
|switch|p1a: Mr. Mime|Mr. Mime, M|100/100|[from]move: Baton Pass
|move|p2a: Yveltal|Heat Wave|p1a: Mr. Mime
|-damage|p1a: Mr. Mime|45/100
|
|upkeep
|turn|27
|
|t:|1666009346
|move|p1a: Mr. Mime|Calm Mind|p1a: Mr. Mime
|-boost|p1a: Mr. Mime|spa|1
|-boost|p1a: Mr. Mime|spd|1
|move|p2a: Yveltal|Dark Pulse|p1a: Mr. Mime
|-damage|p1a: Mr. Mime|0 fnt
|faint|p1a: Mr. Mime
|
|upkeep
|-message|wafflecone67 forfeited.
|
|win|Mawm
|raw|wafflecone67's rating: 1713 &rarr; <strong>1698</strong><br />(-15 for losing)
|raw|Mawm's rating: 1809 &rarr; <strong>1824</strong><br />(+15 for winning)
|l|☆wafflecone67
