|j|☆Naofumi_Bakugo_Jax
|j|☆aseeasase
|t:|1658545177
|gametype|singles
|player|p1|Naofumi_Bakugo_Jax|blue|1641
|player|p2|aseeasase|169|1718
|teamsize|p1|6
|teamsize|p2|6
|gen|8
|tier|[Gen 8] National Dex AG
|rated|
|rule|HP Percentage Mod: HP is shown in percentages
|rule|Endless Battle Clause: Forcing endless battles is banned
|clearpoke
|poke|p1|Kyogre|
|poke|p1|Swampert, F|
|poke|p1|Zacian-*|
|poke|p1|Calyrex-Shadow|
|poke|p1|Yveltal|
|poke|p1|Marshadow|
|poke|p2|Reshiram|
|poke|p2|Arceus-*|
|poke|p2|Zamazenta-*|
|poke|p2|Palkia|
|poke|p2|Ditto|
|poke|p2|Absol, M|
|teampreview
|inactive|Battle timer is ON: inactive players will automatically lose when time's up. (requested by Naofumi_Bakugo_Jax)
|
|t:|1658545192
|start
|switch|p1a: Calyrex|Calyrex-Shadow|100/100
|switch|p2a: Absol|Absol, M|100/100
|-ability|p1a: Calyrex|As One
|-ability|p1a: Calyrex|Unnerve
|turn|1
|
|t:|1658545209
|detailschange|p2a: Absol|Absol-Mega, M
|-mega|p2a: Absol|Absol|Absolite
|move|p1a: Calyrex|Nasty Plot|p1a: Calyrex
|-boost|p1a: Calyrex|spa|2
|move|p2a: Absol|Pursuit|p1a: Calyrex
|-supereffective|p1a: Calyrex
|-enditem|p1a: Calyrex|Focus Sash
|-damage|p1a: Calyrex|1/100
|
|upkeep
|turn|2
|inactive|Naofumi_Bakugo_Jax has 120 seconds left.
|
|t:|1658545234
|move|p2a: Absol|Sucker Punch|p1a: Calyrex
|-supereffective|p1a: Calyrex
|-damage|p1a: Calyrex|0 fnt
|faint|p1a: Calyrex
|
|upkeep
|inactive|Naofumi_Bakugo_Jax has 120 seconds left.
|
|t:|1658545257
|switch|p1a: Zacian|Zacian-Crowned|100/100
|-ability|p1a: Zacian|Intrepid Sword|boost
|-boost|p1a: Zacian|atk|1
|turn|3
|raw|<div class="broadcast-red"><b>The server is restarting soon.</b><br />Please finish your battles quickly. No new battles can be started until the server resets in a few minutes.</div>
|inactive|staff also wants the timer to be on.
|raw|<div class="broadcast-red"><b>Moderated chat was set to +!</b><br />Only users of rank + and higher can talk.</div>
|
|t:|1658545273
|move|p2a: Absol|Sucker Punch|p1a: Zacian
|-resisted|p1a: Zacian
|-damage|p1a: Zacian|81/100
|move|p1a: Zacian|Close Combat|p2a: Absol
|-supereffective|p2a: Absol
|-damage|p2a: Absol|0 fnt
|-unboost|p1a: Zacian|def|1
|-unboost|p1a: Zacian|spd|1
|faint|p2a: Absol
|
|upkeep
|
|t:|1658545276
|switch|p2a: Ditto|Ditto|100/100
|-transform|p2a: Ditto|p1a: Zacian|[from] ability: Imposter
|-ability|p2a: Ditto|Intrepid Sword|boost
|-boost|p2a: Ditto|atk|1
|turn|4
|inactive|Naofumi_Bakugo_Jax has 120 seconds left.
|
|t:|1658545306
|switch|p1a: Kyogre|Kyogre|100/100
|-weather|RainDance|[from] ability: Drizzle|[of] p1a: Kyogre
|move|p2a: Ditto|Behemoth Blade|p1a: Kyogre
|-resisted|p1a: Kyogre
|-damage|p1a: Kyogre|35/100
|
|-weather|RainDance|[upkeep]
|upkeep
|turn|5
|
|t:|1658545327
|move|p2a: Ditto|Behemoth Blade|p1a: Kyogre
|-resisted|p1a: Kyogre
|-damage|p1a: Kyogre|0 fnt
|faint|p1a: Kyogre
|
|-weather|RainDance|[upkeep]
|upkeep
|inactive|Naofumi_Bakugo_Jax has 90 seconds left.
|
|t:|1658545354
|switch|p1a: Marshadow|Marshadow|100/100
|turn|6
|inactive|aseeasase has 120 seconds left.
|
|t:|1658545393
|switch|p2a: Arceus|Arceus-Bug|100/100
|move|p1a: Marshadow|Spectral Thief|p2a: Arceus
|-damage|p2a: Arceus|63/100
|
|-weather|RainDance|[upkeep]
|upkeep
|turn|7
|inactive|Naofumi_Bakugo_Jax has 90 seconds left.
|inactive|aseeasase has 120 seconds left.
|inactive|Naofumi_Bakugo_Jax has 60 seconds left.
|
|t:|1658545432
|move|p1a: Marshadow|Spectral Thief|p2a: Arceus
|-damage|p2a: Arceus|26/100
|move|p2a: Arceus|Earthquake|p1a: Marshadow
|-damage|p1a: Marshadow|58/100
|
|-weather|RainDance|[upkeep]
|upkeep
|turn|8
|inactive|aseeasase has 120 seconds left.
|
|t:|1658545443
|move|p1a: Marshadow|Spectral Thief|p2a: Arceus
|-damage|p2a: Arceus|0 fnt
|faint|p2a: Arceus
|
|-weather|none
|upkeep
|inactive|aseeasase has 120 seconds left.
|
|t:|1658545448
|switch|p2a: Reshiram|Reshiram|100/100
|-ability|p2a: Reshiram|Turboblaze
|turn|9
|inactive|Naofumi_Bakugo_Jax has 60 seconds left.
|
|t:|1658545496
|move|p1a: Marshadow|Spectral Thief|p2a: Reshiram
|-damage|p2a: Reshiram|50/100
|move|p2a: Reshiram|Dragon Dance|p2a: Reshiram
|-boost|p2a: Reshiram|atk|1
|-boost|p2a: Reshiram|spe|1
|
|upkeep
|turn|10
|
|t:|1658545510
|-start|p2a: Reshiram|Dynamax|
|-heal|p2a: Reshiram|50/100|[silent]
|move|p1a: Marshadow|Spectral Thief||[still]
|-clearpositiveboost|p2a: Reshiram|p1a: Marshadow|move: Spectral Thief
|-boost|p1a: Marshadow|atk|1
|-boost|p1a: Marshadow|spe|1
|-anim|p1a: Marshadow|Spectral Thief|p2a: Reshiram
|-damage|p2a: Reshiram|13/100
|move|p2a: Reshiram|Max Flare|p1a: Marshadow
|-damage|p1a: Marshadow|0 fnt
|-weather|SunnyDay
|faint|p1a: Marshadow
|-damage|p2a: Reshiram|8/100|[from] item: Life Orb
|
|-weather|SunnyDay|[upkeep]
|upkeep
|inactive|Naofumi_Bakugo_Jax has 30 seconds left.
|inactive|Naofumi_Bakugo_Jax has 20 seconds left.
|inactive|Naofumi_Bakugo_Jax has 15 seconds left.
|inactive|Naofumi_Bakugo_Jax has 10 seconds left.
|
|t:|1658545543
|switch|p1a: Yveltal|Yveltal|100/100
|-ability|p1a: Yveltal|Dark Aura
|turn|11
|inactive|Naofumi_Bakugo_Jax has 20 seconds left this turn.
|inactive|Naofumi_Bakugo_Jax has 15 seconds left.
|
|t:|1658545549
|move|p1a: Yveltal|Sucker Punch|p2a: Reshiram
|-damage|p2a: Reshiram|0 fnt
|faint|p2a: Reshiram
|
|-weather|SunnyDay|[upkeep]
|upkeep
|inactive|Naofumi_Bakugo_Jax has 20 seconds left this turn.
|
|t:|1658545553
|switch|p2a: Zamazenta|Zamazenta-Crowned|100/100
|-ability|p2a: Zamazenta|Dauntless Shield|boost
|-boost|p2a: Zamazenta|def|1
|turn|12
|inactive|Naofumi_Bakugo_Jax has 30 seconds left this turn.
|inactive|Naofumi_Bakugo_Jax has 20 seconds left.
|inactive|Naofumi_Bakugo_Jax has 15 seconds left.
|inactive|Naofumi_Bakugo_Jax has 10 seconds left.
|inactive|Naofumi_Bakugo_Jax has 5 seconds left.
|
|t:|1658545579
|move|p2a: Zamazenta|Agility|p2a: Zamazenta
|-boost|p2a: Zamazenta|spe|2
|move|p1a: Yveltal|Tailwind|p1a: Yveltal
|-sidestart|p1: Naofumi_Bakugo_Jax|move: Tailwind
|
|-weather|SunnyDay|[upkeep]
|upkeep
|turn|13
|inactive|Naofumi_Bakugo_Jax has 15 seconds left this turn.
|inactive|Naofumi_Bakugo_Jax has 10 seconds left.
|
|t:|1658545595
|-start|p1a: Yveltal|Dynamax|
|-heal|p1a: Yveltal|100/100|[silent]
|move|p2a: Zamazenta|Agility|p2a: Zamazenta
|-boost|p2a: Zamazenta|spe|2
|move|p1a: Yveltal|Max Airstream|p2a: Zamazenta
|-damage|p2a: Zamazenta|56/100
|-boost|p1a: Yveltal|spe|1
|
|-weather|SunnyDay|[upkeep]
|upkeep
|turn|14
|inactive|Naofumi_Bakugo_Jax has 20 seconds left this turn.
|inactive|Naofumi_Bakugo_Jax has 15 seconds left.
|inactive|Naofumi_Bakugo_Jax has 10 seconds left.
|j|+roxiee
|
|t:|1658545610
|move|p2a: Zamazenta|Behemoth Bash|p1a: Yveltal
|-damage|p1a: Yveltal|56/100
|move|p1a: Yveltal|Max Airstream|p2a: Zamazenta
|-damage|p2a: Zamazenta|8/100
|-boost|p1a: Yveltal|spe|1
|
|-weather|none
|upkeep
|turn|15
|inactive|Naofumi_Bakugo_Jax has 20 seconds left this turn.
|l|+roxiee
|inactive|Naofumi_Bakugo_Jax has 15 seconds left.
|inactive|Naofumi_Bakugo_Jax has 10 seconds left.
|
|t:|1658545637
|move|p1a: Yveltal|Max Airstream|p2a: Zamazenta
|-damage|p2a: Zamazenta|0 fnt
|-boost|p1a: Yveltal|spe|1
|faint|p2a: Zamazenta
|
|-sideend|p1: Naofumi_Bakugo_Jax|move: Tailwind
|upkeep
|inactive|Naofumi_Bakugo_Jax has 15 seconds left this turn.
|
|t:|1658545647
|switch|p2a: Ditto|Ditto|100/100
|-transform|p2a: Ditto|p1a: Yveltal|[from] ability: Imposter
|-ability|p2a: Ditto|Dark Aura
|-end|p1a: Yveltal|Dynamax
|-heal|p1a: Yveltal|56/100|[silent]
|turn|16
|inactive|Naofumi_Bakugo_Jax has 25 seconds left this turn.
|inactive|Naofumi_Bakugo_Jax has 20 seconds left.
|inactive|Naofumi_Bakugo_Jax has 15 seconds left.
|inactive|Naofumi_Bakugo_Jax has 10 seconds left.
|
|t:|1658545664
|move|p2a: Ditto|Dark Pulse|p1a: Yveltal
|-resisted|p1a: Yveltal
|-damage|p1a: Yveltal|34/100
|move|p1a: Yveltal|Tailwind|p1a: Yveltal
|-sidestart|p1: Naofumi_Bakugo_Jax|move: Tailwind
|
|upkeep
|turn|17
|inactive|Naofumi_Bakugo_Jax has 20 seconds left this turn.
|inactive|Naofumi_Bakugo_Jax has 15 seconds left.
|
|t:|1658545672
|move|p1a: Yveltal|Oblivion Wing|p2a: Ditto
|-damage|p2a: Ditto|49/100
|-heal|p1a: Yveltal|59/100|[from] drain|[of] p2a: Ditto
|move|p2a: Ditto|Dark Pulse|p1a: Yveltal
|-resisted|p1a: Yveltal
|-damage|p1a: Yveltal|37/100
|
|upkeep
|turn|18
|inactive|Naofumi_Bakugo_Jax has 25 seconds left this turn.
|inactive|Naofumi_Bakugo_Jax has 20 seconds left.
|
|t:|1658545693
|switch|p2a: Palkia|Palkia|100/100
|-ability|p2a: Palkia|Pressure
|move|p1a: Yveltal|Oblivion Wing|p2a: Palkia
|-damage|p2a: Palkia|51/100
|-heal|p1a: Yveltal|63/100|[from] drain|[of] p2a: Palkia
|
|upkeep
|turn|19
|inactive|Naofumi_Bakugo_Jax has 30 seconds left this turn.
|inactive|Naofumi_Bakugo_Jax has 20 seconds left.
|
|t:|1658545708
|move|p1a: Yveltal|Oblivion Wing|p2a: Palkia
|-damage|p2a: Palkia|2/100
|-heal|p1a: Yveltal|89/100|[from] drain|[of] p2a: Palkia
|move|p2a: Palkia|Spacial Rend|p1a: Yveltal
|-crit|p1a: Yveltal
|-damage|p1a: Yveltal|13/100
|-enditem|p1a: Yveltal|Salac Berry|[eat]
|-boost|p1a: Yveltal|spe|1|[from] item: Salac Berry
|
|-sideend|p1: Naofumi_Bakugo_Jax|move: Tailwind
|upkeep
|turn|20
|inactive|Naofumi_Bakugo_Jax has 30 seconds left this turn.
|inactive|Naofumi_Bakugo_Jax has 20 seconds left.
|inactive|Naofumi_Bakugo_Jax has 15 seconds left.
|inactive|Naofumi_Bakugo_Jax has 10 seconds left.
|
|t:|1658545730
|switch|p2a: Ditto|Ditto|49/100
|-transform|p2a: Ditto|p1a: Yveltal|[from] ability: Imposter
|-ability|p2a: Ditto|Dark Aura
|move|p1a: Yveltal|Tailwind|p1a: Yveltal
|-sidestart|p1: Naofumi_Bakugo_Jax|move: Tailwind
|
|upkeep
|turn|21
|inactive|Naofumi_Bakugo_Jax has 20 seconds left this turn.
|inactive|Naofumi_Bakugo_Jax has 15 seconds left.
|inactive|Naofumi_Bakugo_Jax has 10 seconds left.
|
|t:|1658545745
|move|p2a: Ditto|Sucker Punch|p1a: Yveltal
|-resisted|p1a: Yveltal
|-damage|p1a: Yveltal|0 fnt
|faint|p1a: Yveltal
|
|upkeep
|inactive|Naofumi_Bakugo_Jax has 15 seconds left this turn.
|inactive|Naofumi_Bakugo_Jax has 10 seconds left.
|
|t:|1658545752
|switch|p1a: Zacian|Zacian-Crowned|81/100
|-ability|p1a: Zacian|Intrepid Sword|boost
|-boost|p1a: Zacian|atk|1
|turn|22
|inactive|Naofumi_Bakugo_Jax has 20 seconds left this turn.
|inactive|Naofumi_Bakugo_Jax has 15 seconds left.
|
|t:|1658545757
|switch|p2a: Palkia|Palkia|2/100
|-ability|p2a: Palkia|Pressure
|move|p1a: Zacian|Play Rough|p2a: Palkia
|-supereffective|p2a: Palkia
|-damage|p2a: Palkia|0 fnt
|faint|p2a: Palkia
|
|upkeep
|inactive|Naofumi_Bakugo_Jax has 20 seconds left this turn.
|
|t:|1658545762
|switch|p2a: Ditto|Ditto|49/100
|-transform|p2a: Ditto|p1a: Zacian|[from] ability: Imposter
|-ability|p2a: Ditto|Intrepid Sword|boost
|-boost|p2a: Ditto|atk|1
|turn|23
|inactive|Naofumi_Bakugo_Jax has 30 seconds left this turn.
|inactive|Naofumi_Bakugo_Jax has 20 seconds left.
|
|t:|1658545775
|move|p1a: Zacian|Behemoth Blade|p2a: Ditto
|-damage|p2a: Ditto|0 fnt
|faint|p2a: Ditto
|
|win|Naofumi_Bakugo_Jax
|inactive|Naofumi_Bakugo_Jax has 25 seconds left this turn.
|raw|Naofumi_Bakugo_Jax's rating: 1641 &rarr; <strong>1665</strong><br />(+24 for winning)
|raw|aseeasase's rating: 1718 &rarr; <strong>1694</strong><br />(-24 for losing)
|j|+hsykid
|l|☆aseeasase
|l|+hsykid
