|j|☆High ladder bros
|j|☆wotiantianchishi
|t:|1661840449
|gametype|singles
|player|p1|High ladder bros|adaman|1701
|player|p2|wotiantianchishi|2|1823
|teamsize|p1|6
|teamsize|p2|6
|gen|8
|tier|[Gen 8] National Dex AG
|rated|
|rule|HP Percentage Mod: HP is shown in percentages
|rule|Endless Battle Clause: Forcing endless battles is banned
|clearpoke
|poke|p1|Rayquaza|
|poke|p1|Arceus-*|
|poke|p1|Arceus-*|
|poke|p1|Tyranitar, M|
|poke|p1|Ho-Oh|
|poke|p1|Necrozma-Dusk-Mane|
|poke|p2|Tyranitar, M|
|poke|p2|Arceus-*|
|poke|p2|Arceus-*|
|poke|p2|Arceus-*|
|poke|p2|Arceus-*|
|poke|p2|Ditto|
|teampreview
|inactive|Battle timer is ON: inactive players will automatically lose when time's up. (requested by High ladder bros)
|
|t:|1661840466
|start
|switch|p1a: Tyranitar|Tyranitar, M, shiny|100/100
|switch|p2a: Arceus|Arceus-Ghost|100/100
|-weather|Sandstorm|[from] ability: Sand Stream|[of] p1a: Tyranitar
|turn|1
|
|t:|1661840471
|move|p2a: Arceus|Stealth Rock|p1a: Tyranitar
|-sidestart|p1: High ladder bros|move: Stealth Rock
|move|p1a: Tyranitar|Stealth Rock|p2a: Arceus
|-sidestart|p2: wotiantianchishi|move: Stealth Rock
|
|-weather|Sandstorm|[upkeep]
|-damage|p2a: Arceus|94/100|[from] Sandstorm
|upkeep
|turn|2
|
|t:|1661840481
|switch|p2a: Tyranitar|Tyranitar, M|100/100
|-damage|p2a: Tyranitar|88/100|[from] Stealth Rock
|move|p1a: Tyranitar|Rock Tomb|p2a: Tyranitar
|-damage|p2a: Tyranitar|66/100
|-unboost|p2a: Tyranitar|spe|1
|
|-weather|Sandstorm|[upkeep]
|upkeep
|turn|3
|
|t:|1661840486
|detailschange|p2a: Tyranitar|Tyranitar-Mega, M
|-mega|p2a: Tyranitar|Tyranitar|Tyranitarite
|move|p1a: Tyranitar|Rock Tomb|p2a: Tyranitar
|-damage|p2a: Tyranitar|51/100
|-unboost|p2a: Tyranitar|spe|1
|move|p2a: Tyranitar|Thunder Wave|p1a: Tyranitar
|-status|p1a: Tyranitar|par
|
|-weather|Sandstorm|[upkeep]
|upkeep
|turn|4
|
|t:|1661840493
|switch|p2a: Arceus|Arceus-Grass|100/100
|-damage|p2a: Arceus|88/100|[from] Stealth Rock
|switch|p1a: Arceus|Arceus-Water, shiny|100/100
|-damage|p1a: Arceus|88/100|[from] Stealth Rock
|
|-weather|Sandstorm|[upkeep]
|-damage|p2a: Arceus|82/100|[from] Sandstorm
|-damage|p1a: Arceus|82/100|[from] Sandstorm
|upkeep
|turn|5
|
|t:|1661840505
|move|p2a: Arceus|Swords Dance|p2a: Arceus
|-boost|p2a: Arceus|atk|2
|move|p1a: Arceus|Will-O-Wisp|p2a: Arceus
|-status|p2a: Arceus|brn
|
|-weather|none
|-damage|p2a: Arceus|76/100 brn|[from] brn
|upkeep
|turn|6
|
|t:|1661840509
|switch|p1a: Necrozma|Necrozma-Dusk-Mane, shiny|100/100
|-damage|p1a: Necrozma|94/100|[from] Stealth Rock
|move|p2a: Arceus|Bullet Seed|p1a: Necrozma
|-resisted|p1a: Necrozma
|-damage|p1a: Necrozma|90/100
|-resisted|p1a: Necrozma
|-damage|p1a: Necrozma|87/100
|-resisted|p1a: Necrozma
|-damage|p1a: Necrozma|82/100
|-resisted|p1a: Necrozma
|-damage|p1a: Necrozma|78/100
|-hitcount|p1a: Necrozma|4
|
|-damage|p2a: Arceus|70/100 brn|[from] brn
|upkeep
|turn|7
|
|t:|1661840522
|move|p2a: Arceus|Swords Dance|p2a: Arceus
|-boost|p2a: Arceus|atk|2
|move|p1a: Necrozma|Iron Head|p2a: Arceus
|-damage|p2a: Arceus|37/100 brn
|
|-damage|p2a: Arceus|31/100 brn|[from] brn
|upkeep
|turn|8
|
|t:|1661840528
|-start|p1a: Necrozma|Dynamax|
|-heal|p1a: Necrozma|78/100|[silent]
|move|p2a: Arceus|Earthquake|p1a: Necrozma
|-supereffective|p1a: Necrozma
|-damage|p1a: Necrozma|56/100
|move|p1a: Necrozma|Max Steelspike|p2a: Arceus
|-damage|p2a: Arceus|0 fnt
|-boost|p1a: Necrozma|def|1
|faint|p2a: Arceus
|
|upkeep
|
|t:|1661840534
|switch|p2a: Arceus|Arceus-Ghost|94/100
|-damage|p2a: Arceus|82/100|[from] Stealth Rock
|turn|9
|
|t:|1661840540
|-end|p1a: Necrozma|Dynamax
|-heal|p1a: Necrozma|56/100|[silent]
|switch|p1a: Tyranitar|Tyranitar, M, shiny|100/100 par
|-damage|p1a: Tyranitar|88/100 par|[from] Stealth Rock
|-weather|Sandstorm|[from] ability: Sand Stream|[of] p1a: Tyranitar
|move|p2a: Arceus|Judgment|p1a: Tyranitar
|-resisted|p1a: Tyranitar
|-damage|p1a: Tyranitar|75/100 par
|
|-weather|Sandstorm|[upkeep]
|-damage|p2a: Arceus|76/100|[from] Sandstorm
|-heal|p1a: Tyranitar|82/100 par|[from] item: Leftovers
|upkeep
|turn|10
|
|t:|1661840550
|-activate|p2a: Arceus|move: Pursuit
|cant|p1a: Tyranitar|par
|switch|p2a: Arceus|Arceus-Fairy|100/100
|-damage|p2a: Arceus|88/100|[from] Stealth Rock
|
|-weather|Sandstorm|[upkeep]
|-damage|p2a: Arceus|82/100|[from] Sandstorm
|-heal|p1a: Tyranitar|88/100 par|[from] item: Leftovers
|upkeep
|turn|11
|
|t:|1661840555
|switch|p1a: Ho-Oh|Ho-Oh, shiny|100/100
|move|p2a: Arceus|Calm Mind|p2a: Arceus
|-boost|p2a: Arceus|spa|1
|-boost|p2a: Arceus|spd|1
|
|-weather|Sandstorm|[upkeep]
|-damage|p2a: Arceus|76/100|[from] Sandstorm
|-damage|p1a: Ho-Oh|94/100|[from] Sandstorm
|upkeep
|turn|12
|
|t:|1661840561
|-start|p2a: Arceus|Dynamax|
|-heal|p2a: Arceus|76/100|[silent]
|move|p2a: Arceus|Max Rockfall|p1a: Ho-Oh
|-supereffective|p1a: Ho-Oh
|-crit|p1a: Ho-Oh
|-damage|p1a: Ho-Oh|0 fnt
|faint|p1a: Ho-Oh
|
|-weather|Sandstorm|[upkeep]
|-damage|p2a: Arceus|73/100|[from] Sandstorm
|upkeep
|inactive|High ladder bros has 120 seconds left.
|c|☆wotiantianchishi|stalling is bad www
|inactive|High ladder bros has 90 seconds left.
|c|☆High ladder bros|It's 2am why tf are everyone good online go to bed lol
|
|t:|1661840630
|switch|p1a: 1|Rayquaza|100/100
|-damage|p1a: 1|76/100|[from] Stealth Rock
|-ability|p1a: 1|Air Lock
|turn|13
|
|t:|1661840643
|detailschange|p1a: 1|Rayquaza-Mega
|-mega|p1a: 1|Rayquaza|
|-weather|DeltaStream|[from] ability: Delta Stream|[of] p1a: 1
|move|p1a: 1|Dragon Ascent|p2a: Arceus
|-damage|p2a: Arceus|25/100
|-unboost|p1a: 1|def|1
|-unboost|p1a: 1|spd|1
|move|p2a: Arceus|Max Starfall|p1a: 1
|-supereffective|p1a: 1
|-damage|p1a: 1|0 fnt
|-fieldstart|move: Misty Terrain
|faint|p1a: 1
|-weather|none
|
|upkeep
|c|☆High ladder bros|I bet I use your same team and beat you with it
|inactive|High ladder bros has 90 seconds left.
|
|t:|1661840663
|switch|p1a: Arceus|Arceus-Water, shiny|82/100
|-damage|p1a: Arceus|70/100|[from] Stealth Rock
|turn|14
|j| alt1445645
|inactive|High ladder bros has 60 seconds left.
|c|☆High ladder bros|I don't have time for this lol
|-message|High ladder bros forfeited.
|
|win|wotiantianchishi
|raw|High ladder bros's rating: 1701 &rarr; <strong>1688</strong><br />(-13 for losing)
|raw|wotiantianchishi's rating: 1823 &rarr; <strong>1836</strong><br />(+13 for winning)
|l|☆High ladder bros
