|j|☆Lord Tonii Chan
|j|☆Obito152001
|t:|1663914729
|gametype|singles
|player|p1|Lord Tonii Chan|falkner|1895
|player|p2|Obito152001|lance-gen2|2013
|teamsize|p1|6
|teamsize|p2|6
|gen|8
|tier|[Gen 8] National Dex AG
|rated|
|rule|HP Percentage Mod: HP is shown in percentages
|rule|Endless Battle Clause: Forcing endless battles is banned
|clearpoke
|poke|p1|Yveltal|
|poke|p1|Ferrothorn, M|
|poke|p1|Ho-Oh|
|poke|p1|Rayquaza|
|poke|p1|Quagsire, F|
|poke|p1|Tyranitar, F|
|poke|p2|Ditto|
|poke|p2|Xerneas-*|
|poke|p2|Yveltal|
|poke|p2|Arceus-*|
|poke|p2|Arceus-*|
|poke|p2|Groudon|
|teampreview
|inactive|Battle timer is ON: inactive players will automatically lose when time's up. (requested by Obito152001)
|
|t:|1663914747
|start
|switch|p1a: Desu Desu|Rayquaza|100/100
|switch|p2a: Arceus|Arceus-Ground|100/100
|-ability|p1a: Desu Desu|Air Lock
|turn|1
|
|t:|1663914755
|switch|p1a: Oh-No|Ho-Oh|100/100
|move|p2a: Arceus|Will-O-Wisp|p1a: Oh-No
|-immune|p1a: Oh-No
|
|upkeep
|turn|2
|
|t:|1663914761
|move|p2a: Arceus|Stealth Rock|p1a: Oh-No
|-sidestart|p1: Lord Tonii Chan|move: Stealth Rock
|move|p1a: Oh-No|Toxic|p2a: Arceus
|-status|p2a: Arceus|tox
|
|-damage|p2a: Arceus|94/100 tox|[from] psn
|upkeep
|turn|3
|
|t:|1663914774
|switch|p2a: Groudon|Groudon|100/100
|detailschange|p2a: Groudon|Groudon-Primal
|-primal|p2a: Groudon
|-weather|DesolateLand|[from] ability: Desolate Land|[of] p2a: Groudon
|move|p1a: Oh-No|Defog|p2a: Groudon
|-unboost|p2a: Groudon|evasion|1
|-sideend|p1: Lord Tonii Chan|Stealth Rock|[from] move: Defog|[of] p1a: Oh-No
|
|-weather|DesolateLand|[upkeep]
|upkeep
|turn|4
|
|t:|1663914785
|switch|p1a: Desu Desu|Rayquaza|100/100
|-ability|p1a: Desu Desu|Air Lock
|move|p2a: Groudon|Stealth Rock|p1a: Desu Desu
|-sidestart|p1: Lord Tonii Chan|move: Stealth Rock
|
|-weather|DesolateLand|[upkeep]
|upkeep
|turn|5
|
|t:|1663914789
|-weather|none
|switch|p2a: Arceus|Arceus-Ground|94/100 tox
|detailschange|p1a: Desu Desu|Rayquaza-Mega
|-mega|p1a: Desu Desu|Rayquaza|
|-weather|DeltaStream|[from] ability: Delta Stream|[of] p1a: Desu Desu
|move|p1a: Desu Desu|Surf|p2a: Arceus
|-supereffective|p2a: Arceus
|-damage|p2a: Arceus|36/100 tox
|
|-weather|DeltaStream|[upkeep]
|-damage|p2a: Arceus|30/100 tox|[from] psn
|upkeep
|turn|6
|
|t:|1663914803
|switch|p2a: Ditto|Ditto, shiny|100/100
|-transform|p2a: Ditto|p1a: Desu Desu|[from] ability: Imposter
|move|p1a: Desu Desu|Surf|p2a: Ditto
|-resisted|p2a: Ditto
|-damage|p2a: Ditto|78/100
|
|-weather|DeltaStream|[upkeep]
|upkeep
|turn|7
|
|t:|1663914823
|switch|p1a: Bloop|Ferrothorn, M|100/100
|-damage|p1a: Bloop|95/100|[from] Stealth Rock
|move|p2a: Ditto|Draco Meteor|p1a: Bloop
|-resisted|p1a: Bloop
|-damage|p1a: Bloop|68/100
|-unboost|p2a: Ditto|spa|2
|
|-weather|DeltaStream|[upkeep]
|-heal|p1a: Bloop|74/100|[from] item: Leftovers
|upkeep
|turn|8
|
|t:|1663914830
|-weather|none
|switch|p2a: Groudon|Groudon-Primal|100/100
|-weather|DesolateLand|[from] ability: Desolate Land|[of] p2a: Groudon
|move|p1a: Bloop|Substitute|p1a: Bloop
|-start|p1a: Bloop|Substitute
|-damage|p1a: Bloop|50/100
|
|-weather|DesolateLand|[upkeep]
|-heal|p1a: Bloop|55/100|[from] item: Leftovers
|upkeep
|turn|9
|
|t:|1663914835
|move|p2a: Groudon|Fire Punch|p1a: Bloop
|-supereffective|p1a: Bloop
|-end|p1a: Bloop|Substitute
|move|p1a: Bloop|Toxic|p2a: Groudon
|-status|p2a: Groudon|tox
|
|-weather|DesolateLand|[upkeep]
|-heal|p1a: Bloop|61/100|[from] item: Leftovers
|-damage|p2a: Groudon|94/100 tox|[from] psn
|upkeep
|turn|10
|
|t:|1663914841
|-weather|none
|switch|p2a: Yveltal|Yveltal, shiny|100/100
|-ability|p2a: Yveltal|Dark Aura
|switch|p1a: Oh-No|Ho-Oh|100/100
|
|upkeep
|turn|11
|
|t:|1663914851
|switch|p2a: Ditto|Ditto, shiny|78/100
|-transform|p2a: Ditto|p1a: Oh-No|[from] ability: Imposter
|move|p1a: Oh-No|Defog|p2a: Ditto
|-unboost|p2a: Ditto|evasion|1
|-sideend|p1: Lord Tonii Chan|Stealth Rock|[from] move: Defog|[of] p1a: Oh-No
|
|upkeep
|turn|12
|
|t:|1663914855
|move|p2a: Ditto|Toxic|p1a: Oh-No
|-status|p1a: Oh-No|tox
|move|p1a: Oh-No|Toxic|p2a: Ditto
|-status|p2a: Ditto|tox
|
|-damage|p2a: Ditto|72/100 tox|[from] psn
|-damage|p1a: Oh-No|94/100 tox|[from] psn
|upkeep
|turn|13
|
|t:|1663914862
|switch|p2a: Arceus|Arceus-Ground|30/100 tox
|switch|p1a: Bloop|Ferrothorn, M|61/100
|
|-heal|p1a: Bloop|67/100|[from] item: Leftovers
|-damage|p2a: Arceus|24/100 tox|[from] psn
|upkeep
|turn|14
|
|t:|1663914865
|switch|p1a: Oh-No|Ho-Oh|100/100 tox
|move|p2a: Arceus|Judgment|p1a: Oh-No
|-immune|p1a: Oh-No
|
|-damage|p2a: Arceus|12/100 tox|[from] psn
|-damage|p1a: Oh-No|94/100 tox|[from] psn
|upkeep
|turn|15
|
|t:|1663914870
|move|p2a: Arceus|Ice Beam|p1a: Oh-No
|-damage|p1a: Oh-No|82/100 tox
|move|p1a: Oh-No|Defog|p2a: Arceus
|-unboost|p2a: Arceus|evasion|1
|
|-damage|p2a: Arceus|0 fnt|[from] psn
|faint|p2a: Arceus
|-damage|p1a: Oh-No|70/100 tox|[from] psn
|upkeep
|
|t:|1663914881
|switch|p2a: Arceus|Arceus|100/100
|turn|16
|
|t:|1663914884
|switch|p1a: Quagsire|Quagsire, F|100/100
|move|p2a: Arceus|Swords Dance|p2a: Arceus
|-boost|p2a: Arceus|atk|2
|
|upkeep
|turn|17
|
|t:|1663914901
|-start|p2a: Arceus|Dynamax|
|-heal|p2a: Arceus|100/100|[silent]
|move|p2a: Arceus|Max Phantasm|p1a: Quagsire
|-damage|p1a: Quagsire|70/100
|-unboost|p1a: Quagsire|def|1
|move|p1a: Quagsire|Recover|p1a: Quagsire
|-heal|p1a: Quagsire|100/100
|
|upkeep
|turn|18
|
|t:|1663914907
|switch|p1a: Bloop|Ferrothorn, M|67/100
|move|p2a: Arceus|Max Strike|p1a: Bloop
|-resisted|p1a: Bloop
|-damage|p1a: Bloop|13/100
|-unboost|p1a: Bloop|spe|1
|
|-heal|p1a: Bloop|19/100|[from] item: Leftovers
|upkeep
|turn|19
|
|t:|1663914910
|move|p2a: Arceus|Max Phantasm|p1a: Bloop
|-damage|p1a: Bloop|0 fnt
|faint|p1a: Bloop
|
|upkeep
|
|t:|1663914913
|switch|p1a: Quagsire|Quagsire, F|100/100
|-end|p2a: Arceus|Dynamax
|-heal|p2a: Arceus|100/100|[silent]
|turn|20
|
|t:|1663914922
|switch|p2a: Xerneas|Xerneas|100/100
|-ability|p2a: Xerneas|Fairy Aura
|move|p1a: Quagsire|Toxic|p2a: Xerneas
|-status|p2a: Xerneas|tox
|
|-damage|p2a: Xerneas|94/100 tox|[from] psn
|upkeep
|turn|21
|
|t:|1663914926
|switch|p1a: Oh-No|Ho-Oh|100/100 tox
|move|p2a: Xerneas|Moonblast|p1a: Oh-No
|-resisted|p1a: Oh-No
|-damage|p1a: Oh-No|86/100 tox
|
|-damage|p2a: Xerneas|82/100 tox|[from] psn
|-damage|p1a: Oh-No|80/100 tox|[from] psn
|upkeep
|turn|22
|
|t:|1663914930
|move|p2a: Xerneas|Thunderbolt|p1a: Oh-No
|-supereffective|p1a: Oh-No
|-damage|p1a: Oh-No|53/100 tox
|move|p1a: Oh-No|Whirlwind|p2a: Xerneas
|drag|p2a: Groudon|Groudon-Primal|94/100 tox
|-weather|DesolateLand|[from] ability: Desolate Land|[of] p2a: Groudon
|
|-weather|DesolateLand|[upkeep]
|-damage|p2a: Groudon|88/100 tox|[from] psn
|-damage|p1a: Oh-No|40/100 tox|[from] psn
|upkeep
|turn|23
|
|t:|1663914935
|switch|p1a: Desu Desu|Rayquaza-Mega|100/100
|-weather|DeltaStream|[from] ability: Delta Stream|[of] p1a: Desu Desu
|move|p2a: Groudon|Stealth Rock|p1a: Desu Desu
|-sidestart|p1: Lord Tonii Chan|move: Stealth Rock
|
|-weather|DeltaStream|[upkeep]
|-damage|p2a: Groudon|76/100 tox|[from] psn
|upkeep
|turn|24
|
|t:|1663914948
|switch|p2a: Xerneas|Xerneas|82/100 tox
|-ability|p2a: Xerneas|Fairy Aura
|move|p1a: Desu Desu|Surf|p2a: Xerneas
|-damage|p2a: Xerneas|54/100 tox
|
|-weather|DeltaStream|[upkeep]
|-damage|p2a: Xerneas|48/100 tox|[from] psn
|upkeep
|turn|25
|
|t:|1663914957
|-weather|none
|switch|p1a: Oh-No|Ho-Oh|74/100 tox
|move|p2a: Xerneas|Geomancy||[still]
|-prepare|p2a: Xerneas|Geomancy
|-enditem|p2a: Xerneas|Power Herb
|-anim|p2a: Xerneas|Geomancy|p2a: Xerneas
|-boost|p2a: Xerneas|spa|2
|-boost|p2a: Xerneas|spd|2
|-boost|p2a: Xerneas|spe|2
|
|-damage|p2a: Xerneas|35/100 tox|[from] psn
|-damage|p1a: Oh-No|68/100 tox|[from] psn
|upkeep
|turn|26
|
|t:|1663914972
|move|p2a: Xerneas|Moonblast|p1a: Oh-No
|-resisted|p1a: Oh-No
|-damage|p1a: Oh-No|40/100 tox
|-unboost|p1a: Oh-No|spa|1
|move|p1a: Oh-No|Defog|p2a: Xerneas
|-unboost|p2a: Xerneas|evasion|1
|-sideend|p1: Lord Tonii Chan|Stealth Rock|[from] move: Defog|[of] p1a: Oh-No
|
|-damage|p2a: Xerneas|17/100 tox|[from] psn
|-damage|p1a: Oh-No|28/100 tox|[from] psn
|upkeep
|turn|27
|
|t:|1663914992
|move|p2a: Xerneas|Moonblast|p1a: Oh-No
|-resisted|p1a: Oh-No
|-damage|p1a: Oh-No|0 fnt
|faint|p1a: Oh-No
|
|-damage|p2a: Xerneas|0 fnt|[from] psn
|faint|p2a: Xerneas
|upkeep
|
|t:|1663915004
|switch|p2a: Ditto|Ditto, shiny|100/100 tox
|switch|p1a: Mandy|Yveltal|100/100
|-ability|p1a: Mandy|Dark Aura
|-transform|p2a: Ditto|p1a: Mandy|[from] ability: Imposter
|-ability|p2a: Ditto|Dark Aura
|turn|28
|
|t:|1663915013
|-start|p1a: Mandy|Dynamax|
|-heal|p1a: Mandy|100/100|[silent]
|move|p2a: Ditto|U-turn|p1a: Mandy
|-damage|p1a: Mandy|93/100
|
|t:|1663915019
|switch|p2a: Groudon|Groudon-Primal|76/100 tox|[from]move: U-turn
|-weather|DesolateLand|[from] ability: Desolate Land|[of] p2a: Groudon
|move|p1a: Mandy|Max Airstream|p2a: Groudon
|-damage|p2a: Groudon|0 fnt
|-boost|p1a: Mandy|spe|1
|faint|p2a: Groudon
|-weather|none
|-damage|p1a: Mandy|88/100|[from] item: Life Orb
|
|upkeep
|
|t:|1663915031
|switch|p2a: Arceus|Arceus|100/100
|turn|29
|
|t:|1663915034
|move|p1a: Mandy|Max Darkness|p2a: Arceus
|-damage|p2a: Arceus|18/100
|-unboost|p2a: Arceus|spd|1
|-damage|p1a: Mandy|83/100|[from] item: Life Orb
|move|p2a: Arceus|Recover|p2a: Arceus
|-heal|p2a: Arceus|68/100
|
|upkeep
|turn|30
|
|t:|1663915043
|switch|p2a: Ditto|Ditto, shiny|100/100 tox
|-transform|p2a: Ditto|p1a: Mandy|[from] ability: Imposter
|-ability|p2a: Ditto|Dark Aura
|move|p1a: Mandy|Max Darkness|p2a: Ditto
|-resisted|p2a: Ditto
|-damage|p2a: Ditto|32/100 tox
|-unboost|p2a: Ditto|spd|1
|-damage|p1a: Mandy|78/100|[from] item: Life Orb
|
|-damage|p2a: Ditto|26/100 tox|[from] psn
|upkeep
|-end|p1a: Mandy|Dynamax
|-heal|p1a: Mandy|78/100|[silent]
|turn|31
|c|☆Lord Tonii Chan|Gg
|
|t:|1663915056
|move|p2a: Ditto|Oblivion Wing|p1a: Mandy
|-damage|p1a: Mandy|35/100
|-heal|p2a: Ditto|68/100 tox|[from] drain|[of] p1a: Mandy
|move|p1a: Mandy|Oblivion Wing|p2a: Ditto
|-damage|p2a: Ditto|0 fnt
|-heal|p1a: Mandy|74/100|[from] drain|[of] p2a: Ditto
|faint|p2a: Ditto
|-damage|p1a: Mandy|64/100|[from] item: Life Orb
|
|upkeep
|
|t:|1663915063
|switch|p2a: Yveltal|Yveltal, shiny|100/100
|-ability|p2a: Yveltal|Dark Aura
|turn|32
|
|t:|1663915068
|switch|p1a: Tyranitar|Tyranitar, F|100/100
|-weather|Sandstorm|[from] ability: Sand Stream|[of] p1a: Tyranitar
|move|p2a: Yveltal|Oblivion Wing|p1a: Tyranitar
|-resisted|p1a: Tyranitar
|-damage|p1a: Tyranitar|89/100
|-damage|p2a: Yveltal|91/100|[from] item: Life Orb
|
|-weather|Sandstorm|[upkeep]
|-damage|p2a: Yveltal|84/100|[from] Sandstorm
|-heal|p1a: Tyranitar|95/100|[from] item: Leftovers
|upkeep
|turn|33
|
|t:|1663915071
|switch|p2a: Arceus|Arceus|68/100
|move|p1a: Tyranitar|Toxic|p2a: Arceus|[miss]
|-miss|p1a: Tyranitar|p2a: Arceus
|
|-weather|Sandstorm|[upkeep]
|-damage|p2a: Arceus|62/100|[from] Sandstorm
|-heal|p1a: Tyranitar|100/100|[from] item: Leftovers
|upkeep
|turn|34
|
|t:|1663915078
|switch|p1a: Quagsire|Quagsire, F|100/100
|move|p2a: Arceus|Swords Dance|p2a: Arceus
|-boost|p2a: Arceus|atk|2
|
|-weather|Sandstorm|[upkeep]
|-damage|p2a: Arceus|55/100|[from] Sandstorm
|upkeep
|turn|35
|
|t:|1663915082
|switch|p2a: Yveltal|Yveltal, shiny|84/100
|-ability|p2a: Yveltal|Dark Aura
|move|p1a: Quagsire|Toxic|p2a: Yveltal
|-status|p2a: Yveltal|tox
|
|-weather|Sandstorm|[upkeep]
|-damage|p2a: Yveltal|78/100 tox|[from] Sandstorm
|-damage|p2a: Yveltal|72/100 tox|[from] psn
|upkeep
|turn|36
|-message|Obito152001 forfeited.
|
|win|Lord Tonii Chan
|raw|Lord Tonii Chan's rating: 1895 &rarr; <strong>1922</strong><br />(+27 for winning)
|raw|Obito152001's rating: 2013 &rarr; <strong>1986</strong><br />(-27 for losing)
|l|☆Obito152001
