|j|☆Maxime et fildrong
|j|‽85792195wwww
|t:|1624790066
|gametype|singles
|player|p1|Maxime et fildrong|pokefan-gen4|1653
|player|p2|85792195wwww|101|1691
|teamsize|p1|6
|teamsize|p2|6
|gen|8
|tier|[Gen 8] National Dex AG
|rated|
|rule|HP Percentage Mod: HP is shown in percentages
|rule|Endless Battle Clause: Forcing endless battles is banned
|clearpoke
|poke|p1|Arceus-*|
|poke|p1|Arceus-*|
|poke|p1|Rayquaza|
|poke|p1|Groudon|
|poke|p1|Marshadow|
|poke|p1|Xerneas-*|
|poke|p2|Rayquaza|
|poke|p2|Zacian-*|
|poke|p2|Arceus-*|
|poke|p2|Kyogre|
|poke|p2|Marshadow|
|poke|p2|Ditto|
|teampreview
|inactive|Battle timer is ON: inactive players will automatically lose when time's up. (requested by Maxime et fildrong)
|
|t:|1624790074
|start
|switch|p1a: Groudon|Groudon|100/100
|switch|p2a: Zacian|Zacian-Crowned|100/100
|-ability|p2a: Zacian|Intrepid Sword|boost
|-boost|p2a: Zacian|atk|1
|detailschange|p1a: Groudon|Groudon-Primal
|-primal|p1a: Groudon
|-weather|DesolateLand|[from] ability: Desolate Land|[of] p1a: Groudon
|turn|1
|
|t:|1624790084
|move|p2a: Zacian|Substitute|p2a: Zacian
|-start|p2a: Zacian|Substitute
|-damage|p2a: Zacian|76/100
|move|p1a: Groudon|Fire Punch|p2a: Zacian
|-supereffective|p2a: Zacian
|-end|p2a: Zacian|Substitute
|
|-weather|DesolateLand|[upkeep]
|upkeep
|turn|2
|
|t:|1624790095
|switch|p2a: Rayquaza|Rayquaza|100/100
|-ability|p2a: Rayquaza|Air Lock
|move|p1a: Groudon|Fire Punch|p2a: Rayquaza
|-resisted|p2a: Rayquaza
|-damage|p2a: Rayquaza|73/100
|
|-weather|DesolateLand|[upkeep]
|upkeep
|turn|3
|
|t:|1624790105
|-weather|none
|switch|p1a: Arceus|Arceus-Steel|100/100
|detailschange|p2a: Rayquaza|Rayquaza-Mega
|-mega|p2a: Rayquaza|Rayquaza|
|-weather|DeltaStream|[from] ability: Delta Stream|[of] p2a: Rayquaza
|move|p2a: Rayquaza|Dragon Ascent|p1a: Arceus
|-resisted|p1a: Arceus
|-crit|p1a: Arceus
|-damage|p1a: Arceus|41/100
|-unboost|p2a: Rayquaza|def|1
|-unboost|p2a: Rayquaza|spd|1
|
|-weather|DeltaStream|[upkeep]
|upkeep
|turn|4
|
|t:|1624790120
|-weather|none
|switch|p2a: Zacian|Zacian-Crowned|76/100
|-ability|p2a: Zacian|Intrepid Sword|boost
|-boost|p2a: Zacian|atk|1
|move|p1a: Arceus|Recover|p1a: Arceus
|-heal|p1a: Arceus|91/100
|
|upkeep
|turn|5
|
|t:|1624790129
|switch|p1a: Groudon|Groudon-Primal|100/100
|-weather|DesolateLand|[from] ability: Desolate Land|[of] p1a: Groudon
|move|p2a: Zacian|Close Combat|p1a: Groudon
|-damage|p1a: Groudon|54/100
|-unboost|p2a: Zacian|def|1
|-unboost|p2a: Zacian|spd|1
|
|-weather|DesolateLand|[upkeep]
|upkeep
|turn|6
|
|t:|1624790141
|switch|p2a: Rayquaza|Rayquaza-Mega|73/100
|-weather|DeltaStream|[from] ability: Delta Stream|[of] p2a: Rayquaza
|move|p1a: Groudon|Fire Punch|p2a: Rayquaza
|-resisted|p2a: Rayquaza
|-damage|p2a: Rayquaza|48/100
|
|-weather|DeltaStream|[upkeep]
|upkeep
|turn|7
|
|t:|1624790151
|move|p2a: Rayquaza|V-create|p1a: Groudon
|-resisted|p1a: Groudon
|-damage|p1a: Groudon|17/100
|-unboost|p2a: Rayquaza|spe|1
|-unboost|p2a: Rayquaza|def|1
|-unboost|p2a: Rayquaza|spd|1
|move|p1a: Groudon|Fire Punch|p2a: Rayquaza
|-resisted|p2a: Rayquaza
|-damage|p2a: Rayquaza|8/100
|
|-weather|DeltaStream|[upkeep]
|upkeep
|turn|8
|
|t:|1624790163
|-weather|none
|switch|p2a: Kyogre|Kyogre|100/100
|detailschange|p2a: Kyogre|Kyogre-Primal
|-primal|p2a: Kyogre
|-weather|PrimordialSea|[from] ability: Primordial Sea|[of] p2a: Kyogre
|move|p1a: Groudon|Fire Punch||[still]
|-fail|p1a: Groudon|Fire Punch|[from] Primordial Sea
|
|-weather|PrimordialSea|[upkeep]
|upkeep
|turn|9
|
|t:|1624790176
|move|p2a: Kyogre|Ice Beam|p1a: Groudon
|-damage|p1a: Groudon|0 fnt
|faint|p1a: Groudon
|
|-weather|PrimordialSea|[upkeep]
|upkeep
|
|t:|1624790180
|switch|p1a: Rayquaza|Rayquaza|100/100
|-ability|p1a: Rayquaza|Air Lock
|turn|10
|
|t:|1624790196
|-weather|none
|switch|p2a: Zacian|Zacian-Crowned|76/100
|-ability|p2a: Zacian|Intrepid Sword|boost
|-boost|p2a: Zacian|atk|1
|detailschange|p1a: Rayquaza|Rayquaza-Mega
|-mega|p1a: Rayquaza|Rayquaza|
|-weather|DeltaStream|[from] ability: Delta Stream|[of] p1a: Rayquaza
|move|p1a: Rayquaza|Earthquake|p2a: Zacian
|-supereffective|p2a: Zacian
|-damage|p2a: Zacian|0 fnt
|faint|p2a: Zacian
|
|-weather|DeltaStream|[upkeep]
|upkeep
|
|t:|1624790211
|switch|p2a: Marshadow|Marshadow|100/100
|turn|11
|
|t:|1624790217
|-weather|none
|switch|p1a: Arceus|Arceus-Ground|100/100
|move|p2a: Marshadow|Substitute|p2a: Marshadow
|-start|p2a: Marshadow|Substitute
|-damage|p2a: Marshadow|76/100
|
|upkeep
|turn|12
|
|t:|1624790228
|move|p2a: Marshadow|Close Combat|p1a: Arceus
|-damage|p1a: Arceus|65/100
|-unboost|p2a: Marshadow|def|1
|-unboost|p2a: Marshadow|spd|1
|-damage|p2a: Marshadow|66/100|[from] item: Life Orb
|move|p1a: Arceus|Judgment|p2a: Marshadow
|-end|p2a: Marshadow|Substitute
|
|upkeep
|turn|13
|
|t:|1624790239
|switch|p2a: Rayquaza|Rayquaza-Mega|8/100
|-weather|DeltaStream|[from] ability: Delta Stream|[of] p2a: Rayquaza
|move|p1a: Arceus|Judgment|p2a: Rayquaza
|-immune|p2a: Rayquaza
|
|-weather|DeltaStream|[upkeep]
|upkeep
|turn|14
|inactive|Maxime et fildrong has 120 seconds left.
|
|t:|1624790274
|move|p2a: Rayquaza|V-create|p1a: Arceus
|-damage|p1a: Arceus|0 fnt
|-unboost|p2a: Rayquaza|spe|1
|-unboost|p2a: Rayquaza|def|1
|-unboost|p2a: Rayquaza|spd|1
|faint|p1a: Arceus
|
|-weather|DeltaStream|[upkeep]
|upkeep
|
|t:|1624790277
|switch|p1a: Marshadow|Marshadow|100/100
|turn|15
|
|t:|1624790292
|move|p1a: Marshadow|Shadow Sneak|p2a: Rayquaza
|-damage|p2a: Rayquaza|0 fnt
|faint|p2a: Rayquaza
|-weather|none
|
|upkeep
|
|t:|1624790303
|switch|p2a: Kyogre|Kyogre-Primal|100/100
|-weather|PrimordialSea|[from] ability: Primordial Sea|[of] p2a: Kyogre
|turn|16
|inactive|Maxime et fildrong has 120 seconds left.
|
|t:|1624790339
|switch|p1a: Rayquaza|Rayquaza-Mega|100/100
|-weather|DeltaStream|[from] ability: Delta Stream|[of] p1a: Rayquaza
|move|p2a: Kyogre|Scald|p1a: Rayquaza
|-resisted|p1a: Rayquaza
|-damage|p1a: Rayquaza|72/100
|-status|p1a: Rayquaza|brn
|
|-weather|DeltaStream|[upkeep]
|-damage|p1a: Rayquaza|66/100 brn|[from] brn
|upkeep
|turn|17
|
|t:|1624790353
|switch|p2a: Arceus|Arceus-Electric|100/100
|move|p1a: Rayquaza|Outrage|p2a: Arceus
|-damage|p2a: Arceus|58/100
|
|-weather|DeltaStream|[upkeep]
|-damage|p1a: Rayquaza|60/100 brn|[from] brn
|upkeep
|turn|18
|inactive|Maxime et fildrong has 120 seconds left.
|inactive|Maxime et fildrong has 90 seconds left.
|
|t:|1624790388
|move|p2a: Arceus|Stealth Rock|p1a: Rayquaza
|-sidestart|p1: Maxime et fildrong|move: Stealth Rock
|move|p1a: Rayquaza|Outrage|p2a: Arceus|[from]lockedmove
|-damage|p2a: Arceus|16/100
|
|-weather|DeltaStream|[upkeep]
|-damage|p1a: Rayquaza|54/100 brn|[from] brn
|upkeep
|turn|19
|
|t:|1624790398
|move|p2a: Arceus|Ice Beam|p1a: Rayquaza
|-activate||deltastream
|-supereffective|p1a: Rayquaza
|-damage|p1a: Rayquaza|0 fnt
|faint|p1a: Rayquaza
|-weather|none
|
|upkeep
|
|t:|1624790407
|switch|p1a: Xerneas|Xerneas|100/100
|-damage|p1a: Xerneas|88/100|[from] Stealth Rock
|-ability|p1a: Xerneas|Fairy Aura
|turn|20
|
|t:|1624790414
|-start|p2a: Arceus|Dynamax
|-heal|p2a: Arceus|16/100|[silent]
|move|p2a: Arceus|Max Lightning|p1a: Xerneas
|-damage|p1a: Xerneas|25/100
|-fieldstart|move: Electric Terrain
|move|p1a: Xerneas|Moonblast|p2a: Arceus
|-damage|p2a: Arceus|0 fnt
|faint|p2a: Arceus
|
|upkeep
|
|t:|1624790437
|switch|p2a: Ditto|Ditto|100/100
|-transform|p2a: Ditto|p1a: Xerneas|[from] ability: Imposter
|-ability|p2a: Ditto|Fairy Aura
|turn|21
|inactive|Maxime et fildrong has 120 seconds left.
|
|t:|1624790456
|switch|p1a: Arceus|Arceus-Steel|91/100
|-damage|p1a: Arceus|85/100|[from] Stealth Rock
|move|p2a: Ditto|Moonblast|p1a: Arceus
|-resisted|p1a: Arceus
|-damage|p1a: Arceus|67/100
|
|upkeep
|turn|22
|
|t:|1624790464
|switch|p2a: Kyogre|Kyogre-Primal|100/100
|-weather|PrimordialSea|[from] ability: Primordial Sea|[of] p2a: Kyogre
|move|p1a: Arceus|Judgment|p2a: Kyogre
|-resisted|p2a: Kyogre
|-damage|p2a: Kyogre|86/100
|
|-weather|PrimordialSea|[upkeep]
|upkeep
|turn|23
|
|t:|1624790475
|move|p1a: Arceus|Stealth Rock|p2a: Kyogre
|-sidestart|p2: 85792195wwww|move: Stealth Rock
|move|p2a: Kyogre|Water Spout|p1a: Arceus
|-damage|p1a: Arceus|0 fnt
|faint|p1a: Arceus
|
|-weather|PrimordialSea|[upkeep]
|upkeep
|
|t:|1624790483
|switch|p1a: Xerneas|Xerneas|25/100
|-damage|p1a: Xerneas|12/100|[from] Stealth Rock
|-ability|p1a: Xerneas|Fairy Aura
|turn|24
|
|t:|1624790498
|-weather|none
|switch|p2a: Ditto|Ditto|100/100
|-damage|p2a: Ditto|88/100|[from] Stealth Rock
|-transform|p2a: Ditto|p1a: Xerneas|[from] ability: Imposter
|-ability|p2a: Ditto|Fairy Aura
|move|p1a: Xerneas|Thunder|p2a: Ditto
|-damage|p2a: Ditto|35/100
|-status|p2a: Ditto|par
|
|-fieldend|move: Electric Terrain
|upkeep
|turn|25
|
|t:|1624790513
|move|p1a: Xerneas|Moonblast|p2a: Ditto
|-damage|p2a: Ditto|0 fnt
|faint|p2a: Ditto
|
|upkeep
|
|t:|1624790519
|switch|p2a: Marshadow|Marshadow|66/100
|-damage|p2a: Marshadow|59/100|[from] Stealth Rock
|turn|26
|
|t:|1624790523
|move|p2a: Marshadow|Shadow Sneak|p1a: Xerneas
|-damage|p1a: Xerneas|0 fnt
|faint|p1a: Xerneas
|-damage|p2a: Marshadow|49/100|[from] item: Life Orb
|
|upkeep
|j| GoudonRockpolish
|
|t:|1624790527
|switch|p1a: Marshadow|Marshadow|100/100
|-damage|p1a: Marshadow|94/100|[from] Stealth Rock
|turn|27
|
|t:|1624790532
|move|p2a: Marshadow|Shadow Sneak|p1a: Marshadow
|-supereffective|p1a: Marshadow
|-damage|p1a: Marshadow|0 fnt
|faint|p1a: Marshadow
|-damage|p2a: Marshadow|39/100|[from] item: Life Orb
|
|win|85792195wwww
|raw|Maxime et fildrong's rating: 1653 &rarr; <strong>1635</strong><br />(-18 for losing)
|raw|85792195wwww's rating: 1691 &rarr; <strong>1709</strong><br />(+18 for winning)
