|j|☆thicsucttv
|j|☆seidou45
|t:|1666820200
|gametype|singles
|player|p1|thicsucttv|101|1897
|player|p2|seidou45|lucas|1852
|teamsize|p1|6
|teamsize|p2|6
|gen|8
|tier|[Gen 8] National Dex AG
|rated|
|rule|HP Percentage Mod: HP is shown in percentages
|rule|Endless Battle Clause: Forcing endless battles is banned
|clearpoke
|poke|p1|Tyranitar, M|
|poke|p1|Marshadow|
|poke|p1|Yveltal|
|poke|p1|Necrozma-Dusk-Mane|
|poke|p1|Ditto|
|poke|p1|Lucario, M|
|poke|p2|Quagsire, M|
|poke|p2|Tyranitar, M|
|poke|p2|Arceus-*|
|poke|p2|Yveltal|
|poke|p2|Zacian-*|
|poke|p2|Calyrex-Shadow|
|teampreview
|inactive|Battle timer is ON: inactive players will automatically lose when time's up. (requested by thicsucttv)
|
|t:|1666820213
|start
|switch|p1a: Lucario|Lucario, M|100/100
|switch|p2a: Arceus|Arceus, shiny|100/100
|turn|1
|
|t:|1666820222
|detailschange|p1a: Lucario|Lucario-Mega, M
|-mega|p1a: Lucario|Lucario|Lucarionite
|move|p2a: Arceus|Earthquake|p1a: Lucario
|-supereffective|p1a: Lucario
|-damage|p1a: Lucario|0 fnt
|faint|p1a: Lucario
|
|upkeep
|c|☆thicsucttv|Uhm
|c|☆thicsucttv|What
|inactive|thicsucttv has 120 seconds left.
|c|☆seidou45|lol
|
|t:|1666820253
|switch|p1a: Yveltal|Yveltal|100/100
|-ability|p1a: Yveltal|Dark Aura
|turn|2
|
|t:|1666820259
|switch|p2a: Tyranitar|Tyranitar, M, shiny|100/100
|-weather|Sandstorm|[from] ability: Sand Stream|[of] p2a: Tyranitar
|switch|p1a: Necrozma|Necrozma-Dusk-Mane|100/100
|
|-weather|Sandstorm|[upkeep]
|upkeep
|turn|3
|inactive|thicsucttv has 120 seconds left.
|
|t:|1666820279
|detailschange|p1a: Necrozma|Necrozma-Ultra
|-burst|p1a: Necrozma|Necrozma|Ultranecrozium Z
|move|p1a: Necrozma|Substitute|p1a: Necrozma
|-start|p1a: Necrozma|Substitute
|-damage|p1a: Necrozma|76/100
|move|p2a: Tyranitar|Stealth Rock|p1a: Necrozma
|-sidestart|p1: thicsucttv|move: Stealth Rock
|
|-weather|Sandstorm|[upkeep]
|-damage|p1a: Necrozma|70/100|[from] Sandstorm
|upkeep
|turn|4
|inactive|thicsucttv has 120 seconds left.
|
|t:|1666820290
|switch|p2a: Quagsire|Quagsire, M, shiny|100/100
|move|p1a: Necrozma|Earthquake|p2a: Quagsire
|-damage|p2a: Quagsire|74/100
|
|-weather|Sandstorm|[upkeep]
|-damage|p1a: Necrozma|63/100|[from] Sandstorm
|upkeep
|turn|5
|inactive|thicsucttv has 120 seconds left.
|
|t:|1666820300
|switch|p2a: Tyranitar|Tyranitar, M, shiny|100/100
|-zpower|p1a: Necrozma
|move|p1a: Necrozma|Light That Burns the Sky|p2a: Tyranitar|[zeffect]
|-immune|p2a: Tyranitar
|
|-weather|Sandstorm|[upkeep]
|-damage|p1a: Necrozma|57/100|[from] Sandstorm
|upkeep
|turn|6
|inactive|thicsucttv has 120 seconds left.
|
|t:|1666820312
|switch|p2a: Yveltal|Yveltal, shiny|100/100
|-ability|p2a: Yveltal|Dark Aura
|move|p1a: Necrozma|Photon Geyser|p2a: Yveltal
|-immune|p2a: Yveltal
|
|-weather|none
|upkeep
|turn|7
|inactive|thicsucttv has 120 seconds left.
|
|t:|1666820324
|move|p1a: Necrozma|Stone Edge|p2a: Yveltal
|-supereffective|p2a: Yveltal
|-damage|p2a: Yveltal|6/100
|move|p2a: Yveltal|Dark Pulse|p1a: Necrozma
|-supereffective|p1a: Necrozma
|-end|p1a: Necrozma|Substitute
|-damage|p2a: Yveltal|0 fnt|[from] item: Life Orb
|faint|p2a: Yveltal
|
|upkeep
|
|t:|1666820328
|switch|p2a: Zacian|Zacian-Crowned, shiny|100/100
|-ability|p2a: Zacian|Intrepid Sword|boost
|-boost|p2a: Zacian|atk|1
|turn|8
|
|t:|1666820337
|move|p1a: Necrozma|Earthquake|p2a: Zacian
|-supereffective|p2a: Zacian
|-damage|p2a: Zacian|20/100
|move|p2a: Zacian|Behemoth Blade|p1a: Necrozma
|-damage|p1a: Necrozma|0 fnt
|faint|p1a: Necrozma
|
|upkeep
|
|t:|1666820347
|switch|p1a: Ditto|Ditto|100/100
|-damage|p1a: Ditto|88/100|[from] Stealth Rock
|-transform|p1a: Ditto|p2a: Zacian|[from] ability: Imposter
|-ability|p1a: Ditto|Intrepid Sword|boost
|-boost|p1a: Ditto|atk|1
|turn|9
|
|t:|1666820356
|switch|p2a: Quagsire|Quagsire, M, shiny|74/100
|move|p1a: Ditto|Behemoth Blade|p2a: Quagsire
|-resisted|p2a: Quagsire
|-damage|p2a: Quagsire|48/100
|-damage|p1a: Ditto|72/100|[from] item: Rocky Helmet|[of] p2a: Quagsire
|
|upkeep
|turn|10
|
|t:|1666820365
|move|p1a: Ditto|Behemoth Blade|p2a: Quagsire
|-resisted|p2a: Quagsire
|-damage|p2a: Quagsire|24/100
|-damage|p1a: Ditto|55/100|[from] item: Rocky Helmet|[of] p2a: Quagsire
|move|p2a: Quagsire|Recover|p2a: Quagsire
|-heal|p2a: Quagsire|74/100
|
|upkeep
|turn|11
|
|t:|1666820374
|switch|p1a: Marshadow|Marshadow|100/100
|-damage|p1a: Marshadow|94/100|[from] Stealth Rock
|move|p2a: Quagsire|Recover|p2a: Quagsire
|-heal|p2a: Quagsire|100/100
|
|upkeep
|turn|12
|
|t:|1666820383
|move|p1a: Marshadow|Close Combat|p2a: Quagsire
|-damage|p2a: Quagsire|45/100
|-unboost|p1a: Marshadow|def|1
|-unboost|p1a: Marshadow|spd|1
|-damage|p1a: Marshadow|78/100|[from] item: Rocky Helmet|[of] p2a: Quagsire
|-damage|p1a: Marshadow|68/100|[from] item: Life Orb
|move|p2a: Quagsire|Toxic|p1a: Marshadow
|-status|p1a: Marshadow|tox
|
|-damage|p1a: Marshadow|62/100 tox|[from] psn
|upkeep
|turn|13
|
|t:|1666820398
|switch|p2a: Zacian|Zacian-Crowned, shiny|20/100
|-ability|p2a: Zacian|Intrepid Sword|boost
|-boost|p2a: Zacian|atk|1
|move|p1a: Marshadow|Close Combat|p2a: Zacian
|-damage|p2a: Zacian|0 fnt
|-unboost|p1a: Marshadow|def|1
|-unboost|p1a: Marshadow|spd|1
|faint|p2a: Zacian
|-damage|p1a: Marshadow|52/100 tox|[from] item: Life Orb
|
|-damage|p1a: Marshadow|39/100 tox|[from] psn
|upkeep
|
|t:|1666820402
|switch|p2a: Calyrex|Calyrex-Shadow|100/100
|-ability|p2a: Calyrex|As One
|-ability|p2a: Calyrex|Unnerve
|turn|14
|
|t:|1666820420
|switch|p1a: Tyranitar|Tyranitar, M|100/100
|-damage|p1a: Tyranitar|88/100|[from] Stealth Rock
|-weather|Sandstorm|[from] ability: Sand Stream|[of] p1a: Tyranitar
|move|p2a: Calyrex|Astral Barrage|p1a: Tyranitar
|-resisted|p1a: Tyranitar
|-damage|p1a: Tyranitar|71/100
|
|-weather|Sandstorm|[upkeep]
|-damage|p2a: Calyrex|94/100|[from] Sandstorm
|-heal|p1a: Tyranitar|77/100|[from] item: Leftovers
|upkeep
|turn|15
|
|t:|1666820434
|-activate|p2a: Calyrex|move: Pursuit
|move|p1a: Tyranitar|Pursuit|p2a: Calyrex|[from]Pursuit
|-supereffective|p2a: Calyrex
|-crit|p2a: Calyrex
|-damage|p2a: Calyrex|0 fnt
|faint|p2a: Calyrex
|-hint|A Pokemon can't switch between when it runs out of HP and when it faints
|
|-weather|Sandstorm|[upkeep]
|-heal|p1a: Tyranitar|83/100|[from] item: Leftovers
|upkeep
|
|t:|1666820436
|switch|p2a: Arceus|Arceus, shiny|100/100
|turn|16
|
|t:|1666820450
|move|p2a: Arceus|Earthquake|p1a: Tyranitar
|-supereffective|p1a: Tyranitar
|-damage|p1a: Tyranitar|13/100
|move|p1a: Tyranitar|Thunder Wave|p2a: Arceus
|-status|p2a: Arceus|par
|
|-weather|Sandstorm|[upkeep]
|-damage|p2a: Arceus|94/100 par|[from] Sandstorm
|-heal|p1a: Tyranitar|19/100|[from] item: Leftovers
|upkeep
|turn|17
|c|☆seidou45|wtf
|c|☆seidou45|no k.o
|j| BuckfromGothamCity
|
|t:|1666820477
|cant|p2a: Arceus|par
|move|p1a: Tyranitar|Stealth Rock|p2a: Arceus
|-sidestart|p2: seidou45|move: Stealth Rock
|
|-weather|Sandstorm|[upkeep]
|-damage|p2a: Arceus|88/100 par|[from] Sandstorm
|-heal|p1a: Tyranitar|25/100|[from] item: Leftovers
|upkeep
|turn|18
|
|t:|1666820486
|move|p2a: Arceus|Earthquake|p1a: Tyranitar
|-supereffective|p1a: Tyranitar
|-damage|p1a: Tyranitar|0 fnt
|faint|p1a: Tyranitar
|
|-weather|none
|upkeep
|
|t:|1666820493
|switch|p1a: Marshadow|Marshadow|39/100 tox
|-damage|p1a: Marshadow|33/100 tox|[from] Stealth Rock
|turn|19
|
|t:|1666820515
|switch|p2a: Quagsire|Quagsire, M, shiny|45/100
|-damage|p2a: Quagsire|39/100|[from] Stealth Rock
|move|p1a: Marshadow|Close Combat|p2a: Quagsire
|-damage|p2a: Quagsire|0 fnt
|-unboost|p1a: Marshadow|def|1
|-unboost|p1a: Marshadow|spd|1
|-damage|p1a: Marshadow|16/100 tox|[from] item: Rocky Helmet|[of] p2a: Quagsire
|faint|p2a: Quagsire
|-damage|p1a: Marshadow|6/100 tox|[from] item: Life Orb
|
|-damage|p1a: Marshadow|0 fnt|[from] psn
|faint|p1a: Marshadow
|upkeep
|
|t:|1666820544
|switch|p1a: Ditto|Ditto|55/100
|switch|p2a: Arceus|Arceus, shiny|88/100 par
|-damage|p1a: Ditto|43/100|[from] Stealth Rock
|-transform|p1a: Ditto|p2a: Arceus|[from] ability: Imposter
|-damage|p2a: Arceus|76/100 par|[from] Stealth Rock
|turn|20
|inactive|thicsucttv has 120 seconds left.
|
|t:|1666820560
|move|p1a: Ditto|Extreme Speed|p2a: Arceus
|-damage|p2a: Arceus|48/100 par
|move|p2a: Arceus|Extreme Speed|p1a: Ditto
|-damage|p1a: Ditto|0 fnt
|faint|p1a: Ditto
|
|upkeep
|inactive|thicsucttv has 120 seconds left.
|
|t:|1666820569
|switch|p1a: Yveltal|Yveltal|100/100
|-damage|p1a: Yveltal|76/100|[from] Stealth Rock
|-ability|p1a: Yveltal|Dark Aura
|turn|21
|
|t:|1666820578
|switch|p2a: Tyranitar|Tyranitar, M, shiny|100/100
|-damage|p2a: Tyranitar|88/100|[from] Stealth Rock
|-weather|Sandstorm|[from] ability: Sand Stream|[of] p2a: Tyranitar
|-start|p1a: Yveltal|Dynamax|
|-heal|p1a: Yveltal|76/100|[silent]
|move|p1a: Yveltal|Max Steelspike|p2a: Tyranitar
|-supereffective|p2a: Tyranitar
|-damage|p2a: Tyranitar|0 fnt
|-boost|p1a: Yveltal|def|1
|faint|p2a: Tyranitar
|-damage|p1a: Yveltal|71/100|[from] item: Life Orb
|
|-weather|Sandstorm|[upkeep]
|-damage|p1a: Yveltal|68/100|[from] Sandstorm
|upkeep
|
|t:|1666820582
|switch|p2a: Arceus|Arceus, shiny|48/100 par
|-damage|p2a: Arceus|36/100 par|[from] Stealth Rock
|turn|22
|c|☆thicsucttv|Gg
|c|☆seidou45|gg
|-message|seidou45 forfeited.
|
|win|thicsucttv
|raw|thicsucttv's rating: 1897 &rarr; <strong>1914</strong><br />(+17 for winning)
|raw|seidou45's rating: 1852 &rarr; <strong>1835</strong><br />(-17 for losing)
|l|☆seidou45
