|j|☆MRH1106
|j|☆DiegoDM©
|t:|1654494589
|gametype|singles
|player|p1|MRH1106|red|1859
|player|p2|DiegoDM©|wikstrom|1826
|teamsize|p1|6
|teamsize|p2|6
|gen|8
|tier|[Gen 8] National Dex AG
|rated|
|rule|HP Percentage Mod: HP is shown in percentages
|rule|Endless Battle Clause: Forcing endless battles is banned
|clearpoke
|poke|p1|Zacian-*|
|poke|p1|Calyrex-Shadow|
|poke|p1|Rayquaza|
|poke|p1|Ditto|
|poke|p1|Yveltal|
|poke|p1|Arceus-*|
|poke|p2|Deoxys-Attack|
|poke|p2|Calyrex-Shadow|
|poke|p2|Lugia|
|poke|p2|Xerneas-*|
|poke|p2|Rayquaza|
|poke|p2|Yveltal|
|teampreview
|inactive|Battle timer is ON: inactive players will automatically lose when time's up. (requested by DiegoDM©)
|inactive|MRH1106 also wants the timer to be on.
|
|t:|1654494609
|start
|switch|p1a: Hells dragon|Yveltal, shiny|100/100
|switch|p2a: Deoxys|Deoxys-Attack|100/100
|-ability|p2a: Deoxys|Pressure
|-ability|p1a: Hells dragon|Dark Aura
|turn|1
|
|t:|1654494620
|move|p2a: Deoxys|Stealth Rock|p1a: Hells dragon
|-sidestart|p1: MRH1106|move: Stealth Rock
|move|p1a: Hells dragon|Oblivion Wing|p2a: Deoxys
|-enditem|p2a: Deoxys|Focus Sash
|-damage|p2a: Deoxys|1/100
|-damage|p1a: Hells dragon|91/100|[from] item: Life Orb
|
|upkeep
|turn|2
|
|t:|1654494623
|move|p1a: Hells dragon|Sucker Punch|p2a: Deoxys
|-supereffective|p2a: Deoxys
|-damage|p2a: Deoxys|0 fnt
|faint|p2a: Deoxys
|-damage|p1a: Hells dragon|81/100|[from] item: Life Orb
|
|upkeep
|
|t:|1654494627
|switch|p2a: Xerneas|Xerneas|100/100
|-ability|p2a: Xerneas|Fairy Aura
|turn|3
|
|t:|1654494632
|move|p1a: Hells dragon|Taunt|p2a: Xerneas
|-start|p2a: Xerneas|move: Taunt
|cant|p2a: Xerneas|move: Taunt|Geomancy
|
|upkeep
|turn|4
|
|t:|1654494637
|switch|p1a: Knifepuppy|Zacian-Crowned|100/100
|-damage|p1a: Knifepuppy|94/100|[from] Stealth Rock
|-ability|p1a: Knifepuppy|Intrepid Sword|boost
|-boost|p1a: Knifepuppy|atk|1
|switch|p2a: Lugia|Lugia|100/100
|
|upkeep
|turn|5
|
|t:|1654494640
|move|p1a: Knifepuppy|Behemoth Blade|p2a: Lugia
|-damage|p2a: Lugia|75/100
|move|p2a: Lugia|Thunder Wave|p1a: Knifepuppy
|-status|p1a: Knifepuppy|par
|
|upkeep
|turn|6
|
|t:|1654494645
|move|p2a: Lugia|Roost|p2a: Lugia
|-heal|p2a: Lugia|100/100
|-singleturn|p2a: Lugia|move: Roost
|move|p1a: Knifepuppy|Wild Charge|p2a: Lugia
|-damage|p2a: Lugia|88/100
|-damage|p1a: Knifepuppy|90/100 par|[from] Recoil
|
|upkeep
|turn|7
|
|t:|1654494650
|switch|p1a: Hells dragon|Yveltal, shiny|81/100
|-damage|p1a: Hells dragon|56/100|[from] Stealth Rock
|-ability|p1a: Hells dragon|Dark Aura
|move|p2a: Lugia|Ice Beam|p1a: Hells dragon
|-supereffective|p1a: Hells dragon
|-damage|p1a: Hells dragon|22/100
|
|upkeep
|turn|8
|
|t:|1654494655
|move|p1a: Hells dragon|Taunt|p2a: Lugia
|-start|p2a: Lugia|move: Taunt
|cant|p2a: Lugia|move: Taunt|Roost
|
|upkeep
|turn|9
|
|t:|1654494663
|move|p1a: Hells dragon|Sucker Punch|p2a: Lugia
|-supereffective|p2a: Lugia
|-damage|p2a: Lugia|34/100
|-damage|p1a: Hells dragon|12/100|[from] item: Life Orb
|move|p2a: Lugia|Ice Beam|p1a: Hells dragon
|-supereffective|p1a: Hells dragon
|-damage|p1a: Hells dragon|0 fnt
|faint|p1a: Hells dragon
|
|upkeep
|
|t:|1654494667
|switch|p1a: Rayyyy|Rayquaza|100/100
|-damage|p1a: Rayyyy|76/100|[from] Stealth Rock
|-ability|p1a: Rayyyy|Air Lock
|turn|10
|
|t:|1654494670
|detailschange|p1a: Rayyyy|Rayquaza-Mega
|-mega|p1a: Rayyyy|Rayquaza|
|-weather|DeltaStream|[from] ability: Delta Stream|[of] p1a: Rayyyy
|move|p1a: Rayyyy|Dragon Ascent|p2a: Lugia
|-damage|p2a: Lugia|0 fnt
|-unboost|p1a: Rayyyy|def|1
|-unboost|p1a: Rayyyy|spd|1
|faint|p2a: Lugia
|
|-weather|DeltaStream|[upkeep]
|upkeep
|
|t:|1654494686
|switch|p2a: Yveltal|Yveltal|100/100
|-ability|p2a: Yveltal|Dark Aura
|turn|11
|
|t:|1654494690
|-start|p2a: Yveltal|Dynamax|
|-heal|p2a: Yveltal|100/100|[silent]
|move|p1a: Rayyyy|Dragon Ascent|p2a: Yveltal
|-damage|p2a: Yveltal|58/100
|-unboost|p1a: Rayyyy|def|1
|-unboost|p1a: Rayyyy|spd|1
|move|p2a: Yveltal|Max Airstream|p1a: Rayyyy
|-damage|p1a: Rayyyy|0 fnt
|-boost|p2a: Yveltal|spe|1
|faint|p1a: Rayyyy
|-weather|none
|-damage|p2a: Yveltal|53/100|[from] item: Life Orb
|
|upkeep
|
|t:|1654494693
|switch|p1a: Legit god|Arceus-Ground|100/100
|-damage|p1a: Legit god|94/100|[from] Stealth Rock
|turn|12
|
|t:|1654494713
|move|p2a: Yveltal|Max Darkness|p1a: Legit god
|-damage|p1a: Legit god|13/100
|-unboost|p1a: Legit god|spd|1
|-damage|p2a: Yveltal|48/100|[from] item: Life Orb
|move|p1a: Legit god|Defog|p2a: Yveltal
|-unboost|p2a: Yveltal|evasion|1
|-sideend|p1: MRH1106|Stealth Rock|[from] move: Defog|[of] p1a: Legit god
|
|upkeep
|turn|13
|
|t:|1654494727
|move|p2a: Yveltal|Max Airstream|p1a: Legit god
|-damage|p1a: Legit god|0 fnt
|-boost|p2a: Yveltal|spe|1
|faint|p1a: Legit god
|-damage|p2a: Yveltal|43/100|[from] item: Life Orb
|
|upkeep
|
|t:|1654494736
|switch|p1a: Knifepuppy|Zacian-Crowned|90/100 par
|-ability|p1a: Knifepuppy|Intrepid Sword|boost
|-boost|p1a: Knifepuppy|atk|1
|-end|p2a: Yveltal|Dynamax
|-heal|p2a: Yveltal|43/100|[silent]
|turn|14
|
|t:|1654494741
|move|p2a: Yveltal|Heat Wave|p1a: Knifepuppy
|-supereffective|p1a: Knifepuppy
|-damage|p1a: Knifepuppy|0 fnt
|faint|p1a: Knifepuppy
|-damage|p2a: Yveltal|33/100|[from] item: Life Orb
|
|upkeep
|
|t:|1654494746
|switch|p1a: Mayte <3|Ditto, shiny|100/100
|-transform|p1a: Mayte <3|p2a: Yveltal|[from] ability: Imposter
|-ability|p1a: Mayte <3|Dark Aura
|turn|15
|
|t:|1654494753
|move|p1a: Mayte <3|Oblivion Wing|p2a: Yveltal
|-damage|p2a: Yveltal|0 fnt
|faint|p2a: Yveltal
|
|upkeep
|
|t:|1654494758
|switch|p2a: Xerneas|Xerneas|100/100
|-ability|p2a: Xerneas|Fairy Aura
|turn|16
|
|t:|1654494775
|-start|p1a: Mayte <3|Dynamax|
|-heal|p1a: Mayte <3|100/100|[silent]
|move|p1a: Mayte <3|Max Airstream|p2a: Xerneas
|-damage|p2a: Xerneas|29/100
|-boost|p1a: Mayte <3|spe|1
|move|p2a: Xerneas|Moonblast|p1a: Mayte <3
|-supereffective|p1a: Mayte <3
|-damage|p1a: Mayte <3|17/100
|
|upkeep
|turn|17
|
|t:|1654494785
|move|p1a: Mayte <3|Max Airstream|p2a: Xerneas
|-damage|p2a: Xerneas|0 fnt
|-boost|p1a: Mayte <3|spe|1
|faint|p2a: Xerneas
|
|upkeep
|
|t:|1654494788
|switch|p2a: Rayquaza|Rayquaza|100/100
|-ability|p2a: Rayquaza|Air Lock
|turn|18
|
|t:|1654494794
|-end|p1a: Mayte <3|Dynamax
|-heal|p1a: Mayte <3|17/100|[silent]
|switch|p1a: YeeHaw-|Calyrex-Shadow|100/100
|-ability|p1a: YeeHaw-|As One
|-ability|p1a: YeeHaw-|Unnerve
|detailschange|p2a: Rayquaza|Rayquaza-Mega
|-mega|p2a: Rayquaza|Rayquaza|
|-weather|DeltaStream|[from] ability: Delta Stream|[of] p2a: Rayquaza
|move|p2a: Rayquaza|Dragon Dance|p2a: Rayquaza
|-boost|p2a: Rayquaza|atk|1
|-boost|p2a: Rayquaza|spe|1
|
|-weather|DeltaStream|[upkeep]
|upkeep
|turn|19
|
|t:|1654494801
|move|p2a: Rayquaza|Dragon Ascent|p1a: YeeHaw-
|-enditem|p1a: YeeHaw-|Focus Sash
|-damage|p1a: YeeHaw-|1/100
|-unboost|p2a: Rayquaza|def|1
|-unboost|p2a: Rayquaza|spd|1
|move|p1a: YeeHaw-|Astral Barrage|p2a: Rayquaza
|-enditem|p2a: Rayquaza|Focus Sash
|-damage|p2a: Rayquaza|1/100
|
|-weather|DeltaStream|[upkeep]
|upkeep
|turn|20
|
|t:|1654494812
|move|p2a: Rayquaza|Dragon Ascent|p1a: YeeHaw-
|-damage|p1a: YeeHaw-|0 fnt
|-unboost|p2a: Rayquaza|def|1
|-unboost|p2a: Rayquaza|spd|1
|faint|p1a: YeeHaw-
|
|-weather|DeltaStream|[upkeep]
|upkeep
|
|t:|1654494813
|switch|p1a: Mayte <3|Ditto, shiny|17/100
|-transform|p1a: Mayte <3|p2a: Rayquaza|[from] ability: Imposter
|turn|21
|
|t:|1654494816
|move|p2a: Rayquaza|Extreme Speed|p1a: Mayte <3
|-damage|p1a: Mayte <3|0 fnt
|faint|p1a: Mayte <3
|
|win|DiegoDM©
|raw|MRH1106's rating: 1859 &rarr; <strong>1837</strong><br />(-22 for losing)
|raw|DiegoDM©'s rating: 1826 &rarr; <strong>1848</strong><br />(+22 for winning)
|c|☆MRH1106|gg
|c|☆DiegoDM©|gg
