|j|☆Toxix Ice
|j|☆Matsui_Miyako
|t:|1663527369
|gametype|singles
|player|p1|Toxix Ice|yellow|1474
|player|p2|Matsui_Miyako|allister|1618
|teamsize|p1|6
|teamsize|p2|6
|gen|8
|tier|[Gen 8] National Dex AG
|rated|
|rule|HP Percentage Mod: HP is shown in percentages
|rule|Endless Battle Clause: Forcing endless battles is banned
|clearpoke
|poke|p1|Calyrex-Shadow|
|poke|p1|Zacian-*|
|poke|p1|Marshadow|
|poke|p1|Magnemite, L1|
|poke|p1|Xerneas-*|
|poke|p1|Ditto|
|poke|p2|Zacian-*|
|poke|p2|Ho-Oh|
|poke|p2|Groudon|
|poke|p2|Yveltal|
|poke|p2|Marshadow|
|poke|p2|Ditto|
|teampreview
|inactive|Battle timer is ON: inactive players will automatically lose when time's up. (requested by Toxix Ice)
|
|t:|1663527373
|start
|switch|p1a: Magnemite|Magnemite, L1, shiny|100/100
|switch|p2a: Groudon|Groudon|100/100
|detailschange|p2a: Groudon|Groudon-Primal
|-primal|p2a: Groudon
|-weather|DesolateLand|[from] ability: Desolate Land|[of] p2a: Groudon
|turn|1
|
|t:|1663527377
|move|p2a: Groudon|Stealth Rock|p1a: Magnemite
|-sidestart|p1: Toxix Ice|move: Stealth Rock
|move|p1a: Magnemite|Toxic|p2a: Groudon
|-status|p2a: Groudon|tox
|
|-weather|DesolateLand|[upkeep]
|-damage|p2a: Groudon|94/100 tox|[from] psn
|upkeep
|turn|2
|
|t:|1663527389
|move|p1a: Magnemite|Protect|p1a: Magnemite
|-singleturn|p1a: Magnemite|Protect
|move|p2a: Groudon|Rock Tomb|p1a: Magnemite
|-activate|p1a: Magnemite|move: Protect
|
|-weather|DesolateLand|[upkeep]
|-damage|p2a: Groudon|82/100 tox|[from] psn
|upkeep
|turn|3
|
|t:|1663527399
|move|p2a: Groudon|Rock Tomb|p1a: Magnemite
|-resisted|p1a: Magnemite
|-ability|p1a: Magnemite|Sturdy
|-damage|p1a: Magnemite|10/100
|-unboost|p1a: Magnemite|spe|1
|-enditem|p1a: Magnemite|Berry Juice
|-heal|p1a: Magnemite|100/100|[from] item: Berry Juice
|move|p1a: Magnemite|Recycle|p1a: Magnemite
|-item|p1a: Magnemite|Berry Juice|[from] move: Recycle
|
|-weather|DesolateLand|[upkeep]
|-damage|p2a: Groudon|63/100 tox|[from] psn
|upkeep
|turn|4
|
|t:|1663527416
|-weather|none
|switch|p2a: Yveltal|Yveltal|100/100
|-ability|p2a: Yveltal|Dark Aura
|move|p1a: Magnemite|Protect||[still]
|-fail|p1a: Magnemite
|
|upkeep
|turn|5
|
|t:|1663527421
|-start|p2a: Yveltal|Dynamax|
|-heal|p2a: Yveltal|100/100|[silent]
|move|p2a: Yveltal|Max Rockfall|p1a: Magnemite
|-resisted|p1a: Magnemite
|-ability|p1a: Magnemite|Sturdy
|-damage|p1a: Magnemite|10/100
|-weather|Sandstorm
|-enditem|p1a: Magnemite|Berry Juice
|-heal|p1a: Magnemite|100/100|[from] item: Berry Juice
|-damage|p2a: Yveltal|96/100|[from] item: Life Orb
|move|p1a: Magnemite|Toxic|p2a: Yveltal
|-status|p2a: Yveltal|tox
|
|-weather|Sandstorm|[upkeep]
|-damage|p2a: Yveltal|93/100 tox|[from] Sandstorm
|-damage|p2a: Yveltal|89/100 tox|[from] psn
|upkeep
|turn|6
|
|t:|1663527429
|move|p2a: Yveltal|Max Rockfall|p1a: Magnemite
|-resisted|p1a: Magnemite
|-ability|p1a: Magnemite|Sturdy
|-damage|p1a: Magnemite|10/100
|-damage|p2a: Yveltal|85/100 tox|[from] item: Life Orb
|move|p1a: Magnemite|Recycle|p1a: Magnemite
|-item|p1a: Magnemite|Berry Juice|[from] move: Recycle
|-enditem|p1a: Magnemite|Berry Juice
|-heal|p1a: Magnemite|100/100|[from] item: Berry Juice
|
|-weather|Sandstorm|[upkeep]
|-damage|p2a: Yveltal|81/100 tox|[from] Sandstorm
|-damage|p2a: Yveltal|75/100 tox|[from] psn
|upkeep
|turn|7
|
|t:|1663527434
|move|p2a: Yveltal|Max Rockfall|p1a: Magnemite
|-resisted|p1a: Magnemite
|-ability|p1a: Magnemite|Sturdy
|-damage|p1a: Magnemite|10/100
|-damage|p2a: Yveltal|70/100 tox|[from] item: Life Orb
|move|p1a: Magnemite|Recycle|p1a: Magnemite
|-item|p1a: Magnemite|Berry Juice|[from] move: Recycle
|-enditem|p1a: Magnemite|Berry Juice
|-heal|p1a: Magnemite|100/100|[from] item: Berry Juice
|
|-weather|Sandstorm|[upkeep]
|-damage|p2a: Yveltal|67/100 tox|[from] Sandstorm
|-damage|p2a: Yveltal|58/100 tox|[from] psn
|upkeep
|-end|p2a: Yveltal|Dynamax
|-heal|p2a: Yveltal|58/100 tox|[silent]
|turn|8
|
|t:|1663527446
|move|p2a: Yveltal|Heat Wave|p1a: Magnemite
|-supereffective|p1a: Magnemite
|-ability|p1a: Magnemite|Sturdy
|-damage|p1a: Magnemite|10/100
|-damage|p2a: Yveltal|48/100 tox|[from] item: Life Orb
|move|p1a: Magnemite|Recycle|p1a: Magnemite
|-item|p1a: Magnemite|Berry Juice|[from] move: Recycle
|-enditem|p1a: Magnemite|Berry Juice
|-heal|p1a: Magnemite|100/100|[from] item: Berry Juice
|
|-weather|Sandstorm|[upkeep]
|-damage|p2a: Yveltal|42/100 tox|[from] Sandstorm
|-damage|p2a: Yveltal|18/100 tox|[from] psn
|upkeep
|turn|9
|c|☆Toxix Ice|You okay?
|-message|Matsui_Miyako forfeited.
|
|win|Toxix Ice
|raw|Toxix Ice's rating: 1474 &rarr; <strong>1502</strong><br />(+28 for winning)
|raw|Matsui_Miyako's rating: 1618 &rarr; <strong>1590</strong><br />(-28 for losing)
|l|☆Matsui_Miyako
||Ladder isn't responding, score probably updated but might not have (Request timeout).
