|j|☆Adnan13
|j|☆Flynn Watson
|t:|1639808469
|gametype|singles
|player|p1|Adnan13|266|1938
|player|p2|Flynn Watson|lady|1847
|teamsize|p1|6
|teamsize|p2|6
|gen|8
|tier|[Gen 8] National Dex AG
|rated|
|rule|HP Percentage Mod: HP is shown in percentages
|rule|Endless Battle Clause: Forcing endless battles is banned
|clearpoke
|poke|p1|Calyrex-Shadow|
|poke|p1|Groudon|
|poke|p1|Yveltal|
|poke|p1|Ho-Oh|
|poke|p1|Rayquaza|
|poke|p1|Arceus-*|
|poke|p2|Calyrex-Shadow|
|poke|p2|Ditto|
|poke|p2|Rayquaza|
|poke|p2|Xerneas-*|
|poke|p2|Excadrill, M|
|poke|p2|Yveltal|
|teampreview
|
|t:|1639808474
|start
|switch|p1a: Rayquaza|Rayquaza|100/100
|switch|p2a: Excadrill|Excadrill, M|100/100
|-ability|p2a: Excadrill|Mold Breaker
|-ability|p1a: Rayquaza|Air Lock
|turn|1
|
|t:|1639808478
|detailschange|p1a: Rayquaza|Rayquaza-Mega
|-mega|p1a: Rayquaza|Rayquaza|
|-weather|DeltaStream|[from] ability: Delta Stream|[of] p1a: Rayquaza
|move|p1a: Rayquaza|V-create|p2a: Excadrill
|-supereffective|p2a: Excadrill
|-enditem|p2a: Excadrill|Focus Sash
|-damage|p2a: Excadrill|1/100
|-unboost|p1a: Rayquaza|spe|1
|-unboost|p1a: Rayquaza|def|1
|-unboost|p1a: Rayquaza|spd|1
|move|p2a: Excadrill|Stealth Rock|p1a: Rayquaza
|-sidestart|p1: Adnan13|move: Stealth Rock
|
|-weather|DeltaStream|[upkeep]
|upkeep
|turn|2
|inactive|Battle timer is ON: inactive players will automatically lose when time's up. (requested by Adnan13)
|
|t:|1639808484
|move|p1a: Rayquaza|Extreme Speed|p2a: Excadrill
|-resisted|p2a: Excadrill
|-damage|p2a: Excadrill|0 fnt
|faint|p2a: Excadrill
|
|-weather|DeltaStream|[upkeep]
|upkeep
|
|t:|1639808486
|switch|p2a: Schletzholech|Rayquaza|100/100
|-ability|p2a: Schletzholech|Air Lock
|turn|3
|
|t:|1639808491
|-weather|none
|switch|p1a: Arceus|Arceus-Fairy|100/100
|-damage|p1a: Arceus|88/100|[from] Stealth Rock
|detailschange|p2a: Schletzholech|Rayquaza-Mega
|-mega|p2a: Schletzholech|Rayquaza|
|-weather|DeltaStream|[from] ability: Delta Stream|[of] p2a: Schletzholech
|move|p2a: Schletzholech|Dragon Dance|p2a: Schletzholech
|-boost|p2a: Schletzholech|atk|1
|-boost|p2a: Schletzholech|spe|1
|
|-weather|DeltaStream|[upkeep]
|upkeep
|turn|4
|
|t:|1639808497
|move|p2a: Schletzholech|Dragon Ascent|p1a: Arceus
|-damage|p1a: Arceus|0 fnt
|-unboost|p2a: Schletzholech|def|1
|-unboost|p2a: Schletzholech|spd|1
|faint|p1a: Arceus
|-damage|p2a: Schletzholech|91/100|[from] item: Life Orb
|
|-weather|DeltaStream|[upkeep]
|upkeep
|
|t:|1639808508
|switch|p1a: Ho-Oh|Ho-Oh|100/100
|turn|5
|
|t:|1639808511
|move|p2a: Schletzholech|Dragon Ascent|p1a: Ho-Oh
|-damage|p1a: Ho-Oh|0 fnt
|-unboost|p2a: Schletzholech|def|1
|-unboost|p2a: Schletzholech|spd|1
|faint|p1a: Ho-Oh
|-damage|p2a: Schletzholech|81/100|[from] item: Life Orb
|
|-weather|DeltaStream|[upkeep]
|upkeep
|
|t:|1639808516
|switch|p1a: Groudon|Groudon|100/100
|-damage|p1a: Groudon|94/100|[from] Stealth Rock
|detailschange|p1a: Groudon|Groudon-Primal
|-primal|p1a: Groudon
|-weather|DesolateLand|[from] ability: Desolate Land|[of] p1a: Groudon
|turn|6
|
|t:|1639808522
|move|p2a: Schletzholech|Dragon Ascent|p1a: Groudon
|-damage|p1a: Groudon|14/100
|-unboost|p2a: Schletzholech|def|1
|-unboost|p2a: Schletzholech|spd|1
|-damage|p2a: Schletzholech|71/100|[from] item: Life Orb
|move|p1a: Groudon|Overheat|p2a: Schletzholech|[miss]
|-miss|p1a: Groudon|p2a: Schletzholech
|
|-weather|DesolateLand|[upkeep]
|upkeep
|turn|7
|
|t:|1639808530
|move|p2a: Schletzholech|Dragon Ascent|p1a: Groudon
|-damage|p1a: Groudon|0 fnt
|-unboost|p2a: Schletzholech|def|1
|-unboost|p2a: Schletzholech|spd|1
|faint|p1a: Groudon
|-weather|none
|-damage|p2a: Schletzholech|61/100|[from] item: Life Orb
|
|upkeep
|-message|Adnan13 forfeited.
|
|win|Flynn Watson
|raw|Adnan13's rating: 1938 &rarr; <strong>1913</strong><br />(-25 for losing)
|raw|Flynn Watson's rating: 1847 &rarr; <strong>1872</strong><br />(+25 for winning)
|l|☆Adnan13
|c|☆Flynn Watson|Hehehe
