|j|☆xqiht
|j|☆starkorea74
|t:|1666453663
|gametype|singles
|player|p1|xqiht|elesa-masters|1721
|player|p2|starkorea74|2|1712
|teamsize|p1|6
|teamsize|p2|6
|gen|8
|tier|[Gen 8] National Dex AG
|rated|
|rule|HP Percentage Mod: HP is shown in percentages
|rule|Endless Battle Clause: Forcing endless battles is banned
|clearpoke
|poke|p1|Arceus-*|
|poke|p1|Yveltal|
|poke|p1|Zacian-*|
|poke|p1|Groudon|
|poke|p1|Ditto|
|poke|p1|Calyrex-Shadow|
|poke|p2|Calyrex-Shadow|
|poke|p2|Necrozma-Dusk-Mane|
|poke|p2|Arceus-*|
|poke|p2|Ho-Oh|
|poke|p2|Yveltal|
|poke|p2|Rayquaza|
|teampreview
|
|t:|1666453720
|start
|switch|p1a: Groudon|Groudon|100/100
|switch|p2a: Rayquaza|Rayquaza|100/100
|-ability|p2a: Rayquaza|Air Lock
|detailschange|p1a: Groudon|Groudon-Primal
|-primal|p1a: Groudon
|-weather|DesolateLand|[from] ability: Desolate Land|[of] p1a: Groudon
|turn|1
|
|t:|1666453751
|detailschange|p2a: Rayquaza|Rayquaza-Mega
|-mega|p2a: Rayquaza|Rayquaza|
|-weather|DeltaStream|[from] ability: Delta Stream|[of] p2a: Rayquaza
|move|p2a: Rayquaza|Dragon Ascent|p1a: Groudon
|-damage|p1a: Groudon|34/100
|-unboost|p2a: Rayquaza|def|1
|-unboost|p2a: Rayquaza|spd|1
|move|p1a: Groudon|Thunder Wave|p2a: Rayquaza
|-status|p2a: Rayquaza|par
|
|-weather|DeltaStream|[upkeep]
|upkeep
|turn|2
|
|t:|1666453761
|move|p1a: Groudon|Stealth Rock|p2a: Rayquaza
|-sidestart|p2: starkorea74|move: Stealth Rock
|cant|p2a: Rayquaza|par
|
|-weather|DeltaStream|[upkeep]
|upkeep
|turn|3
|
|t:|1666453774
|move|p1a: Groudon|Dragon Pulse|p2a: Rayquaza
|-supereffective|p2a: Rayquaza
|-damage|p2a: Rayquaza|13/100 par
|move|p2a: Rayquaza|Dragon Ascent|p1a: Groudon
|-damage|p1a: Groudon|0 fnt
|-unboost|p2a: Rayquaza|def|1
|-unboost|p2a: Rayquaza|spd|1
|faint|p1a: Groudon
|
|-weather|DeltaStream|[upkeep]
|upkeep
|
|t:|1666453779
|switch|p1a: Calyrex|Calyrex-Shadow|100/100
|-ability|p1a: Calyrex|As One
|-ability|p1a: Calyrex|Unnerve
|turn|4
|
|t:|1666453786
|-weather|none
|switch|p2a: Arceus|Arceus-Dark|100/100
|-damage|p2a: Arceus|88/100|[from] Stealth Rock
|move|p1a: Calyrex|Astral Barrage|p2a: Arceus
|-resisted|p2a: Arceus
|-crit|p2a: Arceus
|-damage|p2a: Arceus|59/100
|
|upkeep
|turn|5
|
|t:|1666453838
|move|p1a: Calyrex|Baton Pass|p1a: Calyrex
|
|t:|1666453840
|switch|p1a: Zacian|Zacian-Crowned|100/100|[from]move: Baton Pass
|-ability|p1a: Zacian|Intrepid Sword|boost
|-boost|p1a: Zacian|atk|1
|move|p2a: Arceus|Recover|p2a: Arceus
|-heal|p2a: Arceus|100/100
|
|upkeep
|turn|6
|
|t:|1666453848
|switch|p2a: Ho-Oh|Ho-Oh|100/100
|move|p1a: Zacian|Behemoth Blade|p2a: Ho-Oh
|-resisted|p2a: Ho-Oh
|-damage|p2a: Ho-Oh|65/100
|
|upkeep
|turn|7
|
|t:|1666453857
|switch|p2a: Necrozma|Necrozma-Dusk-Mane|100/100
|-damage|p2a: Necrozma|94/100|[from] Stealth Rock
|move|p1a: Zacian|Wild Charge|p2a: Necrozma
|-damage|p2a: Necrozma|61/100
|-damage|p1a: Zacian|90/100|[from] Recoil
|
|-heal|p2a: Necrozma|67/100|[from] item: Leftovers
|upkeep
|turn|8
|
|t:|1666453866
|move|p1a: Zacian|Crunch|p2a: Necrozma
|-supereffective|p2a: Necrozma
|-damage|p2a: Necrozma|25/100
|move|p2a: Necrozma|Morning Sun|p2a: Necrozma
|-heal|p2a: Necrozma|75/100
|
|-heal|p2a: Necrozma|81/100|[from] item: Leftovers
|upkeep
|turn|9
|
|t:|1666453898
|move|p1a: Zacian|Crunch|p2a: Necrozma
|-supereffective|p2a: Necrozma
|-damage|p2a: Necrozma|36/100
|move|p2a: Necrozma|Morning Sun|p2a: Necrozma
|-heal|p2a: Necrozma|86/100
|
|-heal|p2a: Necrozma|92/100|[from] item: Leftovers
|upkeep
|turn|10
|j| ddddddabai
|
|t:|1666453917
|switch|p1a: Calyrex|Calyrex-Shadow|100/100
|-ability|p1a: Calyrex|As One
|-ability|p1a: Calyrex|Unnerve
|move|p2a: Necrozma|Sunsteel Strike|p1a: Calyrex
|-damage|p1a: Calyrex|43/100
|
|-heal|p2a: Necrozma|98/100|[from] item: Leftovers
|upkeep
|turn|11
|
|t:|1666453945
|switch|p2a: Ho-Oh|Ho-Oh|98/100
|move|p1a: Calyrex|Substitute|p1a: Calyrex
|-start|p1a: Calyrex|Substitute
|-damage|p1a: Calyrex|18/100
|
|upkeep
|turn|12
|
|t:|1666453953
|move|p1a: Calyrex|Nasty Plot|p1a: Calyrex
|-boost|p1a: Calyrex|spa|2
|move|p2a: Ho-Oh|Whirlwind|p1a: Calyrex
|drag|p1a: Ditto|Ditto|100/100
|-transform|p1a: Ditto|p2a: Ho-Oh|[from] ability: Imposter
|
|upkeep
|turn|13
|
|t:|1666453961
|move|p2a: Ho-Oh|Defog|p1a: Ditto
|-unboost|p1a: Ditto|evasion|1
|-sideend|p2: starkorea74|Stealth Rock|[from] move: Defog|[of] p2a: Ho-Oh
|move|p1a: Ditto|Whirlwind|p2a: Ho-Oh
|drag|p2a: Yveltal|Yveltal, shiny|100/100
|-ability|p2a: Yveltal|Dark Aura
|
|upkeep
|turn|14
|
|t:|1666453976
|switch|p2a: Ho-Oh|Ho-Oh|100/100
|move|p1a: Ditto|Whirlwind|p2a: Ho-Oh
|drag|p2a: Necrozma|Necrozma-Dusk-Mane|98/100
|
|-heal|p2a: Necrozma|100/100|[from] item: Leftovers
|upkeep
|turn|15
|
|t:|1666453984
|switch|p1a: Yveltal|Yveltal|100/100
|-ability|p1a: Yveltal|Dark Aura
|switch|p2a: Ho-Oh|Ho-Oh|100/100
|
|upkeep
|turn|16
|
|t:|1666454031
|move|p1a: Yveltal|Dark Pulse|p2a: Ho-Oh
|-damage|p2a: Ho-Oh|57/100
|-damage|p1a: Yveltal|91/100|[from] item: Life Orb
|move|p2a: Ho-Oh|Toxic|p1a: Yveltal
|-status|p1a: Yveltal|tox
|
|-damage|p1a: Yveltal|84/100 tox|[from] psn
|upkeep
|turn|17
|
|t:|1666454039
|move|p1a: Yveltal|Dark Pulse|p2a: Ho-Oh
|-damage|p2a: Ho-Oh|15/100
|-damage|p1a: Yveltal|75/100 tox|[from] item: Life Orb
|move|p2a: Ho-Oh|Sacred Fire|p1a: Yveltal
|-damage|p1a: Yveltal|35/100 tox
|
|-damage|p1a: Yveltal|22/100 tox|[from] psn
|upkeep
|turn|18
|
|t:|1666454048
|switch|p2a: Arceus|Arceus-Dark|100/100
|move|p1a: Yveltal|Oblivion Wing|p2a: Arceus
|-damage|p2a: Arceus|71/100
|-heal|p1a: Yveltal|48/100 tox|[from] drain|[of] p2a: Arceus
|-damage|p1a: Yveltal|38/100 tox|[from] item: Life Orb
|
|-damage|p1a: Yveltal|20/100 tox|[from] psn
|upkeep
|turn|19
|
|t:|1666454061
|switch|p1a: Zacian|Zacian-Crowned|90/100
|-ability|p1a: Zacian|Intrepid Sword|boost
|-boost|p1a: Zacian|atk|1
|move|p2a: Arceus|Recover|p2a: Arceus
|-heal|p2a: Arceus|100/100
|
|upkeep
|turn|20
|
|t:|1666454068
|switch|p2a: Necrozma|Necrozma-Dusk-Mane|100/100
|move|p1a: Zacian|Behemoth Blade|p2a: Necrozma
|-resisted|p2a: Necrozma
|-crit|p2a: Necrozma
|-damage|p2a: Necrozma|61/100
|
|-heal|p2a: Necrozma|67/100|[from] item: Leftovers
|upkeep
|turn|21
|
|t:|1666454076
|switch|p1a: Calyrex|Calyrex-Shadow|18/100
|-ability|p1a: Calyrex|As One
|-ability|p1a: Calyrex|Unnerve
|move|p2a: Necrozma|Morning Sun|p2a: Necrozma
|-heal|p2a: Necrozma|100/100
|
|upkeep
|turn|22
|
|t:|1666454086
|switch|p2a: Arceus|Arceus-Dark|100/100
|move|p1a: Calyrex|Astral Barrage|p2a: Arceus
|-resisted|p2a: Arceus
|-damage|p2a: Arceus|83/100
|
|upkeep
|turn|23
|
|t:|1666454094
|move|p1a: Calyrex|Baton Pass|p1a: Calyrex
|
|t:|1666454110
|switch|p1a: Zacian|Zacian-Crowned|90/100|[from]move: Baton Pass
|-ability|p1a: Zacian|Intrepid Sword|boost
|-boost|p1a: Zacian|atk|1
|move|p2a: Arceus|Judgment|p1a: Zacian
|-resisted|p1a: Zacian
|-damage|p1a: Zacian|69/100
|
|upkeep
|turn|24
|
|t:|1666454118
|switch|p2a: Necrozma|Necrozma-Dusk-Mane|100/100
|move|p1a: Zacian|Close Combat|p2a: Necrozma
|-damage|p2a: Necrozma|60/100
|-unboost|p1a: Zacian|def|1
|-unboost|p1a: Zacian|spd|1
|
|-heal|p2a: Necrozma|66/100|[from] item: Leftovers
|upkeep
|turn|25
|
|t:|1666454127
|move|p1a: Zacian|Crunch|p2a: Necrozma
|-supereffective|p2a: Necrozma
|-damage|p2a: Necrozma|19/100
|move|p2a: Necrozma|Morning Sun|p2a: Necrozma
|-heal|p2a: Necrozma|69/100
|
|-heal|p2a: Necrozma|75/100|[from] item: Leftovers
|upkeep
|turn|26
|
|t:|1666454136
|switch|p1a: Calyrex|Calyrex-Shadow|18/100
|-ability|p1a: Calyrex|As One
|-ability|p1a: Calyrex|Unnerve
|move|p2a: Necrozma|Sunsteel Strike|p1a: Calyrex
|-damage|p1a: Calyrex|0 fnt
|faint|p1a: Calyrex
|
|-heal|p2a: Necrozma|81/100|[from] item: Leftovers
|upkeep
|
|t:|1666454142
|switch|p1a: Yveltal|Yveltal|20/100 tox
|-ability|p1a: Yveltal|Dark Aura
|turn|27
|
|t:|1666454152
|switch|p1a: Zacian|Zacian-Crowned|69/100
|-ability|p1a: Zacian|Intrepid Sword|boost
|-boost|p1a: Zacian|atk|1
|switch|p2a: Ho-Oh|Ho-Oh|48/100
|
|upkeep
|turn|28
|
|t:|1666454161
|switch|p2a: Necrozma|Necrozma-Dusk-Mane|81/100
|move|p1a: Zacian|Wild Charge|p2a: Necrozma
|-damage|p2a: Necrozma|45/100
|-damage|p1a: Zacian|58/100|[from] Recoil
|
|-heal|p2a: Necrozma|51/100|[from] item: Leftovers
|upkeep
|turn|29
|
|t:|1666454168
|move|p1a: Zacian|Crunch|p2a: Necrozma
|-supereffective|p2a: Necrozma
|-damage|p2a: Necrozma|6/100
|-unboost|p2a: Necrozma|def|1
|move|p2a: Necrozma|Morning Sun|p2a: Necrozma
|-heal|p2a: Necrozma|56/100
|
|-heal|p2a: Necrozma|62/100|[from] item: Leftovers
|upkeep
|turn|30
|
|t:|1666454177
|move|p1a: Zacian|Crunch|p2a: Necrozma
|-supereffective|p2a: Necrozma
|-damage|p2a: Necrozma|0 fnt
|faint|p2a: Necrozma
|
|upkeep
|
|t:|1666454181
|switch|p2a: Calyrex|Calyrex-Shadow|100/100
|-ability|p2a: Calyrex|As One
|-ability|p2a: Calyrex|Unnerve
|turn|31
|
|t:|1666454186
|switch|p1a: Yveltal|Yveltal|20/100 tox
|-ability|p1a: Yveltal|Dark Aura
|move|p2a: Calyrex|Astral Barrage|p1a: Yveltal
|-resisted|p1a: Yveltal
|-damage|p1a: Yveltal|0 fnt
|faint|p1a: Yveltal
|-ability|p2a: Calyrex|Grim Neigh|boost
|-boost|p2a: Calyrex|spa|1
|
|upkeep
|
|t:|1666454188
|switch|p1a: Ditto|Ditto|100/100
|-transform|p1a: Ditto|p2a: Calyrex|[from] ability: Imposter
|turn|32
|l| ddddddabai
|
|t:|1666454199
|move|p1a: Ditto|Astral Barrage|p2a: Calyrex
|-supereffective|p2a: Calyrex
|-enditem|p2a: Calyrex|Focus Sash
|-damage|p2a: Calyrex|1/100
|move|p2a: Calyrex|Astral Barrage|p1a: Ditto
|-supereffective|p1a: Ditto
|-damage|p1a: Ditto|0 fnt
|faint|p1a: Ditto
|-ability|p2a: Calyrex|Grim Neigh|boost
|-boost|p2a: Calyrex|spa|1
|
|upkeep
|
|t:|1666454201
|switch|p1a: Arceus|Arceus|100/100
|turn|33
|
|t:|1666454213
|move|p2a: Calyrex|Baton Pass|p2a: Calyrex
|
|t:|1666454218
|switch|p2a: Arceus|Arceus-Dark|83/100|[from]move: Baton Pass
|move|p1a: Arceus|Swords Dance|p1a: Arceus
|-boost|p1a: Arceus|atk|2
|
|upkeep
|turn|34
|j| ddddddabai
|
|t:|1666454235
|switch|p2a: Calyrex|Calyrex-Shadow|1/100
|-ability|p2a: Calyrex|As One
|-ability|p2a: Calyrex|Unnerve
|move|p1a: Arceus|Extreme Speed|p2a: Calyrex
|-immune|p2a: Calyrex
|
|upkeep
|turn|35
|
|t:|1666454244
|move|p2a: Calyrex|Encore|p1a: Arceus
|-start|p1a: Arceus|Encore
|move|p1a: Arceus|Extreme Speed|p2a: Calyrex
|-immune|p2a: Calyrex
|
|upkeep
|turn|36
|
|t:|1666454253
|switch|p2a: Arceus|Arceus-Dark|83/100
|move|p1a: Arceus|Extreme Speed|p2a: Arceus
|-damage|p2a: Arceus|28/100
|
|upkeep
|turn|37
|
|t:|1666454259
|switch|p2a: Calyrex|Calyrex-Shadow|1/100
|-ability|p2a: Calyrex|As One
|-ability|p2a: Calyrex|Unnerve
|move|p1a: Arceus|Extreme Speed|p2a: Calyrex
|-immune|p2a: Calyrex
|
|-end|p1a: Arceus|Encore
|upkeep
|turn|38
|
|t:|1666454269
|move|p2a: Calyrex|Encore|p1a: Arceus
|-start|p1a: Arceus|Encore
|move|p1a: Arceus|Extreme Speed|p2a: Calyrex
|-immune|p2a: Calyrex
|
|upkeep
|turn|39
|
|t:|1666454291
|-start|p1a: Arceus|Dynamax|
|-heal|p1a: Arceus|100/100|[silent]
|move|p2a: Calyrex|Nasty Plot|p2a: Calyrex
|-boost|p2a: Calyrex|spa|2
|move|p1a: Arceus|Max Quake|p2a: Calyrex
|-damage|p2a: Calyrex|0 fnt
|-boost|p1a: Arceus|spd|1
|faint|p2a: Calyrex
|
|upkeep
|
|t:|1666454301
|switch|p2a: Ho-Oh|Ho-Oh|82/100
|turn|40
|
|t:|1666454309
|switch|p2a: Arceus|Arceus-Dark|28/100
|move|p1a: Arceus|Max Strike|p2a: Arceus
|-damage|p2a: Arceus|0 fnt
|faint|p2a: Arceus
|
|-end|p1a: Arceus|Encore
|upkeep
|
|t:|1666454316
|switch|p2a: Ho-Oh|Ho-Oh|100/100
|turn|41
|
|t:|1666454332
|move|p1a: Arceus|Max Strike|p2a: Ho-Oh
|-damage|p2a: Ho-Oh|6/100
|-unboost|p2a: Ho-Oh|spe|1
|move|p2a: Ho-Oh|Sacred Fire|p1a: Arceus
|-damage|p1a: Arceus|84/100
|
|upkeep
|-end|p1a: Arceus|Dynamax
|-heal|p1a: Arceus|84/100|[silent]
|turn|42
|
|t:|1666454360
|move|p1a: Arceus|Extreme Speed|p2a: Ho-Oh
|-damage|p2a: Ho-Oh|0 fnt
|faint|p2a: Ho-Oh
|
|upkeep
|inactive|Battle timer is ON: inactive players will automatically lose when time's up. (requested by xqiht)
|
|t:|1666454365
|switch|p2a: Yveltal|Yveltal, shiny|100/100
|-ability|p2a: Yveltal|Dark Aura
|turn|43
|
|t:|1666454371
|-start|p2a: Yveltal|Dynamax|
|-heal|p2a: Yveltal|100/100|[silent]
|move|p1a: Arceus|Earthquake|p2a: Yveltal
|-immune|p2a: Yveltal
|move|p2a: Yveltal|Max Airstream|p1a: Arceus
|-damage|p1a: Arceus|36/100
|-boost|p2a: Yveltal|spe|1
|-damage|p2a: Yveltal|96/100|[from] item: Life Orb
|
|upkeep
|turn|44
|c|☆xqiht|gg
|
|t:|1666454381
|move|p2a: Yveltal|Max Airstream|p1a: Arceus
|-damage|p1a: Arceus|0 fnt
|-boost|p2a: Yveltal|spe|1
|faint|p1a: Arceus
|-damage|p2a: Yveltal|91/100|[from] item: Life Orb
|
|upkeep
|c|☆starkorea74|why not espeed
|
|t:|1666454396
|switch|p1a: Zacian|Zacian-Crowned|58/100
|-ability|p1a: Zacian|Intrepid Sword|boost
|-boost|p1a: Zacian|atk|1
|turn|45
|
|t:|1666454400
|move|p2a: Yveltal|Max Guard|p2a: Yveltal
|-singleturn|p2a: Yveltal|Max Guard
|move|p1a: Zacian|Behemoth Blade|p2a: Yveltal
|-activate|p2a: Yveltal|move: Max Guard
|
|upkeep
|-end|p2a: Yveltal|Dynamax
|-heal|p2a: Yveltal|91/100|[silent]
|turn|46
|
|t:|1666454406
|move|p2a: Yveltal|Hidden Power|p1a: Zacian
|-supereffective|p1a: Zacian
|-crit|p1a: Zacian
|-damage|p1a: Zacian|0 fnt
|faint|p1a: Zacian
|-damage|p2a: Yveltal|81/100|[from] item: Life Orb
|
|win|starkorea74
|raw|xqiht's rating: 1714 &rarr; <strong>1694</strong><br />(-20 for losing)
|raw|starkorea74's rating: 1712 &rarr; <strong>1732</strong><br />(+20 for winning)
|l|☆xqiht
|l|☆starkorea74
||Ladder isn't responding, score probably updated but might not have (Request timeout).
