|j|☆starkorea74
|j|☆jerryl309
|t:|1598012825
|player|p1|starkorea74|cynthia|1924
|player|p2|jerryl309|steven|1840
|teamsize|p1|6
|teamsize|p2|6
|gametype|singles
|gen|8
|tier|[Gen 8] National Dex AG
|rated|
|clearpoke
|poke|p1|Necrozma-Dusk-Mane|
|poke|p1|Ho-Oh|
|poke|p1|Ditto|
|poke|p1|Arceus-*|
|poke|p1|Rayquaza|
|poke|p1|Yveltal|
|poke|p2|Zygarde|
|poke|p2|Arceus-*|
|poke|p2|Groudon|
|poke|p2|Chansey, F|
|poke|p2|Tyranitar, F|
|poke|p2|Necrozma-Dusk-Mane|
|rule|HP Percentage Mod: HP is shown in percentages
|rule|Endless Battle Clause: Forcing endless battles is banned
|teampreview
|inactive|Battle timer is ON: inactive players will automatically lose when time's up. (requested by jerryl309)
|inactive|starkorea74 has 120 seconds left.
|inactive|starkorea74 has 90 seconds left.
|
|t:|1598012911
|start
|switch|p1a: Rayquaza|Rayquaza|100/100
|switch|p2a: Zygarde|Zygarde|100/100
|-ability|p1a: Rayquaza|Air Lock
|turn|1
|
|t:|1598012918
|detailschange|p1a: Rayquaza|Rayquaza-Mega
|-mega|p1a: Rayquaza|Rayquaza|
|-weather|DeltaStream|[from] ability: Delta Stream|[of] p1a: Rayquaza
|move|p1a: Rayquaza|Draco Meteor|p2a: Zygarde
|-supereffective|p2a: Zygarde
|-damage|p2a: Zygarde|0 fnt
|-unboost|p1a: Rayquaza|spa|2
|-damage|p1a: Rayquaza|91/100|[from] item: Life Orb
|faint|p2a: Zygarde
|
|-weather|DeltaStream|[upkeep]
|upkeep
|
|t:|1598012920
|switch|p2a: Arceus|Arceus-Dark|100/100
|turn|2
|
|t:|1598012946
|-weather|none
|switch|p1a: Arceus|Arceus-Dark|100/100
|move|p2a: Arceus|Will-O-Wisp|p1a: Arceus
|-status|p1a: Arceus|brn
|
|-damage|p1a: Arceus|94/100 brn|[from] brn
|upkeep
|turn|3
|inactive|starkorea74 has 120 seconds left.
|
|t:|1598012969
|move|p2a: Arceus|Judgment|p1a: Arceus
|-resisted|p1a: Arceus
|-damage|p1a: Arceus|82/100 brn
|move|p1a: Arceus|Calm Mind|p1a: Arceus
|-boost|p1a: Arceus|spa|1
|-boost|p1a: Arceus|spd|1
|
|-damage|p1a: Arceus|76/100 brn|[from] brn
|upkeep
|turn|4
|inactive|starkorea74 has 120 seconds left.
|
|t:|1598012984
|switch|p2a: Chansey|Chansey, F|100/100
|switch|p1a: Necrozma|Necrozma-Dusk-Mane|100/100
|
|upkeep
|turn|5
|inactive|starkorea74 has 120 seconds left.
|
|t:|1598012990
|switch|p2a: Arceus|Arceus-Dark|100/100
|move|p1a: Necrozma|Stealth Rock|p2a: Arceus
|-sidestart|p2: jerryl309|move: Stealth Rock
|
|upkeep
|turn|6
|inactive|starkorea74 has 120 seconds left.
|
|t:|1598013003
|switch|p1a: Arceus|Arceus-Dark|76/100 brn
|move|p2a: Arceus|Defog|p1a: Arceus
|-unboost|p1a: Arceus|evasion|1
|-sideend|p2: jerryl309|Stealth Rock|[from] move: Defog|[of] p2a: Arceus
|
|-damage|p1a: Arceus|70/100 brn|[from] brn
|upkeep
|turn|7
|
|t:|1598013010
|switch|p2a: Chansey|Chansey, F|100/100
|move|p1a: Arceus|Refresh|p1a: Arceus
|-curestatus|p1a: Arceus|brn|[msg]
|
|upkeep
|turn|8
|j| Birds30
|
|t:|1598013021
|switch|p1a: Rayquaza|Rayquaza-Mega|91/100
|-weather|DeltaStream|[from] ability: Delta Stream|[of] p1a: Rayquaza
|move|p2a: Chansey|Toxic|p1a: Rayquaza
|-status|p1a: Rayquaza|tox
|
|-weather|DeltaStream|[upkeep]
|-damage|p1a: Rayquaza|85/100 tox|[from] psn
|upkeep
|turn|9
|
|t:|1598013036
|switch|p2a: Arceus|Arceus-Dark|100/100
|move|p1a: Rayquaza|Dragon Ascent|p2a: Arceus
|-damage|p2a: Arceus|44/100
|-unboost|p1a: Rayquaza|def|1
|-unboost|p1a: Rayquaza|spd|1
|-damage|p1a: Rayquaza|75/100 tox|[from] item: Life Orb
|
|-weather|DeltaStream|[upkeep]
|-damage|p1a: Rayquaza|63/100 tox|[from] psn
|upkeep
|turn|10
|
|t:|1598013045
|switch|p2a: Necrozma|Necrozma-Dusk-Mane|100/100
|move|p1a: Rayquaza|Dragon Ascent|p2a: Necrozma
|-resisted|p2a: Necrozma
|-damage|p2a: Necrozma|52/100
|-unboost|p1a: Rayquaza|def|1
|-unboost|p1a: Rayquaza|spd|1
|-damage|p1a: Rayquaza|53/100 tox|[from] item: Life Orb
|
|-weather|DeltaStream|[upkeep]
|-damage|p1a: Rayquaza|35/100 tox|[from] psn
|upkeep
|turn|11
|
|t:|1598013055
|-weather|none
|switch|p1a: Arceus|Arceus-Dark|70/100
|detailschange|p2a: Necrozma|Necrozma-Ultra
|-burst|p2a: Necrozma|Necrozma|Ultranecrozium Z
|move|p2a: Necrozma|Photon Geyser|p1a: Arceus
|-immune|p1a: Arceus
|
|upkeep
|turn|12
|c|☆jerryl309|wtf
|
|t:|1598013065
|switch|p2a: Chansey|Chansey, F|100/100
|move|p1a: Arceus|Judgment|p2a: Chansey
|-damage|p2a: Chansey|89/100
|
|upkeep
|turn|13
|c|☆jerryl309|how did u know
|c|☆starkorea74|hmm
|c|☆starkorea74|bad def
|c|☆starkorea74|So offensive
|c|☆jerryl309|still
|c|☆jerryl309|i could have been
|c|☆starkorea74|And even it was no ultra still the good play i think
|inactive|starkorea74 has 120 seconds left.
|c|☆jerryl309|well
|c|☆jerryl309|I mean automize
|c|☆jerryl309|u have will-o?
|c|☆starkorea74|nah
|c|☆jerryl309|well
|inactive|starkorea74 has 90 seconds left.
|c|☆jerryl309|how u counter it then
|c|☆jerryl309|what if
|c|☆starkorea74|dynamax yveltal, ditto etc
|j| Rex Fyn
|c|☆jerryl309|well
|c|☆jerryl309|true
|c|☆starkorea74|It was just a feeling
|inactive|starkorea74 has 60 seconds left.
|c|☆starkorea74|maybe i was wrong
|
|t:|1598013164
|switch|p1a: Rayquaza|Rayquaza-Mega|35/100 tox
|-weather|DeltaStream|[from] ability: Delta Stream|[of] p1a: Rayquaza
|move|p2a: Chansey|Toxic|p1a: Rayquaza
|-fail|p1a: Rayquaza|tox
|
|-weather|DeltaStream|[upkeep]
|-damage|p1a: Rayquaza|29/100 tox|[from] psn
|upkeep
|turn|14
|inactive|starkorea74 has 60 seconds left.
|
|t:|1598013177
|switch|p2a: Groudon|Groudon|100/100
|detailschange|p2a: Groudon|Groudon-Primal
|-primal|p2a: Groudon
|-weather|DesolateLand|[from] ability: Desolate Land|[of] p2a: Groudon
|move|p1a: Rayquaza|Dragon Ascent|p2a: Groudon
|-damage|p2a: Groudon|49/100
|-unboost|p1a: Rayquaza|def|1
|-unboost|p1a: Rayquaza|spd|1
|-damage|p1a: Rayquaza|19/100 tox|[from] item: Life Orb
|
|-weather|DesolateLand|[upkeep]
|-damage|p1a: Rayquaza|7/100 tox|[from] psn
|upkeep
|turn|15
|inactive|starkorea74 has 60 seconds left.
|
|t:|1598013189
|move|p1a: Rayquaza|Draco Meteor|p2a: Groudon
|-damage|p2a: Groudon|0 fnt
|-unboost|p1a: Rayquaza|spa|2
|-damage|p1a: Rayquaza|0 fnt|[from] item: Life Orb
|faint|p2a: Groudon
|-weather|none
|faint|p1a: Rayquaza
|
|upkeep
|c| Birds30|...
|inactive|starkorea74 has 60 seconds left.
|c|☆jerryl309|pdon
|
|t:|1598013200
|switch|p1a: Yveltal|Yveltal, shiny|100/100
|switch|p2a: Arceus|Arceus-Dark|44/100
|-ability|p1a: Yveltal|Dark Aura
|turn|16
|c|☆jerryl309|was useless
|inactive|starkorea74 has 60 seconds left.
|
|t:|1598013212
|switch|p2a: Tyranitar|Tyranitar, F|100/100
|-weather|Sandstorm|[from] ability: Sand Stream|[of] p2a: Tyranitar
|move|p1a: Yveltal|Oblivion Wing|p2a: Tyranitar
|-resisted|p2a: Tyranitar
|-damage|p2a: Tyranitar|89/100
|-damage|p1a: Yveltal|91/100|[from] item: Life Orb
|
|-weather|Sandstorm|[upkeep]
|-damage|p1a: Yveltal|84/100|[from] Sandstorm
|upkeep
|turn|17
|inactive|starkorea74 has 60 seconds left.
|
|t:|1598013230
|switch|p1a: Necrozma|Necrozma-Dusk-Mane|100/100
|detailschange|p2a: Tyranitar|Tyranitar-Mega, F
|-mega|p2a: Tyranitar|Tyranitar|Tyranitarite
|move|p2a: Tyranitar|Stealth Rock|p1a: Necrozma
|-sidestart|p1: starkorea74|move: Stealth Rock
|
|-weather|Sandstorm|[upkeep]
|upkeep
|turn|18
|c|☆jerryl309|(Iswearif i see an unset)
|inactive|starkorea74 has 60 seconds left.
|
|t:|1598013238
|switch|p2a: Arceus|Arceus-Dark|44/100
|move|p1a: Necrozma|Stealth Rock|p2a: Arceus
|-sidestart|p2: jerryl309|move: Stealth Rock
|
|-weather|Sandstorm|[upkeep]
|-damage|p2a: Arceus|38/100|[from] Sandstorm
|upkeep
|turn|19
|c|☆jerryl309|oh thank god
|
|t:|1598013245
|move|p2a: Arceus|Recover|p2a: Arceus
|-heal|p2a: Arceus|88/100
|move|p1a: Necrozma|Toxic|p2a: Arceus
|-status|p2a: Arceus|tox
|
|-weather|Sandstorm|[upkeep]
|-damage|p2a: Arceus|82/100 tox|[from] Sandstorm
|-damage|p2a: Arceus|76/100 tox|[from] psn
|upkeep
|turn|20
|
|t:|1598013253
|switch|p1a: Ho-Oh|Ho-Oh|100/100
|move|p2a: Arceus|Judgment|p1a: Ho-Oh
|-crit|p1a: Ho-Oh
|-damage|p1a: Ho-Oh|59/100
|
|-weather|none
|-damage|p2a: Arceus|63/100 tox|[from] psn
|upkeep
|turn|21
|
|t:|1598013267
|move|p2a: Arceus|Recover|p2a: Arceus
|-heal|p2a: Arceus|100/100 tox
|move|p1a: Ho-Oh|Defog|p2a: Arceus
|-unboost|p2a: Arceus|evasion|1
|-sideend|p2: jerryl309|Stealth Rock|[from] move: Defog|[of] p1a: Ho-Oh
|-sideend|p1: starkorea74|Stealth Rock|[from] move: Defog|[of] p1a: Ho-Oh
|
|-damage|p2a: Arceus|82/100 tox|[from] psn
|upkeep
|turn|22
|c|☆jerryl309|hmm
|c|☆jerryl309|should have pivoted
|c|☆jerryl309|into ttar
|inactive|starkorea74 has 60 seconds left.
|
|t:|1598013297
|switch|p2a: Tyranitar|Tyranitar-Mega, F|89/100
|-weather|Sandstorm|[from] ability: Sand Stream|[of] p2a: Tyranitar
|move|p1a: Ho-Oh|Sacred Fire|p2a: Tyranitar
|-resisted|p2a: Tyranitar
|-damage|p2a: Tyranitar|75/100
|
|-weather|Sandstorm|[upkeep]
|-damage|p1a: Ho-Oh|53/100|[from] Sandstorm
|upkeep
|turn|23
|inactive|starkorea74 has 60 seconds left.
|
|t:|1598013309
|switch|p1a: Necrozma|Necrozma-Dusk-Mane|100/100
|move|p2a: Tyranitar|Foul Play|p1a: Necrozma
|-supereffective|p1a: Necrozma
|-damage|p1a: Necrozma|64/100
|
|-weather|Sandstorm|[upkeep]
|-heal|p1a: Necrozma|70/100|[from] item: Leftovers
|upkeep
|turn|24
|inactive|starkorea74 has 60 seconds left.
|
|t:|1598013317
|switch|p2a: Arceus|Arceus-Dark|82/100 tox
|move|p1a: Necrozma|Toxic|p2a: Arceus
|-fail|p2a: Arceus|tox
|
|-weather|Sandstorm|[upkeep]
|-damage|p2a: Arceus|76/100 tox|[from] Sandstorm
|-heal|p1a: Necrozma|76/100|[from] item: Leftovers
|-damage|p2a: Arceus|70/100 tox|[from] psn
|upkeep
|turn|25
|
|t:|1598013326
|switch|p1a: Ho-Oh|Ho-Oh|86/100
|move|p2a: Arceus|Judgment|p1a: Ho-Oh
|-damage|p1a: Ho-Oh|57/100
|
|-weather|Sandstorm|[upkeep]
|-damage|p2a: Arceus|64/100 tox|[from] Sandstorm
|-damage|p1a: Ho-Oh|51/100|[from] Sandstorm
|-damage|p2a: Arceus|52/100 tox|[from] psn
|upkeep
|turn|26
|
|t:|1598013337
|move|p2a: Arceus|Recover|p2a: Arceus
|-heal|p2a: Arceus|100/100 tox
|move|p1a: Ho-Oh|Sacred Fire|p2a: Arceus|[miss]
|-miss|p1a: Ho-Oh|p2a: Arceus
|
|-weather|none
|-damage|p2a: Arceus|82/100 tox|[from] psn
|upkeep
|turn|27
|
|t:|1598013347
|switch|p2a: Tyranitar|Tyranitar-Mega, F|75/100
|-weather|Sandstorm|[from] ability: Sand Stream|[of] p2a: Tyranitar
|switch|p1a: Necrozma|Necrozma-Dusk-Mane|76/100
|
|-weather|Sandstorm|[upkeep]
|-heal|p1a: Necrozma|82/100|[from] item: Leftovers
|upkeep
|turn|28
|c| Birds30|Jerry what r u doing
|c|☆jerryl309|?
|
|t:|1598013366
|switch|p2a: Arceus|Arceus-Dark|82/100 tox
|move|p1a: Necrozma|Stealth Rock|p2a: Arceus
|-sidestart|p2: jerryl309|move: Stealth Rock
|
|-weather|Sandstorm|[upkeep]
|-damage|p2a: Arceus|76/100 tox|[from] Sandstorm
|-heal|p1a: Necrozma|88/100|[from] item: Leftovers
|-damage|p2a: Arceus|70/100 tox|[from] psn
|upkeep
|turn|29
|
|t:|1598013374
|move|p2a: Arceus|Defog|p1a: Necrozma
|-unboost|p1a: Necrozma|evasion|1
|-sideend|p2: jerryl309|Stealth Rock|[from] move: Defog|[of] p2a: Arceus
|move|p1a: Necrozma|Sunsteel Strike|p2a: Arceus
|-damage|p2a: Arceus|45/100 tox
|
|-weather|Sandstorm|[upkeep]
|-damage|p2a: Arceus|39/100 tox|[from] Sandstorm
|-heal|p1a: Necrozma|94/100|[from] item: Leftovers
|-damage|p2a: Arceus|27/100 tox|[from] psn
|upkeep
|turn|30
|inactive|jerryl309 has 120 seconds left.
|
|t:|1598013407
|move|p2a: Arceus|Recover|p2a: Arceus
|-heal|p2a: Arceus|77/100 tox
|move|p1a: Necrozma|Sunsteel Strike|p2a: Arceus
|-damage|p2a: Arceus|50/100 tox
|
|-weather|Sandstorm|[upkeep]
|-damage|p2a: Arceus|44/100 tox|[from] Sandstorm
|-heal|p1a: Necrozma|100/100|[from] item: Leftovers
|-damage|p2a: Arceus|25/100 tox|[from] psn
|upkeep
|turn|31
|
|t:|1598013417
|move|p2a: Arceus|Judgment|p1a: Necrozma
|-supereffective|p1a: Necrozma
|-damage|p1a: Necrozma|40/100
|move|p1a: Necrozma|Sunsteel Strike|p2a: Arceus
|-damage|p2a: Arceus|2/100 tox
|
|-weather|none
|-heal|p1a: Necrozma|46/100|[from] item: Leftovers
|-damage|p2a: Arceus|0 fnt|[from] psn
|faint|p2a: Arceus
|upkeep
|
|t:|1598013421
|switch|p2a: Necrozma|Necrozma-Ultra|52/100
|turn|32
|inactive|starkorea74 has 90 seconds left.
|
|t:|1598013438
|switch|p1a: Ho-Oh|Ho-Oh|84/100
|move|p2a: Necrozma|Earthquake|p1a: Ho-Oh
|-immune|p1a: Ho-Oh
|
|upkeep
|turn|33
|
|t:|1598013447
|switch|p1a: Arceus|Arceus-Dark|70/100
|move|p2a: Necrozma|Rock Blast|p1a: Arceus
|-damage|p1a: Arceus|63/100
|-damage|p1a: Arceus|56/100
|-hitcount|p1a: Arceus|2
|
|upkeep
|turn|34
|inactive|starkorea74 has 90 seconds left.
|c|☆jerryl309|.............
|
|t:|1598013457
|switch|p2a: Chansey|Chansey, F|89/100
|move|p1a: Arceus|Recover|p1a: Arceus
|-heal|p1a: Arceus|100/100
|
|upkeep
|turn|35
|inactive|starkorea74 has 90 seconds left.
|
|t:|1598013467
|switch|p1a: Necrozma|Necrozma-Dusk-Mane|46/100
|move|p2a: Chansey|Toxic|p1a: Necrozma
|-immune|p1a: Necrozma
|
|-heal|p1a: Necrozma|52/100|[from] item: Leftovers
|upkeep
|turn|36
|c|☆jerryl309|gg
|
|t:|1598013483
|move|p1a: Necrozma|Stealth Rock|p2a: Chansey
|-sidestart|p2: jerryl309|move: Stealth Rock
|move|p2a: Chansey|Soft-Boiled|p2a: Chansey
|-heal|p2a: Chansey|100/100
|
|-heal|p1a: Necrozma|58/100|[from] item: Leftovers
|upkeep
|turn|37
|c|☆starkorea74|gg
|
|t:|1598013491
|switch|p2a: Necrozma|Necrozma-Ultra|52/100
|-damage|p2a: Necrozma|39/100|[from] Stealth Rock
|move|p1a: Necrozma|Toxic|p2a: Necrozma
|-status|p2a: Necrozma|tox
|
|-heal|p1a: Necrozma|64/100|[from] item: Leftovers
|-damage|p2a: Necrozma|33/100 tox|[from] psn
|upkeep
|turn|38
|-message|jerryl309 forfeited.
|
|win|starkorea74
|l|☆jerryl309
|raw|starkorea74's rating: 1925 &rarr; <strong>1940</strong><br />(+15 for winning)
|raw|jerryl309's rating: 1840 &rarr; <strong>1825</strong><br />(-15 for losing)
|l| Birds30
|l|☆starkorea74
