|j|☆coloer
|j|☆Guardianofaus121
|t:|1650531377
|gametype|singles
|player|p1|coloer|red|1320
|player|p2|Guardianofaus121|unknown|1275
|teamsize|p1|6
|teamsize|p2|6
|gen|8
|tier|[Gen 8] National Dex AG
|rated|
|rule|HP Percentage Mod: HP is shown in percentages
|rule|Endless Battle Clause: Forcing endless battles is banned
|clearpoke
|poke|p1|Shuckle, M|
|poke|p1|Yveltal|
|poke|p1|Zacian-*|
|poke|p1|Moltres-Galar|
|poke|p1|Calyrex-Shadow|
|poke|p1|Kyogre|
|poke|p2|Calyrex-Shadow|
|poke|p2|Genesect|
|poke|p2|Rayquaza|
|poke|p2|Tyranitar, F|
|poke|p2|Quagsire, M|
|poke|p2|Cinderace, M|
|teampreview
|inactive|Battle timer is ON: inactive players will automatically lose when time's up. (requested by Guardianofaus121)
|
|t:|1650531394
|start
|switch|p1a: Shuckle|Shuckle, M, shiny|100/100
|switch|p2a: Genesect|Genesect|100/100
|-ability|p2a: Genesect|Download|boost
|-boost|p2a: Genesect|atk|1
|turn|1
|
|t:|1650531403
|move|p2a: Genesect|U-turn|p1a: Shuckle
|-damage|p1a: Shuckle|65/100
|
|t:|1650531405
|switch|p2a: Cinderace|Cinderace, M|100/100|[from]move: U-turn
|move|p1a: Shuckle|Sticky Web|p2a: Cinderace
|-sidestart|p2: Guardianofaus121|move: Sticky Web
|
|upkeep
|turn|2
|
|t:|1650531411
|move|p2a: Cinderace|Court Change|p2a: Cinderace
|-start|p2a: Cinderace|typechange|Normal|[from] ability: Libero
|-swapsideconditions
|-activate|p2a: Cinderace|move: Court Change
|move|p1a: Shuckle|Stealth Rock|p2a: Cinderace
|-sidestart|p2: Guardianofaus121|move: Stealth Rock
|
|upkeep
|turn|3
|
|t:|1650531420
|move|p2a: Cinderace|High Jump Kick|p1a: Shuckle
|-start|p2a: Cinderace|typechange|Fighting|[from] ability: Libero
|-damage|p1a: Shuckle|24/100
|-enditem|p1a: Shuckle|Sitrus Berry|[eat]
|-heal|p1a: Shuckle|49/100|[from] item: Sitrus Berry
|move|p1a: Shuckle|Sticky Web|p2a: Cinderace
|-sidestart|p2: Guardianofaus121|move: Sticky Web
|
|upkeep
|turn|4
|
|t:|1650531438
|move|p2a: Cinderace|Pyro Ball|p1a: Shuckle
|-start|p2a: Cinderace|typechange|Fire|[from] ability: Libero
|-damage|p1a: Shuckle|13/100
|move|p1a: Shuckle|Power Split|p2a: Cinderace
|-activate|p1a: Shuckle|move: Power Split|[of] p2a: Cinderace
|
|upkeep
|turn|5
|
|t:|1650531447
|switch|p2a: Quagsire|Quagsire, M|100/100
|move|p1a: Shuckle|Encore||[still]
|-fail|p1a: Shuckle
|
|upkeep
|turn|6
|
|t:|1650531453
|move|p2a: Quagsire|Scald|p1a: Shuckle
|-supereffective|p1a: Shuckle
|-damage|p1a: Shuckle|0 fnt
|faint|p1a: Shuckle
|
|upkeep
|
|t:|1650531465
|switch|p1a: Zacian|Zacian-Crowned, shiny|100/100
|-activate|p1a: Zacian|move: Sticky Web
|-unboost|p1a: Zacian|spe|1
|-ability|p1a: Zacian|Intrepid Sword|boost
|-boost|p1a: Zacian|atk|1
|turn|7
|
|t:|1650531475
|move|p1a: Zacian|Swords Dance|p1a: Zacian
|-boost|p1a: Zacian|atk|2
|move|p2a: Quagsire|Earthquake|p1a: Zacian
|-supereffective|p1a: Zacian
|-damage|p1a: Zacian|45/100
|
|upkeep
|turn|8
|
|t:|1650531483
|move|p1a: Zacian|Close Combat|p2a: Quagsire
|-damage|p2a: Quagsire|63/100
|-unboost|p1a: Zacian|def|1
|-unboost|p1a: Zacian|spd|1
|move|p2a: Quagsire|Earthquake|p1a: Zacian
|-supereffective|p1a: Zacian
|-damage|p1a: Zacian|0 fnt
|faint|p1a: Zacian
|
|upkeep
|
|t:|1650531493
|switch|p1a: Moltres|Moltres-Galar, shiny|100/100
|turn|9
|
|t:|1650531500
|switch|p2a: Tyranitar|Tyranitar, F|100/100
|-activate|p2a: Tyranitar|move: Sticky Web
|-unboost|p2a: Tyranitar|spe|1
|-damage|p2a: Tyranitar|88/100|[from] Stealth Rock
|-weather|Sandstorm|[from] ability: Sand Stream|[of] p2a: Tyranitar
|move|p1a: Moltres|Nasty Plot|p1a: Moltres
|-boost|p1a: Moltres|spa|2
|
|-weather|Sandstorm|[upkeep]
|-damage|p1a: Moltres|94/100|[from] Sandstorm
|-heal|p2a: Tyranitar|94/100|[from] item: Leftovers
|upkeep
|turn|10
|
|t:|1650531514
|-start|p1a: Moltres|Dynamax|
|-heal|p1a: Moltres|94/100|[silent]
|move|p1a: Moltres|Max Darkness|p2a: Tyranitar
|-resisted|p2a: Tyranitar
|-damage|p2a: Tyranitar|72/100
|-unboost|p2a: Tyranitar|spd|1
|move|p2a: Tyranitar|Stone Edge|p1a: Moltres
|-supereffective|p1a: Moltres
|-damage|p1a: Moltres|47/100
|-ability|p1a: Moltres|Berserk|boost
|-boost|p1a: Moltres|spa|1
|-enditem|p1a: Moltres|Sitrus Berry|[eat]
|-heal|p1a: Moltres|59/100|[from] item: Sitrus Berry
|
|-weather|Sandstorm|[upkeep]
|-damage|p1a: Moltres|56/100|[from] Sandstorm
|-heal|p2a: Tyranitar|78/100|[from] item: Leftovers
|upkeep
|turn|11
|
|t:|1650531534
|-start|p2a: Tyranitar|Dynamax|
|-heal|p2a: Tyranitar|78/100|[silent]
|move|p2a: Tyranitar|Max Guard|p2a: Tyranitar
|-singleturn|p2a: Tyranitar|Max Guard
|move|p1a: Moltres|Max Airstream|p2a: Tyranitar
|-activate|p2a: Tyranitar|move: Max Guard
|
|-weather|Sandstorm|[upkeep]
|-damage|p1a: Moltres|53/100|[from] Sandstorm
|-heal|p2a: Tyranitar|82/100|[from] item: Leftovers
|upkeep
|turn|12
|
|t:|1650531544
|move|p1a: Moltres|Max Airstream|p2a: Tyranitar
|-resisted|p2a: Tyranitar
|-damage|p2a: Tyranitar|58/100
|-boost|p1a: Moltres|spe|1
|move|p2a: Tyranitar|Max Rockfall|p1a: Moltres
|-supereffective|p1a: Moltres
|-damage|p1a: Moltres|0 fnt
|faint|p1a: Moltres
|
|-weather|Sandstorm|[upkeep]
|-heal|p2a: Tyranitar|61/100|[from] item: Leftovers
|upkeep
|
|t:|1650531557
|switch|p1a: Kyogre|Kyogre, shiny|100/100
|-activate|p1a: Kyogre|move: Sticky Web
|-unboost|p1a: Kyogre|spe|1
|-weather|RainDance|[from] ability: Drizzle|[of] p1a: Kyogre
|turn|13
|
|t:|1650531568
|-end|p2a: Tyranitar|Dynamax
|-heal|p2a: Tyranitar|61/100|[silent]
|switch|p2a: Cinderace|Cinderace, M|100/100
|-activate|p2a: Cinderace|move: Sticky Web
|-unboost|p2a: Cinderace|spe|1
|-damage|p2a: Cinderace|76/100|[from] Stealth Rock
|move|p1a: Kyogre|Water Spout|p2a: Cinderace
|-supereffective|p2a: Cinderace
|-damage|p2a: Cinderace|0 fnt
|faint|p2a: Cinderace
|
|-weather|RainDance|[upkeep]
|upkeep
|
|t:|1650531572
|switch|p2a: Genesect|Genesect|100/100
|-activate|p2a: Genesect|move: Sticky Web
|-unboost|p2a: Genesect|spe|1
|-damage|p2a: Genesect|88/100|[from] Stealth Rock
|-ability|p2a: Genesect|Download|boost
|-boost|p2a: Genesect|atk|1
|turn|14
|
|t:|1650531586
|move|p2a: Genesect|Iron Head|p1a: Kyogre
|-resisted|p1a: Kyogre
|-damage|p1a: Kyogre|68/100
|cant|p1a: Kyogre|flinch
|
|-weather|RainDance|[upkeep]
|upkeep
|turn|15
|
|t:|1650531592
|move|p2a: Genesect|Iron Head|p1a: Kyogre
|-resisted|p1a: Kyogre
|-damage|p1a: Kyogre|37/100
|move|p1a: Kyogre|Water Spout|p2a: Genesect
|-damage|p2a: Genesect|27/100
|
|-weather|RainDance|[upkeep]
|upkeep
|turn|16
|
|t:|1650531599
|move|p2a: Genesect|Iron Head|p1a: Kyogre
|-resisted|p1a: Kyogre
|-damage|p1a: Kyogre|5/100
|move|p1a: Kyogre|Water Spout|p2a: Genesect
|-damage|p2a: Genesect|19/100
|
|-weather|RainDance|[upkeep]
|upkeep
|turn|17
|
|t:|1650531606
|move|p2a: Genesect|Iron Head|p1a: Kyogre
|-resisted|p1a: Kyogre
|-damage|p1a: Kyogre|0 fnt
|faint|p1a: Kyogre
|
|-weather|none
|upkeep
|
|t:|1650531613
|switch|p1a: Yveltal|Yveltal, shiny|100/100
|-ability|p1a: Yveltal|Dark Aura
|turn|18
|
|t:|1650531618
|move|p1a: Yveltal|Sucker Punch|p2a: Genesect
|-damage|p2a: Genesect|0 fnt
|faint|p2a: Genesect
|
|upkeep
|
|t:|1650531623
|switch|p2a: Rayquaza|Rayquaza|100/100
|-damage|p2a: Rayquaza|76/100|[from] Stealth Rock
|-ability|p2a: Rayquaza|Air Lock
|turn|19
|
|t:|1650531630
|move|p1a: Yveltal|Sucker Punch|p2a: Rayquaza
|-damage|p2a: Rayquaza|22/100
|move|p2a: Rayquaza|Surf|p1a: Yveltal
|-damage|p1a: Yveltal|67/100
|-damage|p2a: Rayquaza|12/100|[from] item: Life Orb
|
|upkeep
|turn|20
|
|t:|1650531638
|move|p1a: Yveltal|Sucker Punch|p2a: Rayquaza
|-damage|p2a: Rayquaza|0 fnt
|faint|p2a: Rayquaza
|
|upkeep
|
|t:|1650531644
|switch|p2a: Calyrex|Calyrex-Shadow|100/100
|-ability|p2a: Calyrex|As One
|-ability|p2a: Calyrex|Unnerve
|-activate|p2a: Calyrex|move: Sticky Web
|-unboost|p2a: Calyrex|spe|1
|-damage|p2a: Calyrex|88/100|[from] Stealth Rock
|turn|21
|
|t:|1650531652
|move|p1a: Yveltal|Sucker Punch||[still]
|-fail|p1a: Yveltal
|move|p2a: Calyrex|Trick|p1a: Yveltal
|-activate|p2a: Calyrex|move: Trick|[of] p1a: Yveltal
|-item|p1a: Yveltal|Choice Specs|[from] move: Trick
|-item|p2a: Calyrex|Heavy-Duty Boots|[from] move: Trick
|
|upkeep
|turn|22
|
|t:|1650531664
|switch|p2a: Quagsire|Quagsire, M|63/100
|move|p1a: Yveltal|Sucker Punch||[still]
|-fail|p1a: Yveltal
|
|upkeep
|turn|23
|
|t:|1650531670
|move|p1a: Yveltal|Sucker Punch||[still]
|-fail|p1a: Yveltal
|move|p2a: Quagsire|Recover|p2a: Quagsire
|-heal|p2a: Quagsire|100/100
|
|upkeep
|turn|24
|
|t:|1650531677
|move|p1a: Yveltal|Sucker Punch||[still]
|-fail|p1a: Yveltal
|move|p2a: Quagsire|Haze|p2a: Quagsire
|-clearallboost
|
|upkeep
|turn|25
|
|t:|1650531692
|move|p1a: Yveltal|Sucker Punch||[still]
|-fail|p1a: Yveltal
|move|p2a: Quagsire|Haze|p2a: Quagsire
|-clearallboost
|
|upkeep
|turn|26
|
|t:|1650531699
|switch|p1a: Calyrex|Calyrex-Shadow|100/100
|-ability|p1a: Calyrex|As One
|-ability|p1a: Calyrex|Unnerve
|-activate|p1a: Calyrex|move: Sticky Web
|-unboost|p1a: Calyrex|spe|1
|switch|p2a: Tyranitar|Tyranitar, F|61/100
|-activate|p2a: Tyranitar|move: Sticky Web
|-unboost|p2a: Tyranitar|spe|1
|-damage|p2a: Tyranitar|48/100|[from] Stealth Rock
|-weather|Sandstorm|[from] ability: Sand Stream|[of] p2a: Tyranitar
|
|-weather|Sandstorm|[upkeep]
|-damage|p1a: Calyrex|94/100|[from] Sandstorm
|-heal|p2a: Tyranitar|54/100|[from] item: Leftovers
|upkeep
|turn|27
|
|t:|1650531720
|move|p1a: Calyrex|Psyshock|p2a: Tyranitar
|-immune|p2a: Tyranitar
|move|p2a: Tyranitar|Pursuit|p1a: Calyrex
|-supereffective|p1a: Calyrex
|-damage|p1a: Calyrex|12/100
|
|-weather|Sandstorm|[upkeep]
|-damage|p1a: Calyrex|6/100|[from] Sandstorm
|-heal|p2a: Tyranitar|61/100|[from] item: Leftovers
|upkeep
|turn|28
|
|t:|1650531729
|move|p1a: Calyrex|Astral Barrage|p2a: Tyranitar
|-resisted|p2a: Tyranitar
|-damage|p2a: Tyranitar|46/100
|move|p2a: Tyranitar|Stone Edge|p1a: Calyrex
|-damage|p1a: Calyrex|0 fnt
|faint|p1a: Calyrex
|
|-weather|Sandstorm|[upkeep]
|-heal|p2a: Tyranitar|52/100|[from] item: Leftovers
|upkeep
|
|t:|1650531739
|switch|p1a: Yveltal|Yveltal, shiny|67/100
|-ability|p1a: Yveltal|Dark Aura
|turn|29
|
|t:|1650531746
|move|p1a: Yveltal|Dual Wingbeat|p2a: Tyranitar
|-resisted|p2a: Tyranitar
|-damage|p2a: Tyranitar|43/100
|-resisted|p2a: Tyranitar
|-damage|p2a: Tyranitar|34/100
|-hitcount|p2a: Tyranitar|2
|move|p2a: Tyranitar|Stone Edge|p1a: Yveltal
|-supereffective|p1a: Yveltal
|-damage|p1a: Yveltal|0 fnt
|faint|p1a: Yveltal
|
|win|Guardianofaus121
|raw|coloer's rating: 1320 &rarr; <strong>1297</strong><br />(-23 for losing)
|raw|Guardianofaus121's rating: 1275 &rarr; <strong>1303</strong><br />(+28 for winning)
|c|☆Guardianofaus121|gg
