|j|☆Polytheism i gues
|j|☆Pokeashbattle
|t:|1641974983
|gametype|singles
|player|p1|Polytheism i gues|burglar|1190
|player|p2|Pokeashbattle|ethan|1206
|teamsize|p1|6
|teamsize|p2|6
|gen|8
|tier|[Gen 8] National Dex AG
|rated|
|rule|HP Percentage Mod: HP is shown in percentages
|rule|Endless Battle Clause: Forcing endless battles is banned
|clearpoke
|poke|p1|Arceus-*|
|poke|p1|Arceus-*|
|poke|p1|Arceus-*|
|poke|p1|Arceus-*|
|poke|p1|Arceus-*|
|poke|p1|Arceus-*|
|poke|p2|Calyrex-Ice|
|poke|p2|Melmetal|
|poke|p2|Hatterene, F|
|poke|p2|Uxie|
|poke|p2|Marowak-Alola, F|
|poke|p2|Stakataka|
|teampreview
|inactive|Battle timer is ON: inactive players will automatically lose when time's up. (requested by Pokeashbattle)
|c|☆Pokeashbattle|Hmm...
|
|t:|1641974996
|start
|switch|p1a: Arceus|Arceus-Flying|100/100
|switch|p2a: Uxie|Uxie, shiny|100/100
|turn|1
|c|☆Pokeashbattle|Wanna loose ??
|
|t:|1641975005
|move|p1a: Arceus|Calm Mind|p1a: Arceus
|-boost|p1a: Arceus|spa|1
|-boost|p1a: Arceus|spd|1
|move|p2a: Uxie|Yawn|p1a: Arceus
|-start|p1a: Arceus|move: Yawn|[of] p2a: Uxie
|
|upkeep
|turn|2
|
|t:|1641975017
|switch|p1a: Arceus|Arceus-Poison|100/100
|move|p2a: Uxie|Stealth Rock|p1a: Arceus
|-sidestart|p1: Polytheism i gues|move: Stealth Rock
|
|upkeep
|turn|3
|
|t:|1641975023
|move|p1a: Arceus|Toxic|p2a: Uxie
|-status|p2a: Uxie|tox
|move|p2a: Uxie|Trick Room|p2a: Uxie
|-fieldstart|move: Trick Room|[of] p2a: Uxie
|
|-damage|p2a: Uxie|94/100 tox|[from] psn
|upkeep
|turn|4
|
|t:|1641975038
|switch|p1a: Arceus|Arceus-Flying|100/100
|-damage|p1a: Arceus|76/100|[from] Stealth Rock
|move|p2a: Uxie|Memento|p1a: Arceus
|-unboost|p1a: Arceus|atk|2
|-unboost|p1a: Arceus|spa|2
|faint|p2a: Uxie
|
|upkeep
|inactive|Pokeashbattle has 120 seconds left.
|
|t:|1641975070
|switch|p2a: Melmetal|Melmetal|100/100
|turn|5
|
|t:|1641975075
|switch|p1a: Arceus|Arceus-Fire|100/100
|-damage|p1a: Arceus|75/100|[from] Stealth Rock
|move|p2a: Melmetal|Double Iron Bash|p1a: Arceus
|-resisted|p1a: Arceus
|-damage|p1a: Arceus|58/100
|-resisted|p1a: Arceus
|-damage|p1a: Arceus|39/100
|-hitcount|p1a: Arceus|2
|-damage|p2a: Melmetal|91/100|[from] item: Life Orb
|
|upkeep
|turn|6
|
|t:|1641975094
|move|p2a: Melmetal|Double Iron Bash|p1a: Arceus
|-resisted|p1a: Arceus
|-damage|p1a: Arceus|20/100
|-resisted|p1a: Arceus
|-damage|p1a: Arceus|0 fnt
|faint|p1a: Arceus
|-hitcount|p1: Arceus|2
|-damage|p2a: Melmetal|81/100|[from] item: Life Orb
|
|upkeep
|
|t:|1641975115
|switch|p1a: Arceus|Arceus-Flying|76/100
|-damage|p1a: Arceus|51/100|[from] Stealth Rock
|turn|7
|
|t:|1641975120
|move|p2a: Melmetal|Double Iron Bash|p1a: Arceus
|-damage|p1a: Arceus|15/100
|-damage|p1a: Arceus|0 fnt
|faint|p1a: Arceus
|-hitcount|p1: Arceus|2
|-damage|p2a: Melmetal|71/100|[from] item: Life Orb
|
|-fieldend|move: Trick Room
|upkeep
|
|t:|1641975131
|switch|p1a: Arceus|Arceus-Fairy|100/100
|-damage|p1a: Arceus|88/100|[from] Stealth Rock
|turn|8
|
|t:|1641975140
|switch|p1a: Arceus|Arceus-Ground|100/100
|-damage|p1a: Arceus|94/100|[from] Stealth Rock
|move|p2a: Melmetal|Double Iron Bash|p1a: Arceus
|-damage|p1a: Arceus|48/100
|-damage|p1a: Arceus|4/100
|-hitcount|p1a: Arceus|2
|-damage|p2a: Melmetal|61/100|[from] item: Life Orb
|
|upkeep
|turn|9
|
|t:|1641975149
|move|p1a: Arceus|Earthquake|p2a: Melmetal
|-supereffective|p2a: Melmetal
|-damage|p2a: Melmetal|3/100
|move|p2a: Melmetal|Darkest Lariat|p1a: Arceus
|-damage|p1a: Arceus|0 fnt
|faint|p1a: Arceus
|-damage|p2a: Melmetal|0 fnt|[from] item: Life Orb
|faint|p2a: Melmetal
|
|upkeep
|
|t:|1641975166
|switch|p1a: Arceus|Arceus-Poison|100/100
|switch|p2a: Hatterene|Hatterene, F, shiny|100/100
|-damage|p1a: Arceus|88/100|[from] Stealth Rock
|turn|10
|
|t:|1641975172
|move|p1a: Arceus|Toxic|p2a: Hatterene
|move|p2a: Hatterene|Toxic|p1a: Arceus|[from]ability: Magic Bounce
|-immune|p1a: Arceus
|move|p2a: Hatterene|Trick Room|p2a: Hatterene
|-fieldstart|move: Trick Room|[of] p2a: Hatterene
|
|upkeep
|turn|11
|
|t:|1641975180
|move|p2a: Hatterene|Misty Explosion|p1a: Arceus
|-resisted|p1a: Arceus
|-damage|p1a: Arceus|72/100
|faint|p2a: Hatterene
|move|p1a: Arceus|Judgment|p2: Hatterene|[notarget]
|-fail|p1a: Arceus
|
|upkeep
|
|t:|1641975187
|switch|p2a: Marowak|Marowak-Alola, F, shiny|100/100
|turn|12
|
|t:|1641975191
|move|p2a: Marowak|Earthquake|p1a: Arceus
|-supereffective|p1a: Arceus
|-damage|p1a: Arceus|5/100
|move|p1a: Arceus|Toxic|p2a: Marowak
|-status|p2a: Marowak|tox
|
|-damage|p2a: Marowak|94/100 tox|[from] psn
|upkeep
|turn|13
|
|t:|1641975201
|switch|p1a: Arceus|Arceus-Fairy|88/100
|-damage|p1a: Arceus|76/100|[from] Stealth Rock
|move|p2a: Marowak|Flare Blitz|p1a: Arceus
|-damage|p1a: Arceus|16/100
|
|-damage|p2a: Marowak|82/100 tox|[from] psn
|upkeep
|turn|14
|
|t:|1641975211
|move|p2a: Marowak|Flare Blitz|p1a: Arceus
|-damage|p1a: Arceus|0 fnt
|faint|p1a: Arceus
|
|-damage|p2a: Marowak|63/100 tox|[from] psn
|-fieldend|move: Trick Room
|upkeep
|
|t:|1641975224
|switch|p1a: Arceus|Arceus-Poison|5/100
|-damage|p1a: Arceus|0 fnt|[from] Stealth Rock
|faint|p1a: Arceus
|
|t:|1641975230
|switch|p1a: Arceus|Arceus-Ice|100/100
|-damage|p1a: Arceus|75/100|[from] Stealth Rock
|turn|15
|
|t:|1641975237
|-start|p1a: Arceus|Dynamax
|-heal|p1a: Arceus|75/100|[silent]
|move|p1a: Arceus|Max Hailstorm|p2a: Marowak
|-resisted|p2a: Marowak
|-damage|p2a: Marowak|9/100 tox
|-weather|Hail
|move|p2a: Marowak|Flare Blitz|p1a: Arceus
|-supereffective|p1a: Arceus
|-damage|p1a: Arceus|10/100
|
|-weather|Hail|[upkeep]
|-damage|p2a: Marowak|3/100 tox|[from] Hail
|-damage|p2a: Marowak|0 fnt|[from] psn
|faint|p2a: Marowak
|upkeep
|
|t:|1641975249
|switch|p2a: Stakataka|Stakataka, shiny|100/100
|-item|p2a: Stakataka|Air Balloon
|turn|16
|
|t:|1641975260
|move|p1a: Arceus|Max Hailstorm|p2a: Stakataka
|-resisted|p2a: Stakataka
|-damage|p2a: Stakataka|56/100
|-enditem|p2a: Stakataka|Air Balloon
|move|p2a: Stakataka|Trick Room|p2a: Stakataka
|-fieldstart|move: Trick Room|[of] p2a: Stakataka
|
|-weather|Hail|[upkeep]
|-damage|p2a: Stakataka|50/100|[from] Hail
|upkeep
|turn|17
|
|t:|1641975269
|move|p2a: Stakataka|Gyro Ball|p1a: Arceus
|-supereffective|p1a: Arceus
|-damage|p1a: Arceus|0 fnt
|faint|p1a: Arceus
|
|win|Pokeashbattle
|raw|Polytheism i gues's rating: 1190 &rarr; <strong>1166</strong><br />(-24 for losing)
|raw|Pokeashbattle's rating: 1206 &rarr; <strong>1230</strong><br />(+24 for winning)
|l|☆Polytheism i gues
