|j|☆JedTheHumanoid
|j|☆Cold but Goated
|t:|1649661614
|gametype|singles
|player|p1|JedTheHumanoid|swimmer-gen4dp|1672
|player|p2|Cold but Goated|clown|1656
|teamsize|p1|6
|teamsize|p2|6
|gen|8
|tier|[Gen 8] National Dex AG
|rated|
|rule|HP Percentage Mod: HP is shown in percentages
|rule|Endless Battle Clause: Forcing endless battles is banned
|clearpoke
|poke|p1|Calyrex-Shadow|
|poke|p1|Groudon|
|poke|p1|Rayquaza|
|poke|p1|Zygarde|
|poke|p1|Zacian-*|
|poke|p1|Yveltal|
|poke|p2|Calyrex-Shadow|
|poke|p2|Deoxys-Speed|
|poke|p2|Palkia|
|poke|p2|Arceus-*|
|poke|p2|Lugia|
|poke|p2|Rayquaza|
|teampreview
|
|t:|1649661625
|start
|switch|p1a: Yveltal|Yveltal|100/100
|switch|p2a: I’m speed|Deoxys-Speed|100/100
|-ability|p2a: I’m speed|Pressure
|-ability|p1a: Yveltal|Dark Aura
|turn|1
|c|☆Cold but Goated|Revenge time
|
|t:|1649661629
|move|p2a: I’m speed|Stealth Rock|p1a: Yveltal
|-sidestart|p1: JedTheHumanoid|move: Stealth Rock
|move|p1a: Yveltal|Dark Pulse|p2a: I’m speed
|-supereffective|p2a: I’m speed
|-enditem|p2a: I’m speed|Focus Sash
|-damage|p2a: I’m speed|1/100
|
|upkeep
|turn|2
|
|t:|1649661635
|move|p2a: I’m speed|Rock Tomb|p1a: Yveltal
|-supereffective|p1a: Yveltal
|-crit|p1a: Yveltal
|-damage|p1a: Yveltal|66/100
|-unboost|p1a: Yveltal|spe|1
|move|p1a: Yveltal|Defog|p2a: I’m speed
|-unboost|p2a: I’m speed|evasion|1
|-sideend|p1: JedTheHumanoid|Stealth Rock|[from] move: Defog|[of] p1a: Yveltal
|
|upkeep
|turn|3
|
|t:|1649661638
|move|p2a: I’m speed|Stealth Rock|p1a: Yveltal
|-sidestart|p1: JedTheHumanoid|move: Stealth Rock
|move|p1a: Yveltal|Oblivion Wing|p2a: I’m speed
|-damage|p2a: I’m speed|0 fnt
|-heal|p1a: Yveltal|67/100|[from] drain|[of] p2a: I’m speed
|faint|p2a: I’m speed
|
|upkeep
|
|t:|1649661652
|switch|p2a: God Gamer|Arceus-Dark, shiny|100/100
|turn|4
|
|t:|1649661661
|switch|p2a: Pearl beast|Palkia|100/100
|move|p1a: Yveltal|Defog|p2a: Pearl beast
|-unboost|p2a: Pearl beast|evasion|1
|-sideend|p1: JedTheHumanoid|Stealth Rock|[from] move: Defog|[of] p1a: Yveltal
|
|upkeep
|turn|5
|
|t:|1649661678
|switch|p1a: Groudon|Groudon|100/100
|detailschange|p1a: Groudon|Groudon-Primal
|-primal|p1a: Groudon
|-weather|DesolateLand|[from] ability: Desolate Land|[of] p1a: Groudon
|-start|p2a: Pearl beast|Dynamax|
|-heal|p2a: Pearl beast|100/100|[silent]
|move|p2a: Pearl beast|Max Airstream|p1a: Groudon
|-damage|p1a: Groudon|67/100
|-boost|p2a: Pearl beast|spe|1
|
|-weather|DesolateLand|[upkeep]
|upkeep
|turn|6
|
|t:|1649661683
|move|p2a: Pearl beast|Max Airstream|p1a: Groudon
|-damage|p1a: Groudon|28/100
|-boost|p2a: Pearl beast|spe|1
|move|p1a: Groudon|Stealth Rock|p2a: Pearl beast
|-sidestart|p2: Cold but Goated|move: Stealth Rock
|
|-weather|DesolateLand|[upkeep]
|upkeep
|turn|7
|
|t:|1649661690
|-weather|none
|switch|p1a: Zacian|Zacian-Crowned|100/100
|-ability|p1a: Zacian|Intrepid Sword|boost
|-boost|p1a: Zacian|atk|1
|move|p2a: Pearl beast|Max Geyser|p1a: Zacian
|-damage|p1a: Zacian|4/100
|-weather|RainDance
|
|-weather|RainDance|[upkeep]
|-end|p2a: Pearl beast|Dynamax
|-heal|p2a: Pearl beast|100/100|[silent]
|upkeep
|turn|8
|
|t:|1649661695
|switch|p1a: Groudon|Groudon-Primal|28/100
|-weather|DesolateLand|[from] ability: Desolate Land|[of] p1a: Groudon
|move|p2a: Pearl beast|Thunder|p1a: Groudon
|-immune|p1a: Groudon
|
|-weather|DesolateLand|[upkeep]
|upkeep
|turn|9
|
|t:|1649661699
|move|p2a: Pearl beast|Spacial Rend|p1a: Groudon
|-damage|p1a: Groudon|0 fnt
|faint|p1a: Groudon
|-weather|none
|
|upkeep
|
|t:|1649661708
|switch|p1a: Calyrex|Calyrex-Shadow|100/100
|-ability|p1a: Calyrex|As One
|-ability|p1a: Calyrex|Unnerve
|turn|10
|inactive|Battle timer is ON: inactive players will automatically lose when time's up. (requested by JedTheHumanoid)
|
|t:|1649661746
|switch|p2a: God Gamer|Arceus-Dark, shiny|100/100
|-damage|p2a: God Gamer|88/100|[from] Stealth Rock
|move|p1a: Calyrex|Astral Barrage|p2a: God Gamer
|-resisted|p2a: God Gamer
|-damage|p2a: God Gamer|71/100
|
|upkeep
|turn|11
|
|t:|1649661752
|switch|p2a: Caly-wrecks|Calyrex-Shadow|100/100
|-ability|p2a: Caly-wrecks|As One
|-ability|p2a: Caly-wrecks|Unnerve
|-damage|p2a: Caly-wrecks|88/100|[from] Stealth Rock
|move|p1a: Calyrex|Baton Pass|p1a: Calyrex
|
|t:|1649661754
|switch|p1a: Yveltal|Yveltal|67/100|[from]move: Baton Pass
|-ability|p1a: Yveltal|Dark Aura
|
|upkeep
|turn|12
|
|t:|1649661772
|switch|p2a: Rayquaza|Rayquaza|100/100
|-damage|p2a: Rayquaza|76/100|[from] Stealth Rock
|-ability|p2a: Rayquaza|Air Lock
|move|p1a: Yveltal|Oblivion Wing|p2a: Rayquaza
|-damage|p2a: Rayquaza|36/100
|-heal|p1a: Yveltal|93/100|[from] drain|[of] p2a: Rayquaza
|
|upkeep
|turn|13
|
|t:|1649661786
|switch|p1a: Zacian|Zacian-Crowned|4/100
|-ability|p1a: Zacian|Intrepid Sword|boost
|-boost|p1a: Zacian|atk|1
|detailschange|p2a: Rayquaza|Rayquaza-Mega
|-mega|p2a: Rayquaza|Rayquaza|
|-weather|DeltaStream|[from] ability: Delta Stream|[of] p2a: Rayquaza
|move|p2a: Rayquaza|Dragon Ascent|p1a: Zacian
|-resisted|p1a: Zacian
|-damage|p1a: Zacian|0 fnt
|-unboost|p2a: Rayquaza|def|1
|-unboost|p2a: Rayquaza|spd|1
|faint|p1a: Zacian
|-damage|p2a: Rayquaza|26/100|[from] item: Life Orb
|
|-weather|DeltaStream|[upkeep]
|upkeep
|
|t:|1649661791
|switch|p1a: Rayquaza|Rayquaza|100/100
|-ability|p1a: Rayquaza|Air Lock
|turn|14
|
|t:|1649661797
|-weather|none
|switch|p2a: Luigi|Lugia|100/100
|detailschange|p1a: Rayquaza|Rayquaza-Mega
|-mega|p1a: Rayquaza|Rayquaza|
|-weather|DeltaStream|[from] ability: Delta Stream|[of] p1a: Rayquaza
|move|p1a: Rayquaza|Extreme Speed|p2a: Luigi
|-damage|p2a: Luigi|88/100
|-damage|p1a: Rayquaza|91/100|[from] item: Life Orb
|
|-weather|DeltaStream|[upkeep]
|upkeep
|turn|15
|
|t:|1649661808
|move|p1a: Rayquaza|Draco Meteor|p2a: Luigi
|-damage|p2a: Luigi|38/100
|-unboost|p1a: Rayquaza|spa|2
|-damage|p1a: Rayquaza|81/100|[from] item: Life Orb
|move|p2a: Luigi|Roost|p2a: Luigi
|-heal|p2a: Luigi|88/100
|-singleturn|p2a: Luigi|move: Roost
|
|-weather|DeltaStream|[upkeep]
|upkeep
|turn|16
|
|t:|1649661813
|-weather|none
|switch|p1a: Yveltal|Yveltal|93/100
|-ability|p1a: Yveltal|Dark Aura
|move|p2a: Luigi|Roost|p2a: Luigi
|-heal|p2a: Luigi|100/100
|-singleturn|p2a: Luigi|move: Roost
|
|upkeep
|turn|17
|
|t:|1649661820
|switch|p2a: God Gamer|Arceus-Dark, shiny|71/100
|-damage|p2a: God Gamer|59/100|[from] Stealth Rock
|move|p1a: Yveltal|Dark Pulse|p2a: God Gamer
|-resisted|p2a: God Gamer
|-damage|p2a: God Gamer|48/100
|
|upkeep
|turn|18
|
|t:|1649661825
|switch|p1a: Zygarde|Zygarde|100/100
|move|p2a: God Gamer|Recover|p2a: God Gamer
|-heal|p2a: God Gamer|98/100
|
|upkeep
|turn|19
|
|t:|1649661834
|switch|p2a: Luigi|Lugia|100/100
|move|p1a: Zygarde|Glare|p2a: Luigi
|-status|p2a: Luigi|par
|
|upkeep
|turn|20
|
|t:|1649661836
|move|p1a: Zygarde|Substitute|p1a: Zygarde
|-start|p1a: Zygarde|Substitute
|-damage|p1a: Zygarde|76/100
|move|p2a: Luigi|Ice Beam|p1a: Zygarde
|-supereffective|p1a: Zygarde
|-end|p1a: Zygarde|Substitute
|
|-heal|p1a: Zygarde|82/100|[from] item: Leftovers
|upkeep
|turn|21
|
|t:|1649661844
|switch|p1a: Yveltal|Yveltal|93/100
|-ability|p1a: Yveltal|Dark Aura
|move|p2a: Luigi|Ice Beam|p1a: Yveltal
|-supereffective|p1a: Yveltal
|-damage|p1a: Yveltal|66/100
|
|upkeep
|turn|22
|
|t:|1649661858
|switch|p2a: God Gamer|Arceus-Dark, shiny|98/100
|-damage|p2a: God Gamer|85/100|[from] Stealth Rock
|move|p1a: Yveltal|Dark Pulse|p2a: God Gamer
|-resisted|p2a: God Gamer
|-damage|p2a: God Gamer|73/100
|
|upkeep
|turn|23
|
|t:|1649661864
|move|p1a: Yveltal|Roost|p1a: Yveltal
|-heal|p1a: Yveltal|100/100
|-singleturn|p1a: Yveltal|move: Roost
|move|p2a: God Gamer|Recover|p2a: God Gamer
|-heal|p2a: God Gamer|100/100
|
|upkeep
|turn|24
|
|t:|1649661868
|move|p1a: Yveltal|Oblivion Wing|p2a: God Gamer
|-damage|p2a: God Gamer|83/100
|move|p2a: God Gamer|Calm Mind|p2a: God Gamer
|-boost|p2a: God Gamer|spa|1
|-boost|p2a: God Gamer|spd|1
|
|upkeep
|turn|25
|
|t:|1649661874
|switch|p1a: Rayquaza|Rayquaza-Mega|81/100
|-weather|DeltaStream|[from] ability: Delta Stream|[of] p1a: Rayquaza
|move|p2a: God Gamer|Calm Mind|p2a: God Gamer
|-boost|p2a: God Gamer|spa|1
|-boost|p2a: God Gamer|spd|1
|
|-weather|DeltaStream|[upkeep]
|upkeep
|turn|26
|
|t:|1649661883
|switch|p2a: Luigi|Lugia|100/100 par
|move|p1a: Rayquaza|Dragon Ascent|p2a: Luigi
|-damage|p2a: Luigi|76/100 par
|-unboost|p1a: Rayquaza|def|1
|-unboost|p1a: Rayquaza|spd|1
|-damage|p1a: Rayquaza|71/100|[from] item: Life Orb
|
|-weather|DeltaStream|[upkeep]
|upkeep
|turn|27
|
|t:|1649661906
|-weather|none
|switch|p1a: Calyrex|Calyrex-Shadow|100/100
|-ability|p1a: Calyrex|As One
|-ability|p1a: Calyrex|Unnerve
|cant|p2a: Luigi|par
|
|upkeep
|turn|28
|
|t:|1649661917
|switch|p2a: God Gamer|Arceus-Dark, shiny|83/100
|-damage|p2a: God Gamer|70/100|[from] Stealth Rock
|move|p1a: Calyrex|Nasty Plot|p1a: Calyrex
|-boost|p1a: Calyrex|spa|2
|
|upkeep
|turn|29
|c|☆Cold but Goated|Ofc paralyze
|
|t:|1649661929
|move|p1a: Calyrex|Nasty Plot|p1a: Calyrex
|-boost|p1a: Calyrex|spa|2
|move|p2a: God Gamer|Roar|p1a: Calyrex
|drag|p1a: Zygarde|Zygarde|82/100
|
|-heal|p1a: Zygarde|88/100|[from] item: Leftovers
|upkeep
|turn|30
|
|t:|1649661934
|move|p1a: Zygarde|Glare|p2a: God Gamer
|-status|p2a: God Gamer|par
|cant|p2a: God Gamer|par
|
|-heal|p1a: Zygarde|94/100|[from] item: Leftovers
|upkeep
|turn|31
|
|t:|1649661939
|move|p1a: Zygarde|Thousand Arrows|p2a: God Gamer
|-damage|p2a: God Gamer|51/100 par
|cant|p2a: God Gamer|par
|
|-heal|p1a: Zygarde|99/100|[from] item: Leftovers
|upkeep
|turn|32
|
|t:|1649661943
|move|p1a: Zygarde|Thousand Arrows|p2a: God Gamer
|-damage|p2a: God Gamer|30/100 par
|move|p2a: God Gamer|Recover|p2a: God Gamer
|-heal|p2a: God Gamer|80/100 par
|
|-heal|p1a: Zygarde|100/100|[from] item: Leftovers
|upkeep
|turn|33
|
|t:|1649661949
|move|p1a: Zygarde|Coil|p1a: Zygarde
|-boost|p1a: Zygarde|atk|1
|-boost|p1a: Zygarde|def|1
|-boost|p1a: Zygarde|accuracy|1
|move|p2a: God Gamer|Calm Mind|p2a: God Gamer
|-boost|p2a: God Gamer|spa|1
|-boost|p2a: God Gamer|spd|1
|
|upkeep
|turn|34
|
|t:|1649661951
|move|p1a: Zygarde|Thousand Arrows|p2a: God Gamer
|-damage|p2a: God Gamer|52/100 par
|move|p2a: God Gamer|Roar|p1a: Zygarde
|drag|p1a: Calyrex|Calyrex-Shadow|100/100
|-ability|p1a: Calyrex|As One
|-ability|p1a: Calyrex|Unnerve
|
|upkeep
|turn|35
|
|t:|1649661959
|move|p1a: Calyrex|Nasty Plot|p1a: Calyrex
|-boost|p1a: Calyrex|spa|2
|cant|p2a: God Gamer|par
|
|upkeep
|turn|36
|
|t:|1649661964
|move|p1a: Calyrex|Baton Pass|p1a: Calyrex
|
|t:|1649661968
|switch|p1a: Yveltal|Yveltal|100/100|[from]move: Baton Pass
|-ability|p1a: Yveltal|Dark Aura
|move|p2a: God Gamer|Roar|p1a: Yveltal
|drag|p1a: Rayquaza|Rayquaza-Mega|71/100
|-weather|DeltaStream|[from] ability: Delta Stream|[of] p1a: Rayquaza
|
|-weather|DeltaStream|[upkeep]
|upkeep
|turn|37
|
|t:|1649661982
|switch|p2a: Caly-wrecks|Calyrex-Shadow|88/100
|-ability|p2a: Caly-wrecks|As One
|-ability|p2a: Caly-wrecks|Unnerve
|-damage|p2a: Caly-wrecks|76/100|[from] Stealth Rock
|move|p1a: Rayquaza|Dragon Ascent|p2a: Caly-wrecks
|-damage|p2a: Caly-wrecks|0 fnt
|-unboost|p1a: Rayquaza|def|1
|-unboost|p1a: Rayquaza|spd|1
|faint|p2a: Caly-wrecks
|-damage|p1a: Rayquaza|61/100|[from] item: Life Orb
|
|-weather|DeltaStream|[upkeep]
|upkeep
|
|t:|1649661984
|switch|p2a: Luigi|Lugia|76/100 par
|turn|38
|
|t:|1649661988
|-weather|none
|switch|p1a: Yveltal|Yveltal|100/100
|-ability|p1a: Yveltal|Dark Aura
|move|p2a: Luigi|Roost|p2a: Luigi
|-heal|p2a: Luigi|100/100 par
|-singleturn|p2a: Luigi|move: Roost
|
|upkeep
|turn|39
|
|t:|1649661996
|switch|p2a: Rayquaza|Rayquaza-Mega|26/100
|-damage|p2a: Rayquaza|1/100|[from] Stealth Rock
|-weather|DeltaStream|[from] ability: Delta Stream|[of] p2a: Rayquaza
|move|p1a: Yveltal|Oblivion Wing|p2a: Rayquaza
|-damage|p2a: Rayquaza|0 fnt
|faint|p2a: Rayquaza
|-weather|none
|
|upkeep
|
|t:|1649662003
|switch|p2a: God Gamer|Arceus-Dark, shiny|52/100 par
|-damage|p2a: God Gamer|39/100 par|[from] Stealth Rock
|turn|40
|
|t:|1649662016
|move|p1a: Yveltal|Dark Pulse|p2a: God Gamer
|-resisted|p2a: God Gamer
|-damage|p2a: God Gamer|28/100 par
|move|p2a: God Gamer|Recover|p2a: God Gamer
|-heal|p2a: God Gamer|78/100 par
|
|upkeep
|turn|41
|
|t:|1649662024
|switch|p1a: Zygarde|Zygarde|100/100
|move|p2a: God Gamer|Recover|p2a: God Gamer
|-heal|p2a: God Gamer|100/100 par
|
|upkeep
|turn|42
|
|t:|1649662029
|switch|p2a: Luigi|Lugia|100/100 par
|move|p1a: Zygarde|Coil|p1a: Zygarde
|-boost|p1a: Zygarde|atk|1
|-boost|p1a: Zygarde|def|1
|-boost|p1a: Zygarde|accuracy|1
|
|upkeep
|turn|43
|
|t:|1649662039
|move|p1a: Zygarde|Substitute|p1a: Zygarde
|-start|p1a: Zygarde|Substitute
|-damage|p1a: Zygarde|76/100
|move|p2a: Luigi|Ice Beam|p1a: Zygarde
|-supereffective|p1a: Zygarde
|-end|p1a: Zygarde|Substitute
|
|-heal|p1a: Zygarde|82/100|[from] item: Leftovers
|upkeep
|turn|44
|
|t:|1649662044
|move|p1a: Zygarde|Substitute|p1a: Zygarde
|-start|p1a: Zygarde|Substitute
|-damage|p1a: Zygarde|57/100
|move|p2a: Luigi|Whirlwind|p1a: Zygarde
|drag|p1a: Calyrex|Calyrex-Shadow|100/100
|-ability|p1a: Calyrex|As One
|-ability|p1a: Calyrex|Unnerve
|
|upkeep
|turn|45
|
|t:|1649662050
|switch|p2a: God Gamer|Arceus-Dark, shiny|100/100 par
|-damage|p2a: God Gamer|88/100 par|[from] Stealth Rock
|move|p1a: Calyrex|Nasty Plot|p1a: Calyrex
|-boost|p1a: Calyrex|spa|2
|
|upkeep
|turn|46
|l|☆Cold but Goated
|inactive|Cold but Goated disconnected and has a minute to reconnect!
|player|p2|
|j|☆Cold but Goated
|inactive|Cold but Goated reconnected and has 125 seconds left.
|player|p2|Cold but Goated|clown
|inactive|Cold but Goated has 120 seconds left.
|
|t:|1649662084
|move|p1a: Calyrex|Astral Barrage|p2a: God Gamer
|-resisted|p2a: God Gamer
|-damage|p2a: God Gamer|50/100 par
|move|p2a: God Gamer|Judgment|p1a: Calyrex
|-supereffective|p1a: Calyrex
|-enditem|p1a: Calyrex|Focus Sash
|-damage|p1a: Calyrex|1/100
|
|upkeep
|turn|47
|
|t:|1649662109
|move|p1a: Calyrex|Baton Pass|p1a: Calyrex
|
|t:|1649662111
|switch|p1a: Yveltal|Yveltal|100/100|[from]move: Baton Pass
|-ability|p1a: Yveltal|Dark Aura
|move|p2a: God Gamer|Roar|p1a: Yveltal
|drag|p1a: Calyrex|Calyrex-Shadow|1/100
|-ability|p1a: Calyrex|As One
|-ability|p1a: Calyrex|Unnerve
|
|upkeep
|turn|48
|
|t:|1649662116
|move|p1a: Calyrex|Nasty Plot|p1a: Calyrex
|-boost|p1a: Calyrex|spa|2
|cant|p2a: God Gamer|par
|
|upkeep
|turn|49
|
|t:|1649662119
|move|p1a: Calyrex|Baton Pass|p1a: Calyrex
|
|t:|1649662121
|switch|p1a: Yveltal|Yveltal|100/100|[from]move: Baton Pass
|-ability|p1a: Yveltal|Dark Aura
|move|p2a: God Gamer|Judgment|p1a: Yveltal
|-resisted|p1a: Yveltal
|-damage|p1a: Yveltal|77/100
|
|upkeep
|turn|50
|
|t:|1649662125
|-start|p1a: Yveltal|Dynamax|
|-heal|p1a: Yveltal|77/100|[silent]
|move|p1a: Yveltal|Max Airstream|p2a: God Gamer
|-damage|p2a: God Gamer|0 fnt
|-boost|p1a: Yveltal|spe|1
|faint|p2a: God Gamer
|
|upkeep
|-message|Cold but Goated forfeited.
|
|win|JedTheHumanoid
|raw|JedTheHumanoid's rating: 1672 &rarr; <strong>1691</strong><br />(+19 for winning)
|raw|Cold but Goated's rating: 1656 &rarr; <strong>1637</strong><br />(-19 for losing)
|l|☆Cold but Goated
|c|☆JedTheHumanoid|GG
