|j|☆aseeasase
|j|☆Mimikium ZZ
|t:|1659420712
|gametype|singles
|player|p1|aseeasase|1|1884
|player|p2|Mimikium ZZ|schoolboy|1747
|teamsize|p1|6
|teamsize|p2|6
|gen|8
|tier|[Gen 8] National Dex AG
|rated|
|rule|HP Percentage Mod: HP is shown in percentages
|rule|Endless Battle Clause: Forcing endless battles is banned
|clearpoke
|poke|p1|Arceus-*|
|poke|p1|Tyranitar, M|
|poke|p1|Calyrex-Shadow|
|poke|p1|Ditto|
|poke|p1|Reshiram|
|poke|p1|Giratina-Origin|
|poke|p2|Necrozma-Dusk-Mane|
|poke|p2|Zygarde|
|poke|p2|Excadrill, F|
|poke|p2|Smeargle, F|
|poke|p2|Mimikyu, M|
|poke|p2|Mewtwo|
|teampreview
|
|t:|1659420730
|start
|switch|p1a: Ditto|Ditto|100/100
|switch|p2a: Excadrill|Excadrill, F|100/100
|-ability|p2a: Excadrill|Mold Breaker
|-transform|p1a: Ditto|p2a: Excadrill|[from] ability: Imposter
|-ability|p1a: Ditto|Mold Breaker
|turn|1
|
|t:|1659420752
|move|p1a: Ditto|Bulldoze|p2a: Excadrill
|-supereffective|p2a: Excadrill
|-damage|p2a: Excadrill|7/100
|-unboost|p2a: Excadrill|spe|1
|move|p2a: Excadrill|Bulldoze|p1a: Ditto
|-supereffective|p1a: Ditto
|-damage|p1a: Ditto|0 fnt
|faint|p1a: Ditto
|
|upkeep
|
|t:|1659420803
|switch|p1a: Calyrex|Calyrex-Shadow|100/100
|-ability|p1a: Calyrex|As One
|-ability|p1a: Calyrex|Unnerve
|turn|2
|
|t:|1659420809
|switch|p2a: Smeargle|Smeargle, F, shiny|100/100
|move|p1a: Calyrex|Astral Barrage|p2a: Smeargle
|-immune|p2a: Smeargle
|
|-ability|p2a: Smeargle|Moody|boost
|-boost|p2a: Smeargle|spd|2
|-unboost|p2a: Smeargle|def|1
|upkeep
|turn|3
|
|t:|1659420812
|move|p1a: Calyrex|Substitute|p1a: Calyrex
|-start|p1a: Calyrex|Substitute
|-damage|p1a: Calyrex|76/100
|move|p2a: Smeargle|Substitute|p2a: Smeargle
|-start|p2a: Smeargle|Substitute
|-damage|p2a: Smeargle|76/100
|
|-heal|p1a: Calyrex|82/100|[from] item: Leftovers
|-heal|p2a: Smeargle|82/100|[from] item: Leftovers
|-ability|p2a: Smeargle|Moody|boost
|-boost|p2a: Smeargle|spe|2
|-unboost|p2a: Smeargle|spa|1
|upkeep
|turn|4
|
|t:|1659420815
|move|p2a: Smeargle|Baton Pass|p2a: Smeargle
|
|t:|1659420818
|switch|p2a: Excadrill|Excadrill, F|7/100|[from]move: Baton Pass
|-ability|p2a: Excadrill|Mold Breaker
|move|p1a: Calyrex|Encore||[still]
|-fail|p1a: Calyrex
|
|-heal|p1a: Calyrex|88/100|[from] item: Leftovers
|upkeep
|turn|5
|
|t:|1659420823
|move|p2a: Excadrill|Bulldoze|p1a: Calyrex
|-end|p1a: Calyrex|Substitute
|move|p1a: Calyrex|Astral Barrage|p2a: Excadrill
|-end|p2a: Excadrill|Substitute
|
|-heal|p1a: Calyrex|94/100|[from] item: Leftovers
|upkeep
|turn|6
|
|t:|1659420831
|move|p2a: Excadrill|Stealth Rock|p1a: Calyrex
|-sidestart|p1: aseeasase|move: Stealth Rock
|move|p1a: Calyrex|Astral Barrage|p2a: Excadrill
|-damage|p2a: Excadrill|0 fnt
|faint|p2a: Excadrill
|-ability|p1a: Calyrex|Grim Neigh|boost
|-boost|p1a: Calyrex|spa|1
|
|-heal|p1a: Calyrex|99/100|[from] item: Leftovers
|upkeep
|
|t:|1659420833
|switch|p2a: Mimikyu|Mimikyu, M|100/100
|turn|7
|
|t:|1659420837
|switch|p1a: Tyranitar|Tyranitar, M|100/100
|-damage|p1a: Tyranitar|88/100|[from] Stealth Rock
|-weather|Sandstorm|[from] ability: Sand Stream|[of] p1a: Tyranitar
|switch|p2a: Smeargle|Smeargle, F, shiny|82/100
|
|-weather|Sandstorm|[upkeep]
|-damage|p2a: Smeargle|76/100|[from] Sandstorm
|-heal|p2a: Smeargle|82/100|[from] item: Leftovers
|-ability|p2a: Smeargle|Moody|boost
|-boost|p2a: Smeargle|spd|2
|-unboost|p2a: Smeargle|def|1
|upkeep
|turn|8
|
|t:|1659420847
|switch|p1a: Arceus|Arceus-Grass|100/100
|-damage|p1a: Arceus|88/100|[from] Stealth Rock
|move|p2a: Smeargle|Substitute|p2a: Smeargle
|-start|p2a: Smeargle|Substitute
|-damage|p2a: Smeargle|57/100
|
|-weather|Sandstorm|[upkeep]
|-damage|p1a: Arceus|82/100|[from] Sandstorm
|-damage|p2a: Smeargle|51/100|[from] Sandstorm
|-heal|p2a: Smeargle|57/100|[from] item: Leftovers
|-ability|p2a: Smeargle|Moody|boost
|-boost|p2a: Smeargle|atk|2
|-unboost|p2a: Smeargle|spd|1
|upkeep
|turn|9
|
|t:|1659420867
|move|p1a: Arceus|Earthquake|p2a: Smeargle
|-end|p2a: Smeargle|Substitute
|move|p2a: Smeargle|Shell Smash|p2a: Smeargle
|-unboost|p2a: Smeargle|def|1
|-unboost|p2a: Smeargle|spd|1
|-boost|p2a: Smeargle|atk|2
|-boost|p2a: Smeargle|spa|2
|-boost|p2a: Smeargle|spe|2
|
|-weather|Sandstorm|[upkeep]
|-damage|p2a: Smeargle|51/100|[from] Sandstorm
|-damage|p1a: Arceus|76/100|[from] Sandstorm
|-heal|p2a: Smeargle|57/100|[from] item: Leftovers
|-ability|p2a: Smeargle|Moody|boost
|-boost|p2a: Smeargle|atk|2
|-unboost|p2a: Smeargle|spa|1
|upkeep
|turn|10
|
|t:|1659420885
|move|p2a: Smeargle|Substitute|p2a: Smeargle
|-start|p2a: Smeargle|Substitute
|-damage|p2a: Smeargle|32/100
|move|p1a: Arceus|Earthquake|p2a: Smeargle
|-end|p2a: Smeargle|Substitute
|
|-weather|Sandstorm|[upkeep]
|-damage|p2a: Smeargle|26/100|[from] Sandstorm
|-damage|p1a: Arceus|70/100|[from] Sandstorm
|-heal|p2a: Smeargle|32/100|[from] item: Leftovers
|-ability|p2a: Smeargle|Moody|boost
|-boost|p2a: Smeargle|spa|2
|-unboost|p2a: Smeargle|spe|1
|upkeep
|turn|11
|
|t:|1659420898
|move|p2a: Smeargle|Baton Pass|p2a: Smeargle
|
|t:|1659420900
|switch|p2a: Mimikyu|Mimikyu, M|100/100|[from]move: Baton Pass
|move|p1a: Arceus|Bullet Seed|p2a: Mimikyu
|-activate|p2a: Mimikyu|ability: Disguise
|-damage|p2a: Mimikyu|100/100
|detailschange|p2a: Mimikyu|Mimikyu-Busted, M
|-damage|p2a: Mimikyu|88/100|[from] pokemon: Mimikyu-Busted
|-damage|p2a: Mimikyu|35/100
|-damage|p2a: Mimikyu|0 fnt
|faint|p2a: Mimikyu
|-hitcount|p2: Mimikyu|3
|
|-weather|none
|upkeep
|
|t:|1659420908
|switch|p2a: Mewtwo|Mewtwo|100/100
|-ability|p2a: Mewtwo|Pressure
|turn|12
|
|t:|1659420913
|switch|p1a: Tyranitar|Tyranitar, M|88/100
|-damage|p1a: Tyranitar|76/100|[from] Stealth Rock
|-weather|Sandstorm|[from] ability: Sand Stream|[of] p1a: Tyranitar
|move|p2a: Mewtwo|Taunt|p1a: Tyranitar
|-start|p1a: Tyranitar|move: Taunt
|
|-weather|Sandstorm|[upkeep]
|-damage|p2a: Mewtwo|94/100|[from] Sandstorm
|upkeep
|turn|13
|
|t:|1659420935
|detailschange|p1a: Tyranitar|Tyranitar-Mega, M
|-mega|p1a: Tyranitar|Tyranitar|Tyranitarite
|move|p2a: Mewtwo|Reflect|p2a: Mewtwo
|-sidestart|p2: Mimikium ZZ|Reflect
|move|p1a: Tyranitar|Pursuit|p2a: Mewtwo
|-supereffective|p2a: Mewtwo
|-damage|p2a: Mewtwo|74/100
|
|-weather|Sandstorm|[upkeep]
|-damage|p2a: Mewtwo|67/100|[from] Sandstorm
|upkeep
|turn|14
|
|t:|1659420948
|switch|p1a: Calyrex|Calyrex-Shadow|99/100
|-ability|p1a: Calyrex|As One
|-ability|p1a: Calyrex|Unnerve
|-damage|p1a: Calyrex|88/100|[from] Stealth Rock
|move|p2a: Mewtwo|Light Screen|p2a: Mewtwo
|-sidestart|p2: Mimikium ZZ|move: Light Screen
|
|-weather|Sandstorm|[upkeep]
|-damage|p1a: Calyrex|82/100|[from] Sandstorm
|-damage|p2a: Mewtwo|61/100|[from] Sandstorm
|-heal|p1a: Calyrex|88/100|[from] item: Leftovers
|upkeep
|turn|15
|
|t:|1659420956
|move|p1a: Calyrex|Encore|p2a: Mewtwo
|-start|p2a: Mewtwo|Encore
|move|p2a: Mewtwo|Light Screen||[still]
|-fail|p2a: Mewtwo
|
|-weather|Sandstorm|[upkeep]
|-damage|p1a: Calyrex|82/100|[from] Sandstorm
|-damage|p2a: Mewtwo|55/100|[from] Sandstorm
|-heal|p1a: Calyrex|88/100|[from] item: Leftovers
|upkeep
|turn|16
|
|t:|1659420960
|switch|p2a: Smeargle|Smeargle, F, shiny|32/100
|move|p1a: Calyrex|Substitute|p1a: Calyrex
|-start|p1a: Calyrex|Substitute
|-damage|p1a: Calyrex|63/100
|
|-weather|none
|-heal|p1a: Calyrex|69/100|[from] item: Leftovers
|-heal|p2a: Smeargle|38/100|[from] item: Leftovers
|-ability|p2a: Smeargle|Moody|boost
|-boost|p2a: Smeargle|def|2
|-unboost|p2a: Smeargle|atk|1
|upkeep
|turn|17
|
|t:|1659420966
|move|p1a: Calyrex|Leech Seed|p2a: Smeargle
|-start|p2a: Smeargle|move: Leech Seed
|move|p2a: Smeargle|Shell Smash|p2a: Smeargle
|-unboost|p2a: Smeargle|def|1
|-unboost|p2a: Smeargle|spd|1
|-boost|p2a: Smeargle|atk|2
|-boost|p2a: Smeargle|spa|2
|-boost|p2a: Smeargle|spe|2
|
|-heal|p2a: Smeargle|44/100|[from] item: Leftovers
|-heal|p1a: Calyrex|75/100|[from] item: Leftovers
|-damage|p2a: Smeargle|31/100|[from] Leech Seed|[of] p1a: Calyrex
|-heal|p1a: Calyrex|87/100|[silent]
|-ability|p2a: Smeargle|Moody|boost
|-boost|p2a: Smeargle|spa|2
|-unboost|p2a: Smeargle|atk|1
|upkeep
|turn|18
|
|t:|1659420981
|move|p2a: Smeargle|Substitute|p2a: Smeargle
|-start|p2a: Smeargle|Substitute
|-damage|p2a: Smeargle|7/100
|move|p1a: Calyrex|Leech Seed||[still]
|-fail|p1a: Calyrex
|
|-heal|p2a: Smeargle|13/100|[from] item: Leftovers
|-heal|p1a: Calyrex|93/100|[from] item: Leftovers
|-damage|p2a: Smeargle|0 fnt|[from] Leech Seed|[of] p1a: Calyrex
|-heal|p1a: Calyrex|100/100|[silent]
|faint|p2a: Smeargle
|upkeep
|
|t:|1659420985
|switch|p2a: Zygarde|Zygarde|100/100
|turn|19
|
|t:|1659420988
|move|p1a: Calyrex|Leech Seed|p2a: Zygarde
|-start|p2a: Zygarde|move: Leech Seed
|move|p2a: Zygarde|Dragon Dance|p2a: Zygarde
|-boost|p2a: Zygarde|atk|1
|-boost|p2a: Zygarde|spe|1
|
|-damage|p2a: Zygarde|88/100|[from] Leech Seed|[of] p1a: Calyrex
|upkeep
|turn|20
|
|t:|1659421000
|-start|p2a: Zygarde|Dynamax|
|-heal|p2a: Zygarde|88/100|[silent]
|move|p1a: Calyrex|Encore||[still]
|-fail|p1a: Calyrex
|move|p2a: Zygarde|Max Quake|p1a: Calyrex
|-end|p1a: Calyrex|Substitute
|-boost|p2a: Zygarde|spd|1
|-damage|p2a: Zygarde|83/100|[from] item: Life Orb
|
|-damage|p2a: Zygarde|77/100|[from] Leech Seed|[of] p1a: Calyrex
|-sideend|p2: Mimikium ZZ|Reflect
|upkeep
|turn|21
|
|t:|1659421008
|move|p1a: Calyrex|Substitute|p1a: Calyrex
|-start|p1a: Calyrex|Substitute
|-damage|p1a: Calyrex|76/100
|move|p2a: Zygarde|Max Quake|p1a: Calyrex
|-end|p1a: Calyrex|Substitute
|-boost|p2a: Zygarde|spd|1
|-damage|p2a: Zygarde|72/100|[from] item: Life Orb
|
|-heal|p1a: Calyrex|82/100|[from] item: Leftovers
|-damage|p2a: Zygarde|66/100|[from] Leech Seed|[of] p1a: Calyrex
|-heal|p1a: Calyrex|95/100|[silent]
|-sideend|p2: Mimikium ZZ|move: Light Screen
|upkeep
|turn|22
|
|t:|1659421014
|move|p1a: Calyrex|Substitute|p1a: Calyrex
|-start|p1a: Calyrex|Substitute
|-damage|p1a: Calyrex|70/100
|move|p2a: Zygarde|Max Quake|p1a: Calyrex
|-end|p1a: Calyrex|Substitute
|-boost|p2a: Zygarde|spd|1
|-damage|p2a: Zygarde|61/100|[from] item: Life Orb
|
|-heal|p1a: Calyrex|76/100|[from] item: Leftovers
|-damage|p2a: Zygarde|55/100|[from] Leech Seed|[of] p1a: Calyrex
|-heal|p1a: Calyrex|89/100|[silent]
|upkeep
|-end|p2a: Zygarde|Dynamax
|-heal|p2a: Zygarde|55/100|[silent]
|turn|23
|
|t:|1659421023
|-start|p1a: Calyrex|Dynamax|
|-heal|p1a: Calyrex|89/100|[silent]
|move|p1a: Calyrex|Max Phantasm|p2a: Zygarde
|-damage|p2a: Zygarde|18/100
|-unboost|p2a: Zygarde|def|1
|move|p2a: Zygarde|Dragon Dance|p2a: Zygarde
|-boost|p2a: Zygarde|atk|1
|-boost|p2a: Zygarde|spe|1
|
|-heal|p1a: Calyrex|92/100|[from] item: Leftovers
|-damage|p2a: Zygarde|6/100|[from] Leech Seed|[of] p1a: Calyrex
|-heal|p1a: Calyrex|99/100|[silent]
|-activate|p2a: Zygarde|ability: Power Construct
|detailschange|p2a: Zygarde|Zygarde-Complete
|-heal|p2a: Zygarde|41/100|[silent]
|upkeep
|turn|24
|
|t:|1659421033
|move|p2a: Zygarde|Thousand Arrows|p1a: Calyrex
|-damage|p1a: Calyrex|28/100
|-damage|p2a: Zygarde|31/100|[from] item: Life Orb
|move|p1a: Calyrex|Max Phantasm|p2a: Zygarde
|-damage|p2a: Zygarde|11/100
|-unboost|p2a: Zygarde|def|1
|
|-heal|p1a: Calyrex|31/100|[from] item: Leftovers
|-damage|p2a: Zygarde|0 fnt|[from] Leech Seed|[of] p1a: Calyrex
|-heal|p1a: Calyrex|40/100|[silent]
|faint|p2a: Zygarde
|upkeep
|-message|Mimikium ZZ forfeited.
|
|win|aseeasase
|raw|aseeasase's rating: 1884 &rarr; <strong>1895</strong><br />(+11 for winning)
|raw|Mimikium ZZ's rating: 1716 &rarr; <strong>1705</strong><br />(-11 for losing)
|l|☆Mimikium ZZ
|c|☆aseeasase|oh
