|j|☆iroeweuio
|j|☆Better Alone
|t:|1662500696
|gametype|singles
|player|p1|iroeweuio|2|1582
|player|p2|Better Alone|swimmerf-gen4|1750
|teamsize|p1|6
|teamsize|p2|6
|gen|8
|tier|[Gen 8] National Dex AG
|rated|
|rule|HP Percentage Mod: HP is shown in percentages
|rule|Endless Battle Clause: Forcing endless battles is banned
|clearpoke
|poke|p1|Chatot, M|
|poke|p1|Weavile, F|
|poke|p1|Giratina-Origin|
|poke|p1|Ditto|
|poke|p1|Breloom, F|
|poke|p1|Wobbuffet, F|
|poke|p2|Ditto|
|poke|p2|Calyrex-Shadow|
|poke|p2|Groudon|
|poke|p2|Rayquaza|
|poke|p2|Tyranitar, F|
|poke|p2|Arceus-*|
|teampreview
|inactive|Battle timer is ON: inactive players will automatically lose when time's up. (requested by Better Alone)
|
|t:|1662500728
|start
|switch|p1a: Weavile|Weavile, F|100/100
|switch|p2a: Arceus|Arceus-Ground|100/100
|-ability|p1a: Weavile|Pressure
|turn|1
|
|t:|1662500732
|move|p1a: Weavile|Substitute|p1a: Weavile
|-start|p1a: Weavile|Substitute
|-damage|p1a: Weavile|76/100
|move|p2a: Arceus|Stealth Rock|p1a: Weavile
|-sidestart|p1: iroeweuio|move: Stealth Rock
|
|-heal|p1a: Weavile|82/100|[from] item: Leftovers
|upkeep
|turn|2
|
|t:|1662500734
|move|p1a: Weavile|Assist|p1a: Weavile
|move|p1a: Weavile|Spore|p2a: Arceus|[from]move: Assist
|-status|p2a: Arceus|slp|[from] move: Spore
|cant|p2a: Arceus|slp
|
|-heal|p1a: Weavile|88/100|[from] item: Leftovers
|upkeep
|turn|3
|
|t:|1662500736
|move|p1a: Weavile|Swords Dance|p1a: Weavile
|-boost|p1a: Weavile|atk|2
|cant|p2a: Arceus|slp
|
|-heal|p1a: Weavile|94/100|[from] item: Leftovers
|upkeep
|turn|4
|
|t:|1662500738
|move|p1a: Weavile|Triple Axel|p2a: Arceus
|-supereffective|p2a: Arceus
|-damage|p2a: Arceus|77/100 slp
|-hitcount|p2a: Arceus|1
|cant|p2a: Arceus|slp
|
|-heal|p1a: Weavile|99/100|[from] item: Leftovers
|upkeep
|turn|5
|
|t:|1662500744
|move|p1a: Weavile|Triple Axel|p2a: Arceus
|-supereffective|p2a: Arceus
|-crit|p2a: Arceus
|-damage|p2a: Arceus|43/100 slp
|-supereffective|p2a: Arceus
|-damage|p2a: Arceus|2/100 slp
|-supereffective|p2a: Arceus
|-damage|p2a: Arceus|0 fnt
|faint|p2a: Arceus
|-hitcount|p2: Arceus|3
|
|-heal|p1a: Weavile|100/100|[from] item: Leftovers
|upkeep
|inactive|Better Alone has 120 seconds left.
|
|t:|1662500777
|switch|p2a: Groudon|Groudon, shiny|100/100
|detailschange|p2a: Groudon|Groudon-Primal, shiny
|-primal|p2a: Groudon
|-weather|DesolateLand|[from] ability: Desolate Land|[of] p2a: Groudon
|turn|6
|
|t:|1662500802
|move|p1a: Weavile|Assist|p1a: Weavile
|move|p1a: Weavile|Spore|p2a: Groudon|[from]move: Assist
|-status|p2a: Groudon|slp|[from] move: Spore
|cant|p2a: Groudon|slp
|
|-weather|DesolateLand|[upkeep]
|upkeep
|turn|7
|
|t:|1662500805
|move|p1a: Weavile|Triple Axel|p2a: Groudon
|-crit|p2a: Groudon
|-damage|p2a: Groudon|86/100 slp
|-damage|p2a: Groudon|65/100 slp
|-damage|p2a: Groudon|33/100 slp
|-hitcount|p2a: Groudon|3
|cant|p2a: Groudon|slp
|
|-weather|DesolateLand|[upkeep]
|upkeep
|turn|8
|
|t:|1662500809
|move|p1a: Weavile|Triple Axel|p2a: Groudon
|-damage|p2a: Groudon|24/100 slp
|-damage|p2a: Groudon|4/100 slp
|-damage|p2a: Groudon|0 fnt
|faint|p2a: Groudon
|-weather|none
|-hitcount|p2: Groudon|3
|
|upkeep
|
|t:|1662500811
|switch|p2a: Calyrex|Calyrex-Shadow|100/100
|-ability|p2a: Calyrex|As One
|-ability|p2a: Calyrex|Unnerve
|turn|9
|
|t:|1662500816
|-start|p2a: Calyrex|Dynamax|
|-heal|p2a: Calyrex|100/100|[silent]
|move|p2a: Calyrex|Max Starfall|p1a: Weavile
|-supereffective|p1a: Weavile
|-crit|p1a: Weavile
|-end|p1a: Weavile|Substitute
|-fieldstart|move: Misty Terrain
|move|p1a: Weavile|Assist|p1a: Weavile
|move|p1a: Weavile|Spore|p2a: Calyrex|[from]move: Assist
|-activate|p2a: Calyrex|move: Misty Terrain
|
|upkeep
|turn|10
|
|t:|1662500830
|switch|p1a: Wobbuffet|Wobbuffet, F|100/100
|-damage|p1a: Wobbuffet|88/100|[from] Stealth Rock
|move|p2a: Calyrex|Max Starfall|p1a: Wobbuffet
|-damage|p1a: Wobbuffet|62/100
|
|upkeep
|turn|11
|
|t:|1662500834
|move|p2a: Calyrex|Max Phantasm|p1a: Wobbuffet
|-supereffective|p1a: Wobbuffet
|-damage|p1a: Wobbuffet|0 fnt
|faint|p1a: Wobbuffet
|-ability|p2a: Calyrex|Grim Neigh|boost
|-boost|p2a: Calyrex|spa|1
|
|upkeep
|
|t:|1662500837
|switch|p1a: Ditto|Ditto|100/100
|-damage|p1a: Ditto|88/100|[from] Stealth Rock
|-transform|p1a: Ditto|p2a: Calyrex|[from] ability: Imposter
|-end|p2a: Calyrex|Dynamax
|-heal|p2a: Calyrex|100/100|[silent]
|turn|12
|
|t:|1662500841
|switch|p2a: Ditto|Ditto|100/100
|move|p1a: Ditto|Astral Barrage|p2a: Ditto
|-immune|p2a: Ditto
|
|upkeep
|turn|13
|
|t:|1662500844
|switch|p2a: Tyranitar|Tyranitar, F|100/100
|-weather|Sandstorm|[from] ability: Sand Stream|[of] p2a: Tyranitar
|-start|p1a: Ditto|Dynamax|
|-heal|p1a: Ditto|88/100|[silent]
|move|p1a: Ditto|Max Starfall|p2a: Tyranitar
|-supereffective|p2a: Tyranitar
|-damage|p2a: Tyranitar|68/100
|
|-weather|Sandstorm|[upkeep]
|-damage|p1a: Ditto|85/100|[from] Sandstorm
|-fieldend|Misty Terrain
|upkeep
|turn|14
|
|t:|1662500849
|move|p1a: Ditto|Max Overgrowth|p2a: Tyranitar
|-supereffective|p2a: Tyranitar
|-damage|p2a: Tyranitar|23/100
|-fieldstart|move: Grassy Terrain
|move|p2a: Tyranitar|Pursuit|p1a: Ditto
|-supereffective|p1a: Ditto
|-damage|p1a: Ditto|33/100
|
|-weather|Sandstorm|[upkeep]
|-damage|p1a: Ditto|30/100|[from] Sandstorm
|-heal|p1a: Ditto|33/100|[from] Grassy Terrain
|-heal|p2a: Tyranitar|29/100|[from] Grassy Terrain
|upkeep
|turn|15
|
|t:|1662500853
|move|p1a: Ditto|Max Overgrowth|p2a: Tyranitar
|-supereffective|p2a: Tyranitar
|-damage|p2a: Tyranitar|0 fnt
|faint|p2a: Tyranitar
|-ability|p1a: Ditto|Grim Neigh|boost
|-boost|p1a: Ditto|spa|1
|
|-weather|Sandstorm|[upkeep]
|-damage|p1a: Ditto|30/100|[from] Sandstorm
|-heal|p1a: Ditto|33/100|[from] Grassy Terrain
|upkeep
|
|t:|1662500858
|switch|p2a: Calyrex|Calyrex-Shadow|100/100
|-ability|p2a: Calyrex|As One
|-ability|p2a: Calyrex|Unnerve
|-end|p1a: Ditto|Dynamax
|-heal|p1a: Ditto|33/100|[silent]
|turn|16
|
|t:|1662500862
|switch|p2a: Ditto|Ditto|100/100
|move|p1a: Ditto|Astral Barrage|p2a: Ditto
|-immune|p2a: Ditto
|
|-weather|Sandstorm|[upkeep]
|-damage|p1a: Ditto|27/100|[from] Sandstorm
|-damage|p2a: Ditto|94/100|[from] Sandstorm
|-heal|p1a: Ditto|33/100|[from] Grassy Terrain
|-heal|p2a: Ditto|100/100|[from] Grassy Terrain
|upkeep
|turn|17
|
|t:|1662500864
|move|p1a: Ditto|Astral Barrage|p2a: Ditto
|-immune|p2a: Ditto
|move|p2a: Ditto|Transform||[still]
|-fail|p2a: Ditto
|
|-weather|none
|-heal|p1a: Ditto|39/100|[from] Grassy Terrain
|upkeep
|turn|18
|
|t:|1662500865
|move|p1a: Ditto|Astral Barrage|p2a: Ditto
|-immune|p2a: Ditto
|move|p2a: Ditto|Transform||[still]
|-fail|p2a: Ditto
|
|-heal|p1a: Ditto|45/100|[from] Grassy Terrain
|-fieldend|move: Grassy Terrain
|upkeep
|turn|19
|
|t:|1662500872
|move|p1a: Ditto|Astral Barrage|p2a: Ditto
|-immune|p2a: Ditto
|move|p2a: Ditto|Transform||[still]
|-fail|p2a: Ditto
|
|upkeep
|turn|20
|
|t:|1662500874
|switch|p1a: Giratina|Giratina-Origin|100/100
|-damage|p1a: Giratina|88/100|[from] Stealth Rock
|move|p2a: Ditto|Transform|p1a: Giratina
|-transform|p2a: Ditto|p1a: Giratina
|
|upkeep
|turn|21
|
|t:|1662500881
|move|p2a: Ditto|Shadow Force||[still]
|-prepare|p2a: Ditto|Shadow Force
|move|p1a: Giratina|Destiny Bond|p1a: Giratina
|-singlemove|p1a: Giratina|Destiny Bond
|
|upkeep
|turn|22
|
|t:|1662500887
|move|p2a: Ditto|Shadow Force|p1a: Giratina|[from]lockedmove
|-supereffective|p1a: Giratina
|-damage|p1a: Giratina|0 fnt
|faint|p1a: Giratina
|-activate|p1a: Giratina|move: Destiny Bond
|faint|p2a: Ditto
|
|upkeep
|
|t:|1662500891
|switch|p1a: Weavile|Weavile, F|100/100
|switch|p2a: Rayquaza|Rayquaza|100/100
|-damage|p1a: Weavile|76/100|[from] Stealth Rock
|-ability|p1a: Weavile|Pressure
|-ability|p2a: Rayquaza|Air Lock
|turn|23
|
|t:|1662500898
|detailschange|p2a: Rayquaza|Rayquaza-Mega
|-mega|p2a: Rayquaza|Rayquaza|
|-weather|DeltaStream|[from] ability: Delta Stream|[of] p2a: Rayquaza
|move|p2a: Rayquaza|Extreme Speed|p1a: Weavile
|-damage|p1a: Weavile|20/100
|move|p1a: Weavile|Triple Axel|p2a: Rayquaza
|-activate||deltastream
|-supereffective|p2a: Rayquaza
|-crit|p2a: Rayquaza
|-damage|p2a: Rayquaza|69/100
|-activate||deltastream
|-supereffective|p2a: Rayquaza
|-damage|p2a: Rayquaza|33/100
|-activate||deltastream
|-supereffective|p2a: Rayquaza
|-damage|p2a: Rayquaza|0 fnt
|faint|p2a: Rayquaza
|-weather|none
|-hitcount|p2: Rayquaza|3
|
|-heal|p1a: Weavile|26/100|[from] item: Leftovers
|upkeep
|
|t:|1662500909
|switch|p2a: Calyrex|Calyrex-Shadow|100/100
|-ability|p2a: Calyrex|As One
|-ability|p2a: Calyrex|Unnerve
|turn|24
|
|t:|1662500913
|move|p2a: Calyrex|Draining Kiss|p1a: Weavile
|-supereffective|p1a: Weavile
|-damage|p1a: Weavile|0 fnt
|faint|p1a: Weavile
|-ability|p2a: Calyrex|Grim Neigh|boost
|-boost|p2a: Calyrex|spa|1
|
|upkeep
|
|t:|1662500915
|switch|p1a: Breloom|Breloom, F|100/100
|-damage|p1a: Breloom|94/100|[from] Stealth Rock
|turn|25
|
|t:|1662500917
|move|p1a: Breloom|Protect|p1a: Breloom
|-singleturn|p1a: Breloom|Protect
|move|p2a: Calyrex|Draining Kiss|p1a: Breloom
|-activate|p1a: Breloom|move: Protect
|
|-status|p1a: Breloom|tox|[from] item: Toxic Orb
|upkeep
|turn|26
|
|t:|1662500920
|move|p2a: Calyrex|Draining Kiss|p1a: Breloom
|-supereffective|p1a: Breloom
|-crit|p1a: Breloom
|-damage|p1a: Breloom|0 fnt
|faint|p1a: Breloom
|-ability|p2a: Calyrex|Grim Neigh|boost
|-boost|p2a: Calyrex|spa|1
|
|upkeep
|
|t:|1662500922
|switch|p1a: Chatot|Chatot, M|100/100
|-damage|p1a: Chatot|76/100|[from] Stealth Rock
|turn|27
|
|t:|1662500923
|move|p1a: Chatot|Protect|p1a: Chatot
|-singleturn|p1a: Chatot|Protect
|move|p2a: Calyrex|Draining Kiss|p1a: Chatot
|-activate|p1a: Chatot|move: Protect
|
|upkeep
|turn|28
|
|t:|1662500925
|move|p2a: Calyrex|Draining Kiss|p1a: Chatot
|-damage|p1a: Chatot|0 fnt
|faint|p1a: Chatot
|-ability|p2a: Calyrex|Grim Neigh|boost
|-boost|p2a: Calyrex|spa|1
|
|upkeep
|
|t:|1662500927
|switch|p1a: Ditto|Ditto|45/100
|-damage|p1a: Ditto|33/100|[from] Stealth Rock
|-transform|p1a: Ditto|p2a: Calyrex|[from] ability: Imposter
|turn|29
|
|t:|1662500928
|move|p1a: Ditto|Astral Barrage|p2a: Calyrex
|-supereffective|p2a: Calyrex
|-damage|p2a: Calyrex|0 fnt
|faint|p2a: Calyrex
|
|win|iroeweuio
|raw|iroeweuio's rating: 1565 &rarr; <strong>1595</strong><br />(+30 for winning)
|raw|Better Alone's rating: 1750 &rarr; <strong>1720</strong><br />(-30 for losing)
|c|☆iroeweuio|gg
|l|☆Better Alone
||Ladder isn't responding, score probably updated but might not have (Request timeout).
