|j|☆King-HenryTheThird
|j|☆OnMaWa
|player|p1|King-HenryTheThird|ghetsis|1729
|player|p2|OnMaWa|psychic-gen4|1809
|teamsize|p1|6
|teamsize|p2|6
|gametype|singles
|gen|8
|tier|[Gen 8] National Dex AG
|rated|
|clearpoke
|poke|p1|Zygarde|
|poke|p1|Zacian-Crowned|
|poke|p1|Groudon|
|poke|p1|Ho-Oh|
|poke|p1|Yveltal|
|poke|p1|Ditto|
|poke|p2|Arceus-*|
|poke|p2|Xerneas|
|poke|p2|Lugia|
|poke|p2|Zacian-Crowned|
|poke|p2|Necrozma-Dusk-Mane|
|poke|p2|Yveltal|
|rule|HP Percentage Mod: HP is shown in percentages
|rule|Endless Battle Clause: Forcing endless battles is banned
|teampreview
|c|☆King-HenryTheThird|hey
|c|☆King-HenryTheThird|hf
|
|start
|switch|p1a: 虹の神|Ho-Oh, shiny|100/100
|switch|p2a: Yveltal|Yveltal, shiny|100/100
|-ability|p2a: Yveltal|Dark Aura
|turn|1
|inactive|Battle timer is ON: inactive players will automatically lose when time's up. (requested by King-HenryTheThird)
|
|switch|p2a: Lugia|Lugia|100/100
|move|p1a: 虹の神|Toxic|p2a: Lugia
|-status|p2a: Lugia|tox
|
|-damage|p2a: Lugia|94/100 tox|[from] psn
|upkeep
|turn|2
|
|move|p2a: Lugia|Thunder Wave|p1a: 虹の神
|-status|p1a: 虹の神|par
|cant|p1a: 虹の神|par
|
|-damage|p2a: Lugia|82/100 tox|[from] psn
|upkeep
|turn|3
|
|move|p1a: 虹の神|Brave Bird|p2a: Lugia
|-damage|p2a: Lugia|54/100 tox
|-damage|p1a: 虹の神|91/100 par|[from] Recoil
|move|p2a: Lugia|Whirlwind|p1a: 虹の神
|drag|p1a: 悪魔|Ditto, shiny|100/100
|-transform|p1a: 悪魔|p2a: Lugia|[from] ability: Imposter
|
|-damage|p2a: Lugia|35/100 tox|[from] psn
|upkeep
|turn|4
|
|switch|p1a: 虹の神|Ho-Oh, shiny|100/100 par
|move|p2a: Lugia|Thunder Wave|p1a: 虹の神
|-fail|p1a: 虹の神|par
|
|-damage|p2a: Lugia|10/100 tox|[from] psn
|upkeep
|turn|5
|
|move|p1a: 虹の神|Brave Bird|p2a: Lugia
|-damage|p2a: Lugia|0 fnt
|-damage|p1a: 虹の神|97/100 par|[from] Recoil
|faint|p2a: Lugia
|
|upkeep
|inactive|OnMaWa has 120 seconds left.
|
|switch|p2a: Necrozma|Necrozma-Dusk-Mane|100/100
|turn|6
|inactive|OnMaWa has 120 seconds left.
|c|☆King-HenryTheThird|is it weakness policy?
|
|move|p2a: Necrozma|Rock Slide|p1a: 虹の神
|-supereffective|p1a: 虹の神
|-damage|p1a: 虹の神|11/100 par
|cant|p1a: 虹の神|flinch
|
|upkeep
|turn|7
|inactive|OnMaWa has 90 seconds left.
|
|switch|p1a: 竜|Zygarde, shiny|100/100
|move|p2a: Necrozma|Photon Geyser|p1a: 竜
|-damage|p1a: 竜|66/100
|
|upkeep
|turn|8
|inactive|OnMaWa has 90 seconds left.
|
|detailschange|p2a: Necrozma|Necrozma-Ultra
|-burst|p2a: Necrozma|Necrozma|Ultranecrozium Z
|move|p2a: Necrozma|Dragon Dance|p2a: Necrozma
|-boost|p2a: Necrozma|atk|1
|-boost|p2a: Necrozma|spe|1
|move|p1a: 竜|Glare|p2a: Necrozma
|-status|p2a: Necrozma|par
|
|upkeep
|turn|9
|inactive|OnMaWa has 90 seconds left.
|
|-zpower|p2a: Necrozma
|move|p2a: Necrozma|Light That Burns the Sky|p1a: 竜|[zeffect]
|-damage|p1a: 竜|0 fnt
|faint|p1a: 竜
|
|upkeep
|
|switch|p1a: 悪魔|Ditto, shiny|100/100
|-transform|p1a: 悪魔|p2a: Necrozma|[from] ability: Imposter
|turn|10
|inactive|OnMaWa has 90 seconds left.
|
|move|p1a: 悪魔|Earthquake|p2a: Necrozma
|-damage|p2a: Necrozma|28/100 par
|move|p2a: Necrozma|Earthquake|p1a: 悪魔
|-damage|p1a: 悪魔|16/100
|
|upkeep
|turn|11
|inactive|OnMaWa has 90 seconds left.
|inactive|OnMaWa has 60 seconds left.
|j| brotherbrot
|
|switch|p2a: Yveltal|Yveltal, shiny|100/100
|-ability|p2a: Yveltal|Dark Aura
|move|p1a: 悪魔|Earthquake|p2a: Yveltal
|-immune|p2a: Yveltal
|
|upkeep
|turn|12
|
|switch|p1a: 虹の神|Ho-Oh, shiny|44/100 par
|move|p2a: Yveltal|Dark Pulse|p1a: 虹の神
|-damage|p1a: 虹の神|0 fnt
|-damage|p2a: Yveltal|91/100|[from] item: Life Orb
|faint|p1a: 虹の神
|
|upkeep
|
|switch|p1a: 王様|Zacian-Crowned|100/100
|-ability|p1a: 王様|Intrepid Sword|boost
|-boost|p1a: 王様|atk|1
|turn|13
|
|switch|p2a: Necrozma|Necrozma-Ultra|28/100 par
|move|p1a: 王様|Behemoth Blade|p2a: Necrozma
|-damage|p2a: Necrozma|0 fnt
|faint|p2a: Necrozma
|
|upkeep
|
|switch|p2a: Zacian|Zacian-Crowned|100/100
|-ability|p2a: Zacian|Intrepid Sword|boost
|-boost|p2a: Zacian|atk|1
|turn|14
|
|switch|p1a: 怪物|Groudon, shiny|100/100
|detailschange|p1a: 怪物|Groudon-Primal, shiny
|-primal|p1a: 怪物
|-weather|DesolateLand|[from] ability: Desolate Land|[of] p1a: 怪物
|move|p2a: Zacian|Behemoth Blade|p1a: 怪物
|-resisted|p1a: 怪物
|-damage|p1a: 怪物|76/100
|
|-weather|DesolateLand|[upkeep]
|upkeep
|turn|15
|inactive|OnMaWa has 30 seconds left.
|
|move|p2a: Zacian|Close Combat|p1a: 怪物
|-damage|p1a: 怪物|34/100
|-unboost|p2a: Zacian|def|1
|-unboost|p2a: Zacian|spd|1
|move|p1a: 怪物|Thunder Wave|p2a: Zacian
|-status|p2a: Zacian|par
|
|-weather|DesolateLand|[upkeep]
|upkeep
|turn|16
|
|cant|p2a: Zacian|par
|move|p1a: 怪物|Earthquake|p2a: Zacian
|-supereffective|p2a: Zacian
|-damage|p2a: Zacian|0 fnt
|faint|p2a: Zacian
|
|-weather|DesolateLand|[upkeep]
|upkeep
|inactive|OnMaWa has 30 seconds left.
|inactive|OnMaWa has 20 seconds left.
|inactive|OnMaWa has 15 seconds left.
|inactive|OnMaWa has 10 seconds left.
|
|switch|p2a: Yveltal|Yveltal, shiny|91/100
|-ability|p2a: Yveltal|Dark Aura
|turn|17
|inactive|OnMaWa has 20 seconds left this turn.
|inactive|OnMaWa has 15 seconds left.
|inactive|OnMaWa has 10 seconds left.
|
|move|p2a: Yveltal|Oblivion Wing|p1a: 怪物
|-damage|p1a: 怪物|0 fnt
|-heal|p2a: Yveltal|100/100|[from] drain|[of] p1a: 怪物
|-damage|p2a: Yveltal|91/100|[from] item: Life Orb
|faint|p1a: 怪物
|-weather|none
|
|upkeep
|inactive|OnMaWa has 15 seconds left this turn.
|
|switch|p1a: 死亡|Yveltal|100/100
|-ability|p1a: 死亡|Dark Aura
|turn|18
|inactive|OnMaWa has 25 seconds left this turn.
|j| Ntty98
|inactive|OnMaWa has 20 seconds left.
|inactive|OnMaWa has 15 seconds left.
|inactive|OnMaWa has 10 seconds left.
|c| Ntty98|oj
|inactive|OnMaWa has 5 seconds left.
|c| Ntty98|oh
|c|☆King-HenryTheThird|bro
|
|-start|p2a: Yveltal|Dynamax
|-heal|p2a: Yveltal|91/100|[silent]
|-start|p1a: 死亡|Dynamax
|-heal|p1a: 死亡|100/100|[silent]
|move|p1a: 死亡|Max Airstream|p2a: Yveltal
|-damage|p2a: Yveltal|45/100
|-boost|p1a: 死亡|spe|1
|-damage|p1a: 死亡|96/100|[from] item: Life Orb
|move|p2a: Yveltal|Max Airstream|p1a: 死亡
|-damage|p1a: 死亡|52/100
|-boost|p2a: Yveltal|spe|1
|-damage|p2a: Yveltal|40/100|[from] item: Life Orb
|
|upkeep
|turn|19
|inactive|OnMaWa has 15 seconds left this turn.
|c| brotherbrot|u lsot
|c| Ntty98|well
|inactive|OnMaWa has 10 seconds left.
|inactive|OnMaWa has 5 seconds left.
|
|move|p2a: Yveltal|Max Guard|p2a: Yveltal
|-singleturn|p2a: Yveltal|Max Guard
|move|p1a: 死亡|Max Airstream|p2a: Yveltal
|-activate|p2a: Yveltal|move: Max Guard
|
|upkeep
|turn|20
|inactive|OnMaWa has 15 seconds left this turn.
|inactive|OnMaWa has 10 seconds left.
|
|move|p1a: 死亡|Max Airstream|p2a: Yveltal
|-damage|p2a: Yveltal|0 fnt
|-boost|p1a: 死亡|spe|1
|-damage|p1a: 死亡|47/100|[from] item: Life Orb
|faint|p2a: Yveltal
|
|-end|p1a: 死亡|Dynamax
|-heal|p1a: 死亡|47/100|[silent]
|upkeep
|inactive|OnMaWa has 15 seconds left this turn.
|inactive|OnMaWa has 10 seconds left.
|inactive|OnMaWa has 5 seconds left.
|
|switch|p2a: Xerneas|Xerneas, shiny|100/100
|-ability|p2a: Xerneas|Fairy Aura
|turn|21
|inactive|OnMaWa has 15 seconds left this turn.
|inactive|OnMaWa has 10 seconds left.
|
|move|p1a: 死亡|Oblivion Wing|p2a: Xerneas
|-damage|p2a: Xerneas|50/100
|-heal|p1a: 死亡|85/100|[from] drain|[of] p2a: Xerneas
|-damage|p1a: 死亡|75/100|[from] item: Life Orb
|move|p2a: Xerneas|Geomancy||[still]
|-prepare|p2a: Xerneas|Geomancy|p2a: Xerneas
|-enditem|p2a: Xerneas|Power Herb
|-anim|p2a: Xerneas|Geomancy|p2a: Xerneas
|-boost|p2a: Xerneas|spa|2
|-boost|p2a: Xerneas|spd|2
|-boost|p2a: Xerneas|spe|2
|
|upkeep
|turn|22
|inactive|OnMaWa has 20 seconds left this turn.
|c| Ntty98|lol
|inactive|OnMaWa has 15 seconds left.
|inactive|OnMaWa has 10 seconds left.
|c| Ntty98|10 seconds to react to
|
|move|p1a: 死亡|Hidden Power|p2a: Xerneas
|-supereffective|p2a: Xerneas
|-damage|p2a: Xerneas|25/100
|-damage|p1a: 死亡|65/100|[from] item: Life Orb
|move|p2a: Xerneas|Moonblast|p1a: 死亡
|-supereffective|p1a: 死亡
|-damage|p1a: 死亡|0 fnt
|faint|p1a: 死亡
|
|upkeep
|inactive|OnMaWa has 15 seconds left this turn.
|
|switch|p1a: 悪魔|Ditto, shiny|16/100
|-transform|p1a: 悪魔|p2a: Xerneas|[from] ability: Imposter
|-ability|p1a: 悪魔|Fairy Aura
|turn|23
|inactive|OnMaWa has 25 seconds left this turn.
|inactive|OnMaWa has 20 seconds left.
|
|move|p1a: 悪魔|Moonblast|p2a: Xerneas
|-damage|p2a: Xerneas|0 fnt
|faint|p2a: Xerneas
|
|upkeep
|inactive|OnMaWa has 25 seconds left this turn.
|c| Ntty98|gg
|inactive|OnMaWa has 20 seconds left.
|
|switch|p2a: Arceus|Arceus|100/100
|turn|24
|inactive|OnMaWa has 30 seconds left this turn.
|
|move|p2a: Arceus|Extreme Speed|p1a: 悪魔
|-damage|p1a: 悪魔|0 fnt
|faint|p1a: 悪魔
|
|upkeep
|
|switch|p1a: 王様|Zacian-Crowned|100/100
|-ability|p1a: 王様|Intrepid Sword|boost
|-boost|p1a: 王様|atk|1
|turn|25
|c| Ntty98|yep
|
|move|p1a: 王様|Close Combat|p2a: Arceus
|-supereffective|p2a: Arceus
|-damage|p2a: Arceus|0 fnt
|-unboost|p1a: 王様|def|1
|-unboost|p1a: 王様|spd|1
|faint|p2a: Arceus
|
|win|King-HenryTheThird
|c| Ntty98|gg
|c|☆King-HenryTheThird|ggwp
|c| brotherbrot|gg
|l|☆OnMaWa
|c| Ntty98|damn
|c| Ntty98|salty
|c| Ntty98|enough
|c| Ntty98|"u lost"
|c|☆King-HenryTheThird|he is a good player
|c|☆King-HenryTheThird|once used to be #1
|c| Ntty98|wait what?
|c|☆King-HenryTheThird|yeah
||Ladder (probably) updated, but score could not be retrieved (Response not received).
