|j|☆Ike745
|j|☆kek1445645
|t:|1659139052
|gametype|singles
|player|p1|Ike745|blue|1816
|player|p2|kek1445645|102|1799
|teamsize|p1|6
|teamsize|p2|6
|gen|8
|tier|[Gen 8] National Dex AG
|rated|
|rule|HP Percentage Mod: HP is shown in percentages
|rule|Endless Battle Clause: Forcing endless battles is banned
|clearpoke
|poke|p1|Rayquaza|
|poke|p1|Groudon|
|poke|p1|Arceus-*|
|poke|p1|Calyrex-Shadow|
|poke|p1|Yveltal|
|poke|p1|Necrozma-Dusk-Mane|
|poke|p2|Arceus-*|
|poke|p2|Groudon|
|poke|p2|Zacian-*|
|poke|p2|Rayquaza|
|poke|p2|Calyrex-Shadow|
|poke|p2|Yveltal|
|teampreview
|c|☆Ike745|FREELO LETS GOOOO
|
|t:|1659139065
|start
|switch|p1a: Groudon|Groudon, shiny|100/100
|switch|p2a: Rayquaza|Rayquaza|100/100
|-ability|p2a: Rayquaza|Air Lock
|detailschange|p1a: Groudon|Groudon-Primal, shiny
|-primal|p1a: Groudon
|-weather|DesolateLand|[from] ability: Desolate Land|[of] p1a: Groudon
|turn|1
|inactive|Battle timer is ON: inactive players will automatically lose when time's up. (requested by Ike745)
|
|t:|1659139072
|detailschange|p2a: Rayquaza|Rayquaza-Mega
|-mega|p2a: Rayquaza|Rayquaza|
|-weather|DeltaStream|[from] ability: Delta Stream|[of] p2a: Rayquaza
|move|p2a: Rayquaza|Dragon Dance|p2a: Rayquaza
|-boost|p2a: Rayquaza|atk|1
|-boost|p2a: Rayquaza|spe|1
|move|p1a: Groudon|Thunder Wave|p2a: Rayquaza
|-status|p2a: Rayquaza|par
|
|-weather|DeltaStream|[upkeep]
|upkeep
|turn|2
|
|t:|1659139076
|cant|p2a: Rayquaza|par
|move|p1a: Groudon|Fire Punch|p2a: Rayquaza
|-resisted|p2a: Rayquaza
|-damage|p2a: Rayquaza|80/100 par
|
|-weather|DeltaStream|[upkeep]
|upkeep
|turn|3
|c|☆Ike745|break that sash ummy
|c|☆Ike745|yummy
|
|t:|1659139093
|move|p2a: Rayquaza|Earthquake|p1a: Groudon
|-supereffective|p1a: Groudon
|-damage|p1a: Groudon|36/100
|move|p1a: Groudon|Fire Punch|p2a: Rayquaza
|-resisted|p2a: Rayquaza
|-damage|p2a: Rayquaza|59/100 par
|
|-weather|DeltaStream|[upkeep]
|upkeep
|turn|4
|
|t:|1659139102
|move|p2a: Rayquaza|Dragon Dance|p2a: Rayquaza
|-boost|p2a: Rayquaza|atk|1
|-boost|p2a: Rayquaza|spe|1
|move|p1a: Groudon|Fire Punch|p2a: Rayquaza
|-resisted|p2a: Rayquaza
|-damage|p2a: Rayquaza|38/100 par
|
|-weather|DeltaStream|[upkeep]
|upkeep
|turn|5
|c|☆Ike745|the greed
|
|t:|1659139108
|cant|p2a: Rayquaza|par
|move|p1a: Groudon|Fire Punch|p2a: Rayquaza
|-resisted|p2a: Rayquaza
|-damage|p2a: Rayquaza|18/100 par
|
|-weather|DeltaStream|[upkeep]
|upkeep
|turn|6
|
|t:|1659139112
|move|p2a: Rayquaza|Dragon Ascent|p1a: Groudon
|-damage|p1a: Groudon|0 fnt
|-unboost|p2a: Rayquaza|def|1
|-unboost|p2a: Rayquaza|spd|1
|faint|p1a: Groudon
|
|-weather|DeltaStream|[upkeep]
|upkeep
|
|t:|1659139117
|switch|p1a: Rayquaza|Rayquaza|100/100
|-ability|p1a: Rayquaza|Air Lock
|turn|7
|
|t:|1659139122
|detailschange|p1a: Rayquaza|Rayquaza-Mega
|-mega|p1a: Rayquaza|Rayquaza|
|move|p2a: Rayquaza|Extreme Speed|p1a: Rayquaza
|-damage|p1a: Rayquaza|33/100
|move|p1a: Rayquaza|Extreme Speed|p2a: Rayquaza
|-damage|p2a: Rayquaza|0 fnt
|faint|p2a: Rayquaza
|
|-weather|DeltaStream|[upkeep]
|upkeep
|
|t:|1659139128
|switch|p2a: Calyrex|Calyrex-Shadow|100/100
|-ability|p2a: Calyrex|As One
|-ability|p2a: Calyrex|Unnerve
|turn|8
|
|t:|1659139139
|-weather|none
|switch|p1a: Arceus|Arceus, shiny|100/100
|move|p2a: Calyrex|Nasty Plot|p2a: Calyrex
|-boost|p2a: Calyrex|spa|2
|
|upkeep
|turn|9
|c|☆Ike745|i knew it
|c|☆Ike745|the greed
|
|t:|1659139149
|move|p2a: Calyrex|Psyshock|p1a: Arceus
|-damage|p1a: Arceus|37/100
|move|p1a: Arceus|Shadow Claw|p2a: Calyrex
|-supereffective|p2a: Calyrex
|-enditem|p2a: Calyrex|Focus Sash
|-damage|p2a: Calyrex|1/100
|
|upkeep
|turn|10
|
|t:|1659139158
|move|p2a: Calyrex|Draining Kiss|p1a: Arceus
|-damage|p1a: Arceus|10/100
|-heal|p2a: Calyrex|26/100|[from] drain|[of] p1a: Arceus
|move|p1a: Arceus|Shadow Claw|p2a: Calyrex
|-supereffective|p2a: Calyrex
|-damage|p2a: Calyrex|0 fnt
|faint|p2a: Calyrex
|
|upkeep
|c|☆Ike745|gotteeem
|
|t:|1659139170
|switch|p2a: Groudon|Groudon|100/100
|detailschange|p2a: Groudon|Groudon-Primal
|-primal|p2a: Groudon
|-weather|DesolateLand|[from] ability: Desolate Land|[of] p2a: Groudon
|turn|11
|
|t:|1659139176
|move|p1a: Arceus|Extreme Speed|p2a: Groudon
|-damage|p2a: Groudon|81/100
|move|p2a: Groudon|Stealth Rock|p1a: Arceus
|-sidestart|p1: Ike745|move: Stealth Rock
|
|-weather|DesolateLand|[upkeep]
|upkeep
|turn|12
|
|t:|1659139184
|move|p1a: Arceus|Defog|p2a: Groudon
|-unboost|p2a: Groudon|evasion|1
|-sideend|p1: Ike745|Stealth Rock|[from] move: Defog|[of] p1a: Arceus
|move|p2a: Groudon|Fire Punch|p1a: Arceus
|-damage|p1a: Arceus|0 fnt
|faint|p1a: Arceus
|
|-weather|DesolateLand|[upkeep]
|upkeep
|c|☆kek1445645|o u copied my set lol
|
|t:|1659139201
|switch|p1a: Yveltal|Yveltal|100/100
|-ability|p1a: Yveltal|Dark Aura
|turn|13
|
|t:|1659139203
|-start|p1a: Yveltal|Dynamax|
|-heal|p1a: Yveltal|100/100|[silent]
|move|p1a: Yveltal|Max Airstream|p2a: Groudon
|-damage|p2a: Groudon|0 fnt
|-boost|p1a: Yveltal|spe|1
|faint|p2a: Groudon
|-weather|none
|-damage|p1a: Yveltal|96/100|[from] item: Life Orb
|
|upkeep
|
|t:|1659139213
|switch|p2a: Arceus|Arceus|100/100
|turn|14
|
|t:|1659139218
|-start|p2a: Arceus|Dynamax|
|-heal|p2a: Arceus|100/100|[silent]
|move|p2a: Arceus|Max Guard|p2a: Arceus
|-singleturn|p2a: Arceus|Max Guard
|move|p1a: Yveltal|Max Darkness|p2a: Arceus
|-activate|p2a: Arceus|move: Max Guard
|
|upkeep
|turn|15
|
|t:|1659139226
|move|p1a: Yveltal|Max Darkness|p2a: Arceus
|-damage|p2a: Arceus|60/100
|-unboost|p2a: Arceus|spd|1
|-damage|p1a: Yveltal|91/100|[from] item: Life Orb
|move|p2a: Arceus|Max Strike|p1a: Yveltal
|-damage|p1a: Yveltal|54/100
|-unboost|p1a: Yveltal|spe|1
|
|upkeep
|-end|p1a: Yveltal|Dynamax
|-heal|p1a: Yveltal|54/100|[silent]
|turn|16
|
|t:|1659139233
|move|p1a: Yveltal|Oblivion Wing|p2a: Arceus
|-damage|p2a: Arceus|29/100
|-heal|p1a: Yveltal|100/100|[from] drain|[of] p2a: Arceus
|-damage|p1a: Yveltal|91/100|[from] item: Life Orb
|move|p2a: Arceus|Max Strike|p1a: Yveltal
|-damage|p1a: Yveltal|16/100
|-unboost|p1a: Yveltal|spe|1
|
|upkeep
|-end|p2a: Arceus|Dynamax
|-heal|p2a: Arceus|29/100|[silent]
|turn|17
|
|t:|1659139241
|switch|p1a: Calyrex|Calyrex-Shadow|100/100
|-ability|p1a: Calyrex|As One
|-ability|p1a: Calyrex|Unnerve
|move|p2a: Arceus|Extreme Speed|p1a: Calyrex
|-immune|p1a: Calyrex
|
|upkeep
|turn|18
|c|☆kek1445645|i almost clicked it lol
|c|☆Ike745|LMAOO
|c|☆kek1445645|im on a tilt today it would seem
|c|☆Ike745|i wonder what does more
|inactive|Ike745 has 120 seconds left.
|
|t:|1659139289
|move|p1a: Calyrex|Draining Kiss|p2a: Arceus
|-damage|p2a: Arceus|8/100
|move|p2a: Arceus|Shadow Claw|p1a: Calyrex
|-supereffective|p1a: Calyrex
|-enditem|p1a: Calyrex|Focus Sash
|-damage|p1a: Calyrex|1/100
|
|upkeep
|turn|19
|c|☆Ike745|ahhhh i thought he was going yv
|
|t:|1659139297
|move|p1a: Calyrex|Draining Kiss|p2a: Arceus
|-damage|p2a: Arceus|0 fnt
|-heal|p1a: Calyrex|8/100|[from] drain|[of] p2a: Arceus
|faint|p2a: Arceus
|-ability|p1a: Calyrex|Grim Neigh|boost
|-boost|p1a: Calyrex|spa|1
|
|upkeep
|
|t:|1659139299
|switch|p2a: Yveltal|Yveltal|100/100
|-ability|p2a: Yveltal|Dark Aura
|turn|20
|inactive|Ike745 has 120 seconds left.
|
|t:|1659139334
|move|p1a: Calyrex|Draining Kiss|p2a: Yveltal
|-supereffective|p2a: Yveltal
|-crit|p2a: Yveltal
|-damage|p2a: Yveltal|16/100
|-heal|p1a: Calyrex|82/100|[from] drain|[of] p2a: Yveltal
|move|p2a: Yveltal|Oblivion Wing|p1a: Calyrex
|-damage|p1a: Calyrex|26/100
|-heal|p2a: Yveltal|52/100|[from] drain|[of] p1a: Calyrex
|-damage|p2a: Yveltal|42/100|[from] item: Life Orb
|
|upkeep
|turn|21
|c|☆kek1445645|the cringe crit LOL
|
|t:|1659139347
|move|p1a: Calyrex|Draining Kiss|p2a: Yveltal
|-supereffective|p2a: Yveltal
|-damage|p2a: Yveltal|0 fnt
|-heal|p1a: Calyrex|63/100|[from] drain|[of] p2a: Yveltal
|faint|p2a: Yveltal
|-ability|p1a: Calyrex|Grim Neigh|boost
|-boost|p1a: Calyrex|spa|1
|
|upkeep
|c|☆kek1445645|that crit mattered LMAO
|c|☆Ike745|kekekekekekke
|
|t:|1659139354
|switch|p2a: Zacian|Zacian-Crowned|100/100
|-ability|p2a: Zacian|Intrepid Sword|boost
|-boost|p2a: Zacian|atk|1
|turn|22
|c|☆Ike745|nah i think i still won this
|c|☆kek1445645|no u died it does like 40 perccent and heal it all back
|c|☆kek1445645|damn
|
|t:|1659139369
|move|p1a: Calyrex|Astral Barrage|p2a: Zacian
|-damage|p2a: Zacian|0 fnt
|faint|p2a: Zacian
|
|win|Ike745
|raw|Ike745's rating: 1816 &rarr; <strong>1835</strong><br />(+19 for winning)
|raw|kek1445645's rating: 1799 &rarr; <strong>1780</strong><br />(-19 for losing)
|c|☆kek1445645|im tilting today
|c|☆Ike745|im da goat im da goat
|l|☆kek1445645
||Ladder isn't responding, score probably updated but might not have (Request timeout).
