|j|☆lemoncell0
|j|☆spicyntegral
|t:|1642538603
|gametype|singles
|player|p1|lemoncell0|elio|1665
|player|p2|spicyntegral|n|1739
|teamsize|p1|6
|teamsize|p2|6
|gen|8
|tier|[Gen 8] National Dex AG
|rated|
|rule|HP Percentage Mod: HP is shown in percentages
|rule|Endless Battle Clause: Forcing endless battles is banned
|clearpoke
|poke|p1|Gothitelle, F|
|poke|p1|Excadrill, M|
|poke|p1|Ditto|
|poke|p1|Yveltal|
|poke|p1|Zacian-*|
|poke|p1|Cloyster, F|
|poke|p2|Giratina|
|poke|p2|Chansey, F|
|poke|p2|Ditto|
|poke|p2|Tyranitar, F|
|poke|p2|Arceus-*|
|poke|p2|Necrozma-Dusk-Mane|
|teampreview
|
|t:|1642538671
|start
|switch|p1a: Excadrill|Excadrill, M|100/100
|switch|p2a: Arceus|Arceus-Ground|100/100
|-ability|p1a: Excadrill|Mold Breaker
|turn|1
|
|t:|1642538680
|move|p1a: Excadrill|Rock Tomb|p2a: Arceus
|-resisted|p2a: Arceus
|-damage|p2a: Arceus|95/100
|-unboost|p2a: Arceus|spe|1
|move|p2a: Arceus|Judgment|p1a: Excadrill
|-supereffective|p1a: Excadrill
|-enditem|p1a: Excadrill|Focus Sash
|-damage|p1a: Excadrill|1/100
|
|upkeep
|turn|2
|
|t:|1642538690
|move|p1a: Excadrill|Stealth Rock|p2a: Arceus
|-sidestart|p2: spicyntegral|move: Stealth Rock
|move|p2a: Arceus|Ice Beam|p1a: Excadrill
|-damage|p1a: Excadrill|0 fnt
|faint|p1a: Excadrill
|
|upkeep
|
|t:|1642538694
|switch|p1a: Cloyster|Cloyster, F|100/100
|turn|3
|
|t:|1642538701
|move|p1a: Cloyster|Shell Smash|p1a: Cloyster
|-unboost|p1a: Cloyster|def|1
|-unboost|p1a: Cloyster|spd|1
|-boost|p1a: Cloyster|atk|2
|-boost|p1a: Cloyster|spa|2
|-boost|p1a: Cloyster|spe|2
|move|p2a: Arceus|Judgment|p1a: Cloyster
|-enditem|p1a: Cloyster|Focus Sash
|-damage|p1a: Cloyster|1/100
|
|upkeep
|turn|4
|
|t:|1642538717
|move|p1a: Cloyster|Icicle Spear|p2a: Arceus
|-supereffective|p2a: Arceus
|-damage|p2a: Arceus|72/100
|-supereffective|p2a: Arceus
|-damage|p2a: Arceus|49/100
|-supereffective|p2a: Arceus
|-damage|p2a: Arceus|26/100
|-supereffective|p2a: Arceus
|-damage|p2a: Arceus|3/100
|-supereffective|p2a: Arceus
|-damage|p2a: Arceus|0 fnt
|faint|p2a: Arceus
|-hitcount|p2: Arceus|5
|
|upkeep
|
|t:|1642538733
|switch|p2a: Ditto|Ditto, shiny|100/100
|-damage|p2a: Ditto|88/100|[from] Stealth Rock
|-transform|p2a: Ditto|p1a: Cloyster|[from] ability: Imposter
|turn|5
|
|t:|1642538749
|move|p2a: Ditto|Icicle Spear|p1a: Cloyster
|-resisted|p1a: Cloyster
|-damage|p1a: Cloyster|0 fnt
|faint|p1a: Cloyster
|-hitcount|p1: Cloyster|1
|
|upkeep
|
|t:|1642538750
|switch|p1a: Zacian|Zacian-Crowned|100/100
|-ability|p1a: Zacian|Intrepid Sword|boost
|-boost|p1a: Zacian|atk|1
|turn|6
|
|t:|1642538772
|switch|p2a: Necrozma|Necrozma-Dusk-Mane|100/100
|-damage|p2a: Necrozma|95/100|[from] Stealth Rock
|move|p1a: Zacian|Assurance|p2a: Necrozma
|-supereffective|p2a: Necrozma
|-damage|p2a: Necrozma|4/100
|-enditem|p2a: Necrozma|Weakness Policy
|-boost|p2a: Necrozma|atk|2|[from] item: Weakness Policy
|-boost|p2a: Necrozma|spa|2|[from] item: Weakness Policy
|
|upkeep
|turn|7
|
|t:|1642538795
|switch|p1a: Yveltal|Yveltal|100/100
|-ability|p1a: Yveltal|Dark Aura
|move|p2a: Necrozma|Dragon Dance|p2a: Necrozma
|-boost|p2a: Necrozma|atk|1
|-boost|p2a: Necrozma|spe|1
|
|upkeep
|turn|8
|
|t:|1642538808
|move|p2a: Necrozma|Sunsteel Strike|p1a: Yveltal
|-damage|p1a: Yveltal|0 fnt
|faint|p1a: Yveltal
|
|upkeep
|
|t:|1642538811
|switch|p1a: Ditto|Ditto|100/100
|-transform|p1a: Ditto|p2a: Necrozma|[from] ability: Imposter
|turn|9
|
|t:|1642538819
|move|p1a: Ditto|Sunsteel Strike|p2a: Necrozma
|-resisted|p2a: Necrozma
|-damage|p2a: Necrozma|0 fnt
|faint|p2a: Necrozma
|
|upkeep
|
|t:|1642538831
|switch|p2a: Giratina|Giratina, shiny|100/100
|-damage|p2a: Giratina|88/100|[from] Stealth Rock
|-ability|p2a: Giratina|Pressure
|turn|10
|
|t:|1642538865
|-start|p2a: Giratina|Dynamax
|-heal|p2a: Giratina|88/100|[silent]
|move|p2a: Giratina|Max Guard|p2a: Giratina
|-singleturn|p2a: Giratina|Max Guard
|move|p1a: Ditto|Sunsteel Strike|p2a: Giratina
|-activate|p2a: Giratina|move: Max Guard
|
|-heal|p2a: Giratina|91/100|[from] item: Leftovers
|upkeep
|turn|11
|
|t:|1642538873
|-start|p1a: Ditto|Dynamax
|-heal|p1a: Ditto|100/100|[silent]
|move|p2a: Giratina|Max Guard||[still]
|-fail|p2a: Giratina
|move|p1a: Ditto|Max Quake|p2a: Giratina
|-damage|p2a: Giratina|62/100
|-boost|p1a: Ditto|spd|1
|
|-heal|p2a: Giratina|65/100|[from] item: Leftovers
|upkeep
|turn|12
|
|t:|1642538885
|move|p2a: Giratina|Max Guard|p2a: Giratina
|-singleturn|p2a: Giratina|Max Guard
|move|p1a: Ditto|Max Rockfall|p2a: Giratina
|-activate|p2a: Giratina|move: Max Guard
|
|-heal|p2a: Giratina|68/100|[from] item: Leftovers
|-end|p2a: Giratina|Dynamax
|-heal|p2a: Giratina|68/100|[silent]
|upkeep
|turn|13
|
|t:|1642538896
|move|p1a: Ditto|Max Quake|p2a: Giratina
|-damage|p2a: Giratina|12/100
|-boost|p1a: Ditto|spd|1
|move|p2a: Giratina|Will-O-Wisp|p1a: Ditto
|-status|p1a: Ditto|brn
|
|-heal|p2a: Giratina|19/100|[from] item: Leftovers
|-damage|p1a: Ditto|97/100 brn|[from] brn
|-end|p1a: Ditto|Dynamax
|-heal|p1a: Ditto|97/100 brn|[silent]
|upkeep
|turn|14
|
|t:|1642538942
|move|p1a: Ditto|Sunsteel Strike|p2a: Giratina
|-damage|p2a: Giratina|0 fnt
|faint|p2a: Giratina
|
|-damage|p1a: Ditto|91/100 brn|[from] brn
|upkeep
|
|t:|1642538965
|switch|p2a: Tyranitar|Tyranitar, F|100/100
|-damage|p2a: Tyranitar|88/100|[from] Stealth Rock
|-weather|Sandstorm|[from] ability: Sand Stream|[of] p2a: Tyranitar
|turn|15
|inactive|Battle timer is ON: inactive players will automatically lose when time's up. (requested by spicyntegral)
|c|☆spicyntegral|Giratina PP Staller
|c|☆spicyntegral|Would you Like?
|
|t:|1642539020
|switch|p1a: Gothitelle|Gothitelle, F|100/100
|detailschange|p2a: Tyranitar|Tyranitar-Mega, F
|-mega|p2a: Tyranitar|Tyranitar|Tyranitarite
|move|p2a: Tyranitar|Foul Play|p1a: Gothitelle
|-supereffective|p1a: Gothitelle
|-damage|p1a: Gothitelle|78/100
|
|-weather|Sandstorm|[upkeep]
|-damage|p1a: Gothitelle|72/100|[from] Sandstorm
|-heal|p1a: Gothitelle|78/100|[from] item: Leftovers
|upkeep
|turn|16
|
|t:|1642539039
|move|p1a: Gothitelle|Charm|p2a: Tyranitar
|-unboost|p2a: Tyranitar|atk|2
|move|p2a: Tyranitar|Rock Tomb|p1a: Gothitelle
|-damage|p1a: Gothitelle|64/100
|-unboost|p1a: Gothitelle|spe|1
|
|-weather|Sandstorm|[upkeep]
|-damage|p1a: Gothitelle|58/100|[from] Sandstorm
|-heal|p1a: Gothitelle|64/100|[from] item: Leftovers
|upkeep
|turn|17
|
|t:|1642539053
|move|p2a: Tyranitar|Foul Play|p1a: Gothitelle
|-supereffective|p1a: Gothitelle
|-damage|p1a: Gothitelle|41/100
|move|p1a: Gothitelle|Charm|p2a: Tyranitar
|-unboost|p2a: Tyranitar|atk|2
|
|-weather|Sandstorm|[upkeep]
|-damage|p1a: Gothitelle|35/100|[from] Sandstorm
|-heal|p1a: Gothitelle|41/100|[from] item: Leftovers
|upkeep
|turn|18
|
|t:|1642539064
|move|p2a: Tyranitar|Foul Play|p1a: Gothitelle
|-supereffective|p1a: Gothitelle
|-crit|p1a: Gothitelle
|-damage|p1a: Gothitelle|4/100
|move|p1a: Gothitelle|Rest|p1a: Gothitelle
|-status|p1a: Gothitelle|slp|[from] move: Rest
|-heal|p1a: Gothitelle|100/100 slp|[silent]
|
|-weather|Sandstorm|[upkeep]
|-damage|p1a: Gothitelle|94/100 slp|[from] Sandstorm
|-heal|p1a: Gothitelle|100/100 slp|[from] item: Leftovers
|upkeep
|turn|19
|
|t:|1642539075
|move|p2a: Tyranitar|Foul Play|p1a: Gothitelle
|-supereffective|p1a: Gothitelle
|-damage|p1a: Gothitelle|77/100 slp
|cant|p1a: Gothitelle|slp
|
|-weather|none
|-heal|p1a: Gothitelle|83/100 slp|[from] item: Leftovers
|upkeep
|turn|20
|
|t:|1642539085
|move|p2a: Tyranitar|Foul Play|p1a: Gothitelle
|-supereffective|p1a: Gothitelle
|-damage|p1a: Gothitelle|61/100 slp
|cant|p1a: Gothitelle|slp
|
|-heal|p1a: Gothitelle|67/100 slp|[from] item: Leftovers
|upkeep
|turn|21
|
|t:|1642539093
|move|p2a: Tyranitar|Pursuit|p1a: Gothitelle
|-supereffective|p1a: Gothitelle
|-damage|p1a: Gothitelle|55/100 slp
|-curestatus|p1a: Gothitelle|slp|[msg]
|move|p1a: Gothitelle|Cosmic Power|p1a: Gothitelle
|-boost|p1a: Gothitelle|def|1
|-boost|p1a: Gothitelle|spd|1
|
|-heal|p1a: Gothitelle|61/100|[from] item: Leftovers
|upkeep
|turn|22
|
|t:|1642539106
|move|p2a: Tyranitar|Rock Tomb|p1a: Gothitelle
|-damage|p1a: Gothitelle|55/100
|-unboost|p1a: Gothitelle|spe|1
|move|p1a: Gothitelle|Cosmic Power|p1a: Gothitelle
|-boost|p1a: Gothitelle|def|1
|-boost|p1a: Gothitelle|spd|1
|
|-heal|p1a: Gothitelle|61/100|[from] item: Leftovers
|upkeep
|turn|23
|
|t:|1642539116
|move|p2a: Tyranitar|Pursuit|p1a: Gothitelle
|-supereffective|p1a: Gothitelle
|-damage|p1a: Gothitelle|55/100
|move|p1a: Gothitelle|Cosmic Power|p1a: Gothitelle
|-boost|p1a: Gothitelle|def|1
|-boost|p1a: Gothitelle|spd|1
|
|-heal|p1a: Gothitelle|62/100|[from] item: Leftovers
|upkeep
|turn|24
|
|t:|1642539125
|move|p2a: Tyranitar|Foul Play|p1a: Gothitelle
|-supereffective|p1a: Gothitelle
|-damage|p1a: Gothitelle|52/100
|move|p1a: Gothitelle|Charm|p2a: Tyranitar
|-unboost|p2a: Tyranitar|atk|2
|
|-heal|p1a: Gothitelle|58/100|[from] item: Leftovers
|upkeep
|turn|25
|
|t:|1642539130
|move|p2a: Tyranitar|Pursuit|p1a: Gothitelle
|-supereffective|p1a: Gothitelle
|-damage|p1a: Gothitelle|54/100
|move|p1a: Gothitelle|Cosmic Power|p1a: Gothitelle
|-boost|p1a: Gothitelle|def|1
|-boost|p1a: Gothitelle|spd|1
|
|-heal|p1a: Gothitelle|60/100|[from] item: Leftovers
|upkeep
|turn|26
|
|t:|1642539134
|move|p2a: Tyranitar|Pursuit|p1a: Gothitelle
|-supereffective|p1a: Gothitelle
|-damage|p1a: Gothitelle|57/100
|move|p1a: Gothitelle|Cosmic Power|p1a: Gothitelle
|-boost|p1a: Gothitelle|def|1
|-boost|p1a: Gothitelle|spd|1
|
|-heal|p1a: Gothitelle|63/100|[from] item: Leftovers
|upkeep
|turn|27
|
|t:|1642539142
|move|p2a: Tyranitar|Pursuit|p1a: Gothitelle
|-supereffective|p1a: Gothitelle
|-damage|p1a: Gothitelle|60/100
|move|p1a: Gothitelle|Cosmic Power|p1a: Gothitelle
|-boost|p1a: Gothitelle|def|1
|-boost|p1a: Gothitelle|spd|1
|
|-heal|p1a: Gothitelle|66/100|[from] item: Leftovers
|upkeep
|turn|28
|
|t:|1642539148
|move|p2a: Tyranitar|Foul Play|p1a: Gothitelle
|-supereffective|p1a: Gothitelle
|-damage|p1a: Gothitelle|60/100
|move|p1a: Gothitelle|Taunt|p2a: Tyranitar
|-start|p2a: Tyranitar|move: Taunt
|
|-heal|p1a: Gothitelle|66/100|[from] item: Leftovers
|upkeep
|turn|29
|
|t:|1642539155
|move|p2a: Tyranitar|Rock Tomb|p1a: Gothitelle
|-damage|p1a: Gothitelle|64/100
|-unboost|p1a: Gothitelle|spe|1
|move|p1a: Gothitelle|Rest|p1a: Gothitelle
|-status|p1a: Gothitelle|slp|[from] move: Rest
|-heal|p1a: Gothitelle|100/100 slp|[silent]
|
|upkeep
|turn|30
|
|t:|1642539166
|move|p2a: Tyranitar|Foul Play|p1a: Gothitelle
|-supereffective|p1a: Gothitelle
|-damage|p1a: Gothitelle|95/100 slp
|cant|p1a: Gothitelle|slp
|
|-heal|p1a: Gothitelle|100/100 slp|[from] item: Leftovers
|upkeep
|turn|31
|
|t:|1642539177
|move|p2a: Tyranitar|Pursuit|p1a: Gothitelle
|-supereffective|p1a: Gothitelle
|-damage|p1a: Gothitelle|98/100 slp
|cant|p1a: Gothitelle|slp
|
|-heal|p1a: Gothitelle|100/100 slp|[from] item: Leftovers
|-end|p2a: Tyranitar|move: Taunt
|upkeep
|turn|32
|
|t:|1642539188
|move|p2a: Tyranitar|Pursuit|p1a: Gothitelle
|-supereffective|p1a: Gothitelle
|-damage|p1a: Gothitelle|98/100 slp
|-curestatus|p1a: Gothitelle|slp|[msg]
|move|p1a: Gothitelle|Taunt|p2a: Tyranitar
|-start|p2a: Tyranitar|move: Taunt
|
|-heal|p1a: Gothitelle|100/100|[from] item: Leftovers
|upkeep
|turn|33
|
|t:|1642539195
|move|p2a: Tyranitar|Pursuit|p1a: Gothitelle
|-supereffective|p1a: Gothitelle
|-damage|p1a: Gothitelle|98/100
|move|p1a: Gothitelle|Charm|p2a: Tyranitar
|-unboost|p2a: Tyranitar|atk|0
|
|-heal|p1a: Gothitelle|100/100|[from] item: Leftovers
|upkeep
|turn|34
|
|t:|1642539205
|move|p2a: Tyranitar|Pursuit|p1a: Gothitelle
|-supereffective|p1a: Gothitelle
|-damage|p1a: Gothitelle|98/100
|move|p1a: Gothitelle|Charm|p2a: Tyranitar
|-unboost|p2a: Tyranitar|atk|0
|
|-heal|p1a: Gothitelle|100/100|[from] item: Leftovers
|upkeep
|turn|35
|
|t:|1642539217
|move|p2a: Tyranitar|Pursuit|p1a: Gothitelle
|-supereffective|p1a: Gothitelle
|-damage|p1a: Gothitelle|97/100
|move|p1a: Gothitelle|Rest|p1a: Gothitelle
|-status|p1a: Gothitelle|slp|[from] move: Rest
|-heal|p1a: Gothitelle|100/100 slp|[silent]
|
|-end|p2a: Tyranitar|move: Taunt
|upkeep
|turn|36
|
|t:|1642539225
|move|p2a: Tyranitar|Rock Tomb|p1a: Gothitelle
|-damage|p1a: Gothitelle|99/100 slp
|-unboost|p1a: Gothitelle|spe|1
|cant|p1a: Gothitelle|slp
|
|-heal|p1a: Gothitelle|100/100 slp|[from] item: Leftovers
|upkeep
|turn|37
|
|t:|1642539234
|move|p2a: Tyranitar|Foul Play|p1a: Gothitelle
|-supereffective|p1a: Gothitelle
|-damage|p1a: Gothitelle|95/100 slp
|cant|p1a: Gothitelle|slp
|
|-heal|p1a: Gothitelle|100/100 slp|[from] item: Leftovers
|upkeep
|turn|38
|
|t:|1642539253
|move|p2a: Tyranitar|Rock Tomb|p1a: Gothitelle
|-damage|p1a: Gothitelle|99/100 slp
|-unboost|p1a: Gothitelle|spe|1
|-curestatus|p1a: Gothitelle|slp|[msg]
|move|p1a: Gothitelle|Taunt|p2a: Tyranitar
|-start|p2a: Tyranitar|move: Taunt
|
|-heal|p1a: Gothitelle|100/100|[from] item: Leftovers
|upkeep
|turn|39
|
|t:|1642539264
|move|p2a: Tyranitar|Pursuit|p1a: Gothitelle
|-supereffective|p1a: Gothitelle
|-damage|p1a: Gothitelle|98/100
|move|p1a: Gothitelle|Charm|p2a: Tyranitar
|-unboost|p2a: Tyranitar|atk|0
|
|-heal|p1a: Gothitelle|100/100|[from] item: Leftovers
|upkeep
|turn|40
|
|t:|1642539268
|move|p2a: Tyranitar|Pursuit|p1a: Gothitelle
|-supereffective|p1a: Gothitelle
|-damage|p1a: Gothitelle|98/100
|move|p1a: Gothitelle|Cosmic Power|p1a: Gothitelle
|-boost|p1a: Gothitelle|def|0
|-boost|p1a: Gothitelle|spd|0
|
|-heal|p1a: Gothitelle|100/100|[from] item: Leftovers
|upkeep
|turn|41
|
|t:|1642539274
|move|p2a: Tyranitar|Pursuit|p1a: Gothitelle
|-supereffective|p1a: Gothitelle
|-damage|p1a: Gothitelle|98/100
|move|p1a: Gothitelle|Charm|p2a: Tyranitar
|-unboost|p2a: Tyranitar|atk|0
|
|-heal|p1a: Gothitelle|100/100|[from] item: Leftovers
|-end|p2a: Tyranitar|move: Taunt
|upkeep
|turn|42
|
|t:|1642539278
|move|p2a: Tyranitar|Pursuit|p1a: Gothitelle
|-supereffective|p1a: Gothitelle
|-damage|p1a: Gothitelle|98/100
|move|p1a: Gothitelle|Taunt|p2a: Tyranitar
|-start|p2a: Tyranitar|move: Taunt
|
|-heal|p1a: Gothitelle|100/100|[from] item: Leftovers
|upkeep
|turn|43
|
|t:|1642539304
|move|p2a: Tyranitar|Rock Tomb|p1a: Gothitelle
|-crit|p1a: Gothitelle
|-damage|p1a: Gothitelle|64/100
|-unboost|p1a: Gothitelle|spe|1
|move|p1a: Gothitelle|Rest|p1a: Gothitelle
|-status|p1a: Gothitelle|slp|[from] move: Rest
|-heal|p1a: Gothitelle|100/100 slp|[silent]
|
|upkeep
|turn|44
|
|t:|1642539314
|move|p2a: Tyranitar|Pursuit|p1a: Gothitelle
|-supereffective|p1a: Gothitelle
|-damage|p1a: Gothitelle|98/100 slp
|cant|p1a: Gothitelle|slp
|
|-heal|p1a: Gothitelle|100/100 slp|[from] item: Leftovers
|upkeep
|turn|45
|
|t:|1642539318
|move|p2a: Tyranitar|Pursuit|p1a: Gothitelle
|-supereffective|p1a: Gothitelle
|-damage|p1a: Gothitelle|98/100 slp
|cant|p1a: Gothitelle|slp
|
|-heal|p1a: Gothitelle|100/100 slp|[from] item: Leftovers
|-end|p2a: Tyranitar|move: Taunt
|upkeep
|turn|46
|
|t:|1642539322
|move|p2a: Tyranitar|Rest|p2a: Tyranitar
|-status|p2a: Tyranitar|slp|[from] move: Rest
|-heal|p2a: Tyranitar|100/100 slp|[silent]
|-curestatus|p1a: Gothitelle|slp|[msg]
|move|p1a: Gothitelle|Taunt|p2a: Tyranitar
|-start|p2a: Tyranitar|move: Taunt
|
|upkeep
|turn|47
|
|t:|1642539338
|cant|p2a: Tyranitar|slp
|move|p1a: Gothitelle|Cosmic Power|p1a: Gothitelle
|-boost|p1a: Gothitelle|def|0
|-boost|p1a: Gothitelle|spd|0
|
|upkeep
|turn|48
|
|t:|1642539345
|cant|p2a: Tyranitar|slp
|move|p1a: Gothitelle|Charm|p2a: Tyranitar
|-unboost|p2a: Tyranitar|atk|0
|
|upkeep
|turn|49
|
|t:|1642539350
|-curestatus|p2a: Tyranitar|slp|[msg]
|move|p2a: Tyranitar|Pursuit|p1a: Gothitelle
|-supereffective|p1a: Gothitelle
|-damage|p1a: Gothitelle|98/100
|move|p1a: Gothitelle|Taunt||[still]
|-fail|p1a: Gothitelle
|
|-heal|p1a: Gothitelle|100/100|[from] item: Leftovers
|-end|p2a: Tyranitar|move: Taunt
|upkeep
|turn|50
|
|t:|1642539364
|move|p2a: Tyranitar|Foul Play|p1a: Gothitelle
|-supereffective|p1a: Gothitelle
|-damage|p1a: Gothitelle|95/100
|move|p1a: Gothitelle|Taunt|p2a: Tyranitar
|-start|p2a: Tyranitar|move: Taunt
|
|-heal|p1a: Gothitelle|100/100|[from] item: Leftovers
|upkeep
|turn|51
|
|t:|1642539372
|move|p2a: Tyranitar|Rock Tomb|p1a: Gothitelle
|-damage|p1a: Gothitelle|99/100
|move|p1a: Gothitelle|Rest|p1a: Gothitelle
|-status|p1a: Gothitelle|slp|[from] move: Rest
|-heal|p1a: Gothitelle|100/100 slp|[silent]
|
|upkeep
|turn|52
|
|t:|1642539380
|move|p2a: Tyranitar|Pursuit|p1a: Gothitelle
|-supereffective|p1a: Gothitelle
|-damage|p1a: Gothitelle|98/100 slp
|cant|p1a: Gothitelle|slp
|
|-heal|p1a: Gothitelle|100/100 slp|[from] item: Leftovers
|upkeep
|turn|53
|
|t:|1642539389
|move|p2a: Tyranitar|Foul Play|p1a: Gothitelle
|-supereffective|p1a: Gothitelle
|-damage|p1a: Gothitelle|94/100 slp
|cant|p1a: Gothitelle|slp
|
|-heal|p1a: Gothitelle|99/100 slp|[from] item: Leftovers
|-end|p2a: Tyranitar|move: Taunt
|upkeep
|turn|54
|
|t:|1642539405
|move|p2a: Tyranitar|Rest|p2a: Tyranitar
|-fail|p2a: Tyranitar|heal
|-curestatus|p1a: Gothitelle|slp|[msg]
|move|p1a: Gothitelle|Taunt|p2a: Tyranitar
|-start|p2a: Tyranitar|move: Taunt
|
|-heal|p1a: Gothitelle|100/100|[from] item: Leftovers
|upkeep
|turn|55
|
|t:|1642539416
|move|p2a: Tyranitar|Pursuit|p1a: Gothitelle
|-supereffective|p1a: Gothitelle
|-damage|p1a: Gothitelle|98/100
|move|p1a: Gothitelle|Charm|p2a: Tyranitar
|-unboost|p2a: Tyranitar|atk|0
|
|-heal|p1a: Gothitelle|100/100|[from] item: Leftovers
|upkeep
|turn|56
|
|t:|1642539425
|move|p2a: Tyranitar|Foul Play|p1a: Gothitelle
|-supereffective|p1a: Gothitelle
|-crit|p1a: Gothitelle
|-damage|p1a: Gothitelle|65/100
|move|p1a: Gothitelle|Cosmic Power|p1a: Gothitelle
|-boost|p1a: Gothitelle|def|0
|-boost|p1a: Gothitelle|spd|0
|
|-heal|p1a: Gothitelle|71/100|[from] item: Leftovers
|upkeep
|turn|57
|
|t:|1642539436
|move|p2a: Tyranitar|Foul Play|p1a: Gothitelle
|-supereffective|p1a: Gothitelle
|-damage|p1a: Gothitelle|64/100
|move|p1a: Gothitelle|Charm|p2a: Tyranitar
|-unboost|p2a: Tyranitar|atk|0
|
|-heal|p1a: Gothitelle|70/100|[from] item: Leftovers
|-end|p2a: Tyranitar|move: Taunt
|upkeep
|turn|58
|
|t:|1642539446
|move|p2a: Tyranitar|Rock Tomb|p1a: Gothitelle
|-damage|p1a: Gothitelle|69/100
|move|p1a: Gothitelle|Taunt|p2a: Tyranitar
|-start|p2a: Tyranitar|move: Taunt
|
|-heal|p1a: Gothitelle|75/100|[from] item: Leftovers
|upkeep
|turn|59
|
|t:|1642539458
|move|p2a: Tyranitar|Pursuit|p1a: Gothitelle
|-supereffective|p1a: Gothitelle
|-damage|p1a: Gothitelle|72/100
|move|p1a: Gothitelle|Rest|p1a: Gothitelle
|-status|p1a: Gothitelle|slp|[from] move: Rest
|-heal|p1a: Gothitelle|100/100 slp|[silent]
|
|upkeep
|turn|60
|
|t:|1642539466
|move|p2a: Tyranitar|Foul Play|p1a: Gothitelle
|-supereffective|p1a: Gothitelle
|-damage|p1a: Gothitelle|94/100 slp
|cant|p1a: Gothitelle|slp
|
|-heal|p1a: Gothitelle|99/100 slp|[from] item: Leftovers
|upkeep
|turn|61
|
|t:|1642539474
|move|p2a: Tyranitar|Rock Tomb|p1a: Gothitelle
|-crit|p1a: Gothitelle
|-damage|p1a: Gothitelle|60/100 slp
|cant|p1a: Gothitelle|slp
|
|-heal|p1a: Gothitelle|66/100 slp|[from] item: Leftovers
|-end|p2a: Tyranitar|move: Taunt
|upkeep
|turn|62
|
|t:|1642539483
|move|p2a: Tyranitar|Rest|p2a: Tyranitar
|-fail|p2a: Tyranitar|heal
|-curestatus|p1a: Gothitelle|slp|[msg]
|move|p1a: Gothitelle|Taunt|p2a: Tyranitar
|-start|p2a: Tyranitar|move: Taunt
|
|-heal|p1a: Gothitelle|72/100|[from] item: Leftovers
|upkeep
|turn|63
|
|t:|1642539502
|move|p2a: Tyranitar|Pursuit|p1a: Gothitelle
|-supereffective|p1a: Gothitelle
|-damage|p1a: Gothitelle|69/100
|move|p1a: Gothitelle|Rest|p1a: Gothitelle
|-status|p1a: Gothitelle|slp|[from] move: Rest
|-heal|p1a: Gothitelle|100/100 slp|[silent]
|
|upkeep
|turn|64
|
|t:|1642539511
|move|p2a: Tyranitar|Rock Tomb|p1a: Gothitelle
|-damage|p1a: Gothitelle|99/100 slp
|cant|p1a: Gothitelle|slp
|
|-heal|p1a: Gothitelle|100/100 slp|[from] item: Leftovers
|upkeep
|turn|65
|
|t:|1642539520
|move|p2a: Tyranitar|Pursuit|p1a: Gothitelle
|-supereffective|p1a: Gothitelle
|-damage|p1a: Gothitelle|98/100 slp
|cant|p1a: Gothitelle|slp
|
|-heal|p1a: Gothitelle|100/100 slp|[from] item: Leftovers
|-end|p2a: Tyranitar|move: Taunt
|upkeep
|turn|66
|
|t:|1642539527
|move|p2a: Tyranitar|Rest|p2a: Tyranitar
|-fail|p2a: Tyranitar|heal
|-curestatus|p1a: Gothitelle|slp|[msg]
|move|p1a: Gothitelle|Taunt|p2a: Tyranitar
|-start|p2a: Tyranitar|move: Taunt
|
|upkeep
|turn|67
|
|t:|1642539536
|move|p2a: Tyranitar|Rock Tomb|p1a: Gothitelle
|-damage|p1a: Gothitelle|99/100
|move|p1a: Gothitelle|Cosmic Power|p1a: Gothitelle
|-boost|p1a: Gothitelle|def|0
|-boost|p1a: Gothitelle|spd|0
|
|-heal|p1a: Gothitelle|100/100|[from] item: Leftovers
|upkeep
|turn|68
|
|t:|1642539544
|move|p2a: Tyranitar|Pursuit|p1a: Gothitelle
|-supereffective|p1a: Gothitelle
|-damage|p1a: Gothitelle|98/100
|move|p1a: Gothitelle|Charm|p2a: Tyranitar
|-unboost|p2a: Tyranitar|atk|0
|
|-heal|p1a: Gothitelle|100/100|[from] item: Leftovers
|upkeep
|turn|69
|
|t:|1642539547
|move|p2a: Tyranitar|Rock Tomb|p1a: Gothitelle
|-damage|p1a: Gothitelle|99/100
|move|p1a: Gothitelle|Cosmic Power|p1a: Gothitelle
|-boost|p1a: Gothitelle|def|0
|-boost|p1a: Gothitelle|spd|0
|
|-heal|p1a: Gothitelle|100/100|[from] item: Leftovers
|-end|p2a: Tyranitar|move: Taunt
|upkeep
|turn|70
|
|t:|1642539550
|move|p2a: Tyranitar|Rest|p2a: Tyranitar
|-fail|p2a: Tyranitar|heal
|move|p1a: Gothitelle|Taunt|p2a: Tyranitar
|-start|p2a: Tyranitar|move: Taunt
|
|upkeep
|turn|71
|
|t:|1642539559
|move|p2a: Tyranitar|Pursuit|p1a: Gothitelle
|-supereffective|p1a: Gothitelle
|-damage|p1a: Gothitelle|97/100
|move|p1a: Gothitelle|Charm|p2a: Tyranitar
|-unboost|p2a: Tyranitar|atk|0
|
|-heal|p1a: Gothitelle|100/100|[from] item: Leftovers
|upkeep
|turn|72
|
|t:|1642539564
|move|p2a: Tyranitar|Rock Tomb|p1a: Gothitelle
|-damage|p1a: Gothitelle|99/100
|move|p1a: Gothitelle|Cosmic Power|p1a: Gothitelle
|-boost|p1a: Gothitelle|def|0
|-boost|p1a: Gothitelle|spd|0
|
|-heal|p1a: Gothitelle|100/100|[from] item: Leftovers
|upkeep
|turn|73
|
|t:|1642539570
|move|p2a: Tyranitar|Foul Play|p1a: Gothitelle
|-supereffective|p1a: Gothitelle
|-damage|p1a: Gothitelle|95/100
|move|p1a: Gothitelle|Charm|p2a: Tyranitar
|-unboost|p2a: Tyranitar|atk|0
|
|-heal|p1a: Gothitelle|100/100|[from] item: Leftovers
|-end|p2a: Tyranitar|move: Taunt
|upkeep
|turn|74
|
|t:|1642539583
|move|p2a: Tyranitar|Rest|p2a: Tyranitar
|-fail|p2a: Tyranitar|heal
|move|p1a: Gothitelle|Taunt|p2a: Tyranitar
|-start|p2a: Tyranitar|move: Taunt
|
|upkeep
|turn|75
|
|t:|1642539591
|move|p2a: Tyranitar|Rock Tomb|p1a: Gothitelle
|-damage|p1a: Gothitelle|99/100
|move|p1a: Gothitelle|Rest|p1a: Gothitelle
|-status|p1a: Gothitelle|slp|[from] move: Rest
|-heal|p1a: Gothitelle|100/100 slp|[silent]
|
|upkeep
|turn|76
|
|t:|1642539600
|move|p2a: Tyranitar|Pursuit|p1a: Gothitelle
|-supereffective|p1a: Gothitelle
|-damage|p1a: Gothitelle|98/100 slp
|cant|p1a: Gothitelle|slp
|
|-heal|p1a: Gothitelle|100/100 slp|[from] item: Leftovers
|upkeep
|turn|77
|
|t:|1642539614
|move|p2a: Tyranitar|Foul Play|p1a: Gothitelle
|-supereffective|p1a: Gothitelle
|-damage|p1a: Gothitelle|95/100 slp
|cant|p1a: Gothitelle|slp
|
|-heal|p1a: Gothitelle|100/100 slp|[from] item: Leftovers
|-end|p2a: Tyranitar|move: Taunt
|upkeep
|turn|78
|
|t:|1642539624
|move|p2a: Tyranitar|Rest|p2a: Tyranitar
|-fail|p2a: Tyranitar|heal
|-curestatus|p1a: Gothitelle|slp|[msg]
|move|p1a: Gothitelle|Taunt|p2a: Tyranitar
|-start|p2a: Tyranitar|move: Taunt
|
|upkeep
|turn|79
|
|t:|1642539632
|move|p2a: Tyranitar|Rock Tomb|p1a: Gothitelle
|-damage|p1a: Gothitelle|99/100
|move|p1a: Gothitelle|Cosmic Power|p1a: Gothitelle
|-boost|p1a: Gothitelle|def|0
|-boost|p1a: Gothitelle|spd|0
|
|-heal|p1a: Gothitelle|100/100|[from] item: Leftovers
|upkeep
|turn|80
|
|t:|1642539638
|move|p2a: Tyranitar|Foul Play|p1a: Gothitelle
|-supereffective|p1a: Gothitelle
|-damage|p1a: Gothitelle|94/100
|move|p1a: Gothitelle|Charm|p2a: Tyranitar
|-unboost|p2a: Tyranitar|atk|0
|
|-heal|p1a: Gothitelle|99/100|[from] item: Leftovers
|upkeep
|turn|81
|
|t:|1642539644
|move|p2a: Tyranitar|Pursuit|p1a: Gothitelle
|-supereffective|p1a: Gothitelle
|-damage|p1a: Gothitelle|97/100
|move|p1a: Gothitelle|Charm|p2a: Tyranitar
|-unboost|p2a: Tyranitar|atk|0
|
|-heal|p1a: Gothitelle|100/100|[from] item: Leftovers
|-end|p2a: Tyranitar|move: Taunt
|upkeep
|turn|82
|
|t:|1642539652
|move|p2a: Tyranitar|Rock Tomb|p1a: Gothitelle
|-damage|p1a: Gothitelle|99/100
|move|p1a: Gothitelle|Taunt|p2a: Tyranitar
|-start|p2a: Tyranitar|move: Taunt
|
|-heal|p1a: Gothitelle|100/100|[from] item: Leftovers
|upkeep
|turn|83
|
|t:|1642539657
|move|p2a: Tyranitar|Foul Play|p1a: Gothitelle
|-supereffective|p1a: Gothitelle
|-damage|p1a: Gothitelle|94/100
|move|p1a: Gothitelle|Cosmic Power|p1a: Gothitelle
|-boost|p1a: Gothitelle|def|0
|-boost|p1a: Gothitelle|spd|0
|
|-heal|p1a: Gothitelle|99/100|[from] item: Leftovers
|upkeep
|turn|84
|
|t:|1642539667
|move|p2a: Tyranitar|Rock Tomb|p1a: Gothitelle
|-damage|p1a: Gothitelle|98/100
|move|p1a: Gothitelle|Cosmic Power|p1a: Gothitelle
|-boost|p1a: Gothitelle|def|0
|-boost|p1a: Gothitelle|spd|0
|
|-heal|p1a: Gothitelle|100/100|[from] item: Leftovers
|upkeep
|turn|85
|
|t:|1642539670
|move|p2a: Tyranitar|Pursuit|p1a: Gothitelle
|-supereffective|p1a: Gothitelle
|-damage|p1a: Gothitelle|98/100
|move|p1a: Gothitelle|Cosmic Power|p1a: Gothitelle
|-boost|p1a: Gothitelle|def|0
|-boost|p1a: Gothitelle|spd|0
|
|-heal|p1a: Gothitelle|100/100|[from] item: Leftovers
|-end|p2a: Tyranitar|move: Taunt
|upkeep
|turn|86
|
|t:|1642539676
|move|p2a: Tyranitar|Foul Play|p1a: Gothitelle
|-supereffective|p1a: Gothitelle
|-damage|p1a: Gothitelle|93/100
|move|p1a: Gothitelle|Taunt|p2a: Tyranitar
|-start|p2a: Tyranitar|move: Taunt
|
|-heal|p1a: Gothitelle|99/100|[from] item: Leftovers
|upkeep
|turn|87
|
|t:|1642539679
|move|p2a: Tyranitar|Rock Tomb|p1a: Gothitelle
|-damage|p1a: Gothitelle|97/100
|move|p1a: Gothitelle|Charm|p2a: Tyranitar
|-unboost|p2a: Tyranitar|atk|0
|
|-heal|p1a: Gothitelle|100/100|[from] item: Leftovers
|upkeep
|turn|88
|
|t:|1642539682
|move|p2a: Tyranitar|Pursuit|p1a: Gothitelle
|-supereffective|p1a: Gothitelle
|-damage|p1a: Gothitelle|98/100
|move|p1a: Gothitelle|Charm|p2a: Tyranitar
|-unboost|p2a: Tyranitar|atk|0
|
|-heal|p1a: Gothitelle|100/100|[from] item: Leftovers
|upkeep
|turn|89
|
|t:|1642539684
|move|p2a: Tyranitar|Pursuit|p1a: Gothitelle
|-supereffective|p1a: Gothitelle
|-damage|p1a: Gothitelle|98/100
|move|p1a: Gothitelle|Cosmic Power|p1a: Gothitelle
|-boost|p1a: Gothitelle|def|0
|-boost|p1a: Gothitelle|spd|0
|
|-heal|p1a: Gothitelle|100/100|[from] item: Leftovers
|-end|p2a: Tyranitar|move: Taunt
|upkeep
|turn|90
|
|t:|1642539686
|move|p2a: Tyranitar|Pursuit|p1a: Gothitelle
|-supereffective|p1a: Gothitelle
|-damage|p1a: Gothitelle|98/100
|move|p1a: Gothitelle|Taunt|p2a: Tyranitar
|-start|p2a: Tyranitar|move: Taunt
|
|-heal|p1a: Gothitelle|100/100|[from] item: Leftovers
|upkeep
|turn|91
|
|t:|1642539688
|move|p2a: Tyranitar|Rock Tomb|p1a: Gothitelle
|-damage|p1a: Gothitelle|98/100
|move|p1a: Gothitelle|Cosmic Power|p1a: Gothitelle
|-boost|p1a: Gothitelle|def|0
|-boost|p1a: Gothitelle|spd|0
|
|-heal|p1a: Gothitelle|100/100|[from] item: Leftovers
|upkeep
|turn|92
|
|t:|1642539691
|move|p2a: Tyranitar|Foul Play|p1a: Gothitelle
|-supereffective|p1a: Gothitelle
|-damage|p1a: Gothitelle|94/100
|move|p1a: Gothitelle|Charm|p2a: Tyranitar
|-unboost|p2a: Tyranitar|atk|0
|
|-heal|p1a: Gothitelle|99/100|[from] item: Leftovers
|upkeep
|turn|93
|
|t:|1642539694
|move|p2a: Tyranitar|Pursuit|p1a: Gothitelle
|-supereffective|p1a: Gothitelle
|-damage|p1a: Gothitelle|97/100
|move|p1a: Gothitelle|Taunt||[still]
|-fail|p1a: Gothitelle
|
|-heal|p1a: Gothitelle|100/100|[from] item: Leftovers
|-end|p2a: Tyranitar|move: Taunt
|upkeep
|turn|94
|
|t:|1642539696
|move|p2a: Tyranitar|Rock Tomb|p1a: Gothitelle
|-damage|p1a: Gothitelle|99/100
|move|p1a: Gothitelle|Taunt|p2a: Tyranitar
|-start|p2a: Tyranitar|move: Taunt
|
|-heal|p1a: Gothitelle|100/100|[from] item: Leftovers
|upkeep
|turn|95
|
|t:|1642539698
|move|p2a: Tyranitar|Foul Play|p1a: Gothitelle
|-supereffective|p1a: Gothitelle
|-damage|p1a: Gothitelle|94/100
|move|p1a: Gothitelle|Charm|p2a: Tyranitar
|-unboost|p2a: Tyranitar|atk|0
|
|-heal|p1a: Gothitelle|99/100|[from] item: Leftovers
|upkeep
|turn|96
|
|t:|1642539701
|move|p2a: Tyranitar|Pursuit|p1a: Gothitelle
|-supereffective|p1a: Gothitelle
|-damage|p1a: Gothitelle|97/100
|move|p1a: Gothitelle|Cosmic Power|p1a: Gothitelle
|-boost|p1a: Gothitelle|def|0
|-boost|p1a: Gothitelle|spd|0
|
|-heal|p1a: Gothitelle|100/100|[from] item: Leftovers
|upkeep
|turn|97
|
|t:|1642539704
|move|p2a: Tyranitar|Rock Tomb|p1a: Gothitelle
|-damage|p1a: Gothitelle|99/100
|move|p1a: Gothitelle|Charm|p2a: Tyranitar
|-unboost|p2a: Tyranitar|atk|0
|
|-heal|p1a: Gothitelle|100/100|[from] item: Leftovers
|-end|p2a: Tyranitar|move: Taunt
|upkeep
|turn|98
|
|t:|1642539714
|move|p2a: Tyranitar|Foul Play|p1a: Gothitelle
|-supereffective|p1a: Gothitelle
|-damage|p1a: Gothitelle|95/100
|move|p1a: Gothitelle|Taunt|p2a: Tyranitar
|-start|p2a: Tyranitar|move: Taunt
|
|-heal|p1a: Gothitelle|100/100|[from] item: Leftovers
|upkeep
|turn|99
|inactive|lemoncell0 has 120 seconds left.
|
|t:|1642539751
|move|p2a: Tyranitar|Rock Tomb|p1a: Gothitelle
|-damage|p1a: Gothitelle|99/100
|move|p1a: Gothitelle|Cosmic Power|p1a: Gothitelle
|-boost|p1a: Gothitelle|def|0
|-boost|p1a: Gothitelle|spd|0
|
|-heal|p1a: Gothitelle|100/100|[from] item: Leftovers
|upkeep
|turn|100
|
|t:|1642539763
|move|p2a: Tyranitar|Foul Play|p1a: Gothitelle
|-supereffective|p1a: Gothitelle
|-damage|p1a: Gothitelle|95/100
|move|p1a: Gothitelle|Charm|p2a: Tyranitar
|-unboost|p2a: Tyranitar|atk|0
|
|-heal|p1a: Gothitelle|100/100|[from] item: Leftovers
|upkeep
|turn|101
|
|t:|1642539776
|move|p2a: Tyranitar|Rock Tomb|p1a: Gothitelle
|-damage|p1a: Gothitelle|99/100
|move|p1a: Gothitelle|Cosmic Power|p1a: Gothitelle
|-boost|p1a: Gothitelle|def|0
|-boost|p1a: Gothitelle|spd|0
|
|-heal|p1a: Gothitelle|100/100|[from] item: Leftovers
|-end|p2a: Tyranitar|move: Taunt
|upkeep
|turn|102
|inactive|lemoncell0 has 120 seconds left.
|
|t:|1642539790
|move|p2a: Tyranitar|Foul Play|p1a: Gothitelle
|-supereffective|p1a: Gothitelle
|-damage|p1a: Gothitelle|94/100
|move|p1a: Gothitelle|Cosmic Power|p1a: Gothitelle
|-boost|p1a: Gothitelle|def|0
|-boost|p1a: Gothitelle|spd|0
|
|-heal|p1a: Gothitelle|99/100|[from] item: Leftovers
|upkeep
|turn|103
|inactive|lemoncell0 has 120 seconds left.
|
|t:|1642539801
|move|p2a: Tyranitar|Rock Tomb|p1a: Gothitelle
|-damage|p1a: Gothitelle|98/100
|move|p1a: Gothitelle|Taunt|p2a: Tyranitar
|-start|p2a: Tyranitar|move: Taunt
|
|-heal|p1a: Gothitelle|100/100|[from] item: Leftovers
|upkeep
|turn|104
|
|t:|1642539810
|-activate|p2a: Tyranitar|move: Struggle
|move|p2a: Tyranitar|Struggle|p1a: Gothitelle
|-damage|p1a: Gothitelle|99/100
|-damage|p2a: Tyranitar|75/100|[from] recoil
|move|p1a: Gothitelle|Charm|p2a: Tyranitar
|-unboost|p2a: Tyranitar|atk|0
|
|-heal|p1a: Gothitelle|100/100|[from] item: Leftovers
|upkeep
|turn|105
|inactive|lemoncell0 has 120 seconds left.
|
|t:|1642539833
|-activate|p2a: Tyranitar|move: Struggle
|move|p2a: Tyranitar|Struggle|p1a: Gothitelle
|-damage|p1a: Gothitelle|99/100
|-damage|p2a: Tyranitar|50/100|[from] recoil
|move|p1a: Gothitelle|Cosmic Power|p1a: Gothitelle
|-boost|p1a: Gothitelle|def|0
|-boost|p1a: Gothitelle|spd|0
|
|-heal|p1a: Gothitelle|100/100|[from] item: Leftovers
|upkeep
|turn|106
|
|t:|1642539844
|-activate|p2a: Tyranitar|move: Struggle
|move|p2a: Tyranitar|Struggle|p1a: Gothitelle
|-damage|p1a: Gothitelle|99/100
|-damage|p2a: Tyranitar|25/100|[from] recoil
|move|p1a: Gothitelle|Charm|p2a: Tyranitar
|-unboost|p2a: Tyranitar|atk|0
|
|-heal|p1a: Gothitelle|100/100|[from] item: Leftovers
|-end|p2a: Tyranitar|move: Taunt
|upkeep
|turn|107
|
|t:|1642539850
|move|p2a: Tyranitar|Rest|p2a: Tyranitar
|-status|p2a: Tyranitar|slp|[from] move: Rest
|-heal|p2a: Tyranitar|100/100 slp|[silent]
|move|p1a: Gothitelle|Taunt|p2a: Tyranitar
|-start|p2a: Tyranitar|move: Taunt
|
|upkeep
|turn|108
|
|t:|1642539858
|cant|p2a: Tyranitar|slp
|move|p1a: Gothitelle|Cosmic Power|p1a: Gothitelle
|-boost|p1a: Gothitelle|def|0
|-boost|p1a: Gothitelle|spd|0
|
|upkeep
|turn|109
|
|t:|1642539861
|cant|p2a: Tyranitar|slp
|move|p1a: Gothitelle|Charm|p2a: Tyranitar
|-unboost|p2a: Tyranitar|atk|0
|
|upkeep
|turn|110
|
|t:|1642539863
|-curestatus|p2a: Tyranitar|slp|[msg]
|-activate|p2a: Tyranitar|move: Struggle
|move|p2a: Tyranitar|Struggle|p1a: Gothitelle
|-damage|p1a: Gothitelle|99/100
|-damage|p2a: Tyranitar|75/100|[from] recoil
|move|p1a: Gothitelle|Charm|p2a: Tyranitar
|-unboost|p2a: Tyranitar|atk|0
|
|-heal|p1a: Gothitelle|100/100|[from] item: Leftovers
|-end|p2a: Tyranitar|move: Taunt
|upkeep
|turn|111
|
|t:|1642539869
|move|p2a: Tyranitar|Rest|p2a: Tyranitar
|-status|p2a: Tyranitar|slp|[from] move: Rest
|-heal|p2a: Tyranitar|100/100 slp|[silent]
|move|p1a: Gothitelle|Taunt|p2a: Tyranitar
|-start|p2a: Tyranitar|move: Taunt
|
|upkeep
|turn|112
|
|t:|1642539871
|cant|p2a: Tyranitar|slp
|move|p1a: Gothitelle|Cosmic Power|p1a: Gothitelle
|-boost|p1a: Gothitelle|def|0
|-boost|p1a: Gothitelle|spd|0
|
|upkeep
|turn|113
|
|t:|1642539872
|cant|p2a: Tyranitar|slp
|move|p1a: Gothitelle|Charm|p2a: Tyranitar
|-unboost|p2a: Tyranitar|atk|0
|
|upkeep
|turn|114
|
|t:|1642539874
|-curestatus|p2a: Tyranitar|slp|[msg]
|-activate|p2a: Tyranitar|move: Struggle
|move|p2a: Tyranitar|Struggle|p1a: Gothitelle
|-damage|p1a: Gothitelle|99/100
|-damage|p2a: Tyranitar|75/100|[from] recoil
|move|p1a: Gothitelle|Cosmic Power|p1a: Gothitelle
|-boost|p1a: Gothitelle|def|0
|-boost|p1a: Gothitelle|spd|0
|
|-heal|p1a: Gothitelle|100/100|[from] item: Leftovers
|-end|p2a: Tyranitar|move: Taunt
|upkeep
|turn|115
|
|t:|1642539877
|move|p2a: Tyranitar|Rest|p2a: Tyranitar
|-status|p2a: Tyranitar|slp|[from] move: Rest
|-heal|p2a: Tyranitar|100/100 slp|[silent]
|move|p1a: Gothitelle|Cosmic Power|p1a: Gothitelle
|-boost|p1a: Gothitelle|def|0
|-boost|p1a: Gothitelle|spd|0
|
|upkeep
|turn|116
|
|t:|1642539884
|cant|p2a: Tyranitar|slp
|move|p1a: Gothitelle|Charm|p2a: Tyranitar
|-unboost|p2a: Tyranitar|atk|0
|
|upkeep
|turn|117
|
|t:|1642539886
|cant|p2a: Tyranitar|slp
|move|p1a: Gothitelle|Cosmic Power|p1a: Gothitelle
|-boost|p1a: Gothitelle|def|0
|-boost|p1a: Gothitelle|spd|0
|
|upkeep
|turn|118
|
|t:|1642539888
|-curestatus|p2a: Tyranitar|slp|[msg]
|move|p2a: Tyranitar|Rest|p2a: Tyranitar
|-fail|p2a: Tyranitar|heal
|move|p1a: Gothitelle|Charm|p2a: Tyranitar
|-unboost|p2a: Tyranitar|atk|0
|
|upkeep
|turn|119
|
|t:|1642539892
|move|p2a: Tyranitar|Rest|p2a: Tyranitar
|-fail|p2a: Tyranitar|heal
|move|p1a: Gothitelle|Cosmic Power|p1a: Gothitelle
|-boost|p1a: Gothitelle|def|0
|-boost|p1a: Gothitelle|spd|0
|
|upkeep
|turn|120
|
|t:|1642539895
|move|p2a: Tyranitar|Rest|p2a: Tyranitar
|-fail|p2a: Tyranitar|heal
|move|p1a: Gothitelle|Charm|p2a: Tyranitar
|-unboost|p2a: Tyranitar|atk|0
|
|upkeep
|turn|121
|
|t:|1642539902
|move|p2a: Tyranitar|Rest|p2a: Tyranitar
|-fail|p2a: Tyranitar|heal
|move|p1a: Gothitelle|Cosmic Power|p1a: Gothitelle
|-boost|p1a: Gothitelle|def|0
|-boost|p1a: Gothitelle|spd|0
|
|upkeep
|turn|122
|
|t:|1642539907
|move|p2a: Tyranitar|Rest|p2a: Tyranitar
|-fail|p2a: Tyranitar|heal
|move|p1a: Gothitelle|Charm|p2a: Tyranitar
|-unboost|p2a: Tyranitar|atk|0
|
|upkeep
|turn|123
|
|t:|1642539910
|move|p2a: Tyranitar|Rest|p2a: Tyranitar
|-fail|p2a: Tyranitar|heal
|move|p1a: Gothitelle|Cosmic Power|p1a: Gothitelle
|-boost|p1a: Gothitelle|def|0
|-boost|p1a: Gothitelle|spd|0
|
|upkeep
|turn|124
|
|t:|1642539917
|-activate|p2a: Tyranitar|move: Struggle
|move|p2a: Tyranitar|Struggle|p1a: Gothitelle
|-damage|p1a: Gothitelle|99/100
|-damage|p2a: Tyranitar|75/100|[from] recoil
|move|p1a: Gothitelle|Rest|p1a: Gothitelle
|-status|p1a: Gothitelle|slp|[from] move: Rest
|-heal|p1a: Gothitelle|100/100 slp|[silent]
|
|upkeep
|turn|125
|
|t:|1642539933
|-activate|p2a: Tyranitar|move: Struggle
|move|p2a: Tyranitar|Struggle|p1a: Gothitelle
|-damage|p1a: Gothitelle|99/100 slp
|-damage|p2a: Tyranitar|50/100|[from] recoil
|cant|p1a: Gothitelle|slp
|
|-heal|p1a: Gothitelle|100/100 slp|[from] item: Leftovers
|upkeep
|turn|126
|
|t:|1642539937
|-activate|p2a: Tyranitar|move: Struggle
|move|p2a: Tyranitar|Struggle|p1a: Gothitelle
|-damage|p1a: Gothitelle|99/100 slp
|-damage|p2a: Tyranitar|25/100|[from] recoil
|cant|p1a: Gothitelle|slp
|
|-heal|p1a: Gothitelle|100/100 slp|[from] item: Leftovers
|upkeep
|turn|127
|
|t:|1642539946
|-activate|p2a: Tyranitar|move: Struggle
|move|p2a: Tyranitar|Struggle|p1a: Gothitelle
|-damage|p1a: Gothitelle|99/100 slp
|-damage|p2a: Tyranitar|0 fnt|[from] recoil
|faint|p2a: Tyranitar
|-curestatus|p1a: Gothitelle|slp|[msg]
|move|p1a: Gothitelle|Charm|p2: Tyranitar|[notarget]
|-fail|p1a: Gothitelle
|
|-heal|p1a: Gothitelle|100/100|[from] item: Leftovers
|upkeep
|
|t:|1642539956
|switch|p2a: Chansey|Chansey, F|100/100
|-damage|p2a: Chansey|88/100|[from] Stealth Rock
|turn|128
|
|t:|1642539967
|move|p2a: Chansey|Toxic|p1a: Gothitelle
|-status|p1a: Gothitelle|tox
|move|p1a: Gothitelle|Taunt|p2a: Chansey
|-start|p2a: Chansey|move: Taunt
|
|-damage|p1a: Gothitelle|94/100 tox|[from] psn
|upkeep
|turn|129
|
|t:|1642539976
|-activate|p2a: Chansey|move: Struggle
|move|p2a: Chansey|Struggle|p1a: Gothitelle
|-damage|p1a: Gothitelle|94/100 tox
|-damage|p2a: Chansey|63/100|[from] recoil
|move|p1a: Gothitelle|Cosmic Power|p1a: Gothitelle
|-boost|p1a: Gothitelle|def|0
|-boost|p1a: Gothitelle|spd|0
|
|-heal|p1a: Gothitelle|99/100 tox|[from] item: Leftovers
|-damage|p1a: Gothitelle|88/100 tox|[from] psn
|upkeep
|turn|130
|
|t:|1642539986
|-activate|p2a: Chansey|move: Struggle
|move|p2a: Chansey|Struggle|p1a: Gothitelle
|-damage|p1a: Gothitelle|87/100 tox
|-damage|p2a: Chansey|38/100|[from] recoil
|move|p1a: Gothitelle|Charm|p2a: Chansey
|-unboost|p2a: Chansey|atk|2
|
|-heal|p1a: Gothitelle|93/100 tox|[from] item: Leftovers
|-damage|p1a: Gothitelle|75/100 tox|[from] psn
|upkeep
|turn|131
|
|t:|1642539988
|-activate|p2a: Chansey|move: Struggle
|move|p2a: Chansey|Struggle|p1a: Gothitelle
|-damage|p1a: Gothitelle|75/100 tox
|-damage|p2a: Chansey|13/100|[from] recoil
|move|p1a: Gothitelle|Taunt||[still]
|-fail|p1a: Gothitelle
|
|-heal|p1a: Gothitelle|81/100 tox|[from] item: Leftovers
|-damage|p1a: Gothitelle|56/100 tox|[from] psn
|-end|p2a: Chansey|move: Taunt
|upkeep
|turn|132
|
|t:|1642539996
|move|p2a: Chansey|Soft-Boiled|p2a: Chansey
|-heal|p2a: Chansey|63/100
|move|p1a: Gothitelle|Taunt|p2a: Chansey
|-start|p2a: Chansey|move: Taunt
|
|-heal|p1a: Gothitelle|62/100 tox|[from] item: Leftovers
|-damage|p1a: Gothitelle|32/100 tox|[from] psn
|upkeep
|turn|133
|
|t:|1642540005
|-activate|p2a: Chansey|move: Struggle
|move|p2a: Chansey|Struggle|p1a: Gothitelle
|-damage|p1a: Gothitelle|32/100 tox
|-damage|p2a: Chansey|38/100|[from] recoil
|move|p1a: Gothitelle|Rest|p1a: Gothitelle
|-status|p1a: Gothitelle|slp|[from] move: Rest
|-heal|p1a: Gothitelle|100/100 slp|[silent]
|
|upkeep
|turn|134
|
|t:|1642540008
|-activate|p2a: Chansey|move: Struggle
|move|p2a: Chansey|Struggle|p1a: Gothitelle
|-damage|p1a: Gothitelle|99/100 slp
|-damage|p2a: Chansey|13/100|[from] recoil
|cant|p1a: Gothitelle|slp
|
|-heal|p1a: Gothitelle|100/100 slp|[from] item: Leftovers
|upkeep
|turn|135
|
|t:|1642540012
|-activate|p2a: Chansey|move: Struggle
|move|p2a: Chansey|Struggle|p1a: Gothitelle
|-damage|p1a: Gothitelle|99/100 slp
|-damage|p2a: Chansey|0 fnt|[from] recoil
|faint|p2a: Chansey
|cant|p1a: Gothitelle|slp
|
|-heal|p1a: Gothitelle|100/100 slp|[from] item: Leftovers
|upkeep
|
|t:|1642540022
|switch|p2a: Ditto|Ditto, shiny|88/100
|-damage|p2a: Ditto|76/100|[from] Stealth Rock
|-transform|p2a: Ditto|p1a: Gothitelle|[from] ability: Imposter
|turn|136
|-message|spicyntegral forfeited.
|
|win|lemoncell0
|raw|lemoncell0's rating: 1665 &rarr; <strong>1689</strong><br />(+24 for winning)
|raw|spicyntegral's rating: 1739 &rarr; <strong>1715</strong><br />(-24 for losing)
|l|☆spicyntegral
||Ladder isn't responding, score probably updated but might not have (Request timeout).
|l|☆lemoncell0
|j|☆lemoncell0
|player|p1|lemoncell0|elio
