|j|☆DrMario69
|j|☆Bobsican
|t:|1663050900
|gametype|singles
|player|p1|DrMario69|101|1844
|player|p2|Bobsican|n|1827
|teamsize|p1|6
|teamsize|p2|6
|gen|8
|tier|[Gen 8] National Dex AG
|rated|
|rule|HP Percentage Mod: HP is shown in percentages
|rule|Endless Battle Clause: Forcing endless battles is banned
|clearpoke
|poke|p1|Groudon|
|poke|p1|Rayquaza|
|poke|p1|Zygarde|
|poke|p1|Arceus-*|
|poke|p1|Calyrex-Shadow|
|poke|p1|Arceus-*|
|poke|p2|Ditto|
|poke|p2|Gengar, M|
|poke|p2|Tyranitar, M|
|poke|p2|Necrozma-Dusk-Mane|
|poke|p2|Arceus-*|
|poke|p2|Ho-Oh|
|teampreview
|
|t:|1663050906
|start
|switch|p1a: Shi Oh You|Zygarde, shiny|100/100
|switch|p2a: Gengar|Gengar, M|100/100
|turn|1
|inactive|Battle timer is ON: inactive players will automatically lose when time's up. (requested by Bobsican)
|
|t:|1663050912
|detailschange|p2a: Gengar|Gengar-Mega, M
|-mega|p2a: Gengar|Gengar|Gengarite
|move|p2a: Gengar|Substitute|p2a: Gengar
|-start|p2a: Gengar|Substitute
|-damage|p2a: Gengar|76/100
|move|p1a: Shi Oh You|Thousand Arrows|p2a: Gengar
|-supereffective|p2a: Gengar
|-end|p2a: Gengar|Substitute
|
|upkeep
|turn|2
|
|t:|1663050920
|switch|p2a: Arceus|Arceus-Ground|100/100
|move|p1a: Shi Oh You|Thousand Arrows|p2a: Arceus
|-damage|p2a: Arceus|84/100
|
|upkeep
|turn|3
|
|t:|1663050923
|switch|p1a: Arceus|Arceus-Dark|100/100
|move|p2a: Arceus|Ice Beam|p1a: Arceus
|-damage|p1a: Arceus|88/100
|
|upkeep
|turn|4
|
|t:|1663050930
|switch|p2a: Ho-Oh|Ho-Oh|100/100
|move|p1a: Arceus|Thunder Wave|p2a: Ho-Oh
|-status|p2a: Ho-Oh|par
|
|upkeep
|turn|5
|
|t:|1663050939
|switch|p1a: Arceus|Arceus|100/100
|move|p2a: Ho-Oh|Sacred Fire|p1a: Arceus
|-damage|p1a: Arceus|70/100
|-status|p1a: Arceus|brn
|
|-damage|p1a: Arceus|64/100 brn|[from] brn
|upkeep
|turn|6
|j| ShivSarvan
|
|t:|1663050946
|switch|p1a: Pyra|Groudon|100/100
|detailschange|p1a: Pyra|Groudon-Primal
|-primal|p1a: Pyra
|-weather|DesolateLand|[from] ability: Desolate Land|[of] p1a: Pyra
|switch|p2a: Gengar|Gengar-Mega, M|76/100
|
|-weather|DesolateLand|[upkeep]
|upkeep
|turn|7
|
|t:|1663050956
|switch|p2a: Ho-Oh|Ho-Oh|100/100 par
|move|p1a: Pyra|Heat Crash|p2a: Ho-Oh
|-resisted|p2a: Ho-Oh
|-damage|p2a: Ho-Oh|59/100 par
|
|-weather|DesolateLand|[upkeep]
|upkeep
|turn|8
|
|t:|1663050962
|move|p1a: Pyra|Heat Crash|p2a: Ho-Oh
|-resisted|p2a: Ho-Oh
|-damage|p2a: Ho-Oh|14/100 par
|move|p2a: Ho-Oh|Toxic|p1a: Pyra
|-status|p1a: Pyra|tox
|
|-weather|DesolateLand|[upkeep]
|-damage|p1a: Pyra|94/100 tox|[from] psn
|upkeep
|turn|9
|
|t:|1663050969
|switch|p2a: Arceus|Arceus-Ground|84/100
|move|p1a: Pyra|Heat Crash|p2a: Arceus
|-damage|p2a: Arceus|37/100
|
|-weather|DesolateLand|[upkeep]
|-damage|p1a: Pyra|82/100 tox|[from] psn
|upkeep
|turn|10
|
|t:|1663050974
|-weather|none
|switch|p1a: Pneuma|Rayquaza|100/100
|-ability|p1a: Pneuma|Air Lock
|move|p2a: Arceus|Recover|p2a: Arceus
|-heal|p2a: Arceus|87/100
|
|upkeep
|turn|11
|
|t:|1663050981
|detailschange|p1a: Pneuma|Rayquaza-Mega
|-mega|p1a: Pneuma|Rayquaza|
|-weather|DeltaStream|[from] ability: Delta Stream|[of] p1a: Pneuma
|move|p1a: Pneuma|Dragon Ascent|p2a: Arceus
|-damage|p2a: Arceus|24/100
|-unboost|p1a: Pneuma|def|1
|-unboost|p1a: Pneuma|spd|1
|-damage|p1a: Pneuma|91/100|[from] item: Life Orb
|move|p2a: Arceus|Ice Beam|p1a: Pneuma
|-activate||deltastream
|-supereffective|p1a: Pneuma
|-damage|p1a: Pneuma|25/100
|
|-weather|DeltaStream|[upkeep]
|upkeep
|turn|12
|j| DialgaTrainer18
|
|t:|1663050990
|switch|p2a: Necrozma|Necrozma-Dusk-Mane|100/100
|move|p1a: Pneuma|Earthquake|p2a: Necrozma
|-supereffective|p2a: Necrozma
|-damage|p2a: Necrozma|52/100
|-damage|p1a: Pneuma|15/100|[from] item: Life Orb
|
|-weather|DeltaStream|[upkeep]
|upkeep
|turn|13
|
|t:|1663050997
|switch|p2a: Ditto|Ditto|100/100
|-transform|p2a: Ditto|p1a: Pneuma|[from] ability: Imposter
|move|p1a: Pneuma|Earthquake|p2a: Ditto
|-immune|p2a: Ditto
|
|-weather|DeltaStream|[upkeep]
|upkeep
|turn|14
|
|t:|1663051001
|switch|p1a: Calyrex|Calyrex-Shadow|100/100
|-ability|p1a: Calyrex|As One
|-ability|p1a: Calyrex|Unnerve
|move|p2a: Ditto|Extreme Speed|p1a: Calyrex
|-immune|p1a: Calyrex
|
|-weather|DeltaStream|[upkeep]
|upkeep
|turn|15
|
|t:|1663051006
|-weather|none
|switch|p2a: Tyranitar|Tyranitar, M|100/100
|-weather|Sandstorm|[from] ability: Sand Stream|[of] p2a: Tyranitar
|switch|p1a: Shi Oh You|Zygarde, shiny|100/100
|
|-weather|Sandstorm|[upkeep]
|upkeep
|turn|16
|
|t:|1663051014
|switch|p2a: Ho-Oh|Ho-Oh|48/100 par
|move|p1a: Shi Oh You|Glare|p2a: Ho-Oh
|-fail|p2a: Ho-Oh|par
|
|-weather|Sandstorm|[upkeep]
|-damage|p2a: Ho-Oh|42/100 par|[from] Sandstorm
|upkeep
|turn|17
|
|t:|1663051021
|move|p1a: Shi Oh You|Substitute|p1a: Shi Oh You
|-start|p1a: Shi Oh You|Substitute
|-damage|p1a: Shi Oh You|75/100
|cant|p2a: Ho-Oh|par
|
|-weather|Sandstorm|[upkeep]
|-damage|p2a: Ho-Oh|36/100 par|[from] Sandstorm
|-heal|p1a: Shi Oh You|82/100|[from] item: Leftovers
|upkeep
|turn|18
|
|t:|1663051025
|move|p1a: Shi Oh You|Thousand Arrows|p2a: Ho-Oh
|-damage|p2a: Ho-Oh|16/100 par
|-start|p2a: Ho-Oh|Smack Down
|move|p2a: Ho-Oh|Whirlwind|p1a: Shi Oh You
|drag|p1a: Pyra|Groudon-Primal|82/100 tox
|-weather|DesolateLand|[from] ability: Desolate Land|[of] p1a: Pyra
|
|-weather|DesolateLand|[upkeep]
|-damage|p1a: Pyra|76/100 tox|[from] psn
|upkeep
|turn|19
|
|t:|1663051037
|switch|p2a: Ditto|Ditto|100/100
|-transform|p2a: Ditto|p1a: Pyra|[from] ability: Imposter
|move|p1a: Pyra|Heat Crash|p2a: Ditto
|-resisted|p2a: Ditto
|-damage|p2a: Ditto|86/100
|
|-weather|DesolateLand|[upkeep]
|-damage|p1a: Pyra|64/100 tox|[from] psn
|upkeep
|turn|20
|
|t:|1663051045
|switch|p1a: Shi Oh You|Zygarde, shiny|82/100
|move|p2a: Ditto|Stealth Rock|p1a: Shi Oh You
|-sidestart|p1: DrMario69|move: Stealth Rock
|
|-weather|DesolateLand|[upkeep]
|-heal|p1a: Shi Oh You|88/100|[from] item: Leftovers
|upkeep
|turn|21
|
|t:|1663051051
|-weather|none
|switch|p2a: Ho-Oh|Ho-Oh|49/100 par
|move|p1a: Shi Oh You|Coil|p1a: Shi Oh You
|-boost|p1a: Shi Oh You|atk|1
|-boost|p1a: Shi Oh You|def|1
|-boost|p1a: Shi Oh You|accuracy|1
|
|-heal|p1a: Shi Oh You|94/100|[from] item: Leftovers
|upkeep
|turn|22
|
|t:|1663051056
|move|p1a: Shi Oh You|Thousand Arrows|p2a: Ho-Oh
|-damage|p2a: Ho-Oh|17/100 par
|-start|p2a: Ho-Oh|Smack Down
|move|p2a: Ho-Oh|Whirlwind|p1a: Shi Oh You
|drag|p1a: Pneuma|Rayquaza-Mega|15/100
|-damage|p1a: Pneuma|0 fnt|[from] Stealth Rock
|faint|p1a: Pneuma
|
|upkeep
|
|t:|1663051062
|switch|p1a: Shi Oh You|Zygarde, shiny|94/100
|-damage|p1a: Shi Oh You|88/100|[from] Stealth Rock
|turn|23
|
|t:|1663051069
|switch|p2a: Arceus|Arceus-Ground|24/100
|move|p1a: Shi Oh You|Substitute|p1a: Shi Oh You
|-start|p1a: Shi Oh You|Substitute
|-damage|p1a: Shi Oh You|63/100
|
|-heal|p1a: Shi Oh You|69/100|[from] item: Leftovers
|upkeep
|turn|24
|
|t:|1663051072
|move|p2a: Arceus|Recover|p2a: Arceus
|-heal|p2a: Arceus|74/100
|move|p1a: Shi Oh You|Thousand Arrows|p2a: Arceus
|-damage|p2a: Arceus|59/100
|
|-heal|p1a: Shi Oh You|75/100|[from] item: Leftovers
|upkeep
|turn|25
|
|t:|1663051079
|move|p2a: Arceus|Recover|p2a: Arceus
|-heal|p2a: Arceus|100/100
|move|p1a: Shi Oh You|Glare|p2a: Arceus
|-status|p2a: Arceus|par
|
|-heal|p1a: Shi Oh You|81/100|[from] item: Leftovers
|upkeep
|turn|26
|
|t:|1663051082
|move|p1a: Shi Oh You|Coil|p1a: Shi Oh You
|-boost|p1a: Shi Oh You|atk|1
|-boost|p1a: Shi Oh You|def|1
|-boost|p1a: Shi Oh You|accuracy|1
|move|p2a: Arceus|Refresh|p2a: Arceus
|-curestatus|p2a: Arceus|par|[msg]
|
|-heal|p1a: Shi Oh You|88/100|[from] item: Leftovers
|upkeep
|turn|27
|
|t:|1663051086
|move|p2a: Arceus|Ice Beam|p1a: Shi Oh You
|-supereffective|p1a: Shi Oh You
|-end|p1a: Shi Oh You|Substitute
|move|p1a: Shi Oh You|Glare|p2a: Arceus
|-status|p2a: Arceus|par
|
|-heal|p1a: Shi Oh You|94/100|[from] item: Leftovers
|upkeep
|turn|28
|
|t:|1663051091
|move|p1a: Shi Oh You|Coil|p1a: Shi Oh You
|-boost|p1a: Shi Oh You|atk|1
|-boost|p1a: Shi Oh You|def|1
|-boost|p1a: Shi Oh You|accuracy|1
|cant|p2a: Arceus|par
|
|-heal|p1a: Shi Oh You|99/100|[from] item: Leftovers
|upkeep
|turn|29
|c| DialgaTrainer18|Lol
|
|t:|1663051098
|move|p1a: Shi Oh You|Substitute|p1a: Shi Oh You
|-start|p1a: Shi Oh You|Substitute
|-damage|p1a: Shi Oh You|75/100
|cant|p2a: Arceus|par
|
|-heal|p1a: Shi Oh You|81/100|[from] item: Leftovers
|upkeep
|turn|30
|
|t:|1663051101
|move|p1a: Shi Oh You|Coil|p1a: Shi Oh You
|-boost|p1a: Shi Oh You|atk|1
|-boost|p1a: Shi Oh You|def|1
|-boost|p1a: Shi Oh You|accuracy|1
|move|p2a: Arceus|Refresh|p2a: Arceus
|-curestatus|p2a: Arceus|par|[msg]
|
|-heal|p1a: Shi Oh You|87/100|[from] item: Leftovers
|upkeep
|turn|31
|
|t:|1663051105
|move|p2a: Arceus|Ice Beam|p1a: Shi Oh You
|-supereffective|p1a: Shi Oh You
|-end|p1a: Shi Oh You|Substitute
|move|p1a: Shi Oh You|Glare|p2a: Arceus
|-status|p2a: Arceus|par
|
|-heal|p1a: Shi Oh You|94/100|[from] item: Leftovers
|upkeep
|turn|32
|
|t:|1663051109
|move|p1a: Shi Oh You|Substitute|p1a: Shi Oh You
|-start|p1a: Shi Oh You|Substitute
|-damage|p1a: Shi Oh You|69/100
|move|p2a: Arceus|Ice Beam|p1a: Shi Oh You
|-supereffective|p1a: Shi Oh You
|-end|p1a: Shi Oh You|Substitute
|
|-heal|p1a: Shi Oh You|75/100|[from] item: Leftovers
|upkeep
|turn|33
|
|t:|1663051113
|move|p1a: Shi Oh You|Substitute|p1a: Shi Oh You
|-start|p1a: Shi Oh You|Substitute
|-damage|p1a: Shi Oh You|50/100
|move|p2a: Arceus|Refresh|p2a: Arceus
|-curestatus|p2a: Arceus|par|[msg]
|
|-heal|p1a: Shi Oh You|56/100|[from] item: Leftovers
|upkeep
|turn|34
|
|t:|1663051117
|move|p2a: Arceus|Ice Beam|p1a: Shi Oh You
|-supereffective|p1a: Shi Oh You
|-end|p1a: Shi Oh You|Substitute
|move|p1a: Shi Oh You|Glare|p2a: Arceus
|-status|p2a: Arceus|par
|
|-heal|p1a: Shi Oh You|62/100|[from] item: Leftovers
|upkeep
|turn|35
|
|t:|1663051121
|switch|p2a: Gengar|Gengar-Mega, M|76/100
|move|p1a: Shi Oh You|Substitute|p1a: Shi Oh You
|-start|p1a: Shi Oh You|Substitute
|-damage|p1a: Shi Oh You|37/100
|
|-heal|p1a: Shi Oh You|43/100|[from] item: Leftovers
|-activate|p1a: Shi Oh You|ability: Power Construct
|detailschange|p1a: Shi Oh You|Zygarde-Complete, shiny
|-heal|p1a: Shi Oh You|63/100|[silent]
|upkeep
|turn|36
|
|t:|1663051126
|move|p2a: Gengar|Encore|p1a: Shi Oh You
|-start|p1a: Shi Oh You|Encore
|move|p1a: Shi Oh You|Substitute|p1a: Shi Oh You
|-fail|p1a: Shi Oh You|move: Substitute
|
|-heal|p1a: Shi Oh You|69/100|[from] item: Leftovers
|upkeep
|turn|37
|
|t:|1663051137
|-end|p1a: Shi Oh You|Substitute
|-start|p1a: Shi Oh You|Dynamax|
|-heal|p1a: Shi Oh You|69/100|[silent]
|move|p2a: Gengar|Shadow Ball|p1a: Shi Oh You
|-damage|p1a: Shi Oh You|55/100
|move|p1a: Shi Oh You|Max Quake|p2a: Gengar
|-supereffective|p2a: Gengar
|-damage|p2a: Gengar|0 fnt
|-boost|p1a: Shi Oh You|spd|1
|faint|p2a: Gengar
|
|-heal|p1a: Shi Oh You|59/100|[from] item: Leftovers
|upkeep
|
|t:|1663051142
|switch|p2a: Ditto|Ditto|86/100
|-transform|p2a: Ditto|p1a: Shi Oh You|[from] ability: Imposter
|turn|38
|
|t:|1663051157
|move|p1a: Shi Oh You|Max Guard|p1a: Shi Oh You
|-singleturn|p1a: Shi Oh You|Max Guard
|move|p2a: Ditto|Substitute|p2a: Ditto
|-start|p2a: Ditto|Substitute
|-damage|p2a: Ditto|61/100
|
|-heal|p1a: Shi Oh You|62/100|[from] item: Leftovers
|-end|p1a: Shi Oh You|Encore
|upkeep
|turn|39
|
|t:|1663051162
|move|p2a: Ditto|Substitute|p2a: Ditto
|-fail|p2a: Ditto|move: Substitute
|move|p1a: Shi Oh You|Max Quake|p2a: Ditto
|-crit|p2a: Ditto
|-end|p2a: Ditto|Substitute
|-boost|p1a: Shi Oh You|spd|1
|
|-heal|p1a: Shi Oh You|65/100|[from] item: Leftovers
|upkeep
|-end|p1a: Shi Oh You|Dynamax
|-heal|p1a: Shi Oh You|65/100|[silent]
|turn|40
|l| DialgaTrainer18
|
|t:|1663051168
|-start|p2a: Ditto|Dynamax|
|-heal|p2a: Ditto|61/100|[silent]
|move|p1a: Shi Oh You|Thousand Arrows|p2a: Ditto
|-damage|p2a: Ditto|49/100
|move|p2a: Ditto|Max Quake|p1a: Shi Oh You
|-crit|p1a: Shi Oh You
|-damage|p1a: Shi Oh You|5/100
|-boost|p2a: Ditto|spd|1
|
|-heal|p1a: Shi Oh You|11/100|[from] item: Leftovers
|upkeep
|turn|41
|j| DialgaTrainer18
|c|☆DrMario69|nice
|
|t:|1663051177
|move|p1a: Shi Oh You|Glare|p2a: Ditto
|-status|p2a: Ditto|par
|move|p2a: Ditto|Max Quake|p1a: Shi Oh You
|-damage|p1a: Shi Oh You|0 fnt
|-boost|p2a: Ditto|spd|1
|faint|p1a: Shi Oh You
|
|upkeep
|c|☆DrMario69|that won u the game
|c|☆DrMario69|u lost otherwise lmao
|
|t:|1663051192
|switch|p1a: Calyrex|Calyrex-Shadow|100/100
|-ability|p1a: Calyrex|As One
|-ability|p1a: Calyrex|Unnerve
|-damage|p1a: Calyrex|88/100|[from] Stealth Rock
|turn|42
|
|t:|1663051196
|move|p1a: Calyrex|Substitute|p1a: Calyrex
|-start|p1a: Calyrex|Substitute
|-damage|p1a: Calyrex|63/100
|move|p2a: Ditto|Max Quake|p1a: Calyrex
|-end|p1a: Calyrex|Substitute
|-boost|p2a: Ditto|spd|1
|
|-heal|p1a: Calyrex|70/100|[from] item: Leftovers
|upkeep
|-end|p2a: Ditto|Dynamax
|-heal|p2a: Ditto|49/100 par|[silent]
|turn|43
|c| DialgaTrainer18|Lol
|
|t:|1663051200
|switch|p2a: Tyranitar|Tyranitar, M|100/100
|-weather|Sandstorm|[from] ability: Sand Stream|[of] p2a: Tyranitar
|move|p1a: Calyrex|Substitute|p1a: Calyrex
|-start|p1a: Calyrex|Substitute
|-damage|p1a: Calyrex|45/100
|
|-weather|Sandstorm|[upkeep]
|-damage|p1a: Calyrex|39/100|[from] Sandstorm
|-heal|p1a: Calyrex|45/100|[from] item: Leftovers
|upkeep
|turn|44
|
|t:|1663051206
|move|p1a: Calyrex|Leech Seed|p2a: Tyranitar
|-start|p2a: Tyranitar|move: Leech Seed
|move|p2a: Tyranitar|Pursuit|p1a: Calyrex
|-supereffective|p1a: Calyrex
|-end|p1a: Calyrex|Substitute
|
|-weather|Sandstorm|[upkeep]
|-damage|p1a: Calyrex|39/100|[from] Sandstorm
|-heal|p1a: Calyrex|45/100|[from] item: Leftovers
|-damage|p2a: Tyranitar|88/100|[from] Leech Seed|[of] p1a: Calyrex
|-heal|p1a: Calyrex|59/100|[silent]
|upkeep
|turn|45
|
|t:|1663051209
|move|p1a: Calyrex|Substitute|p1a: Calyrex
|-start|p1a: Calyrex|Substitute
|-damage|p1a: Calyrex|34/100
|move|p2a: Tyranitar|Pursuit|p1a: Calyrex
|-supereffective|p1a: Calyrex
|-end|p1a: Calyrex|Substitute
|
|-weather|Sandstorm|[upkeep]
|-damage|p1a: Calyrex|28/100|[from] Sandstorm
|-heal|p1a: Calyrex|34/100|[from] item: Leftovers
|-heal|p2a: Tyranitar|94/100|[from] item: Leftovers
|-damage|p2a: Tyranitar|82/100|[from] Leech Seed|[of] p1a: Calyrex
|-heal|p1a: Calyrex|49/100|[silent]
|upkeep
|turn|46
|
|t:|1663051214
|switch|p2a: Ho-Oh|Ho-Oh|50/100 par
|move|p1a: Calyrex|Substitute|p1a: Calyrex
|-start|p1a: Calyrex|Substitute
|-damage|p1a: Calyrex|24/100
|
|-weather|Sandstorm|[upkeep]
|-damage|p1a: Calyrex|18/100|[from] Sandstorm
|-damage|p2a: Ho-Oh|44/100 par|[from] Sandstorm
|-heal|p1a: Calyrex|24/100|[from] item: Leftovers
|upkeep
|turn|47
|
|t:|1663051218
|switch|p2a: Tyranitar|Tyranitar, M|82/100
|move|p1a: Calyrex|Astral Barrage|p2a: Tyranitar
|-resisted|p2a: Tyranitar
|-damage|p2a: Tyranitar|66/100
|
|-weather|none
|-heal|p1a: Calyrex|30/100|[from] item: Leftovers
|-heal|p2a: Tyranitar|72/100|[from] item: Leftovers
|upkeep
|turn|48
|
|t:|1663051222
|move|p1a: Calyrex|Leech Seed|p2a: Tyranitar
|-start|p2a: Tyranitar|move: Leech Seed
|move|p2a: Tyranitar|Pursuit|p1a: Calyrex
|-supereffective|p1a: Calyrex
|-end|p1a: Calyrex|Substitute
|
|-heal|p1a: Calyrex|36/100|[from] item: Leftovers
|-heal|p2a: Tyranitar|78/100|[from] item: Leftovers
|-damage|p2a: Tyranitar|66/100|[from] Leech Seed|[of] p1a: Calyrex
|-heal|p1a: Calyrex|51/100|[silent]
|upkeep
|turn|49
|
|t:|1663051226
|switch|p2a: Ho-Oh|Ho-Oh|77/100 par
|move|p1a: Calyrex|Substitute|p1a: Calyrex
|-start|p1a: Calyrex|Substitute
|-damage|p1a: Calyrex|26/100
|
|-heal|p1a: Calyrex|32/100|[from] item: Leftovers
|upkeep
|turn|50
|
|t:|1663051231
|move|p1a: Calyrex|Leech Seed|p2a: Ho-Oh|[miss]
|-miss|p1a: Calyrex|p2a: Ho-Oh
|move|p2a: Ho-Oh|Whirlwind|p1a: Calyrex
|drag|p1a: Arceus|Arceus-Dark|88/100
|-damage|p1a: Arceus|75/100|[from] Stealth Rock
|
|upkeep
|turn|51
|
|t:|1663051237
|move|p1a: Arceus|Thunder Wave|p2a: Ho-Oh
|-fail|p2a: Ho-Oh|par
|move|p2a: Ho-Oh|Toxic|p1a: Arceus
|-status|p1a: Arceus|tox
|
|-damage|p1a: Arceus|69/100 tox|[from] psn
|upkeep
|turn|52
|
|t:|1663051245
|move|p1a: Arceus|Defog|p2a: Ho-Oh
|-unboost|p2a: Ho-Oh|evasion|1
|-sideend|p1: DrMario69|Stealth Rock|[from] move: Defog|[of] p1a: Arceus
|move|p2a: Ho-Oh|Whirlwind|p1a: Arceus
|drag|p1a: Calyrex|Calyrex-Shadow|32/100
|-ability|p1a: Calyrex|As One
|-ability|p1a: Calyrex|Unnerve
|
|-heal|p1a: Calyrex|39/100|[from] item: Leftovers
|upkeep
|turn|53
|
|t:|1663051249
|move|p1a: Calyrex|Astral Barrage|p2a: Ho-Oh
|-damage|p2a: Ho-Oh|33/100 par
|cant|p2a: Ho-Oh|par
|
|-heal|p1a: Calyrex|45/100|[from] item: Leftovers
|upkeep
|turn|54
|
|t:|1663051255
|switch|p1a: Pyra|Groudon-Primal|64/100 tox
|-weather|DesolateLand|[from] ability: Desolate Land|[of] p1a: Pyra
|switch|p2a: Tyranitar|Tyranitar, M|66/100
|-ability|p2a: Tyranitar|Sand Stream|[from] desolateland|[fail]
|
|-weather|DesolateLand|[upkeep]
|-heal|p2a: Tyranitar|72/100|[from] item: Leftovers
|-damage|p1a: Pyra|58/100 tox|[from] psn
|upkeep
|turn|55
|
|t:|1663051261
|switch|p2a: Ho-Oh|Ho-Oh|66/100 par
|move|p1a: Pyra|Heat Crash|p2a: Ho-Oh
|-resisted|p2a: Ho-Oh
|-damage|p2a: Ho-Oh|28/100 par
|
|-weather|DesolateLand|[upkeep]
|-damage|p1a: Pyra|46/100 tox|[from] psn
|upkeep
|turn|56
|
|t:|1663051266
|switch|p2a: Arceus|Arceus-Ground|100/100 par
|move|p1a: Pyra|Heat Crash|p2a: Arceus
|-crit|p2a: Arceus
|-damage|p2a: Arceus|35/100 par
|
|-weather|DesolateLand|[upkeep]
|-damage|p1a: Pyra|28/100 tox|[from] psn
|upkeep
|turn|57
|
|t:|1663051273
|switch|p2a: Ho-Oh|Ho-Oh|61/100 par
|move|p1a: Pyra|Heat Crash|p2a: Ho-Oh
|-resisted|p2a: Ho-Oh
|-damage|p2a: Ho-Oh|22/100 par
|
|-weather|DesolateLand|[upkeep]
|-damage|p1a: Pyra|4/100 tox|[from] psn
|upkeep
|turn|58
|
|t:|1663051280
|switch|p2a: Ditto|Ditto|49/100 par
|-transform|p2a: Ditto|p1a: Pyra|[from] ability: Imposter
|move|p1a: Pyra|Heat Crash|p2a: Ditto
|-resisted|p2a: Ditto
|-damage|p2a: Ditto|35/100 par
|
|-weather|DesolateLand|[upkeep]
|-damage|p1a: Pyra|0 fnt|[from] psn
|faint|p1a: Pyra
|upkeep
|
|t:|1663051282
|switch|p1a: Calyrex|Calyrex-Shadow|45/100
|-ability|p1a: Calyrex|As One
|-ability|p1a: Calyrex|Unnerve
|turn|59
|
|t:|1663051289
|-weather|none
|switch|p2a: Tyranitar|Tyranitar, M|72/100
|-weather|Sandstorm|[from] ability: Sand Stream|[of] p2a: Tyranitar
|move|p1a: Calyrex|Substitute|p1a: Calyrex
|-start|p1a: Calyrex|Substitute
|-damage|p1a: Calyrex|20/100
|
|-weather|Sandstorm|[upkeep]
|-damage|p1a: Calyrex|14/100|[from] Sandstorm
|-heal|p1a: Calyrex|20/100|[from] item: Leftovers
|-heal|p2a: Tyranitar|78/100|[from] item: Leftovers
|upkeep
|turn|60
|
|t:|1663051293
|move|p1a: Calyrex|Leech Seed|p2a: Tyranitar
|-start|p2a: Tyranitar|move: Leech Seed
|move|p2a: Tyranitar|Pursuit|p1a: Calyrex
|-supereffective|p1a: Calyrex
|-end|p1a: Calyrex|Substitute
|
|-weather|Sandstorm|[upkeep]
|-damage|p1a: Calyrex|14/100|[from] Sandstorm
|-heal|p1a: Calyrex|20/100|[from] item: Leftovers
|-heal|p2a: Tyranitar|84/100|[from] item: Leftovers
|-damage|p2a: Tyranitar|72/100|[from] Leech Seed|[of] p1a: Calyrex
|-heal|p1a: Calyrex|34/100|[silent]
|upkeep
|turn|61
|
|t:|1663051298
|switch|p2a: Ho-Oh|Ho-Oh|55/100 par
|move|p1a: Calyrex|Substitute|p1a: Calyrex
|-start|p1a: Calyrex|Substitute
|-damage|p1a: Calyrex|10/100
|
|-weather|Sandstorm|[upkeep]
|-damage|p1a: Calyrex|3/100|[from] Sandstorm
|-damage|p2a: Ho-Oh|49/100 par|[from] Sandstorm
|-heal|p1a: Calyrex|10/100|[from] item: Leftovers
|upkeep
|turn|62
|
|t:|1663051303
|switch|p2a: Tyranitar|Tyranitar, M|72/100
|move|p1a: Calyrex|Astral Barrage|p2a: Tyranitar
|-resisted|p2a: Tyranitar
|-damage|p2a: Tyranitar|57/100
|
|-weather|Sandstorm|[upkeep]
|-damage|p1a: Calyrex|3/100|[from] Sandstorm
|-heal|p1a: Calyrex|10/100|[from] item: Leftovers
|-heal|p2a: Tyranitar|63/100|[from] item: Leftovers
|upkeep
|turn|63
|
|t:|1663051310
|move|p1a: Calyrex|Leech Seed|p2a: Tyranitar
|-start|p2a: Tyranitar|move: Leech Seed
|move|p2a: Tyranitar|Pursuit|p1a: Calyrex
|-supereffective|p1a: Calyrex
|-end|p1a: Calyrex|Substitute
|
|-weather|none
|-heal|p1a: Calyrex|16/100|[from] item: Leftovers
|-heal|p2a: Tyranitar|69/100|[from] item: Leftovers
|-damage|p2a: Tyranitar|57/100|[from] Leech Seed|[of] p1a: Calyrex
|-heal|p1a: Calyrex|30/100|[silent]
|upkeep
|turn|64
|
|t:|1663051315
|switch|p2a: Ho-Oh|Ho-Oh|82/100 par
|move|p1a: Calyrex|Substitute|p1a: Calyrex
|-start|p1a: Calyrex|Substitute
|-damage|p1a: Calyrex|5/100
|
|-heal|p1a: Calyrex|12/100|[from] item: Leftovers
|upkeep
|turn|65
|
|t:|1663051319
|move|p1a: Calyrex|Draining Kiss|p2a: Ho-Oh
|-resisted|p2a: Ho-Oh
|-damage|p2a: Ho-Oh|77/100 par
|-heal|p1a: Calyrex|17/100|[from] drain|[of] p2a: Ho-Oh
|move|p2a: Ho-Oh|Whirlwind|p1a: Calyrex
|drag|p1a: Arceus|Arceus-Dark|69/100 tox
|
|-damage|p1a: Arceus|63/100 tox|[from] psn
|upkeep
|turn|66
|
|t:|1663051328
|switch|p2a: Arceus|Arceus-Ground|35/100 par
|move|p1a: Arceus|Judgment|p2a: Arceus
|-damage|p2a: Arceus|7/100 par
|
|-damage|p1a: Arceus|51/100 tox|[from] psn
|upkeep
|turn|67
|
|t:|1663051335
|switch|p2a: Ho-Oh|Ho-Oh|100/100 par
|move|p1a: Arceus|Judgment|p2a: Ho-Oh
|-damage|p2a: Ho-Oh|75/100 par
|
|-damage|p1a: Arceus|33/100 tox|[from] psn
|upkeep
|turn|68
|
|t:|1663051338
|move|p1a: Arceus|Recover|p1a: Arceus
|-heal|p1a: Arceus|83/100 tox
|move|p2a: Ho-Oh|Sacred Fire|p1a: Arceus
|-damage|p1a: Arceus|52/100 tox
|
|-damage|p1a: Arceus|28/100 tox|[from] psn
|upkeep
|turn|69
|
|t:|1663051342
|switch|p1a: Arceus|Arceus|64/100 brn
|move|p2a: Ho-Oh|Sacred Fire|p1a: Arceus
|-damage|p1a: Arceus|32/100 brn
|
|-damage|p1a: Arceus|26/100 brn|[from] brn
|upkeep
|turn|70
|c| DialgaTrainer18|Bruh
|c|☆DrMario69|you are
|c|☆DrMario69|so lucky
|c|☆DrMario69|you got that crit
|c|☆DrMario69|this game would be over
|
|t:|1663051357
|switch|p2a: Arceus|Arceus-Ground|7/100 par
|move|p1a: Arceus|Swords Dance|p1a: Arceus
|-boost|p1a: Arceus|atk|2
|
|-damage|p1a: Arceus|20/100 brn|[from] brn
|upkeep
|turn|71
|
|t:|1663051365
|move|p1a: Arceus|Extreme Speed|p2a: Arceus
|-damage|p2a: Arceus|0 fnt
|faint|p2a: Arceus
|-damage|p1a: Arceus|10/100 brn|[from] item: Life Orb
|
|-damage|p1a: Arceus|4/100 brn|[from] brn
|upkeep
|
|t:|1663051370
|switch|p2a: Ditto|Ditto|35/100 par
|-transform|p2a: Ditto|p1a: Arceus|[from] ability: Imposter
|turn|72
|
|t:|1663051377
|switch|p2a: Necrozma|Necrozma-Dusk-Mane|52/100
|move|p1a: Arceus|Extreme Speed|p2a: Necrozma
|-resisted|p2a: Necrozma
|-damage|p2a: Necrozma|37/100
|-damage|p1a: Arceus|0 fnt|[from] item: Rocky Helmet|[of] p2a: Necrozma
|faint|p1a: Arceus
|
|upkeep
|
|t:|1663051379
|switch|p1a: Calyrex|Calyrex-Shadow|17/100
|-ability|p1a: Calyrex|As One
|-ability|p1a: Calyrex|Unnerve
|turn|73
|
|t:|1663051382
|move|p1a: Calyrex|Leech Seed|p2a: Necrozma
|-start|p2a: Necrozma|move: Leech Seed
|move|p2a: Necrozma|Knock Off|p1a: Calyrex
|-supereffective|p1a: Calyrex
|-damage|p1a: Calyrex|0 fnt
|-enditem|p1a: Calyrex|Leftovers|[from] move: Knock Off|[of] p2a: Necrozma
|faint|p1a: Calyrex
|
|upkeep
|
|t:|1663051385
|switch|p1a: Arceus|Arceus-Dark|28/100 tox
|turn|74
|
|t:|1663051389
|switch|p2a: Ho-Oh|Ho-Oh|100/100 par
|move|p1a: Arceus|Judgment|p2a: Ho-Oh
|-damage|p2a: Ho-Oh|74/100 par
|
|-damage|p1a: Arceus|22/100 tox|[from] psn
|upkeep
|turn|75
|c|☆DrMario69|undeserved
|-message|DrMario69 forfeited.
|
|win|Bobsican
|raw|DrMario69's rating: 1844 &rarr; <strong>1823</strong><br />(-21 for losing)
|raw|Bobsican's rating: 1827 &rarr; <strong>1848</strong><br />(+21 for winning)
|l|☆DrMario69
|c|☆Bobsican|gg
|c|☆Bobsican|I mean, I also outplayed your crit with a sub
