|j|☆SheepxSue
|j|☆ThievesBoom
|t:|1667151385
|gametype|singles
|player|p1|SheepxSue|cynthia|1496
|player|p2|ThievesBoom|169|1579
|teamsize|p1|6
|teamsize|p2|6
|gen|8
|tier|[Gen 8] National Dex AG
|rated|
|rule|HP Percentage Mod: HP is shown in percentages
|rule|Endless Battle Clause: Forcing endless battles is banned
|clearpoke
|poke|p1|Groudon|
|poke|p1|Kyogre|
|poke|p1|Rayquaza|
|poke|p1|Zacian-*|
|poke|p1|Arceus-*|
|poke|p1|Yveltal|
|poke|p2|Gengar, M|
|poke|p2|Wobbuffet, M|
|poke|p2|Gothitelle, M|
|poke|p2|Arceus-*|
|poke|p2|Tyranitar, F|
|poke|p2|Arceus-*|
|teampreview
|inactive|Battle timer is ON: inactive players will automatically lose when time's up. (requested by SheepxSue)
|
|t:|1667151395
|start
|switch|p1a: Yveltal|Yveltal|100/100
|switch|p2a: Wobbuffet|Wobbuffet, M|100/100
|-ability|p1a: Yveltal|Dark Aura
|turn|1
|
|t:|1667151399
|switch|p2a: Tyranitar|Tyranitar, F|100/100
|-weather|Sandstorm|[from] ability: Sand Stream|[of] p2a: Tyranitar
|move|p1a: Yveltal|Taunt|p2a: Tyranitar
|-start|p2a: Tyranitar|move: Taunt
|
|-weather|Sandstorm|[upkeep]
|-damage|p1a: Yveltal|94/100|[from] Sandstorm
|upkeep
|turn|2
|
|t:|1667151406
|switch|p1a: Groudon|Groudon|100/100
|detailschange|p1a: Groudon|Groudon-Primal
|-primal|p1a: Groudon
|-weather|DesolateLand|[from] ability: Desolate Land|[of] p1a: Groudon
|move|p2a: Tyranitar|Avalanche|p1a: Groudon
|-damage|p1a: Groudon|87/100
|
|-weather|DesolateLand|[upkeep]
|upkeep
|turn|3
|
|t:|1667151412
|switch|p2a: Wobbuffet|Wobbuffet, M|100/100
|move|p1a: Groudon|Stealth Rock|p2a: Wobbuffet
|-sidestart|p2: ThievesBoom|move: Stealth Rock
|
|-weather|DesolateLand|[upkeep]
|upkeep
|turn|4
|
|t:|1667151418
|move|p1a: Groudon|Fire Punch|p2a: Wobbuffet
|-damage|p2a: Wobbuffet|51/100
|-status|p2a: Wobbuffet|brn
|move|p2a: Wobbuffet|Counter|p1a: Groudon
|-damage|p1a: Groudon|0 fnt
|faint|p1a: Groudon
|-weather|none
|
|-damage|p2a: Wobbuffet|45/100 brn|[from] brn
|upkeep
|
|t:|1667151424
|switch|p1a: Kyogre|Kyogre|100/100
|-weather|RainDance|[from] ability: Drizzle|[of] p1a: Kyogre
|turn|5
|
|t:|1667151430
|move|p1a: Kyogre|Water Spout|p2a: Wobbuffet
|-damage|p2a: Wobbuffet|0 fnt
|faint|p2a: Wobbuffet
|
|-weather|RainDance|[upkeep]
|upkeep
|
|t:|1667151433
|switch|p2a: Arceus|Arceus|100/100
|-damage|p2a: Arceus|88/100|[from] Stealth Rock
|turn|6
|
|t:|1667151437
|switch|p1a: Zacian|Zacian-Crowned|100/100
|-ability|p1a: Zacian|Intrepid Sword|boost
|-boost|p1a: Zacian|atk|1
|move|p2a: Arceus|Extreme Speed|p1a: Zacian
|-resisted|p1a: Zacian
|-damage|p1a: Zacian|74/100
|-damage|p2a: Arceus|78/100|[from] item: Life Orb
|
|-weather|RainDance|[upkeep]
|upkeep
|turn|7
|
|t:|1667151441
|switch|p2a: Arceus|Arceus-Ground|100/100
|-damage|p2a: Arceus|94/100|[from] Stealth Rock
|move|p1a: Zacian|Sacred Sword|p2a: Arceus
|-damage|p2a: Arceus|66/100
|
|-weather|RainDance|[upkeep]
|upkeep
|turn|8
|
|t:|1667151449
|move|p1a: Zacian|Behemoth Blade|p2a: Arceus
|-damage|p2a: Arceus|22/100
|move|p2a: Arceus|Judgment|p1a: Zacian
|-supereffective|p1a: Zacian
|-damage|p1a: Zacian|0 fnt
|faint|p1a: Zacian
|
|-weather|RainDance|[upkeep]
|upkeep
|
|t:|1667151455
|switch|p1a: Arceus|Arceus|100/100
|turn|9
|
|t:|1667151458
|move|p1a: Arceus|Extreme Speed|p2a: Arceus
|-damage|p2a: Arceus|0 fnt
|faint|p2a: Arceus
|-damage|p1a: Arceus|91/100|[from] item: Life Orb
|
|-weather|none
|upkeep
|
|t:|1667151468
|switch|p2a: Gothitelle|Gothitelle, M|100/100
|-damage|p2a: Gothitelle|88/100|[from] Stealth Rock
|turn|10
|
|t:|1667151476
|move|p2a: Gothitelle|Trick|p1a: Arceus
|-activate|p2a: Gothitelle|move: Trick|[of] p1a: Arceus
|-item|p1a: Arceus|Choice Scarf|[from] move: Trick
|-item|p2a: Gothitelle|Life Orb|[from] move: Trick
|move|p1a: Arceus|Swords Dance|p1a: Arceus
|-boost|p1a: Arceus|atk|2
|
|upkeep
|turn|11
|
|t:|1667151483
|-start|p1a: Arceus|Dynamax|
|-heal|p1a: Arceus|91/100|[silent]
|move|p1a: Arceus|Max Strike|p2a: Gothitelle
|-crit|p2a: Gothitelle
|-damage|p2a: Gothitelle|0 fnt
|faint|p2a: Gothitelle
|
|upkeep
|
|t:|1667151487
|switch|p2a: Gengar|Gengar, M|100/100
|-damage|p2a: Gengar|88/100|[from] Stealth Rock
|turn|12
|
|t:|1667151499
|detailschange|p2a: Gengar|Gengar-Mega, M
|-mega|p2a: Gengar|Gengar|Gengarite
|move|p2a: Gengar|Substitute|p2a: Gengar
|-start|p2a: Gengar|Substitute
|-damage|p2a: Gengar|63/100
|move|p1a: Arceus|Max Quake|p2a: Gengar
|-supereffective|p2a: Gengar
|-end|p2a: Gengar|Substitute
|-boost|p1a: Arceus|spd|1
|
|upkeep
|turn|13
|
|t:|1667151506
|move|p2a: Gengar|Substitute|p2a: Gengar
|-start|p2a: Gengar|Substitute
|-damage|p2a: Gengar|38/100
|move|p1a: Arceus|Max Quake|p2a: Gengar
|-supereffective|p2a: Gengar
|-end|p2a: Gengar|Substitute
|-boost|p1a: Arceus|spd|1
|
|upkeep
|-end|p1a: Arceus|Dynamax
|-heal|p1a: Arceus|91/100|[silent]
|turn|14
|
|t:|1667151509
|move|p1a: Arceus|Swords Dance|p1a: Arceus
|-boost|p1a: Arceus|atk|2
|move|p2a: Gengar|Substitute|p2a: Gengar
|-start|p2a: Gengar|Substitute
|-damage|p2a: Gengar|14/100
|
|upkeep
|turn|15
|
|t:|1667151512
|move|p1a: Arceus|Swords Dance|p1a: Arceus
|-boost|p1a: Arceus|atk|2
|move|p2a: Gengar|Nasty Plot|p2a: Gengar
|-boost|p2a: Gengar|spa|2
|
|upkeep
|turn|16
|
|t:|1667151516
|move|p1a: Arceus|Swords Dance|p1a: Arceus
|-boost|p1a: Arceus|atk|0
|move|p2a: Gengar|Nasty Plot|p2a: Gengar
|-boost|p2a: Gengar|spa|2
|
|upkeep
|turn|17
|
|t:|1667151518
|move|p1a: Arceus|Swords Dance|p1a: Arceus
|-boost|p1a: Arceus|atk|0
|move|p2a: Gengar|Nasty Plot|p2a: Gengar
|-boost|p2a: Gengar|spa|2
|
|upkeep
|turn|18
|
|t:|1667151521
|move|p1a: Arceus|Swords Dance|p1a: Arceus
|-boost|p1a: Arceus|atk|0
|move|p2a: Gengar|Focus Blast|p1a: Arceus
|-supereffective|p1a: Arceus
|-crit|p1a: Arceus
|-damage|p1a: Arceus|0 fnt
|faint|p1a: Arceus
|
|upkeep
|
|t:|1667151523
|switch|p1a: Kyogre|Kyogre|100/100
|-weather|RainDance|[from] ability: Drizzle|[of] p1a: Kyogre
|turn|19
|
|t:|1667151529
|move|p1a: Kyogre|Water Spout|p2a: Gengar
|-end|p2a: Gengar|Substitute
|move|p2a: Gengar|Shadow Ball|p1a: Kyogre
|-damage|p1a: Kyogre|0 fnt
|faint|p1a: Kyogre
|
|-weather|RainDance|[upkeep]
|upkeep
|
|t:|1667151544
|switch|p1a: Yveltal|Yveltal|94/100
|-ability|p1a: Yveltal|Dark Aura
|turn|20
|
|t:|1667151547
|move|p1a: Yveltal|Sucker Punch||[still]
|-fail|p1a: Yveltal
|move|p2a: Gengar|Substitute|p2a: Gengar
|-fail|p2a: Gengar|move: Substitute|[weak]
|
|-weather|RainDance|[upkeep]
|upkeep
|turn|21
|
|t:|1667151559
|move|p2a: Gengar|Substitute|p2a: Gengar
|-fail|p2a: Gengar|move: Substitute|[weak]
|move|p1a: Yveltal|Taunt|p2a: Gengar
|-start|p2a: Gengar|move: Taunt
|
|-weather|RainDance|[upkeep]
|upkeep
|turn|22
|
|t:|1667151566
|switch|p2a: Tyranitar|Tyranitar, F|100/100
|-damage|p2a: Tyranitar|88/100|[from] Stealth Rock
|-weather|Sandstorm|[from] ability: Sand Stream|[of] p2a: Tyranitar
|move|p1a: Yveltal|Sucker Punch||[still]
|-fail|p1a: Yveltal
|
|-weather|Sandstorm|[upkeep]
|-damage|p1a: Yveltal|88/100|[from] Sandstorm
|-heal|p2a: Tyranitar|94/100|[from] item: Leftovers
|upkeep
|turn|23
|
|t:|1667151574
|-start|p2a: Tyranitar|Dynamax|
|-heal|p2a: Tyranitar|94/100|[silent]
|move|p1a: Yveltal|Knock Off|p2a: Tyranitar
|-resisted|p2a: Tyranitar
|-damage|p2a: Tyranitar|80/100
|-enditem|p2a: Tyranitar|Leftovers|[from] move: Knock Off|[of] p1a: Yveltal
|move|p2a: Tyranitar|Max Rockfall|p1a: Yveltal
|-supereffective|p1a: Yveltal
|-damage|p1a: Yveltal|0 fnt
|faint|p1a: Yveltal
|
|-weather|Sandstorm|[upkeep]
|upkeep
|
|t:|1667151582
|switch|p1a: Rayquaza|Rayquaza|100/100
|-ability|p1a: Rayquaza|Air Lock
|turn|24
|
|t:|1667151586
|detailschange|p1a: Rayquaza|Rayquaza-Mega
|-mega|p1a: Rayquaza|Rayquaza|
|-weather|DeltaStream|[from] ability: Delta Stream|[of] p1a: Rayquaza
|move|p1a: Rayquaza|Dragon Dance|p1a: Rayquaza
|-boost|p1a: Rayquaza|atk|1
|-boost|p1a: Rayquaza|spe|1
|move|p2a: Tyranitar|Max Hailstorm|p1a: Rayquaza
|-activate||deltastream
|-supereffective|p1a: Rayquaza
|-damage|p1a: Rayquaza|23/100
|
|-weather|DeltaStream|[upkeep]
|upkeep
|turn|25
|
|t:|1667151596
|move|p1a: Rayquaza|Earthquake|p2a: Tyranitar
|-supereffective|p2a: Tyranitar
|-damage|p2a: Tyranitar|31/100
|move|p2a: Tyranitar|Max Hailstorm|p1a: Rayquaza
|-activate||deltastream
|-supereffective|p1a: Rayquaza
|-damage|p1a: Rayquaza|0 fnt
|-weather|Hail
|faint|p1a: Rayquaza
|
|win|ThievesBoom
|raw|SheepxSue's rating: 1496 &rarr; <strong>1481</strong><br />(-15 for losing)
|raw|ThievesBoom's rating: 1579 &rarr; <strong>1594</strong><br />(+15 for winning)
|l|☆SheepxSue
||Ladder isn't responding, score probably updated but might not have (Request timeout).
