|j|☆CringeWeirdo02
|j|☆Buck X
|t:|1661199727
|gametype|singles
|player|p1|CringeWeirdo02|harlequin|1669
|player|p2|Buck X|lance-masters|1922
|teamsize|p1|6
|teamsize|p2|6
|gen|8
|tier|[Gen 8] National Dex AG
|rated|
|rule|HP Percentage Mod: HP is shown in percentages
|rule|Endless Battle Clause: Forcing endless battles is banned
|clearpoke
|poke|p1|Marshadow|
|poke|p1|Ditto|
|poke|p1|Smeargle, M|
|poke|p1|Groudon|
|poke|p1|Arceus-*|
|poke|p1|Zacian-*|
|poke|p2|Ho-Oh|
|poke|p2|Necrozma-Dusk-Mane|
|poke|p2|Yveltal|
|poke|p2|Ditto|
|poke|p2|Rayquaza|
|poke|p2|Marshadow|
|teampreview
|inactive|Battle timer is ON: inactive players will automatically lose when time's up. (requested by Buck X)
|
|t:|1661199739
|start
|switch|p1a: Beeg Meaty Claws|Groudon|100/100
|switch|p2a: Rayquaza|Rayquaza|100/100
|-ability|p2a: Rayquaza|Air Lock
|detailschange|p1a: Beeg Meaty Claws|Groudon-Primal
|-primal|p1a: Beeg Meaty Claws
|-weather|DesolateLand|[from] ability: Desolate Land|[of] p1a: Beeg Meaty Claws
|turn|1
|
|t:|1661199748
|detailschange|p2a: Rayquaza|Rayquaza-Mega
|-mega|p2a: Rayquaza|Rayquaza|
|-weather|DeltaStream|[from] ability: Delta Stream|[of] p2a: Rayquaza
|move|p2a: Rayquaza|Surf|p1a: Beeg Meaty Claws
|-supereffective|p1a: Beeg Meaty Claws
|-damage|p1a: Beeg Meaty Claws|0 fnt
|faint|p1a: Beeg Meaty Claws
|-damage|p2a: Rayquaza|91/100|[from] item: Life Orb
|
|-weather|DeltaStream|[upkeep]
|upkeep
|
|t:|1661199756
|switch|p1a: Austrian Painter|Smeargle, M|100/100
|turn|2
|
|t:|1661199760
|move|p2a: Rayquaza|Extreme Speed|p1a: Austrian Painter
|-enditem|p1a: Austrian Painter|Focus Sash
|-damage|p1a: Austrian Painter|1/100
|-damage|p2a: Rayquaza|81/100|[from] item: Life Orb
|move|p1a: Austrian Painter|Spore|p2a: Rayquaza
|-status|p2a: Rayquaza|slp|[from] move: Spore
|
|-weather|DeltaStream|[upkeep]
|upkeep
|turn|3
|
|t:|1661199768
|cant|p2a: Rayquaza|slp
|move|p1a: Austrian Painter|Sticky Web|p2a: Rayquaza
|-sidestart|p2: Buck X|move: Sticky Web
|
|-weather|DeltaStream|[upkeep]
|upkeep
|turn|4
|
|t:|1661199777
|switch|p1a: Y o i n k|Marshadow|100/100
|-curestatus|p2a: Rayquaza|slp|[msg]
|move|p2a: Rayquaza|Dragon Ascent|p1a: Y o i n k
|-supereffective|p1a: Y o i n k
|-enditem|p1a: Y o i n k|Focus Sash
|-damage|p1a: Y o i n k|1/100
|-unboost|p2a: Rayquaza|def|1
|-unboost|p2a: Rayquaza|spd|1
|-damage|p2a: Rayquaza|71/100|[from] item: Life Orb
|
|-weather|DeltaStream|[upkeep]
|upkeep
|turn|5
|
|t:|1661199788
|-weather|none
|switch|p2a: Yveltal|Yveltal|100/100
|-ability|p2a: Yveltal|Dark Aura
|move|p1a: Y o i n k|Shadow Sneak|p2a: Yveltal
|-resisted|p2a: Yveltal
|-damage|p2a: Yveltal|88/100
|
|upkeep
|turn|6
|
|t:|1661199794
|move|p1a: Y o i n k|Swagger|p2a: Yveltal
|-boost|p2a: Yveltal|atk|2
|-start|p2a: Yveltal|confusion
|-activate|p2a: Yveltal|confusion
|-damage|p2a: Yveltal|75/100|[from] confusion
|
|upkeep
|turn|7
|
|t:|1661199803
|switch|p2a: Ho-Oh|Ho-Oh|100/100
|move|p1a: Y o i n k|Spectral Thief|p2a: Ho-Oh
|-damage|p2a: Ho-Oh|67/100
|
|upkeep
|turn|8
|
|t:|1661199813
|move|p1a: Y o i n k|Swagger|p2a: Ho-Oh
|-boost|p2a: Ho-Oh|atk|2
|-start|p2a: Ho-Oh|confusion
|-activate|p2a: Ho-Oh|confusion
|move|p2a: Ho-Oh|Defog|p1a: Y o i n k
|-unboost|p1a: Y o i n k|evasion|1
|-sideend|p2: Buck X|Sticky Web|[from] move: Defog|[of] p2a: Ho-Oh
|
|upkeep
|turn|9
|
|t:|1661199821
|switch|p2a: Yveltal|Yveltal|75/100
|-ability|p2a: Yveltal|Dark Aura
|move|p1a: Y o i n k|Spectral Thief|p2a: Yveltal
|-resisted|p2a: Yveltal
|-damage|p2a: Yveltal|56/100
|
|upkeep
|turn|10
|
|t:|1661199830
|move|p1a: Y o i n k|Swagger|p2a: Yveltal
|-boost|p2a: Yveltal|atk|2
|-start|p2a: Yveltal|confusion
|-activate|p2a: Yveltal|confusion
|-damage|p2a: Yveltal|42/100|[from] confusion
|
|upkeep
|turn|11
|
|t:|1661199838
|switch|p2a: Ho-Oh|Ho-Oh|100/100
|move|p1a: Y o i n k|Spectral Thief|p2a: Ho-Oh
|-damage|p2a: Ho-Oh|67/100
|
|upkeep
|turn|12
|
|t:|1661199848
|move|p1a: Y o i n k|Spectral Thief|p2a: Ho-Oh
|-damage|p2a: Ho-Oh|37/100
|move|p2a: Ho-Oh|Sacred Fire|p1a: Y o i n k
|-damage|p1a: Y o i n k|0 fnt
|faint|p1a: Y o i n k
|
|upkeep
|
|t:|1661199862
|switch|p1a: Austrian Painter|Smeargle, M|1/100
|turn|13
|
|t:|1661199867
|move|p1a: Austrian Painter|Spore|p2a: Ho-Oh
|-status|p2a: Ho-Oh|slp|[from] move: Spore
|cant|p2a: Ho-Oh|slp
|
|upkeep
|turn|14
|
|t:|1661199872
|switch|p2a: Rayquaza|Rayquaza-Mega|71/100
|-weather|DeltaStream|[from] ability: Delta Stream|[of] p2a: Rayquaza
|move|p1a: Austrian Painter|Sticky Web|p2a: Rayquaza
|-sidestart|p2: Buck X|move: Sticky Web
|
|-weather|DeltaStream|[upkeep]
|upkeep
|turn|15
|
|t:|1661199878
|move|p2a: Rayquaza|Extreme Speed|p1a: Austrian Painter
|-damage|p1a: Austrian Painter|0 fnt
|faint|p1a: Austrian Painter
|-damage|p2a: Rayquaza|61/100|[from] item: Life Orb
|
|-weather|DeltaStream|[upkeep]
|upkeep
|
|t:|1661199885
|switch|p1a: Sif lookinass|Zacian-Crowned|100/100
|-ability|p1a: Sif lookinass|Intrepid Sword|boost
|-boost|p1a: Sif lookinass|atk|1
|turn|16
|
|t:|1661199889
|-weather|none
|switch|p2a: Necrozma|Necrozma-Dusk-Mane|100/100
|-activate|p2a: Necrozma|move: Sticky Web
|-unboost|p2a: Necrozma|spe|1
|move|p1a: Sif lookinass|Behemoth Blade|p2a: Necrozma
|-resisted|p2a: Necrozma
|-damage|p2a: Necrozma|74/100
|
|-heal|p2a: Necrozma|80/100|[from] item: Leftovers
|upkeep
|turn|17
|
|t:|1661199901
|move|p1a: Sif lookinass|Sacred Sword|p2a: Necrozma
|-damage|p2a: Necrozma|50/100
|move|p2a: Necrozma|Stealth Rock|p1a: Sif lookinass
|-sidestart|p1: CringeWeirdo02|move: Stealth Rock
|
|-heal|p2a: Necrozma|56/100|[from] item: Leftovers
|upkeep
|turn|18
|
|t:|1661199907
|move|p1a: Sif lookinass|Sacred Sword|p2a: Necrozma
|-damage|p2a: Necrozma|25/100
|move|p2a: Necrozma|Morning Sun|p2a: Necrozma
|-heal|p2a: Necrozma|75/100
|
|-heal|p2a: Necrozma|81/100|[from] item: Leftovers
|upkeep
|turn|19
|
|t:|1661199915
|switch|p1a: Who pee'd on God??|Arceus-Fire, shiny|100/100
|-damage|p1a: Who pee'd on God??|75/100|[from] Stealth Rock
|move|p2a: Necrozma|Sunsteel Strike|p1a: Who pee'd on God??
|-resisted|p1a: Who pee'd on God??
|-damage|p1a: Who pee'd on God??|59/100
|
|-heal|p2a: Necrozma|87/100|[from] item: Leftovers
|upkeep
|turn|20
|
|t:|1661199927
|switch|p2a: Yveltal|Yveltal|42/100
|-ability|p2a: Yveltal|Dark Aura
|move|p1a: Who pee'd on God??|Calm Mind|p1a: Who pee'd on God??
|-boost|p1a: Who pee'd on God??|spa|1
|-boost|p1a: Who pee'd on God??|spd|1
|
|upkeep
|turn|21
|
|t:|1661199938
|move|p1a: Who pee'd on God??|Ice Beam|p2a: Yveltal
|-supereffective|p2a: Yveltal
|-damage|p2a: Yveltal|0 fnt
|faint|p2a: Yveltal
|
|upkeep
|
|t:|1661199944
|switch|p2a: Ho-Oh|Ho-Oh|70/100 slp
|turn|22
|
|t:|1661199949
|move|p1a: Who pee'd on God??|Ice Beam|p2a: Ho-Oh
|-damage|p2a: Ho-Oh|42/100 slp
|cant|p2a: Ho-Oh|slp
|
|upkeep
|turn|23
|
|t:|1661199969
|-start|p1a: Who pee'd on God??|Dynamax|
|-heal|p1a: Who pee'd on God??|59/100|[silent]
|move|p1a: Who pee'd on God??|Max Hailstorm|p2a: Ho-Oh
|-crit|p2a: Ho-Oh
|-damage|p2a: Ho-Oh|0 fnt
|-weather|Hail
|faint|p2a: Ho-Oh
|
|-weather|Hail|[upkeep]
|-damage|p1a: Who pee'd on God??|56/100|[from] Hail
|upkeep
|
|t:|1661199979
|switch|p2a: Rayquaza|Rayquaza-Mega|61/100
|-weather|DeltaStream|[from] ability: Delta Stream|[of] p2a: Rayquaza
|turn|24
|
|t:|1661199984
|move|p2a: Rayquaza|Dragon Ascent|p1a: Who pee'd on God??
|-damage|p1a: Who pee'd on God??|21/100
|-unboost|p2a: Rayquaza|def|1
|-unboost|p2a: Rayquaza|spd|1
|-damage|p2a: Rayquaza|51/100|[from] item: Life Orb
|move|p1a: Who pee'd on God??|Max Hailstorm|p2a: Rayquaza
|-activate||deltastream
|-supereffective|p2a: Rayquaza
|-damage|p2a: Rayquaza|0 fnt
|-weather|Hail
|faint|p2a: Rayquaza
|
|-weather|Hail|[upkeep]
|-damage|p1a: Who pee'd on God??|18/100|[from] Hail
|upkeep
|
|t:|1661199989
|switch|p2a: Ditto|Ditto|100/100
|-activate|p2a: Ditto|move: Sticky Web
|-unboost|p2a: Ditto|spe|1
|-transform|p2a: Ditto|p1a: Who pee'd on God??|[from] ability: Imposter
|turn|25
|
|t:|1661200002
|-start|p2a: Ditto|Dynamax|
|-heal|p2a: Ditto|100/100|[silent]
|move|p2a: Ditto|Max Guard|p2a: Ditto
|-singleturn|p2a: Ditto|Max Guard
|move|p1a: Who pee'd on God??|Max Flare|p2a: Ditto
|-activate|p2a: Ditto|move: Max Guard
|
|-weather|Hail|[upkeep]
|-damage|p1a: Who pee'd on God??|15/100|[from] Hail
|-damage|p2a: Ditto|97/100|[from] Hail
|upkeep
|-end|p1a: Who pee'd on God??|Dynamax
|-heal|p1a: Who pee'd on God??|15/100|[silent]
|turn|26
|
|t:|1661200014
|move|p1a: Who pee'd on God??|Giga Drain|p2a: Ditto
|-resisted|p2a: Ditto
|-damage|p2a: Ditto|91/100
|-heal|p1a: Who pee'd on God??|19/100|[from] drain|[of] p2a: Ditto
|move|p2a: Ditto|Max Strike|p1a: Who pee'd on God??
|-damage|p1a: Who pee'd on God??|0 fnt
|faint|p1a: Who pee'd on God??
|
|-weather|Hail|[upkeep]
|-damage|p2a: Ditto|88/100|[from] Hail
|upkeep
|
|t:|1661200023
|switch|p1a: Sif lookinass|Zacian-Crowned|100/100
|-damage|p1a: Sif lookinass|94/100|[from] Stealth Rock
|-ability|p1a: Sif lookinass|Intrepid Sword|boost
|-boost|p1a: Sif lookinass|atk|1
|turn|27
|
|t:|1661200032
|-end|p2a: Ditto|Dynamax
|-heal|p2a: Ditto|88/100|[silent]
|switch|p2a: Marshadow|Marshadow|100/100
|-activate|p2a: Marshadow|move: Sticky Web
|-unboost|p2a: Marshadow|spe|1
|move|p1a: Sif lookinass|Behemoth Blade|p2a: Marshadow
|-damage|p2a: Marshadow|0 fnt
|faint|p2a: Marshadow
|
|-weather|Hail|[upkeep]
|-damage|p1a: Sif lookinass|88/100|[from] Hail
|upkeep
|
|t:|1661200035
|switch|p2a: Ditto|Ditto|88/100
|-activate|p2a: Ditto|move: Sticky Web
|-unboost|p2a: Ditto|spe|1
|-transform|p2a: Ditto|p1a: Sif lookinass|[from] ability: Imposter
|-ability|p2a: Ditto|Intrepid Sword|boost
|-boost|p2a: Ditto|atk|1
|turn|28
|-message|CringeWeirdo02 forfeited.
|
|win|Buck X
|raw|CringeWeirdo02's rating: 1669 &rarr; <strong>1661</strong><br />(-8 for losing)
|raw|Buck X's rating: 1922 &rarr; <strong>1930</strong><br />(+8 for winning)
|l|☆CringeWeirdo02
||Ladder isn't responding, score probably updated but might not have (Request timeout).
