|j|☆Crusherkid2255
|j|☆Booooty Bandit
|t:|1656723928
|gametype|singles
|player|p1|Crusherkid2255|102|1335
|player|p2|Booooty Bandit|shadowtriad|1395
|teamsize|p1|6
|teamsize|p2|6
|gen|8
|tier|[Gen 8] National Dex AG
|rated|
|rule|HP Percentage Mod: HP is shown in percentages
|rule|Endless Battle Clause: Forcing endless battles is banned
|clearpoke
|poke|p1|Beedrill, M|
|poke|p1|Zygarde|
|poke|p1|Bisharp, M|
|poke|p1|Ho-Oh|
|poke|p1|Skarmory, M|
|poke|p1|Blissey, F|
|poke|p2|Zacian-*|
|poke|p2|Marshadow|
|poke|p2|Forretress, F|
|poke|p2|Serperior, M|
|poke|p2|Bisharp, M|
|poke|p2|Gengar, M|
|teampreview
|
|t:|1656723936
|start
|switch|p1a: Beezen|Beedrill, M, shiny|100/100
|switch|p2a: Gengar|Gengar, M|100/100
|turn|1
|inactive|Battle timer is ON: inactive players will automatically lose when time's up. (requested by Booooty Bandit)
|
|t:|1656723963
|detailschange|p2a: Gengar|Gengar-Mega, M
|-mega|p2a: Gengar|Gengar|Gengarite
|detailschange|p1a: Beezen|Beedrill-Mega, M, shiny
|-mega|p1a: Beezen|Beedrill|Beedrillite
|move|p1a: Beezen|Drill Run|p2a: Gengar
|-supereffective|p2a: Gengar
|-damage|p2a: Gengar|0 fnt
|faint|p2a: Gengar
|
|upkeep
|inactive|Booooty Bandit has 120 seconds left.
|
|t:|1656723995
|switch|p2a: Forretress|Forretress, F|100/100
|turn|2
|
|t:|1656724001
|move|p1a: Beezen|Drill Run|p2a: Forretress
|-damage|p2a: Forretress|77/100
|move|p2a: Forretress|Stealth Rock|p1a: Beezen
|-sidestart|p1: Crusherkid2255|move: Stealth Rock
|
|upkeep
|turn|3
|
|t:|1656724007
|move|p1a: Beezen|U-turn|p2a: Forretress
|-resisted|p2a: Forretress
|-damage|p2a: Forretress|58/100
|
|t:|1656724010
|switch|p1a: Ho-Oh|Ho-Oh|100/100|[from]move: U-turn
|move|p2a: Forretress|Spikes|p1a: Ho-Oh
|-sidestart|p1: Crusherkid2255|Spikes
|
|upkeep
|turn|4
|
|t:|1656724024
|move|p1a: Ho-Oh|Defog|p2a: Forretress
|-unboost|p2a: Forretress|evasion|1
|-sideend|p1: Crusherkid2255|Spikes|[from] move: Defog|[of] p1a: Ho-Oh
|-sideend|p1: Crusherkid2255|Stealth Rock|[from] move: Defog|[of] p1a: Ho-Oh
|move|p2a: Forretress|Stealth Rock|p1a: Ho-Oh
|-sidestart|p1: Crusherkid2255|move: Stealth Rock
|
|upkeep
|turn|5
|
|t:|1656724031
|move|p1a: Ho-Oh|Defog|p2a: Forretress
|-unboost|p2a: Forretress|evasion|1
|-sideend|p1: Crusherkid2255|Stealth Rock|[from] move: Defog|[of] p1a: Ho-Oh
|move|p2a: Forretress|Stealth Rock|p1a: Ho-Oh
|-sidestart|p1: Crusherkid2255|move: Stealth Rock
|
|upkeep
|turn|6
|
|t:|1656724043
|move|p1a: Ho-Oh|Sacred Fire|p2a: Forretress
|-supereffective|p2a: Forretress
|-damage|p2a: Forretress|0 fnt
|faint|p2a: Forretress
|
|upkeep
|
|t:|1656724045
|switch|p2a: Zacian|Zacian-Crowned|100/100
|-ability|p2a: Zacian|Intrepid Sword|boost
|-boost|p2a: Zacian|atk|1
|turn|7
|
|t:|1656724055
|move|p2a: Zacian|Wild Charge|p1a: Ho-Oh
|-supereffective|p1a: Ho-Oh
|-damage|p1a: Ho-Oh|30/100
|-damage|p2a: Zacian|78/100|[from] Recoil
|move|p1a: Ho-Oh|Sacred Fire|p2a: Zacian
|-supereffective|p2a: Zacian
|-damage|p2a: Zacian|1/100
|
|upkeep
|turn|8
|
|t:|1656724068
|switch|p1a: Skarmozen|Skarmory, M, shiny|100/100
|-damage|p1a: Skarmozen|88/100|[from] Stealth Rock
|move|p2a: Zacian|Wild Charge|p1a: Skarmozen
|-supereffective|p1a: Skarmozen
|-damage|p1a: Skarmozen|25/100
|-damage|p2a: Zacian|0 fnt|[from] Recoil
|faint|p2a: Zacian
|
|-heal|p1a: Skarmozen|31/100|[from] item: Leftovers
|upkeep
|
|t:|1656724074
|switch|p2a: Marshadow|Marshadow|100/100
|turn|9
|
|t:|1656724080
|move|p2a: Marshadow|Spectral Thief|p1a: Skarmozen
|-damage|p1a: Skarmozen|3/100
|move|p1a: Skarmozen|Roost|p1a: Skarmozen
|-heal|p1a: Skarmozen|53/100
|-singleturn|p1a: Skarmozen|move: Roost
|
|-heal|p1a: Skarmozen|59/100|[from] item: Leftovers
|upkeep
|turn|10
|
|t:|1656724090
|switch|p2a: Bisharp|Bisharp, M|100/100
|move|p1a: Skarmozen|Roost|p1a: Skarmozen
|-heal|p1a: Skarmozen|100/100
|-singleturn|p1a: Skarmozen|move: Roost
|
|upkeep
|turn|11
|
|t:|1656724098
|move|p1a: Skarmozen|Body Press|p2a: Bisharp
|-supereffective|p2a: Bisharp
|-crit|p2a: Bisharp
|-enditem|p2a: Bisharp|Focus Sash
|-damage|p2a: Bisharp|1/100
|move|p2a: Bisharp|Swords Dance|p2a: Bisharp
|-boost|p2a: Bisharp|atk|2
|
|upkeep
|turn|12
|
|t:|1656724106
|move|p2a: Bisharp|Sucker Punch|p1a: Skarmozen
|-damage|p1a: Skarmozen|52/100
|move|p1a: Skarmozen|Body Press|p2a: Bisharp
|-supereffective|p2a: Bisharp
|-damage|p2a: Bisharp|0 fnt
|faint|p2a: Bisharp
|
|-heal|p1a: Skarmozen|58/100|[from] item: Leftovers
|upkeep
|
|t:|1656724110
|switch|p2a: Serperior|Serperior, M|100/100
|turn|13
|
|t:|1656724118
|move|p2a: Serperior|Leaf Storm|p1a: Skarmozen
|-resisted|p1a: Skarmozen
|-damage|p1a: Skarmozen|43/100
|-boost|p2a: Serperior|spa|2
|move|p1a: Skarmozen|Brave Bird|p2a: Serperior
|-supereffective|p2a: Serperior
|-damage|p2a: Serperior|16/100
|-damage|p1a: Skarmozen|19/100|[from] Recoil
|
|-heal|p1a: Skarmozen|25/100|[from] item: Leftovers
|upkeep
|turn|14
|
|t:|1656724129
|move|p2a: Serperior|Leaf Storm|p1a: Skarmozen
|-resisted|p1a: Skarmozen
|-damage|p1a: Skarmozen|0 fnt
|-boost|p2a: Serperior|spa|2
|faint|p1a: Skarmozen
|
|upkeep
|
|t:|1656724136
|switch|p1a: Beezen|Beedrill-Mega, M, shiny|100/100
|-damage|p1a: Beezen|76/100|[from] Stealth Rock
|turn|15
|
|t:|1656724145
|move|p1a: Beezen|U-turn|p2a: Serperior
|-supereffective|p2a: Serperior
|-damage|p2a: Serperior|0 fnt
|faint|p2a: Serperior
|
|t:|1656724152
|switch|p1a: Ho-Oh|Ho-Oh|63/100|[from]move: U-turn
|
|upkeep
|
|t:|1656724155
|switch|p2a: Marshadow|Marshadow|100/100
|turn|16
|
|t:|1656724158
|move|p2a: Marshadow|Poison Jab|p1a: Ho-Oh
|-damage|p1a: Ho-Oh|46/100
|move|p1a: Ho-Oh|Sacred Fire|p2a: Marshadow
|-damage|p2a: Marshadow|44/100
|-status|p2a: Marshadow|brn
|
|-damage|p2a: Marshadow|38/100 brn|[from] brn
|upkeep
|turn|17
|
|t:|1656724167
|move|p2a: Marshadow|Poison Jab|p1a: Ho-Oh
|-damage|p1a: Ho-Oh|37/100
|move|p1a: Ho-Oh|Sacred Fire|p2a: Marshadow
|-damage|p2a: Marshadow|0 fnt
|faint|p2a: Marshadow
|
|win|Crusherkid2255
|raw|Crusherkid2255's rating: 1335 &rarr; <strong>1358</strong><br />(+23 for winning)
|raw|Booooty Bandit's rating: 1395 &rarr; <strong>1372</strong><br />(-23 for losing)
||Ladder isn't responding, score probably updated but might not have (Request timeout).
