|j|☆SingleAye
|j|☆kvm1999
|t:|1657756834
|gametype|singles
|player|p1|SingleAye|beauty-gen4dp|
|player|p2|kvm1999|falkner|
|teamsize|p1|6
|teamsize|p2|6
|gen|8
|tier|[Gen 8] National Dex AG
|rule|HP Percentage Mod: HP is shown in percentages
|rule|Endless Battle Clause: Forcing endless battles is banned
|clearpoke
|poke|p1|Arceus-*|
|poke|p1|Lopunny, F|
|poke|p1|Aegislash, F|
|poke|p1|Shaymin-Sky|
|poke|p1|Hippowdon, F|
|poke|p1|Hydreigon, F|
|poke|p2|Giratina-Origin|
|poke|p2|Arceus-*|
|poke|p2|Scizor, M|
|poke|p2|Gliscor, F|
|poke|p2|Latios, M|
|poke|p2|Mandibuzz, F|
|teampreview
|inactive|Battle timer is ON: inactive players will automatically lose when time's up. (requested by kvm1999)
|c|☆kvm1999|Glhf
|c|☆SingleAye|gl hf dog!
|j| Sean1445645
|inactive|SingleAye has 270 seconds left.
|inactive|kvm1999 has 270 seconds left.
|inactive|kvm1999 has 240 seconds left.
|
|t:|1657756902
|start
|switch|p1a: Sandford Garner|Lopunny, F|100/100
|switch|p2a: Μareanie|Gliscor, F|100/100
|turn|1
|
|t:|1657756932
|switch|p2a: Grοοkey|Giratina-Origin|100/100
|detailschange|p1a: Sandford Garner|Lopunny-Mega, F
|-mega|p1a: Sandford Garner|Lopunny|Lopunnite
|move|p1a: Sandford Garner|U-turn|p2a: Grοοkey
|-resisted|p2a: Grοοkey
|-damage|p2a: Grοοkey|91/100
|
|t:|1657756948
|switch|p1a: Mint Shupe|Arceus-Water|100/100|[from]move: U-turn
|
|upkeep
|turn|2
|
|t:|1657756966
|switch|p2a: Ρawniard|Arceus-Steel|100/100
|move|p1a: Mint Shupe|Whirlpool|p2a: Ρawniard
|-damage|p2a: Ρawniard|88/100
|-activate|p2a: Ρawniard|move: Whirlpool|[of] p1a: Mint Shupe
|
|-damage|p2a: Ρawniard|76/100|[from] move: Whirlpool|[partiallytrapped]
|upkeep
|turn|3
|
|t:|1657756971
|move|p2a: Ρawniard|Calm Mind|p2a: Ρawniard
|-boost|p2a: Ρawniard|spa|1
|-boost|p2a: Ρawniard|spd|1
|move|p1a: Mint Shupe|Perish Song|p1a: Mint Shupe
|-start|p1a: Mint Shupe|perish3|[silent]
|-start|p2a: Ρawniard|perish3|[silent]
|-fieldactivate|move: Perish Song
|
|-damage|p2a: Ρawniard|64/100|[from] move: Whirlpool|[partiallytrapped]
|-start|p1a: Mint Shupe|perish3
|-start|p2a: Ρawniard|perish3
|upkeep
|turn|4
|
|t:|1657756976
|move|p1a: Mint Shupe|Recover||[still]
|-fail|p1a: Mint Shupe|heal
|move|p2a: Ρawniard|Energy Ball|p1a: Mint Shupe
|-supereffective|p1a: Mint Shupe
|-damage|p1a: Mint Shupe|45/100
|
|-damage|p2a: Ρawniard|51/100|[from] move: Whirlpool|[partiallytrapped]
|-start|p2a: Ρawniard|perish2
|-start|p1a: Mint Shupe|perish2
|upkeep
|turn|5
|
|t:|1657756983
|move|p2a: Ρawniard|Energy Ball|p1a: Mint Shupe
|-supereffective|p1a: Mint Shupe
|-damage|p1a: Mint Shupe|0 fnt
|faint|p1a: Mint Shupe
|
|-end|p2a: Ρawniard|Whirlpool|[partiallytrapped]|[silent]
|-start|p2a: Ρawniard|perish1
|upkeep
|
|t:|1657756995
|switch|p1a: Sandford Garner|Lopunny-Mega, F|100/100
|turn|6
|c| Sean1445645|the speed tie rng
|
|t:|1657757003
|switch|p2a: Μareanie|Gliscor, F|100/100
|move|p1a: Sandford Garner|Close Combat|p2a: Μareanie
|-resisted|p2a: Μareanie
|-damage|p2a: Μareanie|74/100
|-unboost|p1a: Sandford Garner|def|1
|-unboost|p1a: Sandford Garner|spd|1
|
|-status|p2a: Μareanie|tox|[from] item: Toxic Orb
|upkeep
|turn|7
|
|t:|1657757025
|switch|p1a: Alexander Horne|Hippowdon, F|100/100
|-weather|Sandstorm|[from] ability: Sand Stream|[of] p1a: Alexander Horne
|switch|p2a: Mienfοο|Scizor, M|100/100
|
|-weather|Sandstorm|[upkeep]
|upkeep
|turn|8
|
|t:|1657757032
|detailschange|p2a: Mienfοο|Scizor-Mega, M
|-mega|p2a: Mienfοο|Scizor|Scizorite
|move|p2a: Mienfοο|U-turn|p1a: Alexander Horne
|-damage|p1a: Alexander Horne|66/100
|-damage|p2a: Mienfοο|84/100|[from] item: Rocky Helmet|[of] p1a: Alexander Horne
|
|t:|1657757038
|switch|p2a: Μareanie|Gliscor, F|74/100 tox|[from]move: U-turn
|move|p1a: Alexander Horne|Yawn||[still]
|-fail|p1a: Alexander Horne
|
|-weather|Sandstorm|[upkeep]
|-heal|p2a: Μareanie|87/100 tox|[from] ability: Poison Heal
|upkeep
|turn|9
|
|t:|1657757043
|move|p2a: Μareanie|Stealth Rock|p1a: Alexander Horne
|-sidestart|p1: SingleAye|move: Stealth Rock
|move|p1a: Alexander Horne|Ice Fang|p2a: Μareanie
|-supereffective|p2a: Μareanie
|-damage|p2a: Μareanie|29/100 tox
|
|-weather|Sandstorm|[upkeep]
|-heal|p2a: Μareanie|41/100 tox|[from] ability: Poison Heal
|upkeep
|turn|10
|
|t:|1657757050
|move|p2a: Μareanie|Roost|p2a: Μareanie
|-heal|p2a: Μareanie|91/100 tox
|-singleturn|p2a: Μareanie|move: Roost
|move|p1a: Alexander Horne|Earthquake|p2a: Μareanie
|-damage|p2a: Μareanie|63/100 tox
|
|-weather|Sandstorm|[upkeep]
|-heal|p2a: Μareanie|75/100 tox|[from] ability: Poison Heal
|upkeep
|turn|11
|
|t:|1657757055
|move|p2a: Μareanie|Earthquake|p1a: Alexander Horne
|-damage|p1a: Alexander Horne|42/100
|move|p1a: Alexander Horne|Slack Off|p1a: Alexander Horne
|-heal|p1a: Alexander Horne|92/100
|
|-weather|none
|-heal|p2a: Μareanie|88/100 tox|[from] ability: Poison Heal
|upkeep
|turn|12
|
|t:|1657757061
|move|p2a: Μareanie|Earthquake|p1a: Alexander Horne
|-damage|p1a: Alexander Horne|67/100
|move|p1a: Alexander Horne|Ice Fang|p2a: Μareanie
|-supereffective|p2a: Μareanie
|-damage|p2a: Μareanie|35/100 tox
|
|-heal|p2a: Μareanie|47/100 tox|[from] ability: Poison Heal
|upkeep
|turn|13
|
|t:|1657757077
|move|p2a: Μareanie|Roost|p2a: Μareanie
|-heal|p2a: Μareanie|97/100 tox
|-singleturn|p2a: Μareanie|move: Roost
|move|p1a: Alexander Horne|Ice Fang|p2a: Μareanie
|-supereffective|p2a: Μareanie
|-damage|p2a: Μareanie|69/100 tox
|
|-heal|p2a: Μareanie|82/100 tox|[from] ability: Poison Heal
|upkeep
|turn|14
|j| The Biggest Boula
|
|t:|1657757091
|move|p2a: Μareanie|Earthquake|p1a: Alexander Horne
|-damage|p1a: Alexander Horne|43/100
|move|p1a: Alexander Horne|Slack Off|p1a: Alexander Horne
|-heal|p1a: Alexander Horne|93/100
|
|-heal|p2a: Μareanie|94/100 tox|[from] ability: Poison Heal
|upkeep
|turn|15
|
|t:|1657757100
|move|p2a: Μareanie|Earthquake|p1a: Alexander Horne
|-damage|p1a: Alexander Horne|70/100
|move|p1a: Alexander Horne|Ice Fang|p2a: Μareanie
|-supereffective|p2a: Μareanie
|-damage|p2a: Μareanie|41/100 tox
|
|-heal|p2a: Μareanie|53/100 tox|[from] ability: Poison Heal
|upkeep
|turn|16
|
|t:|1657757109
|switch|p1a: Knight Triumphant|Aegislash, F|100/100
|-damage|p1a: Knight Triumphant|94/100|[from] Stealth Rock
|move|p2a: Μareanie|Roost|p2a: Μareanie
|-heal|p2a: Μareanie|100/100 tox
|-singleturn|p2a: Μareanie|move: Roost
|
|upkeep
|turn|17
|
|t:|1657757116
|move|p2a: Μareanie|U-turn|p1a: Knight Triumphant
|-resisted|p1a: Knight Triumphant
|-damage|p1a: Knight Triumphant|91/100
|
|t:|1657757137
|switch|p2a: Vullаby|Mandibuzz, F|100/100|[from]move: U-turn
|move|p1a: Knight Triumphant|Autotomize|p1a: Knight Triumphant
|-boost|p1a: Knight Triumphant|spe|2
|-start|p1a: Knight Triumphant|Autotomize
|
|upkeep
|turn|18
|
|t:|1657757142
|-formechange|p1a: Knight Triumphant|Aegislash-Blade||[from] ability: Stance Change
|move|p1a: Knight Triumphant|Flash Cannon|p2a: Vullаby
|-damage|p2a: Vullаby|67/100
|move|p2a: Vullаby|Foul Play|p1a: Knight Triumphant
|-supereffective|p1a: Knight Triumphant
|-damage|p1a: Knight Triumphant|0 fnt
|faint|p1a: Knight Triumphant
|
|upkeep
|
|t:|1657757162
|switch|p1a: Silvia Winner|Hydreigon, F|100/100
|-damage|p1a: Silvia Winner|88/100|[from] Stealth Rock
|turn|19
|
|t:|1657757172
|move|p1a: Silvia Winner|Dragon Dance|p1a: Silvia Winner
|-boost|p1a: Silvia Winner|atk|1
|-boost|p1a: Silvia Winner|spe|1
|move|p2a: Vullаby|Toxic|p1a: Silvia Winner|[miss]
|-miss|p2a: Vullаby|p1a: Silvia Winner
|
|upkeep
|turn|20
|
|t:|1657757177
|move|p1a: Silvia Winner|Head Smash|p2a: Vullаby
|-supereffective|p2a: Vullаby
|-damage|p2a: Vullаby|0 fnt
|-damage|p1a: Silvia Winner|72/100|[from] item: Rocky Helmet|[of] p2a: Vullаby
|faint|p2a: Vullаby
|-damage|p1a: Silvia Winner|28/100|[from] Recoil
|-damage|p1a: Silvia Winner|18/100|[from] item: Life Orb
|
|upkeep
|c|☆kvm1999|Today I learned this learns head smash
|c|☆SingleAye|Same!
|c|☆kvm1999|Love to see it
|inactive|kvm1999 has 270 seconds left.
|c|☆SingleAye|It was better than rock slide banded goth
|inactive|kvm1999 has 240 seconds left.
|
|t:|1657757258
|switch|p2a: Mienfοο|Scizor-Mega, M|84/100
|turn|21
|
|t:|1657757266
|move|p2a: Mienfοο|Bullet Punch|p1a: Silvia Winner
|-damage|p1a: Silvia Winner|0 fnt
|faint|p1a: Silvia Winner
|
|upkeep
|
|t:|1657757271
|switch|p1a: Sandford Garner|Lopunny-Mega, F|100/100
|-damage|p1a: Sandford Garner|95/100|[from] Stealth Rock
|turn|22
|
|t:|1657757282
|move|p1a: Sandford Garner|Fire Punch|p2a: Mienfοο
|-supereffective|p2a: Mienfοο
|-crit|p2a: Mienfοο
|-damage|p2a: Mienfοο|0 fnt
|faint|p2a: Mienfοο
|
|upkeep
|
|t:|1657757285
|switch|p2a: Μareanie|Gliscor, F|100/100 tox
|turn|23
|inactive|kvm1999 has 240 seconds left.
|
|t:|1657757291
|move|p1a: Sandford Garner|Return|p2a: Μareanie
|-damage|p2a: Μareanie|54/100 tox
|move|p2a: Μareanie|U-turn|p1a: Sandford Garner
|-resisted|p1a: Sandford Garner
|-damage|p1a: Sandford Garner|85/100
|
|t:|1657757295
|switch|p2a: Αbra|Latios, M|100/100|[from]move: U-turn
|
|upkeep
|turn|24
|
|t:|1657757299
|move|p2a: Αbra|Psychic|p1a: Sandford Garner
|-supereffective|p1a: Sandford Garner
|-damage|p1a: Sandford Garner|0 fnt
|faint|p1a: Sandford Garner
|
|upkeep
|
|t:|1657757302
|switch|p1a: Foxy Pebble|Shaymin-Sky|100/100
|-damage|p1a: Foxy Pebble|76/100|[from] Stealth Rock
|turn|25
|
|t:|1657757321
|move|p2a: Αbra|Psychic|p1a: Foxy Pebble
|-damage|p1a: Foxy Pebble|17/100
|-zpower|p1a: Foxy Pebble
|move|p1a: Foxy Pebble|Z-Celebrate|p1a: Foxy Pebble|[anim]Celebrate
|-boost|p1a: Foxy Pebble|atk|1|[zeffect]
|-boost|p1a: Foxy Pebble|def|1|[zeffect]
|-boost|p1a: Foxy Pebble|spa|1|[zeffect]
|-boost|p1a: Foxy Pebble|spd|1|[zeffect]
|-boost|p1a: Foxy Pebble|spe|1|[zeffect]
|-activate|p1a: Foxy Pebble|move: Celebrate
|
|upkeep
|turn|26
|
|t:|1657757328
|move|p1a: Foxy Pebble|Air Slash|p2a: Αbra
|-damage|p2a: Αbra|50/100
|cant|p2a: Αbra|flinch
|
|upkeep
|turn|27
|
|t:|1657757331
|move|p1a: Foxy Pebble|Air Slash|p2a: Αbra
|-damage|p2a: Αbra|0 fnt
|faint|p2a: Αbra
|
|upkeep
|c| Sean1445645|uh oh
|
|t:|1657757334
|switch|p2a: Grοοkey|Giratina-Origin|91/100
|turn|28
|
|t:|1657757337
|move|p2a: Grοοkey|Shadow Sneak|p1a: Foxy Pebble
|-damage|p1a: Foxy Pebble|0 fnt
|faint|p1a: Foxy Pebble
|
|upkeep
|
|t:|1657757339
|switch|p1a: Alexander Horne|Hippowdon, F|70/100
|-damage|p1a: Alexander Horne|64/100|[from] Stealth Rock
|-weather|Sandstorm|[from] ability: Sand Stream|[of] p1a: Alexander Horne
|turn|29
|c| The Biggest Boula|Congratulations, SingleAye!
|
|t:|1657757343
|switch|p2a: Μareanie|Gliscor, F|54/100 tox
|move|p1a: Alexander Horne|Ice Fang|p2a: Μareanie
|-supereffective|p2a: Μareanie
|-damage|p2a: Μareanie|3/100 tox
|
|-weather|Sandstorm|[upkeep]
|-heal|p2a: Μareanie|16/100 tox|[from] ability: Poison Heal
|upkeep
|turn|30
|
|t:|1657757348
|move|p2a: Μareanie|Roost|p2a: Μareanie
|-heal|p2a: Μareanie|66/100 tox
|-singleturn|p2a: Μareanie|move: Roost
|move|p1a: Alexander Horne|Ice Fang|p2a: Μareanie
|-supereffective|p2a: Μareanie
|-damage|p2a: Μareanie|37/100 tox
|
|-weather|Sandstorm|[upkeep]
|-heal|p2a: Μareanie|50/100 tox|[from] ability: Poison Heal
|upkeep
|turn|31
|
|t:|1657757357
|move|p2a: Μareanie|Roost|p2a: Μareanie
|-heal|p2a: Μareanie|99/100 tox
|-singleturn|p2a: Μareanie|move: Roost
|move|p1a: Alexander Horne|Ice Fang|p2a: Μareanie
|-supereffective|p2a: Μareanie
|-damage|p2a: Μareanie|74/100 tox
|
|-weather|Sandstorm|[upkeep]
|-heal|p2a: Μareanie|86/100 tox|[from] ability: Poison Heal
|upkeep
|turn|32
|
|t:|1657757364
|move|p2a: Μareanie|Earthquake|p1a: Alexander Horne
|-damage|p1a: Alexander Horne|41/100
|move|p1a: Alexander Horne|Slack Off|p1a: Alexander Horne
|-heal|p1a: Alexander Horne|91/100
|
|-weather|Sandstorm|[upkeep]
|-heal|p2a: Μareanie|99/100 tox|[from] ability: Poison Heal
|upkeep
|turn|33
|
|t:|1657757367
|move|p2a: Μareanie|Stealth Rock||[still]
|-fail|p2a: Μareanie
|move|p1a: Alexander Horne|Ice Fang|p2a: Μareanie
|-supereffective|p2a: Μareanie
|-damage|p2a: Μareanie|45/100 tox
|
|-weather|none
|-heal|p2a: Μareanie|58/100 tox|[from] ability: Poison Heal
|upkeep
|turn|34
|
|t:|1657757375
|move|p2a: Μareanie|Roost|p2a: Μareanie
|-heal|p2a: Μareanie|100/100 tox
|-singleturn|p2a: Μareanie|move: Roost
|move|p1a: Alexander Horne|Earthquake|p2a: Μareanie
|-damage|p2a: Μareanie|71/100 tox
|
|-heal|p2a: Μareanie|84/100 tox|[from] ability: Poison Heal
|upkeep
|turn|35
|
|t:|1657757377
|move|p2a: Μareanie|Stealth Rock||[still]
|-fail|p2a: Μareanie
|move|p1a: Alexander Horne|Ice Fang|p2a: Μareanie
|-supereffective|p2a: Μareanie
|-damage|p2a: Μareanie|29/100 tox
|
|-heal|p2a: Μareanie|42/100 tox|[from] ability: Poison Heal
|upkeep
|turn|36
|
|t:|1657757382
|move|p2a: Μareanie|Roost|p2a: Μareanie
|-heal|p2a: Μareanie|92/100 tox
|-singleturn|p2a: Μareanie|move: Roost
|move|p1a: Alexander Horne|Earthquake|p2a: Μareanie
|-damage|p2a: Μareanie|64/100 tox
|
|-heal|p2a: Μareanie|76/100 tox|[from] ability: Poison Heal
|upkeep
|turn|37
|
|t:|1657757390
|move|p2a: Μareanie|Earthquake|p1a: Alexander Horne
|-damage|p1a: Alexander Horne|66/100
|move|p1a: Alexander Horne|Ice Fang|p2a: Μareanie
|-supereffective|p2a: Μareanie
|-damage|p2a: Μareanie|20/100 tox
|
|-heal|p2a: Μareanie|33/100 tox|[from] ability: Poison Heal
|upkeep
|turn|38
|
|t:|1657757399
|move|p2a: Μareanie|Roost|p2a: Μareanie
|-heal|p2a: Μareanie|83/100 tox
|-singleturn|p2a: Μareanie|move: Roost
|move|p1a: Alexander Horne|Earthquake|p2a: Μareanie
|-damage|p2a: Μareanie|53/100 tox
|
|-heal|p2a: Μareanie|66/100 tox|[from] ability: Poison Heal
|upkeep
|turn|39
|
|t:|1657757406
|move|p2a: Μareanie|Roost|p2a: Μareanie
|-heal|p2a: Μareanie|100/100 tox
|-singleturn|p2a: Μareanie|move: Roost
|move|p1a: Alexander Horne|Slack Off|p1a: Alexander Horne
|-heal|p1a: Alexander Horne|100/100
|
|upkeep
|turn|40
|
|t:|1657757410
|move|p2a: Μareanie|Stealth Rock||[still]
|-fail|p2a: Μareanie
|move|p1a: Alexander Horne|Ice Fang|p2a: Μareanie
|-supereffective|p2a: Μareanie
|-damage|p2a: Μareanie|49/100 tox
|
|-heal|p2a: Μareanie|62/100 tox|[from] ability: Poison Heal
|upkeep
|turn|41
|
|t:|1657757416
|move|p2a: Μareanie|Earthquake|p1a: Alexander Horne
|-damage|p1a: Alexander Horne|79/100
|move|p1a: Alexander Horne|Earthquake|p2a: Μareanie
|-immune|p2a: Μareanie
|
|-heal|p2a: Μareanie|74/100 tox|[from] ability: Poison Heal
|upkeep
|turn|42
|
|t:|1657757423
|move|p2a: Μareanie|Earthquake|p1a: Alexander Horne
|-damage|p1a: Alexander Horne|56/100
|move|p1a: Alexander Horne|Ice Fang|p2a: Μareanie
|-supereffective|p2a: Μareanie
|-crit|p2a: Μareanie
|-damage|p2a: Μareanie|0 fnt
|faint|p2a: Μareanie
|
|upkeep
|
|t:|1657757443
|switch|p2a: Ρawniard|Arceus-Steel|51/100
|turn|43
|
|t:|1657757446
|-zpower|p2a: Ρawniard
|move|p2a: Ρawniard|Corkscrew Crash|p1a: Alexander Horne|[zeffect]
|-damage|p1a: Alexander Horne|1/100
|move|p1a: Alexander Horne|Earthquake|p2a: Ρawniard
|-supereffective|p2a: Ρawniard
|-damage|p2a: Ρawniard|0 fnt
|faint|p2a: Ρawniard
|
|upkeep
|
|t:|1657757448
|switch|p2a: Grοοkey|Giratina-Origin|91/100
|turn|44
|
|t:|1657757454
|move|p2a: Grοοkey|Shadow Sneak|p1a: Alexander Horne
|-damage|p1a: Alexander Horne|0 fnt
|-damage|p2a: Grοοkey|75/100|[from] item: Rocky Helmet|[of] p1a: Alexander Horne
|faint|p1a: Alexander Horne
|
|win|kvm1999
|c|☆kvm1999|Gg
|c|☆SingleAye|gg!
|l| The Biggest Boula
|l|☆SingleAye
