|j|☆tiggi7
|j|☆Glass101
|t:|1643292737
|gametype|singles
|player|p1|tiggi7|ethan|1813
|player|p2|Glass101|rocketgrunt|1715
|teamsize|p1|6
|teamsize|p2|6
|gen|8
|tier|[Gen 8] National Dex AG
|rated|
|rule|HP Percentage Mod: HP is shown in percentages
|rule|Endless Battle Clause: Forcing endless battles is banned
|clearpoke
|poke|p1|Eternatus|
|poke|p1|Chansey, F|
|poke|p1|Necrozma-Dusk-Mane|
|poke|p1|Zygarde|
|poke|p1|Tyranitar, F|
|poke|p1|Ho-Oh|
|poke|p2|Rayquaza|
|poke|p2|Arceus-*|
|poke|p2|Zacian-*|
|poke|p2|Yveltal|
|poke|p2|Groudon|
|poke|p2|Ditto|
|teampreview
|inactive|Battle timer is ON: inactive players will automatically lose when time's up. (requested by tiggi7)
|
|t:|1643292752
|start
|switch|p1a: Eternatus|Eternatus|100/100
|switch|p2a: Thunder Thighs :I|Groudon|100/100
|-ability|p1a: Eternatus|Pressure
|detailschange|p2a: Thunder Thighs :I|Groudon-Primal
|-primal|p2a: Thunder Thighs :I
|-weather|DesolateLand|[from] ability: Desolate Land|[of] p2a: Thunder Thighs :I
|turn|1
|
|t:|1643292762
|move|p1a: Eternatus|Toxic Spikes|p2a: Thunder Thighs :I
|-sidestart|p2: Glass101|move: Toxic Spikes
|move|p2a: Thunder Thighs :I|Thunder Wave|p1a: Eternatus
|-status|p1a: Eternatus|par
|
|-weather|DesolateLand|[upkeep]
|upkeep
|turn|2
|
|t:|1643292767
|switch|p1a: Zygarde|Zygarde|100/100
|move|p2a: Thunder Thighs :I|Precipice Blades|p1a: Zygarde
|-damage|p1a: Zygarde|55/100
|
|-weather|DesolateLand|[upkeep]
|-heal|p1a: Zygarde|61/100|[from] item: Leftovers
|upkeep
|turn|3
|
|t:|1643292774
|move|p1a: Zygarde|Thousand Arrows|p2a: Thunder Thighs :I
|-supereffective|p2a: Thunder Thighs :I
|-damage|p2a: Thunder Thighs :I|66/100
|move|p2a: Thunder Thighs :I|Precipice Blades|p1a: Zygarde
|-damage|p1a: Zygarde|11/100
|
|-weather|DesolateLand|[upkeep]
|-heal|p1a: Zygarde|17/100|[from] item: Leftovers
|-activate|p1a: Zygarde|ability: Power Construct
|detailschange|p1a: Zygarde|Zygarde-Complete
|-heal|p1a: Zygarde|45/100|[silent]
|upkeep
|turn|4
|
|t:|1643292786
|move|p2a: Thunder Thighs :I|Precipice Blades|p1a: Zygarde
|-damage|p1a: Zygarde|13/100
|move|p1a: Zygarde|Thousand Arrows|p2a: Thunder Thighs :I
|-supereffective|p2a: Thunder Thighs :I
|-damage|p2a: Thunder Thighs :I|34/100
|
|-weather|DesolateLand|[upkeep]
|-heal|p1a: Zygarde|19/100|[from] item: Leftovers
|upkeep
|turn|5
|
|t:|1643292795
|switch|p1a: Ho-Oh|Ho-Oh|100/100
|move|p2a: Thunder Thighs :I|Heat Crash|p1a: Ho-Oh
|-resisted|p1a: Ho-Oh
|-damage|p1a: Ho-Oh|54/100
|
|-weather|DesolateLand|[upkeep]
|upkeep
|turn|6
|
|t:|1643292802
|move|p2a: Thunder Thighs :I|Stone Edge|p1a: Ho-Oh|[miss]
|-miss|p2a: Thunder Thighs :I|p1a: Ho-Oh
|move|p1a: Ho-Oh|Toxic|p2a: Thunder Thighs :I
|-status|p2a: Thunder Thighs :I|tox
|
|-weather|DesolateLand|[upkeep]
|-damage|p2a: Thunder Thighs :I|28/100 tox|[from] psn
|upkeep
|turn|7
|
|t:|1643292809
|switch|p1a: Necrozma|Necrozma-Dusk-Mane|100/100
|move|p2a: Thunder Thighs :I|Precipice Blades|p1a: Necrozma
|-supereffective|p1a: Necrozma
|-damage|p1a: Necrozma|32/100
|
|-weather|DesolateLand|[upkeep]
|-damage|p2a: Thunder Thighs :I|16/100 tox|[from] psn
|upkeep
|turn|8
|
|t:|1643292816
|switch|p1a: Zygarde|Zygarde-Complete|19/100
|move|p2a: Thunder Thighs :I|Heat Crash|p1a: Zygarde
|-resisted|p1a: Zygarde
|-damage|p1a: Zygarde|11/100
|
|-weather|DesolateLand|[upkeep]
|-heal|p1a: Zygarde|17/100|[from] item: Leftovers
|-damage|p2a: Thunder Thighs :I|0 fnt|[from] psn
|faint|p2a: Thunder Thighs :I
|-weather|none
|upkeep
|
|t:|1643292826
|switch|p2a: Bidoof-|Zacian-Crowned|100/100
|-ability|p2a: Bidoof-|Intrepid Sword|boost
|-boost|p2a: Bidoof-|atk|1
|turn|9
|
|t:|1643292830
|move|p2a: Bidoof-|Behemoth Blade|p1a: Zygarde
|-damage|p1a: Zygarde|0 fnt
|faint|p1a: Zygarde
|
|upkeep
|
|t:|1643292837
|switch|p1a: Ho-Oh|Ho-Oh|87/100
|turn|10
|
|t:|1643292841
|switch|p2a: Gas Powered Stick|Rayquaza|100/100
|-ability|p2a: Gas Powered Stick|Air Lock
|move|p1a: Ho-Oh|Sacred Fire|p2a: Gas Powered Stick
|-resisted|p2a: Gas Powered Stick
|-damage|p2a: Gas Powered Stick|77/100
|-status|p2a: Gas Powered Stick|brn
|
|-damage|p2a: Gas Powered Stick|71/100 brn|[from] brn
|upkeep
|turn|11
|
|t:|1643292858
|switch|p1a: Necrozma|Necrozma-Dusk-Mane|32/100
|detailschange|p2a: Gas Powered Stick|Rayquaza-Mega
|-mega|p2a: Gas Powered Stick|Rayquaza|
|-weather|DeltaStream|[from] ability: Delta Stream|[of] p2a: Gas Powered Stick
|move|p2a: Gas Powered Stick|Surf|p1a: Necrozma
|-damage|p1a: Necrozma|10/100
|
|-weather|DeltaStream|[upkeep]
|-damage|p2a: Gas Powered Stick|65/100 brn|[from] brn
|upkeep
|turn|12
|
|t:|1643292870
|switch|p1a: Eternatus|Eternatus|100/100 par
|-ability|p1a: Eternatus|Pressure
|move|p2a: Gas Powered Stick|Surf|p1a: Eternatus
|-resisted|p1a: Eternatus
|-damage|p1a: Eternatus|89/100 par
|
|-weather|DeltaStream|[upkeep]
|-heal|p1a: Eternatus|95/100 par|[from] item: Black Sludge
|-damage|p2a: Gas Powered Stick|59/100 brn|[from] brn
|upkeep
|turn|13
|
|t:|1643292880
|move|p2a: Gas Powered Stick|Dragon Ascent|p1a: Eternatus
|-damage|p1a: Eternatus|64/100 par
|-unboost|p2a: Gas Powered Stick|def|1
|-unboost|p2a: Gas Powered Stick|spd|1
|cant|p1a: Eternatus|par
|
|-weather|DeltaStream|[upkeep]
|-heal|p1a: Eternatus|70/100 par|[from] item: Black Sludge
|-damage|p2a: Gas Powered Stick|53/100 brn|[from] brn
|upkeep
|turn|14
|
|t:|1643292889
|move|p2a: Gas Powered Stick|Dragon Ascent|p1a: Eternatus
|-damage|p1a: Eternatus|40/100 par
|-unboost|p2a: Gas Powered Stick|def|1
|-unboost|p2a: Gas Powered Stick|spd|1
|cant|p1a: Eternatus|par
|
|-weather|DeltaStream|[upkeep]
|-heal|p1a: Eternatus|46/100 par|[from] item: Black Sludge
|-damage|p2a: Gas Powered Stick|47/100 brn|[from] brn
|upkeep
|turn|15
|
|t:|1643292898
|move|p2a: Gas Powered Stick|Dragon Ascent|p1a: Eternatus
|-damage|p1a: Eternatus|11/100 par
|-unboost|p2a: Gas Powered Stick|def|1
|-unboost|p2a: Gas Powered Stick|spd|1
|move|p1a: Eternatus|Recover|p1a: Eternatus
|-heal|p1a: Eternatus|61/100 par
|
|-weather|DeltaStream|[upkeep]
|-heal|p1a: Eternatus|67/100 par|[from] item: Black Sludge
|-damage|p2a: Gas Powered Stick|41/100 brn|[from] brn
|upkeep
|turn|16
|
|t:|1643292908
|-weather|none
|switch|p2a: Bidoof-|Zacian-Crowned|100/100
|-ability|p2a: Bidoof-|Intrepid Sword|boost
|-boost|p2a: Bidoof-|atk|1
|switch|p1a: Tyranitar|Tyranitar, F|100/100
|-weather|Sandstorm|[from] ability: Sand Stream|[of] p1a: Tyranitar
|
|-weather|Sandstorm|[upkeep]
|upkeep
|turn|17
|
|t:|1643292920
|switch|p1a: Ho-Oh|Ho-Oh|100/100
|move|p2a: Bidoof-|Behemoth Blade|p1a: Ho-Oh
|-resisted|p1a: Ho-Oh
|-damage|p1a: Ho-Oh|70/100
|
|-weather|Sandstorm|[upkeep]
|-damage|p1a: Ho-Oh|64/100|[from] Sandstorm
|upkeep
|turn|18
|
|t:|1643292927
|move|p2a: Bidoof-|Wild Charge|p1a: Ho-Oh
|-supereffective|p1a: Ho-Oh
|-damage|p1a: Ho-Oh|0 fnt
|faint|p1a: Ho-Oh
|-damage|p2a: Bidoof-|80/100|[from] Recoil
|
|-weather|Sandstorm|[upkeep]
|upkeep
|
|t:|1643292933
|switch|p1a: Necrozma|Necrozma-Dusk-Mane|10/100
|turn|19
|
|t:|1643292943
|move|p2a: Bidoof-|Behemoth Blade|p1a: Necrozma
|-resisted|p1a: Necrozma
|-damage|p1a: Necrozma|0 fnt
|-damage|p2a: Bidoof-|64/100|[from] item: Rocky Helmet|[of] p1a: Necrozma
|faint|p1a: Necrozma
|
|-weather|Sandstorm|[upkeep]
|upkeep
|
|t:|1643292949
|switch|p1a: Chansey|Chansey, F|100/100
|turn|20
|
|t:|1643292952
|-start|p1a: Chansey|Dynamax
|-heal|p1a: Chansey|100/100|[silent]
|move|p2a: Bidoof-|Behemoth Blade|p1a: Chansey
|-damage|p1a: Chansey|26/100
|move|p1a: Chansey|Max Knuckle|p2a: Bidoof-
|-damage|p2a: Bidoof-|60/100
|-boost|p1a: Chansey|atk|1
|
|-weather|none
|upkeep
|turn|21
|c|☆Glass101|Ngl I hate toxic stall :/
|
|t:|1643292967
|move|p1a: Chansey|Max Guard|p1a: Chansey
|-singleturn|p1a: Chansey|Max Guard
|move|p2a: Bidoof-|Behemoth Blade|p1a: Chansey
|-activate|p1a: Chansey|move: Max Guard
|
|upkeep
|turn|22
|
|t:|1643292973
|-end|p1a: Chansey|Dynamax
|-heal|p1a: Chansey|26/100|[silent]
|switch|p1a: Eternatus|Eternatus|67/100 par
|-ability|p1a: Eternatus|Pressure
|move|p2a: Bidoof-|Behemoth Blade|p1a: Eternatus
|-damage|p1a: Eternatus|0 fnt
|faint|p1a: Eternatus
|
|upkeep
|
|t:|1643292982
|switch|p1a: Chansey|Chansey, F|26/100
|turn|23
|
|t:|1643292985
|move|p2a: Bidoof-|Wild Charge|p1a: Chansey
|-damage|p1a: Chansey|0 fnt
|faint|p1a: Chansey
|-damage|p2a: Bidoof-|48/100|[from] Recoil
|
|upkeep
|
|t:|1643292989
|switch|p1a: Tyranitar|Tyranitar, F|100/100
|-weather|Sandstorm|[from] ability: Sand Stream|[of] p1a: Tyranitar
|turn|24
|
|t:|1643292993
|move|p2a: Bidoof-|Behemoth Blade|p1a: Tyranitar
|-supereffective|p1a: Tyranitar
|-damage|p1a: Tyranitar|0 fnt
|faint|p1a: Tyranitar
|
|win|Glass101
|raw|tiggi7's rating: 1813 &rarr; <strong>1788</strong><br />(-25 for losing)
|raw|Glass101's rating: 1715 &rarr; <strong>1740</strong><br />(+25 for winning)
|l|☆tiggi7
||Ladder isn't responding, score probably updated but might not have (Request timeout).
