|j|☆SaintLaplace
|j|☆CLEAR GEM清瑜
|t:|1665753426
|gametype|singles
|player|p1|SaintLaplace|hilda-wonderlauncher|1718
|player|p2|CLEAR GEM清瑜|skierf|1754
|teamsize|p1|6
|teamsize|p2|6
|gen|8
|tier|[Gen 8] National Dex AG
|rated|
|rule|HP Percentage Mod: HP is shown in percentages
|rule|Endless Battle Clause: Forcing endless battles is banned
|clearpoke
|poke|p1|Rayquaza|
|poke|p1|Zygarde|
|poke|p1|Necrozma-Dusk-Mane|
|poke|p1|Smeargle, M|
|poke|p1|Marshadow|
|poke|p1|Xerneas-*|
|poke|p2|Rayquaza|
|poke|p2|Groudon|
|poke|p2|Necrozma-Dusk-Mane|
|poke|p2|Arceus-*|
|poke|p2|Zacian-*|
|poke|p2|Yveltal|
|teampreview
|inactive|Battle timer is ON: inactive players will automatically lose when time's up. (requested by SaintLaplace)
|
|t:|1665753431
|start
|switch|p1a: Smeargle|Smeargle, M|100/100
|switch|p2a: 老烈|Rayquaza, shiny|100/100
|-ability|p2a: 老烈|Air Lock
|turn|1
|
|t:|1665753437
|switch|p1a: Xerneas|Xerneas|100/100
|-ability|p1a: Xerneas|Fairy Aura
|detailschange|p2a: 老烈|Rayquaza-Mega, shiny
|-mega|p2a: 老烈|Rayquaza|
|-weather|DeltaStream|[from] ability: Delta Stream|[of] p2a: 老烈
|move|p2a: 老烈|Scale Shot|p1a: Xerneas
|-immune|p1a: Xerneas
|
|-weather|DeltaStream|[upkeep]
|upkeep
|turn|2
|
|t:|1665753441
|move|p2a: 老烈|Dragon Ascent|p1a: Xerneas
|-damage|p1a: Xerneas|5/100
|-unboost|p2a: 老烈|def|1
|-unboost|p2a: 老烈|spd|1
|-damage|p2a: 老烈|91/100|[from] item: Life Orb
|move|p1a: Xerneas|Geomancy||[still]
|-prepare|p1a: Xerneas|Geomancy
|-enditem|p1a: Xerneas|Power Herb
|-anim|p1a: Xerneas|Geomancy|p1a: Xerneas
|-boost|p1a: Xerneas|spa|2
|-boost|p1a: Xerneas|spd|2
|-boost|p1a: Xerneas|spe|2
|
|-weather|DeltaStream|[upkeep]
|upkeep
|turn|3
|
|t:|1665753448
|move|p2a: 老烈|Extreme Speed|p1a: Xerneas
|-damage|p1a: Xerneas|0 fnt
|faint|p1a: Xerneas
|-damage|p2a: 老烈|81/100|[from] item: Life Orb
|
|-weather|DeltaStream|[upkeep]
|upkeep
|
|t:|1665753455
|switch|p1a: Rayquaza|Rayquaza|100/100
|-ability|p1a: Rayquaza|Air Lock
|turn|4
|
|t:|1665753459
|-weather|none
|switch|p2a: 嘉然小姐的狗|Zacian-Crowned|100/100
|-ability|p2a: 嘉然小姐的狗|Intrepid Sword|boost
|-boost|p2a: 嘉然小姐的狗|atk|1
|detailschange|p1a: Rayquaza|Rayquaza-Mega
|-mega|p1a: Rayquaza|Rayquaza|
|-weather|DeltaStream|[from] ability: Delta Stream|[of] p1a: Rayquaza
|move|p1a: Rayquaza|Extreme Speed|p2a: 嘉然小姐的狗
|-resisted|p2a: 嘉然小姐的狗
|-damage|p2a: 嘉然小姐的狗|86/100
|
|-weather|DeltaStream|[upkeep]
|upkeep
|turn|5
|
|t:|1665753466
|move|p2a: 嘉然小姐的狗|Behemoth Blade|p1a: Rayquaza
|-enditem|p1a: Rayquaza|Focus Sash
|-damage|p1a: Rayquaza|1/100
|move|p1a: Rayquaza|Dragon Ascent|p2a: 嘉然小姐的狗
|-resisted|p2a: 嘉然小姐的狗
|-damage|p2a: 嘉然小姐的狗|51/100
|-unboost|p1a: Rayquaza|def|1
|-unboost|p1a: Rayquaza|spd|1
|
|-weather|DeltaStream|[upkeep]
|upkeep
|turn|6
|
|t:|1665753476
|switch|p2a: 不会(?)|Groudon|100/100
|detailschange|p2a: 不会(?)|Groudon-Primal
|-primal|p2a: 不会(?)
|-weather|DesolateLand|[from] ability: Desolate Land|[of] p2a: 不会(?)
|move|p1a: Rayquaza|Extreme Speed|p2a: 不会(?)
|-damage|p2a: 不会(?)|82/100
|
|-weather|DesolateLand|[upkeep]
|upkeep
|turn|7
|
|t:|1665753479
|switch|p1a: Smeargle|Smeargle, M|100/100
|move|p2a: 不会(?)|Stealth Rock|p1a: Smeargle
|-sidestart|p1: SaintLaplace|move: Stealth Rock
|
|-weather|DesolateLand|[upkeep]
|upkeep
|turn|8
|
|t:|1665753483
|move|p1a: Smeargle|Spore|p2a: 不会(?)
|-status|p2a: 不会(?)|slp|[from] move: Spore
|cant|p2a: 不会(?)|slp
|
|-weather|DesolateLand|[upkeep]
|upkeep
|turn|9
|
|t:|1665753484
|move|p1a: Smeargle|Shell Smash|p1a: Smeargle
|-unboost|p1a: Smeargle|def|1
|-unboost|p1a: Smeargle|spd|1
|-boost|p1a: Smeargle|atk|2
|-boost|p1a: Smeargle|spa|2
|-boost|p1a: Smeargle|spe|2
|-curestatus|p2a: 不会(?)|slp|[msg]
|move|p2a: 不会(?)|Roar|p1a: Smeargle
|drag|p1a: Zygarde|Zygarde, shiny|100/100
|-damage|p1a: Zygarde|94/100|[from] Stealth Rock
|
|-weather|DesolateLand|[upkeep]
|upkeep
|turn|10
|
|t:|1665753490
|move|p1a: Zygarde|Dragon Dance|p1a: Zygarde
|-boost|p1a: Zygarde|atk|1
|-boost|p1a: Zygarde|spe|1
|move|p2a: 不会(?)|Roar|p1a: Zygarde
|drag|p1a: Rayquaza|Rayquaza-Mega|1/100
|-damage|p1a: Rayquaza|0 fnt|[from] Stealth Rock
|faint|p1a: Rayquaza
|
|-weather|DesolateLand|[upkeep]
|upkeep
|
|t:|1665753496
|switch|p1a: Smeargle|Smeargle, M|100/100
|-damage|p1a: Smeargle|88/100|[from] Stealth Rock
|turn|11
|
|t:|1665753504
|move|p1a: Smeargle|Spore|p2a: 不会(?)
|-status|p2a: 不会(?)|slp|[from] move: Spore
|cant|p2a: 不会(?)|slp
|
|-weather|DesolateLand|[upkeep]
|upkeep
|turn|12
|
|t:|1665753506
|move|p1a: Smeargle|Shell Smash|p1a: Smeargle
|-unboost|p1a: Smeargle|def|1
|-unboost|p1a: Smeargle|spd|1
|-boost|p1a: Smeargle|atk|2
|-boost|p1a: Smeargle|spa|2
|-boost|p1a: Smeargle|spe|2
|cant|p2a: 不会(?)|slp
|
|-weather|DesolateLand|[upkeep]
|upkeep
|turn|13
|
|t:|1665753509
|move|p1a: Smeargle|Magic Coat|p1a: Smeargle
|-singleturn|p1a: Smeargle|move: Magic Coat
|-curestatus|p2a: 不会(?)|slp|[msg]
|move|p2a: 不会(?)|Roar|p1a: Smeargle
|move|p1a: Smeargle|Roar|p2a: 不会(?)|[from]Magic Coat
|-weather|none
|drag|p2a: Y鸟|Yveltal|100/100
|-ability|p2a: Y鸟|Dark Aura
|
|upkeep
|turn|14
|
|t:|1665753515
|switch|p2a: 不会(?)|Groudon-Primal|82/100
|-weather|DesolateLand|[from] ability: Desolate Land|[of] p2a: 不会(?)
|move|p1a: Smeargle|Spore|p2a: 不会(?)
|-status|p2a: 不会(?)|slp|[from] move: Spore
|
|-weather|DesolateLand|[upkeep]
|upkeep
|turn|15
|
|t:|1665753517
|move|p1a: Smeargle|Baton Pass|p1a: Smeargle
|
|t:|1665753528
|switch|p1a: Zygarde|Zygarde, shiny|94/100|[from]move: Baton Pass
|-damage|p1a: Zygarde|88/100|[from] Stealth Rock
|cant|p2a: 不会(?)|slp
|
|-weather|DesolateLand|[upkeep]
|upkeep
|turn|16
|
|t:|1665753531
|-start|p1a: Zygarde|Dynamax|
|-heal|p1a: Zygarde|88/100|[silent]
|move|p1a: Zygarde|Max Quake|p2a: 不会(?)
|-supereffective|p2a: 不会(?)
|-damage|p2a: 不会(?)|0 fnt
|-boost|p1a: Zygarde|spd|1
|faint|p2a: 不会(?)
|-weather|none
|
|upkeep
|
|t:|1665753538
|switch|p2a: 悬空羊驼|Arceus-Flying|100/100
|turn|17
|
|t:|1665753548
|move|p1a: Zygarde|Max Rockfall|p2a: 悬空羊驼
|-supereffective|p2a: 悬空羊驼
|-damage|p2a: 悬空羊驼|0 fnt
|-weather|Sandstorm
|faint|p2a: 悬空羊驼
|
|-weather|Sandstorm|[upkeep]
|upkeep
|
|t:|1665753555
|switch|p2a: 嘉然小姐的狗|Zacian-Crowned|51/100
|-ability|p2a: 嘉然小姐的狗|Intrepid Sword|boost
|-boost|p2a: 嘉然小姐的狗|atk|1
|turn|18
|
|t:|1665753559
|switch|p2a: Y鸟|Yveltal|100/100
|-ability|p2a: Y鸟|Dark Aura
|move|p1a: Zygarde|Max Quake|p2a: Y鸟
|-immune|p2a: Y鸟
|
|-weather|Sandstorm|[upkeep]
|-damage|p2a: Y鸟|94/100|[from] Sandstorm
|upkeep
|-end|p1a: Zygarde|Dynamax
|-heal|p1a: Zygarde|88/100|[silent]
|turn|19
|j| josephgomes619
|
|t:|1665753565
|-start|p2a: Y鸟|Dynamax|
|-heal|p2a: Y鸟|94/100|[silent]
|move|p1a: Zygarde|Stone Edge|p2a: Y鸟
|-supereffective|p2a: Y鸟
|-damage|p2a: Y鸟|41/100
|move|p2a: Y鸟|Max Airstream|p1a: Zygarde
|-damage|p1a: Zygarde|0 fnt
|-boost|p2a: Y鸟|spe|1
|faint|p1a: Zygarde
|-damage|p2a: Y鸟|36/100|[from] item: Life Orb
|
|-weather|Sandstorm|[upkeep]
|-damage|p2a: Y鸟|33/100|[from] Sandstorm
|upkeep
|
|t:|1665753593
|switch|p1a: Marshadow|Marshadow|100/100
|-damage|p1a: Marshadow|94/100|[from] Stealth Rock
|turn|20
|
|t:|1665753605
|move|p2a: Y鸟|Max Airstream|p1a: Marshadow
|-supereffective|p1a: Marshadow
|-damage|p1a: Marshadow|0 fnt
|-boost|p2a: Y鸟|spe|1
|faint|p1a: Marshadow
|-damage|p2a: Y鸟|28/100|[from] item: Life Orb
|
|-weather|Sandstorm|[upkeep]
|-damage|p2a: Y鸟|25/100|[from] Sandstorm
|upkeep
|
|t:|1665753608
|switch|p1a: Smeargle|Smeargle, M|88/100
|-damage|p1a: Smeargle|76/100|[from] Stealth Rock
|turn|21
|
|t:|1665753612
|move|p2a: Y鸟|Max Airstream|p1a: Smeargle
|-damage|p1a: Smeargle|0 fnt
|-boost|p2a: Y鸟|spe|1
|faint|p1a: Smeargle
|-damage|p2a: Y鸟|21/100|[from] item: Life Orb
|
|-weather|none
|upkeep
|
|t:|1665753613
|switch|p1a: Necrozma|Necrozma-Dusk-Mane, shiny|100/100
|-damage|p1a: Necrozma|94/100|[from] Stealth Rock
|-end|p2a: Y鸟|Dynamax
|-heal|p2a: Y鸟|21/100|[silent]
|turn|22
|
|t:|1665753617
|move|p2a: Y鸟|Dark Pulse|p1a: Necrozma
|-supereffective|p1a: Necrozma
|-damage|p1a: Necrozma|0 fnt
|faint|p1a: Necrozma
|-damage|p2a: Y鸟|11/100|[from] item: Life Orb
|
|win|CLEAR GEM清瑜
|raw|SaintLaplace's rating: 1718 &rarr; <strong>1700</strong><br />(-18 for losing)
|raw|CLEAR GEM清瑜's rating: 1754 &rarr; <strong>1772</strong><br />(+18 for winning)
