|j|☆aayushistaken
|j|☆WolfYokai
|t:|1665570870
|gametype|singles
|player|p1|aayushistaken|102|1597
|player|p2|WolfYokai|boarder|1592
|teamsize|p1|6
|teamsize|p2|6
|gen|8
|tier|[Gen 8] National Dex AG
|rated|
|rule|HP Percentage Mod: HP is shown in percentages
|rule|Endless Battle Clause: Forcing endless battles is banned
|clearpoke
|poke|p1|Arceus-*|
|poke|p1|Rayquaza|
|poke|p1|Calyrex-Shadow|
|poke|p1|Lugia|
|poke|p1|Yveltal|
|poke|p1|Ditto|
|poke|p2|Groudon|
|poke|p2|Ho-Oh|
|poke|p2|Rayquaza|
|poke|p2|Yveltal|
|poke|p2|Ditto|
|poke|p2|Kyogre|
|teampreview
|inactive|Battle timer is ON: inactive players will automatically lose when time's up. (requested by WolfYokai)
|c|☆WolfYokai|glhf
|
|t:|1665570880
|start
|switch|p1a: Lugia|Lugia|100/100
|switch|p2a: Groudon|Groudon|100/100
|detailschange|p2a: Groudon|Groudon-Primal
|-primal|p2a: Groudon
|-weather|DesolateLand|[from] ability: Desolate Land|[of] p2a: Groudon
|turn|1
|
|t:|1665570886
|move|p1a: Lugia|Toxic|p2a: Groudon
|-status|p2a: Groudon|tox
|move|p2a: Groudon|Stealth Rock|p1a: Lugia
|-sidestart|p1: aayushistaken|move: Stealth Rock
|
|-weather|DesolateLand|[upkeep]
|-damage|p2a: Groudon|94/100 tox|[from] psn
|upkeep
|turn|2
|
|t:|1665570890
|-weather|none
|switch|p2a: Yveltal|Yveltal|100/100
|-ability|p2a: Yveltal|Dark Aura
|move|p1a: Lugia|Defog|p2a: Yveltal
|-unboost|p2a: Yveltal|evasion|1
|-sideend|p1: aayushistaken|Stealth Rock|[from] move: Defog|[of] p1a: Lugia
|
|upkeep
|turn|3
|
|t:|1665570893
|move|p2a: Yveltal|Knock Off|p1a: Lugia
|-supereffective|p1a: Lugia
|-damage|p1a: Lugia|62/100
|-enditem|p1a: Lugia|Heavy-Duty Boots|[from] move: Knock Off|[of] p2a: Yveltal
|-damage|p2a: Yveltal|91/100|[from] item: Life Orb
|move|p1a: Lugia|Toxic|p2a: Yveltal
|-status|p2a: Yveltal|tox
|
|-damage|p2a: Yveltal|84/100 tox|[from] psn
|upkeep
|turn|4
|
|t:|1665570896
|move|p2a: Yveltal|Dark Pulse|p1a: Lugia
|-supereffective|p1a: Lugia
|-damage|p1a: Lugia|0 fnt
|faint|p1a: Lugia
|-damage|p2a: Yveltal|75/100 tox|[from] item: Life Orb
|
|-damage|p2a: Yveltal|62/100 tox|[from] psn
|upkeep
|
|t:|1665570900
|switch|p1a: Arceus|Arceus|100/100
|turn|5
|
|t:|1665570903
|move|p1a: Arceus|Extreme Speed|p2a: Yveltal
|-damage|p2a: Yveltal|7/100 tox
|-damage|p1a: Arceus|91/100|[from] item: Life Orb
|move|p2a: Yveltal|Knock Off|p1a: Arceus
|-damage|p1a: Arceus|38/100
|-enditem|p1a: Arceus|Life Orb|[from] move: Knock Off|[of] p2a: Yveltal
|-damage|p2a: Yveltal|0 fnt|[from] item: Life Orb
|faint|p2a: Yveltal
|
|upkeep
|
|t:|1665570907
|switch|p2a: Groudon|Groudon-Primal|94/100 tox
|-weather|DesolateLand|[from] ability: Desolate Land|[of] p2a: Groudon
|turn|6
|
|t:|1665570910
|move|p1a: Arceus|Swords Dance|p1a: Arceus
|-boost|p1a: Arceus|atk|2
|move|p2a: Groudon|Stealth Rock|p1a: Arceus
|-sidestart|p1: aayushistaken|move: Stealth Rock
|
|-weather|DesolateLand|[upkeep]
|-damage|p2a: Groudon|88/100 tox|[from] psn
|upkeep
|turn|7
|
|t:|1665570914
|move|p1a: Arceus|Extreme Speed|p2a: Groudon
|-damage|p2a: Groudon|54/100 tox
|move|p2a: Groudon|Overheat|p1a: Arceus
|-damage|p1a: Arceus|0 fnt
|-unboost|p2a: Groudon|spa|2
|faint|p1a: Arceus
|
|-weather|DesolateLand|[upkeep]
|-damage|p2a: Groudon|41/100 tox|[from] psn
|upkeep
|
|t:|1665570920
|switch|p1a: Calyrex|Calyrex-Shadow|100/100
|-ability|p1a: Calyrex|As One
|-ability|p1a: Calyrex|Unnerve
|-damage|p1a: Calyrex|88/100|[from] Stealth Rock
|turn|8
|
|t:|1665570923
|move|p1a: Calyrex|Astral Barrage|p2a: Groudon
|-damage|p2a: Groudon|0 fnt
|faint|p2a: Groudon
|-weather|none
|-ability|p1a: Calyrex|Grim Neigh|boost
|-boost|p1a: Calyrex|spa|1
|
|upkeep
|
|t:|1665570925
|switch|p2a: Ditto|Ditto|100/100
|-transform|p2a: Ditto|p1a: Calyrex|[from] ability: Imposter
|turn|9
|
|t:|1665570928
|switch|p1a: Ditto|Ditto|100/100
|-damage|p1a: Ditto|88/100|[from] Stealth Rock
|move|p2a: Ditto|Astral Barrage|p1a: Ditto
|-immune|p1a: Ditto
|
|upkeep
|turn|10
|
|t:|1665570933
|switch|p1a: Yveltal|Yveltal|100/100
|-damage|p1a: Yveltal|76/100|[from] Stealth Rock
|-ability|p1a: Yveltal|Dark Aura
|-start|p2a: Ditto|Dynamax|
|-heal|p2a: Ditto|100/100|[silent]
|move|p2a: Ditto|Max Mindstorm|p1a: Yveltal
|-immune|p1a: Yveltal
|
|upkeep
|turn|11
|
|t:|1665570939
|move|p1a: Yveltal|Sucker Punch|p2a: Ditto
|-supereffective|p2a: Ditto
|-damage|p2a: Ditto|0 fnt
|faint|p2a: Ditto
|-damage|p1a: Yveltal|66/100|[from] item: Life Orb
|
|upkeep
|
|t:|1665570947
|switch|p2a: Kyogre|Kyogre|100/100
|detailschange|p2a: Kyogre|Kyogre-Primal
|-primal|p2a: Kyogre
|-weather|PrimordialSea|[from] ability: Primordial Sea|[of] p2a: Kyogre
|turn|12
|
|t:|1665570951
|move|p1a: Yveltal|Sucker Punch|p2a: Kyogre
|-damage|p2a: Kyogre|18/100
|-damage|p1a: Yveltal|56/100|[from] item: Life Orb
|move|p2a: Kyogre|Thunder|p1a: Yveltal
|-supereffective|p1a: Yveltal
|-damage|p1a: Yveltal|0 fnt
|faint|p1a: Yveltal
|
|-weather|PrimordialSea|[upkeep]
|upkeep
|
|t:|1665570956
|switch|p1a: Calyrex|Calyrex-Shadow|88/100
|-ability|p1a: Calyrex|As One
|-ability|p1a: Calyrex|Unnerve
|-damage|p1a: Calyrex|76/100|[from] Stealth Rock
|turn|13
|
|t:|1665570960
|move|p1a: Calyrex|Astral Barrage|p2a: Kyogre
|-damage|p2a: Kyogre|0 fnt
|faint|p2a: Kyogre
|-weather|none
|-ability|p1a: Calyrex|Grim Neigh|boost
|-boost|p1a: Calyrex|spa|1
|
|upkeep
|
|t:|1665570962
|switch|p2a: Rayquaza|Rayquaza|100/100
|-ability|p2a: Rayquaza|Air Lock
|turn|14
|
|t:|1665570967
|move|p2a: Rayquaza|Dragon Ascent|p1a: Calyrex
|-damage|p1a: Calyrex|0 fnt
|-unboost|p2a: Rayquaza|def|1
|-unboost|p2a: Rayquaza|spd|1
|faint|p1a: Calyrex
|
|upkeep
|
|t:|1665570976
|switch|p1a: Ditto|Ditto|88/100
|-damage|p1a: Ditto|76/100|[from] Stealth Rock
|-transform|p1a: Ditto|p2a: Rayquaza|[from] ability: Imposter
|turn|15
|
|t:|1665570979
|switch|p2a: Ho-Oh|Ho-Oh|100/100
|-start|p1a: Ditto|Dynamax|
|-heal|p1a: Ditto|76/100|[silent]
|move|p1a: Ditto|Max Wyrmwind|p2a: Ho-Oh
|-damage|p2a: Ho-Oh|27/100
|-unboost|p2a: Ho-Oh|atk|1
|
|upkeep
|turn|16
|
|t:|1665570989
|move|p1a: Ditto|Max Geyser|p2a: Ho-Oh
|-supereffective|p2a: Ho-Oh
|-damage|p2a: Ho-Oh|0 fnt
|-weather|RainDance
|faint|p2a: Ho-Oh
|
|-weather|RainDance|[upkeep]
|upkeep
|
|t:|1665570991
|switch|p2a: Rayquaza|Rayquaza|100/100
|-ability|p2a: Rayquaza|Air Lock
|turn|17
|
|t:|1665570993
|detailschange|p2a: Rayquaza|Rayquaza-Mega
|-mega|p2a: Rayquaza|Rayquaza|
|-weather|DeltaStream|[from] ability: Delta Stream|[of] p2a: Rayquaza
|move|p2a: Rayquaza|Outrage|p1a: Ditto
|-supereffective|p1a: Ditto
|-damage|p1a: Ditto|0 fnt
|faint|p1a: Ditto
|
|-weather|DeltaStream|[upkeep]
|upkeep
|
|t:|1665570999
|switch|p1a: Rayquaza|Rayquaza|100/100
|-damage|p1a: Rayquaza|76/100|[from] Stealth Rock
|-ability|p1a: Rayquaza|Air Lock
|turn|18
|
|t:|1665571003
|detailschange|p1a: Rayquaza|Rayquaza-Mega
|-mega|p1a: Rayquaza|Rayquaza|
|move|p2a: Rayquaza|Outrage|p1a: Rayquaza|[from]lockedmove
|-supereffective|p1a: Rayquaza
|-damage|p1a: Rayquaza|0 fnt
|faint|p1a: Rayquaza
|-start|p2a: Rayquaza|confusion|[fatigue]
|
|win|WolfYokai
|raw|aayushistaken's rating: 1597 &rarr; <strong>1577</strong><br />(-20 for losing)
|raw|WolfYokai's rating: 1592 &rarr; <strong>1612</strong><br />(+20 for winning)
|c|☆WolfYokai|gg
|c|☆aayushistaken|I was also scarf
|c|☆aayushistaken|...speed tir
|c|☆aayushistaken|Tie*
|c|☆WolfYokai|I got lucky then
|c|☆aayushistaken|Yea
