|j|☆Reincarnation of …
|j|☆icyboy 161
|inactive|Battle timer is ON: inactive players will automatically lose when time's up.
|t:|1668622028
|gametype|singles
|player|p1|Reincarnation of …|blue-gen3two|
|player|p2|icyboy 161|102|
|teamsize|p1|6
|teamsize|p2|6
|gen|8
|tier|[Gen 8] National Dex AG
|rated|Tournament battle
|rule|HP Percentage Mod: HP is shown in percentages
|rule|Endless Battle Clause: Forcing endless battles is banned
|clearpoke
|poke|p1|Smeargle, M|
|poke|p1|Ditto|
|poke|p1|Arceus-*|
|poke|p1|Yveltal|
|poke|p1|Arceus-*|
|poke|p1|Necrozma-Dusk-Mane|
|poke|p2|Mew|
|poke|p2|Dragonite, F|
|poke|p2|Rillaboom, M|
|poke|p2|Zacian-*|
|poke|p2|Garchomp, M|
|poke|p2|Marshadow|
|teampreview
|inactive|Reincarnation of … also wants the timer to be on.
|j| NATALlE
|j| iceman 3314
|
|t:|1668622036
|start
|switch|p1a: Karin|Arceus-Fairy|100/100
|switch|p2a: Mew|Mew|100/100
|turn|1
|
|t:|1668622043
|move|p1a: Karin|Stealth Rock|p2a: Mew
|-sidestart|p2: icyboy 161|move: Stealth Rock
|move|p2a: Mew|Swords Dance|p2a: Mew
|-boost|p2a: Mew|atk|2
|
|upkeep
|turn|2
|
|t:|1668622055
|move|p1a: Karin|Judgment|p2a: Mew
|-damage|p2a: Mew|70/100
|move|p2a: Mew|Swords Dance|p2a: Mew
|-boost|p2a: Mew|atk|2
|
|upkeep
|turn|3
|
|t:|1668622065
|move|p1a: Karin|Judgment|p2a: Mew
|-damage|p2a: Mew|39/100
|-enditem|p2a: Mew|Sitrus Berry|[eat]
|-heal|p2a: Mew|63/100|[from] item: Sitrus Berry
|move|p2a: Mew|Agility|p2a: Mew
|-boost|p2a: Mew|spe|2
|
|upkeep
|turn|4
|
|t:|1668622076
|move|p2a: Mew|Psychic Fangs|p1a: Karin
|-damage|p1a: Karin|41/100
|move|p1a: Karin|Judgment|p2a: Mew
|-damage|p2a: Mew|28/100
|
|upkeep
|turn|5
|
|t:|1668622082
|move|p2a: Mew|Psychic Fangs|p1a: Karin
|-damage|p1a: Karin|0 fnt
|faint|p1a: Karin
|
|upkeep
|
|t:|1668622084
|switch|p1a: Naruto|Ditto, shiny|100/100
|-transform|p1a: Naruto|p2a: Mew|[from] ability: Imposter
|turn|6
|
|t:|1668622105
|move|p1a: Naruto|Psychic Fangs|p2a: Mew
|-resisted|p2a: Mew
|-damage|p2a: Mew|0 fnt
|faint|p2a: Mew
|
|upkeep
|
|t:|1668622111
|switch|p2a: Marshadow|Marshadow|100/100
|-damage|p2a: Marshadow|94/100|[from] Stealth Rock
|turn|7
|
|t:|1668622131
|move|p1a: Naruto|Psychic Fangs|p2a: Marshadow
|-supereffective|p2a: Marshadow
|-damage|p2a: Marshadow|0 fnt
|faint|p2a: Marshadow
|
|upkeep
|
|t:|1668622140
|switch|p2a: Rillaboom|Rillaboom, M|100/100
|-damage|p2a: Rillaboom|88/100|[from] Stealth Rock
|-fieldstart|move: Grassy Terrain|[from] ability: Grassy Surge|[of] p2a: Rillaboom
|turn|8
|
|t:|1668622147
|move|p2a: Rillaboom|Fake Out|p1a: Naruto
|-damage|p1a: Naruto|88/100
|cant|p1a: Naruto|flinch
|
|-heal|p1a: Naruto|94/100|[from] Grassy Terrain
|-heal|p2a: Rillaboom|94/100|[from] Grassy Terrain
|-heal|p2a: Rillaboom|99/100|[from] item: Leftovers
|upkeep
|turn|9
|
|t:|1668622166
|-start|p1a: Naruto|Dynamax|
|-heal|p1a: Naruto|94/100|[silent]
|move|p2a: Rillaboom|Grassy Glide|p1a: Naruto
|-damage|p1a: Naruto|73/100
|move|p1a: Naruto|Max Mindstorm|p2a: Rillaboom
|-damage|p2a: Rillaboom|0 fnt
|-fieldstart|move: Psychic Terrain
|faint|p2a: Rillaboom
|
|upkeep
|
|t:|1668622179
|switch|p2a: Zacian|Zacian-Crowned|100/100
|-damage|p2a: Zacian|94/100|[from] Stealth Rock
|-ability|p2a: Zacian|Intrepid Sword|boost
|-boost|p2a: Zacian|atk|1
|turn|10
|
|t:|1668622195
|move|p1a: Naruto|Max Mindstorm|p2a: Zacian
|-resisted|p2a: Zacian
|-damage|p2a: Zacian|12/100
|move|p2a: Zacian|Behemoth Blade|p1a: Naruto
|-damage|p1a: Naruto|0 fnt
|faint|p1a: Naruto
|
|upkeep
|
|t:|1668622207
|switch|p1a: Pain|Necrozma-Dusk-Mane|100/100
|turn|11
|
|t:|1668622224
|move|p2a: Zacian|Fire Fang|p1a: Pain|[miss]
|-miss|p2a: Zacian|p1a: Pain
|move|p1a: Pain|Sunsteel Strike|p2a: Zacian
|-damage|p2a: Zacian|0 fnt
|faint|p2a: Zacian
|
|upkeep
|
|t:|1668622232
|switch|p2a: Garchomp|Garchomp, M|100/100
|turn|12
|
|t:|1668622236
|-start|p2a: Garchomp|Dynamax|
|-heal|p2a: Garchomp|100/100|[silent]
|move|p1a: Pain|Dragon Dance|p1a: Pain
|-boost|p1a: Pain|atk|1
|-boost|p1a: Pain|spe|1
|move|p2a: Garchomp|Max Quake|p1a: Pain
|-supereffective|p1a: Pain
|-damage|p1a: Pain|26/100
|-boost|p2a: Garchomp|spd|1
|-enditem|p1a: Pain|Weakness Policy
|-boost|p1a: Pain|atk|2|[from] item: Weakness Policy
|-boost|p1a: Pain|spa|2|[from] item: Weakness Policy
|
|upkeep
|turn|13
|
|t:|1668622253
|move|p1a: Pain|Sunsteel Strike|p2a: Garchomp
|-damage|p2a: Garchomp|28/100
|-damage|p1a: Pain|14/100|[from] ability: Rough Skin|[of] p2a: Garchomp
|move|p2a: Garchomp|Max Quake|p1a: Pain
|-supereffective|p1a: Pain
|-damage|p1a: Pain|0 fnt
|-boost|p2a: Garchomp|spd|1
|faint|p1a: Pain
|
|-fieldend|move: Psychic Terrain
|upkeep
|
|t:|1668622259
|switch|p1a: Madara Uchiha 👑|Arceus|100/100
|turn|14
|
|t:|1668622280
|move|p1a: Madara Uchiha 👑|Swords Dance|p1a: Madara Uchiha 👑
|-boost|p1a: Madara Uchiha 👑|atk|2
|move|p2a: Garchomp|Max Wyrmwind|p1a: Madara Uchiha 👑
|-damage|p1a: Madara Uchiha 👑|61/100
|-unboost|p1a: Madara Uchiha 👑|atk|1
|
|upkeep
|-end|p2a: Garchomp|Dynamax
|-heal|p2a: Garchomp|28/100|[silent]
|turn|15
|
|t:|1668622292
|move|p1a: Madara Uchiha 👑|Swords Dance|p1a: Madara Uchiha 👑
|-boost|p1a: Madara Uchiha 👑|atk|2
|move|p2a: Garchomp|Earthquake|p1a: Madara Uchiha 👑
|-damage|p1a: Madara Uchiha 👑|31/100
|
|upkeep
|turn|16
|
|t:|1668622298
|move|p1a: Madara Uchiha 👑|Recover|p1a: Madara Uchiha 👑
|-heal|p1a: Madara Uchiha 👑|81/100
|move|p2a: Garchomp|Earthquake|p1a: Madara Uchiha 👑
|-damage|p1a: Madara Uchiha 👑|48/100
|
|upkeep
|turn|17
|
|t:|1668622303
|move|p1a: Madara Uchiha 👑|Recover|p1a: Madara Uchiha 👑
|-heal|p1a: Madara Uchiha 👑|98/100
|move|p2a: Garchomp|Earthquake|p1a: Madara Uchiha 👑
|-damage|p1a: Madara Uchiha 👑|66/100
|
|upkeep
|turn|18
|
|t:|1668622309
|move|p1a: Madara Uchiha 👑|Extreme Speed|p2a: Garchomp
|-damage|p2a: Garchomp|0 fnt
|-damage|p1a: Madara Uchiha 👑|53/100|[from] ability: Rough Skin|[of] p2a: Garchomp
|faint|p2a: Garchomp
|
|upkeep
|
|t:|1668622314
|switch|p2a: Dragonite|Dragonite, F|100/100
|-damage|p2a: Dragonite|76/100|[from] Stealth Rock
|turn|19
|
|t:|1668622320
|move|p1a: Madara Uchiha 👑|Extreme Speed|p2a: Dragonite
|-damage|p2a: Dragonite|0 fnt
|faint|p2a: Dragonite
|
|win|Reincarnation of …
|n|☆Reincarnation of …|reincarnationof
|n|☆icyboy 161|icyboy161
|n| NATALlE|natalle
|n| iceman 3314|iceman3314
|l|☆icyboy 161
|l|☆Reincarnation of …
