|j|☆Supplement
|j|☆MrPotSaS
|t:|1666243978
|gametype|singles
|player|p1|Supplement|red|1500
|player|p2|MrPotSaS|gentleman-gen4dp|1386
|teamsize|p1|6
|teamsize|p2|6
|gen|8
|tier|[Gen 8] National Dex AG
|rated|
|rule|HP Percentage Mod: HP is shown in percentages
|rule|Endless Battle Clause: Forcing endless battles is banned
|clearpoke
|poke|p1|Deoxys-Speed|
|poke|p1|Marshadow|
|poke|p1|Yveltal|
|poke|p1|Necrozma-Dusk-Mane|
|poke|p1|Calyrex-Shadow|
|poke|p1|Rayquaza|
|poke|p2|Calyrex-Ice|
|poke|p2|Cofagrigus, F|
|poke|p2|Tyranitar, F|
|poke|p2|Blacephalon|
|poke|p2|Necrozma-Dusk-Mane|
|poke|p2|Diancie|
|teampreview
|inactive|Battle timer is ON: inactive players will automatically lose when time's up. (requested by MrPotSaS)
|inactive|Supplement also wants the timer to be on.
|
|t:|1666244006
|start
|switch|p1a: Necrozma|Necrozma-Dusk-Mane, shiny|100/100
|switch|p2a: Cofagrigus|Cofagrigus, F|100/100
|turn|1
|
|t:|1666244015
|move|p1a: Necrozma|Toxic|p2a: Cofagrigus
|-status|p2a: Cofagrigus|tox
|move|p2a: Cofagrigus|Trick Room|p2a: Cofagrigus
|-fieldstart|move: Trick Room|[of] p2a: Cofagrigus
|
|-damage|p2a: Cofagrigus|94/100 tox|[from] psn
|upkeep
|turn|2
|
|t:|1666244031
|move|p2a: Cofagrigus|Memento|p1a: Necrozma
|-unboost|p1a: Necrozma|atk|2
|-unboost|p1a: Necrozma|spa|2
|faint|p2a: Cofagrigus
|move|p1a: Necrozma|Sunsteel Strike|p2: Cofagrigus|[notarget]
|-fail|p1a: Necrozma
|
|upkeep
|
|t:|1666244043
|switch|p2a: Calyrex|Calyrex-Ice|100/100
|-ability|p2a: Calyrex|As One
|-ability|p2a: Calyrex|Unnerve
|turn|3
|
|t:|1666244052
|move|p2a: Calyrex|Glacial Lance|p1a: Necrozma
|-resisted|p1a: Necrozma
|-damage|p1a: Necrozma|74/100
|-damage|p2a: Calyrex|91/100|[from] item: Life Orb
|move|p1a: Necrozma|Toxic|p2a: Calyrex
|-status|p2a: Calyrex|tox
|
|-damage|p2a: Calyrex|85/100 tox|[from] psn
|upkeep
|turn|4
|l|☆MrPotSaS
|inactive|MrPotSaS disconnected and has a minute to reconnect!
|player|p2|
|j|☆MrPotSaS
|inactive|MrPotSaS reconnected and has 125 seconds left.
|player|p2|MrPotSaS|gentleman-gen4dp
|inactive|MrPotSaS has 120 seconds left.
|
|t:|1666244094
|move|p2a: Calyrex|High Horsepower|p1a: Necrozma
|-supereffective|p1a: Necrozma
|-damage|p1a: Necrozma|38/100
|-damage|p2a: Calyrex|68/100 tox|[from] item: Rocky Helmet|[of] p1a: Necrozma
|-damage|p2a: Calyrex|58/100 tox|[from] item: Life Orb
|move|p1a: Necrozma|Morning Sun|p1a: Necrozma
|-heal|p1a: Necrozma|88/100
|
|-damage|p2a: Calyrex|46/100 tox|[from] psn
|upkeep
|turn|5
|
|t:|1666244115
|switch|p2a: Diancie|Diancie|100/100
|move|p1a: Necrozma|Morning Sun|p1a: Necrozma
|-heal|p1a: Necrozma|100/100
|
|-fieldend|move: Trick Room
|upkeep
|turn|6
|inactive|MrPotSaS has 120 seconds left.
|
|t:|1666244130
|switch|p1a: Marshadow|Marshadow|100/100
|move|p2a: Diancie|Heal Bell|p2a: Diancie
|-activate|p2a: Diancie|move: Heal Bell
|-curestatus|p2: Calyrex|tox|[msg]
|
|upkeep
|turn|7
|inactive|MrPotSaS has 120 seconds left.
|inactive|Supplement has 120 seconds left.
|
|t:|1666244148
|switch|p1a: Necrozma|Necrozma-Dusk-Mane, shiny|100/100
|move|p2a: Diancie|Charm|p1a: Necrozma
|-unboost|p1a: Necrozma|atk|2
|
|upkeep
|turn|8
|
|t:|1666244153
|move|p1a: Necrozma|Sunsteel Strike|p2a: Diancie
|-supereffective|p2a: Diancie
|-damage|p2a: Diancie|6/100
|move|p2a: Diancie|Charm|p1a: Necrozma
|-unboost|p1a: Necrozma|atk|2
|
|upkeep
|turn|9
|
|t:|1666244164
|detailschange|p2a: Diancie|Diancie-Mega
|-mega|p2a: Diancie|Diancie|Diancite
|move|p2a: Diancie|Diamond Storm|p1a: Necrozma
|-resisted|p1a: Necrozma
|-damage|p1a: Necrozma|82/100
|-boost|p2a: Diancie|def|2
|move|p1a: Necrozma|Sunsteel Strike|p2a: Diancie
|-supereffective|p2a: Diancie
|-damage|p2a: Diancie|0 fnt
|faint|p2a: Diancie
|
|upkeep
|inactive|MrPotSaS has 120 seconds left.
|
|t:|1666244183
|switch|p2a: Blacephalon|Blacephalon|100/100
|turn|10
|
|t:|1666244199
|switch|p1a: Rayquaza|Rayquaza|100/100
|-ability|p1a: Rayquaza|Air Lock
|move|p2a: Blacephalon|Flamethrower|p1a: Rayquaza
|-resisted|p1a: Rayquaza
|-damage|p1a: Rayquaza|73/100
|
|upkeep
|turn|11
|inactive|Supplement has 120 seconds left.
|
|t:|1666244220
|switch|p2a: Tyranitar|Tyranitar, F|100/100
|-weather|Sandstorm|[from] ability: Sand Stream|[of] p2a: Tyranitar
|detailschange|p1a: Rayquaza|Rayquaza-Mega
|-mega|p1a: Rayquaza|Rayquaza|
|-weather|DeltaStream|[from] ability: Delta Stream|[of] p1a: Rayquaza
|move|p1a: Rayquaza|Dragon Ascent|p2a: Tyranitar
|-resisted|p2a: Tyranitar
|-damage|p2a: Tyranitar|65/100
|-unboost|p1a: Rayquaza|def|1
|-unboost|p1a: Rayquaza|spd|1
|
|-weather|DeltaStream|[upkeep]
|upkeep
|turn|12
|inactive|Supplement has 120 seconds left.
|
|t:|1666244233
|-weather|none
|switch|p1a: Marshadow|Marshadow|100/100
|move|p2a: Tyranitar|Rock Blast|p1a: Marshadow
|-resisted|p1a: Marshadow
|-damage|p1a: Marshadow|92/100
|-resisted|p1a: Marshadow
|-damage|p1a: Marshadow|84/100
|-resisted|p1a: Marshadow
|-damage|p1a: Marshadow|75/100
|-hitcount|p1a: Marshadow|3
|
|upkeep
|turn|13
|
|t:|1666244247
|switch|p2a: Necrozma|Necrozma-Dusk-Mane|100/100
|move|p1a: Marshadow|Close Combat|p2a: Necrozma
|-damage|p2a: Necrozma|54/100
|-unboost|p1a: Marshadow|def|1
|-unboost|p1a: Marshadow|spd|1
|
|upkeep
|turn|14
|
|t:|1666244255
|move|p1a: Marshadow|Spectral Thief|p2a: Necrozma
|-supereffective|p2a: Necrozma
|-damage|p2a: Necrozma|5/100
|move|p2a: Necrozma|Trick Room|p2a: Necrozma
|-fieldstart|move: Trick Room|[of] p2a: Necrozma
|
|upkeep
|turn|15
|
|t:|1666244264
|move|p1a: Marshadow|Shadow Sneak|p2a: Necrozma
|-supereffective|p2a: Necrozma
|-damage|p2a: Necrozma|0 fnt
|faint|p2a: Necrozma
|
|upkeep
|
|t:|1666244267
|switch|p2a: Calyrex|Calyrex-Ice|46/100
|-ability|p2a: Calyrex|As One
|-ability|p2a: Calyrex|Unnerve
|turn|16
|
|t:|1666244287
|-start|p2a: Calyrex|Dynamax|
|-heal|p2a: Calyrex|46/100|[silent]
|move|p1a: Marshadow|Shadow Sneak|p2a: Calyrex
|-supereffective|p2a: Calyrex
|-damage|p2a: Calyrex|28/100
|move|p2a: Calyrex|Max Mindstorm|p1a: Marshadow
|-supereffective|p1a: Marshadow
|-damage|p1a: Marshadow|0 fnt
|-fieldstart|move: Psychic Terrain
|faint|p1a: Marshadow
|-ability|p2a: Calyrex|Chilling Neigh|boost
|-boost|p2a: Calyrex|atk|1
|-damage|p2a: Calyrex|23/100|[from] item: Life Orb
|
|upkeep
|
|t:|1666244297
|switch|p1a: Necrozma|Necrozma-Dusk-Mane, shiny|82/100
|turn|17
|
|t:|1666244310
|move|p2a: Calyrex|Max Quake|p1a: Necrozma
|-supereffective|p1a: Necrozma
|-damage|p1a: Necrozma|0 fnt
|-boost|p2a: Calyrex|spd|1
|faint|p1a: Necrozma
|-ability|p2a: Calyrex|Chilling Neigh|boost
|-boost|p2a: Calyrex|atk|1
|-damage|p2a: Calyrex|18/100|[from] item: Life Orb
|
|upkeep
|inactive|Supplement has 120 seconds left.
|
|t:|1666244323
|switch|p1a: Deoxys|Deoxys-Speed, shiny|100/100
|-ability|p1a: Deoxys|Pressure
|turn|18
|
|t:|1666244330
|move|p2a: Calyrex|Max Hailstorm|p1a: Deoxys
|-enditem|p1a: Deoxys|Focus Sash
|-damage|p1a: Deoxys|1/100
|-weather|Hail
|-damage|p2a: Calyrex|14/100|[from] item: Life Orb
|move|p1a: Deoxys|Stealth Rock|p2a: Calyrex
|-sidestart|p2: MrPotSaS|move: Stealth Rock
|
|-weather|Hail|[upkeep]
|-damage|p1a: Deoxys|0 fnt|[from] Hail
|faint|p1a: Deoxys
|-fieldend|move: Trick Room
|upkeep
|inactive|Supplement has 120 seconds left.
|
|t:|1666244349
|switch|p1a: Yveltal|Yveltal, shiny|100/100
|-ability|p1a: Yveltal|Dark Aura
|-end|p2a: Calyrex|Dynamax
|-heal|p2a: Calyrex|14/100|[silent]
|turn|19
|inactive|Supplement has 120 seconds left.
|
|t:|1666244371
|-start|p1a: Yveltal|Dynamax|
|-heal|p1a: Yveltal|100/100|[silent]
|move|p1a: Yveltal|Max Airstream|p2a: Calyrex
|-damage|p2a: Calyrex|0 fnt
|-boost|p1a: Yveltal|spe|1
|faint|p2a: Calyrex
|
|-weather|Hail|[upkeep]
|-damage|p1a: Yveltal|97/100|[from] Hail
|upkeep
|
|t:|1666244383
|switch|p2a: Tyranitar|Tyranitar, F|65/100
|-damage|p2a: Tyranitar|53/100|[from] Stealth Rock
|-weather|Sandstorm|[from] ability: Sand Stream|[of] p2a: Tyranitar
|turn|20
|inactive|Supplement has 120 seconds left.
|
|t:|1666244401
|move|p1a: Yveltal|Max Airstream|p2a: Tyranitar
|-resisted|p2a: Tyranitar
|-damage|p2a: Tyranitar|40/100
|-boost|p1a: Yveltal|spe|1
|move|p2a: Tyranitar|Rock Blast|p1a: Yveltal
|-supereffective|p1a: Yveltal
|-damage|p1a: Yveltal|83/100
|-enditem|p1a: Yveltal|Weakness Policy
|-boost|p1a: Yveltal|atk|2|[from] item: Weakness Policy
|-boost|p1a: Yveltal|spa|2|[from] item: Weakness Policy
|-supereffective|p1a: Yveltal
|-damage|p1a: Yveltal|70/100
|-supereffective|p1a: Yveltal
|-damage|p1a: Yveltal|56/100
|-supereffective|p1a: Yveltal
|-damage|p1a: Yveltal|42/100
|-supereffective|p1a: Yveltal
|-crit|p1a: Yveltal
|-damage|p1a: Yveltal|23/100
|-hitcount|p1a: Yveltal|5
|
|-weather|Sandstorm|[upkeep]
|-damage|p1a: Yveltal|20/100|[from] Sandstorm
|-fieldend|move: Psychic Terrain
|upkeep
|turn|21
|inactive|Supplement has 120 seconds left.
|inactive|MrPotSaS has 120 seconds left.
|
|t:|1666244425
|move|p1a: Yveltal|Max Darkness|p2a: Tyranitar
|-resisted|p2a: Tyranitar
|-crit|p2a: Tyranitar
|-damage|p2a: Tyranitar|0 fnt
|faint|p2a: Tyranitar
|
|-weather|Sandstorm|[upkeep]
|-damage|p1a: Yveltal|17/100|[from] Sandstorm
|upkeep
|inactive|MrPotSaS has 120 seconds left.
|
|t:|1666244432
|switch|p2a: Blacephalon|Blacephalon|100/100
|-damage|p2a: Blacephalon|76/100|[from] Stealth Rock
|-end|p1a: Yveltal|Dynamax
|-heal|p1a: Yveltal|17/100|[silent]
|turn|22
|inactive|Supplement has 120 seconds left.
|inactive|MrPotSaS has 120 seconds left.
|
|t:|1666244442
|move|p1a: Yveltal|Dark Pulse|p2a: Blacephalon
|-supereffective|p2a: Blacephalon
|-damage|p2a: Blacephalon|0 fnt
|faint|p2a: Blacephalon
|
|win|Supplement
|raw|Supplement's rating: 1500 &rarr; <strong>1514</strong><br />(+14 for winning)
|raw|MrPotSaS's rating: 1386 &rarr; <strong>1372</strong><br />(-14 for losing)
|l|☆MrPotSaS
