|j|☆Team10test
|j|☆moyv123
|t:|1665305959
|gametype|singles
|player|p1|Team10test|gentleman-gen4|1553
|player|p2|moyv123|1|1765
|teamsize|p1|6
|teamsize|p2|6
|gen|8
|tier|[Gen 8] National Dex AG
|rated|
|rule|HP Percentage Mod: HP is shown in percentages
|rule|Endless Battle Clause: Forcing endless battles is banned
|clearpoke
|poke|p1|Kyogre|
|poke|p1|Kyogre|
|poke|p1|Swampert, M|
|poke|p1|Kartana|
|poke|p1|Dracovish|
|poke|p1|Araquanid, F|
|poke|p2|Arceus-*|
|poke|p2|Yveltal|
|poke|p2|Rayquaza|
|poke|p2|Lugia|
|poke|p2|Zacian-*|
|poke|p2|Necrozma-Dusk-Mane|
|teampreview
|
|t:|1665305982
|start
|switch|p1a: Araquanid|Araquanid, F|100/100
|switch|p2a: Arceus|Arceus|100/100
|turn|1
|
|t:|1665305989
|move|p1a: Araquanid|Magic Coat|p1a: Araquanid
|-singleturn|p1a: Araquanid|move: Magic Coat
|move|p2a: Arceus|Extreme Speed|p1a: Araquanid
|-damage|p1a: Araquanid|65/100
|-enditem|p1a: Araquanid|Red Card|[of] p2a: Arceus
|drag|p2a: Lugia|Lugia|100/100
|
|upkeep
|turn|2
|
|t:|1665306000
|switch|p2a: Arceus|Arceus|100/100
|move|p1a: Araquanid|Toxic|p2a: Arceus
|-status|p2a: Arceus|tox
|-enditem|p2a: Arceus|Lum Berry|[eat]
|-curestatus|p2a: Arceus|tox|[msg]
|
|upkeep
|turn|3
|
|t:|1665306011
|move|p2a: Arceus|Swords Dance|p2a: Arceus
|-boost|p2a: Arceus|atk|2
|move|p1a: Araquanid|Sticky Web|p2a: Arceus
|-sidestart|p2: moyv123|move: Sticky Web
|
|upkeep
|turn|4
|
|t:|1665306020
|move|p2a: Arceus|Defog|p1a: Araquanid
|-unboost|p1a: Araquanid|evasion|1
|-sideend|p2: moyv123|Sticky Web|[from] move: Defog|[of] p2a: Arceus
|move|p1a: Araquanid|Toxic|p2a: Arceus|[miss]
|-miss|p1a: Araquanid|p2a: Arceus
|
|upkeep
|turn|5
|
|t:|1665306028
|move|p2a: Arceus|Extreme Speed|p1a: Araquanid
|-damage|p1a: Araquanid|0 fnt
|faint|p1a: Araquanid
|
|upkeep
|
|t:|1665306040
|switch|p1a: Kartana|Kartana, shiny|100/100
|turn|6
|
|t:|1665306054
|move|p1a: Kartana|Sacred Sword|p2a: Arceus
|-supereffective|p2a: Arceus
|-damage|p2a: Arceus|47/100
|move|p2a: Arceus|Shadow Claw|p1a: Kartana
|-damage|p1a: Kartana|46/100
|
|upkeep
|turn|7
|
|t:|1665306066
|move|p2a: Arceus|Extreme Speed|p1a: Kartana
|-resisted|p1a: Kartana
|-damage|p1a: Kartana|0 fnt
|faint|p1a: Kartana
|
|upkeep
|
|t:|1665306078
|switch|p1a: Kyogre|Kyogre|100/100
|detailschange|p1a: Kyogre|Kyogre-Primal
|-primal|p1a: Kyogre
|-weather|PrimordialSea|[from] ability: Primordial Sea|[of] p1a: Kyogre
|turn|8
|
|t:|1665306084
|move|p2a: Arceus|Extreme Speed|p1a: Kyogre
|-damage|p1a: Kyogre|0 fnt
|faint|p1a: Kyogre
|-weather|none
|
|upkeep
|-message|Team10test forfeited.
|
|win|moyv123
|raw|Team10test's rating: 1553 &rarr; <strong>1544</strong><br />(-9 for losing)
|raw|moyv123's rating: 1765 &rarr; <strong>1774</strong><br />(+9 for winning)
|l|☆Team10test
