|j|☆Magatsu(S.Bisharp)
|j|☆MurderousMantyke
|t:|1665349752
|gametype|singles
|player|p1|Magatsu(S.Bisharp)|2|
|player|p2|MurderousMantyke|#helpstaff|
|teamsize|p1|6
|teamsize|p2|6
|gen|8
|tier|[Gen 8] National Dex AG
|rated|Tournament battle
|rule|HP Percentage Mod: HP is shown in percentages
|rule|Endless Battle Clause: Forcing endless battles is banned
|rule|Dynamax Clause: You cannot dynamax
|rule|Mega Rayquaza Clause: You cannot mega evolve Rayquaza
|rule|OHKO Clause: OHKO moves are banned
|rule|Same Type Clause: Pokémon in a team must share a type
|rule|Sleep Clause Mod: Limit one foe put to sleep
|rule|Species Clause: Limit one of each Pokémon
|clearpoke
|poke|p1|Urshifu-*, M|
|poke|p1|Bisharp, F|
|poke|p1|Yveltal|
|poke|p1|Grimmsnarl, M|
|poke|p1|Absol, F|
|poke|p1|Greninja, M|
|poke|p2|Arceus-*|
|poke|p2|Ho-Oh|
|poke|p2|Landorus, M|
|poke|p2|Salamence, F|
|poke|p2|Yveltal|
|poke|p2|Lugia|
|teampreview
|j|+Bka Onon
|c|☆MurderousMantyke|hf
|
|t:|1665349765
|start
|switch|p1a: Absol|Absol, F|100/100
|switch|p2a: Yveltal|Yveltal|100/100
|-ability|p2a: Yveltal|Dark Aura
|turn|1
|
|t:|1665349770
|detailschange|p1a: Absol|Absol-Mega, F
|-mega|p1a: Absol|Absol|Absolite
|move|p1a: Absol|Knock Off|p2a: Yveltal
|-resisted|p2a: Yveltal
|-damage|p2a: Yveltal|69/100
|-enditem|p2a: Yveltal|Life Orb|[from] move: Knock Off|[of] p1a: Absol
|move|p2a: Yveltal|Oblivion Wing|p1a: Absol
|-damage|p1a: Absol|12/100
|-heal|p2a: Yveltal|100/100|[from] drain|[of] p1a: Absol
|
|upkeep
|turn|2
|
|t:|1665349781
|switch|p1a: Grimmsnarl|Grimmsnarl, M|100/100
|move|p2a: Yveltal|Oblivion Wing|p1a: Grimmsnarl
|-damage|p1a: Grimmsnarl|51/100
|
|upkeep
|turn|3
|j| Franko159
|
|t:|1665349788
|move|p1a: Grimmsnarl|Light Screen|p1a: Grimmsnarl
|-sidestart|p1: Magatsu(S.Bisharp)|move: Light Screen
|move|p2a: Yveltal|Oblivion Wing|p1a: Grimmsnarl
|-damage|p1a: Grimmsnarl|26/100
|
|upkeep
|turn|4
|
|t:|1665349793
|move|p2a: Yveltal|Oblivion Wing|p1a: Grimmsnarl
|-damage|p1a: Grimmsnarl|1/100
|move|p1a: Grimmsnarl|Spirit Break|p2a: Yveltal
|-supereffective|p2a: Yveltal
|-damage|p2a: Yveltal|30/100
|-unboost|p2a: Yveltal|spa|1
|
|upkeep
|turn|5
|
|t:|1665349800
|move|p1a: Grimmsnarl|Reflect|p1a: Grimmsnarl
|-sidestart|p1: Magatsu(S.Bisharp)|Reflect
|move|p2a: Yveltal|Oblivion Wing|p1a: Grimmsnarl
|-damage|p1a: Grimmsnarl|0 fnt
|-heal|p2a: Yveltal|31/100|[from] drain|[of] p1a: Grimmsnarl
|faint|p1a: Grimmsnarl
|
|upkeep
|
|t:|1665349802
|switch|p1a: Greninja|Greninja, M|100/100
|turn|6
|
|t:|1665349809
|move|p1a: Greninja|Spikes|p2a: Yveltal
|-sidestart|p2: MurderousMantyke|Spikes
|move|p2a: Yveltal|Oblivion Wing|p1a: Greninja
|-damage|p1a: Greninja|75/100
|-heal|p2a: Yveltal|45/100|[from] drain|[of] p1a: Greninja
|
|upkeep
|turn|7
|c|☆Magatsu(S.Bisharp)|Oh I'm dum.
|
|t:|1665349822
|move|p1a: Greninja|Ice Beam|p2a: Yveltal
|-supereffective|p2a: Yveltal
|-damage|p2a: Yveltal|0 fnt
|faint|p2a: Yveltal
|-activate|p1a: Greninja|ability: Battle Bond
|detailschange|p1a: Greninja|Greninja-Ash, M
|-damage|p1a: Greninja|65/100|[from] item: Life Orb
|
|upkeep
|
|t:|1665349833
|switch|p2a: Ho-Oh|Ho-Oh|100/100
|turn|8
|c|☆Magatsu(S.Bisharp)|Forgor for a secc
|
|t:|1665349839
|move|p1a: Greninja|Water Shuriken|p2a: Ho-Oh
|-supereffective|p2a: Ho-Oh
|-damage|p2a: Ho-Oh|86/100
|-supereffective|p2a: Ho-Oh
|-damage|p2a: Ho-Oh|72/100
|-supereffective|p2a: Ho-Oh
|-damage|p2a: Ho-Oh|57/100
|-hitcount|p2a: Ho-Oh|3
|-damage|p1a: Greninja|55/100|[from] item: Life Orb
|move|p2a: Ho-Oh|Thunder Wave|p1a: Greninja
|-status|p1a: Greninja|par
|
|upkeep
|turn|9
|j| trialsふ11
|
|t:|1665349852
|move|p2a: Ho-Oh|Defog|p1a: Greninja
|-unboost|p1a: Greninja|evasion|1
|-sideend|p1: Magatsu(S.Bisharp)|Reflect
|-sideend|p1: Magatsu(S.Bisharp)|move: Light Screen
|-sideend|p2: MurderousMantyke|Spikes|[from] move: Defog|[of] p2a: Ho-Oh
|cant|p1a: Greninja|par
|
|upkeep
|turn|10
|
|t:|1665349857
|move|p1a: Greninja|Water Shuriken|p2a: Ho-Oh
|-supereffective|p2a: Ho-Oh
|-damage|p2a: Ho-Oh|43/100
|-supereffective|p2a: Ho-Oh
|-damage|p2a: Ho-Oh|29/100
|-supereffective|p2a: Ho-Oh
|-damage|p2a: Ho-Oh|16/100
|-hitcount|p2a: Ho-Oh|3
|-damage|p1a: Greninja|45/100 par|[from] item: Life Orb
|move|p2a: Ho-Oh|Brave Bird|p1a: Greninja
|-damage|p1a: Greninja|0 fnt
|faint|p1a: Greninja
|-damage|p2a: Ho-Oh|6/100|[from] Recoil
|
|upkeep
|
|t:|1665349884
|switch|p1a: Urshifu|Urshifu, M|100/100
|turn|11
|
|t:|1665349894
|switch|p2a: Arceus|Arceus-Flying|100/100
|move|p1a: Urshifu|Wicked Blow|p2a: Arceus
|-crit|p2a: Arceus
|-damage|p2a: Arceus|38/100
|
|upkeep
|turn|12
|
|t:|1665349900
|switch|p1a: Yveltal|Yveltal|100/100
|-ability|p1a: Yveltal|Dark Aura
|move|p2a: Arceus|Judgment|p1a: Yveltal
|-damage|p1a: Yveltal|74/100
|
|upkeep
|turn|13
|
|t:|1665349924
|move|p2a: Arceus|Calm Mind|p2a: Arceus
|-boost|p2a: Arceus|spa|1
|-boost|p2a: Arceus|spd|1
|move|p1a: Yveltal|Oblivion Wing|p2a: Arceus
|-damage|p2a: Arceus|24/100
|-heal|p1a: Yveltal|84/100|[from] drain|[of] p2a: Arceus
|
|upkeep
|turn|14
|
|t:|1665349928
|move|p2a: Arceus|Recover|p2a: Arceus
|-heal|p2a: Arceus|74/100
|move|p1a: Yveltal|Foul Play|p2a: Arceus
|-damage|p2a: Arceus|45/100
|
|upkeep
|turn|15
|j| Melo_From3
|
|t:|1665349935
|switch|p1a: Bisharp|Bisharp, F, shiny|100/100
|move|p2a: Arceus|Calm Mind|p2a: Arceus
|-boost|p2a: Arceus|spa|1
|-boost|p2a: Arceus|spd|1
|
|upkeep
|turn|16
|
|t:|1665349941
|move|p2a: Arceus|Substitute|p2a: Arceus
|-start|p2a: Arceus|Substitute
|-damage|p2a: Arceus|20/100
|move|p1a: Bisharp|Metal Burst||[still]
|-fail|p1a: Bisharp
|
|upkeep
|turn|17
|
|t:|1665349953
|move|p2a: Arceus|Judgment|p1a: Bisharp
|-resisted|p1a: Bisharp
|-damage|p1a: Bisharp|35/100
|move|p1a: Bisharp|Knock Off|p2a: Arceus
|-activate|p2a: Arceus|move: Substitute|[damage]
|
|upkeep
|turn|18
|
|t:|1665349959
|move|p1a: Bisharp|Sucker Punch||[still]
|-fail|p1a: Bisharp
|move|p2a: Arceus|Recover|p2a: Arceus
|-heal|p2a: Arceus|70/100
|
|upkeep
|turn|19
|
|t:|1665349962
|move|p1a: Bisharp|Sucker Punch||[still]
|-fail|p1a: Bisharp
|move|p2a: Arceus|Recover|p2a: Arceus
|-heal|p2a: Arceus|100/100
|
|upkeep
|turn|20
|c| Franko159|f
|
|t:|1665349965
|move|p1a: Bisharp|Sucker Punch||[still]
|-fail|p1a: Bisharp
|move|p2a: Arceus|Calm Mind|p2a: Arceus
|-boost|p2a: Arceus|spa|1
|-boost|p2a: Arceus|spd|1
|
|upkeep
|turn|21
|
|t:|1665349968
|move|p2a: Arceus|Judgment|p1a: Bisharp
|-resisted|p1a: Bisharp
|-damage|p1a: Bisharp|0 fnt
|faint|p1a: Bisharp
|
|upkeep
|c| Melo_From3|oop
|
|t:|1665349987
|switch|p1a: Yveltal|Yveltal|84/100
|-ability|p1a: Yveltal|Dark Aura
|turn|22
|
|t:|1665349989
|move|p2a: Arceus|Judgment|p1a: Yveltal
|-damage|p1a: Yveltal|18/100
|move|p1a: Yveltal|Foul Play|p2a: Arceus
|-end|p2a: Arceus|Substitute
|
|upkeep
|turn|23
|
|t:|1665349993
|move|p2a: Arceus|Substitute|p2a: Arceus
|-start|p2a: Arceus|Substitute
|-damage|p2a: Arceus|76/100
|move|p1a: Yveltal|Foul Play|p2a: Arceus
|-activate|p2a: Arceus|move: Substitute|[damage]
|
|upkeep
|turn|24
|c|+Bka Onon|oop indeed
|c|☆Magatsu(S.Bisharp)|>roll to break sub
|c|☆Magatsu(S.Bisharp)|Well damn.
|inactive|Battle timer is ON: inactive players will automatically lose when time's up. (requested by MurderousMantyke)
|c|☆Magatsu(S.Bisharp)|Must be absolute min roll there.
|
|t:|1665350027
|move|p2a: Arceus|Judgment|p1a: Yveltal
|-damage|p1a: Yveltal|0 fnt
|faint|p1a: Yveltal
|
|upkeep
|
|t:|1665350034
|switch|p1a: Absol|Absol-Mega, F|12/100
|turn|25
|j|%Maj1nV
|
|t:|1665350053
|move|p2a: Arceus|Judgment|p1a: Absol
|-damage|p1a: Absol|0 fnt
|faint|p1a: Absol
|
|upkeep
|
|t:|1665350055
|switch|p1a: Urshifu|Urshifu, M|100/100
|turn|26
|c|☆MurderousMantyke|gg
|
|t:|1665350058
|move|p2a: Arceus|Judgment|p1a: Urshifu
|-supereffective|p1a: Urshifu
|-damage|p1a: Urshifu|0 fnt
|faint|p1a: Urshifu
|
|win|MurderousMantyke
|n|☆Magatsu(S.Bisharp)|magatsusbisharp
|n|☆MurderousMantyke|murderousmantyke
|n| Bka Onon|bkaonon
|n| Franko159|franko159
|n| trialsふ11|trials11
|n| Melo_From3|melofrom3
|n| Maj1nV|maj1nv
