|j|☆Sinclair Matthews
|j|☆VsP 2969
|t:|1649654915
|gametype|singles
|player|p1|Sinclair Matthews|brock|1123
|player|p2|VsP 2969|hilbert|1112
|teamsize|p1|6
|teamsize|p2|6
|gen|8
|tier|[Gen 8] National Dex AG
|rated|
|rule|HP Percentage Mod: HP is shown in percentages
|rule|Endless Battle Clause: Forcing endless battles is banned
|clearpoke
|poke|p1|Zarude|
|poke|p1|Weavile, M|
|poke|p1|Honchkrow, F|
|poke|p1|Charizard, F|
|poke|p1|Necrozma|
|poke|p1|Coalossal, F|
|poke|p2|Deoxys-Speed|
|poke|p2|Deoxys-Speed|
|poke|p2|Eternatus|
|poke|p2|Xerneas-*|
|poke|p2|Necrozma-Dusk-Mane|
|poke|p2|Rayquaza|
|teampreview
|
|t:|1649654928
|start
|switch|p1a: Necrozma|Necrozma|100/100
|switch|p2a: Deoxys|Deoxys-Speed|100/100
|-ability|p2a: Deoxys|Pressure
|turn|1
|
|t:|1649654938
|move|p2a: Deoxys|Stealth Rock|p1a: Necrozma
|-sidestart|p1: Sinclair Matthews|move: Stealth Rock
|move|p1a: Necrozma|Autotomize|p1a: Necrozma
|-boost|p1a: Necrozma|spe|2
|-start|p1a: Necrozma|Autotomize
|
|upkeep
|turn|2
|
|t:|1649654956
|move|p2a: Deoxys|Magic Coat|p2a: Deoxys
|-singleturn|p2a: Deoxys|move: Magic Coat
|move|p1a: Necrozma|Meteor Beam||[still]
|-prepare|p1a: Necrozma|Meteor Beam
|-boost|p1a: Necrozma|spa|1
|-enditem|p1a: Necrozma|Power Herb
|-anim|p1a: Necrozma|Meteor Beam|p2a: Deoxys
|-enditem|p2a: Deoxys|Focus Sash
|-damage|p2a: Deoxys|1/100
|
|upkeep
|turn|3
|
|t:|1649654974
|switch|p2a: Deoxys|Deoxys-Speed|100/100
|-ability|p2a: Deoxys|Pressure
|move|p1a: Necrozma|Heat Wave|p2a: Deoxys
|-damage|p2a: Deoxys|35/100
|
|upkeep
|turn|4
|
|t:|1649654983
|move|p1a: Necrozma|Heat Wave|p2a: Deoxys
|-damage|p2a: Deoxys|0 fnt
|faint|p2a: Deoxys
|
|upkeep
|
|t:|1649654994
|switch|p2a: Xerneas|Xerneas|100/100
|-ability|p2a: Xerneas|Fairy Aura
|turn|5
|
|t:|1649655005
|-start|p1a: Necrozma|Dynamax|
|-heal|p1a: Necrozma|100/100|[silent]
|move|p1a: Necrozma|Max Flare|p2a: Xerneas
|-damage|p2a: Xerneas|37/100
|-weather|SunnyDay
|move|p2a: Xerneas|Geomancy||[still]
|-prepare|p2a: Xerneas|Geomancy
|-enditem|p2a: Xerneas|Power Herb
|-anim|p2a: Xerneas|Geomancy|p2a: Xerneas
|-boost|p2a: Xerneas|spa|2
|-boost|p2a: Xerneas|spd|2
|-boost|p2a: Xerneas|spe|2
|
|-weather|SunnyDay|[upkeep]
|upkeep
|turn|6
|
|t:|1649655021
|move|p2a: Xerneas|Moonblast|p1a: Necrozma
|-damage|p1a: Necrozma|25/100
|move|p1a: Necrozma|Max Flare|p2a: Xerneas
|-damage|p2a: Xerneas|0 fnt
|faint|p2a: Xerneas
|
|-weather|SunnyDay|[upkeep]
|upkeep
|
|t:|1649655035
|switch|p2a: Rayquaza|Rayquaza|100/100
|-ability|p2a: Rayquaza|Air Lock
|turn|7
|
|t:|1649655041
|move|p2a: Rayquaza|Extreme Speed|p1a: Necrozma
|-crit|p1a: Necrozma
|-damage|p1a: Necrozma|0 fnt
|faint|p1a: Necrozma
|
|-weather|SunnyDay|[upkeep]
|upkeep
|
|t:|1649655046
|switch|p1a: Weavile|Weavile, M|100/100
|-damage|p1a: Weavile|76/100|[from] Stealth Rock
|turn|8
|
|t:|1649655062
|switch|p2a: Necrozma|Necrozma-Dusk-Mane|100/100
|move|p1a: Weavile|Fake Out|p2a: Necrozma
|-resisted|p2a: Necrozma
|-damage|p2a: Necrozma|95/100
|
|-weather|SunnyDay|[upkeep]
|upkeep
|turn|9
|inactive|Battle timer is ON: inactive players will automatically lose when time's up. (requested by Sinclair Matthews)
|
|t:|1649655095
|move|p1a: Weavile|Beat Up|p2a: Necrozma
|-supereffective|p2a: Necrozma
|-damage|p2a: Necrozma|84/100
|-supereffective|p2a: Necrozma
|-damage|p2a: Necrozma|73/100
|-supereffective|p2a: Necrozma
|-damage|p2a: Necrozma|65/100
|-supereffective|p2a: Necrozma
|-damage|p2a: Necrozma|55/100
|-supereffective|p2a: Necrozma
|-damage|p2a: Necrozma|47/100
|-hitcount|p2a: Necrozma|5
|cant|p2a: Necrozma|flinch
|
|-weather|none
|upkeep
|turn|10
|
|t:|1649655108
|move|p1a: Weavile|Beat Up|p2a: Necrozma
|-supereffective|p2a: Necrozma
|-damage|p2a: Necrozma|36/100
|-supereffective|p2a: Necrozma
|-damage|p2a: Necrozma|26/100
|-supereffective|p2a: Necrozma
|-damage|p2a: Necrozma|18/100
|-supereffective|p2a: Necrozma
|-damage|p2a: Necrozma|6/100
|-supereffective|p2a: Necrozma
|-damage|p2a: Necrozma|0 fnt
|faint|p2a: Necrozma
|-hitcount|p2: Necrozma|5
|
|upkeep
|
|t:|1649655120
|switch|p2a: Deoxys|Deoxys-Speed|1/100
|-ability|p2a: Deoxys|Pressure
|turn|11
|
|t:|1649655128
|move|p1a: Weavile|Ice Shard|p2a: Deoxys
|-damage|p2a: Deoxys|0 fnt
|faint|p2a: Deoxys
|
|upkeep
|
|t:|1649655139
|switch|p2a: Eternatus|Eternatus|100/100
|-ability|p2a: Eternatus|Pressure
|turn|12
|
|t:|1649655147
|move|p1a: Weavile|Triple Axel|p2a: Eternatus
|-supereffective|p2a: Eternatus
|-damage|p2a: Eternatus|86/100
|-enditem|p2a: Eternatus|Weakness Policy
|-boost|p2a: Eternatus|atk|2|[from] item: Weakness Policy
|-boost|p2a: Eternatus|spa|2|[from] item: Weakness Policy
|-supereffective|p2a: Eternatus
|-damage|p2a: Eternatus|57/100
|-supereffective|p2a: Eternatus
|-damage|p2a: Eternatus|16/100
|-hitcount|p2a: Eternatus|3
|cant|p2a: Eternatus|flinch
|
|upkeep
|turn|13
|c|☆VsP 2969|flinch luck
|inactive|Sinclair Matthews has 120 seconds left.
|
|t:|1649655209
|move|p1a: Weavile|Ice Shard|p2a: Eternatus
|-supereffective|p2a: Eternatus
|-damage|p2a: Eternatus|0 fnt
|faint|p2a: Eternatus
|
|upkeep
|
|t:|1649655215
|switch|p2a: Rayquaza|Rayquaza|100/100
|-ability|p2a: Rayquaza|Air Lock
|turn|14
|c|☆Sinclair Matthews|its kings rock
|
|t:|1649655229
|move|p1a: Weavile|Triple Axel|p2a: Rayquaza
|-supereffective|p2a: Rayquaza
|-crit|p2a: Rayquaza
|-damage|p2a: Rayquaza|39/100
|-supereffective|p2a: Rayquaza
|-damage|p2a: Rayquaza|0 fnt
|faint|p2a: Rayquaza
|-hitcount|p2: Rayquaza|2
|
|win|Sinclair Matthews
|raw|Sinclair Matthews's rating: 1123 &rarr; <strong>1147</strong><br />(+24 for winning)
|raw|VsP 2969's rating: 1112 &rarr; <strong>1088</strong><br />(-24 for losing)
