|j|☆israzerovent312402
|j|☆SpookyMareep
|t:|1666224538
|gametype|singles
|player|p1|israzerovent312402|hilbert|1461
|player|p2|SpookyMareep|scientistf|1579
|teamsize|p1|6
|teamsize|p2|6
|gen|8
|tier|[Gen 8] National Dex AG
|rated|
|rule|HP Percentage Mod: HP is shown in percentages
|rule|Endless Battle Clause: Forcing endless battles is banned
|clearpoke
|poke|p1|Marshadow|
|poke|p1|Smeargle, F|
|poke|p1|Rayquaza|
|poke|p1|Kyogre|
|poke|p1|Zacian-*|
|poke|p1|Rillaboom, F|
|poke|p2|Ditto|
|poke|p2|Marshadow|
|poke|p2|Toxapex, F|
|poke|p2|Shedinja|
|poke|p2|Quagsire, F|
|poke|p2|Landorus-Therian, M|
|teampreview
|inactive|Battle timer is ON: inactive players will automatically lose when time's up. (requested by israzerovent312402)
|
|t:|1666224547
|start
|switch|p1a: Smeargle|Smeargle, F, shiny|100/100
|switch|p2a: Zacian! Wait STOP!|Ditto|100/100
|-transform|p2a: Zacian! Wait STOP!|p1a: Smeargle|[from] ability: Imposter
|turn|1
|
|t:|1666224555
|switch|p1a: Rillaboom|Rillaboom, F|100/100
|-fieldstart|move: Grassy Terrain|[from] ability: Grassy Surge|[of] p1a: Rillaboom
|-enditem|p1a: Rillaboom|Grassy Seed
|-boost|p1a: Rillaboom|def|1|[from] item: Grassy Seed
|move|p2a: Zacian! Wait STOP!|Spore|p1a: Rillaboom
|-immune|p1a: Rillaboom
|
|-ability|p2a: Zacian! Wait STOP!|Moody|boost
|-boost|p2a: Zacian! Wait STOP!|spd|2
|-unboost|p2a: Zacian! Wait STOP!|spe|1
|upkeep
|turn|2
|
|t:|1666224561
|switch|p2a: Yakuza|Toxapex, F|100/100
|move|p1a: Rillaboom|Swords Dance|p1a: Rillaboom
|-boost|p1a: Rillaboom|atk|2
|
|upkeep
|turn|3
|
|t:|1666224568
|-start|p1a: Rillaboom|Dynamax|
|-heal|p1a: Rillaboom|100/100|[silent]
|move|p1a: Rillaboom|Max Quake|p2a: Yakuza
|-supereffective|p2a: Yakuza
|-damage|p2a: Yakuza|0 fnt
|-boost|p1a: Rillaboom|spd|1
|faint|p2a: Yakuza
|
|upkeep
|
|t:|1666224576
|switch|p2a: :)|Quagsire, F|100/100
|turn|4
|
|t:|1666224589
|switch|p2a: Yakuza.|Shedinja|100/100
|move|p1a: Rillaboom|Max Overgrowth|p2a: Yakuza.
|-immune|p2a: Yakuza.|[from] ability: Wonder Guard
|
|upkeep
|turn|5
|
|t:|1666224592
|move|p1a: Rillaboom|Max Airstream|p2a: Yakuza.
|-supereffective|p2a: Yakuza.
|-enditem|p2a: Yakuza.|Focus Sash
|-damage|p2a: Yakuza.|100/100
|-boost|p1a: Rillaboom|spe|1
|move|p2a: Yakuza.|Toxic|p1a: Rillaboom
|-status|p1a: Rillaboom|tox
|
|-damage|p1a: Rillaboom|97/100 tox|[from] psn
|-fieldend|move: Grassy Terrain
|upkeep
|-end|p1a: Rillaboom|Dynamax
|-heal|p1a: Rillaboom|98/100 tox|[silent]
|turn|6
|
|t:|1666224600
|switch|p2a: :)|Quagsire, F|100/100
|move|p1a: Rillaboom|Acrobatics|p2a: :)
|-damage|p2a: :)|70/100
|-damage|p1a: Rillaboom|81/100 tox|[from] item: Rocky Helmet|[of] p2a: :)
|
|-damage|p1a: Rillaboom|69/100 tox|[from] psn
|upkeep
|turn|7
|
|t:|1666224603
|switch|p2a: Yakuza.|Shedinja|100/100
|move|p1a: Rillaboom|Grassy Glide|p2a: Yakuza.
|-immune|p2a: Yakuza.|[from] ability: Wonder Guard
|
|-damage|p1a: Rillaboom|50/100 tox|[from] psn
|upkeep
|turn|8
|
|t:|1666224610
|switch|p2a: :)|Quagsire, F|70/100
|move|p1a: Rillaboom|Acrobatics|p2a: :)
|-damage|p2a: :)|41/100
|-damage|p1a: Rillaboom|34/100 tox|[from] item: Rocky Helmet|[of] p2a: :)
|
|-damage|p1a: Rillaboom|9/100 tox|[from] psn
|upkeep
|turn|9
|
|t:|1666224614
|move|p1a: Rillaboom|Acrobatics|p2a: :)
|-damage|p2a: :)|12/100
|-damage|p1a: Rillaboom|0 fnt|[from] item: Rocky Helmet|[of] p2a: :)
|faint|p1a: Rillaboom
|move|p2a: :)|Recover|p2a: :)
|-heal|p2a: :)|62/100
|
|upkeep
|
|t:|1666224618
|switch|p1a: Smeargle|Smeargle, F, shiny|100/100
|turn|10
|
|t:|1666224622
|switch|p2a: Yakuza.|Shedinja|100/100
|move|p1a: Smeargle|Spore|p2a: Yakuza.
|-status|p2a: Yakuza.|slp|[from] move: Spore
|
|-ability|p1a: Smeargle|Moody|boost
|-boost|p1a: Smeargle|spe|2
|-unboost|p1a: Smeargle|spa|1
|upkeep
|turn|11
|
|t:|1666224626
|switch|p2a: Zacian! Wait STOP!|Ditto|100/100
|-transform|p2a: Zacian! Wait STOP!|p1a: Smeargle|[from] ability: Imposter
|move|p1a: Smeargle|Knock Off|p2a: Zacian! Wait STOP!
|-damage|p2a: Zacian! Wait STOP!|78/100
|-enditem|p2a: Zacian! Wait STOP!|Choice Scarf|[from] move: Knock Off|[of] p1a: Smeargle
|
|-ability|p1a: Smeargle|Moody|boost
|-boost|p1a: Smeargle|atk|2
|-unboost|p1a: Smeargle|def|1
|-ability|p2a: Zacian! Wait STOP!|Moody|boost
|-boost|p2a: Zacian! Wait STOP!|atk|2
|-unboost|p2a: Zacian! Wait STOP!|spd|1
|upkeep
|turn|12
|
|t:|1666224645
|move|p1a: Smeargle|Sticky Web|p2a: Zacian! Wait STOP!
|-sidestart|p2: SpookyMareep|move: Sticky Web
|move|p2a: Zacian! Wait STOP!|Spore|p1a: Smeargle
|-status|p1a: Smeargle|slp|[from] move: Spore
|
|-ability|p2a: Zacian! Wait STOP!|Moody|boost
|-boost|p2a: Zacian! Wait STOP!|atk|2
|-unboost|p2a: Zacian! Wait STOP!|def|1
|-ability|p1a: Smeargle|Moody|boost
|-boost|p1a: Smeargle|spa|2
|-unboost|p1a: Smeargle|atk|1
|upkeep
|turn|13
|
|t:|1666224658
|switch|p2a: SpookyMareep(YT)|Marshadow|100/100
|-activate|p2a: SpookyMareep(YT)|move: Sticky Web
|-unboost|p2a: SpookyMareep(YT)|spe|1
|cant|p1a: Smeargle|slp
|
|-ability|p1a: Smeargle|Moody|boost
|-boost|p1a: Smeargle|def|2
|-unboost|p1a: Smeargle|spe|1
|upkeep
|turn|14
|
|t:|1666224666
|cant|p1a: Smeargle|slp
|move|p2a: SpookyMareep(YT)|Drain Punch|p1a: Smeargle
|-supereffective|p1a: Smeargle
|-enditem|p1a: Smeargle|Focus Sash
|-damage|p1a: Smeargle|1/100 slp
|-damage|p2a: SpookyMareep(YT)|91/100|[from] item: Life Orb
|
|-ability|p1a: Smeargle|Moody|boost
|-boost|p1a: Smeargle|spa|2
|-unboost|p1a: Smeargle|def|1
|upkeep
|turn|15
|
|t:|1666224670
|switch|p2a: Yakuza.|Shedinja|100/100 slp
|-activate|p2a: Yakuza.|move: Sticky Web
|-unboost|p2a: Yakuza.|spe|1
|-curestatus|p1a: Smeargle|slp|[msg]
|move|p1a: Smeargle|Spore|p2a: Yakuza.
|-fail|p2a: Yakuza.|slp
|
|-ability|p1a: Smeargle|Moody|boost
|-boost|p1a: Smeargle|spa|2
|-unboost|p1a: Smeargle|spd|1
|upkeep
|turn|16
|
|t:|1666224673
|switch|p2a: Zacian! Wait STOP!|Ditto|78/100
|-activate|p2a: Zacian! Wait STOP!|move: Sticky Web
|-unboost|p2a: Zacian! Wait STOP!|spe|1
|-transform|p2a: Zacian! Wait STOP!|p1a: Smeargle|[from] ability: Imposter
|move|p1a: Smeargle|Knock Off|p2a: Zacian! Wait STOP!
|-damage|p2a: Zacian! Wait STOP!|55/100
|
|-ability|p1a: Smeargle|Moody|boost
|-boost|p1a: Smeargle|spd|2
|-unboost|p1a: Smeargle|spe|1
|-ability|p2a: Zacian! Wait STOP!|Moody|boost
|-boost|p2a: Zacian! Wait STOP!|spa|1
|-unboost|p2a: Zacian! Wait STOP!|atk|1
|upkeep
|turn|17
|
|t:|1666224680
|move|p2a: Zacian! Wait STOP!|Knock Off|p1a: Smeargle
|-damage|p1a: Smeargle|0 fnt
|faint|p1a: Smeargle
|
|-ability|p2a: Zacian! Wait STOP!|Moody|boost
|-boost|p2a: Zacian! Wait STOP!|spe|2
|-unboost|p2a: Zacian! Wait STOP!|atk|1
|upkeep
|
|t:|1666224698
|switch|p1a: Rayquaza|Rayquaza|100/100
|-ability|p1a: Rayquaza|Air Lock
|turn|18
|
|t:|1666224717
|switch|p2a: :)|Quagsire, F|62/100
|-activate|p2a: :)|move: Sticky Web
|-unboost|p2a: :)|spe|1
|detailschange|p1a: Rayquaza|Rayquaza-Mega
|-mega|p1a: Rayquaza|Rayquaza|
|-weather|DeltaStream|[from] ability: Delta Stream|[of] p1a: Rayquaza
|move|p1a: Rayquaza|Extreme Speed|p2a: :)
|-damage|p2a: :)|27/100
|-damage|p1a: Rayquaza|84/100|[from] item: Rocky Helmet|[of] p2a: :)
|-damage|p1a: Rayquaza|74/100|[from] item: Life Orb
|
|-weather|DeltaStream|[upkeep]
|upkeep
|turn|19
|
|t:|1666224724
|switch|p2a: >1440 ELO TEAM|Landorus-Therian, M|100/100
|-ability|p2a: >1440 ELO TEAM|Intimidate|boost
|-unboost|p1a: Rayquaza|atk|1
|move|p1a: Rayquaza|Dragon Ascent|p2a: >1440 ELO TEAM
|-damage|p2a: >1440 ELO TEAM|4/100
|-unboost|p1a: Rayquaza|def|1
|-unboost|p1a: Rayquaza|spd|1
|-damage|p1a: Rayquaza|64/100|[from] item: Life Orb
|
|-weather|DeltaStream|[upkeep]
|upkeep
|turn|20
|
|t:|1666224737
|move|p1a: Rayquaza|Extreme Speed|p2a: >1440 ELO TEAM
|-damage|p2a: >1440 ELO TEAM|0 fnt
|faint|p2a: >1440 ELO TEAM
|-damage|p1a: Rayquaza|54/100|[from] item: Life Orb
|
|-weather|DeltaStream|[upkeep]
|upkeep
|
|t:|1666224739
|switch|p2a: SpookyMareep(YT)|Marshadow|91/100
|-activate|p2a: SpookyMareep(YT)|move: Sticky Web
|-unboost|p2a: SpookyMareep(YT)|spe|1
|turn|21
|
|t:|1666224747
|-start|p2a: SpookyMareep(YT)|Dynamax|
|-heal|p2a: SpookyMareep(YT)|91/100|[silent]
|move|p1a: Rayquaza|Dragon Ascent|p2a: SpookyMareep(YT)
|-supereffective|p2a: SpookyMareep(YT)
|-damage|p2a: SpookyMareep(YT)|0 fnt
|-unboost|p1a: Rayquaza|def|1
|-unboost|p1a: Rayquaza|spd|1
|faint|p2a: SpookyMareep(YT)
|-damage|p1a: Rayquaza|44/100|[from] item: Life Orb
|
|-weather|DeltaStream|[upkeep]
|upkeep
|
|t:|1666224749
|switch|p2a: Zacian! Wait STOP!|Ditto|55/100
|-activate|p2a: Zacian! Wait STOP!|move: Sticky Web
|-unboost|p2a: Zacian! Wait STOP!|spe|1
|-transform|p2a: Zacian! Wait STOP!|p1a: Rayquaza|[from] ability: Imposter
|turn|22
|
|t:|1666224756
|move|p1a: Rayquaza|Extreme Speed|p2a: Zacian! Wait STOP!
|-damage|p2a: Zacian! Wait STOP!|0 fnt
|faint|p2a: Zacian! Wait STOP!
|-damage|p1a: Rayquaza|34/100|[from] item: Life Orb
|
|-weather|DeltaStream|[upkeep]
|upkeep
|
|t:|1666224761
|switch|p2a: :)|Quagsire, F|27/100
|-activate|p2a: :)|move: Sticky Web
|-unboost|p2a: :)|spe|1
|turn|23
|c|☆SpookyMareep|lol
|
|t:|1666224770
|move|p1a: Rayquaza|Dragon Ascent|p2a: :)
|-damage|p2a: :)|0 fnt
|-unboost|p1a: Rayquaza|def|1
|-unboost|p1a: Rayquaza|spd|1
|-damage|p1a: Rayquaza|18/100|[from] item: Rocky Helmet|[of] p2a: :)
|faint|p2a: :)
|-damage|p1a: Rayquaza|8/100|[from] item: Life Orb
|
|-weather|DeltaStream|[upkeep]
|upkeep
|c|☆israzerovent312402|gg
|
|t:|1666224778
|switch|p2a: Yakuza.|Shedinja|100/100 slp
|-activate|p2a: Yakuza.|move: Sticky Web
|-unboost|p2a: Yakuza.|spe|1
|turn|24
|
|t:|1666224782
|cant|p2a: Yakuza.|slp
|move|p1a: Rayquaza|Dragon Ascent|p2a: Yakuza.
|-supereffective|p2a: Yakuza.
|-damage|p2a: Yakuza.|0 fnt
|-unboost|p1a: Rayquaza|def|1
|-unboost|p1a: Rayquaza|spd|1
|faint|p2a: Yakuza.
|-damage|p1a: Rayquaza|0 fnt|[from] item: Life Orb
|faint|p1a: Rayquaza
|-weather|none
|
|win|israzerovent312402
|raw|israzerovent312402's rating: 1461 &rarr; <strong>1488</strong><br />(+27 for winning)
|raw|SpookyMareep's rating: 1579 &rarr; <strong>1552</strong><br />(-27 for losing)
|l|☆SpookyMareep
