|j|☆Master kushagra
|j|☆Alpha1013
|inactive|Battle timer is ON: inactive players will automatically lose when time's up.
|t:|1650194824
|gametype|singles
|player|p1|Master kushagra|leon-tower|
|player|p2|Alpha1013|clair|
|teamsize|p1|6
|teamsize|p2|6
|gen|8
|tier|[Gen 8] National Dex AG
|rated|Tournament battle
|rule|HP Percentage Mod: HP is shown in percentages
|rule|Endless Battle Clause: Forcing endless battles is banned
|clearpoke
|poke|p1|Necrozma-Dusk-Mane|
|poke|p1|Arceus-*|
|poke|p1|Ditto|
|poke|p1|Arceus-*|
|poke|p1|Xerneas-*|
|poke|p1|Marshadow|
|poke|p2|Deoxys-Speed|
|poke|p2|Necrozma-Dusk-Mane|
|poke|p2|Yveltal|
|poke|p2|Arceus-*|
|poke|p2|Calyrex-Shadow|
|poke|p2|Kyogre|
|teampreview
|j| Darthepkefan
|j| Snacksby
|
|t:|1650194846
|start
|switch|p1a: Arceus|Arceus-Ground|100/100
|switch|p2a: Arceus|Arceus-Ground|100/100
|turn|1
|
|t:|1650194853
|move|p1a: Arceus|Magic Coat|p1a: Arceus
|-singleturn|p1a: Arceus|move: Magic Coat
|move|p2a: Arceus|Swords Dance|p2a: Arceus
|-boost|p2a: Arceus|atk|2
|
|upkeep
|turn|2
|
|t:|1650194873
|switch|p2a: Kyogre|Kyogre|100/100
|-weather|RainDance|[from] ability: Drizzle|[of] p2a: Kyogre
|move|p1a: Arceus|Stealth Rock|p2a: Kyogre
|-sidestart|p2: Alpha1013|move: Stealth Rock
|
|-weather|RainDance|[upkeep]
|upkeep
|turn|3
|
|t:|1650194884
|-zpower|p1a: Arceus
|move|p1a: Arceus|Tectonic Rage|p2a: Kyogre|[zeffect]
|-damage|p2a: Kyogre|0 fnt
|faint|p2a: Kyogre
|
|-weather|RainDance|[upkeep]
|upkeep
|j| Rockybruh
|c|☆Master kushagra|yes
|l| Darthepkefan
|
|t:|1650194896
|switch|p2a: Yveltal|Yveltal|100/100
|-damage|p2a: Yveltal|76/100|[from] Stealth Rock
|-ability|p2a: Yveltal|Dark Aura
|turn|4
|
|t:|1650194902
|move|p1a: Arceus|Stone Edge|p2a: Yveltal
|-supereffective|p2a: Yveltal
|-damage|p2a: Yveltal|5/100
|move|p2a: Yveltal|Defog|p1a: Arceus
|-unboost|p1a: Arceus|evasion|1
|-sideend|p2: Alpha1013|Stealth Rock|[from] move: Defog|[of] p2a: Yveltal
|
|-weather|RainDance|[upkeep]
|upkeep
|turn|5
|c| Rockybruh|who did i lose to last match?
|
|t:|1650194912
|move|p1a: Arceus|Stone Edge|p2a: Yveltal
|-supereffective|p2a: Yveltal
|-crit|p2a: Yveltal
|-damage|p2a: Yveltal|0 fnt
|faint|p2a: Yveltal
|
|-weather|RainDance|[upkeep]
|upkeep
|j| SpaceCrazyy
|c| Rockybruh|Was it master kush
|
|t:|1650194923
|switch|p2a: Necrozma|Necrozma-Dusk-Mane|100/100
|turn|6
|c|☆Master kushagra|alpha
|c|☆Alpha1013|These over predicts need to stop
|j| Darthepkefan
|c| SpaceCrazyy|Fr
|inactive|Alpha1013 has 120 seconds left.
|c| SpaceCrazyy|overpredicts suck
|
|t:|1650194947
|move|p1a: Arceus|Stealth Rock|p2a: Necrozma
|-sidestart|p2: Alpha1013|move: Stealth Rock
|move|p2a: Necrozma|Dragon Dance|p2a: Necrozma
|-boost|p2a: Necrozma|atk|1
|-boost|p2a: Necrozma|spe|1
|
|-weather|none
|upkeep
|turn|7
|c| SpaceCrazyy|fr
|c| Rockybruh|this game is to smart for me to understand
|
|t:|1650194956
|detailschange|p2a: Necrozma|Necrozma-Ultra
|-burst|p2a: Necrozma|Necrozma|Ultranecrozium Z
|move|p2a: Necrozma|Photon Geyser|p1a: Arceus
|-damage|p1a: Arceus|22/100
|move|p1a: Arceus|Earthquake|p2a: Necrozma
|-damage|p2a: Necrozma|47/100
|
|upkeep
|turn|8
|
|t:|1650194968
|move|p2a: Necrozma|Earthquake|p1a: Arceus
|-crit|p1a: Arceus
|-damage|p1a: Arceus|0 fnt
|faint|p1a: Arceus
|
|upkeep
|
|t:|1650194974
|switch|p1a: Ditto is ditto|Ditto|100/100
|-transform|p1a: Ditto is ditto|p2a: Necrozma|[from] ability: Imposter
|turn|9
|j| Prottay1317❤
|
|t:|1650194989
|move|p1a: Ditto is ditto|Earthquake|p2a: Necrozma
|-damage|p2a: Necrozma|0 fnt
|faint|p2a: Necrozma
|
|upkeep
|
|t:|1650194996
|switch|p2a: Deoxys|Deoxys-Speed|100/100
|-damage|p2a: Deoxys|88/100|[from] Stealth Rock
|-ability|p2a: Deoxys|Pressure
|turn|10
|c| Rockybruh|shouldv gon for photon gyser
|
|t:|1650195003
|move|p1a: Ditto is ditto|Earthquake|p2a: Deoxys
|-damage|p2a: Deoxys|0 fnt
|faint|p2a: Deoxys
|
|upkeep
|c|☆Master kushagra|why
|c| Rockybruh|now ur stuck in eq
|
|t:|1650195012
|switch|p2a: Arceus|Arceus-Ground|100/100
|-damage|p2a: Arceus|94/100|[from] Stealth Rock
|turn|11
|c|☆Master kushagra|my attack are boost
|c| Rockybruh|photon gyser stab
|
|t:|1650195019
|move|p1a: Ditto is ditto|Earthquake|p2a: Arceus
|-damage|p2a: Arceus|44/100
|move|p2a: Arceus|Swords Dance|p2a: Arceus
|-boost|p2a: Arceus|atk|2
|
|upkeep
|turn|12
|
|t:|1650195026
|-start|p2a: Arceus|Dynamax|
|-heal|p2a: Arceus|44/100|[silent]
|move|p1a: Ditto is ditto|Earthquake|p2a: Arceus
|-damage|p2a: Arceus|18/100
|move|p2a: Arceus|Max Quake|p1a: Ditto is ditto
|-damage|p1a: Ditto is ditto|0 fnt
|-boost|p2a: Arceus|spd|1
|faint|p1a: Ditto is ditto
|
|upkeep
|
|t:|1650195035
|switch|p1a: Marshadow|Marshadow|100/100
|turn|13
|c|☆Alpha1013|Gg
|
|t:|1650195041
|move|p2a: Arceus|Max Quake|p1a: Marshadow
|-damage|p1a: Marshadow|0 fnt
|-boost|p2a: Arceus|spd|1
|faint|p1a: Marshadow
|
|upkeep
|c| SpaceCrazyy|damn overpredicts  kinda suck
|c| SpaceCrazyy|fr
|
|t:|1650195051
|switch|p1a: Xerneas|Xerneas, shiny|100/100
|-ability|p1a: Xerneas|Fairy Aura
|turn|14
|c| Rockybruh|no sash marsh?
|
|t:|1650195057
|move|p2a: Arceus|Max Quake|p1a: Xerneas
|-damage|p1a: Xerneas|0 fnt
|-boost|p2a: Arceus|spd|1
|faint|p1a: Xerneas
|
|-end|p2a: Arceus|Dynamax
|-heal|p2a: Arceus|18/100|[silent]
|upkeep
|j| I-See-Use
|c| SpaceCrazyy|sash marsh is shit
|c| Darthepkefan|how did arc outspeed
|c|☆Alpha1013|I thought sash too
|
|t:|1650195066
|switch|p1a: Thor|Arceus-Electric|100/100
|turn|15
|c| SpaceCrazyy|y
|
|t:|1650195071
|move|p2a: Arceus|Earthquake|p1a: Thor
|-supereffective|p1a: Thor
|-damage|p1a: Thor|0 fnt
|faint|p1a: Thor
|
|upkeep
|c| Darthepkefan|marsh is base 125
|
|t:|1650195074
|switch|p1a: zacian destroyer|Necrozma-Dusk-Mane|100/100
|turn|16
|c| SpaceCrazyy|marshadow is good with life orb bru
|c| Rockybruh|sash marsh is not shit
|c| Rockybruh|nope
|
|t:|1650195085
|-start|p1a: zacian destroyer|Dynamax|
|-heal|p1a: zacian destroyer|100/100|[silent]
|move|p2a: Arceus|Earthquake|p1a: zacian destroyer
|-supereffective|p1a: zacian destroyer
|-damage|p1a: zacian destroyer|53/100
|-enditem|p1a: zacian destroyer|Weakness Policy
|-boost|p1a: zacian destroyer|atk|2|[from] item: Weakness Policy
|-boost|p1a: zacian destroyer|spa|2|[from] item: Weakness Policy
|move|p1a: zacian destroyer|Max Quake|p2a: Arceus
|-damage|p2a: Arceus|0 fnt
|-boost|p1a: zacian destroyer|spd|1
|faint|p2a: Arceus
|
|upkeep
|c| Rockybruh|gets 1 shotted
|
|t:|1650195098
|switch|p2a: Calyrex|Calyrex-Shadow|100/100
|-ability|p2a: Calyrex|As One
|-ability|p2a: Calyrex|Unnerve
|-damage|p2a: Calyrex|88/100|[from] Stealth Rock
|turn|17
|c|☆Master kushagra|my beswt
|c| Rockybruh|whats the use of spectrual thief if u die before using it
|c|☆Master kushagra|mon
|c|☆Master kushagra|is gone
|c|☆Master kushagra|it defends
|l| SpaceCrazyy
|c|☆Master kushagra|on
|c| I-See-Use|O-O
|
|t:|1650195121
|move|p2a: Calyrex|Astral Barrage|p1a: zacian destroyer
|-supereffective|p1a: zacian destroyer
|-damage|p1a: zacian destroyer|26/100
|move|p1a: zacian destroyer|Max Steelspike|p2a: Calyrex
|-damage|p2a: Calyrex|0 fnt
|-boost|p1a: zacian destroyer|def|1
|faint|p2a: Calyrex
|
|win|Master kushagra
|n|☆Master kushagra|masterkushagra
|n|☆Alpha1013|alpha1013
|n| Snacksby|snacksby
|n| Rockybruh|rockybruh
|n| Darthepkefan|darthepkefan
|n| Prottay1317❤|prottay1317
|n| I-See-Use|iseeuse
|j| iuhbhjb
|c| Rockybruh|OMG HE LIVE
|c|☆Alpha1013|Should have recoved
|c|☆Alpha1013|Gg
|c|☆Master kushagra|gg
|c| Rockybruh|THE SPD BOOST
|c| iuhbhjb|every opponent
|c| Snacksby|GGS
|l| Darthepkefan
|c| iuhbhjb|is not going to use sta boosters
|l|☆Alpha1013
|c| Rockybruh|This is why specs caly is good
|l| Prottay1317❤
|c| iuhbhjb|life orb marshadow increases it's potentionalty to survive
|c| iuhbhjb|and with SR on the field sash becomes more shit
|l| iuhbhjb
|j| SpaceCrazyy
|c| Rockybruh|situational
|l| Snacksby
|c| SpaceCrazyy|it isn't
|j|☆Alpha1013
|player|p2|Alpha1013|clair
