|j|☆wolfie_olson
|j|‽PlatinumEA
|t:|1648730453
|gametype|singles
|player|p1|wolfie_olson|170|
|player|p2|PlatinumEA|266|
|teamsize|p1|4
|teamsize|p2|6
|gen|8
|tier|[Gen 8] National Dex AG
|rule|HP Percentage Mod: HP is shown in percentages
|rule|Endless Battle Clause: Forcing endless battles is banned
|clearpoke
|poke|p1|Clefable, F|
|poke|p1|Calyrex-Shadow|
|poke|p1|Butterfree, M|
|poke|p1|Dragapult, M|
|poke|p2|Calyrex-Ice|
|poke|p2|Melmetal|
|poke|p2|Necrozma-Dusk-Mane|
|poke|p2|Hatterene, F|
|poke|p2|Rayquaza|
|poke|p2|Tyranitar, F|
|teampreview
|inactive|Battle timer is ON: inactive players will automatically lose when time's up. (requested by wolfie_olson)
|
|t:|1648730459
|start
|switch|p1a: Clefable|Clefable, F|100/100
|switch|p2a: Hatterene|Hatterene, F|100/100
|turn|1
|
|t:|1648730468
|switch|p2a: Melmetal|Melmetal|100/100
|move|p1a: Clefable|Minimize|p1a: Clefable
|-boost|p1a: Clefable|evasion|2
|
|upkeep
|turn|2
|
|t:|1648730471
|-start|p2a: Melmetal|Dynamax|
|-heal|p2a: Melmetal|100/100|[silent]
|move|p1a: Clefable|Minimize|p1a: Clefable
|-boost|p1a: Clefable|evasion|2
|move|p2a: Melmetal|Max Steelspike|p1a: Clefable
|-supereffective|p1a: Clefable
|-damage|p1a: Clefable|0 fnt
|-boost|p2a: Melmetal|def|1
|faint|p1a: Clefable
|-damage|p2a: Melmetal|96/100|[from] item: Life Orb
|
|upkeep
|
|t:|1648730477
|switch|p1a: Dragapult|Dragapult, M|100/100
|turn|3
|
|t:|1648730483
|move|p1a: Dragapult|Phantom Force||[still]
|-prepare|p1a: Dragapult|Phantom Force
|move|p2a: Melmetal|Max Steelspike|p1a: Dragapult|[miss]
|-miss|p2a: Melmetal|p1a: Dragapult
|
|upkeep
|turn|4
|
|t:|1648730489
|move|p1a: Dragapult|Phantom Force|p2a: Melmetal|[from]lockedmove
|-damage|p2a: Melmetal|87/100
|move|p2a: Melmetal|Max Steelspike|p1a: Dragapult
|-damage|p1a: Dragapult|0 fnt
|-boost|p2a: Melmetal|def|1
|faint|p1a: Dragapult
|-damage|p2a: Melmetal|82/100|[from] item: Life Orb
|
|-end|p2a: Melmetal|Dynamax
|-heal|p2a: Melmetal|82/100|[silent]
|upkeep
|
|t:|1648730500
|switch|p1a: Butterfree|Butterfree, M|100/100
|turn|5
|
|t:|1648730504
|switch|p2a: Hatterene|Hatterene, F|100/100
|move|p1a: Butterfree|Sleep Powder|p2a: Hatterene
|move|p2a: Hatterene|Sleep Powder|p1a: Butterfree|[from]ability: Magic Bounce
|-status|p1a: Butterfree|slp|[from] move: Sleep Powder
|
|upkeep
|turn|6
|
|t:|1648730510
|switch|p1a: Calyrex|Calyrex-Shadow|100/100
|-ability|p1a: Calyrex|As One
|-ability|p1a: Calyrex|Unnerve
|move|p2a: Hatterene|Trick Room|p2a: Hatterene
|-fieldstart|move: Trick Room|[of] p2a: Hatterene
|
|upkeep
|turn|7
|
|t:|1648730520
|switch|p1a: Butterfree|Butterfree, M|100/100 slp
|move|p2a: Hatterene|Healing Wish|p2a: Hatterene
|faint|p2a: Hatterene
|
|upkeep
|
|t:|1648730523
|switch|p2a: Melmetal|Melmetal|82/100
|-heal|p2a: Melmetal|100/100|[from] move: Healing Wish
|turn|8
|
|t:|1648730527
|move|p2a: Melmetal|Double Iron Bash|p1a: Butterfree
|-damage|p1a: Butterfree|0 fnt
|faint|p1a: Butterfree
|-hitcount|p1: Butterfree|1
|-damage|p2a: Melmetal|91/100|[from] item: Life Orb
|
|upkeep
|
|t:|1648730532
|switch|p1a: Calyrex|Calyrex-Shadow|100/100
|-ability|p1a: Calyrex|As One
|-ability|p1a: Calyrex|Unnerve
|turn|9
|
|t:|1648730545
|-start|p1a: Calyrex|Dynamax|
|-heal|p1a: Calyrex|100/100|[silent]
|move|p2a: Melmetal|Double Iron Bash|p1a: Calyrex
|-damage|p1a: Calyrex|65/100
|-damage|p1a: Calyrex|29/100
|-hitcount|p1a: Calyrex|2
|-damage|p2a: Melmetal|81/100|[from] item: Life Orb
|move|p1a: Calyrex|Max Quake|p2a: Melmetal
|-supereffective|p2a: Melmetal
|-damage|p2a: Melmetal|55/100
|-boost|p1a: Calyrex|spd|1
|
|upkeep
|turn|10
|
|t:|1648730563
|move|p2a: Melmetal|Double Iron Bash|p1a: Calyrex
|-damage|p1a: Calyrex|0 fnt
|faint|p1a: Calyrex
|-hitcount|p1: Calyrex|1
|-damage|p2a: Melmetal|45/100|[from] item: Life Orb
|
|win|PlatinumEA
