|j|☆Defensive0
|j|☆KeshBa45
|inactive|Battle timer is ON: inactive players will automatically lose when time's up.
|j|*Lady Monita ☽
|t:|1668713553
|gametype|singles
|player|p1|Defensive0|riley|
|player|p2|KeshBa45|brycen|
|teamsize|p1|6
|teamsize|p2|6
|gen|8
|tier|[Gen 8] National Dex AG
|rated|Tournament battle
|rule|HP Percentage Mod: HP is shown in percentages
|rule|Endless Battle Clause: Forcing endless battles is banned
|clearpoke
|poke|p1|Groudon|
|poke|p1|Ditto|
|poke|p1|Arceus-*|
|poke|p1|Mewtwo|
|poke|p1|Arceus-*|
|poke|p1|Yveltal|
|poke|p2|Deoxys-Speed|
|poke|p2|Necrozma-Dusk-Mane|
|poke|p2|Yveltal|
|poke|p2|Arceus-*|
|poke|p2|Calyrex-Shadow|
|poke|p2|Kyogre|
|teampreview
|inactive|Defensive0 also wants the timer to be on.
|c|☆KeshBa45|glgl
|
|t:|1668713561
|start
|switch|p1a: Arceus|Arceus|100/100
|switch|p2a: Deoxys|Deoxys-Speed|100/100
|-ability|p2a: Deoxys|Pressure
|turn|1
|
|t:|1668713565
|move|p2a: Deoxys|Taunt|p1a: Arceus
|-start|p1a: Arceus|move: Taunt
|move|p1a: Arceus|Shadow Claw|p2a: Deoxys
|-supereffective|p2a: Deoxys
|-damage|p2a: Deoxys|37/100
|
|upkeep
|turn|2
|
|t:|1668713571
|move|p1a: Arceus|Extreme Speed|p2a: Deoxys
|-damage|p2a: Deoxys|0 fnt
|faint|p2a: Deoxys
|
|upkeep
|
|t:|1668713583
|switch|p2a: Kyogre|Kyogre|100/100
|-weather|RainDance|[from] ability: Drizzle|[of] p2a: Kyogre
|turn|3
|
|t:|1668713589
|switch|p1a: Groudon|Groudon|100/100
|detailschange|p1a: Groudon|Groudon-Primal
|-primal|p1a: Groudon
|-weather|DesolateLand|[from] ability: Desolate Land|[of] p1a: Groudon
|move|p2a: Kyogre|Origin Pulse||[still]
|-fail|p2a: Kyogre|Origin Pulse|[from] Desolate Land
|
|-weather|DesolateLand|[upkeep]
|upkeep
|turn|4
|c|☆KeshBa45|oh yea this thinf
|c|☆KeshBa45|thing
|
|t:|1668713606
|-start|p2a: Kyogre|Dynamax|
|-heal|p2a: Kyogre|100/100|[silent]
|move|p2a: Kyogre|Max Geyser||[still]
|-fail|p2a: Kyogre|Max Geyser|[from] Desolate Land
|move|p1a: Groudon|Precipice Blades|p2a: Kyogre
|-damage|p2a: Kyogre|58/100
|
|-weather|DesolateLand|[upkeep]
|upkeep
|turn|5
|j| neckbeard007
|j| Terekusai
|c|☆KeshBa45|lol it doesnt work :v
|
|t:|1668713618
|move|p1a: Groudon|Hone Claws|p1a: Groudon
|-boost|p1a: Groudon|atk|1
|-boost|p1a: Groudon|accuracy|1
|move|p2a: Kyogre|Max Hailstorm|p1a: Groudon
|-damage|p1a: Groudon|35/100
|-damage|p2a: Kyogre|53/100|[from] item: Life Orb
|
|-weather|DesolateLand|[upkeep]
|upkeep
|turn|6
|c|☆KeshBa45|where hail :o
|
|t:|1668713629
|move|p2a: Kyogre|Max Airstream|p1a: Groudon
|-damage|p1a: Groudon|0 fnt
|-boost|p2a: Kyogre|spe|1
|faint|p1a: Groudon
|-weather|none
|-damage|p2a: Kyogre|48/100|[from] item: Life Orb
|
|upkeep
|
|t:|1668713646
|switch|p1a: Arceus|Arceus-Fairy|100/100
|-end|p2a: Kyogre|Dynamax
|-heal|p2a: Kyogre|48/100|[silent]
|turn|7
|
|t:|1668713666
|switch|p2a: Necrozma|Necrozma-Dusk-Mane|100/100
|move|p1a: Arceus|Stealth Rock|p2a: Necrozma
|-sidestart|p2: KeshBa45|move: Stealth Rock
|
|upkeep
|turn|8
|
|t:|1668713678
|switch|p1a: Yveltal|Yveltal, shiny|100/100
|-ability|p1a: Yveltal|Dark Aura
|move|p2a: Necrozma|Stone Edge|p1a: Yveltal|[miss]
|-miss|p2a: Necrozma|p1a: Yveltal
|
|upkeep
|turn|9
|c|☆KeshBa45|cool
|
|t:|1668713691
|switch|p2a: Yveltal|Yveltal|100/100
|-damage|p2a: Yveltal|76/100|[from] Stealth Rock
|-ability|p2a: Yveltal|Dark Aura
|move|p1a: Yveltal|Foul Play|p2a: Yveltal
|-resisted|p2a: Yveltal
|-damage|p2a: Yveltal|47/100
|
|upkeep
|turn|10
|inactive|KeshBa45 has 120 seconds left.
|
|t:|1668713730
|switch|p1a: Arceus|Arceus-Fairy|100/100
|move|p2a: Yveltal|Oblivion Wing|p1a: Arceus
|-damage|p1a: Arceus|71/100
|-heal|p2a: Yveltal|72/100|[from] drain|[of] p1a: Arceus
|-damage|p2a: Yveltal|62/100|[from] item: Life Orb
|
|upkeep
|turn|11
|
|t:|1668713735
|switch|p2a: Necrozma|Necrozma-Dusk-Mane|100/100
|-damage|p2a: Necrozma|95/100|[from] Stealth Rock
|move|p1a: Arceus|Judgment|p2a: Necrozma
|-resisted|p2a: Necrozma
|-damage|p2a: Necrozma|73/100
|
|upkeep
|turn|12
|inactive|KeshBa45 has 120 seconds left.
|c|☆Defensive0|Not switching
|inactive|KeshBa45 has 90 seconds left.
|c|☆KeshBa45|really :v
|
|t:|1668713788
|move|p1a: Arceus|Judgment|p2a: Necrozma
|-resisted|p2a: Necrozma
|-damage|p2a: Necrozma|49/100
|move|p2a: Necrozma|Photon Geyser|p1a: Arceus
|-damage|p1a: Arceus|30/100
|
|upkeep
|turn|13
|
|t:|1668713798
|move|p1a: Arceus|Judgment|p2a: Necrozma
|-resisted|p2a: Necrozma
|-damage|p2a: Necrozma|25/100
|move|p2a: Necrozma|Stone Edge|p1a: Arceus
|-damage|p1a: Arceus|0 fnt
|faint|p1a: Arceus
|
|upkeep
|j| minior fan
|
|t:|1668713816
|switch|p1a: Mewtwo|Mewtwo|100/100
|-ability|p1a: Mewtwo|Pressure
|turn|14
|inactive|KeshBa45 has 90 seconds left.
|c|☆KeshBa45|i cant ddance cuz of ditto '-'
|
|t:|1668713833
|detailschange|p1a: Mewtwo|Mewtwo-Mega-X
|-mega|p1a: Mewtwo|Mewtwo|Mewtwonite X
|move|p1a: Mewtwo|Low Kick|p2a: Necrozma
|-damage|p2a: Necrozma|0 fnt
|faint|p2a: Necrozma
|
|upkeep
|c|☆Defensive0|Real fight starts
|c|☆KeshBa45|less goo '-'
|c|☆KeshBa45|i need a defooger
|c|☆KeshBa45|this team does
|inactive|KeshBa45 has 60 seconds left.
|
|t:|1668713871
|switch|p2a: Arceus|Arceus-Ground|100/100
|-damage|p2a: Arceus|94/100|[from] Stealth Rock
|turn|15
|
|t:|1668713875
|move|p1a: Mewtwo|Low Kick|p2a: Arceus
|-damage|p2a: Arceus|27/100
|move|p2a: Arceus|Earthquake|p1a: Mewtwo
|-damage|p1a: Mewtwo|48/100
|
|upkeep
|turn|16
|inactive|KeshBa45 has 60 seconds left.
|l| Terekusai
|
|t:|1668713888
|move|p1a: Mewtwo|Ice Beam|p2a: Arceus
|-supereffective|p2a: Arceus
|-damage|p2a: Arceus|0 fnt
|faint|p2a: Arceus
|
|upkeep
|
|t:|1668713891
|switch|p2a: Calyrex|Calyrex-Shadow|100/100
|-ability|p2a: Calyrex|As One
|-ability|p2a: Calyrex|Unnerve
|-damage|p2a: Calyrex|88/100|[from] Stealth Rock
|turn|17
|
|t:|1668713895
|switch|p1a: Arceus|Arceus|100/100
|move|p2a: Calyrex|Astral Barrage|p1a: Arceus
|-immune|p1a: Arceus
|
|upkeep
|turn|18
|c|☆KeshBa45|oh ye
|
|t:|1668713902
|move|p2a: Calyrex|Baton Pass|p2a: Calyrex
|c|☆Defensive0|Gg
|
|t:|1668713905
|switch|p2a: Yveltal|Yveltal|62/100|[from]move: Baton Pass
|-damage|p2a: Yveltal|37/100|[from] Stealth Rock
|-ability|p2a: Yveltal|Dark Aura
|move|p1a: Arceus|Swords Dance|p1a: Arceus
|-boost|p1a: Arceus|atk|2
|
|upkeep
|turn|19
|inactive|KeshBa45 has 90 seconds left.
|
|t:|1668713915
|move|p1a: Arceus|Extreme Speed|p2a: Yveltal
|-damage|p2a: Yveltal|0 fnt
|faint|p2a: Yveltal
|
|upkeep
|c|☆KeshBa45|gg
|-message|KeshBa45 forfeited.
|
|win|Defensive0
|n|☆Defensive0|defensive0
|n|☆KeshBa45|keshba45
|n|*Lady Monita ☽|ladymonita
|n| neckbeard007|neckbeard007
|n| minior fan|miniorfan
|l|*Lady Monita ☽
|l|☆KeshBa45
|l| minior fan
