|j|☆Pawnnel
|j|☆harsh634
|t:|1665245886
|gametype|singles
|player|p1|Pawnnel|psychic-gen4|1650
|player|p2|harsh634|red|1720
|teamsize|p1|6
|teamsize|p2|6
|gen|8
|tier|[Gen 8] National Dex AG
|rated|
|rule|HP Percentage Mod: HP is shown in percentages
|rule|Endless Battle Clause: Forcing endless battles is banned
|clearpoke
|poke|p1|Quagsire, M|
|poke|p1|Tyranitar, M|
|poke|p1|Torkoal, M|
|poke|p1|Venusaur, M|
|poke|p1|Garchomp, M|
|poke|p1|Scizor, M|
|poke|p2|Mewtwo|
|poke|p2|Tyranitar, M|
|poke|p2|Ferrothorn, F|
|poke|p2|Ho-Oh|
|poke|p2|Arceus-*|
|poke|p2|Ditto|
|teampreview
|inactive|Battle timer is ON: inactive players will automatically lose when time's up. (requested by harsh634)
|
|t:|1665245917
|start
|switch|p1a: Buddy|Torkoal, M|100/100
|switch|p2a: Arceus|Arceus-Ground|100/100
|-weather|SunnyDay|[from] ability: Drought|[of] p1a: Buddy
|turn|1
|inactive|Pawnnel has 120 seconds left.
|
|t:|1665245948
|move|p2a: Arceus|Judgment|p1a: Buddy
|-supereffective|p1a: Buddy
|-damage|p1a: Buddy|0 fnt
|faint|p1a: Buddy
|
|-weather|SunnyDay|[upkeep]
|upkeep
|inactive|Pawnnel has 120 seconds left.
|
|t:|1665245953
|switch|p1a: Bobsor|Venusaur, M|100/100
|turn|2
|inactive|Pawnnel has 120 seconds left.
|
|t:|1665245965
|switch|p2a: Ferrothorn|Ferrothorn, F|100/100
|move|p1a: Bobsor|Sludge Bomb|p2a: Ferrothorn
|-immune|p2a: Ferrothorn
|
|-weather|SunnyDay|[upkeep]
|upkeep
|turn|3
|
|t:|1665245976
|move|p1a: Bobsor|Weather Ball|p2a: Ferrothorn
|-supereffective|p2a: Ferrothorn
|-damage|p2a: Ferrothorn|0 fnt
|faint|p2a: Ferrothorn
|-damage|p1a: Bobsor|91/100|[from] item: Life Orb
|
|-weather|SunnyDay|[upkeep]
|upkeep
|
|t:|1665245984
|switch|p2a: Ho-Oh|Ho-Oh|100/100
|turn|4
|
|t:|1665245990
|switch|p1a: Toguro|Tyranitar, M|100/100
|-weather|Sandstorm|[from] ability: Sand Stream|[of] p1a: Toguro
|move|p2a: Ho-Oh|Sacred Fire|p1a: Toguro
|-resisted|p1a: Toguro
|-damage|p1a: Toguro|82/100
|
|-weather|Sandstorm|[upkeep]
|-damage|p2a: Ho-Oh|94/100|[from] Sandstorm
|-heal|p1a: Toguro|88/100|[from] item: Leftovers
|upkeep
|turn|5
|
|t:|1665246000
|switch|p2a: Tyranitar|Tyranitar, M|100/100
|move|p1a: Toguro|Dragon Dance|p1a: Toguro
|-boost|p1a: Toguro|atk|1
|-boost|p1a: Toguro|spe|1
|
|-weather|Sandstorm|[upkeep]
|-heal|p1a: Toguro|94/100|[from] item: Leftovers
|upkeep
|turn|6
|
|t:|1665246011
|detailschange|p2a: Tyranitar|Tyranitar-Mega, M
|-mega|p2a: Tyranitar|Tyranitar|Tyranitarite
|move|p1a: Toguro|Earthquake|p2a: Tyranitar
|-supereffective|p2a: Tyranitar
|-damage|p2a: Tyranitar|28/100
|move|p2a: Tyranitar|Stealth Rock|p1a: Toguro
|-sidestart|p1: Pawnnel|move: Stealth Rock
|
|-weather|Sandstorm|[upkeep]
|-heal|p1a: Toguro|100/100|[from] item: Leftovers
|upkeep
|turn|7
|
|t:|1665246027
|switch|p2a: Ho-Oh|Ho-Oh|100/100
|move|p1a: Toguro|Rock Slide|p2a: Ho-Oh
|-supereffective|p2a: Ho-Oh
|-damage|p2a: Ho-Oh|0 fnt
|faint|p2a: Ho-Oh
|
|-weather|Sandstorm|[upkeep]
|upkeep
|
|t:|1665246033
|switch|p2a: Arceus|Arceus-Ground|100/100
|turn|8
|
|t:|1665246046
|-start|p1a: Toguro|Dynamax|
|-heal|p1a: Toguro|100/100|[silent]
|move|p1a: Toguro|Max Darkness|p2a: Arceus
|-damage|p2a: Arceus|43/100
|-unboost|p2a: Arceus|spd|1
|move|p2a: Arceus|Judgment|p1a: Toguro
|-supereffective|p1a: Toguro
|-damage|p1a: Toguro|65/100
|
|-weather|none
|-heal|p1a: Toguro|68/100|[from] item: Leftovers
|upkeep
|turn|9
|
|t:|1665246061
|move|p1a: Toguro|Max Darkness|p2a: Arceus
|-damage|p2a: Arceus|0 fnt
|faint|p2a: Arceus
|
|-heal|p1a: Toguro|71/100|[from] item: Leftovers
|upkeep
|
|t:|1665246075
|switch|p2a: Tyranitar|Tyranitar-Mega, M|28/100
|-weather|Sandstorm|[from] ability: Sand Stream|[of] p2a: Tyranitar
|turn|10
|
|t:|1665246090
|move|p1a: Toguro|Max Quake|p2a: Tyranitar
|-supereffective|p2a: Tyranitar
|-damage|p2a: Tyranitar|0 fnt
|-boost|p1a: Toguro|spd|1
|faint|p2a: Tyranitar
|
|-weather|Sandstorm|[upkeep]
|-heal|p1a: Toguro|75/100|[from] item: Leftovers
|upkeep
|
|t:|1665246098
|switch|p2a: Ditto|Ditto|100/100
|-transform|p2a: Ditto|p1a: Toguro|[from] ability: Imposter
|-end|p1a: Toguro|Dynamax
|-heal|p1a: Toguro|75/100|[silent]
|turn|11
|
|t:|1665246106
|move|p2a: Ditto|Earthquake|p1a: Toguro
|-supereffective|p1a: Toguro
|-damage|p1a: Toguro|0 fnt
|faint|p1a: Toguro
|
|-weather|Sandstorm|[upkeep]
|upkeep
|
|t:|1665246113
|switch|p1a: Rex|Garchomp, M|100/100
|-damage|p1a: Rex|94/100|[from] Stealth Rock
|turn|12
|
|t:|1665246117
|move|p2a: Ditto|Earthquake|p1a: Rex
|-damage|p1a: Rex|31/100
|move|p1a: Rex|Scale Shot|p2a: Ditto
|-damage|p2a: Ditto|85/100
|-damage|p2a: Ditto|71/100
|-hitcount|p2a: Ditto|2
|-unboost|p1a: Rex|def|1
|-boost|p1a: Rex|spe|1
|
|-weather|Sandstorm|[upkeep]
|upkeep
|turn|13
|
|t:|1665246128
|move|p1a: Rex|Earthquake|p2a: Ditto
|-supereffective|p2a: Ditto
|-damage|p2a: Ditto|0 fnt
|faint|p2a: Ditto
|
|-weather|Sandstorm|[upkeep]
|upkeep
|
|t:|1665246134
|switch|p2a: Mewtwo|Mewtwo|100/100
|-ability|p2a: Mewtwo|Unnerve
|turn|14
|c|☆Pawnnel|ggs
|
|t:|1665246143
|-start|p2a: Mewtwo|Dynamax|
|-heal|p2a: Mewtwo|100/100|[silent]
|-zpower|p1a: Rex
|move|p1a: Rex|Tectonic Rage|p2a: Mewtwo|[zeffect]
|-crit|p2a: Mewtwo
|-damage|p2a: Mewtwo|27/100
|move|p2a: Mewtwo|Max Mindstorm|p1a: Rex
|-damage|p1a: Rex|0 fnt
|-fieldstart|move: Psychic Terrain
|faint|p1a: Rex
|-damage|p2a: Mewtwo|22/100|[from] item: Life Orb
|
|-weather|none
|upkeep
|c|☆harsh634|tf
|
|t:|1665246165
|switch|p1a: Yusuke|Scizor, M|100/100
|-damage|p1a: Yusuke|88/100|[from] Stealth Rock
|turn|15
|
|t:|1665246170
|switch|p1a: Flop|Quagsire, M|100/100
|-damage|p1a: Flop|94/100|[from] Stealth Rock
|move|p2a: Mewtwo|Max Flare|p1a: Flop
|-resisted|p1a: Flop
|-damage|p1a: Flop|53/100
|-weather|SunnyDay
|-damage|p2a: Mewtwo|17/100|[from] item: Life Orb
|
|-weather|SunnyDay|[upkeep]
|-heal|p1a: Flop|59/100|[from] item: Leftovers
|upkeep
|turn|16
|
|t:|1665246181
|move|p2a: Mewtwo|Max Airstream|p1a: Flop
|-damage|p1a: Flop|0 fnt
|-boost|p2a: Mewtwo|spe|1
|faint|p1a: Flop
|-damage|p2a: Mewtwo|12/100|[from] item: Life Orb
|
|-weather|SunnyDay|[upkeep]
|upkeep
|c|☆harsh634|yes
|c|☆harsh634|gg
|
|t:|1665246197
|switch|p1a: Bobsor|Venusaur, M|91/100
|-damage|p1a: Bobsor|78/100|[from] Stealth Rock
|-end|p2a: Mewtwo|Dynamax
|-heal|p2a: Mewtwo|12/100|[silent]
|turn|17
|
|t:|1665246207
|move|p2a: Mewtwo|Psystrike|p1a: Bobsor
|-supereffective|p1a: Bobsor
|-damage|p1a: Bobsor|0 fnt
|faint|p1a: Bobsor
|-damage|p2a: Mewtwo|2/100|[from] item: Life Orb
|
|-weather|SunnyDay|[upkeep]
|upkeep
|
|t:|1665246213
|switch|p1a: Yusuke|Scizor, M|88/100
|-damage|p1a: Yusuke|75/100|[from] Stealth Rock
|turn|18
|c|☆Pawnnel|ah damn
|
|t:|1665246234
|detailschange|p1a: Yusuke|Scizor-Mega, M
|-mega|p1a: Yusuke|Scizor|Scizorite
|move|p1a: Yusuke|Bullet Punch|p2a: Mewtwo
|-activate|p2a: Mewtwo|move: Psychic Terrain
|move|p2a: Mewtwo|Fire Blast|p1a: Yusuke
|-supereffective|p1a: Yusuke
|-damage|p1a: Yusuke|0 fnt
|faint|p1a: Yusuke
|-damage|p2a: Mewtwo|0 fnt|[from] item: Life Orb
|faint|p2a: Mewtwo
|
|win|harsh634
|raw|Pawnnel's rating: 1650 &rarr; <strong>1634</strong><br />(-16 for losing)
|raw|harsh634's rating: 1720 &rarr; <strong>1736</strong><br />(+16 for winning)
|c|☆harsh634|yyyyyyeeeeeesssss
|c|☆harsh634|OMG
|c|☆harsh634|what
|c|☆harsh634|a
|c|☆harsh634|comeback
|c|☆Pawnnel|gg wp
|c|☆harsh634|u2
|c|☆Pawnnel|wwasnt expecting that ngl
|c|☆harsh634|mew2 sweeped 4 pokemon
||Ladder isn't responding, score probably updated but might not have (Request timeout).
