|j|☆Snakethey
|j|☆Goku Uchiha 2001
|t:|1664300216
|gametype|singles
|player|p1|Snakethey|steven|1766
|player|p2|Goku Uchiha 2001|blue-gen3two|1761
|teamsize|p1|6
|teamsize|p2|6
|gen|8
|tier|[Gen 8] National Dex AG
|rated|
|rule|HP Percentage Mod: HP is shown in percentages
|rule|Endless Battle Clause: Forcing endless battles is banned
|clearpoke
|poke|p1|Yveltal|
|poke|p1|Rayquaza|
|poke|p1|Zacian-*|
|poke|p1|Calyrex-Shadow|
|poke|p1|Ditto|
|poke|p1|Arceus-*|
|poke|p2|Landorus-Therian, M|
|poke|p2|Ditto|
|poke|p2|Arceus-*|
|poke|p2|Necrozma-Dusk-Mane|
|poke|p2|Deoxys-Speed|
|poke|p2|Giratina-Origin|
|teampreview
|inactive|Battle timer is ON: inactive players will automatically lose when time's up. (requested by Goku Uchiha 2001)
|
|t:|1664300230
|start
|switch|p1a: Arceus|Arceus-Water|100/100
|switch|p2a: Deoxys|Deoxys-Speed|100/100
|-ability|p2a: Deoxys|Pressure
|turn|1
|
|t:|1664300234
|move|p2a: Deoxys|Taunt|p1a: Arceus
|-start|p1a: Arceus|move: Taunt
|move|p1a: Arceus|Judgment|p2a: Deoxys
|-damage|p2a: Deoxys|42/100
|
|upkeep
|turn|2
|
|t:|1664300237
|move|p2a: Deoxys|Stealth Rock|p1a: Arceus
|-sidestart|p1: Snakethey|move: Stealth Rock
|move|p1a: Arceus|Judgment|p2a: Deoxys
|-crit|p2a: Deoxys
|-damage|p2a: Deoxys|0 fnt
|faint|p2a: Deoxys
|
|upkeep
|
|t:|1664300246
|switch|p2a: Giratina|Giratina-Origin|100/100
|turn|3
|
|t:|1664300263
|move|p1a: Arceus|Ice Beam|p2a: Giratina
|-supereffective|p2a: Giratina
|-damage|p2a: Giratina|68/100
|move|p2a: Giratina|Hone Claws|p2a: Giratina
|-boost|p2a: Giratina|atk|1
|-boost|p2a: Giratina|accuracy|1
|
|-end|p1a: Arceus|move: Taunt
|upkeep
|turn|4
|
|t:|1664300270
|move|p1a: Arceus|Defog|p2a: Giratina
|-unboost|p2a: Giratina|evasion|1
|-sideend|p1: Snakethey|Stealth Rock|[from] move: Defog|[of] p1a: Arceus
|move|p2a: Giratina|Dragon Claw|p1a: Arceus
|-damage|p1a: Arceus|56/100
|
|upkeep
|turn|5
|
|t:|1664300275
|move|p1a: Arceus|Stealth Rock|p2a: Giratina
|-sidestart|p2: Goku Uchiha 2001|move: Stealth Rock
|move|p2a: Giratina|Poltergeist|p1a: Arceus
|-activate|p1a: Arceus|move: Poltergeist|Splash Plate
|-damage|p1a: Arceus|0 fnt
|faint|p1a: Arceus
|
|upkeep
|
|t:|1664300288
|switch|p1a: Calyrex|Calyrex-Shadow|100/100
|-ability|p1a: Calyrex|As One
|-ability|p1a: Calyrex|Unnerve
|turn|6
|
|t:|1664300291
|move|p2a: Giratina|Shadow Sneak|p1a: Calyrex
|-supereffective|p1a: Calyrex
|-enditem|p1a: Calyrex|Focus Sash
|-damage|p1a: Calyrex|1/100
|move|p1a: Calyrex|Astral Barrage|p2a: Giratina
|-supereffective|p2a: Giratina
|-damage|p2a: Giratina|0 fnt
|faint|p2a: Giratina
|-ability|p1a: Calyrex|Grim Neigh|boost
|-boost|p1a: Calyrex|spa|1
|
|upkeep
|
|t:|1664300296
|switch|p2a: Ditto|Ditto, shiny|100/100
|-damage|p2a: Ditto|88/100|[from] Stealth Rock
|-transform|p2a: Ditto|p1a: Calyrex|[from] ability: Imposter
|turn|7
|
|t:|1664300301
|switch|p1a: Yveltal|Yveltal|100/100
|-ability|p1a: Yveltal|Dark Aura
|move|p2a: Ditto|Draining Kiss|p1a: Yveltal
|-supereffective|p1a: Yveltal
|-damage|p1a: Yveltal|46/100
|-heal|p2a: Ditto|100/100|[from] drain|[of] p1a: Yveltal
|
|upkeep
|turn|8
|
|t:|1664300310
|switch|p2a: Necrozma|Necrozma-Dusk-Mane, shiny|100/100
|-damage|p2a: Necrozma|95/100|[from] Stealth Rock
|-start|p1a: Yveltal|Dynamax|
|-heal|p1a: Yveltal|46/100|[silent]
|move|p1a: Yveltal|Max Darkness|p2a: Necrozma
|-supereffective|p2a: Necrozma
|-damage|p2a: Necrozma|0 fnt
|faint|p2a: Necrozma
|-damage|p1a: Yveltal|41/100|[from] item: Life Orb
|
|upkeep
|
|t:|1664300324
|switch|p2a: Arceus|Arceus|100/100
|-damage|p2a: Arceus|88/100|[from] Stealth Rock
|turn|9
|
|t:|1664300339
|move|p1a: Yveltal|Max Airstream|p2a: Arceus
|-damage|p2a: Arceus|30/100
|-boost|p1a: Yveltal|spe|1
|-damage|p1a: Yveltal|36/100|[from] item: Life Orb
|move|p2a: Arceus|Recover|p2a: Arceus
|-heal|p2a: Arceus|80/100
|
|upkeep
|turn|10
|
|t:|1664300347
|move|p1a: Yveltal|Max Darkness|p2a: Arceus
|-damage|p2a: Arceus|7/100
|-unboost|p2a: Arceus|spd|1
|-damage|p1a: Yveltal|31/100|[from] item: Life Orb
|move|p2a: Arceus|Recover|p2a: Arceus
|-heal|p2a: Arceus|57/100
|
|upkeep
|-end|p1a: Yveltal|Dynamax
|-heal|p1a: Yveltal|31/100|[silent]
|turn|11
|
|t:|1664300356
|move|p2a: Arceus|Extreme Speed|p1a: Yveltal
|-damage|p1a: Yveltal|0 fnt
|faint|p1a: Yveltal
|
|upkeep
|
|t:|1664300367
|switch|p1a: Ditto|Ditto|100/100
|-transform|p1a: Ditto|p2a: Arceus|[from] ability: Imposter
|turn|12
|
|t:|1664300371
|switch|p1a: Rayquaza|Rayquaza|100/100
|-ability|p1a: Rayquaza|Air Lock
|move|p2a: Arceus|Recover|p2a: Arceus
|-heal|p2a: Arceus|100/100
|
|upkeep
|turn|13
|
|t:|1664300378
|detailschange|p1a: Rayquaza|Rayquaza-Mega
|-mega|p1a: Rayquaza|Rayquaza|
|-weather|DeltaStream|[from] ability: Delta Stream|[of] p1a: Rayquaza
|move|p2a: Arceus|Extreme Speed|p1a: Rayquaza
|-damage|p1a: Rayquaza|59/100
|move|p1a: Rayquaza|Dragon Dance|p1a: Rayquaza
|-boost|p1a: Rayquaza|atk|1
|-boost|p1a: Rayquaza|spe|1
|
|-weather|DeltaStream|[upkeep]
|upkeep
|turn|14
|
|t:|1664300386
|move|p2a: Arceus|Extreme Speed|p1a: Rayquaza
|-damage|p1a: Rayquaza|20/100
|move|p1a: Rayquaza|Dragon Ascent|p2a: Arceus
|-damage|p2a: Arceus|7/100
|-unboost|p1a: Rayquaza|def|1
|-unboost|p1a: Rayquaza|spd|1
|
|-weather|DeltaStream|[upkeep]
|upkeep
|turn|15
|
|t:|1664300394
|move|p1a: Rayquaza|Extreme Speed|p2a: Arceus
|-damage|p2a: Arceus|0 fnt
|faint|p2a: Arceus
|
|-weather|DeltaStream|[upkeep]
|upkeep
|
|t:|1664300397
|switch|p2a: Ditto|Ditto, shiny|100/100
|-damage|p2a: Ditto|88/100|[from] Stealth Rock
|-transform|p2a: Ditto|p1a: Rayquaza|[from] ability: Imposter
|turn|16
|
|t:|1664300401
|move|p2a: Ditto|Extreme Speed|p1a: Rayquaza
|-damage|p1a: Rayquaza|0 fnt
|faint|p1a: Rayquaza
|
|-weather|DeltaStream|[upkeep]
|upkeep
|
|t:|1664300406
|switch|p1a: Zacian|Zacian-Crowned|100/100
|-ability|p1a: Zacian|Intrepid Sword|boost
|-boost|p1a: Zacian|atk|1
|turn|17
|
|t:|1664300410
|-weather|none
|switch|p2a: Landorus|Landorus-Therian, M|100/100
|-damage|p2a: Landorus|88/100|[from] Stealth Rock
|-ability|p2a: Landorus|Intimidate|boost
|-unboost|p1a: Zacian|atk|1
|move|p1a: Zacian|Play Rough|p2a: Landorus
|-damage|p2a: Landorus|17/100
|
|upkeep
|turn|18
|
|t:|1664300425
|switch|p1a: Ditto|Ditto|100/100
|-transform|p1a: Ditto|p2a: Landorus|[from] ability: Imposter
|-ability|p1a: Ditto|Intimidate|boost
|-unboost|p2a: Landorus|atk|1
|-start|p2a: Landorus|Dynamax|
|-heal|p2a: Landorus|17/100|[silent]
|move|p2a: Landorus|Max Airstream|p1a: Ditto
|-damage|p1a: Ditto|26/100
|-boost|p2a: Landorus|spe|1
|-damage|p2a: Landorus|13/100|[from] item: Life Orb
|
|upkeep
|turn|19
|
|t:|1664300432
|switch|p1a: Calyrex|Calyrex-Shadow|1/100
|-ability|p1a: Calyrex|As One
|-ability|p1a: Calyrex|Unnerve
|move|p2a: Landorus|Max Airstream|p1a: Calyrex
|-damage|p1a: Calyrex|0 fnt
|-boost|p2a: Landorus|spe|1
|faint|p1a: Calyrex
|-damage|p2a: Landorus|8/100|[from] item: Life Orb
|
|upkeep
|
|t:|1664300440
|switch|p1a: Zacian|Zacian-Crowned|100/100
|-ability|p1a: Zacian|Intrepid Sword|boost
|-boost|p1a: Zacian|atk|1
|turn|20
|
|t:|1664300447
|switch|p1a: Ditto|Ditto|26/100
|-transform|p1a: Ditto|p2a: Landorus|[from] ability: Imposter
|-ability|p1a: Ditto|Intimidate|boost
|-unboost|p2a: Landorus|atk|1
|move|p2a: Landorus|Max Rockfall|p1a: Ditto
|-damage|p1a: Ditto|0 fnt
|-weather|Sandstorm
|faint|p1a: Ditto
|-damage|p2a: Landorus|3/100|[from] item: Life Orb
|
|-weather|Sandstorm|[upkeep]
|upkeep
|
|t:|1664300457
|switch|p1a: Zacian|Zacian-Crowned|100/100
|-ability|p1a: Zacian|Intrepid Sword|boost
|-boost|p1a: Zacian|atk|1
|-end|p2a: Landorus|Dynamax
|-heal|p2a: Landorus|3/100|[silent]
|turn|21
|
|t:|1664300460
|move|p2a: Landorus|Earthquake|p1a: Zacian
|-supereffective|p1a: Zacian
|-damage|p1a: Zacian|33/100
|-damage|p2a: Landorus|0 fnt|[from] item: Life Orb
|faint|p2a: Landorus
|move|p1a: Zacian|Behemoth Blade|p2: Landorus|[notarget]
|-fail|p1a: Zacian
|
|-weather|Sandstorm|[upkeep]
|upkeep
|
|t:|1664300463
|switch|p2a: Ditto|Ditto, shiny|88/100
|-damage|p2a: Ditto|76/100|[from] Stealth Rock
|-transform|p2a: Ditto|p1a: Zacian|[from] ability: Imposter
|-ability|p2a: Ditto|Intrepid Sword|boost
|-boost|p2a: Ditto|atk|1
|turn|22
|
|t:|1664300467
|move|p2a: Ditto|Behemoth Blade|p1a: Zacian
|-damage|p1a: Zacian|0 fnt
|faint|p1a: Zacian
|
|win|Goku Uchiha 2001
|raw|Snakethey's rating: 1766 &rarr; <strong>1746</strong><br />(-20 for losing)
|raw|Goku Uchiha 2001's rating: 1761 &rarr; <strong>1781</strong><br />(+20 for winning)
|c|☆Snakethey|Gg
|c|☆Goku Uchiha 2001|Gg
|l|☆Snakethey
