|j|☆Professor Thailog
|j|☆soda49
|t:|1641097907
|gametype|singles
|player|p1|Professor Thailog|scientist-gen4|1444
|player|p2|soda49|1|1728
|teamsize|p1|6
|teamsize|p2|6
|gen|8
|tier|[Gen 8] National Dex AG
|rated|
|rule|HP Percentage Mod: HP is shown in percentages
|rule|Endless Battle Clause: Forcing endless battles is banned
|clearpoke
|poke|p1|Tapu Koko|
|poke|p1|Drifblim, M|
|poke|p1|Salamence, M|
|poke|p1|Excadrill, M|
|poke|p1|Tyranitar, F|
|poke|p1|Celesteela|
|poke|p2|Smeargle, F|
|poke|p2|Charizard, M|
|poke|p2|Mimikyu, M|
|poke|p2|Gengar, M|
|poke|p2|Whimsicott, F|
|poke|p2|Calyrex-Shadow|
|teampreview
|inactive|Battle timer is ON: inactive players will automatically lose when time's up. (requested by soda49)
|
|t:|1641097915
|start
|switch|p1a: Tapu Koko|Tapu Koko|100/100
|switch|p2a: Charizard|Charizard, M|100/100
|-fieldstart|move: Electric Terrain|[from] ability: Electric Surge|[of] p1a: Tapu Koko
|turn|1
|
|t:|1641097920
|switch|p2a: Whimsicott|Whimsicott, F|100/100
|move|p1a: Tapu Koko|Wild Charge|p2a: Whimsicott
|-resisted|p2a: Whimsicott
|-damage|p2a: Whimsicott|77/100
|-damage|p1a: Tapu Koko|94/100|[from] Recoil
|
|upkeep
|turn|2
|
|t:|1641097924
|move|p2a: Whimsicott|Defog|p1a: Tapu Koko
|-unboost|p1a: Tapu Koko|evasion|1
|-fieldend|move: Electric Terrain
|move|p1a: Tapu Koko|Taunt|p2a: Whimsicott
|-start|p2a: Whimsicott|move: Taunt
|
|upkeep
|turn|3
|
|t:|1641097928
|move|p1a: Tapu Koko|U-turn|p2a: Whimsicott
|-damage|p2a: Whimsicott|57/100
|
|t:|1641097930
|switch|p1a: Tyranitar|Tyranitar, F|100/100|[from]move: U-turn
|-weather|Sandstorm|[from] ability: Sand Stream|[of] p1a: Tyranitar
|move|p2a: Whimsicott|Moonblast|p1a: Tyranitar
|-supereffective|p1a: Tyranitar
|-damage|p1a: Tyranitar|69/100
|
|-weather|Sandstorm|[upkeep]
|-damage|p2a: Whimsicott|51/100|[from] Sandstorm
|upkeep
|turn|4
|
|t:|1641097933
|move|p2a: Whimsicott|Moonblast|p1a: Tyranitar
|-supereffective|p1a: Tyranitar
|-damage|p1a: Tyranitar|41/100
|-unboost|p1a: Tyranitar|spa|1
|move|p1a: Tyranitar|Stealth Rock|p2a: Whimsicott
|-sidestart|p2: soda49|move: Stealth Rock
|
|-weather|Sandstorm|[upkeep]
|-damage|p2a: Whimsicott|45/100|[from] Sandstorm
|upkeep
|turn|5
|
|t:|1641097943
|switch|p2a: Gengar|Gengar, M|100/100
|-damage|p2a: Gengar|88/100|[from] Stealth Rock
|switch|p1a: Tapu Koko|Tapu Koko|94/100
|-fieldstart|move: Electric Terrain|[from] ability: Electric Surge|[of] p1a: Tapu Koko
|
|-weather|Sandstorm|[upkeep]
|-damage|p1a: Tapu Koko|88/100|[from] Sandstorm
|-damage|p2a: Gengar|82/100|[from] Sandstorm
|upkeep
|turn|6
|
|t:|1641097957
|detailschange|p2a: Gengar|Gengar-Mega, M
|-mega|p2a: Gengar|Gengar|Gengarite
|move|p1a: Tapu Koko|U-turn|p2a: Gengar
|-resisted|p2a: Gengar
|-damage|p2a: Gengar|74/100
|
|t:|1641097960
|switch|p1a: Tyranitar|Tyranitar, F|41/100|[from]move: U-turn
|move|p2a: Gengar|Destiny Bond|p2a: Gengar
|-singlemove|p2a: Gengar|Destiny Bond
|
|-weather|Sandstorm|[upkeep]
|-damage|p2a: Gengar|68/100|[from] Sandstorm
|upkeep
|turn|7
|
|t:|1641097968
|move|p2a: Gengar|Substitute|p2a: Gengar
|-start|p2a: Gengar|Substitute
|-damage|p2a: Gengar|44/100
|move|p1a: Tyranitar|Pursuit|p2a: Gengar
|-supereffective|p2a: Gengar
|-end|p2a: Gengar|Substitute
|
|-weather|none
|upkeep
|turn|8
|
|t:|1641097972
|move|p2a: Gengar|Substitute|p2a: Gengar
|-start|p2a: Gengar|Substitute
|-damage|p2a: Gengar|19/100
|move|p1a: Tyranitar|Roar|p2a: Gengar
|drag|p2a: The wobbler|Smeargle, F|100/100
|-damage|p2a: The wobbler|88/100|[from] Stealth Rock
|
|-heal|p2a: The wobbler|94/100|[from] item: Leftovers
|-ability|p2a: The wobbler|Moody|boost
|-boost|p2a: The wobbler|spe|2
|-unboost|p2a: The wobbler|spd|1
|upkeep
|turn|9
|
|t:|1641097979
|move|p2a: The wobbler|Substitute|p2a: The wobbler
|-start|p2a: The wobbler|Substitute
|-damage|p2a: The wobbler|69/100
|move|p1a: Tyranitar|Stone Edge|p2a: The wobbler
|-end|p2a: The wobbler|Substitute
|
|-heal|p2a: The wobbler|75/100|[from] item: Leftovers
|-fieldend|move: Electric Terrain
|-ability|p2a: The wobbler|Moody|boost
|-boost|p2a: The wobbler|spa|2
|-unboost|p2a: The wobbler|atk|1
|upkeep
|turn|10
|
|t:|1641097983
|switch|p1a: Tapu Koko|Tapu Koko|88/100
|-fieldstart|move: Electric Terrain|[from] ability: Electric Surge|[of] p1a: Tapu Koko
|move|p2a: The wobbler|Spore|p1a: Tapu Koko
|-activate|p1a: Tapu Koko|move: Electric Terrain
|
|-heal|p2a: The wobbler|81/100|[from] item: Leftovers
|-ability|p2a: The wobbler|Moody|boost
|-boost|p2a: The wobbler|spe|2
|-unboost|p2a: The wobbler|def|1
|upkeep
|turn|11
|
|t:|1641097986
|switch|p2a: Gengar|Gengar-Mega, M|19/100
|-damage|p2a: Gengar|6/100|[from] Stealth Rock
|move|p1a: Tapu Koko|Taunt|p2a: Gengar
|-start|p2a: Gengar|move: Taunt
|
|upkeep
|turn|12
|
|t:|1641097990
|move|p1a: Tapu Koko|Wild Charge|p2a: Gengar
|-damage|p2a: Gengar|0 fnt
|faint|p2a: Gengar
|-damage|p1a: Tapu Koko|86/100|[from] Recoil
|
|upkeep
|
|t:|1641097998
|switch|p2a: Whimsicott|Whimsicott, F|45/100
|-damage|p2a: Whimsicott|32/100|[from] Stealth Rock
|turn|13
|
|t:|1641098002
|move|p2a: Whimsicott|Defog|p1a: Tapu Koko
|-unboost|p1a: Tapu Koko|evasion|1
|-sideend|p2: soda49|Stealth Rock|[from] move: Defog|[of] p2a: Whimsicott
|-fieldend|move: Electric Terrain
|move|p1a: Tapu Koko|U-turn|p2a: Whimsicott
|-damage|p2a: Whimsicott|15/100
|
|t:|1641098008
|switch|p1a: Celesteela|Celesteela|100/100|[from]move: U-turn
|
|upkeep
|turn|14
|
|t:|1641098013
|move|p2a: Whimsicott|Cotton Spore|p1a: Celesteela
|-unboost|p1a: Celesteela|spe|2
|move|p1a: Celesteela|Flamethrower|p2a: Whimsicott
|-supereffective|p2a: Whimsicott
|-damage|p2a: Whimsicott|0 fnt
|faint|p2a: Whimsicott
|-ability|p1a: Celesteela|Beast Boost|boost
|-boost|p1a: Celesteela|spd|1
|
|upkeep
|
|t:|1641098016
|switch|p2a: The wobbler|Smeargle, F|81/100
|turn|15
|
|t:|1641098020
|switch|p1a: Tapu Koko|Tapu Koko|86/100
|-fieldstart|move: Electric Terrain|[from] ability: Electric Surge|[of] p1a: Tapu Koko
|move|p2a: The wobbler|Spore|p1a: Tapu Koko
|-activate|p1a: Tapu Koko|move: Electric Terrain
|
|-heal|p2a: The wobbler|87/100|[from] item: Leftovers
|-ability|p2a: The wobbler|Moody|boost
|-boost|p2a: The wobbler|atk|2
|-unboost|p2a: The wobbler|spe|1
|upkeep
|turn|16
|
|t:|1641098025
|switch|p2a: Charizard|Charizard, M|100/100
|move|p1a: Tapu Koko|Taunt|p2a: Charizard
|-start|p2a: Charizard|move: Taunt
|
|upkeep
|turn|17
|
|t:|1641098030
|-start|p2a: Charizard|Dynamax
|-formechange|p2a: Charizard|Charizard-Gmax
|-heal|p2a: Charizard|100/100|[silent]
|move|p1a: Tapu Koko|Wild Charge|p2a: Charizard
|-supereffective|p2a: Charizard
|-damage|p2a: Charizard|18/100
|-damage|p1a: Tapu Koko|42/100|[from] Recoil
|move|p2a: Charizard|Max Airstream|p1a: Tapu Koko
|-resisted|p1a: Tapu Koko
|-damage|p1a: Tapu Koko|0 fnt
|-boost|p2a: Charizard|spe|1
|faint|p1a: Tapu Koko
|
|upkeep
|
|t:|1641098033
|switch|p1a: Drifblim|Drifblim, M|100/100
|-enditem|p1a: Drifblim|Electric Seed
|-boost|p1a: Drifblim|def|1|[from] item: Electric Seed
|turn|18
|
|t:|1641098040
|move|p1a: Drifblim|Thunderbolt|p2a: Charizard
|-supereffective|p2a: Charizard
|-damage|p2a: Charizard|0 fnt
|faint|p2a: Charizard
|
|upkeep
|
|t:|1641098045
|switch|p2a: Mimikyu|Mimikyu, M|100/100
|turn|19
|
|t:|1641098050
|move|p1a: Drifblim|Shadow Ball|p2a: Mimikyu
|-activate|p2a: Mimikyu|ability: Disguise
|-damage|p2a: Mimikyu|100/100
|detailschange|p2a: Mimikyu|Mimikyu-Busted, M
|-damage|p2a: Mimikyu|88/100|[from] pokemon: Mimikyu-Busted
|move|p2a: Mimikyu|Trick Room|p2a: Mimikyu
|-fieldstart|move: Trick Room|[of] p2a: Mimikyu
|
|-fieldend|move: Electric Terrain
|upkeep
|turn|20
|
|t:|1641098059
|-zpower|p2a: Mimikyu
|move|p2a: Mimikyu|Never-Ending Nightmare|p1a: Drifblim|[zeffect]
|-supereffective|p1a: Drifblim
|-damage|p1a: Drifblim|20/100
|move|p1a: Drifblim|Strength Sap|p2a: Mimikyu
|-unboost|p2a: Mimikyu|atk|1
|-heal|p1a: Drifblim|89/100
|
|upkeep
|turn|21
|
|t:|1641098063
|move|p2a: Mimikyu|Curse|p1a: Drifblim
|-start|p1a: Drifblim|Curse|[of] p2a: Mimikyu
|-damage|p2a: Mimikyu|38/100
|move|p1a: Drifblim|Strength Sap|p2a: Mimikyu
|-unboost|p2a: Mimikyu|atk|1
|-heal|p1a: Drifblim|100/100
|
|-damage|p1a: Drifblim|76/100|[from] Curse
|upkeep
|turn|22
|
|t:|1641098073
|move|p2a: Mimikyu|Shadow Sneak|p1a: Drifblim
|-supereffective|p1a: Drifblim
|-damage|p1a: Drifblim|57/100
|move|p1a: Drifblim|Strength Sap|p2a: Mimikyu
|-unboost|p2a: Mimikyu|atk|1
|-heal|p1a: Drifblim|91/100
|
|-damage|p1a: Drifblim|66/100|[from] Curse
|upkeep
|turn|23
|
|t:|1641098078
|move|p2a: Mimikyu|Shadow Sneak|p1a: Drifblim
|-supereffective|p1a: Drifblim
|-damage|p1a: Drifblim|52/100
|move|p1a: Drifblim|Shadow Ball|p2a: Mimikyu
|-supereffective|p2a: Mimikyu
|-damage|p2a: Mimikyu|0 fnt
|faint|p2a: Mimikyu
|
|-damage|p1a: Drifblim|27/100|[from] Curse
|-fieldend|move: Trick Room
|upkeep
|
|t:|1641098085
|switch|p2a: Calyrex|Calyrex-Shadow|100/100
|-ability|p2a: Calyrex|As One
|-ability|p2a: Calyrex|Unnerve
|turn|24
|
|t:|1641098088
|move|p1a: Drifblim|Shadow Ball|p2a: Calyrex
|-supereffective|p2a: Calyrex
|-enditem|p2a: Calyrex|Focus Sash
|-damage|p2a: Calyrex|1/100
|move|p2a: Calyrex|Astral Barrage|p1a: Drifblim
|-supereffective|p1a: Drifblim
|-damage|p1a: Drifblim|0 fnt
|faint|p1a: Drifblim
|-ability|p2a: Calyrex|Grim Neigh|boost
|-boost|p2a: Calyrex|spa|1
|
|upkeep
|
|t:|1641098091
|switch|p1a: Tyranitar|Tyranitar, F|41/100
|-weather|Sandstorm|[from] ability: Sand Stream|[of] p1a: Tyranitar
|turn|25
|
|t:|1641098095
|move|p2a: Calyrex|Draining Kiss|p1a: Tyranitar
|-supereffective|p1a: Tyranitar
|-damage|p1a: Tyranitar|2/100
|-heal|p2a: Calyrex|35/100|[from] drain|[of] p1a: Tyranitar
|move|p1a: Tyranitar|Stealth Rock|p2a: Calyrex
|-sidestart|p2: soda49|move: Stealth Rock
|
|-weather|Sandstorm|[upkeep]
|-damage|p2a: Calyrex|29/100|[from] Sandstorm
|upkeep
|turn|26
|
|t:|1641098100
|move|p2a: Calyrex|Draining Kiss|p1a: Tyranitar
|-supereffective|p1a: Tyranitar
|-damage|p1a: Tyranitar|0 fnt
|-heal|p2a: Calyrex|30/100|[from] drain|[of] p1a: Tyranitar
|faint|p1a: Tyranitar
|-ability|p2a: Calyrex|Grim Neigh|boost
|-boost|p2a: Calyrex|spa|1
|
|-weather|Sandstorm|[upkeep]
|-damage|p2a: Calyrex|24/100|[from] Sandstorm
|upkeep
|
|t:|1641098102
|switch|p1a: Excadrill|Excadrill, M|100/100
|turn|27
|
|t:|1641098108
|move|p1a: Excadrill|Earthquake|p2a: Calyrex
|-damage|p2a: Calyrex|0 fnt
|faint|p2a: Calyrex
|
|-weather|Sandstorm|[upkeep]
|upkeep
|
|t:|1641098109
|switch|p2a: The wobbler|Smeargle, F|87/100
|-damage|p2a: The wobbler|75/100|[from] Stealth Rock
|turn|28
|c|☆Professor Thailog|lol
|
|t:|1641098115
|move|p1a: Excadrill|Earthquake|p2a: The wobbler
|-damage|p2a: The wobbler|0 fnt
|faint|p2a: The wobbler
|
|win|Professor Thailog
|raw|Professor Thailog's rating: 1444 &rarr; <strong>1477</strong><br />(+33 for winning)
|raw|soda49's rating: 1728 &rarr; <strong>1695</strong><br />(-33 for losing)
|l|☆soda49
