|j|☆DarkboiJ
|j|☆thicsucttv
|t:|1666982023
|gametype|singles
|player|p1|DarkboiJ|blue-gen3two|1958
|player|p2|thicsucttv|266|1943
|teamsize|p1|6
|teamsize|p2|6
|gen|8
|tier|[Gen 8] National Dex AG
|rated|
|rule|HP Percentage Mod: HP is shown in percentages
|rule|Endless Battle Clause: Forcing endless battles is banned
|clearpoke
|poke|p1|Mewtwo|
|poke|p1|Zygarde|
|poke|p1|Zygarde|
|poke|p1|Ditto|
|poke|p1|Arceus-*|
|poke|p1|Arceus-*|
|poke|p2|Tyranitar, M|
|poke|p2|Marshadow|
|poke|p2|Yveltal|
|poke|p2|Necrozma-Dusk-Mane|
|poke|p2|Ditto|
|poke|p2|Lucario, M|
|teampreview
|inactive|Battle timer is ON: inactive players will automatically lose when time's up. (requested by DarkboiJ)
|
|t:|1666982039
|start
|switch|p1a: Arceus|Arceus-Fairy|100/100
|switch|p2a: Lucario|Lucario, M|100/100
|turn|1
|
|t:|1666982055
|switch|p1a: Zygarde|Zygarde, shiny|100/100
|detailschange|p2a: Lucario|Lucario-Mega, M
|-mega|p2a: Lucario|Lucario|Lucarionite
|move|p2a: Lucario|Substitute|p2a: Lucario
|-start|p2a: Lucario|Substitute
|-damage|p2a: Lucario|76/100
|
|upkeep
|turn|2
|
|t:|1666982065
|move|p2a: Lucario|Close Combat|p1a: Zygarde
|-damage|p1a: Zygarde|52/100
|-unboost|p2a: Lucario|def|1
|-unboost|p2a: Lucario|spd|1
|move|p1a: Zygarde|Thousand Arrows|p2a: Lucario
|-supereffective|p2a: Lucario
|-end|p2a: Lucario|Substitute
|
|upkeep
|turn|3
|
|t:|1666982077
|move|p2a: Lucario|Substitute|p2a: Lucario
|-start|p2a: Lucario|Substitute
|-damage|p2a: Lucario|51/100
|move|p1a: Zygarde|Thousand Arrows|p2a: Lucario
|-supereffective|p2a: Lucario
|-end|p2a: Lucario|Substitute
|
|upkeep
|turn|4
|
|t:|1666982084
|move|p2a: Lucario|Close Combat|p1a: Zygarde
|-damage|p1a: Zygarde|9/100
|-unboost|p2a: Lucario|def|1
|-unboost|p2a: Lucario|spd|1
|move|p1a: Zygarde|Thousand Arrows|p2a: Lucario
|-supereffective|p2a: Lucario
|-damage|p2a: Lucario|0 fnt
|faint|p2a: Lucario
|
|-activate|p1a: Zygarde|ability: Power Construct
|detailschange|p1a: Zygarde|Zygarde-Complete, shiny
|-heal|p1a: Zygarde|40/100|[silent]
|upkeep
|
|t:|1666982100
|switch|p2a: Yveltal|Yveltal|100/100
|-ability|p2a: Yveltal|Dark Aura
|turn|5
|
|t:|1666982105
|move|p2a: Yveltal|Knock Off|p1a: Zygarde
|-damage|p1a: Zygarde|9/100
|-enditem|p1a: Zygarde|Safety Goggles|[from] move: Knock Off|[of] p2a: Yveltal
|-damage|p2a: Yveltal|91/100|[from] item: Life Orb
|move|p1a: Zygarde|Glare|p2a: Yveltal
|-status|p2a: Yveltal|par
|
|upkeep
|turn|6
|
|t:|1666982115
|move|p1a: Zygarde|Rest|p1a: Zygarde
|-status|p1a: Zygarde|slp|[from] move: Rest
|-heal|p1a: Zygarde|100/100 slp|[silent]
|move|p2a: Yveltal|Knock Off|p1a: Zygarde
|-crit|p1a: Zygarde
|-damage|p1a: Zygarde|70/100 slp
|-damage|p2a: Yveltal|81/100 par|[from] item: Life Orb
|
|upkeep
|turn|7
|
|t:|1666982126
|switch|p2a: Marshadow|Marshadow|100/100
|cant|p1a: Zygarde|slp
|
|upkeep
|turn|8
|
|t:|1666982131
|move|p2a: Marshadow|Ice Punch|p1a: Zygarde
|-supereffective|p1a: Zygarde
|-damage|p1a: Zygarde|23/100 slp
|-damage|p2a: Marshadow|91/100|[from] item: Life Orb
|cant|p1a: Zygarde|slp
|
|upkeep
|turn|9
|
|t:|1666982145
|move|p2a: Marshadow|Close Combat|p1a: Zygarde
|-damage|p1a: Zygarde|0 fnt
|-unboost|p2a: Marshadow|def|1
|-unboost|p2a: Marshadow|spd|1
|faint|p1a: Zygarde
|-damage|p2a: Marshadow|81/100|[from] item: Life Orb
|
|upkeep
|
|t:|1666982150
|switch|p1a: Arceus|Arceus-Fairy|100/100
|turn|10
|
|t:|1666982157
|switch|p2a: Tyranitar|Tyranitar, M|100/100
|-weather|Sandstorm|[from] ability: Sand Stream|[of] p2a: Tyranitar
|move|p1a: Arceus|Stealth Rock|p2a: Tyranitar
|-sidestart|p2: thicsucttv|move: Stealth Rock
|
|-weather|Sandstorm|[upkeep]
|-damage|p1a: Arceus|94/100|[from] Sandstorm
|upkeep
|turn|11
|
|t:|1666982168
|switch|p1a: Zygarde|Zygarde, shiny|100/100
|move|p2a: Tyranitar|Stealth Rock|p1a: Zygarde
|-sidestart|p1: DarkboiJ|move: Stealth Rock
|
|-weather|Sandstorm|[upkeep]
|upkeep
|turn|12
|
|t:|1666982179
|move|p1a: Zygarde|Thousand Arrows|p2a: Tyranitar
|-supereffective|p2a: Tyranitar
|-damage|p2a: Tyranitar|50/100
|move|p2a: Tyranitar|Stone Edge|p1a: Zygarde
|-resisted|p1a: Zygarde
|-damage|p1a: Zygarde|85/100
|
|-weather|Sandstorm|[upkeep]
|-heal|p1a: Zygarde|92/100|[from] item: Leftovers
|-heal|p2a: Tyranitar|56/100|[from] item: Leftovers
|upkeep
|turn|13
|inactive|thicsucttv has 120 seconds left.
|
|t:|1666982210
|move|p1a: Zygarde|Thousand Arrows|p2a: Tyranitar
|-supereffective|p2a: Tyranitar
|-damage|p2a: Tyranitar|5/100
|move|p2a: Tyranitar|Stone Edge|p1a: Zygarde|[miss]
|-miss|p2a: Tyranitar|p1a: Zygarde
|
|-weather|Sandstorm|[upkeep]
|-heal|p1a: Zygarde|98/100|[from] item: Leftovers
|-heal|p2a: Tyranitar|11/100|[from] item: Leftovers
|upkeep
|turn|14
|inactive|thicsucttv has 120 seconds left.
|
|t:|1666982221
|move|p1a: Zygarde|Thousand Arrows|p2a: Tyranitar
|-supereffective|p2a: Tyranitar
|-damage|p2a: Tyranitar|0 fnt
|faint|p2a: Tyranitar
|
|-weather|none
|-heal|p1a: Zygarde|100/100|[from] item: Leftovers
|upkeep
|inactive|thicsucttv has 120 seconds left.
|
|t:|1666982229
|switch|p2a: Yveltal|Yveltal|81/100 par
|-damage|p2a: Yveltal|56/100 par|[from] Stealth Rock
|-ability|p2a: Yveltal|Dark Aura
|turn|15
|
|t:|1666982239
|switch|p1a: Arceus|Arceus-Fairy|94/100
|-damage|p1a: Arceus|82/100|[from] Stealth Rock
|cant|p2a: Yveltal|par
|
|upkeep
|turn|16
|
|t:|1666982246
|move|p1a: Arceus|Judgment|p2a: Yveltal
|-supereffective|p2a: Yveltal
|-damage|p2a: Yveltal|0 fnt
|faint|p2a: Yveltal
|
|upkeep
|
|t:|1666982254
|switch|p2a: Necrozma|Necrozma-Dusk-Mane|100/100
|-damage|p2a: Necrozma|94/100|[from] Stealth Rock
|turn|17
|
|t:|1666982259
|switch|p1a: Zygarde|Zygarde, shiny|100/100
|-damage|p1a: Zygarde|94/100|[from] Stealth Rock
|detailschange|p2a: Necrozma|Necrozma-Ultra
|-burst|p2a: Necrozma|Necrozma|Ultranecrozium Z
|move|p2a: Necrozma|Substitute|p2a: Necrozma
|-start|p2a: Necrozma|Substitute
|-damage|p2a: Necrozma|70/100
|
|-heal|p1a: Zygarde|100/100|[from] item: Leftovers
|upkeep
|turn|18
|
|t:|1666982270
|move|p2a: Necrozma|Photon Geyser|p1a: Zygarde
|-damage|p1a: Zygarde|58/100
|move|p1a: Zygarde|Thousand Arrows|p2a: Necrozma
|-end|p2a: Necrozma|Substitute
|
|-heal|p1a: Zygarde|64/100|[from] item: Leftovers
|upkeep
|turn|19
|
|t:|1666982289
|move|p2a: Necrozma|Substitute|p2a: Necrozma
|-start|p2a: Necrozma|Substitute
|-damage|p2a: Necrozma|45/100
|move|p1a: Zygarde|Thousand Arrows|p2a: Necrozma
|-end|p2a: Necrozma|Substitute
|
|-heal|p1a: Zygarde|70/100|[from] item: Leftovers
|upkeep
|turn|20
|
|t:|1666982298
|-zpower|p2a: Necrozma
|move|p2a: Necrozma|Light That Burns the Sky|p1a: Zygarde|[zeffect]
|-damage|p1a: Zygarde|0 fnt
|faint|p1a: Zygarde
|
|upkeep
|
|t:|1666982307
|switch|p1a: Mewtwo|Mewtwo|100/100
|-damage|p1a: Mewtwo|88/100|[from] Stealth Rock
|-ability|p1a: Mewtwo|Pressure
|turn|21
|
|t:|1666982334
|switch|p2a: Ditto|Ditto|100/100
|-damage|p2a: Ditto|88/100|[from] Stealth Rock
|-transform|p2a: Ditto|p1a: Mewtwo|[from] ability: Imposter
|-ability|p2a: Ditto|Pressure
|detailschange|p1a: Mewtwo|Mewtwo-Mega-X
|-mega|p1a: Mewtwo|Mewtwo|Mewtwonite X
|move|p1a: Mewtwo|Ice Punch|p2a: Ditto
|-damage|p2a: Ditto|50/100
|
|upkeep
|turn|22
|inactive|thicsucttv has 120 seconds left.
|
|t:|1666982369
|move|p2a: Ditto|Psycho Cut|p1a: Mewtwo
|-damage|p1a: Mewtwo|66/100
|move|p1a: Mewtwo|Bulk Up|p1a: Mewtwo
|-boost|p1a: Mewtwo|atk|1
|-boost|p1a: Mewtwo|def|1
|
|upkeep
|turn|23
|
|t:|1666982379
|switch|p2a: Necrozma|Necrozma-Ultra|45/100
|-damage|p2a: Necrozma|32/100|[from] Stealth Rock
|move|p1a: Mewtwo|Drain Punch|p2a: Necrozma
|-resisted|p2a: Necrozma
|-damage|p2a: Necrozma|0 fnt
|-heal|p1a: Mewtwo|79/100|[from] drain|[of] p2a: Necrozma
|faint|p2a: Necrozma
|
|upkeep
|
|t:|1666982391
|switch|p2a: Ditto|Ditto|50/100
|-damage|p2a: Ditto|37/100|[from] Stealth Rock
|-transform|p2a: Ditto|p1a: Mewtwo|[from] ability: Imposter
|turn|24
|
|t:|1666982399
|move|p2a: Ditto|Drain Punch|p1a: Mewtwo
|-resisted|p1a: Mewtwo
|-damage|p1a: Mewtwo|62/100
|-heal|p2a: Ditto|49/100|[from] drain|[of] p1a: Mewtwo
|move|p1a: Mewtwo|Psycho Cut|p2a: Ditto
|-crit|p2a: Ditto
|-damage|p2a: Ditto|0 fnt
|faint|p2a: Ditto
|
|upkeep
|j| Rt69.
|
|t:|1666982409
|switch|p2a: Marshadow|Marshadow|81/100
|-damage|p2a: Marshadow|74/100|[from] Stealth Rock
|turn|25
|
|t:|1666982414
|-start|p2a: Marshadow|Dynamax|
|-heal|p2a: Marshadow|74/100|[silent]
|move|p1a: Mewtwo|Psycho Cut|p2a: Marshadow
|-supereffective|p2a: Marshadow
|-damage|p2a: Marshadow|0 fnt
|faint|p2a: Marshadow
|
|win|DarkboiJ
|raw|DarkboiJ's rating: 1958 &rarr; <strong>1977</strong><br />(+19 for winning)
|raw|thicsucttv's rating: 1943 &rarr; <strong>1924</strong><br />(-19 for losing)
|l|☆thicsucttv
|l| Rt69.
|c|☆DarkboiJ|Mewtwo is the goat
