|j|☆Cold but Goated
|j|☆DarkmasterDX
|t:|1649836511
|gametype|singles
|player|p1|Cold but Goated|clown|1900
|player|p2|DarkmasterDX|koga-lgpe|1882
|teamsize|p1|6
|teamsize|p2|6
|gen|8
|tier|[Gen 8] National Dex AG
|rated|
|rule|HP Percentage Mod: HP is shown in percentages
|rule|Endless Battle Clause: Forcing endless battles is banned
|clearpoke
|poke|p1|Calyrex-Shadow|
|poke|p1|Palkia|
|poke|p1|Arceus-*|
|poke|p1|Lugia|
|poke|p1|Eternatus|
|poke|p1|Groudon|
|poke|p2|Groudon|
|poke|p2|Rayquaza|
|poke|p2|Zacian-*|
|poke|p2|Yveltal|
|poke|p2|Necrozma-Dusk-Mane|
|poke|p2|Calyrex-Shadow|
|teampreview
|inactive|Battle timer is ON: inactive players will automatically lose when time's up. (requested by Cold but Goated)
|c|☆Cold but Goated|Gl hf
|inactive|DarkmasterDX has 120 seconds left.
|c|☆Cold but Goated|o
|inactive|DarkmasterDX has 90 seconds left.
|
|t:|1649836578
|start
|switch|p1a: Groudon|Groudon|100/100
|switch|p2a: Yveltal|Yveltal|100/100
|-ability|p2a: Yveltal|Dark Aura
|detailschange|p1a: Groudon|Groudon-Primal
|-primal|p1a: Groudon
|-weather|DesolateLand|[from] ability: Desolate Land|[of] p1a: Groudon
|turn|1
|
|t:|1649836582
|-start|p2a: Yveltal|Dynamax|
|-heal|p2a: Yveltal|100/100|[silent]
|move|p2a: Yveltal|Max Darkness|p1a: Groudon
|-damage|p1a: Groudon|8/100
|-unboost|p1a: Groudon|spd|1
|-damage|p2a: Yveltal|96/100|[from] item: Life Orb
|move|p1a: Groudon|Stone Edge|p2a: Yveltal
|-supereffective|p2a: Yveltal
|-damage|p2a: Yveltal|63/100
|
|-weather|DesolateLand|[upkeep]
|upkeep
|turn|2
|
|t:|1649836589
|-weather|none
|switch|p1a: God Gamer|Arceus-Dark, shiny|100/100
|move|p2a: Yveltal|Max Airstream|p1a: God Gamer
|-damage|p1a: God Gamer|54/100
|-boost|p2a: Yveltal|spe|1
|-damage|p2a: Yveltal|58/100|[from] item: Life Orb
|
|upkeep
|turn|3
|
|t:|1649836594
|move|p2a: Yveltal|Max Darkness|p1a: God Gamer
|-resisted|p1a: God Gamer
|-damage|p1a: God Gamer|23/100
|-unboost|p1a: God Gamer|spd|1
|-damage|p2a: Yveltal|53/100|[from] item: Life Orb
|move|p1a: God Gamer|Recover|p1a: God Gamer
|-heal|p1a: God Gamer|73/100
|
|-end|p2a: Yveltal|Dynamax
|-heal|p2a: Yveltal|53/100|[silent]
|upkeep
|turn|4
|
|t:|1649836599
|switch|p1a: Groudon|Groudon-Primal|8/100
|-weather|DesolateLand|[from] ability: Desolate Land|[of] p1a: Groudon
|move|p2a: Yveltal|Oblivion Wing|p1a: Groudon
|-damage|p1a: Groudon|0 fnt
|-heal|p2a: Yveltal|59/100|[from] drain|[of] p1a: Groudon
|faint|p1a: Groudon
|-weather|none
|-damage|p2a: Yveltal|49/100|[from] item: Life Orb
|
|upkeep
|
|t:|1649836601
|switch|p1a: God Gamer|Arceus-Dark, shiny|73/100
|turn|5
|
|t:|1649836603
|move|p2a: Yveltal|Oblivion Wing|p1a: God Gamer
|-damage|p1a: God Gamer|43/100
|-heal|p2a: Yveltal|74/100|[from] drain|[of] p1a: God Gamer
|-damage|p2a: Yveltal|64/100|[from] item: Life Orb
|move|p1a: God Gamer|Recover|p1a: God Gamer
|-heal|p1a: God Gamer|93/100
|
|upkeep
|turn|6
|
|t:|1649836606
|switch|p2a: Zacian|Zacian-Crowned, shiny|100/100
|-ability|p2a: Zacian|Intrepid Sword|boost
|-boost|p2a: Zacian|atk|1
|move|p1a: God Gamer|Calm Mind|p1a: God Gamer
|-boost|p1a: God Gamer|spa|1
|-boost|p1a: God Gamer|spd|1
|
|upkeep
|turn|7
|
|t:|1649836614
|switch|p1a: Eternatus|Eternatus|100/100
|-ability|p1a: Eternatus|Pressure
|move|p2a: Zacian|Behemoth Blade|p1a: Eternatus
|-damage|p1a: Eternatus|30/100
|
|-heal|p1a: Eternatus|36/100|[from] item: Black Sludge
|upkeep
|turn|8
|j| Draftkings
|
|t:|1649836620
|move|p2a: Zacian|Behemoth Blade|p1a: Eternatus
|-damage|p1a: Eternatus|0 fnt
|faint|p1a: Eternatus
|
|upkeep
|
|t:|1649836622
|switch|p1a: Pearl beast|Palkia|100/100
|-ability|p1a: Pearl beast|Pressure
|turn|9
|inactive|DarkmasterDX has 120 seconds left.
|j| RRRRRex
|
|t:|1649836668
|switch|p2a: Groudon|Groudon, shiny|100/100
|detailschange|p2a: Groudon|Groudon-Primal, shiny
|-primal|p2a: Groudon
|-weather|DesolateLand|[from] ability: Desolate Land|[of] p2a: Groudon
|-start|p1a: Pearl beast|Dynamax|
|-heal|p1a: Pearl beast|100/100|[silent]
|move|p1a: Pearl beast|Max Airstream|p2a: Groudon
|-damage|p2a: Groudon|60/100
|-boost|p1a: Pearl beast|spe|1
|
|-weather|DesolateLand|[upkeep]
|upkeep
|turn|10
|
|t:|1649836678
|-weather|none
|switch|p2a: Rayquaza|Rayquaza, shiny|100/100
|-ability|p2a: Rayquaza|Air Lock
|move|p1a: Pearl beast|Max Geyser|p2a: Rayquaza
|-resisted|p2a: Rayquaza
|-damage|p2a: Rayquaza|43/100
|-weather|RainDance
|
|-weather|RainDance|[upkeep]
|upkeep
|turn|11
|
|t:|1649836692
|detailschange|p2a: Rayquaza|Rayquaza-Mega, shiny
|-mega|p2a: Rayquaza|Rayquaza|
|-weather|DeltaStream|[from] ability: Delta Stream|[of] p2a: Rayquaza
|move|p2a: Rayquaza|Extreme Speed|p1a: Pearl beast
|-damage|p1a: Pearl beast|80/100
|move|p1a: Pearl beast|Max Geyser|p2a: Rayquaza
|-resisted|p2a: Rayquaza
|-damage|p2a: Rayquaza|0 fnt
|-weather|RainDance
|faint|p2a: Rayquaza
|
|-weather|RainDance|[upkeep]
|-end|p1a: Pearl beast|Dynamax
|-heal|p1a: Pearl beast|80/100|[silent]
|upkeep
|
|t:|1649836700
|switch|p2a: Groudon|Groudon-Primal, shiny|60/100
|-weather|DesolateLand|[from] ability: Desolate Land|[of] p2a: Groudon
|turn|12
|
|t:|1649836721
|-weather|none
|switch|p2a: Necrozma|Necrozma-Dusk-Mane|100/100
|move|p1a: Pearl beast|Spacial Rend|p2a: Necrozma
|-resisted|p2a: Necrozma
|-crit|p2a: Necrozma
|-damage|p2a: Necrozma|52/100
|
|upkeep
|turn|13
|
|t:|1649836729
|move|p1a: Pearl beast|Hydro Pump|p2a: Necrozma
|-damage|p2a: Necrozma|0 fnt
|faint|p2a: Necrozma
|
|upkeep
|c|☆DarkmasterDX|luck
|c|☆Cold but Goated|Yea that was harsh
|c|☆Cold but Goated|sry
|inactive|DarkmasterDX has 90 seconds left.
|
|t:|1649836746
|switch|p2a: Yveltal|Yveltal|64/100
|-ability|p2a: Yveltal|Dark Aura
|turn|14
|
|t:|1649836749
|move|p1a: Pearl beast|Thunder|p2a: Yveltal|[miss]
|-miss|p1a: Pearl beast|p2a: Yveltal
|move|p2a: Yveltal|Oblivion Wing|p1a: Pearl beast
|-damage|p1a: Pearl beast|26/100
|-heal|p2a: Yveltal|98/100|[from] drain|[of] p1a: Pearl beast
|-damage|p2a: Yveltal|88/100|[from] item: Life Orb
|
|upkeep
|turn|15
|c|☆DarkmasterDX|kk
|c|☆DarkmasterDX|all good
|
|t:|1649836760
|move|p2a: Yveltal|Sucker Punch|p1a: Pearl beast
|-damage|p1a: Pearl beast|0 fnt
|faint|p1a: Pearl beast
|-damage|p2a: Yveltal|78/100|[from] item: Life Orb
|
|upkeep
|
|t:|1649836769
|switch|p1a: God Gamer|Arceus-Dark, shiny|93/100
|turn|16
|
|t:|1649836781
|switch|p2a: Groudon|Groudon-Primal, shiny|60/100
|-weather|DesolateLand|[from] ability: Desolate Land|[of] p2a: Groudon
|move|p1a: God Gamer|Judgment|p2a: Groudon
|-damage|p2a: Groudon|14/100
|
|-weather|DesolateLand|[upkeep]
|upkeep
|turn|17
|
|t:|1649836784
|move|p2a: Groudon|Fire Punch|p1a: God Gamer
|-damage|p1a: God Gamer|52/100
|move|p1a: God Gamer|Judgment|p2a: Groudon
|-damage|p2a: Groudon|0 fnt
|faint|p2a: Groudon
|-weather|none
|
|upkeep
|
|t:|1649836786
|switch|p2a: Zacian|Zacian-Crowned, shiny|100/100
|-ability|p2a: Zacian|Intrepid Sword|boost
|-boost|p2a: Zacian|atk|1
|turn|18
|
|t:|1649836789
|switch|p1a: Luigi|Lugia|100/100
|move|p2a: Zacian|Behemoth Blade|p1a: Luigi
|-damage|p1a: Luigi|76/100
|
|upkeep
|turn|19
|inactive|DarkmasterDX has 120 seconds left.
|
|t:|1649836809
|switch|p2a: Yveltal|Yveltal|78/100
|-ability|p2a: Yveltal|Dark Aura
|move|p1a: Luigi|Roost|p1a: Luigi
|-heal|p1a: Luigi|100/100
|-singleturn|p1a: Luigi|move: Roost
|
|upkeep
|turn|20
|
|t:|1649836825
|switch|p2a: Zacian|Zacian-Crowned, shiny|100/100
|-ability|p2a: Zacian|Intrepid Sword|boost
|-boost|p2a: Zacian|atk|1
|switch|p1a: God Gamer|Arceus-Dark, shiny|52/100
|
|upkeep
|turn|21
|
|t:|1649836836
|switch|p2a: Calyrex|Calyrex-Shadow|100/100
|-ability|p2a: Calyrex|As One
|-ability|p2a: Calyrex|Unnerve
|switch|p1a: Luigi|Lugia|100/100
|
|upkeep
|turn|22
|
|t:|1649836839
|switch|p1a: God Gamer|Arceus-Dark, shiny|52/100
|move|p2a: Calyrex|Substitute|p2a: Calyrex
|-start|p2a: Calyrex|Substitute
|-damage|p2a: Calyrex|76/100
|
|-heal|p2a: Calyrex|82/100|[from] item: Leftovers
|upkeep
|turn|23
|
|t:|1649836844
|move|p2a: Calyrex|Baton Pass|p2a: Calyrex
|
|t:|1649836846
|switch|p2a: Zacian|Zacian-Crowned, shiny|100/100|[from]move: Baton Pass
|-ability|p2a: Zacian|Intrepid Sword|boost
|-boost|p2a: Zacian|atk|1
|move|p1a: God Gamer|Roar|p2a: Zacian
|drag|p2a: Calyrex|Calyrex-Shadow|82/100
|-ability|p2a: Calyrex|As One
|-ability|p2a: Calyrex|Unnerve
|
|-heal|p2a: Calyrex|88/100|[from] item: Leftovers
|upkeep
|turn|24
|
|t:|1649836851
|switch|p2a: Zacian|Zacian-Crowned, shiny|100/100
|-ability|p2a: Zacian|Intrepid Sword|boost
|-boost|p2a: Zacian|atk|1
|move|p1a: God Gamer|Recover|p1a: God Gamer
|-heal|p1a: God Gamer|100/100
|
|upkeep
|turn|25
|
|t:|1649836861
|switch|p1a: Luigi|Lugia|100/100
|move|p2a: Zacian|Wild Charge|p1a: Luigi
|-supereffective|p1a: Luigi
|-damage|p1a: Luigi|69/100
|-damage|p2a: Zacian|90/100|[from] Recoil
|
|upkeep
|turn|26
|
|t:|1649836869
|move|p2a: Zacian|Behemoth Blade|p1a: Luigi
|-damage|p1a: Luigi|17/100
|move|p1a: Luigi|Roost|p1a: Luigi
|-heal|p1a: Luigi|67/100
|-singleturn|p1a: Luigi|move: Roost
|
|upkeep
|turn|27
|
|t:|1649836879
|move|p2a: Zacian|Wild Charge|p1a: Luigi
|-supereffective|p1a: Luigi
|-damage|p1a: Luigi|3/100
|-damage|p2a: Zacian|70/100|[from] Recoil
|move|p1a: Luigi|Roost|p1a: Luigi
|-heal|p1a: Luigi|53/100
|-singleturn|p1a: Luigi|move: Roost
|
|upkeep
|turn|28
|
|t:|1649836884
|move|p2a: Zacian|Behemoth Blade|p1a: Luigi
|-damage|p1a: Luigi|0 fnt
|faint|p1a: Luigi
|
|upkeep
|
|t:|1649836889
|switch|p1a: Caly-wrecks|Calyrex-Shadow|100/100
|-ability|p1a: Caly-wrecks|As One
|-ability|p1a: Caly-wrecks|Unnerve
|turn|29
|
|t:|1649836895
|switch|p2a: Calyrex|Calyrex-Shadow|88/100
|-ability|p2a: Calyrex|As One
|-ability|p2a: Calyrex|Unnerve
|-zpower|p1a: Caly-wrecks
|move|p1a: Caly-wrecks|Never-Ending Nightmare|p2a: Calyrex|[zeffect]
|-supereffective|p2a: Calyrex
|-damage|p2a: Calyrex|0 fnt
|faint|p2a: Calyrex
|-ability|p1a: Caly-wrecks|Grim Neigh|boost
|-boost|p1a: Caly-wrecks|spa|1
|
|upkeep
|
|t:|1649836897
|switch|p2a: Yveltal|Yveltal|78/100
|-ability|p2a: Yveltal|Dark Aura
|turn|30
|
|t:|1649836902
|move|p1a: Caly-wrecks|Substitute|p1a: Caly-wrecks
|-start|p1a: Caly-wrecks|Substitute
|-damage|p1a: Caly-wrecks|76/100
|move|p2a: Yveltal|Oblivion Wing|p1a: Caly-wrecks
|-end|p1a: Caly-wrecks|Substitute
|-heal|p2a: Yveltal|94/100|[from] drain|[of] p1a: Caly-wrecks
|-damage|p2a: Yveltal|84/100|[from] item: Life Orb
|
|upkeep
|turn|31
|
|t:|1649836904
|move|p1a: Caly-wrecks|Substitute|p1a: Caly-wrecks
|-start|p1a: Caly-wrecks|Substitute
|-damage|p1a: Caly-wrecks|51/100
|move|p2a: Yveltal|Oblivion Wing|p1a: Caly-wrecks
|-end|p1a: Caly-wrecks|Substitute
|-heal|p2a: Yveltal|100/100|[from] drain|[of] p1a: Caly-wrecks
|-damage|p2a: Yveltal|91/100|[from] item: Life Orb
|
|upkeep
|turn|32
|
|t:|1649836911
|switch|p2a: Zacian|Zacian-Crowned, shiny|70/100
|-ability|p2a: Zacian|Intrepid Sword|boost
|-boost|p2a: Zacian|atk|1
|move|p1a: Caly-wrecks|Baton Pass|p1a: Caly-wrecks
|c|☆DarkmasterDX|gg
|
|t:|1649836929
|switch|p1a: God Gamer|Arceus-Dark, shiny|100/100|[from]move: Baton Pass
|
|upkeep
|turn|33
|
|t:|1649836934
|move|p2a: Zacian|Behemoth Blade|p1a: God Gamer
|-damage|p1a: God Gamer|32/100
|move|p1a: God Gamer|Judgment|p2a: Zacian
|-resisted|p2a: Zacian
|-damage|p2a: Zacian|36/100
|
|upkeep
|turn|34
|
|t:|1649836941
|move|p2a: Zacian|Wild Charge|p1a: God Gamer
|-damage|p1a: God Gamer|0 fnt
|faint|p1a: God Gamer
|-damage|p2a: Zacian|26/100|[from] Recoil
|
|upkeep
|
|t:|1649836943
|switch|p1a: Caly-wrecks|Calyrex-Shadow|51/100
|-ability|p1a: Caly-wrecks|As One
|-ability|p1a: Caly-wrecks|Unnerve
|turn|35
|
|t:|1649836946
|move|p1a: Caly-wrecks|Astral Barrage|p2a: Zacian
|-damage|p2a: Zacian|0 fnt
|faint|p2a: Zacian
|-ability|p1a: Caly-wrecks|Grim Neigh|boost
|-boost|p1a: Caly-wrecks|spa|1
|
|upkeep
|
|t:|1649836948
|switch|p2a: Yveltal|Yveltal|91/100
|-ability|p2a: Yveltal|Dark Aura
|turn|36
|
|t:|1649836955
|move|p1a: Caly-wrecks|Substitute|p1a: Caly-wrecks
|-start|p1a: Caly-wrecks|Substitute
|-damage|p1a: Caly-wrecks|26/100
|move|p2a: Yveltal|Oblivion Wing|p1a: Caly-wrecks
|-end|p1a: Caly-wrecks|Substitute
|-heal|p2a: Yveltal|100/100|[from] drain|[of] p1a: Caly-wrecks
|-damage|p2a: Yveltal|91/100|[from] item: Life Orb
|
|upkeep
|turn|37
|
|t:|1649836960
|move|p1a: Caly-wrecks|Astral Barrage|p2a: Yveltal
|-resisted|p2a: Yveltal
|-damage|p2a: Yveltal|35/100
|move|p2a: Yveltal|Oblivion Wing|p1a: Caly-wrecks
|-damage|p1a: Caly-wrecks|0 fnt
|-heal|p2a: Yveltal|52/100|[from] drain|[of] p1a: Caly-wrecks
|faint|p1a: Caly-wrecks
|-damage|p2a: Yveltal|42/100|[from] item: Life Orb
|
|win|DarkmasterDX
|raw|Cold but Goated's rating: 1900 &rarr; <strong>1877</strong><br />(-23 for losing)
|raw|DarkmasterDX's rating: 1851 &rarr; <strong>1874</strong><br />(+23 for winning)
|l|☆DarkmasterDX
|l|☆Cold but Goated
|l| Draftkings
|l| RRRRRex
|j| RRRRRex
