|j|☆OnMaWa
|j|☆WhereIsSenpai?
|player|p1|OnMaWa|psychic-gen4|1808
|player|p2|WhereIsSenpai?|whitney|1583
|teamsize|p1|6
|teamsize|p2|6
|gametype|singles
|gen|8
|tier|[Gen 8] National Dex AG
|rated|
|clearpoke
|poke|p1|Arceus-*|
|poke|p1|Xerneas|
|poke|p1|Lugia|
|poke|p1|Zacian-Crowned|
|poke|p1|Necrozma-Dusk-Mane|
|poke|p1|Yveltal|
|poke|p2|Eternatus|
|poke|p2|Kyogre|
|poke|p2|Groudon|
|poke|p2|Zamazenta|
|poke|p2|Rayquaza|
|poke|p2|Ditto|
|rule|HP Percentage Mod: HP is shown in percentages
|rule|Endless Battle Clause: Forcing endless battles is banned
|teampreview
|inactive|Battle timer is ON: inactive players will automatically lose when time's up. (requested by WhereIsSenpai?)
|
|start
|switch|p1a: Necrozma|Necrozma-Dusk-Mane|100/100
|switch|p2a: Groudon|Groudon|100/100
|detailschange|p2a: Groudon|Groudon-Primal
|-primal|p2a: Groudon
|-weather|DesolateLand|[from] ability: Desolate Land|[of] p2a: Groudon
|turn|1
|
|detailschange|p1a: Necrozma|Necrozma-Ultra
|-burst|p1a: Necrozma|Necrozma|Ultranecrozium Z
|move|p1a: Necrozma|Dragon Dance|p1a: Necrozma
|-boost|p1a: Necrozma|atk|1
|-boost|p1a: Necrozma|spe|1
|move|p2a: Groudon|Rock Tomb|p1a: Necrozma
|-damage|p1a: Necrozma|78/100
|-unboost|p1a: Necrozma|spe|1
|
|-weather|DesolateLand|[upkeep]
|upkeep
|turn|2
|
|-zpower|p1a: Necrozma
|move|p1a: Necrozma|Light That Burns the Sky|p2a: Groudon|[zeffect]
|-damage|p2a: Groudon|0 fnt
|faint|p2a: Groudon
|-weather|none
|
|upkeep
|j| Rup DP Reload
|inactive|WhereIsSenpai? has 120 seconds left.
|
|switch|p2a: Zamazenta|Zamazenta|100/100
|-ability|p2a: Zamazenta|Dauntless Shield|boost
|-boost|p2a: Zamazenta|def|1
|turn|3
|
|switch|p1a: Lugia|Lugia|100/100
|move|p2a: Zamazenta|Reflect|p2a: Zamazenta
|-sidestart|p2: WhereIsSenpai?|Reflect
|
|upkeep
|turn|4
|
|move|p2a: Zamazenta|Light Screen|p2a: Zamazenta
|-sidestart|p2: WhereIsSenpai?|move: Light Screen
|move|p1a: Lugia|Thunder Wave|p2a: Zamazenta|[miss]
|-miss|p1a: Lugia|p2a: Zamazenta
|
|upkeep
|turn|5
|
|move|p2a: Zamazenta|Play Rough|p1a: Lugia
|-damage|p1a: Lugia|93/100
|move|p1a: Lugia|Thunder Wave|p2a: Zamazenta
|-status|p2a: Zamazenta|par
|
|upkeep
|turn|6
|
|switch|p2a: Eternatus|Eternatus|100/100
|-ability|p2a: Eternatus|Pressure
|move|p1a: Lugia|Roost|p1a: Lugia
|-heal|p1a: Lugia|100/100
|-singleturn|p1a: Lugia|move: Roost
|
|upkeep
|turn|7
|
|move|p2a: Eternatus|Substitute|p2a: Eternatus
|-start|p2a: Eternatus|Substitute
|-damage|p2a: Eternatus|75/100
|move|p1a: Lugia|Thunder Wave||[still]
|-fail|p1a: Lugia
|
|-heal|p2a: Eternatus|82/100|[from] item: Black Sludge
|upkeep
|turn|8
|
|move|p2a: Eternatus|Toxic|p1a: Lugia
|-status|p1a: Lugia|tox
|move|p1a: Lugia|Whirlwind|p2a: Eternatus
|drag|p2a: Rayquaza|Rayquaza|100/100
|-ability|p2a: Rayquaza|Air Lock
|
|-damage|p1a: Lugia|94/100 tox|[from] psn
|upkeep
|turn|9
|
|detailschange|p2a: Rayquaza|Rayquaza-Mega
|-mega|p2a: Rayquaza|Rayquaza|
|-weather|DeltaStream|[from] ability: Delta Stream|[of] p2a: Rayquaza
|move|p2a: Rayquaza|Substitute|p2a: Rayquaza
|-start|p2a: Rayquaza|Substitute
|-damage|p2a: Rayquaza|76/100
|move|p1a: Lugia|Thunder Wave||[still]
|-fail|p1a: Lugia
|
|-weather|DeltaStream|[upkeep]
|-damage|p1a: Lugia|82/100 tox|[from] psn
|upkeep
|turn|10
|
|move|p2a: Rayquaza|Dragon Ascent|p1a: Lugia
|-damage|p1a: Lugia|23/100 tox
|-unboost|p2a: Rayquaza|def|1
|-unboost|p2a: Rayquaza|spd|1
|-damage|p2a: Rayquaza|66/100|[from] item: Life Orb
|move|p1a: Lugia|Whirlwind|p2a: Rayquaza
|-weather|none
|drag|p2a: Kyogre|Kyogre|100/100
|-weather|RainDance|[from] ability: Drizzle|[of] p2a: Kyogre
|detailschange|p2a: Kyogre|Kyogre-Primal
|-primal|p2a: Kyogre
|-weather|PrimordialSea|[from] ability: Primordial Sea|[of] p2a: Kyogre
|
|-weather|PrimordialSea|[upkeep]
|-damage|p1a: Lugia|4/100 tox|[from] psn
|-sideend|p2: WhereIsSenpai?|Reflect
|upkeep
|turn|11
|
|move|p2a: Kyogre|Water Spout|p1a: Lugia
|-damage|p1a: Lugia|0 fnt
|faint|p1a: Lugia
|
|-weather|PrimordialSea|[upkeep]
|-sideend|p2: WhereIsSenpai?|move: Light Screen
|upkeep
|inactive|OnMaWa has 120 seconds left.
|inactive|OnMaWa has 90 seconds left.
|
|switch|p1a: Necrozma|Necrozma-Ultra|78/100
|turn|12
|
|move|p1a: Necrozma|Photon Geyser|p2a: Kyogre
|-damage|p2a: Kyogre|30/100
|move|p2a: Kyogre|Ice Beam|p1a: Necrozma
|-supereffective|p1a: Necrozma
|-damage|p1a: Necrozma|0 fnt
|faint|p1a: Necrozma
|
|-weather|PrimordialSea|[upkeep]
|upkeep
|inactive|OnMaWa has 90 seconds left.
|
|switch|p1a: Arceus|Arceus|100/100
|turn|13
|
|-weather|none
|switch|p2a: Zamazenta|Zamazenta|100/100 par
|-ability|p2a: Zamazenta|Dauntless Shield|boost
|-boost|p2a: Zamazenta|def|1
|move|p1a: Arceus|Extreme Speed|p2a: Zamazenta
|-damage|p2a: Zamazenta|73/100 par
|
|upkeep
|turn|14
|inactive|OnMaWa has 90 seconds left.
|inactive|OnMaWa has 60 seconds left.
|inactive|OnMaWa has 30 seconds left.
|
|move|p1a: Arceus|Extreme Speed|p2a: Zamazenta
|-damage|p2a: Zamazenta|46/100 par
|move|p2a: Zamazenta|Light Screen|p2a: Zamazenta
|-sidestart|p2: WhereIsSenpai?|move: Light Screen
|
|upkeep
|turn|15
|inactive|OnMaWa has 30 seconds left.
|
|move|p1a: Arceus|Swords Dance|p1a: Arceus
|-boost|p1a: Arceus|atk|2
|move|p2a: Zamazenta|Reflect|p2a: Zamazenta
|-sidestart|p2: WhereIsSenpai?|Reflect
|
|upkeep
|turn|16
|
|move|p1a: Arceus|Extreme Speed|p2a: Zamazenta
|-damage|p2a: Zamazenta|19/100 par
|move|p2a: Zamazenta|Close Combat|p1a: Arceus
|-supereffective|p1a: Arceus
|-damage|p1a: Arceus|15/100
|-unboost|p2a: Zamazenta|def|1
|-unboost|p2a: Zamazenta|spd|1
|
|upkeep
|turn|17
|
|move|p1a: Arceus|Extreme Speed|p2a: Zamazenta
|-damage|p2a: Zamazenta|0 fnt
|faint|p2a: Zamazenta
|
|upkeep
|
|switch|p2a: Ditto|Ditto|100/100
|-transform|p2a: Ditto|p1a: Arceus|[from] ability: Imposter
|turn|18
|
|move|p2a: Ditto|Extreme Speed|p1a: Arceus
|-damage|p1a: Arceus|0 fnt
|faint|p1a: Arceus
|
|upkeep
|
|switch|p1a: Zacian|Zacian-Crowned|100/100
|-ability|p1a: Zacian|Intrepid Sword|boost
|-boost|p1a: Zacian|atk|1
|turn|19
|
|switch|p2a: Rayquaza|Rayquaza-Mega|66/100
|-weather|DeltaStream|[from] ability: Delta Stream|[of] p2a: Rayquaza
|move|p1a: Zacian|Behemoth Blade|p2a: Rayquaza
|-damage|p2a: Rayquaza|21/100
|
|-weather|DeltaStream|[upkeep]
|upkeep
|turn|20
|inactive|OnMaWa has 30 seconds left.
|inactive|OnMaWa has 20 seconds left.
|inactive|OnMaWa has 15 seconds left.
|
|move|p1a: Zacian|Wild Charge|p2a: Rayquaza
|-activate||deltastream
|-resisted|p2a: Rayquaza
|-damage|p2a: Rayquaza|8/100
|-damage|p1a: Zacian|97/100|[from] Recoil
|move|p2a: Rayquaza|Dragon Ascent|p1a: Zacian
|-resisted|p1a: Zacian
|-damage|p1a: Zacian|43/100
|-unboost|p2a: Rayquaza|def|1
|-unboost|p2a: Rayquaza|spd|1
|-damage|p2a: Rayquaza|0 fnt|[from] item: Life Orb
|faint|p2a: Rayquaza
|-weather|none
|
|upkeep
|inactive|OnMaWa has 20 seconds left this turn.
|
|switch|p2a: Ditto|Ditto|100/100
|-transform|p2a: Ditto|p1a: Zacian|[from] ability: Imposter
|-ability|p2a: Ditto|Intrepid Sword|boost
|-boost|p2a: Ditto|atk|1
|turn|21
|inactive|OnMaWa has 30 seconds left this turn.
|
|move|p2a: Ditto|Behemoth Blade|p1a: Zacian
|-damage|p1a: Zacian|0 fnt
|faint|p1a: Zacian
|
|-sideend|p2: WhereIsSenpai?|move: Light Screen
|upkeep
|inactive|OnMaWa has 30 seconds left this turn.
|inactive|OnMaWa has 20 seconds left.
|
|switch|p1a: Yveltal|Yveltal, shiny|100/100
|-ability|p1a: Yveltal|Dark Aura
|turn|22
|inactive|OnMaWa has 30 seconds left this turn.
|
|move|p2a: Ditto|Behemoth Blade|p1a: Yveltal
|-damage|p1a: Yveltal|0 fnt
|faint|p1a: Yveltal
|
|-sideend|p2: WhereIsSenpai?|Reflect
|upkeep
|inactive|OnMaWa has 30 seconds left this turn.
|
|switch|p1a: Xerneas|Xerneas, shiny|100/100
|-ability|p1a: Xerneas|Fairy Aura
|turn|23
|
|move|p2a: Ditto|Behemoth Blade|p1a: Xerneas
|-supereffective|p1a: Xerneas
|-crit|p1a: Xerneas
|-damage|p1a: Xerneas|0 fnt
|faint|p1a: Xerneas
|
|win|WhereIsSenpai?
|l|☆WhereIsSenpai?
|l|☆OnMaWa
||Ladder (probably) updated, but score could not be retrieved (Request timeout).
