|j|☆Skarph ♪
|j|☆starkorea74
|player|p1|Skarph ♪|lucas-gen4pt|1798
|player|p2|starkorea74|cynthia|1843
|teamsize|p1|6
|teamsize|p2|6
|gametype|singles
|gen|8
|tier|[Gen 8] National Dex AG
|rated|
|clearpoke
|poke|p1|Arceus-*|
|poke|p1|Necrozma-Dusk-Mane|
|poke|p1|Eternatus|
|poke|p1|Groudon|
|poke|p1|Ho-Oh|
|poke|p1|Yveltal|
|poke|p2|Necrozma-Dusk-Mane|
|poke|p2|Ho-Oh|
|poke|p2|Ditto|
|poke|p2|Arceus-*|
|poke|p2|Rayquaza|
|poke|p2|Yveltal|
|rule|HP Percentage Mod: HP is shown in percentages
|rule|Endless Battle Clause: Forcing endless battles is banned
|teampreview
|
|start
|switch|p1a: Yveltal|Yveltal|100/100
|switch|p2a: Rayquaza|Rayquaza|100/100
|-ability|p2a: Rayquaza|Air Lock
|-ability|p1a: Yveltal|Dark Aura
|turn|1
|j| Zayele
|
|switch|p2a: Arceus|Arceus-Fairy|100/100
|-start|p1a: Yveltal|Dynamax
|-heal|p1a: Yveltal|100/100|[silent]
|move|p1a: Yveltal|Max Airstream|p2a: Arceus
|-damage|p2a: Arceus|37/100
|-boost|p1a: Yveltal|spe|1
|-damage|p1a: Yveltal|96/100|[from] item: Life Orb
|
|upkeep
|turn|2
|
|switch|p2a: Necrozma|Necrozma-Dusk-Mane|100/100
|move|p1a: Yveltal|Max Airstream|p2a: Necrozma
|-resisted|p2a: Necrozma
|-damage|p2a: Necrozma|74/100
|-boost|p1a: Yveltal|spe|1
|-damage|p1a: Yveltal|91/100|[from] item: Life Orb
|
|-heal|p2a: Necrozma|80/100|[from] item: Leftovers
|upkeep
|turn|3
|
|switch|p2a: Arceus|Arceus-Fairy|37/100
|move|p1a: Yveltal|Max Rockfall|p2a: Arceus
|-damage|p2a: Arceus|0 fnt
|-weather|Sandstorm
|-damage|p1a: Yveltal|86/100|[from] item: Life Orb
|faint|p2a: Arceus
|
|-weather|Sandstorm|[upkeep]
|-damage|p1a: Yveltal|83/100|[from] Sandstorm
|-end|p1a: Yveltal|Dynamax
|-heal|p1a: Yveltal|83/100|[silent]
|upkeep
|
|switch|p2a: Yveltal|Yveltal|100/100
|-ability|p2a: Yveltal|Dark Aura
|turn|4
|
|-start|p2a: Yveltal|Dynamax
|-heal|p2a: Yveltal|100/100|[silent]
|move|p1a: Yveltal|Sky Attack||[still]
|-prepare|p1a: Yveltal|Sky Attack|p2a: Yveltal
|move|p2a: Yveltal|Max Airstream|p1a: Yveltal
|-damage|p1a: Yveltal|0 fnt
|-boost|p2a: Yveltal|spe|1
|-damage|p2a: Yveltal|96/100|[from] item: Life Orb
|faint|p1a: Yveltal
|
|-weather|Sandstorm|[upkeep]
|-damage|p2a: Yveltal|92/100|[from] Sandstorm
|upkeep
|c|☆Skarph ♪|why does it still hit
|c|☆Skarph ♪|maybe cuz its in the sky too
|c|☆Skarph ♪|idek
|
|switch|p1a: Ho-Oh|Ho-Oh|100/100
|turn|5
|c| Zayele|Sky attack isn't shadow force
|c| Zayele|Silly
|
|move|p1a: Ho-Oh|Protect|p1a: Ho-Oh
|-singleturn|p1a: Ho-Oh|Protect
|move|p2a: Yveltal|Max Ooze|p1a: Ho-Oh
|-zbroken|p1a: Ho-Oh
|-damage|p1a: Ho-Oh|94/100
|-boost|p2a: Yveltal|spa|1
|-damage|p2a: Yveltal|87/100|[from] item: Life Orb
|
|-weather|Sandstorm|[upkeep]
|-damage|p2a: Yveltal|84/100|[from] Sandstorm
|-damage|p1a: Ho-Oh|88/100|[from] Sandstorm
|upkeep
|turn|6
|
|move|p2a: Yveltal|Max Ooze|p1a: Ho-Oh
|-damage|p1a: Ho-Oh|46/100
|-boost|p2a: Yveltal|spa|1
|-damage|p2a: Yveltal|79/100|[from] item: Life Orb
|move|p1a: Ho-Oh|Toxic|p2a: Yveltal
|-status|p2a: Yveltal|tox
|
|-weather|Sandstorm|[upkeep]
|-damage|p2a: Yveltal|76/100 tox|[from] Sandstorm
|-damage|p1a: Ho-Oh|40/100|[from] Sandstorm
|-damage|p2a: Yveltal|73/100 tox|[from] psn
|-end|p2a: Yveltal|Dynamax
|-heal|p2a: Yveltal|73/100 tox|[silent]
|upkeep
|turn|7
|
|move|p1a: Ho-Oh|Protect|p1a: Ho-Oh
|-singleturn|p1a: Ho-Oh|Protect
|move|p2a: Yveltal|Oblivion Wing|p1a: Ho-Oh
|-activate|p1a: Ho-Oh|move: Protect
|
|-weather|none
|-damage|p2a: Yveltal|61/100 tox|[from] psn
|upkeep
|turn|8
|
|switch|p1a: Necrozma|Necrozma-Dusk-Mane|100/100
|move|p2a: Yveltal|Dark Pulse|p1a: Necrozma
|-supereffective|p1a: Necrozma
|-damage|p1a: Necrozma|0 fnt
|-damage|p2a: Yveltal|51/100 tox|[from] item: Life Orb
|faint|p1a: Necrozma
|
|-damage|p2a: Yveltal|33/100 tox|[from] psn
|upkeep
|
|switch|p1a: Ho-Oh|Ho-Oh|73/100
|turn|9
|
|move|p1a: Ho-Oh|Protect|p1a: Ho-Oh
|-singleturn|p1a: Ho-Oh|Protect
|move|p2a: Yveltal|Oblivion Wing|p1a: Ho-Oh
|-activate|p1a: Ho-Oh|move: Protect
|
|-damage|p2a: Yveltal|9/100 tox|[from] psn
|upkeep
|turn|10
|j| mixing dat beat
|
|switch|p1a: Groudon|Groudon|100/100
|detailschange|p1a: Groudon|Groudon-Primal
|-primal|p1a: Groudon
|-weather|DesolateLand|[from] ability: Desolate Land|[of] p1a: Groudon
|move|p2a: Yveltal|Oblivion Wing|p1a: Groudon
|-damage|p1a: Groudon|25/100
|-heal|p2a: Yveltal|64/100 tox|[from] drain|[of] p1a: Groudon
|-damage|p2a: Yveltal|55/100 tox|[from] item: Life Orb
|
|-weather|DesolateLand|[upkeep]
|-damage|p2a: Yveltal|24/100 tox|[from] psn
|upkeep
|turn|11
|
|move|p2a: Yveltal|Oblivion Wing|p1a: Groudon
|-damage|p1a: Groudon|0 fnt
|-heal|p2a: Yveltal|42/100 tox|[from] drain|[of] p1a: Groudon
|-damage|p2a: Yveltal|32/100 tox|[from] item: Life Orb
|faint|p1a: Groudon
|-weather|none
|
|-damage|p2a: Yveltal|0 fnt|[from] psn
|faint|p2a: Yveltal
|upkeep
|
|switch|p2a: Rayquaza|Rayquaza|100/100
|switch|p1a: Eternatus|Eternatus|100/100
|-ability|p1a: Eternatus|Pressure
|-ability|p2a: Rayquaza|Air Lock
|turn|12
|
|switch|p2a: Ho-Oh|Ho-Oh|100/100
|move|p1a: Eternatus|Dynamax Cannon|p2a: Ho-Oh
|-damage|p2a: Ho-Oh|62/100
|-damage|p1a: Eternatus|91/100|[from] item: Life Orb
|
|upkeep
|turn|13
|
|move|p1a: Eternatus|Sludge Bomb|p2a: Ho-Oh
|-damage|p2a: Ho-Oh|23/100
|-damage|p1a: Eternatus|81/100|[from] item: Life Orb
|move|p2a: Ho-Oh|Recover|p2a: Ho-Oh
|-heal|p2a: Ho-Oh|73/100
|
|upkeep
|turn|14
|
|move|p1a: Eternatus|Sludge Bomb|p2a: Ho-Oh
|-damage|p2a: Ho-Oh|34/100
|-damage|p1a: Eternatus|71/100|[from] item: Life Orb
|move|p2a: Ho-Oh|Recover|p2a: Ho-Oh
|-heal|p2a: Ho-Oh|84/100
|
|upkeep
|turn|15
|
|move|p1a: Eternatus|Sludge Bomb|p2a: Ho-Oh
|-damage|p2a: Ho-Oh|47/100
|-damage|p1a: Eternatus|61/100|[from] item: Life Orb
|move|p2a: Ho-Oh|Sacred Fire|p1a: Eternatus
|-resisted|p1a: Eternatus
|-damage|p1a: Eternatus|43/100
|
|upkeep
|turn|16
|
|move|p1a: Eternatus|Recover|p1a: Eternatus
|-heal|p1a: Eternatus|94/100
|move|p2a: Ho-Oh|Recover|p2a: Ho-Oh
|-heal|p2a: Ho-Oh|97/100
|
|upkeep
|turn|17
|
|switch|p2a: Necrozma|Necrozma-Dusk-Mane|80/100
|move|p1a: Eternatus|Sludge Bomb|p2a: Necrozma
|-immune|p2a: Necrozma
|
|-heal|p2a: Necrozma|86/100|[from] item: Leftovers
|upkeep
|turn|18
|
|move|p1a: Eternatus|Flamethrower|p2a: Necrozma
|-supereffective|p2a: Necrozma
|-damage|p2a: Necrozma|35/100
|-damage|p1a: Eternatus|84/100|[from] item: Life Orb
|move|p2a: Necrozma|Morning Sun|p2a: Necrozma
|-heal|p2a: Necrozma|85/100
|
|-heal|p2a: Necrozma|91/100|[from] item: Leftovers
|upkeep
|turn|19
|
|switch|p2a: Ditto|Ditto|100/100
|-transform|p2a: Ditto|p1a: Eternatus|[from] ability: Imposter
|-ability|p2a: Ditto|Pressure
|move|p1a: Eternatus|Flamethrower|p2a: Ditto
|-resisted|p2a: Ditto
|-damage|p2a: Ditto|75/100
|-damage|p1a: Eternatus|74/100|[from] item: Life Orb
|
|upkeep
|turn|20
|
|switch|p1a: Arceus|Arceus-Ground|100/100
|move|p2a: Ditto|Dynamax Cannon|p1a: Arceus
|-damage|p1a: Arceus|61/100
|
|upkeep
|turn|21
|l| Zayele
|
|switch|p2a: Ho-Oh|Ho-Oh|100/100
|move|p1a: Arceus|Recover|p1a: Arceus
|-heal|p1a: Arceus|100/100
|
|upkeep
|turn|22
|j| Zayele
|
|switch|p1a: Eternatus|Eternatus|74/100
|-ability|p1a: Eternatus|Pressure
|move|p2a: Ho-Oh|Sacred Fire|p1a: Eternatus
|-resisted|p1a: Eternatus
|-damage|p1a: Eternatus|54/100
|
|upkeep
|turn|23
|
|move|p1a: Eternatus|Sludge Bomb|p2a: Ho-Oh
|-damage|p2a: Ho-Oh|65/100
|-damage|p1a: Eternatus|44/100|[from] item: Life Orb
|move|p2a: Ho-Oh|Sacred Fire|p1a: Eternatus
|-resisted|p1a: Eternatus
|-damage|p1a: Eternatus|25/100
|
|upkeep
|turn|24
|
|switch|p2a: Necrozma|Necrozma-Dusk-Mane|91/100
|move|p1a: Eternatus|Recover|p1a: Eternatus
|-heal|p1a: Eternatus|75/100
|
|-heal|p2a: Necrozma|97/100|[from] item: Leftovers
|upkeep
|turn|25
|l| Zayele
|
|move|p1a: Eternatus|Flamethrower|p2a: Necrozma
|-supereffective|p2a: Necrozma
|-damage|p2a: Necrozma|45/100
|-damage|p1a: Eternatus|65/100|[from] item: Life Orb
|move|p2a: Necrozma|Sunsteel Strike|p1a: Eternatus
|-damage|p1a: Eternatus|19/100
|
|-heal|p2a: Necrozma|51/100|[from] item: Leftovers
|upkeep
|turn|26
|j| Zayele
|
|move|p1a: Eternatus|Recover|p1a: Eternatus
|-heal|p1a: Eternatus|69/100
|move|p2a: Necrozma|Sunsteel Strike|p1a: Eternatus
|-damage|p1a: Eternatus|29/100
|
|-heal|p2a: Necrozma|57/100|[from] item: Leftovers
|upkeep
|turn|27
|
|move|p1a: Eternatus|Recover|p1a: Eternatus
|-heal|p1a: Eternatus|79/100
|move|p2a: Necrozma|Stealth Rock|p1a: Eternatus
|-sidestart|p1: Skarph ♪|move: Stealth Rock
|
|-heal|p2a: Necrozma|63/100|[from] item: Leftovers
|upkeep
|turn|28
|
|switch|p2a: Ho-Oh|Ho-Oh|98/100
|move|p1a: Eternatus|Flamethrower|p2a: Ho-Oh
|-resisted|p2a: Ho-Oh
|-damage|p2a: Ho-Oh|86/100
|-damage|p1a: Eternatus|69/100|[from] item: Life Orb
|
|upkeep
|turn|29
|
|move|p1a: Eternatus|Sludge Bomb|p2a: Ho-Oh
|-damage|p2a: Ho-Oh|50/100
|-damage|p1a: Eternatus|59/100|[from] item: Life Orb
|move|p2a: Ho-Oh|Sacred Fire|p1a: Eternatus
|-resisted|p1a: Eternatus
|-damage|p1a: Eternatus|42/100
|
|upkeep
|turn|30
|
|switch|p2a: Rayquaza|Rayquaza|100/100
|-ability|p2a: Rayquaza|Air Lock
|move|p1a: Eternatus|Recover|p1a: Eternatus
|-heal|p1a: Eternatus|92/100
|
|upkeep
|turn|31
|
|switch|p2a: Ho-Oh|Ho-Oh|83/100
|move|p1a: Eternatus|Dynamax Cannon|p2a: Ho-Oh
|-damage|p2a: Ho-Oh|41/100
|-damage|p1a: Eternatus|82/100|[from] item: Life Orb
|
|upkeep
|turn|32
|
|move|p1a: Eternatus|Dynamax Cannon|p2a: Ho-Oh
|-damage|p2a: Ho-Oh|0 fnt
|-damage|p1a: Eternatus|72/100|[from] item: Life Orb
|faint|p2a: Ho-Oh
|
|upkeep
|
|switch|p2a: Ditto|Ditto|75/100
|-transform|p2a: Ditto|p1a: Eternatus|[from] ability: Imposter
|-ability|p2a: Ditto|Pressure
|turn|33
|
|switch|p1a: Ho-Oh|Ho-Oh|100/100
|move|p2a: Ditto|Dynamax Cannon|p1a: Ho-Oh
|-damage|p1a: Ho-Oh|72/100
|
|upkeep
|turn|34
|
|move|p2a: Ditto|Dynamax Cannon|p1a: Ho-Oh
|-damage|p1a: Ho-Oh|39/100
|move|p1a: Ho-Oh|Defog|p2a: Ditto
|-unboost|p2a: Ditto|evasion|1
|-sideend|p1: Skarph ♪|Stealth Rock|[from] move: Defog|[of] p1a: Ho-Oh
|
|upkeep
|turn|35
|
|switch|p1a: Arceus|Arceus-Ground|100/100
|move|p2a: Ditto|Dynamax Cannon|p1a: Arceus
|-damage|p1a: Arceus|65/100
|
|upkeep
|turn|36
|
|switch|p2a: Necrozma|Necrozma-Dusk-Mane|63/100
|move|p1a: Arceus|Recover|p1a: Arceus
|-heal|p1a: Arceus|100/100
|
|-heal|p2a: Necrozma|69/100|[from] item: Leftovers
|upkeep
|turn|37
|
|switch|p2a: Rayquaza|Rayquaza|100/100
|-ability|p2a: Rayquaza|Air Lock
|move|p1a: Arceus|Judgment|p2a: Rayquaza
|-immune|p2a: Rayquaza
|
|upkeep
|turn|38
|
|switch|p2a: Ditto|Ditto|75/100
|-transform|p2a: Ditto|p1a: Arceus|[from] ability: Imposter
|move|p1a: Arceus|Will-O-Wisp|p2a: Ditto
|-status|p2a: Ditto|brn
|
|-damage|p2a: Ditto|69/100 brn|[from] brn
|upkeep
|turn|39
|
|move|p2a: Ditto|Will-O-Wisp|p1a: Arceus
|-status|p1a: Arceus|brn
|move|p1a: Arceus|Ice Beam|p2a: Ditto
|-supereffective|p2a: Ditto
|-damage|p2a: Ditto|19/100 brn
|
|-damage|p2a: Ditto|13/100 brn|[from] brn
|-damage|p1a: Arceus|94/100 brn|[from] brn
|upkeep
|turn|40
|
|switch|p2a: Necrozma|Necrozma-Dusk-Mane|69/100
|move|p1a: Arceus|Judgment|p2a: Necrozma
|-supereffective|p2a: Necrozma
|-damage|p2a: Necrozma|13/100
|
|-heal|p2a: Necrozma|19/100|[from] item: Leftovers
|-damage|p1a: Arceus|88/100 brn|[from] brn
|upkeep
|turn|41
|
|move|p1a: Arceus|Judgment|p2a: Necrozma
|-supereffective|p2a: Necrozma
|-damage|p2a: Necrozma|0 fnt
|faint|p2a: Necrozma
|
|-damage|p1a: Arceus|82/100 brn|[from] brn
|upkeep
|
|switch|p2a: Ditto|Ditto|13/100 brn
|-transform|p2a: Ditto|p1a: Arceus|[from] ability: Imposter
|turn|42
|
|move|p2a: Ditto|Recover|p2a: Ditto
|-heal|p2a: Ditto|63/100 brn
|move|p1a: Arceus|Recover|p1a: Arceus
|-heal|p1a: Arceus|100/100 brn
|
|-damage|p2a: Ditto|57/100 brn|[from] brn
|-damage|p1a: Arceus|94/100 brn|[from] brn
|upkeep
|turn|43
|
|switch|p1a: Eternatus|Eternatus|72/100
|-ability|p1a: Eternatus|Pressure
|move|p2a: Ditto|Recover|p2a: Ditto
|-heal|p2a: Ditto|100/100 brn
|
|-damage|p2a: Ditto|94/100 brn|[from] brn
|upkeep
|turn|44
|
|move|p2a: Ditto|Recover|p2a: Ditto
|-heal|p2a: Ditto|100/100 brn
|move|p1a: Eternatus|Dynamax Cannon|p2a: Ditto
|-damage|p2a: Ditto|26/100 brn
|-damage|p1a: Eternatus|62/100|[from] item: Life Orb
|
|-damage|p2a: Ditto|20/100 brn|[from] brn
|upkeep
|turn|45
|
|move|p2a: Ditto|Recover|p2a: Ditto
|-heal|p2a: Ditto|70/100 brn
|move|p1a: Eternatus|Dynamax Cannon|p2a: Ditto
|-crit|p2a: Ditto
|-damage|p2a: Ditto|0 fnt
|-damage|p1a: Eternatus|52/100|[from] item: Life Orb
|faint|p2a: Ditto
|
|upkeep
|
|switch|p2a: Rayquaza|Rayquaza|100/100
|-ability|p2a: Rayquaza|Air Lock
|turn|46
|
|detailschange|p2a: Rayquaza|Rayquaza-Mega
|-mega|p2a: Rayquaza|Rayquaza|
|-weather|DeltaStream|[from] ability: Delta Stream|[of] p2a: Rayquaza
|move|p1a: Eternatus|Dynamax Cannon|p2a: Rayquaza
|-supereffective|p2a: Rayquaza
|-damage|p2a: Rayquaza|0 fnt
|-damage|p1a: Eternatus|42/100|[from] item: Life Orb
|faint|p2a: Rayquaza
|-weather|none
|
|win|Skarph ♪
|l|☆starkorea74
|l|☆Skarph ♪
