|j|☆Pikaslayer2001
|j|☆Buck X
|t:|1661174521
|gametype|singles
|player|p1|Pikaslayer2001|brendan-contest|1787
|player|p2|Buck X|ethan-masters|1846
|teamsize|p1|6
|teamsize|p2|6
|gen|8
|tier|[Gen 8] National Dex AG
|rated|
|rule|HP Percentage Mod: HP is shown in percentages
|rule|Endless Battle Clause: Forcing endless battles is banned
|clearpoke
|poke|p1|Ho-Oh|
|poke|p1|Calyrex-Shadow|
|poke|p1|Rayquaza|
|poke|p1|Necrozma-Dusk-Mane|
|poke|p1|Yveltal|
|poke|p1|Groudon|
|poke|p2|Rayquaza|
|poke|p2|Groudon|
|poke|p2|Yveltal|
|poke|p2|Marshadow|
|poke|p2|Necrozma-Dusk-Mane|
|poke|p2|Ho-Oh|
|teampreview
|inactive|Battle timer is ON: inactive players will automatically lose when time's up. (requested by Buck X)
|c|☆Buck X|Glhf
|
|t:|1661174530
|start
|switch|p1a: Balanced|Rayquaza|100/100
|switch|p2a: Groudon|Groudon|100/100
|-ability|p1a: Balanced|Air Lock
|detailschange|p2a: Groudon|Groudon-Primal
|-primal|p2a: Groudon
|-weather|DesolateLand|[from] ability: Desolate Land|[of] p2a: Groudon
|turn|1
|
|t:|1661174535
|detailschange|p1a: Balanced|Rayquaza-Mega
|-mega|p1a: Balanced|Rayquaza|
|-weather|DeltaStream|[from] ability: Delta Stream|[of] p1a: Balanced
|move|p1a: Balanced|Draco Meteor|p2a: Groudon
|-damage|p2a: Groudon|36/100
|-unboost|p1a: Balanced|spa|2
|-damage|p1a: Balanced|91/100|[from] item: Life Orb
|move|p2a: Groudon|Thunder Wave|p1a: Balanced
|-status|p1a: Balanced|par
|
|-weather|DeltaStream|[upkeep]
|upkeep
|turn|2
|
|t:|1661174550
|move|p2a: Groudon|Stealth Rock|p1a: Balanced
|-sidestart|p1: Pikaslayer2001|move: Stealth Rock
|move|p1a: Balanced|Dragon Ascent|p2a: Groudon
|-damage|p2a: Groudon|0 fnt
|-unboost|p1a: Balanced|def|1
|-unboost|p1a: Balanced|spd|1
|faint|p2a: Groudon
|-damage|p1a: Balanced|81/100 par|[from] item: Life Orb
|
|-weather|DeltaStream|[upkeep]
|upkeep
|
|t:|1661174577
|switch|p2a: Rayquaza|Rayquaza|100/100
|-ability|p2a: Rayquaza|Air Lock
|turn|3
|
|t:|1661174583
|detailschange|p2a: Rayquaza|Rayquaza-Mega
|-mega|p2a: Rayquaza|Rayquaza|
|move|p1a: Balanced|Extreme Speed|p2a: Rayquaza
|-damage|p2a: Rayquaza|49/100
|-damage|p1a: Balanced|71/100 par|[from] item: Life Orb
|move|p2a: Rayquaza|Dragon Ascent|p1a: Balanced
|-damage|p1a: Balanced|0 fnt
|-unboost|p2a: Rayquaza|def|1
|-unboost|p2a: Rayquaza|spd|1
|faint|p1a: Balanced
|-damage|p2a: Rayquaza|39/100|[from] item: Life Orb
|
|-weather|DeltaStream|[upkeep]
|upkeep
|
|t:|1661174596
|switch|p1a: Ghost Rider|Calyrex-Shadow|100/100
|-ability|p1a: Ghost Rider|As One
|-ability|p1a: Ghost Rider|Unnerve
|-damage|p1a: Ghost Rider|88/100|[from] Stealth Rock
|turn|4
|
|t:|1661174604
|switch|p1a: YAHVULTAL|Yveltal|100/100
|-ability|p1a: YAHVULTAL|Dark Aura
|-weather|none
|switch|p2a: Ho-Oh|Ho-Oh|100/100
|
|upkeep
|turn|5
|
|t:|1661174609
|move|p1a: YAHVULTAL|Taunt|p2a: Ho-Oh
|-start|p2a: Ho-Oh|move: Taunt
|cant|p2a: Ho-Oh|move: Taunt|Toxic
|
|upkeep
|turn|6
|
|t:|1661174628
|move|p1a: YAHVULTAL|Toxic|p2a: Ho-Oh
|-status|p2a: Ho-Oh|tox
|move|p2a: Ho-Oh|Sacred Fire|p1a: YAHVULTAL
|-damage|p1a: YAHVULTAL|64/100
|-status|p1a: YAHVULTAL|brn
|
|-damage|p2a: Ho-Oh|94/100 tox|[from] psn
|-damage|p1a: YAHVULTAL|58/100 brn|[from] brn
|upkeep
|turn|7
|
|t:|1661174642
|switch|p1a: Big boi|Groudon|100/100
|-damage|p1a: Big boi|94/100|[from] Stealth Rock
|detailschange|p1a: Big boi|Groudon-Primal
|-primal|p1a: Big boi
|-weather|DesolateLand|[from] ability: Desolate Land|[of] p1a: Big boi
|switch|p2a: Rayquaza|Rayquaza-Mega|39/100
|-weather|DeltaStream|[from] ability: Delta Stream|[of] p2a: Rayquaza
|
|-weather|DeltaStream|[upkeep]
|upkeep
|turn|8
|j| xiaoludidi
|
|t:|1661174649
|move|p2a: Rayquaza|Draco Meteor|p1a: Big boi
|-damage|p1a: Big boi|32/100
|-unboost|p2a: Rayquaza|spa|2
|-damage|p2a: Rayquaza|29/100|[from] item: Life Orb
|move|p1a: Big boi|Stone Edge|p2a: Rayquaza
|-activate||deltastream
|-damage|p2a: Rayquaza|0 fnt
|faint|p2a: Rayquaza
|-weather|none
|
|upkeep
|
|t:|1661174662
|switch|p2a: Yveltal|Yveltal|100/100
|-ability|p2a: Yveltal|Dark Aura
|turn|9
|
|t:|1661174667
|move|p2a: Yveltal|Dark Pulse|p1a: Big boi
|-damage|p1a: Big boi|0 fnt
|faint|p1a: Big boi
|-damage|p2a: Yveltal|91/100|[from] item: Life Orb
|
|upkeep
|
|t:|1661174670
|switch|p1a: Big Burd|Ho-Oh, shiny|100/100
|turn|10
|
|t:|1661174674
|-start|p2a: Yveltal|Dynamax|
|-heal|p2a: Yveltal|91/100|[silent]
|move|p2a: Yveltal|Max Airstream|p1a: Big Burd
|-damage|p1a: Big Burd|50/100
|-boost|p2a: Yveltal|spe|1
|-damage|p2a: Yveltal|86/100|[from] item: Life Orb
|move|p1a: Big Burd|Toxic|p2a: Yveltal
|-status|p2a: Yveltal|tox
|
|-damage|p2a: Yveltal|83/100 tox|[from] psn
|upkeep
|turn|11
|
|t:|1661174681
|switch|p1a: YAHVULTAL|Yveltal|58/100 brn
|-ability|p1a: YAHVULTAL|Dark Aura
|move|p2a: Yveltal|Max Darkness|p1a: YAHVULTAL
|-resisted|p1a: YAHVULTAL
|-damage|p1a: YAHVULTAL|18/100 brn
|-unboost|p1a: YAHVULTAL|spd|1
|-damage|p2a: Yveltal|78/100 tox|[from] item: Life Orb
|
|-damage|p2a: Yveltal|71/100 tox|[from] psn
|-damage|p1a: YAHVULTAL|11/100 brn|[from] brn
|upkeep
|turn|12
|inactive|Buck X has 120 seconds left.
|
|t:|1661174715
|move|p2a: Yveltal|Max Airstream|p1a: YAHVULTAL
|-damage|p1a: YAHVULTAL|0 fnt
|-boost|p2a: Yveltal|spe|1
|faint|p1a: YAHVULTAL
|-damage|p2a: Yveltal|67/100 tox|[from] item: Life Orb
|
|-damage|p2a: Yveltal|57/100 tox|[from] psn
|upkeep
|
|t:|1661174718
|switch|p1a: Big Burd|Ho-Oh, shiny|83/100
|-end|p2a: Yveltal|Dynamax
|-heal|p2a: Yveltal|57/100 tox|[silent]
|turn|13
|
|t:|1661174724
|switch|p2a: Ho-Oh|Ho-Oh|100/100 tox
|move|p1a: Big Burd|Sacred Fire|p2a: Ho-Oh
|-resisted|p2a: Ho-Oh
|-damage|p2a: Ho-Oh|87/100 tox
|
|-damage|p2a: Ho-Oh|81/100 tox|[from] psn
|upkeep
|turn|14
|
|t:|1661174727
|switch|p1a: Robo-Cat|Necrozma-Dusk-Mane|100/100
|-damage|p1a: Robo-Cat|94/100|[from] Stealth Rock
|move|p2a: Ho-Oh|Sacred Fire|p1a: Robo-Cat
|-supereffective|p1a: Robo-Cat
|-damage|p1a: Robo-Cat|57/100
|
|-damage|p2a: Ho-Oh|69/100 tox|[from] psn
|upkeep
|turn|15
|
|t:|1661174743
|switch|p1a: Big Burd|Ho-Oh, shiny|100/100
|move|p2a: Ho-Oh|Sacred Fire|p1a: Big Burd|[miss]
|-miss|p2a: Ho-Oh|p1a: Big Burd
|
|-damage|p2a: Ho-Oh|50/100 tox|[from] psn
|upkeep
|turn|16
|
|t:|1661174747
|switch|p2a: Necrozma|Necrozma-Dusk-Mane|100/100
|-start|p1a: Big Burd|Dynamax|
|-heal|p1a: Big Burd|100/100|[silent]
|move|p1a: Big Burd|Max Guard||[still]
|-fail|p1a: Big Burd
|
|upkeep
|turn|17
|
|t:|1661174752
|switch|p2a: Ho-Oh|Ho-Oh|83/100 tox
|move|p1a: Big Burd|Max Flare|p2a: Ho-Oh
|-resisted|p2a: Ho-Oh
|-damage|p2a: Ho-Oh|66/100 tox
|-weather|SunnyDay
|
|-weather|SunnyDay|[upkeep]
|-damage|p2a: Ho-Oh|60/100 tox|[from] psn
|upkeep
|turn|18
|
|t:|1661174755
|move|p1a: Big Burd|Max Flare|p2a: Ho-Oh
|-resisted|p2a: Ho-Oh
|-damage|p2a: Ho-Oh|35/100 tox
|move|p2a: Ho-Oh|Toxic|p1a: Big Burd
|-status|p1a: Big Burd|tox
|
|-weather|SunnyDay|[upkeep]
|-damage|p1a: Big Burd|97/100 tox|[from] psn
|-damage|p2a: Ho-Oh|23/100 tox|[from] psn
|upkeep
|-end|p1a: Big Burd|Dynamax
|-heal|p1a: Big Burd|98/100 tox|[silent]
|turn|19
|
|t:|1661174773
|move|p2a: Ho-Oh|Sacred Fire|p1a: Big Burd
|-resisted|p1a: Big Burd
|-damage|p1a: Big Burd|78/100 tox
|move|p1a: Big Burd|Sacred Fire|p2a: Ho-Oh
|-resisted|p2a: Ho-Oh
|-damage|p2a: Ho-Oh|2/100 tox
|
|-weather|SunnyDay|[upkeep]
|-damage|p2a: Ho-Oh|0 fnt|[from] psn
|faint|p2a: Ho-Oh
|-damage|p1a: Big Burd|66/100 tox|[from] psn
|upkeep
|l| xiaoludidi
|
|t:|1661174779
|switch|p2a: Necrozma|Necrozma-Dusk-Mane|100/100
|turn|20
|
|t:|1661174797
|move|p2a: Necrozma|Morning Sun|p2a: Necrozma
|-fail|p2a: Necrozma|heal
|move|p1a: Big Burd|Sacred Fire|p2a: Necrozma
|-supereffective|p2a: Necrozma
|-damage|p2a: Necrozma|45/100
|
|-weather|SunnyDay|[upkeep]
|-heal|p2a: Necrozma|51/100|[from] item: Leftovers
|-damage|p1a: Big Burd|48/100 tox|[from] psn
|upkeep
|turn|21
|
|t:|1661174806
|move|p2a: Necrozma|Morning Sun|p2a: Necrozma
|-heal|p2a: Necrozma|100/100
|move|p1a: Big Burd|Sacred Fire|p2a: Necrozma
|-supereffective|p2a: Necrozma
|-damage|p2a: Necrozma|45/100
|-status|p2a: Necrozma|brn
|
|-weather|none
|-heal|p2a: Necrozma|51/100 brn|[from] item: Leftovers
|-damage|p1a: Big Burd|24/100 tox|[from] psn
|-damage|p2a: Necrozma|45/100 brn|[from] brn
|upkeep
|turn|22
|
|t:|1661174812
|switch|p1a: Robo-Cat|Necrozma-Dusk-Mane|57/100
|-damage|p1a: Robo-Cat|51/100|[from] Stealth Rock
|move|p2a: Necrozma|Morning Sun|p2a: Necrozma
|-heal|p2a: Necrozma|95/100 brn
|
|-heal|p2a: Necrozma|100/100 brn|[from] item: Leftovers
|-damage|p2a: Necrozma|94/100 brn|[from] brn
|upkeep
|turn|23
|inactive|Pikaslayer2001 has 120 seconds left.
|
|t:|1661174845
|move|p2a: Necrozma|Dragon Dance|p2a: Necrozma
|-boost|p2a: Necrozma|atk|1
|-boost|p2a: Necrozma|spe|1
|move|p1a: Robo-Cat|Morning Sun|p1a: Robo-Cat
|-heal|p1a: Robo-Cat|100/100
|
|-heal|p2a: Necrozma|100/100 brn|[from] item: Leftovers
|-damage|p2a: Necrozma|94/100 brn|[from] brn
|upkeep
|turn|24
|
|t:|1661174849
|move|p2a: Necrozma|Dragon Dance|p2a: Necrozma
|-boost|p2a: Necrozma|atk|1
|-boost|p2a: Necrozma|spe|1
|move|p1a: Robo-Cat|Dragon Dance|p1a: Robo-Cat
|-boost|p1a: Robo-Cat|atk|1
|-boost|p1a: Robo-Cat|spe|1
|
|-heal|p2a: Necrozma|100/100 brn|[from] item: Leftovers
|-damage|p2a: Necrozma|94/100 brn|[from] brn
|upkeep
|turn|25
|
|t:|1661174856
|move|p2a: Necrozma|Dragon Dance|p2a: Necrozma
|-boost|p2a: Necrozma|atk|1
|-boost|p2a: Necrozma|spe|1
|move|p1a: Robo-Cat|Earthquake|p2a: Necrozma
|-supereffective|p2a: Necrozma
|-damage|p2a: Necrozma|51/100 brn
|
|-heal|p2a: Necrozma|57/100 brn|[from] item: Leftovers
|-damage|p2a: Necrozma|51/100 brn|[from] brn
|upkeep
|turn|26
|
|t:|1661174866
|move|p2a: Necrozma|Earthquake|p1a: Robo-Cat
|-supereffective|p1a: Robo-Cat
|-damage|p1a: Robo-Cat|65/100
|move|p1a: Robo-Cat|Dragon Dance|p1a: Robo-Cat
|-boost|p1a: Robo-Cat|atk|1
|-boost|p1a: Robo-Cat|spe|1
|
|-heal|p2a: Necrozma|57/100 brn|[from] item: Leftovers
|-damage|p2a: Necrozma|51/100 brn|[from] brn
|upkeep
|turn|27
|
|t:|1661174870
|move|p2a: Necrozma|Dragon Dance|p2a: Necrozma
|-boost|p2a: Necrozma|atk|1
|-boost|p2a: Necrozma|spe|1
|move|p1a: Robo-Cat|Dragon Dance|p1a: Robo-Cat
|-boost|p1a: Robo-Cat|atk|1
|-boost|p1a: Robo-Cat|spe|1
|
|-heal|p2a: Necrozma|57/100 brn|[from] item: Leftovers
|-damage|p2a: Necrozma|51/100 brn|[from] brn
|upkeep
|turn|28
|
|t:|1661174872
|move|p2a: Necrozma|Morning Sun|p2a: Necrozma
|-heal|p2a: Necrozma|100/100 brn
|move|p1a: Robo-Cat|Earthquake|p2a: Necrozma
|-supereffective|p2a: Necrozma
|-damage|p2a: Necrozma|28/100 brn
|
|-heal|p2a: Necrozma|34/100 brn|[from] item: Leftovers
|-damage|p2a: Necrozma|28/100 brn|[from] brn
|upkeep
|turn|29
|
|t:|1661174876
|move|p2a: Necrozma|Earthquake|p1a: Robo-Cat
|-supereffective|p1a: Robo-Cat
|-damage|p1a: Robo-Cat|24/100
|move|p1a: Robo-Cat|Earthquake|p2a: Necrozma
|-supereffective|p2a: Necrozma
|-damage|p2a: Necrozma|0 fnt
|faint|p2a: Necrozma
|
|upkeep
|
|t:|1661174881
|switch|p2a: Marshadow|Marshadow|100/100
|turn|30
|
|t:|1661174887
|switch|p1a: Big Burd|Ho-Oh, shiny|57/100 tox
|move|p2a: Marshadow|Shadow Sneak|p1a: Big Burd
|-damage|p1a: Big Burd|26/100 tox
|
|-damage|p1a: Big Burd|20/100 tox|[from] psn
|upkeep
|turn|31
|
|t:|1661174892
|switch|p1a: Robo-Cat|Necrozma-Dusk-Mane|24/100
|-damage|p1a: Robo-Cat|18/100|[from] Stealth Rock
|move|p2a: Marshadow|Shadow Sneak|p1a: Robo-Cat
|-supereffective|p1a: Robo-Cat
|-damage|p1a: Robo-Cat|0 fnt
|-damage|p2a: Marshadow|84/100|[from] item: Rocky Helmet|[of] p1a: Robo-Cat
|faint|p1a: Robo-Cat
|
|upkeep
|
|t:|1661174897
|switch|p1a: Big Burd|Ho-Oh, shiny|53/100 tox
|turn|32
|
|t:|1661174903
|move|p2a: Marshadow|Shadow Sneak|p1a: Big Burd
|-damage|p1a: Big Burd|22/100 tox
|move|p1a: Big Burd|Sacred Fire|p2a: Marshadow
|-damage|p2a: Marshadow|24/100
|-status|p2a: Marshadow|brn
|
|-damage|p1a: Big Burd|16/100 tox|[from] psn
|-damage|p2a: Marshadow|18/100 brn|[from] brn
|upkeep
|turn|33
|
|t:|1661174910
|switch|p1a: Ghost Rider|Calyrex-Shadow|88/100
|-ability|p1a: Ghost Rider|As One
|-ability|p1a: Ghost Rider|Unnerve
|-damage|p1a: Ghost Rider|76/100|[from] Stealth Rock
|move|p2a: Marshadow|Shadow Sneak|p1a: Ghost Rider
|-supereffective|p1a: Ghost Rider
|-damage|p1a: Ghost Rider|0 fnt
|faint|p1a: Ghost Rider
|
|-damage|p2a: Marshadow|12/100 brn|[from] brn
|upkeep
|
|t:|1661174912
|switch|p1a: Big Burd|Ho-Oh, shiny|50/100 tox
|turn|34
|
|t:|1661174915
|move|p2a: Marshadow|Shadow Sneak|p1a: Big Burd
|-damage|p1a: Big Burd|35/100 tox
|move|p1a: Big Burd|Sacred Fire|p2a: Marshadow
|-damage|p2a: Marshadow|0 fnt
|faint|p2a: Marshadow
|
|-damage|p1a: Big Burd|29/100 tox|[from] psn
|upkeep
|
|t:|1661174917
|switch|p2a: Yveltal|Yveltal|57/100 tox
|-ability|p2a: Yveltal|Dark Aura
|turn|35
|
|t:|1661174921
|move|p2a: Yveltal|Dark Pulse|p1a: Big Burd
|-damage|p1a: Big Burd|0 fnt
|faint|p1a: Big Burd
|-damage|p2a: Yveltal|48/100 tox|[from] item: Life Orb
|
|win|Buck X
|raw|Pikaslayer2001's rating: 1787 &rarr; <strong>1770</strong><br />(-17 for losing)
|raw|Buck X's rating: 1846 &rarr; <strong>1863</strong><br />(+17 for winning)
|c|☆Buck X|Ggwp
|c|☆Pikaslayer2001|Gg
|l|☆Pikaslayer2001
