|j|☆yiyi yizi
|j|☆Emorawr79
|t:|1641928486
|gametype|singles
|player|p1|yiyi yizi|hilbert|1509
|player|p2|Emorawr79|265|1726
|teamsize|p1|6
|teamsize|p2|6
|gen|8
|tier|[Gen 8] National Dex AG
|rated|
|rule|HP Percentage Mod: HP is shown in percentages
|rule|Endless Battle Clause: Forcing endless battles is banned
|clearpoke
|poke|p1|Whimsicott, F|
|poke|p1|Gliscor, F|
|poke|p1|Sableye, M|
|poke|p1|Corsola-Galar, M|
|poke|p1|Greninja, F|
|poke|p1|Necrozma-Dusk-Mane|
|poke|p2|Calyrex-Shadow|
|poke|p2|Zacian-*|
|poke|p2|Smeargle, F|
|poke|p2|Zygarde|
|poke|p2|Ditto|
|poke|p2|Arceus-*|
|teampreview
|inactive|Battle timer is ON: inactive players will automatically lose when time's up. (requested by yiyi yizi)
|
|t:|1641928497
|start
|switch|p1a: Whimsicott|Whimsicott, F, shiny|100/100
|switch|p2a: Zacian|Zacian-Crowned|100/100
|-ability|p2a: Zacian|Intrepid Sword|boost
|-boost|p2a: Zacian|atk|1
|turn|1
|
|t:|1641928500
|move|p1a: Whimsicott|Protect|p1a: Whimsicott
|-singleturn|p1a: Whimsicott|Protect
|move|p2a: Zacian|Behemoth Blade|p1a: Whimsicott
|-activate|p1a: Whimsicott|move: Protect
|
|upkeep
|turn|2
|
|t:|1641928502
|move|p1a: Whimsicott|Substitute|p1a: Whimsicott
|-start|p1a: Whimsicott|Substitute
|-damage|p1a: Whimsicott|75/100
|move|p2a: Zacian|Behemoth Blade|p1a: Whimsicott
|-supereffective|p1a: Whimsicott
|-end|p1a: Whimsicott|Substitute
|
|-heal|p1a: Whimsicott|82/100|[from] item: Leftovers
|upkeep
|turn|3
|
|t:|1641928504
|move|p1a: Whimsicott|Protect|p1a: Whimsicott
|-singleturn|p1a: Whimsicott|Protect
|move|p2a: Zacian|Behemoth Blade|p1a: Whimsicott
|-activate|p1a: Whimsicott|move: Protect
|
|-heal|p1a: Whimsicott|88/100|[from] item: Leftovers
|upkeep
|turn|4
|
|t:|1641928508
|switch|p1a: Necrozma|Necrozma-Dusk-Mane|100/100
|move|p2a: Zacian|Behemoth Blade|p1a: Necrozma
|-resisted|p1a: Necrozma
|-damage|p1a: Necrozma|68/100
|
|-heal|p1a: Necrozma|74/100|[from] item: Leftovers
|upkeep
|turn|5
|
|t:|1641928514
|move|p2a: Zacian|Crunch|p1a: Necrozma
|-supereffective|p1a: Necrozma
|-damage|p1a: Necrozma|22/100
|move|p1a: Necrozma|Cosmic Power|p1a: Necrozma
|-boost|p1a: Necrozma|def|1
|-boost|p1a: Necrozma|spd|1
|
|-heal|p1a: Necrozma|28/100|[from] item: Leftovers
|upkeep
|turn|6
|
|t:|1641928529
|switch|p1a: Whimsicott|Whimsicott, F, shiny|88/100
|move|p2a: Zacian|Crunch|p1a: Whimsicott
|-resisted|p1a: Whimsicott
|-damage|p1a: Whimsicott|67/100
|
|-heal|p1a: Whimsicott|73/100|[from] item: Leftovers
|upkeep
|turn|7
|
|t:|1641928534
|move|p1a: Whimsicott|Encore|p2a: Zacian
|-start|p2a: Zacian|Encore
|move|p2a: Zacian|Crunch|p1a: Whimsicott
|-resisted|p1a: Whimsicott
|-damage|p1a: Whimsicott|50/100
|
|-heal|p1a: Whimsicott|56/100|[from] item: Leftovers
|upkeep
|turn|8
|
|t:|1641928536
|move|p1a: Whimsicott|Leech Seed|p2a: Zacian|[miss]
|-miss|p1a: Whimsicott|p2a: Zacian
|move|p2a: Zacian|Crunch|p1a: Whimsicott
|-resisted|p1a: Whimsicott
|-damage|p1a: Whimsicott|36/100
|
|-heal|p1a: Whimsicott|42/100|[from] item: Leftovers
|upkeep
|turn|9
|
|t:|1641928540
|switch|p2a: Ditto|Ditto|100/100
|-transform|p2a: Ditto|p1a: Whimsicott|[from] ability: Imposter
|move|p1a: Whimsicott|Leech Seed|p2a: Ditto
|-immune|p2a: Ditto
|
|-heal|p1a: Whimsicott|49/100|[from] item: Leftovers
|upkeep
|turn|10
|
|t:|1641928544
|switch|p2a: Zacian|Zacian-Crowned|100/100
|-ability|p2a: Zacian|Intrepid Sword|boost
|-boost|p2a: Zacian|atk|1
|switch|p1a: Necrozma|Necrozma-Dusk-Mane|28/100
|
|-heal|p1a: Necrozma|34/100|[from] item: Leftovers
|upkeep
|turn|11
|
|t:|1641928552
|move|p2a: Zacian|Behemoth Blade|p1a: Necrozma
|-resisted|p1a: Necrozma
|-damage|p1a: Necrozma|4/100
|move|p1a: Necrozma|Morning Sun|p1a: Necrozma
|-heal|p1a: Necrozma|54/100
|
|-heal|p1a: Necrozma|60/100|[from] item: Leftovers
|upkeep
|turn|12
|
|t:|1641928555
|move|p2a: Zacian|Crunch|p1a: Necrozma
|-supereffective|p1a: Necrozma
|-damage|p1a: Necrozma|10/100
|move|p1a: Necrozma|Morning Sun|p1a: Necrozma
|-heal|p1a: Necrozma|60/100
|
|-heal|p1a: Necrozma|66/100|[from] item: Leftovers
|upkeep
|turn|13
|
|t:|1641928560
|move|p2a: Zacian|Crunch|p1a: Necrozma
|-supereffective|p1a: Necrozma
|-damage|p1a: Necrozma|17/100
|move|p1a: Necrozma|Morning Sun|p1a: Necrozma
|-heal|p1a: Necrozma|67/100
|
|-heal|p1a: Necrozma|73/100|[from] item: Leftovers
|upkeep
|turn|14
|inactive|yiyi yizi has 120 seconds left.
|
|t:|1641928593
|switch|p1a: Sableye|Sableye, M|100/100
|move|p2a: Zacian|Crunch|p1a: Sableye
|-damage|p1a: Sableye|54/100
|
|upkeep
|turn|15
|inactive|yiyi yizi has 120 seconds left.
|inactive|Emorawr79 has 120 seconds left.
|
|t:|1641928646
|move|p1a: Sableye|Will-O-Wisp|p2a: Zacian
|-status|p2a: Zacian|brn
|move|p2a: Zacian|Play Rough|p1a: Sableye
|-supereffective|p1a: Sableye
|-damage|p1a: Sableye|0 fnt
|faint|p1a: Sableye
|
|-damage|p2a: Zacian|94/100 brn|[from] brn
|upkeep
|inactive|yiyi yizi has 120 seconds left.
|
|t:|1641928656
|switch|p1a: Gliscor|Gliscor, F|100/100
|turn|16
|
|t:|1641928660
|switch|p2a: Smeargle|Smeargle, F|100/100
|move|p1a: Gliscor|Substitute|p1a: Gliscor
|-start|p1a: Gliscor|Substitute
|-damage|p1a: Gliscor|76/100
|
|-status|p1a: Gliscor|tox|[from] item: Toxic Orb
|-ability|p2a: Smeargle|Moody|boost
|-boost|p2a: Smeargle|def|2
|-unboost|p2a: Smeargle|spd|1
|upkeep
|turn|17
|
|t:|1641928663
|move|p1a: Gliscor|Toxic|p2a: Smeargle|[miss]
|-miss|p1a: Gliscor|p2a: Smeargle
|move|p2a: Smeargle|Sticky Web|p1a: Gliscor
|-sidestart|p1: yiyi yizi|move: Sticky Web
|
|-heal|p1a: Gliscor|88/100 tox|[from] ability: Poison Heal
|-ability|p2a: Smeargle|Moody|boost
|-boost|p2a: Smeargle|def|2
|-unboost|p2a: Smeargle|spa|1
|upkeep
|turn|18
|
|t:|1641928666
|switch|p2a: Ditto|Ditto|100/100
|move|p1a: Gliscor|Toxic|p2a: Ditto
|-status|p2a: Ditto|tox
|
|-heal|p1a: Gliscor|100/100 tox|[from] ability: Poison Heal
|-damage|p2a: Ditto|94/100 tox|[from] psn
|upkeep
|turn|19
|
|t:|1641928673
|switch|p2a: Calyrex|Calyrex-Shadow|100/100
|-ability|p2a: Calyrex|As One
|-ability|p2a: Calyrex|Unnerve
|move|p1a: Gliscor|Earthquake|p2a: Calyrex
|-crit|p2a: Calyrex
|-damage|p2a: Calyrex|45/100
|
|upkeep
|turn|20
|
|t:|1641928676
|move|p2a: Calyrex|Encore|p1a: Gliscor
|-start|p1a: Gliscor|Encore
|move|p1a: Gliscor|Earthquake|p2a: Calyrex
|-damage|p2a: Calyrex|8/100
|
|upkeep
|turn|21
|
|t:|1641928678
|move|p2a: Calyrex|Astral Barrage|p1a: Gliscor
|-end|p1a: Gliscor|Substitute
|move|p1a: Gliscor|Earthquake|p2a: Calyrex
|-damage|p2a: Calyrex|0 fnt
|faint|p2a: Calyrex
|
|upkeep
|
|t:|1641928680
|switch|p2a: Arceus|Arceus|100/100
|turn|22
|
|t:|1641928683
|move|p2a: Arceus|Swords Dance|p2a: Arceus
|-boost|p2a: Arceus|atk|2
|move|p1a: Gliscor|Earthquake|p2a: Arceus
|-damage|p2a: Arceus|77/100
|
|-end|p1a: Gliscor|Encore
|upkeep
|turn|23
|
|t:|1641928687
|move|p2a: Arceus|Extreme Speed|p1a: Gliscor
|-damage|p1a: Gliscor|23/100 tox
|move|p1a: Gliscor|Toxic|p2a: Arceus
|-status|p2a: Arceus|tox
|
|-damage|p2a: Arceus|71/100 tox|[from] psn
|-heal|p1a: Gliscor|36/100 tox|[from] ability: Poison Heal
|upkeep
|turn|24
|
|t:|1641928690
|move|p1a: Gliscor|Protect|p1a: Gliscor
|-singleturn|p1a: Gliscor|Protect
|move|p2a: Arceus|Extreme Speed|p1a: Gliscor
|-activate|p1a: Gliscor|move: Protect
|
|-damage|p2a: Arceus|59/100 tox|[from] psn
|-heal|p1a: Gliscor|48/100 tox|[from] ability: Poison Heal
|upkeep
|turn|25
|
|t:|1641928692
|switch|p1a: Corsola|Corsola-Galar, M, shiny|100/100
|-activate|p1a: Corsola|move: Sticky Web
|-unboost|p1a: Corsola|spe|1
|move|p2a: Arceus|Shadow Claw|p1a: Corsola
|-supereffective|p1a: Corsola
|-crit|p1a: Corsola
|-damage|p1a: Corsola|19/100
|
|-damage|p2a: Arceus|41/100 tox|[from] psn
|upkeep
|turn|26
|
|t:|1641928699
|move|p2a: Arceus|Shadow Claw|p1a: Corsola
|-supereffective|p1a: Corsola
|-damage|p1a: Corsola|0 fnt
|-start|p2a: Arceus|Disable|Shadow Claw|[from] ability: Cursed Body|[of] p1a: Corsola
|faint|p1a: Corsola
|
|-damage|p2a: Arceus|17/100 tox|[from] psn
|upkeep
|
|t:|1641928708
|switch|p1a: Gliscor|Gliscor, F|48/100 tox
|turn|27
|
|t:|1641928710
|move|p1a: Gliscor|Protect|p1a: Gliscor
|-singleturn|p1a: Gliscor|Protect
|move|p2a: Arceus|Extreme Speed|p1a: Gliscor
|-activate|p1a: Gliscor|move: Protect
|
|-damage|p2a: Arceus|0 fnt|[from] psn
|faint|p2a: Arceus
|-heal|p1a: Gliscor|60/100 tox|[from] ability: Poison Heal
|upkeep
|
|t:|1641928714
|switch|p2a: Smeargle|Smeargle, F|100/100
|turn|28
|
|t:|1641928716
|move|p1a: Gliscor|Substitute|p1a: Gliscor
|-start|p1a: Gliscor|Substitute
|-damage|p1a: Gliscor|36/100 tox
|move|p2a: Smeargle|Sticky Web||[still]
|-fail|p2a: Smeargle
|
|-heal|p1a: Gliscor|48/100 tox|[from] ability: Poison Heal
|-ability|p2a: Smeargle|Moody|boost
|-boost|p2a: Smeargle|spd|2
|-unboost|p2a: Smeargle|spe|1
|upkeep
|turn|29
|
|t:|1641928720
|move|p1a: Gliscor|Toxic|p2a: Smeargle
|-status|p2a: Smeargle|tox
|move|p2a: Smeargle|Endeavor|p1a: Gliscor
|-immune|p1a: Gliscor
|
|-heal|p1a: Gliscor|60/100 tox|[from] ability: Poison Heal
|-damage|p2a: Smeargle|95/100 tox|[from] psn
|-ability|p2a: Smeargle|Moody|boost
|-boost|p2a: Smeargle|def|2
|-unboost|p2a: Smeargle|atk|1
|upkeep
|turn|30
|
|t:|1641928735
|switch|p1a: Greninja|Greninja, F|100/100
|-activate|p1a: Greninja|move: Sticky Web
|-unboost|p1a: Greninja|spe|1
|move|p2a: Smeargle|Extreme Speed|p1a: Greninja
|-damage|p1a: Greninja|81/100
|
|-damage|p2a: Smeargle|83/100 tox|[from] psn
|-ability|p2a: Smeargle|Moody|boost
|-boost|p2a: Smeargle|spa|2
|-unboost|p2a: Smeargle|spe|1
|upkeep
|turn|31
|
|t:|1641928737
|move|p1a: Greninja|Toxic Spikes|p2a: Smeargle
|-sidestart|p2: Emorawr79|move: Toxic Spikes
|move|p2a: Smeargle|Endeavor|p1a: Greninja
|-damage|p1a: Greninja|73/100
|
|-damage|p2a: Smeargle|65/100 tox|[from] psn
|-ability|p2a: Smeargle|Moody|boost
|-boost|p2a: Smeargle|def|2
|-unboost|p2a: Smeargle|spa|1
|upkeep
|turn|32
|
|t:|1641928740
|move|p1a: Greninja|Toxic Spikes|p2a: Smeargle
|-sidestart|p2: Emorawr79|move: Toxic Spikes
|move|p2a: Smeargle|Spore|p1a: Greninja
|-status|p1a: Greninja|slp|[from] move: Spore
|
|-damage|p2a: Smeargle|41/100 tox|[from] psn
|-ability|p2a: Smeargle|Moody|boost
|-boost|p2a: Smeargle|spa|2
|-unboost|p2a: Smeargle|atk|1
|upkeep
|turn|33
|
|t:|1641928745
|switch|p1a: Gliscor|Gliscor, F|60/100 tox
|move|p2a: Smeargle|Endeavor|p1a: Gliscor
|-damage|p1a: Gliscor|29/100 tox
|
|-heal|p1a: Gliscor|42/100 tox|[from] ability: Poison Heal
|-damage|p2a: Smeargle|11/100 tox|[from] psn
|-ability|p2a: Smeargle|Moody|boost
|-boost|p2a: Smeargle|spd|2
|-unboost|p2a: Smeargle|spe|1
|upkeep
|turn|34
|
|t:|1641928748
|move|p1a: Gliscor|Substitute|p1a: Gliscor
|-start|p1a: Gliscor|Substitute
|-damage|p1a: Gliscor|17/100 tox
|move|p2a: Smeargle|Endeavor|p1a: Gliscor
|-activate|p1a: Gliscor|move: Substitute|[damage]
|
|-heal|p1a: Gliscor|29/100 tox|[from] ability: Poison Heal
|-damage|p2a: Smeargle|0 fnt|[from] psn
|faint|p2a: Smeargle
|upkeep
|
|t:|1641928752
|switch|p2a: Ditto|Ditto|94/100 tox
|turn|35
|-message|Emorawr79 forfeited.
|
|win|yiyi yizi
|raw|yiyi yizi's rating: 1509 &rarr; <strong>1540</strong><br />(+31 for winning)
|raw|Emorawr79's rating: 1726 &rarr; <strong>1695</strong><br />(-31 for losing)
|l|☆Emorawr79
|c|☆yiyi yizi|ezzzzzzzzzzzzzzzzzzzzzzzzz
