|j|☆the bugcatcher pr
|j|☆SpookyMareep
|t:|1662164258
|gametype|singles
|player|p1|the bugcatcher pr|sabrina|1636
|player|p2|SpookyMareep|teamrocket|1692
|teamsize|p1|6
|teamsize|p2|6
|gen|8
|tier|[Gen 8] National Dex AG
|rated|
|rule|HP Percentage Mod: HP is shown in percentages
|rule|Endless Battle Clause: Forcing endless battles is banned
|clearpoke
|poke|p1|Pheromosa|
|poke|p1|Scizor, F|
|poke|p1|Volcarona, M|
|poke|p1|Dragapult, F|
|poke|p1|Yveltal|
|poke|p1|Zekrom|
|poke|p2|Ditto|
|poke|p2|Marshadow|
|poke|p2|Toxapex, M|
|poke|p2|Shedinja|
|poke|p2|Quagsire, F|
|poke|p2|Landorus-Therian, M|
|teampreview
|
|t:|1662164262
|start
|switch|p1a: Zekrom|Zekrom|100/100
|switch|p2a: >1440 ELO TEAM|Landorus-Therian, M|100/100
|-ability|p2a: >1440 ELO TEAM|Intimidate|boost
|-unboost|p1a: Zekrom|atk|1
|-ability|p1a: Zekrom|Teravolt
|turn|1
|c|☆the bugcatcher pr|glhf
|
|t:|1662164276
|switch|p1a: Yveltal|Yveltal|100/100
|-ability|p1a: Yveltal|Dark Aura
|move|p2a: >1440 ELO TEAM|Earthquake|p1a: Yveltal
|-immune|p1a: Yveltal
|
|upkeep
|turn|2
|c|☆SpookyMareep|PREPARE FOR TROUBLE >:V
|c|☆the bugcatcher pr|u2
|
|t:|1662164293
|-start|p2a: >1440 ELO TEAM|Dynamax|
|-heal|p2a: >1440 ELO TEAM|100/100|[silent]
|-start|p1a: Yveltal|Dynamax|
|-heal|p1a: Yveltal|100/100|[silent]
|move|p2a: >1440 ELO TEAM|Max Rockfall|p1a: Yveltal
|-supereffective|p1a: Yveltal
|-damage|p1a: Yveltal|59/100
|-weather|Sandstorm
|move|p1a: Yveltal|Max Ooze|p2a: >1440 ELO TEAM
|-resisted|p2a: >1440 ELO TEAM
|-damage|p2a: >1440 ELO TEAM|88/100
|-boost|p1a: Yveltal|spa|1
|
|-weather|Sandstorm|[upkeep]
|-damage|p1a: Yveltal|56/100|[from] Sandstorm
|upkeep
|turn|3
|
|t:|1662164309
|move|p2a: >1440 ELO TEAM|Max Rockfall|p1a: Yveltal
|-supereffective|p1a: Yveltal
|-damage|p1a: Yveltal|18/100
|move|p1a: Yveltal|Max Airstream|p2a: >1440 ELO TEAM
|-damage|p2a: >1440 ELO TEAM|17/100
|-boost|p1a: Yveltal|spe|1
|
|-weather|Sandstorm|[upkeep]
|-damage|p1a: Yveltal|15/100|[from] Sandstorm
|upkeep
|turn|4
|
|t:|1662164320
|move|p1a: Yveltal|Max Airstream|p2a: >1440 ELO TEAM
|-damage|p2a: >1440 ELO TEAM|0 fnt
|-boost|p1a: Yveltal|spe|1
|faint|p2a: >1440 ELO TEAM
|
|-weather|Sandstorm|[upkeep]
|-damage|p1a: Yveltal|12/100|[from] Sandstorm
|upkeep
|
|t:|1662164322
|switch|p2a: Zacian! Wait STOP!|Ditto|100/100
|-transform|p2a: Zacian! Wait STOP!|p1a: Yveltal|[from] ability: Imposter
|-ability|p2a: Zacian! Wait STOP!|Dark Aura
|-end|p1a: Yveltal|Dynamax
|-heal|p1a: Yveltal|12/100|[silent]
|turn|5
|
|t:|1662164334
|move|p2a: Zacian! Wait STOP!|Dark Pulse|p1a: Yveltal
|-resisted|p1a: Yveltal
|-damage|p1a: Yveltal|0 fnt
|faint|p1a: Yveltal
|
|-weather|Sandstorm|[upkeep]
|-damage|p2a: Zacian! Wait STOP!|95/100|[from] Sandstorm
|upkeep
|c|☆the bugcatcher pr|that was not suppose to happen
|c|☆SpookyMareep|AND MAKE IT DOUBLE >:V
|c|☆the bugcatcher pr|my y never looses to y
|c|☆the bugcatcher pr|bec it had assvest
|c|☆the bugcatcher pr|but it had too little hp...
|c|☆the bugcatcher pr|rip
|c|☆SpookyMareep|I'm +1.5x SpA too.
|
|t:|1662164394
|switch|p1a: Zekrom|Zekrom|100/100
|-ability|p1a: Zekrom|Teravolt
|turn|6
|c|☆SpookyMareep|Since you used sludge wave or whatever
|
|t:|1662164402
|switch|p2a: :)|Quagsire, F|100/100
|move|p1a: Zekrom|Body Press|p2a: :)
|-damage|p2a: :)|81/100
|-damage|p1a: Zekrom|84/100|[from] item: Rocky Helmet|[of] p2a: :)
|
|-weather|none
|upkeep
|turn|7
|
|t:|1662164412
|move|p1a: Zekrom|Earth Power|p2a: :)
|-damage|p2a: :)|46/100
|move|p2a: :)|Earthquake|p1a: Zekrom
|-supereffective|p1a: Zekrom
|-damage|p1a: Zekrom|50/100
|
|upkeep
|turn|8
|
|t:|1662164421
|move|p1a: Zekrom|Earth Power|p2a: :)
|-damage|p2a: :)|12/100
|-unboost|p2a: :)|spd|1
|move|p2a: :)|Recover|p2a: :)
|-heal|p2a: :)|62/100
|
|upkeep
|turn|9
|
|t:|1662164428
|switch|p2a: Yakuza.|Shedinja|100/100
|move|p1a: Zekrom|Earth Power|p2a: Yakuza.
|-resisted|p2a: Yakuza.
|-enditem|p2a: Yakuza.|Focus Sash
|-damage|p2a: Yakuza.|100/100
|
|upkeep
|turn|10
|
|t:|1662164447
|switch|p2a: SpookyMareep(YT)|Marshadow|100/100
|move|p1a: Zekrom|Earth Power|p2a: SpookyMareep(YT)
|-damage|p2a: SpookyMareep(YT)|69/100
|
|upkeep
|turn|11
|
|t:|1662164453
|move|p2a: SpookyMareep(YT)|Ice Punch|p1a: Zekrom
|-supereffective|p1a: Zekrom
|-crit|p1a: Zekrom
|-damage|p1a: Zekrom|0 fnt
|faint|p1a: Zekrom
|-damage|p2a: SpookyMareep(YT)|59/100|[from] item: Life Orb
|
|upkeep
|
|t:|1662164475
|switch|p1a: Volcarona|Volcarona, M|100/100
|turn|12
|
|t:|1662164481
|switch|p2a: Yakuza|Toxapex, M|100/100
|move|p1a: Volcarona|Quiver Dance|p1a: Volcarona
|-boost|p1a: Volcarona|spa|1
|-boost|p1a: Volcarona|spd|1
|-boost|p1a: Volcarona|spe|1
|
|upkeep
|turn|13
|
|t:|1662164486
|move|p1a: Volcarona|Psychic|p2a: Yakuza
|-supereffective|p2a: Yakuza
|-damage|p2a: Yakuza|33/100
|move|p2a: Yakuza|Toxic|p1a: Volcarona
|-status|p1a: Volcarona|tox
|
|-damage|p1a: Volcarona|94/100 tox|[from] psn
|upkeep
|turn|14
|
|t:|1662164494
|switch|p2a: Yakuza.|Shedinja|100/100
|move|p1a: Volcarona|Substitute|p1a: Volcarona
|-start|p1a: Volcarona|Substitute
|-damage|p1a: Volcarona|69/100 tox
|
|-damage|p1a: Volcarona|57/100 tox|[from] psn
|upkeep
|turn|15
|
|t:|1662164500
|move|p2a: Yakuza.|Shadow Sneak|p1a: Volcarona
|-activate|p1a: Volcarona|move: Substitute|[damage]
|move|p1a: Volcarona|Fiery Dance|p2a: Yakuza.
|-supereffective|p2a: Yakuza.
|-damage|p2a: Yakuza.|0 fnt
|faint|p2a: Yakuza.
|
|-damage|p1a: Volcarona|39/100 tox|[from] psn
|upkeep
|
|t:|1662164505
|switch|p2a: Zacian! Wait STOP!|Ditto|95/100
|turn|16
|
|t:|1662164510
|switch|p2a: Yakuza|Toxapex, M|67/100
|move|p1a: Volcarona|Fiery Dance|p2a: Yakuza
|-resisted|p2a: Yakuza
|-damage|p2a: Yakuza|43/100
|-boost|p1a: Volcarona|spa|1
|
|-damage|p1a: Volcarona|14/100 tox|[from] psn
|upkeep
|turn|17
|
|t:|1662164522
|switch|p2a: :)|Quagsire, F|62/100
|move|p1a: Volcarona|Psychic|p2a: :)
|-damage|p2a: :)|29/100
|
|-damage|p1a: Volcarona|0 fnt|[from] psn
|faint|p1a: Volcarona
|upkeep
|
|t:|1662164531
|switch|p1a: Pheromosa|Pheromosa|100/100
|turn|18
|
|t:|1662164537
|switch|p2a: Yakuza|Toxapex, M|76/100
|move|p1a: Pheromosa|Close Combat|p2a: Yakuza
|-resisted|p2a: Yakuza
|-damage|p2a: Yakuza|54/100
|-unboost|p1a: Pheromosa|def|1
|-unboost|p1a: Pheromosa|spd|1
|-damage|p1a: Pheromosa|84/100|[from] item: Rocky Helmet|[of] p2a: Yakuza
|
|upkeep
|turn|19
|
|t:|1662164546
|move|p1a: Pheromosa|Drill Run|p2a: Yakuza
|-supereffective|p2a: Yakuza
|-damage|p2a: Yakuza|17/100
|-damage|p1a: Pheromosa|67/100|[from] item: Rocky Helmet|[of] p2a: Yakuza
|move|p2a: Yakuza|Toxic Spikes|p1a: Pheromosa
|-sidestart|p1: the bugcatcher pr|move: Toxic Spikes
|
|upkeep
|turn|20
|
|t:|1662164552
|switch|p2a: :)|Quagsire, F|29/100
|move|p1a: Pheromosa|Drill Run|p2a: :)|[miss]
|-miss|p1a: Pheromosa|p2a: :)
|
|upkeep
|turn|21
|
|t:|1662164560
|switch|p2a: Yakuza|Toxapex, M|50/100
|move|p1a: Pheromosa|Triple Axel|p2a: Yakuza
|-resisted|p2a: Yakuza
|-crit|p2a: Yakuza
|-damage|p2a: Yakuza|46/100
|-damage|p1a: Pheromosa|51/100|[from] item: Rocky Helmet|[of] p2a: Yakuza
|-resisted|p2a: Yakuza
|-damage|p2a: Yakuza|42/100
|-damage|p1a: Pheromosa|34/100|[from] item: Rocky Helmet|[of] p2a: Yakuza
|-resisted|p2a: Yakuza
|-damage|p2a: Yakuza|34/100
|-damage|p1a: Pheromosa|17/100|[from] item: Rocky Helmet|[of] p2a: Yakuza
|-hitcount|p2a: Yakuza|3
|
|upkeep
|turn|22
|
|t:|1662164572
|switch|p2a: :)|Quagsire, F|29/100
|move|p1a: Pheromosa|Drill Run|p2a: :)
|-damage|p2a: :)|6/100
|-damage|p1a: Pheromosa|1/100|[from] item: Rocky Helmet|[of] p2a: :)
|
|upkeep
|turn|23
|
|t:|1662164579
|move|p1a: Pheromosa|Drill Run|p2a: :)
|-damage|p2a: :)|0 fnt
|-damage|p1a: Pheromosa|0 fnt|[from] item: Rocky Helmet|[of] p2a: :)
|faint|p2a: :)
|faint|p1a: Pheromosa
|
|upkeep
|
|t:|1662164592
|switch|p1a: Scizor|Scizor, F|100/100
|switch|p2a: SpookyMareep(YT)|Marshadow|59/100
|turn|24
|
|t:|1662164633
|switch|p2a: Yakuza|Toxapex, M|68/100
|move|p1a: Scizor|Aerial Ace|p2a: Yakuza
|-damage|p2a: Yakuza|45/100
|-damage|p1a: Scizor|84/100|[from] item: Rocky Helmet|[of] p2a: Yakuza
|
|upkeep
|turn|25
|
|t:|1662164641
|move|p1a: Scizor|Sand Tomb|p2a: Yakuza
|-supereffective|p2a: Yakuza
|-damage|p2a: Yakuza|21/100
|-activate|p2a: Yakuza|move: Sand Tomb|[of] p1a: Scizor
|move|p2a: Yakuza|Toxic Spikes|p1a: Scizor
|-sidestart|p1: the bugcatcher pr|move: Toxic Spikes
|
|-damage|p2a: Yakuza|8/100|[from] move: Sand Tomb|[partiallytrapped]
|upkeep
|turn|26
|
|t:|1662164657
|move|p1a: Scizor|Swords Dance|p1a: Scizor
|-boost|p1a: Scizor|atk|2
|move|p2a: Yakuza|Scald|p1a: Scizor
|-damage|p1a: Scizor|61/100
|
|-damage|p2a: Yakuza|0 fnt|[from] move: Sand Tomb|[partiallytrapped]
|faint|p2a: Yakuza
|upkeep
|
|t:|1662164661
|switch|p2a: Zacian! Wait STOP!|Ditto|95/100
|-transform|p2a: Zacian! Wait STOP!|p1a: Scizor|[from] ability: Imposter
|turn|27
|
|t:|1662164670
|detailschange|p1a: Scizor|Scizor-Mega, F
|-mega|p1a: Scizor|Scizor|Scizorite
|move|p2a: Zacian! Wait STOP!|Aerial Ace|p1a: Scizor
|-damage|p1a: Scizor|6/100
|move|p1a: Scizor|Aerial Ace|p2a: Zacian! Wait STOP!
|-damage|p2a: Zacian! Wait STOP!|0 fnt
|faint|p2a: Zacian! Wait STOP!
|
|upkeep
|
|t:|1662164672
|switch|p2a: SpookyMareep(YT)|Marshadow|59/100
|turn|28
|
|t:|1662164678
|move|p2a: SpookyMareep(YT)|Shadow Sneak|p1a: Scizor
|-damage|p1a: Scizor|0 fnt
|faint|p1a: Scizor
|-damage|p2a: SpookyMareep(YT)|49/100|[from] item: Life Orb
|
|upkeep
|
|t:|1662164682
|switch|p1a: Dragapult|Dragapult, F|100/100
|-status|p1a: Dragapult|tox
|turn|29
|j| jimumjliu
|
|t:|1662164688
|move|p2a: SpookyMareep(YT)|Spectral Thief|p1a: Dragapult
|-supereffective|p1a: Dragapult
|-enditem|p1a: Dragapult|Focus Sash
|-damage|p1a: Dragapult|1/100 tox
|-damage|p2a: SpookyMareep(YT)|39/100|[from] item: Life Orb
|move|p1a: Dragapult|Dragon Darts|p2a: SpookyMareep(YT)
|-damage|p2a: SpookyMareep(YT)|8/100
|-anim|p1a: Dragapult|Dragon Darts|p2a: SpookyMareep(YT)
|-damage|p2a: SpookyMareep(YT)|0 fnt
|faint|p2a: SpookyMareep(YT)
|
|win|the bugcatcher pr
|raw|the bugcatcher pr's rating: 1636 &rarr; <strong>1659</strong><br />(+23 for winning)
|raw|SpookyMareep's rating: 1692 &rarr; <strong>1669</strong><br />(-23 for losing)
|c|☆SpookyMareep|wp
|c|☆the bugcatcher pr|gg
|c|☆SpookyMareep|Subscribe on youtube >:V ill win next time
|c|☆SpookyMareep|Not falling for that sash bs with terravolt again
|c|☆SpookyMareep|lol
|c|☆SpookyMareep|!dt terravolt
No Pokémon, item, move, ability or nature named 'terravolt' was found. Showing the data of 'Teravolt' instead.
|raw|<ul class="utilichart"><li class="result"><span class="col namecol"><a href="https://dex.pokemonshowdown.com/abilities/teravolt">Teravolt</a></span> <span class="col abilitydesccol">This Pokemon's moves and their effects ignore the Abilities of other Pokemon.</span> </li><li style="clear:both"></li></ul>
|raw|<font size="1"><font color="#686868">Gen:</font> 5</font>

||Ladder isn't responding, score probably updated but might not have (Request timeout).
|c|☆SpookyMareep|TEAM ROCKETS BLASTING OFF AGAIN >:[
|l|☆SpookyMareep
|c|☆the bugcatcher pr|bye
