|j|☆AdamHaziq
|j|☆Adam4002
|t:|1652605397
|gametype|singles
|player|p1|AdamHaziq|unknown|1526
|player|p2|Adam4002|acetrainer|1448
|teamsize|p1|6
|teamsize|p2|6
|gen|8
|tier|[Gen 8] National Dex AG
|rated|
|rule|HP Percentage Mod: HP is shown in percentages
|rule|Endless Battle Clause: Forcing endless battles is banned
|clearpoke
|poke|p1|Breloom, F|
|poke|p1|Blaziken, M|
|poke|p1|Calyrex-Shadow|
|poke|p1|Zacian-*|
|poke|p1|Ditto|
|poke|p1|Marshadow|
|poke|p2|Salamence, M|
|poke|p2|Cinderace, M|
|poke|p2|Ferrothorn, F|
|poke|p2|Xatu, F|
|poke|p2|Rotom-Mow|
|poke|p2|Toxapex, M|
|teampreview
|inactive|Battle timer is ON: inactive players will automatically lose when time's up. (requested by AdamHaziq)
|
|t:|1652605409
|start
|switch|p1a: Blaziken|Blaziken, M|100/100
|switch|p2a: Toxapex|Toxapex, M|100/100
|turn|1
|
|t:|1652605415
|move|p1a: Blaziken|Swords Dance|p1a: Blaziken
|-boost|p1a: Blaziken|atk|2
|move|p2a: Toxapex|Scald|p1a: Blaziken
|-supereffective|p1a: Blaziken
|-damage|p1a: Blaziken|48/100
|
|-ability|p1a: Blaziken|Speed Boost|boost
|-boost|p1a: Blaziken|spe|1
|upkeep
|turn|2
|
|t:|1652605423
|move|p1a: Blaziken|Protect|p1a: Blaziken
|-singleturn|p1a: Blaziken|Protect
|move|p2a: Toxapex|Scald|p1a: Blaziken
|-activate|p1a: Blaziken|move: Protect
|
|-ability|p1a: Blaziken|Speed Boost|boost
|-boost|p1a: Blaziken|spe|1
|upkeep
|turn|3
|
|t:|1652605430
|move|p1a: Blaziken|Baton Pass|p1a: Blaziken
|
|t:|1652605432
|switch|p1a: Breloom|Breloom, F|100/100|[from]move: Baton Pass
|move|p2a: Toxapex|Haze|p2a: Toxapex
|-clearallboost
|
|-status|p1a: Breloom|tox|[from] item: Toxic Orb
|upkeep
|turn|4
|
|t:|1652605441
|switch|p2a: Xatu|Xatu, F|100/100
|move|p1a: Breloom|Spore|p2a: Xatu
|move|p2a: Xatu|Spore|p1a: Breloom|[from]ability: Magic Bounce
|-immune|p1a: Breloom
|
|upkeep
|turn|5
|
|t:|1652605448
|switch|p1a: Blaziken|Blaziken, M|48/100
|move|p2a: Xatu|Psychic|p1a: Blaziken
|-supereffective|p1a: Blaziken
|-damage|p1a: Blaziken|0 fnt
|faint|p1a: Blaziken
|
|upkeep
|
|t:|1652605453
|switch|p1a: Calyrex|Calyrex-Shadow|100/100
|-ability|p1a: Calyrex|As One
|-ability|p1a: Calyrex|Unnerve
|turn|6
|
|t:|1652605458
|move|p1a: Calyrex|Astral Barrage|p2a: Xatu
|-supereffective|p2a: Xatu
|-damage|p2a: Xatu|0 fnt
|faint|p2a: Xatu
|-ability|p1a: Calyrex|Grim Neigh|boost
|-boost|p1a: Calyrex|spa|1
|
|upkeep
|
|t:|1652605465
|switch|p2a: Libero F.|Cinderace, M|100/100
|turn|7
|
|t:|1652605469
|move|p2a: Libero F.|Sucker Punch|p1a: Calyrex
|-start|p2a: Libero F.|typechange|Dark|[from] ability: Libero
|-supereffective|p1a: Calyrex
|-enditem|p1a: Calyrex|Focus Sash
|-damage|p1a: Calyrex|1/100
|-damage|p2a: Libero F.|91/100|[from] item: Life Orb
|move|p1a: Calyrex|Draining Kiss|p2a: Libero F.
|-supereffective|p2a: Libero F.
|-damage|p2a: Libero F.|0 fnt
|-heal|p1a: Calyrex|61/100|[from] drain|[of] p2a: Libero F.
|faint|p2a: Libero F.
|-ability|p1a: Calyrex|Grim Neigh|boost
|-boost|p1a: Calyrex|spa|1
|
|upkeep
|
|t:|1652605481
|switch|p2a: Rotom|Rotom-Mow|100/100
|turn|8
|
|t:|1652605487
|move|p2a: Rotom|Leaf Storm|p1a: Calyrex
|-damage|p1a: Calyrex|0 fnt
|-unboost|p2a: Rotom|spa|2
|faint|p1a: Calyrex
|
|upkeep
|
|t:|1652605497
|switch|p1a: Breloom|Breloom, F|100/100 tox
|turn|9
|
|t:|1652605500
|switch|p2a: Ferrothorn|Ferrothorn, F|100/100
|move|p1a: Breloom|Power-Up Punch|p2a: Ferrothorn
|-supereffective|p2a: Ferrothorn
|-damage|p2a: Ferrothorn|82/100
|-boost|p1a: Breloom|atk|1
|-damage|p1a: Breloom|88/100 tox|[from] ability: Iron Barbs|[of] p2a: Ferrothorn
|
|-heal|p2a: Ferrothorn|88/100|[from] item: Leftovers
|-heal|p1a: Breloom|100/100 tox|[from] ability: Poison Heal
|upkeep
|turn|10
|
|t:|1652605512
|switch|p2a: Salamence|Salamence, M|100/100
|-ability|p2a: Salamence|Intimidate|boost
|-unboost|p1a: Breloom|atk|1
|move|p1a: Breloom|Power-Up Punch|p2a: Salamence
|-resisted|p2a: Salamence
|-damage|p2a: Salamence|90/100
|-boost|p1a: Breloom|atk|1
|
|upkeep
|turn|11
|
|t:|1652605520
|detailschange|p2a: Salamence|Salamence-Mega, M
|-mega|p2a: Salamence|Salamence|Salamencite
|move|p2a: Salamence|Return|p1a: Breloom
|-supereffective|p1a: Breloom
|-damage|p1a: Breloom|0 fnt
|faint|p1a: Breloom
|
|upkeep
|
|t:|1652605532
|switch|p1a: Marshadow|Marshadow|100/100
|turn|12
|
|t:|1652605535
|move|p1a: Marshadow|Ice Punch|p2a: Salamence
|-supereffective|p2a: Salamence
|-damage|p2a: Salamence|0 fnt
|faint|p2a: Salamence
|
|upkeep
|
|t:|1652605540
|switch|p2a: Toxapex|Toxapex, M|100/100
|turn|13
|
|t:|1652605552
|switch|p1a: Zacian|Zacian-Crowned|100/100
|-ability|p1a: Zacian|Intrepid Sword|boost
|-boost|p1a: Zacian|atk|1
|move|p2a: Toxapex|Scald|p1a: Zacian
|-damage|p1a: Zacian|85/100
|
|upkeep
|turn|14
|
|t:|1652605578
|move|p1a: Zacian|Wild Charge|p2a: Toxapex
|-supereffective|p2a: Toxapex
|-damage|p2a: Toxapex|17/100
|-damage|p1a: Zacian|65/100|[from] Recoil
|move|p2a: Toxapex|Scald|p1a: Zacian
|-damage|p1a: Zacian|50/100
|
|-heal|p2a: Toxapex|23/100|[from] item: Black Sludge
|upkeep
|turn|15
|
|t:|1652605586
|switch|p2a: Ferrothorn|Ferrothorn, F|88/100
|move|p1a: Zacian|Wild Charge|p2a: Ferrothorn
|-resisted|p2a: Ferrothorn
|-damage|p2a: Ferrothorn|71/100
|-damage|p1a: Zacian|38/100|[from] ability: Iron Barbs|[of] p2a: Ferrothorn
|-damage|p1a: Zacian|33/100|[from] Recoil
|
|-heal|p2a: Ferrothorn|77/100|[from] item: Leftovers
|upkeep
|turn|16
|
|t:|1652605596
|move|p1a: Zacian|Close Combat|p2a: Ferrothorn
|-supereffective|p2a: Ferrothorn
|-damage|p2a: Ferrothorn|0 fnt
|-unboost|p1a: Zacian|def|1
|-unboost|p1a: Zacian|spd|1
|-damage|p1a: Zacian|21/100|[from] ability: Iron Barbs|[of] p2a: Ferrothorn
|faint|p2a: Ferrothorn
|
|upkeep
|
|t:|1652605603
|switch|p2a: Rotom|Rotom-Mow|100/100
|turn|17
|
|t:|1652605611
|switch|p1a: Ditto|Ditto|100/100
|-transform|p1a: Ditto|p2a: Rotom|[from] ability: Imposter
|move|p2a: Rotom|Volt Switch|p1a: Ditto
|-resisted|p1a: Ditto
|-damage|p1a: Ditto|92/100
|
|t:|1652605618
|switch|p2a: Toxapex|Toxapex, M|56/100|[from]move: Volt Switch
|
|-heal|p2a: Toxapex|63/100|[from] item: Black Sludge
|upkeep
|turn|18
|
|t:|1652605627
|switch|p2a: Rotom|Rotom-Mow|100/100
|move|p1a: Ditto|Leaf Storm|p2a: Rotom
|-resisted|p2a: Rotom
|-damage|p2a: Rotom|60/100
|-unboost|p1a: Ditto|spa|2
|
|upkeep
|turn|19
|
|t:|1652605636
|switch|p1a: Marshadow|Marshadow|100/100
|move|p2a: Rotom|Thunderbolt|p1a: Marshadow
|-damage|p1a: Marshadow|55/100
|
|upkeep
|turn|20
|
|t:|1652605646
|switch|p2a: Toxapex|Toxapex, M|96/100
|move|p1a: Marshadow|Ice Punch|p2a: Toxapex
|-resisted|p2a: Toxapex
|-damage|p2a: Toxapex|86/100
|
|-heal|p2a: Toxapex|92/100|[from] item: Black Sludge
|upkeep
|turn|21
|
|t:|1652605653
|move|p1a: Marshadow|Drain Punch|p2a: Toxapex
|-resisted|p2a: Toxapex
|-damage|p2a: Toxapex|80/100
|-heal|p1a: Marshadow|61/100|[from] drain|[of] p2a: Toxapex
|move|p2a: Toxapex|Scald|p1a: Marshadow
|-damage|p1a: Marshadow|42/100
|-status|p1a: Marshadow|brn
|
|-heal|p2a: Toxapex|86/100|[from] item: Black Sludge
|-damage|p1a: Marshadow|36/100 brn|[from] brn
|upkeep
|turn|22
|
|t:|1652605663
|move|p1a: Marshadow|Ice Punch|p2a: Toxapex
|-resisted|p2a: Toxapex
|-damage|p2a: Toxapex|81/100
|move|p2a: Toxapex|Scald|p1a: Marshadow
|-damage|p1a: Marshadow|16/100 brn
|
|-heal|p2a: Toxapex|88/100|[from] item: Black Sludge
|-damage|p1a: Marshadow|10/100 brn|[from] brn
|upkeep
|turn|23
|
|t:|1652605674
|move|p1a: Marshadow|Ice Punch|p2a: Toxapex
|-resisted|p2a: Toxapex
|-damage|p2a: Toxapex|83/100
|move|p2a: Toxapex|Recover|p2a: Toxapex
|-heal|p2a: Toxapex|100/100
|
|-damage|p1a: Marshadow|4/100 brn|[from] brn
|upkeep
|turn|24
|
|t:|1652605682
|move|p1a: Marshadow|Ice Punch|p2a: Toxapex
|-resisted|p2a: Toxapex
|-damage|p2a: Toxapex|96/100
|move|p2a: Toxapex|Recover|p2a: Toxapex
|-heal|p2a: Toxapex|100/100
|
|-damage|p1a: Marshadow|0 fnt|[from] brn
|faint|p1a: Marshadow
|upkeep
|
|t:|1652605686
|switch|p1a: Zacian|Zacian-Crowned|21/100
|-ability|p1a: Zacian|Intrepid Sword|boost
|-boost|p1a: Zacian|atk|1
|turn|25
|
|t:|1652605692
|move|p1a: Zacian|Wild Charge|p2a: Toxapex
|-supereffective|p2a: Toxapex
|-damage|p2a: Toxapex|12/100
|-damage|p1a: Zacian|0 fnt|[from] Recoil
|faint|p1a: Zacian
|move|p2a: Toxapex|Scald|p1: Zacian|[notarget]
|-fail|p2a: Toxapex
|
|-heal|p2a: Toxapex|19/100|[from] item: Black Sludge
|upkeep
|
|t:|1652605699
|switch|p1a: Ditto|Ditto|92/100
|-transform|p1a: Ditto|p2a: Toxapex|[from] ability: Imposter
|turn|26
|
|t:|1652605703
|-start|p1a: Ditto|Dynamax|
|-heal|p1a: Ditto|92/100|[silent]
|move|p1a: Ditto|Max Geyser|p2a: Toxapex
|-resisted|p2a: Toxapex
|-damage|p2a: Toxapex|10/100
|-weather|RainDance
|move|p2a: Toxapex|Recover|p2a: Toxapex
|-heal|p2a: Toxapex|60/100
|
|-weather|RainDance|[upkeep]
|-heal|p2a: Toxapex|66/100|[from] item: Black Sludge
|upkeep
|turn|27
|-message|AdamHaziq forfeited.
|
|win|Adam4002
|raw|AdamHaziq's rating: 1526 &rarr; <strong>1502</strong><br />(-24 for losing)
|raw|Adam4002's rating: 1448 &rarr; <strong>1472</strong><br />(+24 for winning)
|l|☆AdamHaziq
||Ladder isn't responding, score probably updated but might not have (Request timeout).
