|j|☆yoooyooyo
|j|☆F.A.M.E.246 2nd
|t:|1662744699
|gametype|singles
|player|p1|yoooyooyo|266|1857
|player|p2|F.A.M.E.246 2nd|2|1850
|teamsize|p1|6
|teamsize|p2|6
|gen|8
|tier|[Gen 8] National Dex AG
|rated|
|rule|HP Percentage Mod: HP is shown in percentages
|rule|Endless Battle Clause: Forcing endless battles is banned
|clearpoke
|poke|p1|Deoxys-Speed|
|poke|p1|Zekrom|
|poke|p1|Dugtrio, M|
|poke|p1|Zekrom|
|poke|p1|Dugtrio, M|
|poke|p1|Zekrom|
|poke|p2|Scizor, M|
|poke|p2|Arceus-*|
|poke|p2|Groudon|
|poke|p2|Calyrex-Shadow|
|poke|p2|Yveltal|
|poke|p2|Zacian-*|
|teampreview
|inactive|Battle timer is ON: inactive players will automatically lose when time's up. (requested by F.A.M.E.246 2nd)
|c|☆F.A.M.E.246 2nd|o my
|
|t:|1662744732
|start
|switch|p1a: Deoxys|Deoxys-Speed|100/100
|switch|p2a: Calyrex|Calyrex-Shadow|100/100
|-ability|p2a: Calyrex|As One
|-ability|p2a: Calyrex|Unnerve
|-ability|p1a: Deoxys|Pressure
|turn|1
|
|t:|1662744747
|move|p1a: Deoxys|Stealth Rock|p2a: Calyrex
|-sidestart|p2: F.A.M.E.246 2nd|move: Stealth Rock
|move|p2a: Calyrex|Trick|p1a: Deoxys
|-activate|p2a: Calyrex|move: Trick|[of] p1a: Deoxys
|-item|p1a: Deoxys|Choice Specs|[from] move: Trick
|-item|p2a: Calyrex|Light Clay|[from] move: Trick
|
|upkeep
|turn|2
|
|t:|1662744769
|move|p1a: Deoxys|Reflect|p1a: Deoxys
|-sidestart|p1: yoooyooyo|Reflect
|move|p2a: Calyrex|Psyshock|p1a: Deoxys
|-resisted|p1a: Deoxys
|-damage|p1a: Deoxys|71/100
|
|upkeep
|turn|3
|
|t:|1662744776
|move|p1a: Deoxys|Reflect||[still]
|-fail|p1a: Deoxys
|move|p2a: Calyrex|Psyshock|p1a: Deoxys
|-resisted|p1a: Deoxys
|-damage|p1a: Deoxys|42/100
|
|upkeep
|turn|4
|
|t:|1662744781
|switch|p2a: Groudon|Groudon|100/100
|-damage|p2a: Groudon|94/100|[from] Stealth Rock
|detailschange|p2a: Groudon|Groudon-Primal
|-primal|p2a: Groudon
|-weather|DesolateLand|[from] ability: Desolate Land|[of] p2a: Groudon
|move|p1a: Deoxys|Reflect||[still]
|-fail|p1a: Deoxys
|
|-weather|DesolateLand|[upkeep]
|upkeep
|turn|5
|
|t:|1662744789
|switch|p1a: Dugtrio|Dugtrio, M|100/100
|move|p2a: Groudon|Stealth Rock|p1a: Dugtrio
|-sidestart|p1: yoooyooyo|move: Stealth Rock
|
|-weather|DesolateLand|[upkeep]
|upkeep
|turn|6
|
|t:|1662744794
|move|p1a: Dugtrio|Earthquake|p2a: Groudon
|-supereffective|p2a: Groudon
|-damage|p2a: Groudon|41/100
|move|p2a: Groudon|Heat Crash|p1a: Dugtrio
|-enditem|p1a: Dugtrio|Focus Sash
|-damage|p1a: Dugtrio|1/100
|
|-weather|DesolateLand|[upkeep]
|-sideend|p1: yoooyooyo|Reflect
|upkeep
|turn|7
|
|t:|1662744806
|move|p1a: Dugtrio|Earthquake|p2a: Groudon
|-supereffective|p2a: Groudon
|-damage|p2a: Groudon|0 fnt
|faint|p2a: Groudon
|-weather|none
|
|upkeep
|inactive|F.A.M.E.246 2nd has 120 seconds left.
|
|t:|1662744855
|switch|p2a: Zacian|Zacian-Crowned|100/100
|-damage|p2a: Zacian|94/100|[from] Stealth Rock
|-ability|p2a: Zacian|Intrepid Sword|boost
|-boost|p2a: Zacian|atk|1
|turn|8
|
|t:|1662744860
|move|p2a: Zacian|Behemoth Blade|p1a: Dugtrio
|-damage|p1a: Dugtrio|0 fnt
|faint|p1a: Dugtrio
|
|upkeep
|
|t:|1662744869
|switch|p1a: Deoxys|Deoxys-Speed|42/100
|-damage|p1a: Deoxys|30/100|[from] Stealth Rock
|-ability|p1a: Deoxys|Pressure
|turn|9
|
|t:|1662744871
|move|p1a: Deoxys|Reflect|p1a: Deoxys
|-sidestart|p1: yoooyooyo|Reflect
|move|p2a: Zacian|Swords Dance|p2a: Zacian
|-boost|p2a: Zacian|atk|2
|
|upkeep
|turn|10
|c|☆F.A.M.E.246 2nd|mhm
|
|t:|1662744882
|switch|p1a: Zekrom|Zekrom|100/100
|-damage|p1a: Zekrom|88/100|[from] Stealth Rock
|-ability|p1a: Zekrom|Teravolt
|move|p2a: Zacian|Swords Dance|p2a: Zacian
|-boost|p2a: Zacian|atk|2
|
|upkeep
|turn|11
|
|t:|1662744897
|move|p1a: Zekrom|Defog|p2a: Zacian
|-unboost|p2a: Zacian|evasion|1
|-sideend|p2: F.A.M.E.246 2nd|Stealth Rock|[from] move: Defog|[of] p1a: Zekrom
|-sideend|p1: yoooyooyo|Stealth Rock|[from] move: Defog|[of] p1a: Zekrom
|move|p2a: Zacian|Play Rough|p1a: Zekrom
|-supereffective|p1a: Zekrom
|-damage|p1a: Zekrom|0 fnt
|faint|p1a: Zekrom
|
|upkeep
|
|t:|1662744900
|switch|p1a: Dugtrio|Dugtrio, M|100/100
|turn|12
|c|☆F.A.M.E.246 2nd|Interesting set
|
|t:|1662744925
|move|p2a: Zacian|Behemoth Blade|p1a: Dugtrio
|-enditem|p1a: Dugtrio|Focus Sash
|-damage|p1a: Dugtrio|1/100
|move|p1a: Dugtrio|Rock Tomb|p2a: Zacian
|-resisted|p2a: Zacian
|-damage|p2a: Zacian|84/100
|-unboost|p2a: Zacian|spe|1
|
|upkeep
|turn|13
|c|☆F.A.M.E.246 2nd|very desperate
|
|t:|1662744934
|move|p1a: Dugtrio|Earthquake|p2a: Zacian
|-supereffective|p2a: Zacian
|-damage|p2a: Zacian|0 fnt
|faint|p2a: Zacian
|
|-sideend|p1: yoooyooyo|Reflect
|upkeep
|
|t:|1662744958
|switch|p2a: Yveltal|Yveltal|100/100
|-ability|p2a: Yveltal|Dark Aura
|turn|14
|
|t:|1662744965
|move|p1a: Dugtrio|Memento|p2a: Yveltal
|-unboost|p2a: Yveltal|atk|2
|-unboost|p2a: Yveltal|spa|2
|faint|p1a: Dugtrio
|move|p2a: Yveltal|U-turn|p1: Dugtrio|[notarget]
|-fail|p2a: Yveltal
|
|upkeep
|
|t:|1662744986
|switch|p1a: Zekrom|Zekrom|100/100
|-ability|p1a: Zekrom|Teravolt
|turn|15
|
|t:|1662744989
|move|p1a: Zekrom|Dragon Dance|p1a: Zekrom
|-boost|p1a: Zekrom|atk|1
|-boost|p1a: Zekrom|spe|1
|move|p2a: Yveltal|U-turn|p1a: Zekrom
|-crit|p1a: Zekrom
|-damage|p1a: Zekrom|76/100
|
|t:|1662744992
|switch|p2a: Scizor|Scizor, M|100/100|[from]move: U-turn
|
|upkeep
|turn|16
|
|t:|1662744997
|detailschange|p2a: Scizor|Scizor-Mega, M
|-mega|p2a: Scizor|Scizor|Scizorite
|-start|p1a: Zekrom|Dynamax|
|-heal|p1a: Zekrom|76/100|[silent]
|move|p1a: Zekrom|Max Lightning|p2a: Scizor
|-damage|p2a: Scizor|17/100
|-fieldstart|move: Electric Terrain
|move|p2a: Scizor|Curse|p2a: Scizor
|-unboost|p2a: Scizor|spe|1
|-boost|p2a: Scizor|atk|1
|-boost|p2a: Scizor|def|1
|
|upkeep
|turn|17
|-message|F.A.M.E.246 2nd forfeited.
|
|win|yoooyooyo
|raw|yoooyooyo's rating: 1857 &rarr; <strong>1877</strong><br />(+20 for winning)
|raw|F.A.M.E.246 2nd's rating: 1850 &rarr; <strong>1830</strong><br />(-20 for losing)
|l|☆F.A.M.E.246 2nd
||Ladder isn't responding, score probably updated but might not have (Request timeout).
