|j|☆ImAbroom
|j|☆Testing Teams 596
|inactive|Battle timer is ON: inactive players will automatically lose when time's up.
|t:|1655353281
|gametype|singles
|player|p1|ImAbroom|red|
|player|p2|Testing Teams 596|schoolkid-gen4dp|
|teamsize|p1|6
|teamsize|p2|6
|gen|8
|tier|[Gen 8] National Dex AG
|rated|Tournament battle
|rule|HP Percentage Mod: HP is shown in percentages
|rule|Endless Battle Clause: Forcing endless battles is banned
|clearpoke
|poke|p1|Rayquaza|
|poke|p1|Xerneas-*|
|poke|p1|Zacian-*|
|poke|p1|Zygarde|
|poke|p1|Groudon|
|poke|p1|Ho-Oh|
|poke|p2|Mew|
|poke|p2|Groudon|
|poke|p2|Stakataka|
|poke|p2|Stakataka|
|poke|p2|Rayquaza|
|poke|p2|Lunala|
|teampreview
|inactive|Testing Teams 596 also wants the timer to be on.
|j| TaxFraud094
|j| Odins will
|c|☆Testing Teams 596|This is a usum team
|
|t:|1655353294
|start
|switch|p1a: Upper Moon 3|Zacian-Crowned|100/100
|switch|p2a: Mew|Mew|100/100
|-ability|p1a: Upper Moon 3|Intrepid Sword|boost
|-boost|p1a: Upper Moon 3|atk|1
|turn|1
|
|t:|1655353298
|move|p1a: Upper Moon 3|Crunch|p2a: Mew
|-supereffective|p2a: Mew
|-damage|p2a: Mew|13/100
|move|p2a: Mew|Trick Room|p2a: Mew
|-fieldstart|move: Trick Room|[of] p2a: Mew
|
|upkeep
|turn|2
|j| IshvalanAlchemist亞
|
|t:|1655353312
|move|p2a: Mew|Stealth Rock|p1a: Upper Moon 3
|-sidestart|p1: ImAbroom|move: Stealth Rock
|move|p1a: Upper Moon 3|Crunch|p2a: Mew
|-supereffective|p2a: Mew
|-damage|p2a: Mew|0 fnt
|faint|p2a: Mew
|
|upkeep
|
|t:|1655353314
|switch|p2a: Lunala|Lunala|100/100
|turn|3
|j| rowletroost
|
|t:|1655353326
|move|p2a: Lunala|Calm Mind|p2a: Lunala
|-boost|p2a: Lunala|spa|1
|-boost|p2a: Lunala|spd|1
|move|p1a: Upper Moon 3|Crunch|p2a: Lunala
|-supereffective|p2a: Lunala
|-damage|p2a: Lunala|24/100
|
|upkeep
|turn|4
|
|t:|1655353329
|switch|p1a: Upper Moon 6|Ho-Oh|100/100
|move|p2a: Lunala|Moongeist Beam|p1a: Upper Moon 6
|-damage|p1a: Upper Moon 6|49/100
|
|upkeep
|turn|5
|j| Spirit92!!!
|
|t:|1655353339
|switch|p1a: Upper Moon 3|Zacian-Crowned|100/100
|-damage|p1a: Upper Moon 3|94/100|[from] Stealth Rock
|-ability|p1a: Upper Moon 3|Intrepid Sword|boost
|-boost|p1a: Upper Moon 3|atk|1
|move|p2a: Lunala|Moongeist Beam|p1a: Upper Moon 3
|-damage|p1a: Upper Moon 3|16/100
|
|-fieldend|move: Trick Room
|upkeep
|turn|6
|
|t:|1655353342
|move|p1a: Upper Moon 3|Crunch|p2a: Lunala
|-supereffective|p2a: Lunala
|-damage|p2a: Lunala|0 fnt
|faint|p2a: Lunala
|
|upkeep
|
|t:|1655353344
|switch|p2a: Rayquaza|Rayquaza|100/100
|-ability|p2a: Rayquaza|Air Lock
|turn|7
|
|t:|1655353356
|switch|p1a: Upper Moon 4|Zygarde|100/100
|-damage|p1a: Upper Moon 4|94/100|[from] Stealth Rock
|detailschange|p2a: Rayquaza|Rayquaza-Mega
|-mega|p2a: Rayquaza|Rayquaza|
|-weather|DeltaStream|[from] ability: Delta Stream|[of] p2a: Rayquaza
|move|p2a: Rayquaza|Dragon Ascent|p1a: Upper Moon 4
|-damage|p1a: Upper Moon 4|46/100
|-unboost|p2a: Rayquaza|def|1
|-unboost|p2a: Rayquaza|spd|1
|
|-weather|DeltaStream|[upkeep]
|-heal|p1a: Upper Moon 4|53/100|[from] item: Leftovers
|upkeep
|turn|8
|j| New teams testing
|
|t:|1655353363
|-weather|none
|switch|p2a: Stakataka|Stakataka|100/100
|-item|p2a: Stakataka|Air Balloon
|move|p1a: Upper Moon 4|Glare|p2a: Stakataka
|-status|p2a: Stakataka|par
|
|-heal|p1a: Upper Moon 4|59/100|[from] item: Leftovers
|upkeep
|turn|9
|
|t:|1655353367
|move|p1a: Upper Moon 4|Thousand Arrows|p2a: Stakataka
|-supereffective|p2a: Stakataka
|-damage|p2a: Stakataka|18/100 par
|-enditem|p2a: Stakataka|Air Balloon
|move|p2a: Stakataka|Trick Room|p2a: Stakataka
|-fieldstart|move: Trick Room|[of] p2a: Stakataka
|
|-heal|p1a: Upper Moon 4|65/100|[from] item: Leftovers
|upkeep
|turn|10
|
|t:|1655353374
|move|p2a: Stakataka|Gyro Ball|p1a: Upper Moon 4
|-damage|p1a: Upper Moon 4|22/100
|move|p1a: Upper Moon 4|Thousand Arrows|p2a: Stakataka
|-supereffective|p2a: Stakataka
|-damage|p2a: Stakataka|0 fnt
|faint|p2a: Stakataka
|
|-heal|p1a: Upper Moon 4|28/100|[from] item: Leftovers
|-activate|p1a: Upper Moon 4|ability: Power Construct
|detailschange|p1a: Upper Moon 4|Zygarde-Complete
|-heal|p1a: Upper Moon 4|53/100|[silent]
|upkeep
|
|t:|1655353376
|switch|p2a: Groudon|Groudon|100/100
|detailschange|p2a: Groudon|Groudon-Primal
|-primal|p2a: Groudon
|-weather|DesolateLand|[from] ability: Desolate Land|[of] p2a: Groudon
|turn|11
|
|t:|1655353380
|move|p2a: Groudon|Dragon Pulse|p1a: Upper Moon 4
|-supereffective|p1a: Upper Moon 4
|-damage|p1a: Upper Moon 4|15/100
|move|p1a: Upper Moon 4|Glare|p2a: Groudon
|-status|p2a: Groudon|par
|
|-weather|DesolateLand|[upkeep]
|-heal|p1a: Upper Moon 4|21/100|[from] item: Leftovers
|upkeep
|turn|12
|j| Adhiraj8202
|
|t:|1655353385
|switch|p1a: Upper Moon 3|Zacian-Crowned|16/100
|-damage|p1a: Upper Moon 3|10/100|[from] Stealth Rock
|-ability|p1a: Upper Moon 3|Intrepid Sword|boost
|-boost|p1a: Upper Moon 3|atk|1
|move|p2a: Groudon|Dragon Pulse|p1a: Upper Moon 3
|-immune|p1a: Upper Moon 3
|
|-weather|DesolateLand|[upkeep]
|upkeep
|turn|13
|
|t:|1655353389
|move|p2a: Groudon|Eruption|p1a: Upper Moon 3
|-supereffective|p1a: Upper Moon 3
|-damage|p1a: Upper Moon 3|0 fnt
|faint|p1a: Upper Moon 3
|
|-weather|DesolateLand|[upkeep]
|-fieldend|move: Trick Room
|upkeep
|
|t:|1655353393
|switch|p1a: Upper Moon 6|Ho-Oh|82/100
|turn|14
|
|t:|1655353396
|move|p1a: Upper Moon 6|Defog|p2a: Groudon
|-unboost|p2a: Groudon|evasion|1
|-sideend|p1: ImAbroom|Stealth Rock|[from] move: Defog|[of] p1a: Upper Moon 6
|move|p2a: Groudon|Eruption|p1a: Upper Moon 6
|-resisted|p1a: Upper Moon 6
|-damage|p1a: Upper Moon 6|44/100
|
|-weather|DesolateLand|[upkeep]
|upkeep
|turn|15
|
|t:|1655353399
|move|p1a: Upper Moon 6|Sacred Fire|p2a: Groudon
|-resisted|p2a: Groudon
|-damage|p2a: Groudon|79/100 par
|move|p2a: Groudon|Eruption|p1a: Upper Moon 6
|-resisted|p1a: Upper Moon 6
|-damage|p1a: Upper Moon 6|11/100
|
|-weather|DesolateLand|[upkeep]
|upkeep
|turn|16
|
|t:|1655353406
|move|p1a: Upper Moon 6|Sacred Fire|p2a: Groudon
|-resisted|p2a: Groudon
|-damage|p2a: Groudon|55/100 par
|cant|p2a: Groudon|par
|
|-weather|DesolateLand|[upkeep]
|upkeep
|turn|17
|
|t:|1655353409
|move|p1a: Upper Moon 6|Sacred Fire|p2a: Groudon
|-resisted|p2a: Groudon
|-damage|p2a: Groudon|35/100 par
|move|p2a: Groudon|Dragon Pulse|p1a: Upper Moon 6
|-damage|p1a: Upper Moon 6|0 fnt
|faint|p1a: Upper Moon 6
|
|-weather|DesolateLand|[upkeep]
|upkeep
|
|t:|1655353415
|switch|p1a: Upper Moon 1|Rayquaza|100/100
|-ability|p1a: Upper Moon 1|Air Lock
|turn|18
|
|t:|1655353417
|detailschange|p1a: Upper Moon 1|Rayquaza-Mega
|-mega|p1a: Upper Moon 1|Rayquaza|
|-weather|DeltaStream|[from] ability: Delta Stream|[of] p1a: Upper Moon 1
|move|p1a: Upper Moon 1|Earthquake|p2a: Groudon
|-supereffective|p2a: Groudon
|-damage|p2a: Groudon|0 fnt
|faint|p2a: Groudon
|
|-weather|DeltaStream|[upkeep]
|upkeep
|
|t:|1655353420
|switch|p2a: Stakataka|Stakataka|100/100
|-item|p2a: Stakataka|Air Balloon
|turn|19
|c|☆ImAbroom|Bro
|c|☆ImAbroom|I almost clicked eq
|
|t:|1655353442
|move|p1a: Upper Moon 1|Dragon Ascent|p2a: Stakataka
|-resisted|p2a: Stakataka
|-damage|p2a: Stakataka|87/100
|-unboost|p1a: Upper Moon 1|def|1
|-unboost|p1a: Upper Moon 1|spd|1
|-enditem|p2a: Stakataka|Air Balloon
|move|p2a: Stakataka|Trick Room|p2a: Stakataka
|-fieldstart|move: Trick Room|[of] p2a: Stakataka
|
|-weather|DeltaStream|[upkeep]
|upkeep
|turn|20
|j| asjklfjsdklfjsdfjl
|c|☆ImAbroom|Yikes
|l| Adhiraj8202
|c|☆ImAbroom|Wait no
|c|☆ImAbroom|I'm chillin
|
|t:|1655353458
|-start|p2a: Stakataka|Dynamax|
|-heal|p2a: Stakataka|87/100|[silent]
|move|p2a: Stakataka|Max Steelspike|p1a: Upper Moon 1
|-enditem|p1a: Upper Moon 1|Focus Sash
|-damage|p1a: Upper Moon 1|1/100
|-boost|p2a: Stakataka|def|1
|move|p1a: Upper Moon 1|Earthquake|p2a: Stakataka
|-supereffective|p2a: Stakataka
|-damage|p2a: Stakataka|52/100
|
|-weather|DeltaStream|[upkeep]
|upkeep
|turn|21
|inactive|ImAbroom has 120 seconds left.
|j| Adhiraj8202
|c|☆ImAbroom|Sorta
|inactive|ImAbroom has 90 seconds left.
|
|t:|1655353511
|move|p1a: Upper Moon 1|Extreme Speed|p2a: Stakataka
|-resisted|p2a: Stakataka
|-damage|p2a: Stakataka|50/100
|move|p2a: Stakataka|Max Steelspike|p1a: Upper Moon 1
|-damage|p1a: Upper Moon 1|0 fnt
|-boost|p2a: Stakataka|def|1
|faint|p1a: Upper Moon 1
|-weather|none
|-ability|p2a: Stakataka|Beast Boost|boost
|-boost|p2a: Stakataka|atk|1
|
|upkeep
|
|t:|1655353517
|switch|p1a: Upper Moon 4|Zygarde-Complete|21/100
|turn|22
|
|t:|1655353520
|move|p2a: Stakataka|Max Quake|p1a: Upper Moon 4
|-damage|p1a: Upper Moon 4|0 fnt
|-boost|p2a: Stakataka|spd|1
|faint|p1a: Upper Moon 4
|-ability|p2a: Stakataka|Beast Boost|boost
|-boost|p2a: Stakataka|atk|1
|
|upkeep
|
|t:|1655353528
|switch|p1a: Upper Moon 2|Xerneas|100/100
|-ability|p1a: Upper Moon 2|Fairy Aura
|-end|p2a: Stakataka|Dynamax
|-heal|p2a: Stakataka|50/100|[silent]
|turn|23
|
|t:|1655353532
|-start|p1a: Upper Moon 2|Dynamax|
|-heal|p1a: Upper Moon 2|100/100|[silent]
|move|p1a: Upper Moon 2|Max Guard|p1a: Upper Moon 2
|-singleturn|p1a: Upper Moon 2|Max Guard
|move|p2a: Stakataka|Gyro Ball|p1a: Upper Moon 2
|-activate|p1a: Upper Moon 2|move: Max Guard
|
|-fieldend|move: Trick Room
|upkeep
|turn|24
|
|t:|1655353540
|move|p1a: Upper Moon 2|Max Flare|p2a: Stakataka
|-damage|p2a: Stakataka|18/100
|-weather|SunnyDay
|move|p2a: Stakataka|Gyro Ball|p1a: Upper Moon 2
|-supereffective|p1a: Upper Moon 2
|-damage|p1a: Upper Moon 2|0 fnt
|faint|p1a: Upper Moon 2
|-ability|p2a: Stakataka|Beast Boost|boost
|-boost|p2a: Stakataka|atk|1
|
|-weather|SunnyDay|[upkeep]
|upkeep
|
|t:|1655353544
|switch|p1a: Upper Moon 5|Groudon|100/100
|detailschange|p1a: Upper Moon 5|Groudon-Primal
|-primal|p1a: Upper Moon 5
|-weather|DesolateLand|[from] ability: Desolate Land|[of] p1a: Upper Moon 5
|turn|25
|
|t:|1655353548
|move|p1a: Upper Moon 5|Fire Punch|p2a: Stakataka
|-damage|p2a: Stakataka|0 fnt
|faint|p2a: Stakataka
|
|-weather|DesolateLand|[upkeep]
|upkeep
|
|t:|1655353550
|switch|p2a: Rayquaza|Rayquaza-Mega|100/100
|-weather|DeltaStream|[from] ability: Delta Stream|[of] p2a: Rayquaza
|turn|26
|c| Adhiraj8202|staka the goat
|
|t:|1655353552
|move|p2a: Rayquaza|Surf|p1a: Upper Moon 5
|-supereffective|p1a: Upper Moon 5
|-damage|p1a: Upper Moon 5|0 fnt
|faint|p1a: Upper Moon 5
|
|win|Testing Teams 596
|n|☆ImAbroom|imabroom
|n|☆Testing Teams 596|testingteams596
|n| TaxFraud094|taxfraud094
|n| Odins will|odinswill
|n| IshvalanAlchemist亞|ishvalanalchemist
|n| rowletroost|rowletroost
|n| Spirit92!!!|spirit92
|n| New teams testing|newteamstesting
|n| asjklfjsdklfjsdfjl|asjklfjsdklfjsdfjl
|n| Adhiraj8202|adhiraj8202
|c| Adhiraj8202|no cap
|c|☆ImAbroom|Fuc
|c|☆ImAbroom|Gg
|c|☆Testing Teams 596|Its a usum team
|c|☆Testing Teams 596|Bro
