|j|☆TaxFraud094
|j|☆09-10a
|inactive|Battle timer is ON: inactive players will automatically lose when time's up.
|t:|1667396472
|gametype|singles
|player|p1|TaxFraud094|skyla-masters2|
|player|p2|09-10a|schoolkid-gen4dp|
|teamsize|p1|6
|teamsize|p2|6
|gen|8
|tier|[Gen 8] National Dex AG
|rated|Tournament battle
|rule|HP Percentage Mod: HP is shown in percentages
|rule|Endless Battle Clause: Forcing endless battles is banned
|clearpoke
|poke|p1|Yveltal|
|poke|p1|Xerneas-*|
|poke|p1|Rayquaza|
|poke|p1|Necrozma-Dusk-Mane|
|poke|p1|Arceus-*|
|poke|p1|Marshadow|
|poke|p2|Yveltal|
|poke|p2|Rayquaza|
|poke|p2|Arceus-*|
|poke|p2|Calyrex-Shadow|
|poke|p2|Donphan, M|
|poke|p2|Marshadow|
|teampreview
|inactive|09-10a also wants the timer to be on.
|inactive|TaxFraud094 also wants the timer to be on.
|c|☆TaxFraud094|glhf
|
|t:|1667396483
|start
|switch|p1a: Master of Puppets|Arceus-Water|100/100
|switch|p2a: Donphan|Donphan, M|100/100
|turn|1
|
|t:|1667396486
|move|p1a: Master of Puppets|Ice Beam|p2a: Donphan
|-supereffective|p2a: Donphan
|-damage|p2a: Donphan|23/100
|move|p2a: Donphan|Stealth Rock|p1a: Master of Puppets
|-sidestart|p1: TaxFraud094|move: Stealth Rock
|
|upkeep
|turn|2
|-enditem|p2a: Donphan|Custap Berry|[eat]
|-activate|p2a: Donphan|item: Custap Berry|[consumed]
|
|t:|1667396497
|move|p2a: Donphan|Endeavor|p1a: Master of Puppets
|-damage|p1a: Master of Puppets|19/100
|move|p1a: Master of Puppets|Stealth Rock|p2a: Donphan
|-sidestart|p2: 09-10a|move: Stealth Rock
|
|upkeep
|turn|3
|
|t:|1667396517
|move|p1a: Master of Puppets|Recover|p1a: Master of Puppets
|-heal|p1a: Master of Puppets|69/100
|move|p2a: Donphan|Rapid Spin|p1a: Master of Puppets
|-damage|p1a: Master of Puppets|61/100
|-boost|p2a: Donphan|spe|1
|-sideend|p2: 09-10a|Stealth Rock|[from] move: Rapid Spin|[of] p2a: Donphan
|
|upkeep
|turn|4
|j| Master kushagra
|
|t:|1667396530
|move|p1a: Master of Puppets|Recover|p1a: Master of Puppets
|-heal|p1a: Master of Puppets|100/100
|move|p2a: Donphan|Rapid Spin|p1a: Master of Puppets
|-damage|p1a: Master of Puppets|93/100
|-boost|p2a: Donphan|spe|1
|
|upkeep
|turn|5
|j| Testaltv37
|c| Testaltv37|go both
|
|t:|1667396548
|move|p2a: Donphan|Endeavor|p1a: Master of Puppets
|-damage|p1a: Master of Puppets|19/100
|move|p1a: Master of Puppets|Toxic|p2a: Donphan
|-status|p2a: Donphan|tox
|
|-damage|p2a: Donphan|17/100 tox|[from] psn
|upkeep
|turn|6
|
|t:|1667396551
|move|p2a: Donphan|Bulldoze|p1a: Master of Puppets
|-damage|p1a: Master of Puppets|5/100
|-unboost|p1a: Master of Puppets|spe|1
|move|p1a: Master of Puppets|Recover|p1a: Master of Puppets
|-heal|p1a: Master of Puppets|55/100
|
|-damage|p2a: Donphan|4/100 tox|[from] psn
|upkeep
|turn|7
|
|t:|1667396556
|move|p2a: Donphan|Endeavor|p1a: Master of Puppets
|-damage|p1a: Master of Puppets|4/100
|move|p1a: Master of Puppets|Recover|p1a: Master of Puppets
|-heal|p1a: Master of Puppets|54/100
|
|-damage|p2a: Donphan|0 fnt|[from] psn
|faint|p2a: Donphan
|upkeep
|j| hjksgdf
|
|t:|1667396565
|switch|p2a: Arceus|Arceus|100/100
|turn|8
|
|t:|1667396569
|move|p2a: Arceus|Swords Dance|p2a: Arceus
|-boost|p2a: Arceus|atk|2
|move|p1a: Master of Puppets|Toxic|p2a: Arceus
|-status|p2a: Arceus|tox
|
|-damage|p2a: Arceus|94/100 tox|[from] psn
|upkeep
|turn|9
|j| forsenBussin
|
|t:|1667396573
|move|p2a: Arceus|Facade|p1a: Master of Puppets
|-crit|p1a: Master of Puppets
|-damage|p1a: Master of Puppets|0 fnt
|faint|p1a: Master of Puppets
|
|-damage|p2a: Arceus|82/100 tox|[from] psn
|upkeep
|
|t:|1667396592
|switch|p1a: Metal Health|Necrozma-Dusk-Mane|100/100
|-damage|p1a: Metal Health|94/100|[from] Stealth Rock
|turn|10
|
|t:|1667396604
|move|p2a: Arceus|Swords Dance|p2a: Arceus
|-boost|p2a: Arceus|atk|2
|move|p1a: Metal Health|Moonlight|p1a: Metal Health
|-heal|p1a: Metal Health|100/100
|
|-damage|p2a: Arceus|64/100 tox|[from] psn
|upkeep
|turn|11
|
|t:|1667396611
|move|p2a: Arceus|Shadow Claw|p1a: Metal Health
|-supereffective|p1a: Metal Health
|-damage|p1a: Metal Health|38/100
|-damage|p2a: Arceus|48/100 tox|[from] item: Rocky Helmet|[of] p1a: Metal Health
|move|p1a: Metal Health|Sunsteel Strike|p2a: Arceus
|-damage|p2a: Arceus|10/100 tox
|
|-damage|p2a: Arceus|0 fnt|[from] psn
|faint|p2a: Arceus
|upkeep
|
|t:|1667396622
|switch|p2a: Calyrex|Calyrex-Shadow|100/100
|-ability|p2a: Calyrex|As One
|-ability|p2a: Calyrex|Unnerve
|turn|12
|l| forsenBussin
|
|t:|1667396628
|move|p2a: Calyrex|Astral Barrage|p1a: Metal Health
|-supereffective|p1a: Metal Health
|-damage|p1a: Metal Health|0 fnt
|faint|p1a: Metal Health
|-ability|p2a: Calyrex|Grim Neigh|boost
|-boost|p2a: Calyrex|spa|1
|
|upkeep
|
|t:|1667396631
|switch|p1a: Back in Black|Yveltal|100/100
|-ability|p1a: Back in Black|Dark Aura
|turn|13
|
|t:|1667396645
|move|p2a: Calyrex|Substitute|p2a: Calyrex
|-start|p2a: Calyrex|Substitute
|-damage|p2a: Calyrex|76/100
|move|p1a: Back in Black|U-turn|p2a: Calyrex
|-activate|p2a: Calyrex|move: Substitute|[damage]
|
|t:|1667396650
|switch|p1a: The Unforgiven|Marshadow|100/100|[from]move: U-turn
|-damage|p1a: The Unforgiven|94/100|[from] Stealth Rock
|
|upkeep
|turn|14
|
|t:|1667396665
|switch|p1a: Back in Black|Yveltal|100/100
|-ability|p1a: Back in Black|Dark Aura
|move|p2a: Calyrex|Astral Barrage|p1a: Back in Black
|-resisted|p1a: Back in Black
|-damage|p1a: Back in Black|70/100
|
|upkeep
|turn|15
|j| Karlaaaaaa
|
|t:|1667396675
|move|p2a: Calyrex|Baton Pass|p2a: Calyrex
|
|t:|1667396677
|switch|p2a: Rayquaza|Rayquaza|100/100|[from]move: Baton Pass
|-ability|p2a: Rayquaza|Air Lock
|move|p1a: Back in Black|U-turn|p2a: Rayquaza
|-resisted|p2a: Rayquaza
|-end|p2a: Rayquaza|Substitute
|c| hjksgdf|back in black
|c| hjksgdf|mhm
|c| hjksgdf|ok
|
|t:|1667396695
|switch|p1a: Danger Zone|Rayquaza|100/100|[from]move: U-turn
|-damage|p1a: Danger Zone|76/100|[from] Stealth Rock
|-ability|p1a: Danger Zone|Air Lock
|
|upkeep
|turn|16
|
|t:|1667396715
|detailschange|p1a: Danger Zone|Rayquaza-Mega
|-mega|p1a: Danger Zone|Rayquaza|
|-weather|DeltaStream|[from] ability: Delta Stream|[of] p1a: Danger Zone
|detailschange|p2a: Rayquaza|Rayquaza-Mega
|-mega|p2a: Rayquaza|Rayquaza|
|move|p2a: Rayquaza|Dragon Ascent|p1a: Danger Zone
|-damage|p1a: Danger Zone|0 fnt
|-unboost|p2a: Rayquaza|def|1
|-unboost|p2a: Rayquaza|spd|1
|faint|p1a: Danger Zone
|-damage|p2a: Rayquaza|91/100|[from] item: Life Orb
|
|-weather|DeltaStream|[upkeep]
|upkeep
|
|t:|1667396722
|switch|p1a: The Unforgiven|Marshadow|94/100
|-damage|p1a: The Unforgiven|88/100|[from] Stealth Rock
|turn|17
|
|t:|1667396727
|move|p1a: The Unforgiven|Ice Punch|p2a: Rayquaza
|-activate||deltastream
|-supereffective|p2a: Rayquaza
|-crit|p2a: Rayquaza
|-damage|p2a: Rayquaza|0 fnt
|faint|p2a: Rayquaza
|-weather|none
|-damage|p1a: The Unforgiven|78/100|[from] item: Life Orb
|
|upkeep
|
|t:|1667396738
|switch|p2a: Yveltal|Yveltal|100/100
|-ability|p2a: Yveltal|Dark Aura
|turn|18
|
|t:|1667396748
|-start|p2a: Yveltal|Dynamax|
|-heal|p2a: Yveltal|100/100|[silent]
|move|p1a: The Unforgiven|Ice Punch|p2a: Yveltal
|-supereffective|p2a: Yveltal
|-damage|p2a: Yveltal|69/100
|-damage|p1a: The Unforgiven|68/100|[from] item: Life Orb
|move|p2a: Yveltal|Max Airstream|p1a: The Unforgiven
|-supereffective|p1a: The Unforgiven
|-damage|p1a: The Unforgiven|0 fnt
|-boost|p2a: Yveltal|spe|1
|faint|p1a: The Unforgiven
|-damage|p2a: Yveltal|64/100|[from] item: Life Orb
|
|upkeep
|c|☆TaxFraud094|no freeze :(
|inactive|TaxFraud094 has 120 seconds left.
|
|t:|1667396781
|switch|p1a: Back in Black|Yveltal|70/100
|-ability|p1a: Back in Black|Dark Aura
|turn|19
|
|t:|1667396798
|-start|p1a: Back in Black|Dynamax|
|-heal|p1a: Back in Black|70/100|[silent]
|move|p1a: Back in Black|Max Guard|p1a: Back in Black
|-singleturn|p1a: Back in Black|Max Guard
|move|p2a: Yveltal|Max Airstream|p1a: Back in Black
|-activate|p1a: Back in Black|move: Max Guard
|
|upkeep
|turn|20
|
|t:|1667396801
|move|p2a: Yveltal|Max Airstream|p1a: Back in Black
|-damage|p1a: Back in Black|42/100
|-boost|p2a: Yveltal|spe|1
|-damage|p2a: Yveltal|59/100|[from] item: Life Orb
|move|p1a: Back in Black|Max Flutterby|p2a: Yveltal
|-damage|p2a: Yveltal|42/100
|-unboost|p2a: Yveltal|spa|1
|
|upkeep
|-end|p2a: Yveltal|Dynamax
|-heal|p2a: Yveltal|42/100|[silent]
|turn|21
|inactive|TaxFraud094 has 120 seconds left.
|
|t:|1667396827
|move|p2a: Yveltal|Oblivion Wing|p1a: Back in Black
|-damage|p1a: Back in Black|31/100
|-heal|p2a: Yveltal|62/100|[from] drain|[of] p1a: Back in Black
|-damage|p2a: Yveltal|52/100|[from] item: Life Orb
|move|p1a: Back in Black|Max Darkness|p2a: Yveltal
|-resisted|p2a: Yveltal
|-crit|p2a: Yveltal
|-damage|p2a: Yveltal|2/100
|-unboost|p2a: Yveltal|spd|1
|
|upkeep
|-end|p1a: Back in Black|Dynamax
|-heal|p1a: Back in Black|31/100|[silent]
|turn|22
|
|t:|1667396837
|move|p2a: Yveltal|Taunt|p1a: Back in Black
|-start|p1a: Back in Black|move: Taunt
|cant|p1a: Back in Black|move: Taunt|Defog
|
|upkeep
|turn|23
|j| Cheese Miestro
|
|t:|1667396846
|move|p2a: Yveltal|Oblivion Wing|p1a: Back in Black
|-damage|p1a: Back in Black|7/100
|-heal|p2a: Yveltal|23/100|[from] drain|[of] p1a: Back in Black
|-damage|p2a: Yveltal|13/100|[from] item: Life Orb
|move|p1a: Back in Black|U-turn|p2a: Yveltal
|-damage|p2a: Yveltal|0 fnt
|faint|p2a: Yveltal
|
|t:|1667396849
|switch|p1a: Holier Than Thou|Xerneas, shiny|100/100|[from]move: U-turn
|-damage|p1a: Holier Than Thou|88/100|[from] Stealth Rock
|-ability|p1a: Holier Than Thou|Fairy Aura
|
|upkeep
|
|t:|1667396851
|switch|p2a: Calyrex|Calyrex-Shadow|76/100
|-ability|p2a: Calyrex|As One
|-ability|p2a: Calyrex|Unnerve
|turn|24
|
|t:|1667396863
|-zpower|p2a: Calyrex
|move|p2a: Calyrex|Never-Ending Nightmare|p1a: Holier Than Thou|[zeffect]
|-damage|p1a: Holier Than Thou|0 fnt
|faint|p1a: Holier Than Thou
|-ability|p2a: Calyrex|Grim Neigh|boost
|-boost|p2a: Calyrex|spa|1
|
|upkeep
|
|t:|1667396866
|switch|p1a: Back in Black|Yveltal|7/100
|-ability|p1a: Back in Black|Dark Aura
|turn|25
|c|☆TaxFraud094|sus
|c|☆TaxFraud094|!dt amoongus
No Pokémon, item, move, ability or nature named 'amoongus' was found. Showing the data of 'Amoonguss' instead.
|raw|<div class="message"><ul class="utilichart"><li class="result"><span class="col numcol">UU</span> <span class="col iconcol"><psicon pokemon="amoonguss"/></span> <span class="col pokemonnamecol" style="white-space:nowrap"><a href="https://dex.pokemonshowdown.com/pokemon/amoonguss" target="_blank">Amoonguss</a></span> <span class="col typecol"><img src="https://play.pokemonshowdown.com/sprites/types/Grass.png" alt="Grass" height="14" width="32"><img src="https://play.pokemonshowdown.com/sprites/types/Poison.png" alt="Poison" height="14" width="32"></span> <span style="float:left;min-height:26px"><span class="col abilitycol">Effect Spore</span><span class="col abilitycol"><em>Regenerator</em></span></span><span style="float:left;min-height:26px"><span class="col statcol"><em>HP</em><br />114</span> <span class="col statcol"><em>Atk</em><br />85</span> <span class="col statcol"><em>Def</em><br />70</span> <span class="col statcol"><em>SpA</em><br />85</span> <span class="col statcol"><em>SpD</em><br />80</span> <span class="col statcol"><em>Spe</em><br />30</span> <span class="col bstcol"><em>BST<br />464</em></span> </span></li><li style="clear:both"></li></ul></div>
|raw|<font size="1"><font color="#686868">Dex#:</font> 591&nbsp;|&ThickSpace;<font color="#686868">Gen:</font> 5&nbsp;|&ThickSpace;<font color="#686868">Height:</font> 0.6 m&nbsp;|&ThickSpace;<font color="#686868">Weight:</font> 10.5 kg <em>(40 BP)</em>&nbsp;|&ThickSpace;<font color="#686868">Dex Colour:</font> White&nbsp;|&ThickSpace;<font color="#686868">Egg Group(s):</font> Grass&nbsp;|&ThickSpace;<font color="#686868">Does Not Evolve</font></font>

|c| Testaltv37|that's sus
|-message|TaxFraud094 forfeited.
|
|win|09-10a
|n|☆TaxFraud094|taxfraud094
|n|☆09-10a|0910a
|n| Master kushagra|masterkushagra
|n| Testaltv37|testaltv37
|n| hjksgdf|hjksgdf
|n| Karlaaaaaa|karlaaaaaa
|n| Cheese Miestro|cheesemiestro
|c|☆TaxFraud094|gg i lost mray tie
|c|☆TaxFraud094|feels bad
|l|☆TaxFraud094
|l| Karlaaaaaa
|l| Cheese Miestro
|l| Testaltv37
|l| hjksgdf
|l| Master kushagra
|j| ore bakadesũ̯
|j| Buckfromgothamcity
|l| ore bakadesũ̯
|j| ashfqwer
|l| Buckfromgothamcity
|l| ashfqwer
|j| Buckfromgothamcity@!
