|j|☆Kunwarstein
|j|☆RUiNtheExtinct
|t:|1640614565
|gametype|singles
|player|p1|Kunwarstein|pokekid|1535
|player|p2|RUiNtheExtinct|red-gen7|1753
|teamsize|p1|6
|teamsize|p2|6
|gen|8
|tier|[Gen 8] National Dex AG
|rated|
|rule|HP Percentage Mod: HP is shown in percentages
|rule|Endless Battle Clause: Forcing endless battles is banned
|clearpoke
|poke|p1|Golem, M|
|poke|p1|Avalugg, F|
|poke|p1|Cinderace, M|
|poke|p1|Blaziken, F|
|poke|p1|Smeargle, M|
|poke|p1|Malamar, M|
|poke|p2|Deoxys-Speed|
|poke|p2|Ditto|
|poke|p2|Yveltal|
|poke|p2|Arceus-*|
|poke|p2|Groudon|
|poke|p2|Arceus-*|
|teampreview
|inactive|Battle timer is ON: inactive players will automatically lose when time's up. (requested by Kunwarstein)
|inactive|Kunwarstein has 120 seconds left.
|
|t:|1640614617
|start
|switch|p1a: Golem|Golem, M|100/100
|switch|p2a: Deoxys|Deoxys-Speed|100/100
|-ability|p2a: Deoxys|Pressure
|turn|1
|
|t:|1640614624
|move|p2a: Deoxys|Stealth Rock|p1a: Golem
|-sidestart|p1: Kunwarstein|move: Stealth Rock
|move|p1a: Golem|Earthquake|p2a: Deoxys
|-damage|p2a: Deoxys|14/100
|
|upkeep
|turn|2
|
|t:|1640614629
|move|p2a: Deoxys|Knock Off|p1a: Golem
|-damage|p1a: Golem|80/100
|-enditem|p1a: Golem|Custap Berry|[from] move: Knock Off|[of] p2a: Deoxys
|move|p1a: Golem|Stealth Rock|p2a: Deoxys
|-sidestart|p2: RUiNtheExtinct|move: Stealth Rock
|
|upkeep
|turn|3
|
|t:|1640614636
|move|p2a: Deoxys|Knock Off|p1a: Golem
|-damage|p1a: Golem|66/100
|move|p1a: Golem|Earthquake|p2a: Deoxys
|-damage|p2a: Deoxys|0 fnt
|faint|p2a: Deoxys
|
|upkeep
|
|t:|1640614643
|switch|p2a: Yveltal|Yveltal|100/100
|-damage|p2a: Yveltal|76/100|[from] Stealth Rock
|-ability|p2a: Yveltal|Dark Aura
|turn|4
|
|t:|1640614648
|move|p2a: Yveltal|Dark Pulse|p1a: Golem
|-damage|p1a: Golem|0 fnt
|faint|p1a: Golem
|-damage|p2a: Yveltal|66/100|[from] item: Life Orb
|
|upkeep
|
|t:|1640614665
|switch|p1a: Blaziken|Blaziken, F|100/100
|-damage|p1a: Blaziken|88/100|[from] Stealth Rock
|turn|5
|
|t:|1640614678
|detailschange|p1a: Blaziken|Blaziken-Mega, F
|-mega|p1a: Blaziken|Blaziken|Blazikenite
|-start|p2a: Yveltal|Dynamax
|-heal|p2a: Yveltal|66/100|[silent]
|move|p1a: Blaziken|Protect|p1a: Blaziken
|-singleturn|p1a: Blaziken|Protect
|move|p2a: Yveltal|Max Airstream|p1a: Blaziken
|-supereffective|p1a: Blaziken
|-zbroken|p1a: Blaziken
|-damage|p1a: Blaziken|25/100
|-boost|p2a: Yveltal|spe|1
|-damage|p2a: Yveltal|61/100|[from] item: Life Orb
|
|-ability|p1a: Blaziken|Speed Boost|boost
|-boost|p1a: Blaziken|spe|1
|upkeep
|turn|6
|inactive|RUiNtheExtinct has 120 seconds left.
|
|t:|1640614711
|move|p1a: Blaziken|Flare Blitz|p2a: Yveltal
|-damage|p2a: Yveltal|26/100
|-damage|p1a: Blaziken|0 fnt|[from] Recoil
|faint|p1a: Blaziken
|move|p2a: Yveltal|Max Airstream|p1: Blaziken|[notarget]
|-fail|p2a: Yveltal
|
|upkeep
|
|t:|1640614728
|switch|p1a: Avalugg|Avalugg, F|100/100
|turn|7
|
|t:|1640614732
|move|p2a: Yveltal|Max Darkness|p1a: Avalugg
|-crit|p1a: Avalugg
|-ability|p1a: Avalugg|Sturdy
|-damage|p1a: Avalugg|1/100
|-unboost|p1a: Avalugg|spd|1
|-damage|p2a: Yveltal|21/100|[from] item: Life Orb
|move|p1a: Avalugg|Rapid Spin|p2a: Yveltal
|-damage|p2a: Yveltal|14/100
|-boost|p1a: Avalugg|spe|1
|-sideend|p1: Kunwarstein|Stealth Rock|[from] move: Rapid Spin|[of] p1a: Avalugg
|
|-end|p2a: Yveltal|Dynamax
|-heal|p2a: Yveltal|14/100|[silent]
|upkeep
|turn|8
|
|t:|1640614746
|move|p2a: Yveltal|Oblivion Wing|p1a: Avalugg
|-damage|p1a: Avalugg|0 fnt
|-heal|p2a: Yveltal|14/100|[from] drain|[of] p1a: Avalugg
|faint|p1a: Avalugg
|-damage|p2a: Yveltal|4/100|[from] item: Life Orb
|
|upkeep
|
|t:|1640614753
|switch|p1a: Cinderace|Cinderace, M|100/100
|turn|9
|
|t:|1640614757
|move|p1a: Cinderace|Sucker Punch|p2a: Yveltal
|-start|p1a: Cinderace|typechange|Dark|[from] ability: Libero
|-resisted|p2a: Yveltal
|-damage|p2a: Yveltal|0 fnt
|faint|p2a: Yveltal
|
|upkeep
|
|t:|1640614767
|switch|p2a: Groudon|Groudon|100/100
|-damage|p2a: Groudon|94/100|[from] Stealth Rock
|detailschange|p2a: Groudon|Groudon-Primal
|-primal|p2a: Groudon
|-weather|DesolateLand|[from] ability: Desolate Land|[of] p2a: Groudon
|turn|10
|
|t:|1640614773
|-start|p1a: Cinderace|Dynamax
|-heal|p1a: Cinderace|100/100|[silent]
|move|p1a: Cinderace|Max Airstream|p2a: Groudon
|-start|p1a: Cinderace|typechange|Flying|[from] ability: Libero
|-damage|p2a: Groudon|58/100
|-boost|p1a: Cinderace|spe|1
|move|p2a: Groudon|Heat Crash||[still]
|-fail|p2a: Groudon|Dynamax
|
|-weather|DesolateLand|[upkeep]
|upkeep
|turn|11
|
|t:|1640614786
|move|p1a: Cinderace|Max Knuckle|p2a: Groudon
|-start|p1a: Cinderace|typechange|Fighting|[from] ability: Libero
|-crit|p2a: Groudon
|-damage|p2a: Groudon|23/100
|-boost|p1a: Cinderace|atk|1
|move|p2a: Groudon|Rock Tomb|p1a: Cinderace
|-resisted|p1a: Cinderace
|-damage|p1a: Cinderace|90/100
|-unboost|p1a: Cinderace|spe|1
|
|-weather|DesolateLand|[upkeep]
|upkeep
|turn|12
|
|t:|1640614799
|move|p1a: Cinderace|Max Airstream|p2a: Groudon
|-start|p1a: Cinderace|typechange|Flying|[from] ability: Libero
|-damage|p2a: Groudon|0 fnt
|-boost|p1a: Cinderace|spe|1
|faint|p2a: Groudon
|-weather|none
|
|-end|p1a: Cinderace|Dynamax
|-heal|p1a: Cinderace|90/100|[silent]
|upkeep
|
|t:|1640614809
|switch|p2a: Ditto|Ditto|100/100
|-damage|p2a: Ditto|88/100|[from] Stealth Rock
|-transform|p2a: Ditto|p1a: Cinderace|[from] ability: Imposter
|turn|13
|
|t:|1640614827
|move|p2a: Ditto|Pyro Ball|p1a: Cinderace
|-start|p2a: Ditto|typechange|Fire|[from] ability: Libero
|-damage|p1a: Cinderace|0 fnt
|faint|p1a: Cinderace
|
|upkeep
|
|t:|1640614835
|switch|p1a: Smeargle|Smeargle, M|100/100
|turn|14
|
|t:|1640614841
|move|p2a: Ditto|Pyro Ball|p1a: Smeargle
|-enditem|p1a: Smeargle|Focus Sash
|-damage|p1a: Smeargle|1/100
|-status|p1a: Smeargle|brn
|move|p1a: Smeargle|Spectral Thief||[still]
|-clearpositiveboost|p2a: Ditto|p1a: Smeargle|move: Spectral Thief
|-boost|p1a: Smeargle|atk|1
|-boost|p1a: Smeargle|spe|1
|-anim|p1a: Smeargle|Spectral Thief|p2a: Ditto
|-damage|p2a: Ditto|75/100
|
|-damage|p1a: Smeargle|0 fnt|[from] brn
|faint|p1a: Smeargle
|upkeep
|
|t:|1640614847
|switch|p1a: Malamar|Malamar, M|100/100
|turn|15
|
|t:|1640614858
|move|p2a: Ditto|Pyro Ball|p1a: Malamar
|-damage|p1a: Malamar|61/100
|move|p1a: Malamar|Acupressure|p1a: Malamar
|-boost|p1a: Malamar|evasion|2
|
|upkeep
|turn|16
|
|t:|1640614864
|move|p2a: Ditto|Pyro Ball|p1a: Malamar
|-damage|p1a: Malamar|18/100
|move|p1a: Malamar|Acupressure|p1a: Malamar
|-boost|p1a: Malamar|accuracy|2
|
|upkeep
|turn|17
|
|t:|1640614870
|move|p2a: Ditto|Pyro Ball|p1a: Malamar
|-damage|p1a: Malamar|0 fnt
|faint|p1a: Malamar
|
|win|RUiNtheExtinct
|raw|Kunwarstein's rating: 1535 &rarr; <strong>1526</strong><br />(-9 for losing)
|raw|RUiNtheExtinct's rating: 1753 &rarr; <strong>1762</strong><br />(+9 for winning)
|l|☆Kunwarstein
|c|☆RUiNtheExtinct|f
