|j|☆ShineyThe2nd
|j|☆head 0f the table
|t:|1668518501
|gametype|singles
|player|p1|ShineyThe2nd|theroyal|1527
|player|p2|head 0f the table|cynthia-gen4|1689
|teamsize|p1|6
|teamsize|p2|6
|gen|8
|tier|[Gen 8] National Dex AG
|rated|
|rule|HP Percentage Mod: HP is shown in percentages
|rule|Endless Battle Clause: Forcing endless battles is banned
|clearpoke
|poke|p1|Tapu Koko|
|poke|p1|Regieleki|
|poke|p1|Hawlucha, F|
|poke|p1|Rayquaza|
|poke|p1|Necrozma-Dusk-Mane|
|poke|p1|Muk-Alola, F|
|poke|p2|Arceus-*|
|poke|p2|Xerneas-*|
|poke|p2|Arceus-*|
|poke|p2|Ditto|
|poke|p2|Smeargle, M|
|poke|p2|Yveltal|
|teampreview
|inactive|Battle timer is ON: inactive players will automatically lose when time's up. (requested by head 0f the table)
|
|t:|1668518509
|start
|switch|p1a: Tapu Koko|Tapu Koko|100/100
|switch|p2a: Smeargle|Smeargle, M|100/100
|-fieldstart|move: Electric Terrain|[from] ability: Electric Surge|[of] p1a: Tapu Koko
|turn|1
|
|t:|1668518517
|move|p1a: Tapu Koko|U-turn|p2a: Smeargle
|-damage|p2a: Smeargle|69/100
|
|t:|1668518522
|switch|p1a: Regieleki|Regieleki|100/100|[from]move: U-turn
|move|p2a: Smeargle|Sticky Web|p1a: Regieleki
|-sidestart|p1: ShineyThe2nd|move: Sticky Web
|
|upkeep
|turn|2
|
|t:|1668518530
|switch|p2a: Arceus|Arceus-Ground|100/100
|move|p1a: Regieleki|Rapid Spin|p2a: Arceus
|-damage|p2a: Arceus|92/100
|-boost|p1a: Regieleki|spe|1
|-sideend|p1: ShineyThe2nd|Sticky Web|[from] move: Rapid Spin|[of] p1a: Regieleki
|
|upkeep
|turn|3
|
|t:|1668518537
|move|p1a: Regieleki|Light Screen|p1a: Regieleki
|-sidestart|p1: ShineyThe2nd|move: Light Screen
|move|p2a: Arceus|Ice Beam|p1a: Regieleki
|-damage|p1a: Regieleki|80/100
|
|upkeep
|turn|4
|
|t:|1668518543
|move|p1a: Regieleki|Reflect|p1a: Regieleki
|-sidestart|p1: ShineyThe2nd|Reflect
|move|p2a: Arceus|Swords Dance|p2a: Arceus
|-boost|p2a: Arceus|atk|2
|
|upkeep
|turn|5
|
|t:|1668518554
|-start|p2a: Arceus|Dynamax|
|-heal|p2a: Arceus|92/100|[silent]
|move|p1a: Regieleki|Rapid Spin|p2a: Arceus
|-damage|p2a: Arceus|88/100
|-boost|p1a: Regieleki|spe|1
|move|p2a: Arceus|Max Rockfall|p1a: Regieleki
|-damage|p1a: Regieleki|0 fnt
|-weather|Sandstorm
|faint|p1a: Regieleki
|
|-weather|Sandstorm|[upkeep]
|upkeep
|
|t:|1668518566
|switch|p1a: Tapu Koko|Tapu Koko|100/100
|turn|6
|
|t:|1668518569
|move|p1a: Tapu Koko|U-turn|p2a: Arceus
|-damage|p2a: Arceus|82/100
|
|t:|1668518571
|switch|p1a: Rayquaza|Rayquaza|100/100|[from]move: U-turn
|-ability|p1a: Rayquaza|Air Lock
|move|p2a: Arceus|Max Rockfall|p1a: Rayquaza
|-supereffective|p1a: Rayquaza
|-damage|p1a: Rayquaza|10/100
|
|-weather|Sandstorm|[upkeep]
|upkeep
|turn|7
|
|t:|1668518581
|detailschange|p1a: Rayquaza|Rayquaza-Mega
|-mega|p1a: Rayquaza|Rayquaza|
|-weather|DeltaStream|[from] ability: Delta Stream|[of] p1a: Rayquaza
|move|p1a: Rayquaza|Draco Meteor|p2a: Arceus
|-crit|p2a: Arceus
|-damage|p2a: Arceus|26/100
|-unboost|p1a: Rayquaza|spa|2
|-damage|p1a: Rayquaza|0 fnt|[from] item: Life Orb
|faint|p1a: Rayquaza
|-weather|none
|move|p2a: Arceus|Max Rockfall|p1: Rayquaza|[notarget]
|-fail|p2a: Arceus
|
|upkeep
|
|t:|1668518586
|switch|p1a: Jotaro|Hawlucha, F, shiny|100/100
|-enditem|p1a: Jotaro|Electric Seed
|-boost|p1a: Jotaro|def|1|[from] item: Electric Seed
|-end|p2a: Arceus|Dynamax
|-heal|p2a: Arceus|26/100|[silent]
|turn|8
|j| luisYR_a
|
|t:|1668518591
|move|p1a: Jotaro|Swords Dance|p1a: Jotaro
|-boost|p1a: Jotaro|atk|2
|move|p2a: Arceus|Stone Edge|p1a: Jotaro
|-damage|p1a: Jotaro|71/100
|
|-fieldend|move: Electric Terrain
|upkeep
|turn|9
|l| luisYR_a
|
|t:|1668518604
|move|p1a: Jotaro|Swords Dance|p1a: Jotaro
|-boost|p1a: Jotaro|atk|2
|move|p2a: Arceus|Ice Beam|p1a: Jotaro
|-supereffective|p1a: Jotaro
|-damage|p1a: Jotaro|35/100
|
|upkeep
|turn|10
|
|t:|1668518610
|move|p1a: Jotaro|Drain Punch|p2a: Arceus
|-damage|p2a: Arceus|0 fnt
|-heal|p1a: Jotaro|51/100|[from] drain|[of] p2a: Arceus
|faint|p2a: Arceus
|
|-sideend|p1: ShineyThe2nd|move: Light Screen
|upkeep
|
|t:|1668518617
|switch|p2a: Arceus|Arceus|100/100
|turn|11
|
|t:|1668518622
|move|p2a: Arceus|Extreme Speed|p1a: Jotaro
|-damage|p1a: Jotaro|24/100
|-damage|p2a: Arceus|91/100|[from] item: Life Orb
|move|p1a: Jotaro|Drain Punch|p2a: Arceus
|-supereffective|p2a: Arceus
|-damage|p2a: Arceus|0 fnt
|-heal|p1a: Jotaro|78/100|[from] drain|[of] p2a: Arceus
|faint|p2a: Arceus
|
|-sideend|p1: ShineyThe2nd|Reflect
|upkeep
|
|t:|1668518630
|switch|p2a: Ditto|Ditto|100/100
|-transform|p2a: Ditto|p1a: Jotaro|[from] ability: Imposter
|turn|12
|
|t:|1668518636
|move|p1a: Jotaro|Acrobatics|p2a: Ditto
|-supereffective|p2a: Ditto
|-damage|p2a: Ditto|0 fnt
|faint|p2a: Ditto
|
|upkeep
|
|t:|1668518648
|switch|p2a: Xerneas|Xerneas|100/100
|-ability|p2a: Xerneas|Fairy Aura
|turn|13
|
|t:|1668518652
|-start|p1a: Jotaro|Dynamax|
|-heal|p1a: Jotaro|78/100|[silent]
|move|p1a: Jotaro|Max Airstream|p2a: Xerneas
|-damage|p2a: Xerneas|0 fnt
|-boost|p1a: Jotaro|spe|1
|faint|p2a: Xerneas
|
|upkeep
|
|t:|1668518655
|switch|p2a: Yveltal|Yveltal|100/100
|-ability|p2a: Yveltal|Dark Aura
|turn|14
|
|t:|1668518658
|move|p1a: Jotaro|Max Airstream|p2a: Yveltal
|-damage|p2a: Yveltal|0 fnt
|-boost|p1a: Jotaro|spe|1
|faint|p2a: Yveltal
|
|upkeep
|
|t:|1668518661
|switch|p2a: Smeargle|Smeargle, M|69/100
|turn|15
|
|t:|1668518663
|move|p1a: Jotaro|Max Knuckle|p2a: Smeargle
|-supereffective|p2a: Smeargle
|-damage|p2a: Smeargle|0 fnt
|-boost|p1a: Jotaro|atk|1
|faint|p2a: Smeargle
|
|win|ShineyThe2nd
|raw|ShineyThe2nd's rating: 1527 &rarr; <strong>1556</strong><br />(+29 for winning)
|raw|head 0f the table's rating: 1689 &rarr; <strong>1660</strong><br />(-29 for losing)
|l|☆head 0f the table
||Ladder isn't responding, score probably updated but might not have (Request timeout).
