|j|☆Raboot Emo
|j|☆Buck X
|t:|1661457847
|gametype|singles
|player|p1|Raboot Emo|caitlin|
|player|p2|Buck X|lance-masters|
|teamsize|p1|6
|teamsize|p2|6
|gen|8
|tier|[Gen 8] National Dex AG
|rule|HP Percentage Mod: HP is shown in percentages
|rule|Endless Battle Clause: Forcing endless battles is banned
|clearpoke
|poke|p1|Gliscor, M|
|poke|p1|Ferrothorn, M|
|poke|p1|Togekiss, F|
|poke|p1|Barraskewda, F|
|poke|p1|Weavile, M|
|poke|p1|Dialga|
|poke|p2|Salamence, M|
|poke|p2|Ho-Oh|
|poke|p2|Giratina|
|poke|p2|Dragonite, F|
|poke|p2|Gastrodon, M|
|poke|p2|Ferrothorn, M|
|teampreview
|inactive|Battle timer is ON: inactive players will automatically lose when time's up. (requested by Buck X)
|inactive|Raboot Emo also wants the timer to be on.
|
|t:|1661457866
|start
|switch|p1a: Photosynthesis|Ferrothorn, M|100/100
|switch|p2a: Ferrothorn|Ferrothorn, M|100/100
|turn|1
|
|t:|1661457882
|move|p1a: Photosynthesis|Leech Seed|p2a: Ferrothorn
|-immune|p2a: Ferrothorn
|move|p2a: Ferrothorn|Stealth Rock|p1a: Photosynthesis
|-sidestart|p1: Raboot Emo|move: Stealth Rock
|
|upkeep
|turn|2
|c|☆Raboot Emo|oops
|c|☆Raboot Emo|misclick
|
|t:|1661457889
|move|p1a: Photosynthesis|Stealth Rock|p2a: Ferrothorn
|-sidestart|p2: Buck X|move: Stealth Rock
|move|p2a: Ferrothorn|Knock Off|p1a: Photosynthesis
|-damage|p1a: Photosynthesis|79/100
|-damage|p2a: Ferrothorn|88/100|[from] ability: Iron Barbs|[of] p1a: Photosynthesis
|-enditem|p1a: Photosynthesis|Occa Berry|[from] move: Knock Off|[of] p2a: Ferrothorn
|
|upkeep
|turn|3
|
|t:|1661457898
|move|p1a: Photosynthesis|Spikes|p2a: Ferrothorn
|-sidestart|p2: Buck X|Spikes
|move|p2a: Ferrothorn|Body Press|p1a: Photosynthesis
|-supereffective|p1a: Photosynthesis
|-damage|p1a: Photosynthesis|17/100
|-damage|p2a: Ferrothorn|76/100|[from] ability: Iron Barbs|[of] p1a: Photosynthesis
|
|upkeep
|turn|4
|
|t:|1661457919
|move|p1a: Photosynthesis|Gyro Ball|p2a: Ferrothorn
|-resisted|p2a: Ferrothorn
|-damage|p2a: Ferrothorn|74/100
|-damage|p1a: Photosynthesis|4/100|[from] ability: Iron Barbs|[of] p2a: Ferrothorn
|move|p2a: Ferrothorn|Body Press|p1a: Photosynthesis
|-supereffective|p1a: Photosynthesis
|-damage|p1a: Photosynthesis|0 fnt
|-damage|p2a: Ferrothorn|61/100|[from] ability: Iron Barbs|[of] p1a: Photosynthesis
|faint|p1a: Photosynthesis
|
|upkeep
|inactive|Raboot Emo has 270 seconds left.
|
|t:|1661457936
|switch|p1a: Rawr|Dialga|100/100
|-damage|p1a: Rawr|94/100|[from] Stealth Rock
|-ability|p1a: Rawr|Pressure
|turn|5
|
|t:|1661457952
|move|p1a: Rawr|Flamethrower|p2a: Ferrothorn
|-supereffective|p2a: Ferrothorn
|-crit|p2a: Ferrothorn
|-damage|p2a: Ferrothorn|0 fnt
|faint|p2a: Ferrothorn
|
|upkeep
|
|t:|1661457958
|switch|p2a: Ho-Oh|Ho-Oh|100/100
|-damage|p2a: Ho-Oh|51/100|[from] Stealth Rock
|turn|6
|
|t:|1661457968
|switch|p1a: Suicidal|Gliscor, M|100/100
|-damage|p1a: Suicidal|88/100|[from] Stealth Rock
|move|p2a: Ho-Oh|Earthquake|p1a: Suicidal
|-immune|p1a: Suicidal
|
|upkeep
|turn|7
|
|t:|1661457978
|switch|p2a: Giratina|Giratina|100/100
|-damage|p2a: Giratina|88/100|[from] Stealth Rock
|-damage|p2a: Giratina|76/100|[from] Spikes
|-ability|p2a: Giratina|Pressure
|move|p1a: Suicidal|Rock Tomb|p2a: Giratina
|-damage|p2a: Giratina|68/100
|-unboost|p2a: Giratina|spe|1
|
|upkeep
|turn|8
|
|t:|1661457993
|move|p1a: Suicidal|Sandstorm|p1a: Suicidal
|-weather|Sandstorm
|move|p2a: Giratina|Defog|p1a: Suicidal
|-unboost|p1a: Suicidal|evasion|1
|-sideend|p1: Raboot Emo|Stealth Rock|[from] move: Defog|[of] p2a: Giratina
|-sideend|p2: Buck X|Spikes|[from] move: Defog|[of] p2a: Giratina
|-sideend|p2: Buck X|Stealth Rock|[from] move: Defog|[of] p2a: Giratina
|
|-weather|Sandstorm|[upkeep]
|-damage|p2a: Giratina|62/100|[from] Sandstorm
|upkeep
|turn|9
|
|t:|1661458005
|move|p1a: Suicidal|Rock Tomb|p2a: Giratina
|-damage|p2a: Giratina|54/100
|-unboost|p2a: Giratina|spe|1
|move|p2a: Giratina|Toxic|p1a: Suicidal
|-status|p1a: Suicidal|tox
|
|-weather|Sandstorm|[upkeep]
|-damage|p2a: Giratina|47/100|[from] Sandstorm
|-damage|p1a: Suicidal|82/100 tox|[from] psn
|upkeep
|turn|10
|
|t:|1661458018
|switch|p1a: Rawr|Dialga|94/100
|-ability|p1a: Rawr|Pressure
|switch|p2a: Gastrodon|Gastrodon, M|100/100
|
|-weather|Sandstorm|[upkeep]
|upkeep
|turn|11
|
|t:|1661458034
|switch|p1a: Suicidal|Gliscor, M|82/100 tox
|move|p2a: Gastrodon|Earth Power|p1a: Suicidal
|-immune|p1a: Suicidal
|
|-weather|Sandstorm|[upkeep]
|-damage|p1a: Suicidal|75/100 tox|[from] psn
|upkeep
|turn|12
|
|t:|1661458050
|move|p1a: Suicidal|Swords Dance|p1a: Suicidal
|-boost|p1a: Suicidal|atk|2
|move|p2a: Gastrodon|Ice Beam|p1a: Suicidal
|-supereffective|p1a: Suicidal
|-damage|p1a: Suicidal|0 fnt
|faint|p1a: Suicidal
|
|-weather|none
|upkeep
|
|t:|1661458063
|switch|p1a: Anti-Garchomp|Togekiss, F, shiny|100/100
|turn|13
|
|t:|1661458078
|move|p1a: Anti-Garchomp|Air Slash|p2a: Gastrodon
|-damage|p2a: Gastrodon|72/100
|cant|p2a: Gastrodon|flinch
|
|upkeep
|turn|14
|
|t:|1661458083
|switch|p2a: Ho-Oh|Ho-Oh|84/100
|move|p1a: Anti-Garchomp|Air Slash|p2a: Ho-Oh
|-damage|p2a: Ho-Oh|67/100
|
|upkeep
|turn|15
|
|t:|1661458105
|switch|p1a: Just keep swimmin'|Barraskewda, F|100/100
|switch|p2a: Giratina|Giratina|47/100
|-ability|p2a: Giratina|Pressure
|
|upkeep
|turn|16
|
|t:|1661458116
|move|p1a: Just keep swimmin'|Rain Dance|p1a: Just keep swimmin'
|-weather|RainDance
|move|p2a: Giratina|Toxic|p1a: Just keep swimmin'
|-status|p1a: Just keep swimmin'|tox
|
|-weather|RainDance|[upkeep]
|-damage|p1a: Just keep swimmin'|94/100 tox|[from] psn
|upkeep
|turn|17
|
|t:|1661458126
|move|p1a: Just keep swimmin'|Ice Fang|p2a: Giratina
|-supereffective|p2a: Giratina
|-damage|p2a: Giratina|19/100
|move|p2a: Giratina|Hex|p1a: Just keep swimmin'
|-damage|p1a: Just keep swimmin'|0 fnt
|faint|p1a: Just keep swimmin'
|
|-weather|RainDance|[upkeep]
|upkeep
|
|t:|1661458135
|switch|p1a: Anti-Garchomp|Togekiss, F, shiny|100/100
|turn|18
|
|t:|1661458139
|move|p1a: Anti-Garchomp|Air Slash|p2a: Giratina
|-damage|p2a: Giratina|6/100
|cant|p2a: Giratina|flinch
|
|-weather|RainDance|[upkeep]
|upkeep
|turn|19
|
|t:|1661458144
|move|p1a: Anti-Garchomp|Air Slash|p2a: Giratina
|-damage|p2a: Giratina|0 fnt
|faint|p2a: Giratina
|
|-weather|RainDance|[upkeep]
|upkeep
|
|t:|1661458149
|switch|p2a: Ho-Oh|Ho-Oh|99/100
|turn|20
|
|t:|1661458161
|-start|p2a: Ho-Oh|Dynamax|
|-heal|p2a: Ho-Oh|99/100|[silent]
|move|p1a: Anti-Garchomp|Air Slash|p2a: Ho-Oh
|-damage|p2a: Ho-Oh|92/100
|move|p2a: Ho-Oh|Max Flare|p1a: Anti-Garchomp
|-damage|p1a: Anti-Garchomp|64/100
|-weather|SunnyDay
|
|-weather|SunnyDay|[upkeep]
|upkeep
|turn|21
|
|t:|1661458173
|move|p1a: Anti-Garchomp|Air Slash|p2a: Ho-Oh
|-damage|p2a: Ho-Oh|84/100
|move|p2a: Ho-Oh|Max Airstream|p1a: Anti-Garchomp
|-damage|p1a: Anti-Garchomp|0 fnt
|-boost|p2a: Ho-Oh|spe|1
|faint|p1a: Anti-Garchomp
|
|-weather|SunnyDay|[upkeep]
|upkeep
|
|t:|1661458190
|switch|p1a: Rawr|Dialga|94/100
|-ability|p1a: Rawr|Pressure
|turn|22
|
|t:|1661458195
|-start|p1a: Rawr|Dynamax|
|-heal|p1a: Rawr|94/100|[silent]
|move|p2a: Ho-Oh|Max Quake|p1a: Rawr
|-supereffective|p1a: Rawr
|-damage|p1a: Rawr|57/100
|-boost|p2a: Ho-Oh|spd|1
|move|p1a: Rawr|Max Rockfall|p2a: Ho-Oh
|-supereffective|p2a: Ho-Oh
|-damage|p2a: Ho-Oh|40/100
|-weather|Sandstorm
|
|-weather|Sandstorm|[upkeep]
|-damage|p2a: Ho-Oh|37/100|[from] Sandstorm
|upkeep
|-end|p2a: Ho-Oh|Dynamax
|-heal|p2a: Ho-Oh|38/100|[silent]
|turn|23
|
|t:|1661458218
|move|p2a: Ho-Oh|Earthquake|p1a: Rawr
|-supereffective|p1a: Rawr
|-damage|p1a: Rawr|28/100
|move|p1a: Rawr|Max Rockfall|p2a: Ho-Oh
|-supereffective|p2a: Ho-Oh
|-damage|p2a: Ho-Oh|0 fnt
|faint|p2a: Ho-Oh
|
|-weather|Sandstorm|[upkeep]
|upkeep
|
|t:|1661458224
|switch|p2a: Gastrodon|Gastrodon, M|72/100
|turn|24
|
|t:|1661458234
|move|p1a: Rawr|Max Hailstorm|p2a: Gastrodon
|-damage|p2a: Gastrodon|18/100
|-weather|Hail
|move|p2a: Gastrodon|Earth Power|p1a: Rawr
|-supereffective|p1a: Rawr
|-crit|p1a: Rawr
|-damage|p1a: Rawr|0 fnt
|faint|p1a: Rawr
|
|-weather|Hail|[upkeep]
|-damage|p2a: Gastrodon|12/100|[from] Hail
|upkeep
|
|t:|1661458247
|switch|p1a: 😏|Weavile, M|100/100
|-ability|p1a: 😏|Pressure
|turn|25
|
|t:|1661458255
|move|p1a: 😏|Knock Off|p2a: Gastrodon
|-damage|p2a: Gastrodon|0 fnt
|-enditem|p2a: Gastrodon|Rindo Berry|[from] move: Knock Off|[of] p1a: 😏
|faint|p2a: Gastrodon
|
|-weather|Hail|[upkeep]
|upkeep
|c|☆Raboot Emo|could i win?
|c|☆Raboot Emo|ur others are 4x weak
|
|t:|1661458268
|switch|p2a: Dragonite|Dragonite, F|100/100
|turn|26
|
|t:|1661458272
|move|p1a: 😏|Knock Off|p2a: Dragonite
|-damage|p2a: Dragonite|63/100
|-enditem|p2a: Dragonite|Yache Berry|[from] move: Knock Off|[of] p1a: 😏
|move|p2a: Dragonite|Dragon Dance|p2a: Dragonite
|-boost|p2a: Dragonite|atk|1
|-boost|p2a: Dragonite|spe|1
|
|-weather|Hail|[upkeep]
|-damage|p2a: Dragonite|57/100|[from] Hail
|upkeep
|turn|27
|c|☆Raboot Emo|oops
|c|☆Raboot Emo|band
|c|☆Raboot Emo|life sucks
|
|t:|1661458283
|move|p2a: Dragonite|Dual Wingbeat|p1a: 😏
|-damage|p1a: 😏|59/100
|-damage|p1a: 😏|15/100
|-hitcount|p1a: 😏|2
|move|p1a: 😏|Knock Off|p2a: Dragonite
|-damage|p2a: Dragonite|6/100
|
|-weather|Hail|[upkeep]
|-damage|p2a: Dragonite|0 fnt|[from] Hail
|faint|p2a: Dragonite
|upkeep
|
|t:|1661458287
|switch|p2a: Salamence|Salamence, M|100/100
|-ability|p2a: Salamence|Intimidate|boost
|-unboost|p1a: 😏|atk|1
|turn|28
|c|☆Raboot Emo|im getting rid of that stupid band
|
|t:|1661458305
|detailschange|p2a: Salamence|Salamence-Mega, M
|-mega|p2a: Salamence|Salamence|Salamencite
|move|p2a: Salamence|Double-Edge|p1a: 😏
|-damage|p1a: 😏|0 fnt
|faint|p1a: 😏
|-damage|p2a: Salamence|97/100|[from] Recoil
|
|win|Buck X
