|j|☆xLeonisx
|j|☆NameSome2Better
|t:|1659834557
|gametype|singles
|player|p1|xLeonisx|169|1684
|player|p2|NameSome2Better|hugh|1725
|teamsize|p1|6
|teamsize|p2|6
|gen|8
|tier|[Gen 8] National Dex AG
|rated|
|rule|HP Percentage Mod: HP is shown in percentages
|rule|Endless Battle Clause: Forcing endless battles is banned
|clearpoke
|poke|p1|Deoxys-Speed|
|poke|p1|Ditto|
|poke|p1|Kyogre|
|poke|p1|Calyrex-Shadow|
|poke|p1|Lugia|
|poke|p1|Zacian-*|
|poke|p2|Zacian-*|
|poke|p2|Groudon|
|poke|p2|Necrozma-Dusk-Mane|
|poke|p2|Zygarde|
|poke|p2|Chansey, F|
|poke|p2|Yveltal|
|teampreview
|inactive|Battle timer is ON: inactive players will automatically lose when time's up. (requested by xLeonisx)
|c|☆NameSome2Better|oh it's you
|c|☆NameSome2Better|hi
|c|☆xLeonisx|i aint got thias
|c|☆xLeonisx|ur team counters to well
|c|☆NameSome2Better|wanna forfeit and make my day easier
|c|☆xLeonisx|no
|c|☆NameSome2Better|damn
|
|t:|1659834591
|start
|switch|p1a: Zacian|Zacian-Crowned|100/100
|switch|p2a: Zabuza|Zacian-Crowned|100/100
|-ability|p1a: Zacian|Intrepid Sword|boost
|-boost|p1a: Zacian|atk|1
|-ability|p2a: Zabuza|Intrepid Sword|boost
|-boost|p2a: Zabuza|atk|1
|turn|1
|
|t:|1659834596
|switch|p2a: Necrozma|Necrozma-Dusk-Mane|100/100
|move|p1a: Zacian|Behemoth Blade|p2a: Necrozma
|-resisted|p2a: Necrozma
|-damage|p2a: Necrozma|74/100
|-damage|p1a: Zacian|84/100|[from] item: Rocky Helmet|[of] p2a: Necrozma
|
|upkeep
|turn|2
|
|t:|1659834603
|switch|p1a: Deoxys|Deoxys-Speed|100/100
|-ability|p1a: Deoxys|Pressure
|move|p2a: Necrozma|Stealth Rock|p1a: Deoxys
|-sidestart|p1: xLeonisx|move: Stealth Rock
|
|upkeep
|turn|3
|
|t:|1659834607
|move|p1a: Deoxys|Thunder Wave|p2a: Necrozma
|-status|p2a: Necrozma|par
|cant|p2a: Necrozma|par
|
|upkeep
|turn|4
|
|t:|1659834612
|move|p1a: Deoxys|Knock Off|p2a: Necrozma
|-supereffective|p2a: Necrozma
|-damage|p2a: Necrozma|51/100 par
|-damage|p1a: Deoxys|84/100|[from] item: Rocky Helmet|[of] p2a: Necrozma
|-enditem|p2a: Necrozma|Rocky Helmet|[from] move: Knock Off|[of] p1a: Deoxys
|move|p2a: Necrozma|Sunsteel Strike|p1a: Deoxys
|-damage|p1a: Deoxys|9/100
|
|upkeep
|turn|5
|c|☆NameSome2Better|wow
|
|t:|1659834617
|move|p1a: Deoxys|Stealth Rock|p2a: Necrozma
|-sidestart|p2: NameSome2Better|move: Stealth Rock
|move|p2a: Necrozma|Moonlight|p2a: Necrozma
|-heal|p2a: Necrozma|100/100 par
|
|upkeep
|turn|6
|
|t:|1659834620
|switch|p1a: Kyogre|Kyogre|100/100
|-damage|p1a: Kyogre|88/100|[from] Stealth Rock
|detailschange|p1a: Kyogre|Kyogre-Primal
|-primal|p1a: Kyogre
|-weather|PrimordialSea|[from] ability: Primordial Sea|[of] p1a: Kyogre
|move|p2a: Necrozma|Sunsteel Strike|p1a: Kyogre
|-resisted|p1a: Kyogre
|-damage|p1a: Kyogre|61/100
|
|-weather|PrimordialSea|[upkeep]
|upkeep
|turn|7
|
|t:|1659834628
|switch|p2a: Muzan|Chansey, F|100/100
|-damage|p2a: Muzan|88/100|[from] Stealth Rock
|move|p1a: Kyogre|Origin Pulse|p2a: Muzan
|-damage|p2a: Muzan|53/100
|
|-weather|PrimordialSea|[upkeep]
|upkeep
|turn|8
|
|t:|1659834639
|-weather|none
|switch|p1a: Calyrex|Calyrex-Shadow|100/100
|-ability|p1a: Calyrex|As One
|-ability|p1a: Calyrex|Unnerve
|-damage|p1a: Calyrex|88/100|[from] Stealth Rock
|move|p2a: Muzan|Soft-Boiled|p2a: Muzan
|-heal|p2a: Muzan|100/100
|
|upkeep
|turn|9
|
|t:|1659834645
|switch|p2a: Asta|Yveltal|100/100
|-ability|p2a: Asta|Dark Aura
|move|p1a: Calyrex|Trick|p2a: Asta
|-activate|p1a: Calyrex|move: Trick|[of] p2a: Asta
|-item|p2a: Asta|Choice Scarf|[from] move: Trick
|-item|p1a: Calyrex|Heavy-Duty Boots|[from] move: Trick
|
|upkeep
|turn|10
|
|t:|1659834653
|switch|p1a: Zacian|Zacian-Crowned|84/100
|-damage|p1a: Zacian|78/100|[from] Stealth Rock
|-ability|p1a: Zacian|Intrepid Sword|boost
|-boost|p1a: Zacian|atk|1
|move|p2a: Asta|Foul Play|p1a: Zacian
|-resisted|p1a: Zacian
|-damage|p1a: Zacian|26/100
|
|upkeep
|turn|11
|
|t:|1659834660
|switch|p2a: Necrozma|Necrozma-Dusk-Mane|100/100 par
|-damage|p2a: Necrozma|94/100 par|[from] Stealth Rock
|move|p1a: Zacian|Close Combat|p2a: Necrozma
|-damage|p2a: Necrozma|49/100 par
|-unboost|p1a: Zacian|def|1
|-unboost|p1a: Zacian|spd|1
|
|upkeep
|turn|12
|
|t:|1659834665
|move|p1a: Zacian|Close Combat|p2a: Necrozma
|-damage|p2a: Necrozma|3/100 par
|-unboost|p1a: Zacian|def|1
|-unboost|p1a: Zacian|spd|1
|move|p2a: Necrozma|Moonlight|p2a: Necrozma
|-heal|p2a: Necrozma|53/100 par
|
|upkeep
|turn|13
|
|t:|1659834669
|move|p1a: Zacian|Close Combat|p2a: Necrozma
|-damage|p2a: Necrozma|11/100 par
|-unboost|p1a: Zacian|def|1
|-unboost|p1a: Zacian|spd|1
|move|p2a: Necrozma|Sunsteel Strike|p1a: Zacian
|-damage|p1a: Zacian|0 fnt
|faint|p1a: Zacian
|
|upkeep
|
|t:|1659834677
|switch|p1a: Deoxys|Deoxys-Speed|9/100
|-damage|p1a: Deoxys|0 fnt|[from] Stealth Rock
|faint|p1a: Deoxys
|
|t:|1659834697
|switch|p1a: Calyrex|Calyrex-Shadow|88/100
|-ability|p1a: Calyrex|As One
|-ability|p1a: Calyrex|Unnerve
|turn|14
|
|t:|1659834701
|switch|p2a: Asta|Yveltal|100/100
|-damage|p2a: Asta|75/100|[from] Stealth Rock
|-ability|p2a: Asta|Dark Aura
|move|p1a: Calyrex|Trick|p2a: Asta
|-activate|p1a: Calyrex|move: Trick|[of] p2a: Asta
|-item|p2a: Asta|Heavy-Duty Boots|[from] move: Trick
|-item|p1a: Calyrex|Choice Scarf|[from] move: Trick
|
|upkeep
|turn|15
|c|☆NameSome2Better|ty
|
|t:|1659834714
|-start|p1a: Calyrex|Dynamax|
|-heal|p1a: Calyrex|88/100|[silent]
|move|p1a: Calyrex|Max Starfall|p2a: Asta
|-supereffective|p2a: Asta
|-damage|p2a: Asta|31/100
|-fieldstart|move: Misty Terrain
|move|p2a: Asta|Foul Play|p1a: Calyrex
|-supereffective|p1a: Calyrex
|-damage|p1a: Calyrex|19/100
|
|upkeep
|turn|16
|
|t:|1659834721
|move|p2a: Asta|Sucker Punch|p1a: Calyrex
|-supereffective|p1a: Calyrex
|-damage|p1a: Calyrex|0 fnt
|faint|p1a: Calyrex
|
|upkeep
|
|t:|1659834728
|switch|p1a: Ditto|Ditto|100/100
|-damage|p1a: Ditto|88/100|[from] Stealth Rock
|-transform|p1a: Ditto|p2a: Asta|[from] ability: Imposter
|-ability|p1a: Ditto|Dark Aura
|turn|17
|
|t:|1659834732
|move|p1a: Ditto|Foul Play|p2a: Asta
|-resisted|p2a: Asta
|-damage|p2a: Asta|10/100
|move|p2a: Asta|Roost|p2a: Asta
|-heal|p2a: Asta|60/100
|-singleturn|p2a: Asta|move: Roost
|
|upkeep
|turn|18
|
|t:|1659834736
|switch|p1a: Kyogre|Kyogre-Primal|61/100
|-damage|p1a: Kyogre|48/100|[from] Stealth Rock
|-weather|PrimordialSea|[from] ability: Primordial Sea|[of] p1a: Kyogre
|move|p2a: Asta|Roost|p2a: Asta
|-heal|p2a: Asta|100/100
|-singleturn|p2a: Asta|move: Roost
|
|-weather|PrimordialSea|[upkeep]
|upkeep
|turn|19
|
|t:|1659834745
|switch|p2a: Dabura|Groudon|100/100
|-damage|p2a: Dabura|94/100|[from] Stealth Rock
|detailschange|p2a: Dabura|Groudon-Primal
|-primal|p2a: Dabura
|-weather|DesolateLand|[from] ability: Desolate Land|[of] p2a: Dabura
|move|p1a: Kyogre|Ice Beam|p2a: Dabura
|-damage|p2a: Dabura|59/100
|
|-weather|DesolateLand|[upkeep]
|-fieldend|Misty Terrain
|upkeep
|turn|20
|
|t:|1659834753
|-weather|none
|switch|p2a: Muzan|Chansey, F|100/100
|-damage|p2a: Muzan|88/100|[from] Stealth Rock
|move|p1a: Kyogre|Ice Beam|p2a: Muzan
|-damage|p2a: Muzan|76/100
|
|upkeep
|turn|21
|
|t:|1659834762
|switch|p1a: Lugia|Lugia|100/100
|move|p2a: Muzan|Toxic|p1a: Lugia|[miss]
|-miss|p2a: Muzan|p1a: Lugia
|
|upkeep
|turn|22
|
|t:|1659834778
|move|p2a: Muzan|Toxic|p1a: Lugia
|-status|p1a: Lugia|tox
|move|p1a: Lugia|Whirlwind|p2a: Muzan
|drag|p2a: Asta|Yveltal|100/100
|-ability|p2a: Asta|Dark Aura
|
|-damage|p1a: Lugia|94/100 tox|[from] psn
|upkeep
|turn|23
|
|t:|1659834786
|move|p1a: Lugia|Toxic|p2a: Asta
|-status|p2a: Asta|tox
|move|p2a: Asta|Foul Play|p1a: Lugia
|-supereffective|p1a: Lugia
|-damage|p1a: Lugia|51/100 tox
|
|-damage|p1a: Lugia|38/100 tox|[from] psn
|-damage|p2a: Asta|94/100 tox|[from] psn
|upkeep
|turn|24
|
|t:|1659834791
|move|p1a: Lugia|Roost|p1a: Lugia
|-heal|p1a: Lugia|88/100 tox
|-singleturn|p1a: Lugia|move: Roost
|move|p2a: Asta|Foul Play|p1a: Lugia
|-supereffective|p1a: Lugia
|-damage|p1a: Lugia|46/100 tox
|
|-damage|p1a: Lugia|27/100 tox|[from] psn
|-damage|p2a: Asta|82/100 tox|[from] psn
|upkeep
|turn|25
|
|t:|1659834793
|move|p2a: Asta|Foul Play|p1a: Lugia
|-supereffective|p1a: Lugia
|-damage|p1a: Lugia|0 fnt
|faint|p1a: Lugia
|
|-damage|p2a: Asta|64/100 tox|[from] psn
|upkeep
|
|t:|1659834795
|switch|p1a: Kyogre|Kyogre-Primal|48/100
|-damage|p1a: Kyogre|36/100|[from] Stealth Rock
|-weather|PrimordialSea|[from] ability: Primordial Sea|[of] p1a: Kyogre
|turn|26
|
|t:|1659834800
|move|p2a: Asta|Sucker Punch|p1a: Kyogre
|-damage|p1a: Kyogre|0 fnt
|faint|p1a: Kyogre
|-weather|none
|
|-damage|p2a: Asta|39/100 tox|[from] psn
|upkeep
|
|t:|1659834803
|switch|p1a: Ditto|Ditto|88/100
|-damage|p1a: Ditto|76/100|[from] Stealth Rock
|-transform|p1a: Ditto|p2a: Asta|[from] ability: Imposter
|-ability|p1a: Ditto|Dark Aura
|turn|27
|
|t:|1659834805
|switch|p2a: Zabuza|Zacian-Crowned|100/100
|-damage|p2a: Zabuza|94/100|[from] Stealth Rock
|-ability|p2a: Zabuza|Intrepid Sword|boost
|-boost|p2a: Zabuza|atk|1
|move|p1a: Ditto|Foul Play|p2a: Zabuza
|-resisted|p2a: Zabuza
|-damage|p2a: Zabuza|33/100
|
|upkeep
|turn|28
|c|☆NameSome2Better|gg
|
|t:|1659834812
|move|p2a: Zabuza|Behemoth Blade|p1a: Ditto
|-damage|p1a: Ditto|0 fnt
|faint|p1a: Ditto
|
|win|NameSome2Better
|raw|xLeonisx's rating: 1684 &rarr; <strong>1666</strong><br />(-18 for losing)
|raw|NameSome2Better's rating: 1725 &rarr; <strong>1743</strong><br />(+18 for winning)
|c|☆xLeonisx|gg
|l|☆xLeonisx
||Ladder isn't responding, score probably updated but might not have (Request timeout).
