|j|☆Lance's Time
|j|☆Mxlwxr3
|t:|1661502222
|gametype|singles
|player|p1|Lance's Time|lass-gen6|1851
|player|p2|Mxlwxr3|cheren|1906
|teamsize|p1|6
|teamsize|p2|6
|gen|8
|tier|[Gen 8] National Dex AG
|rated|
|rule|HP Percentage Mod: HP is shown in percentages
|rule|Endless Battle Clause: Forcing endless battles is banned
|clearpoke
|poke|p1|Rayquaza|
|poke|p1|Necrozma-Dusk-Mane|
|poke|p1|Ho-Oh|
|poke|p1|Zygarde|
|poke|p1|Chansey, F|
|poke|p1|Tyranitar, F|
|poke|p2|Yveltal|
|poke|p2|Arceus-*|
|poke|p2|Calyrex-Shadow|
|poke|p2|Donphan, M|
|poke|p2|Marshadow|
|poke|p2|Rayquaza|
|teampreview
|inactive|Battle timer is ON: inactive players will automatically lose when time's up. (requested by Mxlwxr3)
|
|t:|1661502232
|start
|switch|p1a: Rayquaza|Rayquaza|100/100
|switch|p2a: Calyrex|Calyrex-Shadow|100/100
|-ability|p2a: Calyrex|As One
|-ability|p2a: Calyrex|Unnerve
|-ability|p1a: Rayquaza|Air Lock
|turn|1
|
|t:|1661502238
|detailschange|p1a: Rayquaza|Rayquaza-Mega
|-mega|p1a: Rayquaza|Rayquaza|
|-weather|DeltaStream|[from] ability: Delta Stream|[of] p1a: Rayquaza
|move|p2a: Calyrex|Substitute|p2a: Calyrex
|-start|p2a: Calyrex|Substitute
|-damage|p2a: Calyrex|76/100
|move|p1a: Rayquaza|Scale Shot|p2a: Calyrex|[miss]
|-miss|p1a: Rayquaza|p2a: Calyrex
|
|-weather|DeltaStream|[upkeep]
|upkeep
|turn|2
|c|☆Lance's Time|AHAH
|
|t:|1661502249
|-weather|none
|switch|p1a: Tyranitar|Tyranitar, F|100/100
|-weather|Sandstorm|[from] ability: Sand Stream|[of] p1a: Tyranitar
|-zpower|p2a: Calyrex
|move|p2a: Calyrex|Never-Ending Nightmare|p1a: Tyranitar|[zeffect]
|-resisted|p1a: Tyranitar
|-crit|p1a: Tyranitar
|-damage|p1a: Tyranitar|62/100
|
|-weather|Sandstorm|[upkeep]
|-damage|p2a: Calyrex|69/100|[from] Sandstorm
|-heal|p1a: Tyranitar|69/100|[from] item: Leftovers
|upkeep
|turn|3
|
|t:|1661502253
|move|p2a: Calyrex|Baton Pass|p2a: Calyrex
|
|t:|1661502267
|switch|p2a: Rayquaza|Rayquaza|100/100|[from]move: Baton Pass
|-ability|p2a: Rayquaza|Air Lock
|move|p1a: Tyranitar|Stealth Rock|p2a: Rayquaza
|-sidestart|p2: Mxlwxr3|move: Stealth Rock
|
|-weather|Sandstorm|[upkeep]
|-heal|p1a: Tyranitar|75/100|[from] item: Leftovers
|upkeep
|turn|4
|
|t:|1661502271
|detailschange|p2a: Rayquaza|Rayquaza-Mega
|-mega|p2a: Rayquaza|Rayquaza|
|-weather|DeltaStream|[from] ability: Delta Stream|[of] p2a: Rayquaza
|move|p2a: Rayquaza|Dragon Dance|p2a: Rayquaza
|-boost|p2a: Rayquaza|atk|1
|-boost|p2a: Rayquaza|spe|1
|move|p1a: Tyranitar|Rock Blast|p2a: Rayquaza
|-activate||deltastream
|-activate|p2a: Rayquaza|move: Substitute|[damage]
|-activate||deltastream
|-crit|p2a: Rayquaza
|-end|p2a: Rayquaza|Substitute
|-activate||deltastream
|-damage|p2a: Rayquaza|89/100
|-hitcount|p2a: Rayquaza|3
|
|-weather|DeltaStream|[upkeep]
|-heal|p1a: Tyranitar|81/100|[from] item: Leftovers
|upkeep
|turn|5
|j| ban123456
|inactive|Lance's Time has 120 seconds left.
|
|t:|1661502316
|switch|p1a: Ho-Oh|Ho-Oh|100/100
|move|p2a: Rayquaza|V-create|p1a: Ho-Oh
|-resisted|p1a: Ho-Oh
|-damage|p1a: Ho-Oh|40/100
|-unboost|p2a: Rayquaza|spe|1
|-unboost|p2a: Rayquaza|def|1
|-unboost|p2a: Rayquaza|spd|1
|-damage|p2a: Rayquaza|79/100|[from] item: Life Orb
|
|-weather|DeltaStream|[upkeep]
|upkeep
|turn|6
|
|t:|1661502326
|switch|p1a: Necrozma|Necrozma-Dusk-Mane|100/100
|move|p2a: Rayquaza|V-create|p1a: Necrozma
|-supereffective|p1a: Necrozma
|-damage|p1a: Necrozma|0 fnt
|-unboost|p2a: Rayquaza|spe|1
|-unboost|p2a: Rayquaza|def|1
|-unboost|p2a: Rayquaza|spd|1
|-damage|p2a: Rayquaza|63/100|[from] item: Rocky Helmet|[of] p1a: Necrozma
|faint|p1a: Necrozma
|-damage|p2a: Rayquaza|53/100|[from] item: Life Orb
|
|-weather|DeltaStream|[upkeep]
|upkeep
|
|t:|1661502329
|switch|p1a: Rayquaza|Rayquaza-Mega|100/100
|turn|7
|inactive|Lance's Time has 120 seconds left.
|
|t:|1661502336
|switch|p2a: Donphan|Donphan, M|100/100
|-damage|p2a: Donphan|94/100|[from] Stealth Rock
|move|p1a: Rayquaza|Scale Shot|p2a: Donphan
|-damage|p2a: Donphan|75/100
|-damage|p2a: Donphan|56/100
|-damage|p2a: Donphan|37/100
|-damage|p2a: Donphan|16/100
|-hitcount|p2a: Donphan|4
|-unboost|p1a: Rayquaza|def|1
|-boost|p1a: Rayquaza|spe|1
|
|-weather|DeltaStream|[upkeep]
|upkeep
|turn|8
|-enditem|p2a: Donphan|Custap Berry|[eat]
|-activate|p2a: Donphan|item: Custap Berry|[consumed]
|
|t:|1661502342
|move|p2a: Donphan|Stealth Rock|p1a: Rayquaza
|-sidestart|p1: Lance's Time|move: Stealth Rock
|move|p1a: Rayquaza|Scale Shot|p2a: Donphan
|-damage|p2a: Donphan|0 fnt
|faint|p2a: Donphan
|-hitcount|p2: Donphan|1
|-unboost|p1a: Rayquaza|def|1
|-boost|p1a: Rayquaza|spe|1
|
|-weather|DeltaStream|[upkeep]
|upkeep
|
|t:|1661502349
|switch|p2a: Rayquaza|Rayquaza-Mega|53/100
|-damage|p2a: Rayquaza|28/100|[from] Stealth Rock
|turn|9
|
|t:|1661502362
|move|p2a: Rayquaza|Extreme Speed|p1a: Rayquaza
|-damage|p1a: Rayquaza|0 fnt
|faint|p1a: Rayquaza
|-damage|p2a: Rayquaza|18/100|[from] item: Life Orb
|
|-weather|DeltaStream|[upkeep]
|upkeep
|
|t:|1661502365
|switch|p1a: Ho-Oh|Ho-Oh|73/100
|turn|10
|
|t:|1661502370
|move|p2a: Rayquaza|Dragon Ascent|p1a: Ho-Oh
|-damage|p1a: Ho-Oh|0 fnt
|-unboost|p2a: Rayquaza|def|1
|-unboost|p2a: Rayquaza|spd|1
|faint|p1a: Ho-Oh
|-damage|p2a: Rayquaza|8/100|[from] item: Life Orb
|
|-weather|DeltaStream|[upkeep]
|upkeep
|
|t:|1661502375
|switch|p1a: Zygarde|Zygarde|100/100
|-damage|p1a: Zygarde|94/100|[from] Stealth Rock
|turn|11
|
|t:|1661502400
|move|p2a: Rayquaza|Dragon Ascent|p1a: Zygarde
|-damage|p1a: Zygarde|38/100
|-unboost|p2a: Rayquaza|def|1
|-unboost|p2a: Rayquaza|spd|1
|-damage|p2a: Rayquaza|0 fnt|[from] item: Life Orb
|faint|p2a: Rayquaza
|-weather|none
|move|p1a: Zygarde|Coil|p1a: Zygarde
|-boost|p1a: Zygarde|atk|1
|-boost|p1a: Zygarde|def|1
|-boost|p1a: Zygarde|accuracy|1
|
|-heal|p1a: Zygarde|44/100|[from] item: Leftovers
|-activate|p1a: Zygarde|ability: Power Construct
|detailschange|p1a: Zygarde|Zygarde-Complete
|-heal|p1a: Zygarde|63/100|[silent]
|upkeep
|inactive|Mxlwxr3 has 120 seconds left.
|
|t:|1661502416
|switch|p2a: Yveltal|Yveltal|100/100
|-damage|p2a: Yveltal|76/100|[from] Stealth Rock
|-ability|p2a: Yveltal|Dark Aura
|turn|12
|
|t:|1661502420
|switch|p1a: Tyranitar|Tyranitar, F|81/100
|-damage|p1a: Tyranitar|69/100|[from] Stealth Rock
|-weather|Sandstorm|[from] ability: Sand Stream|[of] p1a: Tyranitar
|-start|p2a: Yveltal|Dynamax|
|-heal|p2a: Yveltal|76/100|[silent]
|move|p2a: Yveltal|Max Darkness|p1a: Tyranitar
|-resisted|p1a: Tyranitar
|-damage|p1a: Tyranitar|41/100
|-unboost|p1a: Tyranitar|spd|1
|-damage|p2a: Yveltal|71/100|[from] item: Life Orb
|
|-weather|Sandstorm|[upkeep]
|-damage|p2a: Yveltal|68/100|[from] Sandstorm
|-heal|p1a: Tyranitar|47/100|[from] item: Leftovers
|upkeep
|turn|13
|
|t:|1661502423
|-start|p1a: Tyranitar|Dynamax|
|-heal|p1a: Tyranitar|47/100|[silent]
|move|p2a: Yveltal|Max Darkness|p1a: Tyranitar
|-resisted|p1a: Tyranitar
|-damage|p1a: Tyranitar|28/100
|-unboost|p1a: Tyranitar|spd|1
|-damage|p2a: Yveltal|63/100|[from] item: Life Orb
|move|p1a: Tyranitar|Max Rockfall|p2a: Yveltal
|-supereffective|p2a: Yveltal
|-damage|p2a: Yveltal|14/100
|
|-weather|Sandstorm|[upkeep]
|-damage|p2a: Yveltal|11/100|[from] Sandstorm
|-heal|p1a: Tyranitar|31/100|[from] item: Leftovers
|upkeep
|turn|14
|
|t:|1661502428
|move|p2a: Yveltal|Max Darkness|p1a: Tyranitar
|-resisted|p1a: Tyranitar
|-damage|p1a: Tyranitar|5/100
|-unboost|p1a: Tyranitar|spd|1
|-damage|p2a: Yveltal|6/100|[from] item: Life Orb
|move|p1a: Tyranitar|Max Rockfall|p2a: Yveltal
|-supereffective|p2a: Yveltal
|-damage|p2a: Yveltal|0 fnt
|faint|p2a: Yveltal
|
|-weather|Sandstorm|[upkeep]
|-heal|p1a: Tyranitar|8/100|[from] item: Leftovers
|upkeep
|
|t:|1661502433
|switch|p2a: Calyrex|Calyrex-Shadow|69/100
|-ability|p2a: Calyrex|As One
|-ability|p2a: Calyrex|Unnerve
|-damage|p2a: Calyrex|57/100|[from] Stealth Rock
|turn|15
|
|t:|1661502445
|move|p2a: Calyrex|Astral Barrage|p1a: Tyranitar
|-resisted|p1a: Tyranitar
|-damage|p1a: Tyranitar|0 fnt
|faint|p1a: Tyranitar
|-ability|p2a: Calyrex|Grim Neigh|boost
|-boost|p2a: Calyrex|spa|1
|
|-weather|Sandstorm|[upkeep]
|-damage|p2a: Calyrex|51/100|[from] Sandstorm
|upkeep
|
|t:|1661502448
|switch|p1a: Chansey|Chansey, F|100/100
|-damage|p1a: Chansey|88/100|[from] Stealth Rock
|turn|16
|
|t:|1661502452
|move|p2a: Calyrex|Substitute|p2a: Calyrex
|-start|p2a: Calyrex|Substitute
|-damage|p2a: Calyrex|26/100
|move|p1a: Chansey|Toxic|p2a: Calyrex|[miss]
|-miss|p1a: Chansey|p2a: Calyrex
|
|-weather|none
|upkeep
|turn|17
|
|t:|1661502454
|move|p2a: Calyrex|Baton Pass|p2a: Calyrex
|
|t:|1661502457
|switch|p2a: Marshadow|Marshadow|100/100|[from]move: Baton Pass
|-damage|p2a: Marshadow|94/100|[from] Stealth Rock
|move|p1a: Chansey|Confide|p2a: Marshadow
|-unboost|p2a: Marshadow|spa|1
|
|upkeep
|turn|18
|
|t:|1661502460
|switch|p1a: Zygarde|Zygarde-Complete|63/100
|-damage|p1a: Zygarde|57/100|[from] Stealth Rock
|move|p2a: Marshadow|Close Combat|p1a: Zygarde
|-damage|p1a: Zygarde|24/100
|-unboost|p2a: Marshadow|def|1
|-unboost|p2a: Marshadow|spd|1
|
|-heal|p1a: Zygarde|30/100|[from] item: Leftovers
|upkeep
|turn|19
|
|t:|1661502464
|move|p2a: Marshadow|Close Combat|p1a: Zygarde
|-damage|p1a: Zygarde|0 fnt
|-unboost|p2a: Marshadow|def|1
|-unboost|p2a: Marshadow|spd|1
|faint|p1a: Zygarde
|
|upkeep
|l| ban123456
|c|☆Lance's Time|only luck
|c|☆Lance's Time|nice
|inactive|Lance's Time has 120 seconds left.
|
|t:|1661502498
|switch|p1a: Chansey|Chansey, F|88/100
|-damage|p1a: Chansey|76/100|[from] Stealth Rock
|turn|20
|
|t:|1661502502
|move|p2a: Marshadow|Close Combat|p1a: Chansey
|-supereffective|p1a: Chansey
|-damage|p1a: Chansey|0 fnt
|-unboost|p2a: Marshadow|def|1
|-unboost|p2a: Marshadow|spd|1
|faint|p1a: Chansey
|
|win|Mxlwxr3
|raw|Lance&apos;s Time's rating: 1862 &rarr; <strong>1845</strong><br />(-17 for losing)
|raw|Mxlwxr3's rating: 1913 &rarr; <strong>1930</strong><br />(+17 for winning)
|j| Farce Of The Death
|l| Farce Of The Death
|j| Farce Of The Death
|n|☆Mxlwxr3|mxlwxr3
