|j|☆Diancie_hhh
|j|☆Crystal55
|t:|1664628485
|gametype|singles
|player|p1|Diancie_hhh|marnie|1873
|player|p2|Crystal55|cynthia|1789
|teamsize|p1|6
|teamsize|p2|6
|gen|8
|tier|[Gen 8] National Dex AG
|rated|
|rule|HP Percentage Mod: HP is shown in percentages
|rule|Endless Battle Clause: Forcing endless battles is banned
|clearpoke
|poke|p1|Arceus-*|
|poke|p1|Zacian-*|
|poke|p1|Groudon|
|poke|p1|Ho-Oh|
|poke|p1|Zygarde|
|poke|p1|Weavile, F|
|poke|p2|Banette, F|
|poke|p2|Yveltal|
|poke|p2|Groudon|
|poke|p2|Arceus-*|
|poke|p2|Zacian-*|
|poke|p2|Regieleki|
|teampreview
|inactive|Battle timer is ON: inactive players will automatically lose when time's up. (requested by Crystal55)
|
|t:|1664628510
|start
|switch|p1a: Zygarde|Zygarde, shiny|100/100
|switch|p2a: Zacian|Zacian-Crowned|100/100
|-ability|p2a: Zacian|Intrepid Sword|boost
|-boost|p2a: Zacian|atk|1
|turn|1
|
|t:|1664628518
|switch|p1a: Ho-Oh|Ho-Oh|100/100
|move|p2a: Zacian|Play Rough|p1a: Ho-Oh
|-resisted|p1a: Ho-Oh
|-damage|p1a: Ho-Oh|57/100
|
|upkeep
|turn|2
|
|t:|1664628547
|switch|p2a: Groudon|Groudon|100/100
|detailschange|p2a: Groudon|Groudon-Primal
|-primal|p2a: Groudon
|-weather|DesolateLand|[from] ability: Desolate Land|[of] p2a: Groudon
|switch|p1a: 大地之神|Groudon, shiny|100/100
|detailschange|p1a: 大地之神|Groudon-Primal, shiny
|-primal|p1a: 大地之神
|
|-weather|DesolateLand|[upkeep]
|upkeep
|turn|3
|
|t:|1664628559
|move|p1a: 大地之神|Earthquake|p2a: Groudon
|-supereffective|p2a: Groudon
|-damage|p2a: Groudon|41/100
|move|p2a: Groudon|Precipice Blades|p1a: 大地之神
|-supereffective|p1a: 大地之神
|-damage|p1a: 大地之神|11/100
|
|-weather|DesolateLand|[upkeep]
|upkeep
|turn|4
|
|t:|1664628570
|switch|p2a: Yveltal|Yveltal|100/100
|-ability|p2a: Yveltal|Dark Aura
|move|p1a: 大地之神|Stealth Rock|p2a: Yveltal
|-sidestart|p2: Crystal55|move: Stealth Rock
|
|-weather|DesolateLand|[upkeep]
|upkeep
|turn|5
|
|t:|1664628583
|move|p1a: 大地之神|Fire Punch|p2a: Yveltal
|-damage|p2a: Yveltal|54/100
|move|p2a: Yveltal|U-turn|p1a: 大地之神
|-resisted|p1a: 大地之神
|-damage|p1a: 大地之神|5/100
|
|t:|1664628592
|switch|p2a: Regieleki|Regieleki|100/100|[from]move: U-turn
|-damage|p2a: Regieleki|88/100|[from] Stealth Rock
|
|-weather|DesolateLand|[upkeep]
|upkeep
|turn|6
|
|t:|1664628617
|-weather|none
|switch|p1a: Zygarde|Zygarde, shiny|100/100
|move|p2a: Regieleki|Rapid Spin|p1a: Zygarde
|-damage|p1a: Zygarde|95/100
|-boost|p2a: Regieleki|spe|1
|-sideend|p2: Crystal55|Stealth Rock|[from] move: Rapid Spin|[of] p2a: Regieleki
|
|upkeep
|turn|7
|
|t:|1664628631
|switch|p2a: Arceus|Arceus-Ground|100/100
|move|p1a: Zygarde|Coil|p1a: Zygarde
|-boost|p1a: Zygarde|atk|1
|-boost|p1a: Zygarde|def|1
|-boost|p1a: Zygarde|accuracy|1
|
|upkeep
|turn|8
|
|t:|1664628638
|-start|p1a: Zygarde|Dynamax|
|-heal|p1a: Zygarde|95/100|[silent]
|move|p2a: Arceus|Ice Beam|p1a: Zygarde
|-supereffective|p1a: Zygarde
|-damage|p1a: Zygarde|55/100
|move|p1a: Zygarde|Max Quake|p2a: Arceus
|-damage|p2a: Arceus|56/100
|-boost|p1a: Zygarde|spd|1
|
|upkeep
|turn|9
|
|t:|1664628653
|-start|p2a: Arceus|Dynamax|
|-heal|p2a: Arceus|56/100|[silent]
|move|p2a: Arceus|Max Hailstorm|p1a: Zygarde
|-supereffective|p1a: Zygarde
|-damage|p1a: Zygarde|21/100
|-weather|Hail
|move|p1a: Zygarde|Max Quake|p2a: Arceus
|-damage|p2a: Arceus|34/100
|-boost|p1a: Zygarde|spd|1
|
|-weather|Hail|[upkeep]
|-damage|p2a: Arceus|31/100|[from] Hail
|-damage|p1a: Zygarde|18/100|[from] Hail
|-activate|p1a: Zygarde|ability: Power Construct
|detailschange|p1a: Zygarde|Zygarde-Complete, shiny
|-heal|p1a: Zygarde|47/100|[silent]
|upkeep
|turn|10
|
|t:|1664628671
|move|p2a: Arceus|Max Guard|p2a: Arceus
|-singleturn|p2a: Arceus|Max Guard
|move|p1a: Zygarde|Max Quake|p2a: Arceus
|-activate|p2a: Arceus|move: Max Guard
|
|-weather|Hail|[upkeep]
|-damage|p2a: Arceus|28/100|[from] Hail
|-damage|p1a: Zygarde|43/100|[from] Hail
|upkeep
|-end|p1a: Zygarde|Dynamax
|-heal|p1a: Zygarde|43/100|[silent]
|turn|11
|
|t:|1664628681
|move|p2a: Arceus|Max Hailstorm|p1a: Zygarde
|-supereffective|p1a: Zygarde
|-damage|p1a: Zygarde|10/100
|move|p1a: Zygarde|Rest|p1a: Zygarde
|-status|p1a: Zygarde|slp|[from] move: Rest
|-heal|p1a: Zygarde|100/100 slp|[silent]
|-enditem|p1a: Zygarde|Chesto Berry|[eat]
|-curestatus|p1a: Zygarde|slp|[msg]
|
|-weather|Hail|[upkeep]
|-damage|p2a: Arceus|25/100|[from] Hail
|-damage|p1a: Zygarde|94/100|[from] Hail
|upkeep
|-end|p2a: Arceus|Dynamax
|-heal|p2a: Arceus|25/100|[silent]
|turn|12
|
|t:|1664628697
|move|p2a: Arceus|Recover|p2a: Arceus
|-heal|p2a: Arceus|75/100
|move|p1a: Zygarde|Glare|p2a: Arceus
|-status|p2a: Arceus|par
|
|-weather|Hail|[upkeep]
|-damage|p1a: Zygarde|88/100|[from] Hail
|-damage|p2a: Arceus|69/100 par|[from] Hail
|upkeep
|turn|13
|
|t:|1664628706
|move|p1a: Zygarde|Coil|p1a: Zygarde
|-boost|p1a: Zygarde|atk|1
|-boost|p1a: Zygarde|def|1
|-boost|p1a: Zygarde|accuracy|1
|move|p2a: Arceus|Calm Mind|p2a: Arceus
|-boost|p2a: Arceus|spa|1
|-boost|p2a: Arceus|spd|1
|
|-weather|none
|upkeep
|turn|14
|
|t:|1664628716
|move|p1a: Zygarde|Thousand Arrows|p2a: Arceus
|-damage|p2a: Arceus|23/100 par
|move|p2a: Arceus|Ice Beam|p1a: Zygarde
|-supereffective|p1a: Zygarde
|-damage|p1a: Zygarde|52/100
|
|upkeep
|turn|15
|
|t:|1664628724
|move|p1a: Zygarde|Thousand Arrows|p2a: Arceus
|-damage|p2a: Arceus|0 fnt
|faint|p2a: Arceus
|
|upkeep
|
|t:|1664628734
|switch|p2a: Zacian|Zacian-Crowned|100/100
|-ability|p2a: Zacian|Intrepid Sword|boost
|-boost|p2a: Zacian|atk|1
|turn|16
|
|t:|1664628744
|move|p2a: Zacian|Play Rough|p1a: Zygarde
|-supereffective|p1a: Zygarde
|-damage|p1a: Zygarde|17/100
|move|p1a: Zygarde|Thousand Arrows|p2a: Zacian
|-supereffective|p2a: Zacian
|-damage|p2a: Zacian|0 fnt
|faint|p2a: Zacian
|
|upkeep
|
|t:|1664628767
|switch|p2a: Yveltal|Yveltal|54/100
|-ability|p2a: Yveltal|Dark Aura
|turn|17
|
|t:|1664628778
|move|p2a: Yveltal|Knock Off|p1a: Zygarde
|-damage|p1a: Zygarde|10/100
|move|p1a: Zygarde|Rest|p1a: Zygarde
|-status|p1a: Zygarde|slp|[from] move: Rest
|-heal|p1a: Zygarde|100/100 slp|[silent]
|
|upkeep
|turn|18
|-message|Crystal55 forfeited.
|
|win|Diancie_hhh
|raw|Diancie_hhh's rating: 1873 &rarr; <strong>1888</strong><br />(+15 for winning)
|raw|Crystal55's rating: 1789 &rarr; <strong>1774</strong><br />(-15 for losing)
|l|☆Crystal55
||Ladder isn't responding, score probably updated but might not have (Request timeout).
