|j|‽annanostra
|j|☆Pawnnel
|t:|1658258966
|gametype|singles
|player|p1|annanostra|102|1308
|player|p2|Pawnnel|psychic-gen4|1414
|teamsize|p1|6
|teamsize|p2|6
|gen|8
|tier|[Gen 8] National Dex AG
|rated|
|rule|HP Percentage Mod: HP is shown in percentages
|rule|Endless Battle Clause: Forcing endless battles is banned
|clearpoke
|poke|p1|Zacian-*|
|poke|p1|Calyrex-Shadow|
|poke|p1|Pheromosa|
|poke|p1|Rayquaza|
|poke|p1|Necrozma-Dusk-Mane|
|poke|p1|Lugia|
|poke|p2|Venusaur, M|
|poke|p2|Torkoal, M|
|poke|p2|Quagsire, M|
|poke|p2|Garchomp, M|
|poke|p2|Alakazam, M|
|poke|p2|Scizor, M|
|teampreview
|inactive|Battle timer is ON: inactive players will automatically lose when time's up. (requested by Pawnnel)
|
|t:|1658258981
|start
|switch|p1a: Lugia|Lugia, shiny|100/100
|switch|p2a: Yusuke|Scizor, M|100/100
|turn|1
|
|t:|1658258988
|detailschange|p2a: Yusuke|Scizor-Mega, M
|-mega|p2a: Yusuke|Scizor|Scizorite
|move|p1a: Lugia|Ice Beam|p2a: Yusuke
|-resisted|p2a: Yusuke
|-damage|p2a: Yusuke|88/100
|move|p2a: Yusuke|Swords Dance|p2a: Yusuke
|-boost|p2a: Yusuke|atk|2
|
|upkeep
|turn|2
|
|t:|1658259005
|switch|p1a: Rayquaza|Rayquaza|100/100
|-ability|p1a: Rayquaza|Air Lock
|move|p2a: Yusuke|Bullet Punch|p1a: Rayquaza
|-crit|p1a: Rayquaza
|-damage|p1a: Rayquaza|0 fnt
|faint|p1a: Rayquaza
|
|upkeep
|
|t:|1658259017
|switch|p1a: Zacian|Zacian-Crowned, shiny|100/100
|-ability|p1a: Zacian|Intrepid Sword|boost
|-boost|p1a: Zacian|atk|1
|turn|3
|
|t:|1658259024
|move|p1a: Zacian|Close Combat|p2a: Yusuke
|-damage|p2a: Yusuke|34/100
|-unboost|p1a: Zacian|def|1
|-unboost|p1a: Zacian|spd|1
|move|p2a: Yusuke|U-turn|p1a: Zacian
|-resisted|p1a: Zacian
|-damage|p1a: Zacian|67/100
|
|t:|1658259032
|switch|p2a: Turt|Torkoal, M|100/100|[from]move: U-turn
|-weather|SunnyDay|[from] ability: Drought|[of] p2a: Turt
|
|-weather|SunnyDay|[upkeep]
|upkeep
|turn|4
|
|t:|1658259039
|switch|p1a: Lugia|Lugia, shiny|100/100
|move|p2a: Turt|Stealth Rock|p1a: Lugia
|-sidestart|p1: annanostra|move: Stealth Rock
|
|-weather|SunnyDay|[upkeep]
|upkeep
|turn|5
|
|t:|1658259048
|switch|p2a: Faust|Alakazam, M|100/100
|move|p1a: Lugia|Toxic|p2a: Faust|[miss]
|-miss|p1a: Lugia|p2a: Faust
|
|-weather|SunnyDay|[upkeep]
|upkeep
|turn|6
|
|t:|1658259057
|move|p2a: Faust|Shadow Ball|p1a: Lugia
|-supereffective|p1a: Lugia
|-damage|p1a: Lugia|85/100
|move|p1a: Lugia|Ice Beam|p2a: Faust
|-damage|p2a: Faust|75/100
|
|-weather|SunnyDay|[upkeep]
|upkeep
|turn|7
|
|t:|1658259066
|move|p2a: Faust|Shadow Ball|p1a: Lugia
|-supereffective|p1a: Lugia
|-damage|p1a: Lugia|56/100
|move|p1a: Lugia|Defog|p2a: Faust
|-unboost|p2a: Faust|evasion|1
|-sideend|p1: annanostra|Stealth Rock|[from] move: Defog|[of] p1a: Lugia
|
|-weather|SunnyDay|[upkeep]
|upkeep
|turn|8
|
|t:|1658259076
|move|p2a: Faust|Shadow Ball|p1a: Lugia
|-supereffective|p1a: Lugia
|-damage|p1a: Lugia|22/100
|move|p1a: Lugia|Roost|p1a: Lugia
|-heal|p1a: Lugia|72/100
|-singleturn|p1a: Lugia|move: Roost
|
|-weather|SunnyDay|[upkeep]
|upkeep
|turn|9
|
|t:|1658259086
|move|p2a: Faust|Nasty Plot|p2a: Faust
|-boost|p2a: Faust|spa|2
|move|p1a: Lugia|Toxic|p2a: Faust
|-status|p2a: Faust|tox
|
|-weather|SunnyDay|[upkeep]
|upkeep
|turn|10
|
|t:|1658259095
|move|p2a: Faust|Shadow Ball|p1a: Lugia
|-supereffective|p1a: Lugia
|-damage|p1a: Lugia|7/100
|move|p1a: Lugia|Roost|p1a: Lugia
|-heal|p1a: Lugia|57/100
|-singleturn|p1a: Lugia|move: Roost
|
|-weather|none
|upkeep
|turn|11
|
|t:|1658259105
|move|p2a: Faust|Shadow Ball|p1a: Lugia
|-supereffective|p1a: Lugia
|-damage|p1a: Lugia|0 fnt
|faint|p1a: Lugia
|
|upkeep
|inactive|annanostra has 120 seconds left.
|l|‽annanostra
|inactive|annanostra disconnected and has a minute to reconnect!
|player|p1|
|j|‽annanostra
|inactive|annanostra reconnected and has 110 seconds left.
|player|p1|annanostra|102
|n|‽annanostra|annanostra
|
|t:|1658259151
|switch|p1a: Calyrex|Calyrex-Shadow|100/100
|-ability|p1a: Calyrex|As One
|-ability|p1a: Calyrex|Unnerve
|turn|12
|
|t:|1658259157
|move|p1a: Calyrex|Astral Barrage|p2a: Faust
|-supereffective|p2a: Faust
|-damage|p2a: Faust|0 fnt
|faint|p2a: Faust
|-ability|p1a: Calyrex|Grim Neigh|boost
|-boost|p1a: Calyrex|spa|1
|
|upkeep
|
|t:|1658259167
|switch|p2a: Yusuke|Scizor-Mega, M|34/100
|turn|13
|
|t:|1658259170
|move|p2a: Yusuke|Bullet Punch|p1a: Calyrex
|-damage|p1a: Calyrex|57/100
|move|p1a: Calyrex|Astral Barrage|p2a: Yusuke
|-damage|p2a: Yusuke|0 fnt
|faint|p2a: Yusuke
|-ability|p1a: Calyrex|Grim Neigh|boost
|-boost|p1a: Calyrex|spa|1
|
|upkeep
|
|t:|1658259181
|switch|p2a: Turt|Torkoal, M|100/100
|-weather|SunnyDay|[from] ability: Drought|[of] p2a: Turt
|turn|14
|
|t:|1658259196
|move|p1a: Calyrex|Astral Barrage|p2a: Turt
|-damage|p2a: Turt|0 fnt
|faint|p2a: Turt
|-ability|p1a: Calyrex|Grim Neigh|boost
|-boost|p1a: Calyrex|spa|1
|
|-weather|SunnyDay|[upkeep]
|upkeep
|
|t:|1658259205
|switch|p2a: Bobsor|Venusaur, M|100/100
|turn|15
|
|t:|1658259208
|-start|p2a: Bobsor|Dynamax|Gmax
|-heal|p2a: Bobsor|100/100|[silent]
|move|p2a: Bobsor|Max Flare|p1a: Calyrex
|-damage|p1a: Calyrex|0 fnt
|faint|p1a: Calyrex
|-damage|p2a: Bobsor|96/100|[from] item: Life Orb
|
|-weather|SunnyDay|[upkeep]
|upkeep
|
|t:|1658259222
|switch|p1a: Necrozma|Necrozma-Dusk-Mane, shiny|100/100
|turn|16
|
|t:|1658259227
|detailschange|p1a: Necrozma|Necrozma-Ultra, shiny
|-burst|p1a: Necrozma|Necrozma|Ultranecrozium Z
|move|p2a: Bobsor|Max Flare|p1a: Necrozma
|-resisted|p1a: Necrozma
|-damage|p1a: Necrozma|60/100
|-damage|p2a: Bobsor|91/100|[from] item: Life Orb
|move|p1a: Necrozma|Photon Geyser|p2a: Bobsor
|-supereffective|p2a: Bobsor
|-damage|p2a: Bobsor|0 fnt
|faint|p2a: Bobsor
|
|-weather|SunnyDay|[upkeep]
|upkeep
|
|t:|1658259243
|switch|p2a: Rex|Garchomp, M|100/100
|turn|17
|
|t:|1658259247
|move|p1a: Necrozma|Outrage|p2a: Rex
|-supereffective|p2a: Rex
|-damage|p2a: Rex|0 fnt
|-damage|p1a: Necrozma|48/100|[from] ability: Rough Skin|[of] p2a: Rex
|-damage|p1a: Necrozma|32/100|[from] item: Rocky Helmet|[of] p2a: Rex
|faint|p2a: Rex
|
|-weather|SunnyDay|[upkeep]
|upkeep
|
|t:|1658259257
|switch|p2a: Flop|Quagsire, M|100/100
|turn|18
|
|t:|1658259262
|move|p1a: Necrozma|Outrage|p2a: Flop|[from]lockedmove
|-damage|p2a: Flop|37/100
|-start|p1a: Necrozma|confusion|[fatigue]
|move|p2a: Flop|Curse|p2a: Flop
|-unboost|p2a: Flop|spe|1
|-boost|p2a: Flop|atk|1
|-boost|p2a: Flop|def|1
|
|-weather|SunnyDay|[upkeep]
|-heal|p2a: Flop|43/100|[from] item: Leftovers
|upkeep
|turn|19
|
|t:|1658259274
|-activate|p1a: Necrozma|confusion
|-zpower|p1a: Necrozma
|move|p1a: Necrozma|Light That Burns the Sky|p2a: Flop|[zeffect]
|-damage|p2a: Flop|0 fnt
|faint|p2a: Flop
|
|win|annanostra
|raw|annanostra's rating: 1308 &rarr; <strong>1334</strong><br />(+26 for winning)
|raw|Pawnnel's rating: 1414 &rarr; <strong>1388</strong><br />(-26 for losing)
