|j|☆Jamira!?
|j|☆hitemwiththewoo
|player|p1|Jamira!?|iris-gen5bw2|1297
|player|p2|hitemwiththewoo|burglar-gen2|1229
|teamsize|p1|6
|teamsize|p2|6
|gametype|singles
|gen|8
|tier|[Gen 8] National Dex AG
|rated|
|clearpoke
|poke|p1|Mewtwo|
|poke|p1|Mewtwo|
|poke|p1|Mewtwo|
|poke|p1|Mewtwo|
|poke|p1|Mewtwo|
|poke|p1|Mewtwo|
|poke|p2|Shaymin-Sky|
|poke|p2|Blastoise, F|
|poke|p2|Kyogre|
|poke|p2|Arceus-*|
|poke|p2|Xerneas|
|poke|p2|Moltres|
|rule|HP Percentage Mod: HP is shown in percentages
|rule|Endless Battle Clause: Forcing endless battles is banned
|teampreview
|
|start
|switch|p1a: Mewtwo|Mewtwo|100/100
|switch|p2a: Xerneas|Xerneas|100/100
|-ability|p1a: Mewtwo|Unnerve|p2: hitemwiththewoo
|-ability|p2a: Xerneas|Fairy Aura
|turn|1
|inactive|Battle timer is ON: inactive players will automatically lose when time's up. (requested by hitemwiththewoo)
|
|move|p1a: Mewtwo|Taunt|p2a: Xerneas
|-start|p2a: Xerneas|move: Taunt
|cant|p2a: Xerneas|move: Taunt|Geomancy
|
|upkeep
|turn|2
|
|move|p1a: Mewtwo|Ice Beam|p2a: Xerneas
|-damage|p2a: Xerneas|74/100
|move|p2a: Xerneas|Moonblast|p1a: Mewtwo
|-damage|p1a: Mewtwo|26/100
|
|upkeep
|turn|3
|
|move|p1a: Mewtwo|Ice Beam|p2a: Xerneas
|-damage|p2a: Xerneas|47/100
|move|p2a: Xerneas|Moonblast|p1a: Mewtwo
|-damage|p1a: Mewtwo|0 fnt
|faint|p1a: Mewtwo
|
|-end|p2a: Xerneas|move: Taunt
|upkeep
|
|switch|p1a: Mewtwo|Mewtwo, shiny|100/100
|-ability|p1a: Mewtwo|Unnerve|p2: hitemwiththewoo
|turn|4
|
|move|p1a: Mewtwo|Poison Jab|p2a: Xerneas
|-supereffective|p2a: Xerneas
|-damage|p2a: Xerneas|11/100
|-status|p2a: Xerneas|psn
|move|p2a: Xerneas|Moonblast|p1a: Mewtwo
|-damage|p1a: Mewtwo|27/100
|
|-damage|p2a: Xerneas|0 fnt|[from] psn
|faint|p2a: Xerneas
|upkeep
|
|switch|p2a: Blastoise|Blastoise, F|100/100
|turn|5
|
|move|p1a: Mewtwo|Low Kick|p2a: Blastoise
|-damage|p2a: Blastoise|70/100
|move|p2a: Blastoise|Shell Smash|p2a: Blastoise
|-unboost|p2a: Blastoise|def|1
|-unboost|p2a: Blastoise|spd|1
|-boost|p2a: Blastoise|atk|2
|-boost|p2a: Blastoise|spa|2
|-boost|p2a: Blastoise|spe|2
|
|upkeep
|turn|6
|
|move|p2a: Blastoise|Dark Pulse|p1a: Mewtwo
|-supereffective|p1a: Mewtwo
|-damage|p1a: Mewtwo|0 fnt
|-damage|p2a: Blastoise|60/100|[from] item: Life Orb
|faint|p1a: Mewtwo
|
|upkeep
|
|switch|p1a: Mewtwo|Mewtwo|100/100
|-ability|p1a: Mewtwo|Pressure
|turn|7
|
|move|p1a: Mewtwo|Thunder Wave|p2a: Blastoise
|-status|p2a: Blastoise|par
|move|p2a: Blastoise|Dark Pulse|p1a: Mewtwo
|-supereffective|p1a: Mewtwo
|-damage|p1a: Mewtwo|0 fnt
|-damage|p2a: Blastoise|51/100 par|[from] item: Life Orb
|faint|p1a: Mewtwo
|
|upkeep
|
|switch|p1a: Mewtwo|Mewtwo|100/100
|-ability|p1a: Mewtwo|Unnerve|p2: hitemwiththewoo
|turn|8
|
|-start|p1a: Mewtwo|Dynamax
|-heal|p1a: Mewtwo|100/100|[silent]
|move|p1a: Mewtwo|Max Mindstorm|p2a: Blastoise
|-damage|p2a: Blastoise|0 fnt
|-fieldstart|move: Psychic Terrain
|faint|p2a: Blastoise
|
|upkeep
|
|switch|p2a: Kyogre|Kyogre|100/100
|-weather|RainDance|[from] ability: Drizzle|[of] p2a: Kyogre
|turn|9
|
|move|p2a: Kyogre|Water Spout|p1a: Mewtwo
|-crit|p1a: Mewtwo
|-damage|p1a: Mewtwo|3/100
|move|p1a: Mewtwo|Max Lightning|p2a: Kyogre
|-supereffective|p2a: Kyogre
|-damage|p2a: Kyogre|17/100
|-fieldstart|move: Electric Terrain
|
|-weather|RainDance|[upkeep]
|upkeep
|turn|10
|
|move|p2a: Kyogre|Water Spout|p1a: Mewtwo
|-damage|p1a: Mewtwo|0 fnt
|faint|p1a: Mewtwo
|
|-weather|RainDance|[upkeep]
|upkeep
|
|switch|p1a: Mewtwo|Mewtwo, shiny|100/100
|-ability|p1a: Mewtwo|Pressure
|turn|11
|
|switch|p2a: Moltres|Moltres|100/100
|detailschange|p1a: Mewtwo|Mewtwo-Mega-Y, shiny
|-mega|p1a: Mewtwo|Mewtwo|Mewtwonite Y
|move|p1a: Mewtwo|Calm Mind|p1a: Mewtwo
|-boost|p1a: Mewtwo|spa|1
|-boost|p1a: Mewtwo|spd|1
|
|-weather|RainDance|[upkeep]
|upkeep
|turn|12
|
|move|p1a: Mewtwo|Psystrike|p2a: Moltres
|-damage|p2a: Moltres|0 fnt
|faint|p2a: Moltres
|
|-weather|RainDance|[upkeep]
|upkeep
|
|switch|p2a: Arceus|Arceus-Dark|100/100
|turn|13
|
|-start|p2a: Arceus|Dynamax
|-heal|p2a: Arceus|100/100|[silent]
|move|p1a: Mewtwo|Focus Blast|p2a: Arceus|[miss]
|-miss|p1a: Mewtwo|p2a: Arceus
|move|p2a: Arceus|Max Darkness|p1a: Mewtwo
|-supereffective|p1a: Mewtwo
|-damage|p1a: Mewtwo|29/100
|-unboost|p1a: Mewtwo|spd|1
|
|-weather|none
|-fieldend|move: Electric Terrain
|upkeep
|turn|14
|
|move|p1a: Mewtwo|Focus Blast|p2a: Arceus
|-supereffective|p2a: Arceus
|-damage|p2a: Arceus|44/100
|-unboost|p2a: Arceus|spd|1
|move|p2a: Arceus|Max Hailstorm|p1a: Mewtwo
|-damage|p1a: Mewtwo|0 fnt
|-weather|Hail
|faint|p1a: Mewtwo
|
|-weather|Hail|[upkeep]
|-damage|p2a: Arceus|41/100|[from] Hail
|upkeep
|
|switch|p1a: Mewtwo|Mewtwo|100/100
|-ability|p1a: Mewtwo|Pressure
|turn|15
|
|move|p1a: Mewtwo|Toxic|p2a: Arceus
|-status|p2a: Arceus|tox
|move|p2a: Arceus|Max Darkness|p1a: Mewtwo
|-supereffective|p1a: Mewtwo
|-damage|p1a: Mewtwo|0 fnt
|faint|p1a: Mewtwo
|
|win|hitemwiththewoo
|raw|Jamira!?'s rating: 1297 &rarr; <strong>1267</strong><br />(-30 for losing)
|raw|hitemwiththewoo's rating: 1229 &rarr; <strong>1259</strong><br />(+30 for winning)
|c|☆hitemwiththewoo|LOL
