|j|☆Direhands
|j|☆chechenez227
|t:|1652448659
|gametype|singles
|player|p1|Direhands|gambler|1610
|player|p2|chechenez227|shadowtriad|1744
|teamsize|p1|6
|teamsize|p2|6
|gen|8
|tier|[Gen 8] National Dex AG
|rated|
|rule|HP Percentage Mod: HP is shown in percentages
|rule|Endless Battle Clause: Forcing endless battles is banned
|clearpoke
|poke|p1|Lumineon, M|
|poke|p1|Shuckle, M|
|poke|p1|Amoonguss, M|
|poke|p1|Volbeat, M|
|poke|p1|Mothim, M|
|poke|p1|Cherrim, F|
|poke|p2|Rayquaza|
|poke|p2|Yveltal|
|poke|p2|Groudon|
|poke|p2|Arceus-*|
|poke|p2|Ditto|
|poke|p2|Yveltal|
|teampreview
|
|t:|1652448678
|start
|switch|p1a: Volbeat|Volbeat, M|100/100
|switch|p2a: Groudon|Groudon|100/100
|detailschange|p2a: Groudon|Groudon-Primal
|-primal|p2a: Groudon
|-weather|DesolateLand|[from] ability: Desolate Land|[of] p2a: Groudon
|turn|1
|
|t:|1652448683
|move|p1a: Volbeat|Substitute|p1a: Volbeat
|-start|p1a: Volbeat|Substitute
|-damage|p1a: Volbeat|76/100
|move|p2a: Groudon|Stealth Rock|p1a: Volbeat
|-sidestart|p1: Direhands|move: Stealth Rock
|
|-weather|DesolateLand|[upkeep]
|-heal|p1a: Volbeat|82/100|[from] item: Leftovers
|upkeep
|turn|2
|
|t:|1652448685
|move|p1a: Volbeat|Tail Glow|p1a: Volbeat
|-boost|p1a: Volbeat|spa|3
|move|p2a: Groudon|Precipice Blades|p1a: Volbeat
|-resisted|p1a: Volbeat
|-end|p1a: Volbeat|Substitute
|
|-weather|DesolateLand|[upkeep]
|-heal|p1a: Volbeat|88/100|[from] item: Leftovers
|upkeep
|turn|3
|inactive|Battle timer is ON: inactive players will automatically lose when time's up. (requested by Direhands)
|
|t:|1652448701
|move|p1a: Volbeat|Substitute|p1a: Volbeat
|-start|p1a: Volbeat|Substitute
|-damage|p1a: Volbeat|63/100
|move|p2a: Groudon|Precipice Blades|p1a: Volbeat
|-resisted|p1a: Volbeat
|-end|p1a: Volbeat|Substitute
|
|-weather|DesolateLand|[upkeep]
|-heal|p1a: Volbeat|69/100|[from] item: Leftovers
|upkeep
|turn|4
|
|t:|1652448703
|move|p1a: Volbeat|Substitute|p1a: Volbeat
|-start|p1a: Volbeat|Substitute
|-damage|p1a: Volbeat|44/100
|move|p2a: Groudon|Precipice Blades|p1a: Volbeat
|-resisted|p1a: Volbeat
|-crit|p1a: Volbeat
|-end|p1a: Volbeat|Substitute
|
|-weather|DesolateLand|[upkeep]
|-heal|p1a: Volbeat|50/100|[from] item: Leftovers
|upkeep
|turn|5
|
|t:|1652448706
|move|p1a: Volbeat|Substitute|p1a: Volbeat
|-start|p1a: Volbeat|Substitute
|-damage|p1a: Volbeat|25/100
|move|p2a: Groudon|Precipice Blades|p1a: Volbeat
|-resisted|p1a: Volbeat
|-end|p1a: Volbeat|Substitute
|
|-weather|DesolateLand|[upkeep]
|-heal|p1a: Volbeat|31/100|[from] item: Leftovers
|upkeep
|turn|6
|
|t:|1652448708
|move|p1a: Volbeat|Substitute|p1a: Volbeat
|-start|p1a: Volbeat|Substitute
|-damage|p1a: Volbeat|6/100
|move|p2a: Groudon|Precipice Blades|p1a: Volbeat
|-resisted|p1a: Volbeat
|-end|p1a: Volbeat|Substitute
|
|-weather|DesolateLand|[upkeep]
|-heal|p1a: Volbeat|12/100|[from] item: Leftovers
|upkeep
|turn|7
|
|t:|1652448714
|move|p1a: Volbeat|Baton Pass|p1a: Volbeat
|
|t:|1652448716
|switch|p1a: Mothim|Mothim, M|100/100|[from]move: Baton Pass
|move|p2a: Groudon|Precipice Blades|p1a: Mothim
|-immune|p1a: Mothim
|
|-weather|DesolateLand|[upkeep]
|upkeep
|turn|8
|
|t:|1652448729
|move|p1a: Mothim|Substitute|p1a: Mothim
|-start|p1a: Mothim|Substitute
|-damage|p1a: Mothim|76/100
|move|p2a: Groudon|Overheat|p1a: Mothim|[miss]
|-miss|p2a: Groudon|p1a: Mothim
|
|-weather|DesolateLand|[upkeep]
|upkeep
|turn|9
|
|t:|1652448756
|-weather|none
|switch|p2a: Rayquaza|Rayquaza|100/100
|-ability|p2a: Rayquaza|Air Lock
|move|p1a: Mothim|Bug Buzz|p2a: Rayquaza
|-resisted|p2a: Rayquaza
|-damage|p2a: Rayquaza|0 fnt
|faint|p2a: Rayquaza
|
|upkeep
|
|t:|1652448764
|switch|p2a: Yveltal|Yveltal|100/100
|-ability|p2a: Yveltal|Dark Aura
|turn|10
|
|t:|1652448770
|-start|p2a: Yveltal|Dynamax|
|-heal|p2a: Yveltal|100/100|[silent]
|move|p2a: Yveltal|Max Airstream|p1a: Mothim
|-supereffective|p1a: Mothim
|-end|p1a: Mothim|Substitute
|-boost|p2a: Yveltal|spe|1
|-damage|p2a: Yveltal|96/100|[from] item: Life Orb
|move|p1a: Mothim|Bug Buzz|p2a: Yveltal
|-damage|p2a: Yveltal|48/100
|
|upkeep
|turn|11
|
|t:|1652448784
|move|p2a: Yveltal|Max Airstream|p1a: Mothim
|-supereffective|p1a: Mothim
|-damage|p1a: Mothim|0 fnt
|-boost|p2a: Yveltal|spe|1
|faint|p1a: Mothim
|-damage|p2a: Yveltal|44/100|[from] item: Life Orb
|
|upkeep
|
|t:|1652448788
|switch|p1a: Volbeat|Volbeat, M|12/100
|-damage|p1a: Volbeat|0 fnt|[from] Stealth Rock
|faint|p1a: Volbeat
|
|t:|1652448792
|switch|p1a: Shuckle|Shuckle, M|100/100
|-damage|p1a: Shuckle|76/100|[from] Stealth Rock
|turn|12
|inactive|chechenez227 has 120 seconds left.
|
|t:|1652448823
|move|p2a: Yveltal|Max Darkness|p1a: Shuckle
|-damage|p1a: Shuckle|4/100
|-unboost|p1a: Shuckle|spd|1
|-damage|p2a: Yveltal|39/100|[from] item: Life Orb
|move|p1a: Shuckle|Toxic|p2a: Yveltal
|-status|p2a: Yveltal|tox
|
|-damage|p2a: Yveltal|35/100 tox|[from] psn
|upkeep
|-end|p2a: Yveltal|Dynamax
|-heal|p2a: Yveltal|36/100 tox|[silent]
|turn|13
|-enditem|p1a: Shuckle|Custap Berry|[eat]
|-activate|p1a: Shuckle|item: Custap Berry|[consumed]
|
|t:|1652448843
|move|p1a: Shuckle|Stealth Rock|p2a: Yveltal
|-sidestart|p2: chechenez227|move: Stealth Rock
|move|p2a: Yveltal|Dark Pulse|p1a: Shuckle
|-damage|p1a: Shuckle|0 fnt
|faint|p1a: Shuckle
|-damage|p2a: Yveltal|26/100 tox|[from] item: Life Orb
|
|-damage|p2a: Yveltal|13/100 tox|[from] psn
|upkeep
|
|t:|1652448856
|switch|p1a: Lumineon|Lumineon, M|100/100
|-damage|p1a: Lumineon|88/100|[from] Stealth Rock
|turn|14
|
|t:|1652448868
|-start|p1a: Lumineon|Dynamax|
|-heal|p1a: Lumineon|88/100|[silent]
|move|p2a: Yveltal|Dark Pulse|p1a: Lumineon
|-damage|p1a: Lumineon|51/100
|-damage|p2a: Yveltal|4/100 tox|[from] item: Life Orb
|move|p1a: Lumineon|Max Geyser|p2a: Yveltal
|-damage|p2a: Yveltal|0 fnt
|-weather|RainDance
|faint|p2a: Yveltal
|
|-weather|RainDance|[upkeep]
|upkeep
|
|t:|1652448873
|switch|p2a: Yveltal|Yveltal|100/100
|-ability|p2a: Yveltal|Dark Aura
|turn|15
|
|t:|1652448877
|switch|p2a: Groudon|Groudon-Primal|100/100
|-damage|p2a: Groudon|88/100|[from] Stealth Rock
|-weather|DesolateLand|[from] ability: Desolate Land|[of] p2a: Groudon
|move|p1a: Lumineon|Max Hailstorm|p2a: Groudon
|-damage|p2a: Groudon|66/100
|
|-weather|DesolateLand|[upkeep]
|upkeep
|turn|16
|inactive|chechenez227 has 120 seconds left.
|
|t:|1652448910
|move|p1a: Lumineon|Max Ooze|p2a: Groudon
|-resisted|p2a: Groudon
|-damage|p2a: Groudon|57/100
|-boost|p1a: Lumineon|spa|1
|move|p2a: Groudon|Overheat|p1a: Lumineon
|-resisted|p1a: Lumineon
|-damage|p1a: Lumineon|28/100
|-unboost|p2a: Groudon|spa|2
|
|-weather|DesolateLand|[upkeep]
|upkeep
|-end|p1a: Lumineon|Dynamax
|-heal|p1a: Lumineon|28/100|[silent]
|turn|17
|inactive|Direhands has 120 seconds left.
|
|t:|1652448946
|move|p1a: Lumineon|Ice Beam|p2a: Groudon
|-crit|p2a: Groudon
|-damage|p2a: Groudon|21/100
|move|p2a: Groudon|Precipice Blades|p1a: Lumineon|[miss]
|-miss|p2a: Groudon|p1a: Lumineon
|
|-weather|DesolateLand|[upkeep]
|upkeep
|turn|18
|inactive|chechenez227 has 120 seconds left.
|
|t:|1652448982
|move|p1a: Lumineon|Ice Beam|p2a: Groudon
|-damage|p2a: Groudon|0 fnt
|faint|p2a: Groudon
|-weather|none
|
|upkeep
|
|t:|1652448986
|switch|p2a: Ditto|Ditto|100/100
|-damage|p2a: Ditto|88/100|[from] Stealth Rock
|-transform|p2a: Ditto|p1a: Lumineon|[from] ability: Imposter
|turn|19
|
|t:|1652448994
|move|p2a: Ditto|Signal Beam|p1a: Lumineon
|-damage|p1a: Lumineon|3/100
|move|p1a: Lumineon|Signal Beam|p2a: Ditto
|-damage|p2a: Ditto|53/100
|
|upkeep
|turn|20
|
|t:|1652449002
|move|p2a: Ditto|Signal Beam|p1a: Lumineon
|-damage|p1a: Lumineon|0 fnt
|faint|p1a: Lumineon
|
|upkeep
|j| hourglassmeadow
|
|t:|1652449017
|switch|p1a: Amoonguss|Amoonguss, M|100/100
|-damage|p1a: Amoonguss|88/100|[from] Stealth Rock
|turn|21
|
|t:|1652449030
|switch|p2a: Yveltal|Yveltal|100/100
|-ability|p2a: Yveltal|Dark Aura
|move|p1a: Amoonguss|Spore|p2a: Yveltal
|-status|p2a: Yveltal|slp|[from] move: Spore
|
|-heal|p1a: Amoonguss|94/100|[from] item: Black Sludge
|upkeep
|turn|22
|
|t:|1652449035
|cant|p2a: Yveltal|slp
|move|p1a: Amoonguss|Substitute|p1a: Amoonguss
|-start|p1a: Amoonguss|Substitute
|-damage|p1a: Amoonguss|69/100
|
|-heal|p1a: Amoonguss|75/100|[from] item: Black Sludge
|upkeep
|turn|23
|
|t:|1652449038
|cant|p2a: Yveltal|slp
|move|p1a: Amoonguss|Sludge Bomb|p2a: Yveltal
|-damage|p2a: Yveltal|79/100 slp
|
|-heal|p1a: Amoonguss|81/100|[from] item: Black Sludge
|upkeep
|turn|24
|
|t:|1652449045
|cant|p2a: Yveltal|slp
|move|p1a: Amoonguss|Spore|p2a: Yveltal
|-fail|p2a: Yveltal|slp
|
|-heal|p1a: Amoonguss|88/100|[from] item: Black Sludge
|upkeep
|turn|25
|
|t:|1652449051
|-curestatus|p2a: Yveltal|slp|[msg]
|move|p2a: Yveltal|U-turn|p1a: Amoonguss
|-activate|p1a: Amoonguss|move: Substitute|[damage]
|
|t:|1652449056
|switch|p2a: Ditto|Ditto|53/100|[from]move: U-turn
|-damage|p2a: Ditto|41/100|[from] Stealth Rock
|move|p1a: Amoonguss|Spore|p2a: Ditto
|-status|p2a: Ditto|slp|[from] move: Spore
|
|-heal|p1a: Amoonguss|94/100|[from] item: Black Sludge
|upkeep
|turn|26
|
|t:|1652449063
|cant|p2a: Ditto|slp
|move|p1a: Amoonguss|Hex|p2a: Ditto
|-immune|p2a: Ditto
|
|-heal|p1a: Amoonguss|99/100|[from] item: Black Sludge
|upkeep
|turn|27
|
|t:|1652449071
|cant|p2a: Ditto|slp
|move|p1a: Amoonguss|Sludge Bomb|p2a: Ditto
|-damage|p2a: Ditto|0 fnt
|faint|p2a: Ditto
|
|-heal|p1a: Amoonguss|100/100|[from] item: Black Sludge
|upkeep
|c|☆Direhands|Ah wait
|
|t:|1652449082
|switch|p2a: Yveltal|Yveltal|79/100
|-ability|p2a: Yveltal|Dark Aura
|turn|28
|inactive|Direhands has 120 seconds left.
|
|t:|1652449119
|move|p2a: Yveltal|Foul Play|p1a: Amoonguss
|-end|p1a: Amoonguss|Substitute
|move|p1a: Amoonguss|Spore|p2a: Yveltal
|-status|p2a: Yveltal|slp|[from] move: Spore
|
|upkeep
|turn|29
|
|t:|1652449123
|switch|p2a: Arceus|Arceus-Ground|100/100
|-damage|p2a: Arceus|94/100|[from] Stealth Rock
|move|p1a: Amoonguss|Substitute|p1a: Amoonguss
|-start|p1a: Amoonguss|Substitute
|-damage|p1a: Amoonguss|76/100
|
|-heal|p1a: Amoonguss|82/100|[from] item: Black Sludge
|upkeep
|turn|30
|
|t:|1652449129
|move|p2a: Arceus|Earthquake|p1a: Amoonguss
|-end|p1a: Amoonguss|Substitute
|move|p1a: Amoonguss|Spore|p2a: Arceus
|-status|p2a: Arceus|slp|[from] move: Spore
|
|-heal|p1a: Amoonguss|88/100|[from] item: Black Sludge
|upkeep
|turn|31
|
|t:|1652449132
|cant|p2a: Arceus|slp
|move|p1a: Amoonguss|Substitute|p1a: Amoonguss
|-start|p1a: Amoonguss|Substitute
|-damage|p1a: Amoonguss|63/100
|
|-heal|p1a: Amoonguss|69/100|[from] item: Black Sludge
|upkeep
|turn|32
|
|t:|1652449137
|-curestatus|p2a: Arceus|slp|[msg]
|move|p2a: Arceus|Earthquake|p1a: Amoonguss
|-end|p1a: Amoonguss|Substitute
|move|p1a: Amoonguss|Hex|p2a: Arceus
|-damage|p2a: Arceus|85/100
|
|-heal|p1a: Amoonguss|75/100|[from] item: Black Sludge
|upkeep
|turn|33
|
|t:|1652449142
|-zpower|p2a: Arceus
|move|p2a: Arceus|Tectonic Rage|p1a: Amoonguss|[zeffect]
|-damage|p1a: Amoonguss|4/100
|move|p1a: Amoonguss|Spore|p2a: Arceus
|-status|p2a: Arceus|slp|[from] move: Spore
|
|-heal|p1a: Amoonguss|10/100|[from] item: Black Sludge
|upkeep
|turn|34
|
|t:|1652449150
|cant|p2a: Arceus|slp
|move|p1a: Amoonguss|Hex|p2a: Arceus
|-damage|p2a: Arceus|69/100 slp
|
|-heal|p1a: Amoonguss|16/100|[from] item: Black Sludge
|upkeep
|turn|35
|
|t:|1652449153
|-curestatus|p2a: Arceus|slp|[msg]
|move|p2a: Arceus|Earthquake|p1a: Amoonguss
|-damage|p1a: Amoonguss|0 fnt
|faint|p1a: Amoonguss
|
|upkeep
|
|t:|1652449155
|switch|p1a: Cherrim|Cherrim, F|100/100
|-damage|p1a: Cherrim|88/100|[from] Stealth Rock
|turn|36
|c|☆Direhands|Ggwp
|
|t:|1652449165
|move|p2a: Arceus|Earthquake|p1a: Cherrim
|-resisted|p1a: Cherrim
|-damage|p1a: Cherrim|61/100
|move|p1a: Cherrim|Leech Seed|p2a: Arceus|[miss]
|-miss|p1a: Cherrim|p2a: Arceus
|
|-heal|p1a: Cherrim|67/100|[from] item: Leftovers
|upkeep
|turn|37
|
|t:|1652449170
|move|p2a: Arceus|Swords Dance|p2a: Arceus
|-boost|p2a: Arceus|atk|2
|move|p1a: Cherrim|Leech Seed|p2a: Arceus
|-start|p2a: Arceus|move: Leech Seed
|
|-heal|p1a: Cherrim|73/100|[from] item: Leftovers
|-damage|p2a: Arceus|56/100|[from] Leech Seed|[of] p1a: Cherrim
|-heal|p1a: Cherrim|89/100|[silent]
|upkeep
|turn|38
|
|t:|1652449175
|move|p1a: Cherrim|Protect|p1a: Cherrim
|-singleturn|p1a: Cherrim|Protect
|move|p2a: Arceus|Earthquake|p1a: Cherrim
|-activate|p1a: Cherrim|move: Protect
|
|-heal|p1a: Cherrim|95/100|[from] item: Leftovers
|-damage|p2a: Arceus|44/100|[from] Leech Seed|[of] p1a: Cherrim
|-heal|p1a: Cherrim|100/100|[silent]
|upkeep
|turn|39
|
|t:|1652449180
|move|p2a: Arceus|Recover|p2a: Arceus
|-heal|p2a: Arceus|94/100
|move|p1a: Cherrim|Substitute|p1a: Cherrim
|-start|p1a: Cherrim|Substitute
|-damage|p1a: Cherrim|76/100
|
|-heal|p1a: Cherrim|82/100|[from] item: Leftovers
|-damage|p2a: Arceus|81/100|[from] Leech Seed|[of] p1a: Cherrim
|-heal|p1a: Cherrim|98/100|[silent]
|upkeep
|turn|40
|
|t:|1652449183
|move|p1a: Cherrim|Protect|p1a: Cherrim
|-singleturn|p1a: Cherrim|Protect
|move|p2a: Arceus|Earthquake|p1a: Cherrim
|-activate|p1a: Cherrim|move: Protect
|
|-heal|p1a: Cherrim|100/100|[from] item: Leftovers
|-damage|p2a: Arceus|69/100|[from] Leech Seed|[of] p1a: Cherrim
|upkeep
|turn|41
|
|t:|1652449186
|move|p2a: Arceus|Earthquake|p1a: Cherrim
|-resisted|p1a: Cherrim
|-end|p1a: Cherrim|Substitute
|move|p1a: Cherrim|Toxic|p2a: Arceus
|-status|p2a: Arceus|tox
|
|-damage|p2a: Arceus|57/100 tox|[from] Leech Seed|[of] p1a: Cherrim
|-damage|p2a: Arceus|50/100 tox|[from] psn
|upkeep
|turn|42
|
|t:|1652449190
|move|p1a: Cherrim|Protect|p1a: Cherrim
|-singleturn|p1a: Cherrim|Protect
|move|p2a: Arceus|Earthquake|p1a: Cherrim
|-activate|p1a: Cherrim|move: Protect
|
|-damage|p2a: Arceus|38/100 tox|[from] Leech Seed|[of] p1a: Cherrim
|-damage|p2a: Arceus|26/100 tox|[from] psn
|upkeep
|turn|43
|
|t:|1652449193
|move|p2a: Arceus|Earthquake|p1a: Cherrim
|-resisted|p1a: Cherrim
|-damage|p1a: Cherrim|47/100
|move|p1a: Cherrim|Substitute|p1a: Cherrim
|-start|p1a: Cherrim|Substitute
|-damage|p1a: Cherrim|23/100
|
|-heal|p1a: Cherrim|29/100|[from] item: Leftovers
|-damage|p2a: Arceus|14/100 tox|[from] Leech Seed|[of] p1a: Cherrim
|-heal|p1a: Cherrim|45/100|[silent]
|-damage|p2a: Arceus|0 fnt|[from] psn
|faint|p2a: Arceus
|upkeep
|
|t:|1652449196
|switch|p2a: Yveltal|Yveltal|79/100 slp
|-ability|p2a: Yveltal|Dark Aura
|turn|44
|
|t:|1652449199
|cant|p2a: Yveltal|slp
|move|p1a: Cherrim|Leech Seed|p2a: Yveltal
|-start|p2a: Yveltal|move: Leech Seed
|
|-heal|p1a: Cherrim|51/100|[from] item: Leftovers
|-damage|p2a: Yveltal|67/100 slp|[from] Leech Seed|[of] p1a: Cherrim
|-heal|p1a: Cherrim|67/100|[silent]
|upkeep
|turn|45
|
|t:|1652449203
|move|p1a: Cherrim|Protect|p1a: Cherrim
|-singleturn|p1a: Cherrim|Protect
|-curestatus|p2a: Yveltal|slp|[msg]
|move|p2a: Yveltal|U-turn|p1a: Cherrim
|-activate|p1a: Cherrim|move: Protect
|
|-heal|p1a: Cherrim|73/100|[from] item: Leftovers
|-damage|p2a: Yveltal|55/100|[from] Leech Seed|[of] p1a: Cherrim
|-heal|p1a: Cherrim|90/100|[silent]
|upkeep
|turn|46
|l| hourglassmeadow
|
|t:|1652449216
|move|p2a: Yveltal|Roost|p2a: Yveltal
|-heal|p2a: Yveltal|100/100
|-singleturn|p2a: Yveltal|move: Roost
|move|p1a: Cherrim|Substitute|p1a: Cherrim
|-fail|p1a: Cherrim|move: Substitute
|
|-heal|p1a: Cherrim|96/100|[from] item: Leftovers
|-damage|p2a: Yveltal|88/100|[from] Leech Seed|[of] p1a: Cherrim
|-heal|p1a: Cherrim|100/100|[silent]
|upkeep
|turn|47
|
|t:|1652449220
|move|p1a: Cherrim|Protect|p1a: Cherrim
|-singleturn|p1a: Cherrim|Protect
|move|p2a: Yveltal|U-turn|p1a: Cherrim
|-activate|p1a: Cherrim|move: Protect
|
|-damage|p2a: Yveltal|76/100|[from] Leech Seed|[of] p1a: Cherrim
|upkeep
|turn|48
|
|t:|1652449224
|move|p2a: Yveltal|U-turn|p1a: Cherrim
|-supereffective|p1a: Cherrim
|-end|p1a: Cherrim|Substitute
|move|p1a: Cherrim|Substitute|p1a: Cherrim
|-start|p1a: Cherrim|Substitute
|-damage|p1a: Cherrim|76/100
|
|-heal|p1a: Cherrim|82/100|[from] item: Leftovers
|-damage|p2a: Yveltal|64/100|[from] Leech Seed|[of] p1a: Cherrim
|-heal|p1a: Cherrim|98/100|[silent]
|upkeep
|turn|49
|
|t:|1652449227
|move|p1a: Cherrim|Protect|p1a: Cherrim
|-singleturn|p1a: Cherrim|Protect
|move|p2a: Yveltal|U-turn|p1a: Cherrim
|-activate|p1a: Cherrim|move: Protect
|
|-heal|p1a: Cherrim|100/100|[from] item: Leftovers
|-damage|p2a: Yveltal|51/100|[from] Leech Seed|[of] p1a: Cherrim
|upkeep
|turn|50
|-message|chechenez227 forfeited.
|
|win|Direhands
|raw|Direhands's rating: 1610 &rarr; <strong>1638</strong><br />(+28 for winning)
|raw|chechenez227's rating: 1749 &rarr; <strong>1721</strong><br />(-28 for losing)
|l|☆chechenez227
|j| Gemsfibritannia
||Ladder isn't responding, score probably updated but might not have (Request timeout).
