|j|☆bumbolle
|j|☆Chrisbensoo
|t:|1657584436
|gametype|singles
|player|p1|bumbolle|benga|1528
|player|p2|Chrisbensoo|265|1500
|teamsize|p1|6
|teamsize|p2|6
|gen|8
|tier|[Gen 8] National Dex AG
|rated|
|rule|HP Percentage Mod: HP is shown in percentages
|rule|Endless Battle Clause: Forcing endless battles is banned
|clearpoke
|poke|p1|Mewtwo|
|poke|p1|Kyogre|
|poke|p1|Shuckle, M|
|poke|p1|Lugia|
|poke|p1|Zacian-*|
|poke|p1|Marshadow|
|poke|p2|Magearna|
|poke|p2|Calyrex-Shadow|
|poke|p2|Arceus-*|
|poke|p2|Ho-Oh|
|poke|p2|Darmanitan-Galar, M|
|poke|p2|Necrozma-Dusk-Mane|
|teampreview
|inactive|Battle timer is ON: inactive players will automatically lose when time's up. (requested by Chrisbensoo)
|inactive|bumbolle has 120 seconds left.
|
|t:|1657584521
|start
|switch|p1a: Lugia|Lugia|100/100
|switch|p2a: Necrozma|Necrozma-Dusk-Mane|100/100
|turn|1
|
|t:|1657584548
|switch|p2a: Magearna|Magearna|100/100
|move|p1a: Lugia|Calm Mind|p1a: Lugia
|-boost|p1a: Lugia|spa|1
|-boost|p1a: Lugia|spd|1
|
|upkeep
|turn|2
|c|☆Chrisbensoo|>:(
|
|t:|1657584578
|move|p1a: Lugia|Earth Power|p2a: Magearna
|-supereffective|p2a: Magearna
|-damage|p2a: Magearna|51/100
|move|p2a: Magearna|Fleur Cannon|p1a: Lugia
|-damage|p1a: Lugia|88/100
|-unboost|p2a: Magearna|spa|2
|
|-heal|p2a: Magearna|57/100|[from] item: Leftovers
|upkeep
|turn|3
|
|t:|1657584586
|-start|p1a: Lugia|Dynamax|
|-heal|p1a: Lugia|88/100|[silent]
|move|p1a: Lugia|Max Airstream|p2a: Magearna
|-resisted|p2a: Magearna
|-damage|p2a: Magearna|27/100
|-boost|p1a: Lugia|spe|1
|move|p2a: Magearna|Heart Swap|p1a: Lugia
|-swapboost|p2a: Magearna|p1a: Lugia|[from] move: Heart Swap
|
|-heal|p2a: Magearna|33/100|[from] item: Leftovers
|upkeep
|turn|4
|
|t:|1657584599
|move|p1a: Lugia|Max Quake|p2a: Magearna
|-supereffective|p2a: Magearna
|-damage|p2a: Magearna|15/100
|-boost|p1a: Lugia|spd|1
|move|p2a: Magearna|Pain Split|p1a: Lugia
|-sethp|p1a: Lugia|69/100|[from] move: Pain Split|[silent]
|-sethp|p2a: Magearna|50/100|[from] move: Pain Split
|
|-heal|p2a: Magearna|56/100|[from] item: Leftovers
|upkeep
|turn|5
|
|t:|1657584611
|move|p1a: Lugia|Max Guard|p1a: Lugia
|-singleturn|p1a: Lugia|Max Guard
|move|p2a: Magearna|Volt Switch|p1a: Lugia
|-activate|p1a: Lugia|move: Max Guard
|
|-heal|p2a: Magearna|62/100|[from] item: Leftovers
|upkeep
|-end|p1a: Lugia|Dynamax
|-heal|p1a: Lugia|70/100|[silent]
|turn|6
|
|t:|1657584622
|switch|p1a: Shuckle|Shuckle, M|100/100
|move|p2a: Magearna|Volt Switch|p1a: Shuckle
|-damage|p1a: Shuckle|78/100
|
|t:|1657584632
|switch|p2a: Cali|Calyrex-Shadow|100/100|[from]move: Volt Switch
|-ability|p2a: Cali|As One
|-ability|p2a: Cali|Unnerve
|
|upkeep
|turn|7
|
|t:|1657584637
|move|p2a: Cali|Astral Barrage|p1a: Shuckle
|-damage|p1a: Shuckle|0 fnt
|faint|p1a: Shuckle
|-ability|p2a: Cali|Grim Neigh|boost
|-boost|p2a: Cali|spa|1
|
|upkeep
|inactive|bumbolle has 120 seconds left.
|
|t:|1657584692
|switch|p1a: Marshadow|Marshadow|100/100
|turn|8
|
|t:|1657584702
|switch|p2a: Ho-Oh|Ho-Oh|100/100
|move|p1a: Marshadow|Spectral Thief|p2a: Ho-Oh
|-damage|p2a: Ho-Oh|72/100
|
|upkeep
|turn|9
|inactive|bumbolle has 90 seconds left.
|
|t:|1657584723
|switch|p1a: Lugia|Lugia|70/100
|move|p2a: Ho-Oh|Toxic|p1a: Lugia
|-status|p1a: Lugia|tox
|
|-damage|p1a: Lugia|63/100 tox|[from] psn
|upkeep
|turn|10
|inactive|bumbolle has 90 seconds left.
|
|t:|1657584747
|switch|p2a: Magearna|Magearna|62/100
|move|p1a: Lugia|Aeroblast|p2a: Magearna
|-resisted|p2a: Magearna
|-damage|p2a: Magearna|45/100
|
|-heal|p2a: Magearna|51/100|[from] item: Leftovers
|-damage|p1a: Lugia|51/100 tox|[from] psn
|upkeep
|turn|11
|
|t:|1657584753
|switch|p2a: Ho-Oh|Ho-Oh|100/100
|move|p1a: Lugia|Earth Power|p2a: Ho-Oh
|-immune|p2a: Ho-Oh
|
|-damage|p1a: Lugia|32/100 tox|[from] psn
|upkeep
|turn|12
|
|t:|1657584763
|move|p1a: Lugia|Psychic|p2a: Ho-Oh
|-damage|p2a: Ho-Oh|77/100
|move|p2a: Ho-Oh|Sacred Fire|p1a: Lugia
|-damage|p1a: Lugia|1/100 tox
|
|-damage|p1a: Lugia|0 fnt|[from] psn
|faint|p1a: Lugia
|upkeep
|
|t:|1657584769
|switch|p1a: Kyogre|Kyogre|100/100
|-weather|RainDance|[from] ability: Drizzle|[of] p1a: Kyogre
|turn|13
|
|t:|1657584791
|switch|p2a: Magearna|Magearna|51/100
|move|p1a: Kyogre|Water Spout|p2a: Magearna
|-damage|p2a: Magearna|0 fnt
|faint|p2a: Magearna
|
|-weather|RainDance|[upkeep]
|upkeep
|
|t:|1657584794
|switch|p2a: Necrozma|Necrozma-Dusk-Mane|100/100
|turn|14
|
|t:|1657584806
|detailschange|p2a: Necrozma|Necrozma-Ultra
|-burst|p2a: Necrozma|Necrozma|Ultranecrozium Z
|move|p1a: Kyogre|Water Spout|p2a: Necrozma
|-resisted|p2a: Necrozma
|-damage|p2a: Necrozma|33/100
|move|p2a: Necrozma|Photon Geyser|p1a: Kyogre
|-damage|p1a: Kyogre|29/100
|
|-weather|RainDance|[upkeep]
|upkeep
|turn|15
|
|t:|1657584815
|move|p1a: Kyogre|Water Spout|p2a: Necrozma
|-resisted|p2a: Necrozma
|-damage|p2a: Necrozma|15/100
|move|p2a: Necrozma|Photon Geyser|p1a: Kyogre
|-damage|p1a: Kyogre|0 fnt
|faint|p1a: Kyogre
|
|-weather|RainDance|[upkeep]
|upkeep
|inactive|bumbolle has 90 seconds left.
|
|t:|1657584848
|switch|p1a: Zacian|Zacian-Crowned|100/100
|-ability|p1a: Zacian|Intrepid Sword|boost
|-boost|p1a: Zacian|atk|1
|turn|16
|
|t:|1657584857
|move|p1a: Zacian|Behemoth Blade|p2a: Necrozma
|-damage|p2a: Necrozma|0 fnt
|faint|p2a: Necrozma
|
|-weather|RainDance|[upkeep]
|upkeep
|
|t:|1657584868
|switch|p2a: Cali|Calyrex-Shadow|100/100
|-ability|p2a: Cali|As One
|-ability|p2a: Cali|Unnerve
|turn|17
|inactive|bumbolle has 90 seconds left.
|inactive|bumbolle has 60 seconds left.
|
|t:|1657584913
|move|p2a: Cali|Astral Barrage|p1a: Zacian
|-damage|p1a: Zacian|0 fnt
|faint|p1a: Zacian
|-ability|p2a: Cali|Grim Neigh|boost
|-boost|p2a: Cali|spa|1
|
|-weather|none
|upkeep
|
|t:|1657584918
|switch|p1a: Marshadow|Marshadow|100/100
|turn|18
|
|t:|1657584923
|switch|p2a: Ho-Oh|Ho-Oh|100/100
|move|p1a: Marshadow|Spectral Thief|p2a: Ho-Oh
|-damage|p2a: Ho-Oh|69/100
|
|upkeep
|turn|19
|
|t:|1657584932
|switch|p1a: Mewtwo|Mewtwo|100/100
|-ability|p1a: Mewtwo|Pressure
|move|p2a: Ho-Oh|Sacred Fire|p1a: Mewtwo
|-damage|p1a: Mewtwo|58/100
|-status|p1a: Mewtwo|brn
|
|-damage|p1a: Mewtwo|51/100 brn|[from] brn
|upkeep
|turn|20
|inactive|bumbolle has 60 seconds left.
|
|t:|1657584952
|detailschange|p1a: Mewtwo|Mewtwo-Mega-X
|-mega|p1a: Mewtwo|Mewtwo|Mewtwonite X
|move|p1a: Mewtwo|Bulk Up|p1a: Mewtwo
|-boost|p1a: Mewtwo|atk|1
|-boost|p1a: Mewtwo|def|1
|move|p2a: Ho-Oh|Sacred Fire|p1a: Mewtwo
|-damage|p1a: Mewtwo|24/100 brn
|
|-damage|p1a: Mewtwo|18/100 brn|[from] brn
|upkeep
|turn|21
|inactive|bumbolle has 60 seconds left.
|
|t:|1657584963
|move|p1a: Mewtwo|Psycho Cut|p2a: Ho-Oh
|-damage|p2a: Ho-Oh|43/100
|move|p2a: Ho-Oh|Whirlwind|p1a: Mewtwo
|drag|p1a: Marshadow|Marshadow|100/100
|
|upkeep
|turn|22
|inactive|bumbolle has 60 seconds left.
|
|t:|1657584988
|switch|p2a: Arceus|Arceus-Ground|100/100
|move|p1a: Marshadow|Spectral Thief|p2a: Arceus
|-damage|p2a: Arceus|78/100
|
|upkeep
|turn|23
|
|t:|1657584997
|move|p1a: Marshadow|Ice Punch|p2a: Arceus
|-supereffective|p2a: Arceus
|-damage|p2a: Arceus|52/100
|move|p2a: Arceus|Judgment|p1a: Marshadow
|-damage|p1a: Marshadow|44/100
|
|upkeep
|turn|24
|
|t:|1657585017
|move|p1a: Marshadow|Close Combat|p2a: Arceus
|-damage|p2a: Arceus|23/100
|-unboost|p1a: Marshadow|def|1
|-unboost|p1a: Marshadow|spd|1
|move|p2a: Arceus|Recover|p2a: Arceus
|-heal|p2a: Arceus|73/100
|
|upkeep
|turn|25
|
|t:|1657585029
|-start|p2a: Arceus|Dynamax|
|-heal|p2a: Arceus|73/100|[silent]
|move|p1a: Marshadow|Spectral Thief|p2a: Arceus
|-damage|p2a: Arceus|61/100
|move|p2a: Arceus|Max Quake|p1a: Marshadow
|-damage|p1a: Marshadow|0 fnt
|-boost|p2a: Arceus|spd|1
|faint|p1a: Marshadow
|
|upkeep
|
|t:|1657585037
|switch|p1a: Mewtwo|Mewtwo-Mega-X|18/100 brn
|turn|26
|
|t:|1657585046
|move|p1a: Mewtwo|Ice Punch|p2a: Arceus
|-supereffective|p2a: Arceus
|-damage|p2a: Arceus|52/100
|move|p2a: Arceus|Max Quake|p1a: Mewtwo
|-damage|p1a: Mewtwo|0 fnt
|-boost|p2a: Arceus|spd|1
|faint|p1a: Mewtwo
|
|win|Chrisbensoo
|raw|bumbolle's rating: 1528 &rarr; <strong>1506</strong><br />(-22 for losing)
|raw|Chrisbensoo's rating: 1500 &rarr; <strong>1522</strong><br />(+22 for winning)
