|j|☆Master kushagra
|j|☆Hermione<3
|t:|1660387277
|gametype|singles
|player|p1|Master kushagra|leon-masters|
|player|p2|Hermione<3|2|
|teamsize|p1|6
|teamsize|p2|6
|gen|8
|tier|[Gen 8] National Dex AG
|rule|HP Percentage Mod: HP is shown in percentages
|rule|Endless Battle Clause: Forcing endless battles is banned
|clearpoke
|poke|p1|Garchomp, M|
|poke|p1|Kartana|
|poke|p1|Ferrothorn, M|
|poke|p1|Kommo-o, M|
|poke|p1|Volcarona, F|
|poke|p1|Charizard, F|
|poke|p2|Mandibuzz, F|
|poke|p2|Greninja, M|
|poke|p2|Zarude|
|poke|p2|Tyranitar, F|
|poke|p2|Urshifu-*, F|
|poke|p2|Houndoom, F|
|teampreview
|c|☆Hermione<3|goodluck
|c|☆Hermione<3|I havent tested this team so it may have some flaws
|
|t:|1660387307
|start
|switch|p1a: Charizard|Charizard, F|100/100
|switch|p2a: Houndoom|Houndoom, F|100/100
|turn|1
|c|☆Master kushagra|Glhf
|
|t:|1660387316
|detailschange|p2a: Houndoom|Houndoom-Mega, F
|-mega|p2a: Houndoom|Houndoom|Houndoominite
|detailschange|p1a: Charizard|Charizard-Mega-X, F
|-mega|p1a: Charizard|Charizard|Charizardite X
|move|p2a: Houndoom|Nasty Plot|p2a: Houndoom
|-boost|p2a: Houndoom|spa|2
|move|p1a: Charizard|Dragon Dance|p1a: Charizard
|-boost|p1a: Charizard|atk|1
|-boost|p1a: Charizard|spe|1
|
|upkeep
|turn|2
|
|t:|1660387322
|move|p1a: Charizard|Brick Break|p2a: Houndoom
|-supereffective|p2a: Houndoom
|-damage|p2a: Houndoom|0 fnt
|faint|p2a: Houndoom
|
|upkeep
|
|t:|1660387327
|switch|p2a: Mandibuzz|Mandibuzz, F|100/100
|turn|3
|
|t:|1660387331
|move|p1a: Charizard|Dragon Claw|p2a: Mandibuzz
|-damage|p2a: Mandibuzz|49/100
|move|p2a: Mandibuzz|Foul Play|p1a: Charizard
|-damage|p1a: Charizard|16/100
|
|upkeep
|turn|4
|
|t:|1660387341
|move|p1a: Charizard|Dragon Claw|p2a: Mandibuzz
|-damage|p2a: Mandibuzz|2/100
|move|p2a: Mandibuzz|Foul Play|p1a: Charizard
|-damage|p1a: Charizard|0 fnt
|faint|p1a: Charizard
|
|upkeep
|
|t:|1660387347
|switch|p1a: Kartana|Kartana|100/100
|turn|5
|
|t:|1660387365
|move|p1a: Kartana|Knock Off|p2a: Mandibuzz
|-resisted|p2a: Mandibuzz
|-damage|p2a: Mandibuzz|0 fnt
|-enditem|p2a: Mandibuzz|Heavy-Duty Boots|[from] move: Knock Off|[of] p1a: Kartana
|faint|p2a: Mandibuzz
|-ability|p1a: Kartana|Beast Boost|boost
|-boost|p1a: Kartana|atk|1
|-damage|p1a: Kartana|91/100|[from] item: Life Orb
|
|upkeep
|
|t:|1660387373
|switch|p2a: Zarude|Zarude|100/100
|turn|6
|
|t:|1660387384
|move|p2a: Zarude|Bulk Up|p2a: Zarude
|-boost|p2a: Zarude|atk|1
|-boost|p2a: Zarude|def|1
|move|p1a: Kartana|Brick Break|p2a: Zarude
|-supereffective|p2a: Zarude
|-damage|p2a: Zarude|14/100
|-damage|p1a: Kartana|81/100|[from] item: Life Orb
|
|upkeep
|turn|7
|c|☆Hermione<3|oh
|c|☆Hermione<3|I thought your kartana was choiced
|
|t:|1660387404
|move|p2a: Zarude|Darkest Lariat|p1a: Kartana
|-damage|p1a: Kartana|10/100
|move|p1a: Kartana|Brick Break|p2a: Zarude
|-supereffective|p2a: Zarude
|-damage|p2a: Zarude|0 fnt
|faint|p2a: Zarude
|-ability|p1a: Kartana|Beast Boost|boost
|-boost|p1a: Kartana|atk|1
|-damage|p1a: Kartana|0 fnt|[from] item: Life Orb
|faint|p1a: Kartana
|
|upkeep
|
|t:|1660387442
|switch|p2a: Urshifu|Urshifu, F|100/100
|switch|p1a: Volcarona|Volcarona, F|100/100
|turn|8
|
|t:|1660387449
|move|p2a: Urshifu|Wicked Blow|p1a: Volcarona
|-crit|p1a: Volcarona
|-damage|p1a: Volcarona|0 fnt
|faint|p1a: Volcarona
|
|upkeep
|
|t:|1660387453
|switch|p1a: Kommo-o|Kommo-o, M|100/100
|turn|9
|
|t:|1660387457
|switch|p2a: Tyranitar|Tyranitar, F|100/100
|-weather|Sandstorm|[from] ability: Sand Stream|[of] p2a: Tyranitar
|-zpower|p1a: Kommo-o
|move|p1a: Kommo-o|Clangorous Soulblaze|p2a: Tyranitar|[zeffect]
|-damage|p2a: Tyranitar|80/100
|-boost|p1a: Kommo-o|atk|1
|-boost|p1a: Kommo-o|def|1
|-boost|p1a: Kommo-o|spa|1
|-boost|p1a: Kommo-o|spd|1
|-boost|p1a: Kommo-o|spe|1
|
|-weather|Sandstorm|[upkeep]
|-damage|p1a: Kommo-o|94/100|[from] Sandstorm
|upkeep
|turn|10
|
|t:|1660387462
|move|p1a: Kommo-o|Flash Cannon|p2a: Tyranitar
|-supereffective|p2a: Tyranitar
|-damage|p2a: Tyranitar|62/100
|move|p2a: Tyranitar|Ice Beam|p1a: Kommo-o
|-supereffective|p1a: Kommo-o
|-damage|p1a: Kommo-o|63/100
|-status|p1a: Kommo-o|frz
|
|-weather|Sandstorm|[upkeep]
|-damage|p1a: Kommo-o|57/100 frz|[from] Sandstorm
|upkeep
|turn|11
|
|t:|1660387496
|cant|p1a: Kommo-o|frz
|move|p2a: Tyranitar|Ice Beam|p1a: Kommo-o
|-supereffective|p1a: Kommo-o
|-damage|p1a: Kommo-o|28/100 frz
|
|-weather|Sandstorm|[upkeep]
|-damage|p1a: Kommo-o|22/100 frz|[from] Sandstorm
|upkeep
|turn|12
|
|t:|1660387503
|-curestatus|p1a: Kommo-o|frz|[msg]
|move|p1a: Kommo-o|Flash Cannon|p2a: Tyranitar
|-supereffective|p2a: Tyranitar
|-damage|p2a: Tyranitar|45/100
|move|p2a: Tyranitar|Ice Beam|p1a: Kommo-o
|-supereffective|p1a: Kommo-o
|-damage|p1a: Kommo-o|0 fnt
|faint|p1a: Kommo-o
|
|-weather|Sandstorm|[upkeep]
|upkeep
|
|t:|1660387508
|switch|p1a: Ferrothorn|Ferrothorn, M|100/100
|turn|13
|
|t:|1660387516
|switch|p2a: Urshifu|Urshifu, F|100/100
|move|p1a: Ferrothorn|Leech Seed|p2a: Urshifu
|-start|p2a: Urshifu|move: Leech Seed
|
|-weather|none
|-damage|p2a: Urshifu|88/100|[from] Leech Seed|[of] p1a: Ferrothorn
|upkeep
|turn|14
|
|t:|1660387521
|move|p1a: Ferrothorn|Protect|p1a: Ferrothorn
|-singleturn|p1a: Ferrothorn|Protect
|move|p2a: Urshifu|Close Combat|p1a: Ferrothorn
|-supereffective|p1a: Ferrothorn
|-damage|p1a: Ferrothorn|0 fnt
|-unboost|p2a: Urshifu|def|1
|-unboost|p2a: Urshifu|spd|1
|-damage|p2a: Urshifu|76/100|[from] ability: Iron Barbs|[of] p1a: Ferrothorn
|faint|p1a: Ferrothorn
|
|upkeep
|
|t:|1660387523
|switch|p1a: Garchomp|Garchomp, M|100/100
|turn|15
|
|t:|1660387532
|move|p2a: Urshifu|Close Combat|p1a: Garchomp
|-damage|p1a: Garchomp|6/100
|-unboost|p2a: Urshifu|def|1
|-unboost|p2a: Urshifu|spd|1
|-damage|p2a: Urshifu|64/100|[from] ability: Rough Skin|[of] p1a: Garchomp
|move|p1a: Garchomp|Outrage|p2a: Urshifu
|-damage|p2a: Urshifu|0 fnt
|faint|p2a: Urshifu
|-damage|p1a: Garchomp|0 fnt|[from] item: Life Orb
|faint|p1a: Garchomp
|
|win|Hermione<3
|c|☆Master kushagra|Gg
|c|☆Hermione<3|ggs bro
