|j|☆v87
|j|☆CLEAR GEM清瑜
|t:|1664680849
|gametype|singles
|player|p1|v87|1|1924
|player|p2|CLEAR GEM清瑜|skierf|1834
|teamsize|p1|6
|teamsize|p2|6
|gen|8
|tier|[Gen 8] National Dex AG
|rated|
|rule|HP Percentage Mod: HP is shown in percentages
|rule|Endless Battle Clause: Forcing endless battles is banned
|clearpoke
|poke|p1|Zacian-*|
|poke|p1|Groudon|
|poke|p1|Yveltal|
|poke|p1|Rayquaza|
|poke|p1|Kyogre|
|poke|p1|Tornadus, M|
|poke|p2|Rayquaza|
|poke|p2|Groudon|
|poke|p2|Necrozma-Dusk-Mane|
|poke|p2|Arceus-*|
|poke|p2|Zacian-*|
|poke|p2|Yveltal|
|teampreview
|inactive|Battle timer is ON: inactive players will automatically lose when time's up. (requested by CLEAR GEM清瑜)
|
|t:|1664680861
|start
|switch|p1a: Groudon|Groudon|100/100
|switch|p2a: 不会(?)|Groudon|100/100
|detailschange|p1a: Groudon|Groudon-Primal
|-primal|p1a: Groudon
|-weather|DesolateLand|[from] ability: Desolate Land|[of] p1a: Groudon
|detailschange|p2a: 不会(?)|Groudon-Primal
|-primal|p2a: 不会(?)
|turn|1
|
|t:|1664680872
|move|p1a: Groudon|Earthquake|p2a: 不会(?)
|-supereffective|p2a: 不会(?)
|-damage|p2a: 不会(?)|32/100
|move|p2a: 不会(?)|Stealth Rock|p1a: Groudon
|-sidestart|p1: v87|move: Stealth Rock
|
|-weather|DesolateLand|[upkeep]
|upkeep
|turn|2
|
|t:|1664680879
|move|p1a: Groudon|Earthquake|p2a: 不会(?)
|-supereffective|p2a: 不会(?)
|-damage|p2a: 不会(?)|0 fnt
|faint|p2a: 不会(?)
|
|-weather|DesolateLand|[upkeep]
|upkeep
|
|t:|1664680888
|switch|p2a: 老烈|Rayquaza, shiny|100/100
|-ability|p2a: 老烈|Air Lock
|turn|3
|l|☆CLEAR GEM清瑜
|inactive|CLEAR GEM清瑜 disconnected and has a minute to reconnect!
|player|p2|
|
|t:|1664680898
|detailschange|p2a: 老烈|Rayquaza-Mega, shiny
|-mega|p2a: 老烈|Rayquaza|
|-weather|DeltaStream|[from] ability: Delta Stream|[of] p2a: 老烈
|move|p2a: 老烈|Earthquake|p1a: Groudon
|-supereffective|p1a: Groudon
|-damage|p1a: Groudon|54/100
|move|p1a: Groudon|Thunder Wave|p2a: 老烈
|-status|p2a: 老烈|par
|
|-weather|DeltaStream|[upkeep]
|upkeep
|turn|4
|j|☆CLEAR GEM清瑜
|inactive|CLEAR GEM清瑜 reconnected and has 135 seconds left.
|player|p2|CLEAR GEM清瑜|skierf
|
|t:|1664680919
|move|p1a: Groudon|Stealth Rock|p2a: 老烈
|-sidestart|p2: CLEAR GEM清瑜|move: Stealth Rock
|move|p2a: 老烈|Earthquake|p1a: Groudon
|-supereffective|p1a: Groudon
|-damage|p1a: Groudon|2/100
|
|-weather|DeltaStream|[upkeep]
|upkeep
|turn|5
|
|t:|1664680926
|move|p2a: 老烈|Extreme Speed|p1a: Groudon
|-damage|p1a: Groudon|0 fnt
|faint|p1a: Groudon
|
|-weather|DeltaStream|[upkeep]
|upkeep
|
|t:|1664680932
|switch|p1a: Rayquaza|Rayquaza|100/100
|-damage|p1a: Rayquaza|76/100|[from] Stealth Rock
|-ability|p1a: Rayquaza|Air Lock
|turn|6
|
|t:|1664680939
|detailschange|p1a: Rayquaza|Rayquaza-Mega
|-mega|p1a: Rayquaza|Rayquaza|
|move|p1a: Rayquaza|Scale Shot|p2a: 老烈
|-supereffective|p2a: 老烈
|-damage|p2a: 老烈|68/100 par
|-supereffective|p2a: 老烈
|-damage|p2a: 老烈|36/100 par
|-supereffective|p2a: 老烈
|-damage|p2a: 老烈|4/100 par
|-supereffective|p2a: 老烈
|-damage|p2a: 老烈|0 fnt
|faint|p2a: 老烈
|-hitcount|p2: 老烈|4
|-unboost|p1a: Rayquaza|def|1
|-boost|p1a: Rayquaza|spe|1
|
|-weather|DeltaStream|[upkeep]
|upkeep
|
|t:|1664680945
|switch|p2a: 悬空羊驼|Arceus-Flying|100/100
|-damage|p2a: 悬空羊驼|76/100|[from] Stealth Rock
|turn|7
|
|t:|1664680964
|-start|p2a: 悬空羊驼|Dynamax|
|-heal|p2a: 悬空羊驼|76/100|[silent]
|move|p1a: Rayquaza|Dragon Ascent|p2a: 悬空羊驼
|-damage|p2a: 悬空羊驼|45/100
|-unboost|p1a: Rayquaza|def|1
|-unboost|p1a: Rayquaza|spd|1
|move|p2a: 悬空羊驼|Max Airstream|p1a: Rayquaza
|-damage|p1a: Rayquaza|0 fnt
|-boost|p2a: 悬空羊驼|spe|1
|faint|p1a: Rayquaza
|-weather|none
|
|upkeep
|
|t:|1664680979
|switch|p1a: Zacian|Zacian-Crowned|100/100
|-damage|p1a: Zacian|94/100|[from] Stealth Rock
|-ability|p1a: Zacian|Intrepid Sword|boost
|-boost|p1a: Zacian|atk|1
|turn|8
|
|t:|1664680985
|move|p2a: 悬空羊驼|Max Quake|p1a: Zacian
|-supereffective|p1a: Zacian
|-damage|p1a: Zacian|15/100
|-boost|p2a: 悬空羊驼|spd|1
|move|p1a: Zacian|Behemoth Blade|p2a: 悬空羊驼
|-damage|p2a: 悬空羊驼|0 fnt
|faint|p2a: 悬空羊驼
|
|upkeep
|
|t:|1664680987
|switch|p2a: 钢铁之躯|Necrozma-Dusk-Mane|100/100
|-damage|p2a: 钢铁之躯|94/100|[from] Stealth Rock
|turn|9
|
|t:|1664681001
|move|p1a: Zacian|Close Combat|p2a: 钢铁之躯
|-damage|p2a: 钢铁之躯|45/100
|-unboost|p1a: Zacian|def|1
|-unboost|p1a: Zacian|spd|1
|move|p2a: 钢铁之躯|Dragon Dance|p2a: 钢铁之躯
|-boost|p2a: 钢铁之躯|atk|1
|-boost|p2a: 钢铁之躯|spe|1
|
|upkeep
|turn|10
|
|t:|1664681016
|detailschange|p2a: 钢铁之躯|Necrozma-Ultra
|-burst|p2a: 钢铁之躯|Necrozma|Ultranecrozium Z
|move|p2a: 钢铁之躯|Earthquake|p1a: Zacian
|-supereffective|p1a: Zacian
|-damage|p1a: Zacian|0 fnt
|faint|p1a: Zacian
|
|upkeep
|
|t:|1664681028
|switch|p1a: Yveltal|Yveltal|100/100
|-damage|p1a: Yveltal|76/100|[from] Stealth Rock
|-ability|p1a: Yveltal|Dark Aura
|turn|11
|
|t:|1664681035
|-start|p1a: Yveltal|Dynamax|
|-heal|p1a: Yveltal|76/100|[silent]
|move|p2a: 钢铁之躯|Stone Edge|p1a: Yveltal
|-supereffective|p1a: Yveltal
|-damage|p1a: Yveltal|2/100
|move|p1a: Yveltal|Max Airstream|p2a: 钢铁之躯
|-damage|p2a: 钢铁之躯|0 fnt
|-boost|p1a: Yveltal|spe|1
|faint|p2a: 钢铁之躯
|-damage|p1a: Yveltal|0 fnt|[from] item: Life Orb
|faint|p1a: Yveltal
|
|upkeep
|
|t:|1664681050
|switch|p2a: 嘉然小姐的狗|Zacian-Crowned|100/100
|switch|p1a: Tornadus|Tornadus, M|100/100
|-damage|p1a: Tornadus|76/100|[from] Stealth Rock
|-damage|p2a: 嘉然小姐的狗|94/100|[from] Stealth Rock
|-ability|p2a: 嘉然小姐的狗|Intrepid Sword|boost
|-boost|p2a: 嘉然小姐的狗|atk|1
|turn|12
|
|t:|1664681061
|move|p1a: Tornadus|Tailwind|p1a: Tornadus
|-sidestart|p1: v87|move: Tailwind
|move|p2a: 嘉然小姐的狗|Behemoth Blade|p1a: Tornadus
|-damage|p1a: Tornadus|0 fnt
|faint|p1a: Tornadus
|
|upkeep
|
|t:|1664681069
|switch|p1a: Kyogre|Kyogre|100/100
|-damage|p1a: Kyogre|88/100|[from] Stealth Rock
|-weather|RainDance|[from] ability: Drizzle|[of] p1a: Kyogre
|turn|13
|
|t:|1664681075
|move|p1a: Kyogre|Surf|p2a: 嘉然小姐的狗
|-damage|p2a: 嘉然小姐的狗|15/100
|move|p2a: 嘉然小姐的狗|Wild Charge|p1a: Kyogre
|-supereffective|p1a: Kyogre
|-damage|p1a: Kyogre|0 fnt
|faint|p1a: Kyogre
|-damage|p2a: 嘉然小姐的狗|0 fnt|[from] Recoil
|faint|p2a: 嘉然小姐的狗
|
|win|CLEAR GEM清瑜
|raw|v87's rating: 1924 &rarr; <strong>1899</strong><br />(-25 for losing)
|raw|CLEAR GEM清瑜's rating: 1834 &rarr; <strong>1859</strong><br />(+25 for winning)
|l|☆v87
||Ladder isn't responding, score probably updated but might not have (Request timeout).
