|j|☆MVP2536
|j|☆HisuianVoltorbCute
|t:|1661948958
|gametype|singles
|player|p1|MVP2536|giovanni|
|player|p2|HisuianVoltorbCute|caitlin|
|teamsize|p1|6
|teamsize|p2|6
|gen|8
|tier|[Gen 8] National Dex AG
|rule|HP Percentage Mod: HP is shown in percentages
|rule|Endless Battle Clause: Forcing endless battles is banned
|clearpoke
|poke|p1|Dracovish|
|poke|p1|Weavile, M|
|poke|p1|Gengar, M|
|poke|p1|Dragonite, F|
|poke|p1|Ho-Oh|
|poke|p1|Dialga|
|poke|p2|Excadrill, M|
|poke|p2|Celesteela|
|poke|p2|Zekrom|
|poke|p2|Grimmsnarl, M|
|poke|p2|Weavile, M|
|poke|p2|Blastoise, F|
|teampreview
|inactive|Battle timer is ON: inactive players will automatically lose when time's up. (requested by HisuianVoltorbCute)
|
|t:|1661948985
|start
|switch|p1a: Dragonite|Dragonite, F|100/100
|switch|p2a: Excadrill|Excadrill, M|100/100
|-ability|p2a: Excadrill|Mold Breaker
|turn|1
|
|t:|1661948999
|move|p2a: Excadrill|Stealth Rock|p1a: Dragonite
|-sidestart|p1: MVP2536|move: Stealth Rock
|move|p1a: Dragonite|Dragon Dance|p1a: Dragonite
|-boost|p1a: Dragonite|atk|1
|-boost|p1a: Dragonite|spe|1
|
|upkeep
|turn|2
|
|t:|1661949010
|-start|p1a: Dragonite|Dynamax|
|-heal|p1a: Dragonite|100/100|[silent]
|move|p1a: Dragonite|Max Airstream|p2a: Excadrill
|-resisted|p2a: Excadrill
|-damage|p2a: Excadrill|15/100
|-boost|p1a: Dragonite|spe|1
|move|p2a: Excadrill|Rock Tomb|p1a: Dragonite
|-supereffective|p1a: Dragonite
|-damage|p1a: Dragonite|75/100
|-unboost|p1a: Dragonite|spe|1
|-enditem|p1a: Dragonite|Weakness Policy
|-boost|p1a: Dragonite|atk|2|[from] item: Weakness Policy
|-boost|p1a: Dragonite|spa|2|[from] item: Weakness Policy
|
|upkeep
|turn|3
|
|t:|1661949029
|move|p1a: Dragonite|Max Flare|p2a: Excadrill
|-supereffective|p2a: Excadrill
|-damage|p2a: Excadrill|0 fnt
|-weather|SunnyDay
|faint|p2a: Excadrill
|
|-weather|SunnyDay|[upkeep]
|upkeep
|
|t:|1661949044
|switch|p2a: Celesteela|Celesteela|100/100
|turn|4
|
|t:|1661949053
|move|p1a: Dragonite|Max Flare|p2a: Celesteela
|-supereffective|p2a: Celesteela
|-damage|p2a: Celesteela|0 fnt
|faint|p2a: Celesteela
|
|-weather|SunnyDay|[upkeep]
|upkeep
|c|☆HisuianVoltorbCute|shi
|c|☆HisuianVoltorbCute|well im ded
|c|☆MVP2536|damn
|
|t:|1661949066
|switch|p2a: Weavile|Weavile, M|100/100
|-end|p1a: Dragonite|Dynamax
|-heal|p1a: Dragonite|75/100|[silent]
|turn|5
|
|t:|1661949072
|move|p1a: Dragonite|Dual Wingbeat|p2a: Weavile
|-enditem|p2a: Weavile|Focus Sash
|-damage|p2a: Weavile|1/100
|-damage|p2a: Weavile|0 fnt
|faint|p2a: Weavile
|-hitcount|p2: Weavile|2
|
|-weather|SunnyDay|[upkeep]
|upkeep
|c|☆HisuianVoltorbCute|wtf
|inactive|HisuianVoltorbCute has 270 seconds left.
|
|t:|1661949089
|switch|p2a: Grimmsnarl|Grimmsnarl, M|100/100
|turn|6
|
|t:|1661949093
|switch|p1a: Weavile|Weavile, M|100/100
|-damage|p1a: Weavile|76/100|[from] Stealth Rock
|-ability|p1a: Weavile|Pressure
|move|p2a: Grimmsnarl|Thunder Wave|p1a: Weavile
|-hint|Since gen 7, Dark is immune to Prankster moves.
|-immune|p1a: Weavile
|
|-weather|SunnyDay|[upkeep]
|upkeep
|turn|7
|
|t:|1661949104
|switch|p2a: Blastoise|Blastoise, F|100/100
|move|p1a: Weavile|Power-Up Punch|p2a: Blastoise
|-damage|p2a: Blastoise|87/100
|-boost|p1a: Weavile|atk|1
|
|-weather|none
|upkeep
|turn|8
|
|t:|1661949116
|detailschange|p2a: Blastoise|Blastoise-Mega, F
|-mega|p2a: Blastoise|Blastoise|Blastoisinite
|move|p1a: Weavile|Knock Off|p2a: Blastoise
|-damage|p2a: Blastoise|50/100
|move|p2a: Blastoise|Shell Smash|p2a: Blastoise
|-unboost|p2a: Blastoise|def|1
|-unboost|p2a: Blastoise|spd|1
|-boost|p2a: Blastoise|atk|2
|-boost|p2a: Blastoise|spa|2
|-boost|p2a: Blastoise|spe|2
|
|upkeep
|turn|9
|
|t:|1661949143
|move|p2a: Blastoise|Water Pulse|p1a: Weavile
|-damage|p1a: Weavile|0 fnt
|faint|p1a: Weavile
|
|upkeep
|
|t:|1661949146
|switch|p1a: Dialga|Dialga|100/100
|-damage|p1a: Dialga|94/100|[from] Stealth Rock
|-ability|p1a: Dialga|Pressure
|turn|10
|
|t:|1661949153
|move|p2a: Blastoise|Hidden Power|p1a: Dialga
|-supereffective|p1a: Dialga
|-crit|p1a: Dialga
|-damage|p1a: Dialga|0 fnt
|faint|p1a: Dialga
|
|upkeep
|c|☆HisuianVoltorbCute|i thought of that beforehand
|inactive|MVP2536 has 270 seconds left.
|
|t:|1661949173
|switch|p1a: Dracovish|Dracovish|100/100
|-damage|p1a: Dracovish|88/100|[from] Stealth Rock
|turn|11
|inactive|MVP2536 has 270 seconds left.
|
|t:|1661949183
|move|p1a: Dracovish|Outrage|p2a: Blastoise
|-damage|p2a: Blastoise|0 fnt
|faint|p2a: Blastoise
|
|upkeep
|
|t:|1661949192
|switch|p2a: Grimmsnarl|Grimmsnarl, M|100/100
|turn|12
|
|t:|1661949195
|move|p2a: Grimmsnarl|Thunder Wave|p1a: Dracovish
|-status|p1a: Dracovish|par
|move|p1a: Dracovish|Outrage|p2a: Grimmsnarl|[from]lockedmove
|-immune|p2a: Grimmsnarl
|-start|p1a: Dracovish|confusion|[fatigue]
|
|upkeep
|turn|13
|
|t:|1661949207
|switch|p1a: Ho-Oh|Ho-Oh|100/100
|move|p2a: Grimmsnarl|Taunt|p1a: Ho-Oh
|-start|p1a: Ho-Oh|move: Taunt
|
|upkeep
|turn|14
|
|t:|1661949213
|move|p2a: Grimmsnarl|Thunder Wave|p1a: Ho-Oh
|-status|p1a: Ho-Oh|par
|cant|p1a: Ho-Oh|par
|
|upkeep
|turn|15
|
|t:|1661949219
|move|p2a: Grimmsnarl|Light Screen|p2a: Grimmsnarl
|-sidestart|p2: HisuianVoltorbCute|move: Light Screen
|move|p1a: Ho-Oh|Sacred Fire|p2a: Grimmsnarl
|-crit|p2a: Grimmsnarl
|-damage|p2a: Grimmsnarl|24/100
|-status|p2a: Grimmsnarl|brn
|
|-damage|p2a: Grimmsnarl|18/100 brn|[from] brn
|-end|p1a: Ho-Oh|move: Taunt
|upkeep
|turn|16
|c|☆HisuianVoltorbCute|oh shi
|
|t:|1661949229
|move|p2a: Grimmsnarl|Reflect|p2a: Grimmsnarl
|-sidestart|p2: HisuianVoltorbCute|Reflect
|move|p1a: Ho-Oh|Defog|p2a: Grimmsnarl
|-unboost|p2a: Grimmsnarl|evasion|1
|-sideend|p2: HisuianVoltorbCute|Reflect
|-sideend|p2: HisuianVoltorbCute|move: Light Screen
|-sideend|p1: MVP2536|Stealth Rock|[from] move: Defog|[of] p1a: Ho-Oh
|
|-damage|p2a: Grimmsnarl|12/100 brn|[from] brn
|upkeep
|turn|17
|c|☆MVP2536|lol
|
|t:|1661949243
|move|p2a: Grimmsnarl|Taunt|p1a: Ho-Oh
|-start|p1a: Ho-Oh|move: Taunt
|cant|p1a: Ho-Oh|move: Taunt|Toxic
|
|-damage|p2a: Grimmsnarl|6/100 brn|[from] brn
|upkeep
|turn|18
|c|☆HisuianVoltorbCute|stop
|
|t:|1661949251
|switch|p1a: Gengar|Gengar, M|100/100
|move|p2a: Grimmsnarl|Light Screen|p2a: Grimmsnarl
|-sidestart|p2: HisuianVoltorbCute|move: Light Screen
|
|-damage|p2a: Grimmsnarl|0 fnt|[from] brn
|faint|p2a: Grimmsnarl
|upkeep
|
|t:|1661949257
|switch|p2a: Zekrom|Zekrom|100/100
|-ability|p2a: Zekrom|Teravolt
|turn|19
|
|t:|1661949266
|detailschange|p1a: Gengar|Gengar-Mega, M
|-mega|p1a: Gengar|Gengar|Gengarite
|-start|p2a: Zekrom|Dynamax|
|-heal|p2a: Zekrom|100/100|[silent]
|move|p1a: Gengar|Perish Song|p1a: Gengar
|-start|p1a: Gengar|perish3|[silent]
|-start|p2a: Zekrom|perish3|[silent]
|-fieldactivate|move: Perish Song
|move|p2a: Zekrom|Max Rockfall|p1a: Gengar
|-damage|p1a: Gengar|26/100
|-weather|Sandstorm
|
|-weather|Sandstorm|[upkeep]
|-damage|p1a: Gengar|20/100|[from] Sandstorm
|-damage|p2a: Zekrom|97/100|[from] Sandstorm
|-heal|p2a: Zekrom|100/100|[from] item: Leftovers
|-start|p1a: Gengar|perish3
|-start|p2a: Zekrom|perish3
|upkeep
|turn|20
|c|☆MVP2536|gg
|c|☆HisuianVoltorbCute|oh shit
|
|t:|1661949283
|move|p1a: Gengar|Encore||[still]
|-fail|p1a: Gengar
|move|p2a: Zekrom|Max Rockfall|p1a: Gengar
|-damage|p1a: Gengar|0 fnt
|faint|p1a: Gengar
|
|-weather|Sandstorm|[upkeep]
|-damage|p2a: Zekrom|97/100|[from] Sandstorm
|-heal|p2a: Zekrom|100/100|[from] item: Leftovers
|-start|p2a: Zekrom|perish2
|upkeep
|
|t:|1661949296
|switch|p1a: Dracovish|Dracovish|88/100 par
|turn|21
|
|t:|1661949298
|move|p2a: Zekrom|Max Wyrmwind|p1a: Dracovish
|-supereffective|p1a: Dracovish
|-damage|p1a: Dracovish|0 fnt
|faint|p1a: Dracovish
|
|-weather|Sandstorm|[upkeep]
|-damage|p2a: Zekrom|97/100|[from] Sandstorm
|-heal|p2a: Zekrom|100/100|[from] item: Leftovers
|-start|p2a: Zekrom|perish1
|upkeep
|
|t:|1661949308
|switch|p1a: Ho-Oh|Ho-Oh|100/100 par
|-end|p2a: Zekrom|Dynamax
|-heal|p2a: Zekrom|100/100|[silent]
|turn|22
|
|t:|1661949313
|move|p2a: Zekrom|Fusion Bolt|p1a: Ho-Oh
|-supereffective|p1a: Ho-Oh
|-damage|p1a: Ho-Oh|0 fnt
|faint|p1a: Ho-Oh
|
|-weather|Sandstorm|[upkeep]
|-damage|p2a: Zekrom|94/100|[from] Sandstorm
|-heal|p2a: Zekrom|100/100|[from] item: Leftovers
|-start|p2a: Zekrom|perish0
|faint|p2a: Zekrom
|
|win|MVP2536
|upkeep
|c|☆MVP2536|gg
|c|☆HisuianVoltorbCute|dang
|c|☆HisuianVoltorbCute|gg
