|j|☆TomoTaco69
|j|☆runeygr
|t:|1658126127
|gametype|singles
|player|p1|TomoTaco69|102|1567
|player|p2|runeygr|hilbert-wonderlauncher|1540
|teamsize|p1|6
|teamsize|p2|6
|gen|8
|tier|[Gen 8] National Dex AG
|rated|
|rule|HP Percentage Mod: HP is shown in percentages
|rule|Endless Battle Clause: Forcing endless battles is banned
|clearpoke
|poke|p1|Yveltal|
|poke|p1|Necrozma-Dusk-Mane|
|poke|p1|Eternatus|
|poke|p1|Marshadow|
|poke|p1|Reshiram|
|poke|p1|Ditto|
|poke|p2|Smeargle, M|
|poke|p2|Calyrex-Shadow|
|poke|p2|Zacian-*|
|poke|p2|Rayquaza|
|poke|p2|Ditto|
|poke|p2|Marshadow|
|teampreview
|inactive|Battle timer is ON: inactive players will automatically lose when time's up. (requested by runeygr)
|
|t:|1658126134
|start
|switch|p1a: Ditto|Ditto, shiny|100/100
|switch|p2a: Smeargle|Smeargle, M|100/100
|-transform|p1a: Ditto|p2a: Smeargle|[from] ability: Imposter
|turn|1
|
|t:|1658126143
|switch|p1a: Yveltal|Yveltal, shiny|100/100
|-ability|p1a: Yveltal|Dark Aura
|move|p2a: Smeargle|Magic Coat|p2a: Smeargle
|-singleturn|p2a: Smeargle|move: Magic Coat
|
|-ability|p2a: Smeargle|Moody|boost
|-boost|p2a: Smeargle|atk|2
|-unboost|p2a: Smeargle|def|1
|upkeep
|turn|2
|
|t:|1658126153
|move|p2a: Smeargle|Magic Coat|p2a: Smeargle
|-singleturn|p2a: Smeargle|move: Magic Coat
|move|p1a: Yveltal|U-turn|p2a: Smeargle
|-damage|p2a: Smeargle|28/100
|
|t:|1658126159
|switch|p1a: Eternatus|Eternatus|100/100|[from]move: U-turn
|-ability|p1a: Eternatus|Pressure
|
|-ability|p2a: Smeargle|Moody|boost
|-boost|p2a: Smeargle|spe|2
|-unboost|p2a: Smeargle|atk|1
|upkeep
|turn|3
|
|t:|1658126169
|move|p2a: Smeargle|Spore|p1a: Eternatus
|-status|p1a: Eternatus|slp|[from] move: Spore
|cant|p1a: Eternatus|slp
|
|-ability|p2a: Smeargle|Moody|boost
|-boost|p2a: Smeargle|atk|2
|-unboost|p2a: Smeargle|spd|1
|upkeep
|turn|4
|
|t:|1658126180
|move|p2a: Smeargle|Stealth Rock|p1a: Eternatus
|-sidestart|p1: TomoTaco69|move: Stealth Rock
|cant|p1a: Eternatus|slp
|
|-ability|p2a: Smeargle|Moody|boost
|-boost|p2a: Smeargle|spe|2
|-unboost|p2a: Smeargle|atk|1
|upkeep
|turn|5
|
|t:|1658126188
|move|p2a: Smeargle|Sticky Web|p1a: Eternatus
|-sidestart|p1: TomoTaco69|move: Sticky Web
|cant|p1a: Eternatus|slp
|
|-ability|p2a: Smeargle|Moody|boost
|-boost|p2a: Smeargle|def|2
|-unboost|p2a: Smeargle|atk|1
|upkeep
|turn|6
|
|t:|1658126197
|move|p2a: Smeargle|Magic Coat|p2a: Smeargle
|-singleturn|p2a: Smeargle|move: Magic Coat
|-curestatus|p1a: Eternatus|slp|[msg]
|move|p1a: Eternatus|Flamethrower|p2a: Smeargle
|-damage|p2a: Smeargle|0 fnt
|faint|p2a: Smeargle
|
|upkeep
|
|t:|1658126205
|switch|p2a: Zacian|Zacian-Crowned|100/100
|-ability|p2a: Zacian|Intrepid Sword|boost
|-boost|p2a: Zacian|atk|1
|turn|7
|
|t:|1658126215
|switch|p1a: Necrozma|Necrozma-Dusk-Mane, shiny|100/100
|-damage|p1a: Necrozma|94/100|[from] Stealth Rock
|-activate|p1a: Necrozma|move: Sticky Web
|-unboost|p1a: Necrozma|spe|1
|move|p2a: Zacian|Crunch|p1a: Necrozma
|-supereffective|p1a: Necrozma
|-damage|p1a: Necrozma|24/100
|-enditem|p1a: Necrozma|Weakness Policy
|-boost|p1a: Necrozma|atk|2|[from] item: Weakness Policy
|-boost|p1a: Necrozma|spa|2|[from] item: Weakness Policy
|
|upkeep
|turn|8
|
|t:|1658126226
|move|p2a: Zacian|Crunch|p1a: Necrozma
|-supereffective|p1a: Necrozma
|-damage|p1a: Necrozma|0 fnt
|faint|p1a: Necrozma
|
|upkeep
|
|t:|1658126228
|switch|p1a: Reshiram|Reshiram, shiny|100/100
|-ability|p1a: Reshiram|Turboblaze
|turn|9
|
|t:|1658126243
|switch|p2a: Rayquaza|Rayquaza|100/100
|-ability|p2a: Rayquaza|Air Lock
|move|p1a: Reshiram|Defog|p2a: Rayquaza
|-unboost|p2a: Rayquaza|evasion|1
|-sideend|p1: TomoTaco69|Stealth Rock|[from] move: Defog|[of] p1a: Reshiram
|-sideend|p1: TomoTaco69|Sticky Web|[from] move: Defog|[of] p1a: Reshiram
|
|upkeep
|turn|10
|
|t:|1658126255
|detailschange|p2a: Rayquaza|Rayquaza-Mega
|-mega|p2a: Rayquaza|Rayquaza|
|-weather|DeltaStream|[from] ability: Delta Stream|[of] p2a: Rayquaza
|move|p2a: Rayquaza|Earthquake|p1a: Reshiram
|-supereffective|p1a: Reshiram
|-damage|p1a: Reshiram|8/100
|-damage|p2a: Rayquaza|91/100|[from] item: Life Orb
|move|p1a: Reshiram|Draco Meteor|p2a: Rayquaza
|-supereffective|p2a: Rayquaza
|-damage|p2a: Rayquaza|0 fnt
|-unboost|p1a: Reshiram|spa|2
|faint|p2a: Rayquaza
|-weather|none
|
|upkeep
|
|t:|1658126270
|switch|p2a: Marshadow|Marshadow|100/100
|turn|11
|
|t:|1658126273
|move|p2a: Marshadow|Shadow Sneak|p1a: Reshiram
|-damage|p1a: Reshiram|0 fnt
|faint|p1a: Reshiram
|
|upkeep
|
|t:|1658126282
|switch|p1a: Yveltal|Yveltal, shiny|100/100
|-ability|p1a: Yveltal|Dark Aura
|turn|12
|
|t:|1658126290
|move|p2a: Marshadow|Close Combat|p1a: Yveltal
|-damage|p1a: Yveltal|46/100
|-unboost|p2a: Marshadow|def|1
|-unboost|p2a: Marshadow|spd|1
|move|p1a: Yveltal|U-turn|p2a: Marshadow
|-resisted|p2a: Marshadow
|-damage|p2a: Marshadow|92/100
|
|t:|1658126294
|switch|p1a: Eternatus|Eternatus|100/100|[from]move: U-turn
|-ability|p1a: Eternatus|Pressure
|
|upkeep
|turn|13
|
|t:|1658126304
|move|p1a: Eternatus|Flamethrower|p2a: Marshadow
|-damage|p2a: Marshadow|40/100
|move|p2a: Marshadow|Close Combat|p1a: Eternatus
|-resisted|p1a: Eternatus
|-damage|p1a: Eternatus|75/100
|-unboost|p2a: Marshadow|def|1
|-unboost|p2a: Marshadow|spd|1
|
|-heal|p1a: Eternatus|81/100|[from] item: Black Sludge
|upkeep
|turn|14
|
|t:|1658126316
|move|p2a: Marshadow|Shadow Sneak|p1a: Eternatus
|-damage|p1a: Eternatus|58/100
|move|p1a: Eternatus|Flamethrower|p2a: Marshadow
|-damage|p2a: Marshadow|0 fnt
|faint|p2a: Marshadow
|
|-heal|p1a: Eternatus|64/100|[from] item: Black Sludge
|upkeep
|
|t:|1658126325
|switch|p2a: Zacian|Zacian-Crowned|100/100
|-ability|p2a: Zacian|Intrepid Sword|boost
|-boost|p2a: Zacian|atk|1
|turn|15
|
|t:|1658126330
|move|p2a: Zacian|Behemoth Blade|p1a: Eternatus
|-damage|p1a: Eternatus|0 fnt
|faint|p1a: Eternatus
|
|upkeep
|
|t:|1658126332
|switch|p1a: Ditto|Ditto, shiny|100/100
|-transform|p1a: Ditto|p2a: Zacian|[from] ability: Imposter
|-ability|p1a: Ditto|Intrepid Sword|boost
|-boost|p1a: Ditto|atk|1
|turn|16
|
|t:|1658126341
|move|p1a: Ditto|Behemoth Blade|p2a: Zacian
|-damage|p2a: Zacian|0 fnt
|faint|p2a: Zacian
|
|upkeep
|
|t:|1658126346
|switch|p2a: Ditto|Ditto|100/100
|turn|17
|
|t:|1658126353
|move|p1a: Ditto|Behemoth Blade|p2a: Ditto
|-damage|p2a: Ditto|0 fnt
|faint|p2a: Ditto
|
|upkeep
|-message|runeygr forfeited.
|
|win|TomoTaco69
|raw|TomoTaco69's rating: 1567 &rarr; <strong>1585</strong><br />(+18 for winning)
|raw|runeygr's rating: 1540 &rarr; <strong>1522</strong><br />(-18 for losing)
|l|☆runeygr
