|j|☆ShineyThe2nd
|j|☆Heya Chu
|t:|1668688532
|gametype|singles
|player|p1|ShineyThe2nd|theroyal|1644
|player|p2|Heya Chu|shadowtriad|1613
|teamsize|p1|6
|teamsize|p2|6
|gen|8
|tier|[Gen 8] National Dex AG
|rated|
|rule|HP Percentage Mod: HP is shown in percentages
|rule|Endless Battle Clause: Forcing endless battles is banned
|clearpoke
|poke|p1|Tapu Koko|
|poke|p1|Regieleki|
|poke|p1|Hawlucha, M|
|poke|p1|Rayquaza|
|poke|p1|Necrozma-Dusk-Mane|
|poke|p1|Muk-Alola, F|
|poke|p2|Rayquaza|
|poke|p2|Kartana|
|poke|p2|Marshadow|
|poke|p2|Whimsicott, F|
|poke|p2|Eternatus|
|poke|p2|Groudon|
|teampreview
|inactive|Battle timer is ON: inactive players will automatically lose when time's up. (requested by Heya Chu)
|
|t:|1668688543
|start
|switch|p1a: Rayquaza|Rayquaza|100/100
|switch|p2a: Groudon|Groudon|100/100
|-ability|p1a: Rayquaza|Air Lock
|detailschange|p2a: Groudon|Groudon-Primal
|-primal|p2a: Groudon
|-weather|DesolateLand|[from] ability: Desolate Land|[of] p2a: Groudon
|turn|1
|j| Heavenly_Xs
|
|t:|1668688553
|detailschange|p1a: Rayquaza|Rayquaza-Mega
|-mega|p1a: Rayquaza|Rayquaza|
|-weather|DeltaStream|[from] ability: Delta Stream|[of] p1a: Rayquaza
|move|p1a: Rayquaza|Surf|p2a: Groudon
|-supereffective|p2a: Groudon
|-damage|p2a: Groudon|0 fnt
|faint|p2a: Groudon
|-damage|p1a: Rayquaza|91/100|[from] item: Life Orb
|
|-weather|DeltaStream|[upkeep]
|upkeep
|
|t:|1668688562
|switch|p2a: Whimsicott|Whimsicott, F|100/100
|turn|2
|
|t:|1668688567
|-weather|none
|switch|p1a: Muk|Muk-Alola, F|100/100
|move|p2a: Whimsicott|Encore|p1a: Muk
|-hint|Since gen 7, Dark is immune to Prankster moves.
|-immune|p1a: Muk
|
|upkeep
|turn|3
|
|t:|1668688572
|move|p2a: Whimsicott|Moonblast|p1a: Muk
|-damage|p1a: Muk|79/100
|move|p1a: Muk|Clear Smog|p2a: Whimsicott
|-supereffective|p2a: Whimsicott
|-damage|p2a: Whimsicott|41/100
|-clearboost|p2a: Whimsicott
|
|upkeep
|turn|4
|
|t:|1668688590
|switch|p2a: Kartana|Kartana|100/100
|move|p1a: Muk|Knock Off|p2a: Kartana
|-damage|p2a: Kartana|60/100
|-enditem|p2a: Kartana|Choice Scarf|[from] move: Knock Off|[of] p1a: Muk
|
|upkeep
|turn|5
|
|t:|1668688600
|switch|p1a: Necrozma|Necrozma-Dusk-Mane|100/100
|move|p2a: Kartana|Sacred Sword|p1a: Necrozma
|-damage|p1a: Necrozma|81/100
|-damage|p2a: Kartana|43/100|[from] item: Rocky Helmet|[of] p1a: Necrozma
|
|upkeep
|turn|6
|
|t:|1668688609
|move|p2a: Kartana|Knock Off|p1a: Necrozma
|-supereffective|p1a: Necrozma
|-damage|p1a: Necrozma|46/100
|-damage|p2a: Kartana|27/100|[from] item: Rocky Helmet|[of] p1a: Necrozma
|-enditem|p1a: Necrozma|Rocky Helmet|[from] move: Knock Off|[of] p2a: Kartana
|move|p1a: Necrozma|Thunder Wave|p2a: Kartana
|-status|p2a: Kartana|par
|
|upkeep
|turn|7
|
|t:|1668688622
|move|p1a: Necrozma|Morning Sun|p1a: Necrozma
|-heal|p1a: Necrozma|96/100
|move|p2a: Kartana|Knock Off|p1a: Necrozma
|-supereffective|p1a: Necrozma
|-damage|p1a: Necrozma|72/100
|
|upkeep
|turn|8
|
|t:|1668688631
|switch|p2a: Whimsicott|Whimsicott, F|41/100
|move|p1a: Necrozma|Stealth Rock|p2a: Whimsicott
|-sidestart|p2: Heya Chu|move: Stealth Rock
|
|upkeep
|turn|9
|
|t:|1668688638
|switch|p1a: Muk|Muk-Alola, F|79/100
|move|p2a: Whimsicott|Encore|p1a: Muk
|-hint|Since gen 7, Dark is immune to Prankster moves.
|-immune|p1a: Muk
|
|upkeep
|turn|10
|
|t:|1668688645
|move|p2a: Whimsicott|Defog|p1a: Muk
|-hint|Since gen 7, Dark is immune to Prankster moves.
|-immune|p1a: Muk
|move|p1a: Muk|Pursuit|p2a: Whimsicott
|-resisted|p2a: Whimsicott
|-crit|p2a: Whimsicott
|-damage|p2a: Whimsicott|25/100
|-status|p2a: Whimsicott|psn|[from] ability: Poison Touch|[of] p1a: Muk
|
|-damage|p2a: Whimsicott|12/100 psn|[from] psn
|upkeep
|turn|11
|
|t:|1668688658
|move|p1a: Muk|Shadow Sneak|p2a: Whimsicott
|-damage|p2a: Whimsicott|0 fnt
|faint|p2a: Whimsicott
|
|upkeep
|
|t:|1668688665
|switch|p2a: Kartana|Kartana|27/100 par
|-damage|p2a: Kartana|20/100 par|[from] Stealth Rock
|turn|12
|
|t:|1668688671
|switch|p1a: Necrozma|Necrozma-Dusk-Mane|72/100
|move|p2a: Kartana|Knock Off|p1a: Necrozma
|-supereffective|p1a: Necrozma
|-damage|p1a: Necrozma|50/100
|
|upkeep
|turn|13
|
|t:|1668688688
|move|p1a: Necrozma|Morning Sun|p1a: Necrozma
|-heal|p1a: Necrozma|100/100
|cant|p2a: Kartana|par
|
|upkeep
|turn|14
|
|t:|1668688695
|move|p1a: Necrozma|Sunsteel Strike|p2a: Kartana
|-resisted|p2a: Kartana
|-damage|p2a: Kartana|0 fnt
|faint|p2a: Kartana
|
|upkeep
|
|t:|1668688700
|switch|p2a: Rayquaza|Rayquaza|100/100
|-damage|p2a: Rayquaza|75/100|[from] Stealth Rock
|-ability|p2a: Rayquaza|Air Lock
|turn|15
|
|t:|1668688709
|detailschange|p2a: Rayquaza|Rayquaza-Mega
|-mega|p2a: Rayquaza|Rayquaza|
|-weather|DeltaStream|[from] ability: Delta Stream|[of] p2a: Rayquaza
|move|p2a: Rayquaza|V-create|p1a: Necrozma
|-supereffective|p1a: Necrozma
|-damage|p1a: Necrozma|36/100
|-unboost|p2a: Rayquaza|spe|1
|-unboost|p2a: Rayquaza|def|1
|-unboost|p2a: Rayquaza|spd|1
|move|p1a: Necrozma|Thunder Wave|p2a: Rayquaza
|-status|p2a: Rayquaza|par
|
|-weather|DeltaStream|[upkeep]
|upkeep
|turn|16
|
|t:|1668688723
|move|p1a: Necrozma|Morning Sun|p1a: Necrozma
|-heal|p1a: Necrozma|86/100
|move|p2a: Rayquaza|V-create|p1a: Necrozma
|-supereffective|p1a: Necrozma
|-damage|p1a: Necrozma|22/100
|-unboost|p2a: Rayquaza|spe|1
|-unboost|p2a: Rayquaza|def|1
|-unboost|p2a: Rayquaza|spd|1
|
|-weather|DeltaStream|[upkeep]
|upkeep
|turn|17
|
|t:|1668688733
|move|p1a: Necrozma|Sunsteel Strike|p2a: Rayquaza
|-damage|p2a: Rayquaza|0 fnt
|faint|p2a: Rayquaza
|-weather|none
|
|upkeep
|
|t:|1668688737
|switch|p2a: Marshadow|Marshadow|100/100
|-damage|p2a: Marshadow|94/100|[from] Stealth Rock
|turn|18
|
|t:|1668688743
|-start|p2a: Marshadow|Dynamax|
|-heal|p2a: Marshadow|94/100|[silent]
|move|p2a: Marshadow|Max Knuckle|p1a: Necrozma
|-damage|p1a: Necrozma|0 fnt
|-boost|p2a: Marshadow|atk|1
|faint|p1a: Necrozma
|
|upkeep
|
|t:|1668688749
|switch|p1a: Tapu Koko|Tapu Koko|100/100
|-fieldstart|move: Electric Terrain|[from] ability: Electric Surge|[of] p1a: Tapu Koko
|turn|19
|
|t:|1668688758
|-start|p1a: Tapu Koko|Dynamax|
|-heal|p1a: Tapu Koko|100/100|[silent]
|move|p1a: Tapu Koko|Max Starfall|p2a: Marshadow
|-supereffective|p2a: Marshadow
|-damage|p2a: Marshadow|29/100
|-fieldstart|move: Misty Terrain
|move|p2a: Marshadow|Max Knuckle|p1a: Tapu Koko
|-resisted|p1a: Tapu Koko
|-damage|p1a: Tapu Koko|74/100
|-boost|p2a: Marshadow|atk|1
|
|upkeep
|turn|20
|
|t:|1668688773
|move|p1a: Tapu Koko|Max Lightning|p2a: Marshadow
|-damage|p2a: Marshadow|0 fnt
|-fieldstart|move: Electric Terrain
|faint|p2a: Marshadow
|
|upkeep
|j| lmp2
|-message|Heya Chu forfeited.
|
|win|ShineyThe2nd
|raw|ShineyThe2nd's rating: 1644 &rarr; <strong>1662</strong><br />(+18 for winning)
|raw|Heya Chu's rating: 1613 &rarr; <strong>1595</strong><br />(-18 for losing)
|l|☆Heya Chu
|l| lmp2
|l| Heavenly_Xs
||Ladder isn't responding, score probably updated but might not have (Request timeout).
