|j|☆cllout
|j|☆Paladin Leroy
|t:|1667950002
|gametype|singles
|player|p1|cllout|misty-lgpe|1695
|player|p2|Paladin Leroy|n|1609
|teamsize|p1|6
|teamsize|p2|6
|gen|8
|tier|[Gen 8] National Dex AG
|rated|
|rule|HP Percentage Mod: HP is shown in percentages
|rule|Endless Battle Clause: Forcing endless battles is banned
|clearpoke
|poke|p1|Rayquaza|
|poke|p1|Calyrex-Shadow|
|poke|p1|Necrozma-Dusk-Mane|
|poke|p1|Xerneas-*|
|poke|p1|Yveltal|
|poke|p1|Shaymin-Sky|
|poke|p2|Necrozma-Dusk-Mane|
|poke|p2|Yveltal|
|poke|p2|Calyrex-Shadow|
|poke|p2|Zacian-*|
|poke|p2|Arceus-*|
|poke|p2|Marshadow|
|teampreview
|inactive|Battle timer is ON: inactive players will automatically lose when time's up. (requested by Paladin Leroy)
|inactive|cllout also wants the timer to be on.
|
|t:|1667950013
|start
|switch|p1a: Necrozma|Necrozma-Dusk-Mane|100/100
|switch|p2a: Arceus|Arceus-Grass|100/100
|turn|1
|
|t:|1667950022
|move|p2a: Arceus|Fire Blast|p1a: Necrozma
|-supereffective|p1a: Necrozma
|-damage|p1a: Necrozma|57/100
|move|p1a: Necrozma|Thunder Wave|p2a: Arceus
|-status|p2a: Arceus|par
|
|upkeep
|turn|2
|
|t:|1667950030
|move|p1a: Necrozma|Morning Sun|p1a: Necrozma
|-heal|p1a: Necrozma|100/100
|move|p2a: Arceus|Fire Blast|p1a: Necrozma
|-supereffective|p1a: Necrozma
|-damage|p1a: Necrozma|49/100
|
|upkeep
|turn|3
|
|t:|1667950042
|move|p1a: Necrozma|Morning Sun|p1a: Necrozma
|-heal|p1a: Necrozma|99/100
|move|p2a: Arceus|Fire Blast|p1a: Necrozma
|-supereffective|p1a: Necrozma
|-damage|p1a: Necrozma|49/100
|
|upkeep
|turn|4
|
|t:|1667950050
|move|p1a: Necrozma|Morning Sun|p1a: Necrozma
|-heal|p1a: Necrozma|99/100
|move|p2a: Arceus|Fire Blast|p1a: Necrozma
|-supereffective|p1a: Necrozma
|-damage|p1a: Necrozma|51/100
|
|upkeep
|turn|5
|
|t:|1667950057
|move|p1a: Necrozma|Morning Sun|p1a: Necrozma
|-heal|p1a: Necrozma|100/100
|move|p2a: Arceus|Fire Blast|p1a: Necrozma|[miss]
|-miss|p2a: Arceus|p1a: Necrozma
|
|upkeep
|turn|6
|
|t:|1667950064
|move|p1a: Necrozma|Stealth Rock|p2a: Arceus
|-sidestart|p2: Paladin Leroy|move: Stealth Rock
|move|p2a: Arceus|Fire Blast|p1a: Necrozma
|-supereffective|p1a: Necrozma
|-damage|p1a: Necrozma|56/100
|
|upkeep
|turn|7
|
|t:|1667950073
|move|p1a: Necrozma|Morning Sun|p1a: Necrozma
|-heal|p1a: Necrozma|100/100
|move|p2a: Arceus|Fire Blast|p1a: Necrozma|[miss]
|-miss|p2a: Arceus|p1a: Necrozma
|
|upkeep
|turn|8
|
|t:|1667950079
|move|p1a: Necrozma|Sunsteel Strike|p2a: Arceus
|-damage|p2a: Arceus|66/100 par
|move|p2a: Arceus|Fire Blast|p1a: Necrozma
|-supereffective|p1a: Necrozma
|-damage|p1a: Necrozma|50/100
|
|upkeep
|turn|9
|
|t:|1667950087
|move|p1a: Necrozma|Morning Sun|p1a: Necrozma
|-heal|p1a: Necrozma|100/100
|move|p2a: Arceus|Judgment|p1a: Necrozma
|-resisted|p1a: Necrozma
|-damage|p1a: Necrozma|73/100
|
|upkeep
|turn|10
|c|☆cllout|zero paras for 9 turns...
|inactive|cllout has 120 seconds left.
|
|t:|1667950119
|switch|p1a: Yveltal|Yveltal, shiny|100/100
|-ability|p1a: Yveltal|Dark Aura
|move|p2a: Arceus|Surf|p1a: Yveltal
|-damage|p1a: Yveltal|80/100
|
|upkeep
|turn|11
|
|t:|1667950127
|move|p1a: Yveltal|Knock Off|p2a: Arceus
|-damage|p2a: Arceus|40/100 par
|move|p2a: Arceus|Blizzard|p1a: Yveltal
|-supereffective|p1a: Yveltal
|-damage|p1a: Yveltal|25/100
|
|upkeep
|turn|12
|
|t:|1667950135
|move|p1a: Yveltal|Roost|p1a: Yveltal
|-heal|p1a: Yveltal|75/100
|-singleturn|p1a: Yveltal|move: Roost
|cant|p2a: Arceus|par
|
|upkeep
|turn|13
|
|t:|1667950145
|switch|p1a: Xerneas|Xerneas|100/100
|-ability|p1a: Xerneas|Fairy Aura
|move|p2a: Arceus|Blizzard|p1a: Xerneas|[miss]
|-miss|p2a: Arceus|p1a: Xerneas
|
|upkeep
|turn|14
|
|t:|1667950154
|move|p1a: Xerneas|Geomancy||[still]
|-prepare|p1a: Xerneas|Geomancy
|-enditem|p1a: Xerneas|Power Herb
|-anim|p1a: Xerneas|Geomancy|p1a: Xerneas
|-boost|p1a: Xerneas|spa|2
|-boost|p1a: Xerneas|spd|2
|-boost|p1a: Xerneas|spe|2
|move|p2a: Arceus|Judgment|p1a: Xerneas
|-damage|p1a: Xerneas|72/100
|
|upkeep
|turn|15
|
|t:|1667950163
|move|p1a: Xerneas|Moonblast|p2a: Arceus
|-damage|p2a: Arceus|0 fnt
|faint|p2a: Arceus
|
|upkeep
|
|t:|1667950178
|switch|p2a: Necrozma|Necrozma-Dusk-Mane, shiny|100/100
|-damage|p2a: Necrozma|94/100|[from] Stealth Rock
|turn|16
|
|t:|1667950188
|-start|p1a: Xerneas|Dynamax|
|-heal|p1a: Xerneas|72/100|[silent]
|move|p1a: Xerneas|Max Flare|p2a: Necrozma
|-supereffective|p2a: Necrozma
|-damage|p2a: Necrozma|1/100
|-weather|SunnyDay
|-enditem|p2a: Necrozma|Weakness Policy
|-boost|p2a: Necrozma|atk|2|[from] item: Weakness Policy
|-boost|p2a: Necrozma|spa|2|[from] item: Weakness Policy
|move|p2a: Necrozma|Sunsteel Strike|p1a: Xerneas
|-supereffective|p1a: Xerneas
|-damage|p1a: Xerneas|0 fnt
|faint|p1a: Xerneas
|
|-weather|SunnyDay|[upkeep]
|upkeep
|c|☆Paladin Leroy|1 hp
|c|☆cllout|this fkn game
|inactive|cllout has 120 seconds left.
|
|t:|1667950219
|switch|p1a: Calyrex|Calyrex-Shadow|100/100
|-ability|p1a: Calyrex|As One
|-ability|p1a: Calyrex|Unnerve
|turn|17
|
|t:|1667950224
|move|p1a: Calyrex|Astral Barrage|p2a: Necrozma
|-supereffective|p2a: Necrozma
|-damage|p2a: Necrozma|0 fnt
|faint|p2a: Necrozma
|-ability|p1a: Calyrex|Grim Neigh|boost
|-boost|p1a: Calyrex|spa|1
|
|-weather|SunnyDay|[upkeep]
|upkeep
|
|t:|1667950228
|switch|p2a: Yveltal|Yveltal|100/100
|-ability|p2a: Yveltal|Dark Aura
|turn|18
|
|t:|1667950240
|switch|p1a: Yveltal|Yveltal, shiny|75/100
|-ability|p1a: Yveltal|Dark Aura
|move|p2a: Yveltal|Defog|p1a: Yveltal
|-unboost|p1a: Yveltal|evasion|1
|-sideend|p2: Paladin Leroy|Stealth Rock|[from] move: Defog|[of] p2a: Yveltal
|
|-weather|SunnyDay|[upkeep]
|upkeep
|turn|19
|
|t:|1667950250
|move|p1a: Yveltal|Roost|p1a: Yveltal
|-heal|p1a: Yveltal|100/100
|-singleturn|p1a: Yveltal|move: Roost
|move|p2a: Yveltal|Oblivion Wing|p1a: Yveltal
|-damage|p1a: Yveltal|65/100
|
|-weather|SunnyDay|[upkeep]
|upkeep
|turn|20
|
|t:|1667950263
|move|p1a: Yveltal|Knock Off|p2a: Yveltal
|-resisted|p2a: Yveltal
|-damage|p2a: Yveltal|79/100
|-enditem|p2a: Yveltal|Heavy-Duty Boots|[from] move: Knock Off|[of] p1a: Yveltal
|move|p2a: Yveltal|Oblivion Wing|p1a: Yveltal
|-damage|p1a: Yveltal|31/100
|-heal|p2a: Yveltal|100/100|[from] drain|[of] p1a: Yveltal
|
|-weather|none
|upkeep
|turn|21
|
|t:|1667950273
|move|p1a: Yveltal|Roost|p1a: Yveltal
|-heal|p1a: Yveltal|81/100
|-singleturn|p1a: Yveltal|move: Roost
|move|p2a: Yveltal|Oblivion Wing|p1a: Yveltal
|-damage|p1a: Yveltal|47/100
|
|upkeep
|turn|22
|
|t:|1667950284
|switch|p2a: Zacian|Zacian-Crowned|100/100
|-ability|p2a: Zacian|Intrepid Sword|boost
|-boost|p2a: Zacian|atk|1
|move|p1a: Yveltal|Roost|p1a: Yveltal
|-heal|p1a: Yveltal|97/100
|-singleturn|p1a: Yveltal|move: Roost
|
|upkeep
|turn|23
|
|t:|1667950298
|switch|p1a: Necrozma|Necrozma-Dusk-Mane|73/100
|move|p2a: Zacian|Play Rough|p1a: Necrozma
|-resisted|p1a: Necrozma
|-damage|p1a: Necrozma|51/100
|-damage|p2a: Zacian|84/100|[from] item: Rocky Helmet|[of] p1a: Necrozma
|
|upkeep
|turn|24
|
|t:|1667950308
|move|p2a: Zacian|Sacred Sword|p1a: Necrozma
|-damage|p1a: Necrozma|20/100
|-damage|p2a: Zacian|67/100|[from] item: Rocky Helmet|[of] p1a: Necrozma
|move|p1a: Necrozma|Morning Sun|p1a: Necrozma
|-heal|p1a: Necrozma|70/100
|
|upkeep
|turn|25
|
|t:|1667950322
|switch|p2a: Yveltal|Yveltal|100/100
|-ability|p2a: Yveltal|Dark Aura
|move|p1a: Necrozma|Morning Sun|p1a: Necrozma
|-heal|p1a: Necrozma|100/100
|
|upkeep
|turn|26
|
|t:|1667950331
|move|p2a: Yveltal|Dark Pulse|p1a: Necrozma
|-supereffective|p1a: Necrozma
|-damage|p1a: Necrozma|25/100
|move|p1a: Necrozma|Thunder Wave|p2a: Yveltal
|-status|p2a: Yveltal|par
|
|upkeep
|turn|27
|
|t:|1667950340
|move|p1a: Necrozma|Stealth Rock|p2a: Yveltal
|-sidestart|p2: Paladin Leroy|move: Stealth Rock
|move|p2a: Yveltal|Dark Pulse|p1a: Necrozma
|-supereffective|p1a: Necrozma
|-damage|p1a: Necrozma|0 fnt
|faint|p1a: Necrozma
|
|upkeep
|j| luisYR_a
|l| luisYR_a
|
|t:|1667950350
|switch|p1a: Yveltal|Yveltal, shiny|97/100
|-ability|p1a: Yveltal|Dark Aura
|turn|28
|
|t:|1667950354
|move|p1a: Yveltal|Taunt|p2a: Yveltal
|-start|p2a: Yveltal|move: Taunt
|cant|p2a: Yveltal|move: Taunt|Defog
|
|upkeep
|turn|29
|
|t:|1667950372
|switch|p1a: Rayquaza|Rayquaza|100/100
|-ability|p1a: Rayquaza|Air Lock
|move|p2a: Yveltal|Oblivion Wing|p1a: Rayquaza
|-damage|p1a: Rayquaza|54/100
|
|upkeep
|turn|30
|
|t:|1667950383
|detailschange|p1a: Rayquaza|Rayquaza-Mega
|-mega|p1a: Rayquaza|Rayquaza|
|-weather|DeltaStream|[from] ability: Delta Stream|[of] p1a: Rayquaza
|move|p1a: Rayquaza|Dragon Ascent|p2a: Yveltal
|-damage|p2a: Yveltal|17/100 par
|-unboost|p1a: Rayquaza|def|1
|-unboost|p1a: Rayquaza|spd|1
|-damage|p1a: Rayquaza|44/100|[from] item: Life Orb
|move|p2a: Yveltal|Oblivion Wing|p1a: Rayquaza
|-damage|p1a: Rayquaza|0 fnt
|-heal|p2a: Yveltal|43/100 par|[from] drain|[of] p1a: Rayquaza
|faint|p1a: Rayquaza
|-weather|none
|
|-end|p2a: Yveltal|move: Taunt
|upkeep
|
|t:|1667950396
|switch|p1a: Shaymin|Shaymin-Sky|100/100
|turn|31
|
|t:|1667950403
|move|p1a: Shaymin|Air Slash|p2a: Yveltal
|-damage|p2a: Yveltal|13/100 par
|move|p2a: Yveltal|Defog|p1a: Shaymin
|-unboost|p1a: Shaymin|evasion|1
|-sideend|p2: Paladin Leroy|Stealth Rock|[from] move: Defog|[of] p2a: Yveltal
|
|upkeep
|turn|32
|
|t:|1667950409
|move|p1a: Shaymin|Air Slash|p2a: Yveltal
|-damage|p2a: Yveltal|0 fnt
|faint|p2a: Yveltal
|
|upkeep
|
|t:|1667950430
|switch|p2a: Calyrex|Calyrex-Shadow|100/100
|-ability|p2a: Calyrex|As One
|-ability|p2a: Calyrex|Unnerve
|turn|33
|
|t:|1667950440
|switch|p1a: Yveltal|Yveltal, shiny|97/100
|-ability|p1a: Yveltal|Dark Aura
|move|p2a: Calyrex|Astral Barrage|p1a: Yveltal
|-resisted|p1a: Yveltal
|-damage|p1a: Yveltal|73/100
|
|upkeep
|turn|34
|
|t:|1667950451
|switch|p2a: Zacian|Zacian-Crowned|67/100
|-ability|p2a: Zacian|Intrepid Sword|boost
|-boost|p2a: Zacian|atk|1
|move|p1a: Yveltal|Knock Off|p2a: Zacian
|-resisted|p2a: Zacian
|-damage|p2a: Zacian|52/100
|
|upkeep
|turn|35
|
|t:|1667950466
|switch|p1a: Calyrex|Calyrex-Shadow|100/100
|-ability|p1a: Calyrex|As One
|-ability|p1a: Calyrex|Unnerve
|move|p2a: Zacian|Play Rough|p1a: Calyrex
|-damage|p1a: Calyrex|1/100
|
|upkeep
|turn|36
|
|t:|1667950479
|move|p1a: Calyrex|Astral Barrage|p2a: Zacian
|-damage|p2a: Zacian|0 fnt
|faint|p2a: Zacian
|-ability|p1a: Calyrex|Grim Neigh|boost
|-boost|p1a: Calyrex|spa|1
|
|upkeep
|
|t:|1667950486
|switch|p2a: Marshadow|Marshadow|100/100
|turn|37
|
|t:|1667950491
|switch|p1a: Yveltal|Yveltal, shiny|73/100
|-ability|p1a: Yveltal|Dark Aura
|move|p2a: Marshadow|Shadow Sneak|p1a: Yveltal
|-resisted|p1a: Yveltal
|-damage|p1a: Yveltal|58/100
|
|upkeep
|turn|38
|
|t:|1667950506
|move|p2a: Marshadow|Drain Punch|p1a: Yveltal
|-damage|p1a: Yveltal|21/100
|move|p1a: Yveltal|Roost|p1a: Yveltal
|-heal|p1a: Yveltal|71/100
|-singleturn|p1a: Yveltal|move: Roost
|
|upkeep
|turn|39
|
|t:|1667950514
|move|p2a: Marshadow|Drain Punch|p1a: Yveltal
|-damage|p1a: Yveltal|35/100
|move|p1a: Yveltal|Roost|p1a: Yveltal
|-heal|p1a: Yveltal|85/100
|-singleturn|p1a: Yveltal|move: Roost
|
|upkeep
|turn|40
|
|t:|1667950522
|move|p2a: Marshadow|Drain Punch|p1a: Yveltal
|-damage|p1a: Yveltal|51/100
|move|p1a: Yveltal|Knock Off|p2a: Marshadow
|-damage|p2a: Marshadow|30/100
|-enditem|p2a: Marshadow|Focus Sash|[from] move: Knock Off|[of] p1a: Yveltal
|
|upkeep
|turn|41
|
|t:|1667950531
|move|p2a: Marshadow|Drain Punch|p1a: Yveltal
|-damage|p1a: Yveltal|15/100
|-heal|p2a: Marshadow|53/100|[from] drain|[of] p1a: Yveltal
|move|p1a: Yveltal|Roost|p1a: Yveltal
|-heal|p1a: Yveltal|65/100
|-singleturn|p1a: Yveltal|move: Roost
|
|upkeep
|turn|42
|
|t:|1667950548
|move|p2a: Marshadow|Drain Punch|p1a: Yveltal
|-damage|p1a: Yveltal|32/100
|-heal|p2a: Marshadow|73/100|[from] drain|[of] p1a: Yveltal
|move|p1a: Yveltal|Roost|p1a: Yveltal
|-heal|p1a: Yveltal|82/100
|-singleturn|p1a: Yveltal|move: Roost
|
|upkeep
|turn|43
|j| luisYR_a
|l| luisYR_a
|
|t:|1667950556
|move|p2a: Marshadow|Drain Punch|p1a: Yveltal
|-damage|p1a: Yveltal|50/100
|-heal|p2a: Marshadow|93/100|[from] drain|[of] p1a: Yveltal
|move|p1a: Yveltal|Knock Off|p2a: Marshadow
|-damage|p2a: Marshadow|45/100
|
|upkeep
|turn|44
|
|t:|1667950572
|move|p2a: Marshadow|Drain Punch|p1a: Yveltal
|-damage|p1a: Yveltal|14/100
|-heal|p2a: Marshadow|67/100|[from] drain|[of] p1a: Yveltal
|move|p1a: Yveltal|Roost|p1a: Yveltal
|-heal|p1a: Yveltal|64/100
|-singleturn|p1a: Yveltal|move: Roost
|
|upkeep
|turn|45
|c|☆cllout|i got a bad yvet set
|c|☆cllout|gotta change it up
|
|t:|1667950592
|move|p2a: Marshadow|Drain Punch|p1a: Yveltal
|-damage|p1a: Yveltal|33/100
|-heal|p2a: Marshadow|86/100|[from] drain|[of] p1a: Yveltal
|move|p1a: Yveltal|Knock Off|p2a: Marshadow
|-damage|p2a: Marshadow|41/100
|
|upkeep
|turn|46
|
|t:|1667950603
|move|p2a: Marshadow|Foul Play|p1a: Yveltal
|-resisted|p1a: Yveltal
|-damage|p1a: Yveltal|18/100
|move|p1a: Yveltal|Roost|p1a: Yveltal
|-heal|p1a: Yveltal|68/100
|-singleturn|p1a: Yveltal|move: Roost
|
|upkeep
|turn|47
|
|t:|1667950611
|move|p2a: Marshadow|Drain Punch|p1a: Yveltal
|-damage|p1a: Yveltal|33/100
|-heal|p2a: Marshadow|62/100|[from] drain|[of] p1a: Yveltal
|move|p1a: Yveltal|Knock Off|p2a: Marshadow
|-damage|p2a: Marshadow|14/100
|
|upkeep
|turn|48
|
|t:|1667950619
|move|p2a: Marshadow|Drain Punch|p1a: Yveltal
|-damage|p1a: Yveltal|1/100
|-heal|p2a: Marshadow|34/100|[from] drain|[of] p1a: Yveltal
|move|p1a: Yveltal|Roost|p1a: Yveltal
|-heal|p1a: Yveltal|51/100
|-singleturn|p1a: Yveltal|move: Roost
|
|upkeep
|turn|49
|
|t:|1667950629
|move|p2a: Marshadow|Drain Punch|p1a: Yveltal
|-damage|p1a: Yveltal|19/100
|-heal|p2a: Marshadow|54/100|[from] drain|[of] p1a: Yveltal
|move|p1a: Yveltal|Roost|p1a: Yveltal
|-heal|p1a: Yveltal|69/100
|-singleturn|p1a: Yveltal|move: Roost
|
|upkeep
|turn|50
|
|t:|1667950637
|switch|p1a: Shaymin|Shaymin-Sky|100/100
|move|p2a: Marshadow|Drain Punch|p1a: Shaymin
|-resisted|p1a: Shaymin
|-damage|p1a: Shaymin|76/100
|-heal|p2a: Marshadow|67/100|[from] drain|[of] p1a: Shaymin
|
|upkeep
|turn|51
|
|t:|1667950658
|move|p2a: Marshadow|Shadow Sneak|p1a: Shaymin
|-damage|p1a: Shaymin|38/100
|move|p1a: Shaymin|Air Slash|p2a: Marshadow
|-supereffective|p2a: Marshadow
|-damage|p2a: Marshadow|0 fnt
|faint|p2a: Marshadow
|
|upkeep
|
|t:|1667950662
|switch|p2a: Calyrex|Calyrex-Shadow|100/100
|-ability|p2a: Calyrex|As One
|-ability|p2a: Calyrex|Unnerve
|turn|52
|
|t:|1667950677
|switch|p1a: Yveltal|Yveltal, shiny|69/100
|-ability|p1a: Yveltal|Dark Aura
|-start|p2a: Calyrex|Dynamax|
|-heal|p2a: Calyrex|100/100|[silent]
|move|p2a: Calyrex|Max Phantasm|p1a: Yveltal
|-resisted|p1a: Yveltal
|-damage|p1a: Yveltal|40/100
|-unboost|p1a: Yveltal|def|1
|
|upkeep
|turn|53
|
|t:|1667950694
|move|p2a: Calyrex|Max Darkness|p1a: Yveltal
|-resisted|p1a: Yveltal
|-damage|p1a: Yveltal|14/100
|-unboost|p1a: Yveltal|spd|1
|move|p1a: Yveltal|Roost|p1a: Yveltal
|-heal|p1a: Yveltal|64/100
|-singleturn|p1a: Yveltal|move: Roost
|
|upkeep
|turn|54
|
|t:|1667950705
|move|p2a: Calyrex|Max Darkness|p1a: Yveltal
|-resisted|p1a: Yveltal
|-damage|p1a: Yveltal|30/100
|-unboost|p1a: Yveltal|spd|1
|move|p1a: Yveltal|Knock Off|p2a: Calyrex
|-supereffective|p2a: Calyrex
|-enditem|p2a: Calyrex|Focus Sash
|-damage|p2a: Calyrex|1/100
|
|upkeep
|-end|p2a: Calyrex|Dynamax
|-heal|p2a: Calyrex|1/100|[silent]
|turn|55
|
|t:|1667950717
|move|p2a: Calyrex|Astral Barrage|p1a: Yveltal
|-resisted|p1a: Yveltal
|-damage|p1a: Yveltal|0 fnt
|faint|p1a: Yveltal
|-ability|p2a: Calyrex|Grim Neigh|boost
|-boost|p2a: Calyrex|spa|1
|
|upkeep
|
|t:|1667950724
|switch|p1a: Shaymin|Shaymin-Sky|38/100
|turn|56
|c|☆cllout|i could easily win here, but watch this
|
|t:|1667950745
|move|p1a: Shaymin|Healing Wish|p1a: Shaymin
|faint|p1a: Shaymin
|move|p2a: Calyrex|Astral Barrage|p1: Shaymin|[notarget]
|-fail|p2a: Calyrex
|
|upkeep
|
|t:|1667950749
|switch|p1a: Calyrex|Calyrex-Shadow|1/100
|-ability|p1a: Calyrex|As One
|-ability|p1a: Calyrex|Unnerve
|-heal|p1a: Calyrex|100/100|[from] move: Healing Wish
|turn|57
|c|☆cllout|outplayed
|
|t:|1667950762
|move|p1a: Calyrex|Astral Barrage|p2a: Calyrex
|-supereffective|p2a: Calyrex
|-damage|p2a: Calyrex|0 fnt
|faint|p2a: Calyrex
|
|win|cllout
|raw|cllout's rating: 1695 &rarr; <strong>1710</strong><br />(+15 for winning)
|raw|Paladin Leroy's rating: 1609 &rarr; <strong>1594</strong><br />(-15 for losing)
|c|☆cllout|gg
|l|☆Paladin Leroy
||Ladder isn't responding, score probably updated but might not have (Request timeout).
