|j|‽Reincarnation of …
|j|☆UncleShannon
|t:|1665815826
|gametype|singles
|player|p1|Reincarnation of …|blue-gen3two|1794
|player|p2|UncleShannon|169|1686
|teamsize|p1|6
|teamsize|p2|6
|gen|8
|tier|[Gen 8] National Dex AG
|rated|
|rule|HP Percentage Mod: HP is shown in percentages
|rule|Endless Battle Clause: Forcing endless battles is banned
|clearpoke
|poke|p1|Ferrothorn, F|
|poke|p1|Arceus-*|
|poke|p1|Arceus-*|
|poke|p1|Necrozma-Dusk-Mane|
|poke|p1|Groudon|
|poke|p1|Ditto|
|poke|p2|Scizor, M|
|poke|p2|Arceus-*|
|poke|p2|Groudon|
|poke|p2|Calyrex-Shadow|
|poke|p2|Yveltal|
|poke|p2|Zacian-*|
|teampreview
|inactive|Battle timer is ON: inactive players will automatically lose when time's up. (requested by Reincarnation of …)
|c|☆UncleShannon|hf
|
|t:|1665815839
|start
|switch|p1a: Groudon|Groudon|100/100
|switch|p2a: Calyrex|Calyrex-Shadow|100/100
|-ability|p2a: Calyrex|As One
|-ability|p2a: Calyrex|Unnerve
|detailschange|p1a: Groudon|Groudon-Primal
|-primal|p1a: Groudon
|-weather|DesolateLand|[from] ability: Desolate Land|[of] p1a: Groudon
|turn|1
|
|t:|1665815846
|-weather|none
|switch|p1a: Arceus|Arceus|100/100
|move|p2a: Calyrex|Astral Barrage|p1a: Arceus
|-immune|p1a: Arceus
|
|upkeep
|turn|2
|
|t:|1665815854
|switch|p2a: Scizor|Scizor, M|100/100
|switch|p1a: Ferrothorn|Ferrothorn, F|100/100
|
|upkeep
|turn|3
|
|t:|1665815862
|detailschange|p2a: Scizor|Scizor-Mega, M
|-mega|p2a: Scizor|Scizor|Scizorite
|move|p2a: Scizor|Curse|p2a: Scizor
|-unboost|p2a: Scizor|spe|1
|-boost|p2a: Scizor|atk|1
|-boost|p2a: Scizor|def|1
|move|p1a: Ferrothorn|Spikes|p2a: Scizor
|-sidestart|p2: UncleShannon|Spikes
|
|upkeep
|turn|4
|
|t:|1665815864
|move|p2a: Scizor|U-turn|p1a: Ferrothorn
|-damage|p1a: Ferrothorn|68/100
|-damage|p2a: Scizor|88/100|[from] ability: Iron Barbs|[of] p1a: Ferrothorn
|
|t:|1665815869
|switch|p2a: Yveltal|Yveltal|100/100|[from]move: U-turn
|-ability|p2a: Yveltal|Dark Aura
|move|p1a: Ferrothorn|Leech Seed|p2a: Yveltal
|-start|p2a: Yveltal|move: Leech Seed
|
|-heal|p1a: Ferrothorn|74/100|[from] item: Leftovers
|-damage|p2a: Yveltal|88/100|[from] Leech Seed|[of] p1a: Ferrothorn
|-heal|p1a: Ferrothorn|91/100|[silent]
|upkeep
|turn|5
|
|t:|1665815875
|switch|p1a: Arceus|Arceus-Fairy|100/100
|move|p2a: Yveltal|Knock Off|p1a: Arceus
|-resisted|p1a: Arceus
|-damage|p1a: Arceus|88/100
|
|-damage|p2a: Yveltal|75/100|[from] Leech Seed|[of] p1a: Arceus
|-heal|p1a: Arceus|100/100|[silent]
|upkeep
|turn|6
|
|t:|1665815882
|switch|p2a: Groudon|Groudon|100/100
|-damage|p2a: Groudon|88/100|[from] Spikes
|detailschange|p2a: Groudon|Groudon-Primal
|-primal|p2a: Groudon
|-weather|DesolateLand|[from] ability: Desolate Land|[of] p2a: Groudon
|move|p1a: Arceus|Stealth Rock|p2a: Groudon
|-sidestart|p2: UncleShannon|move: Stealth Rock
|
|-weather|DesolateLand|[upkeep]
|upkeep
|turn|7
|
|t:|1665815886
|move|p1a: Arceus|Toxic|p2a: Groudon
|-status|p2a: Groudon|tox
|move|p2a: Groudon|Precipice Blades|p1a: Arceus
|-damage|p1a: Arceus|50/100
|
|-weather|DesolateLand|[upkeep]
|-damage|p2a: Groudon|82/100 tox|[from] psn
|upkeep
|turn|8
|
|t:|1665815889
|move|p1a: Arceus|Recover|p1a: Arceus
|-heal|p1a: Arceus|99/100
|move|p2a: Groudon|Stealth Rock|p1a: Arceus
|-sidestart|p1: Reincarnation of …|move: Stealth Rock
|
|-weather|DesolateLand|[upkeep]
|-damage|p2a: Groudon|70/100 tox|[from] psn
|upkeep
|turn|9
|
|t:|1665815892
|move|p1a: Arceus|Judgment|p2a: Groudon
|-resisted|p2a: Groudon
|-damage|p2a: Groudon|49/100 tox
|move|p2a: Groudon|Precipice Blades|p1a: Arceus
|-damage|p1a: Arceus|50/100
|
|-weather|DesolateLand|[upkeep]
|-damage|p2a: Groudon|30/100 tox|[from] psn
|upkeep
|turn|10
|
|t:|1665815896
|move|p1a: Arceus|Recover|p1a: Arceus
|-heal|p1a: Arceus|99/100
|move|p2a: Groudon|Rest|p2a: Groudon
|-status|p2a: Groudon|slp|[from] move: Rest
|-heal|p2a: Groudon|100/100 slp|[silent]
|
|-weather|DesolateLand|[upkeep]
|upkeep
|turn|11
|
|t:|1665815905
|switch|p1a: Groudon|Groudon-Primal|100/100
|-damage|p1a: Groudon|88/100|[from] Stealth Rock
|switch|p2a: Yveltal|Yveltal|75/100
|-ability|p2a: Yveltal|Dark Aura
|
|-weather|DesolateLand|[upkeep]
|upkeep
|turn|12
|
|t:|1665815911
|-start|p2a: Yveltal|Dynamax|
|-heal|p2a: Yveltal|75/100|[silent]
|move|p1a: Groudon|Eruption|p2a: Yveltal
|-damage|p2a: Yveltal|42/100
|move|p2a: Yveltal|Max Darkness|p1a: Groudon
|-damage|p1a: Groudon|46/100
|-unboost|p1a: Groudon|spd|1
|
|-weather|DesolateLand|[upkeep]
|upkeep
|turn|13
|
|t:|1665815923
|-weather|none
|switch|p1a: Arceus|Arceus-Fairy|99/100
|-damage|p1a: Arceus|87/100|[from] Stealth Rock
|move|p2a: Yveltal|Max Darkness|p1a: Arceus
|-resisted|p1a: Arceus
|-damage|p1a: Arceus|65/100
|-unboost|p1a: Arceus|spd|1
|
|upkeep
|turn|14
|
|t:|1665815931
|-end|p2a: Yveltal|Dynamax
|-heal|p2a: Yveltal|42/100|[silent]
|switch|p2a: Calyrex|Calyrex-Shadow|100/100
|-ability|p2a: Calyrex|As One
|-ability|p2a: Calyrex|Unnerve
|-damage|p2a: Calyrex|88/100|[from] Spikes
|-damage|p2a: Calyrex|76/100|[from] Stealth Rock
|move|p1a: Arceus|Recover|p1a: Arceus
|-heal|p1a: Arceus|100/100
|
|upkeep
|turn|15
|
|t:|1665815940
|switch|p2a: Arceus|Arceus-Rock|100/100
|-damage|p2a: Arceus|88/100|[from] Spikes
|-damage|p2a: Arceus|76/100|[from] Stealth Rock
|move|p1a: Arceus|Judgment|p2a: Arceus
|-damage|p2a: Arceus|45/100
|
|upkeep
|turn|16
|
|t:|1665815944
|move|p2a: Arceus|Recover|p2a: Arceus
|-heal|p2a: Arceus|95/100
|move|p1a: Arceus|Toxic|p2a: Arceus
|-status|p2a: Arceus|tox
|
|-damage|p2a: Arceus|89/100 tox|[from] psn
|upkeep
|turn|17
|
|t:|1665815949
|move|p2a: Arceus|Judgment|p1a: Arceus
|-damage|p1a: Arceus|60/100
|move|p1a: Arceus|Judgment|p2a: Arceus
|-damage|p2a: Arceus|54/100 tox
|
|-damage|p2a: Arceus|42/100 tox|[from] psn
|upkeep
|turn|18
|
|t:|1665815958
|move|p2a: Arceus|Refresh|p2a: Arceus
|-curestatus|p2a: Arceus|tox|[msg]
|move|p1a: Arceus|Recover|p1a: Arceus
|-heal|p1a: Arceus|100/100
|
|upkeep
|turn|19
|
|t:|1665815961
|switch|p1a: Necrozma|Necrozma-Dusk-Mane|100/100
|-damage|p1a: Necrozma|95/100|[from] Stealth Rock
|move|p2a: Arceus|Recover|p2a: Arceus
|-heal|p2a: Arceus|92/100
|
|upkeep
|turn|20
|
|t:|1665815963
|move|p2a: Arceus|Will-O-Wisp|p1a: Necrozma
|-status|p1a: Necrozma|brn
|move|p1a: Necrozma|Dragon Dance|p1a: Necrozma
|-boost|p1a: Necrozma|atk|1
|-boost|p1a: Necrozma|spe|1
|
|-damage|p1a: Necrozma|89/100 brn|[from] brn
|upkeep
|turn|21
|
|t:|1665815970
|switch|p2a: Scizor|Scizor-Mega, M|88/100
|-damage|p2a: Scizor|76/100|[from] Spikes
|-damage|p2a: Scizor|64/100|[from] Stealth Rock
|move|p1a: Necrozma|Dragon Dance|p1a: Necrozma
|-boost|p1a: Necrozma|atk|1
|-boost|p1a: Necrozma|spe|1
|
|-damage|p1a: Necrozma|83/100 brn|[from] brn
|upkeep
|turn|22
|
|t:|1665815976
|move|p1a: Necrozma|Earthquake|p2a: Scizor
|-damage|p2a: Scizor|40/100
|move|p2a: Scizor|Curse|p2a: Scizor
|-unboost|p2a: Scizor|spe|1
|-boost|p2a: Scizor|atk|1
|-boost|p2a: Scizor|def|1
|
|-damage|p1a: Necrozma|77/100 brn|[from] brn
|upkeep
|turn|23
|
|t:|1665815980
|switch|p1a: Ferrothorn|Ferrothorn, F|91/100
|-damage|p1a: Ferrothorn|84/100|[from] Stealth Rock
|move|p2a: Scizor|Roost|p2a: Scizor
|-heal|p2a: Scizor|90/100
|-singleturn|p2a: Scizor|move: Roost
|
|-heal|p1a: Ferrothorn|91/100|[from] item: Leftovers
|upkeep
|turn|24
|
|t:|1665815982
|move|p2a: Scizor|Curse|p2a: Scizor
|-unboost|p2a: Scizor|spe|1
|-boost|p2a: Scizor|atk|1
|-boost|p2a: Scizor|def|1
|move|p1a: Ferrothorn|Spikes|p2a: Scizor
|-sidestart|p2: UncleShannon|Spikes
|
|-heal|p1a: Ferrothorn|97/100|[from] item: Leftovers
|upkeep
|turn|25
|
|t:|1665815987
|move|p2a: Scizor|Curse|p2a: Scizor
|-unboost|p2a: Scizor|spe|1
|-boost|p2a: Scizor|atk|1
|-boost|p2a: Scizor|def|1
|move|p1a: Ferrothorn|Leech Seed|p2a: Scizor|[miss]
|-miss|p1a: Ferrothorn|p2a: Scizor
|
|-heal|p1a: Ferrothorn|100/100|[from] item: Leftovers
|upkeep
|turn|26
|
|t:|1665815994
|move|p2a: Scizor|U-turn|p1a: Ferrothorn
|-damage|p1a: Ferrothorn|52/100
|-damage|p2a: Scizor|77/100|[from] ability: Iron Barbs|[of] p1a: Ferrothorn
|
|t:|1665815996
|switch|p2a: Yveltal|Yveltal|42/100|[from]move: U-turn
|-ability|p2a: Yveltal|Dark Aura
|move|p1a: Ferrothorn|Leech Seed|p2a: Yveltal
|-start|p2a: Yveltal|move: Leech Seed
|
|-heal|p1a: Ferrothorn|59/100|[from] item: Leftovers
|-damage|p2a: Yveltal|29/100|[from] Leech Seed|[of] p1a: Ferrothorn
|-heal|p1a: Ferrothorn|75/100|[silent]
|upkeep
|turn|27
|
|t:|1665816001
|move|p2a: Yveltal|Defog|p1a: Ferrothorn
|-unboost|p1a: Ferrothorn|evasion|1
|-sideend|p1: Reincarnation of …|Stealth Rock|[from] move: Defog|[of] p2a: Yveltal
|-sideend|p2: UncleShannon|Spikes|[from] move: Defog|[of] p2a: Yveltal
|-sideend|p2: UncleShannon|Stealth Rock|[from] move: Defog|[of] p2a: Yveltal
|move|p1a: Ferrothorn|Gyro Ball|p2a: Yveltal
|-damage|p2a: Yveltal|0 fnt
|faint|p2a: Yveltal
|
|-heal|p1a: Ferrothorn|81/100|[from] item: Leftovers
|upkeep
|
|t:|1665816006
|switch|p2a: Calyrex|Calyrex-Shadow|76/100
|-ability|p2a: Calyrex|As One
|-ability|p2a: Calyrex|Unnerve
|turn|28
|
|t:|1665816012
|switch|p1a: Arceus|Arceus-Fairy|100/100
|move|p2a: Calyrex|Trick||[still]
|-fail|p2a: Calyrex
|
|upkeep
|turn|29
|
|t:|1665816017
|switch|p2a: Zacian|Zacian-Crowned|100/100
|-ability|p2a: Zacian|Intrepid Sword|boost
|-boost|p2a: Zacian|atk|1
|move|p1a: Arceus|Stealth Rock|p2a: Zacian
|-sidestart|p2: UncleShannon|move: Stealth Rock
|
|upkeep
|turn|30
|
|t:|1665816022
|switch|p2a: Calyrex|Calyrex-Shadow|76/100
|-ability|p2a: Calyrex|As One
|-ability|p2a: Calyrex|Unnerve
|-damage|p2a: Calyrex|64/100|[from] Stealth Rock
|switch|p1a: Necrozma|Necrozma-Dusk-Mane|77/100 brn
|
|-damage|p1a: Necrozma|71/100 brn|[from] brn
|upkeep
|turn|31
|
|t:|1665816031
|switch|p1a: Arceus|Arceus|100/100
|move|p2a: Calyrex|Astral Barrage|p1a: Arceus
|-immune|p1a: Arceus
|
|upkeep
|turn|32
|
|t:|1665816041
|switch|p1a: Groudon|Groudon-Primal|46/100
|-weather|DesolateLand|[from] ability: Desolate Land|[of] p1a: Groudon
|move|p2a: Calyrex|Astral Barrage|p1a: Groudon
|-damage|p1a: Groudon|0 fnt
|faint|p1a: Groudon
|-weather|none
|-ability|p2a: Calyrex|Grim Neigh|boost
|-boost|p2a: Calyrex|spa|1
|
|upkeep
|
|t:|1665816051
|switch|p1a: Arceus|Arceus|100/100
|turn|33
|
|t:|1665816054
|move|p2a: Calyrex|Astral Barrage|p1a: Arceus
|-immune|p1a: Arceus
|move|p1a: Arceus|Shadow Claw|p2a: Calyrex
|-supereffective|p2a: Calyrex
|-damage|p2a: Calyrex|0 fnt
|faint|p2a: Calyrex
|
|upkeep
|
|t:|1665816068
|switch|p2a: Scizor|Scizor-Mega, M|77/100
|-damage|p2a: Scizor|65/100|[from] Stealth Rock
|turn|34
|
|t:|1665816072
|switch|p1a: Ferrothorn|Ferrothorn, F|81/100
|move|p2a: Scizor|Roost|p2a: Scizor
|-heal|p2a: Scizor|100/100
|-singleturn|p2a: Scizor|move: Roost
|
|-heal|p1a: Ferrothorn|87/100|[from] item: Leftovers
|upkeep
|turn|35
|
|t:|1665816077
|move|p2a: Scizor|Curse|p2a: Scizor
|-unboost|p2a: Scizor|spe|1
|-boost|p2a: Scizor|atk|1
|-boost|p2a: Scizor|def|1
|move|p1a: Ferrothorn|Spikes|p2a: Scizor
|-sidestart|p2: UncleShannon|Spikes
|
|-heal|p1a: Ferrothorn|94/100|[from] item: Leftovers
|upkeep
|turn|36
|
|t:|1665816080
|move|p2a: Scizor|Curse|p2a: Scizor
|-unboost|p2a: Scizor|spe|1
|-boost|p2a: Scizor|atk|1
|-boost|p2a: Scizor|def|1
|move|p1a: Ferrothorn|Leech Seed|p2a: Scizor
|-start|p2a: Scizor|move: Leech Seed
|
|-heal|p1a: Ferrothorn|99/100|[from] item: Leftovers
|-damage|p2a: Scizor|88/100|[from] Leech Seed|[of] p1a: Ferrothorn
|-heal|p1a: Ferrothorn|100/100|[silent]
|upkeep
|turn|37
|
|t:|1665816082
|move|p2a: Scizor|Curse|p2a: Scizor
|-unboost|p2a: Scizor|spe|1
|-boost|p2a: Scizor|atk|1
|-boost|p2a: Scizor|def|1
|move|p1a: Ferrothorn|Spikes|p2a: Scizor
|-sidestart|p2: UncleShannon|Spikes
|
|-damage|p2a: Scizor|76/100|[from] Leech Seed|[of] p1a: Ferrothorn
|upkeep
|turn|38
|
|t:|1665816084
|move|p2a: Scizor|Curse|p2a: Scizor
|-unboost|p2a: Scizor|spe|1
|-boost|p2a: Scizor|atk|1
|-boost|p2a: Scizor|def|1
|move|p1a: Ferrothorn|Spikes|p2a: Scizor
|-sidestart|p2: UncleShannon|Spikes
|
|-damage|p2a: Scizor|64/100|[from] Leech Seed|[of] p1a: Ferrothorn
|upkeep
|turn|39
|
|t:|1665816088
|move|p2a: Scizor|Curse|p2a: Scizor
|-unboost|p2a: Scizor|spe|1
|-boost|p2a: Scizor|atk|1
|-boost|p2a: Scizor|def|1
|move|p1a: Ferrothorn|Gyro Ball|p2a: Scizor
|-resisted|p2a: Scizor
|-damage|p2a: Scizor|63/100
|
|-damage|p2a: Scizor|50/100|[from] Leech Seed|[of] p1a: Ferrothorn
|upkeep
|turn|40
|
|t:|1665816098
|switch|p1a: Necrozma|Necrozma-Dusk-Mane|71/100 brn
|move|p2a: Scizor|Roost|p2a: Scizor
|-heal|p2a: Scizor|100/100
|-singleturn|p2a: Scizor|move: Roost
|
|-damage|p2a: Scizor|88/100|[from] Leech Seed|[of] p1a: Necrozma
|-heal|p1a: Necrozma|83/100 brn|[silent]
|-damage|p1a: Necrozma|77/100 brn|[from] brn
|upkeep
|turn|41
|
|t:|1665816102
|move|p1a: Necrozma|Dragon Dance|p1a: Necrozma
|-boost|p1a: Necrozma|atk|1
|-boost|p1a: Necrozma|spe|1
|move|p2a: Scizor|U-turn|p1a: Necrozma
|-damage|p1a: Necrozma|0 fnt
|faint|p1a: Necrozma
|
|t:|1665816109
|switch|p2a: Arceus|Arceus-Rock|92/100|[from]move: U-turn
|-damage|p2a: Arceus|80/100|[from] Stealth Rock
|-damage|p2a: Arceus|55/100|[from] Spikes
|
|upkeep
|
|t:|1665816124
|switch|p1a: Ferrothorn|Ferrothorn, F|100/100
|turn|42
|
|t:|1665816126
|move|p2a: Arceus|Will-O-Wisp|p1a: Ferrothorn
|-status|p1a: Ferrothorn|brn
|move|p1a: Ferrothorn|Leech Seed|p2a: Arceus|[miss]
|-miss|p1a: Ferrothorn|p2a: Arceus
|
|-damage|p1a: Ferrothorn|94/100 brn|[from] brn
|upkeep
|turn|43
|
|t:|1665816131
|move|p2a: Arceus|Recover|p2a: Arceus
|-heal|p2a: Arceus|100/100
|move|p1a: Ferrothorn|Leech Seed|p2a: Arceus|[miss]
|-miss|p1a: Ferrothorn|p2a: Arceus
|
|-heal|p1a: Ferrothorn|100/100 brn|[from] item: Leftovers
|-damage|p1a: Ferrothorn|94/100 brn|[from] brn
|upkeep
|turn|44
|
|t:|1665816140
|switch|p2a: Zacian|Zacian-Crowned|100/100
|-damage|p2a: Zacian|94/100|[from] Stealth Rock
|-damage|p2a: Zacian|69/100|[from] Spikes
|-ability|p2a: Zacian|Intrepid Sword|boost
|-boost|p2a: Zacian|atk|1
|move|p1a: Ferrothorn|Leech Seed|p2a: Zacian
|-start|p2a: Zacian|move: Leech Seed
|
|-heal|p1a: Ferrothorn|100/100 brn|[from] item: Leftovers
|-damage|p2a: Zacian|57/100|[from] Leech Seed|[of] p1a: Ferrothorn
|-damage|p1a: Ferrothorn|94/100 brn|[from] brn
|upkeep
|turn|45
|
|t:|1665816143
|move|p2a: Zacian|Close Combat|p1a: Ferrothorn
|-supereffective|p1a: Ferrothorn
|-damage|p1a: Ferrothorn|13/100 brn
|-unboost|p2a: Zacian|def|1
|-unboost|p2a: Zacian|spd|1
|-damage|p2a: Zacian|45/100|[from] ability: Iron Barbs|[of] p1a: Ferrothorn
|move|p1a: Ferrothorn|Gyro Ball|p2a: Zacian
|-damage|p2a: Zacian|12/100
|
|-heal|p1a: Ferrothorn|19/100 brn|[from] item: Leftovers
|-damage|p2a: Zacian|0 fnt|[from] Leech Seed|[of] p1a: Ferrothorn
|-heal|p1a: Ferrothorn|29/100 brn|[silent]
|faint|p2a: Zacian
|-damage|p1a: Ferrothorn|23/100 brn|[from] brn
|upkeep
|
|t:|1665816155
|switch|p2a: Scizor|Scizor-Mega, M|88/100
|-damage|p2a: Scizor|76/100|[from] Stealth Rock
|-damage|p2a: Scizor|51/100|[from] Spikes
|turn|46
|
|t:|1665816163
|move|p2a: Scizor|Roost|p2a: Scizor
|-heal|p2a: Scizor|100/100
|-singleturn|p2a: Scizor|move: Roost
|move|p1a: Ferrothorn|Leech Seed|p2a: Scizor
|-start|p2a: Scizor|move: Leech Seed
|
|-heal|p1a: Ferrothorn|29/100 brn|[from] item: Leftovers
|-damage|p2a: Scizor|88/100|[from] Leech Seed|[of] p1a: Ferrothorn
|-heal|p1a: Ferrothorn|41/100 brn|[silent]
|-damage|p1a: Ferrothorn|35/100 brn|[from] brn
|upkeep
|turn|47
|
|t:|1665816167
|move|p2a: Scizor|Curse|p2a: Scizor
|-unboost|p2a: Scizor|spe|1
|-boost|p2a: Scizor|atk|1
|-boost|p2a: Scizor|def|1
|move|p1a: Ferrothorn|Gyro Ball|p2a: Scizor
|-resisted|p2a: Scizor
|-damage|p2a: Scizor|86/100
|
|-heal|p1a: Ferrothorn|41/100 brn|[from] item: Leftovers
|-damage|p2a: Scizor|74/100|[from] Leech Seed|[of] p1a: Ferrothorn
|-heal|p1a: Ferrothorn|53/100 brn|[silent]
|-damage|p1a: Ferrothorn|47/100 brn|[from] brn
|upkeep
|turn|48
|
|t:|1665816171
|move|p2a: Scizor|U-turn|p1a: Ferrothorn
|-damage|p1a: Ferrothorn|14/100 brn
|-damage|p2a: Scizor|61/100|[from] ability: Iron Barbs|[of] p1a: Ferrothorn
|
|t:|1665816177
|switch|p2a: Arceus|Arceus-Rock|100/100|[from]move: U-turn
|-damage|p2a: Arceus|88/100|[from] Stealth Rock
|-damage|p2a: Arceus|63/100|[from] Spikes
|move|p1a: Ferrothorn|Spikes||[still]
|-fail|p1a: Ferrothorn
|
|-heal|p1a: Ferrothorn|21/100 brn|[from] item: Leftovers
|-damage|p1a: Ferrothorn|14/100 brn|[from] brn
|upkeep
|turn|49
|
|t:|1665816180
|move|p2a: Arceus|Judgment|p1a: Ferrothorn
|-resisted|p1a: Ferrothorn
|-damage|p1a: Ferrothorn|0 fnt
|faint|p1a: Ferrothorn
|
|upkeep
|
|t:|1665816185
|switch|p1a: Arceus|Arceus-Fairy|100/100
|turn|50
|
|t:|1665816188
|move|p2a: Arceus|Will-O-Wisp|p1a: Arceus
|-status|p1a: Arceus|brn
|move|p1a: Arceus|Toxic|p2a: Arceus
|-status|p2a: Arceus|tox
|
|-damage|p2a: Arceus|57/100 tox|[from] psn
|-damage|p1a: Arceus|94/100 brn|[from] brn
|upkeep
|turn|51
|
|t:|1665816193
|move|p2a: Arceus|Refresh|p2a: Arceus
|-curestatus|p2a: Arceus|tox|[msg]
|move|p1a: Arceus|Judgment|p2a: Arceus
|-damage|p2a: Arceus|27/100
|
|-damage|p1a: Arceus|88/100 brn|[from] brn
|upkeep
|turn|52
|
|t:|1665816200
|move|p2a: Arceus|Recover|p2a: Arceus
|-heal|p2a: Arceus|77/100
|move|p1a: Arceus|Toxic|p2a: Arceus
|-status|p2a: Arceus|tox
|
|-damage|p2a: Arceus|71/100 tox|[from] psn
|-damage|p1a: Arceus|82/100 brn|[from] brn
|upkeep
|turn|53
|
|t:|1665816204
|move|p2a: Arceus|Refresh|p2a: Arceus
|-curestatus|p2a: Arceus|tox|[msg]
|move|p1a: Arceus|Judgment|p2a: Arceus
|-damage|p2a: Arceus|40/100
|
|-damage|p1a: Arceus|76/100 brn|[from] brn
|upkeep
|turn|54
|
|t:|1665816208
|move|p2a: Arceus|Recover|p2a: Arceus
|-heal|p2a: Arceus|90/100
|move|p1a: Arceus|Judgment|p2a: Arceus
|-damage|p2a: Arceus|57/100
|
|-damage|p1a: Arceus|70/100 brn|[from] brn
|upkeep
|turn|55
|
|t:|1665816211
|move|p2a: Arceus|Recover|p2a: Arceus
|-heal|p2a: Arceus|100/100
|move|p1a: Arceus|Judgment|p2a: Arceus
|-damage|p2a: Arceus|70/100
|
|-damage|p1a: Arceus|64/100 brn|[from] brn
|upkeep
|turn|56
|
|t:|1665816215
|switch|p2a: Groudon|Groudon-Primal|100/100 slp
|-damage|p2a: Groudon|88/100 slp|[from] Stealth Rock
|-damage|p2a: Groudon|63/100 slp|[from] Spikes
|-weather|DesolateLand|[from] ability: Desolate Land|[of] p2a: Groudon
|move|p1a: Arceus|Judgment|p2a: Groudon
|-resisted|p2a: Groudon
|-damage|p2a: Groudon|43/100 slp
|
|-weather|DesolateLand|[upkeep]
|-damage|p1a: Arceus|58/100 brn|[from] brn
|upkeep
|turn|57
|
|t:|1665816219
|switch|p1a: Arceus|Arceus|100/100
|cant|p2a: Groudon|slp
|
|-weather|DesolateLand|[upkeep]
|upkeep
|turn|58
|
|t:|1665816222
|move|p1a: Arceus|Swords Dance|p1a: Arceus
|-boost|p1a: Arceus|atk|2
|cant|p2a: Groudon|slp
|
|-weather|DesolateLand|[upkeep]
|upkeep
|turn|59
|
|t:|1665816228
|move|p1a: Arceus|Extreme Speed|p2a: Groudon
|-damage|p2a: Groudon|0 fnt
|faint|p2a: Groudon
|-weather|none
|
|upkeep
|
|t:|1665816231
|switch|p2a: Arceus|Arceus-Rock|70/100
|-damage|p2a: Arceus|58/100|[from] Stealth Rock
|-damage|p2a: Arceus|33/100|[from] Spikes
|turn|60
|
|t:|1665816237
|-start|p1a: Arceus|Dynamax|
|-heal|p1a: Arceus|100/100|[silent]
|move|p2a: Arceus|Will-O-Wisp|p1a: Arceus
|-status|p1a: Arceus|brn
|-enditem|p1a: Arceus|Lum Berry|[eat]
|-curestatus|p1a: Arceus|brn|[msg]
|move|p1a: Arceus|Max Phantasm|p2a: Arceus
|-damage|p2a: Arceus|0 fnt
|faint|p2a: Arceus
|
|upkeep
|
|t:|1665816242
|switch|p2a: Scizor|Scizor-Mega, M|61/100
|-damage|p2a: Scizor|49/100|[from] Stealth Rock
|-damage|p2a: Scizor|24/100|[from] Spikes
|turn|61
|-message|UncleShannon forfeited.
|
|win|Reincarnation of …
|raw|Reincarnation of …'s rating: 1794 &rarr; <strong>1808</strong><br />(+14 for winning)
|raw|UncleShannon's rating: 1686 &rarr; <strong>1672</strong><br />(-14 for losing)
|l|☆UncleShannon
