|j|☆FloomFlooms
|j|☆Sunorma
|t:|1668612295
|gametype|singles
|player|p1|FloomFlooms|flannery|1503
|player|p2|Sunorma|artist-gen4|1695
|teamsize|p1|6
|teamsize|p2|6
|gen|8
|tier|[Gen 8] National Dex AG
|rated|
|rule|HP Percentage Mod: HP is shown in percentages
|rule|Endless Battle Clause: Forcing endless battles is banned
|clearpoke
|poke|p1|Cinccino, F|
|poke|p1|Buzzwole|
|poke|p1|Grimmsnarl, M|
|poke|p1|Smeargle, M|
|poke|p1|Magearna|
|poke|p1|Cinderace, F|
|poke|p2|Smeargle, F|
|poke|p2|Smeargle, M|
|poke|p2|Smeargle, M|
|poke|p2|Smeargle, F|
|poke|p2|Smeargle, F|
|poke|p2|Calyrex-Shadow|
|teampreview
|
|t:|1668612303
|start
|switch|p1a: Puffball|Cinccino, F|100/100
|switch|p2a: Goya|Smeargle, F|100/100
|turn|1
|
|t:|1668612317
|move|p2a: Goya|Magic Coat|p2a: Goya
|-singleturn|p2a: Goya|move: Magic Coat
|move|p1a: Puffball|Bullet Seed|p2a: Goya
|-damage|p2a: Goya|82/100
|-damage|p2a: Goya|64/100
|-damage|p2a: Goya|46/100
|-damage|p2a: Goya|27/100
|-damage|p2a: Goya|8/100
|-hitcount|p2a: Goya|5
|
|-ability|p2a: Goya|Moody|boost
|-boost|p2a: Goya|spd|2
|-unboost|p2a: Goya|def|1
|upkeep
|turn|2
|c|☆FloomFlooms|Hm
|
|t:|1668612336
|move|p1a: Puffball|Bullet Seed|p2a: Goya
|-damage|p2a: Goya|0 fnt
|faint|p2a: Goya
|-hitcount|p2: Goya|1
|
|upkeep
|
|t:|1668612339
|switch|p2a: Dalí|Smeargle, F|100/100
|turn|3
|
|t:|1668612343
|move|p1a: Puffball|Bullet Seed|p2a: Dalí
|-damage|p2a: Dalí|83/100
|-damage|p2a: Dalí|67/100
|-damage|p2a: Dalí|51/100
|-damage|p2a: Dalí|34/100
|-damage|p2a: Dalí|16/100
|-hitcount|p2a: Dalí|5
|cant|p2a: Dalí|flinch
|
|-ability|p2a: Dalí|Moody|boost
|-boost|p2a: Dalí|spa|2
|-unboost|p2a: Dalí|atk|1
|upkeep
|turn|4
|
|t:|1668612366
|move|p1a: Puffball|Bullet Seed|p2a: Dalí
|-damage|p2a: Dalí|0 fnt
|faint|p2a: Dalí
|-hitcount|p2: Dalí|1
|
|upkeep
|
|t:|1668612378
|switch|p2a: Horse Luis|Calyrex-Shadow|100/100
|-ability|p2a: Horse Luis|As One
|-ability|p2a: Horse Luis|Unnerve
|turn|5
|
|t:|1668612399
|-start|p2a: Horse Luis|Dynamax|
|-heal|p2a: Horse Luis|100/100|[silent]
|move|p2a: Horse Luis|Max Mindstorm|p1a: Puffball
|-damage|p1a: Puffball|0 fnt
|-fieldstart|move: Psychic Terrain
|faint|p1a: Puffball
|-ability|p2a: Horse Luis|Grim Neigh|boost
|-boost|p2a: Horse Luis|spa|1
|
|upkeep
|
|t:|1668612409
|switch|p1a: Bunbun|Cinderace, F|100/100
|turn|6
|
|t:|1668612431
|move|p2a: Horse Luis|Max Mindstorm|p1a: Bunbun
|-damage|p1a: Bunbun|0 fnt
|faint|p1a: Bunbun
|-ability|p2a: Horse Luis|Grim Neigh|boost
|-boost|p2a: Horse Luis|spa|1
|
|upkeep
|
|t:|1668612442
|switch|p1a: Painty|Smeargle, M|100/100
|turn|7
|
|t:|1668612448
|switch|p1a: Snarl|Grimmsnarl, M|100/100
|move|p2a: Horse Luis|Max Starfall|p1a: Snarl
|-supereffective|p1a: Snarl
|-damage|p1a: Snarl|0 fnt
|-fieldstart|move: Misty Terrain
|faint|p1a: Snarl
|-ability|p2a: Horse Luis|Grim Neigh|boost
|-boost|p2a: Horse Luis|spa|1
|
|upkeep
|
|t:|1668612455
|switch|p1a: Painty|Smeargle, M|100/100
|-end|p2a: Horse Luis|Dynamax
|-heal|p2a: Horse Luis|100/100|[silent]
|turn|8
|
|t:|1668612466
|move|p2a: Horse Luis|Psyshock|p1a: Painty
|-enditem|p1a: Painty|Focus Sash
|-damage|p1a: Painty|1/100
|move|p1a: Painty|Spectral Thief||[still]
|-clearpositiveboost|p2a: Horse Luis|p1a: Painty|move: Spectral Thief
|-boost|p1a: Painty|spa|3
|-anim|p1a: Painty|Spectral Thief|p2a: Horse Luis
|-supereffective|p2a: Horse Luis
|-damage|p2a: Horse Luis|66/100
|
|-ability|p1a: Painty|Moody|boost
|-boost|p1a: Painty|atk|2
|-unboost|p1a: Painty|spd|1
|upkeep
|turn|9
|
|t:|1668612481
|switch|p1a: Mawa|Magearna|100/100
|move|p2a: Horse Luis|Draining Kiss|p1a: Mawa
|-resisted|p1a: Mawa
|-damage|p1a: Mawa|94/100
|-heal|p2a: Horse Luis|72/100|[from] drain|[of] p1a: Mawa
|
|upkeep
|turn|10
|
|t:|1668612498
|move|p2a: Horse Luis|Psyshock|p1a: Mawa
|-resisted|p1a: Mawa
|-damage|p1a: Mawa|74/100
|move|p1a: Mawa|Shift Gear|p1a: Mawa
|-boost|p1a: Mawa|spe|2
|-boost|p1a: Mawa|atk|1
|
|upkeep
|turn|11
|
|t:|1668612511
|move|p2a: Horse Luis|Astral Barrage|p1a: Mawa
|-damage|p1a: Mawa|28/100
|move|p1a: Mawa|Shift Gear|p1a: Mawa
|-boost|p1a: Mawa|spe|2
|-boost|p1a: Mawa|atk|1
|
|-fieldend|Misty Terrain
|upkeep
|turn|12
|
|t:|1668612521
|move|p1a: Mawa|Baton Pass|p1a: Mawa
|
|t:|1668612529
|switch|p1a: Painty|Smeargle, M|1/100|[from]move: Baton Pass
|move|p2a: Horse Luis|Astral Barrage|p1a: Painty
|-immune|p1a: Painty
|
|-ability|p1a: Painty|Moody|boost
|-boost|p1a: Painty|spa|2
|-unboost|p1a: Painty|atk|1
|upkeep
|turn|13
|
|t:|1668612542
|move|p1a: Painty|Baton Pass|p1a: Painty
|
|t:|1668612543
|switch|p1a: Hulkskito|Buzzwole, shiny|100/100|[from]move: Baton Pass
|move|p2a: Horse Luis|Psyshock|p1a: Hulkskito
|-supereffective|p1a: Hulkskito
|-damage|p1a: Hulkskito|39/100
|
|upkeep
|turn|14
|
|t:|1668612558
|-start|p1a: Hulkskito|Dynamax|
|-heal|p1a: Hulkskito|39/100|[silent]
|move|p1a: Hulkskito|Max Quake|p2a: Horse Luis
|-damage|p2a: Horse Luis|0 fnt
|-boost|p1a: Hulkskito|spd|1
|faint|p2a: Horse Luis
|-ability|p1a: Hulkskito|Beast Boost|boost
|-boost|p1a: Hulkskito|atk|1
|
|upkeep
|
|t:|1668612572
|switch|p2a: Velázquez|Smeargle, M|100/100
|turn|15
|-activate|p2a: Velázquez|item: Quick Claw
|
|t:|1668612582
|move|p2a: Velázquez|Substitute|p2a: Velázquez
|-start|p2a: Velázquez|Substitute
|-damage|p2a: Velázquez|76/100
|move|p1a: Hulkskito|Max Hailstorm|p2a: Velázquez
|-end|p2a: Velázquez|Substitute
|-weather|Hail
|
|-weather|Hail|[upkeep]
|-damage|p1a: Hulkskito|36/100|[from] Hail
|-damage|p2a: Velázquez|70/100|[from] Hail
|-ability|p2a: Velázquez|Moody|boost
|-boost|p2a: Velázquez|spe|2
|-unboost|p2a: Velázquez|def|1
|upkeep
|turn|16
|
|t:|1668612610
|move|p1a: Hulkskito|Max Airstream|p2a: Velázquez
|-damage|p2a: Velázquez|0 fnt
|-boost|p1a: Hulkskito|spe|1
|faint|p2a: Velázquez
|-ability|p1a: Hulkskito|Beast Boost|boost
|-boost|p1a: Hulkskito|atk|1
|
|-weather|Hail|[upkeep]
|-damage|p1a: Hulkskito|33/100|[from] Hail
|upkeep
|
|t:|1668612621
|switch|p2a: Sorolla|Smeargle, F|100/100
|-end|p1a: Hulkskito|Dynamax
|-heal|p1a: Hulkskito|33/100|[silent]
|turn|17
|
|t:|1668612631
|move|p1a: Hulkskito|Drain Punch|p2a: Sorolla
|-supereffective|p2a: Sorolla
|-enditem|p2a: Sorolla|Focus Sash
|-damage|p2a: Sorolla|1/100
|-heal|p1a: Hulkskito|74/100|[from] drain|[of] p2a: Sorolla
|move|p2a: Sorolla|Lovely Kiss|p1a: Hulkskito|[miss]
|-miss|p2a: Sorolla|p1a: Hulkskito
|
|-weather|Hail|[upkeep]
|-damage|p1a: Hulkskito|68/100|[from] Hail
|-damage|p2a: Sorolla|0 fnt|[from] Hail
|faint|p2a: Sorolla
|upkeep
|c|☆Sunorma|Gg
|
|t:|1668612646
|switch|p2a: Picasso|Smeargle, M|100/100
|turn|18
|c|☆FloomFlooms|GG
|
|t:|1668612651
|move|p1a: Hulkskito|Drain Punch|p2a: Picasso
|-supereffective|p2a: Picasso
|-damage|p2a: Picasso|0 fnt
|-heal|p1a: Hulkskito|100/100|[from] drain|[of] p2a: Picasso
|faint|p2a: Picasso
|
|win|FloomFlooms
|raw|FloomFlooms's rating: 1503 &rarr; <strong>1533</strong><br />(+30 for winning)
|raw|Sunorma's rating: 1695 &rarr; <strong>1665</strong><br />(-30 for losing)
|l|☆Sunorma
||Ladder isn't responding, score probably updated but might not have (Request timeout).
