|j|☆arhamaaa
|j|☆Sobiris
|t:|1662842105
|gametype|singles
|player|p1|arhamaaa|2|
|player|p2|Sobiris|2|
|teamsize|p1|6
|teamsize|p2|6
|gen|8
|tier|[Gen 8] National Dex AG
|rule|HP Percentage Mod: HP is shown in percentages
|rule|Endless Battle Clause: Forcing endless battles is banned
|clearpoke
|poke|p1|Raboot, F|
|poke|p1|Azurill, F|
|poke|p1|Corsola-Galar, F|
|poke|p1|Magby, M|
|poke|p1|Vulpix-Alola, F|
|poke|p1|Sandshrew-Alola, M|
|poke|p2|Thwackey, M|
|poke|p2|Gurdurr, M|
|poke|p2|Eelektrik, F|
|poke|p2|Togetic, M|
|poke|p2|Carvanha, F|
|poke|p2|Quilava, M|
|teampreview
|c|☆Sobiris|gl hf
|c|☆arhamaaa|glhf
|c|☆arhamaaa|sex
|
|t:|1662842140
|start
|switch|p1a: Vulpix|Vulpix-Alola, F|100/100
|switch|p2a: Togetic|Togetic, M|100/100
|-weather|Hail|[from] ability: Snow Warning|[of] p1a: Vulpix
|turn|1
|
|t:|1662842147
|move|p1a: Vulpix|Aurora Veil|p1a: Vulpix
|-sidestart|p1: arhamaaa|move: Aurora Veil
|move|p2a: Togetic|Ancient Power|p1a: Vulpix
|-supereffective|p1a: Vulpix
|-damage|p1a: Vulpix|79/100
|
|-weather|Hail|[upkeep]
|-damage|p2a: Togetic|94/100|[from] Hail
|upkeep
|turn|2
|
|t:|1662842153
|move|p1a: Vulpix|Blizzard|p2a: Togetic
|-supereffective|p2a: Togetic
|-damage|p2a: Togetic|62/100
|move|p2a: Togetic|Thunder Wave|p1a: Vulpix
|-status|p1a: Vulpix|par
|
|-weather|Hail|[upkeep]
|-damage|p2a: Togetic|56/100|[from] Hail
|upkeep
|turn|3
|c|☆arhamaaa|porn
|
|t:|1662842162
|move|p2a: Togetic|Wish|p2a: Togetic
|move|p1a: Vulpix|Blizzard|p2a: Togetic
|-supereffective|p2a: Togetic
|-damage|p2a: Togetic|17/100
|
|-weather|Hail|[upkeep]
|-damage|p2a: Togetic|11/100|[from] Hail
|upkeep
|turn|4
|
|t:|1662842181
|switch|p2a: Carvanha|Carvanha, F|100/100
|move|p1a: Vulpix|Blizzard|p2a: Carvanha
|-resisted|p2a: Carvanha
|-damage|p2a: Carvanha|27/100
|-status|p2a: Carvanha|frz
|
|-weather|Hail|[upkeep]
|-damage|p2a: Carvanha|20/100 frz|[from] Hail
|-heal|p2a: Carvanha|84/100 frz|[from] move: Wish|[wisher] Togetic
|upkeep
|turn|5
|c|☆arhamaaa|imagine
|c|☆Sobiris|f me
|
|t:|1662842200
|switch|p2a: Eelektrik|Eelektrik, F|100/100
|switch|p1a: Magby|Magby, M|100/100
|
|-weather|Hail|[upkeep]
|-damage|p1a: Magby|94/100|[from] Hail
|-damage|p2a: Eelektrik|94/100|[from] Hail
|-sideend|p1: arhamaaa|move: Aurora Veil
|upkeep
|turn|6
|c|☆arhamaaa|nty
|
|t:|1662842210
|move|p1a: Magby|Belly Drum|p1a: Magby
|-damage|p1a: Magby|45/100
|-setboost|p1a: Magby|atk|6|[from] move: Belly Drum
|-enditem|p1a: Magby|Berry Juice
|-heal|p1a: Magby|53/100|[from] item: Berry Juice
|move|p2a: Eelektrik|Acid Spray|p1a: Magby
|-damage|p1a: Magby|26/100
|-unboost|p1a: Magby|spd|2
|
|-weather|Hail|[upkeep]
|-damage|p1a: Magby|20/100|[from] Hail
|-damage|p2a: Eelektrik|88/100|[from] Hail
|upkeep
|turn|7
|
|t:|1662842223
|move|p1a: Magby|Fire Punch|p2a: Eelektrik
|-damage|p2a: Eelektrik|0 fnt
|faint|p2a: Eelektrik
|
|-weather|Hail|[upkeep]
|-damage|p1a: Magby|14/100|[from] Hail
|upkeep
|
|t:|1662842229
|switch|p2a: Gurdurr|Gurdurr, M|100/100
|turn|8
|
|t:|1662842232
|move|p1a: Magby|Mach Punch|p2a: Gurdurr
|-damage|p2a: Gurdurr|62/100
|move|p2a: Gurdurr|Mach Punch|p1a: Magby
|-damage|p1a: Magby|0 fnt
|faint|p1a: Magby
|
|-weather|none
|-status|p2a: Gurdurr|brn|[from] item: Flame Orb
|upkeep
|
|t:|1662842238
|switch|p1a: Vulpix|Vulpix-Alola, F|79/100 par
|-weather|Hail|[from] ability: Snow Warning|[of] p1a: Vulpix
|turn|9
|c|☆Sobiris|magby can learn mach punch
|c|☆arhamaaa|yes
|c|☆arhamaaa|itty bitty
|
|t:|1662842254
|move|p2a: Gurdurr|Knock Off|p1a: Vulpix
|-damage|p1a: Vulpix|0 fnt
|-enditem|p1a: Vulpix|Icy Rock|[from] move: Knock Off|[of] p2a: Gurdurr
|faint|p1a: Vulpix
|
|-weather|Hail|[upkeep]
|-damage|p2a: Gurdurr|56/100 brn|[from] Hail
|-damage|p2a: Gurdurr|50/100 brn|[from] brn
|upkeep
|
|t:|1662842266
|switch|p1a: Raboot|Raboot, F|100/100
|turn|10
|
|t:|1662842273
|switch|p2a: Togetic|Togetic, M|11/100
|move|p1a: Raboot|High Jump Kick|p2a: Togetic
|-start|p1a: Raboot|typechange|Fighting|[from] ability: Libero
|-resisted|p2a: Togetic
|-damage|p2a: Togetic|0 fnt
|faint|p2a: Togetic
|
|-weather|Hail|[upkeep]
|-damage|p1a: Raboot|95/100|[from] Hail
|upkeep
|
|t:|1662842292
|switch|p2a: Carvanha|Carvanha, F|84/100 frz
|turn|11
|
|t:|1662842297
|cant|p2a: Carvanha|frz
|move|p1a: Raboot|High Jump Kick|p2a: Carvanha
|-supereffective|p2a: Carvanha
|-damage|p2a: Carvanha|0 fnt
|faint|p2a: Carvanha
|
|-weather|Hail|[upkeep]
|-damage|p1a: Raboot|89/100|[from] Hail
|upkeep
|c|☆arhamaaa|sad
|
|t:|1662842306
|switch|p2a: Quilava|Quilava, M|100/100
|turn|12
|
|t:|1662842312
|move|p1a: Raboot|High Jump Kick|p2a: Quilava
|-damage|p2a: Quilava|0 fnt
|faint|p2a: Quilava
|
|-weather|Hail|[upkeep]
|-damage|p1a: Raboot|83/100|[from] Hail
|upkeep
|
|t:|1662842317
|switch|p2a: Thwackey|Thwackey, M|100/100
|-fieldstart|move: Grassy Terrain|[from] ability: Grassy Surge|[of] p2a: Thwackey
|turn|13
|
|t:|1662842323
|switch|p1a: Azurill|Azurill, F|100/100
|move|p2a: Thwackey|Leech Seed|p1a: Azurill
|-ability|p1a: Azurill|Sap Sipper|boost
|-boost|p1a: Azurill|atk|1
|
|-weather|Hail|[upkeep]
|-damage|p2a: Thwackey|94/100|[from] Hail
|-damage|p1a: Azurill|95/100|[from] Hail
|-heal|p2a: Thwackey|100/100|[from] Grassy Terrain
|-heal|p1a: Azurill|100/100|[from] Grassy Terrain
|upkeep
|turn|14
|
|t:|1662842333
|move|p2a: Thwackey|Knock Off|p1a: Azurill
|-resisted|p1a: Azurill
|-damage|p1a: Azurill|88/100
|-enditem|p1a: Azurill|Berry Juice|[from] move: Knock Off|[of] p2a: Thwackey
|move|p1a: Azurill|Whirlpool|p2a: Thwackey
|-resisted|p2a: Thwackey
|-damage|p2a: Thwackey|99/100
|-activate|p2a: Thwackey|move: Whirlpool|[of] p1a: Azurill
|
|-weather|Hail|[upkeep]
|-damage|p2a: Thwackey|93/100|[from] Hail
|-damage|p1a: Azurill|82/100|[from] Hail
|-heal|p2a: Thwackey|99/100|[from] Grassy Terrain
|-heal|p1a: Azurill|88/100|[from] Grassy Terrain
|-damage|p2a: Thwackey|87/100|[from] move: Whirlpool|[partiallytrapped]
|upkeep
|turn|15
|
|t:|1662842359
|move|p2a: Thwackey|Knock Off|p1a: Azurill
|-resisted|p1a: Azurill
|-damage|p1a: Azurill|79/100
|move|p1a: Azurill|Perish Song|p1a: Azurill
|-start|p1a: Azurill|perish3|[silent]
|-start|p2a: Thwackey|perish3|[silent]
|-fieldactivate|move: Perish Song
|
|-weather|Hail|[upkeep]
|-damage|p2a: Thwackey|81/100|[from] Hail
|-damage|p1a: Azurill|73/100|[from] Hail
|-heal|p2a: Thwackey|87/100|[from] Grassy Terrain
|-heal|p1a: Azurill|79/100|[from] Grassy Terrain
|-damage|p2a: Thwackey|75/100|[from] move: Whirlpool|[partiallytrapped]
|-start|p2a: Thwackey|perish3
|-start|p1a: Azurill|perish3
|upkeep
|turn|16
|c|☆Sobiris|didnt knew it has sap sipper
|c|☆Sobiris|ggs
|c|☆arhamaaa|gg
|c|☆Sobiris|u won
|
|t:|1662842390
|move|p2a: Thwackey|Substitute|p2a: Thwackey
|-start|p2a: Thwackey|Substitute
|-end|p2a: Thwackey|Whirlpool|[partiallytrapped]|[silent]
|-damage|p2a: Thwackey|50/100
|move|p1a: Azurill|Knock Off|p2a: Thwackey
|-activate|p2a: Thwackey|move: Substitute|[damage]
|
|-weather|none
|-heal|p2a: Thwackey|56/100|[from] Grassy Terrain
|-heal|p1a: Azurill|85/100|[from] Grassy Terrain
|-start|p2a: Thwackey|perish2
|-start|p1a: Azurill|perish2
|upkeep
|turn|17
|c|☆arhamaaa|forfeit then
|
|t:|1662842401
|move|p2a: Thwackey|Knock Off|p1a: Azurill
|-resisted|p1a: Azurill
|-damage|p1a: Azurill|75/100
|move|p1a: Azurill|Knock Off|p2a: Thwackey
|-activate|p2a: Thwackey|move: Substitute|[damage]
|
|-heal|p2a: Thwackey|62/100|[from] Grassy Terrain
|-heal|p1a: Azurill|81/100|[from] Grassy Terrain
|-start|p2a: Thwackey|perish1
|-start|p1a: Azurill|perish1
|-fieldend|move: Grassy Terrain
|upkeep
|turn|18
|
|t:|1662842418
|switch|p2a: Gurdurr|Gurdurr, M|50/100 brn
|switch|p1a: Raboot|Raboot, F|83/100
|
|-damage|p2a: Gurdurr|43/100 brn|[from] brn
|upkeep
|turn|19
|
|t:|1662842427
|switch|p2a: Thwackey|Thwackey, M|62/100
|-fieldstart|move: Grassy Terrain|[from] ability: Grassy Surge|[of] p2a: Thwackey
|move|p1a: Raboot|High Jump Kick|p2a: Thwackey
|-start|p1a: Raboot|typechange|Fighting|[from] ability: Libero
|-damage|p2a: Thwackey|33/100
|
|-heal|p1a: Raboot|89/100|[from] Grassy Terrain
|-heal|p2a: Thwackey|39/100|[from] Grassy Terrain
|upkeep
|turn|20
|
|t:|1662842444
|switch|p2a: Gurdurr|Gurdurr, M|43/100 brn
|move|p1a: Raboot|U-turn|p2a: Gurdurr
|-start|p1a: Raboot|typechange|Bug|[from] ability: Libero
|-resisted|p2a: Gurdurr
|-damage|p2a: Gurdurr|30/100 brn
|
|t:|1662842460
|switch|p1a: Azurill|Azurill, F|81/100|[from]move: U-turn
|
|-heal|p2a: Gurdurr|36/100 brn|[from] Grassy Terrain
|-heal|p1a: Azurill|87/100|[from] Grassy Terrain
|-damage|p2a: Gurdurr|30/100 brn|[from] brn
|upkeep
|turn|21
|
|t:|1662842472
|move|p2a: Gurdurr|Drain Punch|p1a: Azurill
|-damage|p1a: Azurill|11/100
|-heal|p2a: Gurdurr|61/100 brn|[from] drain|[of] p1a: Azurill
|move|p1a: Azurill|Whirlpool|p2a: Gurdurr
|-damage|p2a: Gurdurr|56/100 brn
|-activate|p2a: Gurdurr|move: Whirlpool|[of] p1a: Azurill
|
|-heal|p2a: Gurdurr|62/100 brn|[from] Grassy Terrain
|-heal|p1a: Azurill|17/100|[from] Grassy Terrain
|-damage|p2a: Gurdurr|56/100 brn|[from] brn
|-damage|p2a: Gurdurr|44/100 brn|[from] move: Whirlpool|[partiallytrapped]
|upkeep
|turn|22
|
|t:|1662842485
|move|p2a: Gurdurr|Knock Off|p1a: Azurill
|-resisted|p1a: Azurill
|-damage|p1a: Azurill|0 fnt
|faint|p1a: Azurill
|
|-heal|p2a: Gurdurr|50/100 brn|[from] Grassy Terrain
|-damage|p2a: Gurdurr|44/100 brn|[from] brn
|-end|p2a: Gurdurr|Whirlpool|[partiallytrapped]|[silent]
|upkeep
|
|t:|1662842490
|switch|p1a: Raboot|Raboot, F|89/100
|turn|23
|
|t:|1662842502
|move|p2a: Gurdurr|Mach Punch|p1a: Raboot
|-damage|p1a: Raboot|27/100
|move|p1a: Raboot|High Jump Kick|p2a: Gurdurr
|-start|p1a: Raboot|typechange|Fighting|[from] ability: Libero
|-damage|p2a: Gurdurr|0 fnt
|faint|p2a: Gurdurr
|
|-heal|p1a: Raboot|33/100|[from] Grassy Terrain
|-fieldend|move: Grassy Terrain
|upkeep
|c|☆arhamaaa|also are you not running gg on thwackey?
|
|t:|1662842511
|switch|p2a: Thwackey|Thwackey, M|39/100
|-fieldstart|move: Grassy Terrain|[from] ability: Grassy Surge|[of] p2a: Thwackey
|turn|24
|
|t:|1662842528
|switch|p1a: Sandshrew|Sandshrew-Alola, M|100/100
|move|p2a: Thwackey|Leech Seed|p1a: Sandshrew
|-start|p1a: Sandshrew|move: Leech Seed
|
|-heal|p2a: Thwackey|45/100|[from] Grassy Terrain
|-damage|p1a: Sandshrew|88/100|[from] Leech Seed|[of] p2a: Thwackey
|-heal|p2a: Thwackey|54/100|[silent]
|upkeep
|turn|25
|c|☆arhamaaa|no grassy glide??
|
|t:|1662842540
|move|p2a: Thwackey|Substitute|p2a: Thwackey
|-start|p2a: Thwackey|Substitute
|-damage|p2a: Thwackey|29/100
|move|p1a: Sandshrew|Triple Axel|p2a: Thwackey
|-supereffective|p2a: Thwackey
|-activate|p2a: Thwackey|move: Substitute|[damage]
|-supereffective|p2a: Thwackey
|-end|p2a: Thwackey|Substitute
|-supereffective|p2a: Thwackey
|-damage|p2a: Thwackey|0 fnt
|faint|p2a: Thwackey
|-hitcount|p2: Thwackey|3
|-damage|p1a: Sandshrew|78/100|[from] item: Life Orb
|
|win|arhamaaa
|j| Vugatti_Beyron
|c|☆Sobiris|that thing
|c|☆Sobiris|can
|c|☆Sobiris|triple axewl
|c|☆arhamaaa|yes
|l|☆arhamaaa
|c|☆Sobiris|dafuq
