|j|☆Onoufrios
|j|☆iHaveAsthma
|player|p1|Onoufrios|psychic-gen4|1785
|player|p2|iHaveAsthma|firebreather|1544
|teamsize|p1|6
|teamsize|p2|6
|gametype|singles
|gen|8
|tier|[Gen 8] National Dex AG
|rated|
|clearpoke
|poke|p1|Necrozma-Dusk-Mane|
|poke|p1|Arceus-*|
|poke|p1|Xerneas|
|poke|p1|Zacian-Crowned|
|poke|p1|Rayquaza|
|poke|p1|Lugia|
|poke|p2|Lugia|
|poke|p2|Zacian-Crowned|
|poke|p2|Groudon|
|poke|p2|Necrozma-Dusk-Mane|
|poke|p2|Rayquaza|
|poke|p2|Necrozma-Dawn-Wings|
|rule|HP Percentage Mod: HP is shown in percentages
|rule|Endless Battle Clause: Forcing endless battles is banned
|teampreview
|inactive|Battle timer is ON: inactive players will automatically lose when time's up. (requested by Onoufrios)
|
|start
|switch|p1a: Necrozma|Necrozma-Dusk-Mane|100/100
|switch|p2a: Necrozma-Dawn-Wing|Necrozma-Dawn-Wings|100/100
|turn|1
|
|move|p2a: Necrozma-Dawn-Wing|Autotomize|p2a: Necrozma-Dawn-Wing
|-boost|p2a: Necrozma-Dawn-Wing|spe|2
|-start|p2a: Necrozma-Dawn-Wing|Autotomize
|move|p1a: Necrozma|Dragon Dance|p1a: Necrozma
|-boost|p1a: Necrozma|atk|1
|-boost|p1a: Necrozma|spe|1
|
|upkeep
|turn|2
|
|detailschange|p2a: Necrozma-Dawn-Wing|Necrozma-Ultra
|-burst|p2a: Necrozma-Dawn-Wing|Necrozma|Ultranecrozium Z
|detailschange|p1a: Necrozma|Necrozma-Ultra
|-burst|p1a: Necrozma|Necrozma|Ultranecrozium Z
|move|p2a: Necrozma-Dawn-Wing|Earth Power|p1a: Necrozma
|-crit|p1a: Necrozma
|-damage|p1a: Necrozma|53/100
|move|p1a: Necrozma|Earthquake|p2a: Necrozma-Dawn-Wing
|-damage|p2a: Necrozma-Dawn-Wing|23/100
|
|upkeep
|turn|3
|inactive|Onoufrios has 120 seconds left.
|
|-zpower|p2a: Necrozma-Dawn-Wing
|move|p2a: Necrozma-Dawn-Wing|Light That Burns the Sky|p1a: Necrozma|[zeffect]
|-resisted|p1a: Necrozma
|-damage|p1a: Necrozma|2/100
|move|p1a: Necrozma|Photon Geyser|p2a: Necrozma-Dawn-Wing
|-resisted|p2a: Necrozma-Dawn-Wing
|-damage|p2a: Necrozma-Dawn-Wing|0 fnt
|faint|p2a: Necrozma-Dawn-Wing
|
|upkeep
|
|switch|p2a: Rayquaza|Rayquaza|100/100
|-ability|p2a: Rayquaza|Air Lock
|turn|4
|inactive|Onoufrios has 120 seconds left.
|
|switch|p1a: Lugia|Lugia|100/100
|detailschange|p2a: Rayquaza|Rayquaza-Mega
|-mega|p2a: Rayquaza|Rayquaza|
|-weather|DeltaStream|[from] ability: Delta Stream|[of] p2a: Rayquaza
|move|p2a: Rayquaza|Extreme Speed|p1a: Lugia
|-damage|p1a: Lugia|92/100
|
|-weather|DeltaStream|[upkeep]
|upkeep
|turn|5
|
|move|p2a: Rayquaza|Dragon Dance|p2a: Rayquaza
|-boost|p2a: Rayquaza|atk|1
|-boost|p2a: Rayquaza|spe|1
|move|p1a: Lugia|Thunder Wave|p2a: Rayquaza
|-status|p2a: Rayquaza|par
|-enditem|p2a: Rayquaza|Lum Berry|[eat]
|-curestatus|p2a: Rayquaza|par|[msg]
|
|-weather|DeltaStream|[upkeep]
|upkeep
|turn|6
|
|move|p2a: Rayquaza|Dragon Ascent|p1a: Lugia
|-damage|p1a: Lugia|34/100
|-unboost|p2a: Rayquaza|def|1
|-unboost|p2a: Rayquaza|spd|1
|move|p1a: Lugia|Thunder Wave|p2a: Rayquaza
|-status|p2a: Rayquaza|par
|
|-weather|DeltaStream|[upkeep]
|upkeep
|turn|7
|
|move|p2a: Rayquaza|Dragon Dance|p2a: Rayquaza
|-boost|p2a: Rayquaza|atk|1
|-boost|p2a: Rayquaza|spe|1
|move|p1a: Lugia|Roost|p1a: Lugia
|-heal|p1a: Lugia|84/100
|-singleturn|p1a: Lugia|move: Roost
|
|-weather|DeltaStream|[upkeep]
|upkeep
|turn|8
|j| AGLT VRS LELE
|inactive|Onoufrios has 90 seconds left.
|inactive|Onoufrios has 60 seconds left.
|
|switch|p1a: Necrozma|Necrozma-Ultra|2/100
|cant|p2a: Rayquaza|par
|
|-weather|DeltaStream|[upkeep]
|upkeep
|turn|9
|inactive|Onoufrios has 60 seconds left.
|c| AGLT VRS LELE|Oof
|
|move|p2a: Rayquaza|Extreme Speed|p1a: Necrozma
|-damage|p1a: Necrozma|0 fnt
|faint|p1a: Necrozma
|
|-weather|DeltaStream|[upkeep]
|upkeep
|
|switch|p1a: Zacian|Zacian-Crowned|100/100
|-ability|p1a: Zacian|Intrepid Sword|boost
|-boost|p1a: Zacian|atk|1
|turn|10
|
|move|p2a: Rayquaza|Extreme Speed|p1a: Zacian
|-resisted|p1a: Zacian
|-damage|p1a: Zacian|68/100
|move|p1a: Zacian|Behemoth Blade|p2a: Rayquaza
|-damage|p2a: Rayquaza|0 fnt
|faint|p2a: Rayquaza
|-weather|none
|
|upkeep
|
|switch|p2a: Groudon|Groudon|100/100
|detailschange|p2a: Groudon|Groudon-Primal
|-primal|p2a: Groudon
|-weather|DesolateLand|[from] ability: Desolate Land|[of] p2a: Groudon
|turn|11
|inactive|Onoufrios has 60 seconds left.
|
|switch|p1a: Lugia|Lugia|84/100
|move|p2a: Groudon|Lava Plume|p1a: Lugia
|-damage|p1a: Lugia|47/100
|-status|p1a: Lugia|brn
|
|-weather|DesolateLand|[upkeep]
|-damage|p1a: Lugia|40/100 brn|[from] brn
|upkeep
|turn|12
|
|move|p2a: Groudon|Lava Plume|p1a: Lugia
|-damage|p1a: Lugia|3/100 brn
|move|p1a: Lugia|Roost|p1a: Lugia
|-heal|p1a: Lugia|53/100 brn
|-singleturn|p1a: Lugia|move: Roost
|
|-weather|DesolateLand|[upkeep]
|-damage|p1a: Lugia|46/100 brn|[from] brn
|upkeep
|turn|13
|
|move|p2a: Groudon|Thunderbolt|p1a: Lugia
|-supereffective|p1a: Lugia
|-damage|p1a: Lugia|10/100 brn
|move|p1a: Lugia|Roost|p1a: Lugia
|-heal|p1a: Lugia|60/100 brn
|-singleturn|p1a: Lugia|move: Roost
|
|-weather|DesolateLand|[upkeep]
|-damage|p1a: Lugia|54/100 brn|[from] brn
|upkeep
|turn|14
|
|move|p2a: Groudon|Stealth Rock|p1a: Lugia
|-sidestart|p1: Onoufrios|move: Stealth Rock
|move|p1a: Lugia|Roost|p1a: Lugia
|-heal|p1a: Lugia|100/100 brn
|-singleturn|p1a: Lugia|move: Roost
|
|-weather|DesolateLand|[upkeep]
|-damage|p1a: Lugia|94/100 brn|[from] brn
|upkeep
|turn|15
|
|move|p2a: Groudon|Lava Plume|p1a: Lugia
|-damage|p1a: Lugia|58/100 brn
|move|p1a: Lugia|Toxic|p2a: Groudon
|-status|p2a: Groudon|tox
|
|-weather|DesolateLand|[upkeep]
|-damage|p2a: Groudon|94/100 tox|[from] psn
|-damage|p1a: Lugia|52/100 brn|[from] brn
|upkeep
|turn|16
|
|move|p2a: Groudon|Lava Plume|p1a: Lugia
|-damage|p1a: Lugia|15/100 brn
|move|p1a: Lugia|Roost|p1a: Lugia
|-heal|p1a: Lugia|65/100 brn
|-singleturn|p1a: Lugia|move: Roost
|
|-weather|DesolateLand|[upkeep]
|-damage|p2a: Groudon|82/100 tox|[from] psn
|-damage|p1a: Lugia|59/100 brn|[from] brn
|upkeep
|turn|17
|
|-weather|none
|switch|p2a: Lugia|Lugia|100/100
|move|p1a: Lugia|Roost|p1a: Lugia
|-heal|p1a: Lugia|100/100 brn
|-singleturn|p1a: Lugia|move: Roost
|
|-damage|p1a: Lugia|94/100 brn|[from] brn
|upkeep
|turn|18
|
|move|p1a: Lugia|Toxic|p2a: Lugia
|-status|p2a: Lugia|tox
|move|p2a: Lugia|Roar|p1a: Lugia
|drag|p1a: Xerneas|Xerneas|100/100
|-damage|p1a: Xerneas|88/100|[from] Stealth Rock
|-ability|p1a: Xerneas|Fairy Aura
|
|-damage|p2a: Lugia|94/100 tox|[from] psn
|upkeep
|turn|19
|
|move|p2a: Lugia|Thunder Wave|p1a: Xerneas
|-status|p1a: Xerneas|par
|move|p1a: Xerneas|Thunder|p2a: Lugia
|-supereffective|p2a: Lugia
|-damage|p2a: Lugia|48/100 tox
|
|-damage|p2a: Lugia|36/100 tox|[from] psn
|upkeep
|turn|20
|
|switch|p2a: Necrozma|Necrozma-Dusk-Mane|100/100
|move|p1a: Xerneas|Geomancy||[still]
|-prepare|p1a: Xerneas|Geomancy|p1a: Xerneas
|-enditem|p1a: Xerneas|Power Herb
|-anim|p1a: Xerneas|Geomancy|p1a: Xerneas
|-boost|p1a: Xerneas|spa|2
|-boost|p1a: Xerneas|spd|2
|-boost|p1a: Xerneas|spe|2
|
|upkeep
|turn|21
|
|move|p2a: Necrozma|Autotomize|p2a: Necrozma
|-boost|p2a: Necrozma|spe|2
|-start|p2a: Necrozma|Autotomize
|move|p1a: Xerneas|Hidden Power|p2a: Necrozma
|-supereffective|p2a: Necrozma
|-damage|p2a: Necrozma|42/100
|-enditem|p2a: Necrozma|Weakness Policy
|-boost|p2a: Necrozma|atk|2|[from] item: Weakness Policy
|-boost|p2a: Necrozma|spa|2|[from] item: Weakness Policy
|
|upkeep
|turn|22
|
|-start|p2a: Necrozma|Dynamax
|-heal|p2a: Necrozma|42/100|[silent]
|move|p2a: Necrozma|Max Mindstorm|p1a: Xerneas
|-damage|p1a: Xerneas|52/100 par
|-fieldstart|move: Psychic Terrain
|move|p1a: Xerneas|Hidden Power|p2a: Necrozma
|-supereffective|p2a: Necrozma
|-damage|p2a: Necrozma|13/100
|
|upkeep
|turn|23
|
|move|p2a: Necrozma|Max Mindstorm|p1a: Xerneas
|-damage|p1a: Xerneas|9/100 par
|move|p1a: Xerneas|Hidden Power|p2a: Necrozma
|-supereffective|p2a: Necrozma
|-damage|p2a: Necrozma|0 fnt
|faint|p2a: Necrozma
|
|upkeep
|
|switch|p2a: Zacian|Zacian-Crowned|100/100
|-ability|p2a: Zacian|Intrepid Sword|boost
|-boost|p2a: Zacian|atk|1
|turn|24
|
|move|p2a: Zacian|Swords Dance|p2a: Zacian
|-boost|p2a: Zacian|atk|2
|move|p1a: Xerneas|Hidden Power|p2a: Zacian
|-supereffective|p2a: Zacian
|-damage|p2a: Zacian|12/100
|
|upkeep
|turn|25
|
|move|p2a: Zacian|Behemoth Blade|p1a: Xerneas
|-supereffective|p1a: Xerneas
|-damage|p1a: Xerneas|0 fnt
|faint|p1a: Xerneas
|
|upkeep
|
|switch|p1a: Lugia|Lugia|94/100 brn
|turn|26
|
|move|p2a: Zacian|Play Rough|p1a: Lugia
|-damage|p1a: Lugia|29/100 brn
|move|p1a: Lugia|Thunder Wave|p2a: Zacian
|-status|p2a: Zacian|par
|
|-damage|p1a: Lugia|23/100 brn|[from] brn
|-fieldend|move: Psychic Terrain
|upkeep
|turn|27
|-message|iHaveAsthma forfeited.
|
|win|Onoufrios
|l|☆iHaveAsthma
|raw|Onoufrios's rating: 1786 &rarr; <strong>1794</strong><br />(+8 for winning)
|raw|iHaveAsthma's rating: 1544 &rarr; <strong>1536</strong><br />(-8 for losing)
|l|☆Onoufrios
|j|☆Onoufrios
|player|p1|Onoufrios|psychic-gen4
