|j|☆justznic
|j|☆700club
|t:|1666458989
|gametype|singles
|player|p1|justznic|265|1507
|player|p2|700club|shadowtriad|1500
|teamsize|p1|6
|teamsize|p2|6
|gen|8
|tier|[Gen 8] National Dex AG
|rated|
|rule|HP Percentage Mod: HP is shown in percentages
|rule|Endless Battle Clause: Forcing endless battles is banned
|clearpoke
|poke|p1|Yveltal|
|poke|p1|Klefki, M|
|poke|p1|Ditto|
|poke|p1|Zacian-*|
|poke|p1|Aegislash, M|
|poke|p1|Mewtwo|
|poke|p2|Lapras, F|
|poke|p2|Rayquaza|
|poke|p2|Ditto|
|poke|p2|Deoxys-Speed|
|poke|p2|Necrozma-Dusk-Mane|
|poke|p2|Zacian-*|
|teampreview
|inactive|Battle timer is ON: inactive players will automatically lose when time's up. (requested by justznic)
|c|☆700club|hi
|
|t:|1666459004
|start
|switch|p1a: Ditto|Ditto|100/100
|switch|p2a: Deoxys|Deoxys-Speed|100/100
|-ability|p2a: Deoxys|Pressure
|-transform|p1a: Ditto|p2a: Deoxys|[from] ability: Imposter
|-ability|p1a: Ditto|Pressure
|turn|1
|
|t:|1666459033
|switch|p2a: Lapras|Lapras, F|100/100
|move|p1a: Ditto|Stealth Rock|p2a: Lapras
|-sidestart|p2: 700club|move: Stealth Rock
|
|upkeep
|turn|2
|inactive|700club has 120 seconds left.
|
|t:|1666459052
|switch|p1a: Zacian|Zacian-Crowned|100/100
|-ability|p1a: Zacian|Intrepid Sword|boost
|-boost|p1a: Zacian|atk|1
|-start|p2a: Lapras|Dynamax|Gmax
|-heal|p2a: Lapras|100/100|[silent]
|move|p2a: Lapras|G-Max Resonance|p1a: Zacian
|-resisted|p1a: Zacian
|-damage|p1a: Zacian|81/100
|-sidestart|p2: 700club|move: Aurora Veil
|
|upkeep
|turn|3
|inactive|700club has 120 seconds left.
|
|t:|1666459079
|-end|p2a: Lapras|Dynamax
|-heal|p2a: Lapras|100/100|[silent]
|switch|p2a: Zacian|Zacian-Crowned|100/100
|-damage|p2a: Zacian|94/100|[from] Stealth Rock
|-ability|p2a: Zacian|Intrepid Sword|boost
|-boost|p2a: Zacian|atk|1
|move|p1a: Zacian|Swords Dance|p1a: Zacian
|-boost|p1a: Zacian|atk|2
|
|upkeep
|turn|4
|
|t:|1666459091
|move|p2a: Zacian|Behemoth Blade|p1a: Zacian
|-damage|p1a: Zacian|0 fnt
|faint|p1a: Zacian
|
|upkeep
|
|t:|1666459095
|switch|p1a: Ditto|Ditto|100/100
|-transform|p1a: Ditto|p2a: Zacian|[from] ability: Imposter
|-ability|p1a: Ditto|Intrepid Sword|boost
|-boost|p1a: Ditto|atk|1
|turn|5
|
|t:|1666459102
|move|p1a: Ditto|Behemoth Blade|p2a: Zacian
|-damage|p2a: Zacian|33/100
|move|p2a: Zacian|Behemoth Blade|p1a: Ditto
|-damage|p1a: Ditto|5/100
|
|upkeep
|turn|6
|inactive|700club has 120 seconds left.
|
|t:|1666459112
|move|p1a: Ditto|Behemoth Blade|p2a: Zacian
|-damage|p2a: Zacian|0 fnt
|faint|p2a: Zacian
|
|-sideend|p2: 700club|move: Aurora Veil
|upkeep
|
|t:|1666459125
|switch|p2a: Rayquaza|Rayquaza|100/100
|-damage|p2a: Rayquaza|76/100|[from] Stealth Rock
|-ability|p2a: Rayquaza|Air Lock
|turn|7
|
|t:|1666459134
|detailschange|p2a: Rayquaza|Rayquaza-Mega
|-mega|p2a: Rayquaza|Rayquaza|
|-weather|DeltaStream|[from] ability: Delta Stream|[of] p2a: Rayquaza
|move|p2a: Rayquaza|Extreme Speed|p1a: Ditto
|-resisted|p1a: Ditto
|-damage|p1a: Ditto|0 fnt
|faint|p1a: Ditto
|-damage|p2a: Rayquaza|66/100|[from] item: Life Orb
|
|-weather|DeltaStream|[upkeep]
|upkeep
|
|t:|1666459145
|switch|p1a: Aegislash|Aegislash, M|100/100
|turn|8
|inactive|700club has 120 seconds left.
|
|t:|1666459157
|move|p1a: Aegislash|King's Shield|p1a: Aegislash
|-singleturn|p1a: Aegislash|Protect
|move|p2a: Rayquaza|V-create|p1a: Aegislash
|-activate|p1a: Aegislash|move: Protect
|-unboost|p2a: Rayquaza|atk|1
|
|-weather|DeltaStream|[upkeep]
|upkeep
|turn|9
|inactive|700club has 120 seconds left.
|
|t:|1666459168
|move|p2a: Rayquaza|V-create|p1a: Aegislash
|-supereffective|p1a: Aegislash
|-damage|p1a: Aegislash|0 fnt
|-unboost|p2a: Rayquaza|spe|1
|-unboost|p2a: Rayquaza|def|1
|-unboost|p2a: Rayquaza|spd|1
|faint|p1a: Aegislash
|-damage|p2a: Rayquaza|56/100|[from] item: Life Orb
|
|-weather|DeltaStream|[upkeep]
|upkeep
|
|t:|1666459180
|switch|p1a: Mewtwo|Mewtwo|100/100
|-ability|p1a: Mewtwo|Unnerve
|turn|10
|
|t:|1666459189
|move|p2a: Rayquaza|Extreme Speed|p1a: Mewtwo
|-damage|p1a: Mewtwo|64/100
|-damage|p2a: Rayquaza|46/100|[from] item: Life Orb
|move|p1a: Mewtwo|Psystrike|p2a: Rayquaza
|-damage|p2a: Rayquaza|0 fnt
|faint|p2a: Rayquaza
|-weather|none
|
|upkeep
|inactive|700club has 120 seconds left.
|
|t:|1666459207
|switch|p2a: Deoxys|Deoxys-Speed|100/100
|-damage|p2a: Deoxys|88/100|[from] Stealth Rock
|-ability|p2a: Deoxys|Pressure
|turn|11
|
|t:|1666459216
|detailschange|p1a: Mewtwo|Mewtwo-Mega-Y
|-mega|p1a: Mewtwo|Mewtwo|Mewtwonite Y
|move|p2a: Deoxys|Light Screen|p2a: Deoxys
|-sidestart|p2: 700club|move: Light Screen
|move|p1a: Mewtwo|Calm Mind|p1a: Mewtwo
|-boost|p1a: Mewtwo|spa|1
|-boost|p1a: Mewtwo|spd|1
|
|upkeep
|turn|12
|
|t:|1666459230
|move|p2a: Deoxys|Reflect|p2a: Deoxys
|-sidestart|p2: 700club|Reflect
|move|p1a: Mewtwo|Calm Mind|p1a: Mewtwo
|-boost|p1a: Mewtwo|spa|1
|-boost|p1a: Mewtwo|spd|1
|
|upkeep
|turn|13
|
|t:|1666459237
|move|p2a: Deoxys|Stealth Rock|p1a: Mewtwo
|-sidestart|p1: justznic|move: Stealth Rock
|move|p1a: Mewtwo|Calm Mind|p1a: Mewtwo
|-boost|p1a: Mewtwo|spa|1
|-boost|p1a: Mewtwo|spd|1
|
|upkeep
|turn|14
|
|t:|1666459243
|move|p2a: Deoxys|Taunt|p1a: Mewtwo
|-start|p1a: Mewtwo|move: Taunt
|move|p1a: Mewtwo|Flamethrower|p2a: Deoxys
|-damage|p2a: Deoxys|22/100
|
|upkeep
|turn|15
|
|t:|1666459254
|move|p2a: Deoxys|Taunt||[still]
|-fail|p2a: Deoxys
|move|p1a: Mewtwo|Flamethrower|p2a: Deoxys
|-damage|p2a: Deoxys|0 fnt
|faint|p2a: Deoxys
|
|-sideend|p2: 700club|move: Light Screen
|upkeep
|
|t:|1666459263
|switch|p2a: Ditto|Ditto|100/100
|-damage|p2a: Ditto|88/100|[from] Stealth Rock
|-transform|p2a: Ditto|p1a: Mewtwo|[from] ability: Imposter
|turn|16
|
|t:|1666459279
|move|p2a: Ditto|Ice Beam|p1a: Mewtwo
|-damage|p1a: Mewtwo|31/100
|move|p1a: Mewtwo|Flamethrower|p2a: Ditto
|-damage|p2a: Ditto|47/100
|
|-end|p1a: Mewtwo|move: Taunt
|-sideend|p2: 700club|Reflect
|upkeep
|turn|17
|
|t:|1666459291
|move|p2a: Ditto|Ice Beam|p1a: Mewtwo
|-damage|p1a: Mewtwo|0 fnt
|faint|p1a: Mewtwo
|
|upkeep
|
|t:|1666459293
|switch|p1a: Yveltal|Yveltal|100/100
|-damage|p1a: Yveltal|76/100|[from] Stealth Rock
|-ability|p1a: Yveltal|Dark Aura
|turn|18
|
|t:|1666459299
|-start|p1a: Yveltal|Dynamax|
|-heal|p1a: Yveltal|76/100|[silent]
|move|p2a: Ditto|Ice Beam|p1a: Yveltal
|-supereffective|p1a: Yveltal
|-damage|p1a: Yveltal|0 fnt
|faint|p1a: Yveltal
|
|upkeep
|inactive|justznic has 120 seconds left.
|inactive|justznic has 90 seconds left.
|inactive|justznic has 60 seconds left.
|inactive|justznic has 30 seconds left.
|inactive|justznic has 20 seconds left.
|inactive|justznic has 15 seconds left.
|inactive|justznic has 10 seconds left.
|inactive|justznic has 5 seconds left.
|-message|justznic lost due to inactivity.
|
|win|700club
|raw|justznic's rating: 1507 &rarr; <strong>1487</strong><br />(-20 for losing)
|raw|700club's rating: 1500 &rarr; <strong>1520</strong><br />(+20 for winning)
||Ladder isn't responding, score probably updated but might not have (Request timeout).
