|j|☆CLEAR GEM清瑜
|j|☆MiguelRRM
|t:|1662428683
|gametype|singles
|player|p1|CLEAR GEM清瑜|skierf|1876
|player|p2|MiguelRRM|2|1913
|teamsize|p1|6
|teamsize|p2|6
|gen|8
|tier|[Gen 8] National Dex AG
|rated|
|rule|HP Percentage Mod: HP is shown in percentages
|rule|Endless Battle Clause: Forcing endless battles is banned
|clearpoke
|poke|p1|Rayquaza|
|poke|p1|Groudon|
|poke|p1|Necrozma-Dusk-Mane|
|poke|p1|Arceus-*|
|poke|p1|Arceus-*|
|poke|p1|Arceus-*|
|poke|p2|Yveltal|
|poke|p2|Ho-Oh|
|poke|p2|Rayquaza|
|poke|p2|Necrozma-Dusk-Mane|
|poke|p2|Calyrex-Shadow|
|poke|p2|Smeargle, M|
|teampreview
|inactive|Battle timer is ON: inactive players will automatically lose when time's up. (requested by CLEAR GEM清瑜)
|
|t:|1662428693
|start
|switch|p1a: 不会(?)|Groudon|100/100
|switch|p2a: Rayquaza|Rayquaza|100/100
|-ability|p2a: Rayquaza|Air Lock
|detailschange|p1a: 不会(?)|Groudon-Primal
|-primal|p1a: 不会(?)
|-weather|DesolateLand|[from] ability: Desolate Land|[of] p1a: 不会(?)
|turn|1
|
|t:|1662428697
|detailschange|p2a: Rayquaza|Rayquaza-Mega
|-mega|p2a: Rayquaza|Rayquaza|
|-weather|DeltaStream|[from] ability: Delta Stream|[of] p2a: Rayquaza
|move|p2a: Rayquaza|Dragon Dance|p2a: Rayquaza
|-boost|p2a: Rayquaza|atk|1
|-boost|p2a: Rayquaza|spe|1
|move|p1a: 不会(?)|Stealth Rock|p2a: Rayquaza
|-sidestart|p2: MiguelRRM|move: Stealth Rock
|
|-weather|DeltaStream|[upkeep]
|upkeep
|turn|2
|
|t:|1662428702
|move|p2a: Rayquaza|Dragon Dance|p2a: Rayquaza
|-boost|p2a: Rayquaza|atk|1
|-boost|p2a: Rayquaza|spe|1
|move|p1a: 不会(?)|Roar|p2a: Rayquaza
|-weather|none
|drag|p2a: Calyrex|Calyrex-Shadow|100/100
|-ability|p2a: Calyrex|As One
|-ability|p2a: Calyrex|Unnerve
|-damage|p2a: Calyrex|88/100|[from] Stealth Rock
|
|upkeep
|turn|3
|
|t:|1662428704
|move|p2a: Calyrex|Astral Barrage|p1a: 不会(?)
|-damage|p1a: 不会(?)|25/100
|move|p1a: 不会(?)|Heat Crash|p2a: Calyrex
|-damage|p2a: Calyrex|0 fnt
|faint|p2a: Calyrex
|
|upkeep
|
|t:|1662428707
|switch|p2a: Smeargle|Smeargle, M|100/100
|-damage|p2a: Smeargle|88/100|[from] Stealth Rock
|turn|4
|
|t:|1662428710
|move|p2a: Smeargle|Rapid Spin|p1a: 不会(?)
|-damage|p1a: 不会(?)|22/100
|-boost|p2a: Smeargle|spe|1
|-sideend|p2: MiguelRRM|Stealth Rock|[from] move: Rapid Spin|[of] p2a: Smeargle
|move|p1a: 不会(?)|Roar|p2a: Smeargle
|drag|p2a: Rayquaza|Rayquaza-Mega|100/100
|-weather|DeltaStream|[from] ability: Delta Stream|[of] p2a: Rayquaza
|
|-weather|DeltaStream|[upkeep]
|upkeep
|turn|5
|
|t:|1662428713
|move|p2a: Rayquaza|Dragon Ascent|p1a: 不会(?)
|-damage|p1a: 不会(?)|0 fnt
|-unboost|p2a: Rayquaza|def|1
|-unboost|p2a: Rayquaza|spd|1
|faint|p1a: 不会(?)
|
|-weather|DeltaStream|[upkeep]
|upkeep
|
|t:|1662428715
|switch|p1a: 烈龙无敌|Rayquaza|100/100
|-ability|p1a: 烈龙无敌|Air Lock
|turn|6
|
|t:|1662428717
|-weather|none
|switch|p2a: Necrozma|Necrozma-Dusk-Mane|100/100
|detailschange|p1a: 烈龙无敌|Rayquaza-Mega
|-mega|p1a: 烈龙无敌|Rayquaza|
|-weather|DeltaStream|[from] ability: Delta Stream|[of] p1a: 烈龙无敌
|move|p1a: 烈龙无敌|Dragon Ascent|p2a: Necrozma
|-resisted|p2a: Necrozma
|-damage|p2a: Necrozma|78/100
|-unboost|p1a: 烈龙无敌|def|1
|-unboost|p1a: 烈龙无敌|spd|1
|-damage|p1a: 烈龙无敌|84/100|[from] item: Rocky Helmet|[of] p2a: Necrozma
|
|-weather|DeltaStream|[upkeep]
|upkeep
|turn|7
|
|t:|1662428721
|move|p1a: 烈龙无敌|Earthquake|p2a: Necrozma
|-supereffective|p2a: Necrozma
|-damage|p2a: Necrozma|39/100
|move|p2a: Necrozma|Stealth Rock|p1a: 烈龙无敌
|-sidestart|p1: CLEAR GEM清瑜|move: Stealth Rock
|
|-weather|DeltaStream|[upkeep]
|upkeep
|turn|8
|
|t:|1662428723
|move|p1a: 烈龙无敌|Earthquake|p2a: Necrozma
|-supereffective|p2a: Necrozma
|-damage|p2a: Necrozma|0 fnt
|faint|p2a: Necrozma
|
|-weather|DeltaStream|[upkeep]
|upkeep
|
|t:|1662428725
|switch|p2a: Smeargle|Smeargle, M|88/100
|turn|9
|
|t:|1662428729
|move|p1a: 烈龙无敌|Extreme Speed|p2a: Smeargle
|-damage|p2a: Smeargle|11/100
|move|p2a: Smeargle|Nuzzle|p1a: 烈龙无敌
|-activate||deltastream
|-resisted|p1a: 烈龙无敌
|-damage|p1a: 烈龙无敌|83/100
|-status|p1a: 烈龙无敌|par
|
|-weather|DeltaStream|[upkeep]
|upkeep
|turn|10
|
|t:|1662428734
|move|p1a: 烈龙无敌|Extreme Speed|p2a: Smeargle
|-crit|p2a: Smeargle
|-damage|p2a: Smeargle|0 fnt
|faint|p2a: Smeargle
|
|-weather|DeltaStream|[upkeep]
|upkeep
|
|t:|1662428740
|switch|p2a: Yveltal|Yveltal|100/100
|-ability|p2a: Yveltal|Dark Aura
|turn|11
|
|t:|1662428742
|move|p2a: Yveltal|Knock Off|p1a: 烈龙无敌
|-damage|p1a: 烈龙无敌|0 fnt
|-enditem|p1a: 烈龙无敌|Focus Sash|[from] move: Knock Off|[of] p2a: Yveltal
|faint|p1a: 烈龙无敌
|-weather|none
|-damage|p2a: Yveltal|91/100|[from] item: Life Orb
|
|upkeep
|
|t:|1662428747
|switch|p1a: 究极辅助|Arceus-Dark|100/100
|-damage|p1a: 究极辅助|88/100|[from] Stealth Rock
|turn|12
|
|t:|1662428749
|move|p2a: Yveltal|Taunt|p1a: 究极辅助
|-start|p1a: 究极辅助|move: Taunt
|cant|p1a: 究极辅助|move: Taunt|Roar
|
|upkeep
|turn|13
|
|t:|1662428752
|move|p2a: Yveltal|Dual Wingbeat|p1a: 究极辅助
|-crit|p1a: 究极辅助
|-damage|p1a: 究极辅助|59/100
|-damage|p1a: 究极辅助|42/100
|-hitcount|p1a: 究极辅助|2
|-damage|p2a: Yveltal|81/100|[from] item: Life Orb
|move|p1a: 究极辅助|Judgment|p2a: Yveltal
|-resisted|p2a: Yveltal
|-damage|p2a: Yveltal|46/100
|
|upkeep
|turn|14
|
|t:|1662428756
|move|p2a: Yveltal|Dual Wingbeat|p1a: 究极辅助
|-damage|p1a: 究极辅助|26/100
|-damage|p1a: 究极辅助|7/100
|-hitcount|p1a: 究极辅助|2
|-damage|p2a: Yveltal|36/100|[from] item: Life Orb
|move|p1a: 究极辅助|Judgment|p2a: Yveltal
|-resisted|p2a: Yveltal
|-damage|p2a: Yveltal|2/100
|
|-end|p1a: 究极辅助|move: Taunt
|upkeep
|turn|15
|
|t:|1662428765
|move|p2a: Yveltal|Dual Wingbeat|p1a: 究极辅助
|-damage|p1a: 究极辅助|0 fnt
|faint|p1a: 究极辅助
|-hitcount|p1: 究极辅助|1
|-damage|p2a: Yveltal|0 fnt|[from] item: Life Orb
|faint|p2a: Yveltal
|
|upkeep
|
|t:|1662428769
|switch|p2a: Ho-Oh|Ho-Oh|100/100
|switch|p1a: 乱杀P固|Arceus-Ground|100/100
|-damage|p1a: 乱杀P固|94/100|[from] Stealth Rock
|turn|16
|
|t:|1662428772
|move|p1a: 乱杀P固|Ice Beam|p2a: Ho-Oh
|-damage|p2a: Ho-Oh|86/100
|move|p2a: Ho-Oh|Toxic|p1a: 乱杀P固|[miss]
|-miss|p2a: Ho-Oh|p1a: 乱杀P固
|
|upkeep
|turn|17
|
|t:|1662428774
|move|p1a: 乱杀P固|Stealth Rock|p2a: Ho-Oh
|-sidestart|p2: MiguelRRM|move: Stealth Rock
|move|p2a: Ho-Oh|Toxic|p1a: 乱杀P固
|-status|p1a: 乱杀P固|tox
|
|-damage|p1a: 乱杀P固|88/100 tox|[from] psn
|upkeep
|turn|18
|
|t:|1662428778
|switch|p1a: 钢铁之躯|Necrozma-Dusk-Mane|100/100
|-damage|p1a: 钢铁之躯|94/100|[from] Stealth Rock
|move|p2a: Ho-Oh|Sacred Fire|p1a: 钢铁之躯
|-supereffective|p1a: 钢铁之躯
|-damage|p1a: 钢铁之躯|47/100
|
|upkeep
|turn|19
|
|t:|1662428780
|detailschange|p1a: 钢铁之躯|Necrozma-Ultra
|-burst|p1a: 钢铁之躯|Necrozma|Ultranecrozium Z
|move|p1a: 钢铁之躯|Stone Edge|p2a: Ho-Oh
|-supereffective|p2a: Ho-Oh
|-damage|p2a: Ho-Oh|0 fnt
|faint|p2a: Ho-Oh
|
|upkeep
|
|t:|1662428782
|switch|p2a: Rayquaza|Rayquaza-Mega|100/100
|-damage|p2a: Rayquaza|76/100|[from] Stealth Rock
|-weather|DeltaStream|[from] ability: Delta Stream|[of] p2a: Rayquaza
|turn|20
|
|t:|1662428786
|move|p2a: Rayquaza|Dragon Dance|p2a: Rayquaza
|-boost|p2a: Rayquaza|atk|1
|-boost|p2a: Rayquaza|spe|1
|-zpower|p1a: 钢铁之躯
|move|p1a: 钢铁之躯|Light That Burns the Sky|p2a: Rayquaza|[zeffect]
|-damage|p2a: Rayquaza|0 fnt
|faint|p2a: Rayquaza
|-weather|none
|
|win|CLEAR GEM清瑜
|raw|CLEAR GEM清瑜's rating: 1876 &rarr; <strong>1898</strong><br />(+22 for winning)
|raw|MiguelRRM's rating: 1913 &rarr; <strong>1891</strong><br />(-22 for losing)
||Ladder isn't responding, score probably updated but might not have (Request timeout).
