|j|☆AG Champion Red
|j|☆v87
|t:|1659623136
|gametype|singles
|player|p1|AG Champion Red|red|1693
|player|p2|v87|169|1731
|teamsize|p1|6
|teamsize|p2|6
|gen|8
|tier|[Gen 8] National Dex AG
|rated|
|rule|HP Percentage Mod: HP is shown in percentages
|rule|Endless Battle Clause: Forcing endless battles is banned
|clearpoke
|poke|p1|Ditto|
|poke|p1|Zacian-*|
|poke|p1|Rayquaza|
|poke|p1|Zygarde|
|poke|p1|Toxapex, F|
|poke|p1|Ho-Oh|
|poke|p2|Zacian-*|
|poke|p2|Yveltal|
|poke|p2|Rayquaza|
|poke|p2|Groudon|
|poke|p2|Kyogre|
|poke|p2|Tornadus, M|
|teampreview
|inactive|Battle timer is ON: inactive players will automatically lose when time's up. (requested by AG Champion Red)
|
|t:|1659623148
|start
|switch|p1a: Rayquaza|Rayquaza, shiny|100/100
|switch|p2a: Groudon|Groudon|100/100
|-ability|p1a: Rayquaza|Air Lock
|detailschange|p2a: Groudon|Groudon-Primal
|-primal|p2a: Groudon
|-weather|DesolateLand|[from] ability: Desolate Land|[of] p2a: Groudon
|turn|1
|
|t:|1659623158
|detailschange|p1a: Rayquaza|Rayquaza-Mega, shiny
|-mega|p1a: Rayquaza|Rayquaza|
|-weather|DeltaStream|[from] ability: Delta Stream|[of] p1a: Rayquaza
|move|p1a: Rayquaza|Draco Meteor|p2a: Groudon
|-damage|p2a: Groudon|2/100
|-unboost|p1a: Rayquaza|spa|2
|move|p2a: Groudon|Thunder Wave|p1a: Rayquaza|[miss]
|-miss|p2a: Groudon|p1a: Rayquaza
|
|-weather|DeltaStream|[upkeep]
|upkeep
|turn|2
|
|t:|1659623170
|move|p1a: Rayquaza|Draco Meteor|p2a: Groudon
|-damage|p2a: Groudon|0 fnt
|-unboost|p1a: Rayquaza|spa|2
|faint|p2a: Groudon
|
|-weather|DeltaStream|[upkeep]
|upkeep
|
|t:|1659623189
|switch|p2a: Rayquaza|Rayquaza|100/100
|-ability|p2a: Rayquaza|Air Lock
|turn|3
|inactive|AG Champion Red has 120 seconds left.
|
|t:|1659623228
|-weather|none
|switch|p1a: Zacian|Zacian, shiny|100/100
|-ability|p1a: Zacian|Intrepid Sword|boost
|-boost|p1a: Zacian|atk|1
|detailschange|p2a: Rayquaza|Rayquaza-Mega
|-mega|p2a: Rayquaza|Rayquaza|
|-weather|DeltaStream|[from] ability: Delta Stream|[of] p2a: Rayquaza
|move|p2a: Rayquaza|V-create|p1a: Zacian
|-damage|p1a: Zacian|22/100
|-unboost|p2a: Rayquaza|spe|1
|-unboost|p2a: Rayquaza|def|1
|-unboost|p2a: Rayquaza|spd|1
|
|-weather|DeltaStream|[upkeep]
|upkeep
|turn|4
|j| Dokvia 2.0
|
|t:|1659623243
|move|p2a: Rayquaza|Extreme Speed|p1a: Zacian
|-damage|p1a: Zacian|0 fnt
|faint|p1a: Zacian
|
|-weather|DeltaStream|[upkeep]
|upkeep
|
|t:|1659623245
|switch|p1a: Rayquaza|Rayquaza-Mega, shiny|100/100
|turn|5
|
|t:|1659623253
|move|p1a: Rayquaza|Draco Meteor|p2a: Rayquaza
|-supereffective|p2a: Rayquaza
|-damage|p2a: Rayquaza|0 fnt
|-unboost|p1a: Rayquaza|spa|2
|faint|p2a: Rayquaza
|
|-weather|DeltaStream|[upkeep]
|upkeep
|inactive|v87 has 120 seconds left.
|
|t:|1659623285
|switch|p2a: Yveltal|Yveltal|100/100
|-ability|p2a: Yveltal|Dark Aura
|turn|6
|
|t:|1659623297
|-weather|none
|switch|p1a: Ho-Oh|Ho-Oh, shiny|100/100
|-start|p2a: Yveltal|Dynamax|
|-heal|p2a: Yveltal|100/100|[silent]
|move|p2a: Yveltal|Max Darkness|p1a: Ho-Oh
|-damage|p1a: Ho-Oh|0 fnt
|faint|p1a: Ho-Oh
|-damage|p2a: Yveltal|96/100|[from] item: Life Orb
|
|upkeep
|inactive|AG Champion Red has 120 seconds left.
|c|☆AG Champion Red|I am confused
|
|t:|1659623355
|switch|p1a: Zygarde|Zygarde, shiny|100/100
|turn|7
|inactive|v87 has 120 seconds left.
|
|t:|1659623364
|-start|p1a: Zygarde|Dynamax|
|-heal|p1a: Zygarde|100/100|[silent]
|move|p2a: Yveltal|Max Darkness|p1a: Zygarde
|-damage|p1a: Zygarde|59/100
|-unboost|p1a: Zygarde|spd|1
|-damage|p2a: Yveltal|91/100|[from] item: Life Orb
|move|p1a: Zygarde|Max Wyrmwind|p2a: Yveltal
|-damage|p2a: Yveltal|62/100
|-unboost|p2a: Yveltal|atk|1
|
|-heal|p1a: Zygarde|62/100|[from] item: Leftovers
|upkeep
|turn|8
|inactive|v87 has 120 seconds left.
|
|t:|1659623382
|move|p2a: Yveltal|Max Guard|p2a: Yveltal
|-singleturn|p2a: Yveltal|Max Guard
|move|p1a: Zygarde|Max Guard||[still]
|-fail|p1a: Zygarde
|
|-heal|p1a: Zygarde|65/100|[from] item: Leftovers
|upkeep
|-end|p2a: Yveltal|Dynamax
|-heal|p2a: Yveltal|62/100|[silent]
|turn|9
|inactive|v87 has 120 seconds left.
|
|t:|1659623395
|move|p2a: Yveltal|Tailwind|p2a: Yveltal
|-sidestart|p2: v87|move: Tailwind
|move|p1a: Zygarde|Max Wyrmwind|p2a: Yveltal
|-damage|p2a: Yveltal|9/100
|-unboost|p2a: Yveltal|atk|1
|
|-heal|p1a: Zygarde|68/100|[from] item: Leftovers
|upkeep
|-end|p1a: Zygarde|Dynamax
|-heal|p1a: Zygarde|68/100|[silent]
|turn|10
|inactive|AG Champion Red has 120 seconds left.
|inactive|v87 has 120 seconds left.
|
|t:|1659623408
|move|p2a: Yveltal|Foul Play|p1a: Zygarde
|-damage|p1a: Zygarde|14/100
|-damage|p2a: Yveltal|0 fnt|[from] item: Life Orb
|faint|p2a: Yveltal
|move|p1a: Zygarde|Scale Shot|p2: Yveltal|[notarget]
|-fail|p1a: Zygarde
|
|-heal|p1a: Zygarde|20/100|[from] item: Leftovers
|-activate|p1a: Zygarde|ability: Power Construct
|detailschange|p1a: Zygarde|Zygarde-Complete, shiny
|-heal|p1a: Zygarde|47/100|[silent]
|upkeep
|
|t:|1659623420
|switch|p2a: Kyogre|Kyogre|100/100
|-weather|RainDance|[from] ability: Drizzle|[of] p2a: Kyogre
|turn|11
|
|t:|1659623429
|switch|p1a: Toxapex|Toxapex, F, shiny|100/100
|move|p2a: Kyogre|Water Spout|p1a: Toxapex
|-resisted|p1a: Toxapex
|-damage|p1a: Toxapex|18/100
|
|-weather|RainDance|[upkeep]
|-heal|p1a: Toxapex|24/100|[from] item: Black Sludge
|upkeep
|turn|12
|inactive|v87 has 120 seconds left.
|
|t:|1659623437
|switch|p1a: Zygarde|Zygarde-Complete, shiny|47/100
|move|p2a: Kyogre|Water Spout|p1a: Zygarde
|-damage|p1a: Zygarde|0 fnt
|faint|p1a: Zygarde
|
|-weather|RainDance|[upkeep]
|-sideend|p2: v87|move: Tailwind
|upkeep
|inactive|AG Champion Red has 120 seconds left.
|
|t:|1659623467
|switch|p1a: Rayquaza|Rayquaza-Mega, shiny|100/100
|-weather|DeltaStream|[from] ability: Delta Stream|[of] p1a: Rayquaza
|turn|13
|
|t:|1659623474
|switch|p2a: Zacian|Zacian-Crowned|100/100
|-ability|p2a: Zacian|Intrepid Sword|boost
|-boost|p2a: Zacian|atk|1
|move|p1a: Rayquaza|Thunderbolt|p2a: Zacian
|-damage|p2a: Zacian|45/100
|-status|p2a: Zacian|par
|
|-weather|DeltaStream|[upkeep]
|upkeep
|turn|14
|inactive|AG Champion Red has 120 seconds left.
|inactive|v87 has 120 seconds left.
|
|t:|1659623508
|move|p2a: Zacian|Quick Attack|p1a: Rayquaza
|-damage|p1a: Rayquaza|74/100
|move|p1a: Rayquaza|Thunderbolt|p2a: Zacian
|-damage|p2a: Zacian|0 fnt
|faint|p2a: Zacian
|
|-weather|DeltaStream|[upkeep]
|upkeep
|inactive|v87 has 120 seconds left.
|
|t:|1659623520
|switch|p2a: Tornadus|Tornadus, M|100/100
|turn|15
|
|t:|1659623525
|move|p2a: Tornadus|Tailwind|p2a: Tornadus
|-sidestart|p2: v87|move: Tailwind
|move|p1a: Rayquaza|Thunderbolt|p2a: Tornadus
|-activate||deltastream
|-damage|p2a: Tornadus|8/100
|
|-weather|DeltaStream|[upkeep]
|upkeep
|turn|16
|
|t:|1659623537
|-zpower|p2a: Tornadus
|move|p2a: Tornadus|Supersonic Skystrike|p1a: Rayquaza|[zeffect]
|-damage|p1a: Rayquaza|0 fnt
|faint|p1a: Rayquaza
|-weather|none
|
|upkeep
|inactive|AG Champion Red has 120 seconds left.
|
|t:|1659623559
|switch|p1a: Ditto|Ditto, shiny|100/100
|-transform|p1a: Ditto|p2a: Tornadus|[from] ability: Imposter
|turn|17
|
|t:|1659623570
|move|p2a: Tornadus|Hurricane|p1a: Ditto
|-damage|p1a: Ditto|25/100
|move|p1a: Ditto|Hurricane|p2a: Tornadus
|-damage|p2a: Tornadus|0 fnt
|faint|p2a: Tornadus
|
|upkeep
|
|t:|1659623578
|switch|p2a: Kyogre|Kyogre|100/100
|-weather|RainDance|[from] ability: Drizzle|[of] p2a: Kyogre
|turn|18
|inactive|AG Champion Red has 120 seconds left.
|
|t:|1659623601
|move|p2a: Kyogre|Thunder|p1a: Ditto
|-supereffective|p1a: Ditto
|-damage|p1a: Ditto|0 fnt
|faint|p1a: Ditto
|
|-weather|RainDance|[upkeep]
|-sideend|p2: v87|move: Tailwind
|upkeep
|
|t:|1659623604
|switch|p1a: Toxapex|Toxapex, F, shiny|57/100
|turn|19
|inactive|AG Champion Red has 120 seconds left.
|j| September day
|inactive|AG Champion Red has 90 seconds left.
|
|t:|1659623662
|move|p2a: Kyogre|Thunder|p1a: Toxapex
|-supereffective|p1a: Toxapex
|-damage|p1a: Toxapex|0 fnt
|faint|p1a: Toxapex
|
|win|v87
|raw|AG Champion Red's rating: 1693 &rarr; <strong>1675</strong><br />(-18 for losing)
|raw|v87's rating: 1731 &rarr; <strong>1749</strong><br />(+18 for winning)
