|j|☆hanwujiwandou
|j|☆Sim112
|t:|1668691814
|gametype|singles
|player|p1|hanwujiwandou|lillie-z|1558
|player|p2|Sim112|arezu|1498
|teamsize|p1|6
|teamsize|p2|6
|gen|8
|tier|[Gen 8] National Dex AG
|rated|
|rule|HP Percentage Mod: HP is shown in percentages
|rule|Endless Battle Clause: Forcing endless battles is banned
|clearpoke
|poke|p1|Zacian-*|
|poke|p1|Ho-Oh|
|poke|p1|Calyrex-Shadow|
|poke|p1|Yveltal|
|poke|p1|Rayquaza|
|poke|p1|Groudon|
|poke|p2|Landorus-Therian, M|
|poke|p2|Salamence, F|
|poke|p2|Deoxys-Attack|
|poke|p2|Cinderace, M|
|poke|p2|Regieleki|
|poke|p2|Milotic, F|
|teampreview
|
|t:|1668691819
|start
|switch|p1a: Groudon|Groudon|100/100
|switch|p2a: Deoxys|Deoxys-Attack|100/100
|-ability|p2a: Deoxys|Pressure
|detailschange|p1a: Groudon|Groudon-Primal
|-primal|p1a: Groudon
|-weather|DesolateLand|[from] ability: Desolate Land|[of] p1a: Groudon
|turn|1
|inactive|Battle timer is ON: inactive players will automatically lose when time's up. (requested by hanwujiwandou)
|
|t:|1668691829
|move|p2a: Deoxys|Stealth Rock|p1a: Groudon
|-sidestart|p1: hanwujiwandou|move: Stealth Rock
|move|p1a: Groudon|Heat Crash|p2a: Deoxys
|-enditem|p2a: Deoxys|Focus Sash
|-damage|p2a: Deoxys|1/100
|
|-weather|DesolateLand|[upkeep]
|upkeep
|turn|2
|
|t:|1668691841
|move|p2a: Deoxys|Psycho Boost|p1a: Groudon
|-damage|p1a: Groudon|18/100
|-unboost|p2a: Deoxys|spa|2
|move|p1a: Groudon|Stealth Rock|p2a: Deoxys
|-sidestart|p2: Sim112|move: Stealth Rock
|
|-weather|DesolateLand|[upkeep]
|upkeep
|turn|3
|
|t:|1668691849
|-weather|none
|switch|p1a: Yveltal|Yveltal|100/100
|-damage|p1a: Yveltal|76/100|[from] Stealth Rock
|-ability|p1a: Yveltal|Dark Aura
|move|p2a: Deoxys|Knock Off|p1a: Yveltal
|-resisted|p1a: Yveltal
|-crit|p1a: Yveltal
|-damage|p1a: Yveltal|35/100
|-enditem|p1a: Yveltal|Assault Vest|[from] move: Knock Off|[of] p2a: Deoxys
|
|upkeep
|turn|4
|
|t:|1668691860
|move|p2a: Deoxys|Rock Slide|p1a: Yveltal
|-supereffective|p1a: Yveltal
|-damage|p1a: Yveltal|0 fnt
|faint|p1a: Yveltal
|
|upkeep
|
|t:|1668691866
|switch|p1a: Calyrex|Calyrex-Shadow|100/100
|-ability|p1a: Calyrex|As One
|-ability|p1a: Calyrex|Unnerve
|-damage|p1a: Calyrex|88/100|[from] Stealth Rock
|turn|5
|
|t:|1668691873
|move|p1a: Calyrex|Astral Barrage|p2a: Deoxys
|-supereffective|p2a: Deoxys
|-damage|p2a: Deoxys|0 fnt
|faint|p2a: Deoxys
|-ability|p1a: Calyrex|Grim Neigh|boost
|-boost|p1a: Calyrex|spa|1
|
|upkeep
|
|t:|1668691882
|switch|p2a: Cinderace|Cinderace, M|100/100
|turn|6
|
|t:|1668691889
|switch|p1a: Groudon|Groudon-Primal|18/100
|-damage|p1a: Groudon|5/100|[from] Stealth Rock
|-weather|DesolateLand|[from] ability: Desolate Land|[of] p1a: Groudon
|move|p2a: Cinderace|Sucker Punch||[still]
|-fail|p2a: Cinderace
|
|-weather|DesolateLand|[upkeep]
|upkeep
|turn|7
|
|t:|1668691898
|move|p2a: Cinderace|Pyro Ball|p1a: Groudon
|-resisted|p1a: Groudon
|-damage|p1a: Groudon|0 fnt
|faint|p1a: Groudon
|-weather|none
|
|upkeep
|
|t:|1668691912
|switch|p1a: Ho-Oh|Ho-Oh|100/100
|turn|8
|
|t:|1668691918
|move|p2a: Cinderace|Gunk Shot|p1a: Ho-Oh|[miss]
|-start|p2a: Cinderace|typechange|Poison|[from] ability: Libero
|-miss|p2a: Cinderace|p1a: Ho-Oh
|move|p1a: Ho-Oh|Toxic|p2a: Cinderace
|-immune|p2a: Cinderace
|
|upkeep
|turn|9
|
|t:|1668691925
|move|p2a: Cinderace|Gunk Shot|p1a: Ho-Oh
|-damage|p1a: Ho-Oh|62/100
|move|p1a: Ho-Oh|Sacred Fire|p2a: Cinderace
|-damage|p2a: Cinderace|42/100
|
|upkeep
|turn|10
|
|t:|1668691949
|move|p2a: Cinderace|Pyro Ball|p1a: Ho-Oh
|-start|p2a: Cinderace|typechange|Fire|[from] ability: Libero
|-resisted|p1a: Ho-Oh
|-damage|p1a: Ho-Oh|43/100
|move|p1a: Ho-Oh|Sacred Fire|p2a: Cinderace
|-resisted|p2a: Cinderace
|-damage|p2a: Cinderace|9/100
|
|upkeep
|turn|11
|
|t:|1668691958
|switch|p2a: Milotic|Milotic, F|100/100
|-damage|p2a: Milotic|88/100|[from] Stealth Rock
|move|p1a: Ho-Oh|Recover|p1a: Ho-Oh
|-heal|p1a: Ho-Oh|93/100
|
|-status|p2a: Milotic|brn|[from] item: Flame Orb
|upkeep
|turn|12
|
|t:|1668691976
|switch|p1a: Zacian|Zacian-Crowned|100/100
|-damage|p1a: Zacian|94/100|[from] Stealth Rock
|-ability|p1a: Zacian|Intrepid Sword|boost
|-boost|p1a: Zacian|atk|1
|move|p2a: Milotic|Scald|p1a: Zacian
|-damage|p1a: Zacian|67/100
|-status|p1a: Zacian|brn
|
|-damage|p1a: Zacian|60/100 brn|[from] brn
|-damage|p2a: Milotic|82/100 brn|[from] brn
|upkeep
|turn|13
|
|t:|1668691987
|move|p1a: Zacian|Play Rough|p2a: Milotic
|-damage|p2a: Milotic|59/100 brn
|-unboost|p2a: Milotic|atk|1
|move|p2a: Milotic|Scald|p1a: Zacian
|-damage|p1a: Zacian|35/100 brn
|
|-damage|p1a: Zacian|29/100 brn|[from] brn
|-damage|p2a: Milotic|53/100 brn|[from] brn
|upkeep
|turn|14
|
|t:|1668691997
|move|p1a: Zacian|Behemoth Blade|p2a: Milotic
|-resisted|p2a: Milotic
|-damage|p2a: Milotic|40/100 brn
|move|p2a: Milotic|Recover|p2a: Milotic
|-heal|p2a: Milotic|90/100 brn
|
|-damage|p1a: Zacian|23/100 brn|[from] brn
|-damage|p2a: Milotic|84/100 brn|[from] brn
|upkeep
|turn|15
|
|t:|1668692005
|move|p1a: Zacian|Play Rough|p2a: Milotic
|-damage|p2a: Milotic|58/100 brn
|move|p2a: Milotic|Scald|p1a: Zacian
|-damage|p1a: Zacian|0 fnt
|faint|p1a: Zacian
|
|-damage|p2a: Milotic|52/100 brn|[from] brn
|upkeep
|
|t:|1668692013
|switch|p1a: Calyrex|Calyrex-Shadow|88/100
|-ability|p1a: Calyrex|As One
|-ability|p1a: Calyrex|Unnerve
|-damage|p1a: Calyrex|76/100|[from] Stealth Rock
|turn|16
|
|t:|1668692024
|-start|p1a: Calyrex|Dynamax|
|-heal|p1a: Calyrex|76/100|[silent]
|move|p1a: Calyrex|Max Phantasm|p2a: Milotic
|-damage|p2a: Milotic|0 fnt
|faint|p2a: Milotic
|-ability|p1a: Calyrex|Grim Neigh|boost
|-boost|p1a: Calyrex|spa|1
|
|upkeep
|
|t:|1668692035
|switch|p2a: Landorus|Landorus-Therian, M|100/100
|-damage|p2a: Landorus|88/100|[from] Stealth Rock
|-ability|p2a: Landorus|Intimidate|boost
|-unboost|p1a: Calyrex|atk|1
|turn|17
|
|t:|1668692043
|move|p2a: Landorus|Knock Off|p1a: Calyrex
|-supereffective|p1a: Calyrex
|-damage|p1a: Calyrex|0 fnt
|-enditem|p1a: Calyrex|Choice Scarf|[from] move: Knock Off|[of] p2a: Landorus
|faint|p1a: Calyrex
|
|upkeep
|
|t:|1668692051
|switch|p1a: Rayquaza|Rayquaza|100/100
|-damage|p1a: Rayquaza|76/100|[from] Stealth Rock
|-ability|p1a: Rayquaza|Air Lock
|turn|18
|
|t:|1668692058
|-start|p2a: Landorus|Dynamax|
|-heal|p2a: Landorus|88/100|[silent]
|move|p1a: Rayquaza|Draco Meteor|p2a: Landorus
|-damage|p2a: Landorus|46/100
|-unboost|p1a: Rayquaza|spa|2
|move|p2a: Landorus|Max Steelspike|p1a: Rayquaza
|-damage|p1a: Rayquaza|28/100
|-boost|p2a: Landorus|def|1
|
|upkeep
|turn|19
|-message|hanwujiwandou forfeited.
|
|win|Sim112
|raw|hanwujiwandou's rating: 1558 &rarr; <strong>1535</strong><br />(-23 for losing)
|raw|Sim112's rating: 1498 &rarr; <strong>1521</strong><br />(+23 for winning)
|l|☆hanwujiwandou
|c|☆Sim112|that was one hell of a ride
|c|☆Sim112|eh
|c|☆Sim112|partners
|c|☆Sim112|its the end of road now
||Ladder isn't responding, score probably updated but might not have (Request timeout).
|c|☆Sim112|i hope to see you in nex lifetime or in new meta
|c|☆Sim112|i hope that you made a difference killing these so called legendaries and asserting your dominance one last time using the dynamax
