|j|☆dtc07
|j|☆cosmos dream
|t:|1664092347
|gametype|singles
|player|p1|dtc07|grimsley|1821
|player|p2|cosmos dream|1|1726
|teamsize|p1|6
|teamsize|p2|6
|gen|8
|tier|[Gen 8] National Dex AG
|rated|
|rule|HP Percentage Mod: HP is shown in percentages
|rule|Endless Battle Clause: Forcing endless battles is banned
|clearpoke
|poke|p1|Mewtwo|
|poke|p1|Marshadow|
|poke|p1|Zacian-*|
|poke|p1|Necrozma-Dusk-Mane|
|poke|p1|Yveltal|
|poke|p1|Ho-Oh|
|poke|p2|Smeargle, M|
|poke|p2|Arceus-*|
|poke|p2|Calyrex-Shadow|
|poke|p2|Yveltal|
|poke|p2|Rayquaza|
|poke|p2|Aerodactyl, F|
|teampreview
|inactive|Battle timer is ON: inactive players will automatically lose when time's up. (requested by dtc07)
|j| alwaysrinse
|
|t:|1664092352
|start
|switch|p1a: Mewtwo|Mewtwo|100/100
|switch|p2a: Smeargle|Smeargle, M|100/100
|-ability|p1a: Mewtwo|Pressure
|turn|1
|
|t:|1664092356
|detailschange|p1a: Mewtwo|Mewtwo-Mega-Y
|-mega|p1a: Mewtwo|Mewtwo|Mewtwonite Y
|move|p1a: Mewtwo|Psystrike|p2a: Smeargle
|-enditem|p2a: Smeargle|Focus Sash
|-damage|p2a: Smeargle|1/100
|move|p2a: Smeargle|Nuzzle|p1a: Mewtwo
|-damage|p1a: Mewtwo|99/100
|-status|p1a: Mewtwo|par
|
|upkeep
|turn|2
|
|t:|1664092366
|move|p2a: Smeargle|Sticky Web|p1a: Mewtwo
|-sidestart|p1: dtc07|move: Sticky Web
|move|p1a: Mewtwo|Ice Beam|p2a: Smeargle
|-damage|p2a: Smeargle|0 fnt
|faint|p2a: Smeargle
|
|upkeep
|
|t:|1664092372
|switch|p2a: Calyrex|Calyrex-Shadow|100/100
|-ability|p2a: Calyrex|As One
|-ability|p2a: Calyrex|Unnerve
|turn|3
|
|t:|1664092375
|switch|p1a: Yveltal|Yveltal|100/100
|-ability|p1a: Yveltal|Dark Aura
|move|p2a: Calyrex|Substitute|p2a: Calyrex
|-start|p2a: Calyrex|Substitute
|-damage|p2a: Calyrex|76/100
|
|upkeep
|turn|4
|
|t:|1664092381
|move|p2a: Calyrex|Leech Seed|p1a: Yveltal
|-start|p1a: Yveltal|move: Leech Seed
|move|p1a: Yveltal|Foul Play|p2a: Calyrex
|-supereffective|p2a: Calyrex
|-crit|p2a: Calyrex
|-end|p2a: Calyrex|Substitute
|
|-damage|p1a: Yveltal|88/100|[from] Leech Seed|[of] p2a: Calyrex
|-heal|p2a: Calyrex|92/100|[silent]
|upkeep
|turn|5
|
|t:|1664092384
|move|p2a: Calyrex|Substitute|p2a: Calyrex
|-start|p2a: Calyrex|Substitute
|-damage|p2a: Calyrex|67/100
|move|p1a: Yveltal|Defog|p2a: Calyrex
|-sideend|p1: dtc07|Sticky Web|[from] move: Defog|[of] p1a: Yveltal
|
|-damage|p1a: Yveltal|76/100|[from] Leech Seed|[of] p2a: Calyrex
|-heal|p2a: Calyrex|83/100|[silent]
|upkeep
|turn|6
|
|t:|1664092389
|switch|p1a: Ho-Oh|Ho-Oh|100/100
|move|p2a: Calyrex|Astral Barrage|p1a: Ho-Oh
|-damage|p1a: Ho-Oh|61/100
|
|upkeep
|turn|7
|
|t:|1664092394
|move|p2a: Calyrex|Leech Seed|p1a: Ho-Oh
|-start|p1a: Ho-Oh|move: Leech Seed
|move|p1a: Ho-Oh|Recover|p1a: Ho-Oh
|-heal|p1a: Ho-Oh|100/100
|
|-damage|p1a: Ho-Oh|88/100|[from] Leech Seed|[of] p2a: Calyrex
|-heal|p2a: Calyrex|98/100|[silent]
|upkeep
|turn|8
|
|t:|1664092399
|switch|p1a: Yveltal|Yveltal|76/100
|-ability|p1a: Yveltal|Dark Aura
|move|p2a: Calyrex|Astral Barrage|p1a: Yveltal
|-resisted|p1a: Yveltal
|-damage|p1a: Yveltal|54/100
|
|upkeep
|turn|9
|
|t:|1664092403
|move|p2a: Calyrex|Leech Seed|p1a: Yveltal
|-start|p1a: Yveltal|move: Leech Seed
|move|p1a: Yveltal|Roost|p1a: Yveltal
|-heal|p1a: Yveltal|100/100
|-singleturn|p1a: Yveltal|move: Roost
|
|-damage|p1a: Yveltal|88/100|[from] Leech Seed|[of] p2a: Calyrex
|-heal|p2a: Calyrex|100/100|[silent]
|upkeep
|turn|10
|
|t:|1664092408
|move|p2a: Calyrex|Astral Barrage|p1a: Yveltal
|-resisted|p1a: Yveltal
|-damage|p1a: Yveltal|70/100
|move|p1a: Yveltal|Foul Play|p2a: Calyrex
|-supereffective|p2a: Calyrex
|-end|p2a: Calyrex|Substitute
|
|-damage|p1a: Yveltal|57/100|[from] Leech Seed|[of] p2a: Calyrex
|upkeep
|turn|11
|
|t:|1664092411
|switch|p1a: Ho-Oh|Ho-Oh|100/100
|move|p2a: Calyrex|Substitute|p2a: Calyrex
|-start|p2a: Calyrex|Substitute
|-damage|p2a: Calyrex|76/100
|
|upkeep
|turn|12
|
|t:|1664092415
|move|p2a: Calyrex|Leech Seed|p1a: Ho-Oh
|-start|p1a: Ho-Oh|move: Leech Seed
|move|p1a: Ho-Oh|Whirlwind|p2a: Calyrex
|drag|p2a: Yveltal|Yveltal|100/100
|-ability|p2a: Yveltal|Dark Aura
|
|-damage|p1a: Ho-Oh|88/100|[from] Leech Seed|[of] p2a: Yveltal
|upkeep
|turn|13
|
|t:|1664092423
|move|p2a: Yveltal|Dark Pulse|p1a: Ho-Oh
|-damage|p1a: Ho-Oh|43/100
|-damage|p2a: Yveltal|91/100|[from] item: Life Orb
|move|p1a: Ho-Oh|Toxic|p2a: Yveltal
|-status|p2a: Yveltal|tox
|
|-damage|p1a: Ho-Oh|31/100|[from] Leech Seed|[of] p2a: Yveltal
|-heal|p2a: Yveltal|100/100 tox|[silent]
|-damage|p2a: Yveltal|94/100 tox|[from] psn
|upkeep
|turn|14
|
|t:|1664092430
|switch|p1a: Zacian|Zacian-Crowned|100/100
|-ability|p1a: Zacian|Intrepid Sword|boost
|-boost|p1a: Zacian|atk|1
|move|p2a: Yveltal|Dark Pulse|p1a: Zacian
|-resisted|p1a: Zacian
|-damage|p1a: Zacian|65/100
|-damage|p2a: Yveltal|84/100 tox|[from] item: Life Orb
|
|-damage|p2a: Yveltal|72/100 tox|[from] psn
|upkeep
|turn|15
|
|t:|1664092436
|move|p1a: Zacian|Behemoth Blade|p2a: Yveltal
|-damage|p2a: Yveltal|0 fnt
|faint|p2a: Yveltal
|
|upkeep
|
|t:|1664092438
|switch|p2a: Calyrex|Calyrex-Shadow|76/100
|-ability|p2a: Calyrex|As One
|-ability|p2a: Calyrex|Unnerve
|turn|16
|
|t:|1664092442
|switch|p1a: Yveltal|Yveltal|57/100
|-ability|p1a: Yveltal|Dark Aura
|move|p2a: Calyrex|Substitute|p2a: Calyrex
|-start|p2a: Calyrex|Substitute
|-damage|p2a: Calyrex|51/100
|
|upkeep
|turn|17
|
|t:|1664092450
|move|p2a: Calyrex|Leech Seed|p1a: Yveltal
|-start|p1a: Yveltal|move: Leech Seed
|move|p1a: Yveltal|Roost|p1a: Yveltal
|-heal|p1a: Yveltal|100/100
|-singleturn|p1a: Yveltal|move: Roost
|
|-damage|p1a: Yveltal|88/100|[from] Leech Seed|[of] p2a: Calyrex
|-heal|p2a: Calyrex|67/100|[silent]
|upkeep
|turn|18
|
|t:|1664092453
|move|p2a: Calyrex|Astral Barrage|p1a: Yveltal
|-resisted|p1a: Yveltal
|-damage|p1a: Yveltal|67/100
|move|p1a: Yveltal|Foul Play|p2a: Calyrex
|-supereffective|p2a: Calyrex
|-end|p2a: Calyrex|Substitute
|
|-damage|p1a: Yveltal|55/100|[from] Leech Seed|[of] p2a: Calyrex
|-heal|p2a: Calyrex|83/100|[silent]
|upkeep
|turn|19
|j| Overlord Jr.
|
|t:|1664092463
|move|p2a: Calyrex|Substitute|p2a: Calyrex
|-start|p2a: Calyrex|Substitute
|-damage|p2a: Calyrex|59/100
|move|p1a: Yveltal|Foul Play|p2a: Calyrex
|-supereffective|p2a: Calyrex
|-crit|p2a: Calyrex
|-end|p2a: Calyrex|Substitute
|
|-damage|p1a: Yveltal|42/100|[from] Leech Seed|[of] p2a: Calyrex
|-heal|p2a: Calyrex|75/100|[silent]
|upkeep
|turn|20
|
|t:|1664092470
|move|p2a: Calyrex|Taunt|p1a: Yveltal
|-start|p1a: Yveltal|move: Taunt
|cant|p1a: Yveltal|move: Taunt|Roost
|
|-damage|p1a: Yveltal|30/100|[from] Leech Seed|[of] p2a: Calyrex
|-heal|p2a: Calyrex|91/100|[silent]
|upkeep
|turn|21
|
|t:|1664092475
|move|p2a: Calyrex|Substitute|p2a: Calyrex
|-start|p2a: Calyrex|Substitute
|-damage|p2a: Calyrex|66/100
|move|p1a: Yveltal|Foul Play|p2a: Calyrex
|-supereffective|p2a: Calyrex
|-end|p2a: Calyrex|Substitute
|
|-damage|p1a: Yveltal|18/100|[from] Leech Seed|[of] p2a: Calyrex
|-heal|p2a: Calyrex|83/100|[silent]
|upkeep
|turn|22
|
|t:|1664092480
|move|p2a: Calyrex|Astral Barrage|p1a: Yveltal
|-resisted|p1a: Yveltal
|-damage|p1a: Yveltal|0 fnt
|faint|p1a: Yveltal
|-ability|p2a: Calyrex|Grim Neigh|boost
|-boost|p2a: Calyrex|spa|1
|
|upkeep
|
|t:|1664092482
|switch|p1a: Marshadow|Marshadow|100/100
|turn|23
|l| alwaysrinse
|
|t:|1664092488
|-activate|p2a: Calyrex|move: Pursuit
|move|p1a: Marshadow|Pursuit|p2a: Calyrex|[from]Pursuit
|-supereffective|p2a: Calyrex
|-damage|p2a: Calyrex|0 fnt
|faint|p2a: Calyrex
|-hint|A Pokemon can't switch between when it runs out of HP and when it faints
|
|upkeep
|
|t:|1664092492
|switch|p2a: Aerodactyl|Aerodactyl, F|100/100
|-ability|p2a: Aerodactyl|Unnerve
|turn|24
|
|t:|1664092501
|switch|p1a: Necrozma|Necrozma-Dusk-Mane|100/100
|move|p2a: Aerodactyl|Rock Tomb|p1a: Necrozma
|-resisted|p1a: Necrozma
|-damage|p1a: Necrozma|93/100
|-unboost|p1a: Necrozma|spe|1
|
|upkeep
|turn|25
|
|t:|1664092505
|move|p2a: Aerodactyl|Taunt|p1a: Necrozma
|-start|p1a: Necrozma|move: Taunt
|move|p1a: Necrozma|Sunsteel Strike|p2a: Aerodactyl
|-supereffective|p2a: Aerodactyl
|-enditem|p2a: Aerodactyl|Focus Sash
|-damage|p2a: Aerodactyl|1/100
|
|upkeep
|turn|26
|
|t:|1664092511
|move|p2a: Aerodactyl|Stealth Rock|p1a: Necrozma
|-sidestart|p1: dtc07|move: Stealth Rock
|move|p1a: Necrozma|Sunsteel Strike|p2a: Aerodactyl
|-supereffective|p2a: Aerodactyl
|-damage|p2a: Aerodactyl|0 fnt
|faint|p2a: Aerodactyl
|
|upkeep
|
|t:|1664092526
|switch|p2a: Rayquaza|Rayquaza|100/100
|-ability|p2a: Rayquaza|Air Lock
|turn|27
|
|t:|1664092530
|detailschange|p2a: Rayquaza|Rayquaza-Mega
|-mega|p2a: Rayquaza|Rayquaza|
|-weather|DeltaStream|[from] ability: Delta Stream|[of] p2a: Rayquaza
|-start|p1a: Necrozma|Dynamax|
|-heal|p1a: Necrozma|93/100|[silent]
|move|p2a: Rayquaza|Dragon Dance|p2a: Rayquaza
|-boost|p2a: Rayquaza|atk|1
|-boost|p2a: Rayquaza|spe|1
|move|p1a: Necrozma|Max Steelspike|p2a: Rayquaza
|-damage|p2a: Rayquaza|35/100
|-boost|p1a: Necrozma|def|1
|
|-weather|DeltaStream|[upkeep]
|-end|p1a: Necrozma|move: Taunt
|upkeep
|turn|28
|
|t:|1664092537
|move|p2a: Rayquaza|Earthquake|p1a: Necrozma
|-supereffective|p1a: Necrozma
|-damage|p1a: Necrozma|68/100
|-damage|p2a: Rayquaza|25/100|[from] item: Life Orb
|move|p1a: Necrozma|Max Steelspike|p2a: Rayquaza
|-damage|p2a: Rayquaza|0 fnt
|-boost|p1a: Necrozma|def|1
|faint|p2a: Rayquaza
|-weather|none
|
|upkeep
|
|t:|1664092541
|switch|p2a: Arceus|Arceus-Electric|100/100
|turn|29
|
|t:|1664092546
|-end|p1a: Necrozma|Dynamax
|-heal|p1a: Necrozma|69/100|[silent]
|switch|p1a: Marshadow|Marshadow|100/100
|-damage|p1a: Marshadow|94/100|[from] Stealth Rock
|move|p2a: Arceus|Calm Mind|p2a: Arceus
|-boost|p2a: Arceus|spa|1
|-boost|p2a: Arceus|spd|1
|
|upkeep
|turn|30
|
|t:|1664092553
|-start|p2a: Arceus|Dynamax|
|-heal|p2a: Arceus|100/100|[silent]
|move|p1a: Marshadow|Close Combat|p2a: Arceus
|-damage|p2a: Arceus|65/100
|-unboost|p1a: Marshadow|def|1
|-unboost|p1a: Marshadow|spd|1
|move|p2a: Arceus|Max Lightning|p1a: Marshadow
|-damage|p1a: Marshadow|0 fnt
|-fieldstart|move: Electric Terrain
|faint|p1a: Marshadow
|
|upkeep
|
|t:|1664092567
|switch|p1a: Mewtwo|Mewtwo-Mega-Y|99/100 par
|-damage|p1a: Mewtwo|86/100 par|[from] Stealth Rock
|turn|31
|
|t:|1664092569
|move|p2a: Arceus|Max Lightning|p1a: Mewtwo
|-damage|p1a: Mewtwo|0 fnt
|faint|p1a: Mewtwo
|
|upkeep
|
|t:|1664092573
|switch|p1a: Ho-Oh|Ho-Oh|64/100
|turn|32
|
|t:|1664092577
|move|p2a: Arceus|Max Lightning|p1a: Ho-Oh
|-supereffective|p1a: Ho-Oh
|-damage|p1a: Ho-Oh|0 fnt
|faint|p1a: Ho-Oh
|
|upkeep
|
|t:|1664092579
|switch|p1a: Zacian|Zacian-Crowned|65/100
|-damage|p1a: Zacian|59/100|[from] Stealth Rock
|-ability|p1a: Zacian|Intrepid Sword|boost
|-boost|p1a: Zacian|atk|1
|-end|p2a: Arceus|Dynamax
|-heal|p2a: Arceus|65/100|[silent]
|turn|33
|
|t:|1664092583
|move|p1a: Zacian|Close Combat|p2a: Arceus
|-damage|p2a: Arceus|8/100
|-unboost|p1a: Zacian|def|1
|-unboost|p1a: Zacian|spd|1
|move|p2a: Arceus|Judgment|p1a: Zacian
|-damage|p1a: Zacian|0 fnt
|faint|p1a: Zacian
|
|upkeep
|
|t:|1664092587
|switch|p1a: Necrozma|Necrozma-Dusk-Mane|69/100
|-damage|p1a: Necrozma|63/100|[from] Stealth Rock
|turn|34
|
|t:|1664092590
|move|p2a: Arceus|Judgment|p1a: Necrozma
|-damage|p1a: Necrozma|0 fnt
|faint|p1a: Necrozma
|
|win|cosmos dream
|raw|dtc07's rating: 1821 &rarr; <strong>1796</strong><br />(-25 for losing)
|raw|cosmos dream's rating: 1726 &rarr; <strong>1751</strong><br />(+25 for winning)
|l|☆dtc07
