|j|‽Txunt
|j|☆Brockpewtercitygym
|inactive|Battle timer is ON: inactive players will automatically lose when time's up.
|t:|1668389151
|gametype|singles
|player|p1|Txunt|102|
|player|p2|Brockpewtercitygym|brock|
|teamsize|p1|6
|teamsize|p2|6
|gen|8
|tier|[Gen 8] National Dex AG
|rated|Tournament battle
|rule|HP Percentage Mod: HP is shown in percentages
|rule|Endless Battle Clause: Forcing endless battles is banned
|clearpoke
|poke|p1|Calyrex-Shadow|
|poke|p1|Yveltal|
|poke|p1|Necrozma-Dusk-Mane|
|poke|p1|Arceus-*|
|poke|p1|Arceus-*|
|poke|p1|Arceus-*|
|poke|p2|Liepard, M|
|poke|p2|Giratina|
|poke|p2|Giratina-Origin|
|poke|p2|Smeargle, M|
|poke|p2|Breloom, M|
|poke|p2|Ditto|
|teampreview
|inactive|Txunt has 120 seconds left.
|
|t:|1668389184
|start
|switch|p1a: Arceus|Arceus|100/100
|switch|p2a: Giratina|Giratina|100/100
|-ability|p2a: Giratina|Pressure
|turn|1
|
|t:|1668389192
|switch|p1a: Yveltal|Yveltal|100/100
|-ability|p1a: Yveltal|Dark Aura
|move|p2a: Giratina|Protect||[still]
|-fail|p2a: Giratina
|
|upkeep
|turn|2
|j| LocalMetagross
|
|t:|1668389203
|-start|p2a: Giratina|Dynamax|
|-heal|p2a: Giratina|100/100|[silent]
|move|p1a: Yveltal|Foul Play|p2a: Giratina
|-supereffective|p2a: Giratina
|-damage|p2a: Giratina|69/100
|-enditem|p2a: Giratina|Weakness Policy
|-boost|p2a: Giratina|atk|2|[from] item: Weakness Policy
|-boost|p2a: Giratina|spa|2|[from] item: Weakness Policy
|move|p2a: Giratina|Max Airstream|p1a: Yveltal
|-damage|p1a: Yveltal|32/100
|-boost|p2a: Giratina|spe|1
|
|upkeep
|turn|3
|
|t:|1668389212
|move|p2a: Giratina|Max Phantasm|p1a: Yveltal
|-resisted|p1a: Yveltal
|-damage|p1a: Yveltal|0 fnt
|faint|p1a: Yveltal
|
|upkeep
|
|t:|1668389224
|switch|p1a: Arceus|Arceus-Fairy|100/100
|turn|4
|
|t:|1668389228
|-start|p1a: Arceus|Dynamax|
|-heal|p1a: Arceus|100/100|[silent]
|move|p1a: Arceus|Max Guard|p1a: Arceus
|-singleturn|p1a: Arceus|Max Guard
|move|p2a: Giratina|Max Phantasm|p1a: Arceus
|-activate|p1a: Arceus|move: Max Guard
|
|upkeep
|-end|p2a: Giratina|Dynamax
|-heal|p2a: Giratina|69/100|[silent]
|turn|5
|
|t:|1668389232
|move|p2a: Giratina|Protect|p2a: Giratina
|-singleturn|p2a: Giratina|Protect
|move|p1a: Arceus|Max Starfall|p2a: Giratina
|-supereffective|p2a: Giratina
|-zbroken|p2a: Giratina
|-damage|p2a: Giratina|51/100
|-fieldstart|move: Misty Terrain
|
|upkeep
|turn|6
|
|t:|1668389241
|move|p2a: Giratina|Shadow Force||[still]
|-prepare|p2a: Giratina|Shadow Force
|move|p1a: Arceus|Max Starfall|p2a: Giratina|[miss]
|-miss|p1a: Arceus|p2a: Giratina
|
|upkeep
|-end|p1a: Arceus|Dynamax
|-heal|p1a: Arceus|100/100|[silent]
|turn|7
|
|t:|1668389246
|move|p2a: Giratina|Shadow Force|p1a: Arceus|[from]lockedmove
|-damage|p1a: Arceus|32/100
|move|p1a: Arceus|Will-O-Wisp|p2a: Giratina
|-activate|p2a: Giratina|move: Misty Terrain
|
|upkeep
|turn|8
|
|t:|1668389253
|move|p2a: Giratina|Shadow Force||[still]
|-prepare|p2a: Giratina|Shadow Force
|move|p1a: Arceus|Recover|p1a: Arceus
|-heal|p1a: Arceus|82/100
|
|upkeep
|turn|9
|
|t:|1668389255
|move|p2a: Giratina|Shadow Force|p1a: Arceus|[from]lockedmove
|-damage|p1a: Arceus|0 fnt
|faint|p1a: Arceus
|
|-fieldend|Misty Terrain
|upkeep
|c| LocalMetagross|thats a tbh
|
|t:|1668389260
|switch|p1a: Calyrex|Calyrex-Shadow|100/100
|-ability|p1a: Calyrex|As One
|-ability|p1a: Calyrex|Unnerve
|turn|10
|
|t:|1668389263
|move|p1a: Calyrex|Astral Barrage|p2a: Giratina
|-supereffective|p2a: Giratina
|-damage|p2a: Giratina|0 fnt
|faint|p2a: Giratina
|-ability|p1a: Calyrex|Grim Neigh|boost
|-boost|p1a: Calyrex|spa|1
|
|upkeep
|c| LocalMetagross|whoa that roll
|
|t:|1668389267
|switch|p2a: Liepard|Liepard, M|100/100
|turn|11
|
|t:|1668389273
|switch|p1a: Arceus|Arceus|100/100
|move|p2a: Liepard|Assist|p2a: Liepard
|move|p2a: Liepard|Spore|p1a: Arceus|[from]move: Assist
|-status|p1a: Arceus|slp|[from] move: Spore
|
|upkeep
|turn|12
|
|t:|1668389278
|move|p2a: Liepard|Substitute|p2a: Liepard
|-start|p2a: Liepard|Substitute
|-damage|p2a: Liepard|76/100
|cant|p1a: Arceus|slp
|
|-heal|p2a: Liepard|82/100|[from] item: Leftovers
|upkeep
|turn|13
|
|t:|1668389283
|move|p2a: Liepard|Nasty Plot|p2a: Liepard
|-boost|p2a: Liepard|spa|2
|cant|p1a: Arceus|slp
|
|-heal|p2a: Liepard|87/100|[from] item: Leftovers
|upkeep
|turn|14
|
|t:|1668389286
|move|p2a: Liepard|Dark Pulse|p1a: Arceus
|-damage|p1a: Arceus|51/100 slp
|cant|p1a: Arceus|slp
|
|-heal|p2a: Liepard|93/100|[from] item: Leftovers
|upkeep
|turn|15
|
|t:|1668389292
|move|p2a: Liepard|Dark Pulse|p1a: Arceus
|-damage|p1a: Arceus|0 fnt
|faint|p1a: Arceus
|
|-heal|p2a: Liepard|99/100|[from] item: Leftovers
|upkeep
|-message|Txunt forfeited.
|
|win|Brockpewtercitygym
|n|‽Txunt|txunt
|n|☆Brockpewtercitygym|brockpewtercitygym
|n| LocalMetagross|localmetagross
