|j|☆Glass101
|j|☆Dominator296
|t:|1639673170
|gametype|singles
|player|p1|Glass101|rocketgrunt|1672
|player|p2|Dominator296|alder|1711
|teamsize|p1|6
|teamsize|p2|6
|gen|8
|tier|[Gen 8] National Dex AG
|rated|
|rule|HP Percentage Mod: HP is shown in percentages
|rule|Endless Battle Clause: Forcing endless battles is banned
|clearpoke
|poke|p1|Ditto|
|poke|p1|Zacian-*|
|poke|p1|Yveltal|
|poke|p1|Rayquaza|
|poke|p1|Groudon|
|poke|p1|Arceus-*|
|poke|p2|Kyogre|
|poke|p2|Groudon|
|poke|p2|Ho-Oh|
|poke|p2|Necrozma-Dusk-Mane|
|poke|p2|Arceus-*|
|poke|p2|Arceus-*|
|teampreview
|c|☆Glass101|Glhf!
|inactive|Battle timer is ON: inactive players will automatically lose when time's up. (requested by Glass101)
|
|t:|1639673191
|start
|switch|p1a: :I|Groudon, shiny|100/100
|switch|p2a: Ho-Oh|Ho-Oh, shiny|100/100
|detailschange|p1a: :I|Groudon-Primal, shiny
|-primal|p1a: :I
|-weather|DesolateLand|[from] ability: Desolate Land|[of] p1a: :I
|turn|1
|inactive|Dominator296 has 120 seconds left.
|
|t:|1639673228
|move|p1a: :I|Stone Edge|p2a: Ho-Oh|[miss]
|-miss|p1a: :I|p2a: Ho-Oh
|move|p2a: Ho-Oh|Curse|p2a: Ho-Oh
|-unboost|p2a: Ho-Oh|spe|1
|-boost|p2a: Ho-Oh|atk|1
|-boost|p2a: Ho-Oh|def|1
|
|-weather|DesolateLand|[upkeep]
|upkeep
|turn|2
|inactive|Dominator296 has 120 seconds left.
|
|t:|1639673235
|move|p1a: :I|Stone Edge|p2a: Ho-Oh|[miss]
|-miss|p1a: :I|p2a: Ho-Oh
|move|p2a: Ho-Oh|Brave Bird|p1a: :I
|-damage|p1a: :I|47/100
|-damage|p2a: Ho-Oh|86/100|[from] Recoil
|
|-weather|DesolateLand|[upkeep]
|upkeep
|turn|3
|c|☆Glass101|Ah, I love stonedge lmao
|
|t:|1639673255
|switch|p2a: Necrozma|Necrozma-Dusk-Mane|100/100
|move|p1a: :I|Stone Edge|p2a: Necrozma
|-resisted|p2a: Necrozma
|-damage|p2a: Necrozma|85/100
|
|-weather|DesolateLand|[upkeep]
|upkeep
|turn|4
|
|t:|1639673267
|detailschange|p2a: Necrozma|Necrozma-Ultra
|-burst|p2a: Necrozma|Necrozma|Ultranecrozium Z
|move|p2a: Necrozma|Dragon Dance|p2a: Necrozma
|-boost|p2a: Necrozma|atk|1
|-boost|p2a: Necrozma|spe|1
|move|p1a: :I|Precipice Blades|p2a: Necrozma
|-damage|p2a: Necrozma|5/100
|
|-weather|DesolateLand|[upkeep]
|upkeep
|turn|5
|
|t:|1639673272
|-weather|none
|switch|p1a: Owch|Yveltal, shiny|100/100
|-ability|p1a: Owch|Dark Aura
|-zpower|p2a: Necrozma
|move|p2a: Necrozma|Light That Burns the Sky|p1a: Owch|[zeffect]
|-immune|p1a: Owch
|
|upkeep
|turn|6
|
|t:|1639673289
|move|p2a: Necrozma|Thunder Wave|p1a: Owch
|-status|p1a: Owch|par
|move|p1a: Owch|Dark Pulse|p2a: Necrozma
|-supereffective|p2a: Necrozma
|-damage|p2a: Necrozma|0 fnt
|faint|p2a: Necrozma
|-damage|p1a: Owch|91/100 par|[from] item: Life Orb
|
|upkeep
|
|t:|1639673297
|switch|p2a: Kyogre|Kyogre|100/100
|-weather|RainDance|[from] ability: Drizzle|[of] p2a: Kyogre
|turn|7
|
|t:|1639673299
|move|p2a: Kyogre|Water Spout|p1a: Owch
|-damage|p1a: Owch|0 fnt
|faint|p1a: Owch
|
|-weather|RainDance|[upkeep]
|upkeep
|
|t:|1639673302
|switch|p1a: :I|Groudon-Primal, shiny|47/100
|-weather|DesolateLand|[from] ability: Desolate Land|[of] p1a: :I
|turn|8
|
|t:|1639673309
|switch|p2a: Arceus|Arceus-Flying|100/100
|move|p1a: :I|Precipice Blades|p2a: Arceus
|-immune|p2a: Arceus
|
|-weather|DesolateLand|[upkeep]
|upkeep
|turn|9
|
|t:|1639673314
|move|p2a: Arceus|Calm Mind|p2a: Arceus
|-boost|p2a: Arceus|spa|1
|-boost|p2a: Arceus|spd|1
|move|p1a: :I|Stone Edge|p2a: Arceus|[miss]
|-miss|p1a: :I|p2a: Arceus
|
|-weather|DesolateLand|[upkeep]
|upkeep
|turn|10
|c|☆Glass101|Welp. 3rd time its missed :I
|
|t:|1639673325
|move|p2a: Arceus|Calm Mind|p2a: Arceus
|-boost|p2a: Arceus|spa|1
|-boost|p2a: Arceus|spd|1
|move|p1a: :I|Stone Edge|p2a: Arceus
|-supereffective|p2a: Arceus
|-damage|p2a: Arceus|51/100
|
|-weather|DesolateLand|[upkeep]
|upkeep
|turn|11
|c|☆Dominator296|Stone miss
|c|☆Dominator296|very unlucky
|
|t:|1639673343
|move|p2a: Arceus|Recover|p2a: Arceus
|-heal|p2a: Arceus|100/100
|move|p1a: :I|Stone Edge|p2a: Arceus
|-supereffective|p2a: Arceus
|-damage|p2a: Arceus|48/100
|
|-weather|DesolateLand|[upkeep]
|upkeep
|turn|12
|c|☆Glass101|Yea but like 3 times.. On mons that would easily get murked by it.. Just hurts.
|
|t:|1639673353
|move|p2a: Arceus|Recover|p2a: Arceus
|-heal|p2a: Arceus|98/100
|move|p1a: :I|Stone Edge|p2a: Arceus
|-supereffective|p2a: Arceus
|-damage|p2a: Arceus|45/100
|
|-weather|DesolateLand|[upkeep]
|upkeep
|turn|13
|
|t:|1639673358
|move|p2a: Arceus|Recover|p2a: Arceus
|-heal|p2a: Arceus|95/100
|move|p1a: :I|Heat Crash|p2a: Arceus
|-damage|p2a: Arceus|47/100
|
|-weather|DesolateLand|[upkeep]
|upkeep
|turn|14
|
|t:|1639673377
|move|p2a: Arceus|Recover|p2a: Arceus
|-heal|p2a: Arceus|97/100
|move|p1a: :I|Heat Crash|p2a: Arceus
|-damage|p2a: Arceus|50/100
|
|-weather|DesolateLand|[upkeep]
|upkeep
|turn|15
|
|t:|1639673382
|move|p2a: Arceus|Recover|p2a: Arceus
|-heal|p2a: Arceus|99/100
|move|p1a: :I|Heat Crash|p2a: Arceus
|-damage|p2a: Arceus|58/100
|
|-weather|DesolateLand|[upkeep]
|upkeep
|turn|16
|
|t:|1639673386
|-start|p2a: Arceus|Dynamax
|-heal|p2a: Arceus|58/100|[silent]
|move|p2a: Arceus|Max Airstream|p1a: :I
|-damage|p1a: :I|0 fnt
|-boost|p2a: Arceus|spe|1
|faint|p1a: :I
|-weather|none
|
|upkeep
|
|t:|1639673393
|switch|p1a: You're Me ^^|Ditto|100/100
|-transform|p1a: You're Me ^^|p2a: Arceus|[from] ability: Imposter
|turn|17
|
|t:|1639673400
|-start|p1a: You're Me ^^|Dynamax
|-heal|p1a: You're Me ^^|100/100|[silent]
|move|p2a: Arceus|Max Airstream|p1a: You're Me ^^
|-damage|p1a: You're Me ^^|68/100
|-boost|p2a: Arceus|spe|1
|move|p1a: You're Me ^^|Max Strike|p2a: Arceus
|-damage|p2a: Arceus|47/100
|-unboost|p2a: Arceus|spe|1
|
|upkeep
|turn|18
|
|t:|1639673407
|move|p1a: You're Me ^^|Max Strike|p2a: Arceus
|-damage|p2a: Arceus|37/100
|-unboost|p2a: Arceus|spe|1
|move|p2a: Arceus|Max Airstream|p1a: You're Me ^^
|-damage|p1a: You're Me ^^|36/100
|-boost|p2a: Arceus|spe|1
|
|-end|p2a: Arceus|Dynamax
|-heal|p2a: Arceus|37/100|[silent]
|upkeep
|turn|19
|
|t:|1639673412
|move|p2a: Arceus|Recover|p2a: Arceus
|-heal|p2a: Arceus|87/100
|move|p1a: You're Me ^^|Max Strike|p2a: Arceus
|-damage|p2a: Arceus|65/100
|-unboost|p2a: Arceus|spe|1
|
|-end|p1a: You're Me ^^|Dynamax
|-heal|p1a: You're Me ^^|36/100|[silent]
|upkeep
|turn|20
|
|t:|1639673420
|move|p1a: You're Me ^^|Recover|p1a: You're Me ^^
|-heal|p1a: You're Me ^^|86/100
|move|p2a: Arceus|Recover|p2a: Arceus
|-heal|p2a: Arceus|100/100
|
|upkeep
|turn|21
|
|t:|1639673426
|switch|p1a: Gas Powered Stick|Rayquaza|100/100
|-ability|p1a: Gas Powered Stick|Air Lock
|move|p2a: Arceus|Calm Mind|p2a: Arceus
|-boost|p2a: Arceus|spa|1
|-boost|p2a: Arceus|spd|1
|
|upkeep
|turn|22
|
|t:|1639673430
|detailschange|p1a: Gas Powered Stick|Rayquaza-Mega
|-mega|p1a: Gas Powered Stick|Rayquaza|
|-weather|DeltaStream|[from] ability: Delta Stream|[of] p1a: Gas Powered Stick
|move|p1a: Gas Powered Stick|Dragon Ascent|p2a: Arceus
|-damage|p2a: Arceus|63/100
|-unboost|p1a: Gas Powered Stick|def|1
|-unboost|p1a: Gas Powered Stick|spd|1
|move|p2a: Arceus|Judgment|p1a: Gas Powered Stick
|-crit|p1a: Gas Powered Stick
|-damage|p1a: Gas Powered Stick|0 fnt
|faint|p1a: Gas Powered Stick
|-weather|none
|
|upkeep
|
|t:|1639673432
|switch|p1a: Boop-|Zacian-Crowned, shiny|100/100
|-ability|p1a: Boop-|Intrepid Sword|boost
|-boost|p1a: Boop-|atk|1
|turn|23
|
|t:|1639673435
|move|p1a: Boop-|Wild Charge|p2a: Arceus
|-supereffective|p2a: Arceus
|-damage|p2a: Arceus|8/100
|-damage|p1a: Boop-|82/100|[from] Recoil
|move|p2a: Arceus|Judgment|p1a: Boop-
|-resisted|p1a: Boop-
|-damage|p1a: Boop-|24/100
|
|upkeep
|turn|24
|
|t:|1639673442
|move|p1a: Boop-|Behemoth Blade|p2a: Arceus
|-damage|p2a: Arceus|0 fnt
|faint|p2a: Arceus
|
|upkeep
|
|t:|1639673444
|switch|p2a: Arceus|Arceus, shiny|100/100
|turn|25
|
|t:|1639673447
|move|p2a: Arceus|Extreme Speed|p1a: Boop-
|-resisted|p1a: Boop-
|-damage|p1a: Boop-|1/100
|move|p1a: Boop-|Behemoth Blade|p2a: Arceus
|-damage|p2a: Arceus|43/100
|
|upkeep
|turn|26
|
|t:|1639673452
|switch|p1a: Just God :/|Arceus|100/100
|move|p2a: Arceus|Extreme Speed|p1a: Just God :/
|-damage|p1a: Just God :/|62/100
|
|-heal|p1a: Just God :/|68/100|[from] item: Leftovers
|upkeep
|turn|27
|
|t:|1639673459
|switch|p2a: Groudon|Groudon|100/100
|detailschange|p2a: Groudon|Groudon-Primal
|-primal|p2a: Groudon
|-weather|DesolateLand|[from] ability: Desolate Land|[of] p2a: Groudon
|move|p1a: Just God :/|Swords Dance|p1a: Just God :/
|-boost|p1a: Just God :/|atk|2
|
|-weather|DesolateLand|[upkeep]
|-heal|p1a: Just God :/|74/100|[from] item: Leftovers
|upkeep
|turn|28
|
|t:|1639673464
|move|p1a: Just God :/|Extreme Speed|p2a: Groudon
|-crit|p2a: Groudon
|-damage|p2a: Groudon|25/100
|move|p2a: Groudon|Precipice Blades|p1a: Just God :/
|-damage|p1a: Just God :/|18/100
|
|-weather|DesolateLand|[upkeep]
|-heal|p1a: Just God :/|24/100|[from] item: Leftovers
|upkeep
|turn|29
|
|t:|1639673474
|move|p1a: Just God :/|Extreme Speed|p2a: Groudon
|-damage|p2a: Groudon|0 fnt
|faint|p2a: Groudon
|-weather|none
|
|-heal|p1a: Just God :/|30/100|[from] item: Leftovers
|upkeep
|
|t:|1639673478
|switch|p2a: Ho-Oh|Ho-Oh, shiny|100/100
|turn|30
|
|t:|1639673480
|move|p1a: Just God :/|Extreme Speed|p2a: Ho-Oh
|-damage|p2a: Ho-Oh|21/100
|move|p2a: Ho-Oh|Brave Bird|p1a: Just God :/
|-crit|p1a: Just God :/
|-damage|p1a: Just God :/|0 fnt
|faint|p1a: Just God :/
|-damage|p2a: Ho-Oh|12/100|[from] Recoil
|
|upkeep
|
|t:|1639673486
|switch|p1a: Boop-|Zacian-Crowned, shiny|1/100
|-ability|p1a: Boop-|Intrepid Sword|boost
|-boost|p1a: Boop-|atk|1
|turn|31
|
|t:|1639673492
|move|p1a: Boop-|Behemoth Blade|p2a: Ho-Oh
|-resisted|p2a: Ho-Oh
|-damage|p2a: Ho-Oh|0 fnt
|faint|p2a: Ho-Oh
|
|upkeep
|
|t:|1639673497
|switch|p2a: Kyogre|Kyogre|100/100
|-weather|RainDance|[from] ability: Drizzle|[of] p2a: Kyogre
|turn|32
|
|t:|1639673499
|move|p2a: Kyogre|Thunder|p1a: Boop-
|-damage|p1a: Boop-|0 fnt
|faint|p1a: Boop-
|
|-weather|RainDance|[upkeep]
|upkeep
|
|t:|1639673502
|switch|p1a: You're Me ^^|Ditto|86/100
|-transform|p1a: You're Me ^^|p2a: Kyogre|[from] ability: Imposter
|turn|33
|
|t:|1639673506
|move|p2a: Kyogre|Thunder|p1a: You're Me ^^
|-supereffective|p1a: You're Me ^^
|-damage|p1a: You're Me ^^|10/100
|move|p1a: You're Me ^^|Thunder|p2a: Kyogre
|-supereffective|p2a: Kyogre
|-damage|p2a: Kyogre|40/100
|
|-weather|RainDance|[upkeep]
|upkeep
|turn|34
|
|t:|1639673514
|move|p1a: You're Me ^^|Thunder|p2a: Kyogre
|-supereffective|p2a: Kyogre
|-damage|p2a: Kyogre|0 fnt
|faint|p2a: Kyogre
|
|-weather|RainDance|[upkeep]
|upkeep
|
|t:|1639673516
|switch|p2a: Arceus|Arceus, shiny|43/100
|turn|35
|
|t:|1639673523
|move|p2a: Arceus|Extreme Speed|p1a: You're Me ^^
|-damage|p1a: You're Me ^^|0 fnt
|faint|p1a: You're Me ^^
|
|win|Dominator296
|raw|Glass101's rating: 1672 &rarr; <strong>1654</strong><br />(-18 for losing)
|raw|Dominator296's rating: 1711 &rarr; <strong>1729</strong><br />(+18 for winning)
|c|☆Glass101|So many painful misses.
|c|☆Dominator296|Gg
|c|☆Glass101|Gg
