|j|‽Makihiro(メ)
|j|☆LocalMetagross
|inactive|Battle timer is ON: inactive players will automatically lose when time's up.
|t:|1666793326
|gametype|singles
|player|p1|Makihiro(メ)|aaron|
|player|p2|LocalMetagross|akari|
|teamsize|p1|6
|teamsize|p2|6
|gen|8
|tier|[Gen 8] National Dex AG
|rated|Tournament battle
|rule|HP Percentage Mod: HP is shown in percentages
|rule|Endless Battle Clause: Forcing endless battles is banned
|clearpoke
|poke|p1|Smeargle, F|
|poke|p1|Groudon|
|poke|p1|Rayquaza|
|poke|p1|Yveltal|
|poke|p1|Arceus-*|
|poke|p1|Aerodactyl, M|
|poke|p2|Deoxys-Speed|
|poke|p2|Calyrex-Shadow|
|poke|p2|Marshadow|
|poke|p2|Zekrom|
|poke|p2|Yveltal|
|poke|p2|Xerneas-*|
|teampreview
|inactive|Makihiro(メ) also wants the timer to be on.
|
|t:|1666793334
|start
|switch|p1a: Rayquaza|Rayquaza|100/100
|switch|p2a: Panama|Deoxys-Speed|100/100
|-ability|p2a: Panama|Pressure
|-ability|p1a: Rayquaza|Air Lock
|turn|1
|
|t:|1666793336
|detailschange|p1a: Rayquaza|Rayquaza-Mega
|-mega|p1a: Rayquaza|Rayquaza|
|-weather|DeltaStream|[from] ability: Delta Stream|[of] p1a: Rayquaza
|move|p2a: Panama|Stealth Rock|p1a: Rayquaza
|-sidestart|p1: Makihiro(メ)|move: Stealth Rock
|move|p1a: Rayquaza|Scale Shot|p2a: Panama
|-damage|p2a: Panama|78/100
|-damage|p2a: Panama|56/100
|-damage|p2a: Panama|33/100
|-hitcount|p2a: Panama|3
|-unboost|p1a: Rayquaza|def|1
|-boost|p1a: Rayquaza|spe|1
|
|-weather|DeltaStream|[upkeep]
|upkeep
|turn|2
|
|t:|1666793341
|move|p1a: Rayquaza|Extreme Speed|p2a: Panama
|-damage|p2a: Panama|0 fnt
|faint|p2a: Panama
|
|-weather|DeltaStream|[upkeep]
|upkeep
|j| LocalMarshadow
|j| Tarah204
|l| Tarah204
|
|t:|1666793355
|switch|p2a: Highway to Hell|Calyrex-Shadow|100/100
|-ability|p2a: Highway to Hell|As One
|-ability|p2a: Highway to Hell|Unnerve
|turn|3
|
|t:|1666793360
|move|p1a: Rayquaza|Dragon Ascent|p2a: Highway to Hell
|-enditem|p2a: Highway to Hell|Focus Sash
|-damage|p2a: Highway to Hell|1/100
|-unboost|p1a: Rayquaza|def|1
|-unboost|p1a: Rayquaza|spd|1
|move|p2a: Highway to Hell|Astral Barrage|p1a: Rayquaza
|-enditem|p1a: Rayquaza|Focus Sash
|-damage|p1a: Rayquaza|1/100
|
|-weather|DeltaStream|[upkeep]
|upkeep
|turn|4
|
|t:|1666793364
|move|p1a: Rayquaza|Dragon Ascent|p2a: Highway to Hell
|-damage|p2a: Highway to Hell|0 fnt
|-unboost|p1a: Rayquaza|def|1
|-unboost|p1a: Rayquaza|spd|1
|faint|p2a: Highway to Hell
|
|-weather|DeltaStream|[upkeep]
|upkeep
|inactive|LocalMetagross has 120 seconds left.
|
|t:|1666793399
|switch|p2a: Shoot to Thrill|Marshadow|100/100
|turn|5
|
|t:|1666793402
|move|p2a: Shoot to Thrill|Shadow Sneak|p1a: Rayquaza
|-damage|p1a: Rayquaza|0 fnt
|faint|p1a: Rayquaza
|-weather|none
|-damage|p2a: Shoot to Thrill|91/100|[from] item: Life Orb
|
|upkeep
|
|t:|1666793405
|switch|p1a: Aerodactyl|Aerodactyl, M, shiny|100/100
|-damage|p1a: Aerodactyl|76/100|[from] Stealth Rock
|-ability|p1a: Aerodactyl|Pressure
|turn|6
|
|t:|1666793410
|move|p1a: Aerodactyl|Defog|p2a: Shoot to Thrill
|-unboost|p2a: Shoot to Thrill|evasion|1
|-sideend|p1: Makihiro(メ)|Stealth Rock|[from] move: Defog|[of] p1a: Aerodactyl
|move|p2a: Shoot to Thrill|Rock Tomb|p1a: Aerodactyl
|-supereffective|p1a: Aerodactyl
|-damage|p1a: Aerodactyl|0 fnt
|faint|p1a: Aerodactyl
|-damage|p2a: Shoot to Thrill|81/100|[from] item: Life Orb
|
|upkeep
|
|t:|1666793414
|switch|p1a: Smeargle|Smeargle, F|100/100
|turn|7
|
|t:|1666793418
|move|p2a: Shoot to Thrill|Rock Tomb|p1a: Smeargle
|-damage|p1a: Smeargle|12/100
|-unboost|p1a: Smeargle|spe|1
|-damage|p2a: Shoot to Thrill|71/100|[from] item: Life Orb
|move|p1a: Smeargle|Shell Smash|p1a: Smeargle
|-unboost|p1a: Smeargle|def|1
|-unboost|p1a: Smeargle|spd|1
|-boost|p1a: Smeargle|atk|2
|-boost|p1a: Smeargle|spa|2
|-boost|p1a: Smeargle|spe|2
|
|-ability|p1a: Smeargle|Moody|boost
|-boost|p1a: Smeargle|atk|2
|-unboost|p1a: Smeargle|spa|1
|upkeep
|turn|8
|
|t:|1666793424
|move|p1a: Smeargle|Lovely Kiss|p2a: Shoot to Thrill
|-status|p2a: Shoot to Thrill|slp|[from] move: Lovely Kiss
|cant|p2a: Shoot to Thrill|slp
|
|-ability|p1a: Smeargle|Moody|boost
|-boost|p1a: Smeargle|atk|2
|-unboost|p1a: Smeargle|spd|1
|upkeep
|turn|9
|
|t:|1666793431
|move|p1a: Smeargle|Baton Pass|p1a: Smeargle
|
|t:|1666793441
|switch|p1a: Arceus|Arceus|100/100|[from]move: Baton Pass
|cant|p2a: Shoot to Thrill|slp
|
|upkeep
|turn|10
|
|t:|1666793449
|move|p1a: Arceus|Shadow Claw|p2a: Shoot to Thrill
|-supereffective|p2a: Shoot to Thrill
|-damage|p2a: Shoot to Thrill|0 fnt
|faint|p2a: Shoot to Thrill
|-damage|p1a: Arceus|91/100|[from] item: Life Orb
|
|upkeep
|
|t:|1666793455
|switch|p2a: Back in Black|Yveltal|100/100
|-ability|p2a: Back in Black|Dark Aura
|turn|11
|
|t:|1666793458
|-start|p1a: Arceus|Dynamax|
|-heal|p1a: Arceus|91/100|[silent]
|-start|p2a: Back in Black|Dynamax|
|-heal|p2a: Back in Black|100/100|[silent]
|move|p1a: Arceus|Max Strike|p2a: Back in Black
|-damage|p2a: Back in Black|0 fnt
|faint|p2a: Back in Black
|-damage|p1a: Arceus|86/100|[from] item: Life Orb
|
|upkeep
|c|☆LocalMetagross|lmfao
|c|☆LocalMetagross|bg
|-message|LocalMetagross forfeited.
|
|win|Makihiro(メ)
|n|‽Makihiro(メ)|makihiro
|n|☆LocalMetagross|localmetagross
|n| LocalMarshadow|localmarshadow
|l|☆LocalMetagross
|l| LocalMarshadow
|j| Lasombralegendaria
|l| Lasombralegendaria
