|j|☆Pkmaster448
|j|☆BrixStillNotLuvin
|t:|1668003282
|gametype|singles
|player|p1|Pkmaster448|lance|1455
|player|p2|BrixStillNotLuvin|linebacker|1678
|teamsize|p1|6
|teamsize|p2|6
|gen|8
|tier|[Gen 8] National Dex AG
|rated|
|rule|HP Percentage Mod: HP is shown in percentages
|rule|Endless Battle Clause: Forcing endless battles is banned
|clearpoke
|poke|p1|Whimsicott, M|
|poke|p1|Zygarde|
|poke|p1|Chansey, F|
|poke|p1|Corsola-Galar, M|
|poke|p1|Diancie|
|poke|p1|Kartana|
|poke|p2|Zapdos|
|poke|p2|Kyogre|
|poke|p2|Arceus-*|
|poke|p2|Arceus-*|
|poke|p2|Ditto|
|poke|p2|Darkrai|
|teampreview
|inactive|Battle timer is ON: inactive players will automatically lose when time's up. (requested by BrixStillNotLuvin)
|
|t:|1668003313
|start
|switch|p1a: Diancie|Diancie|100/100
|switch|p2a: Deus da Água|Kyogre, shiny|100/100
|detailschange|p2a: Deus da Água|Kyogre-Primal, shiny
|-primal|p2a: Deus da Água
|-weather|PrimordialSea|[from] ability: Primordial Sea|[of] p2a: Deus da Água
|turn|1
|
|t:|1668003320
|switch|p1a: Chansey|Chansey, F|100/100
|move|p2a: Deus da Água|Ice Beam|p1a: Chansey
|-damage|p1a: Chansey|88/100
|
|-weather|PrimordialSea|[upkeep]
|upkeep
|turn|2
|
|t:|1668003325
|move|p2a: Deus da Água|Liquidation|p1a: Chansey
|-damage|p1a: Chansey|43/100
|move|p1a: Chansey|Toxic|p2a: Deus da Água
|-status|p2a: Deus da Água|tox
|
|-weather|PrimordialSea|[upkeep]
|-damage|p2a: Deus da Água|94/100 tox|[from] psn
|upkeep
|turn|3
|
|t:|1668003332
|move|p1a: Chansey|Protect|p1a: Chansey
|-singleturn|p1a: Chansey|Protect
|move|p2a: Deus da Água|Liquidation|p1a: Chansey
|-activate|p1a: Chansey|move: Protect
|
|-weather|PrimordialSea|[upkeep]
|-damage|p2a: Deus da Água|82/100 tox|[from] psn
|upkeep
|turn|4
|
|t:|1668003338
|switch|p1a: Corsola|Corsola-Galar, M|100/100
|move|p2a: Deus da Água|Thunder Wave|p1a: Corsola
|-status|p1a: Corsola|par
|
|-weather|PrimordialSea|[upkeep]
|-damage|p2a: Deus da Água|63/100 tox|[from] psn
|upkeep
|turn|5
|
|t:|1668003350
|-weather|none
|switch|p2a: Deus Das Fadas|Arceus-Fairy|100/100
|move|p1a: Corsola|Strength Sap|p2a: Deus Das Fadas
|-unboost|p2a: Deus Das Fadas|atk|1
|
|upkeep
|turn|6
|
|t:|1668003357
|switch|p1a: Chansey|Chansey, F|43/100
|move|p2a: Deus Das Fadas|Stealth Rock|p1a: Chansey
|-sidestart|p1: Pkmaster448|move: Stealth Rock
|
|upkeep
|turn|7
|
|t:|1668003362
|move|p2a: Deus Das Fadas|Toxic|p1a: Chansey
|-status|p1a: Chansey|tox
|move|p1a: Chansey|Soft-Boiled|p1a: Chansey
|-heal|p1a: Chansey|93/100 tox
|
|-damage|p1a: Chansey|87/100 tox|[from] psn
|upkeep
|turn|8
|inactive|BrixStillNotLuvin has 120 seconds left.
|
|t:|1668003411
|switch|p2a: Trovão Ragnarok|Zapdos, shiny|100/100
|move|p1a: Chansey|Toxic|p2a: Trovão Ragnarok
|-status|p2a: Trovão Ragnarok|tox
|
|-damage|p2a: Trovão Ragnarok|94/100 tox|[from] psn
|-damage|p1a: Chansey|74/100 tox|[from] psn
|upkeep
|turn|9
|
|t:|1668003419
|-curestatus|p1a: Chansey|tox|[from] ability: Natural Cure
|switch|p1a: Whimsicott|Whimsicott, M|100/100
|-damage|p1a: Whimsicott|88/100|[from] Stealth Rock
|move|p2a: Trovão Ragnarok|Volt Switch|p1a: Whimsicott
|-resisted|p1a: Whimsicott
|-damage|p1a: Whimsicott|70/100
|
|t:|1668003432
|switch|p2a: O Primeiro Deus|Arceus|100/100|[from]move: Volt Switch
|
|upkeep
|turn|10
|
|t:|1668003435
|move|p1a: Whimsicott|Defog|p2a: O Primeiro Deus
|-unboost|p2a: O Primeiro Deus|evasion|1
|-sideend|p1: Pkmaster448|Stealth Rock|[from] move: Defog|[of] p1a: Whimsicott
|move|p2a: O Primeiro Deus|Swords Dance|p2a: O Primeiro Deus
|-boost|p2a: O Primeiro Deus|atk|2
|
|upkeep
|turn|11
|inactive|BrixStillNotLuvin has 120 seconds left.
|
|t:|1668003444
|switch|p1a: Corsola|Corsola-Galar, M|100/100 par
|move|p2a: O Primeiro Deus|Extreme Speed|p1a: Corsola
|-immune|p1a: Corsola
|
|upkeep
|turn|12
|
|t:|1668003450
|switch|p2a: Trovão Ragnarok|Zapdos, shiny|94/100 tox
|move|p1a: Corsola|Will-O-Wisp||[still]
|-fail|p1a: Corsola
|
|-damage|p2a: Trovão Ragnarok|88/100 tox|[from] psn
|upkeep
|turn|13
|
|t:|1668003457
|switch|p1a: Zygarde|Zygarde|100/100
|move|p2a: Trovão Ragnarok|Heat Wave|p1a: Zygarde
|-resisted|p1a: Zygarde
|-damage|p1a: Zygarde|86/100
|
|-heal|p1a: Zygarde|92/100|[from] item: Leftovers
|-damage|p2a: Trovão Ragnarok|75/100 tox|[from] psn
|upkeep
|turn|14
|
|t:|1668003465
|move|p1a: Zygarde|Substitute|p1a: Zygarde
|-start|p1a: Zygarde|Substitute
|-damage|p1a: Zygarde|67/100
|move|p2a: Trovão Ragnarok|Toxic||[still]
|-fail|p2a: Trovão Ragnarok
|
|-heal|p1a: Zygarde|74/100|[from] item: Leftovers
|-damage|p2a: Trovão Ragnarok|57/100 tox|[from] psn
|upkeep
|turn|15
|
|t:|1668003472
|switch|p2a: Deus da Água|Kyogre-Primal, shiny|63/100 tox
|-weather|PrimordialSea|[from] ability: Primordial Sea|[of] p2a: Deus da Água
|move|p1a: Zygarde|Dragon Dance|p1a: Zygarde
|-boost|p1a: Zygarde|atk|1
|-boost|p1a: Zygarde|spe|1
|
|-weather|PrimordialSea|[upkeep]
|-heal|p1a: Zygarde|80/100|[from] item: Leftovers
|-damage|p2a: Deus da Água|57/100 tox|[from] psn
|upkeep
|turn|16
|
|t:|1668003482
|move|p1a: Zygarde|Thousand Arrows|p2a: Deus da Água
|-damage|p2a: Deus da Água|0 fnt
|faint|p2a: Deus da Água
|-weather|none
|
|-heal|p1a: Zygarde|86/100|[from] item: Leftovers
|upkeep
|
|t:|1668003486
|switch|p2a: Deus Das Fadas|Arceus-Fairy|100/100
|turn|17
|
|t:|1668003489
|move|p1a: Zygarde|Thousand Arrows|p2a: Deus Das Fadas
|-damage|p2a: Deus Das Fadas|61/100
|move|p2a: Deus Das Fadas|Judgment|p1a: Zygarde
|-supereffective|p1a: Zygarde
|-end|p1a: Zygarde|Substitute
|
|-heal|p1a: Zygarde|92/100|[from] item: Leftovers
|upkeep
|turn|18
|
|t:|1668003498
|move|p1a: Zygarde|Thousand Arrows|p2a: Deus Das Fadas
|-damage|p2a: Deus Das Fadas|21/100
|move|p2a: Deus Das Fadas|Toxic|p1a: Zygarde
|-status|p1a: Zygarde|tox
|
|-heal|p1a: Zygarde|98/100 tox|[from] item: Leftovers
|-damage|p1a: Zygarde|92/100 tox|[from] psn
|upkeep
|turn|19
|
|t:|1668003506
|move|p1a: Zygarde|Thousand Arrows|p2a: Deus Das Fadas
|-damage|p2a: Deus Das Fadas|0 fnt
|faint|p2a: Deus Das Fadas
|
|-heal|p1a: Zygarde|98/100 tox|[from] item: Leftovers
|-damage|p1a: Zygarde|86/100 tox|[from] psn
|upkeep
|
|t:|1668003515
|switch|p2a: You But Better|Ditto, shiny|100/100
|-transform|p2a: You But Better|p1a: Zygarde|[from] ability: Imposter
|turn|20
|
|t:|1668003522
|switch|p2a: O Primeiro Deus|Arceus|100/100
|move|p1a: Zygarde|Thousand Arrows|p2a: O Primeiro Deus
|-damage|p2a: O Primeiro Deus|60/100
|
|-heal|p1a: Zygarde|92/100 tox|[from] item: Leftovers
|-heal|p2a: O Primeiro Deus|66/100|[from] item: Leftovers
|-damage|p1a: Zygarde|74/100 tox|[from] psn
|upkeep
|turn|21
|
|t:|1668003531
|move|p1a: Zygarde|Thousand Arrows|p2a: O Primeiro Deus
|-damage|p2a: O Primeiro Deus|27/100
|move|p2a: O Primeiro Deus|Recover|p2a: O Primeiro Deus
|-heal|p2a: O Primeiro Deus|77/100
|
|-heal|p1a: Zygarde|80/100 tox|[from] item: Leftovers
|-heal|p2a: O Primeiro Deus|83/100|[from] item: Leftovers
|-damage|p1a: Zygarde|55/100 tox|[from] psn
|upkeep
|turn|22
|
|t:|1668003550
|move|p1a: Zygarde|Dragon Dance|p1a: Zygarde
|-boost|p1a: Zygarde|atk|1
|-boost|p1a: Zygarde|spe|1
|move|p2a: O Primeiro Deus|Swords Dance|p2a: O Primeiro Deus
|-boost|p2a: O Primeiro Deus|atk|2
|
|-heal|p1a: Zygarde|61/100 tox|[from] item: Leftovers
|-heal|p2a: O Primeiro Deus|89/100|[from] item: Leftovers
|-damage|p1a: Zygarde|30/100 tox|[from] psn
|-activate|p1a: Zygarde|ability: Power Construct
|detailschange|p1a: Zygarde|Zygarde-Complete
|-heal|p1a: Zygarde|57/100 tox|[silent]
|upkeep
|turn|23
|
|t:|1668003564
|move|p1a: Zygarde|Thousand Arrows|p2a: O Primeiro Deus
|-damage|p2a: O Primeiro Deus|39/100
|move|p2a: O Primeiro Deus|Recover|p2a: O Primeiro Deus
|-heal|p2a: O Primeiro Deus|89/100
|
|-heal|p1a: Zygarde|63/100 tox|[from] item: Leftovers
|-heal|p2a: O Primeiro Deus|95/100|[from] item: Leftovers
|-damage|p1a: Zygarde|26/100 tox|[from] psn
|upkeep
|turn|24
|
|t:|1668003573
|move|p1a: Zygarde|Extreme Speed|p2a: O Primeiro Deus
|-damage|p2a: O Primeiro Deus|63/100
|move|p2a: O Primeiro Deus|Extreme Speed|p1a: Zygarde
|-damage|p1a: Zygarde|0 fnt
|faint|p1a: Zygarde
|
|-heal|p2a: O Primeiro Deus|69/100|[from] item: Leftovers
|upkeep
|
|t:|1668003585
|switch|p1a: Corsola|Corsola-Galar, M|100/100 par
|turn|25
|
|t:|1668003590
|switch|p2a: Raz'zac|Darkrai, shiny|100/100
|move|p1a: Corsola|Strength Sap|p2a: Raz'zac
|-unboost|p2a: Raz'zac|atk|1
|
|upkeep
|turn|26
|
|t:|1668003596
|switch|p1a: Diancie|Diancie|100/100
|move|p2a: Raz'zac|Substitute|p2a: Raz'zac
|-start|p2a: Raz'zac|Substitute
|-damage|p2a: Raz'zac|76/100
|
|-heal|p2a: Raz'zac|82/100|[from] item: Leftovers
|upkeep
|turn|27
|
|t:|1668003603
|detailschange|p1a: Diancie|Diancie-Mega
|-mega|p1a: Diancie|Diancie|Diancite
|move|p2a: Raz'zac|Hypnosis|p1a: Diancie
|move|p1a: Diancie|Hypnosis||[from]ability: Magic Bounce|[still]
|-fail|p1a: Diancie
|move|p1a: Diancie|Moonblast|p2a: Raz'zac
|-supereffective|p2a: Raz'zac
|-end|p2a: Raz'zac|Substitute
|
|-heal|p2a: Raz'zac|88/100|[from] item: Leftovers
|upkeep
|turn|28
|
|t:|1668003613
|switch|p2a: O Primeiro Deus|Arceus|69/100
|move|p1a: Diancie|Moonblast|p2a: O Primeiro Deus
|-damage|p2a: O Primeiro Deus|32/100
|
|-heal|p2a: O Primeiro Deus|39/100|[from] item: Leftovers
|upkeep
|turn|29
|
|t:|1668003621
|switch|p1a: Corsola|Corsola-Galar, M|100/100 par
|move|p2a: O Primeiro Deus|Recover|p2a: O Primeiro Deus
|-heal|p2a: O Primeiro Deus|89/100
|
|-heal|p2a: O Primeiro Deus|95/100|[from] item: Leftovers
|upkeep
|turn|30
|inactive|BrixStillNotLuvin has 120 seconds left.
|
|t:|1668003656
|move|p2a: O Primeiro Deus|Earthquake|p1a: Corsola
|-damage|p1a: Corsola|86/100 par
|move|p1a: Corsola|Will-O-Wisp|p2a: O Primeiro Deus
|-status|p2a: O Primeiro Deus|brn
|
|-heal|p2a: O Primeiro Deus|100/100 brn|[from] item: Leftovers
|-damage|p2a: O Primeiro Deus|94/100 brn|[from] brn
|upkeep
|turn|31
|inactive|BrixStillNotLuvin has 120 seconds left.
|
|t:|1668003676
|switch|p2a: Raz'zac|Darkrai, shiny|88/100
|move|p1a: Corsola|Stealth Rock|p2a: Raz'zac
|-sidestart|p2: BrixStillNotLuvin|move: Stealth Rock
|
|-heal|p2a: Raz'zac|94/100|[from] item: Leftovers
|upkeep
|turn|32
|
|t:|1668003682
|switch|p1a: Diancie|Diancie-Mega|100/100
|move|p2a: Raz'zac|Substitute|p2a: Raz'zac
|-start|p2a: Raz'zac|Substitute
|-damage|p2a: Raz'zac|69/100
|
|-heal|p2a: Raz'zac|75/100|[from] item: Leftovers
|upkeep
|turn|33
|
|t:|1668003689
|move|p2a: Raz'zac|Dark Pulse|p1a: Diancie
|-resisted|p1a: Diancie
|-damage|p1a: Diancie|70/100
|cant|p1a: Diancie|flinch
|
|-heal|p2a: Raz'zac|81/100|[from] item: Leftovers
|upkeep
|turn|34
|
|t:|1668003696
|move|p2a: Raz'zac|Dark Pulse|p1a: Diancie
|-resisted|p1a: Diancie
|-damage|p1a: Diancie|42/100
|move|p1a: Diancie|Moonblast|p2a: Raz'zac
|-supereffective|p2a: Raz'zac
|-end|p2a: Raz'zac|Substitute
|
|-heal|p2a: Raz'zac|87/100|[from] item: Leftovers
|upkeep
|turn|35
|
|t:|1668003704
|switch|p2a: You But Better|Ditto, shiny|100/100
|-damage|p2a: You But Better|88/100|[from] Stealth Rock
|-transform|p2a: You But Better|p1a: Diancie|[from] ability: Imposter
|move|p1a: Diancie|Moonblast|p2a: You But Better
|-damage|p2a: You But Better|26/100
|
|upkeep
|turn|36
|
|t:|1668003714
|switch|p1a: Chansey|Chansey, F|74/100
|move|p2a: You But Better|Moonblast|p1a: Chansey
|-damage|p1a: Chansey|57/100
|
|upkeep
|turn|37
|
|t:|1668003721
|move|p2a: You But Better|Moonblast|p1a: Chansey
|-damage|p1a: Chansey|42/100
|-unboost|p1a: Chansey|spa|1
|move|p1a: Chansey|Soft-Boiled|p1a: Chansey
|-heal|p1a: Chansey|92/100
|
|upkeep
|turn|38
|
|t:|1668003727
|switch|p2a: Raz'zac|Darkrai, shiny|87/100
|-damage|p2a: Raz'zac|75/100|[from] Stealth Rock
|move|p1a: Chansey|Protect||[still]
|-fail|p1a: Chansey
|
|-heal|p2a: Raz'zac|81/100|[from] item: Leftovers
|upkeep
|turn|39
|
|t:|1668003734
|switch|p1a: Diancie|Diancie-Mega|42/100
|move|p2a: Raz'zac|Substitute|p2a: Raz'zac
|-start|p2a: Raz'zac|Substitute
|-damage|p2a: Raz'zac|56/100
|
|-heal|p2a: Raz'zac|62/100|[from] item: Leftovers
|upkeep
|turn|40
|
|t:|1668003741
|move|p2a: Raz'zac|Dark Pulse|p1a: Diancie
|-resisted|p1a: Diancie
|-damage|p1a: Diancie|13/100
|cant|p1a: Diancie|flinch
|
|-heal|p2a: Raz'zac|68/100|[from] item: Leftovers
|upkeep
|turn|41
|
|t:|1668003748
|switch|p1a: Chansey|Chansey, F|92/100
|move|p2a: Raz'zac|Dark Pulse|p1a: Chansey
|-damage|p1a: Chansey|79/100
|
|-heal|p2a: Raz'zac|74/100|[from] item: Leftovers
|upkeep
|turn|42
|
|t:|1668003755
|move|p2a: Raz'zac|Hypnosis|p1a: Chansey
|-status|p1a: Chansey|slp|[from] move: Hypnosis
|cant|p1a: Chansey|slp
|
|-heal|p2a: Raz'zac|80/100|[from] item: Leftovers
|-damage|p1a: Chansey|67/100 slp|[from] ability: Bad Dreams|[of] p2a: Raz'zac
|upkeep
|turn|43
|
|t:|1668003762
|move|p2a: Raz'zac|Nasty Plot|p2a: Raz'zac
|-boost|p2a: Raz'zac|spa|2
|cant|p1a: Chansey|slp
|
|-heal|p2a: Raz'zac|86/100|[from] item: Leftovers
|-damage|p1a: Chansey|54/100 slp|[from] ability: Bad Dreams|[of] p2a: Raz'zac
|upkeep
|turn|44
|
|t:|1668003770
|move|p2a: Raz'zac|Nasty Plot|p2a: Raz'zac
|-boost|p2a: Raz'zac|spa|2
|-curestatus|p1a: Chansey|slp|[msg]
|move|p1a: Chansey|Healing Wish|p1a: Chansey
|faint|p1a: Chansey
|
|-heal|p2a: Raz'zac|92/100|[from] item: Leftovers
|upkeep
|
|t:|1668003782
|switch|p1a: Kartana|Kartana|100/100
|turn|45
|
|t:|1668003786
|-start|p1a: Kartana|Dynamax|
|-heal|p1a: Kartana|100/100|[silent]
|move|p2a: Raz'zac|Hypnosis|p1a: Kartana
|-status|p1a: Kartana|slp|[from] move: Hypnosis
|cant|p1a: Kartana|slp
|
|-heal|p2a: Raz'zac|98/100|[from] item: Leftovers
|-damage|p1a: Kartana|94/100 slp|[from] ability: Bad Dreams|[of] p2a: Raz'zac
|upkeep
|turn|46
|
|t:|1668003796
|move|p2a: Raz'zac|Dark Pulse|p1a: Kartana
|-damage|p1a: Kartana|0 fnt
|faint|p1a: Kartana
|
|-heal|p2a: Raz'zac|100/100|[from] item: Leftovers
|upkeep
|
|t:|1668003802
|switch|p1a: Diancie|Diancie-Mega|13/100
|-heal|p1a: Diancie|100/100|[from] move: Healing Wish
|turn|47
|
|t:|1668003806
|move|p2a: Raz'zac|Dark Pulse|p1a: Diancie
|-resisted|p1a: Diancie
|-damage|p1a: Diancie|15/100
|move|p1a: Diancie|Moonblast|p2a: Raz'zac
|-supereffective|p2a: Raz'zac
|-end|p2a: Raz'zac|Substitute
|
|upkeep
|turn|48
|-message|Pkmaster448 forfeited.
|
|win|BrixStillNotLuvin
|raw|Pkmaster448's rating: 1455 &rarr; <strong>1446</strong><br />(-9 for losing)
|raw|BrixStillNotLuvin's rating: 1678 &rarr; <strong>1687</strong><br />(+9 for winning)
|l|☆Pkmaster448
