|j|☆orkan1123
|j|☆Lance's Time
|t:|1661517577
|gametype|singles
|player|p1|orkan1123|hilbert|1596
|player|p2|Lance's Time|lass-gen6|1779
|teamsize|p1|6
|teamsize|p2|6
|gen|8
|tier|[Gen 8] National Dex AG
|rated|
|rule|HP Percentage Mod: HP is shown in percentages
|rule|Endless Battle Clause: Forcing endless battles is banned
|clearpoke
|poke|p1|Groudon|
|poke|p1|Kyogre|
|poke|p1|Zygarde|
|poke|p1|Ditto|
|poke|p1|Arceus-*|
|poke|p1|Yveltal|
|poke|p2|Rayquaza|
|poke|p2|Calyrex-Ice|
|poke|p2|Grimmsnarl, M|
|poke|p2|Groudon|
|poke|p2|Kyogre|
|poke|p2|Yveltal|
|teampreview
|inactive|Battle timer is ON: inactive players will automatically lose when time's up. (requested by orkan1123)
|
|t:|1661517591
|start
|switch|p1a: Groudon|Groudon|100/100
|switch|p2a: Rayquaza|Rayquaza|100/100
|-ability|p2a: Rayquaza|Air Lock
|detailschange|p1a: Groudon|Groudon-Primal
|-primal|p1a: Groudon
|-weather|DesolateLand|[from] ability: Desolate Land|[of] p1a: Groudon
|turn|1
|j| Farce Of The Death
|
|t:|1661517600
|detailschange|p2a: Rayquaza|Rayquaza-Mega
|-mega|p2a: Rayquaza|Rayquaza|
|-weather|DeltaStream|[from] ability: Delta Stream|[of] p2a: Rayquaza
|move|p2a: Rayquaza|Dragon Ascent|p1a: Groudon
|-damage|p1a: Groudon|47/100
|-unboost|p2a: Rayquaza|def|1
|-unboost|p2a: Rayquaza|spd|1
|move|p1a: Groudon|Stealth Rock|p2a: Rayquaza
|-sidestart|p2: Lance's Time|move: Stealth Rock
|
|-weather|DeltaStream|[upkeep]
|upkeep
|turn|2
|
|t:|1661517612
|move|p2a: Rayquaza|Dragon Ascent|p1a: Groudon
|-damage|p1a: Groudon|0 fnt
|-unboost|p2a: Rayquaza|def|1
|-unboost|p2a: Rayquaza|spd|1
|faint|p1a: Groudon
|
|-weather|DeltaStream|[upkeep]
|upkeep
|
|t:|1661517622
|switch|p1a: Arceus|Arceus-Fairy|100/100
|turn|3
|
|t:|1661517625
|move|p1a: Arceus|Judgment|p2a: Rayquaza
|-supereffective|p2a: Rayquaza
|-enditem|p2a: Rayquaza|Focus Sash
|-damage|p2a: Rayquaza|1/100
|move|p2a: Rayquaza|Dragon Ascent|p1a: Arceus
|-damage|p1a: Arceus|45/100
|-unboost|p2a: Rayquaza|def|1
|-unboost|p2a: Rayquaza|spd|1
|
|-weather|DeltaStream|[upkeep]
|upkeep
|turn|4
|
|t:|1661517632
|-weather|none
|switch|p2a: Groudon|Groudon|100/100
|-damage|p2a: Groudon|94/100|[from] Stealth Rock
|detailschange|p2a: Groudon|Groudon-Primal
|-primal|p2a: Groudon
|-weather|DesolateLand|[from] ability: Desolate Land|[of] p2a: Groudon
|move|p1a: Arceus|Judgment|p2a: Groudon
|-resisted|p2a: Groudon
|-damage|p2a: Groudon|72/100
|
|-weather|DesolateLand|[upkeep]
|upkeep
|turn|5
|
|t:|1661517635
|switch|p1a: Zygarde|Zygarde|100/100
|move|p2a: Groudon|Stealth Rock|p1a: Zygarde
|-sidestart|p1: orkan1123|move: Stealth Rock
|
|-weather|DesolateLand|[upkeep]
|upkeep
|turn|6
|
|t:|1661517639
|-weather|none
|switch|p2a: Rayquaza|Rayquaza-Mega|1/100
|-damage|p2a: Rayquaza|0 fnt|[from] Stealth Rock
|faint|p2a: Rayquaza
|move|p1a: Zygarde|Glare|p2: Rayquaza|[notarget]
|-fail|p1a: Zygarde
|
|upkeep
|
|t:|1661517645
|switch|p2a: Kyogre|Kyogre|100/100
|-damage|p2a: Kyogre|88/100|[from] Stealth Rock
|detailschange|p2a: Kyogre|Kyogre-Primal
|-primal|p2a: Kyogre
|-weather|PrimordialSea|[from] ability: Primordial Sea|[of] p2a: Kyogre
|turn|7
|
|t:|1661517651
|switch|p1a: Kyogre|Kyogre|100/100
|-damage|p1a: Kyogre|88/100|[from] Stealth Rock
|detailschange|p1a: Kyogre|Kyogre-Primal
|-primal|p1a: Kyogre
|move|p2a: Kyogre|Origin Pulse|p1a: Kyogre
|-resisted|p1a: Kyogre
|-damage|p1a: Kyogre|56/100
|
|-weather|PrimordialSea|[upkeep]
|upkeep
|turn|8
|
|t:|1661517664
|switch|p2a: Groudon|Groudon-Primal|72/100
|-damage|p2a: Groudon|60/100|[from] Stealth Rock
|-weather|DesolateLand|[from] ability: Desolate Land|[of] p2a: Groudon
|move|p1a: Kyogre|Ice Beam|p2a: Groudon
|-damage|p2a: Groudon|16/100
|
|-weather|DesolateLand|[upkeep]
|upkeep
|turn|9
|
|t:|1661517669
|move|p1a: Kyogre|Ice Beam|p2a: Groudon
|-crit|p2a: Groudon
|-damage|p2a: Groudon|0 fnt
|faint|p2a: Groudon
|-weather|none
|
|upkeep
|
|t:|1661517672
|switch|p2a: Yveltal|Yveltal|100/100
|-damage|p2a: Yveltal|76/100|[from] Stealth Rock
|-ability|p2a: Yveltal|Dark Aura
|turn|10
|
|t:|1661517682
|-start|p2a: Yveltal|Dynamax|
|-heal|p2a: Yveltal|76/100|[silent]
|move|p2a: Yveltal|Max Airstream|p1a: Kyogre
|-damage|p1a: Kyogre|1/100
|-boost|p2a: Yveltal|spe|1
|-damage|p2a: Yveltal|71/100|[from] item: Life Orb
|move|p1a: Kyogre|Ice Beam|p2a: Yveltal
|-supereffective|p2a: Yveltal
|-damage|p2a: Yveltal|32/100
|
|upkeep
|turn|11
|
|t:|1661517685
|move|p2a: Yveltal|Max Airstream|p1a: Kyogre
|-damage|p1a: Kyogre|0 fnt
|-boost|p2a: Yveltal|spe|1
|faint|p1a: Kyogre
|-damage|p2a: Yveltal|27/100|[from] item: Life Orb
|
|upkeep
|
|t:|1661517688
|switch|p1a: Ditto|Ditto|100/100
|-damage|p1a: Ditto|88/100|[from] Stealth Rock
|-transform|p1a: Ditto|p2a: Yveltal|[from] ability: Imposter
|-ability|p1a: Ditto|Dark Aura
|turn|12
|
|t:|1661517691
|move|p1a: Ditto|Oblivion Wing|p2a: Yveltal
|-damage|p2a: Yveltal|8/100
|-heal|p1a: Ditto|100/100|[from] drain|[of] p2a: Yveltal
|move|p2a: Yveltal|Max Airstream|p1a: Ditto
|-damage|p1a: Ditto|0 fnt
|-boost|p2a: Yveltal|spe|1
|faint|p1a: Ditto
|-damage|p2a: Yveltal|3/100|[from] item: Life Orb
|
|upkeep
|
|t:|1661517707
|switch|p1a: Arceus|Arceus-Fairy|45/100
|-damage|p1a: Arceus|33/100|[from] Stealth Rock
|-end|p2a: Yveltal|Dynamax
|-heal|p2a: Yveltal|3/100|[silent]
|turn|13
|
|t:|1661517719
|move|p2a: Yveltal|Oblivion Wing|p1a: Arceus
|-crit|p1a: Arceus
|-damage|p1a: Arceus|0 fnt
|-heal|p2a: Yveltal|30/100|[from] drain|[of] p1a: Arceus
|faint|p1a: Arceus
|-damage|p2a: Yveltal|20/100|[from] item: Life Orb
|
|upkeep
|
|t:|1661517741
|switch|p1a: Yveltal|Yveltal, shiny|100/100
|-damage|p1a: Yveltal|76/100|[from] Stealth Rock
|-ability|p1a: Yveltal|Dark Aura
|turn|14
|
|t:|1661517766
|-start|p1a: Yveltal|Dynamax|
|-heal|p1a: Yveltal|76/100|[silent]
|move|p2a: Yveltal|Oblivion Wing|p1a: Yveltal
|-damage|p1a: Yveltal|47/100
|-heal|p2a: Yveltal|62/100|[from] drain|[of] p1a: Yveltal
|-damage|p2a: Yveltal|52/100|[from] item: Life Orb
|move|p1a: Yveltal|Max Airstream|p2a: Yveltal
|-damage|p2a: Yveltal|0 fnt
|-boost|p1a: Yveltal|spe|1
|faint|p2a: Yveltal
|-damage|p1a: Yveltal|42/100|[from] item: Life Orb
|
|upkeep
|
|t:|1661517776
|switch|p2a: Grimmsnarl|Grimmsnarl, M|100/100
|-damage|p2a: Grimmsnarl|88/100|[from] Stealth Rock
|turn|15
|
|t:|1661517783
|move|p2a: Grimmsnarl|Light Screen|p2a: Grimmsnarl
|-sidestart|p2: Lance's Time|move: Light Screen
|move|p1a: Yveltal|Max Airstream|p2a: Grimmsnarl
|-damage|p2a: Grimmsnarl|52/100
|-boost|p1a: Yveltal|spe|1
|-damage|p1a: Yveltal|37/100|[from] item: Life Orb
|
|upkeep
|turn|16
|
|t:|1661517792
|move|p1a: Yveltal|Max Airstream|p2a: Grimmsnarl
|-damage|p2a: Grimmsnarl|16/100
|-boost|p1a: Yveltal|spe|1
|-damage|p1a: Yveltal|32/100|[from] item: Life Orb
|move|p2a: Grimmsnarl|Spirit Break|p1a: Yveltal
|-supereffective|p1a: Yveltal
|-damage|p1a: Yveltal|5/100
|-unboost|p1a: Yveltal|spa|1
|
|upkeep
|-end|p1a: Yveltal|Dynamax
|-heal|p1a: Yveltal|5/100|[silent]
|turn|17
|
|t:|1661517806
|move|p2a: Grimmsnarl|Reflect|p2a: Grimmsnarl
|-sidestart|p2: Lance's Time|Reflect
|move|p1a: Yveltal|Oblivion Wing|p2a: Grimmsnarl
|-damage|p2a: Grimmsnarl|3/100
|-heal|p1a: Yveltal|15/100|[from] drain|[of] p2a: Grimmsnarl
|-damage|p1a: Yveltal|5/100|[from] item: Life Orb
|
|upkeep
|turn|18
|
|t:|1661517821
|move|p1a: Yveltal|Oblivion Wing|p2a: Grimmsnarl
|-damage|p2a: Grimmsnarl|0 fnt
|-heal|p1a: Yveltal|7/100|[from] drain|[of] p2a: Grimmsnarl
|faint|p2a: Grimmsnarl
|-damage|p1a: Yveltal|0 fnt|[from] item: Life Orb
|faint|p1a: Yveltal
|
|upkeep
|-message|orkan1123 forfeited.
|
|win|Lance's Time
|raw|orkan1123's rating: 1596 &rarr; <strong>1586</strong><br />(-10 for losing)
|raw|Lance&apos;s Time's rating: 1790 &rarr; <strong>1800</strong><br />(+10 for winning)
|l|☆orkan1123
|l|☆Lance's Time
||Ladder isn't responding, score probably updated but might not have (Request timeout).
