|j|☆Alice_Finnemore
|j|☆CLEAR GEM
|t:|1663991889
|gametype|singles
|player|p1|Alice_Finnemore|cynthia-masters|1710
|player|p2|CLEAR GEM|skierf|1859
|teamsize|p1|6
|teamsize|p2|6
|gen|8
|tier|[Gen 8] National Dex AG
|rated|
|rule|HP Percentage Mod: HP is shown in percentages
|rule|Endless Battle Clause: Forcing endless battles is banned
|clearpoke
|poke|p1|Diancie|
|poke|p1|Ho-Oh|
|poke|p1|Giratina-Origin|
|poke|p1|Yveltal|
|poke|p1|Groudon|
|poke|p1|Arceus-*|
|poke|p2|Rayquaza|
|poke|p2|Groudon|
|poke|p2|Necrozma-Dusk-Mane|
|poke|p2|Arceus-*|
|poke|p2|Zacian-*|
|poke|p2|Yveltal|
|teampreview
|inactive|Battle timer is ON: inactive players will automatically lose when time's up. (requested by CLEAR GEM)
|
|t:|1663991897
|start
|switch|p1a: Diancie|Diancie|100/100
|switch|p2a: 不会(?)|Groudon|100/100
|detailschange|p2a: 不会(?)|Groudon-Primal
|-primal|p2a: 不会(?)
|-weather|DesolateLand|[from] ability: Desolate Land|[of] p2a: 不会(?)
|turn|1
|
|t:|1663991900
|detailschange|p1a: Diancie|Diancie-Mega
|-mega|p1a: Diancie|Diancie|Diancite
|move|p1a: Diancie|Earth Power|p2a: 不会(?)
|-supereffective|p2a: 不会(?)
|-damage|p2a: 不会(?)|29/100
|move|p2a: 不会(?)|Precipice Blades|p1a: Diancie
|-supereffective|p1a: Diancie
|-damage|p1a: Diancie|0 fnt
|faint|p1a: Diancie
|
|-weather|DesolateLand|[upkeep]
|upkeep
|
|t:|1663991906
|switch|p1a: Yveltal|Yveltal|100/100
|-ability|p1a: Yveltal|Dark Aura
|turn|2
|
|t:|1663991908
|move|p1a: Yveltal|Foul Play|p2a: 不会(?)
|-damage|p2a: 不会(?)|0 fnt
|faint|p2a: 不会(?)
|-weather|none
|
|upkeep
|
|t:|1663991912
|switch|p2a: 嘉然小姐的狗|Zacian-Crowned|100/100
|-ability|p2a: 嘉然小姐的狗|Intrepid Sword|boost
|-boost|p2a: 嘉然小姐的狗|atk|1
|turn|3
|
|t:|1663991916
|switch|p2a: 老烈|Rayquaza, shiny|100/100
|-ability|p2a: 老烈|Air Lock
|switch|p1a: Ho-Oh|Ho-Oh|100/100
|
|upkeep
|turn|4
|
|t:|1663991920
|detailschange|p2a: 老烈|Rayquaza-Mega, shiny
|-mega|p2a: 老烈|Rayquaza|
|-weather|DeltaStream|[from] ability: Delta Stream|[of] p2a: 老烈
|-start|p1a: Ho-Oh|Dynamax|
|-heal|p1a: Ho-Oh|100/100|[silent]
|move|p2a: 老烈|Dragon Dance|p2a: 老烈
|-boost|p2a: 老烈|atk|1
|-boost|p2a: 老烈|spe|1
|move|p1a: Ho-Oh|Max Airstream|p2a: 老烈
|-damage|p2a: 老烈|32/100
|-boost|p1a: Ho-Oh|spe|1
|
|-weather|DeltaStream|[upkeep]
|upkeep
|turn|5
|
|t:|1663991923
|move|p2a: 老烈|Dragon Ascent|p1a: Ho-Oh
|-damage|p1a: Ho-Oh|39/100
|-unboost|p2a: 老烈|def|1
|-unboost|p2a: 老烈|spd|1
|move|p1a: Ho-Oh|Max Airstream|p2a: 老烈
|-damage|p2a: 老烈|0 fnt
|-boost|p1a: Ho-Oh|spe|1
|faint|p2a: 老烈
|-weather|none
|
|upkeep
|
|t:|1663991933
|switch|p2a: Y鸟|Yveltal|100/100
|-ability|p2a: Y鸟|Dark Aura
|turn|6
|
|t:|1663991936
|-start|p2a: Y鸟|Dynamax|
|-heal|p2a: Y鸟|100/100|[silent]
|move|p2a: Y鸟|Max Guard|p2a: Y鸟
|-singleturn|p2a: Y鸟|Max Guard
|move|p1a: Ho-Oh|Max Airstream|p2a: Y鸟
|-activate|p2a: Y鸟|move: Max Guard
|
|upkeep
|-end|p1a: Ho-Oh|Dynamax
|-heal|p1a: Ho-Oh|39/100|[silent]
|turn|7
|
|t:|1663991947
|move|p1a: Ho-Oh|Substitute|p1a: Ho-Oh
|-start|p1a: Ho-Oh|Substitute
|-damage|p1a: Ho-Oh|14/100
|move|p2a: Y鸟|Max Airstream|p1a: Ho-Oh
|-end|p1a: Ho-Oh|Substitute
|-boost|p2a: Y鸟|spe|1
|-damage|p2a: Y鸟|96/100|[from] item: Life Orb
|
|upkeep
|turn|8
|
|t:|1663991952
|move|p2a: Y鸟|Max Airstream|p1a: Ho-Oh
|-damage|p1a: Ho-Oh|0 fnt
|-boost|p2a: Y鸟|spe|1
|faint|p1a: Ho-Oh
|-damage|p2a: Y鸟|91/100|[from] item: Life Orb
|
|upkeep
|
|t:|1663991954
|switch|p1a: Arceus|Arceus-Ice|100/100
|-end|p2a: Y鸟|Dynamax
|-heal|p2a: Y鸟|91/100|[silent]
|turn|9
|
|t:|1663991956
|move|p2a: Y鸟|Dark Pulse|p1a: Arceus
|-damage|p1a: Arceus|35/100
|-damage|p2a: Y鸟|81/100|[from] item: Life Orb
|move|p1a: Arceus|Judgment|p2a: Y鸟
|-supereffective|p2a: Y鸟
|-damage|p2a: Y鸟|0 fnt
|faint|p2a: Y鸟
|
|upkeep
|
|t:|1663991959
|switch|p2a: 钢铁之躯|Necrozma-Dusk-Mane|100/100
|turn|10
|
|t:|1663991961
|switch|p1a: Giratina|Giratina-Origin|100/100
|move|p2a: 钢铁之躯|Dragon Dance|p2a: 钢铁之躯
|-boost|p2a: 钢铁之躯|atk|1
|-boost|p2a: 钢铁之躯|spe|1
|
|upkeep
|turn|11
|
|t:|1663991966
|detailschange|p2a: 钢铁之躯|Necrozma-Ultra
|-burst|p2a: 钢铁之躯|Necrozma|Ultranecrozium Z
|move|p2a: 钢铁之躯|Photon Geyser|p1a: Giratina
|-damage|p1a: Giratina|34/100
|move|p1a: Giratina|Will-O-Wisp|p2a: 钢铁之躯
|-status|p2a: 钢铁之躯|brn
|
|-damage|p2a: 钢铁之躯|94/100 brn|[from] brn
|upkeep
|turn|12
|j| 0meltdown
|
|t:|1663991969
|switch|p1a: Yveltal|Yveltal|100/100
|-ability|p1a: Yveltal|Dark Aura
|move|p2a: 钢铁之躯|Photon Geyser|p1a: Yveltal
|-immune|p1a: Yveltal
|
|-damage|p2a: 钢铁之躯|88/100 brn|[from] brn
|upkeep
|turn|13
|
|t:|1663991972
|move|p1a: Yveltal|Sucker Punch|p2a: 钢铁之躯
|-supereffective|p2a: 钢铁之躯
|-damage|p2a: 钢铁之躯|6/100 brn
|move|p2a: 钢铁之躯|Stone Edge|p1a: Yveltal
|-supereffective|p1a: Yveltal
|-damage|p1a: Yveltal|18/100
|
|-heal|p1a: Yveltal|24/100|[from] item: Leftovers
|-damage|p2a: 钢铁之躯|0 fnt|[from] brn
|faint|p2a: 钢铁之躯
|upkeep
|
|t:|1663991979
|switch|p2a: 悬空羊驼|Arceus-Flying|100/100
|turn|14
|
|t:|1663991983
|switch|p1a: Arceus|Arceus-Ice|35/100
|move|p2a: 悬空羊驼|Calm Mind|p2a: 悬空羊驼
|-boost|p2a: 悬空羊驼|spa|1
|-boost|p2a: 悬空羊驼|spd|1
|
|upkeep
|turn|15
|
|t:|1663991988
|move|p1a: Arceus|Judgment|p2a: 悬空羊驼
|-supereffective|p2a: 悬空羊驼
|-damage|p2a: 悬空羊驼|43/100
|move|p2a: 悬空羊驼|Judgment|p1a: Arceus
|-damage|p1a: Arceus|0 fnt
|faint|p1a: Arceus
|
|upkeep
|
|t:|1663991994
|switch|p1a: Giratina|Giratina-Origin|34/100
|turn|16
|
|t:|1663991996
|move|p2a: 悬空羊驼|Recover|p2a: 悬空羊驼
|-heal|p2a: 悬空羊驼|93/100
|move|p1a: Giratina|Toxic|p2a: 悬空羊驼
|-status|p2a: 悬空羊驼|tox
|
|-damage|p2a: 悬空羊驼|87/100 tox|[from] psn
|upkeep
|turn|17
|
|t:|1663991999
|move|p1a: Giratina|Shadow Sneak|p2a: 悬空羊驼
|-damage|p2a: 悬空羊驼|73/100 tox
|move|p2a: 悬空羊驼|Judgment|p1a: Giratina
|-damage|p1a: Giratina|0 fnt
|faint|p1a: Giratina
|
|-damage|p2a: 悬空羊驼|61/100 tox|[from] psn
|upkeep
|
|t:|1663992002
|switch|p1a: Yveltal|Yveltal|24/100
|-ability|p1a: Yveltal|Dark Aura
|turn|18
|
|t:|1663992004
|move|p1a: Yveltal|Foul Play|p2a: 悬空羊驼
|-damage|p2a: 悬空羊驼|34/100 tox
|move|p2a: 悬空羊驼|Judgment|p1a: Yveltal
|-damage|p1a: Yveltal|0 fnt
|faint|p1a: Yveltal
|
|-damage|p2a: 悬空羊驼|16/100 tox|[from] psn
|upkeep
|
|t:|1663992009
|switch|p1a: Groudon|Groudon|100/100
|detailschange|p1a: Groudon|Groudon-Primal
|-primal|p1a: Groudon
|-weather|DesolateLand|[from] ability: Desolate Land|[of] p1a: Groudon
|turn|19
|
|t:|1663992010
|move|p2a: 悬空羊驼|Earth Power|p1a: Groudon
|-supereffective|p1a: Groudon
|-damage|p1a: Groudon|15/100
|move|p1a: Groudon|Rock Polish|p1a: Groudon
|-boost|p1a: Groudon|spe|2
|
|-weather|DesolateLand|[upkeep]
|-damage|p2a: 悬空羊驼|0 fnt|[from] psn
|faint|p2a: 悬空羊驼
|upkeep
|
|t:|1663992012
|switch|p2a: 嘉然小姐的狗|Zacian-Crowned|100/100
|-ability|p2a: 嘉然小姐的狗|Intrepid Sword|boost
|-boost|p2a: 嘉然小姐的狗|atk|1
|turn|20
|
|t:|1663992015
|move|p2a: 嘉然小姐的狗|Quick Attack|p1a: Groudon
|-damage|p1a: Groudon|1/100
|move|p1a: Groudon|Earthquake|p2a: 嘉然小姐的狗
|-supereffective|p2a: 嘉然小姐的狗
|-damage|p2a: 嘉然小姐的狗|0 fnt
|faint|p2a: 嘉然小姐的狗
|
|win|Alice_Finnemore
|raw|Alice_Finnemore's rating: 1710 &rarr; <strong>1738</strong><br />(+28 for winning)
|raw|CLEAR GEM's rating: 1859 &rarr; <strong>1831</strong><br />(-28 for losing)
