|j|☆Fireball 12345
|j|☆diemond35472
|t:|1638087041
|gametype|singles
|player|p1|Fireball 12345|dawn|
|player|p2|diemond35472|1|
|teamsize|p1|6
|teamsize|p2|6
|gen|8
|tier|[Gen 8] National Dex AG
|rule|HP Percentage Mod: HP is shown in percentages
|rule|Endless Battle Clause: Forcing endless battles is banned
|clearpoke
|poke|p1|Ditto|
|poke|p1|Groudon|
|poke|p1|Zacian-*|
|poke|p1|Rayquaza|
|poke|p1|Yveltal|
|poke|p1|Calyrex-Shadow|
|poke|p2|Zacian-*|
|poke|p2|Yveltal|
|poke|p2|Calyrex-Shadow|
|poke|p2|Rayquaza|
|poke|p2|Necrozma-Dusk-Mane|
|poke|p2|Arceus-*|
|teampreview
|c|☆diemond35472|glhf
|c|☆Fireball 12345|u2
|inactive|Battle timer is ON: inactive players will automatically lose when time's up. (requested by Fireball 12345)
|
|t:|1638087056
|start
|switch|p1a: Groudon|Groudon|100/100
|switch|p2a: Calyrex|Calyrex-Shadow|100/100
|-ability|p2a: Calyrex|As One
|-ability|p2a: Calyrex|Unnerve
|detailschange|p1a: Groudon|Groudon-Primal
|-primal|p1a: Groudon
|-weather|DesolateLand|[from] ability: Desolate Land|[of] p1a: Groudon
|turn|1
|
|t:|1638087061
|move|p2a: Calyrex|Astral Barrage|p1a: Groudon
|-damage|p1a: Groudon|26/100
|move|p1a: Groudon|Rock Tomb|p2a: Calyrex
|-damage|p2a: Calyrex|70/100
|-unboost|p2a: Calyrex|spe|1
|
|-weather|DesolateLand|[upkeep]
|upkeep
|turn|2
|
|t:|1638087065
|move|p2a: Calyrex|Astral Barrage|p1a: Groudon
|-damage|p1a: Groudon|0 fnt
|faint|p1a: Groudon
|-weather|none
|-ability|p2a: Calyrex|Grim Neigh|boost
|-boost|p2a: Calyrex|spa|1
|
|upkeep
|c|☆Fireball 12345|scarf
|c|☆diemond35472|yup
|
|t:|1638087075
|switch|p1a: Yveltal|Yveltal|100/100
|-ability|p1a: Yveltal|Dark Aura
|turn|3
|
|t:|1638087081
|switch|p2a: Yveltal|Yveltal|100/100
|-ability|p2a: Yveltal|Dark Aura
|-start|p1a: Yveltal|Dynamax
|-heal|p1a: Yveltal|100/100|[silent]
|move|p1a: Yveltal|Max Airstream|p2a: Yveltal
|-damage|p2a: Yveltal|12/100
|-boost|p1a: Yveltal|spe|1
|-damage|p1a: Yveltal|96/100|[from] item: Life Orb
|
|upkeep
|turn|4
|
|t:|1638087086
|move|p2a: Yveltal|Sucker Punch|p1a: Yveltal
|-resisted|p1a: Yveltal
|-damage|p1a: Yveltal|82/100
|-damage|p2a: Yveltal|2/100|[from] item: Life Orb
|move|p1a: Yveltal|Max Flare|p2a: Yveltal
|-damage|p2a: Yveltal|0 fnt
|-weather|SunnyDay
|faint|p2a: Yveltal
|-damage|p1a: Yveltal|77/100|[from] item: Life Orb
|
|-weather|SunnyDay|[upkeep]
|upkeep
|
|t:|1638087113
|switch|p2a: Calyrex|Calyrex-Shadow|70/100
|-ability|p2a: Calyrex|As One
|-ability|p2a: Calyrex|Unnerve
|turn|5
|
|t:|1638087120
|move|p2a: Calyrex|Trick|p1a: Yveltal
|-activate|p2a: Calyrex|move: Trick|[of] p1a: Yveltal
|-item|p1a: Yveltal|Choice Scarf|[from] move: Trick
|-item|p2a: Calyrex|Life Orb|[from] move: Trick
|move|p1a: Yveltal|Max Darkness|p2a: Calyrex
|-supereffective|p2a: Calyrex
|-damage|p2a: Calyrex|0 fnt
|faint|p2a: Calyrex
|
|-weather|SunnyDay|[upkeep]
|-end|p1a: Yveltal|Dynamax
|-heal|p1a: Yveltal|78/100|[silent]
|upkeep
|
|t:|1638087125
|switch|p2a: Zacian|Zacian-Crowned|100/100
|-ability|p2a: Zacian|Intrepid Sword|boost
|-boost|p2a: Zacian|atk|1
|turn|6
|
|t:|1638087128
|switch|p2a: Rayquaza|Rayquaza|100/100
|-ability|p2a: Rayquaza|Air Lock
|move|p1a: Yveltal|Heat Wave|p2a: Rayquaza
|-resisted|p2a: Rayquaza
|-damage|p2a: Rayquaza|82/100
|
|-weather|SunnyDay|[upkeep]
|upkeep
|turn|7
|
|t:|1638087135
|detailschange|p2a: Rayquaza|Rayquaza-Mega
|-mega|p2a: Rayquaza|Rayquaza|
|-weather|DeltaStream|[from] ability: Delta Stream|[of] p2a: Rayquaza
|move|p1a: Yveltal|Heat Wave|p2a: Rayquaza
|-resisted|p2a: Rayquaza
|-damage|p2a: Rayquaza|65/100
|move|p2a: Rayquaza|Dragon Ascent|p1a: Yveltal
|-damage|p1a: Yveltal|0 fnt
|-unboost|p2a: Rayquaza|def|1
|-unboost|p2a: Rayquaza|spd|1
|faint|p1a: Yveltal
|-damage|p2a: Rayquaza|55/100|[from] item: Life Orb
|
|-weather|DeltaStream|[upkeep]
|upkeep
|
|t:|1638087140
|switch|p1a: Calyrex|Calyrex-Shadow|100/100
|-ability|p1a: Calyrex|As One
|-ability|p1a: Calyrex|Unnerve
|turn|8
|
|t:|1638087147
|-weather|none
|switch|p2a: Arceus|Arceus|100/100
|move|p1a: Calyrex|Nasty Plot|p1a: Calyrex
|-boost|p1a: Calyrex|spa|2
|
|upkeep
|turn|9
|
|t:|1638087150
|move|p1a: Calyrex|Psyshock|p2a: Arceus
|-damage|p2a: Arceus|30/100
|move|p2a: Arceus|Shadow Force||[still]
|-prepare|p2a: Arceus|Shadow Force
|
|upkeep
|turn|10
|
|t:|1638087153
|move|p1a: Calyrex|Psyshock|p2a: Arceus|[miss]
|-miss|p1a: Calyrex|p2a: Arceus
|move|p2a: Arceus|Shadow Force|p1a: Calyrex|[from]lockedmove
|-supereffective|p1a: Calyrex
|-enditem|p1a: Calyrex|Focus Sash
|-damage|p1a: Calyrex|1/100
|
|upkeep
|turn|11
|
|t:|1638087158
|switch|p2a: Necrozma|Necrozma-Dusk-Mane|100/100
|move|p1a: Calyrex|Psyshock|p2a: Necrozma
|-resisted|p2a: Necrozma
|-damage|p2a: Necrozma|88/100
|
|upkeep
|turn|12
|
|t:|1638087161
|move|p1a: Calyrex|Astral Barrage|p2a: Necrozma
|-supereffective|p2a: Necrozma
|-damage|p2a: Necrozma|0 fnt
|faint|p2a: Necrozma
|-ability|p1a: Calyrex|Grim Neigh|boost
|-boost|p1a: Calyrex|spa|1
|
|upkeep
|c|☆Fireball 12345|gg
|
|t:|1638087167
|switch|p2a: Rayquaza|Rayquaza-Mega|55/100
|-weather|DeltaStream|[from] ability: Delta Stream|[of] p2a: Rayquaza
|turn|13
|c|☆Fireball 12345|wp
|c|☆diemond35472|gg
|
|t:|1638087172
|move|p1a: Calyrex|Astral Barrage|p2a: Rayquaza
|-damage|p2a: Rayquaza|0 fnt
|faint|p2a: Rayquaza
|-weather|none
|-ability|p1a: Calyrex|Grim Neigh|boost
|-boost|p1a: Calyrex|spa|1
|
|upkeep
|
|t:|1638087174
|switch|p2a: Zacian|Zacian-Crowned|100/100
|-ability|p2a: Zacian|Intrepid Sword|boost
|-boost|p2a: Zacian|atk|1
|turn|14
|
|t:|1638087176
|move|p1a: Calyrex|Astral Barrage|p2a: Zacian
|-damage|p2a: Zacian|0 fnt
|faint|p2a: Zacian
|-ability|p1a: Calyrex|Grim Neigh|boost
|-boost|p1a: Calyrex|spa|1
|
|upkeep
|
|t:|1638087178
|switch|p2a: Arceus|Arceus|30/100
|turn|15
|
|t:|1638087181
|move|p1a: Calyrex|Psyshock|p2a: Arceus
|-damage|p2a: Arceus|0 fnt
|faint|p2a: Arceus
|
|win|Fireball 12345
|l|☆diemond35472
