|j|☆Neutralist
|j|☆fennng
|t:|1667736986
|gametype|singles
|player|p1|Neutralist|1|1593
|player|p2|fennng|skierf|1647
|teamsize|p1|6
|teamsize|p2|6
|gen|8
|tier|[Gen 8] National Dex AG
|rated|
|rule|HP Percentage Mod: HP is shown in percentages
|rule|Endless Battle Clause: Forcing endless battles is banned
|clearpoke
|poke|p1|Rayquaza|
|poke|p1|Arceus-*|
|poke|p1|Yveltal|
|poke|p1|Groudon|
|poke|p1|Calyrex-Shadow|
|poke|p1|Necrozma-Dusk-Mane|
|poke|p2|Rayquaza|
|poke|p2|Groudon|
|poke|p2|Kyogre|
|poke|p2|Marshadow|
|poke|p2|Yveltal|
|poke|p2|Arceus-*|
|teampreview
|inactive|Battle timer is ON: inactive players will automatically lose when time's up. (requested by fennng)
|
|t:|1667736997
|start
|switch|p1a: Arceus|Arceus-Fairy|100/100
|switch|p2a: 为什么不给我石头呢？|Kyogre|100/100
|-weather|RainDance|[from] ability: Drizzle|[of] p2a: 为什么不给我石头呢？
|turn|1
|
|t:|1667737005
|switch|p1a: Groudon|Groudon|100/100
|detailschange|p1a: Groudon|Groudon-Primal
|-primal|p1a: Groudon
|-weather|DesolateLand|[from] ability: Desolate Land|[of] p1a: Groudon
|move|p2a: 为什么不给我石头呢？|Water Spout||[still]
|-fail|p2a: 为什么不给我石头呢？|Water Spout|[from] Desolate Land
|
|-weather|DesolateLand|[upkeep]
|upkeep
|turn|2
|
|t:|1667737011
|switch|p2a: 为什么要地面系？|Arceus-Ground|100/100
|move|p1a: Groudon|Stone Edge|p2a: 为什么要地面系？
|-resisted|p2a: 为什么要地面系？
|-damage|p2a: 为什么要地面系？|91/100
|
|-weather|DesolateLand|[upkeep]
|upkeep
|turn|3
|
|t:|1667737018
|-weather|none
|switch|p1a: Arceus|Arceus-Fairy|100/100
|move|p2a: 为什么要地面系？|Ice Beam|p1a: Arceus
|-damage|p1a: Arceus|87/100
|
|upkeep
|turn|4
|
|t:|1667737028
|switch|p2a: 你剑狗也想突破我固拉多？|Groudon|100/100
|detailschange|p2a: 你剑狗也想突破我固拉多？|Groudon-Primal
|-primal|p2a: 你剑狗也想突破我固拉多？
|-weather|DesolateLand|[from] ability: Desolate Land|[of] p2a: 你剑狗也想突破我固拉多？
|move|p1a: Arceus|Stealth Rock|p2a: 你剑狗也想突破我固拉多？
|-sidestart|p2: fennng|move: Stealth Rock
|
|-weather|DesolateLand|[upkeep]
|upkeep
|turn|5
|
|t:|1667737056
|switch|p1a: Rayquaza|Rayquaza|100/100
|-ability|p1a: Rayquaza|Air Lock
|move|p2a: 你剑狗也想突破我固拉多？|Rock Polish|p2a: 你剑狗也想突破我固拉多？
|-boost|p2a: 你剑狗也想突破我固拉多？|spe|2
|
|-weather|DesolateLand|[upkeep]
|upkeep
|turn|6
|
|t:|1667737061
|detailschange|p1a: Rayquaza|Rayquaza-Mega
|-mega|p1a: Rayquaza|Rayquaza|
|-weather|DeltaStream|[from] ability: Delta Stream|[of] p1a: Rayquaza
|move|p2a: 你剑狗也想突破我固拉多？|Dragon Claw|p1a: Rayquaza
|-supereffective|p1a: Rayquaza
|-damage|p1a: Rayquaza|21/100
|move|p1a: Rayquaza|Earthquake|p2a: 你剑狗也想突破我固拉多？
|-supereffective|p2a: 你剑狗也想突破我固拉多？
|-damage|p2a: 你剑狗也想突破我固拉多？|12/100
|-damage|p1a: Rayquaza|11/100|[from] item: Life Orb
|
|-weather|DeltaStream|[upkeep]
|upkeep
|turn|7
|
|t:|1667737070
|move|p1a: Rayquaza|Extreme Speed|p2a: 你剑狗也想突破我固拉多？
|-damage|p2a: 你剑狗也想突破我固拉多？|0 fnt
|faint|p2a: 你剑狗也想突破我固拉多？
|-damage|p1a: Rayquaza|1/100|[from] item: Life Orb
|
|-weather|DeltaStream|[upkeep]
|upkeep
|c|☆Neutralist|死開
|
|t:|1667737076
|switch|p2a: 为什么要地面系？|Arceus-Ground|91/100
|-damage|p2a: 为什么要地面系？|85/100|[from] Stealth Rock
|turn|8
|
|t:|1667737081
|move|p1a: Rayquaza|Extreme Speed|p2a: 为什么要地面系？
|-damage|p2a: 为什么要地面系？|60/100
|-damage|p1a: Rayquaza|0 fnt|[from] item: Life Orb
|faint|p1a: Rayquaza
|-weather|none
|move|p2a: 为什么要地面系？|Defog|p1: Rayquaza|[notarget]
|-fail|p2a: 为什么要地面系？
|
|upkeep
|c|☆fennng|完蛋
|
|t:|1667737102
|switch|p1a: Calyrex|Calyrex-Shadow|100/100
|-ability|p1a: Calyrex|As One
|-ability|p1a: Calyrex|Unnerve
|turn|9
|
|t:|1667737107
|move|p1a: Calyrex|Trick||[still]
|-fail|p1a: Calyrex
|move|p2a: 为什么要地面系？|Defog|p1a: Calyrex
|-unboost|p1a: Calyrex|evasion|1
|-sideend|p2: fennng|Stealth Rock|[from] move: Defog|[of] p2a: 为什么要地面系？
|
|upkeep
|turn|10
|
|t:|1667737110
|move|p1a: Calyrex|Trick||[still]
|-fail|p1a: Calyrex
|move|p2a: 为什么要地面系？|Recover|p2a: 为什么要地面系？
|-heal|p2a: 为什么要地面系？|100/100
|
|upkeep
|turn|11
|
|t:|1667737117
|switch|p1a: Arceus|Arceus-Fairy|87/100
|move|p2a: 为什么要地面系？|Ice Beam|p1a: Arceus
|-damage|p1a: Arceus|75/100
|
|upkeep
|turn|12
|
|t:|1667737125
|move|p2a: 为什么要地面系？|Judgment|p1a: Arceus
|-damage|p1a: Arceus|48/100
|move|p1a: Arceus|Stealth Rock|p2a: 为什么要地面系？
|-sidestart|p2: fennng|move: Stealth Rock
|
|upkeep
|turn|13
|c|☆Neutralist|算是這樣吧
|
|t:|1667737142
|move|p2a: 为什么要地面系？|Defog|p1a: Arceus
|-unboost|p1a: Arceus|evasion|1
|-sideend|p2: fennng|Stealth Rock|[from] move: Defog|[of] p2a: 为什么要地面系？
|move|p1a: Arceus|Recover|p1a: Arceus
|-heal|p1a: Arceus|98/100
|
|upkeep
|turn|14
|
|t:|1667737151
|switch|p2a: 为什么不给我石头呢？|Kyogre|100/100
|-weather|RainDance|[from] ability: Drizzle|[of] p2a: 为什么不给我石头呢？
|move|p1a: Arceus|Will-O-Wisp|p2a: 为什么不给我石头呢？
|-status|p2a: 为什么不给我石头呢？|brn
|
|-weather|RainDance|[upkeep]
|-damage|p2a: 为什么不给我石头呢？|94/100 brn|[from] brn
|upkeep
|turn|15
|
|t:|1667737156
|move|p2a: 为什么不给我石头呢？|Ice Beam|p1a: Arceus
|-damage|p1a: Arceus|80/100
|move|p1a: Arceus|Stealth Rock|p2a: 为什么不给我石头呢？
|-sidestart|p2: fennng|move: Stealth Rock
|
|-weather|RainDance|[upkeep]
|-damage|p2a: 为什么不给我石头呢？|88/100 brn|[from] brn
|upkeep
|turn|16
|
|t:|1667737164
|-start|p2a: 为什么不给我石头呢？|Dynamax|
|-heal|p2a: 为什么不给我石头呢？|88/100 brn|[silent]
|move|p2a: 为什么不给我石头呢？|Max Geyser|p1a: Arceus
|-damage|p1a: Arceus|10/100
|move|p1a: Arceus|Judgment|p2a: 为什么不给我石头呢？
|-damage|p2a: 为什么不给我石头呢？|71/100 brn
|
|-weather|RainDance|[upkeep]
|-damage|p2a: 为什么不给我石头呢？|68/100 brn|[from] brn
|upkeep
|turn|17
|c|☆Neutralist|臭
|
|t:|1667737186
|switch|p1a: Necrozma|Necrozma-Dusk-Mane|100/100
|move|p2a: 为什么不给我石头呢？|Max Geyser|p1a: Necrozma
|-damage|p1a: Necrozma|0 fnt
|faint|p1a: Necrozma
|
|-weather|RainDance|[upkeep]
|-damage|p2a: 为什么不给我石头呢？|65/100 brn|[from] brn
|upkeep
|
|t:|1667737197
|switch|p1a: Groudon|Groudon-Primal|100/100
|-weather|DesolateLand|[from] ability: Desolate Land|[of] p1a: Groudon
|turn|18
|
|t:|1667737203
|-end|p2a: 为什么不给我石头呢？|Dynamax
|-heal|p2a: 为什么不给我石头呢？|65/100 brn|[silent]
|switch|p2a: 为什么要地面系？|Arceus-Ground|100/100
|-damage|p2a: 为什么要地面系？|94/100|[from] Stealth Rock
|move|p1a: Groudon|Swords Dance|p1a: Groudon
|-boost|p1a: Groudon|atk|2
|
|-weather|DesolateLand|[upkeep]
|upkeep
|turn|19
|
|t:|1667737207
|move|p2a: 为什么要地面系？|Judgment|p1a: Groudon
|-supereffective|p1a: Groudon
|-damage|p1a: Groudon|35/100
|move|p1a: Groudon|Precipice Blades|p2a: 为什么要地面系？
|-damage|p2a: 为什么要地面系？|22/100
|
|-weather|DesolateLand|[upkeep]
|upkeep
|turn|20
|
|t:|1667737216
|-weather|none
|switch|p1a: Yveltal|Yveltal|100/100
|-ability|p1a: Yveltal|Dark Aura
|move|p2a: 为什么要地面系？|Judgment|p1a: Yveltal
|-immune|p1a: Yveltal
|
|upkeep
|turn|21
|
|t:|1667737223
|-start|p1a: Yveltal|Dynamax|
|-heal|p1a: Yveltal|100/100|[silent]
|move|p1a: Yveltal|Max Airstream|p2a: 为什么要地面系？
|-damage|p2a: 为什么要地面系？|0 fnt
|-boost|p1a: Yveltal|spe|1
|faint|p2a: 为什么要地面系？
|-damage|p1a: Yveltal|96/100|[from] item: Life Orb
|
|upkeep
|
|t:|1667737228
|switch|p2a: 为什么不给我石头呢？|Kyogre|65/100 brn
|-damage|p2a: 为什么不给我石头呢？|53/100 brn|[from] Stealth Rock
|-weather|RainDance|[from] ability: Drizzle|[of] p2a: 为什么不给我石头呢？
|turn|22
|
|t:|1667737234
|move|p1a: Yveltal|Max Airstream|p2a: 为什么不给我石头呢？
|-damage|p2a: 为什么不给我石头呢？|0 fnt
|-boost|p1a: Yveltal|spe|1
|faint|p2a: 为什么不给我石头呢？
|-damage|p1a: Yveltal|91/100|[from] item: Life Orb
|
|-weather|RainDance|[upkeep]
|upkeep
|c|☆Neutralist|很臭
|
|t:|1667737252
|switch|p2a: x的时代已经过时了|Yveltal|100/100
|-damage|p2a: x的时代已经过时了|76/100|[from] Stealth Rock
|-ability|p2a: x的时代已经过时了|Dark Aura
|turn|23
|
|t:|1667737255
|move|p1a: Yveltal|Max Airstream|p2a: x的时代已经过时了
|-damage|p2a: x的时代已经过时了|0 fnt
|-boost|p1a: Yveltal|spe|1
|faint|p2a: x的时代已经过时了
|-damage|p1a: Yveltal|86/100|[from] item: Life Orb
|
|-weather|RainDance|[upkeep]
|upkeep
|
|t:|1667737263
|switch|p2a: 780就是可以为所欲为的|Rayquaza|100/100
|-damage|p2a: 780就是可以为所欲为的|76/100|[from] Stealth Rock
|-ability|p2a: 780就是可以为所欲为的|Air Lock
|-end|p1a: Yveltal|Dynamax
|-heal|p1a: Yveltal|86/100|[silent]
|turn|24
|
|t:|1667737267
|detailschange|p2a: 780就是可以为所欲为的|Rayquaza-Mega
|-mega|p2a: 780就是可以为所欲为的|Rayquaza|
|-weather|DeltaStream|[from] ability: Delta Stream|[of] p2a: 780就是可以为所欲为的
|move|p2a: 780就是可以为所欲为的|Extreme Speed|p1a: Yveltal
|-damage|p1a: Yveltal|32/100
|-damage|p2a: 780就是可以为所欲为的|66/100|[from] item: Life Orb
|move|p1a: Yveltal|Knock Off|p2a: 780就是可以为所欲为的
|-damage|p2a: 780就是可以为所欲为的|0 fnt
|-enditem|p2a: 780就是可以为所欲为的|Life Orb|[from] move: Knock Off|[of] p1a: Yveltal
|faint|p2a: 780就是可以为所欲为的
|-weather|none
|-damage|p1a: Yveltal|22/100|[from] item: Life Orb
|
|upkeep
|
|t:|1667737270
|switch|p2a: 饿啊，强化强化|Marshadow|100/100
|-damage|p2a: 饿啊，强化强化|94/100|[from] Stealth Rock
|turn|25
|
|t:|1667737273
|move|p2a: 饿啊，强化强化|Shadow Sneak|p1a: Yveltal
|-resisted|p1a: Yveltal
|-damage|p1a: Yveltal|5/100
|move|p1a: Yveltal|Oblivion Wing|p2a: 饿啊，强化强化
|-supereffective|p2a: 饿啊，强化强化
|-damage|p2a: 饿啊，强化强化|0 fnt
|-heal|p1a: Yveltal|63/100|[from] drain|[of] p2a: 饿啊，强化强化
|faint|p2a: 饿啊，强化强化
|-damage|p1a: Yveltal|53/100|[from] item: Life Orb
|
|win|Neutralist
|raw|Neutralist's rating: 1593 &rarr; <strong>1616</strong><br />(+23 for winning)
|raw|fennng's rating: 1647 &rarr; <strong>1624</strong><br />(-23 for losing)
|l|☆fennng
|c|☆Neutralist|再見
||Ladder isn't responding, score probably updated but might not have (Request timeout).
