|j|☆AminitraboTTT
|j|☆Deiblack16
|inactive|Battle timer is ON: inactive players will automatically lose when time's up.
|t:|1663262079
|gametype|singles
|player|p1|AminitraboTTT|supernerd|
|player|p2|Deiblack16|hilbert-masters|
|teamsize|p1|6
|teamsize|p2|6
|gen|8
|tier|[Gen 8] National Dex AG
|rated|Tournament battle
|rule|HP Percentage Mod: HP is shown in percentages
|rule|Endless Battle Clause: Forcing endless battles is banned
|clearpoke
|poke|p1|Zacian-*|
|poke|p1|Necrozma-Dusk-Mane|
|poke|p1|Necrozma-Dawn-Wings|
|poke|p1|Yveltal|
|poke|p1|Gengar, F|
|poke|p1|Groudon|
|poke|p2|Zacian-*|
|poke|p2|Calyrex-Shadow|
|poke|p2|Groudon|
|poke|p2|Marshadow|
|poke|p2|Zygarde|
|poke|p2|Klefki, M|
|teampreview
|c|☆AminitraboTTT|Hola, soy AminitraboTTT, el bot de la sala Español. gl hf
|inactive|Deiblack16 also wants the timer to be on.
|j| Franko159
|
|t:|1663262084
|start
|switch|p1a: Necrozma|Necrozma-Dawn-Wings|100/100
|switch|p2a: Klefki|Klefki, M|100/100
|turn|1
|
|t:|1663262089
|detailschange|p1a: Necrozma|Necrozma-Ultra
|-burst|p1a: Necrozma|Necrozma|Ultranecrozium Z
|move|p2a: Klefki|Thunder Wave|p1a: Necrozma
|-status|p1a: Necrozma|par
|move|p1a: Necrozma|Earthquake|p2a: Klefki
|-supereffective|p2a: Klefki
|-damage|p2a: Klefki|4/100
|
|upkeep
|turn|2
|c| Franko159|Pole
|j| Gameplay 800
|j| Alexgpapmer
|
|t:|1663262095
|move|p2a: Klefki|Reflect|p2a: Klefki
|-sidestart|p2: Deiblack16|Reflect
|move|p1a: Necrozma|Photon Geyser|p2a: Klefki
|-resisted|p2a: Klefki
|-damage|p2a: Klefki|0 fnt
|faint|p2a: Klefki
|
|upkeep
|
|t:|1663262098
|switch|p2a: Calyrex|Calyrex-Shadow|100/100
|-ability|p2a: Calyrex|As One
|-ability|p2a: Calyrex|Unnerve
|turn|3
|
|t:|1663262103
|move|p2a: Calyrex|Astral Barrage|p1a: Necrozma
|-supereffective|p1a: Necrozma
|-damage|p1a: Necrozma|0 fnt
|faint|p1a: Necrozma
|-ability|p2a: Calyrex|Grim Neigh|boost
|-boost|p2a: Calyrex|spa|1
|
|upkeep
|
|t:|1663262103
|switch|p1a: Yveltal|Yveltal|100/100
|-ability|p1a: Yveltal|Dark Aura
|turn|4
|
|t:|1663262108
|-start|p1a: Yveltal|Dynamax|
|-heal|p1a: Yveltal|100/100|[silent]
|-start|p2a: Calyrex|Dynamax|
|-heal|p2a: Calyrex|100/100|[silent]
|move|p2a: Calyrex|Max Starfall|p1a: Yveltal
|-supereffective|p1a: Yveltal
|-damage|p1a: Yveltal|46/100
|-fieldstart|move: Misty Terrain
|move|p1a: Yveltal|Max Darkness|p2a: Calyrex
|-supereffective|p2a: Calyrex
|-enditem|p2a: Calyrex|Focus Sash
|-damage|p2a: Calyrex|1/100
|-unboost|p2a: Calyrex|spd|1
|
|upkeep
|turn|5
|c| Alexgpapmer|#teambot
|
|t:|1663262123
|move|p2a: Calyrex|Max Starfall|p1a: Yveltal
|-supereffective|p1a: Yveltal
|-damage|p1a: Yveltal|0 fnt
|faint|p1a: Yveltal
|-ability|p2a: Calyrex|Grim Neigh|boost
|-boost|p2a: Calyrex|spa|1
|
|upkeep
|
|t:|1663262123
|switch|p1a: Zacian|Zacian-Crowned|100/100
|-ability|p1a: Zacian|Intrepid Sword|boost
|-boost|p1a: Zacian|atk|1
|turn|6
|c| Gameplay 800|un bot ganara un torneo, que decepcionante se oye eso para la humanidad
|c|☆Deiblack16|como que ya gane
|
|t:|1663262131
|move|p2a: Calyrex|Max Phantasm|p1a: Zacian
|-damage|p1a: Zacian|0 fnt
|faint|p1a: Zacian
|-ability|p2a: Calyrex|Grim Neigh|boost
|-boost|p2a: Calyrex|spa|1
|
|upkeep
|
|t:|1663262133
|switch|p1a: Groudon|Groudon|100/100
|detailschange|p1a: Groudon|Groudon-Primal
|-primal|p1a: Groudon
|-weather|DesolateLand|[from] ability: Desolate Land|[of] p1a: Groudon
|-end|p2a: Calyrex|Dynamax
|-heal|p2a: Calyrex|1/100|[silent]
|turn|7
|c|☆Deiblack16|gg wp bot
|
|t:|1663262144
|move|p2a: Calyrex|Astral Barrage|p1a: Groudon
|-damage|p1a: Groudon|0 fnt
|faint|p1a: Groudon
|-weather|none
|-ability|p2a: Calyrex|Grim Neigh|boost
|-boost|p2a: Calyrex|spa|1
|
|upkeep
|
|t:|1663262145
|switch|p1a: Necrozma|Necrozma-Dusk-Mane|100/100
|turn|8
|j| Sea of Wikor
|c| Gameplay 800|ojo
|j| Velasgerman
|
|t:|1663262153
|move|p2a: Calyrex|Astral Barrage|p1a: Necrozma
|-supereffective|p1a: Necrozma
|-damage|p1a: Necrozma|0 fnt
|faint|p1a: Necrozma
|-ability|p2a: Calyrex|Grim Neigh|boost
|-boost|p2a: Calyrex|spa|1
|
|-fieldend|Misty Terrain
|upkeep
|
|t:|1663262153
|switch|p1a: Gengar|Gengar, F|100/100
|turn|9
|c|☆Deiblack16|como sweepear a un bot tutorial xD
|
|t:|1663262162
|detailschange|p1a: Gengar|Gengar-Mega, F
|-mega|p1a: Gengar|Gengar|Gengarite
|move|p2a: Calyrex|Astral Barrage|p1a: Gengar
|-supereffective|p1a: Gengar
|-damage|p1a: Gengar|0 fnt
|faint|p1a: Gengar
|
|win|Deiblack16
|n|☆AminitraboTTT|aminitrabottt
|n|☆Deiblack16|deiblack16
|n| Franko159|franko159
|n| Gameplay 800|gameplay800
|n| Alexgpapmer|alexgpapmer
|n| Sea of Wikor|seaofwikor
|n| Velasgerman|velasgerman
