|j|☆Buck X
|j|☆MiguelRRM
|t:|1661134018
|gametype|singles
|player|p1|Buck X|ethan-masters|1689
|player|p2|MiguelRRM|2|1853
|teamsize|p1|6
|teamsize|p2|6
|gen|8
|tier|[Gen 8] National Dex AG
|rated|
|rule|HP Percentage Mod: HP is shown in percentages
|rule|Endless Battle Clause: Forcing endless battles is banned
|clearpoke
|poke|p1|Garchomp, M|
|poke|p1|Xerneas-*|
|poke|p1|Yveltal|
|poke|p1|Arceus-*|
|poke|p1|Calyrex-Shadow|
|poke|p1|Rayquaza|
|poke|p2|Yveltal|
|poke|p2|Ho-Oh|
|poke|p2|Rayquaza|
|poke|p2|Necrozma-Dusk-Mane|
|poke|p2|Calyrex-Shadow|
|poke|p2|Smeargle, F|
|teampreview
|inactive|Battle timer is ON: inactive players will automatically lose when time's up. (requested by Buck X)
|
|t:|1661134035
|start
|switch|p1a: Arceus|Arceus|100/100
|switch|p2a: Smeargle|Smeargle, F|100/100
|turn|1
|
|t:|1661134039
|move|p1a: Arceus|Earthquake|p2a: Smeargle
|-damage|p2a: Smeargle|36/100
|move|p2a: Smeargle|Sticky Web|p1a: Arceus
|-sidestart|p1: Buck X|move: Sticky Web
|
|upkeep
|turn|2
|
|t:|1661134043
|switch|p2a: Ho-Oh|Ho-Oh|100/100
|move|p1a: Arceus|Defog|p2a: Ho-Oh
|-unboost|p2a: Ho-Oh|evasion|1
|-sideend|p1: Buck X|Sticky Web|[from] move: Defog|[of] p1a: Arceus
|
|upkeep
|turn|3
|
|t:|1661134049
|switch|p1a: Garchomp|Garchomp, M|100/100
|move|p2a: Ho-Oh|Toxic|p1a: Garchomp
|-status|p1a: Garchomp|tox
|
|-damage|p1a: Garchomp|94/100 tox|[from] psn
|upkeep
|turn|4
|
|t:|1661134057
|switch|p2a: Necrozma|Necrozma-Dusk-Mane|100/100
|move|p1a: Garchomp|Rock Tomb|p2a: Necrozma
|-resisted|p2a: Necrozma
|-damage|p2a: Necrozma|95/100
|-unboost|p2a: Necrozma|spe|1
|
|-damage|p1a: Garchomp|82/100 tox|[from] psn
|upkeep
|turn|5
|
|t:|1661134060
|move|p1a: Garchomp|Stealth Rock|p2a: Necrozma
|-sidestart|p2: MiguelRRM|move: Stealth Rock
|move|p2a: Necrozma|Stealth Rock|p1a: Garchomp
|-sidestart|p1: Buck X|move: Stealth Rock
|
|-damage|p1a: Garchomp|64/100 tox|[from] psn
|upkeep
|turn|6
|
|t:|1661134068
|move|p2a: Necrozma|Morning Sun|p2a: Necrozma
|-heal|p2a: Necrozma|100/100
|move|p1a: Garchomp|Roar|p2a: Necrozma
|drag|p2a: Rayquaza|Rayquaza|100/100
|-damage|p2a: Rayquaza|76/100|[from] Stealth Rock
|-ability|p2a: Rayquaza|Air Lock
|
|-damage|p1a: Garchomp|39/100 tox|[from] psn
|upkeep
|turn|7
|
|t:|1661134073
|detailschange|p2a: Rayquaza|Rayquaza-Mega
|-mega|p2a: Rayquaza|Rayquaza|
|-weather|DeltaStream|[from] ability: Delta Stream|[of] p2a: Rayquaza
|move|p1a: Garchomp|Rock Tomb|p2a: Rayquaza
|-activate||deltastream
|-damage|p2a: Rayquaza|56/100
|-unboost|p2a: Rayquaza|spe|1
|move|p2a: Rayquaza|Scale Shot|p1a: Garchomp
|-supereffective|p1a: Garchomp
|-damage|p1a: Garchomp|3/100 tox
|-supereffective|p1a: Garchomp
|-damage|p1a: Garchomp|0 fnt
|faint|p1a: Garchomp
|-hitcount|p1: Garchomp|2
|-unboost|p2a: Rayquaza|def|1
|-boost|p2a: Rayquaza|spe|1
|
|-weather|DeltaStream|[upkeep]
|upkeep
|
|t:|1661134091
|switch|p1a: Calyrex|Calyrex-Shadow|100/100
|-ability|p1a: Calyrex|As One
|-ability|p1a: Calyrex|Unnerve
|-damage|p1a: Calyrex|88/100|[from] Stealth Rock
|turn|8
|
|t:|1661134095
|-weather|none
|switch|p2a: Ho-Oh|Ho-Oh|100/100
|move|p1a: Calyrex|Astral Barrage|p2a: Ho-Oh
|-damage|p2a: Ho-Oh|67/100
|
|upkeep
|turn|9
|
|t:|1661134101
|move|p1a: Calyrex|Nasty Plot|p1a: Calyrex
|-boost|p1a: Calyrex|spa|2
|move|p2a: Ho-Oh|Defog|p1a: Calyrex
|-unboost|p1a: Calyrex|evasion|1
|-sideend|p1: Buck X|Stealth Rock|[from] move: Defog|[of] p2a: Ho-Oh
|-sideend|p2: MiguelRRM|Stealth Rock|[from] move: Defog|[of] p2a: Ho-Oh
|
|upkeep
|turn|10
|
|t:|1661134112
|switch|p2a: Smeargle|Smeargle, F|36/100
|-zpower|p1a: Calyrex
|move|p1a: Calyrex|Never-Ending Nightmare|p2a: Smeargle|[zeffect]
|-immune|p2a: Smeargle
|
|upkeep
|turn|11
|
|t:|1661134116
|move|p1a: Calyrex|Substitute|p1a: Calyrex
|-start|p1a: Calyrex|Substitute
|-damage|p1a: Calyrex|63/100
|move|p2a: Smeargle|Nuzzle|p1a: Calyrex
|-activate|p1a: Calyrex|move: Substitute|[damage]
|
|upkeep
|turn|12
|
|t:|1661134118
|move|p1a: Calyrex|Baton Pass|p1a: Calyrex
|
|t:|1661134123
|switch|p1a: Yveltal|Yveltal|100/100|[from]move: Baton Pass
|-ability|p1a: Yveltal|Dark Aura
|move|p2a: Smeargle|Encore||[still]
|-fail|p2a: Smeargle
|
|upkeep
|turn|13
|
|t:|1661134133
|move|p1a: Yveltal|Dark Pulse|p2a: Smeargle
|-damage|p2a: Smeargle|0 fnt
|faint|p2a: Smeargle
|-damage|p1a: Yveltal|91/100|[from] item: Life Orb
|
|upkeep
|
|t:|1661134135
|switch|p2a: Ho-Oh|Ho-Oh|99/100
|turn|14
|
|t:|1661134137
|move|p1a: Yveltal|Dark Pulse|p2a: Ho-Oh
|-damage|p2a: Ho-Oh|27/100
|-damage|p1a: Yveltal|81/100|[from] item: Life Orb
|cant|p2a: Ho-Oh|flinch
|
|upkeep
|turn|15
|
|t:|1661134143
|move|p1a: Yveltal|Oblivion Wing|p2a: Ho-Oh
|-damage|p2a: Ho-Oh|0 fnt
|-heal|p1a: Yveltal|100/100|[from] drain|[of] p2a: Ho-Oh
|faint|p2a: Ho-Oh
|-damage|p1a: Yveltal|91/100|[from] item: Life Orb
|
|upkeep
|-message|MiguelRRM forfeited.
|
|win|Buck X
|raw|Buck X's rating: 1689 &rarr; <strong>1718</strong><br />(+29 for winning)
|raw|MiguelRRM's rating: 1853 &rarr; <strong>1824</strong><br />(-29 for losing)
|l|☆MiguelRRM
