|j|☆moyv123
|j|☆Obito152001
|t:|1665302211
|gametype|singles
|player|p1|moyv123|1|1775
|player|p2|Obito152001|blue-gen3two|2015
|teamsize|p1|6
|teamsize|p2|6
|gen|8
|tier|[Gen 8] National Dex AG
|rated|
|rule|HP Percentage Mod: HP is shown in percentages
|rule|Endless Battle Clause: Forcing endless battles is banned
|clearpoke
|poke|p1|Arceus-*|
|poke|p1|Yveltal|
|poke|p1|Rayquaza|
|poke|p1|Lugia|
|poke|p1|Zacian-*|
|poke|p1|Necrozma-Dusk-Mane|
|poke|p2|Ditto|
|poke|p2|Zygarde|
|poke|p2|Rayquaza|
|poke|p2|Arceus-*|
|poke|p2|Kyogre|
|poke|p2|Arceus-*|
|teampreview
|inactive|Battle timer is ON: inactive players will automatically lose when time's up. (requested by Obito152001)
|inactive|Obito152001 has 120 seconds left.
|
|t:|1665302250
|start
|switch|p1a: Rayquaza|Rayquaza, shiny|100/100
|switch|p2a: Arceus|Arceus-Fairy|100/100
|-ability|p1a: Rayquaza|Air Lock
|turn|1
|
|t:|1665302272
|switch|p1a: Zacian|Zacian-Crowned, shiny|100/100
|-ability|p1a: Zacian|Intrepid Sword|boost
|-boost|p1a: Zacian|atk|1
|move|p2a: Arceus|Stealth Rock|p1a: Zacian
|-sidestart|p1: moyv123|move: Stealth Rock
|
|upkeep
|turn|2
|
|t:|1665302282
|switch|p2a: Kyogre|Kyogre|100/100
|detailschange|p2a: Kyogre|Kyogre-Primal
|-primal|p2a: Kyogre
|-weather|PrimordialSea|[from] ability: Primordial Sea|[of] p2a: Kyogre
|move|p1a: Zacian|Substitute|p1a: Zacian
|-start|p1a: Zacian|Substitute
|-damage|p1a: Zacian|76/100
|
|-weather|PrimordialSea|[upkeep]
|upkeep
|turn|3
|
|t:|1665302292
|move|p1a: Zacian|Play Rough|p2a: Kyogre
|-damage|p2a: Kyogre|42/100
|move|p2a: Kyogre|Surf|p1a: Zacian
|-end|p1a: Zacian|Substitute
|
|-weather|PrimordialSea|[upkeep]
|upkeep
|turn|4
|
|t:|1665302312
|-weather|none
|switch|p2a: Ditto|Ditto, shiny|100/100
|-transform|p2a: Ditto|p1a: Zacian|[from] ability: Imposter
|-ability|p2a: Ditto|Intrepid Sword|boost
|-boost|p2a: Ditto|atk|1
|move|p1a: Zacian|Close Combat|p2a: Ditto
|-damage|p2a: Ditto|13/100
|-unboost|p1a: Zacian|def|1
|-unboost|p1a: Zacian|spd|1
|
|upkeep
|turn|5
|inactive|moyv123 has 120 seconds left.
|
|t:|1665302346
|switch|p1a: Lugia|Lugia|100/100
|move|p2a: Ditto|Behemoth Blade|p1a: Lugia
|-damage|p1a: Lugia|67/100
|
|upkeep
|turn|6
|inactive|moyv123 has 120 seconds left.
|
|t:|1665302372
|move|p2a: Ditto|Behemoth Blade|p1a: Lugia
|-damage|p1a: Lugia|0 fnt
|faint|p1a: Lugia
|
|upkeep
|inactive|moyv123 has 120 seconds left.
|
|t:|1665302385
|switch|p1a: Necrozma|Necrozma-Dusk-Mane|100/100
|-damage|p1a: Necrozma|94/100|[from] Stealth Rock
|turn|7
|inactive|moyv123 has 120 seconds left.
|
|t:|1665302397
|switch|p2a: Zygarde|Zygarde, shiny|100/100
|move|p1a: Necrozma|Earthquake|p2a: Zygarde
|-damage|p2a: Zygarde|68/100
|
|upkeep
|turn|8
|
|t:|1665302404
|switch|p1a: Arceus|Arceus|100/100
|-damage|p1a: Arceus|88/100|[from] Stealth Rock
|move|p2a: Zygarde|Dragon Dance|p2a: Zygarde
|-boost|p2a: Zygarde|atk|1
|-boost|p2a: Zygarde|spe|1
|
|upkeep
|turn|9
|
|t:|1665302412
|move|p2a: Zygarde|Dragon Dance|p2a: Zygarde
|-boost|p2a: Zygarde|atk|1
|-boost|p2a: Zygarde|spe|1
|move|p1a: Arceus|Defog|p2a: Zygarde
|-unboost|p2a: Zygarde|evasion|1
|-sideend|p1: moyv123|Stealth Rock|[from] move: Defog|[of] p1a: Arceus
|
|upkeep
|turn|10
|
|t:|1665302420
|move|p2a: Zygarde|Thousand Arrows|p1a: Arceus
|-damage|p1a: Arceus|37/100
|move|p1a: Arceus|Swords Dance|p1a: Arceus
|-boost|p1a: Arceus|atk|2
|
|upkeep
|turn|11
|
|t:|1665302430
|-start|p2a: Zygarde|Dynamax|
|-heal|p2a: Zygarde|68/100|[silent]
|move|p1a: Arceus|Extreme Speed|p2a: Zygarde
|-damage|p2a: Zygarde|34/100
|move|p2a: Zygarde|Max Steelspike|p1a: Arceus
|-damage|p1a: Arceus|0 fnt
|-boost|p2a: Zygarde|def|1
|faint|p1a: Arceus
|
|-activate|p2a: Zygarde|ability: Power Construct
|detailschange|p2a: Zygarde|Zygarde-Complete, shiny
|-heal|p2a: Zygarde|59/100|[silent]
|upkeep
|inactive|moyv123 has 120 seconds left.
|
|t:|1665302451
|switch|p1a: Yveltal|Yveltal|100/100
|-ability|p1a: Yveltal|Dark Aura
|turn|12
|inactive|moyv123 has 120 seconds left.
|
|t:|1665302463
|-start|p1a: Yveltal|Dynamax|
|-heal|p1a: Yveltal|100/100|[silent]
|move|p2a: Zygarde|Max Steelspike|p1a: Yveltal
|-damage|p1a: Yveltal|66/100
|-boost|p2a: Zygarde|def|1
|move|p1a: Yveltal|Max Airstream|p2a: Zygarde
|-damage|p2a: Zygarde|29/100
|-boost|p1a: Yveltal|spe|1
|-damage|p1a: Yveltal|61/100|[from] item: Life Orb
|
|upkeep
|turn|13
|inactive|moyv123 has 120 seconds left.
|
|t:|1665302486
|move|p1a: Yveltal|Max Guard|p1a: Yveltal
|-singleturn|p1a: Yveltal|Max Guard
|move|p2a: Zygarde|Max Steelspike|p1a: Yveltal
|-activate|p1a: Yveltal|move: Max Guard
|
|upkeep
|-end|p2a: Zygarde|Dynamax
|-heal|p2a: Zygarde|29/100|[silent]
|turn|14
|
|t:|1665302494
|move|p2a: Zygarde|Thousand Arrows|p1a: Yveltal
|-damage|p1a: Yveltal|26/100
|-start|p1a: Yveltal|Smack Down
|move|p1a: Yveltal|Max Airstream|p2a: Zygarde
|-damage|p2a: Zygarde|0 fnt
|-boost|p1a: Yveltal|spe|1
|faint|p2a: Zygarde
|-damage|p1a: Yveltal|21/100|[from] item: Life Orb
|
|upkeep
|
|t:|1665302504
|switch|p2a: Arceus|Arceus-Fairy|100/100
|-end|p1a: Yveltal|Dynamax
|-heal|p1a: Yveltal|21/100|[silent]
|turn|15
|
|t:|1665302512
|move|p1a: Yveltal|Taunt|p2a: Arceus
|-start|p2a: Arceus|move: Taunt
|cant|p2a: Arceus|move: Taunt|Stealth Rock
|
|upkeep
|turn|16
|
|t:|1665302518
|move|p1a: Yveltal|Oblivion Wing|p2a: Arceus
|-damage|p2a: Arceus|69/100
|-heal|p1a: Yveltal|48/100|[from] drain|[of] p2a: Arceus
|-damage|p1a: Yveltal|38/100|[from] item: Life Orb
|move|p2a: Arceus|Judgment|p1a: Yveltal
|-supereffective|p1a: Yveltal
|-damage|p1a: Yveltal|0 fnt
|faint|p1a: Yveltal
|
|upkeep
|inactive|moyv123 has 120 seconds left.
|
|t:|1665302540
|switch|p1a: Zacian|Zacian-Crowned, shiny|76/100
|-ability|p1a: Zacian|Intrepid Sword|boost
|-boost|p1a: Zacian|atk|1
|turn|17
|
|t:|1665302546
|move|p1a: Zacian|Substitute|p1a: Zacian
|-start|p1a: Zacian|Substitute
|-damage|p1a: Zacian|51/100
|move|p2a: Arceus|Judgment|p1a: Zacian
|-resisted|p1a: Zacian
|-activate|p1a: Zacian|move: Substitute|[damage]
|
|-end|p2a: Arceus|move: Taunt
|upkeep
|turn|18
|
|t:|1665302556
|move|p1a: Zacian|Behemoth Blade|p2a: Arceus
|-supereffective|p2a: Arceus
|-damage|p2a: Arceus|0 fnt
|faint|p2a: Arceus
|
|upkeep
|
|t:|1665302565
|switch|p2a: Arceus|Arceus|100/100
|turn|19
|
|t:|1665302569
|move|p2a: Arceus|Extreme Speed|p1a: Zacian
|-resisted|p1a: Zacian
|-end|p1a: Zacian|Substitute
|move|p1a: Zacian|Close Combat|p2a: Arceus
|-supereffective|p2a: Arceus
|-damage|p2a: Arceus|0 fnt
|-unboost|p1a: Zacian|def|1
|-unboost|p1a: Zacian|spd|1
|faint|p2a: Arceus
|
|upkeep
|
|t:|1665302572
|switch|p2a: Ditto|Ditto, shiny|13/100
|-transform|p2a: Ditto|p1a: Zacian|[from] ability: Imposter
|-ability|p2a: Ditto|Intrepid Sword|boost
|-boost|p2a: Ditto|atk|1
|turn|20
|
|t:|1665302590
|move|p2a: Ditto|Behemoth Blade|p1a: Zacian
|-damage|p1a: Zacian|0 fnt
|faint|p1a: Zacian
|
|upkeep
|
|t:|1665302596
|switch|p1a: Rayquaza|Rayquaza, shiny|100/100
|-ability|p1a: Rayquaza|Air Lock
|turn|21
|
|t:|1665302601
|switch|p2a: Kyogre|Kyogre-Primal|42/100
|-weather|PrimordialSea|[from] ability: Primordial Sea|[of] p2a: Kyogre
|detailschange|p1a: Rayquaza|Rayquaza-Mega, shiny
|-mega|p1a: Rayquaza|Rayquaza|
|-weather|DeltaStream|[from] ability: Delta Stream|[of] p1a: Rayquaza
|move|p1a: Rayquaza|Extreme Speed|p2a: Kyogre
|-damage|p2a: Kyogre|10/100
|-damage|p1a: Rayquaza|91/100|[from] item: Life Orb
|
|-weather|DeltaStream|[upkeep]
|upkeep
|turn|22
|
|t:|1665302621
|move|p1a: Rayquaza|Extreme Speed|p2a: Kyogre
|-damage|p2a: Kyogre|0 fnt
|faint|p2a: Kyogre
|-damage|p1a: Rayquaza|81/100|[from] item: Life Orb
|
|-weather|DeltaStream|[upkeep]
|upkeep
|
|t:|1665302628
|switch|p2a: Rayquaza|Rayquaza|100/100
|-ability|p2a: Rayquaza|Air Lock
|turn|23
|
|t:|1665302640
|detailschange|p2a: Rayquaza|Rayquaza-Mega
|-mega|p2a: Rayquaza|Rayquaza|
|move|p1a: Rayquaza|Extreme Speed|p2a: Rayquaza
|-damage|p2a: Rayquaza|55/100
|-damage|p1a: Rayquaza|71/100|[from] item: Life Orb
|move|p2a: Rayquaza|Draco Meteor|p1a: Rayquaza
|-supereffective|p1a: Rayquaza
|-damage|p1a: Rayquaza|0 fnt
|-unboost|p2a: Rayquaza|spa|2
|faint|p1a: Rayquaza
|
|-weather|DeltaStream|[upkeep]
|upkeep
|
|t:|1665302654
|switch|p1a: Necrozma|Necrozma-Dusk-Mane|94/100
|turn|24
|
|t:|1665302658
|-weather|none
|switch|p2a: Ditto|Ditto, shiny|13/100
|-transform|p2a: Ditto|p1a: Necrozma|[from] ability: Imposter
|move|p1a: Necrozma|Dragon Dance|p1a: Necrozma
|-boost|p1a: Necrozma|atk|1
|-boost|p1a: Necrozma|spe|1
|
|upkeep
|turn|25
|
|t:|1665302668
|move|p2a: Ditto|Earthquake|p1a: Necrozma
|-supereffective|p1a: Necrozma
|-damage|p1a: Necrozma|50/100
|move|p1a: Necrozma|Sunsteel Strike|p2a: Ditto
|-resisted|p2a: Ditto
|-damage|p2a: Ditto|0 fnt
|faint|p2a: Ditto
|
|upkeep
|
|t:|1665302672
|switch|p2a: Rayquaza|Rayquaza-Mega|55/100
|-weather|DeltaStream|[from] ability: Delta Stream|[of] p2a: Rayquaza
|turn|26
|
|t:|1665302685
|detailschange|p1a: Necrozma|Necrozma-Ultra
|-burst|p1a: Necrozma|Necrozma|Ultranecrozium Z
|move|p2a: Rayquaza|Dragon Ascent|p1a: Necrozma
|-damage|p1a: Necrozma|0 fnt
|-unboost|p2a: Rayquaza|def|1
|-unboost|p2a: Rayquaza|spd|1
|faint|p1a: Necrozma
|
|win|Obito152001
|raw|moyv123's rating: 1775 &rarr; <strong>1767</strong><br />(-8 for losing)
|raw|Obito152001's rating: 2015 &rarr; <strong>2023</strong><br />(+8 for winning)
|c|☆Obito152001|Gg wp
|l|☆moyv123
