|j|☆lyblwt12345
|j|☆CLEAR GEM清瑜
|t:|1664876885
|gametype|singles
|player|p1|lyblwt12345|cynthia-gen4|1689
|player|p2|CLEAR GEM清瑜|skierf|1799
|teamsize|p1|6
|teamsize|p2|6
|gen|8
|tier|[Gen 8] National Dex AG
|rated|
|rule|HP Percentage Mod: HP is shown in percentages
|rule|Endless Battle Clause: Forcing endless battles is banned
|clearpoke
|poke|p1|Arceus-*|
|poke|p1|Zacian-*|
|poke|p1|Rayquaza|
|poke|p1|Kyogre|
|poke|p1|Marshadow|
|poke|p1|Ditto|
|poke|p2|Rayquaza|
|poke|p2|Groudon|
|poke|p2|Necrozma-Dusk-Mane|
|poke|p2|Arceus-*|
|poke|p2|Arceus-*|
|poke|p2|Arceus-*|
|teampreview
|inactive|Battle timer is ON: inactive players will automatically lose when time's up. (requested by CLEAR GEM清瑜)
|
|t:|1664876904
|start
|switch|p1a: Arceus|Arceus-Electric|100/100
|switch|p2a: 不会(?)|Groudon|100/100
|detailschange|p2a: 不会(?)|Groudon-Primal
|-primal|p2a: 不会(?)
|-weather|DesolateLand|[from] ability: Desolate Land|[of] p2a: 不会(?)
|turn|1
|
|t:|1664876912
|-start|p1a: Arceus|Dynamax|
|-heal|p1a: Arceus|100/100|[silent]
|move|p1a: Arceus|Max Quake|p2a: 不会(?)
|-supereffective|p2a: 不会(?)
|-damage|p2a: 不会(?)|16/100
|-boost|p1a: Arceus|spd|1
|move|p2a: 不会(?)|Stealth Rock|p1a: Arceus
|-sidestart|p1: lyblwt12345|move: Stealth Rock
|
|-weather|DesolateLand|[upkeep]
|upkeep
|turn|2
|
|t:|1664876924
|-weather|none
|switch|p2a: 烈龙无敌|Rayquaza|100/100
|-ability|p2a: 烈龙无敌|Air Lock
|move|p1a: Arceus|Max Hailstorm|p2a: 烈龙无敌
|-supereffective|p2a: 烈龙无敌
|-damage|p2a: 烈龙无敌|0 fnt
|-weather|Hail
|faint|p2a: 烈龙无敌
|
|-weather|Hail|[upkeep]
|-damage|p1a: Arceus|97/100|[from] Hail
|upkeep
|
|t:|1664876927
|switch|p2a: 不会(?)|Groudon-Primal|16/100
|-weather|DesolateLand|[from] ability: Desolate Land|[of] p2a: 不会(?)
|turn|3
|
|t:|1664876940
|move|p1a: Arceus|Max Quake|p2a: 不会(?)
|-supereffective|p2a: 不会(?)
|-damage|p2a: 不会(?)|0 fnt
|-boost|p1a: Arceus|spd|1
|faint|p2a: 不会(?)
|-weather|none
|
|upkeep
|
|t:|1664876942
|switch|p2a: 钢铁之躯|Necrozma-Dusk-Mane|100/100
|-end|p1a: Arceus|Dynamax
|-heal|p1a: Arceus|98/100|[silent]
|turn|4
|
|t:|1664876948
|move|p1a: Arceus|Earth Power|p2a: 钢铁之躯
|-supereffective|p2a: 钢铁之躯
|-damage|p2a: 钢铁之躯|61/100
|move|p2a: 钢铁之躯|Dragon Dance|p2a: 钢铁之躯
|-boost|p2a: 钢铁之躯|atk|1
|-boost|p2a: 钢铁之躯|spe|1
|
|upkeep
|turn|5
|
|t:|1664876960
|detailschange|p2a: 钢铁之躯|Necrozma-Ultra
|-burst|p2a: 钢铁之躯|Necrozma|Ultranecrozium Z
|move|p2a: 钢铁之躯|Earthquake|p1a: Arceus
|-supereffective|p1a: Arceus
|-damage|p1a: Arceus|0 fnt
|faint|p1a: Arceus
|
|upkeep
|
|t:|1664876968
|switch|p1a: Ditto|Ditto|100/100
|-damage|p1a: Ditto|88/100|[from] Stealth Rock
|-transform|p1a: Ditto|p2a: 钢铁之躯|[from] ability: Imposter
|turn|6
|
|t:|1664876986
|move|p1a: Ditto|Photon Geyser|p2a: 钢铁之躯
|-resisted|p2a: 钢铁之躯
|-damage|p2a: 钢铁之躯|11/100
|-zpower|p2a: 钢铁之躯
|move|p2a: 钢铁之躯|Light That Burns the Sky|p1a: Ditto|[zeffect]
|-resisted|p1a: Ditto
|-crit|p1a: Ditto
|-damage|p1a: Ditto|0 fnt
|faint|p1a: Ditto
|
|upkeep
|
|t:|1664876998
|switch|p1a: Rayquaza|Rayquaza|100/100
|-damage|p1a: Rayquaza|75/100|[from] Stealth Rock
|-ability|p1a: Rayquaza|Air Lock
|turn|7
|
|t:|1664877004
|detailschange|p1a: Rayquaza|Rayquaza-Mega
|-mega|p1a: Rayquaza|Rayquaza|
|-weather|DeltaStream|[from] ability: Delta Stream|[of] p1a: Rayquaza
|move|p1a: Rayquaza|Extreme Speed|p2a: 钢铁之躯
|-damage|p2a: 钢铁之躯|0 fnt
|faint|p2a: 钢铁之躯
|
|-weather|DeltaStream|[upkeep]
|upkeep
|
|t:|1664877007
|switch|p2a: 究极辅助|Arceus-Dark|100/100
|turn|8
|
|t:|1664877014
|-weather|none
|switch|p1a: Kyogre|Kyogre|100/100
|-damage|p1a: Kyogre|88/100|[from] Stealth Rock
|detailschange|p1a: Kyogre|Kyogre-Primal
|-primal|p1a: Kyogre
|-weather|PrimordialSea|[from] ability: Primordial Sea|[of] p1a: Kyogre
|move|p2a: 究极辅助|Judgment|p1a: Kyogre
|-damage|p1a: Kyogre|57/100
|
|-weather|PrimordialSea|[upkeep]
|upkeep
|turn|9
|
|t:|1664877024
|move|p2a: 究极辅助|Judgment|p1a: Kyogre
|-damage|p1a: Kyogre|25/100
|move|p1a: Kyogre|Rest|p1a: Kyogre
|-status|p1a: Kyogre|slp|[from] move: Rest
|-heal|p1a: Kyogre|100/100 slp|[silent]
|
|-weather|PrimordialSea|[upkeep]
|upkeep
|turn|10
|
|t:|1664877031
|cant|p1a: Kyogre|slp
|move|p1a: Kyogre|Sleep Talk|p1a: Kyogre
|move|p1a: Kyogre|Toxic|p2a: 究极辅助|[from]move: Sleep Talk
|-status|p2a: 究极辅助|tox
|move|p2a: 究极辅助|Roar|p1a: Kyogre
|-weather|none
|drag|p1a: Zacian|Zacian-Crowned|100/100
|-damage|p1a: Zacian|94/100|[from] Stealth Rock
|-ability|p1a: Zacian|Intrepid Sword|boost
|-boost|p1a: Zacian|atk|1
|
|-damage|p2a: 究极辅助|94/100 tox|[from] psn
|upkeep
|turn|11
|
|t:|1664877042
|move|p1a: Zacian|Close Combat|p2a: 究极辅助
|-supereffective|p2a: 究极辅助
|-damage|p2a: 究极辅助|0 fnt
|-unboost|p1a: Zacian|def|1
|-unboost|p1a: Zacian|spd|1
|faint|p2a: 究极辅助
|
|upkeep
|
|t:|1664877045
|switch|p2a: 乱杀P固|Arceus-Ground|100/100
|turn|12
|
|t:|1664877059
|switch|p1a: Rayquaza|Rayquaza-Mega|75/100
|-damage|p1a: Rayquaza|50/100|[from] Stealth Rock
|-weather|DeltaStream|[from] ability: Delta Stream|[of] p1a: Rayquaza
|move|p2a: 乱杀P固|Earthquake|p1a: Rayquaza
|-immune|p1a: Rayquaza
|
|-weather|DeltaStream|[upkeep]
|upkeep
|turn|13
|
|t:|1664877073
|move|p2a: 乱杀P固|Stone Edge|p1a: Rayquaza
|-activate||deltastream
|-damage|p1a: Rayquaza|19/100
|move|p1a: Rayquaza|Dragon Ascent|p2a: 乱杀P固
|-damage|p2a: 乱杀P固|0 fnt
|-unboost|p1a: Rayquaza|def|1
|-unboost|p1a: Rayquaza|spd|1
|faint|p2a: 乱杀P固
|
|-weather|DeltaStream|[upkeep]
|upkeep
|
|t:|1664877076
|switch|p2a: 悬空羊驼|Arceus-Flying|100/100
|turn|14
|
|t:|1664877083
|-start|p2a: 悬空羊驼|Dynamax|
|-heal|p2a: 悬空羊驼|100/100|[silent]
|move|p1a: Rayquaza|Dragon Ascent|p2a: 悬空羊驼
|-damage|p2a: 悬空羊驼|54/100
|-unboost|p1a: Rayquaza|def|1
|-unboost|p1a: Rayquaza|spd|1
|move|p2a: 悬空羊驼|Max Airstream|p1a: Rayquaza
|-damage|p1a: Rayquaza|0 fnt
|-boost|p2a: 悬空羊驼|spe|1
|faint|p1a: Rayquaza
|-weather|none
|
|upkeep
|
|t:|1664877096
|switch|p1a: Zacian|Zacian-Crowned|94/100
|-damage|p1a: Zacian|88/100|[from] Stealth Rock
|-ability|p1a: Zacian|Intrepid Sword|boost
|-boost|p1a: Zacian|atk|1
|turn|15
|
|t:|1664877101
|move|p2a: 悬空羊驼|Max Quake|p1a: Zacian
|-supereffective|p1a: Zacian
|-damage|p1a: Zacian|0 fnt
|-boost|p2a: 悬空羊驼|spd|1
|faint|p1a: Zacian
|
|upkeep
|
|t:|1664877106
|switch|p1a: Kyogre|Kyogre-Primal|100/100 slp
|-damage|p1a: Kyogre|88/100 slp|[from] Stealth Rock
|-weather|PrimordialSea|[from] ability: Primordial Sea|[of] p1a: Kyogre
|turn|16
|
|t:|1664877115
|move|p2a: 悬空羊驼|Max Airstream|p1a: Kyogre
|-damage|p1a: Kyogre|41/100 slp
|-boost|p2a: 悬空羊驼|spe|1
|cant|p1a: Kyogre|slp
|move|p1a: Kyogre|Sleep Talk|p1a: Kyogre
|move|p1a: Kyogre|Rest||[from]move: Sleep Talk|[still]
|-fail|p1a: Kyogre
|
|-weather|PrimordialSea|[upkeep]
|upkeep
|-end|p2a: 悬空羊驼|Dynamax
|-heal|p2a: 悬空羊驼|54/100|[silent]
|turn|17
|
|t:|1664877129
|move|p2a: 悬空羊驼|Recover|p2a: 悬空羊驼
|-heal|p2a: 悬空羊驼|100/100
|-curestatus|p1a: Kyogre|slp|[msg]
|move|p1a: Kyogre|Rest|p1a: Kyogre
|-status|p1a: Kyogre|slp|[from] move: Rest
|-heal|p1a: Kyogre|100/100 slp|[silent]
|
|-weather|PrimordialSea|[upkeep]
|upkeep
|turn|18
|
|t:|1664877137
|move|p2a: 悬空羊驼|Calm Mind|p2a: 悬空羊驼
|-boost|p2a: 悬空羊驼|spa|1
|-boost|p2a: 悬空羊驼|spd|1
|cant|p1a: Kyogre|slp
|move|p1a: Kyogre|Sleep Talk|p1a: Kyogre
|move|p1a: Kyogre|Toxic|p2a: 悬空羊驼|[from]move: Sleep Talk
|-status|p2a: 悬空羊驼|tox
|
|-weather|PrimordialSea|[upkeep]
|-damage|p2a: 悬空羊驼|94/100 tox|[from] psn
|upkeep
|turn|19
|
|t:|1664877148
|move|p2a: 悬空羊驼|Judgment|p1a: Kyogre
|-damage|p1a: Kyogre|50/100 slp
|cant|p1a: Kyogre|slp
|move|p1a: Kyogre|Sleep Talk|p1a: Kyogre
|move|p1a: Kyogre|Rest||[from]move: Sleep Talk|[still]
|-fail|p1a: Kyogre
|
|-weather|PrimordialSea|[upkeep]
|-damage|p2a: 悬空羊驼|82/100 tox|[from] psn
|upkeep
|turn|20
|
|t:|1664877156
|move|p2a: 悬空羊驼|Judgment|p1a: Kyogre
|-damage|p1a: Kyogre|0 fnt
|faint|p1a: Kyogre
|-weather|none
|
|-damage|p2a: 悬空羊驼|64/100 tox|[from] psn
|upkeep
|
|t:|1664877162
|switch|p1a: Marshadow|Marshadow|100/100
|-damage|p1a: Marshadow|94/100|[from] Stealth Rock
|turn|21
|
|t:|1664877167
|move|p1a: Marshadow|Shadow Sneak|p2a: 悬空羊驼
|-damage|p2a: 悬空羊驼|34/100 tox
|-damage|p1a: Marshadow|84/100|[from] item: Life Orb
|move|p2a: 悬空羊驼|Judgment|p1a: Marshadow
|-supereffective|p1a: Marshadow
|-damage|p1a: Marshadow|0 fnt
|faint|p1a: Marshadow
|
|win|CLEAR GEM清瑜
|raw|lyblwt12345's rating: 1689 &rarr; <strong>1675</strong><br />(-14 for losing)
|raw|CLEAR GEM清瑜's rating: 1799 &rarr; <strong>1813</strong><br />(+14 for winning)
|l|☆lyblwt12345
||Ladder isn't responding, score probably updated but might not have (Request timeout).
