|j|☆Ninbrine
|j|☆DJ Phoenix da Poet
|t:|1657677129
|gametype|singles
|player|p1|Ninbrine|pilot|1460
|player|p2|DJ Phoenix da Poet|hilbert|1545
|teamsize|p1|6
|teamsize|p2|6
|gen|8
|tier|[Gen 8] National Dex AG
|rated|
|rule|HP Percentage Mod: HP is shown in percentages
|rule|Endless Battle Clause: Forcing endless battles is banned
|clearpoke
|poke|p1|Eevee, M|
|poke|p1|Blaziken, F|
|poke|p1|Magearna|
|poke|p1|Calyrex-Shadow|
|poke|p1|Zacian-*|
|poke|p1|Ditto|
|poke|p2|Necrozma-Dusk-Mane|
|poke|p2|Calyrex-Shadow|
|poke|p2|Zacian-*|
|poke|p2|Groudon|
|poke|p2|Ditto|
|poke|p2|Yveltal|
|teampreview
|
|t:|1657677136
|start
|switch|p1a: Blaziken|Blaziken, F|100/100
|switch|p2a: Yveltal|Yveltal|100/100
|-ability|p2a: Yveltal|Dark Aura
|turn|1
|
|t:|1657677141
|detailschange|p1a: Blaziken|Blaziken-Mega, F
|-mega|p1a: Blaziken|Blaziken|Blazikenite
|-start|p2a: Yveltal|Dynamax|
|-heal|p2a: Yveltal|100/100|[silent]
|move|p1a: Blaziken|Protect|p1a: Blaziken
|-singleturn|p1a: Blaziken|Protect
|move|p2a: Yveltal|Max Airstream|p1a: Blaziken
|-supereffective|p1a: Blaziken
|-zbroken|p1a: Blaziken
|-damage|p1a: Blaziken|33/100
|-boost|p2a: Yveltal|spe|1
|-damage|p2a: Yveltal|96/100|[from] item: Life Orb
|
|-ability|p1a: Blaziken|Speed Boost|boost
|-boost|p1a: Blaziken|spe|1
|upkeep
|turn|2
|
|t:|1657677151
|move|p1a: Blaziken|Baton Pass|p1a: Blaziken
|
|t:|1657677154
|switch|p1a: Zacian|Zacian-Crowned|100/100|[from]move: Baton Pass
|-ability|p1a: Zacian|Intrepid Sword|boost
|-boost|p1a: Zacian|atk|1
|move|p2a: Yveltal|Max Darkness|p1a: Zacian
|-resisted|p1a: Zacian
|-damage|p1a: Zacian|36/100
|-unboost|p1a: Zacian|spd|1
|-damage|p2a: Yveltal|91/100|[from] item: Life Orb
|
|upkeep
|turn|3
|
|t:|1657677164
|move|p2a: Yveltal|Max Guard|p2a: Yveltal
|-singleturn|p2a: Yveltal|Max Guard
|move|p1a: Zacian|Behemoth Blade|p2a: Yveltal
|-activate|p2a: Yveltal|move: Max Guard
|
|upkeep
|-end|p2a: Yveltal|Dynamax
|-heal|p2a: Yveltal|91/100|[silent]
|turn|4
|
|t:|1657677170
|move|p1a: Zacian|Play Rough|p2a: Yveltal|[miss]
|-miss|p1a: Zacian|p2a: Yveltal
|move|p2a: Yveltal|Heat Wave|p1a: Zacian
|-supereffective|p1a: Zacian
|-damage|p1a: Zacian|0 fnt
|faint|p1a: Zacian
|-damage|p2a: Yveltal|81/100|[from] item: Life Orb
|
|upkeep
|
|t:|1657677180
|switch|p1a: Ditto|Ditto|100/100
|-transform|p1a: Ditto|p2a: Yveltal|[from] ability: Imposter
|-ability|p1a: Ditto|Dark Aura
|turn|5
|
|t:|1657677184
|move|p1a: Ditto|Oblivion Wing|p2a: Yveltal
|-damage|p2a: Yveltal|41/100
|move|p2a: Yveltal|Oblivion Wing|p1a: Ditto
|-damage|p1a: Ditto|34/100
|-heal|p2a: Yveltal|79/100|[from] drain|[of] p1a: Ditto
|-damage|p2a: Yveltal|69/100|[from] item: Life Orb
|
|upkeep
|turn|6
|
|t:|1657677192
|move|p1a: Ditto|Oblivion Wing|p2a: Yveltal
|-damage|p2a: Yveltal|29/100
|-heal|p1a: Ditto|74/100|[from] drain|[of] p2a: Yveltal
|move|p2a: Yveltal|Oblivion Wing|p1a: Ditto
|-damage|p1a: Ditto|10/100
|-heal|p2a: Yveltal|65/100|[from] drain|[of] p1a: Ditto
|-damage|p2a: Yveltal|55/100|[from] item: Life Orb
|
|upkeep
|turn|7
|
|t:|1657677196
|move|p1a: Ditto|Oblivion Wing|p2a: Yveltal
|-damage|p2a: Yveltal|16/100
|-heal|p1a: Ditto|49/100|[from] drain|[of] p2a: Yveltal
|move|p2a: Yveltal|Oblivion Wing|p1a: Ditto
|-damage|p1a: Ditto|0 fnt
|-heal|p2a: Yveltal|44/100|[from] drain|[of] p1a: Ditto
|faint|p1a: Ditto
|-damage|p2a: Yveltal|34/100|[from] item: Life Orb
|
|upkeep
|
|t:|1657677202
|switch|p1a: Magearna|Magearna|100/100
|turn|8
|
|t:|1657677207
|-start|p1a: Magearna|Dynamax|
|-heal|p1a: Magearna|100/100|[silent]
|move|p2a: Yveltal|Heat Wave|p1a: Magearna
|-supereffective|p1a: Magearna
|-damage|p1a: Magearna|63/100
|-damage|p2a: Yveltal|24/100|[from] item: Life Orb
|move|p1a: Magearna|Max Starfall|p2a: Yveltal
|-supereffective|p2a: Yveltal
|-damage|p2a: Yveltal|0 fnt
|-fieldstart|move: Misty Terrain
|faint|p2a: Yveltal
|-ability|p1a: Magearna|Soul-Heart|boost
|-boost|p1a: Magearna|spa|1
|
|-heal|p1a: Magearna|66/100|[from] item: Leftovers
|upkeep
|
|t:|1657677214
|switch|p2a: Groudon|Groudon|100/100
|detailschange|p2a: Groudon|Groudon-Primal
|-primal|p2a: Groudon
|-weather|DesolateLand|[from] ability: Desolate Land|[of] p2a: Groudon
|turn|9
|
|t:|1657677222
|move|p2a: Groudon|Earthquake|p1a: Magearna
|-supereffective|p1a: Magearna
|-damage|p1a: Magearna|15/100
|move|p1a: Magearna|Max Mindstorm|p2a: Groudon
|-damage|p2a: Groudon|18/100
|-fieldstart|move: Psychic Terrain
|
|-weather|DesolateLand|[upkeep]
|-heal|p1a: Magearna|18/100|[from] item: Leftovers
|upkeep
|turn|10
|
|t:|1657677226
|move|p1a: Magearna|Max Guard|p1a: Magearna
|-singleturn|p1a: Magearna|Max Guard
|move|p2a: Groudon|Earthquake|p1a: Magearna
|-activate|p1a: Magearna|move: Max Guard
|
|-weather|DesolateLand|[upkeep]
|-heal|p1a: Magearna|21/100|[from] item: Leftovers
|upkeep
|-end|p1a: Magearna|Dynamax
|-heal|p1a: Magearna|21/100|[silent]
|turn|11
|
|t:|1657677230
|move|p2a: Groudon|Earthquake|p1a: Magearna
|-supereffective|p1a: Magearna
|-damage|p1a: Magearna|0 fnt
|faint|p1a: Magearna
|
|-weather|DesolateLand|[upkeep]
|upkeep
|
|t:|1657677235
|switch|p1a: Blaziken|Blaziken-Mega, F|33/100
|turn|12
|
|t:|1657677239
|move|p1a: Blaziken|Protect|p1a: Blaziken
|-singleturn|p1a: Blaziken|Protect
|move|p2a: Groudon|Rock Polish|p2a: Groudon
|-boost|p2a: Groudon|spe|2
|
|-weather|DesolateLand|[upkeep]
|-ability|p1a: Blaziken|Speed Boost|boost
|-boost|p1a: Blaziken|spe|1
|upkeep
|turn|13
|
|t:|1657677249
|move|p1a: Blaziken|Protect||[still]
|-fail|p1a: Blaziken
|move|p2a: Groudon|Earthquake|p1a: Blaziken
|-supereffective|p1a: Blaziken
|-damage|p1a: Blaziken|0 fnt
|faint|p1a: Blaziken
|
|-weather|DesolateLand|[upkeep]
|-fieldend|move: Psychic Terrain
|upkeep
|
|t:|1657677254
|switch|p1a: Calyrex|Calyrex-Shadow|100/100
|-ability|p1a: Calyrex|As One
|-ability|p1a: Calyrex|Unnerve
|turn|14
|
|t:|1657677257
|move|p2a: Groudon|Heat Crash|p1a: Calyrex
|-damage|p1a: Calyrex|0 fnt
|faint|p1a: Calyrex
|
|-weather|DesolateLand|[upkeep]
|upkeep
|
|t:|1657677260
|switch|p1a: Eevee|Eevee, M|100/100
|turn|15
|
|t:|1657677265
|move|p2a: Groudon|Heat Crash|p1a: Eevee
|-damage|p1a: Eevee|0 fnt
|faint|p1a: Eevee
|
|win|DJ Phoenix da Poet
|raw|Ninbrine's rating: 1460 &rarr; <strong>1445</strong><br />(-15 for losing)
|raw|DJ Phoenix da Poet's rating: 1545 &rarr; <strong>1560</strong><br />(+15 for winning)
|l|☆DJ Phoenix da Poet
