|j|☆Hhhhhhhhhhhhx
|j|☆IntegratorSK
|t:|1665844495
|gametype|singles
|player|p1|Hhhhhhhhhhhhx|nate|1520
|player|p2|IntegratorSK|steven|1430
|teamsize|p1|6
|teamsize|p2|6
|gen|8
|tier|[Gen 8] National Dex AG
|rated|
|rule|HP Percentage Mod: HP is shown in percentages
|rule|Endless Battle Clause: Forcing endless battles is banned
|clearpoke
|poke|p1|Zacian-*|
|poke|p1|Cinderace, M|
|poke|p1|Yveltal|
|poke|p1|Zekrom|
|poke|p1|Lugia|
|poke|p1|Groudon|
|poke|p2|Lapras, F|
|poke|p2|Sceptile, M|
|poke|p2|Haxorus, F|
|poke|p2|Dragonite, F|
|poke|p2|Excadrill, F|
|poke|p2|Terrakion|
|teampreview
|j| Cosmoquacks
|inactive|Battle timer is ON: inactive players will automatically lose when time's up. (requested by IntegratorSK)
|
|t:|1665844516
|start
|switch|p1a: Groudon|Groudon|100/100
|switch|p2a: Haxorus|Haxorus, F|100/100
|-ability|p2a: Haxorus|Mold Breaker
|-weather|SunnyDay|[from] ability: Drought|[of] p1a: Groudon
|turn|1
|
|t:|1665844524
|move|p2a: Haxorus|Dragon Dance|p2a: Haxorus
|-boost|p2a: Haxorus|atk|1
|-boost|p2a: Haxorus|spe|1
|move|p1a: Groudon|Rock Tomb|p2a: Haxorus
|-damage|p2a: Haxorus|69/100
|-unboost|p2a: Haxorus|spe|1
|
|-weather|SunnyDay|[upkeep]
|upkeep
|turn|2
|
|t:|1665844532
|-zpower|p2a: Haxorus
|move|p2a: Haxorus|Devastating Drake|p1a: Groudon|[zeffect]
|-damage|p1a: Groudon|0 fnt
|faint|p1a: Groudon
|
|-weather|SunnyDay|[upkeep]
|upkeep
|
|t:|1665844536
|switch|p1a: Zacian|Zacian-Crowned|100/100
|-ability|p1a: Zacian|Intrepid Sword|boost
|-boost|p1a: Zacian|atk|1
|turn|3
|
|t:|1665844545
|move|p1a: Zacian|Behemoth Blade|p2a: Haxorus
|-damage|p2a: Haxorus|0 fnt
|faint|p2a: Haxorus
|
|-weather|SunnyDay|[upkeep]
|upkeep
|
|t:|1665844548
|switch|p2a: Excadrill|Excadrill, F|100/100
|-ability|p2a: Excadrill|Mold Breaker
|turn|4
|
|t:|1665844554
|switch|p1a: Yveltal|Yveltal|100/100
|-ability|p1a: Yveltal|Dark Aura
|move|p2a: Excadrill|Earthquake|p1a: Yveltal
|-immune|p1a: Yveltal
|
|-weather|SunnyDay|[upkeep]
|upkeep
|turn|5
|
|t:|1665844562
|switch|p2a: Terrakion|Terrakion|100/100
|-start|p1a: Yveltal|Dynamax|
|-heal|p1a: Yveltal|100/100|[silent]
|move|p1a: Yveltal|Max Airstream|p2a: Terrakion
|-damage|p2a: Terrakion|18/100
|-boost|p1a: Yveltal|spe|1
|
|-weather|none
|upkeep
|turn|6
|
|t:|1665844571
|move|p2a: Terrakion|Quick Attack|p1a: Yveltal
|-damage|p1a: Yveltal|91/100
|-damage|p2a: Terrakion|9/100|[from] item: Life Orb
|move|p1a: Yveltal|Max Airstream|p2a: Terrakion
|-damage|p2a: Terrakion|0 fnt
|-boost|p1a: Yveltal|spe|1
|faint|p2a: Terrakion
|
|upkeep
|
|t:|1665844576
|switch|p2a: Lapras|Lapras, F|100/100
|turn|7
|
|t:|1665844580
|-start|p2a: Lapras|Dynamax|Gmax
|-heal|p2a: Lapras|100/100|[silent]
|move|p1a: Yveltal|Max Darkness|p2a: Lapras
|-damage|p2a: Lapras|63/100
|-unboost|p2a: Lapras|spd|1
|move|p2a: Lapras|G-Max Resonance|p1a: Yveltal
|-supereffective|p1a: Yveltal
|-damage|p1a: Yveltal|62/100
|-sidestart|p2: IntegratorSK|move: Aurora Veil
|
|upkeep
|-end|p1a: Yveltal|Dynamax
|-heal|p1a: Yveltal|63/100|[silent]
|turn|8
|
|t:|1665844585
|move|p1a: Yveltal|Oblivion Wing|p2a: Lapras
|-damage|p2a: Lapras|52/100
|-heal|p1a: Yveltal|83/100|[from] drain|[of] p2a: Lapras
|move|p2a: Lapras|G-Max Resonance|p1a: Yveltal
|-supereffective|p1a: Yveltal
|-damage|p1a: Yveltal|28/100
|
|upkeep
|turn|9
|
|t:|1665844589
|move|p1a: Yveltal|Oblivion Wing|p2a: Lapras
|-damage|p2a: Lapras|40/100
|-heal|p1a: Yveltal|49/100|[from] drain|[of] p2a: Lapras
|move|p2a: Lapras|G-Max Resonance|p1a: Yveltal
|-supereffective|p1a: Yveltal
|-damage|p1a: Yveltal|0 fnt
|faint|p1a: Yveltal
|
|upkeep
|
|t:|1665844596
|switch|p1a: Zekrom|Zekrom|100/100
|-ability|p1a: Zekrom|Teravolt
|-end|p2a: Lapras|Dynamax
|-heal|p2a: Lapras|40/100|[silent]
|turn|10
|
|t:|1665844599
|move|p1a: Zekrom|Dragon Dance|p1a: Zekrom
|-boost|p1a: Zekrom|atk|1
|-boost|p1a: Zekrom|spe|1
|move|p2a: Lapras|Toxic|p1a: Zekrom
|-status|p1a: Zekrom|tox
|
|-damage|p1a: Zekrom|94/100 tox|[from] psn
|upkeep
|turn|11
|
|t:|1665844603
|move|p1a: Zekrom|Dragon Claw|p2a: Lapras
|-damage|p2a: Lapras|3/100
|-damage|p1a: Zekrom|84/100 tox|[from] item: Life Orb
|move|p2a: Lapras|Freeze-Dry|p1a: Zekrom
|-supereffective|p1a: Zekrom
|-damage|p1a: Zekrom|29/100 tox
|
|-damage|p1a: Zekrom|17/100 tox|[from] psn
|upkeep
|turn|12
|
|t:|1665844610
|move|p1a: Zekrom|Dragon Claw|p2a: Lapras
|-damage|p2a: Lapras|0 fnt
|faint|p2a: Lapras
|-damage|p1a: Zekrom|7/100 tox|[from] item: Life Orb
|
|-damage|p1a: Zekrom|0 fnt|[from] psn
|faint|p1a: Zekrom
|upkeep
|
|t:|1665844622
|switch|p1a: Lugia|Lugia|100/100
|switch|p2a: Excadrill|Excadrill, F|100/100
|-ability|p2a: Excadrill|Mold Breaker
|turn|13
|
|t:|1665844626
|move|p2a: Excadrill|Iron Head|p1a: Lugia
|-damage|p1a: Lugia|81/100
|-damage|p2a: Excadrill|84/100|[from] item: Rocky Helmet|[of] p1a: Lugia
|move|p1a: Lugia|Calm Mind|p1a: Lugia
|-boost|p1a: Lugia|spa|1
|-boost|p1a: Lugia|spd|1
|
|upkeep
|turn|14
|
|t:|1665844630
|move|p2a: Excadrill|Stealth Rock|p1a: Lugia
|-sidestart|p1: Hhhhhhhhhhhhx|move: Stealth Rock
|move|p1a: Lugia|Calm Mind|p1a: Lugia
|-boost|p1a: Lugia|spa|1
|-boost|p1a: Lugia|spd|1
|
|-sideend|p2: IntegratorSK|move: Aurora Veil
|upkeep
|turn|15
|
|t:|1665844634
|move|p2a: Excadrill|Rapid Spin|p1a: Lugia
|-damage|p1a: Lugia|71/100
|-boost|p2a: Excadrill|spe|1
|-damage|p2a: Excadrill|67/100|[from] item: Rocky Helmet|[of] p1a: Lugia
|move|p1a: Lugia|Recover|p1a: Lugia
|-heal|p1a: Lugia|100/100
|
|upkeep
|turn|16
|
|t:|1665844637
|move|p2a: Excadrill|Iron Head|p1a: Lugia
|-damage|p1a: Lugia|81/100
|-damage|p2a: Excadrill|51/100|[from] item: Rocky Helmet|[of] p1a: Lugia
|move|p1a: Lugia|Calm Mind|p1a: Lugia
|-boost|p1a: Lugia|spa|1
|-boost|p1a: Lugia|spd|1
|
|upkeep
|turn|17
|
|t:|1665844643
|move|p2a: Excadrill|Iron Head|p1a: Lugia
|-damage|p1a: Lugia|59/100
|-damage|p2a: Excadrill|34/100|[from] item: Rocky Helmet|[of] p1a: Lugia
|cant|p1a: Lugia|flinch
|
|upkeep
|turn|18
|
|t:|1665844648
|move|p2a: Excadrill|Iron Head|p1a: Lugia
|-damage|p1a: Lugia|38/100
|-damage|p2a: Excadrill|17/100|[from] item: Rocky Helmet|[of] p1a: Lugia
|cant|p1a: Lugia|flinch
|
|upkeep
|turn|19
|
|t:|1665844652
|move|p2a: Excadrill|Iron Head|p1a: Lugia
|-damage|p1a: Lugia|15/100
|-damage|p2a: Excadrill|1/100|[from] item: Rocky Helmet|[of] p1a: Lugia
|cant|p1a: Lugia|flinch
|
|upkeep
|turn|20
|
|t:|1665844662
|move|p2a: Excadrill|Iron Head|p1a: Lugia
|-damage|p1a: Lugia|0 fnt
|-damage|p2a: Excadrill|0 fnt|[from] item: Rocky Helmet|[of] p1a: Lugia
|faint|p1a: Lugia
|faint|p2a: Excadrill
|
|upkeep
|
|t:|1665844668
|switch|p2a: Dragonite|Dragonite, F|100/100
|switch|p1a: Zacian|Zacian-Crowned|100/100
|-damage|p1a: Zacian|94/100|[from] Stealth Rock
|-ability|p1a: Zacian|Intrepid Sword|boost
|-boost|p1a: Zacian|atk|1
|turn|21
|
|t:|1665844673
|move|p1a: Zacian|Play Rough|p2a: Dragonite
|-supereffective|p2a: Dragonite
|-damage|p2a: Dragonite|18/100
|move|p2a: Dragonite|Earthquake|p1a: Zacian
|-supereffective|p1a: Zacian
|-damage|p1a: Zacian|0 fnt
|faint|p1a: Zacian
|
|upkeep
|
|t:|1665844678
|switch|p1a: Aceburn|Cinderace, M|100/100
|-damage|p1a: Aceburn|76/100|[from] Stealth Rock
|turn|22
|
|t:|1665844683
|move|p1a: Aceburn|Pyro Ball|p2a: Dragonite|[miss]
|-miss|p1a: Aceburn|p2a: Dragonite
|move|p2a: Dragonite|Earthquake|p1a: Aceburn
|-supereffective|p1a: Aceburn
|-damage|p1a: Aceburn|0 fnt
|faint|p1a: Aceburn
|
|win|IntegratorSK
|raw|Hhhhhhhhhhhhx's rating: 1520 &rarr; <strong>1495</strong><br />(-25 for losing)
|raw|IntegratorSK's rating: 1430 &rarr; <strong>1455</strong><br />(+25 for winning)
|l|☆Hhhhhhhhhhhhx
