|j|☆wafflecone67
|j|☆Direhands
|t:|1648650533
|gametype|singles
|player|p1|wafflecone67|170|1736
|player|p2|Direhands|giovanni|1621
|teamsize|p1|6
|teamsize|p2|6
|gen|8
|tier|[Gen 8] National Dex AG
|rated|
|rule|HP Percentage Mod: HP is shown in percentages
|rule|Endless Battle Clause: Forcing endless battles is banned
|clearpoke
|poke|p1|Scolipede, F|
|poke|p1|Smeargle, M|
|poke|p1|Magearna|
|poke|p1|Espeon, M|
|poke|p1|Smeargle, F|
|poke|p1|Mr. Mime, F|
|poke|p2|Hatterene, F|
|poke|p2|Hatterene, F|
|poke|p2|Calyrex-Ice|
|poke|p2|Melmetal|
|poke|p2|Yveltal|
|poke|p2|Gigalith, F|
|teampreview
|inactive|Battle timer is ON: inactive players will automatically lose when time's up. (requested by wafflecone67)
|inactive|Direhands has 120 seconds left.
|inactive|Direhands has 90 seconds left.
|
|t:|1648650606
|start
|switch|p1a: Scolipede|Scolipede, F|100/100
|switch|p2a: Gigalith|Gigalith, F|100/100
|turn|1
|
|t:|1648650615
|move|p1a: Scolipede|Iron Defense|p1a: Scolipede
|-boost|p1a: Scolipede|def|2
|move|p2a: Gigalith|Stealth Rock|p1a: Scolipede
|-sidestart|p1: wafflecone67|move: Stealth Rock
|
|-ability|p1a: Scolipede|Speed Boost|boost
|-boost|p1a: Scolipede|spe|1
|upkeep
|turn|2
|
|t:|1648650621
|switch|p2a: Yveltal|Yveltal|100/100
|-ability|p2a: Yveltal|Dark Aura
|move|p1a: Scolipede|Iron Defense|p1a: Scolipede
|-boost|p1a: Scolipede|def|2
|
|-ability|p1a: Scolipede|Speed Boost|boost
|-boost|p1a: Scolipede|spe|1
|upkeep
|turn|3
|
|t:|1648650623
|move|p1a: Scolipede|Substitute|p1a: Scolipede
|-start|p1a: Scolipede|Substitute
|-damage|p1a: Scolipede|76/100
|move|p2a: Yveltal|Oblivion Wing|p1a: Scolipede
|-supereffective|p1a: Scolipede
|-end|p1a: Scolipede|Substitute
|-damage|p2a: Yveltal|91/100|[from] item: Life Orb
|
|-ability|p1a: Scolipede|Speed Boost|boost
|-boost|p1a: Scolipede|spe|1
|upkeep
|turn|4
|
|t:|1648650627
|move|p1a: Scolipede|Protect|p1a: Scolipede
|-singleturn|p1a: Scolipede|Protect
|move|p2a: Yveltal|Oblivion Wing|p1a: Scolipede
|-activate|p1a: Scolipede|move: Protect
|
|-ability|p1a: Scolipede|Speed Boost|boost
|-boost|p1a: Scolipede|spe|1
|upkeep
|turn|5
|
|t:|1648650630
|move|p1a: Scolipede|Substitute|p1a: Scolipede
|-start|p1a: Scolipede|Substitute
|-damage|p1a: Scolipede|51/100
|move|p2a: Yveltal|Oblivion Wing|p1a: Scolipede
|-supereffective|p1a: Scolipede
|-end|p1a: Scolipede|Substitute
|-heal|p2a: Yveltal|100/100|[from] drain|[of] p1a: Scolipede
|-damage|p2a: Yveltal|91/100|[from] item: Life Orb
|
|-ability|p1a: Scolipede|Speed Boost|boost
|-boost|p1a: Scolipede|spe|1
|upkeep
|turn|6
|
|t:|1648650633
|-start|p2a: Yveltal|Dynamax|
|-heal|p2a: Yveltal|91/100|[silent]
|move|p1a: Scolipede|Baton Pass|p1a: Scolipede
|
|t:|1648650637
|switch|p1a: labrys|Magearna|100/100|[from]move: Baton Pass
|-damage|p1a: labrys|94/100|[from] Stealth Rock
|move|p2a: Yveltal|Max Airstream|p1a: labrys
|-resisted|p1a: labrys
|-damage|p1a: labrys|49/100
|-boost|p2a: Yveltal|spe|1
|-damage|p2a: Yveltal|86/100|[from] item: Life Orb
|
|upkeep
|turn|7
|
|t:|1648650644
|move|p1a: labrys|Baton Pass|p1a: labrys
|
|t:|1648650645
|switch|p1a: Mr. Mime|Mr. Mime, F|100/100|[from]move: Baton Pass
|-damage|p1a: Mr. Mime|88/100|[from] Stealth Rock
|move|p2a: Yveltal|Max Flare|p1a: Mr. Mime
|-damage|p1a: Mr. Mime|26/100
|-weather|SunnyDay
|-damage|p2a: Yveltal|81/100|[from] item: Life Orb
|
|-weather|SunnyDay|[upkeep]
|upkeep
|turn|8
|
|t:|1648650652
|move|p1a: Mr. Mime|Light Screen|p1a: Mr. Mime
|-sidestart|p1: wafflecone67|move: Light Screen
|move|p2a: Yveltal|Max Airstream|p1a: Mr. Mime
|-damage|p1a: Mr. Mime|0 fnt
|-boost|p2a: Yveltal|spe|1
|faint|p1a: Mr. Mime
|-damage|p2a: Yveltal|76/100|[from] item: Life Orb
|
|-weather|SunnyDay|[upkeep]
|-end|p2a: Yveltal|Dynamax
|-heal|p2a: Yveltal|76/100|[silent]
|upkeep
|
|t:|1648650661
|switch|p1a: Smeargle|Smeargle, F|100/100
|-damage|p1a: Smeargle|88/100|[from] Stealth Rock
|turn|9
|
|t:|1648650689
|move|p1a: Smeargle|Spiky Shield|p1a: Smeargle
|-singleturn|p1a: Smeargle|move: Protect
|move|p2a: Yveltal|Oblivion Wing|p1a: Smeargle
|-activate|p1a: Smeargle|move: Protect
|
|-weather|SunnyDay|[upkeep]
|-ability|p1a: Smeargle|Moody|boost
|-boost|p1a: Smeargle|spa|2
|-unboost|p1a: Smeargle|def|1
|upkeep
|turn|10
|j| Rage quitterr
|
|t:|1648650696
|move|p2a: Yveltal|Dark Pulse|p1a: Smeargle
|-damage|p1a: Smeargle|15/100
|-damage|p2a: Yveltal|66/100|[from] item: Life Orb
|move|p1a: Smeargle|Spore|p2a: Yveltal
|-status|p2a: Yveltal|slp|[from] move: Spore
|
|-weather|SunnyDay|[upkeep]
|-ability|p1a: Smeargle|Moody|boost
|-boost|p1a: Smeargle|def|2
|-unboost|p1a: Smeargle|spe|1
|upkeep
|turn|11
|
|t:|1648650706
|switch|p2a: Hatterene|Hatterene, F|100/100
|move|p1a: Smeargle|Baton Pass|p1a: Smeargle
|l| Rage quitterr
|
|t:|1648650712
|switch|p1a: Smeargle|Smeargle, M|100/100|[from]move: Baton Pass
|-damage|p1a: Smeargle|88/100|[from] Stealth Rock
|
|-weather|none
|-ability|p1a: Smeargle|Moody|boost
|-boost|p1a: Smeargle|spd|2
|-unboost|p1a: Smeargle|spe|1
|upkeep
|turn|12
|
|t:|1648650730
|move|p1a: Smeargle|Ingrain|p1a: Smeargle
|-start|p1a: Smeargle|move: Ingrain
|move|p2a: Hatterene|Misty Explosion|p1a: Smeargle
|-damage|p1a: Smeargle|48/100
|faint|p2a: Hatterene
|
|-heal|p1a: Smeargle|54/100|[from] Ingrain
|-ability|p1a: Smeargle|Moody|boost
|-boost|p1a: Smeargle|def|2
|-unboost|p1a: Smeargle|spe|1
|upkeep
|
|t:|1648650741
|switch|p2a: Gigalith|Gigalith, F|100/100
|turn|13
|
|t:|1648650745
|switch|p2a: Hatterene|Hatterene, F|100/100
|move|p1a: Smeargle|Spore|p2a: Hatterene
|move|p2a: Hatterene|Spore|p1a: Smeargle|[from]ability: Magic Bounce
|-status|p1a: Smeargle|slp|[from] move: Spore
|
|-heal|p1a: Smeargle|61/100 slp|[from] Ingrain
|-ability|p1a: Smeargle|Moody|boost
|-boost|p1a: Smeargle|def|2
|-unboost|p1a: Smeargle|spa|1
|upkeep
|turn|14
|
|t:|1648650748
|cant|p1a: Smeargle|slp
|move|p2a: Hatterene|Trick Room|p2a: Hatterene
|-fieldstart|move: Trick Room|[of] p2a: Hatterene
|
|-heal|p1a: Smeargle|67/100 slp|[from] Ingrain
|-ability|p1a: Smeargle|Moody|boost
|-boost|p1a: Smeargle|atk|2
|-unboost|p1a: Smeargle|spe|1
|upkeep
|turn|15
|
|t:|1648650752
|move|p2a: Hatterene|Healing Wish|p2a: Hatterene
|faint|p2a: Hatterene
|-curestatus|p1a: Smeargle|slp|[msg]
|move|p1a: Smeargle|Spore|p2: Hatterene|[notarget]
|-fail|p1a: Smeargle
|
|-heal|p1a: Smeargle|73/100|[from] Ingrain
|-sideend|p1: wafflecone67|move: Light Screen
|-ability|p1a: Smeargle|Moody|boost
|-boost|p1a: Smeargle|spa|2
|-unboost|p1a: Smeargle|spd|1
|upkeep
|
|t:|1648650762
|switch|p2a: Calyrex|Calyrex-Ice|100/100
|-ability|p2a: Calyrex|As One
|-ability|p2a: Calyrex|Unnerve
|turn|16
|
|t:|1648650765
|move|p1a: Smeargle|Spore|p2a: Calyrex
|-status|p2a: Calyrex|slp|[from] move: Spore
|cant|p2a: Calyrex|slp
|
|-heal|p1a: Smeargle|79/100|[from] Ingrain
|-ability|p1a: Smeargle|Moody|boost
|-boost|p1a: Smeargle|spa|2
|-unboost|p1a: Smeargle|def|1
|upkeep
|turn|17
|
|t:|1648650769
|move|p1a: Smeargle|Baton Pass|p1a: Smeargle
|
|t:|1648650770
|switch|p1a: labrys|Magearna|49/100|[from]move: Baton Pass
|-damage|p1a: labrys|43/100|[from] Stealth Rock
|cant|p2a: Calyrex|slp
|
|-heal|p1a: labrys|49/100|[from] Ingrain
|upkeep
|turn|18
|
|t:|1648650776
|move|p1a: labrys|Substitute|p1a: labrys
|-start|p1a: labrys|Substitute
|-damage|p1a: labrys|24/100
|-curestatus|p2a: Calyrex|slp|[msg]
|move|p2a: Calyrex|High Horsepower|p1a: labrys
|-supereffective|p1a: labrys
|-crit|p1a: labrys
|-end|p1a: labrys|Substitute
|
|-heal|p1a: labrys|30/100|[from] Ingrain
|-fieldend|move: Trick Room
|upkeep
|turn|19
|
|t:|1648650782
|move|p2a: Calyrex|High Horsepower|p1a: labrys
|-supereffective|p1a: labrys
|-damage|p1a: labrys|5/100
|move|p1a: labrys|Draining Kiss|p2a: Calyrex
|-damage|p2a: Calyrex|58/100
|-heal|p1a: labrys|43/100|[from] drain|[of] p2a: Calyrex
|
|-heal|p1a: labrys|49/100|[from] Ingrain
|upkeep
|turn|20
|
|t:|1648650788
|move|p2a: Calyrex|High Horsepower|p1a: labrys
|-supereffective|p1a: labrys
|-damage|p1a: labrys|23/100
|move|p1a: labrys|Draining Kiss|p2a: Calyrex
|-damage|p2a: Calyrex|15/100
|-heal|p1a: labrys|61/100|[from] drain|[of] p2a: Calyrex
|
|-heal|p1a: labrys|67/100|[from] Ingrain
|upkeep
|turn|21
|
|t:|1648650791
|move|p2a: Calyrex|High Horsepower|p1a: labrys
|-supereffective|p1a: labrys
|-damage|p1a: labrys|40/100
|move|p1a: labrys|Draining Kiss|p2a: Calyrex
|-damage|p2a: Calyrex|0 fnt
|-heal|p1a: labrys|53/100|[from] drain|[of] p2a: Calyrex
|faint|p2a: Calyrex
|-ability|p1a: labrys|Soul-Heart|boost
|-boost|p1a: labrys|spa|1
|
|-heal|p1a: labrys|60/100|[from] Ingrain
|upkeep
|
|t:|1648650793
|switch|p2a: Yveltal|Yveltal|66/100 slp
|-heal|p2a: Yveltal|100/100|[from] move: Healing Wish
|-ability|p2a: Yveltal|Dark Aura
|turn|22
|
|t:|1648650797
|move|p2a: Yveltal|Heat Wave|p1a: labrys
|-supereffective|p1a: labrys
|-damage|p1a: labrys|3/100
|-damage|p2a: Yveltal|91/100|[from] item: Life Orb
|move|p1a: labrys|Draining Kiss|p2a: Yveltal
|-supereffective|p2a: Yveltal
|-damage|p2a: Yveltal|0 fnt
|-heal|p1a: labrys|81/100|[from] drain|[of] p2a: Yveltal
|faint|p2a: Yveltal
|
|-heal|p1a: labrys|88/100|[from] Ingrain
|upkeep
|
|t:|1648650804
|switch|p2a: Melmetal|Melmetal|100/100
|turn|23
|
|t:|1648650806
|move|p1a: labrys|Stored Power|p2a: Melmetal
|-resisted|p2a: Melmetal
|-damage|p2a: Melmetal|0 fnt
|faint|p2a: Melmetal
|
|-heal|p1a: labrys|94/100|[from] Ingrain
|upkeep
|
|t:|1648650809
|switch|p2a: Gigalith|Gigalith, F|100/100
|turn|24
|
|t:|1648650819
|move|p2a: Gigalith|Earthquake|p1a: labrys
|-supereffective|p1a: labrys
|-damage|p1a: labrys|68/100
|move|p1a: labrys|Draining Kiss|p2a: Gigalith
|-ability|p2a: Gigalith|Sturdy
|-damage|p2a: Gigalith|1/100
|-heal|p1a: labrys|100/100|[from] drain|[of] p2a: Gigalith
|
|upkeep
|turn|25
|-enditem|p2a: Gigalith|Custap Berry|[eat]
|-activate|p2a: Gigalith|item: Custap Berry|[consumed]
|
|t:|1648650824
|move|p2a: Gigalith|Earthquake|p1a: labrys
|-supereffective|p1a: labrys
|-damage|p1a: labrys|76/100
|move|p1a: labrys|Stored Power|p2a: Gigalith
|-damage|p2a: Gigalith|0 fnt
|faint|p2a: Gigalith
|
|win|wafflecone67
|raw|wafflecone67's rating: 1736 &rarr; <strong>1750</strong><br />(+14 for winning)
|raw|Direhands's rating: 1621 &rarr; <strong>1607</strong><br />(-14 for losing)
|c|☆wafflecone67|gg
|l|☆Direhands
