|j|☆Mori Jin Kato
|j|☆Nightranger770
|t:|1652369873
|gametype|singles
|player|p1|Mori Jin Kato|red|1417
|player|p2|Nightranger770|n|1503
|teamsize|p1|6
|teamsize|p2|6
|gen|8
|tier|[Gen 8] National Dex AG
|rated|
|rule|HP Percentage Mod: HP is shown in percentages
|rule|Endless Battle Clause: Forcing endless battles is banned
|clearpoke
|poke|p1|Cinderace, M|
|poke|p1|Zacian-*|
|poke|p1|Calyrex-Shadow|
|poke|p1|Dragonite, M|
|poke|p1|Regieleki|
|poke|p1|Mewtwo|
|poke|p2|Calyrex-Shadow|
|poke|p2|Landorus-Therian, M|
|poke|p2|Regieleki|
|poke|p2|Zacian-*|
|poke|p2|Marshadow|
|poke|p2|Rillaboom, M|
|teampreview
|inactive|Battle timer is ON: inactive players will automatically lose when time's up. (requested by Mori Jin Kato)
|
|t:|1652369885
|start
|switch|p1a: Cinderace|Cinderace, M|100/100
|switch|p2a: The Pusheen|Landorus-Therian, M|100/100
|-ability|p2a: The Pusheen|Intimidate|boost
|-unboost|p1a: Cinderace|atk|1
|turn|1
|
|t:|1652369894
|-start|p1a: Cinderace|Dynamax|
|-heal|p1a: Cinderace|100/100|[silent]
|move|p2a: The Pusheen|Stealth Rock|p1a: Cinderace
|-sidestart|p1: Mori Jin Kato|move: Stealth Rock
|move|p1a: Cinderace|Max Airstream|p2a: The Pusheen
|-start|p1a: Cinderace|typechange|Flying|[from] ability: Libero
|-damage|p2a: The Pusheen|58/100
|-boost|p1a: Cinderace|spe|1
|
|upkeep
|turn|2
|
|t:|1652369912
|move|p1a: Cinderace|Max Airstream|p2a: The Pusheen
|-damage|p2a: The Pusheen|15/100
|-boost|p1a: Cinderace|spe|1
|move|p2a: The Pusheen|Explosion|p1a: Cinderace
|-enditem|p2a: The Pusheen|Normal Gem|[from] gem
|-damage|p1a: Cinderace|32/100
|faint|p2a: The Pusheen
|
|upkeep
|
|t:|1652369927
|switch|p2a: Let Loose|Marshadow|100/100
|turn|3
|
|t:|1652369934
|move|p1a: Cinderace|Max Darkness|p2a: Let Loose
|-start|p1a: Cinderace|typechange|Dark|[from] ability: Libero
|-damage|p2a: Let Loose|50/100
|-unboost|p2a: Let Loose|spd|1
|move|p2a: Let Loose|Spectral Thief||[still]
|-clearpositiveboost|p1a: Cinderace|p2a: Let Loose|move: Spectral Thief
|-boost|p2a: Let Loose|spe|2
|-anim|p2a: Let Loose|Spectral Thief|p1a: Cinderace
|-resisted|p1a: Cinderace
|-damage|p1a: Cinderace|19/100
|
|upkeep
|-end|p1a: Cinderace|Dynamax
|-heal|p1a: Cinderace|19/100|[silent]
|turn|4
|
|t:|1652369954
|move|p2a: Let Loose|Shadow Sneak|p1a: Cinderace
|-resisted|p1a: Cinderace
|-damage|p1a: Cinderace|3/100
|move|p1a: Cinderace|Sucker Punch||[still]
|-fail|p1a: Cinderace
|
|upkeep
|turn|5
|
|t:|1652369959
|move|p2a: Let Loose|Shadow Sneak|p1a: Cinderace
|-resisted|p1a: Cinderace
|-damage|p1a: Cinderace|0 fnt
|faint|p1a: Cinderace
|
|upkeep
|inactive|Mori Jin Kato has 120 seconds left.
|
|t:|1652369988
|switch|p1a: Zacian|Zacian-Crowned|100/100
|-damage|p1a: Zacian|94/100|[from] Stealth Rock
|-ability|p1a: Zacian|Intrepid Sword|boost
|-boost|p1a: Zacian|atk|1
|turn|6
|
|t:|1652369995
|move|p2a: Let Loose|Spectral Thief||[still]
|-clearpositiveboost|p1a: Zacian|p2a: Let Loose|move: Spectral Thief
|-boost|p2a: Let Loose|atk|1
|-anim|p2a: Let Loose|Spectral Thief|p1a: Zacian
|-damage|p1a: Zacian|29/100
|move|p1a: Zacian|Behemoth Blade|p2a: Let Loose
|-damage|p2a: Let Loose|0 fnt
|faint|p2a: Let Loose
|
|upkeep
|inactive|Nightranger770 has 120 seconds left.
|
|t:|1652370054
|switch|p2a: Rillaboom|Rillaboom, M|100/100
|-fieldstart|move: Grassy Terrain|[from] ability: Grassy Surge|[of] p2a: Rillaboom
|turn|7
|
|t:|1652370059
|move|p2a: Rillaboom|Fake Out|p1a: Zacian
|-resisted|p1a: Zacian
|-damage|p1a: Zacian|22/100
|cant|p1a: Zacian|flinch
|
|-heal|p1a: Zacian|28/100|[from] Grassy Terrain
|upkeep
|turn|8
|
|t:|1652370070
|-start|p2a: Rillaboom|Dynamax|Gmax
|-heal|p2a: Rillaboom|100/100|[silent]
|move|p1a: Zacian|Behemoth Blade|p2a: Rillaboom
|-damage|p2a: Rillaboom|46/100
|move|p2a: Rillaboom|Max Quake|p1a: Zacian
|-supereffective|p1a: Zacian
|-damage|p1a: Zacian|0 fnt
|-boost|p2a: Rillaboom|spd|1
|faint|p1a: Zacian
|
|-heal|p2a: Rillaboom|49/100|[from] Grassy Terrain
|upkeep
|inactive|Mori Jin Kato has 120 seconds left.
|
|t:|1652370101
|switch|p1a: Calyrex|Calyrex-Shadow|100/100
|-ability|p1a: Calyrex|As One
|-ability|p1a: Calyrex|Unnerve
|-damage|p1a: Calyrex|88/100|[from] Stealth Rock
|turn|9
|inactive|Mori Jin Kato has 120 seconds left.
|
|t:|1652370110
|move|p1a: Calyrex|Astral Barrage|p2a: Rillaboom
|-damage|p2a: Rillaboom|22/100
|move|p2a: Rillaboom|Max Darkness|p1a: Calyrex
|-supereffective|p1a: Calyrex
|-damage|p1a: Calyrex|0 fnt
|faint|p1a: Calyrex
|
|-heal|p2a: Rillaboom|25/100|[from] Grassy Terrain
|upkeep
|inactive|Mori Jin Kato has 120 seconds left.
|
|t:|1652370120
|switch|p1a: Mewtwo|Mewtwo|100/100
|-ability|p1a: Mewtwo|Unnerve
|-damage|p1a: Mewtwo|88/100|[from] Stealth Rock
|turn|10
|c|☆Nightranger770|Big monkee
|inactive|Nightranger770 has 120 seconds left.
|c|☆Mori Jin Kato|lmao
|
|t:|1652370139
|-end|p2a: Rillaboom|Dynamax
|-heal|p2a: Rillaboom|25/100|[silent]
|switch|p2a: Yellow Flash|Regieleki|100/100
|detailschange|p1a: Mewtwo|Mewtwo-Mega-Y
|-mega|p1a: Mewtwo|Mewtwo|Mewtwonite Y
|move|p1a: Mewtwo|Flamethrower|p2a: Yellow Flash
|-damage|p2a: Yellow Flash|3/100
|
|-heal|p2a: Yellow Flash|9/100|[from] Grassy Terrain
|-heal|p2a: Yellow Flash|15/100|[from] item: Leftovers
|-heal|p1a: Mewtwo|94/100|[from] Grassy Terrain
|upkeep
|turn|11
|inactive|Nightranger770 has 120 seconds left.
|
|t:|1652370152
|move|p2a: Yellow Flash|Thunder Wave|p1a: Mewtwo
|-status|p1a: Mewtwo|par
|cant|p1a: Mewtwo|par
|
|-heal|p2a: Yellow Flash|21/100|[from] Grassy Terrain
|-heal|p2a: Yellow Flash|27/100|[from] item: Leftovers
|-heal|p1a: Mewtwo|100/100 par|[from] Grassy Terrain
|-fieldend|move: Grassy Terrain
|upkeep
|turn|12
|inactive|Nightranger770 has 120 seconds left.
|
|t:|1652370170
|move|p2a: Yellow Flash|Volt Switch|p1a: Mewtwo
|-damage|p1a: Mewtwo|64/100 par
|
|t:|1652370172
|switch|p2a: Rillaboom|Rillaboom, M|25/100|[from]move: Volt Switch
|-fieldstart|move: Grassy Terrain|[from] ability: Grassy Surge|[of] p2a: Rillaboom
|move|p1a: Mewtwo|Psychic|p2a: Rillaboom
|-damage|p2a: Rillaboom|0 fnt
|faint|p2a: Rillaboom
|
|-heal|p1a: Mewtwo|70/100 par|[from] Grassy Terrain
|upkeep
|
|t:|1652370188
|switch|p2a: The Potato|Calyrex-Shadow|100/100
|-ability|p2a: The Potato|As One
|-ability|p2a: The Potato|Unnerve
|turn|13
|
|t:|1652370201
|move|p2a: The Potato|Dark Pulse|p1a: Mewtwo
|-supereffective|p1a: Mewtwo
|-damage|p1a: Mewtwo|15/100 par
|cant|p1a: Mewtwo|par
|
|-heal|p1a: Mewtwo|21/100 par|[from] Grassy Terrain
|upkeep
|turn|14
|inactive|Nightranger770 has 120 seconds left.
|c|☆Nightranger770|Wow he thicc
|
|t:|1652370225
|move|p2a: The Potato|Dark Pulse|p1a: Mewtwo
|-supereffective|p1a: Mewtwo
|-damage|p1a: Mewtwo|0 fnt
|faint|p1a: Mewtwo
|-ability|p2a: The Potato|Grim Neigh|boost
|-boost|p2a: The Potato|spa|1
|
|upkeep
|
|t:|1652370237
|switch|p1a: Regieleki|Regieleki|100/100
|-damage|p1a: Regieleki|88/100|[from] Stealth Rock
|turn|15
|
|t:|1652370247
|move|p1a: Regieleki|Wild Charge|p2a: The Potato
|-enditem|p2a: The Potato|Focus Sash
|-damage|p2a: The Potato|1/100
|-damage|p1a: Regieleki|60/100|[from] Recoil
|move|p2a: The Potato|Astral Barrage|p1a: Regieleki
|-damage|p1a: Regieleki|0 fnt
|faint|p1a: Regieleki
|-ability|p2a: The Potato|Grim Neigh|boost
|-boost|p2a: The Potato|spa|1
|
|-heal|p2a: The Potato|7/100|[from] Grassy Terrain
|upkeep
|c|☆Mori Jin Kato|ahh gg lol
|
|t:|1652370261
|switch|p1a: Dragonite|Dragonite, M|100/100
|-damage|p1a: Dragonite|75/100|[from] Stealth Rock
|turn|16
|-message|Mori Jin Kato forfeited.
|
|win|Nightranger770
|raw|Mori Jin Kato's rating: 1417 &rarr; <strong>1402</strong><br />(-15 for losing)
|raw|Nightranger770's rating: 1503 &rarr; <strong>1518</strong><br />(+15 for winning)
|l|☆Mori Jin Kato
|c|☆Nightranger770|Gg
||Ladder isn't responding, score probably updated but might not have (Request timeout).
