|j|☆spicyntegral
|j|☆agdp
|t:|1617986972
|gametype|singles
|player|p1|spicyntegral|n|1581
|player|p2|agdp|102|1660
|teamsize|p1|6
|teamsize|p2|6
|gen|8
|tier|[Gen 8] National Dex AG
|rated|
|clearpoke
|poke|p1|Ho-Oh|
|poke|p1|Groudon|
|poke|p1|Rayquaza|
|poke|p1|Whimsicott, F|
|poke|p1|Zacian-Crowned|
|poke|p1|Arceus-*|
|poke|p2|Arceus-*|
|poke|p2|Giratina-Origin|
|poke|p2|Ditto|
|poke|p2|Groudon|
|poke|p2|Rayquaza|
|poke|p2|Yveltal|
|rule|HP Percentage Mod: HP is shown in percentages
|rule|Endless Battle Clause: Forcing endless battles is banned
|teampreview
|
|t:|1617987024
|start
|switch|p1a: Rayquaza|Rayquaza|100/100
|switch|p2a: Rayquaza|Rayquaza|100/100
|-ability|p1a: Rayquaza|Air Lock
|-ability|p2a: Rayquaza|Air Lock
|turn|1
|
|t:|1617987046
|detailschange|p2a: Rayquaza|Rayquaza-Mega
|-mega|p2a: Rayquaza|Rayquaza|
|-weather|DeltaStream|[from] ability: Delta Stream|[of] p2a: Rayquaza
|detailschange|p1a: Rayquaza|Rayquaza-Mega
|-mega|p1a: Rayquaza|Rayquaza|
|move|p2a: Rayquaza|Dragon Ascent|p1a: Rayquaza
|-damage|p1a: Rayquaza|26/100
|-unboost|p2a: Rayquaza|def|1
|-unboost|p2a: Rayquaza|spd|1
|move|p1a: Rayquaza|Dragon Dance|p1a: Rayquaza
|-boost|p1a: Rayquaza|atk|1
|-boost|p1a: Rayquaza|spe|1
|
|-weather|DeltaStream|[upkeep]
|upkeep
|turn|2
|inactive|Battle timer is ON: inactive players will automatically lose when time's up. (requested by agdp)
|
|t:|1617987077
|move|p1a: Rayquaza|Extreme Speed|p2a: Rayquaza
|-damage|p2a: Rayquaza|20/100
|move|p2a: Rayquaza|Dragon Ascent|p1a: Rayquaza
|-damage|p1a: Rayquaza|0 fnt
|-unboost|p2a: Rayquaza|def|1
|-unboost|p2a: Rayquaza|spd|1
|faint|p1a: Rayquaza
|
|-weather|DeltaStream|[upkeep]
|upkeep
|
|t:|1617987096
|switch|p1a: Whimsicott|Whimsicott, F|100/100
|turn|3
|
|t:|1617987106
|move|p2a: Rayquaza|Extreme Speed|p1a: Whimsicott
|-damage|p1a: Whimsicott|54/100
|-zpower|p1a: Whimsicott
|move|p1a: Whimsicott|Z-Memento|p2a: Rayquaza|[anim]Memento
|-unboost|p2a: Rayquaza|atk|2
|-unboost|p2a: Rayquaza|spa|2
|-activate|p1a: Whimsicott|healreplacement
|faint|p1a: Whimsicott
|
|-weather|DeltaStream|[upkeep]
|upkeep
|
|t:|1617987117
|switch|p1a: Arceus|Arceus-Flying|100/100
|-heal|p1a: Arceus|100/100|[from] move: Memento|[zeffect]
|turn|4
|
|t:|1617987124
|-weather|none
|switch|p2a: Yveltal|Yveltal|100/100
|-ability|p2a: Yveltal|Dark Aura
|move|p1a: Arceus|Calm Mind|p1a: Arceus
|-boost|p1a: Arceus|spa|1
|-boost|p1a: Arceus|spd|1
|
|upkeep
|turn|5
|
|t:|1617987135
|-start|p1a: Arceus|Dynamax
|-heal|p1a: Arceus|100/100|[silent]
|move|p1a: Arceus|Max Lightning|p2a: Yveltal
|-supereffective|p2a: Yveltal
|-damage|p2a: Yveltal|0 fnt
|-fieldstart|move: Electric Terrain
|faint|p2a: Yveltal
|
|upkeep
|
|t:|1617987148
|switch|p2a: Groudon|Groudon|100/100
|detailschange|p2a: Groudon|Groudon-Primal
|-primal|p2a: Groudon
|-weather|DesolateLand|[from] ability: Desolate Land|[of] p2a: Groudon
|turn|6
|
|t:|1617987162
|move|p1a: Arceus|Max Quake|p2a: Groudon
|-supereffective|p2a: Groudon
|-damage|p2a: Groudon|0 fnt
|-boost|p1a: Arceus|spd|1
|faint|p2a: Groudon
|-weather|none
|
|upkeep
|
|t:|1617987180
|switch|p2a: Arceus|Arceus|100/100
|turn|7
|
|t:|1617987185
|move|p1a: Arceus|Max Airstream|p2a: Arceus
|-damage|p2a: Arceus|20/100
|-boost|p1a: Arceus|spe|1
|move|p2a: Arceus|Swords Dance|p2a: Arceus
|-boost|p2a: Arceus|atk|2
|
|-end|p1a: Arceus|Dynamax
|-heal|p1a: Arceus|100/100|[silent]
|upkeep
|turn|8
|
|t:|1617987203
|move|p2a: Arceus|Extreme Speed|p1a: Arceus
|-damage|p1a: Arceus|22/100
|-damage|p2a: Arceus|10/100|[from] item: Life Orb
|move|p1a: Arceus|Judgment|p2a: Arceus
|-damage|p2a: Arceus|0 fnt
|faint|p2a: Arceus
|
|upkeep
|j| Roadside toilet
|
|t:|1617987213
|switch|p2a: Rayquaza|Rayquaza-Mega|20/100
|-weather|DeltaStream|[from] ability: Delta Stream|[of] p2a: Rayquaza
|turn|9
|c| Roadside toilet|Hmmmm
|
|t:|1617987224
|switch|p1a: Zacian|Zacian-Crowned|100/100
|-ability|p1a: Zacian|Intrepid Sword|boost
|-boost|p1a: Zacian|atk|1
|move|p2a: Rayquaza|Extreme Speed|p1a: Zacian
|-resisted|p1a: Zacian
|-damage|p1a: Zacian|85/100
|
|-weather|DeltaStream|[upkeep]
|-fieldend|move: Electric Terrain
|upkeep
|turn|10
|
|t:|1617987234
|move|p2a: Rayquaza|Extreme Speed|p1a: Zacian
|-resisted|p1a: Zacian
|-damage|p1a: Zacian|69/100
|move|p1a: Zacian|Substitute|p1a: Zacian
|-start|p1a: Zacian|Substitute
|-damage|p1a: Zacian|44/100
|
|-weather|DeltaStream|[upkeep]
|upkeep
|turn|11
|c|☆spicyntegral|sry
|
|t:|1617987242
|move|p2a: Rayquaza|Extreme Speed|p1a: Zacian
|-resisted|p1a: Zacian
|-activate|p1a: Zacian|move: Substitute|[damage]
|move|p1a: Zacian|Behemoth Blade|p2a: Rayquaza
|-damage|p2a: Rayquaza|0 fnt
|faint|p2a: Rayquaza
|-weather|none
|
|upkeep
|
|t:|1617987253
|switch|p2a: Giratina|Giratina-Origin, shiny|100/100
|turn|12
|
|t:|1617987264
|-start|p2a: Giratina|Dynamax
|-heal|p2a: Giratina|100/100|[silent]
|move|p1a: Zacian|Behemoth Blade|p2a: Giratina
|-damage|p2a: Giratina|20/100
|move|p2a: Giratina|Max Phantasm|p1a: Zacian
|-end|p1a: Zacian|Substitute
|-unboost|p1a: Zacian|def|1
|
|upkeep
|turn|13
|
|t:|1617987276
|move|p1a: Zacian|Substitute|p1a: Zacian
|-start|p1a: Zacian|Substitute
|-damage|p1a: Zacian|19/100
|move|p2a: Giratina|Max Phantasm|p1a: Zacian
|-end|p1a: Zacian|Substitute
|-unboost|p1a: Zacian|def|1
|
|upkeep
|turn|14
|
|t:|1617987291
|move|p1a: Zacian|Behemoth Blade|p2a: Giratina
|-damage|p2a: Giratina|0 fnt
|faint|p2a: Giratina
|
|upkeep
|
|t:|1617987296
|switch|p2a: Ditto|Ditto|100/100
|-transform|p2a: Ditto|p1a: Zacian|[from] ability: Imposter
|-ability|p2a: Ditto|Intrepid Sword|boost
|-boost|p2a: Ditto|atk|1
|turn|15
|
|t:|1617987308
|move|p2a: Ditto|Close Combat|p1a: Zacian
|-damage|p1a: Zacian|0 fnt
|-unboost|p2a: Ditto|def|1
|-unboost|p2a: Ditto|spd|1
|faint|p1a: Zacian
|
|upkeep
|
|t:|1617987314
|switch|p1a: Ho-Oh|Ho-Oh|100/100
|turn|16
|
|t:|1617987317
|move|p2a: Ditto|Close Combat|p1a: Ho-Oh
|-resisted|p1a: Ho-Oh
|-damage|p1a: Ho-Oh|64/100
|-unboost|p2a: Ditto|def|1
|-unboost|p2a: Ditto|spd|1
|move|p1a: Ho-Oh|Sacred Fire|p2a: Ditto
|-supereffective|p2a: Ditto
|-damage|p2a: Ditto|0 fnt
|faint|p2a: Ditto
|
|win|spicyntegral
|raw|spicyntegral's rating: 1581 &rarr; <strong>1605</strong><br />(+24 for winning)
|raw|agdp's rating: 1660 &rarr; <strong>1636</strong><br />(-24 for losing)
|l| Roadside toilet
|l|☆spicyntegral
