|j|☆starkorea74
|j|☆Ghost Birds
|player|p1|starkorea74|cynthia|1767
|player|p2|Ghost Birds|brycenman|1782
|teamsize|p1|6
|teamsize|p2|6
|gametype|singles
|gen|8
|tier|[Gen 8] National Dex AG
|rated|
|clearpoke
|poke|p1|Necrozma-Dusk-Mane|
|poke|p1|Ho-Oh|
|poke|p1|Ditto|
|poke|p1|Arceus-*|
|poke|p1|Rayquaza|
|poke|p1|Yveltal|
|poke|p2|Rayquaza|
|poke|p2|Necrozma-Dusk-Mane|
|poke|p2|Zygarde|
|poke|p2|Yveltal|
|poke|p2|Arceus-*|
|poke|p2|Chansey, F|
|rule|HP Percentage Mod: HP is shown in percentages
|rule|Endless Battle Clause: Forcing endless battles is banned
|teampreview
|
|start
|switch|p1a: Rayquaza|Rayquaza|100/100
|switch|p2a: Rayquaza|Rayquaza|100/100
|-ability|p1a: Rayquaza|Air Lock
|-ability|p2a: Rayquaza|Air Lock
|turn|1
|
|switch|p1a: Arceus|Arceus-Fairy|100/100
|detailschange|p2a: Rayquaza|Rayquaza-Mega
|-mega|p2a: Rayquaza|Rayquaza|
|-weather|DeltaStream|[from] ability: Delta Stream|[of] p2a: Rayquaza
|move|p2a: Rayquaza|V-create|p1a: Arceus
|-damage|p1a: Arceus|44/100
|-unboost|p2a: Rayquaza|spe|1
|-unboost|p2a: Rayquaza|def|1
|-unboost|p2a: Rayquaza|spd|1
|
|-weather|DeltaStream|[upkeep]
|upkeep
|turn|2
|
|move|p1a: Arceus|Recover|p1a: Arceus
|-heal|p1a: Arceus|94/100
|move|p2a: Rayquaza|V-create|p1a: Arceus
|-damage|p1a: Arceus|32/100
|-unboost|p2a: Rayquaza|spe|1
|-unboost|p2a: Rayquaza|def|1
|-unboost|p2a: Rayquaza|spd|1
|
|-weather|DeltaStream|[upkeep]
|upkeep
|turn|3
|
|move|p1a: Arceus|Recover|p1a: Arceus
|-heal|p1a: Arceus|82/100
|move|p2a: Rayquaza|Dragon Ascent|p1a: Arceus
|-damage|p1a: Arceus|24/100
|-unboost|p2a: Rayquaza|def|1
|-unboost|p2a: Rayquaza|spd|1
|
|-weather|DeltaStream|[upkeep]
|upkeep
|turn|4
|
|move|p1a: Arceus|Judgment|p2a: Rayquaza
|-supereffective|p2a: Rayquaza
|-enditem|p2a: Rayquaza|Focus Sash
|-damage|p2a: Rayquaza|1/100
|move|p2a: Rayquaza|Dragon Ascent|p1a: Arceus
|-damage|p1a: Arceus|0 fnt
|-unboost|p2a: Rayquaza|def|1
|-unboost|p2a: Rayquaza|spd|1
|faint|p1a: Arceus
|
|-weather|DeltaStream|[upkeep]
|upkeep
|
|switch|p1a: Rayquaza|Rayquaza|100/100
|-ability|p1a: Rayquaza|Air Lock
|turn|5
|
|-weather|none
|switch|p2a: Necrozma|Necrozma-Dusk-Mane|100/100
|detailschange|p1a: Rayquaza|Rayquaza-Mega
|-mega|p1a: Rayquaza|Rayquaza|
|-weather|DeltaStream|[from] ability: Delta Stream|[of] p1a: Rayquaza
|move|p1a: Rayquaza|Extreme Speed|p2a: Necrozma
|-resisted|p2a: Necrozma
|-damage|p2a: Necrozma|88/100
|-damage|p1a: Rayquaza|84/100|[from] item: Rocky Helmet|[of] p2a: Necrozma
|-damage|p1a: Rayquaza|74/100|[from] item: Life Orb
|
|-weather|DeltaStream|[upkeep]
|upkeep
|turn|6
|
|switch|p2a: Arceus|Arceus-Water|100/100
|move|p1a: Rayquaza|Draco Meteor|p2a: Arceus
|-damage|p2a: Arceus|36/100
|-unboost|p1a: Rayquaza|spa|2
|-damage|p1a: Rayquaza|64/100|[from] item: Life Orb
|
|-weather|DeltaStream|[upkeep]
|upkeep
|turn|7
|
|switch|p2a: Zygarde|Zygarde|100/100
|move|p1a: Rayquaza|Dragon Ascent|p2a: Zygarde
|-damage|p2a: Zygarde|44/100
|-unboost|p1a: Rayquaza|def|1
|-unboost|p1a: Rayquaza|spd|1
|-damage|p1a: Rayquaza|54/100|[from] item: Life Orb
|
|-weather|DeltaStream|[upkeep]
|-heal|p2a: Zygarde|50/100|[from] item: Leftovers
|-activate|p2a: Zygarde|ability: Power Construct
|detailschange|p2a: Zygarde|Zygarde-Complete
|-heal|p2a: Zygarde|67/100|[silent]
|upkeep
|turn|8
|
|-weather|none
|switch|p1a: Necrozma|Necrozma-Dusk-Mane|100/100
|move|p2a: Zygarde|Glare|p1a: Necrozma
|-status|p1a: Necrozma|par
|
|-heal|p2a: Zygarde|73/100|[from] item: Leftovers
|upkeep
|turn|9
|
|switch|p2a: Yveltal|Yveltal|100/100
|-ability|p2a: Yveltal|Dark Aura
|cant|p1a: Necrozma|par
|
|upkeep
|turn|10
|
|switch|p1a: Ho-Oh|Ho-Oh|100/100
|-start|p2a: Yveltal|Dynamax
|-heal|p2a: Yveltal|100/100|[silent]
|move|p2a: Yveltal|Max Darkness|p1a: Ho-Oh
|-damage|p1a: Ho-Oh|40/100
|-unboost|p1a: Ho-Oh|spd|1
|-damage|p2a: Yveltal|96/100|[from] item: Life Orb
|
|upkeep
|turn|11
|
|switch|p1a: Necrozma|Necrozma-Dusk-Mane|100/100 par
|move|p2a: Yveltal|Max Airstream|p1a: Necrozma
|-resisted|p1a: Necrozma
|-damage|p1a: Necrozma|63/100 par
|-boost|p2a: Yveltal|spe|1
|-damage|p2a: Yveltal|91/100|[from] item: Life Orb
|
|-heal|p1a: Necrozma|69/100 par|[from] item: Leftovers
|upkeep
|turn|12
|
|switch|p1a: Ho-Oh|Ho-Oh|74/100
|move|p2a: Yveltal|Max Darkness|p1a: Ho-Oh
|-crit|p1a: Ho-Oh
|-damage|p1a: Ho-Oh|0 fnt
|-damage|p2a: Yveltal|86/100|[from] item: Life Orb
|faint|p1a: Ho-Oh
|
|-end|p2a: Yveltal|Dynamax
|-heal|p2a: Yveltal|86/100|[silent]
|upkeep
|
|switch|p1a: Yveltal|Yveltal|100/100
|-ability|p1a: Yveltal|Dark Aura
|turn|13
|
|switch|p2a: Chansey|Chansey, F|100/100
|-start|p1a: Yveltal|Dynamax
|-heal|p1a: Yveltal|100/100|[silent]
|move|p1a: Yveltal|Max Airstream|p2a: Chansey
|-damage|p2a: Chansey|76/100
|-boost|p1a: Yveltal|spe|1
|-damage|p1a: Yveltal|96/100|[from] item: Life Orb
|
|upkeep
|turn|14
|
|move|p1a: Yveltal|Max Ooze|p2a: Chansey
|-damage|p2a: Chansey|62/100
|-boost|p1a: Yveltal|spa|1
|-damage|p1a: Yveltal|91/100|[from] item: Life Orb
|move|p2a: Chansey|Soft-Boiled|p2a: Chansey
|-heal|p2a: Chansey|100/100
|
|upkeep
|turn|15
|
|move|p1a: Yveltal|Max Darkness|p2a: Chansey
|-damage|p2a: Chansey|49/100
|-unboost|p2a: Chansey|spd|1
|-damage|p1a: Yveltal|86/100|[from] item: Life Orb
|move|p2a: Chansey|Toxic|p1a: Yveltal
|-status|p1a: Yveltal|tox
|
|-damage|p1a: Yveltal|83/100 tox|[from] psn
|-end|p1a: Yveltal|Dynamax
|-heal|p1a: Yveltal|83/100 tox|[silent]
|upkeep
|turn|16
|
|switch|p2a: Arceus|Arceus-Water|36/100
|move|p1a: Yveltal|Dark Pulse|p2a: Arceus
|-damage|p2a: Arceus|0 fnt
|-damage|p1a: Yveltal|73/100 tox|[from] item: Life Orb
|faint|p2a: Arceus
|
|-damage|p1a: Yveltal|61/100 tox|[from] psn
|upkeep
|
|switch|p2a: Chansey|Chansey, F|49/100
|turn|17
|
|move|p1a: Yveltal|Dark Pulse|p2a: Chansey
|-damage|p2a: Chansey|18/100
|-damage|p1a: Yveltal|51/100 tox|[from] item: Life Orb
|cant|p2a: Chansey|flinch
|
|-damage|p1a: Yveltal|32/100 tox|[from] psn
|upkeep
|turn|18
|
|move|p1a: Yveltal|Oblivion Wing|p2a: Chansey
|-damage|p2a: Chansey|0 fnt
|-heal|p1a: Yveltal|54/100 tox|[from] drain|[of] p2a: Chansey
|-damage|p1a: Yveltal|44/100 tox|[from] item: Life Orb
|faint|p2a: Chansey
|
|-damage|p1a: Yveltal|20/100 tox|[from] psn
|upkeep
|
|switch|p2a: Yveltal|Yveltal|86/100
|-ability|p2a: Yveltal|Dark Aura
|turn|19
|
|move|p1a: Yveltal|Oblivion Wing|p2a: Yveltal
|-damage|p2a: Yveltal|8/100
|-heal|p1a: Yveltal|78/100 tox|[from] drain|[of] p2a: Yveltal
|-damage|p1a: Yveltal|68/100 tox|[from] item: Life Orb
|move|p2a: Yveltal|Oblivion Wing|p1a: Yveltal
|-damage|p1a: Yveltal|16/100 tox
|-heal|p2a: Yveltal|47/100|[from] drain|[of] p1a: Yveltal
|-damage|p2a: Yveltal|37/100|[from] item: Life Orb
|
|-damage|p1a: Yveltal|0 fnt|[from] psn
|faint|p1a: Yveltal
|upkeep
|c|☆Ghost Birds|lool
|
|switch|p1a: Rayquaza|Rayquaza-Mega|54/100
|-weather|DeltaStream|[from] ability: Delta Stream|[of] p1a: Rayquaza
|turn|20
|c|☆Ghost Birds|k
|c|☆Ghost Birds|time to sucker punch
|
|move|p1a: Rayquaza|V-create|p2a: Yveltal
|-damage|p2a: Yveltal|0 fnt
|-unboost|p1a: Rayquaza|spe|1
|-unboost|p1a: Rayquaza|def|1
|-unboost|p1a: Rayquaza|spd|1
|-damage|p1a: Rayquaza|44/100|[from] item: Life Orb
|faint|p2a: Yveltal
|
|-weather|DeltaStream|[upkeep]
|upkeep
|
|switch|p2a: Necrozma|Necrozma-Dusk-Mane|88/100
|turn|21
|
|move|p1a: Rayquaza|V-create|p2a: Necrozma
|-supereffective|p2a: Necrozma
|-crit|p2a: Necrozma
|-damage|p2a: Necrozma|0 fnt
|-unboost|p1a: Rayquaza|spe|1
|-unboost|p1a: Rayquaza|def|1
|-unboost|p1a: Rayquaza|spd|1
|-damage|p1a: Rayquaza|28/100|[from] item: Rocky Helmet|[of] p2a: Necrozma
|-damage|p1a: Rayquaza|18/100|[from] item: Life Orb
|faint|p2a: Necrozma
|
|-weather|DeltaStream|[upkeep]
|upkeep
|
|switch|p2a: Zygarde|Zygarde-Complete|73/100
|turn|22
|
|-weather|none
|switch|p1a: Ditto|Ditto|100/100
|-transform|p1a: Ditto|p2a: Zygarde|[from] ability: Imposter
|move|p2a: Zygarde|Thousand Arrows|p1a: Ditto
|-damage|p1a: Ditto|79/100
|
|-heal|p2a: Zygarde|79/100|[from] item: Leftovers
|upkeep
|turn|23
|
|move|p1a: Ditto|Glare|p2a: Zygarde
|-status|p2a: Zygarde|par
|move|p2a: Zygarde|Glare|p1a: Ditto
|-status|p1a: Ditto|par
|
|-heal|p2a: Zygarde|86/100 par|[from] item: Leftovers
|upkeep
|turn|24
|
|switch|p1a: Rayquaza|Rayquaza-Mega|18/100
|-weather|DeltaStream|[from] ability: Delta Stream|[of] p1a: Rayquaza
|move|p2a: Zygarde|Thousand Arrows|p1a: Rayquaza
|-damage|p1a: Rayquaza|0 fnt
|faint|p1a: Rayquaza
|-weather|none
|
|-heal|p2a: Zygarde|92/100 par|[from] item: Leftovers
|upkeep
|c|☆Ghost Birds|yas
|c|☆Ghost Birds|gg
|c|☆Ghost Birds|noob
|c|☆Ghost Birds|i win
|-message|starkorea74 forfeited.
|
|win|Ghost Birds
|l|☆starkorea74
|c|☆Ghost Birds|yes
||Ladder (probably) updated, but score could not be retrieved (Response not received).
