|j|☆SpookyMareep
|j|☆moyv123
|t:|1668526133
|gametype|singles
|player|p1|SpookyMareep|scientistf|1680
|player|p2|moyv123|170|1785
|teamsize|p1|6
|teamsize|p2|6
|gen|8
|tier|[Gen 8] National Dex AG
|rated|
|rule|HP Percentage Mod: HP is shown in percentages
|rule|Endless Battle Clause: Forcing endless battles is banned
|clearpoke
|poke|p1|Ditto|
|poke|p1|Marshadow|
|poke|p1|Toxapex, F|
|poke|p1|Shedinja|
|poke|p1|Quagsire, M|
|poke|p1|Landorus-Therian, M|
|poke|p2|Zacian-*|
|poke|p2|Kyogre|
|poke|p2|Rayquaza|
|poke|p2|Marshadow|
|poke|p2|Ditto|
|poke|p2|Arceus-*|
|teampreview
|
|t:|1668526144
|start
|switch|p1a: SpookyMareep(YT)|Marshadow|100/100
|switch|p2a: Arceus|Arceus-Electric|100/100
|turn|1
|
|t:|1668526153
|switch|p1a: Nerf Stall ASAP|Shedinja|100/100
|move|p2a: Arceus|Stealth Rock|p1a: Nerf Stall ASAP
|-sidestart|p1: SpookyMareep|move: Stealth Rock
|
|upkeep
|turn|2
|
|t:|1668526188
|switch|p2a: Kyogre|Kyogre|100/100
|detailschange|p2a: Kyogre|Kyogre-Primal
|-primal|p2a: Kyogre
|-weather|PrimordialSea|[from] ability: Primordial Sea|[of] p2a: Kyogre
|move|p1a: Nerf Stall ASAP|Will-O-Wisp|p2a: Kyogre|[miss]
|-miss|p1a: Nerf Stall ASAP|p2a: Kyogre
|
|-weather|PrimordialSea|[upkeep]
|upkeep
|turn|3
|
|t:|1668526205
|-weather|none
|switch|p2a: Marshadow|Marshadow|100/100
|move|p1a: Nerf Stall ASAP|Toxic|p2a: Marshadow
|-status|p2a: Marshadow|tox
|
|-damage|p2a: Marshadow|94/100 tox|[from] psn
|upkeep
|turn|4
|
|t:|1668526215
|-activate|p1a: Nerf Stall ASAP|move: Pursuit
|move|p2a: Marshadow|Pursuit|p1a: Nerf Stall ASAP|[from]Pursuit
|-supereffective|p1a: Nerf Stall ASAP
|-enditem|p1a: Nerf Stall ASAP|Focus Sash
|-damage|p1a: Nerf Stall ASAP|100/100
|-damage|p2a: Marshadow|84/100 tox|[from] item: Life Orb
|switch|p1a: Yakuza|Toxapex, F|100/100
|-damage|p1a: Yakuza|88/100|[from] Stealth Rock
|
|-damage|p2a: Marshadow|72/100 tox|[from] psn
|upkeep
|turn|5
|
|t:|1668526236
|move|p2a: Marshadow|Poltergeist|p1a: Yakuza
|-activate|p1a: Yakuza|move: Poltergeist|Rocky Helmet
|-damage|p1a: Yakuza|43/100
|-damage|p2a: Marshadow|62/100 tox|[from] item: Life Orb
|move|p1a: Yakuza|Toxic Spikes|p2a: Marshadow
|-sidestart|p2: moyv123|move: Toxic Spikes
|
|-damage|p2a: Marshadow|43/100 tox|[from] psn
|upkeep
|turn|6
|
|t:|1668526247
|switch|p1a: IGetSoSaltyOMG>:o|Landorus-Therian, M|100/100
|-ability|p1a: IGetSoSaltyOMG>:o|Intimidate|boost
|-unboost|p2a: Marshadow|atk|1
|move|p2a: Marshadow|Poltergeist|p1a: IGetSoSaltyOMG>:o
|-activate|p1a: IGetSoSaltyOMG>:o|move: Poltergeist|Heavy-Duty Boots
|-damage|p1a: IGetSoSaltyOMG>:o|49/100
|-damage|p2a: Marshadow|33/100 tox|[from] item: Life Orb
|
|-damage|p2a: Marshadow|8/100 tox|[from] psn
|upkeep
|turn|7
|
|t:|1668526259
|move|p2a: Marshadow|Poltergeist|p1a: IGetSoSaltyOMG>:o
|-activate|p1a: IGetSoSaltyOMG>:o|move: Poltergeist|Heavy-Duty Boots
|-damage|p1a: IGetSoSaltyOMG>:o|0 fnt
|faint|p1a: IGetSoSaltyOMG>:o
|-damage|p2a: Marshadow|0 fnt|[from] item: Life Orb
|faint|p2a: Marshadow
|
|upkeep
|
|t:|1668526274
|switch|p2a: Rayquaza|Rayquaza|100/100
|switch|p1a: :)|Quagsire, M|100/100
|-ability|p2a: Rayquaza|Air Lock
|-damage|p1a: :)|94/100|[from] Stealth Rock
|turn|8
|
|t:|1668526282
|detailschange|p2a: Rayquaza|Rayquaza-Mega
|-mega|p2a: Rayquaza|Rayquaza|
|-weather|DeltaStream|[from] ability: Delta Stream|[of] p2a: Rayquaza
|move|p2a: Rayquaza|Dragon Ascent|p1a: :)
|-damage|p1a: :)|17/100
|-unboost|p2a: Rayquaza|def|1
|-unboost|p2a: Rayquaza|spd|1
|-damage|p2a: Rayquaza|84/100|[from] item: Rocky Helmet|[of] p1a: :)
|-damage|p2a: Rayquaza|74/100|[from] item: Life Orb
|move|p1a: :)|Scald|p2a: Rayquaza
|-resisted|p2a: Rayquaza
|-damage|p2a: Rayquaza|64/100
|
|-weather|DeltaStream|[upkeep]
|upkeep
|turn|9
|
|t:|1668526296
|move|p2a: Rayquaza|Dragon Ascent|p1a: :)
|-damage|p1a: :)|0 fnt
|-unboost|p2a: Rayquaza|def|1
|-unboost|p2a: Rayquaza|spd|1
|-damage|p2a: Rayquaza|47/100|[from] item: Rocky Helmet|[of] p1a: :)
|faint|p1a: :)
|-damage|p2a: Rayquaza|37/100|[from] item: Life Orb
|
|-weather|DeltaStream|[upkeep]
|upkeep
|
|t:|1668526298
|switch|p1a: SpookyMareep(YT)|Marshadow|100/100
|-damage|p1a: SpookyMareep(YT)|94/100|[from] Stealth Rock
|turn|10
|
|t:|1668526321
|-weather|none
|switch|p2a: Kyogre|Kyogre-Primal|100/100
|-status|p2a: Kyogre|psn
|-weather|PrimordialSea|[from] ability: Primordial Sea|[of] p2a: Kyogre
|move|p1a: SpookyMareep(YT)|Spectral Thief|p2a: Kyogre
|-damage|p2a: Kyogre|49/100 psn
|-damage|p1a: SpookyMareep(YT)|84/100|[from] item: Life Orb
|
|-weather|PrimordialSea|[upkeep]
|-damage|p2a: Kyogre|36/100 psn|[from] psn
|upkeep
|turn|11
|
|t:|1668526335
|move|p1a: SpookyMareep(YT)|Spectral Thief|p2a: Kyogre
|-damage|p2a: Kyogre|0 fnt
|faint|p2a: Kyogre
|-weather|none
|-damage|p1a: SpookyMareep(YT)|74/100|[from] item: Life Orb
|
|upkeep
|
|t:|1668526344
|switch|p2a: Arceus|Arceus-Electric|100/100
|-status|p2a: Arceus|psn
|turn|12
|
|t:|1668526357
|-start|p1a: SpookyMareep(YT)|Dynamax|
|-heal|p1a: SpookyMareep(YT)|74/100|[silent]
|-start|p2a: Arceus|Dynamax|
|-heal|p2a: Arceus|100/100 psn|[silent]
|move|p1a: SpookyMareep(YT)|Max Phantasm|p2a: Arceus
|-damage|p2a: Arceus|65/100 psn
|-unboost|p2a: Arceus|def|1
|-damage|p1a: SpookyMareep(YT)|69/100|[from] item: Life Orb
|move|p2a: Arceus|Max Lightning|p1a: SpookyMareep(YT)
|-damage|p1a: SpookyMareep(YT)|23/100
|-fieldstart|move: Electric Terrain
|
|-damage|p2a: Arceus|59/100 psn|[from] psn
|upkeep
|turn|13
|
|t:|1668526375
|move|p1a: SpookyMareep(YT)|Max Phantasm|p2a: Arceus
|-damage|p2a: Arceus|11/100 psn
|-unboost|p2a: Arceus|def|1
|-damage|p1a: SpookyMareep(YT)|18/100|[from] item: Life Orb
|move|p2a: Arceus|Max Lightning|p1a: SpookyMareep(YT)
|-damage|p1a: SpookyMareep(YT)|0 fnt
|faint|p1a: SpookyMareep(YT)
|
|-damage|p2a: Arceus|5/100 psn|[from] psn
|upkeep
|
|t:|1668526378
|switch|p1a: Zacian! Wait STOP!|Ditto|100/100
|-damage|p1a: Zacian! Wait STOP!|88/100|[from] Stealth Rock
|-transform|p1a: Zacian! Wait STOP!|p2a: Arceus|[from] ability: Imposter
|turn|14
|
|t:|1668526393
|move|p1a: Zacian! Wait STOP!|Ice Beam|p2a: Arceus
|-damage|p2a: Arceus|0 fnt
|faint|p2a: Arceus
|
|upkeep
|
|t:|1668526398
|switch|p2a: Zacian|Zacian-Crowned|100/100
|-ability|p2a: Zacian|Intrepid Sword|boost
|-boost|p2a: Zacian|atk|1
|turn|15
|
|t:|1668526404
|switch|p1a: Nerf Stall ASAP|Shedinja|100/100
|-damage|p1a: Nerf Stall ASAP|0 fnt|[from] Stealth Rock
|faint|p1a: Nerf Stall ASAP
|move|p2a: Zacian|Substitute|p2a: Zacian
|-start|p2a: Zacian|Substitute
|-damage|p2a: Zacian|76/100
|
|upkeep
|
|t:|1668526408
|switch|p1a: Yakuza|Toxapex, F|76/100
|-damage|p1a: Yakuza|64/100|[from] Stealth Rock
|turn|16
|c|☆SpookyMareep|lol
|c|☆SpookyMareep|ok
|
|t:|1668526415
|move|p2a: Zacian|Wild Charge|p1a: Yakuza
|-supereffective|p1a: Yakuza
|-damage|p1a: Yakuza|0 fnt
|-damage|p2a: Zacian|59/100|[from] item: Rocky Helmet|[of] p1a: Yakuza
|faint|p1a: Yakuza
|-damage|p2a: Zacian|44/100|[from] Recoil
|
|-fieldend|move: Electric Terrain
|upkeep
|-message|SpookyMareep forfeited.
|
|win|moyv123
|raw|SpookyMareep's rating: 1680 &rarr; <strong>1666</strong><br />(-14 for losing)
|raw|moyv123's rating: 1785 &rarr; <strong>1799</strong><br />(+14 for winning)
|l|☆SpookyMareep
||Ladder isn't responding, score probably updated but might not have (Request timeout).
