|j|☆Batman Magic
|j|☆Sauceyooter3
|t:|1656992294
|gametype|singles
|player|p1|Batman Magic|cogita|1782
|player|p2|Sauceyooter3|brycen|1799
|teamsize|p1|6
|teamsize|p2|6
|gen|8
|tier|[Gen 8] National Dex AG
|rated|
|rule|HP Percentage Mod: HP is shown in percentages
|rule|Endless Battle Clause: Forcing endless battles is banned
|clearpoke
|poke|p1|Groudon|
|poke|p1|Arceus-*|
|poke|p1|Kyogre|
|poke|p1|Arceus-*|
|poke|p1|Gengar, F|
|poke|p1|Arceus-*|
|poke|p2|Ditto|
|poke|p2|Kyogre|
|poke|p2|Rillaboom, F|
|poke|p2|Regieleki|
|poke|p2|Rhyperior, F|
|poke|p2|Urshifu-*, M|
|teampreview
|inactive|Battle timer is ON: inactive players will automatically lose when time's up. (requested by Sauceyooter3)
|
|t:|1656992320
|start
|switch|p1a: Vader|Gengar, F, shiny|100/100
|switch|p2a: Rook|Urshifu, M|100/100
|turn|1
|
|t:|1656992335
|switch|p1a: Yoda|Groudon, shiny|100/100
|detailschange|p1a: Yoda|Groudon-Primal, shiny
|-primal|p1a: Yoda
|-weather|DesolateLand|[from] ability: Desolate Land|[of] p1a: Yoda
|move|p2a: Rook|Wicked Blow|p1a: Yoda
|-crit|p1a: Yoda
|-damage|p1a: Yoda|72/100
|
|-weather|DesolateLand|[upkeep]
|upkeep
|turn|2
|
|t:|1656992348
|move|p1a: Yoda|Thunder Wave|p2a: Rook
|-status|p2a: Rook|par
|cant|p2a: Rook|par
|
|-weather|DesolateLand|[upkeep]
|upkeep
|turn|3
|inactive|Batman Magic has 120 seconds left.
|
|t:|1656992396
|move|p1a: Yoda|Stealth Rock|p2a: Rook
|-sidestart|p2: Sauceyooter3|move: Stealth Rock
|cant|p2a: Rook|par
|
|-weather|DesolateLand|[upkeep]
|upkeep
|turn|4
|
|t:|1656992404
|move|p1a: Yoda|Earthquake|p2a: Rook
|-damage|p2a: Rook|42/100 par
|move|p2a: Rook|Wicked Blow|p1a: Yoda
|-crit|p1a: Yoda
|-damage|p1a: Yoda|41/100
|
|-weather|DesolateLand|[upkeep]
|upkeep
|turn|5
|
|t:|1656992411
|cant|p2a: Rook|par
|move|p1a: Yoda|Earthquake|p2a: Rook
|-crit|p2a: Rook
|-damage|p2a: Rook|0 fnt
|faint|p2a: Rook
|
|-weather|DesolateLand|[upkeep]
|upkeep
|c|☆Sauceyooter3|25% para my ass
|
|t:|1656992424
|switch|p2a: Pawn|Rillaboom, F|100/100
|-damage|p2a: Pawn|88/100|[from] Stealth Rock
|-fieldstart|move: Grassy Terrain|[from] ability: Grassy Surge|[of] p2a: Pawn
|turn|6
|
|t:|1656992431
|move|p1a: Yoda|Earthquake|p2a: Pawn
|-resisted|p2a: Pawn
|-damage|p2a: Pawn|74/100
|move|p2a: Pawn|Wood Hammer|p1a: Yoda
|-damage|p1a: Yoda|1/100
|-damage|p2a: Pawn|61/100|[from] Recoil
|
|-weather|DesolateLand|[upkeep]
|-heal|p1a: Yoda|7/100|[from] Grassy Terrain
|-heal|p2a: Pawn|67/100|[from] Grassy Terrain
|-heal|p2a: Pawn|73/100|[from] item: Leftovers
|upkeep
|turn|7
|
|t:|1656992443
|move|p2a: Pawn|Grassy Glide|p1a: Yoda
|-damage|p1a: Yoda|0 fnt
|faint|p1a: Yoda
|-weather|none
|
|-heal|p2a: Pawn|79/100|[from] Grassy Terrain
|-heal|p2a: Pawn|86/100|[from] item: Leftovers
|upkeep
|
|t:|1656992449
|switch|p1a: Grogu|Arceus-Flying|100/100
|turn|8
|inactive|Sauceyooter3 has 120 seconds left.
|
|t:|1656992496
|switch|p2a: Knight|Regieleki|100/100
|-damage|p2a: Knight|88/100|[from] Stealth Rock
|move|p1a: Grogu|Calm Mind|p1a: Grogu
|-boost|p1a: Grogu|spa|1
|-boost|p1a: Grogu|spd|1
|
|-heal|p2a: Knight|94/100|[from] Grassy Terrain
|upkeep
|turn|9
|
|t:|1656992508
|-start|p1a: Grogu|Dynamax|
|-heal|p1a: Grogu|100/100|[silent]
|-zpower|p2a: Knight
|move|p2a: Knight|Gigavolt Havoc|p1a: Grogu|[zeffect]
|-supereffective|p1a: Grogu
|-damage|p1a: Grogu|48/100
|move|p1a: Grogu|Max Quake|p2a: Knight
|-supereffective|p2a: Knight
|-damage|p2a: Knight|0 fnt
|-boost|p1a: Grogu|spd|1
|faint|p2a: Knight
|
|upkeep
|inactive|Sauceyooter3 has 90 seconds left.
|
|t:|1656992539
|switch|p2a: King|Rhyperior, F|100/100
|-damage|p2a: King|94/100|[from] Stealth Rock
|turn|10
|inactive|Sauceyooter3 has 90 seconds left.
|
|t:|1656992546
|-start|p2a: King|Dynamax|
|-heal|p2a: King|94/100|[silent]
|move|p1a: Grogu|Max Quake|p2a: King
|-supereffective|p2a: King
|-damage|p2a: King|45/100
|-boost|p1a: Grogu|spd|1
|-enditem|p2a: King|Weakness Policy
|-boost|p2a: King|atk|2|[from] item: Weakness Policy
|-boost|p2a: King|spa|2|[from] item: Weakness Policy
|move|p2a: King|Max Rockfall|p1a: Grogu
|-supereffective|p1a: Grogu
|-damage|p1a: Grogu|0 fnt
|-weather|Sandstorm
|faint|p1a: Grogu
|
|-weather|Sandstorm|[upkeep]
|-heal|p2a: King|48/100|[from] Grassy Terrain
|-fieldend|move: Grassy Terrain
|upkeep
|
|t:|1656992554
|switch|p1a: Mandalorian|Kyogre|100/100
|-weather|RainDance|[from] ability: Drizzle|[of] p1a: Mandalorian
|turn|11
|inactive|Sauceyooter3 has 90 seconds left.
|
|t:|1656992574
|move|p1a: Mandalorian|Water Spout|p2a: King
|-supereffective|p2a: King
|-damage|p2a: King|0 fnt
|faint|p2a: King
|
|-weather|RainDance|[upkeep]
|upkeep
|
|t:|1656992592
|switch|p2a: Pawn|Rillaboom, F|86/100
|-damage|p2a: Pawn|73/100|[from] Stealth Rock
|-fieldstart|move: Grassy Terrain|[from] ability: Grassy Surge|[of] p2a: Pawn
|turn|12
|
|t:|1656992602
|switch|p1a: Ahsoka|Arceus-Dark|100/100
|move|p2a: Pawn|Grassy Glide|p1a: Ahsoka
|-damage|p1a: Ahsoka|70/100
|
|-weather|RainDance|[upkeep]
|-heal|p1a: Ahsoka|76/100|[from] Grassy Terrain
|-heal|p2a: Pawn|79/100|[from] Grassy Terrain
|-heal|p2a: Pawn|86/100|[from] item: Leftovers
|upkeep
|turn|13
|
|t:|1656992613
|move|p1a: Ahsoka|Judgment|p2a: Pawn
|-damage|p2a: Pawn|27/100
|move|p2a: Pawn|Wood Hammer|p1a: Ahsoka
|-damage|p1a: Ahsoka|23/100
|-damage|p2a: Pawn|8/100|[from] Recoil
|
|-weather|RainDance|[upkeep]
|-heal|p1a: Ahsoka|29/100|[from] Grassy Terrain
|-heal|p2a: Pawn|14/100|[from] Grassy Terrain
|-heal|p2a: Pawn|20/100|[from] item: Leftovers
|upkeep
|turn|14
|
|t:|1656992625
|move|p2a: Pawn|Grassy Glide|p1a: Ahsoka
|-damage|p1a: Ahsoka|0 fnt
|faint|p1a: Ahsoka
|
|-weather|RainDance|[upkeep]
|-heal|p2a: Pawn|26/100|[from] Grassy Terrain
|-heal|p2a: Pawn|33/100|[from] item: Leftovers
|upkeep
|
|t:|1656992629
|switch|p1a: Vader|Gengar, F, shiny|100/100
|turn|15
|inactive|Sauceyooter3 has 90 seconds left.
|inactive|Sauceyooter3 has 60 seconds left.
|
|t:|1656992677
|switch|p2a: Bishop|Kyogre|100/100
|-damage|p2a: Bishop|88/100|[from] Stealth Rock
|detailschange|p1a: Vader|Gengar-Mega, F, shiny
|-mega|p1a: Vader|Gengar|Gengarite
|move|p1a: Vader|Sludge Bomb|p2a: Bishop
|-damage|p2a: Bishop|43/100
|-status|p2a: Bishop|psn
|
|-weather|none
|-heal|p2a: Bishop|49/100 psn|[from] Grassy Terrain
|-damage|p2a: Bishop|37/100 psn|[from] psn
|upkeep
|turn|16
|
|t:|1656992693
|move|p2a: Bishop|Surf|p1a: Vader
|-crit|p1a: Vader
|-damage|p1a: Vader|2/100
|move|p1a: Vader|Sludge Bomb|p2a: Bishop
|-crit|p2a: Bishop
|-damage|p2a: Bishop|0 fnt
|faint|p2a: Bishop
|
|-heal|p1a: Vader|9/100|[from] Grassy Terrain
|-fieldend|move: Grassy Terrain
|upkeep
|
|t:|1656992704
|switch|p2a: Queen|Ditto, shiny|100/100
|-damage|p2a: Queen|88/100|[from] Stealth Rock
|-transform|p2a: Queen|p1a: Vader|[from] ability: Imposter
|turn|17
|
|t:|1656992717
|move|p2a: Queen|Sludge Bomb|p1a: Vader
|-resisted|p1a: Vader
|-damage|p1a: Vader|0 fnt
|faint|p1a: Vader
|
|upkeep
|
|t:|1656992724
|switch|p1a: Obi-Wan|Arceus-Ground|100/100
|turn|18
|
|t:|1656992735
|move|p2a: Queen|Sludge Bomb|p1a: Obi-Wan
|-resisted|p1a: Obi-Wan
|-damage|p1a: Obi-Wan|82/100
|-zpower|p1a: Obi-Wan
|move|p1a: Obi-Wan|Tectonic Rage|p2a: Queen|[zeffect]
|-supereffective|p2a: Queen
|-damage|p2a: Queen|0 fnt
|faint|p2a: Queen
|
|upkeep
|
|t:|1656992743
|switch|p2a: Pawn|Rillaboom, F|33/100
|-damage|p2a: Pawn|20/100|[from] Stealth Rock
|-fieldstart|move: Grassy Terrain|[from] ability: Grassy Surge|[of] p2a: Pawn
|turn|19
|inactive|Batman Magic has 120 seconds left.
|c|☆Sauceyooter3|ggs
|
|t:|1656992785
|move|p2a: Pawn|Grassy Glide|p1a: Obi-Wan
|-supereffective|p1a: Obi-Wan
|-damage|p1a: Obi-Wan|28/100
|move|p1a: Obi-Wan|Thunder Wave|p2a: Pawn
|-status|p2a: Pawn|par
|
|-heal|p1a: Obi-Wan|34/100|[from] Grassy Terrain
|-heal|p2a: Pawn|26/100 par|[from] Grassy Terrain
|-heal|p2a: Pawn|33/100 par|[from] item: Leftovers
|upkeep
|turn|20
|
|t:|1656992795
|cant|p2a: Pawn|par
|move|p1a: Obi-Wan|Earthquake|p2a: Pawn
|-resisted|p2a: Pawn
|-damage|p2a: Pawn|23/100 par
|
|-heal|p1a: Obi-Wan|40/100|[from] Grassy Terrain
|-heal|p2a: Pawn|29/100 par|[from] Grassy Terrain
|-heal|p2a: Pawn|35/100 par|[from] item: Leftovers
|upkeep
|turn|21
|inactive|Sauceyooter3 has 60 seconds left.
|
|t:|1656992803
|move|p2a: Pawn|Grassy Glide|p1a: Obi-Wan
|-supereffective|p1a: Obi-Wan
|-damage|p1a: Obi-Wan|0 fnt
|faint|p1a: Obi-Wan
|
|-heal|p2a: Pawn|41/100 par|[from] Grassy Terrain
|-heal|p2a: Pawn|48/100 par|[from] item: Leftovers
|upkeep
|
|t:|1656992806
|switch|p1a: Mandalorian|Kyogre|100/100
|-weather|RainDance|[from] ability: Drizzle|[of] p1a: Mandalorian
|turn|22
|
|t:|1656992813
|move|p2a: Pawn|Grassy Glide|p1a: Mandalorian
|-supereffective|p1a: Mandalorian
|-damage|p1a: Mandalorian|0 fnt
|faint|p1a: Mandalorian
|
|win|Sauceyooter3
|raw|Batman Magic's rating: 1782 &rarr; <strong>1763</strong><br />(-19 for losing)
|raw|Sauceyooter3's rating: 1799 &rarr; <strong>1818</strong><br />(+19 for winning)
|l|☆Batman Magic
||Ladder isn't responding, score probably updated but might not have (Request timeout).
