|j|☆qtDread
|j|☆llmmllmm
|t:|1662179816
|gametype|singles
|player|p1|qtDread|n|
|player|p2|llmmllmm|2|
|teamsize|p1|6
|teamsize|p2|6
|gen|8
|tier|[Gen 8] National Dex AG
|rule|HP Percentage Mod: HP is shown in percentages
|rule|Endless Battle Clause: Forcing endless battles is banned
|clearpoke
|poke|p1|Zacian-*|
|poke|p1|Rayquaza|
|poke|p1|Calyrex-Shadow|
|poke|p1|Yveltal|
|poke|p1|Necrozma-Dusk-Mane|
|poke|p1|Smeargle, M|
|poke|p2|Arceus-*|
|poke|p2|Giratina|
|poke|p2|Chansey, F|
|poke|p2|Lugia|
|poke|p2|Sableye, F|
|poke|p2|Quagsire, F|
|teampreview
|inactive|Battle timer is ON: inactive players will automatically lose when time's up. (requested by qtDread)
|c|☆llmmllmm|better?
|c|☆llmmllmm|damn i was gonna outstall you
|inactive|qtDread has 270 seconds left.
|
|t:|1662179850
|start
|switch|p1a: Da Vinci|Smeargle, M|100/100
|switch|p2a: Sableye|Sableye, F|100/100
|turn|1
|c|☆llmmllmm|HEHEHEHA
|c|☆qtDread|crying
|
|t:|1662179865
|detailschange|p2a: Sableye|Sableye-Mega, F
|-mega|p2a: Sableye|Sableye|Sablenite
|move|p2a: Sableye|Fake Out|p1a: Da Vinci
|-damage|p1a: Da Vinci|85/100
|cant|p1a: Da Vinci|flinch
|
|-ability|p1a: Da Vinci|Moody|boost
|-boost|p1a: Da Vinci|def|2
|-unboost|p1a: Da Vinci|atk|1
|upkeep
|turn|2
|c|☆llmmllmm|HEHEHEA
|
|t:|1662179873
|move|p1a: Da Vinci|Taunt|p2a: Sableye
|move|p2a: Sableye|Taunt|p1a: Da Vinci|[from]ability: Magic Bounce
|-start|p1a: Da Vinci|move: Taunt
|move|p2a: Sableye|Foul Play|p1a: Da Vinci
|-damage|p1a: Da Vinci|77/100
|
|-ability|p1a: Da Vinci|Moody|boost
|-boost|p1a: Da Vinci|spd|2
|-unboost|p1a: Da Vinci|atk|1
|upkeep
|turn|3
|c|☆qtDread|WAIT YEAH
|c|☆llmmllmm|H E H E H E H A
|c|☆qtDread|TAUNT ALSO
|c|☆llmmllmm|hEHEHEHEHEA
|c|☆qtDread|GETS BOUNCED
|c|☆llmmllmm|you
|c|☆llmmllmm|smart
|c|☆qtDread|LMAOOO
|c|☆llmmllmm|person
|
|t:|1662179903
|-start|p1a: Da Vinci|Dynamax|
|-heal|p1a: Da Vinci|77/100|[silent]
|move|p1a: Da Vinci|Max Strike|p2a: Sableye
|-immune|p2a: Sableye
|move|p2a: Sableye|Toxic|p1a: Da Vinci
|-status|p1a: Da Vinci|tox
|
|-damage|p1a: Da Vinci|75/100 tox|[from] psn
|-ability|p1a: Da Vinci|Moody|boost
|-boost|p1a: Da Vinci|spa|2
|-unboost|p1a: Da Vinci|spd|1
|upkeep
|turn|4
|c|☆qtDread|troll
|c|☆llmmllmm|same
|
|t:|1662179914
|move|p1a: Da Vinci|Max Strike|p2a: Sableye
|-immune|p2a: Sableye
|move|p2a: Sableye|Foul Play|p1a: Da Vinci
|-damage|p1a: Da Vinci|72/100 tox
|
|-damage|p1a: Da Vinci|66/100 tox|[from] psn
|-ability|p1a: Da Vinci|Moody|boost
|-boost|p1a: Da Vinci|def|2
|-unboost|p1a: Da Vinci|spd|1
|upkeep
|turn|5
|
|t:|1662179919
|move|p1a: Da Vinci|Max Strike|p2a: Sableye
|-immune|p2a: Sableye
|move|p2a: Sableye|Foul Play|p1a: Da Vinci
|-damage|p1a: Da Vinci|64/100 tox
|
|-damage|p1a: Da Vinci|55/100 tox|[from] psn
|-end|p1a: Da Vinci|move: Taunt
|-ability|p1a: Da Vinci|Moody|boost
|-boost|p1a: Da Vinci|spd|2
|-unboost|p1a: Da Vinci|atk|1
|upkeep
|-end|p1a: Da Vinci|Dynamax
|-heal|p1a: Da Vinci|55/100 tox|[silent]
|turn|6
|
|t:|1662179923
|move|p1a: Da Vinci|Sticky Web|p2a: Sableye
|move|p2a: Sableye|Sticky Web|p1a: Da Vinci|[from]ability: Magic Bounce
|-sidestart|p1: qtDread|move: Sticky Web
|move|p2a: Sableye|Foul Play|p1a: Da Vinci
|-damage|p1a: Da Vinci|52/100 tox
|
|-damage|p1a: Da Vinci|29/100 tox|[from] psn
|-ability|p1a: Da Vinci|Moody|boost
|-boost|p1a: Da Vinci|spa|2
|-unboost|p1a: Da Vinci|spe|1
|upkeep
|turn|7
|c|☆llmmllmm|same
|
|t:|1662179929
|move|p1a: Da Vinci|Spore|p2a: Sableye
|move|p2a: Sableye|Spore||[from]ability: Magic Bounce|[still]
|-fail|p2a: Sableye
|move|p2a: Sableye|Foul Play|p1a: Da Vinci
|-damage|p1a: Da Vinci|26/100 tox
|
|-damage|p1a: Da Vinci|0 fnt|[from] psn
|faint|p1a: Da Vinci
|upkeep
|c|☆qtDread|I win
|c|☆llmmllmm|ong
|
|t:|1662179957
|switch|p1a: Sword|Zacian-Crowned|100/100
|-activate|p1a: Sword|move: Sticky Web
|-unboost|p1a: Sword|spe|1
|-ability|p1a: Sword|Intrepid Sword|boost
|-boost|p1a: Sword|atk|1
|turn|8
|c|☆llmmllmm|watch
|
|t:|1662179968
|move|p1a: Sword|Swords Dance|p1a: Sword
|-boost|p1a: Sword|atk|2
|move|p2a: Sableye|Foul Play|p1a: Sword
|-resisted|p1a: Sword
|-damage|p1a: Sword|30/100
|
|upkeep
|turn|9
|c|☆llmmllmm|LMAOAFJAFJ
|
|t:|1662179977
|switch|p2a: Quagsire|Quagsire, F|100/100
|move|p1a: Sword|Behemoth Blade|p2a: Quagsire
|-resisted|p2a: Quagsire
|-crit|p2a: Quagsire
|-damage|p2a: Quagsire|67/100
|-damage|p1a: Sword|14/100|[from] item: Rocky Helmet|[of] p2a: Quagsire
|
|upkeep
|turn|10
|c|☆qtDread|bruh
|c|☆llmmllmm|better bird
|
|t:|1662179991
|switch|p1a: Tanky Scary Bird|Yveltal|100/100
|-ability|p1a: Tanky Scary Bird|Dark Aura
|move|p2a: Quagsire|Recover|p2a: Quagsire
|-heal|p2a: Quagsire|100/100
|
|upkeep
|turn|11
|
|t:|1662179995
|move|p1a: Tanky Scary Bird|Knock Off|p2a: Quagsire
|-damage|p2a: Quagsire|64/100
|-damage|p1a: Tanky Scary Bird|84/100|[from] item: Rocky Helmet|[of] p2a: Quagsire
|-enditem|p2a: Quagsire|Rocky Helmet|[from] move: Knock Off|[of] p1a: Tanky Scary Bird
|move|p2a: Quagsire|Toxic|p1a: Tanky Scary Bird
|-status|p1a: Tanky Scary Bird|tox
|
|-damage|p1a: Tanky Scary Bird|78/100 tox|[from] psn
|upkeep
|turn|12
|c|☆llmmllmm|abird
|
|t:|1662180003
|switch|p2a: Arceus|Arceus-Dark|100/100
|move|p1a: Tanky Scary Bird|Toxic|p2a: Arceus
|-status|p2a: Arceus|tox
|
|-damage|p1a: Tanky Scary Bird|66/100 tox|[from] psn
|-damage|p2a: Arceus|94/100 tox|[from] psn
|upkeep
|turn|13
|c|☆qtDread|bird
|c|☆llmmllmm|rude
|
|t:|1662180011
|switch|p2a: Chansey|Chansey, F|100/100
|move|p1a: Tanky Scary Bird|Defog|p2a: Chansey
|-unboost|p2a: Chansey|evasion|1
|-sideend|p1: qtDread|Sticky Web|[from] move: Defog|[of] p1a: Tanky Scary Bird
|
|-damage|p1a: Tanky Scary Bird|48/100 tox|[from] psn
|upkeep
|turn|14
|c|☆llmmllmm|wait
|c|☆llmmllmm|it has ko
|
|t:|1662180022
|switch|p2a: Quagsire|Quagsire, F|64/100
|move|p1a: Tanky Scary Bird|Knock Off|p2a: Quagsire
|-damage|p2a: Quagsire|38/100
|
|-damage|p1a: Tanky Scary Bird|23/100 tox|[from] psn
|upkeep
|turn|15
|c|☆llmmllmm|heheehah
|
|t:|1662180032
|switch|p1a: Speed|Rayquaza|100/100
|-ability|p1a: Speed|Air Lock
|move|p2a: Quagsire|Recover|p2a: Quagsire
|-heal|p2a: Quagsire|88/100
|
|upkeep
|turn|16
|c|☆qtDread|bruh
|c|☆llmmllmm|hehehea
|c|☆qtDread|my fingers are dumm
|c|☆llmmllmm|dread
|
|t:|1662180059
|switch|p2a: Giratina|Giratina|100/100
|-ability|p2a: Giratina|Pressure
|move|p1a: Speed|Earthquake|p2a: Giratina
|-damage|p2a: Giratina|77/100
|
|-heal|p2a: Giratina|83/100|[from] item: Leftovers
|upkeep
|turn|17
|c|☆llmmllmm|high skill gamine
|
|t:|1662180071
|switch|p1a: Tanky Scary Bird|Yveltal|23/100 tox
|-ability|p1a: Tanky Scary Bird|Dark Aura
|move|p2a: Giratina|Will-O-Wisp||[still]
|-fail|p2a: Giratina
|
|-heal|p2a: Giratina|89/100|[from] item: Leftovers
|-damage|p1a: Tanky Scary Bird|17/100 tox|[from] psn
|upkeep
|turn|18
|c|☆qtDread|real
|
|t:|1662180082
|switch|p2a: Quagsire|Quagsire, F|88/100
|move|p1a: Tanky Scary Bird|Knock Off|p2a: Quagsire
|-damage|p2a: Quagsire|61/100
|
|-damage|p1a: Tanky Scary Bird|5/100 tox|[from] psn
|upkeep
|turn|19
|c|☆llmmllmm|flugyf
|
|t:|1662180092
|switch|p1a: Sun|Necrozma-Dusk-Mane, shiny|100/100
|move|p2a: Quagsire|Toxic|p1a: Sun
|-immune|p1a: Sun
|
|upkeep
|turn|20
|c|☆llmmllmm|rude
|
|t:|1662180112
|move|p1a: Sun|Stealth Rock|p2a: Quagsire
|-sidestart|p2: llmmllmm|move: Stealth Rock
|move|p2a: Quagsire|Recover|p2a: Quagsire
|-heal|p2a: Quagsire|100/100
|
|upkeep
|turn|21
|
|t:|1662180124
|switch|p1a: Speed|Rayquaza|100/100
|-ability|p1a: Speed|Air Lock
|switch|p2a: Arceus|Arceus-Dark|94/100 tox
|-damage|p2a: Arceus|82/100 tox|[from] Stealth Rock
|
|-damage|p2a: Arceus|76/100 tox|[from] psn
|upkeep
|turn|22
|c|☆qtDread|please tell me that's not what I think
|c|☆llmmllmm|yes
|inactive|qtDread has 270 seconds left.
|
|t:|1662180145
|switch|p2a: Giratina|Giratina|89/100
|-damage|p2a: Giratina|77/100|[from] Stealth Rock
|-ability|p2a: Giratina|Pressure
|detailschange|p1a: Speed|Rayquaza-Mega
|-mega|p1a: Speed|Rayquaza|
|-weather|DeltaStream|[from] ability: Delta Stream|[of] p1a: Speed
|move|p1a: Speed|Dragon Ascent|p2a: Giratina
|-damage|p2a: Giratina|19/100
|-unboost|p1a: Speed|def|1
|-unboost|p1a: Speed|spd|1
|
|-weather|DeltaStream|[upkeep]
|-heal|p2a: Giratina|25/100|[from] item: Leftovers
|upkeep
|turn|23
|c|☆llmmllmm|wait
|inactive|qtDread has 270 seconds left.
|c|☆llmmllmm|how do i play this game
|inactive|llmmllmm has 270 seconds left.
|
|t:|1662180167
|switch|p2a: Sableye|Sableye-Mega, F|100/100
|-damage|p2a: Sableye|88/100|[from] Stealth Rock
|move|p1a: Speed|Dragon Ascent|p2a: Sableye
|-damage|p2a: Sableye|2/100
|-unboost|p1a: Speed|def|1
|-unboost|p1a: Speed|spd|1
|
|-weather|DeltaStream|[upkeep]
|upkeep
|turn|24
|c|☆llmmllmm|help
|c|☆llmmllmm|helpo
|c|☆llmmllmm|i haven't played i
|c|☆llmmllmm|n
|inactive|qtDread has 270 seconds left.
|c|☆llmmllmm|in 7 years
|
|t:|1662180181
|move|p2a: Sableye|Fake Out|p1a: Speed
|-damage|p1a: Speed|84/100
|cant|p1a: Speed|flinch
|
|-weather|DeltaStream|[upkeep]
|upkeep
|turn|25
|
|t:|1662180189
|move|p1a: Speed|Dragon Ascent|p2a: Sableye
|-damage|p2a: Sableye|0 fnt
|-unboost|p1a: Speed|def|1
|-unboost|p1a: Speed|spd|1
|faint|p2a: Sableye
|
|-weather|DeltaStream|[upkeep]
|upkeep
|c|☆qtDread|same
|
|t:|1662180196
|switch|p2a: Lugia|Lugia|100/100
|turn|26
|
|t:|1662180205
|move|p1a: Speed|Dragon Ascent|p2a: Lugia
|-damage|p2a: Lugia|73/100
|-unboost|p1a: Speed|def|1
|-unboost|p1a: Speed|spd|1
|move|p2a: Lugia|Toxic|p1a: Speed
|-status|p1a: Speed|tox
|
|-weather|DeltaStream|[upkeep]
|-damage|p1a: Speed|78/100 tox|[from] psn
|upkeep
|turn|27
|c|☆qtDread|wtf am I doing
|
|t:|1662180211
|move|p1a: Speed|Dragon Ascent|p2a: Lugia
|-damage|p2a: Lugia|14/100
|-unboost|p1a: Speed|def|1
|-unboost|p1a: Speed|spd|1
|move|p2a: Lugia|Roost|p2a: Lugia
|-heal|p2a: Lugia|64/100
|-singleturn|p2a: Lugia|move: Roost
|
|-weather|DeltaStream|[upkeep]
|-damage|p1a: Speed|66/100 tox|[from] psn
|upkeep
|turn|28
|
|t:|1662180218
|move|p1a: Speed|Dragon Ascent|p2a: Lugia
|-damage|p2a: Lugia|8/100
|-unboost|p1a: Speed|def|1
|-unboost|p1a: Speed|spd|1
|move|p2a: Lugia|Roost|p2a: Lugia
|-heal|p2a: Lugia|58/100
|-singleturn|p2a: Lugia|move: Roost
|
|-weather|DeltaStream|[upkeep]
|-damage|p1a: Speed|48/100 tox|[from] psn
|upkeep
|turn|29
|
|t:|1662180224
|move|p1a: Speed|Dragon Ascent|p2a: Lugia
|-crit|p2a: Lugia
|-damage|p2a: Lugia|0 fnt
|faint|p2a: Lugia
|
|-weather|DeltaStream|[upkeep]
|-damage|p1a: Speed|24/100 tox|[from] psn
|upkeep
|c|☆qtDread|I will crit
|c|☆llmmllmm|wtf
|c|☆qtDread|always
|
|t:|1662180235
|switch|p2a: Giratina|Giratina|25/100
|-damage|p2a: Giratina|13/100|[from] Stealth Rock
|-ability|p2a: Giratina|Pressure
|turn|30
|
|t:|1662180238
|-activate|p1a: Speed|move: Struggle
|move|p1a: Speed|Struggle|p2a: Giratina
|-damage|p2a: Giratina|0 fnt
|faint|p2a: Giratina
|-damage|p1a: Speed|0 fnt|[from] recoil
|faint|p1a: Speed
|-weather|none
|
|upkeep
|c|☆llmmllmm|lemme sleep
|c|☆llmmllmm|OMFG THAT KILLS?
|
|t:|1662180248
|switch|p1a: Horsey|Calyrex-Shadow|100/100
|switch|p2a: Arceus|Arceus-Dark|76/100 tox
|-ability|p1a: Horsey|As One
|-ability|p1a: Horsey|Unnerve
|-damage|p2a: Arceus|63/100 tox|[from] Stealth Rock
|turn|31
|
|t:|1662180259
|move|p1a: Horsey|Trick||[still]
|-fail|p1a: Horsey
|move|p2a: Arceus|Whirlpool|p1a: Horsey|[miss]
|-miss|p2a: Arceus|p1a: Horsey
|
|-damage|p2a: Arceus|57/100 tox|[from] psn
|upkeep
|turn|32
|c|☆llmmllmm|bruh hacks
|c|☆qtDread|I am funny
|
|t:|1662180279
|switch|p1a: Sword|Zacian-Crowned|14/100
|-ability|p1a: Sword|Intrepid Sword|boost
|-boost|p1a: Sword|atk|1
|move|p2a: Arceus|Recover|p2a: Arceus
|-heal|p2a: Arceus|100/100 tox
|
|-damage|p2a: Arceus|88/100 tox|[from] psn
|upkeep
|turn|33
|
|t:|1662180283
|switch|p2a: Quagsire|Quagsire, F|100/100
|-damage|p2a: Quagsire|94/100|[from] Stealth Rock
|move|p1a: Sword|Behemoth Blade|p2a: Quagsire
|-resisted|p2a: Quagsire
|-damage|p2a: Quagsire|72/100
|
|upkeep
|turn|34
|
|t:|1662180290
|move|p1a: Sword|Close Combat|p2a: Quagsire
|-damage|p2a: Quagsire|35/100
|-unboost|p1a: Sword|def|1
|-unboost|p1a: Sword|spd|1
|move|p2a: Quagsire|Earthquake|p1a: Sword
|-supereffective|p1a: Sword
|-damage|p1a: Sword|0 fnt
|faint|p1a: Sword
|
|upkeep
|c|☆llmmllmm|aaaaa
|
|t:|1662180298
|switch|p1a: Horsey|Calyrex-Shadow|100/100
|-ability|p1a: Horsey|As One
|-ability|p1a: Horsey|Unnerve
|turn|35
|c|☆qtDread|oh yeah my dmax
|c|☆qtDread|is gone
|c|☆llmmllmm|i can win it's fine
|
|t:|1662180311
|switch|p2a: Arceus|Arceus-Dark|88/100 tox
|-damage|p2a: Arceus|76/100 tox|[from] Stealth Rock
|move|p1a: Horsey|Psyshock|p2a: Arceus
|-immune|p2a: Arceus
|
|-damage|p2a: Arceus|70/100 tox|[from] psn
|upkeep
|turn|36
|c|☆qtDread|bruh
|c|☆llmmllmm|eaz
|c|☆llmmllmm|ez
|c|☆llmmllmm|ez
|
|t:|1662180320
|switch|p1a: Sun|Necrozma-Dusk-Mane, shiny|100/100
|move|p2a: Arceus|Whirlpool|p1a: Sun|[miss]
|-miss|p2a: Arceus|p1a: Sun
|
|-damage|p2a: Arceus|58/100 tox|[from] psn
|upkeep
|turn|37
|c|☆llmmllmm|ez
|c|☆llmmllmm|bruh
|c|☆qtDread|LMAO
|
|t:|1662180338
|move|p2a: Arceus|Whirlpool|p1a: Sun
|-damage|p1a: Sun|93/100
|-activate|p1a: Sun|move: Whirlpool|[of] p2a: Arceus
|move|p1a: Sun|Sunsteel Strike|p2a: Arceus
|-damage|p2a: Arceus|31/100 tox
|
|-damage|p2a: Arceus|12/100 tox|[from] psn
|-damage|p1a: Sun|81/100|[from] move: Whirlpool|[partiallytrapped]
|upkeep
|turn|38
|c|☆llmmllmm|hack
|
|t:|1662180351
|move|p2a: Arceus|Judgment|p1a: Sun
|-supereffective|p1a: Sun
|-damage|p1a: Sun|18/100
|move|p1a: Sun|Moonlight|p1a: Sun
|-heal|p1a: Sun|68/100
|
|-damage|p2a: Arceus|0 fnt|[from] psn
|faint|p2a: Arceus
|-end|p1a: Sun|Whirlpool|[partiallytrapped]|[silent]
|upkeep
|c|☆llmmllmm|oops
|
|t:|1662180359
|switch|p2a: Quagsire|Quagsire, F|35/100
|-damage|p2a: Quagsire|29/100|[from] Stealth Rock
|turn|39
|c|☆llmmllmm|stop
|c|☆llmmllmm|it
|
|t:|1662180378
|move|p1a: Sun|Knock Off|p2a: Quagsire
|-damage|p2a: Quagsire|14/100
|move|p2a: Quagsire|Recover|p2a: Quagsire
|-heal|p2a: Quagsire|64/100
|
|upkeep
|turn|40
|
|t:|1662180383
|switch|p1a: Horsey|Calyrex-Shadow|100/100
|-ability|p1a: Horsey|As One
|-ability|p1a: Horsey|Unnerve
|move|p2a: Quagsire|Recover|p2a: Quagsire
|-heal|p2a: Quagsire|100/100
|
|upkeep
|turn|41
|
|t:|1662180388
|switch|p2a: Chansey|Chansey, F|100/100
|-damage|p2a: Chansey|88/100|[from] Stealth Rock
|move|p1a: Horsey|Psyshock|p2a: Chansey
|-damage|p2a: Chansey|47/100
|
|upkeep
|turn|42
|
|t:|1662180394
|move|p1a: Horsey|Psyshock|p2a: Chansey
|-damage|p2a: Chansey|7/100
|move|p2a: Chansey|Soft-Boiled|p2a: Chansey
|-heal|p2a: Chansey|57/100
|
|upkeep
|turn|43
|
|t:|1662180397
|move|p1a: Horsey|Psyshock|p2a: Chansey
|-damage|p2a: Chansey|22/100
|move|p2a: Chansey|Soft-Boiled|p2a: Chansey
|-heal|p2a: Chansey|72/100
|
|upkeep
|turn|44
|c|☆qtDread|FATASFSYAYA
|c|☆llmmllmm|ez
|c|☆qtDread|BRUSHAJH
|c|☆qtDread|LMAOOO
|
|t:|1662180412
|switch|p1a: Sun|Necrozma-Dusk-Mane, shiny|68/100
|move|p2a: Chansey|Soft-Boiled|p2a: Chansey
|-heal|p2a: Chansey|100/100
|
|upkeep
|turn|45
|
|t:|1662180423
|switch|p2a: Quagsire|Quagsire, F|100/100
|-damage|p2a: Quagsire|94/100|[from] Stealth Rock
|move|p1a: Sun|Knock Off|p2a: Quagsire
|-damage|p2a: Quagsire|78/100
|
|upkeep
|turn|46
|c|☆llmmllmm|rude
|
|t:|1662180431
|switch|p1a: Horsey|Calyrex-Shadow|100/100
|-ability|p1a: Horsey|As One
|-ability|p1a: Horsey|Unnerve
|move|p2a: Quagsire|Earthquake|p1a: Horsey
|-damage|p1a: Horsey|61/100
|
|upkeep
|turn|47
|
|t:|1662180441
|move|p1a: Horsey|Psyshock|p2a: Quagsire
|-damage|p2a: Quagsire|43/100
|move|p2a: Quagsire|Recover|p2a: Quagsire
|-heal|p2a: Quagsire|93/100
|
|upkeep
|turn|48
|c|☆llmmllmm|honestly
|c|☆llmmllmm|i'm funny
|
|t:|1662180451
|switch|p1a: Tanky Scary Bird|Yveltal|5/100 tox
|-ability|p1a: Tanky Scary Bird|Dark Aura
|move|p2a: Quagsire|Toxic|p1a: Tanky Scary Bird
|-fail|p1a: Tanky Scary Bird|tox
|
|-damage|p1a: Tanky Scary Bird|0 fnt|[from] psn
|faint|p1a: Tanky Scary Bird
|upkeep
|c|☆qtDread|I hate stall
|c|☆qtDread|haha
|c|☆llmmllmm|funny bunny
|
|t:|1662180462
|switch|p1a: Horsey|Calyrex-Shadow|61/100
|-ability|p1a: Horsey|As One
|-ability|p1a: Horsey|Unnerve
|turn|49
|
|t:|1662180471
|switch|p2a: Chansey|Chansey, F|100/100
|-damage|p2a: Chansey|88/100|[from] Stealth Rock
|move|p1a: Horsey|Astral Barrage|p2a: Chansey
|-immune|p2a: Chansey
|
|upkeep
|turn|50
|c|☆llmmllmm|.-.
|
|t:|1662180479
|switch|p1a: Sun|Necrozma-Dusk-Mane, shiny|68/100
|move|p2a: Chansey|Teleport|p2a: Chansey
|c|☆qtDread|uahau
|
|t:|1662180480
|switch|p2a: Quagsire|Quagsire, F|93/100|[from]move: Teleport
|-damage|p2a: Quagsire|87/100|[from] Stealth Rock
|
|upkeep
|turn|51
|
|t:|1662180485
|move|p1a: Sun|Moonlight|p1a: Sun
|-heal|p1a: Sun|100/100
|move|p2a: Quagsire|Earthquake|p1a: Sun
|-supereffective|p1a: Sun
|-damage|p1a: Sun|77/100
|
|upkeep
|turn|52
|
|t:|1662180493
|switch|p1a: Horsey|Calyrex-Shadow|61/100
|-ability|p1a: Horsey|As One
|-ability|p1a: Horsey|Unnerve
|move|p2a: Quagsire|Earthquake|p1a: Horsey
|-damage|p1a: Horsey|25/100
|
|upkeep
|turn|53
|c|☆llmmllmm|better bird
|
|t:|1662180509
|move|p1a: Horsey|Psyshock|p2a: Quagsire
|-crit|p2a: Quagsire
|-damage|p2a: Quagsire|31/100
|move|p2a: Quagsire|Earthquake|p1a: Horsey
|-damage|p1a: Horsey|0 fnt
|faint|p1a: Horsey
|
|upkeep
|c|☆llmmllmm|ow
|c|☆qtDread|BRUH
|c|☆llmmllmm|perdict
|c|☆llmmllmm|ed
|c|☆qtDread|I dum
|
|t:|1662180527
|switch|p1a: Sun|Necrozma-Dusk-Mane, shiny|77/100
|turn|54
|c|☆llmmllmm|wheee
|
|t:|1662180532
|move|p1a: Sun|Sunsteel Strike|p2a: Quagsire
|-resisted|p2a: Quagsire
|-crit|p2a: Quagsire
|-damage|p2a: Quagsire|5/100
|move|p2a: Quagsire|Recover|p2a: Quagsire
|-heal|p2a: Quagsire|55/100
|
|upkeep
|turn|55
|c|☆llmmllmm|wow
|c|☆llmmllmm|that almost lsot me the game
|c|☆qtDread|ikr
|c|☆qtDread|low roll crit fire
|c|☆llmmllmm|also eq on mega ray is bad
|
|t:|1662180554
|move|p1a: Sun|Sunsteel Strike|p2a: Quagsire
|-resisted|p2a: Quagsire
|-crit|p2a: Quagsire
|-damage|p2a: Quagsire|29/100
|move|p2a: Quagsire|Recover|p2a: Quagsire
|-heal|p2a: Quagsire|79/100
|
|upkeep
|turn|56
|c|☆llmmllmm|use
|c|☆llmmllmm|v creat
|c|☆llmmllmm|bruh how
|
|t:|1662180563
|move|p1a: Sun|Sunsteel Strike|p2a: Quagsire
|-resisted|p2a: Quagsire
|-damage|p2a: Quagsire|63/100
|move|p2a: Quagsire|Recover|p2a: Quagsire
|-heal|p2a: Quagsire|100/100
|
|upkeep
|turn|57
|c|☆qtDread|real
|c|☆qtDread|also I use
|inactive|qtDread has 270 seconds left.
|c|☆qtDread|ascent extreme speed v create earthquake
|c|☆qtDread|should use waterfall tho ngl
|c|☆llmmllmm|waterfuall wehre
|c|☆llmmllmm|yeah
|
|t:|1662180603
|move|p1a: Sun|Sunsteel Strike|p2a: Quagsire
|-resisted|p2a: Quagsire
|-damage|p2a: Quagsire|81/100
|move|p2a: Quagsire|Earthquake|p1a: Sun
|-supereffective|p1a: Sun
|-damage|p1a: Sun|51/100
|
|upkeep
|turn|58
|
|t:|1662180606
|move|p1a: Sun|Sunsteel Strike|p2a: Quagsire
|-resisted|p2a: Quagsire
|-damage|p2a: Quagsire|64/100
|move|p2a: Quagsire|Earthquake|p1a: Sun
|-supereffective|p1a: Sun
|-damage|p1a: Sun|25/100
|
|upkeep
|turn|59
|
|t:|1662180608
|move|p1a: Sun|Sunsteel Strike|p2a: Quagsire
|-resisted|p2a: Quagsire
|-damage|p2a: Quagsire|47/100
|move|p2a: Quagsire|Earthquake|p1a: Sun
|-supereffective|p1a: Sun
|-damage|p1a: Sun|3/100
|
|upkeep
|turn|60
|
|t:|1662180611
|move|p1a: Sun|Moonlight|p1a: Sun
|-heal|p1a: Sun|53/100
|move|p2a: Quagsire|Haze|p2a: Quagsire
|-clearallboost
|
|upkeep
|turn|61
|
|t:|1662180613
|move|p1a: Sun|Moonlight|p1a: Sun
|-heal|p1a: Sun|100/100
|move|p2a: Quagsire|Haze|p2a: Quagsire
|-clearallboost
|
|upkeep
|turn|62
|
|t:|1662180615
|move|p1a: Sun|Sunsteel Strike|p2a: Quagsire
|-resisted|p2a: Quagsire
|-damage|p2a: Quagsire|30/100
|move|p2a: Quagsire|Earthquake|p1a: Sun
|-supereffective|p1a: Sun
|-damage|p1a: Sun|78/100
|
|upkeep
|turn|63
|
|t:|1662180618
|move|p1a: Sun|Knock Off|p2a: Quagsire
|-damage|p2a: Quagsire|16/100
|move|p2a: Quagsire|Earthquake|p1a: Sun
|-supereffective|p1a: Sun
|-damage|p1a: Sun|54/100
|
|upkeep
|turn|64
|
|t:|1662180621
|move|p1a: Sun|Knock Off|p2a: Quagsire
|-crit|p2a: Quagsire
|-damage|p2a: Quagsire|0 fnt
|faint|p2a: Quagsire
|
|upkeep
|c|☆llmmllmm|ok
|
|t:|1662180626
|switch|p2a: Chansey|Chansey, F|88/100
|-damage|p2a: Chansey|76/100|[from] Stealth Rock
|turn|65
|c|☆qtDread|wtf
|
|t:|1662180633
|move|p1a: Sun|Knock Off|p2a: Chansey
|-damage|p2a: Chansey|49/100
|-enditem|p2a: Chansey|Eviolite|[from] move: Knock Off|[of] p1a: Sun
|move|p2a: Chansey|Teleport||[still]
|-fail|p2a: Chansey
|
|upkeep
|turn|66
|
|t:|1662180635
|move|p1a: Sun|Knock Off|p2a: Chansey
|-crit|p2a: Chansey
|-damage|p2a: Chansey|8/100
|move|p2a: Chansey|Soft-Boiled|p2a: Chansey
|-heal|p2a: Chansey|58/100
|
|upkeep
|turn|67
|c|☆llmmllmm|ok
|
|t:|1662180640
|move|p1a: Sun|Knock Off|p2a: Chansey
|-damage|p2a: Chansey|31/100
|move|p2a: Chansey|Soft-Boiled|p2a: Chansey
|-heal|p2a: Chansey|81/100
|
|upkeep
|turn|68
|
|t:|1662180644
|move|p1a: Sun|Knock Off|p2a: Chansey
|-damage|p2a: Chansey|55/100
|move|p2a: Chansey|Soft-Boiled|p2a: Chansey
|-heal|p2a: Chansey|100/100
|
|upkeep
|turn|69
|
|t:|1662180650
|move|p1a: Sun|Knock Off|p2a: Chansey
|-damage|p2a: Chansey|75/100
|move|p2a: Chansey|Toxic|p1a: Sun
|-immune|p1a: Sun
|
|upkeep
|turn|70
|
|t:|1662180655
|move|p1a: Sun|Knock Off|p2a: Chansey
|-crit|p2a: Chansey
|-damage|p2a: Chansey|39/100
|move|p2a: Chansey|Toxic|p1a: Sun
|-immune|p1a: Sun
|
|upkeep
|turn|71
|c|☆llmmllmm|ok
|
|t:|1662180661
|move|p1a: Sun|Knock Off|p2a: Chansey
|-damage|p2a: Chansey|14/100
|move|p2a: Chansey|Soft-Boiled|p2a: Chansey
|-heal|p2a: Chansey|64/100
|
|upkeep
|turn|72
|
|t:|1662180663
|move|p1a: Sun|Knock Off|p2a: Chansey
|-damage|p2a: Chansey|39/100
|move|p2a: Chansey|Soft-Boiled|p2a: Chansey
|-heal|p2a: Chansey|89/100
|
|upkeep
|turn|73
|c|☆qtDread|2 crit in a row
|c|☆qtDread|:prayge:
|c|☆llmmllmm|help
|
|t:|1662180679
|move|p1a: Sun|Stealth Rock||[still]
|-fail|p1a: Sun
|move|p2a: Chansey|Teleport||[still]
|-fail|p2a: Chansey
|
|upkeep
|turn|74
|
|t:|1662180684
|move|p1a: Sun|Moonlight|p1a: Sun
|-heal|p1a: Sun|100/100
|move|p2a: Chansey|Teleport||[still]
|-fail|p2a: Chansey
|
|upkeep
|turn|75
|
|t:|1662180689
|move|p1a: Sun|Knock Off|p2a: Chansey
|-crit|p2a: Chansey
|-damage|p2a: Chansey|49/100
|move|p2a: Chansey|Teleport||[still]
|-fail|p2a: Chansey
|
|upkeep
|turn|76
|
|t:|1662180694
|move|p1a: Sun|Knock Off|p2a: Chansey
|-damage|p2a: Chansey|24/100
|move|p2a: Chansey|Soft-Boiled|p2a: Chansey
|-heal|p2a: Chansey|74/100
|
|upkeep
|turn|77
|
|t:|1662180700
|move|p1a: Sun|Knock Off|p2a: Chansey
|-damage|p2a: Chansey|48/100
|move|p2a: Chansey|Teleport||[still]
|-fail|p2a: Chansey
|
|upkeep
|turn|78
|
|t:|1662180704
|move|p1a: Sun|Knock Off|p2a: Chansey
|-damage|p2a: Chansey|24/100
|move|p2a: Chansey|Soft-Boiled|p2a: Chansey
|-heal|p2a: Chansey|74/100
|
|upkeep
|turn|79
|
|t:|1662180709
|move|p1a: Sun|Stealth Rock||[still]
|-fail|p1a: Sun
|move|p2a: Chansey|Toxic|p1a: Sun|[miss]
|-miss|p2a: Chansey|p1a: Sun
|
|upkeep
|turn|80
|
|t:|1662180712
|move|p1a: Sun|Stealth Rock||[still]
|-fail|p1a: Sun
|move|p2a: Chansey|Toxic|p1a: Sun
|-immune|p1a: Sun
|
|upkeep
|turn|81
|
|t:|1662180714
|move|p1a: Sun|Stealth Rock||[still]
|-fail|p1a: Sun
|move|p2a: Chansey|Toxic|p1a: Sun
|-immune|p1a: Sun
|
|upkeep
|turn|82
|
|t:|1662180716
|move|p1a: Sun|Knock Off|p2a: Chansey
|-damage|p2a: Chansey|51/100
|move|p2a: Chansey|Toxic|p1a: Sun|[miss]
|-miss|p2a: Chansey|p1a: Sun
|
|upkeep
|turn|83
|
|t:|1662180718
|move|p1a: Sun|Stealth Rock||[still]
|-fail|p1a: Sun
|move|p2a: Chansey|Soft-Boiled|p2a: Chansey
|-heal|p2a: Chansey|100/100
|
|upkeep
|turn|84
|
|t:|1662180720
|move|p1a: Sun|Knock Off|p2a: Chansey
|-damage|p2a: Chansey|74/100
|move|p2a: Chansey|Teleport||[still]
|-fail|p2a: Chansey
|
|upkeep
|turn|85
|
|t:|1662180723
|move|p1a: Sun|Knock Off|p2a: Chansey
|-damage|p2a: Chansey|50/100
|move|p2a: Chansey|Teleport||[still]
|-fail|p2a: Chansey
|
|upkeep
|turn|86
|
|t:|1662180725
|move|p1a: Sun|Knock Off|p2a: Chansey
|-damage|p2a: Chansey|26/100
|move|p2a: Chansey|Soft-Boiled|p2a: Chansey
|-heal|p2a: Chansey|76/100
|
|upkeep
|turn|87
|
|t:|1662180727
|move|p1a: Sun|Knock Off|p2a: Chansey
|-damage|p2a: Chansey|53/100
|move|p2a: Chansey|Teleport||[still]
|-fail|p2a: Chansey
|
|upkeep
|turn|88
|
|t:|1662180734
|move|p1a: Sun|Knock Off|p2a: Chansey
|-damage|p2a: Chansey|26/100
|move|p2a: Chansey|Soft-Boiled|p2a: Chansey
|-heal|p2a: Chansey|76/100
|
|upkeep
|turn|89
|c|☆qtDread|we so funny
|c|☆llmmllmm|let me teleport
|
|t:|1662180745
|move|p1a: Sun|Stealth Rock||[still]
|-fail|p1a: Sun
|move|p2a: Chansey|Teleport||[still]
|-fail|p2a: Chansey
|
|upkeep
|turn|90
|
|t:|1662180748
|move|p1a: Sun|Stealth Rock||[still]
|-fail|p1a: Sun
|move|p2a: Chansey|Teleport||[still]
|-fail|p2a: Chansey
|
|upkeep
|turn|91
|
|t:|1662180750
|move|p1a: Sun|Stealth Rock||[still]
|-fail|p1a: Sun
|move|p2a: Chansey|Teleport||[still]
|-fail|p2a: Chansey
|
|upkeep
|turn|92
|
|t:|1662180752
|move|p1a: Sun|Stealth Rock||[still]
|-fail|p1a: Sun
|move|p2a: Chansey|Teleport||[still]
|-fail|p2a: Chansey
|
|upkeep
|turn|93
|
|t:|1662180757
|move|p1a: Sun|Stealth Rock||[still]
|-fail|p1a: Sun
|move|p2a: Chansey|Teleport||[still]
|-fail|p2a: Chansey
|
|upkeep
|turn|94
|
|t:|1662180764
|move|p1a: Sun|Stealth Rock||[still]
|-fail|p1a: Sun
|move|p2a: Chansey|Teleport||[still]
|-fail|p2a: Chansey
|
|upkeep
|turn|95
|
|t:|1662180766
|move|p1a: Sun|Stealth Rock||[still]
|-fail|p1a: Sun
|move|p2a: Chansey|Teleport||[still]
|-fail|p2a: Chansey
|
|upkeep
|turn|96
|
|t:|1662180768
|move|p1a: Sun|Knock Off|p2a: Chansey
|-damage|p2a: Chansey|49/100
|move|p2a: Chansey|Teleport||[still]
|-fail|p2a: Chansey
|
|upkeep
|turn|97
|
|t:|1662180770
|move|p1a: Sun|Stealth Rock||[still]
|-fail|p1a: Sun
|move|p2a: Chansey|Soft-Boiled|p2a: Chansey
|-heal|p2a: Chansey|99/100
|
|upkeep
|turn|98
|
|t:|1662180773
|move|p1a: Sun|Knock Off|p2a: Chansey
|-damage|p2a: Chansey|74/100
|move|p2a: Chansey|Toxic|p1a: Sun
|-immune|p1a: Sun
|
|upkeep
|turn|99
|
|t:|1662180776
|move|p1a: Sun|Stealth Rock||[still]
|-fail|p1a: Sun
|move|p2a: Chansey|Teleport||[still]
|-fail|p2a: Chansey
|
|upkeep
|turn|100
|
|t:|1662180778
|move|p1a: Sun|Knock Off|p2a: Chansey
|-damage|p2a: Chansey|50/100
|move|p2a: Chansey|Teleport||[still]
|-fail|p2a: Chansey
|
|upkeep
|turn|101
|
|t:|1662180781
|move|p1a: Sun|Knock Off|p2a: Chansey
|-damage|p2a: Chansey|24/100
|move|p2a: Chansey|Soft-Boiled|p2a: Chansey
|-heal|p2a: Chansey|74/100
|
|upkeep
|turn|102
|
|t:|1662180784
|move|p1a: Sun|Knock Off|p2a: Chansey
|-damage|p2a: Chansey|49/100
|move|p2a: Chansey|Teleport||[still]
|-fail|p2a: Chansey
|
|upkeep
|turn|103
|
|t:|1662180785
|move|p1a: Sun|Knock Off|p2a: Chansey
|-damage|p2a: Chansey|26/100
|move|p2a: Chansey|Soft-Boiled|p2a: Chansey
|-heal|p2a: Chansey|76/100
|
|upkeep
|turn|104
|c|☆llmmllmm|oh sh
|c|☆qtDread|oh no
|
|t:|1662180793
|move|p1a: Sun|Knock Off|p2a: Chansey
|-damage|p2a: Chansey|52/100
|move|p2a: Chansey|Aromatherapy||[still]
|-activate|p2a: Chansey|move: Aromatherapy
|-fail|p2a: Chansey
|
|upkeep
|turn|105
|
|t:|1662180797
|move|p1a: Sun|Knock Off|p2a: Chansey
|-damage|p2a: Chansey|29/100
|move|p2a: Chansey|Aromatherapy||[still]
|-activate|p2a: Chansey|move: Aromatherapy
|-fail|p2a: Chansey
|
|upkeep
|turn|106
|
|t:|1662180806
|move|p1a: Sun|Knock Off|p2a: Chansey
|-damage|p2a: Chansey|5/100
|move|p2a: Chansey|Aromatherapy||[still]
|-activate|p2a: Chansey|move: Aromatherapy
|-fail|p2a: Chansey
|
|upkeep
|turn|107
|
|t:|1662180810
|-start|p2a: Chansey|Dynamax|
|-heal|p2a: Chansey|5/100|[silent]
|move|p2a: Chansey|Max Guard|p2a: Chansey
|-singleturn|p2a: Chansey|Max Guard
|move|p1a: Sun|Knock Off|p2a: Chansey
|-activate|p2a: Chansey|move: Max Guard
|
|upkeep
|turn|108
|c|☆llmmllmm|heheheha
|c|☆llmmllmm|HEHEHEHA
|c|☆qtDread|FUCKYOUU
|c|☆llmmllmm|wait
|c|☆qtDread|LMAOOO
|c|☆llmmllmm|ez
|c|☆llmmllmm|ez
|c|☆llmmllmm|ez
|c|☆llmmllmm|ez
|c|☆llmmllmm|ez
|c|☆llmmllmm|ez
|c|☆qtDread|struggle
|c|☆llmmllmm|ez
|c|☆llmmllmm|ez
|c|☆llmmllmm|ez
|c|☆qtDread|struggle
|c|☆llmmllmm|wait no
|
|t:|1662180833
|move|p2a: Chansey|Max Guard||[still]
|-fail|p2a: Chansey
|move|p1a: Sun|Stealth Rock||[still]
|-fail|p1a: Sun
|
|upkeep
|turn|109
|
|t:|1662180838
|move|p2a: Chansey|Max Guard|p2a: Chansey
|-singleturn|p2a: Chansey|Max Guard
|move|p1a: Sun|Stealth Rock||[still]
|-fail|p1a: Sun
|
|upkeep
|-end|p2a: Chansey|Dynamax
|-heal|p2a: Chansey|5/100|[silent]
|turn|110
|c|☆qtDread|HE TROLLED ME
|c|☆llmmllmm|help
|
|t:|1662180844
|move|p1a: Sun|Stealth Rock||[still]
|-fail|p1a: Sun
|move|p2a: Chansey|Teleport||[still]
|-fail|p2a: Chansey
|
|upkeep
|turn|111
|c|☆llmmllmm|how
|
|t:|1662180846
|move|p1a: Sun|Stealth Rock||[still]
|-fail|p1a: Sun
|move|p2a: Chansey|Teleport||[still]
|-fail|p2a: Chansey
|
|upkeep
|turn|112
|
|t:|1662180849
|move|p1a: Sun|Stealth Rock||[still]
|-fail|p1a: Sun
|move|p2a: Chansey|Teleport||[still]
|-fail|p2a: Chansey
|
|upkeep
|turn|113
|
|t:|1662180850
|move|p1a: Sun|Stealth Rock||[still]
|-fail|p1a: Sun
|move|p2a: Chansey|Toxic|p1a: Sun
|-immune|p1a: Sun
|
|upkeep
|turn|114
|
|t:|1662180852
|move|p1a: Sun|Stealth Rock||[still]
|-fail|p1a: Sun
|move|p2a: Chansey|Toxic|p1a: Sun
|-immune|p1a: Sun
|
|upkeep
|turn|115
|
|t:|1662180853
|move|p1a: Sun|Stealth Rock||[still]
|-fail|p1a: Sun
|move|p2a: Chansey|Toxic|p1a: Sun
|-immune|p1a: Sun
|
|upkeep
|turn|116
|
|t:|1662180855
|move|p1a: Sun|Stealth Rock||[still]
|-fail|p1a: Sun
|move|p2a: Chansey|Teleport||[still]
|-fail|p2a: Chansey
|
|upkeep
|turn|117
|
|t:|1662180857
|move|p1a: Sun|Stealth Rock||[still]
|-fail|p1a: Sun
|move|p2a: Chansey|Teleport||[still]
|-fail|p2a: Chansey
|
|upkeep
|turn|118
|
|t:|1662180858
|move|p1a: Sun|Stealth Rock||[still]
|-fail|p1a: Sun
|move|p2a: Chansey|Teleport||[still]
|-fail|p2a: Chansey
|
|upkeep
|turn|119
|
|t:|1662180859
|move|p1a: Sun|Stealth Rock||[still]
|-fail|p1a: Sun
|move|p2a: Chansey|Teleport||[still]
|-fail|p2a: Chansey
|
|upkeep
|turn|120
|
|t:|1662180860
|move|p1a: Sun|Stealth Rock||[still]
|-fail|p1a: Sun
|move|p2a: Chansey|Teleport||[still]
|-fail|p2a: Chansey
|
|upkeep
|turn|121
|
|t:|1662180861
|move|p1a: Sun|Stealth Rock||[still]
|-fail|p1a: Sun
|move|p2a: Chansey|Teleport||[still]
|-fail|p2a: Chansey
|
|upkeep
|turn|122
|
|t:|1662180862
|move|p1a: Sun|Stealth Rock||[still]
|-fail|p1a: Sun
|move|p2a: Chansey|Teleport||[still]
|-fail|p2a: Chansey
|
|upkeep
|turn|123
|
|t:|1662180863
|move|p1a: Sun|Stealth Rock||[still]
|-fail|p1a: Sun
|move|p2a: Chansey|Teleport||[still]
|-fail|p2a: Chansey
|
|upkeep
|turn|124
|
|t:|1662180864
|move|p1a: Sun|Stealth Rock||[still]
|-fail|p1a: Sun
|move|p2a: Chansey|Teleport||[still]
|-fail|p2a: Chansey
|
|upkeep
|turn|125
|
|t:|1662180866
|move|p1a: Sun|Moonlight|p1a: Sun
|-fail|p1a: Sun|heal
|move|p2a: Chansey|Aromatherapy||[still]
|-activate|p2a: Chansey|move: Aromatherapy
|-fail|p2a: Chansey
|
|upkeep
|turn|126
|
|t:|1662180868
|move|p1a: Sun|Moonlight|p1a: Sun
|-fail|p1a: Sun|heal
|move|p2a: Chansey|Aromatherapy||[still]
|-activate|p2a: Chansey|move: Aromatherapy
|-fail|p2a: Chansey
|
|upkeep
|turn|127
|
|t:|1662180869
|move|p1a: Sun|Moonlight|p1a: Sun
|-fail|p1a: Sun|heal
|move|p2a: Chansey|Toxic|p1a: Sun
|-immune|p1a: Sun
|
|upkeep
|turn|128
|
|t:|1662180870
|-activate|p1a: Sun|move: Struggle
|move|p1a: Sun|Struggle|p2a: Chansey
|-damage|p2a: Chansey|0 fnt
|faint|p2a: Chansey
|-damage|p1a: Sun|75/100|[from] recoil
|
|win|qtDread
|c|☆llmmllmm|hacker
|c|☆qtDread|real
|c|☆llmmllmm|hack
|c|☆llmmllmm|hack
|c|☆llmmllmm|hack
|c|☆llmmllmm|hack
|c|☆llmmllmm|i call
|c|☆llmmllmm|hack
|c|☆qtDread|REAL REAL
|c|☆qtDread|lmaoo
|c|☆llmmllmm|hacking
|c|☆llmmllmm|sun
