|j|☆DodoRSL
|j|☆Nobodi_Nowan
|t:|1662229985
|gametype|singles
|player|p1|DodoRSL|rosa-masters|1696
|player|p2|Nobodi_Nowan|akari|2008
|teamsize|p1|6
|teamsize|p2|6
|gen|8
|tier|[Gen 8] National Dex AG
|rated|
|rule|HP Percentage Mod: HP is shown in percentages
|rule|Endless Battle Clause: Forcing endless battles is banned
|clearpoke
|poke|p1|Zacian-*|
|poke|p1|Rayquaza|
|poke|p1|Chansey, F|
|poke|p1|Marshadow|
|poke|p1|Arceus-*|
|poke|p1|Ditto|
|poke|p2|Forretress, M|
|poke|p2|Arceus-*|
|poke|p2|Kyogre|
|poke|p2|Calyrex-Shadow|
|poke|p2|Zacian-*|
|poke|p2|Rayquaza|
|teampreview
|
|t:|1662230011
|start
|switch|p1a: Ditto|Ditto, shiny|100/100
|switch|p2a: Kyogre|Kyogre|100/100
|-transform|p1a: Ditto|p2a: Kyogre|[from] ability: Imposter
|-weather|RainDance|[from] ability: Drizzle|[of] p1a: Ditto
|detailschange|p2a: Kyogre|Kyogre-Primal
|-primal|p2a: Kyogre
|-weather|PrimordialSea|[from] ability: Primordial Sea|[of] p2a: Kyogre
|turn|1
|
|t:|1662230021
|move|p1a: Ditto|Thunder|p2a: Kyogre
|-supereffective|p2a: Kyogre
|-crit|p2a: Kyogre
|-damage|p2a: Kyogre|13/100
|-status|p2a: Kyogre|par
|move|p2a: Kyogre|Thunder|p1a: Ditto
|-supereffective|p1a: Ditto
|-damage|p1a: Ditto|20/100
|-status|p1a: Ditto|par
|
|-weather|PrimordialSea|[upkeep]
|upkeep
|turn|2
|
|t:|1662230034
|move|p1a: Ditto|Thunder|p2a: Kyogre
|-supereffective|p2a: Kyogre
|-damage|p2a: Kyogre|0 fnt
|faint|p2a: Kyogre
|-weather|none
|
|upkeep
|j| Nate2017
|
|t:|1662230052
|switch|p2a: Arceus|Arceus|100/100
|turn|3
|
|t:|1662230056
|switch|p1a: Chansey|Chansey, F|100/100
|move|p2a: Arceus|Extreme Speed|p1a: Chansey
|-damage|p1a: Chansey|75/100
|
|upkeep
|turn|4
|
|t:|1662230062
|switch|p2a: Forretress|Forretress, M|100/100
|move|p1a: Chansey|Aromatherapy|p1a: Chansey
|-activate|p1a: Chansey|move: Aromatherapy
|-curestatus|p1: Ditto|par|[msg]
|
|upkeep
|turn|5
|
|t:|1662230069
|switch|p1a: Ditto|Ditto, shiny|20/100
|-transform|p1a: Ditto|p2a: Forretress|[from] ability: Imposter
|move|p2a: Forretress|Stealth Rock|p1a: Ditto
|-sidestart|p1: DodoRSL|move: Stealth Rock
|
|upkeep
|turn|6
|
|t:|1662230076
|move|p1a: Ditto|Stealth Rock|p2a: Forretress
|-sidestart|p2: Nobodi_Nowan|move: Stealth Rock
|move|p2a: Forretress|Rapid Spin|p1a: Ditto
|-resisted|p1a: Ditto
|-damage|p1a: Ditto|17/100
|-boost|p2a: Forretress|spe|1
|-sideend|p2: Nobodi_Nowan|Stealth Rock|[from] move: Rapid Spin|[of] p2a: Forretress
|
|upkeep
|turn|7
|
|t:|1662230084
|switch|p1a: Arceus|Arceus-Fairy|100/100
|-damage|p1a: Arceus|88/100|[from] Stealth Rock
|move|p2a: Forretress|Rapid Spin|p1a: Arceus
|-damage|p1a: Arceus|80/100
|-boost|p2a: Forretress|spe|1
|
|upkeep
|turn|8
|
|t:|1662230091
|move|p1a: Arceus|Defog|p2a: Forretress
|-unboost|p2a: Forretress|evasion|1
|-sideend|p1: DodoRSL|Stealth Rock|[from] move: Defog|[of] p1a: Arceus
|move|p2a: Forretress|Volt Switch|p1a: Arceus
|-damage|p1a: Arceus|75/100
|
|t:|1662230098
|switch|p2a: Zacian|Zacian-Crowned, shiny|100/100|[from]move: Volt Switch
|-ability|p2a: Zacian|Intrepid Sword|boost
|-boost|p2a: Zacian|atk|1
|
|upkeep
|turn|9
|
|t:|1662230104
|switch|p1a: Zacian|Zacian-Crowned, shiny|100/100
|-ability|p1a: Zacian|Intrepid Sword|boost
|-boost|p1a: Zacian|atk|1
|move|p2a: Zacian|Substitute|p2a: Zacian
|-start|p2a: Zacian|Substitute
|-damage|p2a: Zacian|76/100
|
|upkeep
|turn|10
|
|t:|1662230112
|move|p1a: Zacian|Behemoth Blade|p2a: Zacian
|-end|p2a: Zacian|Substitute
|move|p2a: Zacian|Behemoth Blade|p1a: Zacian
|-damage|p1a: Zacian|8/100
|
|upkeep
|turn|11
|
|t:|1662230119
|move|p1a: Zacian|Behemoth Blade|p2a: Zacian
|-damage|p2a: Zacian|0 fnt
|faint|p2a: Zacian
|
|upkeep
|c|☆Nobodi_Nowan|u won 2 speedties
|
|t:|1662230130
|switch|p2a: Forretress|Forretress, M|100/100
|turn|12
|c|☆DodoRSL|its k
|c|☆DodoRSL|yesterday someone won 6 speedties with his yveltal against mine
|c|☆DodoRSL|in a row
|
|t:|1662230158
|switch|p1a: Rayquaza|Rayquaza, shiny|100/100
|-ability|p1a: Rayquaza|Air Lock
|move|p2a: Forretress|Stealth Rock|p1a: Rayquaza
|-sidestart|p1: DodoRSL|move: Stealth Rock
|
|upkeep
|turn|13
|c|☆Nobodi_Nowan|the problem is that im 300 elo above u
|
|t:|1662230170
|detailschange|p1a: Rayquaza|Rayquaza-Mega, shiny
|-mega|p1a: Rayquaza|Rayquaza|
|-weather|DeltaStream|[from] ability: Delta Stream|[of] p1a: Rayquaza
|move|p1a: Rayquaza|Dragon Dance|p1a: Rayquaza
|-boost|p1a: Rayquaza|atk|1
|-boost|p1a: Rayquaza|spe|1
|move|p2a: Forretress|Volt Switch|p1a: Rayquaza
|-activate||deltastream
|-resisted|p1a: Rayquaza
|-damage|p1a: Rayquaza|95/100
|
|t:|1662230179
|switch|p2a: Calyrex|Calyrex-Shadow|100/100|[from]move: Volt Switch
|-ability|p2a: Calyrex|As One
|-ability|p2a: Calyrex|Unnerve
|
|-weather|DeltaStream|[upkeep]
|upkeep
|turn|14
|
|t:|1662230185
|move|p2a: Calyrex|Astral Barrage|p1a: Rayquaza
|-damage|p1a: Rayquaza|20/100
|move|p1a: Rayquaza|Earthquake|p2a: Calyrex
|-damage|p2a: Calyrex|0 fnt
|faint|p2a: Calyrex
|-damage|p1a: Rayquaza|10/100|[from] item: Life Orb
|
|-weather|DeltaStream|[upkeep]
|upkeep
|
|t:|1662230204
|switch|p2a: Arceus|Arceus|100/100
|turn|15
|
|t:|1662230208
|move|p1a: Rayquaza|Extreme Speed|p2a: Arceus
|-damage|p2a: Arceus|49/100
|-damage|p1a: Rayquaza|0 fnt|[from] item: Life Orb
|faint|p1a: Rayquaza
|-weather|none
|move|p2a: Arceus|Extreme Speed|p1: Rayquaza|[notarget]
|-fail|p2a: Arceus
|
|upkeep
|
|t:|1662230218
|switch|p1a: Marshadow|Marshadow|100/100
|-damage|p1a: Marshadow|94/100|[from] Stealth Rock
|turn|16
|
|t:|1662230224
|switch|p2a: Forretress|Forretress, M|100/100
|move|p1a: Marshadow|Bulk Up|p1a: Marshadow
|-boost|p1a: Marshadow|atk|1
|-boost|p1a: Marshadow|def|1
|
|upkeep
|turn|17
|
|t:|1662230231
|-start|p1a: Marshadow|Dynamax|
|-heal|p1a: Marshadow|94/100|[silent]
|move|p1a: Marshadow|Max Knuckle|p2a: Forretress
|-damage|p2a: Forretress|64/100
|-boost|p1a: Marshadow|atk|1
|move|p2a: Forretress|Toxic|p1a: Marshadow
|-status|p1a: Marshadow|tox
|
|-heal|p2a: Forretress|70/100|[from] item: Leftovers
|-damage|p1a: Marshadow|91/100 tox|[from] psn
|upkeep
|turn|18
|
|t:|1662230244
|switch|p2a: Rayquaza|Rayquaza|100/100
|-ability|p2a: Rayquaza|Air Lock
|move|p1a: Marshadow|Max Phantasm|p2a: Rayquaza
|-damage|p2a: Rayquaza|0 fnt
|faint|p2a: Rayquaza
|
|-damage|p1a: Marshadow|85/100 tox|[from] psn
|upkeep
|
|t:|1662230263
|switch|p2a: Forretress|Forretress, M|70/100
|turn|19
|
|t:|1662230269
|-start|p2a: Forretress|Dynamax|
|-heal|p2a: Forretress|70/100|[silent]
|move|p2a: Forretress|Max Guard|p2a: Forretress
|-singleturn|p2a: Forretress|Max Guard
|move|p1a: Marshadow|Max Phantasm|p2a: Forretress
|-activate|p2a: Forretress|move: Max Guard
|
|-heal|p2a: Forretress|73/100|[from] item: Leftovers
|-damage|p1a: Marshadow|76/100 tox|[from] psn
|upkeep
|-end|p1a: Marshadow|Dynamax
|-heal|p1a: Marshadow|76/100 tox|[silent]
|turn|20
|
|t:|1662230280
|move|p1a: Marshadow|Spectral Thief|p2a: Forretress
|-damage|p2a: Forretress|46/100
|move|p2a: Forretress|Max Lightning|p1a: Marshadow
|-damage|p1a: Marshadow|55/100 tox
|-fieldstart|move: Electric Terrain
|
|-heal|p2a: Forretress|49/100|[from] item: Leftovers
|-damage|p1a: Marshadow|30/100 tox|[from] psn
|upkeep
|turn|21
|
|t:|1662230291
|switch|p1a: Chansey|Chansey, F|75/100
|-damage|p1a: Chansey|63/100|[from] Stealth Rock
|move|p2a: Forretress|Max Lightning|p1a: Chansey
|-damage|p1a: Chansey|55/100
|
|-heal|p2a: Forretress|52/100|[from] item: Leftovers
|upkeep
|-end|p2a: Forretress|Dynamax
|-heal|p2a: Forretress|52/100|[silent]
|turn|22
|
|t:|1662230303
|switch|p2a: Arceus|Arceus|49/100
|move|p1a: Chansey|Seismic Toss|p2a: Arceus
|-damage|p2a: Arceus|26/100
|
|upkeep
|turn|23
|
|t:|1662230308
|move|p2a: Arceus|Recover|p2a: Arceus
|-heal|p2a: Arceus|76/100
|move|p1a: Chansey|Soft-Boiled|p1a: Chansey
|-heal|p1a: Chansey|100/100
|
|upkeep
|turn|24
|
|t:|1662230318
|move|p2a: Arceus|Swords Dance|p2a: Arceus
|-boost|p2a: Arceus|atk|2
|move|p1a: Chansey|Toxic|p2a: Arceus
|-status|p2a: Arceus|tox
|-enditem|p2a: Arceus|Lum Berry|[eat]
|-curestatus|p2a: Arceus|tox|[msg]
|
|-fieldend|move: Electric Terrain
|upkeep
|turn|25
|
|t:|1662230326
|switch|p2a: Forretress|Forretress, M|52/100
|move|p1a: Chansey|Toxic|p2a: Forretress|[miss]
|-miss|p1a: Chansey|p2a: Forretress
|
|-heal|p2a: Forretress|59/100|[from] item: Leftovers
|upkeep
|turn|26
|
|t:|1662230333
|move|p1a: Chansey|Seismic Toss|p2a: Forretress
|-damage|p2a: Forretress|30/100
|move|p2a: Forretress|Volt Switch|p1a: Chansey
|-damage|p1a: Chansey|97/100
|
|t:|1662230338
|switch|p2a: Arceus|Arceus|76/100|[from]move: Volt Switch
|
|upkeep
|turn|27
|
|t:|1662230343
|move|p2a: Arceus|Swords Dance|p2a: Arceus
|-boost|p2a: Arceus|atk|2
|move|p1a: Chansey|Toxic|p2a: Arceus
|-status|p2a: Arceus|tox
|
|-damage|p2a: Arceus|70/100 tox|[from] psn
|upkeep
|turn|28
|
|t:|1662230350
|move|p2a: Arceus|Swords Dance|p2a: Arceus
|-boost|p2a: Arceus|atk|2
|move|p1a: Chansey|Seismic Toss|p2a: Arceus
|-damage|p2a: Arceus|47/100 tox
|
|-damage|p2a: Arceus|35/100 tox|[from] psn
|upkeep
|turn|29
|
|t:|1662230357
|move|p2a: Arceus|Extreme Speed|p1a: Chansey
|-damage|p1a: Chansey|18/100
|move|p1a: Chansey|Seismic Toss|p2a: Arceus
|-damage|p2a: Arceus|12/100 tox
|
|-damage|p2a: Arceus|0 fnt|[from] psn
|faint|p2a: Arceus
|upkeep
|-message|Nobodi_Nowan forfeited.
|
|win|DodoRSL
|raw|DodoRSL's rating: 1696 &rarr; <strong>1730</strong><br />(+34 for winning)
|raw|Nobodi_Nowan's rating: 2008 &rarr; <strong>1974</strong><br />(-34 for losing)
|l|☆Nobodi_Nowan
