|j|☆wheelien
|j|☆yes daddy yes
|player|p1|wheelien|214|1462
|player|p2|yes daddy yes|37|1394
|teamsize|p1|6
|teamsize|p2|6
|gametype|singles
|gen|8
|tier|[Gen 8] National Dex AG
|rated|
|clearpoke
|poke|p1|Arceus-*|
|poke|p1|Arceus-*|
|poke|p1|Arceus-*|
|poke|p1|Arceus-*|
|poke|p1|Arceus-*|
|poke|p1|Arceus-*|
|poke|p2|Eternatus|
|poke|p2|Eternatus|
|poke|p2|Eternatus|
|poke|p2|Eternatus|
|poke|p2|Eternatus|
|poke|p2|Eternatus|
|rule|HP Percentage Mod: HP is shown in percentages
|rule|Endless Battle Clause: Forcing endless battles is banned
|teampreview
|
|start
|switch|p1a: Love|Arceus|100/100
|switch|p2a: Eternatus|Eternatus|100/100
|-ability|p2a: Eternatus|Pressure
|turn|1
|
|move|p2a: Eternatus|Toxic Spikes|p1a: Love
|-sidestart|p1: wheelien|move: Toxic Spikes
|move|p1a: Love|Light Screen|p1a: Love
|-sidestart|p1: wheelien|move: Light Screen
|
|upkeep
|turn|2
|
|move|p2a: Eternatus|Toxic Spikes|p1a: Love
|-sidestart|p1: wheelien|move: Toxic Spikes
|move|p1a: Love|Stealth Rock|p2a: Eternatus
|-sidestart|p2: yes daddy yes|move: Stealth Rock
|
|upkeep
|turn|3
|
|move|p2a: Eternatus|Sludge Wave|p1a: Love
|-damage|p1a: Love|76/100
|-status|p1a: Love|psn
|-damage|p2a: Eternatus|91/100|[from] item: Life Orb
|move|p1a: Love|Perish Song|p1a: Love
|-start|p1a: Love|perish3|[silent]
|-start|p2a: Eternatus|perish3|[silent]
|-fieldactivate|move: Perish Song
|
|-damage|p1a: Love|63/100 psn|[from] psn
|-start|p2a: Eternatus|perish3
|-start|p1a: Love|perish3
|upkeep
|turn|4
|
|switch|p1a: Persecution|Arceus|100/100
|-status|p1a: Persecution|tox
|move|p2a: Eternatus|Sludge Wave|p1a: Persecution
|-damage|p1a: Persecution|75/100 tox
|-damage|p2a: Eternatus|81/100|[from] item: Life Orb
|
|-damage|p1a: Persecution|69/100 tox|[from] psn
|-start|p2a: Eternatus|perish2
|upkeep
|turn|5
|
|move|p2a: Eternatus|Dynamax Cannon|p1a: Persecution
|-damage|p1a: Persecution|41/100 tox
|-damage|p2a: Eternatus|71/100|[from] item: Life Orb
|move|p1a: Persecution|Facade|p2a: Eternatus
|-damage|p2a: Eternatus|0 fnt
|-damage|p1a: Persecution|31/100 tox|[from] item: Life Orb
|faint|p2a: Eternatus
|
|-damage|p1a: Persecution|19/100 tox|[from] psn
|upkeep
|
|switch|p2a: Eternatus|Eternatus|100/100
|-damage|p2a: Eternatus|88/100|[from] Stealth Rock
|-ability|p2a: Eternatus|Pressure
|turn|6
|
|move|p1a: Persecution|Extreme Speed|p2a: Eternatus
|-damage|p2a: Eternatus|41/100
|-damage|p1a: Persecution|9/100 tox|[from] item: Life Orb
|move|p2a: Eternatus|Dynamax Cannon|p1a: Persecution
|-damage|p1a: Persecution|0 fnt
|faint|p1a: Persecution
|
|upkeep
|
|switch|p1a: Judgment|Arceus|100/100
|-status|p1a: Judgment|tox
|turn|7
|
|move|p1a: Judgment|Retaliate|p2a: Eternatus
|-damage|p2a: Eternatus|0 fnt
|faint|p2a: Eternatus
|
|-damage|p1a: Judgment|94/100 tox|[from] psn
|upkeep
|
|switch|p2a: Eternatus|Eternatus|100/100
|-damage|p2a: Eternatus|88/100|[from] Stealth Rock
|-ability|p2a: Eternatus|Pressure
|turn|8
|
|switch|p1a: Love|Arceus|63/100 psn
|move|p2a: Eternatus|Dynamax Cannon|p1a: Love
|-damage|p1a: Love|37/100 psn
|-damage|p2a: Eternatus|78/100|[from] item: Life Orb
|
|-damage|p1a: Love|24/100 psn|[from] psn
|-sideend|p1: wheelien|move: Light Screen
|upkeep
|turn|9
|
|move|p2a: Eternatus|Dynamax Cannon|p1a: Love
|-crit|p1a: Love
|-damage|p1a: Love|0 fnt
|-damage|p2a: Eternatus|68/100|[from] item: Life Orb
|faint|p1a: Love
|
|upkeep
|
|switch|p1a: Judgment|Arceus|94/100 tox
|turn|10
|
|move|p1a: Judgment|Retaliate|p2a: Eternatus
|-damage|p2a: Eternatus|8/100
|move|p2a: Eternatus|Dynamax Cannon|p1a: Judgment
|-damage|p1a: Judgment|35/100 tox
|-damage|p2a: Eternatus|0 fnt|[from] item: Life Orb
|faint|p2a: Eternatus
|
|-damage|p1a: Judgment|29/100 tox|[from] psn
|upkeep
|
|switch|p2a: Eternatus|Eternatus|100/100
|-damage|p2a: Eternatus|88/100|[from] Stealth Rock
|-ability|p2a: Eternatus|Pressure
|turn|11
|
|switch|p1a: Patience|Arceus|100/100
|-status|p1a: Patience|tox
|move|p2a: Eternatus|Dynamax Cannon|p1a: Patience
|-damage|p1a: Patience|71/100 tox
|
|-heal|p2a: Eternatus|94/100|[from] item: Black Sludge
|-damage|p1a: Patience|65/100 tox|[from] psn
|upkeep
|turn|12
|
|move|p2a: Eternatus|Dynamax Cannon|p1a: Patience
|-damage|p1a: Patience|32/100 tox
|move|p1a: Patience|Earthquake|p2a: Eternatus
|-supereffective|p2a: Eternatus
|-damage|p2a: Eternatus|53/100
|
|-heal|p2a: Eternatus|59/100|[from] item: Black Sludge
|-damage|p1a: Patience|19/100 tox|[from] psn
|upkeep
|turn|13
|
|move|p1a: Patience|Extreme Speed|p2a: Eternatus
|-damage|p2a: Eternatus|33/100
|move|p2a: Eternatus|Dynamax Cannon|p1a: Patience
|-damage|p1a: Patience|0 fnt
|faint|p1a: Patience
|
|-heal|p2a: Eternatus|39/100|[from] item: Black Sludge
|upkeep
|
|switch|p1a: Judgment|Arceus|29/100 tox
|turn|14
|
|move|p1a: Judgment|Retaliate|p2a: Eternatus
|-crit|p2a: Eternatus
|-damage|p2a: Eternatus|0 fnt
|faint|p2a: Eternatus
|
|-damage|p1a: Judgment|23/100 tox|[from] psn
|upkeep
|
|switch|p2a: Eternatus|Eternatus|100/100
|-damage|p2a: Eternatus|88/100|[from] Stealth Rock
|-ability|p2a: Eternatus|Pressure
|turn|15
|c|☆yes daddy yes|fyi your team lacks variety
|
|move|p1a: Judgment|Retaliate|p2a: Eternatus
|-damage|p2a: Eternatus|60/100
|move|p2a: Eternatus|Reflect|p2a: Eternatus
|-sidestart|p2: yes daddy yes|Reflect
|
|-damage|p1a: Judgment|11/100 tox|[from] psn
|upkeep
|turn|16
|
|switch|p1a: Sacrifice|Arceus|100/100
|-status|p1a: Sacrifice|tox
|move|p2a: Eternatus|Light Screen|p2a: Eternatus
|-sidestart|p2: yes daddy yes|move: Light Screen
|
|-damage|p1a: Sacrifice|94/100 tox|[from] psn
|upkeep
|turn|17
|
|move|p2a: Eternatus|Dynamax Cannon|p1a: Sacrifice
|-damage|p1a: Sacrifice|53/100 tox
|move|p1a: Sacrifice|Swords Dance|p1a: Sacrifice
|-boost|p1a: Sacrifice|atk|2
|
|-damage|p1a: Sacrifice|41/100 tox|[from] psn
|upkeep
|turn|18
|
|move|p1a: Sacrifice|Extreme Speed|p2a: Eternatus
|-damage|p2a: Eternatus|24/100
|move|p2a: Eternatus|Dynamax Cannon|p1a: Sacrifice
|-damage|p1a: Sacrifice|0 fnt
|faint|p1a: Sacrifice
|
|upkeep
|
|switch|p1a: Judgment|Arceus|11/100 tox
|turn|19
|
|move|p1a: Judgment|Defog|p2a: Eternatus
|-unboost|p2a: Eternatus|evasion|1
|-sideend|p2: yes daddy yes|Reflect
|-sideend|p2: yes daddy yes|move: Light Screen
|-sideend|p2: yes daddy yes|Stealth Rock|[from] move: Defog|[of] p1a: Judgment
|-sideend|p1: wheelien|Toxic Spikes|[from] move: Defog|[of] p1a: Judgment
|move|p2a: Eternatus|Dynamax Cannon|p1a: Judgment
|-damage|p1a: Judgment|0 fnt
|faint|p1a: Judgment
|
|upkeep
|
|switch|p1a: Miracle|Arceus|100/100
|turn|20
|
|move|p1a: Miracle|Extreme Speed|p2a: Eternatus
|-damage|p2a: Eternatus|0 fnt
|faint|p2a: Eternatus
|
|upkeep
|
|switch|p2a: Eternatus|Eternatus|100/100
|-ability|p2a: Eternatus|Pressure
|turn|21
|
|-zpower|p1a: Miracle
|move|p1a: Miracle|Breakneck Blitz|p2a: Eternatus|[zeffect]
|-damage|p2a: Eternatus|31/100
|move|p2a: Eternatus|Cosmic Power|p2a: Eternatus
|-boost|p2a: Eternatus|def|1
|-boost|p2a: Eternatus|spd|1
|
|-heal|p2a: Eternatus|37/100|[from] item: Black Sludge
|upkeep
|turn|22
|
|move|p1a: Miracle|Swords Dance|p1a: Miracle
|-boost|p1a: Miracle|atk|2
|move|p2a: Eternatus|Recover|p2a: Eternatus
|-heal|p2a: Eternatus|87/100
|
|-heal|p2a: Eternatus|93/100|[from] item: Black Sludge
|upkeep
|turn|23
|
|move|p1a: Miracle|Extreme Speed|p2a: Eternatus
|-damage|p2a: Eternatus|60/100
|move|p2a: Eternatus|Cosmic Power|p2a: Eternatus
|-boost|p2a: Eternatus|def|1
|-boost|p2a: Eternatus|spd|1
|
|-heal|p2a: Eternatus|66/100|[from] item: Black Sludge
|upkeep
|turn|24
|
|move|p1a: Miracle|Swords Dance|p1a: Miracle
|-boost|p1a: Miracle|atk|2
|move|p2a: Eternatus|Cosmic Power|p2a: Eternatus
|-boost|p2a: Eternatus|def|1
|-boost|p2a: Eternatus|spd|1
|
|-heal|p2a: Eternatus|72/100|[from] item: Black Sludge
|upkeep
|turn|25
|
|move|p1a: Miracle|Shadow Force||[still]
|-prepare|p1a: Miracle|Shadow Force|p2a: Eternatus
|move|p2a: Eternatus|Cosmic Power|p2a: Eternatus
|-boost|p2a: Eternatus|def|1
|-boost|p2a: Eternatus|spd|1
|
|-heal|p2a: Eternatus|78/100|[from] item: Black Sludge
|upkeep
|turn|26
|
|move|p1a: Miracle|Shadow Force|p2a: Eternatus|[from]lockedmove
|-damage|p2a: Eternatus|51/100
|move|p2a: Eternatus|Toxic|p1a: Miracle
|-status|p1a: Miracle|tox
|
|-heal|p2a: Eternatus|57/100|[from] item: Black Sludge
|-damage|p1a: Miracle|94/100 tox|[from] psn
|upkeep
|turn|27
|
|move|p1a: Miracle|Last Resort|p2a: Eternatus
|-damage|p2a: Eternatus|7/100
|move|p2a: Eternatus|Recover|p2a: Eternatus
|-heal|p2a: Eternatus|57/100
|
|-heal|p2a: Eternatus|64/100|[from] item: Black Sludge
|-damage|p1a: Miracle|82/100 tox|[from] psn
|upkeep
|turn|28
|
|move|p1a: Miracle|Swords Dance|p1a: Miracle
|-boost|p1a: Miracle|atk|2
|move|p2a: Eternatus|Recover|p2a: Eternatus
|-heal|p2a: Eternatus|100/100
|
|-damage|p1a: Miracle|64/100 tox|[from] psn
|upkeep
|turn|29
|
|move|p1a: Miracle|Last Resort|p2a: Eternatus
|-crit|p2a: Eternatus
|-damage|p2a: Eternatus|0 fnt
|faint|p2a: Eternatus
|
|win|wheelien
|c|☆wheelien|gg
|c|☆yes daddy yes|ggggg
|l|☆yes daddy yes
|l|☆wheelien
|j|☆wheelien
|player|p1|wheelien|214
|raw|wheelien's rating: 1463 &rarr; <strong>1479</strong><br />(+16 for winning)
|raw|yes daddy yes's rating: 1395 &rarr; <strong>1379</strong><br />(-16 for losing)
