|j|☆yiko shabi
|j|☆mardydu
|inactive|Battle timer is ON: inactive players will automatically lose when time's up.
|t:|1667881806
|gametype|singles
|player|p1|yiko shabi|pokemonrangerf-gen4|
|player|p2|mardydu|boarder|
|teamsize|p1|6
|teamsize|p2|6
|gen|8
|tier|[Gen 8] National Dex AG
|rated|Tournament battle
|rule|HP Percentage Mod: HP is shown in percentages
|rule|Endless Battle Clause: Forcing endless battles is banned
|clearpoke
|poke|p1|Zacian-*|
|poke|p1|Kyogre|
|poke|p1|Rayquaza|
|poke|p1|Marshadow|
|poke|p1|Ditto|
|poke|p1|Arceus-*|
|poke|p2|Arceus-*|
|poke|p2|Calyrex-Shadow|
|poke|p2|Rayquaza|
|poke|p2|Regieleki|
|poke|p2|Smeargle, M|
|poke|p2|Skarmory, F|
|teampreview
|inactive|mardydu also wants the timer to be on.
|j| BestLeBronNA
|
|t:|1667881812
|start
|switch|p1a: Arceus|Arceus-Electric|100/100
|switch|p2a: Skarmory|Skarmory, F|100/100
|turn|1
|
|t:|1667881815
|move|p1a: Arceus|Stealth Rock|p2a: Skarmory
|-sidestart|p2: mardydu|move: Stealth Rock
|move|p2a: Skarmory|Stealth Rock|p1a: Arceus
|-sidestart|p1: yiko shabi|move: Stealth Rock
|
|upkeep
|turn|2
|
|t:|1667881819
|move|p1a: Arceus|Judgment|p2a: Skarmory
|-supereffective|p2a: Skarmory
|-ability|p2a: Skarmory|Sturdy
|-damage|p2a: Skarmory|1/100
|move|p2a: Skarmory|Taunt|p1a: Arceus
|-start|p1a: Arceus|move: Taunt
|
|upkeep
|turn|3
|
|t:|1667881823
|move|p1a: Arceus|Judgment|p2a: Skarmory
|-supereffective|p2a: Skarmory
|-damage|p2a: Skarmory|0 fnt
|faint|p2a: Skarmory
|
|upkeep
|
|t:|1667881828
|switch|p2a: JumpingMan|Regieleki|100/100
|-damage|p2a: JumpingMan|88/100|[from] Stealth Rock
|turn|4
|
|t:|1667881832
|move|p2a: JumpingMan|Rapid Spin|p1a: Arceus
|-damage|p1a: Arceus|92/100
|-boost|p2a: JumpingMan|spe|1
|-sideend|p2: mardydu|Stealth Rock|[from] move: Rapid Spin|[of] p2a: JumpingMan
|move|p1a: Arceus|Judgment|p2a: JumpingMan
|-resisted|p2a: JumpingMan
|-damage|p2a: JumpingMan|24/100
|
|upkeep
|turn|5
|
|t:|1667881838
|move|p2a: JumpingMan|Thunder Cage|p1a: Arceus
|-resisted|p1a: Arceus
|-damage|p1a: Arceus|72/100
|-activate|p1a: Arceus|move: Thunder Cage|[of] p2a: JumpingMan
|move|p1a: Arceus|Judgment|p2a: JumpingMan
|-resisted|p2a: JumpingMan
|-damage|p2a: JumpingMan|0 fnt
|faint|p2a: JumpingMan
|
|-end|p1a: Arceus|Thunder Cage|[partiallytrapped]|[silent]
|-end|p1a: Arceus|move: Taunt
|upkeep
|
|t:|1667881849
|switch|p2a: Arceus|Arceus|100/100
|turn|6
|
|t:|1667881872
|move|p2a: Arceus|Earth Power|p1a: Arceus
|-supereffective|p1a: Arceus
|-damage|p1a: Arceus|20/100
|move|p1a: Arceus|Stealth Rock|p2a: Arceus
|-sidestart|p2: mardydu|move: Stealth Rock
|
|upkeep
|turn|7
|
|t:|1667881876
|move|p2a: Arceus|Earth Power|p1a: Arceus
|-supereffective|p1a: Arceus
|-damage|p1a: Arceus|0 fnt
|faint|p1a: Arceus
|
|upkeep
|
|t:|1667881883
|switch|p1a: Rayquaza|Rayquaza|100/100
|-damage|p1a: Rayquaza|76/100|[from] Stealth Rock
|-ability|p1a: Rayquaza|Air Lock
|turn|8
|
|t:|1667881889
|switch|p2a: Rayquaza|Rayquaza|100/100
|-damage|p2a: Rayquaza|76/100|[from] Stealth Rock
|-ability|p2a: Rayquaza|Air Lock
|detailschange|p1a: Rayquaza|Rayquaza-Mega
|-mega|p1a: Rayquaza|Rayquaza|
|-weather|DeltaStream|[from] ability: Delta Stream|[of] p1a: Rayquaza
|move|p1a: Rayquaza|Dragon Ascent|p2a: Rayquaza
|-damage|p2a: Rayquaza|0 fnt
|-unboost|p1a: Rayquaza|def|1
|-unboost|p1a: Rayquaza|spd|1
|faint|p2a: Rayquaza
|
|-weather|DeltaStream|[upkeep]
|upkeep
|
|t:|1667881892
|switch|p2a: Arceus|Arceus|100/100
|-damage|p2a: Arceus|88/100|[from] Stealth Rock
|turn|9
|j| LocalMetagross
|
|t:|1667881903
|move|p2a: Arceus|Ice Beam|p1a: Rayquaza
|-activate||deltastream
|-supereffective|p1a: Rayquaza
|-damage|p1a: Rayquaza|0 fnt
|faint|p1a: Rayquaza
|-weather|none
|
|upkeep
|
|t:|1667881905
|switch|p1a: Zacian|Zacian-Crowned|100/100
|-damage|p1a: Zacian|94/100|[from] Stealth Rock
|-ability|p1a: Zacian|Intrepid Sword|boost
|-boost|p1a: Zacian|atk|1
|turn|10
|
|t:|1667881911
|switch|p2a: Smeargle|Smeargle, M|100/100
|-damage|p2a: Smeargle|88/100|[from] Stealth Rock
|move|p1a: Zacian|Substitute|p1a: Zacian
|-start|p1a: Zacian|Substitute
|-damage|p1a: Zacian|69/100
|
|-ability|p2a: Smeargle|Moody|boost
|-boost|p2a: Smeargle|spd|2
|-unboost|p2a: Smeargle|spe|1
|upkeep
|turn|11
|
|t:|1667881928
|move|p1a: Zacian|Behemoth Blade|p2a: Smeargle
|-damage|p2a: Smeargle|0 fnt
|faint|p2a: Smeargle
|
|upkeep
|
|t:|1667881930
|switch|p2a: Horse in cali|Calyrex-Shadow|100/100
|-ability|p2a: Horse in cali|As One
|-ability|p2a: Horse in cali|Unnerve
|-damage|p2a: Horse in cali|88/100|[from] Stealth Rock
|turn|12
|
|t:|1667881951
|move|p2a: Horse in cali|Astral Barrage|p1a: Zacian
|-end|p1a: Zacian|Substitute
|move|p1a: Zacian|Behemoth Blade|p2a: Horse in cali
|-damage|p2a: Horse in cali|0 fnt
|faint|p2a: Horse in cali
|
|upkeep
|
|t:|1667881953
|switch|p2a: Arceus|Arceus|88/100
|-damage|p2a: Arceus|76/100|[from] Stealth Rock
|turn|13
|j| LocalMarshadow
|
|t:|1667881960
|move|p2a: Arceus|Earth Power|p1a: Zacian
|-supereffective|p1a: Zacian
|-damage|p1a: Zacian|10/100
|move|p1a: Zacian|Close Combat|p2a: Arceus
|-supereffective|p2a: Arceus
|-damage|p2a: Arceus|0 fnt
|-unboost|p1a: Zacian|def|1
|-unboost|p1a: Zacian|spd|1
|faint|p2a: Arceus
|
|win|yiko shabi
|n|☆yiko shabi|yikoshabi
|n|☆mardydu|mardydu
|n| BestLeBronNA|bestlebronna
|n| LocalMetagross|localmetagross
|n| LocalMarshadow|localmarshadow
