|j|☆lyblwt12345
|j|☆alt1445645
|t:|1666074200
|gametype|singles
|player|p1|lyblwt12345|cynthia-gen4|1674
|player|p2|alt1445645|lucas|1825
|teamsize|p1|6
|teamsize|p2|6
|gen|8
|tier|[Gen 8] National Dex AG
|rated|
|rule|HP Percentage Mod: HP is shown in percentages
|rule|Endless Battle Clause: Forcing endless battles is banned
|clearpoke
|poke|p1|Arceus-*|
|poke|p1|Zacian-*|
|poke|p1|Rayquaza|
|poke|p1|Kyogre|
|poke|p1|Marshadow|
|poke|p1|Ditto|
|poke|p2|Groudon|
|poke|p2|Rayquaza|
|poke|p2|Zygarde|
|poke|p2|Calyrex-Shadow|
|poke|p2|Arceus-*|
|poke|p2|Arceus-*|
|teampreview
|inactive|Battle timer is ON: inactive players will automatically lose when time's up. (requested by alt1445645)
|
|t:|1666074224
|start
|switch|p1a: Arceus|Arceus-Electric|100/100
|switch|p2a: the gwoat|Rayquaza|100/100
|-ability|p2a: the gwoat|Air Lock
|turn|1
|
|t:|1666074235
|detailschange|p2a: the gwoat|Rayquaza-Mega
|-mega|p2a: the gwoat|Rayquaza|
|-weather|DeltaStream|[from] ability: Delta Stream|[of] p2a: the gwoat
|move|p1a: Arceus|Stealth Rock|p2a: the gwoat
|-sidestart|p2: alt1445645|move: Stealth Rock
|move|p2a: the gwoat|Scale Shot|p1a: Arceus
|-damage|p1a: Arceus|83/100
|-damage|p1a: Arceus|63/100
|-damage|p1a: Arceus|44/100
|-damage|p1a: Arceus|24/100
|-damage|p1a: Arceus|7/100
|-hitcount|p1a: Arceus|5
|-unboost|p2a: the gwoat|def|1
|-boost|p2a: the gwoat|spe|1
|-damage|p2a: the gwoat|91/100|[from] item: Life Orb
|
|-weather|DeltaStream|[upkeep]
|upkeep
|turn|2
|
|t:|1666074256
|switch|p1a: Marshadow|Marshadow|100/100
|move|p2a: the gwoat|Extreme Speed|p1a: Marshadow
|-immune|p1a: Marshadow
|
|-weather|DeltaStream|[upkeep]
|upkeep
|turn|3
|
|t:|1666074266
|switch|p1a: Zacian|Zacian-Crowned|100/100
|-ability|p1a: Zacian|Intrepid Sword|boost
|-boost|p1a: Zacian|atk|1
|move|p2a: the gwoat|Scale Shot|p1a: Zacian
|-immune|p1a: Zacian
|
|-weather|DeltaStream|[upkeep]
|upkeep
|turn|4
|
|t:|1666074279
|switch|p1a: Kyogre|Kyogre|100/100
|detailschange|p1a: Kyogre|Kyogre-Primal
|-primal|p1a: Kyogre
|-weather|PrimordialSea|[from] ability: Primordial Sea|[of] p1a: Kyogre
|move|p2a: the gwoat|Earthquake|p1a: Kyogre
|-damage|p1a: Kyogre|62/100
|-damage|p2a: the gwoat|81/100|[from] item: Life Orb
|
|-weather|PrimordialSea|[upkeep]
|upkeep
|turn|5
|c|☆alt1445645|wot did all that swappin get u
|
|t:|1666074298
|move|p2a: the gwoat|Dragon Ascent|p1a: Kyogre
|-damage|p1a: Kyogre|0 fnt
|-unboost|p2a: the gwoat|def|1
|-unboost|p2a: the gwoat|spd|1
|faint|p1a: Kyogre
|-weather|none
|-damage|p2a: the gwoat|71/100|[from] item: Life Orb
|
|upkeep
|
|t:|1666074305
|switch|p1a: Rayquaza|Rayquaza|100/100
|-ability|p1a: Rayquaza|Air Lock
|turn|6
|
|t:|1666074310
|detailschange|p1a: Rayquaza|Rayquaza-Mega
|-mega|p1a: Rayquaza|Rayquaza|
|-weather|DeltaStream|[from] ability: Delta Stream|[of] p1a: Rayquaza
|move|p2a: the gwoat|Extreme Speed|p1a: Rayquaza
|-damage|p1a: Rayquaza|51/100
|-damage|p2a: the gwoat|61/100|[from] item: Life Orb
|move|p1a: Rayquaza|Extreme Speed|p2a: the gwoat
|-damage|p2a: the gwoat|0 fnt
|faint|p2a: the gwoat
|-damage|p1a: Rayquaza|41/100|[from] item: Life Orb
|
|-weather|DeltaStream|[upkeep]
|upkeep
|
|t:|1666074316
|switch|p2a: the goat|Zygarde, shiny|100/100
|-damage|p2a: the goat|94/100|[from] Stealth Rock
|turn|7
|
|t:|1666074327
|-weather|none
|switch|p1a: Arceus|Arceus-Electric|7/100
|move|p2a: the goat|Glare|p1a: Arceus
|-immune|p1a: Arceus
|
|-heal|p2a: the goat|100/100|[from] item: Leftovers
|upkeep
|turn|8
|
|t:|1666074335
|move|p1a: Arceus|Ice Beam|p2a: the goat
|-supereffective|p2a: the goat
|-damage|p2a: the goat|5/100
|move|p2a: the goat|Thousand Arrows|p1a: Arceus
|-supereffective|p1a: Arceus
|-damage|p1a: Arceus|0 fnt
|faint|p1a: Arceus
|
|-heal|p2a: the goat|11/100|[from] item: Leftovers
|-activate|p2a: the goat|ability: Power Construct
|detailschange|p2a: the goat|Zygarde-Complete, shiny
|-heal|p2a: the goat|42/100|[silent]
|upkeep
|
|t:|1666074347
|switch|p1a: Rayquaza|Rayquaza-Mega|41/100
|-weather|DeltaStream|[from] ability: Delta Stream|[of] p1a: Rayquaza
|turn|9
|
|t:|1666074351
|move|p1a: Rayquaza|Dragon Ascent|p2a: the goat
|-damage|p2a: the goat|1/100
|-unboost|p1a: Rayquaza|def|1
|-unboost|p1a: Rayquaza|spd|1
|-damage|p1a: Rayquaza|31/100|[from] item: Life Orb
|move|p2a: the goat|Glare|p1a: Rayquaza
|-status|p1a: Rayquaza|par
|
|-weather|DeltaStream|[upkeep]
|-heal|p2a: the goat|7/100|[from] item: Leftovers
|upkeep
|turn|10
|-message|lyblwt12345 forfeited.
|
|win|alt1445645
|raw|lyblwt12345's rating: 1674 &rarr; <strong>1662</strong><br />(-12 for losing)
|raw|alt1445645's rating: 1825 &rarr; <strong>1837</strong><br />(+12 for winning)
|l|☆lyblwt12345
|c|☆alt1445645|lmao
