|j|☆kasak
|j|☆steak99
|t:|1614040129
|player|p1|kasak|youngster-gen4|1954
|player|p2|steak99|sage|1764
|teamsize|p1|6
|teamsize|p2|6
|gametype|singles
|gen|8
|tier|[Gen 8] National Dex AG
|rated|
|clearpoke
|poke|p1|Arceus-*|
|poke|p1|Ditto|
|poke|p1|Chansey, F|
|poke|p1|Lugia|
|poke|p1|Groudon|
|poke|p1|Arceus-*|
|poke|p2|Groudon|
|poke|p2|Necrozma-Dusk-Mane|
|poke|p2|Calyrex-Shadow|
|poke|p2|Ho-Oh|
|poke|p2|Arceus-*|
|poke|p2|Rayquaza|
|rule|HP Percentage Mod: HP is shown in percentages
|rule|Endless Battle Clause: Forcing endless battles is banned
|teampreview
|
|t:|1614040156
|start
|switch|p1a: 그란돈|Groudon|100/100
|switch|p2a: Arceus|Arceus-Ground, shiny|100/100
|detailschange|p1a: 그란돈|Groudon-Primal
|-primal|p1a: 그란돈
|-weather|DesolateLand|[from] ability: Desolate Land|[of] p1a: 그란돈
|turn|1
|
|t:|1614040167
|-weather|none
|switch|p1a: 루기아|Lugia|100/100
|move|p2a: Arceus|Stealth Rock|p1a: 루기아
|-sidestart|p1: kasak|move: Stealth Rock
|
|upkeep
|turn|2
|
|t:|1614040179
|switch|p2a: Necrozma|Necrozma-Dusk-Mane, shiny|100/100
|move|p1a: 루기아|Roost||[still]
|-fail|p1a: 루기아|heal
|
|upkeep
|turn|3
|
|t:|1614040194
|switch|p2a: Arceus|Arceus-Ground, shiny|100/100
|move|p1a: 루기아|Defog|p2a: Arceus
|-unboost|p2a: Arceus|evasion|1
|-sideend|p1: kasak|Stealth Rock|[from] move: Defog|[of] p1a: 루기아
|
|upkeep
|turn|4
|
|t:|1614040204
|move|p2a: Arceus|Thunder Wave|p1a: 루기아
|-status|p1a: 루기아|par
|move|p1a: 루기아|Toxic|p2a: Arceus
|-status|p2a: Arceus|tox
|
|-damage|p2a: Arceus|94/100 tox|[from] psn
|upkeep
|turn|5
|
|t:|1614040214
|switch|p2a: Groudon|Groudon, shiny|100/100
|detailschange|p2a: Groudon|Groudon-Primal, shiny
|-primal|p2a: Groudon
|-weather|DesolateLand|[from] ability: Desolate Land|[of] p2a: Groudon
|switch|p1a: 악르세우스|Arceus-Dark|100/100
|
|-weather|DesolateLand|[upkeep]
|upkeep
|turn|6
|
|t:|1614040228
|switch|p1a: 루기아|Lugia|100/100 par
|-weather|none
|switch|p2a: Arceus|Arceus-Ground, shiny|94/100 tox
|
|-damage|p2a: Arceus|88/100 tox|[from] psn
|upkeep
|turn|7
|
|t:|1614040240
|switch|p1a: 악르세우스|Arceus-Dark|100/100
|move|p2a: Arceus|Roar|p1a: 악르세우스
|drag|p1a: 루기아|Lugia|100/100 par
|
|-damage|p2a: Arceus|76/100 tox|[from] psn
|upkeep
|turn|8
|
|t:|1614040252
|move|p1a: 루기아|Aeroblast|p2a: Arceus
|-damage|p2a: Arceus|57/100 tox
|move|p2a: Arceus|Roar|p1a: 루기아
|drag|p1a: 메타몽|Ditto|100/100
|-transform|p1a: 메타몽|p2a: Arceus|[from] ability: Imposter
|
|-damage|p2a: Arceus|39/100 tox|[from] psn
|upkeep
|turn|9
|
|t:|1614040266
|move|p1a: 메타몽|Stealth Rock|p2a: Arceus
|-sidestart|p2: steak99|move: Stealth Rock
|move|p2a: Arceus|Stealth Rock|p1a: 메타몽
|-sidestart|p1: kasak|move: Stealth Rock
|
|-damage|p2a: Arceus|14/100 tox|[from] psn
|upkeep
|turn|10
|
|t:|1614040277
|switch|p1a: 럭키|Chansey, F|100/100
|-damage|p1a: 럭키|88/100|[from] Stealth Rock
|move|p2a: Arceus|Roar|p1a: 럭키
|drag|p1a: 아르세우스|Arceus-Fairy|100/100
|-damage|p1a: 아르세우스|88/100|[from] Stealth Rock
|
|-damage|p2a: Arceus|0 fnt|[from] psn
|faint|p2a: Arceus
|upkeep
|
|t:|1614040292
|switch|p2a: Necrozma|Necrozma-Dusk-Mane, shiny|100/100
|-damage|p2a: Necrozma|94/100|[from] Stealth Rock
|turn|11
|
|t:|1614040303
|switch|p1a: 루기아|Lugia|100/100 par
|-damage|p1a: 루기아|75/100 par|[from] Stealth Rock
|move|p2a: Necrozma|Swords Dance|p2a: Necrozma
|-boost|p2a: Necrozma|atk|2
|
|upkeep
|turn|12
|
|t:|1614040312
|move|p1a: 루기아|Roost|p1a: 루기아
|-heal|p1a: 루기아|100/100 par
|-singleturn|p1a: 루기아|move: Roost
|move|p2a: Necrozma|Trick Room|p2a: Necrozma
|-fieldstart|move: Trick Room|[of] p2a: Necrozma
|
|upkeep
|turn|13
|
|t:|1614040322
|-start|p2a: Necrozma|Dynamax
|-heal|p2a: Necrozma|94/100|[silent]
|move|p1a: 루기아|Roost||[still]
|-fail|p1a: 루기아|heal
|move|p2a: Necrozma|Max Steelspike|p1a: 루기아
|-damage|p1a: 루기아|65/100 par
|-boost|p2a: Necrozma|def|1
|
|upkeep
|turn|14
|
|t:|1614040335
|move|p1a: 루기아|Roost|p1a: 루기아
|-heal|p1a: 루기아|100/100 par
|-singleturn|p1a: 루기아|move: Roost
|move|p2a: Necrozma|Max Steelspike|p1a: 루기아
|-damage|p1a: 루기아|69/100 par
|-boost|p2a: Necrozma|def|1
|
|upkeep
|turn|15
|
|t:|1614040346
|move|p1a: 루기아|Roost|p1a: 루기아
|-heal|p1a: 루기아|100/100 par
|-singleturn|p1a: 루기아|move: Roost
|move|p2a: Necrozma|Max Steelspike|p1a: 루기아
|-damage|p1a: 루기아|66/100 par
|-boost|p2a: Necrozma|def|1
|
|-end|p2a: Necrozma|Dynamax
|-heal|p2a: Necrozma|94/100|[silent]
|upkeep
|turn|16
|
|t:|1614040361
|move|p1a: 루기아|Roost|p1a: 루기아
|-heal|p1a: 루기아|100/100 par
|-singleturn|p1a: 루기아|move: Roost
|move|p2a: Necrozma|Sunsteel Strike|p1a: 루기아
|-damage|p1a: 루기아|54/100 par
|-damage|p2a: Necrozma|78/100|[from] item: Rocky Helmet|[of] p1a: 루기아
|
|-fieldend|move: Trick Room
|upkeep
|turn|17
|
|t:|1614040375
|move|p2a: Necrozma|Swords Dance|p2a: Necrozma
|-boost|p2a: Necrozma|atk|2
|move|p1a: 루기아|Roost|p1a: 루기아
|-heal|p1a: 루기아|100/100 par
|-singleturn|p1a: 루기아|move: Roost
|
|upkeep
|turn|18
|
|t:|1614040387
|move|p2a: Necrozma|Sunsteel Strike|p1a: 루기아
|-damage|p1a: 루기아|22/100 par
|-damage|p2a: Necrozma|61/100|[from] item: Rocky Helmet|[of] p1a: 루기아
|cant|p1a: 루기아|par
|
|upkeep
|turn|19
|
|t:|1614040397
|move|p2a: Necrozma|Sunsteel Strike|p1a: 루기아
|-damage|p1a: 루기아|0 fnt
|-damage|p2a: Necrozma|45/100|[from] item: Rocky Helmet|[of] p1a: 루기아
|faint|p1a: 루기아
|
|upkeep
|
|t:|1614040403
|switch|p1a: 메타몽|Ditto|100/100
|-damage|p1a: 메타몽|88/100|[from] Stealth Rock
|-transform|p1a: 메타몽|p2a: Necrozma|[from] ability: Imposter
|turn|20
|
|t:|1614040420
|switch|p1a: 악르세우스|Arceus-Dark|100/100
|-damage|p1a: 악르세우스|88/100|[from] Stealth Rock
|move|p2a: Necrozma|Moonlight|p2a: Necrozma
|-heal|p2a: Necrozma|94/100
|
|upkeep
|turn|21
|
|t:|1614040431
|-start|p1a: 악르세우스|Dynamax
|-heal|p1a: 악르세우스|88/100|[silent]
|move|p1a: 악르세우스|Max Darkness|p2a: Necrozma
|-supereffective|p2a: Necrozma
|-damage|p2a: Necrozma|18/100
|-unboost|p2a: Necrozma|spd|1
|-enditem|p2a: Necrozma|Weakness Policy
|-boost|p2a: Necrozma|atk|2|[from] item: Weakness Policy
|-boost|p2a: Necrozma|spa|2|[from] item: Weakness Policy
|move|p2a: Necrozma|Trick Room|p2a: Necrozma
|-fieldstart|move: Trick Room|[of] p2a: Necrozma
|
|upkeep
|turn|22
|j| Jefff 369421
|
|t:|1614040448
|move|p2a: Necrozma|Sunsteel Strike|p1a: 악르세우스
|-damage|p1a: 악르세우스|20/100
|move|p1a: 악르세우스|Max Darkness|p2a: Necrozma
|-supereffective|p2a: Necrozma
|-damage|p2a: Necrozma|0 fnt
|faint|p2a: Necrozma
|
|upkeep
|
|t:|1614040461
|switch|p2a: Groudon|Groudon-Primal, shiny|100/100
|-damage|p2a: Groudon|88/100|[from] Stealth Rock
|-weather|DesolateLand|[from] ability: Desolate Land|[of] p2a: Groudon
|turn|23
|
|t:|1614040469
|move|p2a: Groudon|Earthquake|p1a: 악르세우스
|-damage|p1a: 악르세우스|0 fnt
|faint|p1a: 악르세우스
|
|-weather|DesolateLand|[upkeep]
|upkeep
|
|t:|1614040475
|switch|p1a: 아르세우스|Arceus-Fairy|88/100
|-damage|p1a: 아르세우스|76/100|[from] Stealth Rock
|turn|24
|
|t:|1614040481
|move|p2a: Groudon|Earthquake|p1a: 아르세우스
|-damage|p1a: 아르세우스|49/100
|move|p1a: 아르세우스|Recover|p1a: 아르세우스
|-heal|p1a: 아르세우스|99/100
|
|-weather|DesolateLand|[upkeep]
|upkeep
|turn|25
|
|t:|1614040492
|move|p2a: Groudon|Thunder Wave|p1a: 아르세우스
|-status|p1a: 아르세우스|par
|move|p1a: 아르세우스|Calm Mind|p1a: 아르세우스
|-boost|p1a: 아르세우스|spa|1
|-boost|p1a: 아르세우스|spd|1
|
|-weather|DesolateLand|[upkeep]
|-fieldend|move: Trick Room
|upkeep
|turn|26
|
|t:|1614040502
|cant|p1a: 아르세우스|par
|move|p2a: Groudon|Roar|p1a: 아르세우스
|drag|p1a: 메타몽|Ditto|88/100
|-damage|p1a: 메타몽|76/100|[from] Stealth Rock
|-transform|p1a: 메타몽|p2a: Groudon|[from] ability: Imposter
|
|-weather|DesolateLand|[upkeep]
|upkeep
|turn|27
|
|t:|1614040514
|move|p1a: 메타몽|Rock Slide|p2a: Groudon
|-damage|p2a: Groudon|73/100
|move|p2a: Groudon|Earthquake|p1a: 메타몽
|-supereffective|p1a: 메타몽
|-damage|p1a: 메타몽|0 fnt
|faint|p1a: 메타몽
|
|-weather|DesolateLand|[upkeep]
|upkeep
|
|t:|1614040518
|switch|p1a: 그란돈|Groudon-Primal|100/100
|-damage|p1a: 그란돈|88/100|[from] Stealth Rock
|turn|28
|
|t:|1614040531
|move|p1a: 그란돈|Precipice Blades|p2a: Groudon|[miss]
|-miss|p1a: 그란돈|p2a: Groudon
|move|p2a: Groudon|Earthquake|p1a: 그란돈
|-supereffective|p1a: 그란돈
|-damage|p1a: 그란돈|25/100
|
|-weather|DesolateLand|[upkeep]
|upkeep
|turn|29
|
|t:|1614040542
|move|p1a: 그란돈|Rock Tomb|p2a: Groudon
|-damage|p2a: Groudon|55/100
|-unboost|p2a: Groudon|spe|1
|move|p2a: Groudon|Earthquake|p1a: 그란돈
|-supereffective|p1a: 그란돈
|-damage|p1a: 그란돈|0 fnt
|faint|p1a: 그란돈
|
|-weather|DesolateLand|[upkeep]
|upkeep
|
|t:|1614040548
|switch|p1a: 럭키|Chansey, F|88/100
|-damage|p1a: 럭키|75/100|[from] Stealth Rock
|turn|30
|
|t:|1614040558
|move|p1a: 럭키|Wish|p1a: 럭키
|move|p2a: Groudon|Earthquake|p1a: 럭키
|-damage|p1a: 럭키|37/100
|
|-weather|DesolateLand|[upkeep]
|upkeep
|turn|31
|
|t:|1614040565
|move|p1a: 럭키|Protect|p1a: 럭키
|-singleturn|p1a: 럭키|Protect
|move|p2a: Groudon|Earthquake|p1a: 럭키
|-activate|p1a: 럭키|move: Protect
|
|-weather|DesolateLand|[upkeep]
|-heal|p1a: 럭키|87/100|[from] move: Wish|[wisher] 럭키
|upkeep
|turn|32
|
|t:|1614040576
|move|p1a: 럭키|Wish|p1a: 럭키
|move|p2a: Groudon|Earthquake|p1a: 럭키
|-damage|p1a: 럭키|48/100
|
|-weather|DesolateLand|[upkeep]
|upkeep
|turn|33
|
|t:|1614040584
|-weather|none
|switch|p2a: Calyrex|Calyrex-Shadow|100/100
|-ability|p2a: Calyrex|As One
|-ability|p2a: Calyrex|Unnerve|p1: kasak
|-damage|p2a: Calyrex|88/100|[from] Stealth Rock
|move|p1a: 럭키|Toxic|p2a: Calyrex
|-status|p2a: Calyrex|tox
|
|-heal|p1a: 럭키|98/100|[from] move: Wish|[wisher] 럭키
|-damage|p2a: Calyrex|82/100 tox|[from] psn
|upkeep
|turn|34
|
|t:|1614040602
|move|p2a: Calyrex|Trick|p1a: 럭키
|-activate|p2a: Calyrex|move: Trick|[of] p1a: 럭키
|-item|p1a: 럭키|Choice Scarf|[from] move: Trick
|-item|p2a: Calyrex|Eviolite|[from] move: Trick
|move|p1a: 럭키|Wish|p1a: 럭키
|
|-damage|p2a: Calyrex|70/100 tox|[from] psn
|upkeep
|turn|35
|
|t:|1614040615
|switch|p1a: 아르세우스|Arceus-Fairy|99/100 par
|-damage|p1a: 아르세우스|86/100 par|[from] Stealth Rock
|move|p2a: Calyrex|Psyshock|p1a: 아르세우스
|-damage|p1a: 아르세우스|61/100 par
|
|-heal|p1a: 아르세우스|100/100 par|[from] move: Wish|[wisher] 럭키
|-damage|p2a: Calyrex|51/100 tox|[from] psn
|upkeep
|turn|36
|
|t:|1614040631
|move|p2a: Calyrex|Astral Barrage|p1a: 아르세우스
|-damage|p1a: 아르세우스|54/100 par
|cant|p1a: 아르세우스|par
|
|-damage|p2a: Calyrex|27/100 tox|[from] psn
|upkeep
|turn|37
|
|t:|1614040643
|move|p2a: Calyrex|Astral Barrage|p1a: 아르세우스
|-damage|p1a: 아르세우스|2/100 par
|cant|p1a: 아르세우스|par
|
|-damage|p2a: Calyrex|0 fnt|[from] psn
|faint|p2a: Calyrex
|upkeep
|
|t:|1614040654
|switch|p2a: Rayquaza|Rayquaza|100/100
|-damage|p2a: Rayquaza|76/100|[from] Stealth Rock
|-ability|p2a: Rayquaza|Air Lock
|turn|38
|-message|kasak forfeited.
|
|win|steak99
|l|☆kasak
|l| Jefff 369421
||Ladder (probably) updated, but score could not be retrieved (Request timeout).
