|j|☆Ussolando
|j|☆Pixie Plague
|t:|1662953637
|gametype|singles
|player|p1|Ussolando|karen|1453
|player|p2|Pixie Plague|1|1451
|teamsize|p1|6
|teamsize|p2|6
|gen|8
|tier|[Gen 8] National Dex AG
|rated|
|rule|HP Percentage Mod: HP is shown in percentages
|rule|Endless Battle Clause: Forcing endless battles is banned
|clearpoke
|poke|p1|Kyogre|
|poke|p1|Galvantula, M|
|poke|p1|Greninja, M|
|poke|p1|Ditto|
|poke|p1|Jirachi|
|poke|p1|Clefable, F|
|poke|p2|Scolipede, F|
|poke|p2|Magearna|
|poke|p2|Espeon, F|
|poke|p2|Umbreon, F|
|poke|p2|Bellossom, F|
|poke|p2|Dubwool, M|
|teampreview
|inactive|Battle timer is ON: inactive players will automatically lose when time's up. (requested by Ussolando)
|
|t:|1662953647
|start
|switch|p1a: Galvantula|Galvantula, M, shiny|100/100
|switch|p2a: Scolipede|Scolipede, F|100/100
|turn|1
|
|t:|1662953657
|move|p2a: Scolipede|Double Team|p2a: Scolipede
|-boost|p2a: Scolipede|evasion|1
|move|p1a: Galvantula|Sticky Web|p2a: Scolipede
|-sidestart|p2: Pixie Plague|move: Sticky Web
|
|-ability|p2a: Scolipede|Speed Boost|boost
|-boost|p2a: Scolipede|spe|1
|upkeep
|turn|2
|
|t:|1662953668
|move|p2a: Scolipede|Protect|p2a: Scolipede
|-singleturn|p2a: Scolipede|Protect
|move|p1a: Galvantula|Thunder|p2a: Scolipede
|-activate|p2a: Scolipede|move: Protect
|
|-ability|p2a: Scolipede|Speed Boost|boost
|-boost|p2a: Scolipede|spe|1
|upkeep
|turn|3
|
|t:|1662953676
|move|p2a: Scolipede|Substitute|p2a: Scolipede
|-start|p2a: Scolipede|Substitute
|-damage|p2a: Scolipede|76/100
|move|p1a: Galvantula|Thunder|p2a: Scolipede|[miss]
|-miss|p1a: Galvantula|p2a: Scolipede
|
|-heal|p2a: Scolipede|82/100|[from] item: Black Sludge
|-ability|p2a: Scolipede|Speed Boost|boost
|-boost|p2a: Scolipede|spe|1
|upkeep
|turn|4
|
|t:|1662953696
|-start|p1a: Galvantula|Dynamax|
|-heal|p1a: Galvantula|100/100|[silent]
|move|p2a: Scolipede|Double Team|p2a: Scolipede
|-boost|p2a: Scolipede|evasion|1
|move|p1a: Galvantula|Max Lightning|p2a: Scolipede
|-end|p2a: Scolipede|Substitute
|-fieldstart|move: Electric Terrain
|
|-heal|p2a: Scolipede|88/100|[from] item: Black Sludge
|-ability|p2a: Scolipede|Speed Boost|boost
|-boost|p2a: Scolipede|spe|1
|upkeep
|turn|5
|
|t:|1662953709
|move|p2a: Scolipede|Substitute|p2a: Scolipede
|-start|p2a: Scolipede|Substitute
|-damage|p2a: Scolipede|63/100
|move|p1a: Galvantula|Max Lightning|p2a: Scolipede
|-end|p2a: Scolipede|Substitute
|
|-heal|p2a: Scolipede|70/100|[from] item: Black Sludge
|-ability|p2a: Scolipede|Speed Boost|boost
|-boost|p2a: Scolipede|spe|1
|upkeep
|turn|6
|
|t:|1662953720
|move|p2a: Scolipede|Substitute|p2a: Scolipede
|-start|p2a: Scolipede|Substitute
|-damage|p2a: Scolipede|45/100
|move|p1a: Galvantula|Max Lightning|p2a: Scolipede
|-end|p2a: Scolipede|Substitute
|
|-heal|p2a: Scolipede|51/100|[from] item: Black Sludge
|-ability|p2a: Scolipede|Speed Boost|boost
|-boost|p2a: Scolipede|spe|1
|upkeep
|-end|p1a: Galvantula|Dynamax
|-heal|p1a: Galvantula|100/100|[silent]
|turn|7
|
|t:|1662953738
|switch|p1a: Ditto|Ditto, shiny|100/100
|-transform|p1a: Ditto|p2a: Scolipede|[from] ability: Imposter
|move|p2a: Scolipede|Substitute|p2a: Scolipede
|-start|p2a: Scolipede|Substitute
|-damage|p2a: Scolipede|26/100
|
|-heal|p2a: Scolipede|32/100|[from] item: Black Sludge
|upkeep
|turn|8
|
|t:|1662953752
|move|p1a: Ditto|Baton Pass|p1a: Ditto
|
|t:|1662953757
|switch|p1a: Jirachi|Jirachi, shiny|100/100|[from]move: Baton Pass
|move|p2a: Scolipede|Double Team|p2a: Scolipede
|-boost|p2a: Scolipede|evasion|1
|
|-heal|p2a: Scolipede|39/100|[from] item: Black Sludge
|-fieldend|move: Electric Terrain
|upkeep
|turn|9
|
|t:|1662953772
|move|p2a: Scolipede|Double Team|p2a: Scolipede
|-boost|p2a: Scolipede|evasion|1
|move|p1a: Jirachi|Stored Power|p2a: Scolipede|[miss]
|-miss|p1a: Jirachi|p2a: Scolipede
|
|-heal|p2a: Scolipede|45/100|[from] item: Black Sludge
|upkeep
|turn|10
|
|t:|1662953781
|move|p2a: Scolipede|Double Team|p2a: Scolipede
|-boost|p2a: Scolipede|evasion|1
|move|p1a: Jirachi|Stored Power|p2a: Scolipede
|-supereffective|p2a: Scolipede
|-end|p2a: Scolipede|Substitute
|
|-heal|p2a: Scolipede|51/100|[from] item: Black Sludge
|upkeep
|turn|11
|
|t:|1662953795
|move|p2a: Scolipede|Substitute|p2a: Scolipede
|-start|p2a: Scolipede|Substitute
|-damage|p2a: Scolipede|26/100
|move|p1a: Jirachi|Stored Power|p2a: Scolipede|[miss]
|-miss|p1a: Jirachi|p2a: Scolipede
|
|-heal|p2a: Scolipede|32/100|[from] item: Black Sludge
|upkeep
|turn|12
|
|t:|1662953801
|move|p2a: Scolipede|Double Team|p2a: Scolipede
|-boost|p2a: Scolipede|evasion|1
|move|p1a: Jirachi|Stored Power|p2a: Scolipede|[miss]
|-miss|p1a: Jirachi|p2a: Scolipede
|
|-heal|p2a: Scolipede|39/100|[from] item: Black Sludge
|upkeep
|turn|13
|
|t:|1662953814
|move|p2a: Scolipede|Baton Pass|p2a: Scolipede
|
|t:|1662953819
|switch|p2a: Bellossom|Bellossom, F|100/100|[from]move: Baton Pass
|-activate|p2a: Bellossom|move: Sticky Web
|-unboost|p2a: Bellossom|spe|1
|move|p1a: Jirachi|Stored Power|p2a: Bellossom|[miss]
|-miss|p1a: Jirachi|p2a: Bellossom
|
|upkeep
|turn|14
|
|t:|1662953828
|move|p1a: Jirachi|Iron Head|p2a: Bellossom|[miss]
|-miss|p1a: Jirachi|p2a: Bellossom
|move|p2a: Bellossom|Quiver Dance|p2a: Bellossom
|-boost|p2a: Bellossom|spa|1
|-boost|p2a: Bellossom|spd|1
|-boost|p2a: Bellossom|spe|1
|
|upkeep
|turn|15
|
|t:|1662953831
|move|p1a: Jirachi|Ancient Power|p2a: Bellossom|[miss]
|-miss|p1a: Jirachi|p2a: Bellossom
|move|p2a: Bellossom|Ingrain|p2a: Bellossom
|-start|p2a: Bellossom|move: Ingrain
|
|upkeep
|turn|16
|
|t:|1662953850
|move|p1a: Jirachi|Iron Head|p2a: Bellossom
|-end|p2a: Bellossom|Substitute
|move|p2a: Bellossom|Quiver Dance|p2a: Bellossom
|-boost|p2a: Bellossom|spa|1
|-boost|p2a: Bellossom|spd|1
|-boost|p2a: Bellossom|spe|0
|
|upkeep
|turn|17
|
|t:|1662953860
|move|p1a: Jirachi|Iron Head|p2a: Bellossom|[miss]
|-miss|p1a: Jirachi|p2a: Bellossom
|move|p2a: Bellossom|Substitute|p2a: Bellossom
|-start|p2a: Bellossom|Substitute
|-damage|p2a: Bellossom|76/100
|
|-heal|p2a: Bellossom|82/100|[from] item: Leftovers
|-heal|p2a: Bellossom|88/100|[from] Ingrain
|upkeep
|turn|18
|
|t:|1662953865
|move|p1a: Jirachi|Iron Head|p2a: Bellossom|[miss]
|-miss|p1a: Jirachi|p2a: Bellossom
|move|p2a: Bellossom|Baton Pass|p2a: Bellossom
|
|t:|1662953870
|switch|p2a: Espeon|Espeon, F|100/100|[from]move: Baton Pass
|-activate|p2a: Espeon|move: Sticky Web
|-unboost|p2a: Espeon|spe|1
|
|upkeep
|turn|19
|
|t:|1662953874
|move|p2a: Espeon|Stored Power|p1a: Jirachi|[miss]
|-miss|p2a: Espeon|p1a: Jirachi
|move|p1a: Jirachi|Iron Head|p2a: Espeon|[miss]
|-miss|p1a: Jirachi|p2a: Espeon
|
|upkeep
|turn|20
|
|t:|1662953879
|move|p2a: Espeon|Stored Power|p1a: Jirachi|[miss]
|-miss|p2a: Espeon|p1a: Jirachi
|move|p1a: Jirachi|Iron Head|p2a: Espeon
|-end|p2a: Espeon|Substitute
|
|upkeep
|turn|21
|
|t:|1662953887
|move|p2a: Espeon|Substitute|p2a: Espeon
|-start|p2a: Espeon|Substitute
|-damage|p2a: Espeon|76/100
|move|p1a: Jirachi|Iron Head|p2a: Espeon|[miss]
|-miss|p1a: Jirachi|p2a: Espeon
|
|-heal|p2a: Espeon|82/100|[from] item: Leftovers
|-heal|p2a: Espeon|88/100|[from] Ingrain
|upkeep
|turn|22
|
|t:|1662953891
|move|p2a: Espeon|Stored Power|p1a: Jirachi
|-resisted|p1a: Jirachi
|-damage|p1a: Jirachi|40/100
|move|p1a: Jirachi|Iron Head|p2a: Espeon
|-end|p2a: Espeon|Substitute
|
|-heal|p2a: Espeon|94/100|[from] item: Leftovers
|-heal|p1a: Jirachi|46/100|[from] item: Leftovers
|-heal|p2a: Espeon|99/100|[from] Ingrain
|upkeep
|turn|23
|
|t:|1662953901
|move|p2a: Espeon|Substitute|p2a: Espeon
|-start|p2a: Espeon|Substitute
|-damage|p2a: Espeon|75/100
|move|p1a: Jirachi|Ancient Power|p2a: Espeon|[miss]
|-miss|p1a: Jirachi|p2a: Espeon
|
|-heal|p2a: Espeon|81/100|[from] item: Leftovers
|-heal|p1a: Jirachi|52/100|[from] item: Leftovers
|-heal|p2a: Espeon|87/100|[from] Ingrain
|upkeep
|turn|24
|
|t:|1662953908
|move|p2a: Espeon|Stored Power|p1a: Jirachi
|-resisted|p1a: Jirachi
|-damage|p1a: Jirachi|0 fnt
|faint|p1a: Jirachi
|
|-heal|p2a: Espeon|93/100|[from] item: Leftovers
|-heal|p2a: Espeon|99/100|[from] Ingrain
|upkeep
|
|t:|1662953920
|switch|p1a: Galvantula|Galvantula, M, shiny|100/100
|turn|25
|
|t:|1662953926
|move|p2a: Espeon|Stored Power|p1a: Galvantula
|-enditem|p1a: Galvantula|Focus Sash
|-damage|p1a: Galvantula|1/100
|move|p1a: Galvantula|Bug Buzz|p2a: Espeon
|-supereffective|p2a: Espeon
|-damage|p2a: Espeon|53/100
|
|-heal|p2a: Espeon|59/100|[from] item: Leftovers
|-heal|p2a: Espeon|65/100|[from] Ingrain
|upkeep
|turn|26
|
|t:|1662953936
|move|p2a: Espeon|Stored Power|p1a: Galvantula
|-damage|p1a: Galvantula|0 fnt
|faint|p1a: Galvantula
|
|-heal|p2a: Espeon|71/100|[from] item: Leftovers
|-heal|p2a: Espeon|77/100|[from] Ingrain
|upkeep
|
|t:|1662953945
|switch|p1a: Clefable|Clefable, F, shiny|100/100
|turn|27
|
|t:|1662953951
|switch|p1a: Greninja|Greninja, M|100/100
|move|p2a: Espeon|Stored Power|p1a: Greninja
|-immune|p1a: Greninja
|
|-heal|p2a: Espeon|83/100|[from] item: Leftovers
|-heal|p2a: Espeon|89/100|[from] Ingrain
|upkeep
|turn|28
|
|t:|1662953965
|move|p2a: Espeon|Baton Pass|p2a: Espeon
|
|t:|1662953967
|switch|p2a: Dubwool|Dubwool, M|100/100|[from]move: Baton Pass
|-activate|p2a: Dubwool|move: Sticky Web
|-unboost|p2a: Dubwool|spe|1
|move|p1a: Greninja|Dark Pulse|p2a: Dubwool
|-activate|p2a: Dubwool|move: Substitute|[damage]
|
|upkeep
|turn|29
|
|t:|1662953981
|move|p2a: Dubwool|Cotton Guard|p2a: Dubwool
|-boost|p2a: Dubwool|def|3
|move|p1a: Greninja|Dark Pulse|p2a: Dubwool
|-end|p2a: Dubwool|Substitute
|
|upkeep
|turn|30
|
|t:|1662953990
|move|p2a: Dubwool|Substitute|p2a: Dubwool
|-start|p2a: Dubwool|Substitute
|-damage|p2a: Dubwool|75/100
|move|p1a: Greninja|Dark Pulse|p2a: Dubwool|[miss]
|-miss|p1a: Greninja|p2a: Dubwool
|
|-heal|p2a: Dubwool|82/100|[from] item: Leftovers
|-heal|p2a: Dubwool|88/100|[from] Ingrain
|upkeep
|turn|31
|
|t:|1662953996
|move|p2a: Dubwool|Cotton Guard|p2a: Dubwool
|-boost|p2a: Dubwool|def|3
|move|p1a: Greninja|Dark Pulse|p2a: Dubwool|[miss]
|-miss|p1a: Greninja|p2a: Dubwool
|
|-heal|p2a: Dubwool|94/100|[from] item: Leftovers
|-heal|p2a: Dubwool|99/100|[from] Ingrain
|upkeep
|turn|32
|
|t:|1662954001
|move|p2a: Dubwool|Baton Pass|p2a: Dubwool
|
|t:|1662954003
|switch|p2a: Umbreon|Umbreon, F, shiny|100/100|[from]move: Baton Pass
|-activate|p2a: Umbreon|move: Sticky Web
|-unboost|p2a: Umbreon|spe|1
|move|p1a: Greninja|Dark Pulse|p2a: Umbreon|[miss]
|-miss|p1a: Greninja|p2a: Umbreon
|
|upkeep
|turn|33
|
|t:|1662954014
|move|p1a: Greninja|Water Shuriken|p2a: Umbreon
|-activate|p2a: Umbreon|move: Substitute|[damage]
|-activate|p2a: Umbreon|move: Substitute|[damage]
|-activate|p2a: Umbreon|move: Substitute|[damage]
|-activate|p2a: Umbreon|move: Substitute|[damage]
|-hitcount|p2a: Umbreon|4
|move|p2a: Umbreon|Toxic|p1a: Greninja
|-status|p1a: Greninja|tox
|
|-damage|p1a: Greninja|95/100 tox|[from] psn
|upkeep
|turn|34
|
|t:|1662954026
|move|p1a: Greninja|Water Shuriken|p2a: Umbreon|[miss]
|-miss|p1a: Greninja|p2a: Umbreon
|move|p2a: Umbreon|Substitute|p2a: Umbreon
|-fail|p2a: Umbreon|move: Substitute
|
|-damage|p1a: Greninja|83/100 tox|[from] psn
|upkeep
|turn|35
|
|t:|1662954031
|move|p1a: Greninja|Water Shuriken|p2a: Umbreon|[miss]
|-miss|p1a: Greninja|p2a: Umbreon
|move|p2a: Umbreon|Baton Pass|p2a: Umbreon
|
|t:|1662954033
|switch|p2a: Bellossom|Bellossom, F|88/100|[from]move: Baton Pass
|-activate|p2a: Bellossom|move: Sticky Web
|-unboost|p2a: Bellossom|spe|1
|
|-heal|p2a: Bellossom|94/100|[from] item: Leftovers
|-heal|p2a: Bellossom|100/100|[from] Ingrain
|-damage|p1a: Greninja|65/100 tox|[from] psn
|upkeep
|turn|36
|
|t:|1662954038
|move|p2a: Bellossom|Quiver Dance|p2a: Bellossom
|-boost|p2a: Bellossom|spa|1
|-boost|p2a: Bellossom|spd|1
|-boost|p2a: Bellossom|spe|1
|move|p1a: Greninja|Dark Pulse|p2a: Bellossom
|-end|p2a: Bellossom|Substitute
|
|-damage|p1a: Greninja|41/100 tox|[from] psn
|upkeep
|turn|37
|
|t:|1662954045
|switch|p1a: Ditto|Ditto, shiny|100/100
|-transform|p1a: Ditto|p2a: Bellossom|[from] ability: Imposter
|move|p2a: Bellossom|Substitute|p2a: Bellossom
|-start|p2a: Bellossom|Substitute
|-damage|p2a: Bellossom|76/100
|
|-heal|p2a: Bellossom|82/100|[from] item: Leftovers
|-heal|p2a: Bellossom|88/100|[from] Ingrain
|upkeep
|turn|38
|
|t:|1662954061
|move|p1a: Ditto|Baton Pass|p1a: Ditto
|
|t:|1662954064
|switch|p1a: Kyogre|Kyogre, shiny|100/100|[from]move: Baton Pass
|detailschange|p1a: Kyogre|Kyogre-Primal, shiny
|-primal|p1a: Kyogre
|-weather|PrimordialSea|[from] ability: Primordial Sea|[of] p1a: Kyogre
|move|p2a: Bellossom|Quiver Dance|p2a: Bellossom
|-boost|p2a: Bellossom|spa|1
|-boost|p2a: Bellossom|spd|1
|-boost|p2a: Bellossom|spe|1
|
|-weather|PrimordialSea|[upkeep]
|-heal|p2a: Bellossom|94/100|[from] item: Leftovers
|-heal|p2a: Bellossom|100/100|[from] Ingrain
|upkeep
|turn|39
|
|t:|1662954072
|move|p1a: Kyogre|Ice Beam|p2a: Bellossom|[miss]
|-miss|p1a: Kyogre|p2a: Bellossom
|move|p2a: Bellossom|Quiver Dance|p2a: Bellossom
|-boost|p2a: Bellossom|spa|1
|-boost|p2a: Bellossom|spd|1
|-boost|p2a: Bellossom|spe|1
|
|-weather|PrimordialSea|[upkeep]
|upkeep
|turn|40
|
|t:|1662954078
|move|p1a: Kyogre|Ice Beam|p2a: Bellossom|[miss]
|-miss|p1a: Kyogre|p2a: Bellossom
|move|p2a: Bellossom|Quiver Dance|p2a: Bellossom
|-boost|p2a: Bellossom|spa|1
|-boost|p2a: Bellossom|spd|1
|-boost|p2a: Bellossom|spe|1
|
|-weather|PrimordialSea|[upkeep]
|upkeep
|turn|41
|
|t:|1662954083
|move|p2a: Bellossom|Baton Pass|p2a: Bellossom
|
|t:|1662954086
|switch|p2a: Espeon|Espeon, F|89/100|[from]move: Baton Pass
|-activate|p2a: Espeon|move: Sticky Web
|-unboost|p2a: Espeon|spe|1
|move|p1a: Kyogre|Thunder|p2a: Espeon
|-end|p2a: Espeon|Substitute
|
|-weather|PrimordialSea|[upkeep]
|-heal|p2a: Espeon|95/100|[from] item: Leftovers
|-heal|p2a: Espeon|100/100|[from] Ingrain
|upkeep
|turn|42
|
|t:|1662954094
|move|p2a: Espeon|Stored Power|p1a: Kyogre
|-damage|p1a: Kyogre|0 fnt
|faint|p1a: Kyogre
|-weather|none
|
|upkeep
|
|t:|1662954098
|switch|p1a: Ditto|Ditto, shiny|100/100
|-transform|p1a: Ditto|p2a: Espeon|[from] ability: Imposter
|turn|43
|
|t:|1662954108
|move|p1a: Ditto|Stored Power|p2a: Espeon|[miss]
|-miss|p1a: Ditto|p2a: Espeon
|move|p2a: Espeon|Substitute|p2a: Espeon
|-start|p2a: Espeon|Substitute
|-damage|p2a: Espeon|76/100
|
|-heal|p2a: Espeon|82/100|[from] item: Leftovers
|-heal|p2a: Espeon|88/100|[from] Ingrain
|upkeep
|turn|44
|
|t:|1662954112
|move|p1a: Ditto|Stored Power|p2a: Espeon|[miss]
|-miss|p1a: Ditto|p2a: Espeon
|move|p2a: Espeon|Baton Pass|p2a: Espeon
|
|t:|1662954117
|switch|p2a: Umbreon|Umbreon, F, shiny|100/100|[from]move: Baton Pass
|-activate|p2a: Umbreon|move: Sticky Web
|-unboost|p2a: Umbreon|spe|1
|
|upkeep
|turn|45
|
|t:|1662954124
|switch|p1a: Clefable|Clefable, F, shiny|100/100
|move|p2a: Umbreon|Double Team|p2a: Umbreon
|-boost|p2a: Umbreon|evasion|0
|
|upkeep
|turn|46
|
|t:|1662954129
|move|p2a: Umbreon|Baton Pass|p2a: Umbreon
|
|t:|1662954131
|switch|p2a: Magearna|Magearna|100/100|[from]move: Baton Pass
|-activate|p2a: Magearna|move: Sticky Web
|-unboost|p2a: Magearna|spe|1
|move|p1a: Clefable|Minimize|p1a: Clefable
|-boost|p1a: Clefable|evasion|2
|
|upkeep
|turn|47
|
|t:|1662954135
|move|p2a: Magearna|Stored Power|p1a: Clefable
|-damage|p1a: Clefable|0 fnt
|faint|p1a: Clefable
|
|upkeep
|
|t:|1662954143
|switch|p1a: Greninja|Greninja, M|41/100 tox
|turn|48
|c|☆Pixie Plague|gg
|
|t:|1662954149
|move|p2a: Magearna|Draining Kiss|p1a: Greninja
|-supereffective|p1a: Greninja
|-damage|p1a: Greninja|0 fnt
|faint|p1a: Greninja
|
|upkeep
|
|t:|1662954152
|switch|p1a: Ditto|Ditto, shiny|100/100
|turn|49
|
|t:|1662954157
|move|p2a: Magearna|Stored Power|p1a: Ditto
|-damage|p1a: Ditto|0 fnt
|faint|p1a: Ditto
|
|win|Pixie Plague
|raw|Ussolando's rating: 1453 &rarr; <strong>1433</strong><br />(-20 for losing)
|raw|Pixie Plague's rating: 1451 &rarr; <strong>1471</strong><br />(+20 for winning)
|l|☆Ussolando
