|j|☆Glaliegoesboom ❤
|j|☆Snake of the Moon
|t:|1659565641
|gametype|singles
|player|p1|Glaliegoesboom ❤|2|
|player|p2|Snake of the Moon|ethan-masters|
|teamsize|p1|6
|teamsize|p2|6
|gen|8
|tier|[Gen 8] National Dex AG
|rule|HP Percentage Mod: HP is shown in percentages
|rule|Endless Battle Clause: Forcing endless battles is banned
|clearpoke
|poke|p1|Zekrom|
|poke|p1|Dragapult, M|
|poke|p1|Magearna|
|poke|p1|Glalie, F|
|poke|p1|Excadrill, M|
|poke|p1|Cloyster, F|
|poke|p2|Shuckle, M|
|poke|p2|Dracovish|
|poke|p2|Weavile, M|
|poke|p2|Dragapult, M|
|poke|p2|Naganadel|
|poke|p2|Zapdos-Galar|
|teampreview
|inactive|Battle timer is ON: inactive players will automatically lose when time's up. (requested by Glaliegoesboom ❤)
|inactive|Snake of the Moon also wants the timer to be on.
|
|t:|1659565649
|start
|switch|p1a: Cloyster|Cloyster, F|100/100
|switch|p2a: Weavile|Weavile, M|100/100
|-ability|p2a: Weavile|Pressure
|turn|1
|
|t:|1659565656
|move|p2a: Weavile|Taunt|p1a: Cloyster
|-start|p1a: Cloyster|move: Taunt
|cant|p1a: Cloyster|move: Taunt|Shell Smash
|
|upkeep
|turn|2
|
|t:|1659565660
|move|p2a: Weavile|Knock Off|p1a: Cloyster
|-damage|p1a: Cloyster|63/100
|-enditem|p1a: Cloyster|Focus Sash|[from] move: Knock Off|[of] p2a: Weavile
|move|p1a: Cloyster|Rock Blast|p2a: Weavile
|-supereffective|p2a: Weavile
|-damage|p2a: Weavile|74/100
|-supereffective|p2a: Weavile
|-damage|p2a: Weavile|44/100
|-supereffective|p2a: Weavile
|-damage|p2a: Weavile|16/100
|-supereffective|p2a: Weavile
|-damage|p2a: Weavile|0 fnt
|faint|p2a: Weavile
|-hitcount|p2: Weavile|4
|
|upkeep
|
|t:|1659565670
|switch|p2a: Shuckle|Shuckle, M|100/100
|turn|3
|
|t:|1659565676
|move|p1a: Cloyster|Rock Blast|p2a: Shuckle
|-supereffective|p2a: Shuckle
|-damage|p2a: Shuckle|90/100
|-supereffective|p2a: Shuckle
|-damage|p2a: Shuckle|78/100
|-supereffective|p2a: Shuckle
|-damage|p2a: Shuckle|68/100
|-supereffective|p2a: Shuckle
|-damage|p2a: Shuckle|57/100
|-supereffective|p2a: Shuckle
|-damage|p2a: Shuckle|46/100
|-hitcount|p2a: Shuckle|5
|move|p2a: Shuckle|Sticky Web|p1a: Cloyster
|-sidestart|p1: Glaliegoesboom ❤|move: Sticky Web
|
|-end|p1a: Cloyster|move: Taunt
|upkeep
|turn|4
|
|t:|1659565685
|move|p1a: Cloyster|Shell Smash|p1a: Cloyster
|-unboost|p1a: Cloyster|def|1
|-unboost|p1a: Cloyster|spd|1
|-boost|p1a: Cloyster|atk|2
|-boost|p1a: Cloyster|spa|2
|-boost|p1a: Cloyster|spe|2
|move|p2a: Shuckle|Encore|p1a: Cloyster
|-start|p1a: Cloyster|Encore
|
|upkeep
|turn|5
|
|t:|1659565690
|move|p1a: Cloyster|Shell Smash|p1a: Cloyster
|-unboost|p1a: Cloyster|def|1
|-unboost|p1a: Cloyster|spd|1
|-boost|p1a: Cloyster|atk|2
|-boost|p1a: Cloyster|spa|2
|-boost|p1a: Cloyster|spe|2
|move|p2a: Shuckle|Final Gambit|p1a: Cloyster
|-damage|p1a: Cloyster|17/100
|faint|p2a: Shuckle
|
|upkeep
|
|t:|1659565698
|switch|p2a: Zapdos|Zapdos-Galar|100/100
|turn|6
|
|t:|1659565713
|-start|p1a: Cloyster|Dynamax|
|-heal|p1a: Cloyster|17/100|[silent]
|-start|p2a: Zapdos|Dynamax|
|-heal|p2a: Zapdos|100/100|[silent]
|move|p1a: Cloyster|Max Hailstorm|p2a: Zapdos
|-supereffective|p2a: Zapdos
|-damage|p2a: Zapdos|0 fnt
|-weather|Hail
|faint|p2a: Zapdos
|
|-weather|Hail|[upkeep]
|upkeep
|c|☆Snake of the Moon|I fucked up
|
|t:|1659565725
|switch|p2a: Naganadel|Naganadel|100/100
|turn|7
|c|☆Glaliegoesboom ❤|Ban dmax
|c|☆Snake of the Moon|Too late
|c|☆Snake of the Moon|dazzle wont accept
|
|t:|1659565751
|move|p1a: Cloyster|Max Hailstorm|p2a: Naganadel
|-supereffective|p2a: Naganadel
|-damage|p2a: Naganadel|0 fnt
|faint|p2a: Naganadel
|
|-weather|Hail|[upkeep]
|-end|p1a: Cloyster|Encore
|upkeep
|
|t:|1659565753
|switch|p2a: Dragapult|Dragapult, M|100/100
|turn|8
|
|t:|1659565763
|move|p1a: Cloyster|Max Hailstorm|p2a: Dragapult
|-supereffective|p2a: Dragapult
|-damage|p2a: Dragapult|0 fnt
|faint|p2a: Dragapult
|
|-weather|Hail|[upkeep]
|upkeep
|
|t:|1659565776
|switch|p2a: Dracovish|Dracovish|100/100
|-end|p1a: Cloyster|Dynamax
|-heal|p1a: Cloyster|17/100|[silent]
|turn|9
|
|t:|1659565783
|move|p1a: Cloyster|Icicle Spear|p2a: Dracovish
|-damage|p2a: Dracovish|60/100
|-damage|p2a: Dracovish|24/100
|-damage|p2a: Dracovish|0 fnt
|faint|p2a: Dracovish
|-hitcount|p2: Dracovish|3
|
|win|Glaliegoesboom ❤
|c|☆Snake of the Moon|Ggwp
|l|☆Snake of the Moon
