|j|☆Supplement
|j|☆Defensive0
|t:|1667453804
|gametype|singles
|player|p1|Supplement|red|1615
|player|p2|Defensive0|riley|1909
|teamsize|p1|6
|teamsize|p2|6
|gen|8
|tier|[Gen 8] National Dex AG
|rated|
|rule|HP Percentage Mod: HP is shown in percentages
|rule|Endless Battle Clause: Forcing endless battles is banned
|clearpoke
|poke|p1|Yveltal|
|poke|p1|Tyranitar, M|
|poke|p1|Necrozma-Dusk-Mane|
|poke|p1|Zygarde|
|poke|p1|Calyrex-Shadow|
|poke|p1|Rayquaza|
|poke|p2|Groudon|
|poke|p2|Ditto|
|poke|p2|Arceus-*|
|poke|p2|Mewtwo|
|poke|p2|Arceus-*|
|poke|p2|Yveltal|
|teampreview
|inactive|Battle timer is ON: inactive players will automatically lose when time's up. (requested by Defensive0)
|inactive|Supplement also wants the timer to be on.
|
|t:|1667453828
|start
|switch|p1a: Yveltal|Yveltal, shiny|100/100
|switch|p2a: Arceus|Arceus-Fairy|100/100
|-ability|p1a: Yveltal|Dark Aura
|turn|1
|
|t:|1667453850
|switch|p1a: Necrozma|Necrozma-Dusk-Mane|100/100
|move|p2a: Arceus|Stealth Rock|p1a: Necrozma
|-sidestart|p1: Supplement|move: Stealth Rock
|
|upkeep
|turn|2
|j| JiayouOligay666
|
|t:|1667453870
|switch|p2a: Groudon|Groudon|100/100
|detailschange|p2a: Groudon|Groudon-Primal
|-primal|p2a: Groudon
|-weather|DesolateLand|[from] ability: Desolate Land|[of] p2a: Groudon
|move|p1a: Necrozma|Autotomize|p1a: Necrozma
|-boost|p1a: Necrozma|spe|2
|-start|p1a: Necrozma|Autotomize
|
|-weather|DesolateLand|[upkeep]
|upkeep
|turn|3
|l| JiayouOligay666
|
|t:|1667453878
|-start|p1a: Necrozma|Dynamax|
|-heal|p1a: Necrozma|100/100|[silent]
|move|p1a: Necrozma|Max Quake|p2a: Groudon
|-supereffective|p2a: Groudon
|-damage|p2a: Groudon|20/100
|-boost|p1a: Necrozma|spd|1
|move|p2a: Groudon|Hone Claws|p2a: Groudon
|-boost|p2a: Groudon|atk|1
|-boost|p2a: Groudon|accuracy|1
|
|-weather|DesolateLand|[upkeep]
|upkeep
|turn|4
|
|t:|1667453897
|move|p1a: Necrozma|Max Steelspike|p2a: Groudon
|-resisted|p2a: Groudon
|-damage|p2a: Groudon|0 fnt
|-boost|p1a: Necrozma|def|1
|faint|p2a: Groudon
|-weather|none
|
|upkeep
|j| Gino619
|
|t:|1667453902
|switch|p2a: Yveltal|Yveltal, shiny|100/100
|-ability|p2a: Yveltal|Dark Aura
|turn|5
|
|t:|1667453905
|move|p1a: Necrozma|Max Rockfall|p2a: Yveltal
|-supereffective|p2a: Yveltal
|-damage|p2a: Yveltal|35/100
|-weather|Sandstorm
|move|p2a: Yveltal|Roost|p2a: Yveltal
|-heal|p2a: Yveltal|85/100
|-singleturn|p2a: Yveltal|move: Roost
|
|-weather|Sandstorm|[upkeep]
|-damage|p2a: Yveltal|79/100|[from] Sandstorm
|upkeep
|-end|p1a: Necrozma|Dynamax
|-heal|p1a: Necrozma|100/100|[silent]
|turn|6
|
|t:|1667453912
|move|p1a: Necrozma|Stone Edge|p2a: Yveltal
|-supereffective|p2a: Yveltal
|-damage|p2a: Yveltal|31/100
|move|p2a: Yveltal|Foul Play|p1a: Necrozma
|-supereffective|p1a: Necrozma
|-damage|p1a: Necrozma|44/100
|-enditem|p1a: Necrozma|Weakness Policy
|-boost|p1a: Necrozma|atk|2|[from] item: Weakness Policy
|-boost|p1a: Necrozma|spa|2|[from] item: Weakness Policy
|
|-weather|Sandstorm|[upkeep]
|-damage|p2a: Yveltal|25/100|[from] Sandstorm
|upkeep
|turn|7
|
|t:|1667453923
|move|p1a: Necrozma|Sunsteel Strike|p2a: Yveltal
|-damage|p2a: Yveltal|0 fnt
|faint|p2a: Yveltal
|
|-weather|Sandstorm|[upkeep]
|upkeep
|
|t:|1667453925
|switch|p2a: Ditto|Ditto, shiny|100/100
|-transform|p2a: Ditto|p1a: Necrozma|[from] ability: Imposter
|turn|8
|
|t:|1667453930
|move|p2a: Ditto|Earthquake|p1a: Necrozma
|-supereffective|p1a: Necrozma
|-damage|p1a: Necrozma|0 fnt
|faint|p1a: Necrozma
|
|-weather|Sandstorm|[upkeep]
|upkeep
|
|t:|1667453943
|switch|p1a: Rayquaza|Rayquaza|100/100
|-damage|p1a: Rayquaza|76/100|[from] Stealth Rock
|-ability|p1a: Rayquaza|Air Lock
|turn|9
|
|t:|1667453948
|detailschange|p1a: Rayquaza|Rayquaza-Mega
|-mega|p1a: Rayquaza|Rayquaza|
|-weather|DeltaStream|[from] ability: Delta Stream|[of] p1a: Rayquaza
|-start|p2a: Ditto|Dynamax|
|-heal|p2a: Ditto|100/100|[silent]
|move|p2a: Ditto|Max Steelspike|p1a: Rayquaza
|-damage|p1a: Rayquaza|0 fnt
|-boost|p2a: Ditto|def|1
|faint|p1a: Rayquaza
|-weather|none
|
|upkeep
|c| Gino619|Defensiva
|c| Gino619|Hhahahaha
|l| Gino619
|inactive|Supplement has 120 seconds left.
|j| Gino619
|
|t:|1667453983
|switch|p1a: Yveltal|Yveltal, shiny|100/100
|-damage|p1a: Yveltal|76/100|[from] Stealth Rock
|-ability|p1a: Yveltal|Dark Aura
|turn|10
|
|t:|1667453987
|move|p1a: Yveltal|Sucker Punch|p2a: Ditto
|-supereffective|p2a: Ditto
|-damage|p2a: Ditto|88/100
|move|p2a: Ditto|Max Steelspike|p1a: Yveltal
|-damage|p1a: Yveltal|0 fnt
|-boost|p2a: Ditto|def|1
|faint|p1a: Yveltal
|
|upkeep
|
|t:|1667453992
|switch|p1a: Calyrex|Calyrex-Shadow|100/100
|-ability|p1a: Calyrex|As One
|-ability|p1a: Calyrex|Unnerve
|-damage|p1a: Calyrex|88/100|[from] Stealth Rock
|turn|11
|
|t:|1667453997
|move|p1a: Calyrex|Astral Barrage|p2a: Ditto
|-supereffective|p2a: Ditto
|-damage|p2a: Ditto|47/100
|move|p2a: Ditto|Max Steelspike|p1a: Calyrex
|-damage|p1a: Calyrex|0 fnt
|-boost|p2a: Ditto|def|1
|faint|p1a: Calyrex
|
|upkeep
|-message|Supplement forfeited.
|
|win|Defensive0
|raw|Supplement's rating: 1615 &rarr; <strong>1609</strong><br />(-6 for losing)
|raw|Defensive0's rating: 1909 &rarr; <strong>1915</strong><br />(+6 for winning)
|l|☆Supplement
