|j|☆wangboii
|j|‽Mawm
|t:|1666040512
|gametype|singles
|player|p1|wangboii|steven|1699
|player|p2|Mawm|beauty-gen6xy|1858
|teamsize|p1|6
|teamsize|p2|6
|gen|8
|tier|[Gen 8] National Dex AG
|rated|
|rule|HP Percentage Mod: HP is shown in percentages
|rule|Endless Battle Clause: Forcing endless battles is banned
|clearpoke
|poke|p1|Calyrex-Shadow|
|poke|p1|Zacian-*|
|poke|p1|Groudon|
|poke|p1|Ditto|
|poke|p1|Ho-Oh|
|poke|p1|Yveltal|
|poke|p2|Calyrex-Shadow|
|poke|p2|Genesect|
|poke|p2|Yveltal|
|poke|p2|Necrozma-Dusk-Mane|
|poke|p2|Rayquaza|
|poke|p2|Groudon|
|teampreview
|inactive|Battle timer is ON: inactive players will automatically lose when time's up. (requested by Mawm)
|
|t:|1666040518
|start
|switch|p1a: Groudon|Groudon|100/100
|switch|p2a: Groudon|Groudon|100/100
|detailschange|p2a: Groudon|Groudon-Primal
|-primal|p2a: Groudon
|-weather|DesolateLand|[from] ability: Desolate Land|[of] p2a: Groudon
|detailschange|p1a: Groudon|Groudon-Primal
|-primal|p1a: Groudon
|turn|1
|
|t:|1666040525
|move|p2a: Groudon|Stealth Rock|p1a: Groudon
|-sidestart|p1: wangboii|move: Stealth Rock
|move|p1a: Groudon|Precipice Blades|p2a: Groudon
|-supereffective|p2a: Groudon
|-damage|p2a: Groudon|0 fnt
|faint|p2a: Groudon
|
|-weather|DesolateLand|[upkeep]
|upkeep
|
|t:|1666040528
|switch|p2a: Rayquaza|Rayquaza|100/100
|-ability|p2a: Rayquaza|Air Lock
|turn|2
|
|t:|1666040533
|detailschange|p2a: Rayquaza|Rayquaza-Mega
|-mega|p2a: Rayquaza|Rayquaza|
|-weather|DeltaStream|[from] ability: Delta Stream|[of] p2a: Rayquaza
|move|p2a: Rayquaza|Dragon Dance|p2a: Rayquaza
|-boost|p2a: Rayquaza|atk|1
|-boost|p2a: Rayquaza|spe|1
|move|p1a: Groudon|Stealth Rock|p2a: Rayquaza
|-sidestart|p2: Mawm|move: Stealth Rock
|
|-weather|DeltaStream|[upkeep]
|upkeep
|turn|3
|
|t:|1666040537
|move|p2a: Rayquaza|Earthquake|p1a: Groudon
|-supereffective|p1a: Groudon
|-damage|p1a: Groudon|0 fnt
|faint|p1a: Groudon
|-damage|p2a: Rayquaza|91/100|[from] item: Life Orb
|
|-weather|DeltaStream|[upkeep]
|upkeep
|
|t:|1666040543
|switch|p1a: Ditto|Ditto|100/100
|-damage|p1a: Ditto|88/100|[from] Stealth Rock
|-transform|p1a: Ditto|p2a: Rayquaza|[from] ability: Imposter
|turn|4
|
|t:|1666040552
|move|p2a: Rayquaza|Extreme Speed|p1a: Ditto
|-damage|p1a: Ditto|0 fnt
|faint|p1a: Ditto
|-damage|p2a: Rayquaza|81/100|[from] item: Life Orb
|
|-weather|DeltaStream|[upkeep]
|upkeep
|
|t:|1666040562
|switch|p1a: Calyrex|Calyrex-Shadow|100/100
|-ability|p1a: Calyrex|As One
|-ability|p1a: Calyrex|Unnerve
|-damage|p1a: Calyrex|88/100|[from] Stealth Rock
|turn|5
|c|☆wangboii|tank one
|
|t:|1666040573
|move|p1a: Calyrex|Astral Barrage|p2a: Rayquaza
|-damage|p2a: Rayquaza|16/100
|move|p2a: Rayquaza|Dragon Ascent|p1a: Calyrex
|-damage|p1a: Calyrex|0 fnt
|-unboost|p2a: Rayquaza|def|1
|-unboost|p2a: Rayquaza|spd|1
|faint|p1a: Calyrex
|-damage|p2a: Rayquaza|6/100|[from] item: Life Orb
|
|-weather|DeltaStream|[upkeep]
|upkeep
|
|t:|1666040579
|switch|p1a: Yveltal|Yveltal|100/100
|-damage|p1a: Yveltal|76/100|[from] Stealth Rock
|-ability|p1a: Yveltal|Dark Aura
|turn|6
|
|t:|1666040586
|-start|p1a: Yveltal|Dynamax|
|-heal|p1a: Yveltal|76/100|[silent]
|move|p2a: Rayquaza|Extreme Speed|p1a: Yveltal
|-damage|p1a: Yveltal|34/100
|-damage|p2a: Rayquaza|0 fnt|[from] item: Life Orb
|faint|p2a: Rayquaza
|-weather|none
|move|p1a: Yveltal|Max Airstream|p2: Rayquaza|[notarget]
|-fail|p1a: Yveltal
|
|upkeep
|
|t:|1666040593
|switch|p2a: Yveltal|Yveltal, shiny|100/100
|-damage|p2a: Yveltal|76/100|[from] Stealth Rock
|-ability|p2a: Yveltal|Dark Aura
|turn|7
|
|t:|1666040601
|-start|p2a: Yveltal|Dynamax|
|-heal|p2a: Yveltal|76/100|[silent]
|move|p2a: Yveltal|Max Airstream|p1a: Yveltal
|-damage|p1a: Yveltal|0 fnt
|-boost|p2a: Yveltal|spe|1
|faint|p1a: Yveltal
|
|upkeep
|
|t:|1666040606
|switch|p1a: Zacian|Zacian-Crowned|100/100
|-damage|p1a: Zacian|94/100|[from] Stealth Rock
|-ability|p1a: Zacian|Intrepid Sword|boost
|-boost|p1a: Zacian|atk|1
|turn|8
|
|t:|1666040610
|switch|p1a: Ho-Oh|Ho-Oh|100/100
|move|p2a: Yveltal|Max Flare|p1a: Ho-Oh
|-resisted|p1a: Ho-Oh
|-damage|p1a: Ho-Oh|90/100
|-weather|SunnyDay
|
|-weather|SunnyDay|[upkeep]
|upkeep
|turn|9
|
|t:|1666040613
|move|p2a: Yveltal|Max Ooze|p1a: Ho-Oh
|-damage|p1a: Ho-Oh|71/100
|-boost|p2a: Yveltal|spa|1
|move|p1a: Ho-Oh|Toxic|p2a: Yveltal
|-status|p2a: Yveltal|tox
|
|-weather|SunnyDay|[upkeep]
|-damage|p2a: Yveltal|73/100 tox|[from] psn
|upkeep
|-end|p2a: Yveltal|Dynamax
|-heal|p2a: Yveltal|73/100 tox|[silent]
|turn|10
|
|t:|1666040620
|move|p2a: Yveltal|Dark Pulse|p1a: Ho-Oh
|-damage|p1a: Ho-Oh|32/100
|move|p1a: Ho-Oh|Roost|p1a: Ho-Oh
|-heal|p1a: Ho-Oh|82/100
|-singleturn|p1a: Ho-Oh|move: Roost
|
|-weather|SunnyDay|[upkeep]
|-damage|p2a: Yveltal|60/100 tox|[from] psn
|upkeep
|turn|11
|
|t:|1666040624
|move|p2a: Yveltal|Oblivion Wing|p1a: Ho-Oh
|-damage|p1a: Ho-Oh|54/100
|-heal|p2a: Yveltal|83/100 tox|[from] drain|[of] p1a: Ho-Oh
|move|p1a: Ho-Oh|Roost|p1a: Ho-Oh
|-heal|p1a: Ho-Oh|100/100
|-singleturn|p1a: Ho-Oh|move: Roost
|
|-weather|SunnyDay|[upkeep]
|-damage|p2a: Yveltal|64/100 tox|[from] psn
|upkeep
|turn|12
|
|t:|1666040629
|move|p2a: Yveltal|Dark Pulse|p1a: Ho-Oh
|-damage|p1a: Ho-Oh|60/100
|move|p1a: Ho-Oh|Roost|p1a: Ho-Oh
|-heal|p1a: Ho-Oh|100/100
|-singleturn|p1a: Ho-Oh|move: Roost
|
|-weather|none
|-damage|p2a: Yveltal|40/100 tox|[from] psn
|upkeep
|turn|13
|
|t:|1666040633
|move|p2a: Yveltal|Oblivion Wing|p1a: Ho-Oh
|-damage|p1a: Ho-Oh|73/100
|-heal|p2a: Yveltal|62/100 tox|[from] drain|[of] p1a: Ho-Oh
|move|p1a: Ho-Oh|Roost|p1a: Ho-Oh
|-heal|p1a: Ho-Oh|100/100
|-singleturn|p1a: Ho-Oh|move: Roost
|
|-damage|p2a: Yveltal|31/100 tox|[from] psn
|upkeep
|turn|14
|c|☆wangboii|ugh
|
|t:|1666040639
|move|p2a: Yveltal|Oblivion Wing|p1a: Ho-Oh
|-damage|p1a: Ho-Oh|72/100
|-heal|p2a: Yveltal|54/100 tox|[from] drain|[of] p1a: Ho-Oh
|move|p1a: Ho-Oh|Roost|p1a: Ho-Oh
|-heal|p1a: Ho-Oh|100/100
|-singleturn|p1a: Ho-Oh|move: Roost
|
|-damage|p2a: Yveltal|17/100 tox|[from] psn
|upkeep
|turn|15
|
|t:|1666040643
|move|p2a: Yveltal|Heat Wave|p1a: Ho-Oh
|-resisted|p1a: Ho-Oh
|-damage|p1a: Ho-Oh|88/100
|move|p1a: Ho-Oh|Roost|p1a: Ho-Oh
|-heal|p1a: Ho-Oh|100/100
|-singleturn|p1a: Ho-Oh|move: Roost
|
|-damage|p2a: Yveltal|0 fnt|[from] psn
|faint|p2a: Yveltal
|upkeep
|
|t:|1666040648
|switch|p2a: Necrozma|Necrozma-Dusk-Mane, shiny|100/100
|-damage|p2a: Necrozma|94/100|[from] Stealth Rock
|turn|16
|
|t:|1666040653
|move|p1a: Ho-Oh|Sacred Fire|p2a: Necrozma
|-supereffective|p2a: Necrozma
|-damage|p2a: Necrozma|58/100
|-status|p2a: Necrozma|brn
|move|p2a: Necrozma|Dragon Dance|p2a: Necrozma
|-boost|p2a: Necrozma|atk|1
|-boost|p2a: Necrozma|spe|1
|
|-damage|p2a: Necrozma|52/100 brn|[from] brn
|upkeep
|turn|17
|
|t:|1666040659
|detailschange|p2a: Necrozma|Necrozma-Ultra, shiny
|-burst|p2a: Necrozma|Necrozma|Ultranecrozium Z
|move|p2a: Necrozma|Rock Blast|p1a: Ho-Oh
|-supereffective|p1a: Ho-Oh
|-damage|p1a: Ho-Oh|70/100
|-supereffective|p1a: Ho-Oh
|-damage|p1a: Ho-Oh|34/100
|-supereffective|p1a: Ho-Oh
|-damage|p1a: Ho-Oh|2/100
|-supereffective|p1a: Ho-Oh
|-damage|p1a: Ho-Oh|0 fnt
|faint|p1a: Ho-Oh
|-hitcount|p1: Ho-Oh|4
|
|-damage|p2a: Necrozma|46/100 brn|[from] brn
|upkeep
|
|t:|1666040668
|switch|p1a: Zacian|Zacian-Crowned|94/100
|-damage|p1a: Zacian|88/100|[from] Stealth Rock
|-ability|p1a: Zacian|Intrepid Sword|boost
|-boost|p1a: Zacian|atk|1
|turn|18
|
|t:|1666040674
|-zpower|p2a: Necrozma
|move|p2a: Necrozma|Light That Burns the Sky|p1a: Zacian|[zeffect]
|-resisted|p1a: Zacian
|-damage|p1a: Zacian|49/100
|move|p1a: Zacian|Behemoth Blade|p2a: Necrozma
|-damage|p2a: Necrozma|0 fnt
|faint|p2a: Necrozma
|
|upkeep
|
|t:|1666040679
|switch|p2a: Genesect|Genesect, shiny|100/100
|-damage|p2a: Genesect|88/100|[from] Stealth Rock
|-ability|p2a: Genesect|Download|boost
|-boost|p2a: Genesect|spa|1
|turn|19
|c|☆wangboii|what are the odds i survive a astral
|
|t:|1666040693
|move|p1a: Zacian|Swords Dance|p1a: Zacian
|-boost|p1a: Zacian|atk|2
|move|p2a: Genesect|Iron Head|p1a: Zacian
|-damage|p1a: Zacian|4/100
|-damage|p2a: Genesect|78/100|[from] item: Life Orb
|
|upkeep
|turn|20
|
|t:|1666040696
|move|p2a: Genesect|Extreme Speed|p1a: Zacian
|-resisted|p1a: Zacian
|-damage|p1a: Zacian|0 fnt
|faint|p1a: Zacian
|-damage|p2a: Genesect|68/100|[from] item: Life Orb
|
|win|Mawm
|raw|wangboii's rating: 1699 &rarr; <strong>1688</strong><br />(-11 for losing)
|raw|Mawm's rating: 1858 &rarr; <strong>1869</strong><br />(+11 for winning)
