|j|☆Onoufrios
|j|☆diancieisawesome
|player|p1|Onoufrios|psychic-gen4|1797
|player|p2|diancieisawesome|170|1566
|teamsize|p1|6
|teamsize|p2|6
|gametype|singles
|gen|8
|tier|[Gen 8] National Dex AG
|rated|
|clearpoke
|poke|p1|Necrozma-Dusk-Mane|
|poke|p1|Arceus-*|
|poke|p1|Xerneas|
|poke|p1|Zacian-Crowned|
|poke|p1|Rayquaza|
|poke|p1|Lugia|
|poke|p2|Kyogre|
|poke|p2|Ho-Oh|
|poke|p2|Zacian-Crowned|
|poke|p2|Marshadow|
|poke|p2|Yveltal|
|poke|p2|Diancie|
|rule|HP Percentage Mod: HP is shown in percentages
|rule|Endless Battle Clause: Forcing endless battles is banned
|teampreview
|inactive|Battle timer is ON: inactive players will automatically lose when time's up. (requested by diancieisawesome)
|inactive|Onoufrios has 120 seconds left.
|inactive|Onoufrios has 90 seconds left.
|
|start
|switch|p1a: Rayquaza|Rayquaza|100/100
|switch|p2a: Diancie|Diancie|100/100
|-ability|p1a: Rayquaza|Air Lock
|turn|1
|
|detailschange|p1a: Rayquaza|Rayquaza-Mega
|-mega|p1a: Rayquaza|Rayquaza|
|-weather|DeltaStream|[from] ability: Delta Stream|[of] p1a: Rayquaza
|detailschange|p2a: Diancie|Diancie-Mega
|-mega|p2a: Diancie|Diancie|Diancite
|move|p2a: Diancie|Moonblast|p1a: Rayquaza
|-supereffective|p1a: Rayquaza
|-damage|p1a: Rayquaza|5/100
|-enditem|p1a: Rayquaza|Liechi Berry|[eat]
|-boost|p1a: Rayquaza|atk|1|[from] item: Liechi Berry
|move|p1a: Rayquaza|Earthquake|p2a: Diancie
|-supereffective|p2a: Diancie
|-damage|p2a: Diancie|0 fnt
|faint|p2a: Diancie
|
|-weather|DeltaStream|[upkeep]
|upkeep
|
|switch|p2a: Marshadow|Marshadow|100/100
|turn|2
|
|-weather|none
|switch|p1a: Lugia|Lugia|100/100
|move|p2a: Marshadow|Shadow Sneak|p1a: Lugia
|-supereffective|p1a: Lugia
|-crit|p1a: Lugia
|-damage|p1a: Lugia|77/100
|
|upkeep
|turn|3
|inactive|Onoufrios has 120 seconds left.
|
|move|p2a: Marshadow|Spectral Thief|p1a: Lugia
|-supereffective|p1a: Lugia
|-damage|p1a: Lugia|31/100
|move|p1a: Lugia|Thunder Wave|p2a: Marshadow
|-status|p2a: Marshadow|par
|
|upkeep
|turn|4
|
|switch|p2a: Yveltal|Yveltal|100/100
|-ability|p2a: Yveltal|Dark Aura
|move|p1a: Lugia|Roost|p1a: Lugia
|-heal|p1a: Lugia|81/100
|-singleturn|p1a: Lugia|move: Roost
|
|upkeep
|turn|5
|inactive|Onoufrios has 120 seconds left.
|j| Ainu Huntu
|
|-start|p2a: Yveltal|Dynamax
|-heal|p2a: Yveltal|100/100|[silent]
|move|p2a: Yveltal|Max Airstream|p1a: Lugia
|-damage|p1a: Lugia|42/100
|-boost|p2a: Yveltal|spe|1
|move|p1a: Lugia|Thunder Wave|p2a: Yveltal
|-status|p2a: Yveltal|par
|
|upkeep
|turn|6
|inactive|Onoufrios has 120 seconds left.
|-message|diancieisawesome forfeited.
|
|win|Onoufrios
|l|☆diancieisawesome
|raw|Onoufrios's rating: 1797 &rarr; <strong>1806</strong><br />(+9 for winning)
|raw|diancieisawesome's rating: 1567 &rarr; <strong>1559</strong><br />(-8 for losing)
