|j|☆Master kushagra
|j|☆Vibe_Check123
|t:|1646996598
|gametype|singles
|player|p1|Master kushagra|leon-tower|
|player|p2|Vibe_Check123|parasollady-gen4|
|teamsize|p1|6
|teamsize|p2|6
|gen|8
|tier|[Gen 8] National Dex AG
|rule|HP Percentage Mod: HP is shown in percentages
|rule|Endless Battle Clause: Forcing endless battles is banned
|clearpoke
|poke|p1|Necrozma-Dusk-Mane|
|poke|p1|Arceus-*|
|poke|p1|Ditto|
|poke|p1|Arceus-*|
|poke|p1|Marshadow|
|poke|p1|Yveltal|
|poke|p2|Cinccino, M|
|poke|p2|Ditto|
|poke|p2|Marshadow|
|poke|p2|Blissey, F|
|poke|p2|Toxapex, M|
|poke|p2|Claydol|
|teampreview
|c|☆Vibe_Check123|Hello
|c|☆Master kushagra|hi
|c|☆Master kushagra|gl
|
|t:|1646996614
|start
|switch|p1a: zacian destroyer|Necrozma-Dusk-Mane|100/100
|switch|p2a: Vibe Health|Blissey, F|100/100
|turn|1
|c|☆Vibe_Check123|Good luck to you too
|
|t:|1646996619
|move|p1a: zacian destroyer|Thunder Wave|p2a: Vibe Health
|-status|p2a: Vibe Health|par
|move|p2a: Vibe Health|Stealth Rock|p1a: zacian destroyer
|-sidestart|p1: Master kushagra|move: Stealth Rock
|
|upkeep
|turn|2
|
|t:|1646996626
|move|p1a: zacian destroyer|Earthquake|p2a: Vibe Health
|-damage|p2a: Vibe Health|69/100 par
|move|p2a: Vibe Health|Teleport|p2a: Vibe Health
|
|t:|1646996637
|-curestatus|p2a: Vibe Health|par|[from] ability: Natural Cure
|switch|p2a: Better Vibes|Ditto|100/100|[from]move: Teleport
|-transform|p2a: Better Vibes|p1a: zacian destroyer|[from] ability: Imposter
|
|upkeep
|turn|3
|
|t:|1646996651
|move|p2a: Better Vibes|Thunder Wave|p1a: zacian destroyer
|-status|p1a: zacian destroyer|par
|move|p1a: zacian destroyer|Morning Sun|p1a: zacian destroyer
|-fail|p1a: zacian destroyer|heal
|
|upkeep
|turn|4
|
|t:|1646996655
|switch|p2a: Vibe Pivot|Claydol|100/100
|move|p1a: zacian destroyer|Earthquake|p2a: Vibe Pivot
|-immune|p2a: Vibe Pivot|[from] ability: Levitate
|
|upkeep
|turn|5
|
|t:|1646996663
|-start|p1a: zacian destroyer|Dynamax
|-heal|p1a: zacian destroyer|100/100 par|[silent]
|move|p2a: Vibe Pivot|Earth Power|p1a: zacian destroyer
|-supereffective|p1a: zacian destroyer
|-damage|p1a: zacian destroyer|81/100 par
|-enditem|p1a: zacian destroyer|Weakness Policy
|-boost|p1a: zacian destroyer|atk|2|[from] item: Weakness Policy
|-boost|p1a: zacian destroyer|spa|2|[from] item: Weakness Policy
|move|p1a: zacian destroyer|Max Steelspike|p2a: Vibe Pivot
|-damage|p2a: Vibe Pivot|0 fnt
|-boost|p1a: zacian destroyer|def|1
|faint|p2a: Vibe Pivot
|
|upkeep
|
|t:|1646996670
|switch|p2a: Vibe Idk|Marshadow|100/100
|turn|6
|c|☆Vibe_Check123|Save me Marshadow, pls
|
|t:|1646996678
|move|p1a: zacian destroyer|Max Guard|p1a: zacian destroyer
|-singleturn|p1a: zacian destroyer|Max Guard
|move|p2a: Vibe Idk|Spectral Thief|p1a: zacian destroyer
|-activate|p1a: zacian destroyer|move: Max Guard
|
|upkeep
|turn|7
|
|t:|1646996686
|-end|p1a: zacian destroyer|Dynamax
|-heal|p1a: zacian destroyer|81/100 par|[silent]
|switch|p1a: Yveltal|Yveltal|100/100
|-damage|p1a: Yveltal|76/100|[from] Stealth Rock
|-ability|p1a: Yveltal|Dark Aura
|move|p2a: Vibe Idk|Spectral Thief|p1a: Yveltal
|-resisted|p1a: Yveltal
|-damage|p1a: Yveltal|55/100
|
|upkeep
|turn|8
|c|☆Vibe_Check123|How dare you
|
|t:|1646996701
|move|p2a: Vibe Idk|Drain Punch|p1a: Yveltal
|-crit|p1a: Yveltal
|-damage|p1a: Yveltal|3/100
|move|p1a: Yveltal|Oblivion Wing|p2a: Vibe Idk
|-supereffective|p2a: Vibe Idk
|-enditem|p2a: Vibe Idk|Focus Sash
|-damage|p2a: Vibe Idk|1/100
|-heal|p1a: Yveltal|64/100|[from] drain|[of] p2a: Vibe Idk
|-damage|p1a: Yveltal|54/100|[from] item: Life Orb
|
|upkeep
|turn|9
|
|t:|1646996710
|switch|p2a: Vibe Stall|Toxapex, M|100/100
|move|p1a: Yveltal|Sucker Punch||[still]
|-fail|p1a: Yveltal
|
|upkeep
|turn|10
|
|t:|1646996716
|move|p1a: Yveltal|Oblivion Wing|p2a: Vibe Stall
|-damage|p2a: Vibe Stall|53/100
|-heal|p1a: Yveltal|82/100|[from] drain|[of] p2a: Vibe Stall
|-damage|p1a: Yveltal|72/100|[from] item: Life Orb
|move|p2a: Vibe Stall|Scald|p1a: Yveltal
|-damage|p1a: Yveltal|56/100
|
|-heal|p2a: Vibe Stall|59/100|[from] item: Black Sludge
|upkeep
|turn|11
|
|t:|1646996726
|move|p2a: Vibe Stall|Baneful Bunker|p2a: Vibe Stall
|-singleturn|p2a: Vibe Stall|move: Protect
|move|p1a: Yveltal|Dark Pulse|p2a: Vibe Stall
|-activate|p2a: Vibe Stall|move: Protect
|
|-heal|p2a: Vibe Stall|66/100|[from] item: Black Sludge
|upkeep
|turn|12
|c|☆Master kushagra|!dt toxapex
|raw|<div class="message"><ul class="utilichart"><li class="result"><span class="col numcol">748</span> <span class="col iconcol"><psicon pokemon="toxapex"/></span> <span class="col pokemonnamecol" style="white-space:nowrap"><a href="https://dex.pokemonshowdown.com/pokemon/toxapex" target="_blank">Toxapex</a></span> <span class="col typecol"><img src="https://play.pokemonshowdown.com/sprites/types/Poison.png" alt="Poison" height="14" width="32"><img src="https://play.pokemonshowdown.com/sprites/types/Water.png" alt="Water" height="14" width="32"></span> <span style="float:left;min-height:26px"><span class="col twoabilitycol">Merciless<br />Limber</span><span class="col abilitycol"><em>Regenerator</em></span></span><span style="float:left;min-height:26px"><span class="col statcol"><em>HP</em><br />50</span> <span class="col statcol"><em>Atk</em><br />63</span> <span class="col statcol"><em>Def</em><br />152</span> <span class="col statcol"><em>SpA</em><br />53</span> <span class="col statcol"><em>SpD</em><br />142</span> <span class="col statcol"><em>Spe</em><br />35</span> <span class="col bstcol"><em>BST<br />495</em></span> </span></li><li style="clear:both"></li></ul></div>
|raw|<font size="1"><font color="#686868">Dex#:</font> 748&nbsp;|&ThickSpace;<font color="#686868">Gen:</font> 7&nbsp;|&ThickSpace;<font color="#686868">Height:</font> 0.7 m&nbsp;|&ThickSpace;<font color="#686868">Weight:</font> 14.5 kg <em>(40 BP)</em>&nbsp;|&ThickSpace;<font color="#686868">Dex Colour:</font> Blue&nbsp;|&ThickSpace;<font color="#686868">Egg Group(s):</font> Water 1&nbsp;|&ThickSpace;<font color="#686868">Does Not Evolve</font></font>

|
|t:|1646996762
|move|p1a: Yveltal|Dark Pulse|p2a: Vibe Stall
|-damage|p2a: Vibe Stall|7/100
|-damage|p1a: Yveltal|46/100|[from] item: Life Orb
|move|p2a: Vibe Stall|Recover|p2a: Vibe Stall
|-heal|p2a: Vibe Stall|57/100
|
|-heal|p2a: Vibe Stall|63/100|[from] item: Black Sludge
|upkeep
|turn|13
|c|☆Vibe_Check123|Hm?
|
|t:|1646996770
|move|p2a: Vibe Stall|Baneful Bunker|p2a: Vibe Stall
|-singleturn|p2a: Vibe Stall|move: Protect
|move|p1a: Yveltal|Oblivion Wing|p2a: Vibe Stall
|-activate|p2a: Vibe Stall|move: Protect
|
|-heal|p2a: Vibe Stall|69/100|[from] item: Black Sludge
|upkeep
|turn|14
|
|t:|1646996774
|move|p1a: Yveltal|Oblivion Wing|p2a: Vibe Stall
|-damage|p2a: Vibe Stall|25/100
|-heal|p1a: Yveltal|72/100|[from] drain|[of] p2a: Vibe Stall
|-damage|p1a: Yveltal|62/100|[from] item: Life Orb
|move|p2a: Vibe Stall|Scald|p1a: Yveltal
|-damage|p1a: Yveltal|47/100
|
|-heal|p2a: Vibe Stall|31/100|[from] item: Black Sludge
|upkeep
|turn|15
|
|t:|1646996784
|move|p2a: Vibe Stall|Baneful Bunker|p2a: Vibe Stall
|-singleturn|p2a: Vibe Stall|move: Protect
|move|p1a: Yveltal|Dark Pulse|p2a: Vibe Stall
|-activate|p2a: Vibe Stall|move: Protect
|
|-heal|p2a: Vibe Stall|37/100|[from] item: Black Sludge
|upkeep
|turn|16
|
|t:|1646996792
|switch|p2a: Vibe Health|Blissey, F|69/100
|move|p1a: Yveltal|Dark Pulse|p2a: Vibe Health
|-damage|p2a: Vibe Health|43/100
|-damage|p1a: Yveltal|37/100|[from] item: Life Orb
|
|-heal|p2a: Vibe Health|49/100|[from] item: Leftovers
|upkeep
|turn|17
|
|t:|1646996798
|switch|p1a: zacian destroyer|Necrozma-Dusk-Mane|81/100 par
|-damage|p1a: zacian destroyer|75/100 par|[from] Stealth Rock
|move|p2a: Vibe Health|Soft-Boiled|p2a: Vibe Health
|-heal|p2a: Vibe Health|99/100
|
|-heal|p2a: Vibe Health|100/100|[from] item: Leftovers
|upkeep
|turn|18
|
|t:|1646996804
|cant|p1a: zacian destroyer|par
|move|p2a: Vibe Health|Teleport|p2a: Vibe Health
|
|t:|1646996807
|switch|p2a: Vibe Idk|Marshadow|1/100|[from]move: Teleport
|
|upkeep
|turn|19
|
|t:|1646996860
|switch|p1a: Thor|Arceus-Electric|100/100
|-damage|p1a: Thor|88/100|[from] Stealth Rock
|move|p2a: Vibe Idk|Spectral Thief|p1a: Thor
|-damage|p1a: Thor|53/100
|
|upkeep
|turn|20
|
|t:|1646996869
|move|p2a: Vibe Idk|Reversal|p1a: Thor
|-damage|p1a: Thor|0 fnt
|faint|p1a: Thor
|
|upkeep
|
|t:|1646996893
|switch|p1a: Ditto is ditto|Ditto|100/100
|-damage|p1a: Ditto is ditto|88/100|[from] Stealth Rock
|-transform|p1a: Ditto is ditto|p2a: Vibe Idk|[from] ability: Imposter
|turn|21
|
|t:|1646996902
|switch|p2a: Vibe Hair|Cinccino, M|100/100
|move|p1a: Ditto is ditto|Shadow Sneak|p2a: Vibe Hair
|-immune|p2a: Vibe Hair
|
|upkeep
|turn|22
|
|t:|1646996909
|switch|p1a: Arceus|Arceus-Ground|100/100
|-damage|p1a: Arceus|94/100|[from] Stealth Rock
|move|p2a: Vibe Hair|U-turn|p1a: Arceus
|-damage|p1a: Arceus|75/100
|
|t:|1646996918
|switch|p2a: Vibe Health|Blissey, F|100/100|[from]move: U-turn
|
|upkeep
|turn|23
|
|t:|1646996950
|move|p1a: Arceus|Stealth Rock|p2a: Vibe Health
|-sidestart|p2: Vibe_Check123|move: Stealth Rock
|move|p2a: Vibe Health|Toxic|p1a: Arceus
|-status|p1a: Arceus|tox
|
|-damage|p1a: Arceus|68/100 tox|[from] psn
|upkeep
|turn|24
|
|t:|1646996958
|-zpower|p1a: Arceus
|move|p1a: Arceus|Tectonic Rage|p2a: Vibe Health|[zeffect]
|-damage|p2a: Vibe Health|14/100
|move|p2a: Vibe Health|Teleport|p2a: Vibe Health
|c|☆Vibe_Check123|Well shit
|c|☆Master kushagra|hehe boi
|
|t:|1646996972
|switch|p2a: Vibe Hair|Cinccino, M|100/100|[from]move: Teleport
|-damage|p2a: Vibe Hair|88/100|[from] Stealth Rock
|
|-damage|p1a: Arceus|56/100 tox|[from] psn
|upkeep
|turn|25
|
|t:|1646996977
|move|p2a: Vibe Hair|Bullet Seed|p1a: Arceus
|-supereffective|p1a: Arceus
|-damage|p1a: Arceus|40/100 tox
|-supereffective|p1a: Arceus
|-damage|p1a: Arceus|26/100 tox
|-supereffective|p1a: Arceus
|-damage|p1a: Arceus|10/100 tox
|-supereffective|p1a: Arceus
|-damage|p1a: Arceus|0 fnt
|faint|p1a: Arceus
|-hitcount|p1: Arceus|4
|
|upkeep
|
|t:|1646997007
|switch|p1a: Marshadow|Marshadow|100/100
|-damage|p1a: Marshadow|94/100|[from] Stealth Rock
|turn|26
|c|☆Vibe_Check123|Is z-move arc new meta btw? I saw a few lately
|
|t:|1646997012
|switch|p2a: Vibe Idk|Marshadow|1/100
|-damage|p2a: Vibe Idk|0 fnt|[from] Stealth Rock
|faint|p2a: Vibe Idk
|move|p1a: Marshadow|Close Combat|p2: Vibe Idk|[notarget]
|-fail|p1a: Marshadow
|
|upkeep
|
|t:|1646997020
|switch|p2a: Better Vibes|Ditto|100/100
|-damage|p2a: Better Vibes|88/100|[from] Stealth Rock
|-transform|p2a: Better Vibes|p1a: Marshadow|[from] ability: Imposter
|turn|27
|
|t:|1646997030
|switch|p1a: Ditto is ditto|Ditto|88/100
|-damage|p1a: Ditto is ditto|76/100|[from] Stealth Rock
|move|p2a: Better Vibes|Spectral Thief|p1a: Ditto is ditto
|-immune|p1a: Ditto is ditto
|
|upkeep
|turn|28
|
|t:|1646997037
|switch|p2a: Vibe Health|Blissey, F|14/100
|-damage|p2a: Vibe Health|1/100|[from] Stealth Rock
|move|p1a: Ditto is ditto|Transform|p2a: Vibe Health
|-transform|p1a: Ditto is ditto|p2a: Vibe Health
|
|-heal|p2a: Vibe Health|8/100|[from] item: Leftovers
|upkeep
|turn|29
|c|☆Master kushagra|come on
|
|t:|1646997062
|move|p2a: Vibe Health|Soft-Boiled|p2a: Vibe Health
|-heal|p2a: Vibe Health|58/100
|move|p1a: Ditto is ditto|Teleport|p1a: Ditto is ditto
|
|t:|1646997064
|switch|p1a: Marshadow|Marshadow|94/100|[from]move: Teleport
|-damage|p1a: Marshadow|88/100|[from] Stealth Rock
|
|-heal|p2a: Vibe Health|64/100|[from] item: Leftovers
|upkeep
|turn|30
|
|t:|1646997071
|switch|p2a: Better Vibes|Ditto|88/100
|-damage|p2a: Better Vibes|76/100|[from] Stealth Rock
|-transform|p2a: Better Vibes|p1a: Marshadow|[from] ability: Imposter
|move|p1a: Marshadow|Close Combat|p2a: Better Vibes
|-immune|p2a: Better Vibes
|
|upkeep
|turn|31
|
|t:|1646997078
|switch|p1a: Yveltal|Yveltal|37/100
|-damage|p1a: Yveltal|12/100|[from] Stealth Rock
|-ability|p1a: Yveltal|Dark Aura
|move|p2a: Better Vibes|Spectral Thief|p1a: Yveltal
|-resisted|p1a: Yveltal
|-damage|p1a: Yveltal|0 fnt
|faint|p1a: Yveltal
|
|upkeep
|
|t:|1646997086
|switch|p1a: zacian destroyer|Necrozma-Dusk-Mane|75/100 par
|-damage|p1a: zacian destroyer|69/100 par|[from] Stealth Rock
|turn|32
|
|t:|1646997094
|switch|p2a: Vibe Health|Blissey, F|64/100
|-damage|p2a: Vibe Health|51/100|[from] Stealth Rock
|move|p1a: zacian destroyer|Earthquake|p2a: Vibe Health
|-damage|p2a: Vibe Health|20/100
|
|-heal|p2a: Vibe Health|26/100|[from] item: Leftovers
|upkeep
|turn|33
|
|t:|1646997105
|move|p2a: Vibe Health|Soft-Boiled|p2a: Vibe Health
|-heal|p2a: Vibe Health|76/100
|move|p1a: zacian destroyer|Earthquake|p2a: Vibe Health
|-damage|p2a: Vibe Health|48/100
|
|-heal|p2a: Vibe Health|54/100|[from] item: Leftovers
|upkeep
|turn|34
|c|☆Master kushagra|u fucking tiger slower than a dam potato
|c|☆Vibe_Check123|Lmfao
|
|t:|1646997138
|switch|p1a: Marshadow|Marshadow|88/100
|-damage|p1a: Marshadow|82/100|[from] Stealth Rock
|move|p2a: Vibe Health|Soft-Boiled|p2a: Vibe Health
|-heal|p2a: Vibe Health|100/100
|
|upkeep
|turn|35
|
|t:|1646997144
|move|p1a: Marshadow|Spectral Thief|p2a: Vibe Health
|-immune|p2a: Vibe Health
|move|p2a: Vibe Health|Toxic|p1a: Marshadow
|-status|p1a: Marshadow|tox
|
|-damage|p1a: Marshadow|76/100 tox|[from] psn
|upkeep
|turn|36
|c|☆Vibe_Check123|I am... So lucky on that, wtf
|
|t:|1646997163
|switch|p2a: Vibe Stall|Toxapex, M|70/100
|-damage|p2a: Vibe Stall|58/100|[from] Stealth Rock
|move|p1a: Marshadow|Close Combat|p2a: Vibe Stall
|-resisted|p2a: Vibe Stall
|-damage|p2a: Vibe Stall|39/100
|-unboost|p1a: Marshadow|def|1
|-unboost|p1a: Marshadow|spd|1
|
|-heal|p2a: Vibe Stall|45/100|[from] item: Black Sludge
|-damage|p1a: Marshadow|63/100 tox|[from] psn
|upkeep
|turn|37
|
|t:|1646997168
|switch|p1a: zacian destroyer|Necrozma-Dusk-Mane|69/100 par
|-damage|p1a: zacian destroyer|63/100 par|[from] Stealth Rock
|move|p2a: Vibe Stall|Recover|p2a: Vibe Stall
|-heal|p2a: Vibe Stall|95/100
|
|-heal|p2a: Vibe Stall|100/100|[from] item: Black Sludge
|upkeep
|turn|38
|
|t:|1646997175
|switch|p2a: Vibe Health|Blissey, F|100/100
|-damage|p2a: Vibe Health|88/100|[from] Stealth Rock
|move|p1a: zacian destroyer|Morning Sun|p1a: zacian destroyer
|-heal|p1a: zacian destroyer|100/100 par
|
|-heal|p2a: Vibe Health|94/100|[from] item: Leftovers
|upkeep
|turn|39
|c|☆Vibe_Check123|Did I disconnect?-
|c|☆Vibe_Check123|Oh, nvm
|
|t:|1646997263
|switch|p1a: Marshadow|Marshadow|63/100 tox
|-damage|p1a: Marshadow|57/100 tox|[from] Stealth Rock
|move|p2a: Vibe Health|Teleport|p2a: Vibe Health
|
|t:|1646997269
|switch|p2a: Better Vibes|Ditto|76/100|[from]move: Teleport
|-damage|p2a: Better Vibes|63/100|[from] Stealth Rock
|-transform|p2a: Better Vibes|p1a: Marshadow|[from] ability: Imposter
|
|-damage|p1a: Marshadow|51/100 tox|[from] psn
|upkeep
|turn|40
|
|t:|1646997275
|switch|p1a: zacian destroyer|Necrozma-Dusk-Mane|100/100 par
|-damage|p1a: zacian destroyer|94/100 par|[from] Stealth Rock
|move|p2a: Better Vibes|Shadow Sneak|p1a: zacian destroyer
|-supereffective|p1a: zacian destroyer
|-damage|p1a: zacian destroyer|67/100 par
|
|upkeep
|turn|41
|
|t:|1646997285
|switch|p2a: Vibe Health|Blissey, F|94/100
|-damage|p2a: Vibe Health|82/100|[from] Stealth Rock
|cant|p1a: zacian destroyer|par
|
|-heal|p2a: Vibe Health|88/100|[from] item: Leftovers
|upkeep
|turn|42
|
|t:|1646997292
|move|p2a: Vibe Health|Soft-Boiled|p2a: Vibe Health
|-heal|p2a: Vibe Health|100/100
|move|p1a: zacian destroyer|Thunder Wave|p2a: Vibe Health
|-status|p2a: Vibe Health|par
|
|upkeep
|turn|43
|
|t:|1646997306
|move|p1a: zacian destroyer|Earthquake|p2a: Vibe Health
|-damage|p2a: Vibe Health|73/100 par
|cant|p2a: Vibe Health|par
|
|-heal|p2a: Vibe Health|80/100 par|[from] item: Leftovers
|upkeep
|turn|44
|c|☆Master kushagra|what if 5 time in a row palarize
|c|☆Master kushagra|happne
|c|☆Master kushagra|it will be brocken
|
|t:|1646997337
|move|p1a: zacian destroyer|Earthquake|p2a: Vibe Health
|-damage|p2a: Vibe Health|52/100 par
|move|p2a: Vibe Health|Teleport|p2a: Vibe Health
|c|☆Vibe_Check123|Then rnjesus, I'm sorry
|
|t:|1646997345
|-curestatus|p2a: Vibe Health|par|[from] ability: Natural Cure
|switch|p2a: Better Vibes|Ditto|63/100|[from]move: Teleport
|-damage|p2a: Better Vibes|51/100|[from] Stealth Rock
|-transform|p2a: Better Vibes|p1a: zacian destroyer|[from] ability: Imposter
|
|upkeep
|turn|45
|c|☆Vibe_Check123|Oh thank goodness
|
|t:|1646997357
|move|p2a: Better Vibes|Earthquake|p1a: zacian destroyer
|-supereffective|p1a: zacian destroyer
|-damage|p1a: zacian destroyer|38/100 par
|move|p1a: zacian destroyer|Earthquake|p2a: Better Vibes
|-supereffective|p2a: Better Vibes
|-damage|p2a: Better Vibes|15/100
|
|upkeep
|turn|46
|
|t:|1646997368
|move|p2a: Better Vibes|Earthquake|p1a: zacian destroyer
|-supereffective|p1a: zacian destroyer
|-damage|p1a: zacian destroyer|11/100 par
|move|p1a: zacian destroyer|Earthquake|p2a: Better Vibes
|-supereffective|p2a: Better Vibes
|-damage|p2a: Better Vibes|0 fnt
|faint|p2a: Better Vibes
|
|upkeep
|
|t:|1646997370
|switch|p2a: Vibe Hair|Cinccino, M|88/100
|-damage|p2a: Vibe Hair|76/100|[from] Stealth Rock
|turn|47
|
|t:|1646997378
|move|p2a: Vibe Hair|Bullet Seed|p1a: zacian destroyer
|-resisted|p1a: zacian destroyer
|-damage|p1a: zacian destroyer|8/100 par
|-resisted|p1a: zacian destroyer
|-damage|p1a: zacian destroyer|6/100 par
|-resisted|p1a: zacian destroyer
|-damage|p1a: zacian destroyer|2/100 par
|-resisted|p1a: zacian destroyer
|-damage|p1a: zacian destroyer|0 fnt
|faint|p1a: zacian destroyer
|-hitcount|p1: zacian destroyer|4
|
|upkeep
|c|☆Master kushagra|fuck
|c|☆Vibe_Check123|Sorry ditto, but a sacrifice had to be made
|
|t:|1646997392
|switch|p1a: Ditto is ditto|Ditto|76/100
|-damage|p1a: Ditto is ditto|64/100|[from] Stealth Rock
|-transform|p1a: Ditto is ditto|p2a: Vibe Hair|[from] ability: Imposter
|turn|48
|
|t:|1646997400
|move|p1a: Ditto is ditto|Triple Axel|p2a: Vibe Hair|[miss]
|-miss|p1a: Ditto is ditto|p2a: Vibe Hair
|move|p2a: Vibe Hair|Bullet Seed|p1a: Ditto is ditto
|-damage|p1a: Ditto is ditto|45/100
|-damage|p1a: Ditto is ditto|25/100
|-damage|p1a: Ditto is ditto|4/100
|-damage|p1a: Ditto is ditto|0 fnt
|faint|p1a: Ditto is ditto
|-hitcount|p1: Ditto is ditto|4
|
|upkeep
|c|☆Vibe_Check123|What in the living fuck
|c|☆Master kushagra|wow
|
|t:|1646997410
|switch|p1a: Marshadow|Marshadow|51/100 tox
|-damage|p1a: Marshadow|44/100 tox|[from] Stealth Rock
|turn|49
|c|☆Vibe_Check123|Rnjesus loves me
|
|t:|1646997418
|move|p2a: Vibe Hair|Bullet Seed|p1a: Marshadow
|-damage|p1a: Marshadow|31/100 tox
|-damage|p1a: Marshadow|18/100 tox
|-damage|p1a: Marshadow|5/100 tox
|-damage|p1a: Marshadow|0 fnt
|faint|p1a: Marshadow
|-hitcount|p1: Marshadow|4
|
|win|Vibe_Check123
|c|☆Master kushagra|let me bring my main team
|c|☆Vibe_Check123|Oh aight
|l|☆Master kushagra
