|j|☆1upx
|j|☆shisky
|t:|1661425272
|gametype|singles
|player|p1|1upx|169|1551
|player|p2|shisky|266|1483
|teamsize|p1|6
|teamsize|p2|6
|gen|8
|tier|[Gen 8] National Dex AG
|rated|
|rule|HP Percentage Mod: HP is shown in percentages
|rule|Endless Battle Clause: Forcing endless battles is banned
|clearpoke
|poke|p1|Smeargle, F|
|poke|p1|Ditto|
|poke|p1|Xerneas-*|
|poke|p1|Rayquaza|
|poke|p1|Yveltal|
|poke|p1|Groudon|
|poke|p2|Arceus-*|
|poke|p2|Arceus-*|
|poke|p2|Arceus-*|
|poke|p2|Rayquaza|
|poke|p2|Ditto|
|poke|p2|Arceus-*|
|teampreview
|
|t:|1661425278
|start
|switch|p1a: Smeargle|Smeargle, F|100/100
|switch|p2a: Arceus|Arceus-Electric|100/100
|turn|1
|inactive|Battle timer is ON: inactive players will automatically lose when time's up. (requested by shisky)
|
|t:|1661425288
|switch|p2a: Arceus|Arceus-Grass|100/100
|move|p1a: Smeargle|Spore|p2a: Arceus
|-immune|p2a: Arceus
|
|-ability|p1a: Smeargle|Moody|boost
|-boost|p1a: Smeargle|atk|2
|-unboost|p1a: Smeargle|def|1
|upkeep
|turn|2
|
|t:|1661425300
|move|p1a: Smeargle|Protect|p1a: Smeargle
|-singleturn|p1a: Smeargle|Protect
|move|p2a: Arceus|Swords Dance|p2a: Arceus
|-boost|p2a: Arceus|atk|2
|
|-ability|p1a: Smeargle|Moody|boost
|-boost|p1a: Smeargle|def|2
|-unboost|p1a: Smeargle|spd|1
|upkeep
|turn|3
|
|t:|1661425310
|move|p2a: Arceus|Bullet Seed|p1a: Smeargle
|-damage|p1a: Smeargle|54/100
|-damage|p1a: Smeargle|5/100
|-damage|p1a: Smeargle|0 fnt
|faint|p1a: Smeargle
|-hitcount|p1: Smeargle|3
|
|upkeep
|
|t:|1661425314
|switch|p1a: Yveltal|Yveltal|100/100
|-ability|p1a: Yveltal|Dark Aura
|turn|4
|
|t:|1661425322
|-start|p2a: Arceus|Dynamax|
|-heal|p2a: Arceus|100/100|[silent]
|move|p2a: Arceus|Max Rockfall|p1a: Yveltal
|-supereffective|p1a: Yveltal
|-damage|p1a: Yveltal|0 fnt
|-weather|Sandstorm
|faint|p1a: Yveltal
|
|-weather|Sandstorm|[upkeep]
|-damage|p2a: Arceus|97/100|[from] Sandstorm
|upkeep
|
|t:|1661425330
|switch|p1a: Groudon|Groudon|100/100
|detailschange|p1a: Groudon|Groudon-Primal
|-primal|p1a: Groudon
|-weather|DesolateLand|[from] ability: Desolate Land|[of] p1a: Groudon
|turn|5
|
|t:|1661425341
|move|p2a: Arceus|Max Quake|p1a: Groudon
|-supereffective|p1a: Groudon
|-damage|p1a: Groudon|0 fnt
|-boost|p2a: Arceus|spd|1
|faint|p1a: Groudon
|-weather|none
|
|upkeep
|
|t:|1661425346
|switch|p1a: Rayquaza|Rayquaza|100/100
|-ability|p1a: Rayquaza|Air Lock
|turn|6
|
|t:|1661425351
|detailschange|p1a: Rayquaza|Rayquaza-Mega
|-mega|p1a: Rayquaza|Rayquaza|
|-weather|DeltaStream|[from] ability: Delta Stream|[of] p1a: Rayquaza
|move|p2a: Arceus|Max Rockfall|p1a: Rayquaza
|-activate||deltastream
|-damage|p1a: Rayquaza|16/100
|move|p1a: Rayquaza|Dragon Ascent|p2a: Arceus
|-supereffective|p2a: Arceus
|-damage|p2a: Arceus|34/100
|-unboost|p1a: Rayquaza|def|1
|-unboost|p1a: Rayquaza|spd|1
|
|-weather|DeltaStream|[upkeep]
|upkeep
|-end|p2a: Arceus|Dynamax
|-heal|p2a: Arceus|35/100|[silent]
|turn|7
|
|t:|1661425367
|move|p1a: Rayquaza|Extreme Speed|p2a: Arceus
|-damage|p2a: Arceus|9/100
|move|p2a: Arceus|Stone Edge|p1a: Rayquaza|[miss]
|-miss|p2a: Arceus|p1a: Rayquaza
|
|-weather|DeltaStream|[upkeep]
|upkeep
|turn|8
|
|t:|1661425374
|move|p1a: Rayquaza|Extreme Speed|p2a: Arceus
|-damage|p2a: Arceus|0 fnt
|faint|p2a: Arceus
|
|-weather|DeltaStream|[upkeep]
|upkeep
|
|t:|1661425379
|switch|p2a: Ditto|Ditto|100/100
|-transform|p2a: Ditto|p1a: Rayquaza|[from] ability: Imposter
|turn|9
|
|t:|1661425388
|move|p1a: Rayquaza|Extreme Speed|p2a: Ditto
|-damage|p2a: Ditto|42/100
|move|p2a: Ditto|Dragon Ascent|p1a: Rayquaza
|-damage|p1a: Rayquaza|0 fnt
|-unboost|p2a: Ditto|def|1
|-unboost|p2a: Ditto|spd|1
|faint|p1a: Rayquaza
|
|-weather|DeltaStream|[upkeep]
|upkeep
|
|t:|1661425391
|switch|p1a: Xerneas|Xerneas|100/100
|-ability|p1a: Xerneas|Fairy Aura
|turn|10
|
|t:|1661425401
|-start|p1a: Xerneas|Dynamax|
|-heal|p1a: Xerneas|100/100|[silent]
|move|p2a: Ditto|Dragon Ascent|p1a: Xerneas
|-damage|p1a: Xerneas|64/100
|-unboost|p2a: Ditto|def|1
|-unboost|p2a: Ditto|spd|1
|move|p1a: Xerneas|Max Starfall|p2a: Ditto
|-supereffective|p2a: Ditto
|-damage|p2a: Ditto|0 fnt
|-fieldstart|move: Misty Terrain
|faint|p2a: Ditto
|-weather|none
|
|upkeep
|
|t:|1661425416
|switch|p2a: Arceus|Arceus-Electric|100/100
|turn|11
|
|t:|1661425421
|move|p2a: Arceus|Calm Mind|p2a: Arceus
|-boost|p2a: Arceus|spa|1
|-boost|p2a: Arceus|spd|1
|move|p1a: Xerneas|Max Starfall|p2a: Arceus
|-damage|p2a: Arceus|50/100
|
|upkeep
|turn|12
|
|t:|1661425429
|move|p2a: Arceus|Judgment|p1a: Xerneas
|-damage|p1a: Xerneas|24/100
|move|p1a: Xerneas|Max Starfall|p2a: Arceus
|-damage|p2a: Arceus|1/100
|
|upkeep
|-end|p1a: Xerneas|Dynamax
|-heal|p1a: Xerneas|24/100|[silent]
|turn|13
|
|t:|1661425439
|move|p2a: Arceus|Judgment|p1a: Xerneas
|-damage|p1a: Xerneas|0 fnt
|faint|p1a: Xerneas
|
|upkeep
|
|t:|1661425441
|switch|p1a: Ditto|Ditto|100/100
|-transform|p1a: Ditto|p2a: Arceus|[from] ability: Imposter
|turn|14
|
|t:|1661425451
|move|p1a: Ditto|Ice Beam|p2a: Arceus
|-damage|p2a: Arceus|0 fnt
|faint|p2a: Arceus
|
|-fieldend|Misty Terrain
|upkeep
|
|t:|1661425458
|switch|p2a: Arceus|Arceus-Fairy|100/100
|turn|15
|
|t:|1661425464
|move|p1a: Ditto|Ice Beam|p2a: Arceus
|-damage|p2a: Arceus|64/100
|move|p2a: Arceus|Judgment|p1a: Ditto
|-damage|p1a: Ditto|61/100
|
|upkeep
|turn|16
|
|t:|1661425473
|move|p1a: Ditto|Ice Beam|p2a: Arceus
|-damage|p2a: Arceus|28/100
|move|p2a: Arceus|Judgment|p1a: Ditto
|-damage|p1a: Ditto|23/100
|
|upkeep
|turn|17
|
|t:|1661425479
|move|p1a: Ditto|Ice Beam|p2a: Arceus
|-damage|p2a: Arceus|0 fnt
|faint|p2a: Arceus
|
|upkeep
|
|t:|1661425484
|switch|p2a: Rayquaza|Rayquaza|100/100
|-ability|p2a: Rayquaza|Air Lock
|turn|18
|
|t:|1661425490
|detailschange|p2a: Rayquaza|Rayquaza-Mega
|-mega|p2a: Rayquaza|Rayquaza|
|-weather|DeltaStream|[from] ability: Delta Stream|[of] p2a: Rayquaza
|move|p1a: Ditto|Ice Beam|p2a: Rayquaza
|-activate||deltastream
|-supereffective|p2a: Rayquaza
|-damage|p2a: Rayquaza|21/100
|move|p2a: Rayquaza|Dragon Ascent|p1a: Ditto
|-resisted|p1a: Ditto
|-damage|p1a: Ditto|0 fnt
|-unboost|p2a: Rayquaza|def|1
|-unboost|p2a: Rayquaza|spd|1
|faint|p1a: Ditto
|-damage|p2a: Rayquaza|11/100|[from] item: Life Orb
|
|win|shisky
|raw|1upx's rating: 1551 &rarr; <strong>1527</strong><br />(-24 for losing)
|raw|shisky's rating: 1483 &rarr; <strong>1507</strong><br />(+24 for winning)
|l|☆1upx
||Ladder isn't responding, score probably updated but might not have (Request timeout).
