|j|☆cosmowarriorzero
|j|☆Buck is stallish
|t:|1660983127
|gametype|singles
|player|p1|cosmowarriorzero|2|1822
|player|p2|Buck is stallish|ethan-masters|1931
|teamsize|p1|6
|teamsize|p2|6
|gen|8
|tier|[Gen 8] National Dex AG
|rated|
|rule|HP Percentage Mod: HP is shown in percentages
|rule|Endless Battle Clause: Forcing endless battles is banned
|clearpoke
|poke|p1|Arceus-*|
|poke|p1|Xerneas-*|
|poke|p1|Yveltal|
|poke|p1|Arceus-*|
|poke|p1|Groudon|
|poke|p1|Marshadow|
|poke|p2|Kyogre|
|poke|p2|Chansey, F|
|poke|p2|Sableye, F|
|poke|p2|Lugia|
|poke|p2|Yveltal|
|poke|p2|Arceus-*|
|teampreview
|inactive|Battle timer is ON: inactive players will automatically lose when time's up. (requested by Buck is stallish)
|
|t:|1660983147
|start
|switch|p1a: Arceus|Arceus|100/100
|switch|p2a: Pretty gem|Sableye, F|100/100
|turn|1
|
|t:|1660983152
|detailschange|p2a: Pretty gem|Sableye-Mega, F
|-mega|p2a: Pretty gem|Sableye|Sablenite
|move|p1a: Arceus|Magic Coat|p1a: Arceus
|-singleturn|p1a: Arceus|move: Magic Coat
|move|p2a: Pretty gem|Will-O-Wisp|p1a: Arceus
|move|p1a: Arceus|Will-O-Wisp|p2a: Pretty gem|[from]Magic Coat|[miss]
|-miss|p1a: Arceus|p2a: Pretty gem
|
|upkeep
|turn|2
|
|t:|1660983161
|move|p1a: Arceus|Magic Coat|p1a: Arceus
|-singleturn|p1a: Arceus|move: Magic Coat
|move|p2a: Pretty gem|Foul Play|p1a: Arceus
|-damage|p1a: Arceus|73/100
|
|upkeep
|turn|3
|
|t:|1660983167
|move|p1a: Arceus|Draco Meteor|p2a: Pretty gem
|-damage|p2a: Pretty gem|66/100
|-unboost|p1a: Arceus|spa|2
|move|p2a: Pretty gem|Foul Play|p1a: Arceus
|-damage|p1a: Arceus|43/100
|
|upkeep
|turn|4
|
|t:|1660983177
|switch|p1a: Groudon|Groudon|100/100
|detailschange|p1a: Groudon|Groudon-Primal
|-primal|p1a: Groudon
|-weather|DesolateLand|[from] ability: Desolate Land|[of] p1a: Groudon
|move|p2a: Pretty gem|Recover|p2a: Pretty gem
|-heal|p2a: Pretty gem|100/100
|
|-weather|DesolateLand|[upkeep]
|upkeep
|turn|5
|
|t:|1660983186
|move|p2a: Pretty gem|Protect|p2a: Pretty gem
|-singleturn|p2a: Pretty gem|Protect
|move|p1a: Groudon|Thunder Wave|p2a: Pretty gem
|-activate|p2a: Pretty gem|move: Protect
|
|-weather|DesolateLand|[upkeep]
|upkeep
|turn|6
|
|t:|1660983190
|move|p1a: Groudon|Lava Plume|p2a: Pretty gem
|-damage|p2a: Pretty gem|38/100
|move|p2a: Pretty gem|Recover|p2a: Pretty gem
|-heal|p2a: Pretty gem|88/100
|
|-weather|DesolateLand|[upkeep]
|upkeep
|turn|7
|
|t:|1660983197
|switch|p2a: Fearless priest|Arceus-Ground|100/100
|move|p1a: Groudon|Lava Plume|p2a: Fearless priest
|-damage|p2a: Fearless priest|61/100
|
|-weather|DesolateLand|[upkeep]
|upkeep
|turn|8
|
|t:|1660983213
|move|p2a: Fearless priest|Stealth Rock|p1a: Groudon
|-sidestart|p1: cosmowarriorzero|move: Stealth Rock
|move|p1a: Groudon|Stealth Rock|p2a: Fearless priest
|-sidestart|p2: Buck is stallish|move: Stealth Rock
|
|-weather|DesolateLand|[upkeep]
|upkeep
|turn|9
|
|t:|1660983220
|move|p2a: Fearless priest|Judgment|p1a: Groudon
|-supereffective|p1a: Groudon
|-damage|p1a: Groudon|13/100
|move|p1a: Groudon|Lava Plume|p2a: Fearless priest
|-damage|p2a: Fearless priest|24/100
|
|-weather|DesolateLand|[upkeep]
|upkeep
|turn|10
|
|t:|1660983227
|move|p2a: Fearless priest|Recover|p2a: Fearless priest
|-heal|p2a: Fearless priest|74/100
|move|p1a: Groudon|Lava Plume|p2a: Fearless priest
|-damage|p2a: Fearless priest|35/100
|-status|p2a: Fearless priest|brn
|
|-weather|DesolateLand|[upkeep]
|-damage|p2a: Fearless priest|29/100 brn|[from] brn
|upkeep
|turn|11
|
|t:|1660983248
|move|p2a: Fearless priest|Recover|p2a: Fearless priest
|-heal|p2a: Fearless priest|79/100 brn
|move|p1a: Groudon|Roar|p2a: Fearless priest
|drag|p2a: Tough pink lady|Chansey, F|100/100
|-damage|p2a: Tough pink lady|88/100|[from] Stealth Rock
|
|-weather|DesolateLand|[upkeep]
|upkeep
|turn|12
|c|☆Buck is stallish|Hurry please
|
|t:|1660983255
|move|p1a: Groudon|Lava Plume|p2a: Tough pink lady
|-damage|p2a: Tough pink lady|73/100
|move|p2a: Tough pink lady|Seismic Toss|p1a: Groudon
|-damage|p1a: Groudon|0 fnt
|faint|p1a: Groudon
|-weather|none
|
|upkeep
|
|t:|1660983259
|switch|p1a: Marshadow|Marshadow|100/100
|-damage|p1a: Marshadow|94/100|[from] Stealth Rock
|turn|13
|
|t:|1660983268
|switch|p2a: Pretty gem|Sableye-Mega, F|88/100
|-damage|p2a: Pretty gem|76/100|[from] Stealth Rock
|move|p1a: Marshadow|Poltergeist|p2a: Pretty gem
|-activate|p2a: Pretty gem|move: Poltergeist|Sablenite
|-damage|p2a: Pretty gem|27/100
|-damage|p1a: Marshadow|84/100|[from] item: Life Orb
|
|upkeep
|turn|14
|
|t:|1660983274
|move|p2a: Pretty gem|Protect|p2a: Pretty gem
|-singleturn|p2a: Pretty gem|Protect
|move|p1a: Marshadow|Poltergeist|p2a: Pretty gem
|-activate|p2a: Pretty gem|move: Protect
|
|upkeep
|turn|15
|
|t:|1660983281
|switch|p2a: Raven of death|Yveltal, shiny|100/100
|-damage|p2a: Raven of death|76/100|[from] Stealth Rock
|-ability|p2a: Raven of death|Dark Aura
|move|p1a: Marshadow|Poltergeist|p2a: Raven of death
|-activate|p2a: Raven of death|move: Poltergeist|Choice Scarf
|-resisted|p2a: Raven of death
|-damage|p2a: Raven of death|46/100
|-damage|p1a: Marshadow|74/100|[from] item: Life Orb
|
|upkeep
|turn|16
|
|t:|1660983288
|switch|p1a: Arceus|Arceus|43/100
|-damage|p1a: Arceus|30/100|[from] Stealth Rock
|move|p2a: Raven of death|Foul Play|p1a: Arceus
|-damage|p1a: Arceus|0 fnt
|faint|p1a: Arceus
|
|upkeep
|
|t:|1660983291
|switch|p1a: Xerneas|Xerneas|100/100
|-damage|p1a: Xerneas|88/100|[from] Stealth Rock
|-ability|p1a: Xerneas|Fairy Aura
|turn|17
|
|t:|1660983302
|switch|p2a: Tough pink lady|Chansey, F|73/100
|-damage|p2a: Tough pink lady|61/100|[from] Stealth Rock
|move|p1a: Xerneas|Close Combat|p2a: Tough pink lady
|-supereffective|p2a: Tough pink lady
|-damage|p2a: Tough pink lady|0 fnt
|-unboost|p1a: Xerneas|def|1
|-unboost|p1a: Xerneas|spd|1
|faint|p2a: Tough pink lady
|
|upkeep
|
|t:|1660983311
|switch|p2a: Eternal storm|Kyogre|100/100
|-damage|p2a: Eternal storm|88/100|[from] Stealth Rock
|-weather|RainDance|[from] ability: Drizzle|[of] p2a: Eternal storm
|turn|18
|c|☆Buck is stallish|Hurry please buddy
|c|☆Buck is stallish|Pls
|
|t:|1660983340
|switch|p1a: Arceus|Arceus-Ground|100/100
|-damage|p1a: Arceus|94/100|[from] Stealth Rock
|-start|p2a: Eternal storm|Dynamax|
|-heal|p2a: Eternal storm|88/100|[silent]
|move|p2a: Eternal storm|Max Geyser|p1a: Arceus
|-supereffective|p1a: Arceus
|-damage|p1a: Arceus|0 fnt
|faint|p1a: Arceus
|
|-weather|RainDance|[upkeep]
|-heal|p2a: Eternal storm|91/100|[from] item: Leftovers
|upkeep
|inactive|cosmowarriorzero has 120 seconds left.
|
|t:|1660983369
|switch|p1a: Xerneas|Xerneas|88/100
|-damage|p1a: Xerneas|76/100|[from] Stealth Rock
|-ability|p1a: Xerneas|Fairy Aura
|turn|19
|
|t:|1660983381
|-start|p1a: Xerneas|Dynamax|
|-heal|p1a: Xerneas|76/100|[silent]
|move|p1a: Xerneas|Max Guard|p1a: Xerneas
|-singleturn|p1a: Xerneas|Max Guard
|move|p2a: Eternal storm|Max Geyser|p1a: Xerneas
|-activate|p1a: Xerneas|move: Max Guard
|
|-weather|RainDance|[upkeep]
|-heal|p2a: Eternal storm|94/100|[from] item: Leftovers
|upkeep
|turn|20
|
|t:|1660983388
|-end|p2a: Eternal storm|Dynamax
|-heal|p2a: Eternal storm|94/100|[silent]
|switch|p2a: Pretty gem|Sableye-Mega, F|27/100
|-damage|p2a: Pretty gem|15/100|[from] Stealth Rock
|move|p1a: Xerneas|Max Starfall|p2a: Pretty gem
|-supereffective|p2a: Pretty gem
|-damage|p2a: Pretty gem|0 fnt
|-fieldstart|move: Misty Terrain
|faint|p2a: Pretty gem
|
|-weather|RainDance|[upkeep]
|upkeep
|
|t:|1660983393
|switch|p2a: White phoenix|Lugia|100/100
|-damage|p2a: White phoenix|75/100|[from] Stealth Rock
|turn|21
|
|t:|1660983399
|move|p1a: Xerneas|Max Starfall|p2a: White phoenix
|-damage|p2a: White phoenix|17/100
|move|p2a: White phoenix|Roost|p2a: White phoenix
|-heal|p2a: White phoenix|67/100
|-singleturn|p2a: White phoenix|move: Roost
|
|-weather|RainDance|[upkeep]
|-heal|p2a: White phoenix|73/100|[from] item: Leftovers
|upkeep
|-end|p1a: Xerneas|Dynamax
|-heal|p1a: Xerneas|76/100|[silent]
|turn|22
|
|t:|1660983403
|move|p2a: White phoenix|Roost|p2a: White phoenix
|-heal|p2a: White phoenix|100/100
|-singleturn|p2a: White phoenix|move: Roost
|move|p1a: Xerneas|Thunder Wave|p2a: White phoenix
|-activate|p2a: White phoenix|move: Misty Terrain
|
|-weather|none
|upkeep
|turn|23
|
|t:|1660983420
|switch|p2a: Fearless priest|Arceus-Ground|79/100 brn
|-damage|p2a: Fearless priest|73/100 brn|[from] Stealth Rock
|move|p1a: Xerneas|Rock Slide|p2a: Fearless priest
|-resisted|p2a: Fearless priest
|-damage|p2a: Fearless priest|65/100 brn
|
|-damage|p2a: Fearless priest|59/100 brn|[from] brn
|upkeep
|turn|24
|
|t:|1660983429
|move|p2a: Fearless priest|Recover|p2a: Fearless priest
|-heal|p2a: Fearless priest|100/100 brn
|move|p1a: Xerneas|Play Rough|p2a: Fearless priest
|-damage|p2a: Fearless priest|61/100 brn
|
|-damage|p2a: Fearless priest|55/100 brn|[from] brn
|-fieldend|Misty Terrain
|upkeep
|turn|25
|c|☆Buck is stallish|Cool xern set btw
|c|☆Buck is stallish|Hurry please
|
|t:|1660983458
|switch|p1a: Yveltal|Yveltal|100/100
|-damage|p1a: Yveltal|76/100|[from] Stealth Rock
|-ability|p1a: Yveltal|Dark Aura
|move|p2a: Fearless priest|Will-O-Wisp|p1a: Yveltal
|-status|p1a: Yveltal|brn
|
|-damage|p1a: Yveltal|69/100 brn|[from] brn
|-damage|p2a: Fearless priest|48/100 brn|[from] brn
|upkeep
|turn|26
|
|t:|1660983466
|move|p1a: Yveltal|Oblivion Wing|p2a: Fearless priest
|-damage|p2a: Fearless priest|5/100 brn
|-heal|p1a: Yveltal|100/100 brn|[from] drain|[of] p2a: Fearless priest
|-damage|p1a: Yveltal|91/100 brn|[from] item: Life Orb
|move|p2a: Fearless priest|Recover|p2a: Fearless priest
|-heal|p2a: Fearless priest|55/100 brn
|
|-damage|p1a: Yveltal|84/100 brn|[from] brn
|-damage|p2a: Fearless priest|49/100 brn|[from] brn
|upkeep
|turn|27
|
|t:|1660983479
|switch|p2a: Raven of death|Yveltal, shiny|46/100
|-damage|p2a: Raven of death|21/100|[from] Stealth Rock
|-ability|p2a: Raven of death|Dark Aura
|move|p1a: Yveltal|Dark Pulse|p2a: Raven of death
|-resisted|p2a: Raven of death
|-damage|p2a: Raven of death|0 fnt
|faint|p2a: Raven of death
|-damage|p1a: Yveltal|75/100 brn|[from] item: Life Orb
|
|-damage|p1a: Yveltal|68/100 brn|[from] brn
|upkeep
|
|t:|1660983481
|switch|p2a: Eternal storm|Kyogre|94/100
|-damage|p2a: Eternal storm|82/100|[from] Stealth Rock
|-weather|RainDance|[from] ability: Drizzle|[of] p2a: Eternal storm
|turn|28
|
|t:|1660983488
|move|p1a: Yveltal|Oblivion Wing|p2a: Eternal storm
|-damage|p2a: Eternal storm|41/100
|-heal|p1a: Yveltal|99/100 brn|[from] drain|[of] p2a: Eternal storm
|-damage|p1a: Yveltal|90/100 brn|[from] item: Life Orb
|move|p2a: Eternal storm|Scald|p1a: Yveltal
|-damage|p1a: Yveltal|42/100 brn
|
|-weather|RainDance|[upkeep]
|-heal|p2a: Eternal storm|47/100|[from] item: Leftovers
|-damage|p1a: Yveltal|36/100 brn|[from] brn
|upkeep
|turn|29
|
|t:|1660983499
|move|p1a: Yveltal|Dark Pulse|p2a: Eternal storm
|-damage|p2a: Eternal storm|0 fnt
|faint|p2a: Eternal storm
|-damage|p1a: Yveltal|26/100 brn|[from] item: Life Orb
|
|-weather|RainDance|[upkeep]
|-damage|p1a: Yveltal|20/100 brn|[from] brn
|upkeep
|-message|Buck is stallish forfeited.
|
|win|cosmowarriorzero
|raw|cosmowarriorzero's rating: 1822 &rarr; <strong>1848</strong><br />(+26 for winning)
|raw|Buck is stallish's rating: 1931 &rarr; <strong>1905</strong><br />(-26 for losing)
|l|☆Buck is stallish
