|j|☆iroeweuio
|j|☆Nobodi_Nowan
|t:|1662621302
|gametype|singles
|player|p1|iroeweuio|169|1761
|player|p2|Nobodi_Nowan|akari|1873
|teamsize|p1|6
|teamsize|p2|6
|gen|8
|tier|[Gen 8] National Dex AG
|rated|
|rule|HP Percentage Mod: HP is shown in percentages
|rule|Endless Battle Clause: Forcing endless battles is banned
|clearpoke
|poke|p1|Chatot, M|
|poke|p1|Weavile, M|
|poke|p1|Giratina-Origin|
|poke|p1|Ditto|
|poke|p1|Breloom, M|
|poke|p1|Wobbuffet, F|
|poke|p2|Forretress, F|
|poke|p2|Arceus-*|
|poke|p2|Kyogre|
|poke|p2|Calyrex-Shadow|
|poke|p2|Zacian-*|
|poke|p2|Rayquaza|
|teampreview
|
|t:|1662621309
|start
|switch|p1a: Weavile|Weavile, M|100/100
|switch|p2a: Zacian|Zacian-Crowned, shiny|100/100
|-ability|p2a: Zacian|Intrepid Sword|boost
|-boost|p2a: Zacian|atk|1
|-ability|p1a: Weavile|Pressure
|turn|1
|
|t:|1662621316
|switch|p1a: Wobbuffet|Wobbuffet, F|100/100
|move|p2a: Zacian|Substitute|p2a: Zacian
|-start|p2a: Zacian|Substitute
|-damage|p2a: Zacian|76/100
|
|upkeep
|turn|2
|
|t:|1662621322
|move|p2a: Zacian|Behemoth Blade|p1a: Wobbuffet
|-damage|p1a: Wobbuffet|15/100
|move|p1a: Wobbuffet|Counter|p2a: Zacian
|-end|p2a: Zacian|Substitute
|
|upkeep
|turn|3
|
|t:|1662621328
|switch|p1a: Giratina|Giratina-Origin|100/100
|move|p2a: Zacian|Substitute|p2a: Zacian
|-start|p2a: Zacian|Substitute
|-damage|p2a: Zacian|51/100
|
|upkeep
|turn|4
|
|t:|1662621333
|move|p2a: Zacian|Behemoth Blade|p1a: Giratina
|-damage|p1a: Giratina|25/100
|move|p1a: Giratina|Shadow Force||[still]
|-prepare|p1a: Giratina|Shadow Force
|
|upkeep
|turn|5
|
|t:|1662621343
|switch|p2a: Arceus|Arceus|100/100
|move|p1a: Giratina|Shadow Force|p2a: Arceus|[from]lockedmove
|-immune|p2a: Arceus
|
|upkeep
|turn|6
|
|t:|1662621349
|switch|p1a: Chatot|Chatot, M|100/100
|move|p2a: Arceus|Shadow Claw|p1a: Chatot
|-immune|p1a: Chatot
|
|upkeep
|turn|7
|
|t:|1662621354
|move|p2a: Arceus|Extreme Speed|p1a: Chatot
|-damage|p1a: Chatot|4/100
|move|p1a: Chatot|Chatter|p2a: Arceus
|-damage|p2a: Arceus|80/100
|-start|p2a: Arceus|confusion
|-enditem|p2a: Arceus|Lum Berry|[eat]
|-end|p2a: Arceus|confusion
|
|upkeep
|turn|8
|
|t:|1662621363
|move|p1a: Chatot|Protect|p1a: Chatot
|-singleturn|p1a: Chatot|Protect
|move|p2a: Arceus|Extreme Speed|p1a: Chatot
|-activate|p1a: Chatot|move: Protect
|
|upkeep
|turn|9
|
|t:|1662621369
|move|p2a: Arceus|Extreme Speed|p1a: Chatot
|-damage|p1a: Chatot|0 fnt
|faint|p1a: Chatot
|
|upkeep
|
|t:|1662621374
|switch|p1a: Breloom|Breloom, M|100/100
|turn|10
|
|t:|1662621378
|move|p2a: Arceus|Extreme Speed|p1a: Breloom
|-damage|p1a: Breloom|32/100
|move|p1a: Breloom|Spore|p2a: Arceus
|-status|p2a: Arceus|slp|[from] move: Spore
|
|-status|p1a: Breloom|tox|[from] item: Toxic Orb
|upkeep
|turn|11
|
|t:|1662621387
|cant|p2a: Arceus|slp
|move|p1a: Breloom|Spore|p2a: Arceus
|-fail|p2a: Arceus|slp
|
|-heal|p1a: Breloom|45/100 tox|[from] ability: Poison Heal
|upkeep
|turn|12
|
|t:|1662621392
|-singleturn|p1a: Breloom|move: Focus Punch
|cant|p2a: Arceus|slp
|move|p1a: Breloom|Focus Punch|p2a: Arceus
|-supereffective|p2a: Arceus
|-crit|p2a: Arceus
|-damage|p2a: Arceus|0 fnt
|faint|p2a: Arceus
|
|-heal|p1a: Breloom|57/100 tox|[from] ability: Poison Heal
|upkeep
|
|t:|1662621403
|switch|p2a: Rayquaza|Rayquaza|100/100
|-ability|p2a: Rayquaza|Air Lock
|turn|13
|
|t:|1662621407
|detailschange|p2a: Rayquaza|Rayquaza-Mega
|-mega|p2a: Rayquaza|Rayquaza|
|-weather|DeltaStream|[from] ability: Delta Stream|[of] p2a: Rayquaza
|move|p1a: Breloom|Protect|p1a: Breloom
|-singleturn|p1a: Breloom|Protect
|move|p2a: Rayquaza|Dragon Ascent|p1a: Breloom
|-activate|p1a: Breloom|move: Protect
|
|-weather|DeltaStream|[upkeep]
|-heal|p1a: Breloom|69/100 tox|[from] ability: Poison Heal
|upkeep
|turn|14
|
|t:|1662621418
|move|p2a: Rayquaza|Dragon Ascent|p1a: Breloom
|-supereffective|p1a: Breloom
|-crit|p1a: Breloom
|-damage|p1a: Breloom|0 fnt
|-unboost|p2a: Rayquaza|def|1
|-unboost|p2a: Rayquaza|spd|1
|faint|p1a: Breloom
|
|-weather|DeltaStream|[upkeep]
|upkeep
|
|t:|1662621420
|switch|p1a: Wobbuffet|Wobbuffet, F|15/100
|turn|15
|-enditem|p1a: Wobbuffet|Custap Berry|[eat]
|-activate|p1a: Wobbuffet|item: Custap Berry|[consumed]
|
|t:|1662621431
|move|p2a: Rayquaza|Endure|p2a: Rayquaza
|-singleturn|p2a: Rayquaza|move: Endure
|move|p1a: Wobbuffet|Destiny Bond|p1a: Wobbuffet
|-singlemove|p1a: Wobbuffet|Destiny Bond
|
|-weather|DeltaStream|[upkeep]
|upkeep
|turn|16
|
|t:|1662621438
|move|p2a: Rayquaza|Endure||[still]
|-fail|p2a: Rayquaza
|move|p1a: Wobbuffet|Counter||[still]
|-fail|p1a: Wobbuffet
|
|-weather|DeltaStream|[upkeep]
|upkeep
|turn|17
|
|t:|1662621442
|move|p2a: Rayquaza|Dragon Ascent|p1a: Wobbuffet
|-crit|p1a: Wobbuffet
|-damage|p1a: Wobbuffet|0 fnt
|-unboost|p2a: Rayquaza|def|1
|-unboost|p2a: Rayquaza|spd|1
|faint|p1a: Wobbuffet
|
|-weather|DeltaStream|[upkeep]
|upkeep
|
|t:|1662621444
|switch|p1a: Ditto|Ditto|100/100
|-transform|p1a: Ditto|p2a: Rayquaza|[from] ability: Imposter
|turn|18
|
|t:|1662621451
|move|p2a: Rayquaza|Endure|p2a: Rayquaza
|-singleturn|p2a: Rayquaza|move: Endure
|move|p1a: Ditto|Dragon Ascent|p2a: Rayquaza
|-activate|p2a: Rayquaza|move: Endure
|-damage|p2a: Rayquaza|1/100
|-unboost|p1a: Ditto|def|1
|-unboost|p1a: Ditto|spd|1
|
|-weather|DeltaStream|[upkeep]
|upkeep
|turn|19
|-enditem|p2a: Rayquaza|Custap Berry|[eat]
|-activate|p2a: Rayquaza|item: Custap Berry|[consumed]
|
|t:|1662621458
|switch|p1a: Giratina|Giratina-Origin|25/100
|move|p2a: Rayquaza|Dragon Ascent|p1a: Giratina
|-damage|p1a: Giratina|0 fnt
|-unboost|p2a: Rayquaza|def|1
|-unboost|p2a: Rayquaza|spd|1
|faint|p1a: Giratina
|
|-weather|DeltaStream|[upkeep]
|upkeep
|
|t:|1662621460
|switch|p1a: Ditto|Ditto|100/100
|-transform|p1a: Ditto|p2a: Rayquaza|[from] ability: Imposter
|turn|20
|
|t:|1662621471
|move|p1a: Ditto|Dragon Ascent|p2a: Rayquaza
|-damage|p2a: Rayquaza|0 fnt
|-unboost|p1a: Ditto|def|1
|-unboost|p1a: Ditto|spd|1
|faint|p2a: Rayquaza
|
|-weather|DeltaStream|[upkeep]
|upkeep
|
|t:|1662621479
|switch|p2a: Zacian|Zacian-Crowned, shiny|51/100
|-ability|p2a: Zacian|Intrepid Sword|boost
|-boost|p2a: Zacian|atk|1
|turn|21
|
|t:|1662621485
|-weather|none
|switch|p1a: Weavile|Weavile, M|100/100
|-ability|p1a: Weavile|Pressure
|move|p2a: Zacian|Substitute|p2a: Zacian
|-start|p2a: Zacian|Substitute
|-damage|p2a: Zacian|26/100
|
|upkeep
|turn|22
|
|t:|1662621492
|move|p2a: Zacian|Behemoth Blade|p1a: Weavile
|-supereffective|p1a: Weavile
|-damage|p1a: Weavile|0 fnt
|faint|p1a: Weavile
|
|upkeep
|
|t:|1662621494
|switch|p1a: Ditto|Ditto|100/100
|turn|23
|-message|iroeweuio forfeited.
|
|win|Nobodi_Nowan
|raw|iroeweuio's rating: 1761 &rarr; <strong>1747</strong><br />(-14 for losing)
|raw|Nobodi_Nowan's rating: 1873 &rarr; <strong>1887</strong><br />(+14 for winning)
