|j|☆Mimikium ZZ
|j|☆CLEAR GEM清瑜
|t:|1664003960
|gametype|singles
|player|p1|Mimikium ZZ|schoolboy|1849
|player|p2|CLEAR GEM清瑜|skierf|1788
|teamsize|p1|6
|teamsize|p2|6
|gen|8
|tier|[Gen 8] National Dex AG
|rated|
|rule|HP Percentage Mod: HP is shown in percentages
|rule|Endless Battle Clause: Forcing endless battles is banned
|clearpoke
|poke|p1|Necrozma-Dusk-Mane|
|poke|p1|Zygarde|
|poke|p1|Xerneas-*|
|poke|p1|Skarmory, F|
|poke|p1|Smeargle, M|
|poke|p1|Mimikyu, M|
|poke|p2|Rayquaza|
|poke|p2|Groudon|
|poke|p2|Necrozma-Dusk-Mane|
|poke|p2|Arceus-*|
|poke|p2|Arceus-*|
|poke|p2|Arceus-*|
|teampreview
|inactive|Battle timer is ON: inactive players will automatically lose when time's up. (requested by CLEAR GEM清瑜)
|inactive|Mimikium ZZ has 120 seconds left.
|
|t:|1664004019
|start
|switch|p1a: Skarmory|Skarmory, F, shiny|100/100
|switch|p2a: 究极辅助|Arceus-Dark|100/100
|turn|1
|
|t:|1664004026
|move|p2a: 究极辅助|Magic Coat|p2a: 究极辅助
|-singleturn|p2a: 究极辅助|move: Magic Coat
|move|p1a: Skarmory|Stealth Rock|p2a: 究极辅助
|move|p2a: 究极辅助|Stealth Rock|p1a: Skarmory|[from]Magic Coat
|-sidestart|p1: Mimikium ZZ|move: Stealth Rock
|
|upkeep
|turn|2
|
|t:|1664004031
|move|p2a: 究极辅助|Judgment|p1a: Skarmory
|-damage|p1a: Skarmory|28/100
|move|p1a: Skarmory|Rock Tomb|p2a: 究极辅助
|-damage|p2a: 究极辅助|93/100
|-unboost|p2a: 究极辅助|spe|1
|
|upkeep
|turn|3
|
|t:|1664004037
|move|p1a: Skarmory|Stealth Rock|p2a: 究极辅助
|-sidestart|p2: CLEAR GEM清瑜|move: Stealth Rock
|move|p2a: 究极辅助|Judgment|p1a: Skarmory
|-damage|p1a: Skarmory|0 fnt
|faint|p1a: Skarmory
|
|upkeep
|
|t:|1664004039
|switch|p1a: Smeargle|Smeargle, M, shiny|100/100
|-damage|p1a: Smeargle|88/100|[from] Stealth Rock
|turn|4
|
|t:|1664004041
|move|p2a: 究极辅助|Magic Coat|p2a: 究极辅助
|-singleturn|p2a: 究极辅助|move: Magic Coat
|move|p1a: Smeargle|Substitute|p1a: Smeargle
|-start|p1a: Smeargle|Substitute
|-damage|p1a: Smeargle|63/100
|
|-ability|p1a: Smeargle|Moody|boost
|-boost|p1a: Smeargle|spa|2
|-unboost|p1a: Smeargle|spd|1
|upkeep
|turn|5
|
|t:|1664004045
|move|p1a: Smeargle|Spore|p2a: 究极辅助
|-status|p2a: 究极辅助|slp|[from] move: Spore
|cant|p2a: 究极辅助|slp
|
|-ability|p1a: Smeargle|Moody|boost
|-boost|p1a: Smeargle|spe|2
|-unboost|p1a: Smeargle|spd|1
|upkeep
|turn|6
|
|t:|1664004073
|move|p1a: Smeargle|Baton Pass|p1a: Smeargle
|
|t:|1664004075
|switch|p1a: Xerneas|Xerneas|100/100|[from]move: Baton Pass
|-damage|p1a: Xerneas|88/100|[from] Stealth Rock
|-ability|p1a: Xerneas|Fairy Aura
|cant|p2a: 究极辅助|slp
|
|upkeep
|turn|7
|
|t:|1664004079
|move|p1a: Xerneas|Moonblast|p2a: 究极辅助
|-supereffective|p2a: 究极辅助
|-crit|p2a: 究极辅助
|-damage|p2a: 究极辅助|0 fnt
|faint|p2a: 究极辅助
|
|upkeep
|
|t:|1664004086
|switch|p2a: 不会(?)|Groudon|100/100
|-damage|p2a: 不会(?)|94/100|[from] Stealth Rock
|detailschange|p2a: 不会(?)|Groudon-Primal
|-primal|p2a: 不会(?)
|-weather|DesolateLand|[from] ability: Desolate Land|[of] p2a: 不会(?)
|turn|8
|
|t:|1664004099
|-end|p1a: Xerneas|Substitute
|-start|p1a: Xerneas|Dynamax|
|-heal|p1a: Xerneas|88/100|[silent]
|move|p1a: Xerneas|Max Starfall|p2a: 不会(?)
|-resisted|p2a: 不会(?)
|-damage|p2a: 不会(?)|1/100
|-fieldstart|move: Misty Terrain
|move|p2a: 不会(?)|Roar|p1a: Xerneas
|-block|p1a: Xerneas|Dynamax
|
|-weather|DesolateLand|[upkeep]
|upkeep
|turn|9
|
|t:|1664004101
|move|p1a: Xerneas|Max Starfall|p2a: 不会(?)
|-resisted|p2a: 不会(?)
|-crit|p2a: 不会(?)
|-damage|p2a: 不会(?)|0 fnt
|faint|p2a: 不会(?)
|-weather|none
|
|upkeep
|
|t:|1664004108
|switch|p2a: 悬空羊驼|Arceus-Flying|100/100
|-damage|p2a: 悬空羊驼|76/100|[from] Stealth Rock
|turn|10
|
|t:|1664004111
|-start|p2a: 悬空羊驼|Dynamax|
|-heal|p2a: 悬空羊驼|76/100|[silent]
|move|p2a: 悬空羊驼|Max Guard|p2a: 悬空羊驼
|-singleturn|p2a: 悬空羊驼|Max Guard
|move|p1a: Xerneas|Max Lightning|p2a: 悬空羊驼
|-activate|p2a: 悬空羊驼|move: Max Guard
|
|upkeep
|-end|p1a: Xerneas|Dynamax
|-heal|p1a: Xerneas|88/100|[silent]
|turn|11
|
|t:|1664004123
|move|p1a: Xerneas|Geomancy||[still]
|-prepare|p1a: Xerneas|Geomancy
|-enditem|p1a: Xerneas|Power Herb
|-anim|p1a: Xerneas|Geomancy|p1a: Xerneas
|-boost|p1a: Xerneas|spa|2
|-boost|p1a: Xerneas|spd|2
|-boost|p1a: Xerneas|spe|2
|move|p2a: 悬空羊驼|Max Airstream|p1a: Xerneas
|-damage|p1a: Xerneas|19/100
|-boost|p2a: 悬空羊驼|spe|1
|
|upkeep
|turn|12
|
|t:|1664004128
|move|p1a: Xerneas|Moonblast|p2a: 悬空羊驼
|-damage|p2a: 悬空羊驼|2/100
|move|p2a: 悬空羊驼|Max Airstream|p1a: Xerneas
|-damage|p1a: Xerneas|0 fnt
|-boost|p2a: 悬空羊驼|spe|1
|faint|p1a: Xerneas
|
|-fieldend|Misty Terrain
|upkeep
|
|t:|1664004133
|switch|p1a: Mimikyu|Mimikyu, M, shiny|100/100
|-damage|p1a: Mimikyu|88/100|[from] Stealth Rock
|-end|p2a: 悬空羊驼|Dynamax
|-heal|p2a: 悬空羊驼|2/100|[silent]
|turn|13
|
|t:|1664004140
|move|p1a: Mimikyu|Shadow Sneak|p2a: 悬空羊驼
|-damage|p2a: 悬空羊驼|0 fnt
|faint|p2a: 悬空羊驼
|-damage|p1a: Mimikyu|78/100|[from] item: Life Orb
|
|upkeep
|
|t:|1664004151
|switch|p2a: 钢铁之躯|Necrozma-Dusk-Mane|100/100
|-damage|p2a: 钢铁之躯|94/100|[from] Stealth Rock
|turn|14
|l|☆CLEAR GEM清瑜
|inactive|CLEAR GEM清瑜 disconnected and has a minute to reconnect!
|player|p2|
|inactive|CLEAR GEM清瑜 has 30 seconds to reconnect!
|j|☆CLEAR GEM清瑜
|inactive|CLEAR GEM清瑜 reconnected and has 115 seconds left.
|player|p2|CLEAR GEM清瑜|skierf
|
|t:|1664004191
|move|p1a: Mimikyu|Phantom Force||[still]
|-prepare|p1a: Mimikyu|Phantom Force
|move|p2a: 钢铁之躯|Earthquake|p1a: Mimikyu|[miss]
|-miss|p2a: 钢铁之躯|p1a: Mimikyu
|
|upkeep
|turn|15
|
|t:|1664004198
|move|p1a: Mimikyu|Phantom Force|p2a: 钢铁之躯|[from]lockedmove
|-supereffective|p2a: 钢铁之躯
|-damage|p2a: 钢铁之躯|42/100
|-damage|p1a: Mimikyu|68/100|[from] item: Life Orb
|move|p2a: 钢铁之躯|Photon Geyser|p1a: Mimikyu
|-damage|p1a: Mimikyu|0 fnt
|faint|p1a: Mimikyu
|
|upkeep
|
|t:|1664004204
|switch|p1a: Necrozma|Necrozma-Dusk-Mane, shiny|100/100
|-damage|p1a: Necrozma|94/100|[from] Stealth Rock
|turn|16
|
|t:|1664004216
|detailschange|p2a: 钢铁之躯|Necrozma-Ultra
|-burst|p2a: 钢铁之躯|Necrozma|Ultranecrozium Z
|move|p2a: 钢铁之躯|Earthquake|p1a: Necrozma
|-supereffective|p1a: Necrozma
|-damage|p1a: Necrozma|22/100
|move|p1a: Necrozma|Dragon Dance|p1a: Necrozma
|-boost|p1a: Necrozma|atk|1
|-boost|p1a: Necrozma|spe|1
|
|upkeep
|turn|17
|
|t:|1664004221
|move|p1a: Necrozma|Earthquake|p2a: 钢铁之躯
|-damage|p2a: 钢铁之躯|0 fnt
|faint|p2a: 钢铁之躯
|
|upkeep
|
|t:|1664004223
|switch|p2a: 烈龙无敌|Rayquaza|100/100
|-damage|p2a: 烈龙无敌|76/100|[from] Stealth Rock
|-ability|p2a: 烈龙无敌|Air Lock
|turn|18
|
|t:|1664004227
|detailschange|p2a: 烈龙无敌|Rayquaza-Mega
|-mega|p2a: 烈龙无敌|Rayquaza|
|-weather|DeltaStream|[from] ability: Delta Stream|[of] p2a: 烈龙无敌
|move|p2a: 烈龙无敌|Extreme Speed|p1a: Necrozma
|-resisted|p1a: Necrozma
|-damage|p1a: Necrozma|7/100
|move|p1a: Necrozma|Photon Geyser|p2a: 烈龙无敌
|-damage|p2a: 烈龙无敌|0 fnt
|faint|p2a: 烈龙无敌
|-weather|none
|
|upkeep
|
|t:|1664004231
|switch|p2a: 乱杀P固|Arceus-Ground|100/100
|-damage|p2a: 乱杀P固|94/100|[from] Stealth Rock
|turn|19
|
|t:|1664004236
|detailschange|p1a: Necrozma|Necrozma-Ultra, shiny
|-burst|p1a: Necrozma|Necrozma|Ultranecrozium Z
|move|p1a: Necrozma|Photon Geyser|p2a: 乱杀P固
|-damage|p2a: 乱杀P固|30/100
|move|p2a: 乱杀P固|Judgment|p1a: Necrozma
|-damage|p1a: Necrozma|0 fnt
|faint|p1a: Necrozma
|
|upkeep
|
|t:|1664004244
|switch|p1a: Zygarde|Zygarde|100/100
|-damage|p1a: Zygarde|94/100|[from] Stealth Rock
|turn|20
|
|t:|1664004247
|move|p2a: 乱杀P固|Ice Beam|p1a: Zygarde
|-supereffective|p1a: Zygarde
|-damage|p1a: Zygarde|0 fnt
|faint|p1a: Zygarde
|
|upkeep
|
|t:|1664004249
|switch|p1a: Smeargle|Smeargle, M, shiny|63/100
|-damage|p1a: Smeargle|51/100|[from] Stealth Rock
|turn|21
|
|t:|1664004251
|move|p2a: 乱杀P固|Judgment|p1a: Smeargle
|-damage|p1a: Smeargle|0 fnt
|faint|p1a: Smeargle
|
|win|CLEAR GEM清瑜
|raw|Mimikium ZZ's rating: 1865 &rarr; <strong>1841</strong><br />(-24 for losing)
|raw|CLEAR GEM清瑜's rating: 1788 &rarr; <strong>1812</strong><br />(+24 for winning)
