|j|☆RequiemAlchemist亞
|j|☆IAmJklol
|inactive|Battle timer is ON: inactive players will automatically lose when time's up.
|t:|1658947002
|gametype|singles
|player|p1|RequiemAlchemist亞|li|
|player|p2|IAmJklol|steven|
|teamsize|p1|6
|teamsize|p2|6
|gen|8
|tier|[Gen 8] National Dex AG
|rated|Tournament battle
|rule|HP Percentage Mod: HP is shown in percentages
|rule|Endless Battle Clause: Forcing endless battles is banned
|clearpoke
|poke|p1|Rayquaza|
|poke|p1|Lunala|
|poke|p1|Yveltal|
|poke|p1|Arceus-*|
|poke|p1|Necrozma-Dusk-Mane|
|poke|p1|Ditto|
|poke|p2|Ho-Oh|
|poke|p2|Necrozma-Dusk-Mane|
|poke|p2|Zygarde|
|poke|p2|Rayquaza|
|poke|p2|Calyrex-Shadow|
|poke|p2|Arceus-*|
|teampreview
|inactive|IAmJklol also wants the timer to be on.
|j| Tarre25☾
|j| Thememe_inyohouse
|
|t:|1658947017
|start
|switch|p1a: Yami (闇)|Yveltal|100/100
|switch|p2a: Rayquaza|Rayquaza|100/100
|-ability|p2a: Rayquaza|Air Lock
|-ability|p1a: Yami (闇)|Dark Aura
|turn|1
|
|t:|1658947031
|detailschange|p2a: Rayquaza|Rayquaza-Mega
|-mega|p2a: Rayquaza|Rayquaza|
|-weather|DeltaStream|[from] ability: Delta Stream|[of] p2a: Rayquaza
|move|p2a: Rayquaza|Dragon Ascent|p1a: Yami (闇)
|-crit|p1a: Yami (闇)
|-damage|p1a: Yami (闇)|0 fnt
|-unboost|p2a: Rayquaza|def|1
|-unboost|p2a: Rayquaza|spd|1
|faint|p1a: Yami (闇)
|
|-weather|DeltaStream|[upkeep]
|upkeep
|c|☆IAmJklol|sorry
|
|t:|1658947045
|switch|p1a: Kami (神)|Arceus-Fairy|100/100
|turn|2
|j| DomacVuk
|
|t:|1658947051
|-weather|none
|switch|p2a: Ho-Oh|Ho-Oh|100/100
|move|p1a: Kami (神)|Judgment|p2a: Ho-Oh
|-resisted|p2a: Ho-Oh
|-damage|p2a: Ho-Oh|91/100
|
|upkeep
|turn|3
|
|t:|1658947059
|move|p1a: Kami (神)|Judgment|p2a: Ho-Oh
|-resisted|p2a: Ho-Oh
|-damage|p2a: Ho-Oh|81/100
|move|p2a: Ho-Oh|Thunder Wave|p1a: Kami (神)
|-status|p1a: Kami (神)|par
|
|upkeep
|turn|4
|
|t:|1658947067
|move|p2a: Ho-Oh|Sacred Fire|p1a: Kami (神)
|-damage|p1a: Kami (神)|73/100 par
|move|p1a: Kami (神)|Refresh|p1a: Kami (神)
|-curestatus|p1a: Kami (神)|par|[msg]
|
|upkeep
|turn|5
|
|t:|1658947075
|move|p1a: Kami (神)|Judgment|p2a: Ho-Oh
|-resisted|p2a: Ho-Oh
|-damage|p2a: Ho-Oh|71/100
|move|p2a: Ho-Oh|Thunder Wave|p1a: Kami (神)
|-status|p1a: Kami (神)|par
|
|upkeep
|turn|6
|
|t:|1658947083
|switch|p2a: Necrozma|Necrozma-Dusk-Mane|100/100
|move|p1a: Kami (神)|Refresh|p1a: Kami (神)
|-curestatus|p1a: Kami (神)|par|[msg]
|
|upkeep
|turn|7
|
|t:|1658947090
|switch|p1a: Hagane (鋼)|Necrozma-Dusk-Mane|100/100
|move|p2a: Necrozma|Stealth Rock|p1a: Hagane (鋼)
|-sidestart|p1: RequiemAlchemist亞|move: Stealth Rock
|
|upkeep
|turn|8
|
|t:|1658947096
|move|p2a: Necrozma|Knock Off|p1a: Hagane (鋼)
|-supereffective|p1a: Hagane (鋼)
|-damage|p1a: Hagane (鋼)|81/100
|move|p1a: Hagane (鋼)|Stealth Rock|p2a: Necrozma
|-sidestart|p2: IAmJklol|move: Stealth Rock
|
|upkeep
|turn|9
|
|t:|1658947103
|switch|p2a: Calyrex|Calyrex-Shadow|100/100
|-ability|p2a: Calyrex|As One
|-ability|p2a: Calyrex|Unnerve
|-damage|p2a: Calyrex|88/100|[from] Stealth Rock
|move|p1a: Hagane (鋼)|Toxic|p2a: Calyrex
|-status|p2a: Calyrex|tox
|
|-damage|p2a: Calyrex|82/100 tox|[from] psn
|upkeep
|turn|10
|j| Alphaleader123
|inactive|RequiemAlchemist亞 has 120 seconds left.
|c| Alphaleader123|IAmJk was my first opponent lol
|
|t:|1658947143
|switch|p1a: Kami (神)|Arceus-Fairy|73/100
|-damage|p1a: Kami (神)|60/100|[from] Stealth Rock
|move|p2a: Calyrex|Astral Barrage|p1a: Kami (神)
|-damage|p1a: Kami (神)|13/100
|
|-damage|p2a: Calyrex|70/100 tox|[from] psn
|upkeep
|turn|11
|inactive|RequiemAlchemist亞 has 120 seconds left.
|
|t:|1658947154
|move|p2a: Calyrex|Astral Barrage|p1a: Kami (神)
|-damage|p1a: Kami (神)|0 fnt
|faint|p1a: Kami (神)
|-ability|p2a: Calyrex|Grim Neigh|boost
|-boost|p2a: Calyrex|spa|1
|
|-damage|p2a: Calyrex|51/100 tox|[from] psn
|upkeep
|
|t:|1658947163
|switch|p1a: Fukusei (複製)|Ditto|100/100
|-damage|p1a: Fukusei (複製)|88/100|[from] Stealth Rock
|-transform|p1a: Fukusei (複製)|p2a: Calyrex|[from] ability: Imposter
|turn|12
|inactive|RequiemAlchemist亞 has 120 seconds left.
|
|t:|1658947171
|move|p2a: Calyrex|Astral Barrage|p1a: Fukusei (複製)
|-supereffective|p1a: Fukusei (複製)
|-damage|p1a: Fukusei (複製)|0 fnt
|faint|p1a: Fukusei (複製)
|-ability|p2a: Calyrex|Grim Neigh|boost
|-boost|p2a: Calyrex|spa|1
|
|-damage|p2a: Calyrex|27/100 tox|[from] psn
|upkeep
|inactive|RequiemAlchemist亞 has 120 seconds left.
|c|☆IAmJklol|sorry
|-message|RequiemAlchemist亞 forfeited.
|
|win|IAmJklol
|n|☆RequiemAlchemist亞|requiemalchemist
|n|☆IAmJklol|iamjklol
|n| Tarre25☾|tarre25
|n| Thememe_inyohouse|thememeinyohouse
|n| DomacVuk|domacvuk
|n| Alphaleader123|alphaleader123
