|j|☆xLeonisx
|j|☆phantom 56
|t:|1649444942
|gametype|singles
|player|p1|xLeonisx|101|1596
|player|p2|phantom 56|hilbert|1500
|teamsize|p1|6
|teamsize|p2|6
|gen|8
|tier|[Gen 8] National Dex AG
|rated|
|rule|HP Percentage Mod: HP is shown in percentages
|rule|Endless Battle Clause: Forcing endless battles is banned
|clearpoke
|poke|p1|Xerneas-*|
|poke|p1|Deoxys-Speed|
|poke|p1|Lugia|
|poke|p1|Calyrex-Shadow|
|poke|p1|Yveltal|
|poke|p1|Ditto|
|poke|p2|Darkrai|
|poke|p2|Excadrill, M|
|poke|p2|Naganadel|
|poke|p2|Toxapex, F|
|poke|p2|Blastoise, F|
|poke|p2|Melmetal|
|teampreview
|inactive|Battle timer is ON: inactive players will automatically lose when time's up. (requested by xLeonisx)
|
|t:|1649444954
|start
|switch|p1a: Deoxys|Deoxys-Speed|100/100
|switch|p2a: Excadrill|Excadrill, M|100/100
|-ability|p1a: Deoxys|Pressure
|-ability|p2a: Excadrill|Mold Breaker
|turn|1
|
|t:|1649444961
|move|p1a: Deoxys|Taunt|p2a: Excadrill
|-start|p2a: Excadrill|move: Taunt
|move|p2a: Excadrill|Earthquake|p1a: Deoxys
|-damage|p1a: Deoxys|17/100
|
|upkeep
|turn|2
|
|t:|1649444964
|move|p1a: Deoxys|Stealth Rock|p2a: Excadrill
|-sidestart|p2: phantom 56|move: Stealth Rock
|move|p2a: Excadrill|Rapid Spin|p1a: Deoxys
|-damage|p1a: Deoxys|0 fnt
|-boost|p2a: Excadrill|spe|1
|-sideend|p2: phantom 56|Stealth Rock|[from] move: Rapid Spin|[of] p2a: Excadrill
|faint|p1a: Deoxys
|
|upkeep
|inactive|xLeonisx has 120 seconds left.
|
|t:|1649444996
|switch|p1a: Yveltal|Yveltal|100/100
|-ability|p1a: Yveltal|Dark Aura
|turn|3
|
|t:|1649445003
|move|p2a: Excadrill|Brick Break|p1a: Yveltal
|-damage|p1a: Yveltal|76/100
|move|p1a: Yveltal|Dark Pulse|p2a: Excadrill
|-enditem|p2a: Excadrill|Focus Sash
|-damage|p2a: Excadrill|1/100
|-damage|p1a: Yveltal|66/100|[from] item: Life Orb
|
|-end|p2a: Excadrill|move: Taunt
|upkeep
|turn|4
|
|t:|1649445007
|move|p2a: Excadrill|Stealth Rock|p1a: Yveltal
|-sidestart|p1: xLeonisx|move: Stealth Rock
|move|p1a: Yveltal|Dark Pulse|p2a: Excadrill
|-damage|p2a: Excadrill|0 fnt
|faint|p2a: Excadrill
|-damage|p1a: Yveltal|56/100|[from] item: Life Orb
|
|upkeep
|
|t:|1649445015
|switch|p2a: Melmetal|Melmetal|100/100
|turn|5
|
|t:|1649445022
|-start|p2a: Melmetal|Dynamax|Gmax
|-heal|p2a: Melmetal|100/100|[silent]
|move|p1a: Yveltal|Heat Wave|p2a: Melmetal
|-supereffective|p2a: Melmetal
|-damage|p2a: Melmetal|67/100
|-damage|p1a: Yveltal|46/100|[from] item: Life Orb
|move|p2a: Melmetal|G-Max Meltdown|p1a: Yveltal
|-damage|p1a: Yveltal|0 fnt
|faint|p1a: Yveltal
|
|upkeep
|
|t:|1649445025
|switch|p1a: Lugia|Lugia|100/100
|turn|6
|
|t:|1649445037
|move|p1a: Lugia|Roost||[still]
|-fail|p1a: Lugia|heal
|move|p2a: Melmetal|G-Max Meltdown|p1a: Lugia
|-damage|p1a: Lugia|74/100
|-start|p1a: Lugia|Torment
|
|upkeep
|turn|7
|
|t:|1649445048
|move|p1a: Lugia|Defog|p2a: Melmetal
|-unboost|p2a: Melmetal|evasion|1
|-sideend|p1: xLeonisx|Stealth Rock|[from] move: Defog|[of] p1a: Lugia
|move|p2a: Melmetal|Max Lightning|p1a: Lugia
|-supereffective|p1a: Lugia
|-damage|p1a: Lugia|0 fnt
|-fieldstart|move: Electric Terrain
|faint|p1a: Lugia
|
|-end|p2a: Melmetal|Dynamax
|-heal|p2a: Melmetal|67/100|[silent]
|upkeep
|
|t:|1649445051
|switch|p1a: Calyrex|Calyrex-Shadow|100/100
|-ability|p1a: Calyrex|As One
|-ability|p1a: Calyrex|Unnerve
|turn|8
|
|t:|1649445056
|move|p1a: Calyrex|Astral Barrage|p2a: Melmetal
|-damage|p2a: Melmetal|14/100
|move|p2a: Melmetal|Double Iron Bash|p1a: Calyrex
|-damage|p1a: Calyrex|42/100
|-damage|p1a: Calyrex|0 fnt
|faint|p1a: Calyrex
|-hitcount|p1: Calyrex|2
|
|upkeep
|
|t:|1649445060
|switch|p1a: Xerneas|Xerneas|100/100
|-ability|p1a: Xerneas|Fairy Aura
|turn|9
|
|t:|1649445068
|move|p1a: Xerneas|Moonblast|p2a: Melmetal
|-resisted|p2a: Melmetal
|-damage|p2a: Melmetal|0 fnt
|faint|p2a: Melmetal
|
|upkeep
|
|t:|1649445086
|switch|p2a: Toxapex|Toxapex, F|100/100
|turn|10
|
|t:|1649445090
|move|p1a: Xerneas|Geomancy||[still]
|-prepare|p1a: Xerneas|Geomancy
|-enditem|p1a: Xerneas|Power Herb
|-anim|p1a: Xerneas|Geomancy|p1a: Xerneas
|-boost|p1a: Xerneas|spa|2
|-boost|p1a: Xerneas|spd|2
|-boost|p1a: Xerneas|spe|2
|move|p2a: Toxapex|Toxic|p1a: Xerneas
|-status|p1a: Xerneas|tox
|
|-damage|p1a: Xerneas|94/100 tox|[from] psn
|upkeep
|turn|11
|
|t:|1649445096
|-start|p1a: Xerneas|Dynamax|
|-heal|p1a: Xerneas|94/100 tox|[silent]
|move|p1a: Xerneas|Max Starfall|p2a: Toxapex
|-resisted|p2a: Toxapex
|-damage|p2a: Toxapex|13/100
|-fieldstart|move: Misty Terrain
|move|p2a: Toxapex|Scald|p1a: Xerneas
|-damage|p1a: Xerneas|91/100 tox
|
|-heal|p2a: Toxapex|19/100|[from] item: Black Sludge
|-damage|p1a: Xerneas|85/100 tox|[from] psn
|upkeep
|turn|12
|
|t:|1649445101
|move|p1a: Xerneas|Max Starfall|p2a: Toxapex
|-resisted|p2a: Toxapex
|-damage|p2a: Toxapex|0 fnt
|faint|p2a: Toxapex
|
|-damage|p1a: Xerneas|76/100 tox|[from] psn
|upkeep
|
|t:|1649445109
|switch|p2a: Blastoise|Blastoise, F|100/100
|turn|13
|
|t:|1649445113
|detailschange|p2a: Blastoise|Blastoise-Mega, F
|-mega|p2a: Blastoise|Blastoise|Blastoisinite
|move|p1a: Xerneas|Max Lightning|p2a: Blastoise
|-supereffective|p2a: Blastoise
|-damage|p2a: Blastoise|0 fnt
|-fieldstart|move: Electric Terrain
|faint|p2a: Blastoise
|
|-damage|p1a: Xerneas|64/100 tox|[from] psn
|-end|p1a: Xerneas|Dynamax
|-heal|p1a: Xerneas|64/100 tox|[silent]
|upkeep
|
|t:|1649445118
|switch|p2a: Naganadel|Naganadel|100/100
|turn|14
|
|t:|1649445127
|move|p1a: Xerneas|Moonblast|p2a: Naganadel
|-enditem|p2a: Naganadel|Focus Sash
|-damage|p2a: Naganadel|1/100
|move|p2a: Naganadel|Thunderbolt|p1a: Xerneas
|-damage|p1a: Xerneas|49/100 tox
|
|-damage|p1a: Xerneas|18/100 tox|[from] psn
|upkeep
|turn|15
|
|t:|1649445131
|move|p1a: Xerneas|Moonblast|p2a: Naganadel
|-damage|p2a: Naganadel|0 fnt
|faint|p2a: Naganadel
|
|-damage|p1a: Xerneas|0 fnt|[from] psn
|faint|p1a: Xerneas
|upkeep
|
|t:|1649445133
|switch|p2a: Darkrai|Darkrai|100/100
|switch|p1a: Ditto|Ditto|100/100
|-transform|p1a: Ditto|p2a: Darkrai|[from] ability: Imposter
|turn|16
|
|t:|1649445147
|move|p1a: Ditto|Focus Blast|p2a: Darkrai|[miss]
|-miss|p1a: Ditto|p2a: Darkrai
|-zpower|p2a: Darkrai
|move|p2a: Darkrai|Z-Hypnosis|p1a: Ditto|[anim]Hypnosis
|-boost|p2a: Darkrai|spe|1|[zeffect]
|-activate|p1a: Ditto|move: Electric Terrain
|
|upkeep
|turn|17
|
|t:|1649445157
|move|p2a: Darkrai|Focus Blast|p1a: Ditto
|-supereffective|p1a: Ditto
|-damage|p1a: Ditto|1/100
|move|p1a: Ditto|Focus Blast|p2a: Darkrai
|-supereffective|p2a: Darkrai
|-damage|p2a: Darkrai|0 fnt
|faint|p2a: Darkrai
|
|win|xLeonisx
|raw|xLeonisx's rating: 1596 &rarr; <strong>1611</strong><br />(+15 for winning)
|raw|phantom 56's rating: 1500 &rarr; <strong>1485</strong><br />(-15 for losing)
|c|☆phantom 56|Damn
|c|☆xLeonisx|bruh what u mean damn
|c|☆xLeonisx|i missed the first one
|c|☆xLeonisx|u shoulda died
|c|☆phantom 56|Lol
||Ladder isn't responding, score probably updated but might not have (Request timeout).
|l|☆xLeonisx
