|j|☆BasakBooster1
|j|☆AlzhiemerRat69
|t:|1664951707
|gametype|singles
|player|p1|BasakBooster1|lucas|1881
|player|p2|AlzhiemerRat69|2|1716
|teamsize|p1|6
|teamsize|p2|6
|gen|8
|tier|[Gen 8] National Dex AG
|rated|
|rule|HP Percentage Mod: HP is shown in percentages
|rule|Endless Battle Clause: Forcing endless battles is banned
|clearpoke
|poke|p1|Groudon|
|poke|p1|Rayquaza|
|poke|p1|Zygarde|
|poke|p1|Calyrex-Shadow|
|poke|p1|Arceus-*|
|poke|p1|Arceus-*|
|poke|p2|Rayquaza|
|poke|p2|Zacian-*|
|poke|p2|Calyrex-Shadow|
|poke|p2|Marshadow|
|poke|p2|Smeargle, M|
|poke|p2|Aerodactyl, F|
|teampreview
|j| Kyuzuru
|
|t:|1664951723
|start
|switch|p1a: the gwoat|Rayquaza|100/100
|switch|p2a: Zacian|Zacian-Crowned|100/100
|-ability|p2a: Zacian|Intrepid Sword|boost
|-boost|p2a: Zacian|atk|1
|-ability|p1a: the gwoat|Air Lock
|turn|1
|
|t:|1664951726
|switch|p1a: Pyra|Groudon|100/100
|detailschange|p1a: Pyra|Groudon-Primal
|-primal|p1a: Pyra
|-weather|DesolateLand|[from] ability: Desolate Land|[of] p1a: Pyra
|move|p2a: Zacian|Play Rough|p1a: Pyra
|-resisted|p1a: Pyra
|-crit|p1a: Pyra
|-damage|p1a: Pyra|69/100
|-unboost|p1a: Pyra|atk|1
|
|-weather|DesolateLand|[upkeep]
|upkeep
|turn|2
|j| anirudhpk
|
|t:|1664951736
|switch|p2a: Rayquaza|Rayquaza|100/100
|-ability|p2a: Rayquaza|Air Lock
|move|p1a: Pyra|Thunder Wave|p2a: Rayquaza
|-status|p2a: Rayquaza|par
|
|-weather|DesolateLand|[upkeep]
|upkeep
|turn|3
|l| anirudhpk
|
|t:|1664951744
|detailschange|p2a: Rayquaza|Rayquaza-Mega
|-mega|p2a: Rayquaza|Rayquaza|
|-weather|DeltaStream|[from] ability: Delta Stream|[of] p2a: Rayquaza
|move|p1a: Pyra|Stealth Rock|p2a: Rayquaza
|-sidestart|p2: AlzhiemerRat69|move: Stealth Rock
|cant|p2a: Rayquaza|par
|
|-weather|DeltaStream|[upkeep]
|upkeep
|turn|4
|
|t:|1664951749
|move|p1a: Pyra|Stone Edge|p2a: Rayquaza
|-activate||deltastream
|-damage|p2a: Rayquaza|77/100 par
|move|p2a: Rayquaza|Dragon Ascent|p1a: Pyra
|-damage|p1a: Pyra|26/100
|-unboost|p2a: Rayquaza|def|1
|-unboost|p2a: Rayquaza|spd|1
|
|-weather|DeltaStream|[upkeep]
|upkeep
|turn|5
|
|t:|1664951752
|move|p2a: Rayquaza|Extreme Speed|p1a: Pyra
|-damage|p1a: Pyra|10/100
|move|p1a: Pyra|Stone Edge|p2a: Rayquaza
|-activate||deltastream
|-damage|p2a: Rayquaza|36/100 par
|
|-weather|DeltaStream|[upkeep]
|upkeep
|turn|6
|
|t:|1664951758
|switch|p1a: Calyrex|Calyrex-Shadow|100/100
|-ability|p1a: Calyrex|As One
|-ability|p1a: Calyrex|Unnerve
|move|p2a: Rayquaza|Extreme Speed|p1a: Calyrex
|-immune|p1a: Calyrex
|
|-weather|DeltaStream|[upkeep]
|upkeep
|turn|7
|
|t:|1664951769
|-weather|none
|switch|p2a: Aerodactyl|Aerodactyl, F|100/100
|-damage|p2a: Aerodactyl|76/100|[from] Stealth Rock
|move|p1a: Calyrex|Substitute|p1a: Calyrex
|-start|p1a: Calyrex|Substitute
|-damage|p1a: Calyrex|76/100
|
|-heal|p1a: Calyrex|82/100|[from] item: Leftovers
|upkeep
|turn|8
|
|t:|1664951776
|move|p1a: Calyrex|Astral Barrage|p2a: Aerodactyl
|-damage|p2a: Aerodactyl|0 fnt
|faint|p2a: Aerodactyl
|-ability|p1a: Calyrex|Grim Neigh|boost
|-boost|p1a: Calyrex|spa|1
|
|-heal|p1a: Calyrex|88/100|[from] item: Leftovers
|upkeep
|-message|AlzhiemerRat69 forfeited.
|
|win|BasakBooster1
|raw|BasakBooster1's rating: 1881 &rarr; <strong>1892</strong><br />(+11 for winning)
|raw|AlzhiemerRat69's rating: 1716 &rarr; <strong>1705</strong><br />(-11 for losing)
|l|☆AlzhiemerRat69
