|j|☆cosmowarriorzero
|j|☆iHaveAsthma
|t:|1659072423
|gametype|singles
|player|p1|cosmowarriorzero|101|1695
|player|p2|iHaveAsthma|doctor|1888
|teamsize|p1|6
|teamsize|p2|6
|gen|8
|tier|[Gen 8] National Dex AG
|rated|
|rule|HP Percentage Mod: HP is shown in percentages
|rule|Endless Battle Clause: Forcing endless battles is banned
|clearpoke
|poke|p1|Xerneas-*|
|poke|p1|Groudon|
|poke|p1|Yveltal|
|poke|p1|Arceus-*|
|poke|p1|Calyrex-Shadow|
|poke|p1|Marshadow|
|poke|p2|Rayquaza|
|poke|p2|Groudon|
|poke|p2|Lugia|
|poke|p2|Arceus-*|
|poke|p2|Calyrex-Shadow|
|poke|p2|Arceus-*|
|teampreview
|inactive|Battle timer is ON: inactive players will automatically lose when time's up. (requested by iHaveAsthma)
|
|t:|1659072435
|start
|switch|p1a: Arceus|Arceus-Grass|100/100
|switch|p2a: Rayquaza|Rayquaza|100/100
|-ability|p2a: Rayquaza|Air Lock
|turn|1
|
|t:|1659072463
|detailschange|p2a: Rayquaza|Rayquaza-Mega
|-mega|p2a: Rayquaza|Rayquaza|
|-weather|DeltaStream|[from] ability: Delta Stream|[of] p2a: Rayquaza
|move|p1a: Arceus|Stealth Rock|p2a: Rayquaza
|-sidestart|p2: iHaveAsthma|move: Stealth Rock
|move|p2a: Rayquaza|Dragon Ascent|p1a: Arceus
|-supereffective|p1a: Arceus
|-damage|p1a: Arceus|0 fnt
|-unboost|p2a: Rayquaza|def|1
|-unboost|p2a: Rayquaza|spd|1
|faint|p1a: Arceus
|
|-weather|DeltaStream|[upkeep]
|upkeep
|
|t:|1659072483
|switch|p1a: Marshadow|Marshadow|100/100
|turn|2
|inactive|iHaveAsthma has 120 seconds left.
|
|t:|1659072523
|-weather|none
|switch|p2a: Lugia|Lugia|100/100
|move|p1a: Marshadow|Spectral Thief|p2a: Lugia
|-supereffective|p2a: Lugia
|-damage|p2a: Lugia|77/100
|
|upkeep
|turn|3
|
|t:|1659072538
|move|p1a: Marshadow|Spectral Thief|p2a: Lugia
|-supereffective|p2a: Lugia
|-damage|p2a: Lugia|28/100
|move|p2a: Lugia|Defog|p1a: Marshadow
|-unboost|p1a: Marshadow|evasion|1
|-sideend|p2: iHaveAsthma|Stealth Rock|[from] move: Defog|[of] p2a: Lugia
|
|upkeep
|turn|4
|inactive|iHaveAsthma has 120 seconds left.
|
|t:|1659072564
|move|p1a: Marshadow|Pursuit|p2a: Lugia
|-supereffective|p2a: Lugia
|-damage|p2a: Lugia|4/100
|move|p2a: Lugia|Thunder Wave|p1a: Marshadow
|-status|p1a: Marshadow|par
|
|upkeep
|turn|5
|
|t:|1659072569
|move|p1a: Marshadow|Shadow Sneak|p2a: Lugia
|-supereffective|p2a: Lugia
|-damage|p2a: Lugia|0 fnt
|faint|p2a: Lugia
|
|upkeep
|
|t:|1659072571
|switch|p2a: Groudon|Groudon|100/100
|detailschange|p2a: Groudon|Groudon-Primal
|-primal|p2a: Groudon
|-weather|DesolateLand|[from] ability: Desolate Land|[of] p2a: Groudon
|turn|6
|
|t:|1659072577
|move|p2a: Groudon|Stealth Rock|p1a: Marshadow
|-sidestart|p1: cosmowarriorzero|move: Stealth Rock
|move|p1a: Marshadow|Close Combat|p2a: Groudon
|-damage|p2a: Groudon|57/100
|-unboost|p1a: Marshadow|def|1
|-unboost|p1a: Marshadow|spd|1
|
|-weather|DesolateLand|[upkeep]
|upkeep
|turn|7
|inactive|iHaveAsthma has 120 seconds left.
|inactive|iHaveAsthma has 90 seconds left.
|
|t:|1659072628
|move|p2a: Groudon|Earth Power|p1a: Marshadow
|-damage|p1a: Marshadow|7/100 par
|move|p1a: Marshadow|Close Combat|p2a: Groudon
|-damage|p2a: Groudon|15/100
|-unboost|p1a: Marshadow|def|1
|-unboost|p1a: Marshadow|spd|1
|
|-weather|DesolateLand|[upkeep]
|upkeep
|turn|8
|
|t:|1659072647
|-weather|none
|switch|p2a: Arceus|Arceus|100/100
|move|p1a: Marshadow|Spectral Thief|p2a: Arceus
|-immune|p2a: Arceus
|
|upkeep
|turn|9
|inactive|cosmowarriorzero has 120 seconds left.
|
|t:|1659072692
|switch|p1a: Calyrex|Calyrex-Shadow|100/100
|-ability|p1a: Calyrex|As One
|-ability|p1a: Calyrex|Unnerve
|-damage|p1a: Calyrex|88/100|[from] Stealth Rock
|move|p2a: Arceus|Earthquake|p1a: Calyrex
|-damage|p1a: Calyrex|28/100
|-damage|p2a: Arceus|91/100|[from] item: Life Orb
|
|upkeep
|turn|10
|
|t:|1659072716
|move|p1a: Calyrex|Trick|p2a: Arceus
|-activate|p1a: Calyrex|move: Trick|[of] p2a: Arceus
|-item|p2a: Arceus|Choice Scarf|[from] move: Trick
|-item|p1a: Calyrex|Life Orb|[from] move: Trick
|move|p2a: Arceus|Earthquake|p1a: Calyrex
|-damage|p1a: Calyrex|0 fnt
|faint|p1a: Calyrex
|
|upkeep
|
|t:|1659072726
|switch|p1a: Groudon|Groudon|100/100
|-damage|p1a: Groudon|94/100|[from] Stealth Rock
|detailschange|p1a: Groudon|Groudon-Primal
|-primal|p1a: Groudon
|-weather|DesolateLand|[from] ability: Desolate Land|[of] p1a: Groudon
|turn|11
|
|t:|1659072741
|move|p2a: Arceus|Earthquake|p1a: Groudon
|-supereffective|p1a: Groudon
|-damage|p1a: Groudon|53/100
|move|p1a: Groudon|Stealth Rock|p2a: Arceus
|-sidestart|p2: iHaveAsthma|move: Stealth Rock
|
|-weather|DesolateLand|[upkeep]
|upkeep
|turn|12
|
|t:|1659072746
|move|p2a: Arceus|Earthquake|p1a: Groudon
|-supereffective|p1a: Groudon
|-damage|p1a: Groudon|11/100
|move|p1a: Groudon|Thunder Wave|p2a: Arceus
|-status|p2a: Arceus|par
|
|-weather|DesolateLand|[upkeep]
|upkeep
|turn|13
|
|t:|1659072756
|switch|p2a: Groudon|Groudon-Primal|15/100
|-damage|p2a: Groudon|3/100|[from] Stealth Rock
|move|p1a: Groudon|Flamethrower|p2a: Groudon
|-resisted|p2a: Groudon
|-damage|p2a: Groudon|0 fnt
|faint|p2a: Groudon
|
|-weather|DesolateLand|[upkeep]
|upkeep
|
|t:|1659072758
|switch|p2a: Rayquaza|Rayquaza-Mega|100/100
|-damage|p2a: Rayquaza|75/100|[from] Stealth Rock
|-weather|DeltaStream|[from] ability: Delta Stream|[of] p2a: Rayquaza
|turn|14
|
|t:|1659072763
|move|p2a: Rayquaza|Scale Shot|p1a: Groudon
|-damage|p1a: Groudon|1/100
|-damage|p1a: Groudon|0 fnt
|faint|p1a: Groudon
|-hitcount|p1: Groudon|2
|-unboost|p2a: Rayquaza|def|1
|-boost|p2a: Rayquaza|spe|1
|
|-weather|DeltaStream|[upkeep]
|upkeep
|
|t:|1659072775
|switch|p1a: Yveltal|Yveltal|100/100
|-damage|p1a: Yveltal|76/100|[from] Stealth Rock
|-ability|p1a: Yveltal|Dark Aura
|turn|15
|
|t:|1659072784
|-start|p1a: Yveltal|Dynamax|
|-heal|p1a: Yveltal|76/100|[silent]
|move|p2a: Rayquaza|Dragon Ascent|p1a: Yveltal
|-damage|p1a: Yveltal|39/100
|-unboost|p2a: Rayquaza|def|1
|-unboost|p2a: Rayquaza|spd|1
|move|p1a: Yveltal|Max Airstream|p2a: Rayquaza
|-damage|p2a: Rayquaza|0 fnt
|-boost|p1a: Yveltal|spe|1
|faint|p2a: Rayquaza
|-weather|none
|-damage|p1a: Yveltal|34/100|[from] item: Life Orb
|
|upkeep
|
|t:|1659072791
|switch|p2a: Arceus|Arceus|91/100 par
|-damage|p2a: Arceus|78/100 par|[from] Stealth Rock
|turn|16
|
|t:|1659072795
|move|p2a: Arceus|Extreme Speed|p1a: Yveltal
|-damage|p1a: Yveltal|13/100
|move|p1a: Yveltal|Max Darkness|p2a: Arceus
|-damage|p2a: Arceus|0 fnt
|faint|p2a: Arceus
|-damage|p1a: Yveltal|8/100|[from] item: Life Orb
|
|upkeep
|
|t:|1659072798
|switch|p2a: Calyrex|Calyrex-Shadow|100/100
|-ability|p2a: Calyrex|As One
|-ability|p2a: Calyrex|Unnerve
|-damage|p2a: Calyrex|88/100|[from] Stealth Rock
|turn|17
|
|t:|1659072811
|move|p1a: Yveltal|Max Airstream|p2a: Calyrex
|-damage|p2a: Calyrex|0 fnt
|-boost|p1a: Yveltal|spe|1
|faint|p2a: Calyrex
|-damage|p1a: Yveltal|3/100|[from] item: Life Orb
|
|upkeep
|
|t:|1659072814
|switch|p2a: Arceus|Arceus-Flying|100/100
|-damage|p2a: Arceus|76/100|[from] Stealth Rock
|-end|p1a: Yveltal|Dynamax
|-heal|p1a: Yveltal|4/100|[silent]
|turn|18
|c|☆iHaveAsthma|gg wp
|
|t:|1659072819
|-start|p2a: Arceus|Dynamax|
|-heal|p2a: Arceus|76/100|[silent]
|move|p1a: Yveltal|Dark Pulse|p2a: Arceus
|-damage|p2a: Arceus|49/100
|-damage|p1a: Yveltal|0 fnt|[from] item: Life Orb
|faint|p1a: Yveltal
|move|p2a: Arceus|Max Airstream|p1: Yveltal|[notarget]
|-fail|p2a: Arceus
|
|upkeep
|
|t:|1659072829
|switch|p1a: Xerneas|Xerneas|100/100
|-damage|p1a: Xerneas|88/100|[from] Stealth Rock
|-ability|p1a: Xerneas|Fairy Aura
|turn|19
|
|t:|1659072837
|move|p2a: Arceus|Max Airstream|p1a: Xerneas
|-damage|p1a: Xerneas|13/100
|-boost|p2a: Arceus|spe|1
|move|p1a: Xerneas|Geomancy||[still]
|-prepare|p1a: Xerneas|Geomancy
|-enditem|p1a: Xerneas|Power Herb
|-anim|p1a: Xerneas|Geomancy|p1a: Xerneas
|-boost|p1a: Xerneas|spa|2
|-boost|p1a: Xerneas|spd|2
|-boost|p1a: Xerneas|spe|2
|
|upkeep
|turn|20
|
|t:|1659072845
|move|p1a: Xerneas|Moonblast|p2a: Arceus
|-damage|p2a: Arceus|0 fnt
|faint|p2a: Arceus
|
|win|cosmowarriorzero
|raw|cosmowarriorzero's rating: 1695 &rarr; <strong>1725</strong><br />(+30 for winning)
|raw|iHaveAsthma's rating: 1888 &rarr; <strong>1858</strong><br />(-30 for losing)
|l|☆iHaveAsthma
