|j|☆KaineSword
|j|☆World breaker Odin
|inactive|Battle timer is ON: inactive players will automatically lose when time's up.
|t:|1646850123
|gametype|singles
|player|p1|KaineSword|winona-gen6|
|player|p2|World breaker Odin|xerosic|
|teamsize|p1|6
|teamsize|p2|6
|gen|8
|tier|[Gen 8] National Dex AG
|rated|Tournament battle
|rule|HP Percentage Mod: HP is shown in percentages
|rule|Endless Battle Clause: Forcing endless battles is banned
|clearpoke
|poke|p1|Rayquaza|
|poke|p1|Groudon|
|poke|p1|Necrozma-Dusk-Mane|
|poke|p1|Arceus-*|
|poke|p1|Yveltal|
|poke|p1|Ditto|
|poke|p2|Arceus-*|
|poke|p2|Arceus-*|
|poke|p2|Arceus-*|
|poke|p2|Necrozma-Dusk-Mane|
|poke|p2|Yveltal|
|poke|p2|Zacian-*|
|teampreview
|inactive|World breaker Odin also wants the timer to be on.
|j| Pokemh
|c|☆KaineSword|glhf
|inactive|World breaker Odin has 120 seconds left.
|
|t:|1646850154
|start
|switch|p1a: Arceus|Arceus-Fairy|100/100
|switch|p2a: Yveltal|Yveltal, shiny|100/100
|-ability|p2a: Yveltal|Dark Aura
|turn|1
|
|t:|1646850164
|switch|p2a: Zacian|Zacian-Crowned, shiny|100/100
|-ability|p2a: Zacian|Intrepid Sword|boost
|-boost|p2a: Zacian|atk|1
|move|p1a: Arceus|Stealth Rock|p2a: Zacian
|-sidestart|p2: World breaker Odin|move: Stealth Rock
|
|upkeep
|turn|2
|
|t:|1646850186
|switch|p2a: Necrozma|Necrozma-Dusk-Mane, shiny|100/100
|-damage|p2a: Necrozma|94/100|[from] Stealth Rock
|switch|p1a: Groudon|Groudon|100/100
|detailschange|p1a: Groudon|Groudon-Primal
|-primal|p1a: Groudon
|-weather|DesolateLand|[from] ability: Desolate Land|[of] p1a: Groudon
|
|-weather|DesolateLand|[upkeep]
|upkeep
|turn|3
|
|t:|1646850197
|move|p1a: Groudon|Rock Polish|p1a: Groudon
|-boost|p1a: Groudon|spe|2
|move|p2a: Necrozma|Stealth Rock|p1a: Groudon
|-sidestart|p1: KaineSword|move: Stealth Rock
|
|-weather|DesolateLand|[upkeep]
|upkeep
|turn|4
|inactive|World breaker Odin has 120 seconds left.
|
|t:|1646850228
|switch|p2a: Yveltal|Yveltal, shiny|100/100
|-ability|p2a: Yveltal|Dark Aura
|move|p1a: Groudon|Swords Dance|p1a: Groudon
|-boost|p1a: Groudon|atk|2
|
|-weather|DesolateLand|[upkeep]
|upkeep
|turn|5
|inactive|World breaker Odin has 120 seconds left.
|
|t:|1646850239
|switch|p2a: Necrozma|Necrozma-Dusk-Mane, shiny|94/100
|-damage|p2a: Necrozma|88/100|[from] Stealth Rock
|move|p1a: Groudon|Stone Edge|p2a: Necrozma
|-resisted|p2a: Necrozma
|-damage|p2a: Necrozma|61/100
|
|-weather|DesolateLand|[upkeep]
|upkeep
|turn|6
|inactive|World breaker Odin has 120 seconds left.
|
|t:|1646850256
|switch|p2a: Yveltal|Yveltal, shiny|100/100
|-ability|p2a: Yveltal|Dark Aura
|move|p1a: Groudon|Stone Edge|p2a: Yveltal
|-supereffective|p2a: Yveltal
|-damage|p2a: Yveltal|0 fnt
|faint|p2a: Yveltal
|
|-weather|DesolateLand|[upkeep]
|upkeep
|
|t:|1646850264
|switch|p2a: Arceus|Arceus-Water, shiny|100/100
|-damage|p2a: Arceus|88/100|[from] Stealth Rock
|turn|7
|
|t:|1646850271
|-start|p2a: Arceus|Dynamax
|-heal|p2a: Arceus|88/100|[silent]
|move|p1a: Groudon|Precipice Blades|p2a: Arceus
|-damage|p2a: Arceus|48/100
|move|p2a: Arceus|Max Hailstorm|p1a: Groudon
|-damage|p1a: Groudon|65/100
|
|-weather|DesolateLand|[upkeep]
|upkeep
|turn|8
|
|t:|1646850281
|move|p1a: Groudon|Precipice Blades|p2a: Arceus
|-crit|p2a: Arceus
|-damage|p2a: Arceus|0 fnt
|faint|p2a: Arceus
|
|-weather|DesolateLand|[upkeep]
|upkeep
|
|t:|1646850289
|switch|p2a: Arceus|Arceus-Dragon, shiny|100/100
|-damage|p2a: Arceus|88/100|[from] Stealth Rock
|turn|9
|
|t:|1646850304
|move|p1a: Groudon|Precipice Blades|p2a: Arceus
|-damage|p2a: Arceus|0 fnt
|faint|p2a: Arceus
|
|-weather|DesolateLand|[upkeep]
|upkeep
|-message|World breaker Odin forfeited.
|
|win|KaineSword
|n|☆KaineSword|kainesword
|n|☆World breaker Odin|worldbreakerodin
|n| Pokemh|pokemh
|l|☆World breaker Odin
|j| Farce Of The Death
