|j|☆YLong
|j|☆yuzhiboCheng
|t:|1668615714
|gametype|singles
|player|p1|YLong|darach-caitlin|
|player|p2|yuzhiboCheng|birdkeeper|
|teamsize|p1|6
|teamsize|p2|6
|gen|8
|tier|[Gen 8] National Dex AG
|rule|HP Percentage Mod: HP is shown in percentages
|rule|Endless Battle Clause: Forcing endless battles is banned
|clearpoke
|poke|p1|Altaria, F|
|poke|p1|Minior-Indigo|
|poke|p1|Latios, M|
|poke|p1|Latias, F|
|poke|p1|Charizard, M|
|poke|p1|Dragapult, M|
|poke|p2|Swellow, M|
|poke|p2|Gliscor, M|
|poke|p2|Altaria, F|
|poke|p2|Dragapult, M|
|poke|p2|Corviknight, M|
|poke|p2|Staraptor, M|
|teampreview
|c|☆yuzhiboCheng|来咯
|c|☆yuzhiboCheng|awa
|c|☆yuzhiboCheng|等一下观战吗？
|j| xtsdd
|j| lejiangcaibi
|c| xtsdd|来了
|c| lejiangcaibi|6
|
|t:|1668615780
|start
|switch|p1a: Minior|Minior-Indigo|100/100
|switch|p2a: 七夕青鸟|Altaria, F|100/100
|-formechange|p1a: Minior|Minior-Meteor||[from] ability: Shields Down
|-ability|p2a: 七夕青鸟|Cloud Nine
|turn|1
|c| xtsdd|音波龙没了？
|
|t:|1668615785
|detailschange|p2a: 七夕青鸟|Altaria-Mega, F
|-mega|p2a: 七夕青鸟|Altaria|Altarianite
|move|p2a: 七夕青鸟|Return|p1a: Minior
|-damage|p1a: Minior|25/100
|move|p1a: Minior|Shell Smash|p1a: Minior
|-unboost|p1a: Minior|def|1
|-unboost|p1a: Minior|spd|1
|-boost|p1a: Minior|atk|2
|-boost|p1a: Minior|spa|2
|-boost|p1a: Minior|spe|2
|
|-formechange|p1a: Minior|Minior-Indigo||[from] ability: Shields Down
|upkeep
|turn|2
|
|t:|1668615799
|move|p1a: Minior|Iron Head|p2a: 七夕青鸟
|-supereffective|p2a: 七夕青鸟
|-damage|p2a: 七夕青鸟|0 fnt
|faint|p2a: 七夕青鸟
|
|upkeep
|c|☆yuzhiboCheng|姑且换下了
|
|t:|1668615806
|switch|p2a: 钢铠鸦|Corviknight, M, shiny|100/100
|turn|3
|
|t:|1668615813
|move|p1a: Minior|Explosion|p2a: 钢铠鸦
|-resisted|p2a: 钢铠鸦
|-damage|p2a: 钢铠鸦|34/100
|faint|p1a: Minior
|move|p2a: 钢铠鸦|Iron Defense|p2a: 钢铠鸦
|-boost|p2a: 钢铠鸦|def|2
|
|upkeep
|c|☆yuzhiboCheng|好家伙
|
|t:|1668615820
|switch|p1a: Charizard|Charizard, M|100/100
|turn|4
|c|☆yuzhiboCheng|有点吓人了
|
|t:|1668615830
|switch|p2a: 多龙巴鲁托|Dragapult, M|100/100
|move|p1a: Charizard|Overheat|p2a: 多龙巴鲁托|[miss]
|-miss|p1a: Charizard|p2a: 多龙巴鲁托
|
|upkeep
|turn|5
|
|t:|1668615844
|move|p2a: 多龙巴鲁托|Dragon Dance|p2a: 多龙巴鲁托
|-boost|p2a: 多龙巴鲁托|atk|1
|-boost|p2a: 多龙巴鲁托|spe|1
|move|p1a: Charizard|Dragon Claw|p2a: 多龙巴鲁托
|-supereffective|p2a: 多龙巴鲁托
|-damage|p2a: 多龙巴鲁托|48/100
|
|upkeep
|turn|6
|
|t:|1668615851
|move|p2a: 多龙巴鲁托|Dragon Darts|p1a: Charizard
|-damage|p1a: Charizard|32/100
|-anim|p2a: 多龙巴鲁托|Dragon Darts|p1a: Charizard
|-damage|p1a: Charizard|0 fnt
|faint|p1a: Charizard
|-damage|p2a: 多龙巴鲁托|38/100|[from] item: Life Orb
|
|upkeep
|
|t:|1668615856
|switch|p1a: Dragapult|Dragapult, M|100/100
|turn|7
|c| lejiangcaibi|物攻喷？
|c| lejiangcaibi|龙爪可还行
|
|t:|1668615890
|move|p2a: 多龙巴鲁托|Sucker Punch|p1a: Dragapult
|-supereffective|p1a: Dragapult
|-damage|p1a: Dragapult|0 fnt
|faint|p1a: Dragapult
|-damage|p2a: 多龙巴鲁托|29/100|[from] item: Life Orb
|
|upkeep
|
|t:|1668615893
|switch|p1a: Altaria|Altaria, F|100/100
|-ability|p1a: Altaria|Cloud Nine
|turn|8
|c|☆yuzhiboCheng|读对了
|c|☆yuzhiboCheng|漂亮
|
|t:|1668615907
|detailschange|p1a: Altaria|Altaria-Mega, F
|-mega|p1a: Altaria|Altaria|Altarianite
|move|p2a: 多龙巴鲁托|U-turn|p1a: Altaria
|-resisted|p1a: Altaria
|-damage|p1a: Altaria|75/100
|-damage|p2a: 多龙巴鲁托|19/100|[from] item: Life Orb
|
|t:|1668615913
|switch|p2a: 钢铠鸦|Corviknight, M, shiny|34/100|[from]move: U-turn
|move|p1a: Altaria|Agility|p1a: Altaria
|-boost|p1a: Altaria|spe|2
|
|upkeep
|turn|9
|
|t:|1668615923
|move|p1a: Altaria|Fire Blast|p2a: 钢铠鸦
|-supereffective|p2a: 钢铠鸦
|-damage|p2a: 钢铠鸦|0 fnt
|faint|p2a: 钢铠鸦
|
|upkeep
|
|t:|1668615928
|switch|p2a: 姆克鹰|Staraptor, M|100/100
|turn|10
|
|t:|1668615935
|move|p1a: Altaria|Ice Beam|p2a: 姆克鹰
|-supereffective|p2a: 姆克鹰
|-damage|p2a: 姆克鹰|2/100
|move|p2a: 姆克鹰|Final Gambit|p1a: Altaria
|-damage|p1a: Altaria|73/100
|faint|p2a: 姆克鹰
|
|upkeep
|
|t:|1668615943
|switch|p2a: 天蝎王|Gliscor, M|100/100
|turn|11
|c| lejiangcaibi|乐
|
|t:|1668615955
|move|p1a: Altaria|Ice Beam|p2a: 天蝎王
|-supereffective|p2a: 天蝎王
|-damage|p2a: 天蝎王|0 fnt
|faint|p2a: 天蝎王
|
|upkeep
|
|t:|1668615957
|switch|p2a: 大王燕|Swellow, M|100/100
|turn|12
|
|t:|1668615963
|-start|p2a: 大王燕|Dynamax|
|-heal|p2a: 大王燕|100/100|[silent]
|move|p1a: Altaria|Ice Beam|p2a: 大王燕
|-supereffective|p2a: 大王燕
|-damage|p2a: 大王燕|35/100
|move|p2a: 大王燕|Max Airstream|p1a: Altaria
|-damage|p1a: Altaria|10/100
|-boost|p2a: 大王燕|spe|1
|
|-status|p2a: 大王燕|brn|[from] item: Flame Orb
|upkeep
|turn|13
|
|t:|1668615977
|move|p2a: 大王燕|Max Airstream|p1a: Altaria
|-damage|p1a: Altaria|0 fnt
|-boost|p2a: 大王燕|spe|1
|faint|p1a: Altaria
|
|-damage|p2a: 大王燕|32/100 brn|[from] brn
|upkeep
|c|☆yuzhiboCheng|优势在我
|
|t:|1668615985
|switch|p1a: Latios|Latios, M|100/100
|turn|14
|c|☆yuzhiboCheng|龙你输了
|c|☆yuzhiboCheng|已经给我枪顶脑门上了
|c|☆yuzhiboCheng|除非你围巾
|
|t:|1668616052
|-start|p1a: Latios|Dynamax|
|-heal|p1a: Latios|100/100|[silent]
|move|p2a: 大王燕|Max Airstream|p1a: Latios
|-damage|p1a: Latios|43/100
|-boost|p2a: 大王燕|spe|1
|move|p1a: Latios|Max Hailstorm|p2a: 大王燕
|-supereffective|p2a: 大王燕
|-damage|p2a: 大王燕|0 fnt
|-weather|Hail
|faint|p2a: 大王燕
|
|-weather|Hail|[upkeep]
|-damage|p1a: Latios|40/100|[from] Hail
|-heal|p1a: Latios|43/100|[from] item: Leftovers
|upkeep
|c|☆yuzhiboCheng|当然，围巾也快不过两段速度的大王燕
|c| lejiangcaibi|啧
|c| lejiangcaibi|你没了吧
|c|☆yuzhiboCheng|？
|c|☆yuzhiboCheng|卧槽？
|c|☆yuzhiboCheng|什么情况？
|c| xtsdd|极巨
|c|☆yuzhiboCheng|寄
|
|t:|1668616086
|switch|p2a: 多龙巴鲁托|Dragapult, M|19/100
|turn|15
|
|t:|1668616092
|move|p1a: Latios|Max Guard|p1a: Latios
|-singleturn|p1a: Latios|Max Guard
|move|p2a: 多龙巴鲁托|Dragon Darts|p1a: Latios
|-activate|p1a: Latios|move: Max Guard
|
|-weather|Hail|[upkeep]
|-damage|p2a: 多龙巴鲁托|13/100|[from] Hail
|-damage|p1a: Latios|40/100|[from] Hail
|-heal|p1a: Latios|43/100|[from] item: Leftovers
|upkeep
|turn|16
|c|☆yuzhiboCheng|啧啧啧
|c|☆yuzhiboCheng|忘了还有极巨了
|c| lejiangcaibi|我以为他会极巨防壁
|c|☆yuzhiboCheng|失策
|c| lejiangcaibi|拖你极巨化时间
|c|☆yuzhiboCheng|不过只要多龙能抗几下冰雹
|c|☆yuzhiboCheng|就可以了
|
|t:|1668616142
|move|p2a: 多龙巴鲁托|Dragon Darts|p1a: Latios
|-supereffective|p1a: Latios
|-damage|p1a: Latios|0 fnt
|faint|p1a: Latios
|-damage|p2a: 多龙巴鲁托|3/100|[from] item: Life Orb
|
|-weather|Hail|[upkeep]
|-damage|p2a: 多龙巴鲁托|0 fnt|[from] Hail
|faint|p2a: 多龙巴鲁托
|
|win|YLong
|upkeep
|c|☆yuzhiboCheng|优势还是在我
|c| lejiangcaibi|哈哈哈哈
|c|☆yuzhiboCheng|个寄啊
|c|☆yuzhiboCheng|qwq
|c| lejiangcaibi|优势在我
|c| xtsdd|《优势在我》
|c|☆yuzhiboCheng|哈哈哈哈哈哈哈哈哈
|c|☆YLong|《优势在我》
|c| lejiangcaibi|命玉：你在说啥
|c|☆yuzhiboCheng|多龙命玉哈哈哈
|c|☆YLong|命玉加雪天
|c|☆yuzhiboCheng|卧槽
|c|☆yuzhiboCheng|qwq
|c|☆yuzhiboCheng|哈哈哈哈哈哈哈哈哈哈哈
|c|☆yuzhiboCheng|我自己都笑疯了
|c|☆yuzhiboCheng|妹妹扛不住我龙箭的
|c|☆yuzhiboCheng|（悲）
|c| xtsdd|我不行了
|c|☆YLong|肯定扛不住
|c|☆yuzhiboCheng|再来吧哈哈哈
|l|☆YLong
|c| lejiangcaibi|笑死
