|j|☆Pkmn3443
|j|☆alwaysrinse
|t:|1621359098
|gametype|singles
|player|p1|Pkmn3443|2|1839
|player|p2|alwaysrinse|265|1924
|teamsize|p1|6
|teamsize|p2|6
|gen|8
|tier|[Gen 8] National Dex AG
|rated|
|rule|HP Percentage Mod: HP is shown in percentages
|rule|Endless Battle Clause: Forcing endless battles is banned
|clearpoke
|poke|p1|Zacian-*|
|poke|p1|Necrozma-Dusk-Mane|
|poke|p1|Ditto|
|poke|p1|Ho-Oh|
|poke|p1|Rayquaza|
|poke|p1|Yveltal|
|poke|p2|Quagsire, M|
|poke|p2|Chansey, F|
|poke|p2|Tyranitar, M|
|poke|p2|Lugia|
|poke|p2|Sableye, M|
|poke|p2|Giratina|
|teampreview
|
|t:|1621359117
|start
|switch|p1a: Zacian|Zacian-Crowned|100/100
|switch|p2a: Sableye|Sableye, M|100/100
|-ability|p1a: Zacian|Intrepid Sword|boost
|-boost|p1a: Zacian|atk|1
|turn|1
|
|t:|1621359135
|switch|p1a: Ho-Oh|Ho-Oh|100/100
|detailschange|p2a: Sableye|Sableye-Mega, M
|-mega|p2a: Sableye|Sableye|Sablenite
|move|p2a: Sableye|Fake Out|p1a: Ho-Oh
|-damage|p1a: Ho-Oh|94/100
|
|upkeep
|turn|2
|
|t:|1621359140
|switch|p1a: Ditto|Ditto|100/100
|-transform|p1a: Ditto|p2a: Sableye|[from] ability: Imposter
|switch|p2a: Giratina|Giratina|100/100
|-ability|p2a: Giratina|Pressure
|
|upkeep
|turn|3
|
|t:|1621359147
|switch|p2a: Sableye|Sableye-Mega, M|100/100
|move|p1a: Ditto|Will-O-Wisp|p2a: Sableye
|move|p2a: Sableye|Will-O-Wisp|p1a: Ditto|[from]ability: Magic Bounce
|-status|p1a: Ditto|brn
|
|-damage|p1a: Ditto|94/100 brn|[from] brn
|upkeep
|turn|4
|c|☆alwaysrinse|lol
|
|t:|1621359156
|switch|p1a: Ho-Oh|Ho-Oh|100/100
|move|p2a: Sableye|Foul Play|p1a: Ho-Oh
|-damage|p1a: Ho-Oh|70/100
|
|upkeep
|turn|5
|
|t:|1621359161
|switch|p1a: Ditto|Ditto|94/100 brn
|-transform|p1a: Ditto|p2a: Sableye|[from] ability: Imposter
|switch|p2a: Giratina|Giratina|100/100
|-ability|p2a: Giratina|Pressure
|
|-damage|p1a: Ditto|88/100 brn|[from] brn
|upkeep
|turn|6
|
|t:|1621359166
|switch|p2a: Sableye|Sableye-Mega, M|100/100
|move|p1a: Ditto|Foul Play|p2a: Sableye
|-damage|p2a: Sableye|90/100
|
|-damage|p1a: Ditto|82/100 brn|[from] brn
|upkeep
|turn|7
|
|t:|1621359172
|switch|p1a: Ho-Oh|Ho-Oh|100/100
|move|p2a: Sableye|Foul Play|p1a: Ho-Oh
|-damage|p1a: Ho-Oh|71/100
|
|upkeep
|turn|8
|
|t:|1621359177
|switch|p1a: Ditto|Ditto|82/100 brn
|-transform|p1a: Ditto|p2a: Sableye|[from] ability: Imposter
|switch|p2a: Giratina|Giratina|100/100
|-ability|p2a: Giratina|Pressure
|
|-damage|p1a: Ditto|76/100 brn|[from] brn
|upkeep
|turn|9
|
|t:|1621359185
|switch|p2a: Sableye|Sableye-Mega, M|90/100
|move|p1a: Ditto|Recover|p1a: Ditto
|-heal|p1a: Ditto|100/100 brn
|
|-damage|p1a: Ditto|94/100 brn|[from] brn
|upkeep
|turn|10
|
|t:|1621359195
|switch|p1a: Ho-Oh|Ho-Oh|100/100
|switch|p2a: Lugia|Lugia|100/100
|
|upkeep
|turn|11
|
|t:|1621359200
|switch|p1a: Ditto|Ditto|94/100 brn
|-transform|p1a: Ditto|p2a: Lugia|[from] ability: Imposter
|move|p2a: Lugia|Toxic||[still]
|-fail|p2a: Lugia
|
|-damage|p1a: Ditto|88/100 brn|[from] brn
|upkeep
|turn|12
|
|t:|1621359207
|switch|p2a: Tyranitar|Tyranitar, M|100/100
|-weather|Sandstorm|[from] ability: Sand Stream|[of] p2a: Tyranitar
|move|p1a: Ditto|Ice Beam|p2a: Tyranitar
|-damage|p2a: Tyranitar|93/100
|
|-weather|Sandstorm|[upkeep]
|-damage|p1a: Ditto|82/100 brn|[from] Sandstorm
|-heal|p2a: Tyranitar|99/100|[from] item: Leftovers
|-damage|p1a: Ditto|76/100 brn|[from] brn
|upkeep
|turn|13
|
|t:|1621359212
|switch|p1a: Necrozma|Necrozma-Dusk-Mane|100/100
|move|p2a: Tyranitar|Stealth Rock|p1a: Necrozma
|-sidestart|p1: Pkmn3443|move: Stealth Rock
|
|-weather|Sandstorm|[upkeep]
|-heal|p2a: Tyranitar|100/100|[from] item: Leftovers
|upkeep
|turn|14
|
|t:|1621359215
|switch|p2a: Sableye|Sableye-Mega, M|90/100
|move|p1a: Necrozma|Stealth Rock|p2a: Sableye
|move|p2a: Sableye|Stealth Rock||[from]ability: Magic Bounce|[still]
|-fail|p2a: Sableye
|
|-weather|Sandstorm|[upkeep]
|-damage|p2a: Sableye|84/100|[from] Sandstorm
|upkeep
|turn|15
|
|t:|1621359222
|switch|p1a: Ho-Oh|Ho-Oh|100/100
|move|p2a: Sableye|Recover|p2a: Sableye
|-heal|p2a: Sableye|100/100
|
|-weather|Sandstorm|[upkeep]
|-damage|p1a: Ho-Oh|94/100|[from] Sandstorm
|-damage|p2a: Sableye|94/100|[from] Sandstorm
|upkeep
|turn|16
|
|t:|1621359226
|switch|p2a: Giratina|Giratina|100/100
|-ability|p2a: Giratina|Pressure
|move|p1a: Ho-Oh|Defog|p2a: Giratina
|-unboost|p2a: Giratina|evasion|1
|-sideend|p1: Pkmn3443|Stealth Rock|[from] move: Defog|[of] p1a: Ho-Oh
|
|-weather|none
|upkeep
|turn|17
|
|t:|1621359232
|switch|p1a: Ditto|Ditto|76/100 brn
|-transform|p1a: Ditto|p2a: Giratina|[from] ability: Imposter
|-ability|p1a: Ditto|Pressure
|move|p2a: Giratina|Hex|p1a: Ditto
|-supereffective|p1a: Ditto
|-damage|p1a: Ditto|0 fnt
|faint|p1a: Ditto
|
|upkeep
|
|t:|1621359239
|switch|p1a: Yveltal|Yveltal|100/100
|-ability|p1a: Yveltal|Dark Aura
|turn|18
|
|t:|1621359246
|switch|p2a: Tyranitar|Tyranitar, M|100/100
|-weather|Sandstorm|[from] ability: Sand Stream|[of] p2a: Tyranitar
|move|p1a: Yveltal|Knock Off|p2a: Tyranitar
|-resisted|p2a: Tyranitar
|-damage|p2a: Tyranitar|74/100
|-enditem|p2a: Tyranitar|Leftovers|[from] move: Knock Off|[of] p1a: Yveltal
|-damage|p1a: Yveltal|91/100|[from] item: Life Orb
|
|-weather|Sandstorm|[upkeep]
|-damage|p1a: Yveltal|84/100|[from] Sandstorm
|upkeep
|turn|19
|
|t:|1621359256
|switch|p1a: Necrozma|Necrozma-Dusk-Mane|100/100
|move|p2a: Tyranitar|Stealth Rock|p1a: Necrozma
|-sidestart|p1: Pkmn3443|move: Stealth Rock
|
|-weather|Sandstorm|[upkeep]
|upkeep
|turn|20
|c|☆alwaysrinse|lol
|
|t:|1621359268
|switch|p1a: Rayquaza|Rayquaza|100/100
|-damage|p1a: Rayquaza|76/100|[from] Stealth Rock
|-ability|p1a: Rayquaza|Air Lock
|switch|p2a: Sableye|Sableye-Mega, M|94/100
|
|-weather|Sandstorm|[upkeep]
|upkeep
|turn|21
|
|t:|1621359272
|switch|p2a: Lugia|Lugia|100/100
|detailschange|p1a: Rayquaza|Rayquaza-Mega
|-mega|p1a: Rayquaza|Rayquaza|
|-weather|DeltaStream|[from] ability: Delta Stream|[of] p1a: Rayquaza
|move|p1a: Rayquaza|Draco Meteor|p2a: Lugia
|-damage|p2a: Lugia|75/100
|-unboost|p1a: Rayquaza|spa|2
|-damage|p1a: Rayquaza|66/100|[from] item: Life Orb
|
|-weather|DeltaStream|[upkeep]
|upkeep
|turn|22
|
|t:|1621359277
|move|p1a: Rayquaza|Dragon Ascent|p2a: Lugia
|-damage|p2a: Lugia|19/100
|-unboost|p1a: Rayquaza|def|1
|-unboost|p1a: Rayquaza|spd|1
|-damage|p1a: Rayquaza|56/100|[from] item: Life Orb
|move|p2a: Lugia|Roost|p2a: Lugia
|-heal|p2a: Lugia|69/100
|-singleturn|p2a: Lugia|move: Roost
|
|-weather|DeltaStream|[upkeep]
|upkeep
|turn|23
|
|t:|1621359284
|-weather|none
|switch|p1a: Ho-Oh|Ho-Oh|100/100
|move|p2a: Lugia|Roost|p2a: Lugia
|-heal|p2a: Lugia|100/100
|-singleturn|p2a: Lugia|move: Roost
|
|upkeep
|turn|24
|
|t:|1621359288
|switch|p2a: Giratina|Giratina|100/100
|-ability|p2a: Giratina|Pressure
|move|p1a: Ho-Oh|Defog|p2a: Giratina
|-unboost|p2a: Giratina|evasion|1
|-sideend|p1: Pkmn3443|Stealth Rock|[from] move: Defog|[of] p1a: Ho-Oh
|
|upkeep
|turn|25
|
|t:|1621359294
|move|p1a: Ho-Oh|Toxic|p2a: Giratina
|-status|p2a: Giratina|tox
|move|p2a: Giratina|Hex|p1a: Ho-Oh
|-damage|p1a: Ho-Oh|89/100
|
|-damage|p2a: Giratina|94/100 tox|[from] psn
|upkeep
|turn|26
|
|t:|1621359302
|switch|p1a: Necrozma|Necrozma-Dusk-Mane|100/100
|switch|p2a: Tyranitar|Tyranitar, M|74/100
|-weather|Sandstorm|[from] ability: Sand Stream|[of] p2a: Tyranitar
|
|-weather|Sandstorm|[upkeep]
|upkeep
|turn|27
|
|t:|1621359313
|switch|p1a: Rayquaza|Rayquaza-Mega|56/100
|-weather|DeltaStream|[from] ability: Delta Stream|[of] p1a: Rayquaza
|switch|p2a: Sableye|Sableye-Mega, M|94/100
|
|-weather|DeltaStream|[upkeep]
|upkeep
|turn|28
|
|t:|1621359321
|move|p2a: Sableye|Fake Out|p1a: Rayquaza
|-damage|p1a: Rayquaza|47/100
|cant|p1a: Rayquaza|flinch
|
|-weather|DeltaStream|[upkeep]
|upkeep
|turn|29
|
|t:|1621359326
|switch|p2a: Lugia|Lugia|100/100
|move|p1a: Rayquaza|Dragon Ascent|p2a: Lugia
|-damage|p2a: Lugia|74/100
|-unboost|p1a: Rayquaza|def|1
|-unboost|p1a: Rayquaza|spd|1
|-damage|p1a: Rayquaza|37/100|[from] item: Life Orb
|
|-weather|DeltaStream|[upkeep]
|upkeep
|turn|30
|
|t:|1621359329
|move|p1a: Rayquaza|Dragon Ascent|p2a: Lugia
|-damage|p2a: Lugia|23/100
|-unboost|p1a: Rayquaza|def|1
|-unboost|p1a: Rayquaza|spd|1
|-damage|p1a: Rayquaza|27/100|[from] item: Life Orb
|move|p2a: Lugia|Roost|p2a: Lugia
|-heal|p2a: Lugia|73/100
|-singleturn|p2a: Lugia|move: Roost
|
|-weather|DeltaStream|[upkeep]
|upkeep
|turn|31
|
|t:|1621359337
|-weather|none
|switch|p1a: Yveltal|Yveltal|84/100
|-ability|p1a: Yveltal|Dark Aura
|move|p2a: Lugia|Roost|p2a: Lugia
|-heal|p2a: Lugia|100/100
|-singleturn|p2a: Lugia|move: Roost
|
|upkeep
|turn|32
|
|t:|1621359342
|switch|p2a: Tyranitar|Tyranitar, M|74/100
|-weather|Sandstorm|[from] ability: Sand Stream|[of] p2a: Tyranitar
|move|p1a: Yveltal|Taunt|p2a: Tyranitar
|-start|p2a: Tyranitar|move: Taunt
|
|-weather|Sandstorm|[upkeep]
|-damage|p1a: Yveltal|78/100|[from] Sandstorm
|upkeep
|turn|33
|
|t:|1621359351
|-start|p1a: Yveltal|Dynamax
|-heal|p1a: Yveltal|78/100|[silent]
|move|p1a: Yveltal|Max Darkness|p2a: Tyranitar
|-resisted|p2a: Tyranitar
|-damage|p2a: Tyranitar|41/100
|-unboost|p2a: Tyranitar|spd|1
|-damage|p1a: Yveltal|73/100|[from] item: Life Orb
|move|p2a: Tyranitar|Rock Tomb|p1a: Yveltal
|-supereffective|p1a: Yveltal
|-damage|p1a: Yveltal|48/100
|-unboost|p1a: Yveltal|spe|1
|
|-weather|Sandstorm|[upkeep]
|-damage|p1a: Yveltal|45/100|[from] Sandstorm
|upkeep
|turn|34
|c|☆alwaysrinse|ray walled
|
|t:|1621359366
|-start|p2a: Tyranitar|Dynamax
|-heal|p2a: Tyranitar|41/100|[silent]
|move|p1a: Yveltal|Max Airstream|p2a: Tyranitar
|-resisted|p2a: Tyranitar
|-damage|p2a: Tyranitar|27/100
|-boost|p1a: Yveltal|spe|1
|-damage|p1a: Yveltal|40/100|[from] item: Life Orb
|move|p2a: Tyranitar|Max Rockfall|p1a: Yveltal
|-supereffective|p1a: Yveltal
|-damage|p1a: Yveltal|0 fnt
|faint|p1a: Yveltal
|
|-weather|Sandstorm|[upkeep]
|-end|p2a: Tyranitar|move: Taunt
|upkeep
|
|t:|1621359372
|switch|p1a: Necrozma|Necrozma-Dusk-Mane|100/100
|turn|35
|j| Jaacckk
|
|t:|1621359384
|-end|p2a: Tyranitar|Dynamax
|-heal|p2a: Tyranitar|27/100|[silent]
|switch|p2a: Sableye|Sableye-Mega, M|94/100
|move|p1a: Necrozma|Sunsteel Strike|p2a: Sableye
|-damage|p2a: Sableye|61/100
|
|-weather|Sandstorm|[upkeep]
|-damage|p2a: Sableye|54/100|[from] Sandstorm
|upkeep
|turn|36
|
|t:|1621359392
|switch|p1a: Rayquaza|Rayquaza-Mega|27/100
|-weather|DeltaStream|[from] ability: Delta Stream|[of] p1a: Rayquaza
|move|p2a: Sableye|Recover|p2a: Sableye
|-heal|p2a: Sableye|100/100
|
|-weather|DeltaStream|[upkeep]
|upkeep
|turn|37
|c|☆alwaysrinse|lol
|
|t:|1621359399
|switch|p2a: Lugia|Lugia|100/100
|move|p1a: Rayquaza|Dragon Ascent|p2a: Lugia
|-damage|p2a: Lugia|75/100
|-unboost|p1a: Rayquaza|def|1
|-unboost|p1a: Rayquaza|spd|1
|-damage|p1a: Rayquaza|17/100|[from] item: Life Orb
|
|-weather|DeltaStream|[upkeep]
|upkeep
|turn|38
|c|☆alwaysrinse|ray weak now
|
|t:|1621359402
|move|p1a: Rayquaza|Draco Meteor|p2a: Lugia
|-damage|p2a: Lugia|25/100
|-unboost|p1a: Rayquaza|spa|2
|-damage|p1a: Rayquaza|7/100|[from] item: Life Orb
|move|p2a: Lugia|Roost|p2a: Lugia
|-heal|p2a: Lugia|75/100
|-singleturn|p2a: Lugia|move: Roost
|
|-weather|DeltaStream|[upkeep]
|upkeep
|turn|39
|
|t:|1621359406
|move|p1a: Rayquaza|Draco Meteor|p2a: Lugia
|-damage|p2a: Lugia|49/100
|-unboost|p1a: Rayquaza|spa|2
|-damage|p1a: Rayquaza|0 fnt|[from] item: Life Orb
|faint|p1a: Rayquaza
|-weather|none
|move|p2a: Lugia|Roost|p2a: Lugia
|-heal|p2a: Lugia|99/100
|-singleturn|p2a: Lugia|move: Roost
|
|upkeep
|
|t:|1621359408
|switch|p1a: Zacian|Zacian-Crowned|100/100
|-ability|p1a: Zacian|Intrepid Sword|boost
|-boost|p1a: Zacian|atk|1
|turn|40
|
|t:|1621359418
|switch|p2a: Quagsire|Quagsire, M|100/100
|move|p1a: Zacian|Crunch|p2a: Quagsire
|-damage|p2a: Quagsire|76/100
|
|-heal|p2a: Quagsire|82/100|[from] item: Leftovers
|upkeep
|turn|41
|
|t:|1621359423
|move|p1a: Zacian|Crunch|p2a: Quagsire
|-damage|p2a: Quagsire|56/100
|move|p2a: Quagsire|Earthquake|p1a: Zacian
|-supereffective|p1a: Zacian
|-damage|p1a: Zacian|39/100
|
|-heal|p2a: Quagsire|62/100|[from] item: Leftovers
|upkeep
|turn|42
|
|t:|1621359428
|move|p1a: Zacian|Play Rough|p2a: Quagsire
|-damage|p2a: Quagsire|15/100
|move|p2a: Quagsire|Recover|p2a: Quagsire
|-heal|p2a: Quagsire|65/100
|
|-heal|p2a: Quagsire|71/100|[from] item: Leftovers
|upkeep
|turn|43
|
|t:|1621359434
|move|p1a: Zacian|Play Rough|p2a: Quagsire|[miss]
|-miss|p1a: Zacian|p2a: Quagsire
|move|p2a: Quagsire|Earthquake|p1a: Zacian
|-supereffective|p1a: Zacian
|-damage|p1a: Zacian|0 fnt
|faint|p1a: Zacian
|
|-heal|p2a: Quagsire|77/100|[from] item: Leftovers
|upkeep
|
|t:|1621359438
|switch|p1a: Necrozma|Necrozma-Dusk-Mane|100/100
|turn|44
|
|t:|1621359444
|switch|p2a: Sableye|Sableye-Mega, M|100/100
|move|p1a: Necrozma|Sunsteel Strike|p2a: Sableye
|-damage|p2a: Sableye|67/100
|
|upkeep
|turn|45
|
|t:|1621359448
|move|p1a: Necrozma|Sunsteel Strike|p2a: Sableye
|-damage|p2a: Sableye|29/100
|move|p2a: Sableye|Recover|p2a: Sableye
|-heal|p2a: Sableye|79/100
|
|upkeep
|turn|46
|
|t:|1621359452
|move|p1a: Necrozma|Sunsteel Strike|p2a: Sableye
|-damage|p2a: Sableye|47/100
|move|p2a: Sableye|Will-O-Wisp|p1a: Necrozma
|-status|p1a: Necrozma|brn
|
|-damage|p1a: Necrozma|94/100 brn|[from] brn
|upkeep
|turn|47
|
|t:|1621359455
|switch|p1a: Ho-Oh|Ho-Oh|100/100
|move|p2a: Sableye|Recover|p2a: Sableye
|-heal|p2a: Sableye|97/100
|
|upkeep
|turn|48
|
|t:|1621359458
|switch|p2a: Giratina|Giratina|94/100 tox
|-ability|p2a: Giratina|Pressure
|move|p1a: Ho-Oh|Sacred Fire|p2a: Giratina
|-resisted|p2a: Giratina
|-damage|p2a: Giratina|85/100 tox
|
|-heal|p2a: Giratina|91/100 tox|[from] item: Leftovers
|-damage|p2a: Giratina|85/100 tox|[from] psn
|upkeep
|turn|49
|
|t:|1621359463
|move|p1a: Ho-Oh|Sacred Fire|p2a: Giratina
|-resisted|p2a: Giratina
|-damage|p2a: Giratina|76/100 tox
|move|p2a: Giratina|Rest|p2a: Giratina
|-status|p2a: Giratina|slp|[from] move: Rest
|-heal|p2a: Giratina|100/100 slp|[silent]
|
|upkeep
|turn|50
|
|t:|1621359466
|move|p1a: Ho-Oh|Sacred Fire|p2a: Giratina
|-resisted|p2a: Giratina
|-crit|p2a: Giratina
|-damage|p2a: Giratina|85/100 slp
|cant|p2a: Giratina|slp
|
|-heal|p2a: Giratina|91/100 slp|[from] item: Leftovers
|upkeep
|turn|51
|
|t:|1621359472
|move|p1a: Ho-Oh|Sacred Fire|p2a: Giratina
|-resisted|p2a: Giratina
|-damage|p2a: Giratina|82/100 slp
|cant|p2a: Giratina|slp
|
|-heal|p2a: Giratina|89/100 slp|[from] item: Leftovers
|upkeep
|turn|52
|
|t:|1621359479
|switch|p1a: Necrozma|Necrozma-Dusk-Mane|94/100 brn
|switch|p2a: Tyranitar|Tyranitar, M|27/100
|-weather|Sandstorm|[from] ability: Sand Stream|[of] p2a: Tyranitar
|
|-weather|Sandstorm|[upkeep]
|-damage|p1a: Necrozma|88/100 brn|[from] brn
|upkeep
|turn|53
|
|t:|1621359484
|switch|p2a: Sableye|Sableye-Mega, M|97/100
|move|p1a: Necrozma|Sunsteel Strike|p2a: Sableye
|-damage|p2a: Sableye|80/100
|
|-weather|Sandstorm|[upkeep]
|-damage|p2a: Sableye|74/100|[from] Sandstorm
|-damage|p1a: Necrozma|82/100 brn|[from] brn
|upkeep
|turn|54
|
|t:|1621359488
|move|p1a: Necrozma|Sunsteel Strike|p2a: Sableye
|-damage|p2a: Sableye|58/100
|move|p2a: Sableye|Foul Play|p1a: Necrozma
|-supereffective|p1a: Necrozma
|-damage|p1a: Necrozma|45/100 brn
|-damage|p2a: Sableye|41/100|[from] item: Rocky Helmet|[of] p1a: Necrozma
|
|-weather|Sandstorm|[upkeep]
|-damage|p2a: Sableye|35/100|[from] Sandstorm
|-damage|p1a: Necrozma|39/100 brn|[from] brn
|upkeep
|turn|55
|
|t:|1621359495
|move|p1a: Necrozma|Morning Sun|p1a: Necrozma
|-heal|p1a: Necrozma|64/100 brn
|move|p2a: Sableye|Recover|p2a: Sableye
|-heal|p2a: Sableye|85/100
|
|-weather|Sandstorm|[upkeep]
|-damage|p2a: Sableye|79/100|[from] Sandstorm
|-damage|p1a: Necrozma|58/100 brn|[from] brn
|upkeep
|turn|56
|
|t:|1621359500
|move|p1a: Necrozma|Sunsteel Strike|p2a: Sableye
|-damage|p2a: Sableye|60/100
|move|p2a: Sableye|Foul Play|p1a: Necrozma
|-supereffective|p1a: Necrozma
|-damage|p1a: Necrozma|18/100 brn
|-damage|p2a: Sableye|43/100|[from] item: Rocky Helmet|[of] p1a: Necrozma
|
|-weather|none
|-damage|p1a: Necrozma|12/100 brn|[from] brn
|upkeep
|turn|57
|
|t:|1621359508
|move|p1a: Necrozma|Morning Sun|p1a: Necrozma
|-heal|p1a: Necrozma|62/100 brn
|move|p2a: Sableye|Recover|p2a: Sableye
|-heal|p2a: Sableye|93/100
|
|-damage|p1a: Necrozma|56/100 brn|[from] brn
|upkeep
|turn|58
|
|t:|1621359512
|move|p1a: Necrozma|Sunsteel Strike|p2a: Sableye
|-damage|p2a: Sableye|75/100
|move|p2a: Sableye|Foul Play|p1a: Necrozma
|-supereffective|p1a: Necrozma
|-damage|p1a: Necrozma|21/100 brn
|-damage|p2a: Sableye|59/100|[from] item: Rocky Helmet|[of] p1a: Necrozma
|
|-damage|p1a: Necrozma|15/100 brn|[from] brn
|upkeep
|turn|59
|
|t:|1621359517
|move|p1a: Necrozma|Morning Sun|p1a: Necrozma
|-heal|p1a: Necrozma|65/100 brn
|move|p2a: Sableye|Recover|p2a: Sableye
|-heal|p2a: Sableye|100/100
|
|-damage|p1a: Necrozma|59/100 brn|[from] brn
|upkeep
|turn|60
|j| rcg8y5u3oae2qk.a
|
|t:|1621359524
|move|p1a: Necrozma|Knock Off|p2a: Sableye
|-damage|p2a: Sableye|93/100
|move|p2a: Sableye|Foul Play|p1a: Necrozma
|-supereffective|p1a: Necrozma
|-crit|p1a: Necrozma
|-damage|p1a: Necrozma|3/100 brn
|-damage|p2a: Sableye|77/100|[from] item: Rocky Helmet|[of] p1a: Necrozma
|
|-damage|p1a: Necrozma|0 fnt|[from] brn
|faint|p1a: Necrozma
|upkeep
|
|t:|1621359527
|switch|p1a: Ho-Oh|Ho-Oh|100/100
|turn|61
|
|t:|1621359533
|switch|p2a: Giratina|Giratina|89/100 slp
|-ability|p2a: Giratina|Pressure
|move|p1a: Ho-Oh|Toxic||[still]
|-fail|p1a: Ho-Oh
|
|-heal|p2a: Giratina|95/100 slp|[from] item: Leftovers
|upkeep
|turn|62
|
|t:|1621359542
|switch|p2a: Lugia|Lugia|99/100
|move|p1a: Ho-Oh|Toxic|p2a: Lugia
|-status|p2a: Lugia|tox
|
|-damage|p2a: Lugia|93/100 tox|[from] psn
|upkeep
|turn|63
|
|t:|1621359548
|move|p2a: Lugia|Toxic|p1a: Ho-Oh|[miss]
|-miss|p2a: Lugia|p1a: Ho-Oh
|move|p1a: Ho-Oh|Toxic|p2a: Lugia
|-fail|p2a: Lugia|tox
|
|-damage|p2a: Lugia|80/100 tox|[from] psn
|upkeep
|turn|64
|
|t:|1621359551
|move|p2a: Lugia|Toxic|p1a: Ho-Oh
|-status|p1a: Ho-Oh|tox
|move|p1a: Ho-Oh|Toxic|p2a: Lugia|[miss]
|-miss|p1a: Ho-Oh|p2a: Lugia
|
|-damage|p2a: Lugia|61/100 tox|[from] psn
|-damage|p1a: Ho-Oh|94/100 tox|[from] psn
|upkeep
|turn|65
|
|t:|1621359556
|move|p2a: Lugia|Ice Beam|p1a: Ho-Oh
|-damage|p1a: Ho-Oh|84/100 tox
|move|p1a: Ho-Oh|Toxic|p2a: Lugia
|-fail|p2a: Lugia|tox
|
|-damage|p2a: Lugia|36/100 tox|[from] psn
|-damage|p1a: Ho-Oh|72/100 tox|[from] psn
|upkeep
|turn|66
|
|t:|1621359561
|switch|p2a: Tyranitar|Tyranitar, M|27/100
|-weather|Sandstorm|[from] ability: Sand Stream|[of] p2a: Tyranitar
|move|p1a: Ho-Oh|Toxic|p2a: Tyranitar
|-status|p2a: Tyranitar|tox
|
|-weather|Sandstorm|[upkeep]
|-damage|p1a: Ho-Oh|66/100 tox|[from] Sandstorm
|-damage|p1a: Ho-Oh|47/100 tox|[from] psn
|-damage|p2a: Tyranitar|21/100 tox|[from] psn
|upkeep
|turn|67
|
|t:|1621359566
|move|p1a: Ho-Oh|Toxic|p2a: Tyranitar
|-fail|p2a: Tyranitar|tox
|move|p2a: Tyranitar|Rest|p2a: Tyranitar
|-status|p2a: Tyranitar|slp|[from] move: Rest
|-heal|p2a: Tyranitar|100/100 slp|[silent]
|
|-weather|Sandstorm|[upkeep]
|-damage|p1a: Ho-Oh|41/100 tox|[from] Sandstorm
|-damage|p1a: Ho-Oh|16/100 tox|[from] psn
|upkeep
|turn|68
|
|t:|1621359570
|move|p1a: Ho-Oh|Toxic||[still]
|-fail|p1a: Ho-Oh
|cant|p2a: Tyranitar|slp
|
|-weather|Sandstorm|[upkeep]
|-damage|p1a: Ho-Oh|10/100 tox|[from] Sandstorm
|-damage|p1a: Ho-Oh|0 fnt|[from] psn
|faint|p1a: Ho-Oh
|
|win|alwaysrinse
|upkeep
|raw|Pkmn3443's rating: 1839 &rarr; <strong>1824</strong><br />(-15 for losing)
|raw|alwaysrinse's rating: 1924 &rarr; <strong>1939</strong><br />(+15 for winning)
|l|☆Pkmn3443
|l| rcg8y5u3oae2qk.a
||Ladder isn't responding, score probably updated but might not have (Request timeout).
