|j|☆CLEAR GEM清瑜
|j|☆ikill3r
|t:|1666456721
|gametype|singles
|player|p1|CLEAR GEM清瑜|skierf|1824
|player|p2|ikill3r|265|1826
|teamsize|p1|6
|teamsize|p2|6
|gen|8
|tier|[Gen 8] National Dex AG
|rated|
|rule|HP Percentage Mod: HP is shown in percentages
|rule|Endless Battle Clause: Forcing endless battles is banned
|clearpoke
|poke|p1|Rayquaza|
|poke|p1|Groudon|
|poke|p1|Necrozma-Dusk-Mane|
|poke|p1|Arceus-*|
|poke|p1|Zacian-*|
|poke|p1|Yveltal|
|poke|p2|Arceus-*|
|poke|p2|Groudon|
|poke|p2|Lugia|
|poke|p2|Marshadow|
|poke|p2|Melmetal|
|poke|p2|Calyrex-Shadow|
|teampreview
|inactive|Battle timer is ON: inactive players will automatically lose when time's up. (requested by ikill3r)
|
|t:|1666456739
|start
|switch|p1a: 老烈|Rayquaza, shiny|100/100
|switch|p2a: Lugia|Lugia|100/100
|-ability|p1a: 老烈|Air Lock
|turn|1
|
|t:|1666456746
|detailschange|p1a: 老烈|Rayquaza-Mega, shiny
|-mega|p1a: 老烈|Rayquaza|
|-weather|DeltaStream|[from] ability: Delta Stream|[of] p1a: 老烈
|move|p2a: Lugia|Toxic|p1a: 老烈
|-status|p1a: 老烈|tox
|move|p1a: 老烈|Scale Shot|p2a: Lugia
|-damage|p2a: Lugia|92/100
|-damage|p2a: Lugia|76/100
|-hitcount|p2a: Lugia|2
|-unboost|p1a: 老烈|def|1
|-boost|p1a: 老烈|spe|1
|-damage|p1a: 老烈|91/100 tox|[from] item: Life Orb
|
|-weather|DeltaStream|[upkeep]
|-damage|p1a: 老烈|84/100 tox|[from] psn
|upkeep
|turn|2
|
|t:|1666456764
|move|p1a: 老烈|Dragon Ascent|p2a: Lugia
|-damage|p2a: Lugia|0 fnt
|-unboost|p1a: 老烈|def|1
|-unboost|p1a: 老烈|spd|1
|faint|p2a: Lugia
|-damage|p1a: 老烈|75/100 tox|[from] item: Life Orb
|
|-weather|DeltaStream|[upkeep]
|-damage|p1a: 老烈|62/100 tox|[from] psn
|upkeep
|inactive|ikill3r has 120 seconds left.
|
|t:|1666456794
|switch|p2a: Arceus|Arceus|100/100
|turn|3
|
|t:|1666456798
|move|p2a: Arceus|Extreme Speed|p1a: 老烈
|-damage|p1a: 老烈|0 fnt
|faint|p1a: 老烈
|-weather|none
|
|upkeep
|
|t:|1666456799
|switch|p1a: 不会(?)|Groudon|100/100
|detailschange|p1a: 不会(?)|Groudon-Primal
|-primal|p1a: 不会(?)
|-weather|DesolateLand|[from] ability: Desolate Land|[of] p1a: 不会(?)
|turn|4
|
|t:|1666456810
|move|p1a: 不会(?)|Thunder Wave|p2a: Arceus
|-status|p2a: Arceus|par
|move|p2a: Arceus|Trick Room|p2a: Arceus
|-fieldstart|move: Trick Room|[of] p2a: Arceus
|
|-weather|DesolateLand|[upkeep]
|upkeep
|turn|5
|inactive|ikill3r has 120 seconds left.
|j| anidiotnon
|l| anidiotnon
|
|t:|1666456841
|switch|p2a: Melmetal|Melmetal|100/100
|move|p1a: 不会(?)|Stealth Rock|p2a: Melmetal
|-sidestart|p2: ikill3r|move: Stealth Rock
|
|-weather|DesolateLand|[upkeep]
|upkeep
|turn|6
|
|t:|1666456846
|move|p2a: Melmetal|Earthquake|p1a: 不会(?)
|-supereffective|p1a: 不会(?)
|-damage|p1a: 不会(?)|47/100
|move|p1a: 不会(?)|Thunder Wave|p2a: Melmetal
|-status|p2a: Melmetal|par
|
|-weather|DesolateLand|[upkeep]
|upkeep
|turn|7
|
|t:|1666456854
|move|p2a: Melmetal|Earthquake|p1a: 不会(?)
|-supereffective|p1a: 不会(?)
|-damage|p1a: 不会(?)|0 fnt
|faint|p1a: 不会(?)
|-weather|none
|
|upkeep
|
|t:|1666456858
|switch|p1a: 嘉然小姐的狗|Zacian-Crowned|100/100
|-ability|p1a: 嘉然小姐的狗|Intrepid Sword|boost
|-boost|p1a: 嘉然小姐的狗|atk|1
|turn|8
|
|t:|1666456863
|switch|p1a: 悬空羊驼|Arceus-Flying|100/100
|move|p2a: Melmetal|Earthquake|p1a: 悬空羊驼
|-immune|p1a: 悬空羊驼
|
|-fieldend|move: Trick Room
|upkeep
|turn|9
|inactive|ikill3r has 120 seconds left.
|
|t:|1666456885
|switch|p2a: Arceus|Arceus|100/100 par
|-damage|p2a: Arceus|88/100 par|[from] Stealth Rock
|move|p1a: 悬空羊驼|Swords Dance|p1a: 悬空羊驼
|-boost|p1a: 悬空羊驼|atk|2
|
|upkeep
|turn|10
|inactive|ikill3r has 120 seconds left.
|
|t:|1666456901
|-start|p1a: 悬空羊驼|Dynamax|
|-heal|p1a: 悬空羊驼|100/100|[silent]
|move|p1a: 悬空羊驼|Max Airstream|p2a: Arceus
|-damage|p2a: Arceus|0 fnt
|-boost|p1a: 悬空羊驼|spe|1
|faint|p2a: Arceus
|
|upkeep
|
|t:|1666456929
|switch|p2a: Melmetal|Melmetal|100/100 par
|-damage|p2a: Melmetal|94/100 par|[from] Stealth Rock
|turn|11
|l|☆CLEAR GEM清瑜
|inactive|CLEAR GEM清瑜 disconnected and has a minute to reconnect!
|player|p1|
|inactive|ikill3r has 90 seconds left.
|j|☆CLEAR GEM清瑜
|inactive|CLEAR GEM清瑜 reconnected and has 120 seconds left.
|player|p1|CLEAR GEM清瑜|skierf
|
|t:|1666456964
|-start|p2a: Melmetal|Dynamax|
|-heal|p2a: Melmetal|94/100 par|[silent]
|move|p1a: 悬空羊驼|Max Quake|p2a: Melmetal
|-supereffective|p2a: Melmetal
|-damage|p2a: Melmetal|42/100 par
|-boost|p1a: 悬空羊驼|spd|1
|cant|p2a: Melmetal|par
|
|upkeep
|turn|12
|inactive|ikill3r has 90 seconds left.
|
|t:|1666456972
|move|p1a: 悬空羊驼|Max Quake|p2a: Melmetal
|-supereffective|p2a: Melmetal
|-damage|p2a: Melmetal|0 fnt
|-boost|p1a: 悬空羊驼|spd|1
|faint|p2a: Melmetal
|
|upkeep
|inactive|ikill3r has 90 seconds left.
|
|t:|1666456994
|switch|p2a: Groudon|Groudon|100/100
|-damage|p2a: Groudon|94/100|[from] Stealth Rock
|detailschange|p2a: Groudon|Groudon-Primal
|-primal|p2a: Groudon
|-weather|DesolateLand|[from] ability: Desolate Land|[of] p2a: Groudon
|-end|p1a: 悬空羊驼|Dynamax
|-heal|p1a: 悬空羊驼|100/100|[silent]
|turn|13
|
|t:|1666457002
|move|p1a: 悬空羊驼|Earthquake|p2a: Groudon
|-supereffective|p2a: Groudon
|-damage|p2a: Groudon|7/100
|move|p2a: Groudon|Heat Crash|p1a: 悬空羊驼
|-damage|p1a: 悬空羊驼|43/100
|
|-weather|DesolateLand|[upkeep]
|upkeep
|turn|14
|
|t:|1666457010
|move|p1a: 悬空羊驼|Earthquake|p2a: Groudon
|-supereffective|p2a: Groudon
|-damage|p2a: Groudon|0 fnt
|faint|p2a: Groudon
|-weather|none
|
|upkeep
|
|t:|1666457020
|switch|p2a: Marshadow|Marshadow|100/100
|-damage|p2a: Marshadow|94/100|[from] Stealth Rock
|turn|15
|inactive|ikill3r has 90 seconds left.
|
|t:|1666457027
|move|p2a: Marshadow|Shadow Sneak|p1a: 悬空羊驼
|-damage|p1a: 悬空羊驼|21/100
|move|p1a: 悬空羊驼|Fly||[still]
|-prepare|p1a: 悬空羊驼|Fly
|
|upkeep
|turn|16
|
|t:|1666457037
|move|p1a: 悬空羊驼|Fly|p2a: Marshadow|[from]lockedmove
|-supereffective|p2a: Marshadow
|-damage|p2a: Marshadow|0 fnt
|faint|p2a: Marshadow
|
|upkeep
|
|t:|1666457044
|switch|p2a: Calyrex|Calyrex-Shadow|100/100
|-ability|p2a: Calyrex|As One
|-ability|p2a: Calyrex|Unnerve
|-damage|p2a: Calyrex|88/100|[from] Stealth Rock
|turn|17
|
|t:|1666457058
|move|p1a: 悬空羊驼|Recover|p1a: 悬空羊驼
|-heal|p1a: 悬空羊驼|71/100
|move|p2a: Calyrex|Astral Barrage|p1a: 悬空羊驼
|-damage|p1a: 悬空羊驼|46/100
|
|upkeep
|turn|18
|-message|ikill3r forfeited.
|
|win|CLEAR GEM清瑜
|raw|CLEAR GEM清瑜's rating: 1824 &rarr; <strong>1844</strong><br />(+20 for winning)
|raw|ikill3r's rating: 1826 &rarr; <strong>1806</strong><br />(-20 for losing)
|l|☆ikill3r
