|j|☆Obito 2001
|j|☆seidou45
|t:|1666335729
|gametype|singles
|player|p1|Obito 2001|teamrocket|1763
|player|p2|seidou45|lucas|1893
|teamsize|p1|6
|teamsize|p2|6
|gen|8
|tier|[Gen 8] National Dex AG
|rated|
|rule|HP Percentage Mod: HP is shown in percentages
|rule|Endless Battle Clause: Forcing endless battles is banned
|clearpoke
|poke|p1|Necrozma-Dusk-Mane|
|poke|p1|Yveltal|
|poke|p1|Arceus-*|
|poke|p1|Ditto|
|poke|p1|Mewtwo|
|poke|p1|Rayquaza|
|poke|p2|Tyranitar, M|
|poke|p2|Lugia|
|poke|p2|Gliscor, F|
|poke|p2|Giratina|
|poke|p2|Gothitelle, M|
|poke|p2|Yveltal|
|teampreview
|inactive|Battle timer is ON: inactive players will automatically lose when time's up. (requested by Obito 2001)
|
|t:|1666335744
|start
|switch|p1a: Yveltal|Yveltal|100/100
|switch|p2a: Yveltal|Yveltal|100/100
|-ability|p2a: Yveltal|Dark Aura
|-ability|p1a: Yveltal|Dark Aura
|turn|1
|
|t:|1666335749
|-start|p2a: Yveltal|Dynamax|
|-heal|p2a: Yveltal|100/100|[silent]
|move|p2a: Yveltal|Max Airstream|p1a: Yveltal
|-damage|p1a: Yveltal|41/100
|-boost|p2a: Yveltal|spe|1
|-damage|p2a: Yveltal|96/100|[from] item: Life Orb
|move|p1a: Yveltal|Toxic|p2a: Yveltal
|-status|p2a: Yveltal|tox
|
|-damage|p2a: Yveltal|92/100 tox|[from] psn
|upkeep
|turn|2
|
|t:|1666335759
|switch|p1a: Necrozma|Necrozma-Dusk-Mane|100/100
|move|p2a: Yveltal|Max Airstream|p1a: Necrozma
|-resisted|p1a: Necrozma
|-damage|p1a: Necrozma|58/100
|-boost|p2a: Yveltal|spe|1
|-damage|p2a: Yveltal|88/100 tox|[from] item: Life Orb
|
|-damage|p2a: Yveltal|81/100 tox|[from] psn
|upkeep
|turn|3
|
|t:|1666335762
|switch|p1a: Yveltal|Yveltal|41/100
|-ability|p1a: Yveltal|Dark Aura
|move|p2a: Yveltal|Max Darkness|p1a: Yveltal
|-resisted|p1a: Yveltal
|-damage|p1a: Yveltal|4/100
|-unboost|p1a: Yveltal|spd|1
|-damage|p2a: Yveltal|76/100 tox|[from] item: Life Orb
|
|-damage|p2a: Yveltal|67/100 tox|[from] psn
|upkeep
|-end|p2a: Yveltal|Dynamax
|-heal|p2a: Yveltal|67/100 tox|[silent]
|turn|4
|
|t:|1666335765
|move|p1a: Yveltal|Sucker Punch|p2a: Yveltal
|-resisted|p2a: Yveltal
|-damage|p2a: Yveltal|48/100 tox
|move|p2a: Yveltal|Dark Pulse|p1a: Yveltal
|-resisted|p1a: Yveltal
|-damage|p1a: Yveltal|0 fnt
|faint|p1a: Yveltal
|-damage|p2a: Yveltal|38/100 tox|[from] item: Life Orb
|
|-damage|p2a: Yveltal|14/100 tox|[from] psn
|upkeep
|
|t:|1666335770
|switch|p1a: Rayquaza|Rayquaza|100/100
|-ability|p1a: Rayquaza|Air Lock
|turn|5
|
|t:|1666335773
|switch|p2a: Giratina|Giratina, shiny|100/100
|-ability|p2a: Giratina|Pressure
|detailschange|p1a: Rayquaza|Rayquaza-Mega
|-mega|p1a: Rayquaza|Rayquaza|
|-weather|DeltaStream|[from] ability: Delta Stream|[of] p1a: Rayquaza
|move|p1a: Rayquaza|Extreme Speed|p2a: Giratina
|-immune|p2a: Giratina
|
|-weather|DeltaStream|[upkeep]
|upkeep
|turn|6
|
|t:|1666335775
|move|p1a: Rayquaza|Draco Meteor|p2a: Giratina
|-supereffective|p2a: Giratina
|-damage|p2a: Giratina|9/100
|-unboost|p1a: Rayquaza|spa|2
|-damage|p1a: Rayquaza|91/100|[from] item: Life Orb
|move|p2a: Giratina|Will-O-Wisp|p1a: Rayquaza
|-status|p1a: Rayquaza|brn
|
|-weather|DeltaStream|[upkeep]
|-heal|p2a: Giratina|15/100|[from] item: Leftovers
|-damage|p1a: Rayquaza|85/100 brn|[from] brn
|upkeep
|turn|7
|
|t:|1666335782
|switch|p2a: Gliscor|Gliscor, F|100/100
|move|p1a: Rayquaza|Dragon Ascent|p2a: Gliscor
|-damage|p2a: Gliscor|68/100
|-unboost|p1a: Rayquaza|def|1
|-unboost|p1a: Rayquaza|spd|1
|-damage|p1a: Rayquaza|75/100 brn|[from] item: Life Orb
|
|-weather|DeltaStream|[upkeep]
|-damage|p1a: Rayquaza|69/100 brn|[from] brn
|-status|p2a: Gliscor|tox|[from] item: Toxic Orb
|upkeep
|turn|8
|
|t:|1666335785
|-weather|none
|switch|p1a: Mewtwo|Mewtwo|100/100
|-ability|p1a: Mewtwo|Pressure
|move|p2a: Gliscor|Knock Off|p1a: Mewtwo
|-supereffective|p1a: Mewtwo
|-damage|p1a: Mewtwo|59/100
|-enditem|p1a: Mewtwo|Life Orb|[from] move: Knock Off|[of] p2a: Gliscor
|
|-heal|p2a: Gliscor|80/100 tox|[from] ability: Poison Heal
|upkeep
|turn|9
|
|t:|1666335792
|move|p2a: Gliscor|Protect|p2a: Gliscor
|-singleturn|p2a: Gliscor|Protect
|move|p1a: Mewtwo|Ice Beam|p2a: Gliscor
|-activate|p2a: Gliscor|move: Protect
|
|-heal|p2a: Gliscor|93/100 tox|[from] ability: Poison Heal
|upkeep
|turn|10
|
|t:|1666335796
|switch|p1a: Necrozma|Necrozma-Dusk-Mane|58/100
|switch|p2a: Tyranitar|Tyranitar, M, shiny|100/100
|-weather|Sandstorm|[from] ability: Sand Stream|[of] p2a: Tyranitar
|
|-weather|Sandstorm|[upkeep]
|upkeep
|turn|11
|
|t:|1666335801
|switch|p2a: Gothitelle|Gothitelle, M, shiny|100/100
|move|p1a: Necrozma|Iron Head|p2a: Gothitelle
|-damage|p2a: Gothitelle|61/100
|
|-weather|Sandstorm|[upkeep]
|-damage|p2a: Gothitelle|55/100|[from] Sandstorm
|upkeep
|turn|12
|
|t:|1666335804
|-zpower|p2a: Gothitelle
|move|p2a: Gothitelle|Z-Charm|p1a: Necrozma|[anim]Charm
|-boost|p2a: Gothitelle|def|1|[zeffect]
|-unboost|p1a: Necrozma|atk|2
|move|p1a: Necrozma|Iron Head|p2a: Gothitelle
|-damage|p2a: Gothitelle|43/100
|
|-weather|Sandstorm|[upkeep]
|-damage|p2a: Gothitelle|37/100|[from] Sandstorm
|upkeep
|turn|13
|
|t:|1666335811
|move|p2a: Gothitelle|Taunt|p1a: Necrozma
|-start|p1a: Necrozma|move: Taunt
|cant|p1a: Necrozma|move: Taunt|Thunder Wave
|
|-weather|Sandstorm|[upkeep]
|-damage|p2a: Gothitelle|31/100|[from] Sandstorm
|upkeep
|turn|14
|
|t:|1666335815
|move|p2a: Gothitelle|Charm|p1a: Necrozma
|-unboost|p1a: Necrozma|atk|2
|move|p1a: Necrozma|Iron Head|p2a: Gothitelle
|-damage|p2a: Gothitelle|23/100
|
|-weather|none
|upkeep
|turn|15
|
|t:|1666335818
|move|p2a: Gothitelle|Cosmic Power|p2a: Gothitelle
|-boost|p2a: Gothitelle|def|1
|-boost|p2a: Gothitelle|spd|1
|move|p1a: Necrozma|Iron Head|p2a: Gothitelle
|-damage|p2a: Gothitelle|17/100
|
|-end|p1a: Necrozma|move: Taunt
|upkeep
|turn|16
|
|t:|1666335822
|move|p2a: Gothitelle|Taunt|p1a: Necrozma
|-start|p1a: Necrozma|move: Taunt
|move|p1a: Necrozma|Iron Head|p2a: Gothitelle
|-damage|p2a: Gothitelle|11/100
|
|upkeep
|turn|17
|
|t:|1666335831
|move|p2a: Gothitelle|Rest|p2a: Gothitelle
|-status|p2a: Gothitelle|slp|[from] move: Rest
|-heal|p2a: Gothitelle|100/100 slp|[silent]
|move|p1a: Necrozma|Iron Head|p2a: Gothitelle
|-crit|p2a: Gothitelle
|-damage|p2a: Gothitelle|44/100 slp
|
|upkeep
|turn|18
|
|t:|1666335844
|cant|p2a: Gothitelle|slp
|move|p1a: Necrozma|Iron Head|p2a: Gothitelle
|-damage|p2a: Gothitelle|39/100 slp
|
|-end|p1a: Necrozma|move: Taunt
|upkeep
|turn|19
|
|t:|1666335846
|cant|p2a: Gothitelle|slp
|move|p1a: Necrozma|Iron Head|p2a: Gothitelle
|-damage|p2a: Gothitelle|33/100 slp
|
|upkeep
|turn|20
|
|t:|1666335853
|-curestatus|p2a: Gothitelle|slp|[msg]
|move|p2a: Gothitelle|Taunt|p1a: Necrozma
|-start|p1a: Necrozma|move: Taunt
|move|p1a: Necrozma|Iron Head|p2a: Gothitelle
|-damage|p2a: Gothitelle|26/100
|
|upkeep
|turn|21
|
|t:|1666335856
|move|p2a: Gothitelle|Charm|p1a: Necrozma
|-unboost|p1a: Necrozma|atk|2
|move|p1a: Necrozma|Iron Head|p2a: Gothitelle
|-damage|p2a: Gothitelle|21/100
|
|upkeep
|turn|22
|
|t:|1666335858
|move|p2a: Gothitelle|Cosmic Power|p2a: Gothitelle
|-boost|p2a: Gothitelle|def|1
|-boost|p2a: Gothitelle|spd|1
|move|p1a: Necrozma|Iron Head|p2a: Gothitelle
|-damage|p2a: Gothitelle|17/100
|
|-end|p1a: Necrozma|move: Taunt
|upkeep
|turn|23
|
|t:|1666335861
|move|p2a: Gothitelle|Taunt|p1a: Necrozma
|-start|p1a: Necrozma|move: Taunt
|move|p1a: Necrozma|Iron Head|p2a: Gothitelle
|-damage|p2a: Gothitelle|13/100
|
|upkeep
|turn|24
|
|t:|1666335863
|move|p2a: Gothitelle|Rest|p2a: Gothitelle
|-status|p2a: Gothitelle|slp|[from] move: Rest
|-heal|p2a: Gothitelle|100/100 slp|[silent]
|move|p1a: Necrozma|Iron Head|p2a: Gothitelle
|-damage|p2a: Gothitelle|97/100 slp
|
|upkeep
|turn|25
|
|t:|1666335865
|cant|p2a: Gothitelle|slp
|move|p1a: Necrozma|Iron Head|p2a: Gothitelle
|-damage|p2a: Gothitelle|93/100 slp
|
|-end|p1a: Necrozma|move: Taunt
|upkeep
|turn|26
|
|t:|1666335867
|cant|p2a: Gothitelle|slp
|move|p1a: Necrozma|Stealth Rock|p2a: Gothitelle
|-sidestart|p2: seidou45|move: Stealth Rock
|
|upkeep
|turn|27
|
|t:|1666335870
|-curestatus|p2a: Gothitelle|slp|[msg]
|move|p2a: Gothitelle|Taunt|p1a: Necrozma
|-start|p1a: Necrozma|move: Taunt
|move|p1a: Necrozma|Iron Head|p2a: Gothitelle
|-damage|p2a: Gothitelle|89/100
|
|upkeep
|turn|28
|
|t:|1666335871
|move|p2a: Gothitelle|Charm|p1a: Necrozma
|-unboost|p1a: Necrozma|atk|0
|move|p1a: Necrozma|Iron Head|p2a: Gothitelle
|-damage|p2a: Gothitelle|86/100
|
|upkeep
|turn|29
|
|t:|1666335874
|move|p2a: Gothitelle|Charm|p1a: Necrozma
|-unboost|p1a: Necrozma|atk|0
|move|p1a: Necrozma|Iron Head|p2a: Gothitelle
|-damage|p2a: Gothitelle|82/100
|
|-end|p1a: Necrozma|move: Taunt
|upkeep
|turn|30
|
|t:|1666335876
|move|p2a: Gothitelle|Charm|p1a: Necrozma
|-unboost|p1a: Necrozma|atk|0
|move|p1a: Necrozma|Iron Head|p2a: Gothitelle
|-damage|p2a: Gothitelle|78/100
|
|upkeep
|turn|31
|
|t:|1666335878
|move|p2a: Gothitelle|Cosmic Power|p2a: Gothitelle
|-boost|p2a: Gothitelle|def|1
|-boost|p2a: Gothitelle|spd|1
|move|p1a: Necrozma|Iron Head|p2a: Gothitelle
|-damage|p2a: Gothitelle|74/100
|
|upkeep
|turn|32
|
|t:|1666335881
|move|p2a: Gothitelle|Charm|p1a: Necrozma
|-unboost|p1a: Necrozma|atk|0
|move|p1a: Necrozma|Morning Sun|p1a: Necrozma
|-heal|p1a: Necrozma|100/100
|
|upkeep
|turn|33
|
|t:|1666335883
|move|p2a: Gothitelle|Taunt|p1a: Necrozma
|-start|p1a: Necrozma|move: Taunt
|move|p1a: Necrozma|Iron Head|p2a: Gothitelle
|-damage|p2a: Gothitelle|71/100
|
|upkeep
|turn|34
|
|t:|1666335886
|move|p2a: Gothitelle|Cosmic Power|p2a: Gothitelle
|-boost|p2a: Gothitelle|def|1
|-boost|p2a: Gothitelle|spd|1
|move|p1a: Necrozma|Iron Head|p2a: Gothitelle
|-crit|p2a: Gothitelle
|-damage|p2a: Gothitelle|17/100
|
|upkeep
|turn|35
|
|t:|1666335889
|move|p2a: Gothitelle|Charm|p1a: Necrozma
|-unboost|p1a: Necrozma|atk|0
|move|p1a: Necrozma|Iron Head|p2a: Gothitelle
|-damage|p2a: Gothitelle|14/100
|
|-end|p1a: Necrozma|move: Taunt
|upkeep
|turn|36
|
|t:|1666335895
|move|p2a: Gothitelle|Rest|p2a: Gothitelle
|-status|p2a: Gothitelle|slp|[from] move: Rest
|-heal|p2a: Gothitelle|100/100 slp|[silent]
|move|p1a: Necrozma|Iron Head|p2a: Gothitelle
|-damage|p2a: Gothitelle|98/100 slp
|
|upkeep
|turn|37
|
|t:|1666335899
|cant|p2a: Gothitelle|slp
|move|p1a: Necrozma|Iron Head|p2a: Gothitelle
|-damage|p2a: Gothitelle|95/100 slp
|
|upkeep
|turn|38
|
|t:|1666335905
|cant|p2a: Gothitelle|slp
|move|p1a: Necrozma|Morning Sun|p1a: Necrozma
|-fail|p1a: Necrozma|heal
|
|upkeep
|turn|39
|
|t:|1666335908
|-curestatus|p2a: Gothitelle|slp|[msg]
|move|p2a: Gothitelle|Rest|p2a: Gothitelle
|-status|p2a: Gothitelle|slp|[from] move: Rest
|-heal|p2a: Gothitelle|100/100 slp|[silent]
|move|p1a: Necrozma|Morning Sun|p1a: Necrozma
|-fail|p1a: Necrozma|heal
|
|upkeep
|turn|40
|
|t:|1666335911
|cant|p2a: Gothitelle|slp
|move|p1a: Necrozma|Morning Sun|p1a: Necrozma
|-fail|p1a: Necrozma|heal
|
|upkeep
|turn|41
|
|t:|1666335912
|cant|p2a: Gothitelle|slp
|move|p1a: Necrozma|Morning Sun|p1a: Necrozma
|-fail|p1a: Necrozma|heal
|
|upkeep
|turn|42
|
|t:|1666335915
|-curestatus|p2a: Gothitelle|slp|[msg]
|move|p2a: Gothitelle|Cosmic Power|p2a: Gothitelle
|-boost|p2a: Gothitelle|def|1
|-boost|p2a: Gothitelle|spd|1
|move|p1a: Necrozma|Morning Sun|p1a: Necrozma
|-fail|p1a: Necrozma|heal
|
|upkeep
|turn|43
|
|t:|1666335918
|switch|p2a: Giratina|Giratina, shiny|15/100
|-damage|p2a: Giratina|3/100|[from] Stealth Rock
|-ability|p2a: Giratina|Pressure
|move|p1a: Necrozma|Morning Sun|p1a: Necrozma
|-fail|p1a: Necrozma|heal
|
|-heal|p2a: Giratina|9/100|[from] item: Leftovers
|upkeep
|turn|44
|
|t:|1666335926
|switch|p1a: Mewtwo|Mewtwo|59/100
|-ability|p1a: Mewtwo|Pressure
|move|p2a: Giratina|Rest|p2a: Giratina
|-status|p2a: Giratina|slp|[from] move: Rest
|-heal|p2a: Giratina|100/100 slp|[silent]
|
|upkeep
|turn|45
|
|t:|1666335951
|switch|p1a: Arceus|Arceus|100/100
|switch|p2a: Yveltal|Yveltal|14/100 tox
|-damage|p2a: Yveltal|0 fnt|[from] Stealth Rock
|faint|p2a: Yveltal
|
|upkeep
|
|t:|1666335956
|switch|p2a: Lugia|Lugia|100/100
|turn|46
|
|t:|1666335959
|switch|p1a: Necrozma|Necrozma-Dusk-Mane|100/100
|move|p2a: Lugia|Thunder Wave|p1a: Necrozma
|-status|p1a: Necrozma|par
|
|upkeep
|turn|47
|
|t:|1666335966
|switch|p2a: Gliscor|Gliscor, F|93/100 tox
|-damage|p2a: Gliscor|80/100 tox|[from] Stealth Rock
|switch|p1a: Rayquaza|Rayquaza-Mega|69/100 brn
|-weather|DeltaStream|[from] ability: Delta Stream|[of] p1a: Rayquaza
|
|-weather|DeltaStream|[upkeep]
|-heal|p2a: Gliscor|93/100 tox|[from] ability: Poison Heal
|-damage|p1a: Rayquaza|63/100 brn|[from] brn
|upkeep
|turn|48
|
|t:|1666335970
|move|p2a: Gliscor|Protect|p2a: Gliscor
|-singleturn|p2a: Gliscor|Protect
|move|p1a: Rayquaza|Draco Meteor|p2a: Gliscor
|-activate|p2a: Gliscor|move: Protect
|
|-weather|DeltaStream|[upkeep]
|-heal|p2a: Gliscor|100/100 tox|[from] ability: Poison Heal
|-damage|p1a: Rayquaza|57/100 brn|[from] brn
|upkeep
|turn|49
|
|t:|1666335974
|move|p1a: Rayquaza|Draco Meteor|p2a: Gliscor
|-damage|p2a: Gliscor|0 fnt
|-unboost|p1a: Rayquaza|spa|2
|faint|p2a: Gliscor
|-damage|p1a: Rayquaza|47/100 brn|[from] item: Life Orb
|
|-weather|DeltaStream|[upkeep]
|-damage|p1a: Rayquaza|41/100 brn|[from] brn
|upkeep
|
|t:|1666335979
|switch|p2a: Gothitelle|Gothitelle, M, shiny|100/100
|-damage|p2a: Gothitelle|88/100|[from] Stealth Rock
|turn|50
|
|t:|1666335983
|move|p1a: Rayquaza|Dragon Ascent|p2a: Gothitelle
|-damage|p2a: Gothitelle|40/100
|-unboost|p1a: Rayquaza|def|1
|-unboost|p1a: Rayquaza|spd|1
|-damage|p1a: Rayquaza|31/100 brn|[from] item: Life Orb
|move|p2a: Gothitelle|Cosmic Power|p2a: Gothitelle
|-boost|p2a: Gothitelle|def|1
|-boost|p2a: Gothitelle|spd|1
|
|-weather|DeltaStream|[upkeep]
|-damage|p1a: Rayquaza|25/100 brn|[from] brn
|upkeep
|turn|51
|
|t:|1666335988
|move|p1a: Rayquaza|Dragon Ascent|p2a: Gothitelle
|-damage|p2a: Gothitelle|8/100
|-unboost|p1a: Rayquaza|def|1
|-unboost|p1a: Rayquaza|spd|1
|-damage|p1a: Rayquaza|15/100 brn|[from] item: Life Orb
|move|p2a: Gothitelle|Rest|p2a: Gothitelle
|-status|p2a: Gothitelle|slp|[from] move: Rest
|-heal|p2a: Gothitelle|100/100 slp|[silent]
|
|-weather|DeltaStream|[upkeep]
|-damage|p1a: Rayquaza|9/100 brn|[from] brn
|upkeep
|turn|52
|j| Its me shanks
|
|t:|1666335999
|switch|p2a: Tyranitar|Tyranitar, M, shiny|100/100
|-damage|p2a: Tyranitar|88/100|[from] Stealth Rock
|-ability|p2a: Tyranitar|Sand Stream|[from] deltastream|[fail]
|move|p1a: Rayquaza|Dragon Ascent|p2a: Tyranitar
|-resisted|p2a: Tyranitar
|-damage|p2a: Tyranitar|70/100
|-unboost|p1a: Rayquaza|def|1
|-unboost|p1a: Rayquaza|spd|1
|-damage|p1a: Rayquaza|0 fnt|[from] item: Life Orb
|faint|p1a: Rayquaza
|-weather|none
|
|upkeep
|
|t:|1666336003
|switch|p1a: Arceus|Arceus|100/100
|turn|53
|l| Its me shanks
|
|t:|1666336005
|switch|p2a: Lugia|Lugia|100/100
|move|p1a: Arceus|Swords Dance|p1a: Arceus
|-boost|p1a: Arceus|atk|2
|
|upkeep
|turn|54
|
|t:|1666336008
|-start|p1a: Arceus|Dynamax|
|-heal|p1a: Arceus|100/100|[silent]
|move|p1a: Arceus|Max Phantasm|p2a: Lugia
|-supereffective|p2a: Lugia
|-damage|p2a: Lugia|58/100
|-unboost|p2a: Lugia|def|1
|move|p2a: Lugia|Thunder Wave|p1a: Arceus
|-status|p1a: Arceus|par
|-enditem|p1a: Arceus|Lum Berry|[eat]
|-curestatus|p1a: Arceus|par|[msg]
|
|upkeep
|turn|55
|
|t:|1666336013
|switch|p2a: Tyranitar|Tyranitar, M, shiny|70/100
|-damage|p2a: Tyranitar|57/100|[from] Stealth Rock
|-weather|Sandstorm|[from] ability: Sand Stream|[of] p2a: Tyranitar
|move|p1a: Arceus|Max Phantasm|p2a: Tyranitar
|-resisted|p2a: Tyranitar
|-damage|p2a: Tyranitar|27/100
|-unboost|p2a: Tyranitar|def|1
|
|-weather|Sandstorm|[upkeep]
|-damage|p1a: Arceus|97/100|[from] Sandstorm
|upkeep
|turn|56
|
|t:|1666336018
|detailschange|p2a: Tyranitar|Tyranitar-Mega, M, shiny
|-mega|p2a: Tyranitar|Tyranitar|Tyranitarite
|move|p1a: Arceus|Max Phantasm|p2a: Tyranitar
|-resisted|p2a: Tyranitar
|-damage|p2a: Tyranitar|0 fnt
|faint|p2a: Tyranitar
|
|-weather|Sandstorm|[upkeep]
|-damage|p1a: Arceus|94/100|[from] Sandstorm
|upkeep
|
|t:|1666336022
|switch|p2a: Lugia|Lugia|58/100
|-end|p1a: Arceus|Dynamax
|-heal|p1a: Arceus|94/100|[silent]
|turn|57
|
|t:|1666336024
|move|p1a: Arceus|Shadow Claw|p2a: Lugia
|-supereffective|p2a: Lugia
|-damage|p2a: Lugia|11/100
|move|p2a: Lugia|Roost|p2a: Lugia
|-heal|p2a: Lugia|61/100
|-singleturn|p2a: Lugia|move: Roost
|
|-weather|Sandstorm|[upkeep]
|-damage|p1a: Arceus|88/100|[from] Sandstorm
|-damage|p2a: Lugia|55/100|[from] Sandstorm
|upkeep
|turn|58
|
|t:|1666336028
|move|p1a: Arceus|Shadow Claw|p2a: Lugia
|-supereffective|p2a: Lugia
|-damage|p2a: Lugia|1/100
|move|p2a: Lugia|Thunder Wave|p1a: Arceus
|-status|p1a: Arceus|par
|
|-weather|Sandstorm|[upkeep]
|-damage|p2a: Lugia|0 fnt|[from] Sandstorm
|-damage|p1a: Arceus|82/100 par|[from] Sandstorm
|faint|p2a: Lugia
|upkeep
|
|t:|1666336033
|switch|p2a: Gothitelle|Gothitelle, M, shiny|100/100 slp
|-damage|p2a: Gothitelle|88/100 slp|[from] Stealth Rock
|turn|59
|
|t:|1666336039
|cant|p2a: Gothitelle|slp
|move|p1a: Arceus|Shadow Claw|p2a: Gothitelle
|-supereffective|p2a: Gothitelle
|-damage|p2a: Gothitelle|1/100 slp
|
|-weather|none
|upkeep
|turn|60
|
|t:|1666336047
|cant|p2a: Gothitelle|slp
|cant|p1a: Arceus|par
|
|upkeep
|turn|61
|
|t:|1666336050
|move|p1a: Arceus|Extreme Speed|p2a: Gothitelle
|-damage|p2a: Gothitelle|0 fnt
|faint|p2a: Gothitelle
|
|upkeep
|-message|seidou45 forfeited.
|
|win|Obito 2001
|raw|Obito 2001's rating: 1763 &rarr; <strong>1789</strong><br />(+26 for winning)
|raw|seidou45's rating: 1865 &rarr; <strong>1839</strong><br />(-26 for losing)
|l|☆seidou45
