|j|☆kasak
|j|☆Defensive0
|t:|1668160835
|gametype|singles
|player|p1|kasak|youngster-gen4dp|1784
|player|p2|Defensive0|riley|1994
|teamsize|p1|6
|teamsize|p2|6
|gen|8
|tier|[Gen 8] National Dex AG
|rated|
|rule|HP Percentage Mod: HP is shown in percentages
|rule|Endless Battle Clause: Forcing endless battles is banned
|clearpoke
|poke|p1|Arceus-*|
|poke|p1|Ditto|
|poke|p1|Chansey, F|
|poke|p1|Lugia|
|poke|p1|Groudon|
|poke|p1|Sableye, M|
|poke|p2|Kyogre|
|poke|p2|Ditto|
|poke|p2|Xerneas-*|
|poke|p2|Arceus-*|
|poke|p2|Arceus-*|
|poke|p2|Necrozma-Dusk-Mane|
|teampreview
|inactive|Battle timer is ON: inactive players will automatically lose when time's up. (requested by Defensive0)
|
|t:|1668160858
|start
|switch|p1a: 깜까미|Sableye, M|100/100
|switch|p2a: Xerneas|Xerneas, shiny|100/100
|-ability|p2a: Xerneas|Fairy Aura
|turn|1
|
|t:|1668160865
|switch|p2a: Necrozma|Necrozma-Dusk-Mane|100/100
|switch|p1a: 럭키|Chansey, F|100/100
|
|upkeep
|turn|2
|
|t:|1668160869
|switch|p1a: 깜까미|Sableye, M|100/100
|move|p2a: Necrozma|Stealth Rock|p1a: 깜까미
|-sidestart|p1: kasak|move: Stealth Rock
|
|upkeep
|turn|3
|j| NATALlE
|
|t:|1668160877
|switch|p2a: Kyogre|Kyogre|100/100
|detailschange|p2a: Kyogre|Kyogre-Primal
|-primal|p2a: Kyogre
|-weather|PrimordialSea|[from] ability: Primordial Sea|[of] p2a: Kyogre
|detailschange|p1a: 깜까미|Sableye-Mega, M
|-mega|p1a: 깜까미|Sableye|Sablenite
|move|p1a: 깜까미|Recover||[still]
|-fail|p1a: 깜까미|heal
|
|-weather|PrimordialSea|[upkeep]
|upkeep
|turn|4
|
|t:|1668160884
|switch|p1a: 그란돈|Groudon|100/100
|-damage|p1a: 그란돈|94/100|[from] Stealth Rock
|detailschange|p1a: 그란돈|Groudon-Primal
|-primal|p1a: 그란돈
|-weather|DesolateLand|[from] ability: Desolate Land|[of] p1a: 그란돈
|move|p2a: Kyogre|Water Spout||[still]
|-fail|p2a: Kyogre|Water Spout|[from] Desolate Land
|
|-weather|DesolateLand|[upkeep]
|upkeep
|turn|5
|
|t:|1668160904
|move|p2a: Kyogre|Ice Beam|p1a: 그란돈
|-damage|p1a: 그란돈|61/100
|move|p1a: 그란돈|Rock Tomb|p2a: Kyogre
|-damage|p2a: Kyogre|67/100
|-unboost|p2a: Kyogre|spe|1
|
|-weather|DesolateLand|[upkeep]
|upkeep
|turn|6
|
|t:|1668160917
|switch|p2a: Necrozma|Necrozma-Dusk-Mane|100/100
|move|p1a: 그란돈|Precipice Blades|p2a: Necrozma
|-supereffective|p2a: Necrozma
|-damage|p2a: Necrozma|35/100
|
|-weather|DesolateLand|[upkeep]
|upkeep
|turn|7
|j| KIRBY OF DA STARS
|j| rahull
|inactive|kasak has 120 seconds left.
|
|t:|1668160963
|move|p1a: 그란돈|Precipice Blades|p2a: Necrozma
|-supereffective|p2a: Necrozma
|-damage|p2a: Necrozma|0 fnt
|faint|p2a: Necrozma
|
|-weather|DesolateLand|[upkeep]
|upkeep
|
|t:|1668160967
|switch|p2a: Kyogre|Kyogre-Primal|67/100
|-weather|PrimordialSea|[from] ability: Primordial Sea|[of] p2a: Kyogre
|turn|8
|inactive|kasak has 90 seconds left.
|
|t:|1668161022
|switch|p1a: 럭키|Chansey, F|100/100
|-damage|p1a: 럭키|88/100|[from] Stealth Rock
|move|p2a: Kyogre|Water Spout|p1a: 럭키
|-damage|p1a: 럭키|59/100
|
|-weather|PrimordialSea|[upkeep]
|upkeep
|turn|9
|
|t:|1668161029
|-weather|none
|switch|p2a: Arceus|Arceus|100/100
|move|p1a: 럭키|Protect||[still]
|-fail|p1a: 럭키
|
|upkeep
|turn|10
|
|t:|1668161036
|move|p2a: Arceus|Swords Dance|p2a: Arceus
|-boost|p2a: Arceus|atk|2
|move|p1a: 럭키|Toxic|p2a: Arceus
|-status|p2a: Arceus|tox
|-enditem|p2a: Arceus|Lum Berry|[eat]
|-curestatus|p2a: Arceus|tox|[msg]
|
|upkeep
|turn|11
|inactive|kasak has 90 seconds left.
|
|t:|1668161043
|switch|p1a: 깜까미|Sableye-Mega, M|100/100
|-damage|p1a: 깜까미|88/100|[from] Stealth Rock
|move|p2a: Arceus|Extreme Speed|p1a: 깜까미
|-immune|p1a: 깜까미
|
|upkeep
|turn|12
|
|t:|1668161048
|switch|p2a: Ditto|Ditto, shiny|100/100
|-transform|p2a: Ditto|p1a: 깜까미|[from] ability: Imposter
|move|p1a: 깜까미|Encore|p2a: Ditto
|move|p2a: Ditto|Encore||[from]ability: Magic Bounce|[still]
|-fail|p2a: Ditto
|
|upkeep
|turn|13
|
|t:|1668161055
|switch|p2a: Xerneas|Xerneas, shiny|100/100
|-ability|p2a: Xerneas|Fairy Aura
|move|p1a: 깜까미|Snarl|p2a: Xerneas
|-resisted|p2a: Xerneas
|-damage|p2a: Xerneas|94/100
|-unboost|p2a: Xerneas|spa|1
|
|upkeep
|turn|14
|
|t:|1668161061
|switch|p2a: Kyogre|Kyogre-Primal|67/100
|-weather|PrimordialSea|[from] ability: Primordial Sea|[of] p2a: Kyogre
|switch|p1a: 럭키|Chansey, F|59/100
|-damage|p1a: 럭키|46/100|[from] Stealth Rock
|
|-weather|PrimordialSea|[upkeep]
|upkeep
|turn|15
|
|t:|1668161075
|-weather|none
|switch|p2a: Arceus|Arceus|100/100
|move|p1a: 럭키|Wish|p1a: 럭키
|
|upkeep
|turn|16
|
|t:|1668161080
|move|p2a: Arceus|Swords Dance|p2a: Arceus
|-boost|p2a: Arceus|atk|2
|move|p1a: 럭키|Toxic|p2a: Arceus
|-status|p2a: Arceus|tox
|
|-heal|p1a: 럭키|96/100|[from] move: Wish|[wisher] 럭키
|-damage|p2a: Arceus|94/100 tox|[from] psn
|upkeep
|turn|17
|
|t:|1668161087
|switch|p1a: 루기아|Lugia|100/100
|-damage|p1a: 루기아|75/100|[from] Stealth Rock
|move|p2a: Arceus|Swords Dance|p2a: Arceus
|-boost|p2a: Arceus|atk|2
|
|-damage|p2a: Arceus|82/100 tox|[from] psn
|upkeep
|turn|18
|
|t:|1668161093
|move|p2a: Arceus|Shadow Claw|p1a: 루기아
|-supereffective|p1a: 루기아
|-crit|p1a: 루기아
|-damage|p1a: 루기아|0 fnt
|-damage|p2a: Arceus|66/100 tox|[from] item: Rocky Helmet|[of] p1a: 루기아
|faint|p1a: 루기아
|
|-damage|p2a: Arceus|47/100 tox|[from] psn
|upkeep
|
|t:|1668161096
|switch|p1a: 메타몽|Ditto|100/100
|-damage|p1a: 메타몽|88/100|[from] Stealth Rock
|-transform|p1a: 메타몽|p2a: Arceus|[from] ability: Imposter
|turn|19
|
|t:|1668161101
|move|p1a: 메타몽|Extreme Speed|p2a: Arceus
|-damage|p2a: Arceus|0 fnt
|faint|p2a: Arceus
|
|upkeep
|
|t:|1668161102
|switch|p2a: Arceus|Arceus-Steel|100/100
|turn|20
|
|t:|1668161113
|-start|p2a: Arceus|Dynamax|
|-heal|p2a: Arceus|100/100|[silent]
|move|p1a: 메타몽|Extreme Speed|p2a: Arceus
|-resisted|p2a: Arceus
|-damage|p2a: Arceus|80/100
|move|p2a: Arceus|Max Steelspike|p1a: 메타몽
|-damage|p1a: 메타몽|23/100
|-boost|p2a: Arceus|def|1
|
|upkeep
|turn|21
|
|t:|1668161118
|switch|p1a: 럭키|Chansey, F|96/100
|-damage|p1a: 럭키|84/100|[from] Stealth Rock
|move|p2a: Arceus|Max Steelspike|p1a: 럭키
|-damage|p1a: 럭키|65/100
|-boost|p2a: Arceus|def|1
|
|upkeep
|turn|22
|
|t:|1668161122
|move|p2a: Arceus|Max Steelspike|p1a: 럭키
|-damage|p1a: 럭키|46/100
|-boost|p2a: Arceus|def|1
|move|p1a: 럭키|Wish|p1a: 럭키
|
|upkeep
|-end|p2a: Arceus|Dynamax
|-heal|p2a: Arceus|80/100|[silent]
|turn|23
|
|t:|1668161128
|move|p2a: Arceus|Calm Mind|p2a: Arceus
|-boost|p2a: Arceus|spa|1
|-boost|p2a: Arceus|spd|1
|move|p1a: 럭키|Seismic Toss|p2a: Arceus
|-damage|p2a: Arceus|58/100
|
|-heal|p1a: 럭키|96/100|[from] move: Wish|[wisher] 럭키
|upkeep
|turn|24
|
|t:|1668161132
|switch|p1a: 깜까미|Sableye-Mega, M|88/100
|-damage|p1a: 깜까미|75/100|[from] Stealth Rock
|move|p2a: Arceus|Calm Mind|p2a: Arceus
|-boost|p2a: Arceus|spa|1
|-boost|p2a: Arceus|spd|1
|
|upkeep
|turn|25
|
|t:|1668161134
|move|p2a: Arceus|Judgment|p1a: 깜까미
|-damage|p1a: 깜까미|0 fnt
|faint|p1a: 깜까미
|
|upkeep
|
|t:|1668161147
|switch|p1a: 그란돈|Groudon-Primal|61/100
|-damage|p1a: 그란돈|48/100|[from] Stealth Rock
|-weather|DesolateLand|[from] ability: Desolate Land|[of] p1a: 그란돈
|turn|26
|
|t:|1668161150
|move|p2a: Arceus|Judgment|p1a: 그란돈
|-resisted|p1a: 그란돈
|-damage|p1a: 그란돈|1/100
|move|p1a: 그란돈|Precipice Blades|p2a: Arceus
|-supereffective|p2a: Arceus
|-damage|p2a: Arceus|8/100
|
|-weather|DesolateLand|[upkeep]
|upkeep
|turn|27
|
|t:|1668161157
|move|p2a: Arceus|Recover|p2a: Arceus
|-heal|p2a: Arceus|58/100
|move|p1a: 그란돈|Precipice Blades|p2a: Arceus
|-supereffective|p2a: Arceus
|-damage|p2a: Arceus|14/100
|
|-weather|DesolateLand|[upkeep]
|upkeep
|turn|28
|
|t:|1668161161
|move|p2a: Arceus|Recover|p2a: Arceus
|-heal|p2a: Arceus|64/100
|move|p1a: 그란돈|Precipice Blades|p2a: Arceus
|-supereffective|p2a: Arceus
|-damage|p2a: Arceus|15/100
|
|-weather|DesolateLand|[upkeep]
|upkeep
|turn|29
|
|t:|1668161169
|move|p2a: Arceus|Recover|p2a: Arceus
|-heal|p2a: Arceus|65/100
|move|p1a: 그란돈|Fire Punch|p2a: Arceus
|-supereffective|p2a: Arceus
|-damage|p2a: Arceus|17/100
|
|-weather|DesolateLand|[upkeep]
|upkeep
|turn|30
|
|t:|1668161172
|move|p2a: Arceus|Recover|p2a: Arceus
|-heal|p2a: Arceus|67/100
|move|p1a: 그란돈|Fire Punch|p2a: Arceus
|-supereffective|p2a: Arceus
|-damage|p2a: Arceus|26/100
|
|-weather|DesolateLand|[upkeep]
|upkeep
|turn|31
|
|t:|1668161175
|move|p2a: Arceus|Recover|p2a: Arceus
|-heal|p2a: Arceus|76/100
|move|p1a: 그란돈|Precipice Blades|p2a: Arceus
|-supereffective|p2a: Arceus
|-damage|p2a: Arceus|32/100
|
|-weather|DesolateLand|[upkeep]
|upkeep
|turn|32
|
|t:|1668161182
|move|p2a: Arceus|Judgment|p1a: 그란돈
|-resisted|p1a: 그란돈
|-damage|p1a: 그란돈|0 fnt
|faint|p1a: 그란돈
|-weather|none
|
|upkeep
|
|t:|1668161197
|switch|p1a: 메타몽|Ditto|23/100
|-damage|p1a: 메타몽|10/100|[from] Stealth Rock
|-transform|p1a: 메타몽|p2a: Arceus|[from] ability: Imposter
|turn|33
|
|t:|1668161204
|move|p1a: 메타몽|Surf|p2a: Arceus
|-damage|p2a: Arceus|16/100
|move|p2a: Arceus|Recover|p2a: Arceus
|-heal|p2a: Arceus|66/100
|
|upkeep
|turn|34
|-message|kasak forfeited.
|
|win|Defensive0
|raw|kasak's rating: 1774 &rarr; <strong>1765</strong><br />(-9 for losing)
|raw|Defensive0's rating: 1994 &rarr; <strong>2003</strong><br />(+9 for winning)
|l| rahull
