|j|☆doot_underscore
|j|‽Tahz
|t:|1664844598
|gametype|singles
|player|p1|doot_underscore|brock|1640
|player|p2|Tahz|veteran|1641
|teamsize|p1|6
|teamsize|p2|6
|gen|8
|tier|[Gen 8] National Dex AG
|rated|
|rule|HP Percentage Mod: HP is shown in percentages
|rule|Endless Battle Clause: Forcing endless battles is banned
|clearpoke
|poke|p1|Landorus-Therian, M|
|poke|p1|Marshadow|
|poke|p1|Kyogre|
|poke|p1|Deoxys-Speed|
|poke|p1|Zacian-*|
|poke|p1|Liepard, F|
|poke|p2|Marshadow|
|poke|p2|Necrozma-Dusk-Mane|
|poke|p2|Arceus-*|
|poke|p2|Ditto|
|poke|p2|Yveltal|
|poke|p2|Zacian-*|
|teampreview
|inactive|Battle timer is ON: inactive players will automatically lose when time's up. (requested by Tahz)
|
|t:|1664844611
|start
|switch|p1a: average lead|Deoxys-Speed|100/100
|switch|p2a: Arceus|Arceus-Ground|100/100
|-ability|p1a: average lead|Pressure
|turn|1
|
|t:|1664844617
|move|p2a: Arceus|Magic Coat|p2a: Arceus
|-singleturn|p2a: Arceus|move: Magic Coat
|move|p1a: average lead|Taunt|p2a: Arceus
|move|p2a: Arceus|Taunt|p1a: average lead|[from]Magic Coat
|-start|p1a: average lead|move: Taunt
|
|upkeep
|turn|2
|
|t:|1664844628
|switch|p1a: ocean man|Kyogre|100/100
|-weather|RainDance|[from] ability: Drizzle|[of] p1a: ocean man
|move|p2a: Arceus|Stealth Rock|p1a: ocean man
|-sidestart|p1: doot_underscore|move: Stealth Rock
|
|-weather|RainDance|[upkeep]
|upkeep
|turn|3
|
|t:|1664844633
|move|p1a: ocean man|Water Spout|p2a: Arceus
|-supereffective|p2a: Arceus
|-damage|p2a: Arceus|0 fnt
|faint|p2a: Arceus
|
|-weather|RainDance|[upkeep]
|upkeep
|
|t:|1664844641
|switch|p2a: Necrozma|Necrozma-Dusk-Mane|100/100
|turn|4
|
|t:|1664844648
|detailschange|p2a: Necrozma|Necrozma-Ultra
|-burst|p2a: Necrozma|Necrozma|Ultranecrozium Z
|move|p1a: ocean man|Water Spout|p2a: Necrozma
|-resisted|p2a: Necrozma
|-damage|p2a: Necrozma|20/100
|move|p2a: Necrozma|Dragon Dance|p2a: Necrozma
|-boost|p2a: Necrozma|atk|1
|-boost|p2a: Necrozma|spe|1
|
|-weather|RainDance|[upkeep]
|upkeep
|turn|5
|
|t:|1664844654
|switch|p1a: average lead|Deoxys-Speed|100/100
|-damage|p1a: average lead|88/100|[from] Stealth Rock
|-ability|p1a: average lead|Pressure
|move|p2a: Necrozma|Photon Geyser|p1a: average lead
|-resisted|p1a: average lead
|-damage|p1a: average lead|30/100
|
|-weather|RainDance|[upkeep]
|upkeep
|turn|6
|
|t:|1664844662
|move|p2a: Necrozma|Earthquake|p1a: average lead
|-crit|p1a: average lead
|-damage|p1a: average lead|0 fnt
|faint|p1a: average lead
|
|-weather|none
|upkeep
|
|t:|1664844665
|switch|p1a: mellow|Marshadow|100/100
|-damage|p1a: mellow|94/100|[from] Stealth Rock
|turn|7
|
|t:|1664844676
|move|p1a: mellow|Shadow Sneak|p2a: Necrozma
|-supereffective|p2a: Necrozma
|-damage|p2a: Necrozma|0 fnt
|faint|p2a: Necrozma
|-damage|p1a: mellow|84/100|[from] item: Life Orb
|
|upkeep
|
|t:|1664844683
|switch|p2a: Ditto|Ditto|100/100
|-transform|p2a: Ditto|p1a: mellow|[from] ability: Imposter
|turn|8
|
|t:|1664844691
|switch|p2a: Zacian|Zacian-Crowned|100/100
|-ability|p2a: Zacian|Intrepid Sword|boost
|-boost|p2a: Zacian|atk|1
|move|p1a: mellow|Shadow Sneak|p2a: Zacian
|-damage|p2a: Zacian|67/100
|-damage|p1a: mellow|74/100|[from] item: Life Orb
|
|upkeep
|turn|9
|
|t:|1664844698
|move|p1a: mellow|Shadow Sneak|p2a: Zacian
|-damage|p2a: Zacian|32/100
|-damage|p1a: mellow|64/100|[from] item: Life Orb
|move|p2a: Zacian|Behemoth Blade|p1a: mellow
|-damage|p1a: mellow|0 fnt
|faint|p1a: mellow
|
|upkeep
|
|t:|1664844724
|switch|p1a: ocean man|Kyogre|100/100
|-damage|p1a: ocean man|88/100|[from] Stealth Rock
|-weather|RainDance|[from] ability: Drizzle|[of] p1a: ocean man
|turn|10
|
|t:|1664844730
|move|p1a: ocean man|Water Spout|p2a: Zacian
|-damage|p2a: Zacian|0 fnt
|faint|p2a: Zacian
|
|-weather|RainDance|[upkeep]
|upkeep
|
|t:|1664844736
|switch|p2a: Marshadow|Marshadow|100/100
|turn|11
|
|t:|1664844756
|move|p2a: Marshadow|Shadow Sneak|p1a: ocean man
|-damage|p1a: ocean man|47/100
|-damage|p2a: Marshadow|91/100|[from] item: Life Orb
|move|p1a: ocean man|Water Spout|p2a: Marshadow
|-damage|p2a: Marshadow|24/100
|
|-weather|RainDance|[upkeep]
|upkeep
|turn|12
|
|t:|1664844762
|switch|p1a: just a prank bro|Liepard, F|100/100
|-damage|p1a: just a prank bro|88/100|[from] Stealth Rock
|move|p2a: Marshadow|Shadow Sneak|p1a: just a prank bro
|-resisted|p1a: just a prank bro
|-damage|p1a: just a prank bro|56/100
|-damage|p2a: Marshadow|14/100|[from] item: Life Orb
|
|-weather|RainDance|[upkeep]
|upkeep
|turn|13
|
|t:|1664844781
|move|p1a: just a prank bro|Encore|p2a: Marshadow
|-start|p2a: Marshadow|Encore
|move|p2a: Marshadow|Shadow Sneak|p1a: just a prank bro
|-resisted|p1a: just a prank bro
|-damage|p1a: just a prank bro|22/100
|-damage|p2a: Marshadow|4/100|[from] item: Life Orb
|
|-weather|RainDance|[upkeep]
|upkeep
|turn|14
|
|t:|1664844786
|move|p1a: just a prank bro|Protect|p1a: just a prank bro
|-singleturn|p1a: just a prank bro|Protect
|move|p2a: Marshadow|Shadow Sneak|p1a: just a prank bro
|-activate|p1a: just a prank bro|move: Protect
|
|-weather|none
|upkeep
|turn|15
|
|t:|1664844793
|move|p2a: Marshadow|Shadow Sneak|p1a: just a prank bro
|-resisted|p1a: just a prank bro
|-damage|p1a: just a prank bro|0 fnt
|faint|p1a: just a prank bro
|-damage|p2a: Marshadow|0 fnt|[from] item: Life Orb
|faint|p2a: Marshadow
|
|upkeep
|
|t:|1664844801
|switch|p2a: Yveltal|Yveltal|100/100
|switch|p1a: ocean man|Kyogre|47/100
|-damage|p1a: ocean man|35/100|[from] Stealth Rock
|-weather|RainDance|[from] ability: Drizzle|[of] p1a: ocean man
|-ability|p2a: Yveltal|Dark Aura
|turn|16
|
|t:|1664844805
|-start|p2a: Yveltal|Dynamax|
|-heal|p2a: Yveltal|100/100|[silent]
|move|p1a: ocean man|Thunder|p2a: Yveltal
|-supereffective|p2a: Yveltal
|-damage|p2a: Yveltal|59/100
|move|p2a: Yveltal|Max Airstream|p1a: ocean man
|-damage|p1a: ocean man|0 fnt
|-boost|p2a: Yveltal|spe|1
|faint|p1a: ocean man
|-damage|p2a: Yveltal|54/100|[from] item: Life Orb
|
|-weather|RainDance|[upkeep]
|upkeep
|
|t:|1664844818
|switch|p1a: wait this isnt ou|Landorus-Therian, M|100/100
|-damage|p1a: wait this isnt ou|88/100|[from] Stealth Rock
|-ability|p1a: wait this isnt ou|Intimidate|boost
|-unboost|p2a: Yveltal|atk|1
|turn|17
|
|t:|1664844826
|-start|p1a: wait this isnt ou|Dynamax|
|-heal|p1a: wait this isnt ou|88/100|[silent]
|move|p2a: Yveltal|Max Darkness|p1a: wait this isnt ou
|-damage|p1a: wait this isnt ou|8/100
|-unboost|p1a: wait this isnt ou|spd|1
|-damage|p2a: Yveltal|49/100|[from] item: Life Orb
|move|p1a: wait this isnt ou|Max Airstream|p2a: Yveltal
|-damage|p2a: Yveltal|3/100
|-boost|p1a: wait this isnt ou|spe|1
|-damage|p1a: wait this isnt ou|3/100|[from] item: Life Orb
|
|-weather|RainDance|[upkeep]
|upkeep
|turn|18
|
|t:|1664844850
|move|p1a: wait this isnt ou|Max Airstream|p2a: Yveltal
|-damage|p2a: Yveltal|0 fnt
|-boost|p1a: wait this isnt ou|spe|1
|faint|p2a: Yveltal
|-damage|p1a: wait this isnt ou|0 fnt|[from] item: Life Orb
|faint|p1a: wait this isnt ou
|
|-weather|RainDance|[upkeep]
|upkeep
|c|☆doot_underscore|gg
|
|t:|1664844858
|switch|p1a: uu staple|Zacian-Crowned|100/100
|switch|p2a: Ditto|Ditto|100/100
|-damage|p1a: uu staple|94/100|[from] Stealth Rock
|-ability|p1a: uu staple|Intrepid Sword|boost
|-boost|p1a: uu staple|atk|1
|-transform|p2a: Ditto|p1a: uu staple|[from] ability: Imposter
|-ability|p2a: Ditto|Intrepid Sword|boost
|-boost|p2a: Ditto|atk|1
|turn|19
|inactive|Tahz has 120 seconds left.
|inactive|Tahz has 90 seconds left.
|
|t:|1664844946
|move|p2a: Ditto|Behemoth Blade|p1a: uu staple
|-damage|p1a: uu staple|0 fnt
|faint|p1a: uu staple
|
|win|Tahz
|raw|doot_underscore's rating: 1640 &rarr; <strong>1620</strong><br />(-20 for losing)
|raw|Tahz's rating: 1641 &rarr; <strong>1661</strong><br />(+20 for winning)
|l|☆doot_underscore
||Ladder isn't responding, score probably updated but might not have (Request timeout).
