|j|☆Jamira!?
|j|☆NoorR
|t:|1596644647
|player|p1|Jamira!?|266|1195
|player|p2|NoorR|266|1136
|teamsize|p1|6
|teamsize|p2|6
|gametype|singles
|gen|8
|tier|[Gen 8] National Dex AG
|rated|
|clearpoke
|poke|p1|Naganadel|
|poke|p1|Zamazenta|
|poke|p1|Ho-Oh|
|poke|p1|Arceus-*|
|poke|p1|Kyurem-White|
|poke|p1|Salamence, F|
|poke|p2|Dialga|
|poke|p2|Tapu Koko|
|poke|p2|Snorlax, M|
|poke|p2|Houndoom, F|
|poke|p2|Ferrothorn, F|
|poke|p2|Masquerain, F|
|rule|HP Percentage Mod: HP is shown in percentages
|rule|Endless Battle Clause: Forcing endless battles is banned
|teampreview
|c|☆NoorR|We have ben
|
|t:|1596644665
|start
|switch|p1a: Ho-Oh|Ho-Oh|100/100
|switch|p2a: Ben 6|Masquerain, F|100/100
|-ability|p1a: Ho-Oh|Pressure
|-ability|p2a: Ben 6|Intimidate|boost
|-unboost|p1a: Ho-Oh|atk|1
|turn|1
|c|☆NoorR|And ben
|
|t:|1596644673
|move|p1a: Ho-Oh|Sacred Fire|p2a: Ben 6
|-supereffective|p2a: Ben 6
|-enditem|p2a: Ben 6|Focus Sash
|-damage|p2a: Ben 6|1/100
|-status|p2a: Ben 6|brn
|move|p2a: Ben 6|Sticky Web|p1a: Ho-Oh
|-sidestart|p1: Jamira!?|move: Sticky Web
|
|-damage|p2a: Ben 6|0 fnt|[from] brn
|faint|p2a: Ben 6
|upkeep
|
|t:|1596644685
|switch|p2a: Ben 3|Snorlax, M|100/100
|turn|2
|
|t:|1596644692
|switch|p1a: Arceus|Arceus-Water|100/100
|-activate|p1a: Arceus|move: Sticky Web
|-unboost|p1a: Arceus|spe|1
|-zpower|p2a: Ben 3
|move|p2a: Ben 3|Pulverizing Pancake|p1a: Arceus|[zeffect]
|-damage|p1a: Arceus|51/100
|
|upkeep
|turn|3
|
|t:|1596644706
|move|p1a: Arceus|Will-O-Wisp|p2a: Ben 3
|-status|p2a: Ben 3|brn
|move|p2a: Ben 3|Giga Impact|p1a: Arceus
|-damage|p1a: Arceus|32/100
|-mustrecharge|p2a: Ben 3
|
|-damage|p2a: Ben 3|94/100 brn|[from] brn
|upkeep
|turn|4
|
|t:|1596644715
|move|p1a: Arceus|Recover|p1a: Arceus
|-heal|p1a: Arceus|82/100
|cant|p2a: Ben 3|recharge
|
|-damage|p2a: Ben 3|88/100 brn|[from] brn
|upkeep
|turn|5
|
|t:|1596644724
|move|p1a: Arceus|Defog|p2a: Ben 3
|-unboost|p2a: Ben 3|evasion|1
|-sideend|p1: Jamira!?|Sticky Web|[from] move: Defog|[of] p1a: Arceus
|move|p2a: Ben 3|Hammer Arm|p1a: Arceus
|-damage|p1a: Arceus|74/100
|-unboost|p2a: Ben 3|spe|1
|
|-damage|p2a: Ben 3|82/100 brn|[from] brn
|upkeep
|turn|6
|
|t:|1596644736
|switch|p1a: Zamazenta|Zamazenta|100/100
|-ability|p1a: Zamazenta|Dauntless Shield|boost
|-boost|p1a: Zamazenta|def|1
|move|p2a: Ben 3|Giga Impact|p1a: Zamazenta
|-damage|p1a: Zamazenta|77/100
|-mustrecharge|p2a: Ben 3
|
|-damage|p2a: Ben 3|76/100 brn|[from] brn
|upkeep
|turn|7
|
|t:|1596644746
|move|p1a: Zamazenta|Close Combat|p2a: Ben 3
|-supereffective|p2a: Ben 3
|-damage|p2a: Ben 3|0 fnt
|-unboost|p1a: Zamazenta|def|1
|-unboost|p1a: Zamazenta|spd|1
|faint|p2a: Ben 3
|
|upkeep
|inactive|Battle timer is ON: inactive players will automatically lose when time's up. (requested by Jamira!?)
|
|t:|1596644751
|switch|p2a: Ben 2|Tapu Koko|100/100
|-fieldstart|move: Electric Terrain|[from] ability: Electric Surge|[of] p2a: Ben 2
|turn|8
|
|t:|1596644763
|switch|p1a: Naganadel|Naganadel|100/100
|move|p2a: Ben 2|Dazzling Gleam|p1a: Naganadel
|-damage|p1a: Naganadel|46/100
|
|upkeep
|turn|9
|
|t:|1596644773
|-start|p2a: Ben 2|Dynamax
|-heal|p2a: Ben 2|100/100|[silent]
|-start|p1a: Naganadel|Dynamax
|-heal|p1a: Naganadel|46/100|[silent]
|move|p2a: Ben 2|Max Starfall|p1a: Naganadel
|-crit|p1a: Naganadel
|-damage|p1a: Naganadel|0 fnt
|-fieldstart|move: Misty Terrain
|faint|p1a: Naganadel
|
|upkeep
|
|t:|1596644787
|switch|p1a: Kyurem|Kyurem-White|100/100
|-ability|p1a: Kyurem|Turboblaze
|turn|10
|
|t:|1596644792
|move|p2a: Ben 2|Max Starfall|p1a: Kyurem
|-supereffective|p1a: Kyurem
|-damage|p1a: Kyurem|5/100
|move|p1a: Kyurem|Ice Beam|p2a: Ben 2
|-damage|p2a: Ben 2|59/100
|
|-heal|p2a: Ben 2|62/100|[from] item: Leftovers
|upkeep
|turn|11
|
|t:|1596644801
|move|p2a: Ben 2|Max Lightning|p1a: Kyurem
|-resisted|p1a: Kyurem
|-damage|p1a: Kyurem|0 fnt
|-fieldstart|move: Electric Terrain
|faint|p1a: Kyurem
|
|-heal|p2a: Ben 2|65/100|[from] item: Leftovers
|-end|p2a: Ben 2|Dynamax
|-heal|p2a: Ben 2|65/100|[silent]
|upkeep
|
|t:|1596644810
|switch|p1a: Zamazenta|Zamazenta|77/100
|-ability|p1a: Zamazenta|Dauntless Shield|boost
|-boost|p1a: Zamazenta|def|1
|turn|12
|
|t:|1596644815
|move|p1a: Zamazenta|Close Combat|p2a: Ben 2
|-resisted|p2a: Ben 2
|-damage|p2a: Ben 2|4/100
|-unboost|p1a: Zamazenta|def|1
|-unboost|p1a: Zamazenta|spd|1
|move|p2a: Ben 2|Dazzling Gleam|p1a: Zamazenta
|-supereffective|p1a: Zamazenta
|-damage|p1a: Zamazenta|0 fnt
|faint|p1a: Zamazenta
|
|-heal|p2a: Ben 2|10/100|[from] item: Leftovers
|upkeep
|
|t:|1596644827
|switch|p1a: Salamence|Salamence, F|100/100
|-ability|p1a: Salamence|Intimidate|boost
|-unboost|p2a: Ben 2|atk|1
|turn|13
|
|t:|1596644833
|switch|p2a: Ben 5|Ferrothorn, F|100/100
|detailschange|p1a: Salamence|Salamence-Mega, F
|-mega|p1a: Salamence|Salamence|Salamencite
|move|p1a: Salamence|Dragon Dance|p1a: Salamence
|-boost|p1a: Salamence|atk|1
|-boost|p1a: Salamence|spe|1
|
|upkeep
|turn|14
|
|t:|1596644842
|move|p1a: Salamence|Dragon Dance|p1a: Salamence
|-boost|p1a: Salamence|atk|1
|-boost|p1a: Salamence|spe|1
|move|p2a: Ben 5|Gyro Ball|p1a: Salamence
|-damage|p1a: Salamence|46/100
|
|upkeep
|turn|15
|
|t:|1596644848
|move|p1a: Salamence|Facade|p2a: Ben 5
|-damage|p2a: Ben 5|15/100
|-damage|p1a: Salamence|33/100|[from] ability: Iron Barbs|[of] p2a: Ben 5
|move|p2a: Ben 5|Gyro Ball|p1a: Salamence
|-crit|p1a: Salamence
|-damage|p1a: Salamence|0 fnt
|faint|p1a: Salamence
|
|-fieldend|move: Electric Terrain
|upkeep
|-message|Jamira!? forfeited.
|
|win|NoorR
|l|☆Jamira!?
|raw|Jamira!?'s rating: 1196 &rarr; <strong>1169</strong><br />(-27 for losing)
|raw|NoorR's rating: 1168 &rarr; <strong>1195</strong><br />(+27 for winning)
