|j|☆theChikunEater
|j|☆Amis23
|t:|1668239186
|gametype|singles
|player|p1|theChikunEater|guitarist|1358
|player|p2|Amis23|169|1312
|teamsize|p1|6
|teamsize|p2|6
|gen|8
|tier|[Gen 8] National Dex AG
|rated|
|rule|HP Percentage Mod: HP is shown in percentages
|rule|Endless Battle Clause: Forcing endless battles is banned
|clearpoke
|poke|p1|Floatzel, F|
|poke|p1|Pikachu, F|
|poke|p1|Galvantula, F|
|poke|p1|Pincurchin, F|
|poke|p1|Mew|
|poke|p1|Zoroark, F|
|poke|p2|Machamp, F|
|poke|p2|Marshadow|
|poke|p2|Type: Null|
|poke|p2|Serperior, M|
|poke|p2|Cinderace, F|
|poke|p2|Beedrill, F|
|teampreview
|inactive|Battle timer is ON: inactive players will automatically lose when time's up. (requested by theChikunEater)
|c|☆theChikunEater|glhf
|
|t:|1668239194
|start
|switch|p1a: Galvantula|Galvantula, F|100/100
|switch|p2a: Ronaldo|Cinderace, F|100/100
|turn|1
|c|☆Amis23|glhf
|
|t:|1668239201
|move|p2a: Ronaldo|Pyro Ball|p1a: Galvantula
|-supereffective|p1a: Galvantula
|-enditem|p1a: Galvantula|Focus Sash
|-damage|p1a: Galvantula|1/100
|move|p1a: Galvantula|Thunder Wave|p2a: Ronaldo
|-status|p2a: Ronaldo|par
|
|upkeep
|turn|2
|
|t:|1668239206
|move|p1a: Galvantula|Sticky Web|p2a: Ronaldo
|-sidestart|p2: Amis23|move: Sticky Web
|cant|p2a: Ronaldo|par
|
|upkeep
|turn|3
|
|t:|1668239210
|move|p1a: Galvantula|Thunder|p2a: Ronaldo
|-damage|p2a: Ronaldo|34/100 par
|cant|p2a: Ronaldo|par
|
|upkeep
|turn|4
|
|t:|1668239216
|switch|p2a: Snek|Serperior, M|100/100
|-activate|p2a: Snek|move: Sticky Web
|-boost|p2a: Snek|spe|1
|move|p1a: Galvantula|Thunder|p2a: Snek
|-resisted|p2a: Snek
|-damage|p2a: Snek|74/100
|
|upkeep
|turn|5
|
|t:|1668239222
|move|p2a: Snek|Leaf Storm|p1a: Galvantula
|-resisted|p1a: Galvantula
|-damage|p1a: Galvantula|0 fnt
|-boost|p2a: Snek|spa|2
|faint|p1a: Galvantula
|
|upkeep
|
|t:|1668239227
|switch|p1a: Pincurchin|Pincurchin, F|100/100
|-fieldstart|move: Electric Terrain|[from] ability: Electric Surge|[of] p1a: Pincurchin
|turn|6
|
|t:|1668239232
|move|p2a: Snek|Aromatherapy|p2a: Snek
|-activate|p2a: Snek|move: Aromatherapy
|-curestatus|p2: Ronaldo|par|[msg]
|move|p1a: Pincurchin|Thunder Wave|p2a: Snek
|-status|p2a: Snek|par
|
|upkeep
|turn|7
|
|t:|1668239240
|switch|p1a: Floatzel|Floatzel, F|100/100
|move|p2a: Snek|Aromatherapy|p2a: Snek
|-activate|p2a: Snek|move: Aromatherapy
|-curestatus|p2a: Snek|par|[msg]
|
|upkeep
|turn|8
|
|t:|1668239245
|move|p2a: Snek|Leaf Storm|p1a: Floatzel
|-supereffective|p1a: Floatzel
|-enditem|p1a: Floatzel|Focus Sash
|-damage|p1a: Floatzel|1/100
|-boost|p2a: Snek|spa|2
|move|p1a: Floatzel|Ice Fang|p2a: Snek
|-supereffective|p2a: Snek
|-damage|p2a: Snek|19/100
|-status|p2a: Snek|frz
|
|upkeep
|turn|9
|
|t:|1668239249
|cant|p2a: Snek|frz
|move|p1a: Floatzel|Ice Fang|p2a: Snek
|-supereffective|p2a: Snek
|-damage|p2a: Snek|0 fnt
|faint|p2a: Snek
|
|upkeep
|
|t:|1668239264
|switch|p2a: Ronaldo|Cinderace, F|34/100
|turn|10
|
|t:|1668239268
|move|p2a: Ronaldo|Court Change|p2a: Ronaldo
|-start|p2a: Ronaldo|typechange|Normal|[from] ability: Libero
|-swapsideconditions
|-activate|p2a: Ronaldo|move: Court Change
|move|p1a: Floatzel|Liquidation|p2a: Ronaldo
|-damage|p2a: Ronaldo|0 fnt
|faint|p2a: Ronaldo
|
|-fieldend|move: Electric Terrain
|upkeep
|
|t:|1668239275
|switch|p2a: Grim Reaper|Beedrill, F|100/100
|turn|11
|
|t:|1668239279
|detailschange|p2a: Grim Reaper|Beedrill-Mega, F
|-mega|p2a: Grim Reaper|Beedrill|Beedrillite
|move|p2a: Grim Reaper|Fell Stinger|p1a: Floatzel
|-damage|p1a: Floatzel|0 fnt
|faint|p1a: Floatzel
|-boost|p2a: Grim Reaper|atk|3
|
|upkeep
|
|t:|1668239282
|switch|p1a: Pincurchin|Pincurchin, F|100/100
|-activate|p1a: Pincurchin|move: Sticky Web
|-unboost|p1a: Pincurchin|spe|1
|-fieldstart|move: Electric Terrain|[from] ability: Electric Surge|[of] p1a: Pincurchin
|turn|12
|
|t:|1668239292
|move|p2a: Grim Reaper|Poison Jab|p1a: Pincurchin
|-enditem|p1a: Pincurchin|Focus Sash
|-damage|p1a: Pincurchin|1/100
|move|p1a: Pincurchin|Thunder Wave|p2a: Grim Reaper
|-status|p2a: Grim Reaper|par
|
|upkeep
|turn|13
|
|t:|1668239300
|cant|p2a: Grim Reaper|par
|move|p1a: Pincurchin|Rising Voltage|p2a: Grim Reaper
|-hint|Rising Voltage's BP doubled on grounded target.
|-damage|p2a: Grim Reaper|0 fnt
|faint|p2a: Grim Reaper
|
|upkeep
|
|t:|1668239305
|switch|p2a: LegendOLitwick|Marshadow|100/100
|turn|14
|
|t:|1668239307
|move|p2a: LegendOLitwick|Shadow Sneak|p1a: Pincurchin
|-crit|p1a: Pincurchin
|-damage|p1a: Pincurchin|0 fnt
|faint|p1a: Pincurchin
|
|upkeep
|
|t:|1668239316
|switch|p1a: Mew|Mew|100/100
|-activate|p1a: Mew|move: Sticky Web
|-unboost|p1a: Mew|spe|1
|turn|15
|
|t:|1668239324
|move|p2a: LegendOLitwick|Drain Punch|p1a: Mew
|-supereffective|p1a: Mew
|-enditem|p1a: Mew|Focus Sash
|-damage|p1a: Mew|1/100
|replace|p1a: Zoroark|Zoroark, F
|-end|p1a: Zoroark|Illusion
|move|p1a: Zoroark|Foul Play|p2a: LegendOLitwick
|-damage|p2a: LegendOLitwick|42/100
|
|upkeep
|turn|16
|
|t:|1668239330
|move|p2a: LegendOLitwick|Shadow Sneak|p1a: Zoroark
|-resisted|p1a: Zoroark
|-damage|p1a: Zoroark|0 fnt
|faint|p1a: Zoroark
|
|-fieldend|move: Electric Terrain
|upkeep
|
|t:|1668239333
|switch|p1a: Mew|Mew|100/100
|-activate|p1a: Mew|move: Sticky Web
|-unboost|p1a: Mew|spe|1
|turn|17
|
|t:|1668239338
|-start|p1a: Mew|Dynamax|
|-heal|p1a: Mew|100/100|[silent]
|move|p2a: LegendOLitwick|Spectral Thief|p1a: Mew
|-supereffective|p1a: Mew
|-damage|p1a: Mew|57/100
|move|p1a: Mew|Max Airstream|p2a: LegendOLitwick
|-supereffective|p2a: LegendOLitwick
|-damage|p2a: LegendOLitwick|0 fnt
|-boost|p1a: Mew|spe|1
|faint|p2a: LegendOLitwick
|
|upkeep
|
|t:|1668239345
|switch|p2a: Invincible|Type: Null|100/100
|turn|18
|
|t:|1668239352
|-start|p2a: Invincible|Dynamax|
|-heal|p2a: Invincible|100/100|[silent]
|move|p1a: Mew|Max Knuckle|p2a: Invincible
|-supereffective|p2a: Invincible
|-damage|p2a: Invincible|88/100
|-boost|p1a: Mew|atk|1
|move|p2a: Invincible|Max Strike|p1a: Mew
|-damage|p1a: Mew|28/100
|-unboost|p1a: Mew|spe|1
|
|upkeep
|turn|19
|
|t:|1668239362
|move|p1a: Mew|Max Lightning|p2a: Invincible
|-damage|p2a: Invincible|76/100
|-fieldstart|move: Electric Terrain
|move|p2a: Invincible|Max Strike|p1a: Mew
|-damage|p1a: Mew|0 fnt
|faint|p1a: Mew
|
|upkeep
|
|t:|1668239364
|switch|p1a: Pikachu|Pikachu, F|100/100
|-activate|p1a: Pikachu|move: Sticky Web
|-unboost|p1a: Pikachu|spe|1
|turn|20
|
|t:|1668239368
|move|p1a: Pikachu|Brick Break|p2a: Invincible
|-supereffective|p2a: Invincible
|-damage|p2a: Invincible|58/100
|move|p2a: Invincible|Max Strike|p1a: Pikachu
|-damage|p1a: Pikachu|0 fnt
|faint|p1a: Pikachu
|
|win|Amis23
|raw|theChikunEater's rating: 1358 &rarr; <strong>1335</strong><br />(-23 for losing)
|raw|Amis23's rating: 1312 &rarr; <strong>1335</strong><br />(+23 for winning)
|c|☆theChikunEater|gg
|l|☆theChikunEater
|c|☆Amis23|gg
