|j|☆alwaysrinse
|j|‽PokemhIsntAFurry
|t:|1621379758
|gametype|singles
|player|p1|alwaysrinse|1|1868
|player|p2|PokemhIsntAFurry|whitney|1783
|teamsize|p1|6
|teamsize|p2|6
|gen|8
|tier|[Gen 8] National Dex AG
|rated|
|rule|HP Percentage Mod: HP is shown in percentages
|rule|Endless Battle Clause: Forcing endless battles is banned
|clearpoke
|poke|p1|Quagsire, M|
|poke|p1|Chansey, F|
|poke|p1|Tyranitar, F|
|poke|p1|Lugia|
|poke|p1|Sableye, F|
|poke|p1|Giratina|
|poke|p2|Sableye, M|
|poke|p2|Tyranitar, F|
|poke|p2|Giratina|
|poke|p2|Chansey, F|
|poke|p2|Lugia|
|poke|p2|Quagsire, F|
|teampreview
|inactive|Battle timer is ON: inactive players will automatically lose when time's up. (requested by PokemhIsntAFurry)
|
|t:|1621379775
|start
|switch|p1a: Sableye|Sableye, F|100/100
|switch|p2a: Sableye|Sableye, M|100/100
|turn|1
|
|t:|1621379779
|detailschange|p1a: Sableye|Sableye-Mega, F
|-mega|p1a: Sableye|Sableye|Sablenite
|detailschange|p2a: Sableye|Sableye-Mega, M
|-mega|p2a: Sableye|Sableye|Sablenite
|move|p2a: Sableye|Protect|p2a: Sableye
|-singleturn|p2a: Sableye|Protect
|move|p1a: Sableye|Foul Play|p2a: Sableye
|-activate|p2a: Sableye|move: Protect
|
|upkeep
|turn|2
|c|☆alwaysrinse|mirror match
|
|t:|1621379786
|switch|p2a: Chansey|Chansey, F|100/100
|switch|p1a: Chansey|Chansey, F|100/100
|
|upkeep
|turn|3
|j| Beatboxing_Phantom
|
|t:|1621379791
|switch|p1a: Sableye|Sableye-Mega, F|100/100
|switch|p2a: Sableye|Sableye-Mega, M|100/100
|
|upkeep
|turn|4
|
|t:|1621379803
|switch|p1a: Chansey|Chansey, F|100/100
|switch|p2a: Chansey|Chansey, F|100/100
|
|upkeep
|turn|5
|c| Beatboxing_Phantom|there is an imposter
|
|t:|1621379811
|switch|p1a: Sableye|Sableye-Mega, F|100/100
|switch|p2a: Sableye|Sableye-Mega, M|100/100
|
|upkeep
|turn|6
|
|t:|1621379826
|switch|p2a: Chansey|Chansey, F|100/100
|switch|p1a: Chansey|Chansey, F|100/100
|
|upkeep
|turn|7
|c|☆alwaysrinse|tie at turn 100?
|
|t:|1621379830
|switch|p1a: Sableye|Sableye-Mega, F|100/100
|switch|p2a: Sableye|Sableye-Mega, M|100/100
|
|upkeep
|turn|8
|
|t:|1621379834
|switch|p1a: Chansey|Chansey, F|100/100
|switch|p2a: Chansey|Chansey, F|100/100
|
|upkeep
|turn|9
|c|☆alwaysrinse|i'm the imposter
|c|☆alwaysrinse|I initially had a stall team similar to this
|c|☆alwaysrinse|and got the idea to use
|c|☆alwaysrinse|sableye and giratina from here
|
|t:|1621379854
|switch|p1a: Sableye|Sableye-Mega, F|100/100
|switch|p2a: Sableye|Sableye-Mega, M|100/100
|
|upkeep
|turn|10
|
|t:|1621379858
|switch|p1a: Chansey|Chansey, F|100/100
|switch|p2a: Chansey|Chansey, F|100/100
|
|upkeep
|turn|11
|c|☆alwaysrinse|this is a tie
|c|☆alwaysrinse|tie
|c|☆alwaysrinse|tie on 100
|c|☆alwaysrinse|?
|j| Jefff 369418
|
|t:|1621379875
|switch|p1a: Sableye|Sableye-Mega, F|100/100
|switch|p2a: Sableye|Sableye-Mega, M|100/100
|
|upkeep
|turn|12
|c| Jefff 369418|get dat 1000 turn battle
|j| Mak the ZekLord
|inactive|alwaysrinse has 120 seconds left.
|
|t:|1621379913
|switch|p1a: Chansey|Chansey, F|100/100
|switch|p2a: Chansey|Chansey, F|100/100
|
|upkeep
|turn|13
|
|t:|1621379917
|switch|p1a: Sableye|Sableye-Mega, F|100/100
|switch|p2a: Sableye|Sableye-Mega, M|100/100
|
|upkeep
|turn|14
|
|t:|1621379920
|switch|p2a: Chansey|Chansey, F|100/100
|switch|p1a: Chansey|Chansey, F|100/100
|
|upkeep
|turn|15
|c|☆alwaysrinse|comeon
|
|t:|1621379924
|switch|p1a: Sableye|Sableye-Mega, F|100/100
|switch|p2a: Giratina|Giratina|100/100
|-ability|p2a: Giratina|Pressure
|
|upkeep
|turn|16
|c| Mak the ZekLord|Yes, good ole Stall vs stall
|c|☆alwaysrinse|there should be a tie clause
|c|☆alwaysrinse|if the same thing happens
|
|t:|1621379932
|switch|p2a: Sableye|Sableye-Mega, M|100/100
|switch|p1a: Chansey|Chansey, F|100/100
|
|upkeep
|turn|17
|
|t:|1621379937
|switch|p1a: Sableye|Sableye-Mega, F|100/100
|switch|p2a: Chansey|Chansey, F|100/100
|
|upkeep
|turn|18
|c| Mak the ZekLord|Maybe
|c|☆alwaysrinse|if there are no hazards
|c|☆alwaysrinse|and everyone just switches
|c|☆alwaysrinse|5 turns in a row
|c|☆alwaysrinse|it shold be a tie
|
|t:|1621379951
|switch|p2a: Tyranitar|Tyranitar, F|100/100
|-weather|Sandstorm|[from] ability: Sand Stream|[of] p2a: Tyranitar
|switch|p1a: Chansey|Chansey, F|100/100
|
|-weather|Sandstorm|[upkeep]
|-damage|p1a: Chansey|94/100|[from] Sandstorm
|upkeep
|turn|19
|
|t:|1621379957
|move|p2a: Tyranitar|Pursuit|p1a: Chansey
|-damage|p1a: Chansey|80/100
|move|p1a: Chansey|Toxic|p2a: Tyranitar
|-status|p2a: Tyranitar|tox
|
|-weather|Sandstorm|[upkeep]
|-damage|p1a: Chansey|74/100|[from] Sandstorm
|-damage|p2a: Tyranitar|94/100 tox|[from] psn
|upkeep
|turn|20
|
|t:|1621379961
|switch|p2a: Sableye|Sableye-Mega, M|100/100
|move|p1a: Chansey|Soft-Boiled|p1a: Chansey
|-heal|p1a: Chansey|100/100
|
|-weather|Sandstorm|[upkeep]
|-damage|p1a: Chansey|94/100|[from] Sandstorm
|-damage|p2a: Sableye|94/100|[from] Sandstorm
|upkeep
|turn|21
|
|t:|1621379963
|switch|p1a: Sableye|Sableye-Mega, F|100/100
|switch|p2a: Tyranitar|Tyranitar, F|94/100 tox
|
|-weather|Sandstorm|[upkeep]
|-damage|p1a: Sableye|94/100|[from] Sandstorm
|-heal|p2a: Tyranitar|100/100 tox|[from] item: Leftovers
|-damage|p2a: Tyranitar|94/100 tox|[from] psn
|upkeep
|turn|22
|c| Jefff 369418|this was the user that I got 1000 turns with
|
|t:|1621379978
|switch|p2a: Sableye|Sableye-Mega, M|94/100
|move|p1a: Sableye|Fake Out|p2a: Sableye
|-immune|p2a: Sableye
|
|-weather|none
|upkeep
|turn|23
|
|t:|1621379983
|switch|p1a: Chansey|Chansey, F|94/100
|switch|p2a: Giratina|Giratina|100/100
|-ability|p2a: Giratina|Pressure
|
|upkeep
|turn|24
|
|t:|1621379986
|switch|p2a: Sableye|Sableye-Mega, M|94/100
|move|p1a: Chansey|Toxic|p2a: Sableye
|move|p2a: Sableye|Toxic|p1a: Chansey|[from]ability: Magic Bounce
|-status|p1a: Chansey|tox
|
|-damage|p1a: Chansey|88/100 tox|[from] psn
|upkeep
|turn|25
|l| Beatboxing_Phantom
|
|t:|1621379993
|switch|p1a: Sableye|Sableye-Mega, F|94/100
|switch|p2a: Chansey|Chansey, F|100/100
|
|upkeep
|turn|26
|
|t:|1621379999
|switch|p2a: Giratina|Giratina|100/100
|-ability|p2a: Giratina|Pressure
|switch|p1a: Chansey|Chansey, F|88/100
|
|upkeep
|turn|27
|
|t:|1621380009
|switch|p2a: Chansey|Chansey, F|100/100
|move|p1a: Chansey|Toxic|p2a: Chansey
|-status|p2a: Chansey|tox
|
|-damage|p2a: Chansey|94/100 tox|[from] psn
|upkeep
|turn|28
|
|t:|1621380013
|switch|p1a: Sableye|Sableye-Mega, F|94/100
|move|p2a: Chansey|Heal Bell|p2a: Chansey
|-activate|p2a: Chansey|move: Heal Bell
|-curestatus|p2a: Chansey|tox|[msg]
|-curestatus|p2: Tyranitar|tox|[msg]
|
|upkeep
|turn|29
|
|t:|1621380024
|switch|p2a: Sableye|Sableye-Mega, M|94/100
|switch|p1a: Chansey|Chansey, F|88/100
|
|upkeep
|turn|30
|
|t:|1621380027
|switch|p1a: Sableye|Sableye-Mega, F|94/100
|switch|p2a: Chansey|Chansey, F|94/100
|
|upkeep
|turn|31
|
|t:|1621380034
|switch|p2a: Sableye|Sableye-Mega, M|94/100
|switch|p1a: Chansey|Chansey, F|88/100
|
|upkeep
|turn|32
|
|t:|1621380038
|switch|p1a: Sableye|Sableye-Mega, F|94/100
|switch|p2a: Chansey|Chansey, F|94/100
|
|upkeep
|turn|33
|
|t:|1621380042
|switch|p2a: Sableye|Sableye-Mega, M|94/100
|switch|p1a: Chansey|Chansey, F|88/100
|
|upkeep
|turn|34
|
|t:|1621380043
|switch|p1a: Sableye|Sableye-Mega, F|94/100
|switch|p2a: Chansey|Chansey, F|94/100
|
|upkeep
|turn|35
|
|t:|1621380045
|switch|p2a: Sableye|Sableye-Mega, M|94/100
|switch|p1a: Chansey|Chansey, F|88/100
|
|upkeep
|turn|36
|
|t:|1621380047
|switch|p1a: Sableye|Sableye-Mega, F|94/100
|switch|p2a: Chansey|Chansey, F|94/100
|
|upkeep
|turn|37
|
|t:|1621380049
|switch|p2a: Sableye|Sableye-Mega, M|94/100
|switch|p1a: Chansey|Chansey, F|88/100
|
|upkeep
|turn|38
|
|t:|1621380051
|switch|p1a: Sableye|Sableye-Mega, F|94/100
|switch|p2a: Chansey|Chansey, F|94/100
|
|upkeep
|turn|39
|
|t:|1621380053
|switch|p2a: Sableye|Sableye-Mega, M|94/100
|switch|p1a: Chansey|Chansey, F|88/100
|
|upkeep
|turn|40
|
|t:|1621380054
|switch|p1a: Sableye|Sableye-Mega, F|94/100
|switch|p2a: Chansey|Chansey, F|94/100
|
|upkeep
|turn|41
|
|t:|1621380056
|switch|p2a: Sableye|Sableye-Mega, M|94/100
|switch|p1a: Chansey|Chansey, F|88/100
|
|upkeep
|turn|42
|
|t:|1621380057
|switch|p1a: Sableye|Sableye-Mega, F|94/100
|switch|p2a: Chansey|Chansey, F|94/100
|
|upkeep
|turn|43
|
|t:|1621380059
|switch|p2a: Sableye|Sableye-Mega, M|94/100
|switch|p1a: Chansey|Chansey, F|88/100
|
|upkeep
|turn|44
|
|t:|1621380061
|switch|p1a: Sableye|Sableye-Mega, F|94/100
|switch|p2a: Chansey|Chansey, F|94/100
|
|upkeep
|turn|45
|
|t:|1621380063
|switch|p2a: Sableye|Sableye-Mega, M|94/100
|switch|p1a: Chansey|Chansey, F|88/100
|
|upkeep
|turn|46
|
|t:|1621380064
|switch|p1a: Sableye|Sableye-Mega, F|94/100
|switch|p2a: Chansey|Chansey, F|94/100
|
|upkeep
|turn|47
|
|t:|1621380066
|switch|p2a: Sableye|Sableye-Mega, M|94/100
|switch|p1a: Chansey|Chansey, F|88/100
|
|upkeep
|turn|48
|
|t:|1621380068
|switch|p1a: Sableye|Sableye-Mega, F|94/100
|switch|p2a: Chansey|Chansey, F|94/100
|
|upkeep
|turn|49
|
|t:|1621380070
|switch|p2a: Sableye|Sableye-Mega, M|94/100
|switch|p1a: Chansey|Chansey, F|88/100
|
|upkeep
|turn|50
|
|t:|1621380071
|switch|p1a: Sableye|Sableye-Mega, F|94/100
|switch|p2a: Chansey|Chansey, F|94/100
|
|upkeep
|turn|51
|
|t:|1621380079
|switch|p2a: Sableye|Sableye-Mega, M|94/100
|switch|p1a: Chansey|Chansey, F|88/100
|
|upkeep
|turn|52
|
|t:|1621380080
|switch|p1a: Sableye|Sableye-Mega, F|94/100
|switch|p2a: Chansey|Chansey, F|94/100
|
|upkeep
|turn|53
|
|t:|1621380082
|switch|p2a: Sableye|Sableye-Mega, M|94/100
|switch|p1a: Chansey|Chansey, F|88/100
|
|upkeep
|turn|54
|
|t:|1621380084
|switch|p1a: Sableye|Sableye-Mega, F|94/100
|switch|p2a: Chansey|Chansey, F|94/100
|
|upkeep
|turn|55
|
|t:|1621380085
|switch|p2a: Sableye|Sableye-Mega, M|94/100
|switch|p1a: Chansey|Chansey, F|88/100
|
|upkeep
|turn|56
|
|t:|1621380087
|switch|p1a: Sableye|Sableye-Mega, F|94/100
|switch|p2a: Chansey|Chansey, F|94/100
|
|upkeep
|turn|57
|
|t:|1621380088
|switch|p2a: Sableye|Sableye-Mega, M|94/100
|switch|p1a: Chansey|Chansey, F|88/100
|
|upkeep
|turn|58
|
|t:|1621380091
|switch|p1a: Sableye|Sableye-Mega, F|94/100
|switch|p2a: Tyranitar|Tyranitar, F|94/100
|-weather|Sandstorm|[from] ability: Sand Stream|[of] p2a: Tyranitar
|
|-weather|Sandstorm|[upkeep]
|-damage|p1a: Sableye|88/100|[from] Sandstorm
|-heal|p2a: Tyranitar|100/100|[from] item: Leftovers
|upkeep
|turn|59
|j| Unicorn *Heart*
|c|☆alwaysrinse|100 soon
|c| Mak the ZekLord|Ngl, this is pretty entertaining
|
|t:|1621380099
|move|p2a: Tyranitar|Rock Tomb|p1a: Sableye
|-damage|p1a: Sableye|69/100
|-unboost|p1a: Sableye|spe|1
|move|p1a: Sableye|Will-O-Wisp|p2a: Tyranitar
|-status|p2a: Tyranitar|brn
|
|-weather|Sandstorm|[upkeep]
|-damage|p1a: Sableye|63/100|[from] Sandstorm
|-damage|p2a: Tyranitar|94/100 brn|[from] brn
|upkeep
|turn|60
|
|t:|1621380102
|switch|p2a: Chansey|Chansey, F|94/100
|move|p1a: Sableye|Recover|p1a: Sableye
|-heal|p1a: Sableye|100/100
|
|-weather|Sandstorm|[upkeep]
|-damage|p2a: Chansey|88/100|[from] Sandstorm
|-damage|p1a: Sableye|94/100|[from] Sandstorm
|upkeep
|turn|61
|
|t:|1621380105
|switch|p2a: Tyranitar|Tyranitar, F|94/100 brn
|switch|p1a: Chansey|Chansey, F|88/100
|
|-weather|Sandstorm|[upkeep]
|-damage|p1a: Chansey|82/100|[from] Sandstorm
|-heal|p2a: Tyranitar|100/100 brn|[from] item: Leftovers
|-damage|p2a: Tyranitar|94/100 brn|[from] brn
|upkeep
|turn|62
|
|t:|1621380109
|switch|p2a: Sableye|Sableye-Mega, M|94/100
|switch|p1a: Sableye|Sableye-Mega, F|94/100
|
|-weather|none
|upkeep
|turn|63
|
|t:|1621380111
|switch|p1a: Chansey|Chansey, F|82/100
|switch|p2a: Tyranitar|Tyranitar, F|94/100 brn
|-weather|Sandstorm|[from] ability: Sand Stream|[of] p2a: Tyranitar
|
|-weather|Sandstorm|[upkeep]
|-damage|p1a: Chansey|76/100|[from] Sandstorm
|-heal|p2a: Tyranitar|100/100 brn|[from] item: Leftovers
|-damage|p2a: Tyranitar|94/100 brn|[from] brn
|upkeep
|turn|64
|
|t:|1621380115
|switch|p2a: Giratina|Giratina|100/100
|-ability|p2a: Giratina|Pressure
|move|p1a: Chansey|Soft-Boiled|p1a: Chansey
|-heal|p1a: Chansey|100/100
|
|-weather|Sandstorm|[upkeep]
|-damage|p2a: Giratina|94/100|[from] Sandstorm
|-damage|p1a: Chansey|94/100|[from] Sandstorm
|-heal|p2a: Giratina|100/100|[from] item: Leftovers
|upkeep
|turn|65
|
|t:|1621380117
|switch|p2a: Tyranitar|Tyranitar, F|94/100 brn
|move|p1a: Chansey|Toxic||[still]
|-fail|p1a: Chansey
|
|-weather|Sandstorm|[upkeep]
|-damage|p1a: Chansey|88/100|[from] Sandstorm
|-heal|p2a: Tyranitar|100/100 brn|[from] item: Leftovers
|-damage|p2a: Tyranitar|94/100 brn|[from] brn
|upkeep
|turn|66
|
|t:|1621380120
|switch|p2a: Sableye|Sableye-Mega, M|94/100
|switch|p1a: Sableye|Sableye-Mega, F|94/100
|
|-weather|Sandstorm|[upkeep]
|-damage|p1a: Sableye|88/100|[from] Sandstorm
|-damage|p2a: Sableye|88/100|[from] Sandstorm
|upkeep
|turn|67
|
|t:|1621380122
|switch|p1a: Chansey|Chansey, F|88/100
|switch|p2a: Chansey|Chansey, F|88/100
|
|-weather|none
|upkeep
|turn|68
|
|t:|1621380124
|switch|p1a: Sableye|Sableye-Mega, F|88/100
|switch|p2a: Tyranitar|Tyranitar, F|94/100 brn
|-weather|Sandstorm|[from] ability: Sand Stream|[of] p2a: Tyranitar
|
|-weather|Sandstorm|[upkeep]
|-damage|p1a: Sableye|82/100|[from] Sandstorm
|-heal|p2a: Tyranitar|100/100 brn|[from] item: Leftovers
|-damage|p2a: Tyranitar|94/100 brn|[from] brn
|upkeep
|turn|69
|
|t:|1621380129
|switch|p2a: Quagsire|Quagsire, F|100/100
|move|p1a: Sableye|Foul Play|p2a: Quagsire
|-damage|p2a: Quagsire|80/100
|-damage|p1a: Sableye|65/100|[from] item: Rocky Helmet|[of] p2a: Quagsire
|
|-weather|Sandstorm|[upkeep]
|-damage|p1a: Sableye|59/100|[from] Sandstorm
|upkeep
|turn|70
|
|t:|1621380131
|switch|p2a: Sableye|Sableye-Mega, M|88/100
|move|p1a: Sableye|Recover|p1a: Sableye
|-heal|p1a: Sableye|100/100
|
|-weather|Sandstorm|[upkeep]
|-damage|p2a: Sableye|82/100|[from] Sandstorm
|-damage|p1a: Sableye|94/100|[from] Sandstorm
|upkeep
|turn|71
|
|t:|1621380135
|switch|p1a: Chansey|Chansey, F|88/100
|switch|p2a: Tyranitar|Tyranitar, F|94/100 brn
|
|-weather|Sandstorm|[upkeep]
|-damage|p1a: Chansey|82/100|[from] Sandstorm
|-heal|p2a: Tyranitar|100/100 brn|[from] item: Leftovers
|-damage|p2a: Tyranitar|94/100 brn|[from] brn
|upkeep
|turn|72
|
|t:|1621380138
|switch|p2a: Sableye|Sableye-Mega, M|82/100
|switch|p1a: Sableye|Sableye-Mega, F|94/100
|
|-weather|none
|upkeep
|turn|73
|
|t:|1621380142
|switch|p2a: Tyranitar|Tyranitar, F|94/100 brn
|-weather|Sandstorm|[from] ability: Sand Stream|[of] p2a: Tyranitar
|switch|p1a: Chansey|Chansey, F|82/100
|
|-weather|Sandstorm|[upkeep]
|-damage|p1a: Chansey|76/100|[from] Sandstorm
|-heal|p2a: Tyranitar|100/100 brn|[from] item: Leftovers
|-damage|p2a: Tyranitar|94/100 brn|[from] brn
|upkeep
|turn|74
|
|t:|1621380145
|switch|p2a: Sableye|Sableye-Mega, M|82/100
|switch|p1a: Sableye|Sableye-Mega, F|94/100
|
|-weather|Sandstorm|[upkeep]
|-damage|p2a: Sableye|75/100|[from] Sandstorm
|-damage|p1a: Sableye|88/100|[from] Sandstorm
|upkeep
|turn|75
|
|t:|1621380148
|switch|p2a: Lugia|Lugia|100/100
|switch|p1a: Chansey|Chansey, F|76/100
|
|-weather|Sandstorm|[upkeep]
|-damage|p2a: Lugia|94/100|[from] Sandstorm
|-damage|p1a: Chansey|69/100|[from] Sandstorm
|-heal|p2a: Lugia|100/100|[from] item: Leftovers
|upkeep
|turn|76
|c| Jefff 369418|you gonna see the tie thinge
|
|t:|1621380151
|switch|p2a: Giratina|Giratina|100/100
|-ability|p2a: Giratina|Pressure
|move|p1a: Chansey|Toxic|p2a: Giratina
|-status|p2a: Giratina|tox
|
|-weather|Sandstorm|[upkeep]
|-damage|p2a: Giratina|94/100 tox|[from] Sandstorm
|-damage|p1a: Chansey|63/100|[from] Sandstorm
|-heal|p2a: Giratina|100/100 tox|[from] item: Leftovers
|-damage|p2a: Giratina|94/100 tox|[from] psn
|upkeep
|turn|77
|
|t:|1621380153
|switch|p2a: Sableye|Sableye-Mega, M|75/100
|move|p1a: Chansey|Soft-Boiled|p1a: Chansey
|-heal|p1a: Chansey|100/100
|
|-weather|none
|upkeep
|turn|78
|
|t:|1621380155
|switch|p1a: Sableye|Sableye-Mega, F|88/100
|switch|p2a: Tyranitar|Tyranitar, F|94/100 brn
|-weather|Sandstorm|[from] ability: Sand Stream|[of] p2a: Tyranitar
|
|-weather|Sandstorm|[upkeep]
|-damage|p1a: Sableye|82/100|[from] Sandstorm
|-heal|p2a: Tyranitar|100/100 brn|[from] item: Leftovers
|-damage|p2a: Tyranitar|94/100 brn|[from] brn
|upkeep
|turn|79
|
|t:|1621380159
|switch|p1a: Chansey|Chansey, F|100/100
|move|p2a: Tyranitar|Stealth Rock|p1a: Chansey
|-sidestart|p1: alwaysrinse|move: Stealth Rock
|
|-weather|Sandstorm|[upkeep]
|-damage|p1a: Chansey|94/100|[from] Sandstorm
|-heal|p2a: Tyranitar|100/100 brn|[from] item: Leftovers
|-damage|p2a: Tyranitar|94/100 brn|[from] brn
|upkeep
|turn|80
|
|t:|1621380166
|switch|p2a: Chansey|Chansey, F|88/100
|switch|p1a: Giratina|Giratina|100/100
|-damage|p1a: Giratina|88/100|[from] Stealth Rock
|-ability|p1a: Giratina|Pressure
|
|-weather|Sandstorm|[upkeep]
|-damage|p1a: Giratina|82/100|[from] Sandstorm
|-damage|p2a: Chansey|82/100|[from] Sandstorm
|-heal|p1a: Giratina|88/100|[from] item: Leftovers
|upkeep
|turn|81
|
|t:|1621380171
|switch|p2a: Tyranitar|Tyranitar, F|94/100 brn
|move|p1a: Giratina|Defog|p2a: Tyranitar
|-unboost|p2a: Tyranitar|evasion|1
|-sideend|p1: alwaysrinse|Stealth Rock|[from] move: Defog|[of] p1a: Giratina
|
|-weather|Sandstorm|[upkeep]
|-damage|p1a: Giratina|82/100|[from] Sandstorm
|-heal|p1a: Giratina|88/100|[from] item: Leftovers
|-heal|p2a: Tyranitar|100/100 brn|[from] item: Leftovers
|-damage|p2a: Tyranitar|94/100 brn|[from] brn
|upkeep
|turn|82
|
|t:|1621380175
|move|p1a: Giratina|Hex|p2a: Tyranitar
|-resisted|p2a: Tyranitar
|-damage|p2a: Tyranitar|86/100 brn
|move|p2a: Tyranitar|Rest|p2a: Tyranitar
|-status|p2a: Tyranitar|slp|[from] move: Rest
|-heal|p2a: Tyranitar|100/100 slp|[silent]
|
|-weather|none
|-heal|p1a: Giratina|94/100|[from] item: Leftovers
|upkeep
|turn|83
|
|t:|1621380182
|switch|p1a: Tyranitar|Tyranitar, F|100/100
|-weather|Sandstorm|[from] ability: Sand Stream|[of] p1a: Tyranitar
|switch|p2a: Giratina|Giratina|94/100 tox
|-ability|p2a: Giratina|Pressure
|
|-weather|Sandstorm|[upkeep]
|-damage|p2a: Giratina|88/100 tox|[from] Sandstorm
|-heal|p2a: Giratina|94/100 tox|[from] item: Leftovers
|-damage|p2a: Giratina|88/100 tox|[from] psn
|upkeep
|turn|84
|
|t:|1621380188
|switch|p2a: Quagsire|Quagsire, F|80/100
|move|p1a: Tyranitar|Stealth Rock|p2a: Quagsire
|-sidestart|p2: PokemhIsntAFurry|move: Stealth Rock
|
|-weather|Sandstorm|[upkeep]
|upkeep
|turn|85
|c|☆alwaysrinse|gosh
|
|t:|1621380194
|switch|p1a: Chansey|Chansey, F|94/100
|switch|p2a: Giratina|Giratina|88/100 tox
|-damage|p2a: Giratina|76/100 tox|[from] Stealth Rock
|-ability|p2a: Giratina|Pressure
|
|-weather|Sandstorm|[upkeep]
|-damage|p2a: Giratina|70/100 tox|[from] Sandstorm
|-damage|p1a: Chansey|88/100|[from] Sandstorm
|-heal|p2a: Giratina|76/100 tox|[from] item: Leftovers
|-damage|p2a: Giratina|70/100 tox|[from] psn
|upkeep
|turn|86
|
|t:|1621380199
|switch|p1a: Giratina|Giratina|94/100
|-ability|p1a: Giratina|Pressure
|move|p2a: Giratina|Defog|p1a: Giratina
|-unboost|p1a: Giratina|evasion|1
|-sideend|p2: PokemhIsntAFurry|Stealth Rock|[from] move: Defog|[of] p2a: Giratina
|
|-weather|Sandstorm|[upkeep]
|-damage|p1a: Giratina|88/100|[from] Sandstorm
|-damage|p2a: Giratina|63/100 tox|[from] Sandstorm
|-heal|p1a: Giratina|94/100|[from] item: Leftovers
|-heal|p2a: Giratina|70/100 tox|[from] item: Leftovers
|-damage|p2a: Giratina|57/100 tox|[from] psn
|upkeep
|turn|87
|
|t:|1621380210
|move|p1a: Giratina|Hex|p2a: Giratina
|-supereffective|p2a: Giratina
|-damage|p2a: Giratina|5/100 tox
|move|p2a: Giratina|Rest|p2a: Giratina
|-status|p2a: Giratina|slp|[from] move: Rest
|-heal|p2a: Giratina|100/100 slp|[silent]
|
|-weather|none
|-heal|p1a: Giratina|100/100|[from] item: Leftovers
|upkeep
|turn|88
|c|☆alwaysrinse|if no one is down on turn 150
|c|☆alwaysrinse|we tie OK?
|
|t:|1621380232
|switch|p2a: Chansey|Chansey, F|82/100
|move|p1a: Giratina|Hex|p2a: Chansey
|-immune|p2a: Chansey
|
|upkeep
|turn|89
|
|t:|1621380236
|switch|p1a: Sableye|Sableye-Mega, F|82/100
|switch|p2a: Sableye|Sableye-Mega, M|75/100
|
|upkeep
|turn|90
|
|t:|1621380239
|switch|p1a: Chansey|Chansey, F|88/100
|switch|p2a: Giratina|Giratina|100/100 slp
|-ability|p2a: Giratina|Pressure
|
|upkeep
|turn|91
|
|t:|1621380249
|switch|p2a: Chansey|Chansey, F|82/100
|switch|p1a: Tyranitar|Tyranitar, F|100/100
|-weather|Sandstorm|[from] ability: Sand Stream|[of] p1a: Tyranitar
|
|-weather|Sandstorm|[upkeep]
|-damage|p2a: Chansey|76/100|[from] Sandstorm
|upkeep
|turn|92
|c| Jefff 369418|dont know if pokemh will accept it
|c|☆alwaysrinse|I don't have this time
|
|t:|1621380267
|switch|p2a: Quagsire|Quagsire, F|80/100
|move|p1a: Tyranitar|Stealth Rock|p2a: Quagsire
|-sidestart|p2: PokemhIsntAFurry|move: Stealth Rock
|
|-weather|Sandstorm|[upkeep]
|upkeep
|turn|93
|l| Unicorn *Heart*
|
|t:|1621380272
|switch|p1a: Chansey|Chansey, F|88/100
|switch|p2a: Giratina|Giratina|100/100 slp
|-damage|p2a: Giratina|88/100 slp|[from] Stealth Rock
|-ability|p2a: Giratina|Pressure
|
|-weather|Sandstorm|[upkeep]
|-damage|p2a: Giratina|82/100 slp|[from] Sandstorm
|-damage|p1a: Chansey|82/100|[from] Sandstorm
|-heal|p2a: Giratina|88/100 slp|[from] item: Leftovers
|upkeep
|turn|94
|
|t:|1621380277
|switch|p1a: Giratina|Giratina|100/100
|-ability|p1a: Giratina|Pressure
|cant|p2a: Giratina|slp
|
|-weather|Sandstorm|[upkeep]
|-damage|p2a: Giratina|82/100 slp|[from] Sandstorm
|-damage|p1a: Giratina|94/100|[from] Sandstorm
|-heal|p2a: Giratina|88/100 slp|[from] item: Leftovers
|-heal|p1a: Giratina|100/100|[from] item: Leftovers
|upkeep
|turn|95
|
|t:|1621380281
|move|p1a: Giratina|Hex|p2a: Giratina
|-supereffective|p2a: Giratina
|-damage|p2a: Giratina|34/100 slp
|cant|p2a: Giratina|slp
|
|-weather|none
|-heal|p2a: Giratina|40/100 slp|[from] item: Leftovers
|upkeep
|turn|96
|
|t:|1621380287
|switch|p2a: Tyranitar|Tyranitar, F|100/100 slp
|-damage|p2a: Tyranitar|88/100 slp|[from] Stealth Rock
|-weather|Sandstorm|[from] ability: Sand Stream|[of] p2a: Tyranitar
|move|p1a: Giratina|Hex|p2a: Tyranitar
|-resisted|p2a: Tyranitar
|-damage|p2a: Tyranitar|79/100 slp
|
|-weather|Sandstorm|[upkeep]
|-damage|p1a: Giratina|94/100|[from] Sandstorm
|-heal|p1a: Giratina|100/100|[from] item: Leftovers
|-heal|p2a: Tyranitar|85/100 slp|[from] item: Leftovers
|upkeep
|turn|97
|j| Beatboxing_Phantom
|
|t:|1621380299
|switch|p1a: Sableye|Sableye-Mega, F|82/100
|cant|p2a: Tyranitar|slp
|
|-weather|Sandstorm|[upkeep]
|-damage|p1a: Sableye|75/100|[from] Sandstorm
|-heal|p2a: Tyranitar|92/100 slp|[from] item: Leftovers
|upkeep
|turn|98
|c| Beatboxing_Phantom|bruh, already 100 games
|
|t:|1621380308
|cant|p2a: Tyranitar|slp
|move|p1a: Sableye|Foul Play|p2a: Tyranitar
|-resisted|p2a: Tyranitar
|-damage|p2a: Tyranitar|76/100 slp
|
|-weather|Sandstorm|[upkeep]
|-damage|p1a: Sableye|69/100|[from] Sandstorm
|-heal|p2a: Tyranitar|82/100 slp|[from] item: Leftovers
|upkeep
|turn|99
|c| Beatboxing_Phantom|no one has even died yet
|
|t:|1621380312
|-curestatus|p2a: Tyranitar|slp|[msg]
|move|p2a: Tyranitar|Rock Tomb|p1a: Sableye
|-damage|p1a: Sableye|49/100
|-unboost|p1a: Sableye|spe|1
|move|p1a: Sableye|Recover|p1a: Sableye
|-heal|p1a: Sableye|99/100
|
|-weather|Sandstorm|[upkeep]
|-damage|p1a: Sableye|93/100|[from] Sandstorm
|-heal|p2a: Tyranitar|89/100|[from] item: Leftovers
|upkeep
|turn|100
|c| Beatboxing_Phantom|srry, 100 turns
|c| Beatboxing_Phantom|idk wtf i am thinking
|
|t:|1621380323
|move|p2a: Tyranitar|Rock Tomb|p1a: Sableye
|-damage|p1a: Sableye|75/100
|-unboost|p1a: Sableye|spe|1
|move|p1a: Sableye|Will-O-Wisp|p2a: Tyranitar
|-status|p2a: Tyranitar|brn
|
|-weather|none
|-heal|p2a: Tyranitar|95/100 brn|[from] item: Leftovers
|-damage|p2a: Tyranitar|89/100 brn|[from] brn
|upkeep
|turn|101
|c| Jefff 369418|I had 1000 turn game on pokemh
|
|t:|1621380330
|switch|p2a: Chansey|Chansey, F|76/100
|-damage|p2a: Chansey|63/100|[from] Stealth Rock
|move|p1a: Sableye|Recover|p1a: Sableye
|-heal|p1a: Sableye|100/100
|
|upkeep
|turn|102
|c| Jefff 369418|and it was still 6-6
|
|t:|1621380335
|switch|p1a: Chansey|Chansey, F|82/100
|move|p2a: Chansey|Heal Bell|p2a: Chansey
|-activate|p2a: Chansey|move: Heal Bell
|-curestatus|p2: Tyranitar|brn|[msg]
|-curestatus|p2: Giratina|slp|[msg]
|
|upkeep
|turn|103
|
|t:|1621380339
|switch|p1a: Sableye|Sableye-Mega, F|100/100
|switch|p2a: Giratina|Giratina|40/100
|-damage|p2a: Giratina|28/100|[from] Stealth Rock
|-ability|p2a: Giratina|Pressure
|
|-heal|p2a: Giratina|34/100|[from] item: Leftovers
|upkeep
|turn|104
|c| Beatboxing_Phantom|...
|
|t:|1621380345
|switch|p1a: Giratina|Giratina|100/100
|-ability|p1a: Giratina|Pressure
|move|p2a: Giratina|Rest|p2a: Giratina
|-status|p2a: Giratina|slp|[from] move: Rest
|-heal|p2a: Giratina|100/100 slp|[silent]
|
|upkeep
|turn|105
|
|t:|1621380348
|switch|p2a: Tyranitar|Tyranitar, F|89/100
|-damage|p2a: Tyranitar|76/100|[from] Stealth Rock
|-weather|Sandstorm|[from] ability: Sand Stream|[of] p2a: Tyranitar
|move|p1a: Giratina|Hex|p2a: Tyranitar
|-resisted|p2a: Tyranitar
|-damage|p2a: Tyranitar|72/100
|
|-weather|Sandstorm|[upkeep]
|-damage|p1a: Giratina|94/100|[from] Sandstorm
|-heal|p1a: Giratina|100/100|[from] item: Leftovers
|-heal|p2a: Tyranitar|78/100|[from] item: Leftovers
|upkeep
|turn|106
|
|t:|1621380351
|-activate|p1a: Giratina|move: Pursuit
|move|p2a: Tyranitar|Pursuit|p1a: Giratina|[from]Pursuit
|-supereffective|p1a: Giratina
|-damage|p1a: Giratina|67/100
|switch|p1a: Sableye|Sableye-Mega, F|100/100
|
|-weather|Sandstorm|[upkeep]
|-damage|p1a: Sableye|94/100|[from] Sandstorm
|-heal|p2a: Tyranitar|84/100|[from] item: Leftovers
|upkeep
|turn|107
|
|t:|1621380354
|move|p2a: Tyranitar|Rock Tomb|p1a: Sableye
|-damage|p1a: Sableye|77/100
|-unboost|p1a: Sableye|spe|1
|move|p1a: Sableye|Will-O-Wisp|p2a: Tyranitar
|-status|p2a: Tyranitar|brn
|
|-weather|Sandstorm|[upkeep]
|-damage|p1a: Sableye|71/100|[from] Sandstorm
|-heal|p2a: Tyranitar|90/100 brn|[from] item: Leftovers
|-damage|p2a: Tyranitar|84/100 brn|[from] brn
|upkeep
|turn|108
|
|t:|1621380358
|switch|p2a: Lugia|Lugia|100/100
|-damage|p2a: Lugia|75/100|[from] Stealth Rock
|move|p1a: Sableye|Recover|p1a: Sableye
|-heal|p1a: Sableye|100/100
|
|-weather|Sandstorm|[upkeep]
|-damage|p2a: Lugia|69/100|[from] Sandstorm
|-damage|p1a: Sableye|94/100|[from] Sandstorm
|-heal|p2a: Lugia|75/100|[from] item: Leftovers
|upkeep
|turn|109
|
|t:|1621380361
|switch|p2a: Sableye|Sableye-Mega, M|75/100
|-damage|p2a: Sableye|63/100|[from] Stealth Rock
|switch|p1a: Chansey|Chansey, F|82/100
|
|-weather|none
|upkeep
|turn|110
|
|t:|1621380363
|switch|p1a: Sableye|Sableye-Mega, F|94/100
|move|p2a: Sableye|Recover|p2a: Sableye
|-heal|p2a: Sableye|100/100
|
|upkeep
|turn|111
|
|t:|1621380372
|switch|p1a: Chansey|Chansey, F|82/100
|move|p2a: Sableye|Foul Play|p1a: Chansey
|-damage|p1a: Chansey|80/100
|
|upkeep
|turn|112
|
|t:|1621380389
|switch|p1a: Sableye|Sableye-Mega, F|94/100
|switch|p2a: Tyranitar|Tyranitar, F|84/100 brn
|-damage|p2a: Tyranitar|72/100 brn|[from] Stealth Rock
|-weather|Sandstorm|[from] ability: Sand Stream|[of] p2a: Tyranitar
|
|-weather|Sandstorm|[upkeep]
|-damage|p1a: Sableye|88/100|[from] Sandstorm
|-heal|p2a: Tyranitar|78/100 brn|[from] item: Leftovers
|-damage|p2a: Tyranitar|72/100 brn|[from] brn
|upkeep
|turn|113
|
|t:|1621380408
|switch|p1a: Chansey|Chansey, F|80/100
|move|p2a: Tyranitar|Stealth Rock|p1a: Chansey
|-sidestart|p1: alwaysrinse|move: Stealth Rock
|
|-weather|Sandstorm|[upkeep]
|-damage|p1a: Chansey|74/100|[from] Sandstorm
|-heal|p2a: Tyranitar|78/100 brn|[from] item: Leftovers
|-damage|p2a: Tyranitar|72/100 brn|[from] brn
|upkeep
|turn|114
|
|t:|1621380411
|move|p2a: Tyranitar|Rest|p2a: Tyranitar
|-status|p2a: Tyranitar|slp|[from] move: Rest
|-heal|p2a: Tyranitar|100/100 slp|[silent]
|move|p1a: Chansey|Soft-Boiled|p1a: Chansey
|-heal|p1a: Chansey|100/100
|
|-weather|Sandstorm|[upkeep]
|-damage|p1a: Chansey|94/100|[from] Sandstorm
|upkeep
|turn|115
|
|t:|1621380417
|-activate|p1a: Chansey|move: Pursuit
|cant|p2a: Tyranitar|slp
|switch|p1a: Quagsire|Quagsire, M|100/100
|-damage|p1a: Quagsire|94/100|[from] Stealth Rock
|
|-weather|Sandstorm|[upkeep]
|-heal|p1a: Quagsire|100/100|[from] item: Leftovers
|upkeep
|turn|116
|
|t:|1621380422
|switch|p2a: Giratina|Giratina|100/100 slp
|-damage|p2a: Giratina|88/100 slp|[from] Stealth Rock
|-ability|p2a: Giratina|Pressure
|move|p1a: Quagsire|Earthquake|p2a: Giratina
|-damage|p2a: Giratina|75/100 slp
|
|-weather|none
|-heal|p2a: Giratina|81/100 slp|[from] item: Leftovers
|upkeep
|turn|117
|
|t:|1621380428
|switch|p1a: Sableye|Sableye-Mega, F|88/100
|-damage|p1a: Sableye|75/100|[from] Stealth Rock
|cant|p2a: Giratina|slp
|
|-heal|p2a: Giratina|87/100 slp|[from] item: Leftovers
|upkeep
|turn|118
|
|t:|1621380436
|switch|p2a: Chansey|Chansey, F|63/100
|-damage|p2a: Chansey|51/100|[from] Stealth Rock
|move|p1a: Sableye|Foul Play|p2a: Chansey
|-damage|p2a: Chansey|46/100
|
|upkeep
|turn|119
|
|t:|1621380441
|switch|p1a: Giratina|Giratina|67/100
|-damage|p1a: Giratina|54/100|[from] Stealth Rock
|-ability|p1a: Giratina|Pressure
|move|p2a: Chansey|Soft-Boiled|p2a: Chansey
|-heal|p2a: Chansey|96/100
|
|-heal|p1a: Giratina|61/100|[from] item: Leftovers
|upkeep
|turn|120
|
|t:|1621380452
|move|p1a: Giratina|Rest|p1a: Giratina
|-status|p1a: Giratina|slp|[from] move: Rest
|-heal|p1a: Giratina|100/100 slp|[silent]
|move|p2a: Chansey|Heal Bell|p2a: Chansey
|-activate|p2a: Chansey|move: Heal Bell
|-curestatus|p2: Tyranitar|slp|[msg]
|-curestatus|p2: Giratina|slp|[msg]
|
|upkeep
|turn|121
|
|t:|1621380463
|switch|p2a: Tyranitar|Tyranitar, F|100/100
|-damage|p2a: Tyranitar|88/100|[from] Stealth Rock
|-weather|Sandstorm|[from] ability: Sand Stream|[of] p2a: Tyranitar
|cant|p1a: Giratina|slp
|
|-weather|Sandstorm|[upkeep]
|-damage|p1a: Giratina|94/100 slp|[from] Sandstorm
|-heal|p1a: Giratina|100/100 slp|[from] item: Leftovers
|-heal|p2a: Tyranitar|94/100|[from] item: Leftovers
|upkeep
|turn|122
|
|t:|1621380467
|cant|p1a: Giratina|slp
|move|p2a: Tyranitar|Pursuit|p1a: Giratina
|-supereffective|p1a: Giratina
|-damage|p1a: Giratina|85/100 slp
|
|-weather|Sandstorm|[upkeep]
|-damage|p1a: Giratina|79/100 slp|[from] Sandstorm
|-heal|p1a: Giratina|85/100 slp|[from] item: Leftovers
|-heal|p2a: Tyranitar|100/100|[from] item: Leftovers
|upkeep
|turn|123
|
|t:|1621380470
|-curestatus|p1a: Giratina|slp|[msg]
|move|p1a: Giratina|Will-O-Wisp|p2a: Tyranitar
|-status|p2a: Tyranitar|brn
|move|p2a: Tyranitar|Rock Tomb|p1a: Giratina
|-damage|p1a: Giratina|79/100
|-unboost|p1a: Giratina|spe|1
|
|-weather|Sandstorm|[upkeep]
|-damage|p1a: Giratina|73/100|[from] Sandstorm
|-heal|p1a: Giratina|79/100|[from] item: Leftovers
|-damage|p2a: Tyranitar|94/100 brn|[from] brn
|upkeep
|turn|124
|
|t:|1621380483
|move|p2a: Tyranitar|Rock Tomb|p1a: Giratina
|-damage|p1a: Giratina|74/100
|-unboost|p1a: Giratina|spe|1
|move|p1a: Giratina|Hex|p2a: Tyranitar
|-resisted|p2a: Tyranitar
|-crit|p2a: Tyranitar
|-damage|p2a: Tyranitar|80/100 brn
|
|-weather|Sandstorm|[upkeep]
|-damage|p1a: Giratina|68/100|[from] Sandstorm
|-heal|p2a: Tyranitar|86/100 brn|[from] item: Leftovers
|-heal|p1a: Giratina|74/100|[from] item: Leftovers
|-damage|p2a: Tyranitar|80/100 brn|[from] brn
|upkeep
|turn|125
|
|t:|1621380489
|switch|p2a: Giratina|Giratina|87/100
|-damage|p2a: Giratina|75/100|[from] Stealth Rock
|-ability|p2a: Giratina|Pressure
|move|p1a: Giratina|Rest|p1a: Giratina
|-status|p1a: Giratina|slp|[from] move: Rest
|-heal|p1a: Giratina|100/100 slp|[silent]
|
|-weather|none
|-heal|p2a: Giratina|81/100|[from] item: Leftovers
|upkeep
|turn|126
|
|t:|1621380494
|move|p2a: Giratina|Defog|p1a: Giratina
|-unboost|p1a: Giratina|evasion|1
|-sideend|p1: alwaysrinse|Stealth Rock|[from] move: Defog|[of] p2a: Giratina
|-sideend|p2: PokemhIsntAFurry|Stealth Rock|[from] move: Defog|[of] p2a: Giratina
|cant|p1a: Giratina|slp
|
|-heal|p2a: Giratina|87/100|[from] item: Leftovers
|upkeep
|turn|127
|
|t:|1621380499
|switch|p2a: Chansey|Chansey, F|96/100
|cant|p1a: Giratina|slp
|
|upkeep
|turn|128
|
|t:|1621380515
|switch|p2a: Giratina|Giratina|87/100
|-ability|p2a: Giratina|Pressure
|switch|p1a: Sableye|Sableye-Mega, F|75/100
|
|-heal|p2a: Giratina|93/100|[from] item: Leftovers
|upkeep
|turn|129
|
|t:|1621380520
|switch|p2a: Chansey|Chansey, F|96/100
|move|p1a: Sableye|Will-O-Wisp|p2a: Chansey
|-status|p2a: Chansey|brn
|
|-damage|p2a: Chansey|90/100 brn|[from] brn
|upkeep
|turn|130
|
|t:|1621380523
|switch|p2a: Sableye|Sableye-Mega, M|100/100
|switch|p1a: Giratina|Giratina|100/100 slp
|-ability|p1a: Giratina|Pressure
|
|upkeep
|turn|131
|
|t:|1621380526
|switch|p2a: Giratina|Giratina|93/100
|-ability|p2a: Giratina|Pressure
|-curestatus|p1a: Giratina|slp|[msg]
|move|p1a: Giratina|Will-O-Wisp|p2a: Giratina|[miss]
|-miss|p1a: Giratina|p2a: Giratina
|
|-heal|p2a: Giratina|99/100|[from] item: Leftovers
|upkeep
|turn|132
|
|t:|1621380531
|switch|p2a: Sableye|Sableye-Mega, M|100/100
|move|p1a: Giratina|Will-O-Wisp|p2a: Sableye
|move|p2a: Sableye|Will-O-Wisp|p1a: Giratina|[from]ability: Magic Bounce
|-status|p1a: Giratina|brn
|
|-damage|p1a: Giratina|94/100 brn|[from] brn
|upkeep
|turn|133
|
|t:|1621380536
|switch|p2a: Chansey|Chansey, F|90/100
|move|p1a: Giratina|Will-O-Wisp|p2a: Chansey
|-status|p2a: Chansey|brn
|
|-heal|p1a: Giratina|100/100 brn|[from] item: Leftovers
|-damage|p1a: Giratina|94/100 brn|[from] brn
|-damage|p2a: Chansey|83/100 brn|[from] brn
|upkeep
|turn|134
|
|t:|1621380540
|-curestatus|p2a: Chansey|brn|[from] ability: Natural Cure
|switch|p2a: Sableye|Sableye-Mega, M|100/100
|move|p1a: Giratina|Will-O-Wisp|p2a: Sableye
|move|p2a: Sableye|Will-O-Wisp|p1a: Giratina|[from]ability: Magic Bounce
|-fail|p1a: Giratina|brn
|
|-heal|p1a: Giratina|100/100 brn|[from] item: Leftovers
|-damage|p1a: Giratina|94/100 brn|[from] brn
|upkeep
|turn|135
|
|t:|1621380542
|switch|p2a: Chansey|Chansey, F|83/100
|move|p1a: Giratina|Rest|p1a: Giratina
|-status|p1a: Giratina|slp|[from] move: Rest
|-heal|p1a: Giratina|100/100 slp|[silent]
|
|upkeep
|turn|136
|
|t:|1621380544
|switch|p2a: Sableye|Sableye-Mega, M|100/100
|cant|p1a: Giratina|slp
|
|upkeep
|turn|137
|
|t:|1621380549
|switch|p2a: Giratina|Giratina|99/100
|-ability|p2a: Giratina|Pressure
|cant|p1a: Giratina|slp
|
|-heal|p2a: Giratina|100/100|[from] item: Leftovers
|upkeep
|turn|138
|
|t:|1621380552
|switch|p2a: Sableye|Sableye-Mega, M|100/100
|switch|p1a: Sableye|Sableye-Mega, F|75/100
|
|upkeep
|turn|139
|
|t:|1621380556
|switch|p2a: Chansey|Chansey, F|83/100
|switch|p1a: Giratina|Giratina|100/100 slp
|-ability|p1a: Giratina|Pressure
|
|upkeep
|turn|140
|
|t:|1621380560
|switch|p1a: Sableye|Sableye-Mega, F|75/100
|switch|p2a: Giratina|Giratina|100/100
|-ability|p2a: Giratina|Pressure
|
|upkeep
|turn|141
|
|t:|1621380564
|switch|p2a: Chansey|Chansey, F|83/100
|switch|p1a: Giratina|Giratina|100/100 slp
|-ability|p1a: Giratina|Pressure
|
|upkeep
|turn|142
|
|t:|1621380568
|switch|p1a: Sableye|Sableye-Mega, F|75/100
|switch|p2a: Giratina|Giratina|100/100
|-ability|p2a: Giratina|Pressure
|
|upkeep
|turn|143
|
|t:|1621380581
|switch|p2a: Chansey|Chansey, F|83/100
|switch|p1a: Giratina|Giratina|100/100 slp
|-ability|p1a: Giratina|Pressure
|
|upkeep
|turn|144
|
|t:|1621380585
|switch|p1a: Sableye|Sableye-Mega, F|75/100
|switch|p2a: Sableye|Sableye-Mega, M|100/100
|
|upkeep
|turn|145
|
|t:|1621380587
|switch|p1a: Giratina|Giratina|100/100 slp
|-ability|p1a: Giratina|Pressure
|switch|p2a: Chansey|Chansey, F|83/100
|
|upkeep
|turn|146
|
|t:|1621380595
|switch|p1a: Sableye|Sableye-Mega, F|75/100
|switch|p2a: Giratina|Giratina|100/100
|-ability|p2a: Giratina|Pressure
|
|upkeep
|turn|147
alwaysrinse is offering a tie.
|
|t:|1621380605
|switch|p2a: Chansey|Chansey, F|83/100
|switch|p1a: Giratina|Giratina|100/100 slp
|-ability|p1a: Giratina|Pressure
|
|upkeep
|turn|148
|
|t:|1621380612
|switch|p1a: Sableye|Sableye-Mega, F|75/100
|switch|p2a: Sableye|Sableye-Mega, M|100/100
|
|upkeep
|turn|149
|
|t:|1621380616
|switch|p1a: Giratina|Giratina|100/100 slp
|-ability|p1a: Giratina|Pressure
|switch|p2a: Tyranitar|Tyranitar, F|80/100 brn
|-weather|Sandstorm|[from] ability: Sand Stream|[of] p2a: Tyranitar
|
|-weather|Sandstorm|[upkeep]
|-damage|p1a: Giratina|94/100 slp|[from] Sandstorm
|-heal|p1a: Giratina|100/100 slp|[from] item: Leftovers
|-heal|p2a: Tyranitar|86/100 brn|[from] item: Leftovers
|-damage|p2a: Tyranitar|80/100 brn|[from] brn
|upkeep
|turn|150
|
|t:|1621380622
|switch|p1a: Tyranitar|Tyranitar, F|100/100
|move|p2a: Tyranitar|Rest|p2a: Tyranitar
|-status|p2a: Tyranitar|slp|[from] move: Rest
|-heal|p2a: Tyranitar|100/100 slp|[silent]
|
|-weather|Sandstorm|[upkeep]
|upkeep
|turn|151
alwaysrinse is offering a tie.
|c|☆alwaysrinse|ok
|c|☆alwaysrinse|i'm forefeiting
|c|☆alwaysrinse|boring
|-message|alwaysrinse forfeited.
|
|win|PokemhIsntAFurry
|l|☆alwaysrinse
|raw|alwaysrinse's rating: 1888 &rarr; <strong>1862</strong><br />(-26 for losing)
|raw|PokemhIsntAFurry's rating: 1789 &rarr; <strong>1815</strong><br />(+26 for winning)
