|j|☆kerrozxl-
|j|☆iHaveAsthma
|t:|1664759569
|gametype|singles
|player|p1|kerrozxl-|unknownf|1750
|player|p2|iHaveAsthma|doctor|1974
|teamsize|p1|6
|teamsize|p2|6
|gen|8
|tier|[Gen 8] National Dex AG
|rated|
|rule|HP Percentage Mod: HP is shown in percentages
|rule|Endless Battle Clause: Forcing endless battles is banned
|clearpoke
|poke|p1|Xerneas-*|
|poke|p1|Yveltal|
|poke|p1|Marshadow|
|poke|p1|Necrozma-Dusk-Mane|
|poke|p1|Rayquaza|
|poke|p1|Groudon|
|poke|p2|Rayquaza|
|poke|p2|Groudon|
|poke|p2|Arceus-*|
|poke|p2|Lugia|
|poke|p2|Arceus-*|
|poke|p2|Tyranitar, M|
|teampreview
|
|t:|1664759653
|start
|switch|p1a: Rayquaza|Rayquaza, shiny|100/100
|switch|p2a: Arceus|Arceus-Ground|100/100
|-ability|p1a: Rayquaza|Air Lock
|turn|1
|inactive|Battle timer is ON: inactive players will automatically lose when time's up. (requested by iHaveAsthma)
|
|t:|1664759657
|switch|p2a: Lugia|Lugia|100/100
|detailschange|p1a: Rayquaza|Rayquaza-Mega, shiny
|-mega|p1a: Rayquaza|Rayquaza|
|-weather|DeltaStream|[from] ability: Delta Stream|[of] p1a: Rayquaza
|move|p1a: Rayquaza|Dragon Ascent|p2a: Lugia
|-damage|p2a: Lugia|66/100
|-unboost|p1a: Rayquaza|def|1
|-unboost|p1a: Rayquaza|spd|1
|
|-weather|DeltaStream|[upkeep]
|upkeep
|turn|2
|
|t:|1664759678
|move|p1a: Rayquaza|Dragon Ascent|p2a: Lugia
|-damage|p2a: Lugia|0 fnt
|-unboost|p1a: Rayquaza|def|1
|-unboost|p1a: Rayquaza|spd|1
|faint|p2a: Lugia
|
|-weather|DeltaStream|[upkeep]
|upkeep
|
|t:|1664759682
|switch|p2a: Rayquaza|Rayquaza|100/100
|-ability|p2a: Rayquaza|Air Lock
|turn|3
|
|t:|1664759696
|detailschange|p2a: Rayquaza|Rayquaza-Mega
|-mega|p2a: Rayquaza|Rayquaza|
|move|p2a: Rayquaza|Scale Shot|p1a: Rayquaza|[miss]
|-miss|p2a: Rayquaza|p1a: Rayquaza
|move|p1a: Rayquaza|Dragon Ascent|p2a: Rayquaza
|-enditem|p2a: Rayquaza|Focus Sash
|-damage|p2a: Rayquaza|1/100
|-unboost|p1a: Rayquaza|def|1
|-unboost|p1a: Rayquaza|spd|1
|
|-weather|DeltaStream|[upkeep]
|upkeep
|turn|4
|
|t:|1664759725
|move|p2a: Rayquaza|Extreme Speed|p1a: Rayquaza
|-damage|p1a: Rayquaza|4/100
|move|p1a: Rayquaza|Dragon Ascent|p2a: Rayquaza
|-damage|p2a: Rayquaza|0 fnt
|-unboost|p1a: Rayquaza|def|1
|-unboost|p1a: Rayquaza|spd|1
|faint|p2a: Rayquaza
|
|-weather|DeltaStream|[upkeep]
|upkeep
|
|t:|1664759730
|switch|p2a: Groudon|Groudon|100/100
|detailschange|p2a: Groudon|Groudon-Primal
|-primal|p2a: Groudon
|-weather|DesolateLand|[from] ability: Desolate Land|[of] p2a: Groudon
|turn|5
|
|t:|1664759734
|move|p1a: Rayquaza|Dragon Ascent|p2a: Groudon
|-damage|p2a: Groudon|6/100
|-unboost|p1a: Rayquaza|def|1
|-unboost|p1a: Rayquaza|spd|1
|move|p2a: Groudon|Stealth Rock|p1a: Rayquaza
|-sidestart|p1: kerrozxl-|move: Stealth Rock
|
|-weather|DesolateLand|[upkeep]
|upkeep
|turn|6
|
|t:|1664759737
|move|p1a: Rayquaza|Dragon Ascent|p2a: Groudon
|-damage|p2a: Groudon|0 fnt
|-unboost|p1a: Rayquaza|def|1
|-unboost|p1a: Rayquaza|spd|1
|faint|p2a: Groudon
|-weather|none
|
|upkeep
|
|t:|1664759742
|switch|p2a: Arceus|Arceus-Ground|100/100
|turn|7
|
|t:|1664759747
|move|p1a: Rayquaza|Dragon Ascent|p2a: Arceus
|-damage|p2a: Arceus|31/100
|move|p2a: Arceus|Calm Mind|p2a: Arceus
|-boost|p2a: Arceus|spa|1
|-boost|p2a: Arceus|spd|1
|
|upkeep
|turn|8
|
|t:|1664759750
|move|p1a: Rayquaza|Dragon Ascent|p2a: Arceus
|-damage|p2a: Arceus|0 fnt
|faint|p2a: Arceus
|
|upkeep
|
|t:|1664759753
|switch|p2a: Arceus|Arceus-Flying|100/100
|turn|9
|
|t:|1664759755
|-activate|p1a: Rayquaza|move: Struggle
|move|p1a: Rayquaza|Struggle|p2a: Arceus
|-damage|p2a: Arceus|73/100
|-damage|p1a: Rayquaza|0 fnt|[from] recoil
|faint|p1a: Rayquaza
|move|p2a: Arceus|Swords Dance|p2a: Arceus
|-boost|p2a: Arceus|atk|2
|
|upkeep
|
|t:|1664759762
|switch|p1a: Marshadow|Marshadow|100/100
|-damage|p1a: Marshadow|94/100|[from] Stealth Rock
|turn|10
|
|t:|1664759767
|-start|p2a: Arceus|Dynamax|
|-heal|p2a: Arceus|73/100|[silent]
|move|p1a: Marshadow|Spectral Thief||[still]
|-clearpositiveboost|p2a: Arceus|p1a: Marshadow|move: Spectral Thief
|-boost|p1a: Marshadow|atk|2
|-anim|p1a: Marshadow|Spectral Thief|p2a: Arceus
|-damage|p2a: Arceus|43/100
|move|p2a: Arceus|Max Airstream|p1a: Marshadow
|-supereffective|p1a: Marshadow
|-damage|p1a: Marshadow|0 fnt
|-boost|p2a: Arceus|spe|1
|faint|p1a: Marshadow
|
|upkeep
|
|t:|1664759769
|switch|p1a: Dynamax Yveltal|Xerneas|100/100
|-damage|p1a: Dynamax Yveltal|88/100|[from] Stealth Rock
|-ability|p1a: Dynamax Yveltal|Fairy Aura
|turn|11
|
|t:|1664759771
|-start|p1a: Dynamax Yveltal|Dynamax|
|-heal|p1a: Dynamax Yveltal|88/100|[silent]
|move|p2a: Arceus|Max Airstream|p1a: Dynamax Yveltal
|-damage|p1a: Dynamax Yveltal|53/100
|-boost|p2a: Arceus|spe|1
|move|p1a: Dynamax Yveltal|Max Lightning|p2a: Arceus
|-supereffective|p2a: Arceus
|-damage|p2a: Arceus|5/100
|-fieldstart|move: Electric Terrain
|
|upkeep
|turn|12
|
|t:|1664759775
|move|p1a: Dynamax Yveltal|Max Guard|p1a: Dynamax Yveltal
|-singleturn|p1a: Dynamax Yveltal|Max Guard
|move|p2a: Arceus|Max Airstream|p1a: Dynamax Yveltal
|-activate|p1a: Dynamax Yveltal|move: Max Guard
|
|upkeep
|-end|p2a: Arceus|Dynamax
|-heal|p2a: Arceus|5/100|[silent]
|turn|13
|c|☆kerrozxl-|gg
|
|t:|1664759782
|move|p2a: Arceus|Recover|p2a: Arceus
|-heal|p2a: Arceus|55/100
|move|p1a: Dynamax Yveltal|Max Starfall|p2a: Arceus
|-damage|p2a: Arceus|0 fnt
|-fieldstart|move: Misty Terrain
|faint|p2a: Arceus
|
|upkeep
|-message|iHaveAsthma forfeited.
|
|win|kerrozxl-
|raw|kerrozxl-'s rating: 1750 &rarr; <strong>1781</strong><br />(+31 for winning)
|raw|iHaveAsthma's rating: 1974 &rarr; <strong>1943</strong><br />(-31 for losing)
|l|☆iHaveAsthma
|l|☆kerrozxl-
||Ladder isn't responding, score probably updated but might not have (Request timeout).
