|j|☆Emorawr79
|j|☆DiegoDM®
|t:|1654188742
|gametype|singles
|player|p1|Emorawr79|ghetsis|1739
|player|p2|DiegoDM®|wikstrom|1906
|teamsize|p1|6
|teamsize|p2|6
|gen|8
|tier|[Gen 8] National Dex AG
|rated|
|rule|HP Percentage Mod: HP is shown in percentages
|rule|Endless Battle Clause: Forcing endless battles is banned
|clearpoke
|poke|p1|Calyrex-Shadow|
|poke|p1|Smeargle, F|
|poke|p1|Ditto|
|poke|p1|Zygarde|
|poke|p1|Yveltal|
|poke|p1|Ho-Oh|
|poke|p2|Deoxys-Attack|
|poke|p2|Calyrex-Shadow|
|poke|p2|Lugia|
|poke|p2|Xerneas-*|
|poke|p2|Rayquaza|
|poke|p2|Yveltal|
|teampreview
|inactive|Battle timer is ON: inactive players will automatically lose when time's up. (requested by DiegoDM®)
|
|t:|1654188784
|start
|switch|p1a: Smeargle|Smeargle, F|100/100
|switch|p2a: Deoxys|Deoxys-Attack|100/100
|-ability|p2a: Deoxys|Pressure
|turn|1
|
|t:|1654188799
|move|p2a: Deoxys|Extreme Speed|p1a: Smeargle
|-damage|p1a: Smeargle|4/100
|move|p1a: Smeargle|Spore|p2a: Deoxys
|-status|p2a: Deoxys|slp|[from] move: Spore
|
|-ability|p1a: Smeargle|Moody|boost
|-boost|p1a: Smeargle|spe|2
|-unboost|p1a: Smeargle|spd|1
|upkeep
|turn|2
|
|t:|1654188810
|switch|p2a: Rayquaza|Rayquaza|100/100
|-ability|p2a: Rayquaza|Air Lock
|move|p1a: Smeargle|Stealth Rock|p2a: Rayquaza
|-sidestart|p2: DiegoDM®|move: Stealth Rock
|
|-ability|p1a: Smeargle|Moody|boost
|-boost|p1a: Smeargle|def|2
|-unboost|p1a: Smeargle|spd|1
|upkeep
|turn|3
|
|t:|1654188813
|move|p1a: Smeargle|Extreme Speed|p2a: Rayquaza
|-damage|p2a: Rayquaza|83/100
|move|p2a: Rayquaza|Extreme Speed|p1a: Smeargle
|-damage|p1a: Smeargle|0 fnt
|faint|p1a: Smeargle
|
|upkeep
|
|t:|1654188819
|switch|p1a: Ho-Oh|Ho-Oh|100/100
|turn|4
|
|t:|1654188822
|detailschange|p2a: Rayquaza|Rayquaza-Mega
|-mega|p2a: Rayquaza|Rayquaza|
|-weather|DeltaStream|[from] ability: Delta Stream|[of] p2a: Rayquaza
|move|p2a: Rayquaza|Dragon Dance|p2a: Rayquaza
|-boost|p2a: Rayquaza|atk|1
|-boost|p2a: Rayquaza|spe|1
|move|p1a: Ho-Oh|Sacred Fire|p2a: Rayquaza
|-resisted|p2a: Rayquaza
|-damage|p2a: Rayquaza|61/100
|-status|p2a: Rayquaza|brn
|
|-weather|DeltaStream|[upkeep]
|-damage|p2a: Rayquaza|55/100 brn|[from] brn
|upkeep
|turn|5
|
|t:|1654188826
|move|p2a: Rayquaza|Dragon Ascent|p1a: Ho-Oh
|-damage|p1a: Ho-Oh|44/100
|-unboost|p2a: Rayquaza|def|1
|-unboost|p2a: Rayquaza|spd|1
|move|p1a: Ho-Oh|Sacred Fire|p2a: Rayquaza
|-resisted|p2a: Rayquaza
|-damage|p2a: Rayquaza|26/100 brn
|
|-weather|DeltaStream|[upkeep]
|-damage|p2a: Rayquaza|20/100 brn|[from] brn
|upkeep
|turn|6
|
|t:|1654188832
|move|p2a: Rayquaza|Dragon Ascent|p1a: Ho-Oh
|-damage|p1a: Ho-Oh|0 fnt
|-unboost|p2a: Rayquaza|def|1
|-unboost|p2a: Rayquaza|spd|1
|faint|p1a: Ho-Oh
|
|-weather|DeltaStream|[upkeep]
|-damage|p2a: Rayquaza|14/100 brn|[from] brn
|upkeep
|
|t:|1654188834
|switch|p1a: Ditto|Ditto|100/100
|-transform|p1a: Ditto|p2a: Rayquaza|[from] ability: Imposter
|turn|7
|
|t:|1654188837
|move|p2a: Rayquaza|Extreme Speed|p1a: Ditto
|-damage|p1a: Ditto|39/100
|move|p1a: Ditto|Extreme Speed|p2a: Rayquaza
|-damage|p2a: Rayquaza|0 fnt
|faint|p2a: Rayquaza
|
|-weather|DeltaStream|[upkeep]
|upkeep
|
|t:|1654188842
|switch|p2a: Lugia|Lugia|100/100
|turn|8
|
|t:|1654188846
|move|p1a: Ditto|Dragon Ascent|p2a: Lugia
|-damage|p2a: Lugia|67/100
|-unboost|p1a: Ditto|def|1
|-unboost|p1a: Ditto|spd|1
|move|p2a: Lugia|Thunder Wave|p1a: Ditto|[miss]
|-miss|p2a: Lugia|p1a: Ditto
|
|-weather|DeltaStream|[upkeep]
|upkeep
|turn|9
|
|t:|1654188864
|move|p1a: Ditto|Dragon Ascent|p2a: Lugia
|-damage|p2a: Lugia|0 fnt
|-unboost|p1a: Ditto|def|1
|-unboost|p1a: Ditto|spd|1
|faint|p2a: Lugia
|
|-weather|DeltaStream|[upkeep]
|upkeep
|
|t:|1654188868
|switch|p2a: Deoxys|Deoxys-Attack|100/100 slp
|-damage|p2a: Deoxys|88/100 slp|[from] Stealth Rock
|-ability|p2a: Deoxys|Pressure
|turn|10
|
|t:|1654188870
|cant|p2a: Deoxys|slp
|move|p1a: Ditto|Dragon Ascent|p2a: Deoxys
|-crit|p2a: Deoxys
|-damage|p2a: Deoxys|0 fnt
|-unboost|p1a: Ditto|def|1
|-unboost|p1a: Ditto|spd|1
|faint|p2a: Deoxys
|
|-weather|DeltaStream|[upkeep]
|upkeep
|
|t:|1654188876
|switch|p2a: Yveltal|Yveltal|100/100
|-damage|p2a: Yveltal|76/100|[from] Stealth Rock
|-ability|p2a: Yveltal|Dark Aura
|turn|11
|
|t:|1654188878
|-start|p2a: Yveltal|Dynamax|
|-heal|p2a: Yveltal|76/100|[silent]
|move|p1a: Ditto|Dragon Ascent|p2a: Yveltal
|-damage|p2a: Yveltal|21/100
|-unboost|p1a: Ditto|def|1
|-unboost|p1a: Ditto|spd|1
|move|p2a: Yveltal|Max Airstream|p1a: Ditto
|-damage|p1a: Ditto|0 fnt
|-boost|p2a: Yveltal|spe|1
|faint|p1a: Ditto
|-weather|none
|-damage|p2a: Yveltal|16/100|[from] item: Life Orb
|
|upkeep
|
|t:|1654188882
|switch|p1a: Yveltal|Yveltal|100/100
|-ability|p1a: Yveltal|Dark Aura
|turn|12
|
|t:|1654188888
|-start|p1a: Yveltal|Dynamax|
|-heal|p1a: Yveltal|100/100|[silent]
|move|p2a: Yveltal|Max Airstream|p1a: Yveltal
|-damage|p1a: Yveltal|60/100
|-boost|p2a: Yveltal|spe|1
|-damage|p2a: Yveltal|11/100|[from] item: Life Orb
|move|p1a: Yveltal|Max Airstream|p2a: Yveltal
|-damage|p2a: Yveltal|0 fnt
|-boost|p1a: Yveltal|spe|1
|faint|p2a: Yveltal
|-damage|p1a: Yveltal|55/100|[from] item: Life Orb
|
|upkeep
|
|t:|1654188894
|switch|p2a: Calyrex|Calyrex-Shadow|100/100
|-ability|p2a: Calyrex|As One
|-ability|p2a: Calyrex|Unnerve
|-damage|p2a: Calyrex|88/100|[from] Stealth Rock
|turn|13
|
|t:|1654188896
|move|p1a: Yveltal|Max Darkness|p2a: Calyrex
|-supereffective|p2a: Calyrex
|-damage|p2a: Calyrex|0 fnt
|faint|p2a: Calyrex
|-damage|p1a: Yveltal|50/100|[from] item: Life Orb
|
|upkeep
|
|t:|1654188898
|switch|p2a: Xerneas|Xerneas|100/100
|-damage|p2a: Xerneas|88/100|[from] Stealth Rock
|-ability|p2a: Xerneas|Fairy Aura
|turn|14
|
|t:|1654188900
|move|p1a: Yveltal|Max Darkness|p2a: Xerneas
|-resisted|p2a: Xerneas
|-damage|p2a: Xerneas|40/100
|-unboost|p2a: Xerneas|spd|1
|-damage|p1a: Yveltal|45/100|[from] item: Life Orb
|move|p2a: Xerneas|Geomancy||[still]
|-prepare|p2a: Xerneas|Geomancy
|-enditem|p2a: Xerneas|Power Herb
|-anim|p2a: Xerneas|Geomancy|p2a: Xerneas
|-boost|p2a: Xerneas|spa|2
|-boost|p2a: Xerneas|spd|2
|-boost|p2a: Xerneas|spe|2
|
|upkeep
|-end|p1a: Yveltal|Dynamax
|-heal|p1a: Yveltal|45/100|[silent]
|turn|15
|
|t:|1654188903
|move|p2a: Xerneas|Moonblast|p1a: Yveltal
|-supereffective|p1a: Yveltal
|-damage|p1a: Yveltal|0 fnt
|faint|p1a: Yveltal
|
|upkeep
|
|t:|1654188905
|switch|p1a: Calyrex|Calyrex-Shadow|100/100
|-ability|p1a: Calyrex|As One
|-ability|p1a: Calyrex|Unnerve
|turn|16
|
|t:|1654188907
|move|p2a: Xerneas|Moonblast|p1a: Calyrex
|-enditem|p1a: Calyrex|Focus Sash
|-damage|p1a: Calyrex|1/100
|-unboost|p1a: Calyrex|spa|1
|move|p1a: Calyrex|Psyshock|p2a: Xerneas
|-damage|p2a: Xerneas|14/100
|
|upkeep
|turn|17
|
|t:|1654188911
|move|p2a: Xerneas|Moonblast|p1a: Calyrex
|-damage|p1a: Calyrex|0 fnt
|faint|p1a: Calyrex
|
|upkeep
|
|t:|1654188914
|switch|p1a: Zygarde|Zygarde|100/100
|turn|18
|
|t:|1654188916
|move|p2a: Xerneas|Moonblast|p1a: Zygarde
|-supereffective|p1a: Zygarde
|-damage|p1a: Zygarde|0 fnt
|faint|p1a: Zygarde
|
|win|DiegoDM®
|raw|Emorawr79's rating: 1739 &rarr; <strong>1728</strong><br />(-11 for losing)
|raw|DiegoDM®'s rating: 1906 &rarr; <strong>1917</strong><br />(+11 for winning)
|l|☆Emorawr79
||Ladder isn't responding, score probably updated but might not have (Request timeout).
