|j|☆700club
|j|☆WhiteCapeMarth
|t:|1666373159
|gametype|singles
|player|p1|700club|shadowtriad|1548
|player|p2|WhiteCapeMarth|emmet|1538
|teamsize|p1|6
|teamsize|p2|6
|gen|8
|tier|[Gen 8] National Dex AG
|rated|
|rule|HP Percentage Mod: HP is shown in percentages
|rule|Endless Battle Clause: Forcing endless battles is banned
|clearpoke
|poke|p1|Urshifu-*, M|
|poke|p1|Deoxys-Speed|
|poke|p1|Rayquaza|
|poke|p1|Ditto|
|poke|p1|Necrozma-Dusk-Mane|
|poke|p1|Zacian-*|
|poke|p2|Smeargle, F|
|poke|p2|Necrozma-Dawn-Wings|
|poke|p2|Yveltal|
|poke|p2|Xerneas-*|
|poke|p2|Eiscue, M|
|poke|p2|Salamence, F|
|teampreview
|c|☆700club|hi
|c|☆WhiteCapeMarth|yer
|
|t:|1666373174
|start
|switch|p1a: Zacian|Zacian-Crowned|100/100
|switch|p2a: Smeargle|Smeargle, F|100/100
|-ability|p1a: Zacian|Intrepid Sword|boost
|-boost|p1a: Zacian|atk|1
|turn|1
|
|t:|1666373181
|move|p1a: Zacian|Substitute|p1a: Zacian
|-start|p1a: Zacian|Substitute
|-damage|p1a: Zacian|76/100
|move|p2a: Smeargle|No Retreat|p2a: Smeargle
|-boost|p2a: Smeargle|atk|1
|-boost|p2a: Smeargle|def|1
|-boost|p2a: Smeargle|spa|1
|-boost|p2a: Smeargle|spd|1
|-boost|p2a: Smeargle|spe|1
|-start|p2a: Smeargle|move: No Retreat
|
|-ability|p2a: Smeargle|Moody|boost
|-boost|p2a: Smeargle|def|2
|-unboost|p2a: Smeargle|spe|1
|upkeep
|turn|2
|
|t:|1666373193
|move|p1a: Zacian|Behemoth Blade|p2a: Smeargle
|-damage|p2a: Smeargle|15/100
|move|p2a: Smeargle|Baton Pass|p2a: Smeargle
|
|t:|1666373206
|switch|p2a: Yveltal|Yveltal|100/100|[from]move: Baton Pass
|-ability|p2a: Yveltal|Dark Aura
|
|upkeep
|turn|3
|
|t:|1666373228
|move|p1a: Zacian|Wild Charge|p2a: Yveltal
|-supereffective|p2a: Yveltal
|-damage|p2a: Yveltal|55/100
|-enditem|p2a: Yveltal|Weakness Policy
|-boost|p2a: Yveltal|atk|2|[from] item: Weakness Policy
|-boost|p2a: Yveltal|spa|2|[from] item: Weakness Policy
|-damage|p1a: Zacian|62/100|[from] Recoil
|move|p2a: Yveltal|Heat Wave|p1a: Zacian
|-supereffective|p1a: Zacian
|-crit|p1a: Zacian
|-end|p1a: Zacian|Substitute
|
|upkeep
|turn|4
|
|t:|1666373240
|move|p1a: Zacian|Wild Charge|p2a: Yveltal
|-supereffective|p2a: Yveltal
|-damage|p2a: Yveltal|14/100
|-damage|p1a: Zacian|49/100|[from] Recoil
|move|p2a: Yveltal|Heat Wave|p1a: Zacian
|-supereffective|p1a: Zacian
|-damage|p1a: Zacian|0 fnt
|faint|p1a: Zacian
|
|upkeep
|c|☆700club|so cool
|
|t:|1666373253
|switch|p1a: Rayquaza|Rayquaza|100/100
|-ability|p1a: Rayquaza|Air Lock
|turn|5
|
|t:|1666373262
|detailschange|p1a: Rayquaza|Rayquaza-Mega
|-mega|p1a: Rayquaza|Rayquaza|
|-weather|DeltaStream|[from] ability: Delta Stream|[of] p1a: Rayquaza
|move|p1a: Rayquaza|Extreme Speed|p2a: Yveltal
|-damage|p2a: Yveltal|0 fnt
|faint|p2a: Yveltal
|-damage|p1a: Rayquaza|91/100|[from] item: Life Orb
|
|-weather|DeltaStream|[upkeep]
|upkeep
|c|☆WhiteCapeMarth|what xD
|
|t:|1666373278
|switch|p2a: Xerneas|Xerneas|100/100
|-ability|p2a: Xerneas|Fairy Aura
|turn|6
|c|☆700club|that tech you just showed off
|
|t:|1666373290
|move|p1a: Rayquaza|Dragon Ascent|p2a: Xerneas
|-damage|p2a: Xerneas|0 fnt
|-unboost|p1a: Rayquaza|def|1
|-unboost|p1a: Rayquaza|spd|1
|faint|p2a: Xerneas
|-damage|p1a: Rayquaza|81/100|[from] item: Life Orb
|
|-weather|DeltaStream|[upkeep]
|upkeep
|c|☆700club|i like it
|c|☆WhiteCapeMarth|thanks mane
|
|t:|1666373334
|switch|p2a: Necrozma|Necrozma-Dawn-Wings|100/100
|turn|7
|
|t:|1666373389
|move|p1a: Rayquaza|Dragon Ascent|p2a: Necrozma
|-damage|p2a: Necrozma|17/100
|-unboost|p1a: Rayquaza|def|1
|-unboost|p1a: Rayquaza|spd|1
|-damage|p1a: Rayquaza|71/100|[from] item: Life Orb
|move|p2a: Necrozma|Moongeist Beam|p1a: Rayquaza
|-damage|p1a: Rayquaza|0 fnt
|faint|p1a: Rayquaza
|-weather|none
|
|upkeep
|
|t:|1666373413
|switch|p1a: Deoxys|Deoxys-Speed|100/100
|-ability|p1a: Deoxys|Pressure
|turn|8
|
|t:|1666373429
|move|p1a: Deoxys|Light Screen|p1a: Deoxys
|-sidestart|p1: 700club|move: Light Screen
|move|p2a: Necrozma|Moonlight|p2a: Necrozma
|-heal|p2a: Necrozma|67/100
|
|upkeep
|turn|9
|
|t:|1666373435
|move|p1a: Deoxys|Reflect|p1a: Deoxys
|-sidestart|p1: 700club|Reflect
|move|p2a: Necrozma|Moonlight|p2a: Necrozma
|-heal|p2a: Necrozma|100/100
|
|upkeep
|turn|10
|
|t:|1666373443
|move|p1a: Deoxys|Stealth Rock|p2a: Necrozma
|-sidestart|p2: WhiteCapeMarth|move: Stealth Rock
|move|p2a: Necrozma|Moongeist Beam|p1a: Deoxys
|-supereffective|p1a: Deoxys
|-damage|p1a: Deoxys|13/100
|
|upkeep
|turn|11
|
|t:|1666373452
|move|p1a: Deoxys|Taunt|p2a: Necrozma
|-start|p2a: Necrozma|move: Taunt
|move|p2a: Necrozma|Moongeist Beam|p1a: Deoxys
|-supereffective|p1a: Deoxys
|-damage|p1a: Deoxys|0 fnt
|faint|p1a: Deoxys
|
|upkeep
|
|t:|1666373476
|switch|p1a: Urshifu|Urshifu, M|100/100
|turn|12
|
|t:|1666373493
|-start|p1a: Urshifu|Dynamax|Gmax
|-heal|p1a: Urshifu|100/100|[silent]
|move|p1a: Urshifu|G-Max One Blow|p2a: Necrozma
|-supereffective|p2a: Necrozma
|-damage|p2a: Necrozma|0 fnt
|faint|p2a: Necrozma
|
|-sideend|p1: 700club|move: Light Screen
|upkeep
|
|t:|1666373509
|switch|p2a: Eiscue|Eiscue, M|100/100
|-damage|p2a: Eiscue|75/100|[from] Stealth Rock
|turn|13
|
|t:|1666373517
|move|p1a: Urshifu|Max Knuckle|p2a: Eiscue
|-activate|p2a: Eiscue|ability: Ice Face
|-damage|p2a: Eiscue|75/100
|-boost|p1a: Urshifu|atk|1
|detailschange|p2a: Eiscue|Eiscue-Noice, M
|move|p2a: Eiscue|Belly Drum|p2a: Eiscue
|-damage|p2a: Eiscue|25/100
|-setboost|p2a: Eiscue|atk|6|[from] move: Belly Drum
|-enditem|p2a: Eiscue|Salac Berry|[eat]
|-boost|p2a: Eiscue|spe|1|[from] item: Salac Berry
|
|-sideend|p1: 700club|Reflect
|upkeep
|turn|14
|c|☆700club|wow nice
|
|t:|1666373551
|-end|p1a: Urshifu|Dynamax
|-heal|p1a: Urshifu|100/100|[silent]
|switch|p1a: Necrozma|Necrozma-Dusk-Mane|100/100
|move|p2a: Eiscue|Liquidation|p1a: Necrozma
|-damage|p1a: Necrozma|26/100
|
|upkeep
|turn|15
|c|☆WhiteCapeMarth|thx
|c|☆700club|you winning damn
|
|t:|1666373589
|detailschange|p1a: Necrozma|Necrozma-Ultra
|-burst|p1a: Necrozma|Necrozma|Ultranecrozium Z
|-start|p2a: Eiscue|Dynamax|
|-heal|p2a: Eiscue|25/100|[silent]
|move|p2a: Eiscue|Max Hailstorm|p1a: Necrozma
|-supereffective|p1a: Necrozma
|-damage|p1a: Necrozma|0 fnt
|-weather|Hail
|-activate|p2a: Eiscue|ability: Ice Face
|detailschange|p2a: Eiscue|Eiscue, M
|faint|p1a: Necrozma
|
|-weather|Hail|[upkeep]
|upkeep
|c|☆WhiteCapeMarth|you can still win
|
|t:|1666373607
|switch|p1a: Urshifu|Urshifu, M|100/100
|turn|16
|
|t:|1666373624
|move|p2a: Eiscue|Max Geyser|p1a: Urshifu
|-damage|p1a: Urshifu|0 fnt
|-weather|RainDance
|faint|p1a: Urshifu
|
|-weather|RainDance|[upkeep]
|upkeep
|
|t:|1666373630
|switch|p1a: Ditto|Ditto|100/100
|-transform|p1a: Ditto|p2a: Eiscue|[from] ability: Imposter
|turn|17
|c|☆WhiteCapeMarth|depending on that ditto's item u win
|
|t:|1666373651
|move|p1a: Ditto|Ice Punch|p2a: Eiscue
|-activate|p2a: Eiscue|ability: Ice Face
|-damage|p2a: Eiscue|25/100
|detailschange|p2a: Eiscue|Eiscue-Noice, M
|move|p2a: Eiscue|Max Hailstorm|p1a: Ditto
|-resisted|p1a: Ditto
|-damage|p1a: Ditto|0 fnt
|-weather|Hail
|-activate|p2a: Eiscue|ability: Ice Face
|detailschange|p2a: Eiscue|Eiscue, M
|faint|p1a: Ditto
|
|win|WhiteCapeMarth
|raw|700club's rating: 1548 &rarr; <strong>1528</strong><br />(-20 for losing)
|raw|WhiteCapeMarth's rating: 1551 &rarr; <strong>1571</strong><br />(+20 for winning)
|c|☆WhiteCapeMarth|gg mane
|c|☆WhiteCapeMarth|very good one
|c|☆700club|lol owned
|c|☆700club|gg
|c|☆WhiteCapeMarth|feel free to steal some tech xD
|c|☆700club|wp
||Ladder isn't responding, score probably updated but might not have (Request timeout).
|c|☆700club|thx
|l|☆WhiteCapeMarth
|c|☆700club|bye have a gg
