|j|☆0.7flower
|j|☆FenixFyre04
|t:|1664513043
|gametype|singles
|player|p1|0.7flower|n|1633
|player|p2|FenixFyre04|benga|1997
|teamsize|p1|6
|teamsize|p2|6
|gen|8
|tier|[Gen 8] National Dex AG
|rated|
|rule|HP Percentage Mod: HP is shown in percentages
|rule|Endless Battle Clause: Forcing endless battles is banned
|clearpoke
|poke|p1|Rayquaza|
|poke|p1|Zacian-*|
|poke|p1|Kyogre|
|poke|p1|Arceus-*|
|poke|p1|Marshadow|
|poke|p1|Ditto|
|poke|p2|Ho-Oh|
|poke|p2|Calyrex-Shadow|
|poke|p2|Necrozma-Dusk-Mane|
|poke|p2|Zacian-*|
|poke|p2|Rayquaza|
|poke|p2|Tyranitar, M|
|teampreview
|inactive|Battle timer is ON: inactive players will automatically lose when time's up. (requested by FenixFyre04)
|j| Kyrianz
|
|t:|1664513053
|start
|switch|p1a: 我也将见你未见的世界|Arceus-Electric, shiny|100/100
|switch|p2a: Rayquaza|Rayquaza|100/100
|-ability|p2a: Rayquaza|Air Lock
|turn|1
|
|t:|1664513063
|detailschange|p2a: Rayquaza|Rayquaza-Mega
|-mega|p2a: Rayquaza|Rayquaza|
|-weather|DeltaStream|[from] ability: Delta Stream|[of] p2a: Rayquaza
|move|p1a: 我也将见你未见的世界|Ice Beam|p2a: Rayquaza
|-activate||deltastream
|-supereffective|p2a: Rayquaza
|-damage|p2a: Rayquaza|40/100
|move|p2a: Rayquaza|V-create|p1a: 我也将见你未见的世界
|-damage|p1a: 我也将见你未见的世界|1/100
|-unboost|p2a: Rayquaza|spe|1
|-unboost|p2a: Rayquaza|def|1
|-unboost|p2a: Rayquaza|spd|1
|
|-weather|DeltaStream|[upkeep]
|upkeep
|turn|2
|
|t:|1664513074
|-weather|none
|switch|p2a: Tyranitar|Tyranitar, M, shiny|100/100
|-weather|Sandstorm|[from] ability: Sand Stream|[of] p2a: Tyranitar
|move|p1a: 我也将见你未见的世界|Ice Beam|p2a: Tyranitar
|-damage|p2a: Tyranitar|89/100
|
|-weather|Sandstorm|[upkeep]
|-damage|p1a: 我也将见你未见的世界|0 fnt|[from] Sandstorm
|faint|p1a: 我也将见你未见的世界
|-heal|p2a: Tyranitar|95/100|[from] item: Leftovers
|upkeep
|l| Kyrianz
|
|t:|1664513087
|switch|p1a: 这样爱你啊|Kyogre, shiny|100/100
|detailschange|p1a: 这样爱你啊|Kyogre-Primal, shiny
|-primal|p1a: 这样爱你啊
|-weather|PrimordialSea|[from] ability: Primordial Sea|[of] p1a: 这样爱你啊
|turn|3
|
|t:|1664513100
|move|p1a: 这样爱你啊|Water Spout|p2a: Tyranitar
|-supereffective|p2a: Tyranitar
|-damage|p2a: Tyranitar|0 fnt
|faint|p2a: Tyranitar
|
|-weather|PrimordialSea|[upkeep]
|upkeep
|
|t:|1664513104
|switch|p2a: Rayquaza|Rayquaza-Mega|40/100
|-weather|DeltaStream|[from] ability: Delta Stream|[of] p2a: Rayquaza
|turn|4
|
|t:|1664513121
|switch|p1a: 走你所走的长路|Zacian-Crowned, shiny|100/100
|-ability|p1a: 走你所走的长路|Intrepid Sword|boost
|-boost|p1a: 走你所走的长路|atk|1
|move|p2a: Rayquaza|Dragon Ascent|p1a: 走你所走的长路
|-resisted|p1a: 走你所走的长路
|-damage|p1a: 走你所走的长路|44/100
|-unboost|p2a: Rayquaza|def|1
|-unboost|p2a: Rayquaza|spd|1
|
|-weather|DeltaStream|[upkeep]
|upkeep
|turn|5
|
|t:|1664513142
|-weather|none
|switch|p2a: Necrozma|Necrozma-Dusk-Mane|100/100
|move|p1a: 走你所走的长路|Close Combat|p2a: Necrozma
|-damage|p2a: Necrozma|59/100
|-unboost|p1a: 走你所走的长路|def|1
|-unboost|p1a: 走你所走的长路|spd|1
|-damage|p1a: 走你所走的长路|28/100|[from] item: Rocky Helmet|[of] p2a: Necrozma
|
|upkeep
|turn|6
|
|t:|1664513159
|switch|p1a: 这样爱你啊|Kyogre-Primal, shiny|100/100
|-weather|PrimordialSea|[from] ability: Primordial Sea|[of] p1a: 这样爱你啊
|move|p2a: Necrozma|Stealth Rock|p1a: 这样爱你啊
|-sidestart|p1: 0.7flower|move: Stealth Rock
|
|-weather|PrimordialSea|[upkeep]
|upkeep
|turn|7
|
|t:|1664513169
|move|p1a: 这样爱你啊|Water Spout|p2a: Necrozma
|-damage|p2a: Necrozma|0 fnt
|faint|p2a: Necrozma
|
|-weather|PrimordialSea|[upkeep]
|upkeep
|
|t:|1664513174
|switch|p2a: Rayquaza|Rayquaza-Mega|40/100
|-weather|DeltaStream|[from] ability: Delta Stream|[of] p2a: Rayquaza
|turn|8
|inactive|0.7flower has 120 seconds left.
|
|t:|1664513216
|move|p2a: Rayquaza|Dragon Ascent|p1a: 这样爱你啊
|-damage|p1a: 这样爱你啊|0 fnt
|-unboost|p2a: Rayquaza|def|1
|-unboost|p2a: Rayquaza|spd|1
|faint|p1a: 这样爱你啊
|
|-weather|DeltaStream|[upkeep]
|upkeep
|l|☆0.7flower
|inactive|0.7flower disconnected and has a minute to reconnect!
|player|p1|
|j|☆0.7flower
|inactive|0.7flower reconnected and has 95 seconds left.
|player|p1|0.7flower|n
|
|t:|1664513239
|switch|p1a: 走你所走的长路|Zacian-Crowned, shiny|28/100
|-damage|p1a: 走你所走的长路|21/100|[from] Stealth Rock
|-ability|p1a: 走你所走的长路|Intrepid Sword|boost
|-boost|p1a: 走你所走的长路|atk|1
|turn|9
|
|t:|1664513257
|-weather|none
|switch|p2a: Ho-Oh|Ho-Oh|100/100
|move|p1a: 走你所走的长路|Behemoth Blade|p2a: Ho-Oh
|-resisted|p2a: Ho-Oh
|-damage|p2a: Ho-Oh|67/100
|
|upkeep
|turn|10
|
|t:|1664513264
|move|p1a: 走你所走的长路|Wild Charge|p2a: Ho-Oh
|-supereffective|p2a: Ho-Oh
|-damage|p2a: Ho-Oh|0 fnt
|faint|p2a: Ho-Oh
|-damage|p1a: 走你所走的长路|0 fnt|[from] Recoil
|faint|p1a: 走你所走的长路
|
|upkeep
|inactive|FenixFyre04 has 120 seconds left.
|
|t:|1664513297
|switch|p1a: 写你未写的诗篇|Marshadow|100/100
|switch|p2a: Rayquaza|Rayquaza-Mega|40/100
|-damage|p1a: 写你未写的诗篇|94/100|[from] Stealth Rock
|-weather|DeltaStream|[from] ability: Delta Stream|[of] p2a: Rayquaza
|turn|11
|
|t:|1664513306
|move|p1a: 写你未写的诗篇|Poltergeist|p2a: Rayquaza
|-activate|p2a: Rayquaza|move: Poltergeist|Choice Band
|-damage|p2a: Rayquaza|0 fnt
|faint|p2a: Rayquaza
|-weather|none
|-damage|p1a: 写你未写的诗篇|84/100|[from] item: Life Orb
|
|upkeep
|
|t:|1664513308
|switch|p2a: Zacian|Zacian-Crowned|100/100
|-ability|p2a: Zacian|Intrepid Sword|boost
|-boost|p2a: Zacian|atk|1
|turn|12
|
|t:|1664513324
|switch|p1a: 愿你所愿的永远|Rayquaza|100/100
|-damage|p1a: 愿你所愿的永远|76/100|[from] Stealth Rock
|-ability|p1a: 愿你所愿的永远|Air Lock
|move|p2a: Zacian|Behemoth Blade|p1a: 愿你所愿的永远
|-damage|p1a: 愿你所愿的永远|0 fnt
|faint|p1a: 愿你所愿的永远
|
|upkeep
|
|t:|1664513326
|switch|p1a: 天边的月心中的念|Ditto, shiny|100/100
|-damage|p1a: 天边的月心中的念|88/100|[from] Stealth Rock
|-transform|p1a: 天边的月心中的念|p2a: Zacian|[from] ability: Imposter
|-ability|p1a: 天边的月心中的念|Intrepid Sword|boost
|-boost|p1a: 天边的月心中的念|atk|1
|turn|13
|
|t:|1664513330
|move|p1a: 天边的月心中的念|Behemoth Blade|p2a: Zacian
|-damage|p2a: Zacian|0 fnt
|faint|p2a: Zacian
|
|upkeep
|
|t:|1664513332
|switch|p2a: Calyrex|Calyrex-Shadow|100/100
|-ability|p2a: Calyrex|As One
|-ability|p2a: Calyrex|Unnerve
|turn|14
|
|t:|1664513334
|move|p2a: Calyrex|Astral Barrage|p1a: 天边的月心中的念
|-damage|p1a: 天边的月心中的念|18/100
|move|p1a: 天边的月心中的念|Behemoth Blade|p2a: Calyrex
|-damage|p2a: Calyrex|0 fnt
|faint|p2a: Calyrex
|
|win|0.7flower
|raw|0.7flower's rating: 1633 &rarr; <strong>1669</strong><br />(+36 for winning)
|raw|FenixFyre04's rating: 2006 &rarr; <strong>1970</strong><br />(-36 for losing)
|l|☆0.7flower
|j|☆0.7flower
|player|p1|0.7flower|n
