|j|☆YLong
|j|☆shuaibi2333
|t:|1668941929
|gametype|singles
|player|p1|YLong|darach-caitlin|
|player|p2|shuaibi2333|cynthia|
|teamsize|p1|6
|teamsize|p2|6
|gen|8
|tier|[Gen 8] National Dex AG
|rule|HP Percentage Mod: HP is shown in percentages
|rule|Endless Battle Clause: Forcing endless battles is banned
|clearpoke
|poke|p1|Victini|
|poke|p1|Grimmsnarl, M|
|poke|p1|Charizard, F|
|poke|p1|Donphan, M|
|poke|p1|Ribombee, F|
|poke|p1|Minior-Indigo|
|poke|p2|Toxapex, M|
|poke|p2|Dragapult, M|
|poke|p2|Gengar, F|
|poke|p2|Chandelure, M|
|poke|p2|Sableye, F|
|poke|p2|Blissey, F|
|teampreview
|inactive|Battle timer is ON: inactive players will automatically lose when time's up. (requested by shuaibi2333)
|
|t:|1668941949
|start
|switch|p1a: Donphan|Donphan, M|100/100
|switch|p2a: Sableye|Sableye, F|100/100
|turn|1
|
|t:|1668941956
|detailschange|p2a: Sableye|Sableye-Mega, F
|-mega|p2a: Sableye|Sableye|Sablenite
|move|p1a: Donphan|Knock Off|p2a: Sableye
|-damage|p2a: Sableye|84/100
|move|p2a: Sableye|Taunt|p1a: Donphan
|-start|p1a: Donphan|move: Taunt
|
|upkeep
|turn|2
|
|t:|1668941971
|switch|p1a: Victini|Victini|100/100
|move|p2a: Sableye|Will-O-Wisp|p1a: Victini
|-immune|p1a: Victini
|
|upkeep
|turn|3
|
|t:|1668941982
|switch|p2a: Toxapex|Toxapex, M|100/100
|move|p1a: Victini|U-turn|p2a: Toxapex
|-resisted|p2a: Toxapex
|-damage|p2a: Toxapex|96/100
|
|t:|1668941989
|switch|p1a: Donphan|Donphan, M|100/100|[from]move: U-turn
|
|-heal|p2a: Toxapex|100/100|[from] item: Black Sludge
|upkeep
|turn|4
|
|t:|1668941996
|switch|p2a: Sableye|Sableye-Mega, F|84/100
|move|p1a: Donphan|Knock Off|p2a: Sableye
|-damage|p2a: Sableye|67/100
|
|upkeep
|turn|5
|
|t:|1668942003
|switch|p1a: Victini|Victini|100/100
|move|p2a: Sableye|Recover|p2a: Sableye
|-heal|p2a: Sableye|100/100
|
|upkeep
|turn|6
|
|t:|1668942011
|switch|p2a: Toxapex|Toxapex, M|100/100
|move|p1a: Victini|U-turn|p2a: Toxapex
|-resisted|p2a: Toxapex
|-damage|p2a: Toxapex|95/100
|
|t:|1668942013
|switch|p1a: Donphan|Donphan, M|100/100|[from]move: U-turn
|
|-heal|p2a: Toxapex|100/100|[from] item: Black Sludge
|upkeep
|turn|7
|
|t:|1668942019
|move|p2a: Toxapex|Baneful Bunker|p2a: Toxapex
|-singleturn|p2a: Toxapex|move: Protect
|move|p1a: Donphan|Knock Off|p2a: Toxapex
|-activate|p2a: Toxapex|move: Protect
|-status|p1a: Donphan|psn
|
|-damage|p1a: Donphan|88/100 psn|[from] psn
|upkeep
|turn|8
|
|t:|1668942025
|switch|p2a: Sableye|Sableye-Mega, F|100/100
|move|p1a: Donphan|Knock Off|p2a: Sableye
|-damage|p2a: Sableye|85/100
|
|-heal|p1a: Donphan|94/100 psn|[from] item: Leftovers
|-damage|p1a: Donphan|82/100 psn|[from] psn
|upkeep
|turn|9
|
|t:|1668942038
|switch|p1a: Victini|Victini|100/100
|move|p2a: Sableye|Night Shade|p1a: Victini
|-damage|p1a: Victini|76/100
|
|upkeep
|turn|10
|
|t:|1668942052
|move|p1a: Victini|Bolt Strike|p2a: Sableye
|-damage|p2a: Sableye|56/100
|move|p2a: Sableye|Taunt|p1a: Victini
|-start|p1a: Victini|move: Taunt
|
|upkeep
|turn|11
|
|t:|1668942065
|switch|p1a: Ribombee|Ribombee, F|100/100
|move|p2a: Sableye|Recover|p2a: Sableye
|-heal|p2a: Sableye|100/100
|
|upkeep
|turn|12
|
|t:|1668942081
|move|p1a: Ribombee|Dazzling Gleam|p2a: Sableye
|-supereffective|p2a: Sableye
|-damage|p2a: Sableye|53/100
|move|p2a: Sableye|Will-O-Wisp|p1a: Ribombee
|-status|p1a: Ribombee|brn
|
|-damage|p1a: Ribombee|94/100 brn|[from] brn
|upkeep
|turn|13
|
|t:|1668942089
|move|p1a: Ribombee|Dazzling Gleam|p2a: Sableye
|-supereffective|p2a: Sableye
|-damage|p2a: Sableye|1/100
|move|p2a: Sableye|Recover|p2a: Sableye
|-heal|p2a: Sableye|52/100
|
|-damage|p1a: Ribombee|88/100 brn|[from] brn
|upkeep
|turn|14
|
|t:|1668942100
|switch|p2a: Toxapex|Toxapex, M|100/100
|move|p1a: Ribombee|Dazzling Gleam|p2a: Toxapex
|-resisted|p2a: Toxapex
|-damage|p2a: Toxapex|88/100
|
|-heal|p2a: Toxapex|94/100|[from] item: Black Sludge
|-damage|p1a: Ribombee|82/100 brn|[from] brn
|upkeep
|turn|15
|
|t:|1668942105
|switch|p1a: Victini|Victini|76/100
|move|p2a: Toxapex|Toxic Spikes|p1a: Victini
|-sidestart|p1: YLong|move: Toxic Spikes
|
|-heal|p2a: Toxapex|99/100|[from] item: Black Sludge
|upkeep
|turn|16
|
|t:|1668942108
|switch|p2a: Sableye|Sableye-Mega, F|52/100
|move|p1a: Victini|U-turn|p2a: Sableye
|-damage|p2a: Sableye|36/100
|
|t:|1668942111
|switch|p1a: Grimmsnarl|Grimmsnarl, M|100/100|[from]move: U-turn
|-status|p1a: Grimmsnarl|psn
|
|-damage|p1a: Grimmsnarl|88/100 psn|[from] psn
|upkeep
|turn|17
|
|t:|1668942119
|switch|p2a: Toxapex|Toxapex, M|100/100
|move|p1a: Grimmsnarl|Trick|p2a: Toxapex
|-activate|p1a: Grimmsnarl|move: Trick|[of] p2a: Toxapex
|-item|p2a: Toxapex|Iron Ball|[from] move: Trick
|-item|p1a: Grimmsnarl|Black Sludge|[from] move: Trick
|
|-damage|p1a: Grimmsnarl|76/100 psn|[from] item: Black Sludge
|-damage|p1a: Grimmsnarl|63/100 psn|[from] psn
|upkeep
|turn|18
|
|t:|1668942134
|switch|p1a: Donphan|Donphan, M|82/100 psn
|move|p2a: Toxapex|Toxic Spikes|p1a: Donphan
|-sidestart|p1: YLong|move: Toxic Spikes
|
|-heal|p1a: Donphan|88/100 psn|[from] item: Leftovers
|-damage|p1a: Donphan|75/100 psn|[from] psn
|upkeep
|turn|19
|
|t:|1668942142
|move|p1a: Donphan|Rapid Spin|p2a: Toxapex
|-damage|p2a: Toxapex|92/100
|-boost|p1a: Donphan|spe|1
|-sideend|p1: YLong|Toxic Spikes|[from] move: Rapid Spin|[of] p1a: Donphan
|move|p2a: Toxapex|Knock Off|p1a: Donphan
|-damage|p1a: Donphan|67/100 psn
|-enditem|p1a: Donphan|Leftovers|[from] move: Knock Off|[of] p2a: Toxapex
|
|-damage|p1a: Donphan|55/100 psn|[from] psn
|upkeep
|turn|20
|
|t:|1668942155
|switch|p1a: Minior|Minior-Indigo|100/100
|-formechange|p1a: Minior|Minior-Meteor||[from] ability: Shields Down
|switch|p2a: Sableye|Sableye-Mega, F|36/100
|
|upkeep
|turn|21
|
|t:|1668942162
|move|p1a: Minior|Shell Smash|p1a: Minior
|-unboost|p1a: Minior|def|1
|-unboost|p1a: Minior|spd|1
|-boost|p1a: Minior|atk|2
|-boost|p1a: Minior|spa|2
|-boost|p1a: Minior|spe|2
|move|p2a: Sableye|Recover|p2a: Sableye
|-heal|p2a: Sableye|87/100
|
|upkeep
|turn|22
|
|t:|1668942173
|switch|p2a: Toxapex|Toxapex, M|100/100
|move|p1a: Minior|Dazzling Gleam|p2a: Toxapex
|-resisted|p2a: Toxapex
|-damage|p2a: Toxapex|85/100
|
|upkeep
|turn|23
|
|t:|1668942183
|move|p2a: Toxapex|Baneful Bunker|p2a: Toxapex
|-singleturn|p2a: Toxapex|move: Protect
|move|p1a: Minior|Power Gem|p2a: Toxapex
|-activate|p2a: Toxapex|move: Protect
|
|upkeep
|turn|24
|
|t:|1668942200
|move|p1a: Minior|Power Gem|p2a: Toxapex
|-damage|p2a: Toxapex|42/100
|move|p2a: Toxapex|Toxic Spikes|p1a: Minior
|-sidestart|p1: YLong|move: Toxic Spikes
|
|upkeep
|turn|25
|
|t:|1668942211
|switch|p2a: Blissey|Blissey, F|100/100
|move|p1a: Minior|Power Gem|p2a: Blissey
|-damage|p2a: Blissey|81/100
|
|-heal|p2a: Blissey|87/100|[from] item: Leftovers
|upkeep
|turn|26
|
|t:|1668942219
|switch|p1a: Donphan|Donphan, M|55/100 psn
|move|p2a: Blissey|Thunder Wave|p1a: Donphan
|-immune|p1a: Donphan
|
|-heal|p2a: Blissey|93/100|[from] item: Leftovers
|-damage|p1a: Donphan|42/100 psn|[from] psn
|upkeep
|turn|27
|
|t:|1668942224
|switch|p2a: Sableye|Sableye-Mega, F|87/100
|move|p1a: Donphan|Rapid Spin|p2a: Sableye
|-immune|p2a: Sableye
|
|-damage|p1a: Donphan|30/100 psn|[from] psn
|upkeep
|turn|28
|
|t:|1668942233
|switch|p1a: Ribombee|Ribombee, F|82/100 brn
|move|p2a: Sableye|Night Shade|p1a: Ribombee
|-damage|p1a: Ribombee|44/100 brn
|
|-damage|p1a: Ribombee|38/100 brn|[from] brn
|upkeep
|turn|29
|
|t:|1668942239
|move|p1a: Ribombee|Tailwind|p1a: Ribombee
|-sidestart|p1: YLong|move: Tailwind
|move|p2a: Sableye|Night Shade|p1a: Ribombee
|-damage|p1a: Ribombee|0 fnt
|faint|p1a: Ribombee
|
|upkeep
|
|t:|1668942248
|switch|p1a: Grimmsnarl|Grimmsnarl, M|63/100 psn
|turn|30
|
|t:|1668942253
|switch|p2a: Toxapex|Toxapex, M|75/100
|move|p1a: Grimmsnarl|Darkest Lariat|p2a: Toxapex
|-damage|p2a: Toxapex|50/100
|
|-damage|p1a: Grimmsnarl|51/100 psn|[from] item: Black Sludge
|-damage|p1a: Grimmsnarl|39/100 psn|[from] psn
|upkeep
|turn|31
|
|t:|1668942262
|switch|p1a: Donphan|Donphan, M|30/100 psn
|move|p2a: Toxapex|Baneful Bunker||[still]
|-fail|p2a: Toxapex
|
|-damage|p1a: Donphan|17/100 psn|[from] psn
|upkeep
|turn|32
|
|t:|1668942265
|switch|p2a: Sableye|Sableye-Mega, F|87/100
|move|p1a: Donphan|Knock Off|p2a: Sableye
|-damage|p2a: Sableye|69/100
|
|-damage|p1a: Donphan|5/100 psn|[from] psn
|-sideend|p1: YLong|move: Tailwind
|upkeep
|turn|33
|
|t:|1668942273
|move|p1a: Donphan|Knock Off|p2a: Sableye
|-damage|p2a: Sableye|53/100
|move|p2a: Sableye|Recover|p2a: Sableye
|-heal|p2a: Sableye|100/100
|
|-damage|p1a: Donphan|0 fnt|[from] psn
|faint|p1a: Donphan
|upkeep
|j| Ca1ms
|
|t:|1668942291
|switch|p1a: Victini|Victini|76/100
|-status|p1a: Victini|psn
|turn|34
|l| Ca1ms
|
|t:|1668942300
|move|p1a: Victini|U-turn|p2a: Sableye
|-damage|p2a: Sableye|86/100
|
|t:|1668942306
|switch|p1a: Grimmsnarl|Grimmsnarl, M|39/100 psn|[from]move: U-turn
|move|p2a: Sableye|Night Shade|p1a: Grimmsnarl
|-damage|p1a: Grimmsnarl|9/100 psn
|
|-damage|p1a: Grimmsnarl|0 fnt|[from] item: Black Sludge
|faint|p1a: Grimmsnarl
|upkeep
|
|t:|1668942312
|switch|p1a: Minior|Minior-Indigo|100/100
|-formechange|p1a: Minior|Minior-Meteor||[from] ability: Shields Down
|turn|35
|
|t:|1668942317
|move|p1a: Minior|Shell Smash|p1a: Minior
|-unboost|p1a: Minior|def|1
|-unboost|p1a: Minior|spd|1
|-boost|p1a: Minior|atk|2
|-boost|p1a: Minior|spa|2
|-boost|p1a: Minior|spe|2
|move|p2a: Sableye|Will-O-Wisp|p1a: Minior|[miss]
|-miss|p2a: Sableye|p1a: Minior
|
|upkeep
|turn|36
|
|t:|1668942322
|switch|p2a: Blissey|Blissey, F|93/100
|move|p1a: Minior|Dazzling Gleam|p2a: Blissey
|-damage|p2a: Blissey|79/100
|
|-heal|p2a: Blissey|86/100|[from] item: Leftovers
|upkeep
|turn|37
|
|t:|1668942331
|switch|p1a: Victini|Victini|76/100 psn
|move|p2a: Blissey|Thunder Wave||[still]
|-fail|p2a: Blissey
|
|-heal|p2a: Blissey|92/100|[from] item: Leftovers
|-damage|p1a: Victini|63/100 psn|[from] psn
|upkeep
|turn|38
|
|t:|1668942336
|switch|p2a: Toxapex|Toxapex, M|83/100
|move|p1a: Victini|Facade|p2a: Toxapex
|-damage|p2a: Toxapex|63/100
|
|-damage|p1a: Victini|51/100 psn|[from] psn
|upkeep
|turn|39
|
|t:|1668942342
|move|p2a: Toxapex|Baneful Bunker|p2a: Toxapex
|-singleturn|p2a: Toxapex|move: Protect
|move|p1a: Victini|Facade|p2a: Toxapex
|-activate|p2a: Toxapex|move: Protect
|
|-damage|p1a: Victini|39/100 psn|[from] psn
|upkeep
|turn|40
|
|t:|1668942349
|switch|p2a: Sableye|Sableye-Mega, F|86/100
|move|p1a: Victini|Facade|p2a: Sableye
|-immune|p2a: Sableye
|
|-damage|p1a: Victini|26/100 psn|[from] psn
|upkeep
|turn|41
|
|t:|1668942352
|switch|p1a: Minior|Minior-Indigo|100/100
|-formechange|p1a: Minior|Minior-Meteor||[from] ability: Shields Down
|switch|p2a: Toxapex|Toxapex, M|96/100
|
|upkeep
|turn|42
|
|t:|1668942357
|move|p1a: Minior|Shell Smash|p1a: Minior
|-unboost|p1a: Minior|def|1
|-unboost|p1a: Minior|spd|1
|-boost|p1a: Minior|atk|2
|-boost|p1a: Minior|spa|2
|-boost|p1a: Minior|spe|2
|move|p2a: Toxapex|Toxic Spikes|p1a: Minior
|-sidestart|p1: YLong|move: Toxic Spikes
|
|upkeep
|turn|43
|
|t:|1668942365
|switch|p2a: Blissey|Blissey, F|92/100
|move|p1a: Minior|Shell Smash|p1a: Minior
|-unboost|p1a: Minior|def|1
|-unboost|p1a: Minior|spd|1
|-boost|p1a: Minior|atk|2
|-boost|p1a: Minior|spa|2
|-boost|p1a: Minior|spe|2
|
|-heal|p2a: Blissey|98/100|[from] item: Leftovers
|upkeep
|turn|44
|
|t:|1668942370
|move|p1a: Minior|Shell Smash|p1a: Minior
|-unboost|p1a: Minior|def|1
|-unboost|p1a: Minior|spd|1
|-boost|p1a: Minior|atk|2
|-boost|p1a: Minior|spa|2
|-boost|p1a: Minior|spe|2
|move|p2a: Blissey|Teleport|p2a: Blissey
|
|t:|1668942376
|switch|p2a: Toxapex|Toxapex, M|100/100|[from]move: Teleport
|
|upkeep
|turn|45
|
|t:|1668942381
|switch|p2a: Blissey|Blissey, F|98/100
|move|p1a: Minior|Power Gem|p2a: Blissey
|-damage|p2a: Blissey|55/100
|
|-heal|p2a: Blissey|61/100|[from] item: Leftovers
|upkeep
|turn|46
|
|t:|1668942400
|move|p1a: Minior|Power Gem|p2a: Blissey
|-damage|p2a: Blissey|20/100
|move|p2a: Blissey|Soft-Boiled|p2a: Blissey
|-heal|p2a: Blissey|70/100
|
|-heal|p2a: Blissey|76/100|[from] item: Leftovers
|upkeep
|turn|47
|
|t:|1668942410
|-start|p1a: Minior|Dynamax|
|-heal|p1a: Minior|100/100|[silent]
|move|p1a: Minior|Max Rockfall|p2a: Blissey
|-damage|p2a: Blissey|6/100
|-weather|Sandstorm
|move|p2a: Blissey|Soft-Boiled|p2a: Blissey
|-heal|p2a: Blissey|56/100
|
|-weather|Sandstorm|[upkeep]
|-damage|p2a: Blissey|50/100|[from] Sandstorm
|-heal|p2a: Blissey|56/100|[from] item: Leftovers
|upkeep
|turn|48
|
|t:|1668942422
|move|p1a: Minior|Max Rockfall|p2a: Blissey
|-damage|p2a: Blissey|0 fnt
|faint|p2a: Blissey
|
|-weather|Sandstorm|[upkeep]
|upkeep
|
|t:|1668942435
|switch|p2a: Toxapex|Toxapex, M|100/100
|turn|49
|
|t:|1668942441
|move|p2a: Toxapex|Baneful Bunker|p2a: Toxapex
|-singleturn|p2a: Toxapex|move: Protect
|move|p1a: Minior|Max Rockfall|p2a: Toxapex
|-zbroken|p2a: Toxapex
|-damage|p2a: Toxapex|65/100
|
|-weather|Sandstorm|[upkeep]
|-damage|p2a: Toxapex|59/100|[from] Sandstorm
|upkeep
|-end|p1a: Minior|Dynamax
|-heal|p1a: Minior|100/100|[silent]
|turn|50
|
|t:|1668942455
|move|p1a: Minior|Power Gem|p2a: Toxapex
|-damage|p2a: Toxapex|0 fnt
|faint|p2a: Toxapex
|
|-weather|Sandstorm|[upkeep]
|upkeep
|
|t:|1668942462
|switch|p2a: Gengar|Gengar, F|100/100
|turn|51
|
|t:|1668942471
|-start|p2a: Gengar|Dynamax|
|-heal|p2a: Gengar|100/100|[silent]
|move|p1a: Minior|Power Gem|p2a: Gengar
|-damage|p2a: Gengar|9/100
|move|p2a: Gengar|Max Hailstorm|p1a: Minior
|-supereffective|p1a: Minior
|-enditem|p1a: Minior|Focus Sash
|-damage|p1a: Minior|1/100
|-weather|Hail
|-damage|p2a: Gengar|4/100|[from] item: Life Orb
|
|-weather|Hail|[upkeep]
|-damage|p1a: Minior|0 fnt|[from] Hail
|-damage|p2a: Gengar|1/100|[from] Hail
|faint|p1a: Minior
|upkeep
|
|t:|1668942487
|switch|p1a: Victini|Victini|26/100 psn
|turn|52
|
|t:|1668942494
|move|p1a: Victini|U-turn|p2a: Gengar
|-resisted|p2a: Gengar
|-damage|p2a: Gengar|0 fnt
|-start|p1a: Victini|Disable|U-turn|[from] ability: Cursed Body|[of] p2a: Gengar
|faint|p2a: Gengar
|
|t:|1668942500
|switch|p1a: 最初的相遇|Charizard, F, shiny|100/100|[from]move: U-turn
|
|-weather|Hail|[upkeep]
|-damage|p1a: 最初的相遇|94/100|[from] Hail
|upkeep
|
|t:|1668942507
|switch|p2a: Dragapult|Dragapult, M|100/100
|turn|53
|
|t:|1668942511
|move|p2a: Dragapult|Hydro Pump|p1a: 最初的相遇
|-supereffective|p1a: 最初的相遇
|-damage|p1a: 最初的相遇|0 fnt
|faint|p1a: 最初的相遇
|-damage|p2a: Dragapult|91/100|[from] item: Life Orb
|
|-weather|Hail|[upkeep]
|-damage|p2a: Dragapult|85/100|[from] Hail
|upkeep
|
|t:|1668942515
|switch|p1a: Victini|Victini|26/100 psn
|turn|54
|
|t:|1668942519
|move|p1a: Victini|Bolt Strike|p2a: Dragapult
|-resisted|p2a: Dragapult
|-damage|p2a: Dragapult|65/100
|move|p2a: Dragapult|Hex|p1a: Victini
|-supereffective|p1a: Victini
|-damage|p1a: Victini|0 fnt
|faint|p1a: Victini
|-damage|p2a: Dragapult|55/100|[from] item: Life Orb
|
|win|shuaibi2333
|l|☆YLong
