|j|☆Lollmaokekw
|j|☆dividing by 0
|t:|1653749413
|gametype|singles
|player|p1|Lollmaokekw|emmet|1495
|player|p2|dividing by 0|pokemaniac|1613
|teamsize|p1|6
|teamsize|p2|6
|gen|8
|tier|[Gen 8] National Dex AG
|rated|
|rule|HP Percentage Mod: HP is shown in percentages
|rule|Endless Battle Clause: Forcing endless battles is banned
|clearpoke
|poke|p1|Yveltal|
|poke|p1|Marshadow|
|poke|p1|Ditto|
|poke|p1|Calyrex-Shadow|
|poke|p1|Arceus-*|
|poke|p1|Quagsire, M|
|poke|p2|Smeargle, F|
|poke|p2|Clefable, F|
|poke|p2|Scolipede, M|
|poke|p2|Arceus-*|
|poke|p2|Espeon, F|
|poke|p2|Liepard, F|
|teampreview
|
|t:|1653749417
|start
|switch|p1a: Arceus|Arceus|100/100
|switch|p2a: Scolipede|Scolipede, M|100/100
|turn|1
|
|t:|1653749422
|move|p2a: Scolipede|Protect|p2a: Scolipede
|-singleturn|p2a: Scolipede|Protect
|move|p1a: Arceus|Substitute|p1a: Arceus
|-start|p1a: Arceus|Substitute
|-damage|p1a: Arceus|76/100
|
|-ability|p2a: Scolipede|Speed Boost|boost
|-boost|p2a: Scolipede|spe|1
|upkeep
|turn|2
|
|t:|1653749425
|move|p2a: Scolipede|Substitute|p2a: Scolipede
|-start|p2a: Scolipede|Substitute
|-damage|p2a: Scolipede|76/100
|move|p1a: Arceus|Swords Dance|p1a: Arceus
|-boost|p1a: Arceus|atk|2
|
|-ability|p2a: Scolipede|Speed Boost|boost
|-boost|p2a: Scolipede|spe|1
|upkeep
|turn|3
|
|t:|1653749428
|move|p1a: Arceus|Extreme Speed|p2a: Scolipede
|-end|p2a: Scolipede|Substitute
|move|p2a: Scolipede|Iron Defense|p2a: Scolipede
|-boost|p2a: Scolipede|def|2
|
|-ability|p2a: Scolipede|Speed Boost|boost
|-boost|p2a: Scolipede|spe|1
|upkeep
|turn|4
|
|t:|1653749432
|move|p2a: Scolipede|Protect|p2a: Scolipede
|-singleturn|p2a: Scolipede|Protect
|move|p1a: Arceus|Extreme Speed|p2a: Scolipede
|-activate|p2a: Scolipede|move: Protect
|
|-ability|p2a: Scolipede|Speed Boost|boost
|-boost|p2a: Scolipede|spe|1
|upkeep
|turn|5
|
|t:|1653749436
|move|p1a: Arceus|Extreme Speed|p2a: Scolipede
|-damage|p2a: Scolipede|34/100
|move|p2a: Scolipede|Baton Pass|p2a: Scolipede
|
|t:|1653749440
|switch|p2a: Clefable|Clefable, F|100/100|[from]move: Baton Pass
|
|upkeep
|turn|6
|
|t:|1653749444
|move|p2a: Clefable|Minimize|p2a: Clefable
|-boost|p2a: Clefable|evasion|2
|move|p1a: Arceus|Swords Dance|p1a: Arceus
|-boost|p1a: Arceus|atk|2
|
|upkeep
|turn|7
|
|t:|1653749448
|move|p2a: Clefable|Cosmic Power|p2a: Clefable
|-boost|p2a: Clefable|def|1
|-boost|p2a: Clefable|spd|1
|move|p1a: Arceus|Swords Dance|p1a: Arceus
|-boost|p1a: Arceus|atk|2
|
|upkeep
|turn|8
|
|t:|1653749451
|-end|p1a: Arceus|Substitute
|-start|p1a: Arceus|Dynamax|
|-heal|p1a: Arceus|76/100|[silent]
|move|p2a: Clefable|Cosmic Power|p2a: Clefable
|-boost|p2a: Clefable|def|1
|-boost|p2a: Clefable|spd|1
|move|p1a: Arceus|Max Strike|p2a: Clefable
|-damage|p2a: Clefable|75/100
|-unboost|p2a: Clefable|spe|1
|
|upkeep
|turn|9
|
|t:|1653749456
|move|p2a: Clefable|Cosmic Power|p2a: Clefable
|-boost|p2a: Clefable|def|1
|-boost|p2a: Clefable|spd|1
|move|p1a: Arceus|Max Strike|p2a: Clefable
|-damage|p2a: Clefable|54/100
|-unboost|p2a: Clefable|spe|1
|
|upkeep
|turn|10
|
|t:|1653749458
|move|p1a: Arceus|Max Strike|p2a: Clefable
|-damage|p2a: Clefable|35/100
|-unboost|p2a: Clefable|spe|1
|move|p2a: Clefable|Soft-Boiled|p2a: Clefable
|-heal|p2a: Clefable|85/100
|
|upkeep
|-end|p1a: Arceus|Dynamax
|-heal|p1a: Arceus|76/100|[silent]
|turn|11
|
|t:|1653749461
|switch|p1a: Marshadow|Marshadow|100/100
|move|p2a: Clefable|Cosmic Power|p2a: Clefable
|-boost|p2a: Clefable|def|1
|-boost|p2a: Clefable|spd|1
|
|upkeep
|turn|12
|
|t:|1653749467
|switch|p2a: Smeargle|Smeargle, F|100/100
|move|p1a: Marshadow|Spectral Thief|p2a: Smeargle
|-immune|p2a: Smeargle
|
|-ability|p2a: Smeargle|Moody|boost
|-boost|p2a: Smeargle|def|2
|-unboost|p2a: Smeargle|spe|1
|upkeep
|turn|13
|
|t:|1653749470
|switch|p1a: Arceus|Arceus|76/100
|move|p2a: Smeargle|Spore|p1a: Arceus
|-activate|p1a: Arceus|item: Safety Goggles|Spore
|
|-ability|p2a: Smeargle|Moody|boost
|-boost|p2a: Smeargle|def|2
|-unboost|p2a: Smeargle|spa|1
|upkeep
|turn|14
|
|t:|1653749472
|move|p1a: Arceus|Extreme Speed|p2a: Smeargle
|-damage|p2a: Smeargle|67/100
|move|p2a: Smeargle|Substitute|p2a: Smeargle
|-start|p2a: Smeargle|Substitute
|-damage|p2a: Smeargle|42/100
|
|-ability|p2a: Smeargle|Moody|boost
|-boost|p2a: Smeargle|spd|2
|-unboost|p2a: Smeargle|spe|1
|upkeep
|turn|15
|
|t:|1653749475
|move|p1a: Arceus|Extreme Speed|p2a: Smeargle
|-end|p2a: Smeargle|Substitute
|move|p2a: Smeargle|Baton Pass|p2a: Smeargle
|inactive|Battle timer is ON: inactive players will automatically lose when time's up. (requested by Lollmaokekw)
|
|t:|1653749489
|switch|p2a: Liepard|Liepard, F|100/100|[from]move: Baton Pass
|
|upkeep
|turn|16
|
|t:|1653749496
|switch|p1a: Marshadow|Marshadow|100/100
|move|p2a: Liepard|Substitute|p2a: Liepard
|-start|p2a: Liepard|Substitute
|-damage|p2a: Liepard|76/100
|
|-heal|p2a: Liepard|82/100|[from] item: Leftovers
|upkeep
|turn|17
|
|t:|1653749500
|move|p2a: Liepard|Baton Pass|p2a: Liepard
|
|t:|1653749503
|switch|p2a: Smeargle|Smeargle, F|42/100|[from]move: Baton Pass
|move|p1a: Marshadow|Spectral Thief|p2a: Smeargle
|-immune|p2a: Smeargle
|
|-ability|p2a: Smeargle|Moody|boost
|-boost|p2a: Smeargle|spd|2
|-unboost|p2a: Smeargle|spe|1
|upkeep
|turn|18
|
|t:|1653749506
|switch|p1a: Arceus|Arceus|76/100
|move|p2a: Smeargle|Ingrain|p2a: Smeargle
|-start|p2a: Smeargle|move: Ingrain
|
|-heal|p2a: Smeargle|48/100|[from] Ingrain
|-ability|p2a: Smeargle|Moody|boost
|-boost|p2a: Smeargle|spa|2
|-unboost|p2a: Smeargle|atk|1
|upkeep
|turn|19
|
|t:|1653749509
|move|p1a: Arceus|Earthquake|p2a: Smeargle
|-activate|p2a: Smeargle|move: Substitute|[damage]
|move|p2a: Smeargle|Baton Pass|p2a: Smeargle
|
|t:|1653749513
|switch|p2a: Clefable|Clefable, F|85/100|[from]move: Baton Pass
|
|-heal|p2a: Clefable|91/100|[from] Ingrain
|upkeep
|turn|20
|
|t:|1653749516
|move|p1a: Arceus|Earthquake|p2a: Clefable
|-end|p2a: Clefable|Substitute
|move|p2a: Clefable|Minimize|p2a: Clefable
|-boost|p2a: Clefable|evasion|2
|
|-heal|p2a: Clefable|97/100|[from] Ingrain
|upkeep
|turn|21
|
|t:|1653749530
|switch|p1a: Marshadow|Marshadow|100/100
|move|p2a: Clefable|Baton Pass|p2a: Clefable
|
|t:|1653749540
|switch|p2a: Smeargle|Smeargle, F|48/100|[from]move: Baton Pass
|
|-heal|p2a: Smeargle|54/100|[from] Ingrain
|-ability|p2a: Smeargle|Moody|boost
|-boost|p2a: Smeargle|def|2
|-unboost|p2a: Smeargle|atk|1
|upkeep
|turn|22
|
|t:|1653749544
|move|p1a: Marshadow|Close Combat|p2a: Smeargle|[miss]
|-miss|p1a: Marshadow|p2a: Smeargle
|move|p2a: Smeargle|Spore|p1a: Marshadow
|-status|p1a: Marshadow|slp|[from] move: Spore
|
|-heal|p2a: Smeargle|60/100|[from] Ingrain
|-ability|p2a: Smeargle|Moody|boost
|-boost|p2a: Smeargle|spa|2
|-unboost|p2a: Smeargle|atk|1
|upkeep
|turn|23
|
|t:|1653749546
|cant|p1a: Marshadow|slp
|move|p2a: Smeargle|Substitute|p2a: Smeargle
|-start|p2a: Smeargle|Substitute
|-damage|p2a: Smeargle|36/100
|
|-heal|p2a: Smeargle|42/100|[from] Ingrain
|-ability|p2a: Smeargle|Moody|boost
|-boost|p2a: Smeargle|spe|2
|-unboost|p2a: Smeargle|spa|1
|upkeep
|turn|24
|
|t:|1653749552
|cant|p1a: Marshadow|slp
|move|p2a: Smeargle|Ingrain||[still]
|-fail|p2a: Smeargle
|
|-heal|p2a: Smeargle|48/100|[from] Ingrain
|-ability|p2a: Smeargle|Moody|boost
|-boost|p2a: Smeargle|spe|2
|-unboost|p2a: Smeargle|spd|1
|upkeep
|turn|25
|
|t:|1653749555
|move|p2a: Smeargle|Ingrain||[still]
|-fail|p2a: Smeargle
|cant|p1a: Marshadow|slp
|
|-heal|p2a: Smeargle|54/100|[from] Ingrain
|-ability|p2a: Smeargle|Moody|boost
|-boost|p2a: Smeargle|spe|2
|-unboost|p2a: Smeargle|spd|1
|upkeep
|turn|26
|
|t:|1653749560
|move|p2a: Smeargle|Ingrain||[still]
|-fail|p2a: Smeargle
|-curestatus|p1a: Marshadow|slp|[msg]
|move|p1a: Marshadow|Close Combat|p2a: Smeargle
|-supereffective|p2a: Smeargle
|-end|p2a: Smeargle|Substitute
|-unboost|p1a: Marshadow|def|1
|-unboost|p1a: Marshadow|spd|1
|
|-heal|p2a: Smeargle|60/100|[from] Ingrain
|-ability|p2a: Smeargle|Moody|boost
|-boost|p2a: Smeargle|spd|2
|-unboost|p2a: Smeargle|atk|1
|upkeep
|turn|27
|
|t:|1653749566
|switch|p1a: Arceus|Arceus|76/100
|move|p2a: Smeargle|Spore|p1a: Arceus
|-activate|p1a: Arceus|item: Safety Goggles|Spore
|
|-heal|p2a: Smeargle|66/100|[from] Ingrain
|-ability|p2a: Smeargle|Moody|boost
|-boost|p2a: Smeargle|spe|2
|-unboost|p2a: Smeargle|def|1
|upkeep
|turn|28
|
|t:|1653749571
|move|p2a: Smeargle|Substitute|p2a: Smeargle
|-start|p2a: Smeargle|Substitute
|-damage|p2a: Smeargle|41/100
|move|p1a: Arceus|Substitute|p1a: Arceus
|-start|p1a: Arceus|Substitute
|-damage|p1a: Arceus|51/100
|
|-heal|p2a: Smeargle|47/100|[from] Ingrain
|-ability|p2a: Smeargle|Moody|boost
|-boost|p2a: Smeargle|spd|2
|-unboost|p2a: Smeargle|spe|1
|upkeep
|turn|29
|
|t:|1653749580
|move|p2a: Smeargle|Baton Pass|p2a: Smeargle
|
|t:|1653749582
|switch|p2a: Liepard|Liepard, F|82/100|[from]move: Baton Pass
|move|p1a: Arceus|Swords Dance|p1a: Arceus
|-boost|p1a: Arceus|atk|2
|
|-heal|p2a: Liepard|88/100|[from] item: Leftovers
|-heal|p2a: Liepard|94/100|[from] Ingrain
|upkeep
|turn|30
|
|t:|1653749588
|move|p2a: Liepard|Taunt|p1a: Arceus
|-start|p1a: Arceus|move: Taunt
|cant|p1a: Arceus|move: Taunt|Swords Dance
|
|-heal|p2a: Liepard|99/100|[from] item: Leftovers
|-heal|p2a: Liepard|100/100|[from] Ingrain
|upkeep
|turn|31
|
|t:|1653749593
|move|p2a: Liepard|Hone Claws|p2a: Liepard
|-boost|p2a: Liepard|atk|1
|-boost|p2a: Liepard|accuracy|1
|move|p1a: Arceus|Earthquake|p2a: Liepard
|-activate|p2a: Liepard|move: Substitute|[damage]
|
|upkeep
|turn|32
|
|t:|1653749596
|move|p2a: Liepard|Hone Claws|p2a: Liepard
|-boost|p2a: Liepard|atk|1
|-boost|p2a: Liepard|accuracy|1
|move|p1a: Arceus|Earthquake|p2a: Liepard
|-end|p2a: Liepard|Substitute
|
|-end|p1a: Arceus|move: Taunt
|upkeep
|turn|33
|
|t:|1653749600
|move|p2a: Liepard|Substitute|p2a: Liepard
|-start|p2a: Liepard|Substitute
|-damage|p2a: Liepard|76/100
|move|p1a: Arceus|Earthquake|p2a: Liepard
|-activate|p2a: Liepard|move: Substitute|[damage]
|
|-heal|p2a: Liepard|82/100|[from] item: Leftovers
|-heal|p2a: Liepard|88/100|[from] Ingrain
|upkeep
|turn|34
|
|t:|1653749606
|move|p2a: Liepard|Hone Claws|p2a: Liepard
|-boost|p2a: Liepard|atk|1
|-boost|p2a: Liepard|accuracy|1
|move|p1a: Arceus|Swords Dance|p1a: Arceus
|-boost|p1a: Arceus|atk|2
|
|-heal|p2a: Liepard|94/100|[from] item: Leftovers
|-heal|p2a: Liepard|99/100|[from] Ingrain
|upkeep
|turn|35
|
|t:|1653749614
|move|p2a: Liepard|Hone Claws|p2a: Liepard
|-boost|p2a: Liepard|atk|1
|-boost|p2a: Liepard|accuracy|1
|move|p1a: Arceus|Earthquake|p2a: Liepard
|-end|p2a: Liepard|Substitute
|
|-heal|p2a: Liepard|100/100|[from] item: Leftovers
|upkeep
|turn|36
|
|t:|1653749618
|move|p2a: Liepard|Substitute|p2a: Liepard
|-start|p2a: Liepard|Substitute
|-damage|p2a: Liepard|76/100
|move|p1a: Arceus|Swords Dance|p1a: Arceus
|-boost|p1a: Arceus|atk|2
|
|-heal|p2a: Liepard|82/100|[from] item: Leftovers
|-heal|p2a: Liepard|88/100|[from] Ingrain
|upkeep
|turn|37
|
|t:|1653749629
|move|p2a: Liepard|Hone Claws|p2a: Liepard
|-boost|p2a: Liepard|atk|1
|-boost|p2a: Liepard|accuracy|1
|move|p1a: Arceus|Earthquake|p2a: Liepard|[miss]
|-miss|p1a: Arceus|p2a: Liepard
|
|-heal|p2a: Liepard|94/100|[from] item: Leftovers
|-heal|p2a: Liepard|99/100|[from] Ingrain
|upkeep
|turn|38
|
|t:|1653749632
|move|p2a: Liepard|Hone Claws|p2a: Liepard
|-boost|p2a: Liepard|atk|1
|-boost|p2a: Liepard|accuracy|1
|move|p1a: Arceus|Earthquake|p2a: Liepard|[miss]
|-miss|p1a: Arceus|p2a: Liepard
|
|-heal|p2a: Liepard|100/100|[from] item: Leftovers
|upkeep
|turn|39
|
|t:|1653749638
|move|p2a: Liepard|Hone Claws|p2a: Liepard
|-boost|p2a: Liepard|atk|1
|-boost|p2a: Liepard|accuracy|0
|move|p1a: Arceus|Earthquake|p2a: Liepard|[miss]
|-miss|p1a: Arceus|p2a: Liepard
|
|upkeep
|turn|40
|
|t:|1653749641
|move|p2a: Liepard|Hone Claws|p2a: Liepard
|-boost|p2a: Liepard|atk|1
|-boost|p2a: Liepard|accuracy|0
|move|p1a: Arceus|Earthquake|p2a: Liepard|[miss]
|-miss|p1a: Arceus|p2a: Liepard
|
|upkeep
|turn|41
|
|t:|1653749644
|move|p2a: Liepard|Hone Claws|p2a: Liepard
|-boost|p2a: Liepard|atk|1
|-boost|p2a: Liepard|accuracy|0
|move|p1a: Arceus|Earthquake|p2a: Liepard|[miss]
|-miss|p1a: Arceus|p2a: Liepard
|
|upkeep
|turn|42
|c|☆Lollmaokekw|Its jus 1.67
|c|☆Lollmaokekw|The odds of all these misses is less than 1%
|
|t:|1653749668
|move|p2a: Liepard|Hone Claws|p2a: Liepard
|-boost|p2a: Liepard|atk|1
|-boost|p2a: Liepard|accuracy|0
|move|p1a: Arceus|Earthquake|p2a: Liepard|[miss]
|-miss|p1a: Arceus|p2a: Liepard
|
|upkeep
|turn|43
|c|☆dividing by 0|I have prankster sub with ingrain and leftover support anyways
|c|☆dividing by 0|the misses don't change anything
|c|☆dividing by 0|I can still boost to max
|
|t:|1653749687
|move|p2a: Liepard|Baton Pass|p2a: Liepard
|
|t:|1653749688
|switch|p2a: Clefable|Clefable, F|97/100|[from]move: Baton Pass
|move|p1a: Arceus|Earthquake|p2a: Clefable|[miss]
|-miss|p1a: Arceus|p2a: Clefable
|
|-heal|p2a: Clefable|100/100|[from] Ingrain
|upkeep
|turn|44
|c|☆Lollmaokekw|Just get this sht done with
|c|☆Lollmaokekw|You filthy  staller
|
|t:|1653749700
|move|p2a: Clefable|Minimize|p2a: Clefable
|-boost|p2a: Clefable|evasion|2
|move|p1a: Arceus|Earthquake|p2a: Clefable|[miss]
|-miss|p1a: Arceus|p2a: Clefable
|
|upkeep
|turn|45
|c|☆dividing by 0|I mean
|c|☆dividing by 0|Full pass is viable
|
|t:|1653749710
|move|p2a: Clefable|Minimize|p2a: Clefable
|-boost|p2a: Clefable|evasion|2
|move|p1a: Arceus|Swords Dance|p1a: Arceus
|-boost|p1a: Arceus|atk|0
|
|upkeep
|turn|46
|
|t:|1653749722
|move|p2a: Clefable|Cosmic Power|p2a: Clefable
|-boost|p2a: Clefable|def|1
|-boost|p2a: Clefable|spd|0
|move|p1a: Arceus|Substitute|p1a: Arceus
|-fail|p1a: Arceus|move: Substitute
|
|upkeep
|turn|47
|c|☆Lollmaokekw|Its just lamr
|c|☆Lollmaokekw|50 turns of nothing
|
|t:|1653749733
|move|p2a: Clefable|Baton Pass|p2a: Clefable
|
|t:|1653749734
|switch|p2a: Arceus|Arceus|100/100|[from]move: Baton Pass
|move|p1a: Arceus|Swords Dance|p1a: Arceus
|-boost|p1a: Arceus|atk|0
|
|upkeep
|turn|48
|
|t:|1653749738
|move|p2a: Arceus|Extreme Speed|p1a: Arceus
|-end|p1a: Arceus|Substitute
|move|p1a: Arceus|Earthquake|p2a: Arceus|[miss]
|-miss|p1a: Arceus|p2a: Arceus
|
|upkeep
|turn|49
|
|t:|1653749740
|move|p2a: Arceus|Extreme Speed|p1a: Arceus
|-damage|p1a: Arceus|0 fnt
|faint|p1a: Arceus
|
|upkeep
|
|t:|1653749744
|switch|p1a: Quagsire|Quagsire, M|100/100
|turn|50
|
|t:|1653749746
|move|p2a: Arceus|Bullet Seed|p1a: Quagsire
|-supereffective|p1a: Quagsire
|-damage|p1a: Quagsire|76/100
|-supereffective|p1a: Quagsire
|-damage|p1a: Quagsire|51/100
|-supereffective|p1a: Quagsire
|-damage|p1a: Quagsire|25/100
|-supereffective|p1a: Quagsire
|-damage|p1a: Quagsire|0 fnt
|faint|p1a: Quagsire
|-hitcount|p1: Quagsire|4
|
|upkeep
|c|☆Lollmaokekw|Yea
|c|☆Lollmaokekw|Fck off
|c|☆dividing by 0|I mean?
|c|☆Lollmaokekw|4 hits
|c|☆Lollmaokekw|I was gonna haze
|
|t:|1653749775
|switch|p1a: Marshadow|Marshadow|100/100
|turn|51
|
|t:|1653749779
|move|p2a: Arceus|Earthquake|p1a: Marshadow
|-enditem|p1a: Marshadow|Focus Sash
|-damage|p1a: Marshadow|1/100
|move|p1a: Marshadow|Close Combat|p2a: Arceus|[miss]
|-miss|p1a: Marshadow|p2a: Arceus
|
|upkeep
|turn|52
|
|t:|1653749785
|move|p2a: Arceus|Earthquake|p1a: Marshadow
|-damage|p1a: Marshadow|0 fnt
|faint|p1a: Marshadow
|
|upkeep
|
|t:|1653749787
|switch|p1a: Yveltal|Yveltal, shiny|100/100
|-ability|p1a: Yveltal|Dark Aura
|turn|53
|
|t:|1653749810
|move|p2a: Arceus|Extreme Speed|p1a: Yveltal
|-damage|p1a: Yveltal|0 fnt
|faint|p1a: Yveltal
|
|upkeep
|
|t:|1653749812
|switch|p1a: Calyrex|Calyrex-Shadow|100/100
|-ability|p1a: Calyrex|As One
|-ability|p1a: Calyrex|Unnerve
|turn|54
|
|t:|1653749814
|move|p2a: Arceus|Bullet Seed|p1a: Calyrex
|-damage|p1a: Calyrex|59/100
|-damage|p1a: Calyrex|16/100
|-crit|p1a: Calyrex
|-damage|p1a: Calyrex|0 fnt
|faint|p1a: Calyrex
|-hitcount|p1: Calyrex|3
|
|upkeep
|
|t:|1653749816
|switch|p1a: Ditto|Ditto|100/100
|turn|55
|
|t:|1653749820
|move|p2a: Arceus|Extreme Speed|p1a: Ditto
|-damage|p1a: Ditto|0 fnt
|faint|p1a: Ditto
|
|win|dividing by 0
|raw|Lollmaokekw's rating: 1495 &rarr; <strong>1482</strong><br />(-13 for losing)
|raw|dividing by 0's rating: 1613 &rarr; <strong>1626</strong><br />(+13 for winning)
|c|☆Lollmaokekw|Gg
