|j|☆zzzzszsd
|j|☆chopforce8
|t:|1633396038
|gametype|singles
|player|p1|zzzzszsd|265|1732
|player|p2|chopforce8|red|1833
|teamsize|p1|6
|teamsize|p2|6
|gen|8
|tier|[Gen 8] National Dex AG
|rated|
|rule|HP Percentage Mod: HP is shown in percentages
|rule|Endless Battle Clause: Forcing endless battles is banned
|clearpoke
|poke|p1|Calyrex-Shadow|
|poke|p1|Arceus-*|
|poke|p1|Ho-Oh|
|poke|p1|Ferrothorn, M|
|poke|p1|Marshadow|
|poke|p1|Zacian-*|
|poke|p2|Yveltal|
|poke|p2|Diancie|
|poke|p2|Calyrex-Shadow|
|poke|p2|Zacian-*|
|poke|p2|Ditto|
|poke|p2|Arceus-*|
|teampreview
|inactive|Battle timer is ON: inactive players will automatically lose when time's up. (requested by zzzzszsd)
|j| Reidnreactn
|inactive|chopforce8 has 120 seconds left.
|
|t:|1633396072
|start
|switch|p1a: Zacian|Zacian-Crowned|100/100
|switch|p2a: Professorquirrel|Calyrex-Shadow|100/100
|-ability|p2a: Professorquirrel|As One
|-ability|p2a: Professorquirrel|Unnerve
|-ability|p1a: Zacian|Intrepid Sword|boost
|-boost|p1a: Zacian|atk|1
|turn|1
|
|t:|1633396080
|move|p2a: Professorquirrel|Nasty Plot|p2a: Professorquirrel
|-boost|p2a: Professorquirrel|spa|2
|move|p1a: Zacian|Behemoth Blade|p2a: Professorquirrel
|-damage|p2a: Professorquirrel|2/100
|
|upkeep
|turn|2
|
|t:|1633396086
|switch|p1a: Ho-Oh|Ho-Oh|100/100
|move|p2a: Professorquirrel|Astral Barrage|p1a: Ho-Oh
|-damage|p1a: Ho-Oh|43/100
|
|upkeep
|turn|3
|
|t:|1633396093
|switch|p1a: God|Arceus|100/100
|move|p2a: Professorquirrel|Baton Pass|p2a: Professorquirrel
|
|t:|1633396100
|switch|p2a: Voldemort|Yveltal|100/100|[from]move: Baton Pass
|-ability|p2a: Voldemort|Dark Aura
|
|upkeep
|turn|4
|
|t:|1633396110
|-start|p2a: Voldemort|Dynamax
|-heal|p2a: Voldemort|100/100|[silent]
|-start|p1a: God|Dynamax
|-heal|p1a: God|100/100|[silent]
|move|p2a: Voldemort|Max Airstream|p1a: God
|-damage|p1a: God|41/100
|-boost|p2a: Voldemort|spe|1
|-damage|p2a: Voldemort|96/100|[from] item: Life Orb
|move|p1a: God|Max Strike|p2a: Voldemort
|-damage|p2a: Voldemort|60/100
|-unboost|p2a: Voldemort|spe|1
|
|-heal|p1a: God|44/100|[from] item: Leftovers
|upkeep
|turn|5
|inactive|chopforce8 has 120 seconds left.
|
|t:|1633396149
|move|p1a: God|Max Guard|p1a: God
|-singleturn|p1a: God|Max Guard
|move|p2a: Voldemort|Max Airstream|p1a: God
|-activate|p1a: God|move: Max Guard
|
|-heal|p1a: God|47/100|[from] item: Leftovers
|upkeep
|turn|6
|inactive|chopforce8 has 120 seconds left.
|
|t:|1633396155
|move|p1a: God|Max Guard|p1a: God
|-singleturn|p1a: God|Max Guard
|move|p2a: Voldemort|Max Airstream|p1a: God
|-activate|p1a: God|move: Max Guard
|
|-heal|p1a: God|50/100|[from] item: Leftovers
|-end|p2a: Voldemort|Dynamax
|-heal|p2a: Voldemort|60/100|[silent]
|-end|p1a: God|Dynamax
|-heal|p1a: God|50/100|[silent]
|upkeep
|turn|7
|
|t:|1633396164
|move|p1a: God|Extreme Speed|p2a: Voldemort
|-damage|p2a: Voldemort|13/100
|move|p2a: Voldemort|Oblivion Wing|p1a: God
|-damage|p1a: God|0 fnt
|-heal|p2a: Voldemort|55/100|[from] drain|[of] p1a: God
|faint|p1a: God
|-damage|p2a: Voldemort|45/100|[from] item: Life Orb
|
|upkeep
|
|t:|1633396172
|switch|p1a: Zacian|Zacian-Crowned|100/100
|-ability|p1a: Zacian|Intrepid Sword|boost
|-boost|p1a: Zacian|atk|1
|turn|8
|
|t:|1633396180
|move|p1a: Zacian|Behemoth Blade|p2a: Voldemort
|-damage|p2a: Voldemort|0 fnt
|faint|p2a: Voldemort
|
|upkeep
|j| boredyoungboy123
|
|t:|1633396187
|switch|p2a: Professorquirrel|Calyrex-Shadow|2/100
|-ability|p2a: Professorquirrel|As One
|-ability|p2a: Professorquirrel|Unnerve
|turn|9
|
|t:|1633396192
|move|p2a: Professorquirrel|Astral Barrage|p1a: Zacian
|-damage|p1a: Zacian|44/100
|move|p1a: Zacian|Behemoth Blade|p2a: Professorquirrel
|-damage|p2a: Professorquirrel|0 fnt
|faint|p2a: Professorquirrel
|
|upkeep
|
|t:|1633396200
|switch|p2a: MirrorofErised|Ditto|100/100
|-transform|p2a: MirrorofErised|p1a: Zacian|[from] ability: Imposter
|-ability|p2a: MirrorofErised|Intrepid Sword|boost
|-boost|p2a: MirrorofErised|atk|1
|turn|10
|
|t:|1633396208
|switch|p1a: Ferrothorn|Ferrothorn, M|100/100
|move|p2a: MirrorofErised|Behemoth Blade|p1a: Ferrothorn
|-resisted|p1a: Ferrothorn
|-damage|p1a: Ferrothorn|64/100
|-damage|p2a: MirrorofErised|88/100|[from] ability: Iron Barbs|[of] p1a: Ferrothorn
|
|-heal|p1a: Ferrothorn|70/100|[from] item: Leftovers
|upkeep
|turn|11
|
|t:|1633396222
|switch|p2a: Fluffy|Zacian-Crowned|100/100
|-ability|p2a: Fluffy|Intrepid Sword|boost
|-boost|p2a: Fluffy|atk|1
|move|p1a: Ferrothorn|Gyro Ball|p2a: Fluffy
|-damage|p2a: Fluffy|59/100
|
|-heal|p1a: Ferrothorn|76/100|[from] item: Leftovers
|upkeep
|turn|12
|
|t:|1633396230
|move|p2a: Fluffy|Substitute|p2a: Fluffy
|-start|p2a: Fluffy|Substitute
|-damage|p2a: Fluffy|34/100
|move|p1a: Ferrothorn|Stealth Rock|p2a: Fluffy
|-sidestart|p2: chopforce8|move: Stealth Rock
|
|-heal|p1a: Ferrothorn|83/100|[from] item: Leftovers
|upkeep
|turn|13
|
|t:|1633396236
|move|p2a: Fluffy|Close Combat|p1a: Ferrothorn
|-supereffective|p1a: Ferrothorn
|-damage|p1a: Ferrothorn|1/100
|-unboost|p2a: Fluffy|def|1
|-unboost|p2a: Fluffy|spd|1
|-damage|p2a: Fluffy|21/100|[from] ability: Iron Barbs|[of] p1a: Ferrothorn
|move|p1a: Ferrothorn|Gyro Ball|p2a: Fluffy
|-end|p2a: Fluffy|Substitute
|
|-heal|p1a: Ferrothorn|8/100|[from] item: Leftovers
|upkeep
|turn|14
|
|t:|1633396247
|move|p2a: Fluffy|Behemoth Blade|p1a: Ferrothorn
|-resisted|p1a: Ferrothorn
|-damage|p1a: Ferrothorn|0 fnt
|-damage|p2a: Fluffy|9/100|[from] ability: Iron Barbs|[of] p1a: Ferrothorn
|faint|p1a: Ferrothorn
|
|upkeep
|
|t:|1633396257
|switch|p1a: Ho-Oh|Ho-Oh|76/100
|turn|15
|inactive|chopforce8 has 120 seconds left.
|
|t:|1633396295
|move|p2a: Fluffy|Behemoth Blade|p1a: Ho-Oh
|-resisted|p1a: Ho-Oh
|-damage|p1a: Ho-Oh|35/100
|move|p1a: Ho-Oh|Sacred Fire|p2a: Fluffy
|-supereffective|p2a: Fluffy
|-damage|p2a: Fluffy|0 fnt
|faint|p2a: Fluffy
|
|upkeep
|
|t:|1633396303
|switch|p2a: Harry Potter|Diancie|100/100
|-damage|p2a: Harry Potter|88/100|[from] Stealth Rock
|turn|16
|inactive|chopforce8 has 120 seconds left.
|
|t:|1633396318
|switch|p1a: Zacian|Zacian-Crowned|44/100
|-ability|p1a: Zacian|Intrepid Sword|boost
|-boost|p1a: Zacian|atk|1
|detailschange|p2a: Harry Potter|Diancie-Mega
|-mega|p2a: Harry Potter|Diancie|Diancite
|move|p2a: Harry Potter|Stealth Rock|p1a: Zacian
|-sidestart|p1: zzzzszsd|move: Stealth Rock
|
|upkeep
|turn|17
|inactive|chopforce8 has 120 seconds left.
|
|t:|1633396326
|move|p1a: Zacian|Behemoth Blade|p2a: Harry Potter
|-supereffective|p2a: Harry Potter
|-damage|p2a: Harry Potter|0 fnt
|faint|p2a: Harry Potter
|
|upkeep
|
|t:|1633396331
|switch|p2a: MirrorofErised|Ditto|88/100
|-damage|p2a: MirrorofErised|76/100|[from] Stealth Rock
|-transform|p2a: MirrorofErised|p1a: Zacian|[from] ability: Imposter
|-ability|p2a: MirrorofErised|Intrepid Sword|boost
|-boost|p2a: MirrorofErised|atk|1
|turn|18
|
|t:|1633396340
|switch|p1a: Ho-Oh|Ho-Oh|68/100
|move|p2a: MirrorofErised|Behemoth Blade|p1a: Ho-Oh
|-resisted|p1a: Ho-Oh
|-damage|p1a: Ho-Oh|14/100
|
|upkeep
|turn|19
|
|t:|1633396350
|move|p2a: MirrorofErised|Behemoth Blade|p1a: Ho-Oh
|-resisted|p1a: Ho-Oh
|-damage|p1a: Ho-Oh|0 fnt
|faint|p1a: Ho-Oh
|
|upkeep
|l| Reidnreactn
|
|t:|1633396376
|switch|p1a: OP as F***|Calyrex-Shadow|100/100
|-ability|p1a: OP as F***|As One
|-ability|p1a: OP as F***|Unnerve
|-damage|p1a: OP as F***|88/100|[from] Stealth Rock
|turn|20
|
|t:|1633396384
|move|p1a: OP as F***|Astral Barrage|p2a: MirrorofErised
|-damage|p2a: MirrorofErised|5/100
|move|p2a: MirrorofErised|Behemoth Blade|p1a: OP as F***
|-damage|p1a: OP as F***|0 fnt
|faint|p1a: OP as F***
|
|upkeep
|
|t:|1633396388
|switch|p1a: F*** ditto|Marshadow|100/100
|-damage|p1a: F*** ditto|94/100|[from] Stealth Rock
|turn|21
|
|t:|1633396400
|move|p1a: F*** ditto|Shadow Sneak|p2a: MirrorofErised
|-damage|p2a: MirrorofErised|0 fnt
|faint|p2a: MirrorofErised
|
|upkeep
|
|t:|1633396403
|switch|p2a: Chess Wizard|Arceus-Flying|100/100
|-damage|p2a: Chess Wizard|76/100|[from] Stealth Rock
|turn|22
|
|t:|1633396407
|move|p1a: F*** ditto|Rock Tomb|p2a: Chess Wizard
|-supereffective|p2a: Chess Wizard
|-damage|p2a: Chess Wizard|37/100
|-unboost|p2a: Chess Wizard|spe|1
|move|p2a: Chess Wizard|Recover|p2a: Chess Wizard
|-heal|p2a: Chess Wizard|87/100
|
|upkeep
|turn|23
|
|t:|1633396415
|move|p1a: F*** ditto|Rock Tomb|p2a: Chess Wizard
|-supereffective|p2a: Chess Wizard
|-damage|p2a: Chess Wizard|46/100
|-unboost|p2a: Chess Wizard|spe|1
|move|p2a: Chess Wizard|Recover|p2a: Chess Wizard
|-heal|p2a: Chess Wizard|96/100
|
|upkeep
|turn|24
|
|t:|1633396425
|move|p1a: F*** ditto|Rock Tomb|p2a: Chess Wizard
|-supereffective|p2a: Chess Wizard
|-damage|p2a: Chess Wizard|58/100
|-unboost|p2a: Chess Wizard|spe|1
|move|p2a: Chess Wizard|Judgment|p1a: F*** ditto
|-supereffective|p1a: F*** ditto
|-damage|p1a: F*** ditto|0 fnt
|faint|p1a: F*** ditto
|
|upkeep
|
|t:|1633396432
|switch|p1a: Zacian|Zacian-Crowned|44/100
|-damage|p1a: Zacian|38/100|[from] Stealth Rock
|-ability|p1a: Zacian|Intrepid Sword|boost
|-boost|p1a: Zacian|atk|1
|turn|25
|c|☆chopforce8|gg
|
|t:|1633396442
|move|p1a: Zacian|Wild Charge|p2a: Chess Wizard
|-supereffective|p2a: Chess Wizard
|-damage|p2a: Chess Wizard|0 fnt
|faint|p2a: Chess Wizard
|-damage|p1a: Zacian|18/100|[from] Recoil
|
|win|zzzzszsd
|raw|zzzzszsd's rating: 1732 &rarr; <strong>1758</strong><br />(+26 for winning)
|raw|chopforce8's rating: 1833 &rarr; <strong>1807</strong><br />(-26 for losing)
|c|☆zzzzszsd|Gg
|l|☆chopforce8
||Ladder isn't responding, score probably updated but might not have (Request timeout).
|l|☆zzzzszsd
|j|☆zzzzszsd
|player|p1|zzzzszsd|265
