|j|☆agdp
|j|☆soviet glonk
|t:|1640528220
|gametype|singles
|player|p1|agdp|101|1803
|player|p2|soviet glonk|ghetsis|1789
|teamsize|p1|6
|teamsize|p2|6
|gen|8
|tier|[Gen 8] National Dex AG
|rated|
|rule|HP Percentage Mod: HP is shown in percentages
|rule|Endless Battle Clause: Forcing endless battles is banned
|clearpoke
|poke|p1|Giratina-Origin|
|poke|p1|Ditto|
|poke|p1|Groudon|
|poke|p1|Yveltal|
|poke|p1|Marshadow|
|poke|p1|Zacian-*|
|poke|p2|Marshadow|
|poke|p2|Zacian-*|
|poke|p2|Yveltal|
|poke|p2|Necrozma-Dusk-Mane|
|poke|p2|Arceus-*|
|poke|p2|Arceus-*|
|teampreview
|inactive|Battle timer is ON: inactive players will automatically lose when time's up. (requested by soviet glonk)
|
|t:|1640528236
|start
|switch|p1a: Groudon|Groudon|100/100
|switch|p2a: Manwë|Arceus-Ground|100/100
|detailschange|p1a: Groudon|Groudon-Primal
|-primal|p1a: Groudon
|-weather|DesolateLand|[from] ability: Desolate Land|[of] p1a: Groudon
|turn|1
|
|t:|1640528251
|-weather|none
|switch|p1a: Giratina|Giratina-Origin, shiny|100/100
|move|p2a: Manwë|Ice Beam|p1a: Giratina
|-supereffective|p1a: Giratina
|-damage|p1a: Giratina|62/100
|
|upkeep
|turn|2
|
|t:|1640528268
|move|p2a: Manwë|Ice Beam|p1a: Giratina
|-supereffective|p1a: Giratina
|-damage|p1a: Giratina|26/100
|move|p1a: Giratina|Outrage|p2a: Manwë
|-damage|p2a: Manwë|61/100
|
|upkeep
|turn|3
|
|t:|1640528275
|move|p2a: Manwë|Recover|p2a: Manwë
|-heal|p2a: Manwë|100/100
|move|p1a: Giratina|Outrage|p2a: Manwë|[from]lockedmove
|-damage|p2a: Manwë|64/100
|-start|p1a: Giratina|confusion|[fatigue]
|
|upkeep
|turn|4
|
|t:|1640528283
|move|p2a: Manwë|Recover|p2a: Manwë
|-heal|p2a: Manwë|100/100
|-activate|p1a: Giratina|confusion
|move|p1a: Giratina|Outrage|p2a: Manwë
|-damage|p2a: Manwë|62/100
|
|upkeep
|turn|5
|
|t:|1640528290
|move|p2a: Manwë|Ice Beam|p1a: Giratina
|-supereffective|p1a: Giratina
|-damage|p1a: Giratina|0 fnt
|faint|p1a: Giratina
|
|upkeep
|
|t:|1640528302
|switch|p1a: Zacian|Zacian-Crowned, shiny|100/100
|-ability|p1a: Zacian|Intrepid Sword|boost
|-boost|p1a: Zacian|atk|1
|turn|6
|
|t:|1640528310
|move|p1a: Zacian|Close Combat|p2a: Manwë
|-damage|p2a: Manwë|25/100
|-unboost|p1a: Zacian|def|1
|-unboost|p1a: Zacian|spd|1
|move|p2a: Manwë|Judgment|p1a: Zacian
|-supereffective|p1a: Zacian
|-damage|p1a: Zacian|0 fnt
|faint|p1a: Zacian
|
|upkeep
|
|t:|1640528322
|switch|p1a: Yveltal|Yveltal|100/100
|-ability|p1a: Yveltal|Dark Aura
|turn|7
|
|t:|1640528326
|move|p1a: Yveltal|Oblivion Wing|p2a: Manwë
|-damage|p2a: Manwë|0 fnt
|faint|p2a: Manwë
|
|upkeep
|
|t:|1640528333
|switch|p2a: Lúthien Tinúviel|Zacian-Crowned|100/100
|-ability|p2a: Lúthien Tinúviel|Intrepid Sword|boost
|-boost|p2a: Lúthien Tinúviel|atk|1
|turn|8
|
|t:|1640528339
|move|p2a: Lúthien Tinúviel|Behemoth Blade|p1a: Yveltal
|-damage|p1a: Yveltal|3/100
|-damage|p2a: Lúthien Tinúviel|84/100|[from] item: Rocky Helmet|[of] p1a: Yveltal
|move|p1a: Yveltal|Foul Play|p2a: Lúthien Tinúviel
|-resisted|p2a: Lúthien Tinúviel
|-damage|p2a: Lúthien Tinúviel|25/100
|
|upkeep
|turn|9
|
|t:|1640528347
|move|p1a: Yveltal|Sucker Punch|p2a: Lúthien Tinúviel
|-resisted|p2a: Lúthien Tinúviel
|-damage|p2a: Lúthien Tinúviel|9/100
|move|p2a: Lúthien Tinúviel|Behemoth Blade|p1a: Yveltal
|-damage|p1a: Yveltal|0 fnt
|-damage|p2a: Lúthien Tinúviel|0 fnt|[from] item: Rocky Helmet|[of] p1a: Yveltal
|faint|p1a: Yveltal
|faint|p2a: Lúthien Tinúviel
|
|upkeep
|
|t:|1640528374
|switch|p2a: Beren Erchamion|Marshadow|100/100
|switch|p1a: Groudon|Groudon-Primal|100/100
|-weather|DesolateLand|[from] ability: Desolate Land|[of] p1a: Groudon
|turn|10
|
|t:|1640528381
|move|p2a: Beren Erchamion|Poltergeist|p1a: Groudon
|-activate|p1a: Groudon|move: Poltergeist|Red Orb
|-damage|p1a: Groudon|46/100
|move|p1a: Groudon|Heat Crash|p2a: Beren Erchamion
|-damage|p2a: Beren Erchamion|0 fnt
|faint|p2a: Beren Erchamion
|
|-weather|DesolateLand|[upkeep]
|upkeep
|
|t:|1640528388
|switch|p2a: Morgoth Bauglir|Arceus-Dark|100/100
|turn|11
|
|t:|1640528392
|move|p2a: Morgoth Bauglir|Judgment|p1a: Groudon
|-damage|p1a: Groudon|0 fnt
|faint|p1a: Groudon
|-weather|none
|
|upkeep
|
|t:|1640528398
|switch|p1a: Marshadow|Marshadow|100/100
|turn|12
|
|t:|1640528402
|switch|p2a: Carcharoth|Necrozma-Dusk-Mane|100/100
|move|p1a: Marshadow|Close Combat|p2a: Carcharoth
|-damage|p2a: Carcharoth|69/100
|-unboost|p1a: Marshadow|def|1
|-unboost|p1a: Marshadow|spd|1
|-damage|p1a: Marshadow|84/100|[from] item: Rocky Helmet|[of] p2a: Carcharoth
|
|upkeep
|turn|13
|
|t:|1640528423
|-start|p1a: Marshadow|Dynamax
|-heal|p1a: Marshadow|84/100|[silent]
|move|p1a: Marshadow|Max Phantasm|p2a: Carcharoth
|-supereffective|p2a: Carcharoth
|-damage|p2a: Carcharoth|12/100
|-unboost|p2a: Carcharoth|def|1
|move|p2a: Carcharoth|Morning Sun|p2a: Carcharoth
|-heal|p2a: Carcharoth|62/100
|
|upkeep
|turn|14
|
|t:|1640528435
|move|p1a: Marshadow|Max Phantasm|p2a: Carcharoth
|-supereffective|p2a: Carcharoth
|-damage|p2a: Carcharoth|0 fnt
|faint|p2a: Carcharoth
|
|upkeep
|
|t:|1640528438
|switch|p2a: Ancalagon|Yveltal|100/100
|-ability|p2a: Ancalagon|Dark Aura
|turn|15
|
|t:|1640528445
|-start|p2a: Ancalagon|Dynamax
|-heal|p2a: Ancalagon|100/100|[silent]
|move|p1a: Marshadow|Max Strike|p2a: Ancalagon
|-damage|p2a: Ancalagon|79/100
|-unboost|p2a: Ancalagon|spe|1
|move|p2a: Ancalagon|Max Airstream|p1a: Marshadow
|-supereffective|p1a: Marshadow
|-damage|p1a: Marshadow|0 fnt
|-boost|p2a: Ancalagon|spe|1
|faint|p1a: Marshadow
|-damage|p2a: Ancalagon|74/100|[from] item: Life Orb
|
|upkeep
|
|t:|1640528459
|switch|p1a: Ditto|Ditto|100/100
|-transform|p1a: Ditto|p2a: Ancalagon|[from] ability: Imposter
|-ability|p1a: Ditto|Dark Aura
|turn|16
|
|t:|1640528471
|move|p1a: Ditto|Oblivion Wing|p2a: Ancalagon
|-damage|p2a: Ancalagon|52/100
|move|p2a: Ancalagon|Max Airstream|p1a: Ditto
|-damage|p1a: Ditto|0 fnt
|-boost|p2a: Ancalagon|spe|1
|faint|p1a: Ditto
|-damage|p2a: Ancalagon|47/100|[from] item: Life Orb
|
|win|soviet glonk
|raw|agdp's rating: 1803 &rarr; <strong>1782</strong><br />(-21 for losing)
|raw|soviet glonk's rating: 1789 &rarr; <strong>1810</strong><br />(+21 for winning)
|l|☆soviet glonk
|c|☆agdp|GG
