|j|☆aladdin0
|j|☆SpookyMareep
|t:|1655260307
|gametype|singles
|player|p1|aladdin0|pryce|1484
|player|p2|SpookyMareep|rocketgruntf|1628
|teamsize|p1|6
|teamsize|p2|6
|gen|8
|tier|[Gen 8] National Dex AG
|rated|
|rule|HP Percentage Mod: HP is shown in percentages
|rule|Endless Battle Clause: Forcing endless battles is banned
|clearpoke
|poke|p1|Kyurem-White|
|poke|p1|Calyrex-Ice|
|poke|p1|Ribombee, F|
|poke|p1|Uxie|
|poke|p1|Tapu Fini|
|poke|p1|Diancie|
|poke|p2|Ditto|
|poke|p2|Marshadow|
|poke|p2|Toxapex, M|
|poke|p2|Shedinja|
|poke|p2|Quagsire, M|
|poke|p2|Landorus-Therian, M|
|teampreview
|inactive|Battle timer is ON: inactive players will automatically lose when time's up. (requested by aladdin0)
|c|☆aladdin0|hf bud!
|
|t:|1655260315
|start
|switch|p1a: Bomblebee|Ribombee, F, shiny|100/100
|switch|p2a: NO FUN ALLOWED|Landorus-Therian, M|100/100
|-ability|p2a: NO FUN ALLOWED|Intimidate|boost
|-unboost|p1a: Bomblebee|atk|1
|turn|1
|
|t:|1655260320
|-start|p2a: NO FUN ALLOWED|Dynamax|
|-heal|p2a: NO FUN ALLOWED|100/100|[silent]
|move|p1a: Bomblebee|Stun Spore|p2a: NO FUN ALLOWED
|-status|p2a: NO FUN ALLOWED|par
|move|p2a: NO FUN ALLOWED|Max Rockfall|p1a: Bomblebee
|-supereffective|p1a: Bomblebee
|-enditem|p1a: Bomblebee|Focus Sash
|-damage|p1a: Bomblebee|1/100
|-weather|Sandstorm
|
|-weather|Sandstorm|[upkeep]
|-damage|p1a: Bomblebee|0 fnt|[from] Sandstorm
|faint|p1a: Bomblebee
|upkeep
|c|☆SpookyMareep|No fun allowed.
|
|t:|1655260328
|switch|p1a: almost rachi|Uxie, shiny|100/100
|turn|2
|c|☆aladdin0|ahh aight
|
|t:|1655260336
|move|p1a: almost rachi|Trick|p2a: NO FUN ALLOWED
|-activate|p1a: almost rachi|move: Trick|[of] p2a: NO FUN ALLOWED
|-item|p2a: NO FUN ALLOWED|Choice Scarf|[from] move: Trick
|-item|p1a: almost rachi|Heavy-Duty Boots|[from] move: Trick
|cant|p2a: NO FUN ALLOWED|par
|
|-weather|Sandstorm|[upkeep]
|-damage|p1a: almost rachi|94/100|[from] Sandstorm
|upkeep
|turn|3
|
|t:|1655260345
|move|p1a: almost rachi|Stealth Rock|p2a: NO FUN ALLOWED
|-sidestart|p2: SpookyMareep|move: Stealth Rock
|move|p2a: NO FUN ALLOWED|Max Rockfall|p1a: almost rachi
|-damage|p1a: almost rachi|54/100
|
|-weather|Sandstorm|[upkeep]
|-damage|p1a: almost rachi|48/100|[from] Sandstorm
|upkeep
|-end|p2a: NO FUN ALLOWED|Dynamax
|-heal|p2a: NO FUN ALLOWED|100/100 par|[silent]
|turn|4
|
|t:|1655260351
|move|p1a: almost rachi|U-turn|p2a: NO FUN ALLOWED
|-resisted|p2a: NO FUN ALLOWED
|-damage|p2a: NO FUN ALLOWED|93/100 par
|
|t:|1655260354
|switch|p1a: Halloween Cost.|Diancie, shiny|100/100|[from]move: U-turn
|move|p2a: NO FUN ALLOWED|Defog|p1a: Halloween Cost.
|-fail|p1a: Halloween Cost.|unboost|[from] ability: Clear Body|[of] p1a: Halloween Cost.
|-sideend|p2: SpookyMareep|Stealth Rock|[from] move: Defog|[of] p2a: NO FUN ALLOWED
|
|-weather|Sandstorm|[upkeep]
|upkeep
|turn|5
|
|t:|1655260363
|switch|p2a: Yakuza|Toxapex, M|100/100
|detailschange|p1a: Halloween Cost.|Diancie-Mega, shiny
|-mega|p1a: Halloween Cost.|Diancie|Diancite
|move|p1a: Halloween Cost.|Diamond Storm|p2a: Yakuza
|-damage|p2a: Yakuza|61/100
|
|-weather|none
|upkeep
|turn|6
|
|t:|1655260368
|switch|p2a: Yakuza.|Shedinja|100/100
|move|p1a: Halloween Cost.|Diamond Storm|p2a: Yakuza.
|-supereffective|p2a: Yakuza.
|-enditem|p2a: Yakuza.|Focus Sash
|-damage|p2a: Yakuza.|100/100
|
|upkeep
|turn|7
|
|t:|1655260374
|switch|p2a: Yakuza|Toxapex, M|94/100
|move|p1a: Halloween Cost.|Diamond Storm|p2a: Yakuza
|-damage|p2a: Yakuza|55/100
|-boost|p1a: Halloween Cost.|def|2
|
|upkeep
|turn|8
|
|t:|1655260378
|move|p1a: Halloween Cost.|Diamond Storm|p2a: Yakuza
|-damage|p2a: Yakuza|21/100
|-boost|p1a: Halloween Cost.|def|2
|move|p2a: Yakuza|Scald|p1a: Halloween Cost.
|-supereffective|p1a: Halloween Cost.
|-damage|p1a: Halloween Cost.|53/100
|
|upkeep
|turn|9
|
|t:|1655260388
|switch|p2a: :)|Quagsire, M|100/100
|move|p1a: Halloween Cost.|Diamond Storm|p2a: :)
|-resisted|p2a: :)
|-damage|p2a: :)|79/100
|
|upkeep
|turn|10
|
|t:|1655260392
|move|p1a: Halloween Cost.|Body Press|p2a: :)
|-damage|p2a: :)|65/100
|-damage|p1a: Halloween Cost.|36/100|[from] item: Rocky Helmet|[of] p2a: :)
|move|p2a: :)|Earthquake|p1a: Halloween Cost.
|-supereffective|p1a: Halloween Cost.
|-damage|p1a: Halloween Cost.|0 fnt
|faint|p1a: Halloween Cost.
|
|upkeep
|
|t:|1655260398
|switch|p1a: SA RT HA RI ON|Kyurem-White, shiny|100/100
|-ability|p1a: SA RT HA RI ON|Turboblaze
|turn|11
|c|☆SpookyMareep|I don't understand that name.
|c|☆aladdin0|u haven't played WoW
|c|☆SpookyMareep|I was a druid in 2011 >:[
|inactive|SpookyMareep has 120 seconds left.
|
|t:|1655260433
|switch|p2a: Yakuza|Toxapex, M|54/100
|move|p1a: SA RT HA RI ON|Ice Beam|p2a: Yakuza
|-resisted|p2a: Yakuza
|-damage|p2a: Yakuza|16/100
|
|upkeep
|turn|12
|c|☆aladdin0|then u should get it
|inactive|SpookyMareep has 120 seconds left.
|c|☆SpookyMareep|I dont :V
|
|t:|1655260455
|switch|p2a: :)|Quagsire, M|65/100
|move|p1a: SA RT HA RI ON|Ice Beam|p2a: :)
|-damage|p2a: :)|0 fnt
|faint|p2a: :)
|
|upkeep
|
|t:|1655260456
|switch|p2a: Broken|Marshadow|100/100
|turn|13
|c|☆aladdin0|it is a boss, from Wrath of the lich king
|
|t:|1655260466
|-start|p1a: SA RT HA RI ON|Dynamax|
|-heal|p1a: SA RT HA RI ON|100/100|[silent]
|move|p2a: Broken|Drain Punch|p1a: SA RT HA RI ON
|-supereffective|p1a: SA RT HA RI ON
|-damage|p1a: SA RT HA RI ON|66/100
|move|p1a: SA RT HA RI ON|Max Hailstorm|p2a: Broken
|-enditem|p2a: Broken|Focus Sash
|-damage|p2a: Broken|1/100
|-weather|Hail
|
|-weather|Hail|[upkeep]
|-damage|p2a: Broken|0 fnt|[from] Hail
|faint|p2a: Broken
|upkeep
|c|☆SpookyMareep|I quit during burnin g
|c|☆SpookyMareep|or whatever it was called
|c|☆SpookyMareep|outland
|inactive|SpookyMareep has 120 seconds left.
|c|☆SpookyMareep|Nice hail play
|c|☆SpookyMareep|The turboblaze destroys my shed strats
|
|t:|1655260495
|switch|p2a: Zacian is bad|Ditto|100/100
|-transform|p2a: Zacian is bad|p1a: SA RT HA RI ON|[from] ability: Imposter
|-ability|p2a: Zacian is bad|Turboblaze
|turn|14
|c|☆aladdin0|thanks! inspired by max rockfall at the beginning
|
|t:|1655260500
|move|p2a: Zacian is bad|Dragon Pulse|p1a: SA RT HA RI ON
|-supereffective|p1a: SA RT HA RI ON
|-crit|p1a: SA RT HA RI ON
|-damage|p1a: SA RT HA RI ON|0 fnt
|faint|p1a: SA RT HA RI ON
|
|-weather|Hail|[upkeep]
|upkeep
|c|☆aladdin0|ah lol it had to crit xD
|
|t:|1655260508
|switch|p1a: fancy fish|Tapu Fini, shiny|100/100
|-fieldstart|move: Misty Terrain|[from] ability: Misty Surge|[of] p1a: fancy fish
|turn|15
|inactive|SpookyMareep has 120 seconds left.
|c|☆SpookyMareep|Yeah, weather abuse in gen8 is a seriously overlooked mechanic i abuse early game against setup mons.
|c|☆SpookyMareep|It does screw over my shed strats for a few turns, but can usally last
|
|t:|1655260534
|switch|p2a: Yakuza|Toxapex, M|50/100
|move|p1a: fancy fish|Shadow Ball|p2a: Yakuza
|-damage|p2a: Yakuza|30/100
|-unboost|p2a: Yakuza|spd|1
|
|-weather|Hail|[upkeep]
|-damage|p1a: fancy fish|94/100|[from] Hail
|-damage|p2a: Yakuza|24/100|[from] Hail
|upkeep
|turn|16
|
|t:|1655260544
|switch|p2a: Zacian is bad|Ditto|100/100
|-transform|p2a: Zacian is bad|p1a: fancy fish|[from] ability: Imposter
|move|p1a: fancy fish|Moonblast|p2a: Zacian is bad
|-damage|p2a: Zacian is bad|55/100
|
|-weather|Hail|[upkeep]
|-damage|p2a: Zacian is bad|49/100|[from] Hail
|-damage|p1a: fancy fish|88/100|[from] Hail
|upkeep
|turn|17
|
|t:|1655260549
|move|p2a: Zacian is bad|Moonblast|p1a: fancy fish
|-damage|p1a: fancy fish|49/100
|move|p1a: fancy fish|Moonblast|p2a: Zacian is bad
|-damage|p2a: Zacian is bad|0 fnt
|faint|p2a: Zacian is bad
|
|-weather|none
|upkeep
|inactive|SpookyMareep has 120 seconds left.
|
|t:|1655260560
|switch|p2a: NO FUN ALLOWED|Landorus-Therian, M|93/100 par
|-ability|p2a: NO FUN ALLOWED|Intimidate|boost
|-unboost|p1a: fancy fish|atk|1
|turn|18
|inactive|SpookyMareep has 120 seconds left.
|
|t:|1655260575
|switch|p1a: almost rachi|Uxie, shiny|48/100
|cant|p2a: NO FUN ALLOWED|par
|
|upkeep
|turn|19
|
|t:|1655260579
|move|p1a: almost rachi|Stealth Rock|p2a: NO FUN ALLOWED
|-sidestart|p2: SpookyMareep|move: Stealth Rock
|move|p2a: NO FUN ALLOWED|Stone Edge|p1a: almost rachi
|-damage|p1a: almost rachi|17/100
|
|-fieldend|Misty Terrain
|upkeep
|turn|20
|
|t:|1655260583
|switch|p2a: Yakuza|Toxapex, M|57/100
|-damage|p2a: Yakuza|45/100|[from] Stealth Rock
|move|p1a: almost rachi|U-turn|p2a: Yakuza
|-resisted|p2a: Yakuza
|-damage|p2a: Yakuza|41/100
|-damage|p1a: almost rachi|0 fnt|[from] item: Rocky Helmet|[of] p2a: Yakuza
|faint|p1a: almost rachi
|
|upkeep
|
|t:|1655260595
|switch|p1a: LICH KING|Calyrex-Ice|100/100
|-ability|p1a: LICH KING|As One
|-ability|p1a: LICH KING|Unnerve
|turn|21
|
|t:|1655260602
|move|p1a: LICH KING|Zen Headbutt|p2a: Yakuza
|-supereffective|p2a: Yakuza
|-damage|p2a: Yakuza|0 fnt
|-damage|p1a: LICH KING|84/100|[from] item: Rocky Helmet|[of] p2a: Yakuza
|faint|p2a: Yakuza
|-ability|p1a: LICH KING|Chilling Neigh|boost
|-boost|p1a: LICH KING|atk|1
|
|upkeep
|
|t:|1655260604
|switch|p2a: NO FUN ALLOWED|Landorus-Therian, M|93/100 par
|-damage|p2a: NO FUN ALLOWED|80/100 par|[from] Stealth Rock
|-ability|p2a: NO FUN ALLOWED|Intimidate|boost
|-unboost|p1a: LICH KING|atk|1
|turn|22
|
|t:|1655260607
|switch|p1a: fancy fish|Tapu Fini, shiny|49/100
|-fieldstart|move: Misty Terrain|[from] ability: Misty Surge|[of] p1a: fancy fish
|move|p2a: NO FUN ALLOWED|Defog|p1a: fancy fish
|-unboost|p1a: fancy fish|evasion|1
|-sideend|p2: SpookyMareep|Stealth Rock|[from] move: Defog|[of] p2a: NO FUN ALLOWED
|-fieldend|Misty Terrain
|
|upkeep
|turn|23
|c|☆aladdin0|LOL
|c|☆aladdin0|I didn't expect that
|
|t:|1655260620
|switch|p2a: Yakuza.|Shedinja|100/100
|move|p1a: fancy fish|Surf|p2a: Yakuza.
|-immune|p2a: Yakuza.|[from] ability: Wonder Guard
|
|upkeep
|turn|24
|c|☆aladdin0|and u win LOL
|c|☆aladdin0|I hate shedinja
|c|☆aladdin0|gg bud!
|-message|aladdin0 forfeited.
|
|win|SpookyMareep
|raw|aladdin0's rating: 1484 &rarr; <strong>1472</strong><br />(-12 for losing)
|raw|SpookyMareep's rating: 1628 &rarr; <strong>1640</strong><br />(+12 for winning)
|c|☆SpookyMareep|I dont win.
|c|☆SpookyMareep|You won
|c|☆aladdin0|no
|c|☆SpookyMareep|you had shadow ball
|c|☆SpookyMareep|!weak shedinja
|c| SpookyMareep|/raw <div class="infobox">Shedinja (ignoring abilities):<br /><span class="message-effect-weak">Weaknesses</span>: Dark, Fire, Flying, Ghost, Rock<br /><span class="message-effect-resist">Resistances</span>: Bug, Grass, Ground, Poison<br /><span class="message-effect-immune">Immunities</span>: Fighting, Normal, Trapping</div>
|c|☆aladdin0|LOL
|c|☆SpookyMareep|>ghost
|c|☆aladdin0|I had shadow ball
|c|☆SpookyMareep|Baka!
|c|☆aladdin0|I didn't remember
|c|☆aladdin0|hahaha
|c|☆aladdin0|np, enjoy points xD
|c|☆SpookyMareep|Im on a win streak
|c|☆SpookyMareep|that was 8
|c|☆aladdin0|next time I won't be stupid
|c|☆aladdin0|:p
|c|☆SpookyMareep|>:V next time i wont get paralyzed
|c|☆aladdin0|haha
||Ladder isn't responding, score probably updated but might not have (Request timeout).
