|j|☆Wellez
|j|☆Ryan96t
|t:|1658231554
|gametype|singles
|player|p1|Wellez|1|1504
|player|p2|Ryan96t|2|1648
|teamsize|p1|6
|teamsize|p2|6
|gen|8
|tier|[Gen 8] National Dex AG
|rated|
|rule|HP Percentage Mod: HP is shown in percentages
|rule|Endless Battle Clause: Forcing endless battles is banned
|clearpoke
|poke|p1|Cinderace, M|
|poke|p1|Lugia|
|poke|p1|Kyogre|
|poke|p1|Darmanitan-Galar, M|
|poke|p1|Groudon|
|poke|p1|Rayquaza|
|poke|p2|Smeargle, M|
|poke|p2|Nihilego|
|poke|p2|Zarude|
|poke|p2|Smeargle, F|
|poke|p2|Tapu Lele|
|poke|p2|Mimikyu, F|
|teampreview
|inactive|Battle timer is ON: inactive players will automatically lose when time's up. (requested by Wellez)
|
|t:|1658231560
|start
|switch|p1a: Cinderace|Cinderace, M|100/100
|switch|p2a: Nihilego|Nihilego|100/100
|turn|1
|
|t:|1658231585
|move|p1a: Cinderace|High Jump Kick|p2a: Nihilego
|-start|p1a: Cinderace|typechange|Fighting|[from] ability: Libero
|-enditem|p2a: Nihilego|Focus Sash
|-damage|p2a: Nihilego|1/100
|move|p2a: Nihilego|Rock Tomb|p1a: Cinderace
|-resisted|p1a: Cinderace
|-damage|p1a: Cinderace|91/100
|-unboost|p1a: Cinderace|spe|1
|
|upkeep
|turn|2
|
|t:|1658231602
|switch|p2a: Tapu Lele|Tapu Lele|100/100
|-fieldstart|move: Psychic Terrain|[from] ability: Psychic Surge|[of] p2a: Tapu Lele
|move|p1a: Cinderace|Sucker Punch||[still]
|-fail|p1a: Cinderace
|
|upkeep
|turn|3
|
|t:|1658231613
|switch|p1a: Lugia|Lugia|100/100
|move|p2a: Tapu Lele|Speed Swap|p1a: Lugia
|-activate|p2a: Tapu Lele|move: Speed Swap|[of] p1a: Lugia
|
|upkeep
|turn|4
|
|t:|1658231631
|move|p1a: Lugia|Calm Mind|p1a: Lugia
|-boost|p1a: Lugia|spa|1
|-boost|p1a: Lugia|spd|1
|move|p2a: Tapu Lele|Taunt|p1a: Lugia
|-start|p1a: Lugia|move: Taunt
|
|upkeep
|turn|5
|
|t:|1658231642
|switch|p2a: Nihilego|Nihilego|1/100
|-start|p1a: Lugia|Dynamax|
|-heal|p1a: Lugia|100/100|[silent]
|move|p1a: Lugia|Max Airstream|p2a: Nihilego
|-resisted|p2a: Nihilego
|-crit|p2a: Nihilego
|-damage|p2a: Nihilego|0 fnt
|-boost|p1a: Lugia|spe|1
|faint|p2a: Nihilego
|
|upkeep
|
|t:|1658231652
|switch|p2a: Tapu Lele|Tapu Lele|100/100
|turn|6
|
|t:|1658231662
|move|p1a: Lugia|Max Airstream|p2a: Tapu Lele
|-damage|p2a: Tapu Lele|42/100
|-boost|p1a: Lugia|spe|1
|move|p2a: Tapu Lele|Hidden Power|p1a: Lugia
|-damage|p1a: Lugia|99/100
|
|-heal|p1a: Lugia|100/100|[from] item: Leftovers
|upkeep
|turn|7
|
|t:|1658231671
|-start|p2a: Tapu Lele|Dynamax|
|-heal|p2a: Tapu Lele|42/100|[silent]
|move|p2a: Tapu Lele|Max Guard|p2a: Tapu Lele
|-singleturn|p2a: Tapu Lele|Max Guard
|move|p1a: Lugia|Max Airstream|p2a: Tapu Lele
|-activate|p2a: Tapu Lele|move: Max Guard
|
|-end|p1a: Lugia|move: Taunt
|upkeep
|-end|p1a: Lugia|Dynamax
|-heal|p1a: Lugia|100/100|[silent]
|turn|8
|
|t:|1658231679
|-end|p2a: Tapu Lele|Dynamax
|-heal|p2a: Tapu Lele|42/100|[silent]
|switch|p2a: Mimikyu|Mimikyu, F|100/100
|move|p1a: Lugia|Psychic|p2a: Mimikyu
|-activate|p2a: Mimikyu|ability: Disguise
|-damage|p2a: Mimikyu|100/100
|detailschange|p2a: Mimikyu|Mimikyu-Busted, F
|-damage|p2a: Mimikyu|88/100|[from] pokemon: Mimikyu-Busted
|-enditem|p2a: Mimikyu|Red Card|[of] p1a: Lugia
|drag|p1a: Rayquaza|Rayquaza|100/100
|-ability|p1a: Rayquaza|Air Lock
|
|upkeep
|turn|9
|
|t:|1658231703
|detailschange|p1a: Rayquaza|Rayquaza-Mega
|-mega|p1a: Rayquaza|Rayquaza|
|-weather|DeltaStream|[from] ability: Delta Stream|[of] p1a: Rayquaza
|move|p2a: Mimikyu|Shadow Sneak|p1a: Rayquaza
|-hint|Psychic Terrain doesn't affect Pokémon immune to Ground.
|-damage|p1a: Rayquaza|84/100
|move|p1a: Rayquaza|Dragon Ascent|p2a: Mimikyu
|-damage|p2a: Mimikyu|0 fnt
|-unboost|p1a: Rayquaza|def|1
|-unboost|p1a: Rayquaza|spd|1
|faint|p2a: Mimikyu
|
|-weather|DeltaStream|[upkeep]
|-fieldend|move: Psychic Terrain
|upkeep
|
|t:|1658231712
|switch|p2a: Zarude|Zarude|100/100
|turn|10
|
|t:|1658231720
|switch|p2a: Tapu Lele|Tapu Lele|42/100
|-fieldstart|move: Psychic Terrain|[from] ability: Psychic Surge|[of] p2a: Tapu Lele
|-weather|none
|switch|p1a: Groudon|Groudon|100/100
|-weather|SunnyDay|[from] ability: Drought|[of] p1a: Groudon
|
|-weather|SunnyDay|[upkeep]
|upkeep
|turn|11
|
|t:|1658231739
|switch|p1a: Lugia|Lugia|100/100
|move|p2a: Tapu Lele|Speed Swap|p1a: Lugia
|-activate|p2a: Tapu Lele|move: Speed Swap|[of] p1a: Lugia
|
|-weather|SunnyDay|[upkeep]
|upkeep
|turn|12
|
|t:|1658231750
|move|p1a: Lugia|Psychic|p2a: Tapu Lele
|-resisted|p2a: Tapu Lele
|-damage|p2a: Tapu Lele|26/100
|move|p2a: Tapu Lele|Taunt|p1a: Lugia
|-start|p1a: Lugia|move: Taunt
|
|-weather|SunnyDay|[upkeep]
|upkeep
|turn|13
|
|t:|1658231756
|move|p1a: Lugia|Psychic|p2a: Tapu Lele
|-resisted|p2a: Tapu Lele
|-damage|p2a: Tapu Lele|10/100
|move|p2a: Tapu Lele|Hidden Power|p1a: Lugia
|-damage|p1a: Lugia|93/100
|
|-weather|SunnyDay|[upkeep]
|-heal|p1a: Lugia|99/100|[from] item: Leftovers
|upkeep
|turn|14
|
|t:|1658231765
|switch|p1a: Groudon|Groudon|100/100
|move|p2a: Tapu Lele|Hidden Power|p1a: Groudon
|-damage|p1a: Groudon|81/100
|
|-weather|none
|upkeep
|turn|15
|
|t:|1658231776
|move|p2a: Tapu Lele|Speed Swap|p1a: Groudon
|-activate|p2a: Tapu Lele|move: Speed Swap|[of] p1a: Groudon
|move|p1a: Groudon|Heat Crash|p2a: Tapu Lele
|-damage|p2a: Tapu Lele|0 fnt
|faint|p2a: Tapu Lele
|
|upkeep
|
|t:|1658231778
|switch|p2a: Smeargle|Smeargle, F|100/100
|turn|16
|
|t:|1658231786
|switch|p1a: Darmanitan|Darmanitan-Galar, M|100/100
|move|p2a: Smeargle|Spore|p1a: Darmanitan
|-status|p1a: Darmanitan|slp|[from] move: Spore
|
|-ability|p2a: Smeargle|Moody|boost
|-boost|p2a: Smeargle|atk|2
|-unboost|p2a: Smeargle|spa|1
|upkeep
|turn|17
|
|t:|1658231793
|switch|p1a: Cinderace|Cinderace, M|91/100
|move|p2a: Smeargle|Substitute|p2a: Smeargle
|-start|p2a: Smeargle|Substitute
|-damage|p2a: Smeargle|76/100
|
|-fieldend|move: Psychic Terrain
|-ability|p2a: Smeargle|Moody|boost
|-boost|p2a: Smeargle|def|2
|-unboost|p2a: Smeargle|spe|1
|upkeep
|turn|18
|
|t:|1658231807
|move|p1a: Cinderace|Pyro Ball|p2a: Smeargle
|-end|p2a: Smeargle|Substitute
|move|p2a: Smeargle|Spore|p1a: Cinderace
|-status|p1a: Cinderace|slp|[from] move: Spore
|
|-ability|p2a: Smeargle|Moody|boost
|-boost|p2a: Smeargle|spe|2
|-unboost|p2a: Smeargle|atk|1
|upkeep
|turn|19
|
|t:|1658231817
|switch|p1a: Groudon|Groudon|81/100
|-weather|SunnyDay|[from] ability: Drought|[of] p1a: Groudon
|move|p2a: Smeargle|Substitute|p2a: Smeargle
|-start|p2a: Smeargle|Substitute
|-damage|p2a: Smeargle|51/100
|
|-weather|SunnyDay|[upkeep]
|-ability|p2a: Smeargle|Moody|boost
|-boost|p2a: Smeargle|spa|2
|-unboost|p2a: Smeargle|spe|1
|upkeep
|turn|20
|
|t:|1658231825
|move|p2a: Smeargle|Spore|p1a: Groudon
|-status|p1a: Groudon|slp|[from] move: Spore
|cant|p1a: Groudon|slp
|
|-weather|SunnyDay|[upkeep]
|-ability|p2a: Smeargle|Moody|boost
|-boost|p2a: Smeargle|spe|2
|-unboost|p2a: Smeargle|spa|1
|upkeep
|turn|21
|
|t:|1658231830
|switch|p1a: Rayquaza|Rayquaza-Mega|84/100
|-weather|DeltaStream|[from] ability: Delta Stream|[of] p1a: Rayquaza
|move|p2a: Smeargle|Ingrain|p2a: Smeargle
|-start|p2a: Smeargle|move: Ingrain
|
|-weather|DeltaStream|[upkeep]
|-heal|p2a: Smeargle|57/100|[from] Ingrain
|-ability|p2a: Smeargle|Moody|boost
|-boost|p2a: Smeargle|def|2
|-unboost|p2a: Smeargle|spa|1
|upkeep
|turn|22
|
|t:|1658231844
|move|p2a: Smeargle|Spore|p1a: Rayquaza
|-status|p1a: Rayquaza|slp|[from] move: Spore
|cant|p1a: Rayquaza|slp
|
|-weather|DeltaStream|[upkeep]
|-heal|p2a: Smeargle|63/100|[from] Ingrain
|-ability|p2a: Smeargle|Moody|boost
|-boost|p2a: Smeargle|spa|2
|-unboost|p2a: Smeargle|spd|1
|upkeep
|turn|23
|
|t:|1658231848
|-weather|none
|switch|p1a: Lugia|Lugia|99/100
|move|p2a: Smeargle|Baton Pass|p2a: Smeargle
|
|t:|1658231853
|switch|p2a: Smeargle|Smeargle, M, shiny|100/100|[from]move: Baton Pass
|
|-heal|p1a: Lugia|100/100|[from] item: Leftovers
|-ability|p2a: Smeargle|Moody|boost
|-boost|p2a: Smeargle|atk|2
|-unboost|p2a: Smeargle|spa|1
|upkeep
|turn|24
|
|t:|1658231868
|move|p2a: Smeargle|Spore|p1a: Lugia
|-status|p1a: Lugia|slp|[from] move: Spore
|cant|p1a: Lugia|slp
|
|-ability|p2a: Smeargle|Moody|boost
|-boost|p2a: Smeargle|spa|2
|-unboost|p2a: Smeargle|spe|1
|upkeep
|turn|25
|
|t:|1658231875
|switch|p1a: Kyogre|Kyogre|100/100
|-weather|RainDance|[from] ability: Drizzle|[of] p1a: Kyogre
|move|p2a: Smeargle|Shell Smash|p2a: Smeargle
|-unboost|p2a: Smeargle|def|1
|-unboost|p2a: Smeargle|spd|1
|-boost|p2a: Smeargle|atk|2
|-boost|p2a: Smeargle|spa|2
|-boost|p2a: Smeargle|spe|2
|
|-weather|RainDance|[upkeep]
|-ability|p2a: Smeargle|Moody|boost
|-boost|p2a: Smeargle|atk|1
|-unboost|p2a: Smeargle|spa|1
|upkeep
|turn|26
|
|t:|1658231883
|move|p2a: Smeargle|Spore|p1a: Kyogre
|-status|p1a: Kyogre|slp|[from] move: Spore
|cant|p1a: Kyogre|slp
|
|-weather|RainDance|[upkeep]
|-ability|p2a: Smeargle|Moody|boost
|-boost|p2a: Smeargle|def|2
|-unboost|p2a: Smeargle|spd|1
|upkeep
|turn|27
|
|t:|1658231885
|move|p2a: Smeargle|Power Trip|p1a: Kyogre
|-crit|p1a: Kyogre
|-damage|p1a: Kyogre|0 fnt
|faint|p1a: Kyogre
|
|-weather|RainDance|[upkeep]
|-ability|p2a: Smeargle|Moody|boost
|-boost|p2a: Smeargle|spe|2
|-unboost|p2a: Smeargle|spd|1
|upkeep
|
|t:|1658231891
|switch|p1a: Lugia|Lugia|100/100 slp
|turn|28
|
|t:|1658231893
|move|p2a: Smeargle|Power Trip|p1a: Lugia
|-supereffective|p1a: Lugia
|-damage|p1a: Lugia|0 fnt
|faint|p1a: Lugia
|
|-weather|RainDance|[upkeep]
|-ability|p2a: Smeargle|Moody|boost
|-boost|p2a: Smeargle|spd|2
|-unboost|p2a: Smeargle|def|1
|upkeep
|
|t:|1658231900
|switch|p1a: Darmanitan|Darmanitan-Galar, M|100/100 slp
|turn|29
|
|t:|1658231904
|move|p2a: Smeargle|Power Trip|p1a: Darmanitan
|-crit|p1a: Darmanitan
|-damage|p1a: Darmanitan|0 fnt
|faint|p1a: Darmanitan
|
|-weather|none
|-ability|p2a: Smeargle|Moody|boost
|-boost|p2a: Smeargle|def|2
|-unboost|p2a: Smeargle|spd|1
|upkeep
|
|t:|1658231909
|switch|p1a: Cinderace|Cinderace, M|91/100 slp
|turn|30
|
|t:|1658231911
|move|p2a: Smeargle|Power Trip|p1a: Cinderace
|-damage|p1a: Cinderace|0 fnt
|faint|p1a: Cinderace
|
|-ability|p2a: Smeargle|Moody|boost
|-boost|p2a: Smeargle|spe|1
|-unboost|p2a: Smeargle|spd|1
|upkeep
|
|t:|1658231915
|switch|p1a: Rayquaza|Rayquaza-Mega|84/100 slp
|-weather|DeltaStream|[from] ability: Delta Stream|[of] p1a: Rayquaza
|turn|31
|
|t:|1658231918
|move|p2a: Smeargle|Power Trip|p1a: Rayquaza
|-damage|p1a: Rayquaza|0 fnt
|faint|p1a: Rayquaza
|-weather|none
|
|-ability|p2a: Smeargle|Moody|boost
|-boost|p2a: Smeargle|spd|2
|-unboost|p2a: Smeargle|atk|1
|upkeep
|
|t:|1658231922
|switch|p1a: Groudon|Groudon|81/100 slp
|-weather|SunnyDay|[from] ability: Drought|[of] p1a: Groudon
|turn|32
|
|t:|1658231924
|move|p2a: Smeargle|Power Trip|p1a: Groudon
|-damage|p1a: Groudon|0 fnt
|faint|p1a: Groudon
|
|win|Ryan96t
|raw|Wellez's rating: 1504 &rarr; <strong>1492</strong><br />(-12 for losing)
|raw|Ryan96t's rating: 1648 &rarr; <strong>1660</strong><br />(+12 for winning)
|c|☆Ryan96t|Gg
|l|☆Wellez
||Ladder isn't responding, score probably updated but might not have (Request timeout).
