|j|☆YLong
|j|☆fenglinger
|t:|1668936053
|gametype|singles
|player|p1|YLong|darach-caitlin|
|player|p2|fenglinger|hilda-wonderlauncher|
|teamsize|p1|6
|teamsize|p2|6
|gen|8
|tier|[Gen 8] National Dex AG
|rule|HP Percentage Mod: HP is shown in percentages
|rule|Endless Battle Clause: Forcing endless battles is banned
|clearpoke
|poke|p1|Victini|
|poke|p1|Grimmsnarl, M|
|poke|p1|Polteageist|
|poke|p1|Minior-Indigo|
|poke|p1|Naganadel|
|poke|p1|Altaria, F|
|poke|p2|Slowking-Galar, M|
|poke|p2|Tapu Lele|
|poke|p2|Rotom-Wash|
|poke|p2|Metagross|
|poke|p2|Ferrothorn, F|
|poke|p2|Espeon, F|
|teampreview
|j| WHKW10086
|c| WHKW10086|加油，你打完我来
|
|t:|1668936101
|start
|switch|p1a: Polteageist|Polteageist|100/100
|switch|p2a: Espeon|Espeon, F|100/100
|turn|1
|c| WHKW10086|我已经做足了防强化的准备
|
|t:|1668936116
|move|p2a: Espeon|Yawn|p1a: Polteageist
|-start|p1a: Polteageist|move: Yawn|[of] p2a: Espeon
|move|p1a: Polteageist|Shell Smash|p1a: Polteageist
|-unboost|p1a: Polteageist|def|1
|-unboost|p1a: Polteageist|spd|1
|-boost|p1a: Polteageist|atk|2
|-boost|p1a: Polteageist|spa|2
|-boost|p1a: Polteageist|spe|2
|
|upkeep
|turn|2
|
|t:|1668936140
|switch|p1a: Minior|Minior-Indigo|100/100
|-formechange|p1a: Minior|Minior-Meteor||[from] ability: Shields Down
|move|p2a: Espeon|Light Screen|p2a: Espeon
|-sidestart|p2: fenglinger|move: Light Screen
|
|upkeep
|turn|3
|
|t:|1668936152
|move|p2a: Espeon|Reflect|p2a: Espeon
|-sidestart|p2: fenglinger|Reflect
|move|p1a: Minior|Shell Smash|p1a: Minior
|-unboost|p1a: Minior|def|1
|-unboost|p1a: Minior|spd|1
|-boost|p1a: Minior|atk|2
|-boost|p1a: Minior|spa|2
|-boost|p1a: Minior|spe|2
|
|upkeep
|turn|4
|
|t:|1668936162
|move|p1a: Minior|Shell Smash|p1a: Minior
|-unboost|p1a: Minior|def|1
|-unboost|p1a: Minior|spd|1
|-boost|p1a: Minior|atk|2
|-boost|p1a: Minior|spa|2
|-boost|p1a: Minior|spe|2
|move|p2a: Espeon|Yawn|p1a: Minior
|-immune|p1a: Minior|[from] ability: Shields Down
|
|upkeep
|turn|5
|
|t:|1668936181
|switch|p2a: Rotom|Rotom-Wash|100/100
|move|p1a: Minior|Shell Smash|p1a: Minior
|-unboost|p1a: Minior|def|1
|-unboost|p1a: Minior|spd|1
|-boost|p1a: Minior|atk|2
|-boost|p1a: Minior|spa|2
|-boost|p1a: Minior|spe|2
|
|upkeep
|turn|6
|
|t:|1668936191
|move|p1a: Minior|Acrobatics|p2a: Rotom
|-resisted|p2a: Rotom
|-damage|p2a: Rotom|80/100
|move|p2a: Rotom|Will-O-Wisp|p1a: Minior
|-immune|p1a: Minior|[from] ability: Shields Down
|
|upkeep
|turn|7
|c|☆fenglinger|啊这
|c|☆fenglinger|我不知道这个特性
|
|t:|1668936233
|move|p1a: Minior|Rock Slide|p2a: Rotom
|-damage|p2a: Rotom|26/100
|move|p2a: Rotom|Hydro Pump|p1a: Minior
|-supereffective|p1a: Minior
|-enditem|p1a: Minior|Focus Sash
|-damage|p1a: Minior|1/100
|
|-formechange|p1a: Minior|Minior-Indigo||[from] ability: Shields Down
|upkeep
|turn|8
|
|t:|1668936264
|move|p1a: Minior|Rock Slide|p2a: Rotom
|-damage|p2a: Rotom|0 fnt
|faint|p2a: Rotom
|
|upkeep
|
|t:|1668936273
|switch|p2a: Ferrothorn|Ferrothorn, F|100/100
|turn|9
|
|t:|1668936286
|move|p1a: Minior|Earthquake|p2a: Ferrothorn
|-damage|p2a: Ferrothorn|61/100
|move|p2a: Ferrothorn|Knock Off|p1a: Minior
|-damage|p1a: Minior|0 fnt
|faint|p1a: Minior
|
|-sideend|p2: fenglinger|move: Light Screen
|upkeep
|
|t:|1668936303
|switch|p1a: Altaria|Altaria, F|100/100
|-ability|p1a: Altaria|Cloud Nine
|turn|10
|
|t:|1668936323
|move|p1a: Altaria|Dragon Dance|p1a: Altaria
|-boost|p1a: Altaria|atk|1
|-boost|p1a: Altaria|spe|1
|move|p2a: Ferrothorn|Leech Seed|p1a: Altaria
|-start|p1a: Altaria|move: Leech Seed
|
|-damage|p1a: Altaria|88/100|[from] Leech Seed|[of] p2a: Ferrothorn
|-heal|p2a: Ferrothorn|72/100|[silent]
|-sideend|p2: fenglinger|Reflect
|upkeep
|turn|11
|
|t:|1668936333
|move|p2a: Ferrothorn|Protect|p2a: Ferrothorn
|-singleturn|p2a: Ferrothorn|Protect
|move|p1a: Altaria|Earthquake|p2a: Ferrothorn
|-activate|p2a: Ferrothorn|move: Protect
|
|-damage|p1a: Altaria|76/100|[from] Leech Seed|[of] p2a: Ferrothorn
|-heal|p2a: Ferrothorn|82/100|[silent]
|upkeep
|turn|12
|c| WHKW10086|地震
|
|t:|1668936338
|move|p1a: Altaria|Dragon Dance|p1a: Altaria
|-boost|p1a: Altaria|atk|1
|-boost|p1a: Altaria|spe|1
|move|p2a: Ferrothorn|Stealth Rock|p1a: Altaria
|-sidestart|p1: YLong|move: Stealth Rock
|
|-damage|p1a: Altaria|64/100|[from] Leech Seed|[of] p2a: Ferrothorn
|-heal|p2a: Ferrothorn|92/100|[silent]
|upkeep
|turn|13
|
|t:|1668936349
|move|p2a: Ferrothorn|Protect|p2a: Ferrothorn
|-singleturn|p2a: Ferrothorn|Protect
|move|p1a: Altaria|Dragon Dance|p1a: Altaria
|-boost|p1a: Altaria|atk|1
|-boost|p1a: Altaria|spe|1
|
|-damage|p1a: Altaria|51/100|[from] Leech Seed|[of] p2a: Ferrothorn
|-heal|p2a: Ferrothorn|100/100|[silent]
|upkeep
|turn|14
|
|t:|1668936358
|detailschange|p1a: Altaria|Altaria-Mega, F
|-mega|p1a: Altaria|Altaria|Altarianite
|move|p1a: Altaria|Earthquake|p2a: Ferrothorn
|-damage|p2a: Ferrothorn|57/100
|move|p2a: Ferrothorn|Knock Off|p1a: Altaria
|-resisted|p1a: Altaria
|-damage|p1a: Altaria|44/100
|
|-damage|p1a: Altaria|32/100|[from] Leech Seed|[of] p2a: Ferrothorn
|-heal|p2a: Ferrothorn|67/100|[silent]
|upkeep
|turn|15
|
|t:|1668936372
|move|p1a: Altaria|Earthquake|p2a: Ferrothorn
|-damage|p2a: Ferrothorn|25/100
|move|p2a: Ferrothorn|Knock Off|p1a: Altaria
|-resisted|p1a: Altaria
|-damage|p1a: Altaria|24/100
|
|-damage|p1a: Altaria|12/100|[from] Leech Seed|[of] p2a: Ferrothorn
|-heal|p2a: Ferrothorn|35/100|[silent]
|upkeep
|turn|16
|
|t:|1668936376
|move|p2a: Ferrothorn|Protect|p2a: Ferrothorn
|-singleturn|p2a: Ferrothorn|Protect
|move|p1a: Altaria|Earthquake|p2a: Ferrothorn
|-activate|p2a: Ferrothorn|move: Protect
|
|-damage|p1a: Altaria|0 fnt|[from] Leech Seed|[of] p2a: Ferrothorn
|-heal|p2a: Ferrothorn|45/100|[silent]
|faint|p1a: Altaria
|upkeep
|
|t:|1668936382
|switch|p1a: Polteageist|Polteageist|100/100
|-damage|p1a: Polteageist|88/100|[from] Stealth Rock
|turn|17
|
|t:|1668936479
|move|p1a: Polteageist|Strength Sap|p2a: Ferrothorn
|-unboost|p2a: Ferrothorn|atk|1
|-heal|p1a: Polteageist|100/100
|move|p2a: Ferrothorn|Leech Seed|p1a: Polteageist
|-start|p1a: Polteageist|move: Leech Seed
|
|-damage|p1a: Polteageist|88/100|[from] Leech Seed|[of] p2a: Ferrothorn
|-heal|p2a: Ferrothorn|54/100|[silent]
|upkeep
|turn|18
|
|t:|1668936499
|switch|p1a: Grimmsnarl|Grimmsnarl, M|100/100
|-damage|p1a: Grimmsnarl|88/100|[from] Stealth Rock
|move|p2a: Ferrothorn|Knock Off|p1a: Grimmsnarl
|-resisted|p1a: Grimmsnarl
|-damage|p1a: Grimmsnarl|85/100
|-enditem|p1a: Grimmsnarl|Light Clay|[from] move: Knock Off|[of] p2a: Ferrothorn
|
|upkeep
|turn|19
|
|t:|1668936507
|move|p1a: Grimmsnarl|Taunt|p2a: Ferrothorn
|-start|p2a: Ferrothorn|move: Taunt
|cant|p2a: Ferrothorn|move: Taunt|Leech Seed
|
|upkeep
|turn|20
|
|t:|1668936534
|switch|p1a: Polteageist|Polteageist|88/100
|-damage|p1a: Polteageist|76/100|[from] Stealth Rock
|switch|p2a: Espeon|Espeon, F|100/100
|
|upkeep
|turn|21
|
|t:|1668936544
|move|p2a: Espeon|Yawn|p1a: Polteageist
|-start|p1a: Polteageist|move: Yawn|[of] p2a: Espeon
|move|p1a: Polteageist|Strength Sap|p2a: Espeon
|move|p2a: Espeon|Strength Sap|p1a: Polteageist|[from]ability: Magic Bounce
|-unboost|p1a: Polteageist|atk|1
|
|upkeep
|turn|22
|
|t:|1668936566
|switch|p1a: Victini|Victini|100/100
|-damage|p1a: Victini|75/100|[from] Stealth Rock
|move|p2a: Espeon|Light Screen|p2a: Espeon
|-sidestart|p2: fenglinger|move: Light Screen
|
|upkeep
|turn|23
|
|t:|1668936574
|move|p1a: Victini|U-turn|p2a: Espeon
|-supereffective|p2a: Espeon
|-damage|p2a: Espeon|50/100
|
|t:|1668936577
|switch|p1a: Naganadel|Naganadel, shiny|100/100|[from]move: U-turn
|-damage|p1a: Naganadel|88/100|[from] Stealth Rock
|move|p2a: Espeon|Yawn|p1a: Naganadel
|-start|p1a: Naganadel|move: Yawn|[of] p2a: Espeon
|
|upkeep
|turn|24
|
|t:|1668936589
|switch|p2a: Slowking|Slowking-Galar, M|100/100
|switch|p1a: Polteageist|Polteageist|76/100
|-damage|p1a: Polteageist|64/100|[from] Stealth Rock
|
|upkeep
|turn|25
|
|t:|1668936614
|-start|p2a: Slowking|Dynamax|
|-heal|p2a: Slowking|100/100|[silent]
|move|p1a: Polteageist|Shell Smash|p1a: Polteageist
|-unboost|p1a: Polteageist|def|1
|-unboost|p1a: Polteageist|spd|1
|-boost|p1a: Polteageist|atk|2
|-boost|p1a: Polteageist|spa|2
|-boost|p1a: Polteageist|spe|2
|move|p2a: Slowking|Max Geyser|p1a: Polteageist
|-damage|p1a: Polteageist|0 fnt
|-weather|RainDance
|faint|p1a: Polteageist
|
|-weather|RainDance|[upkeep]
|upkeep
|
|t:|1668936622
|switch|p1a: Grimmsnarl|Grimmsnarl, M|85/100
|-damage|p1a: Grimmsnarl|72/100|[from] Stealth Rock
|turn|26
|
|t:|1668936637
|move|p1a: Grimmsnarl|Light Screen|p1a: Grimmsnarl
|-sidestart|p1: YLong|move: Light Screen
|move|p2a: Slowking|Max Ooze|p1a: Grimmsnarl
|-supereffective|p1a: Grimmsnarl
|-damage|p1a: Grimmsnarl|37/100
|-boost|p2a: Slowking|spa|1
|
|-weather|RainDance|[upkeep]
|upkeep
|turn|27
|
|t:|1668936645
|move|p1a: Grimmsnarl|Spirit Break|p2a: Slowking
|-resisted|p2a: Slowking
|-damage|p2a: Slowking|92/100
|-unboost|p2a: Slowking|spa|1
|move|p2a: Slowking|Max Ooze|p1a: Grimmsnarl
|-supereffective|p1a: Grimmsnarl
|-damage|p1a: Grimmsnarl|3/100
|-boost|p2a: Slowking|spa|1
|
|-weather|RainDance|[upkeep]
|upkeep
|-end|p2a: Slowking|Dynamax
|-heal|p2a: Slowking|92/100|[silent]
|turn|28
|
|t:|1668936659
|move|p1a: Grimmsnarl|Light Screen||[still]
|-fail|p1a: Grimmsnarl
|move|p2a: Slowking|Sludge Bomb|p1a: Grimmsnarl
|-supereffective|p1a: Grimmsnarl
|-damage|p1a: Grimmsnarl|0 fnt
|faint|p1a: Grimmsnarl
|
|-weather|RainDance|[upkeep]
|upkeep
|
|t:|1668936666
|switch|p1a: Victini|Victini|75/100
|-damage|p1a: Victini|50/100|[from] Stealth Rock
|turn|29
|
|t:|1668936674
|switch|p2a: Ferrothorn|Ferrothorn, F|54/100
|move|p1a: Victini|Bolt Strike|p2a: Ferrothorn
|-resisted|p2a: Ferrothorn
|-damage|p2a: Ferrothorn|46/100
|-damage|p1a: Victini|38/100|[from] ability: Iron Barbs|[of] p2a: Ferrothorn
|-damage|p1a: Victini|22/100|[from] item: Rocky Helmet|[of] p2a: Ferrothorn
|
|-weather|none
|-sideend|p2: fenglinger|move: Light Screen
|upkeep
|turn|30
|-message|YLong forfeited.
|
|win|fenglinger
|l|☆YLong
|c| WHKW10086|来
|l| WHKW10086
