|j|☆SpookyMareep
|j|☆SaintLaplace
|t:|1661992396
|gametype|singles
|player|p1|SpookyMareep|rocketgruntf|1612
|player|p2|SaintLaplace|hilda-wonderlauncher|1693
|teamsize|p1|6
|teamsize|p2|6
|gen|8
|tier|[Gen 8] National Dex AG
|rated|
|rule|HP Percentage Mod: HP is shown in percentages
|rule|Endless Battle Clause: Forcing endless battles is banned
|clearpoke
|poke|p1|Ditto|
|poke|p1|Marshadow|
|poke|p1|Toxapex, M|
|poke|p1|Shedinja|
|poke|p1|Quagsire, F|
|poke|p1|Landorus-Therian, M|
|poke|p2|Smeargle, F|
|poke|p2|Rayquaza|
|poke|p2|Necrozma-Dusk-Mane|
|poke|p2|Marshadow|
|poke|p2|Calyrex-Shadow|
|poke|p2|Groudon|
|teampreview
|inactive|Battle timer is ON: inactive players will automatically lose when time's up. (requested by SaintLaplace)
|j| ConquestGanda
|
|t:|1661992423
|start
|switch|p1a: Zacian! Wait STOP!|Ditto|100/100
|switch|p2a: Smeargle|Smeargle, F|100/100
|-transform|p1a: Zacian! Wait STOP!|p2a: Smeargle|[from] ability: Imposter
|turn|1
|
|t:|1661992431
|move|p2a: Smeargle|Magic Coat|p2a: Smeargle
|-singleturn|p2a: Smeargle|move: Magic Coat
|move|p1a: Zacian! Wait STOP!|Baton Pass|p1a: Zacian! Wait STOP!
|
|t:|1661992441
|switch|p1a: SpookyMareep(YT)|Marshadow|100/100|[from]move: Baton Pass
|
|-ability|p2a: Smeargle|Moody|boost
|-boost|p2a: Smeargle|atk|2
|-unboost|p2a: Smeargle|spe|1
|upkeep
|turn|2
|
|t:|1661992445
|move|p1a: SpookyMareep(YT)|Drain Punch|p2a: Smeargle
|-supereffective|p2a: Smeargle
|-enditem|p2a: Smeargle|Focus Sash
|-damage|p2a: Smeargle|1/100
|-damage|p1a: SpookyMareep(YT)|91/100|[from] item: Life Orb
|move|p2a: Smeargle|Spore|p1a: SpookyMareep(YT)
|-status|p1a: SpookyMareep(YT)|slp|[from] move: Spore
|
|-ability|p2a: Smeargle|Moody|boost
|-boost|p2a: Smeargle|spe|2
|-unboost|p2a: Smeargle|spa|1
|upkeep
|turn|3
|
|t:|1661992449
|switch|p1a: Zacian! Wait STOP!|Ditto|100/100
|-transform|p1a: Zacian! Wait STOP!|p2a: Smeargle|[from] ability: Imposter
|move|p2a: Smeargle|Shell Smash|p2a: Smeargle
|-unboost|p2a: Smeargle|def|1
|-unboost|p2a: Smeargle|spd|1
|-boost|p2a: Smeargle|atk|2
|-boost|p2a: Smeargle|spa|2
|-boost|p2a: Smeargle|spe|2
|
|-ability|p2a: Smeargle|Moody|boost
|-boost|p2a: Smeargle|atk|2
|-unboost|p2a: Smeargle|spd|1
|-ability|p1a: Zacian! Wait STOP!|Moody|boost
|-boost|p1a: Zacian! Wait STOP!|def|2
|-unboost|p1a: Zacian! Wait STOP!|spa|1
|upkeep
|turn|4
|
|t:|1661992458
|move|p2a: Smeargle|Spore|p1a: Zacian! Wait STOP!
|-status|p1a: Zacian! Wait STOP!|slp|[from] move: Spore
|cant|p1a: Zacian! Wait STOP!|slp
|
|-ability|p2a: Smeargle|Moody|boost
|-boost|p2a: Smeargle|spa|2
|-unboost|p2a: Smeargle|atk|1
|-ability|p1a: Zacian! Wait STOP!|Moody|boost
|-boost|p1a: Zacian! Wait STOP!|spa|2
|-unboost|p1a: Zacian! Wait STOP!|atk|1
|upkeep
|turn|5
|
|t:|1661992463
|switch|p1a: SpookyMareep(YT)|Marshadow|91/100 slp
|move|p2a: Smeargle|Baton Pass|p2a: Smeargle
|
|t:|1661992466
|switch|p2a: Rayquaza|Rayquaza|100/100|[from]move: Baton Pass
|-ability|p2a: Rayquaza|Air Lock
|
|upkeep
|turn|6
|
|t:|1661992473
|detailschange|p2a: Rayquaza|Rayquaza-Mega
|-mega|p2a: Rayquaza|Rayquaza|
|-weather|DeltaStream|[from] ability: Delta Stream|[of] p2a: Rayquaza
|move|p2a: Rayquaza|Dragon Ascent|p1a: SpookyMareep(YT)
|-supereffective|p1a: SpookyMareep(YT)
|-damage|p1a: SpookyMareep(YT)|0 fnt
|-unboost|p2a: Rayquaza|def|1
|-unboost|p2a: Rayquaza|spd|1
|faint|p1a: SpookyMareep(YT)
|
|-weather|DeltaStream|[upkeep]
|upkeep
|
|t:|1661992476
|switch|p1a: :)|Quagsire, F|100/100
|turn|7
|
|t:|1661992479
|move|p2a: Rayquaza|Dragon Ascent|p1a: :)
|-damage|p1a: :)|48/100
|-unboost|p2a: Rayquaza|def|1
|-unboost|p2a: Rayquaza|spd|1
|-damage|p2a: Rayquaza|84/100|[from] item: Rocky Helmet|[of] p1a: :)
|move|p1a: :)|Scald|p2a: Rayquaza
|-resisted|p2a: Rayquaza
|-damage|p2a: Rayquaza|74/100
|
|-weather|DeltaStream|[upkeep]
|upkeep
|turn|8
|
|t:|1661992490
|move|p2a: Rayquaza|Dragon Ascent|p1a: :)
|-damage|p1a: :)|0 fnt
|-unboost|p2a: Rayquaza|def|1
|-unboost|p2a: Rayquaza|spd|1
|-damage|p2a: Rayquaza|57/100|[from] item: Rocky Helmet|[of] p1a: :)
|faint|p1a: :)
|
|-weather|DeltaStream|[upkeep]
|upkeep
|
|t:|1661992492
|switch|p1a: Zacian! Wait STOP!|Ditto|100/100 slp
|-transform|p1a: Zacian! Wait STOP!|p2a: Rayquaza|[from] ability: Imposter
|turn|9
|
|t:|1661992495
|cant|p1a: Zacian! Wait STOP!|slp
|move|p2a: Rayquaza|Scale Shot|p1a: Zacian! Wait STOP!
|-supereffective|p1a: Zacian! Wait STOP!
|-damage|p1a: Zacian! Wait STOP!|0 fnt
|faint|p1a: Zacian! Wait STOP!
|-hitcount|p1: Zacian! Wait STOP!|1
|-unboost|p2a: Rayquaza|def|1
|-boost|p2a: Rayquaza|spe|1
|
|-weather|DeltaStream|[upkeep]
|upkeep
|c|☆SpookyMareep|ok
|-message|SpookyMareep forfeited.
|
|win|SaintLaplace
|raw|SpookyMareep's rating: 1612 &rarr; <strong>1597</strong><br />(-15 for losing)
|raw|SaintLaplace's rating: 1693 &rarr; <strong>1708</strong><br />(+15 for winning)
|l|☆SpookyMareep
