|j|☆diemond35472
|j|☆Hello i am a boy 3
|t:|1636688500
|gametype|singles
|player|p1|diemond35472|steven|1485
|player|p2|Hello i am a boy 3|pokemonrangerf-gen4|1433
|teamsize|p1|6
|teamsize|p2|6
|gen|8
|tier|[Gen 8] National Dex AG
|rated|
|rule|HP Percentage Mod: HP is shown in percentages
|rule|Endless Battle Clause: Forcing endless battles is banned
|clearpoke
|poke|p1|Yveltal|
|poke|p1|Zacian-*|
|poke|p1|Calyrex-Shadow|
|poke|p1|Rayquaza|
|poke|p1|Necrozma-Dusk-Mane|
|poke|p1|Ho-Oh|
|poke|p2|Charizard, F|
|poke|p2|Charizard, M|
|poke|p2|Charizard, M|
|poke|p2|Charizard, M|
|poke|p2|Charizard, M|
|poke|p2|Charizard, M|
|teampreview
|c|☆diemond35472|what
|c|☆Hello i am a boy 3|wrong team :\
|j| CrimsonCranberry
|c|☆diemond35472|damn
|c| CrimsonCranberry|intresting
|
|t:|1636688520
|start
|switch|p1a: alex the lion|Necrozma-Dusk-Mane|100/100
|switch|p2a: Charizard|Charizard, M|100/100
|turn|1
|
|t:|1636688526
|move|p2a: Charizard|Sunny Day|p2a: Charizard
|-weather|SunnyDay
|move|p1a: alex the lion|Stealth Rock|p2a: Charizard
|-sidestart|p2: Hello i am a boy 3|move: Stealth Rock
|
|-weather|SunnyDay|[upkeep]
|-damage|p2a: Charizard|88/100|[from] ability: Solar Power|[of] p2a: Charizard
|upkeep
|turn|2
|
|t:|1636688532
|move|p2a: Charizard|Weather Ball|p1a: alex the lion
|-supereffective|p1a: alex the lion
|-damage|p1a: alex the lion|8/100
|move|p1a: alex the lion|Knock Off|p2a: Charizard
|-damage|p2a: Charizard|55/100
|-enditem|p2a: Charizard|Heat Rock|[from] move: Knock Off|[of] p1a: alex the lion
|
|-weather|SunnyDay|[upkeep]
|-damage|p2a: Charizard|43/100|[from] ability: Solar Power|[of] p2a: Charizard
|upkeep
|turn|3
|
|t:|1636688541
|move|p2a: Charizard|Weather Ball|p1a: alex the lion
|-supereffective|p1a: alex the lion
|-damage|p1a: alex the lion|0 fnt
|faint|p1a: alex the lion
|
|-weather|SunnyDay|[upkeep]
|-damage|p2a: Charizard|30/100|[from] ability: Solar Power|[of] p2a: Charizard
|upkeep
|
|t:|1636688544
|switch|p1a: jellyfish horse|Calyrex-Shadow|100/100
|-ability|p1a: jellyfish horse|As One
|-ability|p1a: jellyfish horse|Unnerve
|turn|4
|c|☆Hello i am a boy 3|gg
|j| rowletroost
|c|☆diemond35472|gg
|
|t:|1636688560
|move|p1a: jellyfish horse|Astral Barrage|p2a: Charizard
|-damage|p2a: Charizard|0 fnt
|faint|p2a: Charizard
|-ability|p1a: jellyfish horse|Grim Neigh|boost
|-boost|p1a: jellyfish horse|spa|1
|
|-weather|SunnyDay|[upkeep]
|upkeep
|j| a deer
|j| Electric100
|
|t:|1636688588
|switch|p2a: Charizard|Charizard, M|100/100
|-damage|p2a: Charizard|50/100|[from] Stealth Rock
|turn|5
|
|t:|1636688594
|-start|p2a: Charizard|Dynamax
|-formechange|p2a: Charizard|Charizard-Gmax
|-heal|p2a: Charizard|50/100|[silent]
|move|p1a: jellyfish horse|Astral Barrage|p2a: Charizard
|-damage|p2a: Charizard|0 fnt
|faint|p2a: Charizard
|-ability|p1a: jellyfish horse|Grim Neigh|boost
|-boost|p1a: jellyfish horse|spa|1
|
|-weather|SunnyDay|[upkeep]
|upkeep
|j| BlackXce
|
|t:|1636688605
|switch|p2a: Charizard|Charizard, F|100/100
|-damage|p2a: Charizard|50/100|[from] Stealth Rock
|turn|6
|j| Yveltaldestruction
|c|☆diemond35472|this is payback for the too many forms game freak added
|
|t:|1636688615
|move|p2a: Charizard|Weather Ball|p1a: jellyfish horse
|-enditem|p1a: jellyfish horse|Focus Sash
|-damage|p1a: jellyfish horse|1/100
|move|p1a: jellyfish horse|Astral Barrage|p2a: Charizard
|-damage|p2a: Charizard|0 fnt
|faint|p2a: Charizard
|-ability|p1a: jellyfish horse|Grim Neigh|boost
|-boost|p1a: jellyfish horse|spa|1
|
|-weather|SunnyDay|[upkeep]
|upkeep
|
|t:|1636688626
|switch|p2a: Charizard|Charizard, M|100/100
|-damage|p2a: Charizard|50/100|[from] Stealth Rock
|turn|7
|c| a deer|not putting boots on charizard >
|
|t:|1636688634
|detailschange|p2a: Charizard|Charizard-Mega-X, M
|-mega|p2a: Charizard|Charizard|Charizardite X
|move|p1a: jellyfish horse|Astral Barrage|p2a: Charizard
|-damage|p2a: Charizard|0 fnt
|faint|p2a: Charizard
|-ability|p1a: jellyfish horse|Grim Neigh|boost
|-boost|p1a: jellyfish horse|spa|1
|
|-weather|SunnyDay|[upkeep]
|upkeep
|
|t:|1636688642
|switch|p2a: SACRIFICE|Charizard, M|100/100
|-damage|p2a: SACRIFICE|50/100|[from] Stealth Rock
|turn|8
|
|t:|1636688650
|move|p1a: jellyfish horse|Astral Barrage|p2a: SACRIFICE
|-damage|p2a: SACRIFICE|0 fnt
|faint|p2a: SACRIFICE
|-ability|p1a: jellyfish horse|Grim Neigh|boost
|-boost|p1a: jellyfish horse|spa|1
|
|-weather|none
|upkeep
|c|☆Hello i am a boy 3|gg
|j| Science op
|c|☆diemond35472|gg
|
|t:|1636688657
|switch|p2a: Charizard|Charizard, M|100/100
|-damage|p2a: Charizard|50/100|[from] Stealth Rock
|turn|9
|l| a deer
|
|t:|1636688663
|move|p1a: jellyfish horse|Astral Barrage|p2a: Charizard
|-damage|p2a: Charizard|0 fnt
|faint|p2a: Charizard
|
|win|diemond35472
|raw|diemond35472's rating: 1485 &rarr; <strong>1502</strong><br />(+17 for winning)
|raw|Hello i am a boy 3's rating: 1433 &rarr; <strong>1416</strong><br />(-17 for losing)
|l| Electric100
|l| BlackXce
|l| rowletroost
|c|☆Hello i am a boy 3|lol'
|l|☆diemond35472
|l|☆Hello i am a boy 3
