|j|☆dividing by 0
|j|☆GoatMonkey69
|t:|1653830830
|gametype|singles
|player|p1|dividing by 0|pokemaniac|1558
|player|p2|GoatMonkey69|cyclist-gen4|1671
|teamsize|p1|6
|teamsize|p2|6
|gen|8
|tier|[Gen 8] National Dex AG
|rated|
|rule|HP Percentage Mod: HP is shown in percentages
|rule|Endless Battle Clause: Forcing endless battles is banned
|clearpoke
|poke|p1|Smeargle, M|
|poke|p1|Clefable, M|
|poke|p1|Scolipede, M|
|poke|p1|Arceus-*|
|poke|p1|Espeon, F|
|poke|p1|Liepard, M|
|poke|p2|Ho-Oh|
|poke|p2|Rayquaza|
|poke|p2|Necrozma-Dusk-Mane|
|poke|p2|Yveltal|
|poke|p2|Zygarde|
|poke|p2|Arceus-*|
|teampreview
|
|t:|1653830839
|start
|switch|p1a: Scolipede|Scolipede, M|100/100
|switch|p2a: Zygarde|Zygarde, shiny|100/100
|turn|1
|inactive|Battle timer is ON: inactive players will automatically lose when time's up. (requested by GoatMonkey69)
|
|t:|1653830844
|move|p1a: Scolipede|Substitute|p1a: Scolipede
|-start|p1a: Scolipede|Substitute
|-damage|p1a: Scolipede|76/100
|move|p2a: Zygarde|Glare||[still]
|-fail|p2a: Zygarde
|
|-ability|p1a: Scolipede|Speed Boost|boost
|-boost|p1a: Scolipede|spe|1
|upkeep
|turn|2
|
|t:|1653830852
|move|p1a: Scolipede|Iron Defense|p1a: Scolipede
|-boost|p1a: Scolipede|def|2
|move|p2a: Zygarde|Haze|p2a: Zygarde
|-clearallboost
|
|-ability|p1a: Scolipede|Speed Boost|boost
|-boost|p1a: Scolipede|spe|1
|upkeep
|turn|3
|
|t:|1653830872
|switch|p2a: Ho-Oh|Ho-Oh, shiny|100/100
|move|p1a: Scolipede|Baton Pass|p1a: Scolipede
|
|t:|1653830876
|switch|p1a: Liepard|Liepard, M|100/100|[from]move: Baton Pass
|
|upkeep
|turn|4
|
|t:|1653830887
|move|p1a: Liepard|Taunt|p2a: Ho-Oh
|-start|p2a: Ho-Oh|move: Taunt
|cant|p2a: Ho-Oh|move: Taunt|Whirlwind
|
|upkeep
|turn|5
|
|t:|1653830902
|switch|p2a: Zygarde|Zygarde, shiny|100/100
|move|p1a: Liepard|Hone Claws|p1a: Liepard
|-boost|p1a: Liepard|atk|1
|-boost|p1a: Liepard|accuracy|1
|
|upkeep
|turn|6
|
|t:|1653830908
|move|p1a: Liepard|Taunt|p2a: Zygarde
|-start|p2a: Zygarde|move: Taunt
|move|p2a: Zygarde|Thousand Arrows|p1a: Liepard
|-end|p1a: Liepard|Substitute
|
|upkeep
|turn|7
|
|t:|1653830917
|move|p1a: Liepard|Baton Pass|p1a: Liepard
|
|t:|1653830919
|switch|p1a: Smeargle|Smeargle, M|100/100|[from]move: Baton Pass
|move|p2a: Zygarde|Thousand Arrows|p1a: Smeargle
|-damage|p1a: Smeargle|30/100
|
|-ability|p1a: Smeargle|Moody|boost
|-boost|p1a: Smeargle|spa|2
|-unboost|p1a: Smeargle|atk|1
|upkeep
|turn|8
|
|t:|1653830924
|move|p1a: Smeargle|Spore|p2a: Zygarde
|-status|p2a: Zygarde|slp|[from] move: Spore
|cant|p2a: Zygarde|slp
|
|-end|p2a: Zygarde|move: Taunt
|-ability|p1a: Smeargle|Moody|boost
|-boost|p1a: Smeargle|atk|2
|-unboost|p1a: Smeargle|spa|1
|upkeep
|turn|9
|
|t:|1653830926
|switch|p2a: Rayquaza|Rayquaza|100/100
|-ability|p2a: Rayquaza|Air Lock
|move|p1a: Smeargle|Substitute|p1a: Smeargle
|-start|p1a: Smeargle|Substitute
|-damage|p1a: Smeargle|6/100
|
|-ability|p1a: Smeargle|Moody|boost
|-boost|p1a: Smeargle|spd|2
|-unboost|p1a: Smeargle|spa|1
|upkeep
|turn|10
|
|t:|1653830933
|switch|p2a: Zygarde|Zygarde, shiny|100/100 slp
|move|p1a: Smeargle|Spore|p2a: Zygarde
|-fail|p2a: Zygarde|slp
|
|-ability|p1a: Smeargle|Moody|boost
|-boost|p1a: Smeargle|spa|2
|-unboost|p1a: Smeargle|def|1
|upkeep
|turn|11
|
|t:|1653830938
|move|p1a: Smeargle|Ingrain|p1a: Smeargle
|-start|p1a: Smeargle|move: Ingrain
|-curestatus|p2a: Zygarde|slp|[msg]
|move|p2a: Zygarde|Haze|p2a: Zygarde
|-clearallboost
|
|-heal|p1a: Smeargle|12/100|[from] Ingrain
|-ability|p1a: Smeargle|Moody|boost
|-boost|p1a: Smeargle|spa|2
|-unboost|p1a: Smeargle|def|1
|upkeep
|turn|12
|
|t:|1653830944
|move|p1a: Smeargle|Spore|p2a: Zygarde
|-status|p2a: Zygarde|slp|[from] move: Spore
|cant|p2a: Zygarde|slp
|
|-heal|p1a: Smeargle|18/100|[from] Ingrain
|-ability|p1a: Smeargle|Moody|boost
|-boost|p1a: Smeargle|def|2
|-unboost|p1a: Smeargle|spd|1
|upkeep
|turn|13
|
|t:|1653830948
|move|p1a: Smeargle|Baton Pass|p1a: Smeargle
|
|t:|1653830951
|switch|p1a: Liepard|Liepard, M|100/100|[from]move: Baton Pass
|cant|p2a: Zygarde|slp
|
|upkeep
|turn|14
|
|t:|1653830956
|move|p1a: Liepard|Taunt|p2a: Zygarde
|-start|p2a: Zygarde|move: Taunt
|-curestatus|p2a: Zygarde|slp|[msg]
|move|p2a: Zygarde|Thousand Arrows|p1a: Liepard
|-crit|p1a: Liepard
|-end|p1a: Liepard|Substitute
|
|upkeep
|turn|15
|
|t:|1653830962
|move|p1a: Liepard|Hone Claws|p1a: Liepard
|-boost|p1a: Liepard|atk|1
|-boost|p1a: Liepard|accuracy|1
|move|p2a: Zygarde|Thousand Arrows|p1a: Liepard
|-damage|p1a: Liepard|76/100
|
|-heal|p1a: Liepard|82/100|[from] item: Leftovers
|-heal|p1a: Liepard|88/100|[from] Ingrain
|upkeep
|turn|16
|
|t:|1653830978
|switch|p2a: Ho-Oh|Ho-Oh, shiny|100/100
|move|p1a: Liepard|Hone Claws|p1a: Liepard
|-boost|p1a: Liepard|atk|1
|-boost|p1a: Liepard|accuracy|1
|
|-heal|p1a: Liepard|94/100|[from] item: Leftovers
|-heal|p1a: Liepard|99/100|[from] Ingrain
|upkeep
|turn|17
|
|t:|1653830987
|move|p1a: Liepard|Taunt|p2a: Ho-Oh
|-start|p2a: Ho-Oh|move: Taunt
|move|p2a: Ho-Oh|Sacred Fire|p1a: Liepard
|-damage|p1a: Liepard|65/100
|
|-heal|p1a: Liepard|71/100|[from] item: Leftovers
|-heal|p1a: Liepard|77/100|[from] Ingrain
|upkeep
|turn|18
|
|t:|1653830995
|move|p1a: Liepard|Hone Claws|p1a: Liepard
|-boost|p1a: Liepard|atk|1
|-boost|p1a: Liepard|accuracy|1
|move|p2a: Ho-Oh|Sacred Fire|p1a: Liepard|[miss]
|-miss|p2a: Ho-Oh|p1a: Liepard
|
|-heal|p1a: Liepard|83/100|[from] item: Leftovers
|-heal|p1a: Liepard|89/100|[from] Ingrain
|upkeep
|turn|19
|
|t:|1653831001
|move|p1a: Liepard|Hone Claws|p1a: Liepard
|-boost|p1a: Liepard|atk|1
|-boost|p1a: Liepard|accuracy|1
|move|p2a: Ho-Oh|Sacred Fire|p1a: Liepard
|-damage|p1a: Liepard|58/100
|
|-heal|p1a: Liepard|64/100|[from] item: Leftovers
|-heal|p1a: Liepard|70/100|[from] Ingrain
|-end|p2a: Ho-Oh|move: Taunt
|upkeep
|turn|20
|
|t:|1653831008
|move|p1a: Liepard|Taunt|p2a: Ho-Oh
|-start|p2a: Ho-Oh|move: Taunt
|cant|p2a: Ho-Oh|move: Taunt|Whirlwind
|
|-heal|p1a: Liepard|76/100|[from] item: Leftovers
|-heal|p1a: Liepard|82/100|[from] Ingrain
|upkeep
|turn|21
|
|t:|1653831011
|switch|p2a: Zygarde|Zygarde, shiny|100/100
|move|p1a: Liepard|Hone Claws|p1a: Liepard
|-boost|p1a: Liepard|atk|1
|-boost|p1a: Liepard|accuracy|1
|
|-heal|p1a: Liepard|88/100|[from] item: Leftovers
|-heal|p1a: Liepard|94/100|[from] Ingrain
|upkeep
|turn|22
|
|t:|1653831020
|move|p1a: Liepard|Taunt|p2a: Zygarde
|-start|p2a: Zygarde|move: Taunt
|cant|p2a: Zygarde|move: Taunt|Haze
|
|-heal|p1a: Liepard|99/100|[from] item: Leftovers
|-heal|p1a: Liepard|100/100|[from] Ingrain
|upkeep
|turn|23
|
|t:|1653831024
|switch|p2a: Ho-Oh|Ho-Oh, shiny|100/100
|move|p1a: Liepard|Hone Claws|p1a: Liepard
|-boost|p1a: Liepard|atk|1
|-boost|p1a: Liepard|accuracy|1
|
|upkeep
|turn|24
|
|t:|1653831029
|move|p1a: Liepard|Taunt|p2a: Ho-Oh
|-start|p2a: Ho-Oh|move: Taunt
|move|p2a: Ho-Oh|Sacred Fire|p1a: Liepard
|-damage|p1a: Liepard|69/100
|-status|p1a: Liepard|brn
|
|-heal|p1a: Liepard|75/100 brn|[from] item: Leftovers
|-heal|p1a: Liepard|81/100 brn|[from] Ingrain
|-damage|p1a: Liepard|75/100 brn|[from] brn
|upkeep
|turn|25
|
|t:|1653831054
|switch|p2a: Zygarde|Zygarde, shiny|100/100
|move|p1a: Liepard|Baton Pass|p1a: Liepard
|
|t:|1653831059
|switch|p1a: Arceus|Arceus|100/100|[from]move: Baton Pass
|
|upkeep
|turn|26
|
|t:|1653831068
|-start|p1a: Arceus|Dynamax|
|-heal|p1a: Arceus|100/100|[silent]
|move|p1a: Arceus|Max Strike|p2a: Zygarde
|-damage|p2a: Zygarde|0 fnt
|faint|p2a: Zygarde
|
|upkeep
|
|t:|1653831073
|switch|p2a: Necrozma|Necrozma-Dusk-Mane|100/100
|turn|27
|
|t:|1653831077
|-start|p2a: Necrozma|Dynamax|
|-heal|p2a: Necrozma|100/100|[silent]
|move|p2a: Necrozma|Max Guard|p2a: Necrozma
|-singleturn|p2a: Necrozma|Max Guard
|move|p1a: Arceus|Max Quake|p2a: Necrozma
|-activate|p2a: Necrozma|move: Max Guard
|
|upkeep
|turn|28
|
|t:|1653831079
|move|p1a: Arceus|Max Quake|p2a: Necrozma
|-supereffective|p2a: Necrozma
|-damage|p2a: Necrozma|26/100
|-boost|p1a: Arceus|spd|1
|move|p2a: Necrozma|Max Steelspike|p1a: Arceus
|-damage|p1a: Arceus|87/100
|-boost|p2a: Necrozma|def|1
|
|-heal|p1a: Arceus|90/100|[from] item: Leftovers
|-heal|p2a: Necrozma|29/100|[from] item: Leftovers
|-heal|p1a: Arceus|93/100|[from] Ingrain
|upkeep
|-end|p1a: Arceus|Dynamax
|-heal|p1a: Arceus|93/100|[silent]
|turn|29
|
|t:|1653831087
|move|p1a: Arceus|Earthquake|p2a: Necrozma
|-supereffective|p2a: Necrozma
|-damage|p2a: Necrozma|0 fnt
|faint|p2a: Necrozma
|
|-heal|p1a: Arceus|99/100|[from] item: Leftovers
|-heal|p1a: Arceus|100/100|[from] Ingrain
|upkeep
|
|t:|1653831096
|switch|p2a: Rayquaza|Rayquaza|100/100
|-ability|p2a: Rayquaza|Air Lock
|turn|30
|
|t:|1653831099
|detailschange|p2a: Rayquaza|Rayquaza-Mega
|-mega|p2a: Rayquaza|Rayquaza|
|-weather|DeltaStream|[from] ability: Delta Stream|[of] p2a: Rayquaza
|move|p1a: Arceus|Extreme Speed|p2a: Rayquaza
|-damage|p2a: Rayquaza|0 fnt
|faint|p2a: Rayquaza
|-weather|none
|
|upkeep
|-message|GoatMonkey69 forfeited.
|
|win|dividing by 0
|raw|dividing by 0's rating: 1558 &rarr; <strong>1584</strong><br />(+26 for winning)
|raw|GoatMonkey69's rating: 1671 &rarr; <strong>1645</strong><br />(-26 for losing)
|l|☆GoatMonkey69
