|j|☆cllout
|j|☆Headlicker
|t:|1667619442
|gametype|singles
|player|p1|cllout|misty-lgpe|1246
|player|p2|Headlicker|bellelba|1173
|teamsize|p1|6
|teamsize|p2|6
|gen|8
|tier|[Gen 8] National Dex AG
|rated|
|rule|HP Percentage Mod: HP is shown in percentages
|rule|Endless Battle Clause: Forcing endless battles is banned
|clearpoke
|poke|p1|Deoxys-Speed|
|poke|p1|Ditto|
|poke|p1|Yveltal|
|poke|p1|Necrozma-Dusk-Mane|
|poke|p1|Calyrex-Shadow|
|poke|p1|Rayquaza|
|poke|p2|Serperior, M|
|poke|p2|Starmie|
|poke|p2|Diancie|
|poke|p2|Gliscor, M|
|poke|p2|Houndoom, F|
|poke|p2|Eevee, M|
|teampreview
|inactive|Battle timer is ON: inactive players will automatically lose when time's up. (requested by Headlicker)
|inactive|cllout also wants the timer to be on.
|
|t:|1667619450
|start
|switch|p1a: Deoxys|Deoxys-Speed|100/100
|switch|p2a: Eevee|Eevee, M|100/100
|-ability|p1a: Deoxys|Pressure
|turn|1
|
|t:|1667619461
|move|p1a: Deoxys|Taunt|p2a: Eevee
|-start|p2a: Eevee|move: Taunt
|-zpower|p2a: Eevee
|move|p2a: Eevee|Extreme Evoboost|p2a: Eevee
|-boost|p2a: Eevee|atk|2
|-boost|p2a: Eevee|def|2
|-boost|p2a: Eevee|spa|2
|-boost|p2a: Eevee|spd|2
|-boost|p2a: Eevee|spe|2
|
|upkeep
|turn|2
|
|t:|1667619475
|move|p2a: Eevee|Quick Attack|p1a: Deoxys
|-damage|p1a: Deoxys|74/100
|move|p1a: Deoxys|Stealth Rock|p2a: Eevee
|-sidestart|p2: Headlicker|move: Stealth Rock
|
|upkeep
|turn|3
|
|t:|1667619481
|move|p2a: Eevee|Quick Attack|p1a: Deoxys
|-damage|p1a: Deoxys|48/100
|move|p1a: Deoxys|Spikes|p2a: Eevee
|-sidestart|p2: Headlicker|Spikes
|
|-end|p2a: Eevee|move: Taunt
|upkeep
|turn|4
|
|t:|1667619487
|move|p1a: Deoxys|Taunt|p2a: Eevee
|-start|p2a: Eevee|move: Taunt
|cant|p2a: Eevee|move: Taunt|Baton Pass
|
|upkeep
|turn|5
|
|t:|1667619492
|move|p1a: Deoxys|Spikes|p2a: Eevee
|-sidestart|p2: Headlicker|Spikes
|move|p2a: Eevee|Last Resort||[still]
|-fail|p2a: Eevee
|
|upkeep
|turn|6
|
|t:|1667619498
|move|p2a: Eevee|Quick Attack|p1a: Deoxys
|-damage|p1a: Deoxys|21/100
|move|p1a: Deoxys|Spikes|p2a: Eevee
|-sidestart|p2: Headlicker|Spikes
|
|-end|p2a: Eevee|move: Taunt
|upkeep
|turn|7
|
|t:|1667619503
|move|p2a: Eevee|Quick Attack|p1a: Deoxys
|-damage|p1a: Deoxys|0 fnt
|faint|p1a: Deoxys
|
|upkeep
|
|t:|1667619511
|switch|p1a: Ditto|Ditto|100/100
|-transform|p1a: Ditto|p2a: Eevee|[from] ability: Imposter
|turn|8
|
|t:|1667619526
|move|p2a: Eevee|Protect|p2a: Eevee
|-singleturn|p2a: Eevee|Protect
|move|p1a: Ditto|Baton Pass|p1a: Ditto
|inactive|cllout has 120 seconds left.
|
|t:|1667619559
|switch|p1a: Yveltal|Yveltal, shiny|100/100|[from]move: Baton Pass
|-ability|p1a: Yveltal|Dark Aura
|
|upkeep
|turn|9
|inactive|cllout has 120 seconds left.
|
|t:|1667619575
|move|p1a: Yveltal|Dark Pulse|p2a: Eevee
|-damage|p2a: Eevee|35/100
|move|p2a: Eevee|Baton Pass|p2a: Eevee
|
|t:|1667619582
|switch|p2a: Gliscor|Gliscor, M|100/100|[from]move: Baton Pass
|-damage|p2a: Gliscor|88/100|[from] Stealth Rock
|
|-status|p2a: Gliscor|tox|[from] item: Toxic Orb
|upkeep
|turn|10
|inactive|cllout has 120 seconds left.
|
|t:|1667619608
|-start|p1a: Yveltal|Dynamax|
|-heal|p1a: Yveltal|100/100|[silent]
|move|p2a: Gliscor|Facade|p1a: Yveltal
|-damage|p1a: Yveltal|84/100
|move|p1a: Yveltal|Max Darkness|p2a: Gliscor
|-crit|p2a: Gliscor
|-damage|p2a: Gliscor|0 fnt
|faint|p2a: Gliscor
|
|upkeep
|
|t:|1667619621
|switch|p2a: Diancie|Diancie|100/100
|-damage|p2a: Diancie|88/100|[from] Stealth Rock
|-damage|p2a: Diancie|63/100|[from] Spikes
|turn|11
|
|t:|1667619631
|detailschange|p2a: Diancie|Diancie-Mega
|-mega|p2a: Diancie|Diancie|Diancite
|move|p1a: Yveltal|Max Darkness|p2a: Diancie
|-resisted|p2a: Diancie
|-damage|p2a: Diancie|0 fnt
|faint|p2a: Diancie
|
|upkeep
|
|t:|1667619636
|switch|p2a: Houndoom|Houndoom, F, shiny|100/100
|-damage|p2a: Houndoom|76/100|[from] Stealth Rock
|-damage|p2a: Houndoom|51/100|[from] Spikes
|turn|12
|inactive|cllout has 120 seconds left.
|
|t:|1667619642
|move|p2a: Houndoom|Sucker Punch|p1a: Yveltal
|-resisted|p1a: Yveltal
|-damage|p1a: Yveltal|81/100
|move|p1a: Yveltal|Max Airstream|p2a: Houndoom
|-damage|p2a: Houndoom|0 fnt
|-boost|p1a: Yveltal|spe|1
|faint|p2a: Houndoom
|
|upkeep
|
|t:|1667619650
|switch|p2a: Eevee|Eevee, M|35/100
|-damage|p2a: Eevee|23/100|[from] Stealth Rock
|-damage|p2a: Eevee|0 fnt|[from] Spikes
|faint|p2a: Eevee
|
|t:|1667619651
|switch|p2a: Starmie|Starmie, shiny|100/100
|-damage|p2a: Starmie|88/100|[from] Stealth Rock
|-damage|p2a: Starmie|63/100|[from] Spikes
|-end|p1a: Yveltal|Dynamax
|-heal|p1a: Yveltal|81/100|[silent]
|turn|13
|
|t:|1667619668
|-start|p2a: Starmie|Dynamax|
|-heal|p2a: Starmie|63/100|[silent]
|move|p1a: Yveltal|Oblivion Wing|p2a: Starmie
|-damage|p2a: Starmie|9/100
|-heal|p1a: Yveltal|100/100|[from] drain|[of] p2a: Starmie
|move|p2a: Starmie|Max Lightning|p1a: Yveltal
|-supereffective|p1a: Yveltal
|-damage|p1a: Yveltal|50/100
|-fieldstart|move: Electric Terrain
|-enditem|p1a: Yveltal|Weakness Policy
|-boost|p1a: Yveltal|atk|2|[from] item: Weakness Policy
|-boost|p1a: Yveltal|spa|2|[from] item: Weakness Policy
|
|upkeep
|turn|14
|
|t:|1667619680
|move|p1a: Yveltal|Oblivion Wing|p2a: Starmie
|-damage|p2a: Starmie|0 fnt
|-heal|p1a: Yveltal|60/100|[from] drain|[of] p2a: Starmie
|faint|p2a: Starmie
|
|upkeep
|
|t:|1667619683
|switch|p2a: Serperior|Serperior, M, shiny|100/100
|-damage|p2a: Serperior|88/100|[from] Stealth Rock
|-damage|p2a: Serperior|63/100|[from] Spikes
|turn|15
|
|t:|1667619692
|move|p1a: Yveltal|Oblivion Wing|p2a: Serperior
|-supereffective|p2a: Serperior
|-damage|p2a: Serperior|0 fnt
|-heal|p1a: Yveltal|95/100|[from] drain|[of] p2a: Serperior
|faint|p2a: Serperior
|
|win|cllout
|raw|cllout's rating: 1246 &rarr; <strong>1266</strong><br />(+20 for winning)
|raw|Headlicker's rating: 1173 &rarr; <strong>1153</strong><br />(-20 for losing)
|l|☆Headlicker
