|j|☆Latiasboy
|j|☆Naofumi_Bakugo_Jax
|t:|1660984232
|gametype|singles
|player|p1|Latiasboy|n|1746
|player|p2|Naofumi_Bakugo_Jax|170|1678
|teamsize|p1|6
|teamsize|p2|6
|gen|8
|tier|[Gen 8] National Dex AG
|rated|
|rule|HP Percentage Mod: HP is shown in percentages
|rule|Endless Battle Clause: Forcing endless battles is banned
|clearpoke
|poke|p1|Groudon|
|poke|p1|Necrozma-Dusk-Mane|
|poke|p1|Ho-Oh|
|poke|p1|Rayquaza|
|poke|p1|Xerneas-*|
|poke|p1|Shaymin-Sky|
|poke|p2|Kyogre|
|poke|p2|Swampert, F|
|poke|p2|Zacian-*|
|poke|p2|Calyrex-Shadow|
|poke|p2|Yveltal|
|poke|p2|Ho-Oh|
|teampreview
|
|t:|1660984254
|start
|switch|p1a: Shaymin|Shaymin-Sky|100/100
|switch|p2a: Calyrex|Calyrex-Shadow|100/100
|-ability|p2a: Calyrex|As One
|-ability|p2a: Calyrex|Unnerve
|turn|1
|
|t:|1660984263
|switch|p1a: Ho-Oh|Ho-Oh|100/100
|move|p2a: Calyrex|Nasty Plot|p2a: Calyrex
|-boost|p2a: Calyrex|spa|2
|
|upkeep
|turn|2
|j| kocklanjiaocibai
|
|t:|1660984276
|move|p2a: Calyrex|Baton Pass|p2a: Calyrex
|
|t:|1660984284
|switch|p2a: Kyogre|Kyogre|100/100|[from]move: Baton Pass
|-weather|RainDance|[from] ability: Drizzle|[of] p2a: Kyogre
|move|p1a: Ho-Oh|Toxic|p2a: Kyogre
|-status|p2a: Kyogre|tox
|
|-weather|RainDance|[upkeep]
|-damage|p2a: Kyogre|94/100 tox|[from] psn
|upkeep
|turn|3
|
|t:|1660984302
|switch|p1a: Rayquaza|Rayquaza|100/100
|-ability|p1a: Rayquaza|Air Lock
|-start|p2a: Kyogre|Dynamax|
|-heal|p2a: Kyogre|94/100 tox|[silent]
|move|p2a: Kyogre|Max Hailstorm|p1a: Rayquaza
|-supereffective|p1a: Rayquaza
|-damage|p1a: Rayquaza|0 fnt
|-weather|Hail
|faint|p1a: Rayquaza
|
|-weather|Hail|[upkeep]
|-damage|p2a: Kyogre|91/100 tox|[from] Hail
|-damage|p2a: Kyogre|85/100 tox|[from] psn
|upkeep
|
|t:|1660984327
|switch|p1a: Groudon|Groudon|100/100
|detailschange|p1a: Groudon|Groudon-Primal
|-primal|p1a: Groudon
|-weather|DesolateLand|[from] ability: Desolate Land|[of] p1a: Groudon
|turn|4
|
|t:|1660984333
|move|p2a: Kyogre|Max Hailstorm|p1a: Groudon
|-damage|p1a: Groudon|0 fnt
|-weather|Hail
|faint|p1a: Groudon
|
|-weather|Hail|[upkeep]
|-damage|p2a: Kyogre|82/100 tox|[from] Hail
|-damage|p2a: Kyogre|73/100 tox|[from] psn
|upkeep
|
|t:|1660984344
|switch|p1a: Shaymin|Shaymin-Sky|100/100
|turn|5
|
|t:|1660984356
|move|p1a: Shaymin|Seed Flare|p2a: Kyogre
|-supereffective|p2a: Kyogre
|-damage|p2a: Kyogre|30/100 tox
|-unboost|p2a: Kyogre|spd|2
|move|p2a: Kyogre|Max Geyser|p1a: Shaymin
|-resisted|p1a: Shaymin
|-damage|p1a: Shaymin|4/100
|-weather|RainDance
|
|-weather|RainDance|[upkeep]
|-damage|p2a: Kyogre|17/100 tox|[from] psn
|upkeep
|-end|p2a: Kyogre|Dynamax
|-heal|p2a: Kyogre|18/100 tox|[silent]
|turn|6
|
|t:|1660984367
|move|p1a: Shaymin|Seed Flare|p2a: Kyogre|[miss]
|-miss|p1a: Shaymin|p2a: Kyogre
|move|p2a: Kyogre|Ice Beam|p1a: Shaymin
|-supereffective|p1a: Shaymin
|-damage|p1a: Shaymin|0 fnt
|faint|p1a: Shaymin
|
|-weather|RainDance|[upkeep]
|-damage|p2a: Kyogre|0 fnt|[from] psn
|faint|p2a: Kyogre
|upkeep
|
|t:|1660984375
|switch|p1a: Necrozma|Necrozma-Dusk-Mane|100/100
|switch|p2a: Swampert|Swampert, F|100/100
|turn|7
|
|t:|1660984392
|detailschange|p2a: Swampert|Swampert-Mega, F
|-mega|p2a: Swampert|Swampert|Swampertite
|move|p2a: Swampert|Yawn|p1a: Necrozma
|-start|p1a: Necrozma|move: Yawn|[of] p2a: Swampert
|move|p1a: Necrozma|Stealth Rock|p2a: Swampert
|-sidestart|p2: Naofumi_Bakugo_Jax|move: Stealth Rock
|
|-weather|RainDance|[upkeep]
|upkeep
|turn|8
|
|t:|1660984403
|switch|p1a: Ho-Oh|Ho-Oh|100/100
|move|p2a: Swampert|Liquidation|p1a: Ho-Oh
|-supereffective|p1a: Ho-Oh
|-damage|p1a: Ho-Oh|0 fnt
|faint|p1a: Ho-Oh
|
|-weather|RainDance|[upkeep]
|upkeep
|
|t:|1660984405
|switch|p1a: Xerneas|Xerneas|100/100
|-ability|p1a: Xerneas|Fairy Aura
|turn|9
|
|t:|1660984411
|move|p2a: Swampert|Yawn|p1a: Xerneas
|-start|p1a: Xerneas|move: Yawn|[of] p2a: Swampert
|move|p1a: Xerneas|Geomancy||[still]
|-prepare|p1a: Xerneas|Geomancy
|-enditem|p1a: Xerneas|Power Herb
|-anim|p1a: Xerneas|Geomancy|p1a: Xerneas
|-boost|p1a: Xerneas|spa|2
|-boost|p1a: Xerneas|spd|2
|-boost|p1a: Xerneas|spe|2
|
|-weather|none
|upkeep
|turn|10
|
|t:|1660984424
|-start|p1a: Xerneas|Dynamax|
|-heal|p1a: Xerneas|100/100|[silent]
|move|p1a: Xerneas|Max Starfall|p2a: Swampert
|-damage|p2a: Swampert|0 fnt
|-fieldstart|move: Misty Terrain
|faint|p2a: Swampert
|
|-end|p1a: Xerneas|move: Yawn|[silent]
|-activate|p1a: Xerneas|move: Misty Terrain
|upkeep
|inactive|Battle timer is ON: inactive players will automatically lose when time's up. (requested by Latiasboy)
|
|t:|1660984465
|switch|p2a: Yveltal|Yveltal, shiny|100/100
|-damage|p2a: Yveltal|75/100|[from] Stealth Rock
|-ability|p2a: Yveltal|Dark Aura
|turn|11
|
|t:|1660984477
|move|p1a: Xerneas|Max Lightning|p2a: Yveltal
|-supereffective|p2a: Yveltal
|-damage|p2a: Yveltal|0 fnt
|-fieldstart|move: Electric Terrain
|faint|p2a: Yveltal
|
|upkeep
|inactive|Naofumi_Bakugo_Jax has 120 seconds left.
|inactive|Naofumi_Bakugo_Jax has 90 seconds left.
|
|t:|1660984543
|switch|p2a: Ho-Oh|Ho-Oh, shiny|100/100
|-damage|p2a: Ho-Oh|51/100|[from] Stealth Rock
|turn|12
|j| v87
|
|t:|1660984559
|move|p1a: Xerneas|Max Lightning|p2a: Ho-Oh
|-supereffective|p2a: Ho-Oh
|-damage|p2a: Ho-Oh|0 fnt
|faint|p2a: Ho-Oh
|
|upkeep
|
|t:|1660984566
|switch|p2a: Zacian|Zacian-Crowned|100/100
|-damage|p2a: Zacian|94/100|[from] Stealth Rock
|-ability|p2a: Zacian|Intrepid Sword|boost
|-boost|p2a: Zacian|atk|1
|-end|p1a: Xerneas|Dynamax
|-heal|p1a: Xerneas|100/100|[silent]
|turn|13
|inactive|Latiasboy has 120 seconds left.
|
|t:|1660984599
|switch|p1a: Necrozma|Necrozma-Dusk-Mane|100/100
|move|p2a: Zacian|Behemoth Blade|p1a: Necrozma
|-resisted|p1a: Necrozma
|-damage|p1a: Necrozma|75/100
|-damage|p2a: Zacian|78/100|[from] item: Rocky Helmet|[of] p1a: Necrozma
|
|upkeep
|turn|14
|inactive|Latiasboy has 120 seconds left.
|inactive|Naofumi_Bakugo_Jax has 90 seconds left.
|
|t:|1660984617
|move|p2a: Zacian|Close Combat|p1a: Necrozma
|-damage|p1a: Necrozma|32/100
|-unboost|p2a: Zacian|def|1
|-unboost|p2a: Zacian|spd|1
|-damage|p2a: Zacian|61/100|[from] item: Rocky Helmet|[of] p1a: Necrozma
|move|p1a: Necrozma|Thunder Wave|p2a: Zacian
|-status|p2a: Zacian|par
|
|upkeep
|turn|15
|inactive|Naofumi_Bakugo_Jax has 90 seconds left.
|inactive|Latiasboy has 120 seconds left.
|inactive|Latiasboy has 90 seconds left.
|
|t:|1660984663
|move|p2a: Zacian|Close Combat|p1a: Necrozma
|-damage|p1a: Necrozma|0 fnt
|-unboost|p2a: Zacian|def|1
|-unboost|p2a: Zacian|spd|1
|-damage|p2a: Zacian|45/100 par|[from] item: Rocky Helmet|[of] p1a: Necrozma
|faint|p1a: Necrozma
|
|-fieldend|move: Electric Terrain
|upkeep
|
|t:|1660984666
|switch|p1a: Xerneas|Xerneas|100/100
|-ability|p1a: Xerneas|Fairy Aura
|turn|16
|inactive|Naofumi_Bakugo_Jax has 90 seconds left.
|
|t:|1660984692
|move|p1a: Xerneas|Hidden Power|p2a: Zacian
|-supereffective|p2a: Zacian
|-damage|p2a: Zacian|0 fnt
|faint|p2a: Zacian
|
|upkeep
|
|t:|1660984695
|switch|p2a: Calyrex|Calyrex-Shadow|100/100
|-ability|p2a: Calyrex|As One
|-ability|p2a: Calyrex|Unnerve
|-damage|p2a: Calyrex|88/100|[from] Stealth Rock
|turn|17
|
|t:|1660984704
|move|p2a: Calyrex|Astral Barrage|p1a: Xerneas
|-damage|p1a: Xerneas|29/100
|move|p1a: Xerneas|Moonblast|p2a: Calyrex
|-damage|p2a: Calyrex|13/100
|-unboost|p2a: Calyrex|spa|1
|
|upkeep
|turn|18
|inactive|Latiasboy has 120 seconds left.
|
|t:|1660984712
|move|p2a: Calyrex|Astral Barrage|p1a: Xerneas
|-damage|p1a: Xerneas|0 fnt
|faint|p1a: Xerneas
|
|win|Naofumi_Bakugo_Jax
|raw|Latiasboy's rating: 1746 &rarr; <strong>1722</strong><br />(-24 for losing)
|raw|Naofumi_Bakugo_Jax's rating: 1678 &rarr; <strong>1702</strong><br />(+24 for winning)
|l|☆Latiasboy
|l| kocklanjiaocibai
