|j|☆Mori Jin Kato
|j|☆wavaltides
|t:|1652830622
|gametype|singles
|player|p1|Mori Jin Kato|266|1200
|player|p2|wavaltides|ash-kalos|1153
|teamsize|p1|6
|teamsize|p2|6
|gen|8
|tier|[Gen 8] National Dex AG
|rated|
|rule|HP Percentage Mod: HP is shown in percentages
|rule|Endless Battle Clause: Forcing endless battles is banned
|clearpoke
|poke|p1|Pikachu-Original, M|
|poke|p1|Espeon, M|
|poke|p1|Ditto|
|poke|p1|Calyrex-Shadow|
|poke|p1|Zacian-*|
|poke|p1|Ribombee, M|
|poke|p2|Greninja, M|
|poke|p2|Mamoswine, M|
|poke|p2|Togekiss, F|
|poke|p2|Cinderace, M|
|poke|p2|Dragonite, F|
|poke|p2|Raichu-Alola, F|
|teampreview
|inactive|Battle timer is ON: inactive players will automatically lose when time's up. (requested by Mori Jin Kato)
|
|t:|1652830627
|start
|switch|p1a: Ribombee|Ribombee, M|100/100
|switch|p2a: Meteors|Greninja, M|100/100
|turn|1
|
|t:|1652830633
|move|p2a: Meteors|Water Shuriken|p1a: Ribombee
|-damage|p1a: Ribombee|80/100
|-crit|p1a: Ribombee
|-damage|p1a: Ribombee|51/100
|-damage|p1a: Ribombee|32/100
|-hitcount|p1a: Ribombee|3
|move|p1a: Ribombee|Sticky Web|p2a: Meteors
|-sidestart|p2: wavaltides|move: Sticky Web
|
|upkeep
|turn|2
|
|t:|1652830641
|move|p2a: Meteors|Water Shuriken|p1a: Ribombee
|-damage|p1a: Ribombee|12/100
|-damage|p1a: Ribombee|0 fnt
|faint|p1a: Ribombee
|-activate|p2a: Meteors|ability: Battle Bond
|detailschange|p2a: Meteors|Greninja-Ash, M
|-hitcount|p1: Ribombee|2
|
|upkeep
|inactive|Mori Jin Kato has 120 seconds left.
|
|t:|1652830686
|switch|p1a: Seventh Owner|Ditto|100/100
|-transform|p1a: Seventh Owner|p2a: Meteors|[from] ability: Imposter
|turn|3
|
|t:|1652830697
|-start|p2a: Meteors|Dynamax|
|-heal|p2a: Meteors|100/100|[silent]
|move|p1a: Seventh Owner|Grass Knot||[still]
|-fail|p1a: Seventh Owner|move: Grass Knot|[from] Dynamax
|move|p2a: Meteors|Max Overgrowth|p1a: Seventh Owner
|-supereffective|p1a: Seventh Owner
|-damage|p1a: Seventh Owner|0 fnt
|-fieldstart|move: Grassy Terrain
|faint|p1a: Seventh Owner
|
|upkeep
|
|t:|1652830710
|switch|p1a: Zacian|Zacian-Crowned|100/100
|-ability|p1a: Zacian|Intrepid Sword|boost
|-boost|p1a: Zacian|atk|1
|turn|4
|
|t:|1652830727
|move|p1a: Zacian|Behemoth Blade|p2a: Meteors
|-resisted|p2a: Meteors
|-damage|p2a: Meteors|5/100
|move|p2a: Meteors|Max Geyser|p1a: Zacian
|-damage|p1a: Zacian|45/100
|-weather|RainDance
|
|-weather|RainDance|[upkeep]
|-heal|p1a: Zacian|51/100|[from] Grassy Terrain
|-heal|p2a: Meteors|8/100|[from] Grassy Terrain
|upkeep
|turn|5
|inactive|Mori Jin Kato has 120 seconds left.
|
|t:|1652830737
|-end|p2a: Meteors|Dynamax
|-heal|p2a: Meteors|8/100|[silent]
|switch|p2a: Suki-Stackaa|Raichu-Alola, F, shiny|100/100
|-activate|p2a: Suki-Stackaa|move: Sticky Web
|-unboost|p2a: Suki-Stackaa|spe|1
|move|p1a: Zacian|Behemoth Blade|p2a: Suki-Stackaa
|-resisted|p2a: Suki-Stackaa
|-damage|p2a: Suki-Stackaa|0 fnt
|faint|p2a: Suki-Stackaa
|
|-weather|RainDance|[upkeep]
|-heal|p1a: Zacian|58/100|[from] Grassy Terrain
|upkeep
|
|t:|1652830747
|switch|p2a: Meteors|Greninja-Ash, M|8/100
|-activate|p2a: Meteors|move: Sticky Web
|-unboost|p2a: Meteors|spe|1
|turn|6
|
|t:|1652830755
|move|p2a: Meteors|Water Shuriken|p1a: Zacian
|-damage|p1a: Zacian|28/100
|-damage|p1a: Zacian|0 fnt
|faint|p1a: Zacian
|-hitcount|p1: Zacian|2
|
|-weather|RainDance|[upkeep]
|-heal|p2a: Meteors|14/100|[from] Grassy Terrain
|upkeep
|
|t:|1652830769
|switch|p1a: Calyrex|Calyrex-Shadow|100/100
|-ability|p1a: Calyrex|As One
|-ability|p1a: Calyrex|Unnerve
|turn|7
|
|t:|1652830775
|move|p2a: Meteors|Water Shuriken|p1a: Calyrex
|-damage|p1a: Calyrex|72/100
|-damage|p1a: Calyrex|43/100
|-damage|p1a: Calyrex|14/100
|-hitcount|p1a: Calyrex|3
|move|p1a: Calyrex|Astral Barrage|p2a: Meteors
|-resisted|p2a: Meteors
|-damage|p2a: Meteors|0 fnt
|faint|p2a: Meteors
|-ability|p1a: Calyrex|Grim Neigh|boost
|-boost|p1a: Calyrex|spa|1
|
|-weather|RainDance|[upkeep]
|-heal|p1a: Calyrex|20/100|[from] Grassy Terrain
|-fieldend|move: Grassy Terrain
|upkeep
|
|t:|1652830793
|switch|p2a: Vuanny|Mamoswine, M|100/100
|-activate|p2a: Vuanny|move: Sticky Web
|-unboost|p2a: Vuanny|spe|1
|turn|8
|
|t:|1652830799
|move|p2a: Vuanny|Ice Shard|p1a: Calyrex
|-damage|p1a: Calyrex|0 fnt
|faint|p1a: Calyrex
|
|-weather|none
|upkeep
|
|t:|1652830803
|switch|p1a: Espeon|Espeon, M|100/100
|turn|9
|
|t:|1652830811
|switch|p2a: Kourtnay|Togekiss, F, shiny|100/100
|move|p1a: Espeon|Calm Mind|p1a: Espeon
|-boost|p1a: Espeon|spa|1
|-boost|p1a: Espeon|spd|1
|
|upkeep
|turn|10
|
|t:|1652830816
|move|p1a: Espeon|Calm Mind|p1a: Espeon
|-boost|p1a: Espeon|spa|1
|-boost|p1a: Espeon|spd|1
|move|p2a: Kourtnay|Nasty Plot|p2a: Kourtnay
|-boost|p2a: Kourtnay|spa|2
|
|upkeep
|turn|11
|
|t:|1652830822
|move|p1a: Espeon|Calm Mind|p1a: Espeon
|-boost|p1a: Espeon|spa|1
|-boost|p1a: Espeon|spd|1
|move|p2a: Kourtnay|Air Slash|p1a: Espeon
|-damage|p1a: Espeon|69/100
|
|-heal|p1a: Espeon|75/100|[from] item: Leftovers
|upkeep
|turn|12
|
|t:|1652830834
|move|p1a: Espeon|Calm Mind|p1a: Espeon
|-boost|p1a: Espeon|spa|1
|-boost|p1a: Espeon|spd|1
|move|p2a: Kourtnay|Air Slash|p1a: Espeon
|-damage|p1a: Espeon|50/100
|
|-heal|p1a: Espeon|56/100|[from] item: Leftovers
|upkeep
|turn|13
|
|t:|1652830842
|move|p1a: Espeon|Stored Power|p2a: Kourtnay
|-crit|p2a: Kourtnay
|-damage|p2a: Kourtnay|0 fnt
|faint|p2a: Kourtnay
|
|-heal|p1a: Espeon|62/100|[from] item: Leftovers
|upkeep
|
|t:|1652830844
|switch|p2a: Naythay|Cinderace, M, shiny|100/100
|-activate|p2a: Naythay|move: Sticky Web
|-unboost|p2a: Naythay|spe|1
|turn|14
|
|t:|1652830852
|move|p2a: Naythay|Sucker Punch||[still]
|-fail|p2a: Naythay
|move|p1a: Espeon|Morning Sun|p1a: Espeon
|-heal|p1a: Espeon|100/100
|
|upkeep
|turn|15
|
|t:|1652830864
|move|p2a: Naythay|Sucker Punch||[still]
|-fail|p2a: Naythay
|move|p1a: Espeon|Calm Mind|p1a: Espeon
|-boost|p1a: Espeon|spa|1
|-boost|p1a: Espeon|spd|1
|
|upkeep
|turn|16
|
|t:|1652830871
|move|p1a: Espeon|Calm Mind|p1a: Espeon
|-boost|p1a: Espeon|spa|1
|-boost|p1a: Espeon|spd|1
|move|p2a: Naythay|Taunt|p1a: Espeon
|-start|p2a: Naythay|typechange|Dark|[from] ability: Libero
|move|p1a: Espeon|Taunt|p2a: Naythay|[from]ability: Magic Bounce
|-start|p2a: Naythay|move: Taunt
|
|upkeep
|turn|17
|
|t:|1652830900
|switch|p1a: Pikachu|Pikachu-Original, M|100/100
|move|p2a: Naythay|Sucker Punch||[still]
|-fail|p2a: Naythay
|
|upkeep
|turn|18
|
|t:|1652830910
|move|p1a: Pikachu|Nasty Plot|p1a: Pikachu
|-boost|p1a: Pikachu|spa|2
|move|p2a: Naythay|Pyro Ball|p1a: Pikachu
|-start|p2a: Naythay|typechange|Fire|[from] ability: Libero
|-damage|p1a: Pikachu|0 fnt
|faint|p1a: Pikachu
|-damage|p2a: Naythay|91/100|[from] item: Life Orb
|
|upkeep
|c|☆wavaltides|gg ig
|-message|Mori Jin Kato forfeited.
|
|win|wavaltides
|raw|Mori Jin Kato's rating: 1200 &rarr; <strong>1173</strong><br />(-27 for losing)
|raw|wavaltides's rating: 1173 &rarr; <strong>1200</strong><br />(+27 for winning)
|l|☆Mori Jin Kato
