|j|☆DJ Phoenix da Poet
|j|☆Obito 2001
|t:|1668310213
|gametype|singles
|player|p1|DJ Phoenix da Poet|hilbert|1723
|player|p2|Obito 2001|teamrocket|2021
|teamsize|p1|6
|teamsize|p2|6
|gen|8
|tier|[Gen 8] National Dex AG
|rated|
|rule|HP Percentage Mod: HP is shown in percentages
|rule|Endless Battle Clause: Forcing endless battles is banned
|clearpoke
|poke|p1|Groudon|
|poke|p1|Yveltal|
|poke|p1|Rayquaza|
|poke|p1|Necrozma-Dusk-Mane|
|poke|p1|Ditto|
|poke|p1|Zacian-*|
|poke|p2|Mewtwo|
|poke|p2|Rayquaza|
|poke|p2|Arceus-*|
|poke|p2|Ditto|
|poke|p2|Greninja, M|
|poke|p2|Necrozma-Dusk-Mane|
|teampreview
|inactive|Battle timer is ON: inactive players will automatically lose when time's up. (requested by Obito 2001)
|
|t:|1668310226
|start
|switch|p1a: Yveltal|Yveltal|100/100
|switch|p2a: Necrozma|Necrozma-Dusk-Mane|100/100
|-ability|p1a: Yveltal|Dark Aura
|turn|1
|
|t:|1668310235
|move|p1a: Yveltal|Dark Pulse|p2a: Necrozma
|-supereffective|p2a: Necrozma
|-damage|p2a: Necrozma|21/100
|-damage|p1a: Yveltal|91/100|[from] item: Life Orb
|move|p2a: Necrozma|Stealth Rock|p1a: Yveltal
|-sidestart|p1: DJ Phoenix da Poet|move: Stealth Rock
|
|upkeep
|turn|2
|
|t:|1668310247
|switch|p2a: Kakashi|Greninja, M, shiny|100/100
|move|p1a: Yveltal|Defog|p2a: Kakashi
|-unboost|p2a: Kakashi|evasion|1
|-sideend|p1: DJ Phoenix da Poet|Stealth Rock|[from] move: Defog|[of] p1a: Yveltal
|
|upkeep
|turn|3
|
|t:|1668310252
|move|p2a: Kakashi|Ice Beam|p1a: Yveltal
|-start|p2a: Kakashi|typechange|Ice|[from] ability: Protean
|-supereffective|p1a: Yveltal
|-damage|p1a: Yveltal|3/100
|-damage|p2a: Kakashi|91/100|[from] item: Life Orb
|move|p1a: Yveltal|Defog|p2a: Kakashi
|-unboost|p2a: Kakashi|evasion|1
|
|upkeep
|turn|4
|
|t:|1668310265
|move|p2a: Kakashi|Ice Beam|p1a: Yveltal
|-supereffective|p1a: Yveltal
|-damage|p1a: Yveltal|0 fnt
|faint|p1a: Yveltal
|-damage|p2a: Kakashi|81/100|[from] item: Life Orb
|
|upkeep
|
|t:|1668310269
|switch|p1a: Necrozma|Necrozma-Dusk-Mane|100/100
|turn|5
|
|t:|1668310277
|move|p2a: Kakashi|Dark Pulse|p1a: Necrozma
|-start|p2a: Kakashi|typechange|Dark|[from] ability: Protean
|-supereffective|p1a: Necrozma
|-damage|p1a: Necrozma|47/100
|-damage|p2a: Kakashi|71/100|[from] item: Life Orb
|move|p1a: Necrozma|Thunder Wave|p2a: Kakashi
|-status|p2a: Kakashi|par
|
|upkeep
|turn|6
|l|☆DJ Phoenix da Poet
|inactive|DJ Phoenix da Poet disconnected and has a minute to reconnect!
|player|p1|
|j|☆DJ Phoenix da Poet
|inactive|DJ Phoenix da Poet reconnected and has 135 seconds left.
|player|p1|DJ Phoenix da Poet|hilbert
|
|t:|1668310297
|switch|p2a: Necrozma|Necrozma-Dusk-Mane|21/100
|move|p1a: Necrozma|Morning Sun|p1a: Necrozma
|-heal|p1a: Necrozma|97/100
|
|upkeep
|turn|7
|
|t:|1668310301
|move|p2a: Necrozma|Moonlight|p2a: Necrozma
|-heal|p2a: Necrozma|71/100
|move|p1a: Necrozma|Knock Off|p2a: Necrozma
|-supereffective|p2a: Necrozma
|-damage|p2a: Necrozma|41/100
|-damage|p1a: Necrozma|80/100|[from] item: Rocky Helmet|[of] p2a: Necrozma
|-enditem|p2a: Necrozma|Rocky Helmet|[from] move: Knock Off|[of] p1a: Necrozma
|
|upkeep
|turn|8
|
|t:|1668310304
|move|p1a: Necrozma|Stealth Rock|p2a: Necrozma
|-sidestart|p2: Obito 2001|move: Stealth Rock
|move|p2a: Necrozma|Stealth Rock|p1a: Necrozma
|-sidestart|p1: DJ Phoenix da Poet|move: Stealth Rock
|
|upkeep
|turn|9
|
|t:|1668310307
|move|p1a: Necrozma|Thunder Wave|p2a: Necrozma
|-status|p2a: Necrozma|par
|move|p2a: Necrozma|Thunder Wave|p1a: Necrozma
|-status|p1a: Necrozma|par
|
|upkeep
|turn|10
|
|t:|1668310310
|move|p2a: Necrozma|Moonlight|p2a: Necrozma
|-heal|p2a: Necrozma|91/100 par
|move|p1a: Necrozma|Knock Off|p2a: Necrozma
|-supereffective|p2a: Necrozma
|-damage|p2a: Necrozma|70/100 par
|
|upkeep
|turn|11
|
|t:|1668310317
|switch|p1a: Rayquaza|Rayquaza|100/100
|-damage|p1a: Rayquaza|75/100|[from] Stealth Rock
|-ability|p1a: Rayquaza|Air Lock
|move|p2a: Necrozma|Moonlight|p2a: Necrozma
|-heal|p2a: Necrozma|100/100 par
|
|upkeep
|turn|12
|
|t:|1668310322
|detailschange|p1a: Rayquaza|Rayquaza-Mega
|-mega|p1a: Rayquaza|Rayquaza|
|-weather|DeltaStream|[from] ability: Delta Stream|[of] p1a: Rayquaza
|move|p1a: Rayquaza|Dragon Dance|p1a: Rayquaza
|-boost|p1a: Rayquaza|atk|1
|-boost|p1a: Rayquaza|spe|1
|cant|p2a: Necrozma|par
|
|-weather|DeltaStream|[upkeep]
|upkeep
|turn|13
|
|t:|1668310332
|move|p1a: Rayquaza|V-create|p2a: Necrozma
|-supereffective|p2a: Necrozma
|-damage|p2a: Necrozma|1/100 par
|-unboost|p1a: Rayquaza|spe|1
|-unboost|p1a: Rayquaza|def|1
|-unboost|p1a: Rayquaza|spd|1
|move|p2a: Necrozma|Thunder Wave|p1a: Rayquaza
|-status|p1a: Rayquaza|par
|
|-weather|DeltaStream|[upkeep]
|upkeep
|turn|14
|
|t:|1668310338
|move|p1a: Rayquaza|V-create|p2a: Necrozma
|-supereffective|p2a: Necrozma
|-damage|p2a: Necrozma|0 fnt
|-unboost|p1a: Rayquaza|spe|1
|-unboost|p1a: Rayquaza|def|1
|-unboost|p1a: Rayquaza|spd|1
|faint|p2a: Necrozma
|
|-weather|DeltaStream|[upkeep]
|upkeep
|
|t:|1668310342
|switch|p2a: Ditto|Ditto, shiny|100/100
|-damage|p2a: Ditto|88/100|[from] Stealth Rock
|-transform|p2a: Ditto|p1a: Rayquaza|[from] ability: Imposter
|turn|15
|
|t:|1668310347
|move|p2a: Ditto|V-create|p1a: Rayquaza
|-resisted|p1a: Rayquaza
|-damage|p1a: Rayquaza|0 fnt
|-unboost|p2a: Ditto|spe|1
|-unboost|p2a: Ditto|def|1
|-unboost|p2a: Ditto|spd|1
|faint|p1a: Rayquaza
|
|-weather|DeltaStream|[upkeep]
|upkeep
|
|t:|1668310350
|switch|p1a: Zacian|Zacian-Crowned|100/100
|-damage|p1a: Zacian|94/100|[from] Stealth Rock
|-ability|p1a: Zacian|Intrepid Sword|boost
|-boost|p1a: Zacian|atk|1
|turn|16
|
|t:|1668310355
|-weather|none
|switch|p2a: Kakashi|Greninja, M, shiny|71/100 par
|-damage|p2a: Kakashi|59/100 par|[from] Stealth Rock
|move|p1a: Zacian|Play Rough|p2a: Kakashi
|-supereffective|p2a: Kakashi
|-damage|p2a: Kakashi|0 fnt
|faint|p2a: Kakashi
|
|upkeep
|
|t:|1668310356
|switch|p2a: Ditto|Ditto, shiny|88/100
|-damage|p2a: Ditto|76/100|[from] Stealth Rock
|-transform|p2a: Ditto|p1a: Zacian|[from] ability: Imposter
|-ability|p2a: Ditto|Intrepid Sword|boost
|-boost|p2a: Ditto|atk|1
|turn|17
|
|t:|1668310360
|switch|p1a: Necrozma|Necrozma-Dusk-Mane|80/100 par
|-damage|p1a: Necrozma|74/100 par|[from] Stealth Rock
|move|p2a: Ditto|Behemoth Blade|p1a: Necrozma
|-resisted|p1a: Necrozma
|-damage|p1a: Necrozma|39/100 par
|-damage|p2a: Ditto|59/100|[from] item: Rocky Helmet|[of] p1a: Necrozma
|
|upkeep
|turn|18
|
|t:|1668310367
|switch|p2a: Mewtwo|Mewtwo|100/100
|-damage|p2a: Mewtwo|88/100|[from] Stealth Rock
|-ability|p2a: Mewtwo|Pressure
|move|p1a: Necrozma|Morning Sun|p1a: Necrozma
|-heal|p1a: Necrozma|89/100 par
|
|upkeep
|turn|19
|
|t:|1668310381
|switch|p1a: Zacian|Zacian-Crowned|94/100
|-damage|p1a: Zacian|88/100|[from] Stealth Rock
|-ability|p1a: Zacian|Intrepid Sword|boost
|-boost|p1a: Zacian|atk|1
|detailschange|p2a: Mewtwo|Mewtwo-Mega-X
|-mega|p2a: Mewtwo|Mewtwo|Mewtwonite X
|move|p2a: Mewtwo|Taunt|p1a: Zacian
|-start|p1a: Zacian|move: Taunt
|
|upkeep
|turn|20
|
|t:|1668310388
|move|p1a: Zacian|Play Rough|p2a: Mewtwo
|-supereffective|p2a: Mewtwo
|-damage|p2a: Mewtwo|0 fnt
|faint|p2a: Mewtwo
|
|upkeep
|
|t:|1668310391
|switch|p2a: Ditto|Ditto, shiny|59/100
|-damage|p2a: Ditto|47/100|[from] Stealth Rock
|-transform|p2a: Ditto|p1a: Zacian|[from] ability: Imposter
|-ability|p2a: Ditto|Intrepid Sword|boost
|-boost|p2a: Ditto|atk|1
|turn|21
|
|t:|1668310401
|switch|p1a: Necrozma|Necrozma-Dusk-Mane|89/100 par
|-damage|p1a: Necrozma|83/100 par|[from] Stealth Rock
|move|p2a: Ditto|Sacred Sword|p1a: Necrozma
|-damage|p1a: Necrozma|41/100 par
|-damage|p2a: Ditto|31/100|[from] item: Rocky Helmet|[of] p1a: Necrozma
|
|upkeep
|turn|22
|
|t:|1668310409
|move|p2a: Ditto|Sacred Sword|p1a: Necrozma
|-damage|p1a: Necrozma|0 fnt
|-damage|p2a: Ditto|14/100|[from] item: Rocky Helmet|[of] p1a: Necrozma
|faint|p1a: Necrozma
|
|upkeep
|
|t:|1668310416
|switch|p1a: Groudon|Groudon|100/100
|-damage|p1a: Groudon|94/100|[from] Stealth Rock
|detailschange|p1a: Groudon|Groudon-Primal
|-primal|p1a: Groudon
|-weather|DesolateLand|[from] ability: Desolate Land|[of] p1a: Groudon
|turn|23
|
|t:|1668310435
|switch|p2a: Rayquaza|Rayquaza|100/100
|-damage|p2a: Rayquaza|76/100|[from] Stealth Rock
|-ability|p2a: Rayquaza|Air Lock
|move|p1a: Groudon|Stone Edge|p2a: Rayquaza
|-supereffective|p2a: Rayquaza
|-crit|p2a: Rayquaza
|-damage|p2a: Rayquaza|0 fnt
|faint|p2a: Rayquaza
|
|-weather|DesolateLand|[upkeep]
|upkeep
|
|t:|1668310439
|switch|p2a: Arceus|Arceus|100/100
|-damage|p2a: Arceus|88/100|[from] Stealth Rock
|turn|24
|
|t:|1668310447
|move|p1a: Groudon|Precipice Blades|p2a: Arceus
|-crit|p2a: Arceus
|-damage|p2a: Arceus|5/100
|move|p2a: Arceus|Swords Dance|p2a: Arceus
|-boost|p2a: Arceus|atk|2
|
|-weather|DesolateLand|[upkeep]
|upkeep
|turn|25
|
|t:|1668310454
|move|p2a: Arceus|Extreme Speed|p1a: Groudon
|-damage|p1a: Groudon|42/100
|move|p1a: Groudon|Heat Crash|p2a: Arceus
|-crit|p2a: Arceus
|-damage|p2a: Arceus|0 fnt
|faint|p2a: Arceus
|
|-weather|DesolateLand|[upkeep]
|upkeep
|
|t:|1668310456
|switch|p2a: Ditto|Ditto, shiny|14/100
|-damage|p2a: Ditto|2/100|[from] Stealth Rock
|-transform|p2a: Ditto|p1a: Groudon|[from] ability: Imposter
|turn|26
|
|t:|1668310458
|move|p2a: Ditto|Precipice Blades|p1a: Groudon
|-supereffective|p1a: Groudon
|-damage|p1a: Groudon|0 fnt
|faint|p1a: Groudon
|
|-weather|DesolateLand|[upkeep]
|upkeep
|
|t:|1668310464
|switch|p1a: Ditto|Ditto|100/100
|-damage|p1a: Ditto|88/100|[from] Stealth Rock
|turn|27
|
|t:|1668310472
|-start|p1a: Ditto|Dynamax|
|-heal|p1a: Ditto|88/100|[silent]
|move|p1a: Ditto|Max Guard|p1a: Ditto
|-singleturn|p1a: Ditto|Max Guard
|move|p2a: Ditto|Precipice Blades|p1a: Ditto
|-activate|p1a: Ditto|move: Max Guard
|
|-weather|DesolateLand|[upkeep]
|upkeep
|turn|28
|
|t:|1668310475
|move|p1a: Ditto|Max Guard||[still]
|-fail|p1a: Ditto
|move|p2a: Ditto|Precipice Blades|p1a: Ditto
|-damage|p1a: Ditto|0 fnt
|faint|p1a: Ditto
|
|-weather|DesolateLand|[upkeep]
|upkeep
|
|t:|1668310490
|switch|p1a: Zacian|Zacian-Crowned|88/100
|-damage|p1a: Zacian|82/100|[from] Stealth Rock
|-ability|p1a: Zacian|Intrepid Sword|boost
|-boost|p1a: Zacian|atk|1
|turn|29
|
|t:|1668310493
|move|p2a: Ditto|Precipice Blades|p1a: Zacian
|-supereffective|p1a: Zacian
|-damage|p1a: Zacian|0 fnt
|faint|p1a: Zacian
|
|win|Obito 2001
|raw|DJ Phoenix da Poet's rating: 1723 &rarr; <strong>1717</strong><br />(-6 for losing)
|raw|Obito 2001's rating: 2021 &rarr; <strong>2027</strong><br />(+6 for winning)
|c|☆DJ Phoenix da Poet|Lol
|c|☆Obito 2001|Lol
|c|☆DJ Phoenix da Poet|Nice one sussy
