|j|☆louisnhufznaq
|j|☆Da1mon!
|t:|1668355085
|gametype|singles
|player|p1|louisnhufznaq|cynthia|1543
|player|p2|Da1mon!|nate|1657
|teamsize|p1|6
|teamsize|p2|6
|gen|8
|tier|[Gen 8] National Dex AG
|rated|
|rule|HP Percentage Mod: HP is shown in percentages
|rule|Endless Battle Clause: Forcing endless battles is banned
|clearpoke
|poke|p1|Deoxys-Speed|
|poke|p1|Ditto|
|poke|p1|Yveltal|
|poke|p1|Arceus-*|
|poke|p1|Arceus-*|
|poke|p1|Calyrex-Shadow|
|poke|p2|Skarmory, F|
|poke|p2|Smeargle, M|
|poke|p2|Lycanroc, M|
|poke|p2|Greninja, M|
|poke|p2|Darmanitan-Galar, M|
|poke|p2|Xerneas-*|
|teampreview
|
|t:|1668355091
|start
|switch|p1a: Deoxys|Deoxys-Speed|100/100
|switch|p2a: Lycanroc|Lycanroc, M|100/100
|-ability|p1a: Deoxys|Pressure
|turn|1
|
|t:|1668355095
|move|p1a: Deoxys|Stealth Rock|p2a: Lycanroc
|-sidestart|p2: Da1mon!|move: Stealth Rock
|move|p2a: Lycanroc|Stealth Rock|p1a: Deoxys
|-sidestart|p1: louisnhufznaq|move: Stealth Rock
|
|upkeep
|turn|2
|
|t:|1668355100
|move|p1a: Deoxys|Spikes|p2a: Lycanroc
|-sidestart|p2: Da1mon!|Spikes
|move|p2a: Lycanroc|Taunt|p1a: Deoxys
|-start|p1a: Deoxys|move: Taunt
|
|upkeep
|turn|3
|
|t:|1668355106
|switch|p1a: Yveltal|Yveltal|100/100
|-damage|p1a: Yveltal|76/100|[from] Stealth Rock
|-ability|p1a: Yveltal|Dark Aura
|move|p2a: Lycanroc|Endeavor|p1a: Yveltal
|-damage|p1a: Yveltal|74/100
|
|upkeep
|turn|4
|
|t:|1668355115
|-start|p1a: Yveltal|Dynamax|
|-heal|p1a: Yveltal|74/100|[silent]
|move|p2a: Lycanroc|Accelerock|p1a: Yveltal
|-supereffective|p1a: Yveltal
|-damage|p1a: Yveltal|58/100
|move|p1a: Yveltal|Max Airstream|p2a: Lycanroc
|-resisted|p2a: Lycanroc
|-damage|p2a: Lycanroc|22/100
|-boost|p1a: Yveltal|spe|1
|-damage|p1a: Yveltal|53/100|[from] item: Life Orb
|
|upkeep
|turn|5
|
|t:|1668355128
|move|p2a: Lycanroc|Accelerock|p1a: Yveltal
|-supereffective|p1a: Yveltal
|-damage|p1a: Yveltal|34/100
|move|p1a: Yveltal|Max Airstream|p2a: Lycanroc
|-resisted|p2a: Lycanroc
|-damage|p2a: Lycanroc|0 fnt
|-boost|p1a: Yveltal|spe|1
|faint|p2a: Lycanroc
|-damage|p1a: Yveltal|29/100|[from] item: Life Orb
|
|upkeep
|inactive|Battle timer is ON: inactive players will automatically lose when time's up. (requested by louisnhufznaq)
|
|t:|1668355145
|switch|p2a: Darmanitan|Darmanitan-Galar, M|100/100
|-damage|p2a: Darmanitan|76/100|[from] Stealth Rock
|-damage|p2a: Darmanitan|63/100|[from] Spikes
|turn|6
|
|t:|1668355157
|move|p1a: Yveltal|Max Flare|p2a: Darmanitan
|-supereffective|p2a: Darmanitan
|-damage|p2a: Darmanitan|0 fnt
|-weather|SunnyDay
|faint|p2a: Darmanitan
|-damage|p1a: Yveltal|24/100|[from] item: Life Orb
|
|-weather|SunnyDay|[upkeep]
|upkeep
|
|t:|1668355163
|switch|p2a: Xerneas|Xerneas|100/100
|-damage|p2a: Xerneas|88/100|[from] Stealth Rock
|-damage|p2a: Xerneas|76/100|[from] Spikes
|-ability|p2a: Xerneas|Fairy Aura
|-end|p1a: Yveltal|Dynamax
|-heal|p1a: Yveltal|24/100|[silent]
|turn|7
|
|t:|1668355176
|move|p1a: Yveltal|Oblivion Wing|p2a: Xerneas
|-damage|p2a: Xerneas|31/100
|-heal|p1a: Yveltal|63/100|[from] drain|[of] p2a: Xerneas
|-damage|p1a: Yveltal|53/100|[from] item: Life Orb
|move|p2a: Xerneas|Geomancy||[still]
|-prepare|p2a: Xerneas|Geomancy
|-enditem|p2a: Xerneas|Power Herb
|-anim|p2a: Xerneas|Geomancy|p2a: Xerneas
|-boost|p2a: Xerneas|spa|2
|-boost|p2a: Xerneas|spd|2
|-boost|p2a: Xerneas|spe|2
|
|-weather|SunnyDay|[upkeep]
|upkeep
|turn|8
|
|t:|1668355188
|move|p1a: Yveltal|Oblivion Wing|p2a: Xerneas
|-damage|p2a: Xerneas|7/100
|-heal|p1a: Yveltal|74/100|[from] drain|[of] p2a: Xerneas
|-damage|p1a: Yveltal|64/100|[from] item: Life Orb
|move|p2a: Xerneas|Draining Kiss|p1a: Yveltal
|-supereffective|p1a: Yveltal
|-damage|p1a: Yveltal|0 fnt
|-heal|p2a: Xerneas|48/100|[from] drain|[of] p1a: Yveltal
|faint|p1a: Yveltal
|
|-weather|SunnyDay|[upkeep]
|upkeep
|
|t:|1668355194
|switch|p1a: Ditto|Ditto|100/100
|-damage|p1a: Ditto|88/100|[from] Stealth Rock
|-transform|p1a: Ditto|p2a: Xerneas|[from] ability: Imposter
|-ability|p1a: Ditto|Fairy Aura
|turn|9
|c|☆louisnhufznaq|!weak Xerneas
|c| louisnhufznaq|/raw <div class="infobox">Xerneas (ignoring abilities):<br /><span class="message-effect-weak">Weaknesses</span>: Poison, Steel<br /><span class="message-effect-resist">Resistances</span>: Bug, Dark, Fighting<br /><span class="message-effect-immune">Immunities</span>: Dragon</div>
|
|t:|1668355216
|move|p1a: Ditto|Draining Kiss|p2a: Xerneas
|-damage|p2a: Xerneas|24/100
|-heal|p1a: Ditto|100/100|[from] drain|[of] p2a: Xerneas
|move|p2a: Xerneas|Draining Kiss|p1a: Ditto
|-damage|p1a: Ditto|58/100
|-heal|p2a: Xerneas|45/100|[from] drain|[of] p1a: Ditto
|
|-weather|SunnyDay|[upkeep]
|upkeep
|turn|10
|
|t:|1668355228
|move|p1a: Ditto|Draining Kiss|p2a: Xerneas
|-damage|p2a: Xerneas|20/100
|-heal|p1a: Ditto|86/100|[from] drain|[of] p2a: Xerneas
|move|p2a: Xerneas|Draining Kiss|p1a: Ditto
|-damage|p1a: Ditto|44/100
|-heal|p2a: Xerneas|41/100|[from] drain|[of] p1a: Ditto
|
|-weather|none
|upkeep
|turn|11
|
|t:|1668355236
|move|p1a: Ditto|Draining Kiss|p2a: Xerneas
|-damage|p2a: Xerneas|12/100
|-heal|p1a: Ditto|77/100|[from] drain|[of] p2a: Xerneas
|move|p2a: Xerneas|Draining Kiss|p1a: Ditto
|-damage|p1a: Ditto|37/100
|-heal|p2a: Xerneas|32/100|[from] drain|[of] p1a: Ditto
|
|upkeep
|turn|12
|
|t:|1668355243
|-start|p2a: Xerneas|Dynamax|
|-heal|p2a: Xerneas|32/100|[silent]
|move|p1a: Ditto|Draining Kiss|p2a: Xerneas
|-damage|p2a: Xerneas|19/100
|-heal|p1a: Ditto|67/100|[from] drain|[of] p2a: Xerneas
|move|p2a: Xerneas|Max Starfall|p1a: Ditto
|-damage|p1a: Ditto|0 fnt
|-fieldstart|move: Misty Terrain
|faint|p1a: Ditto
|
|upkeep
|
|t:|1668355250
|switch|p1a: Arceus|Arceus-Water|100/100
|-damage|p1a: Arceus|88/100|[from] Stealth Rock
|turn|13
|
|t:|1668355256
|move|p2a: Xerneas|Max Lightning|p1a: Arceus
|-supereffective|p1a: Arceus
|-damage|p1a: Arceus|0 fnt
|-fieldstart|move: Electric Terrain
|faint|p1a: Arceus
|
|upkeep
|
|t:|1668355261
|switch|p1a: Arceus|Arceus-Fairy|100/100
|-damage|p1a: Arceus|88/100|[from] Stealth Rock
|turn|14
|
|t:|1668355265
|move|p2a: Xerneas|Max Guard|p2a: Xerneas
|-singleturn|p2a: Xerneas|Max Guard
|move|p1a: Arceus|Judgment|p2a: Xerneas
|-activate|p2a: Xerneas|move: Max Guard
|
|upkeep
|-end|p2a: Xerneas|Dynamax
|-heal|p2a: Xerneas|19/100|[silent]
|turn|15
|
|t:|1668355269
|move|p2a: Xerneas|Draining Kiss|p1a: Arceus
|-damage|p1a: Arceus|53/100
|-heal|p2a: Xerneas|45/100|[from] drain|[of] p1a: Arceus
|move|p1a: Arceus|Judgment|p2a: Xerneas
|-damage|p2a: Xerneas|19/100
|
|upkeep
|turn|16
|
|t:|1668355279
|move|p2a: Xerneas|Draining Kiss|p1a: Arceus
|-damage|p1a: Arceus|16/100
|-heal|p2a: Xerneas|46/100|[from] drain|[of] p1a: Arceus
|move|p1a: Arceus|Judgment|p2a: Xerneas
|-damage|p2a: Xerneas|21/100
|
|upkeep
|turn|17
|-message|louisnhufznaq forfeited.
|
|win|Da1mon!
|raw|louisnhufznaq's rating: 1543 &rarr; <strong>1529</strong><br />(-14 for losing)
|raw|Da1mon!'s rating: 1657 &rarr; <strong>1671</strong><br />(+14 for winning)
|l|☆louisnhufznaq
