|j|☆World breaker Odin
|j|☆RUiNtheExtinct
|t:|1636747325
|gametype|singles
|player|p1|World breaker Odin|nanu|1654
|player|p2|RUiNtheExtinct|red-gen7|1895
|teamsize|p1|6
|teamsize|p2|6
|gen|8
|tier|[Gen 8] National Dex AG
|rated|
|rule|HP Percentage Mod: HP is shown in percentages
|rule|Endless Battle Clause: Forcing endless battles is banned
|clearpoke
|poke|p1|Lunala|
|poke|p1|Tyranitar, M|
|poke|p1|Rayquaza|
|poke|p1|Necrozma-Dusk-Mane|
|poke|p1|Arceus-*|
|poke|p1|Zacian-*|
|poke|p2|Deoxys-Speed|
|poke|p2|Rayquaza|
|poke|p2|Yveltal|
|poke|p2|Calyrex-Shadow|
|poke|p2|Ditto|
|poke|p2|Arceus-*|
|teampreview
|inactive|Battle timer is ON: inactive players will automatically lose when time's up. (requested by World breaker Odin)
|
|t:|1636747333
|start
|switch|p1a: Lion heart|Necrozma-Dusk-Mane, shiny|100/100
|switch|p2a: Deoxys|Deoxys-Speed|100/100
|-ability|p2a: Deoxys|Pressure
|turn|1
|
|t:|1636747345
|move|p2a: Deoxys|Stealth Rock|p1a: Lion heart
|-sidestart|p1: World breaker Odin|move: Stealth Rock
|move|p1a: Lion heart|Sunsteel Strike|p2a: Deoxys
|-crit|p2a: Deoxys
|-enditem|p2a: Deoxys|Focus Sash
|-damage|p2a: Deoxys|1/100
|
|upkeep
|turn|2
|
|t:|1636747357
|move|p2a: Deoxys|Knock Off|p1a: Lion heart
|-supereffective|p1a: Lion heart
|-damage|p1a: Lion heart|77/100
|-damage|p2a: Deoxys|0 fnt|[from] item: Rocky Helmet|[of] p1a: Lion heart
|faint|p2a: Deoxys
|move|p1a: Lion heart|Earthquake|p2: Deoxys|[notarget]
|-fail|p1a: Lion heart
|
|upkeep
|
|t:|1636747372
|switch|p2a: Rayquaza|Rayquaza|100/100
|-ability|p2a: Rayquaza|Air Lock
|turn|3
|
|t:|1636747384
|detailschange|p2a: Rayquaza|Rayquaza-Mega
|-mega|p2a: Rayquaza|Rayquaza|
|-weather|DeltaStream|[from] ability: Delta Stream|[of] p2a: Rayquaza
|move|p2a: Rayquaza|Dragon Dance|p2a: Rayquaza
|-boost|p2a: Rayquaza|atk|1
|-boost|p2a: Rayquaza|spe|1
|move|p1a: Lion heart|Stealth Rock|p2a: Rayquaza
|-sidestart|p2: RUiNtheExtinct|move: Stealth Rock
|
|-weather|DeltaStream|[upkeep]
|upkeep
|turn|4
|
|t:|1636747402
|move|p2a: Rayquaza|Dragon Dance|p2a: Rayquaza
|-boost|p2a: Rayquaza|atk|1
|-boost|p2a: Rayquaza|spe|1
|move|p1a: Lion heart|Sunsteel Strike|p2a: Rayquaza
|-damage|p2a: Rayquaza|47/100
|
|-weather|DeltaStream|[upkeep]
|upkeep
|turn|5
|
|t:|1636747410
|move|p2a: Rayquaza|Earthquake|p1a: Lion heart
|-supereffective|p1a: Lion heart
|-damage|p1a: Lion heart|0 fnt
|faint|p1a: Lion heart
|-damage|p2a: Rayquaza|37/100|[from] item: Life Orb
|
|-weather|DeltaStream|[upkeep]
|upkeep
|
|t:|1636747423
|switch|p1a: Fairygod mother|Lunala, shiny|100/100
|turn|6
|
|t:|1636747432
|move|p2a: Rayquaza|Dragon Ascent|p1a: Fairygod mother
|-damage|p1a: Fairygod mother|38/100
|-unboost|p2a: Rayquaza|def|1
|-unboost|p2a: Rayquaza|spd|1
|-damage|p2a: Rayquaza|27/100|[from] item: Life Orb
|move|p1a: Fairygod mother|Moongeist Beam|p2a: Rayquaza
|-damage|p2a: Rayquaza|0 fnt
|faint|p2a: Rayquaza
|-weather|none
|
|upkeep
|
|t:|1636747444
|switch|p2a: Calyrex|Calyrex-Shadow|100/100
|-ability|p2a: Calyrex|As One
|-ability|p2a: Calyrex|Unnerve
|-damage|p2a: Calyrex|88/100|[from] Stealth Rock
|turn|7
|
|t:|1636747451
|switch|p1a: Godzilla|Tyranitar, M, shiny|100/100
|-damage|p1a: Godzilla|88/100|[from] Stealth Rock
|-weather|Sandstorm|[from] ability: Sand Stream|[of] p1a: Godzilla
|move|p2a: Calyrex|Astral Barrage|p1a: Godzilla
|-resisted|p1a: Godzilla
|-damage|p1a: Godzilla|72/100
|
|-weather|Sandstorm|[upkeep]
|-damage|p2a: Calyrex|82/100|[from] Sandstorm
|-heal|p1a: Godzilla|78/100|[from] item: Leftovers
|upkeep
|turn|8
|
|t:|1636747465
|-start|p2a: Calyrex|Dynamax
|-heal|p2a: Calyrex|82/100|[silent]
|move|p2a: Calyrex|Max Starfall|p1a: Godzilla
|-supereffective|p1a: Godzilla
|-damage|p1a: Godzilla|44/100
|-fieldstart|move: Misty Terrain
|move|p1a: Godzilla|Pursuit|p2a: Calyrex
|-supereffective|p2a: Calyrex
|-damage|p2a: Calyrex|38/100
|
|-weather|Sandstorm|[upkeep]
|-damage|p2a: Calyrex|35/100|[from] Sandstorm
|-heal|p1a: Godzilla|50/100|[from] item: Leftovers
|upkeep
|turn|9
|
|t:|1636747482
|-start|p1a: Godzilla|Dynamax
|-heal|p1a: Godzilla|50/100|[silent]
|move|p2a: Calyrex|Max Starfall|p1a: Godzilla
|-supereffective|p1a: Godzilla
|-damage|p1a: Godzilla|33/100
|move|p1a: Godzilla|Max Darkness|p2a: Calyrex
|-supereffective|p2a: Calyrex
|-damage|p2a: Calyrex|0 fnt
|faint|p2a: Calyrex
|
|-weather|Sandstorm|[upkeep]
|-heal|p1a: Godzilla|36/100|[from] item: Leftovers
|upkeep
|
|t:|1636747495
|switch|p2a: Arceus|Arceus-Steel|100/100
|-damage|p2a: Arceus|94/100|[from] Stealth Rock
|turn|10
|j| Helllllllllo glhf
|
|t:|1636747521
|move|p2a: Arceus|Calm Mind|p2a: Arceus
|-boost|p2a: Arceus|spa|1
|-boost|p2a: Arceus|spd|1
|move|p1a: Godzilla|Max Darkness|p2a: Arceus
|-damage|p2a: Arceus|58/100
|-unboost|p2a: Arceus|spd|1
|
|-weather|Sandstorm|[upkeep]
|-heal|p1a: Godzilla|39/100|[from] item: Leftovers
|upkeep
|turn|11
|
|t:|1636747534
|move|p2a: Arceus|Judgment|p1a: Godzilla
|-supereffective|p1a: Godzilla
|-damage|p1a: Godzilla|0 fnt
|faint|p1a: Godzilla
|
|-weather|none
|upkeep
|inactive|World breaker Odin has 120 seconds left.
|
|t:|1636747547
|switch|p1a: Kaido awakened|Rayquaza|100/100
|-damage|p1a: Kaido awakened|76/100|[from] Stealth Rock
|-ability|p1a: Kaido awakened|Air Lock
|turn|12
|
|t:|1636747554
|detailschange|p1a: Kaido awakened|Rayquaza-Mega
|-mega|p1a: Kaido awakened|Rayquaza|
|-weather|DeltaStream|[from] ability: Delta Stream|[of] p1a: Kaido awakened
|move|p1a: Kaido awakened|V-create|p2a: Arceus
|-supereffective|p2a: Arceus
|-damage|p2a: Arceus|0 fnt
|-unboost|p1a: Kaido awakened|spe|1
|-unboost|p1a: Kaido awakened|def|1
|-unboost|p1a: Kaido awakened|spd|1
|faint|p2a: Arceus
|
|-weather|DeltaStream|[upkeep]
|-fieldend|Misty Terrain
|upkeep
|
|t:|1636747563
|switch|p2a: Yveltal|Yveltal|100/100
|-damage|p2a: Yveltal|76/100|[from] Stealth Rock
|-ability|p2a: Yveltal|Dark Aura
|turn|13
|
|t:|1636747581
|-weather|none
|switch|p1a: Fairygod mother|Lunala, shiny|38/100
|move|p2a: Yveltal|Dark Pulse|p1a: Fairygod mother
|-supereffective|p1a: Fairygod mother
|-damage|p1a: Fairygod mother|0 fnt
|faint|p1a: Fairygod mother
|-damage|p2a: Yveltal|66/100|[from] item: Life Orb
|
|upkeep
|inactive|World breaker Odin has 120 seconds left.
|
|t:|1636747598
|switch|p1a: Super vegito|Zacian-Crowned, shiny|100/100
|-damage|p1a: Super vegito|94/100|[from] Stealth Rock
|-ability|p1a: Super vegito|Intrepid Sword|boost
|-boost|p1a: Super vegito|atk|1
|turn|14
|inactive|World breaker Odin has 120 seconds left.
|
|t:|1636747604
|move|p1a: Super vegito|Substitute|p1a: Super vegito
|-start|p1a: Super vegito|Substitute
|-damage|p1a: Super vegito|69/100
|move|p2a: Yveltal|Heat Wave|p1a: Super vegito|[miss]
|-miss|p2a: Yveltal|p1a: Super vegito
|
|upkeep
|turn|15
|c|☆RUiNtheExtinct|F
|c|☆RUiNtheExtinct|gg
|
|t:|1636747612
|move|p1a: Super vegito|Behemoth Blade|p2a: Yveltal
|-damage|p2a: Yveltal|0 fnt
|faint|p2a: Yveltal
|
|upkeep
|
|t:|1636747617
|switch|p2a: Ditto|Ditto|100/100
|-damage|p2a: Ditto|88/100|[from] Stealth Rock
|turn|16
|c|☆World breaker Odin|Ggs
|
|t:|1636747623
|move|p1a: Super vegito|Behemoth Blade|p2a: Ditto
|-damage|p2a: Ditto|0 fnt
|faint|p2a: Ditto
|
|win|World breaker Odin
|raw|World breaker Odin's rating: 1654 &rarr; <strong>1686</strong><br />(+32 for winning)
|raw|RUiNtheExtinct's rating: 1895 &rarr; <strong>1863</strong><br />(-32 for losing)
|l|☆RUiNtheExtinct
|l| Helllllllllo glhf
||Ladder isn't responding, score probably updated but might not have (Request timeout).
|l|☆World breaker Odin
|j| testingtesting231
|l| testingtesting231
|j|☆World breaker Odin
|player|p1|World breaker Odin|nanu
|inactive|Battle timer is ON: inactive players will automatically lose when time's up. (requested by World breaker Odin)
