|j|☆T4nner
|j|☆Naofumi_Bakugo_Jax
|t:|1664231371
|gametype|singles
|player|p1|T4nner|red|1813
|player|p2|Naofumi_Bakugo_Jax|blue|1783
|teamsize|p1|6
|teamsize|p2|6
|gen|8
|tier|[Gen 8] National Dex AG
|rated|
|rule|HP Percentage Mod: HP is shown in percentages
|rule|Endless Battle Clause: Forcing endless battles is banned
|clearpoke
|poke|p1|Kyogre|
|poke|p1|Groudon|
|poke|p1|Rayquaza|
|poke|p1|Zacian-*|
|poke|p1|Regieleki|
|poke|p1|Calyrex-Shadow|
|poke|p2|Zacian-*|
|poke|p2|Calyrex-Shadow|
|poke|p2|Yveltal|
|poke|p2|Arceus-*|
|poke|p2|Swampert, M|
|poke|p2|Kyogre|
|teampreview
|inactive|Battle timer is ON: inactive players will automatically lose when time's up. (requested by T4nner)
|j| Kerocola
|
|t:|1664231396
|start
|switch|p1a: Rayquaza|Rayquaza|100/100
|switch|p2a: Swampert|Swampert, M|100/100
|-ability|p1a: Rayquaza|Air Lock
|turn|1
|j| Tsuchin0k0
|
|t:|1664231403
|detailschange|p1a: Rayquaza|Rayquaza-Mega
|-mega|p1a: Rayquaza|Rayquaza|
|-weather|DeltaStream|[from] ability: Delta Stream|[of] p1a: Rayquaza
|detailschange|p2a: Swampert|Swampert-Mega, M
|-mega|p2a: Swampert|Swampert|Swampertite
|move|p1a: Rayquaza|Scale Shot|p2a: Swampert
|-damage|p2a: Swampert|77/100
|-damage|p2a: Swampert|57/100
|-hitcount|p2a: Swampert|2
|-unboost|p1a: Rayquaza|def|1
|-boost|p1a: Rayquaza|spe|1
|-damage|p1a: Rayquaza|91/100|[from] item: Life Orb
|move|p2a: Swampert|Yawn|p1a: Rayquaza
|-start|p1a: Rayquaza|move: Yawn|[of] p2a: Swampert
|
|-weather|DeltaStream|[upkeep]
|upkeep
|turn|2
|
|t:|1664231419
|-weather|none
|switch|p1a: Groudon|Groudon|100/100
|detailschange|p1a: Groudon|Groudon-Primal
|-primal|p1a: Groudon
|-weather|DesolateLand|[from] ability: Desolate Land|[of] p1a: Groudon
|move|p2a: Swampert|Stealth Rock|p1a: Groudon
|-sidestart|p1: T4nner|move: Stealth Rock
|
|-weather|DesolateLand|[upkeep]
|upkeep
|turn|3
|
|t:|1664231430
|switch|p2a: Calyrex|Calyrex-Shadow|100/100
|-ability|p2a: Calyrex|As One
|-ability|p2a: Calyrex|Unnerve
|move|p1a: Groudon|Stealth Rock|p2a: Calyrex
|-sidestart|p2: Naofumi_Bakugo_Jax|move: Stealth Rock
|
|-weather|DesolateLand|[upkeep]
|upkeep
|turn|4
|
|t:|1664231453
|move|p2a: Calyrex|Astral Barrage|p1a: Groudon
|-damage|p1a: Groudon|18/100
|move|p1a: Groudon|Rock Tomb|p2a: Calyrex
|-damage|p2a: Calyrex|64/100
|-unboost|p2a: Calyrex|spe|1
|
|-weather|DesolateLand|[upkeep]
|upkeep
|turn|5
|
|t:|1664231466
|switch|p2a: Arceus|Arceus, shiny|100/100
|-damage|p2a: Arceus|88/100|[from] Stealth Rock
|move|p1a: Groudon|Fire Punch|p2a: Arceus
|-damage|p2a: Arceus|31/100
|
|-weather|DesolateLand|[upkeep]
|upkeep
|turn|6
|
|t:|1664231480
|move|p1a: Groudon|Fire Punch|p2a: Arceus
|-damage|p2a: Arceus|0 fnt
|faint|p2a: Arceus
|
|-weather|DesolateLand|[upkeep]
|upkeep
|inactive|Naofumi_Bakugo_Jax has 120 seconds left.
|
|t:|1664231503
|switch|p2a: Yveltal|Yveltal, shiny|100/100
|-damage|p2a: Yveltal|76/100|[from] Stealth Rock
|-ability|p2a: Yveltal|Dark Aura
|turn|7
|
|t:|1664231507
|move|p2a: Yveltal|Tailwind|p2a: Yveltal
|-sidestart|p2: Naofumi_Bakugo_Jax|move: Tailwind
|move|p1a: Groudon|Rock Tomb|p2a: Yveltal
|-supereffective|p2a: Yveltal
|-damage|p2a: Yveltal|20/100
|-unboost|p2a: Yveltal|spe|1
|
|-weather|DesolateLand|[upkeep]
|upkeep
|turn|8
|inactive|Naofumi_Bakugo_Jax has 120 seconds left.
|
|t:|1664231533
|-start|p2a: Yveltal|Dynamax|
|-heal|p2a: Yveltal|20/100|[silent]
|move|p2a: Yveltal|Max Airstream|p1a: Groudon
|-damage|p1a: Groudon|0 fnt
|-boost|p2a: Yveltal|spe|1
|faint|p1a: Groudon
|-weather|none
|
|upkeep
|inactive|T4nner has 120 seconds left.
|
|t:|1664231558
|switch|p1a: Rayquaza|Rayquaza-Mega|91/100
|-damage|p1a: Rayquaza|66/100|[from] Stealth Rock
|-weather|DeltaStream|[from] ability: Delta Stream|[of] p1a: Rayquaza
|turn|9
|inactive|Naofumi_Bakugo_Jax has 120 seconds left.
|
|t:|1664231563
|move|p1a: Rayquaza|Extreme Speed|p2a: Yveltal
|-damage|p2a: Yveltal|0 fnt
|faint|p2a: Yveltal
|-damage|p1a: Rayquaza|56/100|[from] item: Life Orb
|
|-weather|DeltaStream|[upkeep]
|upkeep
|inactive|Naofumi_Bakugo_Jax has 120 seconds left.
|
|t:|1664231596
|switch|p2a: Calyrex|Calyrex-Shadow|64/100
|-ability|p2a: Calyrex|As One
|-ability|p2a: Calyrex|Unnerve
|-damage|p2a: Calyrex|52/100|[from] Stealth Rock
|turn|10
|inactive|T4nner has 120 seconds left.
|
|t:|1664231622
|move|p2a: Calyrex|Astral Barrage|p1a: Rayquaza
|-damage|p1a: Rayquaza|0 fnt
|faint|p1a: Rayquaza
|-weather|none
|-ability|p2a: Calyrex|Grim Neigh|boost
|-boost|p2a: Calyrex|spa|1
|
|-sideend|p2: Naofumi_Bakugo_Jax|move: Tailwind
|upkeep
|
|t:|1664231626
|switch|p1a: Regieleki|Regieleki|100/100
|-damage|p1a: Regieleki|88/100|[from] Stealth Rock
|turn|11
|inactive|T4nner has 120 seconds left.
|
|t:|1664231646
|switch|p2a: Swampert|Swampert-Mega, M|57/100
|-damage|p2a: Swampert|50/100|[from] Stealth Rock
|move|p1a: Regieleki|Substitute|p1a: Regieleki
|-start|p1a: Regieleki|Substitute
|-damage|p1a: Regieleki|63/100
|
|upkeep
|turn|12
|
|t:|1664231660
|move|p1a: Regieleki|Rapid Spin|p2a: Swampert
|-damage|p2a: Swampert|41/100
|-boost|p1a: Regieleki|spe|1
|-sideend|p1: T4nner|Stealth Rock|[from] move: Rapid Spin|[of] p1a: Regieleki
|move|p2a: Swampert|Earthquake|p1a: Regieleki
|-supereffective|p1a: Regieleki
|-end|p1a: Regieleki|Substitute
|
|upkeep
|turn|13
|inactive|T4nner has 120 seconds left.
|
|t:|1664231694
|move|p1a: Regieleki|Substitute|p1a: Regieleki
|-start|p1a: Regieleki|Substitute
|-damage|p1a: Regieleki|39/100
|move|p2a: Swampert|Yawn||[still]
|-fail|p2a: Swampert
|
|upkeep
|turn|14
|
|t:|1664231702
|move|p1a: Regieleki|Rapid Spin|p2a: Swampert
|-damage|p2a: Swampert|31/100
|-boost|p1a: Regieleki|spe|1
|move|p2a: Swampert|Earthquake|p1a: Regieleki
|-supereffective|p1a: Regieleki
|-end|p1a: Regieleki|Substitute
|
|upkeep
|turn|15
|inactive|T4nner has 120 seconds left.
|
|t:|1664231722
|switch|p1a: Kyogre|Kyogre|100/100
|detailschange|p1a: Kyogre|Kyogre-Primal
|-primal|p1a: Kyogre
|-weather|PrimordialSea|[from] ability: Primordial Sea|[of] p1a: Kyogre
|move|p2a: Swampert|Earthquake|p1a: Kyogre
|-damage|p1a: Kyogre|36/100
|
|-weather|PrimordialSea|[upkeep]
|upkeep
|turn|16
|inactive|Naofumi_Bakugo_Jax has 120 seconds left.
|
|t:|1664231752
|move|p2a: Swampert|Earthquake|p1a: Kyogre
|-damage|p1a: Kyogre|0 fnt
|faint|p1a: Kyogre
|-weather|none
|
|upkeep
|
|t:|1664231767
|switch|p1a: Calyrex|Calyrex-Shadow|100/100
|-ability|p1a: Calyrex|As One
|-ability|p1a: Calyrex|Unnerve
|turn|17
|
|t:|1664231784
|switch|p2a: Kyogre|Kyogre|100/100
|-damage|p2a: Kyogre|88/100|[from] Stealth Rock
|-weather|RainDance|[from] ability: Drizzle|[of] p2a: Kyogre
|-start|p1a: Calyrex|Dynamax|
|-heal|p1a: Calyrex|100/100|[silent]
|move|p1a: Calyrex|Max Mindstorm|p2a: Kyogre
|-damage|p2a: Kyogre|25/100
|-fieldstart|move: Psychic Terrain
|
|-weather|RainDance|[upkeep]
|upkeep
|turn|18
|inactive|Naofumi_Bakugo_Jax has 90 seconds left.
|
|t:|1664231811
|-end|p1a: Calyrex|Dynamax
|-heal|p1a: Calyrex|100/100|[silent]
|switch|p1a: Zacian|Zacian-Crowned|100/100
|-ability|p1a: Zacian|Intrepid Sword|boost
|-boost|p1a: Zacian|atk|1
|move|p2a: Kyogre|Thunder Wave|p1a: Zacian
|-status|p1a: Zacian|par
|
|-weather|RainDance|[upkeep]
|upkeep
|turn|19
|inactive|Naofumi_Bakugo_Jax has 90 seconds left.
|inactive|Naofumi_Bakugo_Jax has 60 seconds left.
|
|t:|1664231874
|switch|p2a: Calyrex|Calyrex-Shadow|52/100
|-ability|p2a: Calyrex|As One
|-ability|p2a: Calyrex|Unnerve
|-damage|p2a: Calyrex|40/100|[from] Stealth Rock
|move|p1a: Zacian|Behemoth Blade|p2a: Calyrex
|-damage|p2a: Calyrex|0 fnt
|faint|p2a: Calyrex
|
|-weather|RainDance|[upkeep]
|upkeep
|j| MRH1106
|l| MRH1106
|
|t:|1664231889
|switch|p2a: Swampert|Swampert-Mega, M|31/100
|-damage|p2a: Swampert|25/100|[from] Stealth Rock
|turn|20
|
|t:|1664231901
|move|p2a: Swampert|Earthquake|p1a: Zacian
|-supereffective|p1a: Zacian
|-damage|p1a: Zacian|0 fnt
|faint|p1a: Zacian
|
|-weather|RainDance|[upkeep]
|upkeep
|inactive|T4nner has 90 seconds left.
|
|t:|1664231932
|switch|p1a: Calyrex|Calyrex-Shadow|100/100
|-ability|p1a: Calyrex|As One
|-ability|p1a: Calyrex|Unnerve
|turn|21
|
|t:|1664231949
|move|p2a: Swampert|Liquidation|p1a: Calyrex
|-damage|p1a: Calyrex|5/100
|move|p1a: Calyrex|Astral Barrage|p2a: Swampert
|-damage|p2a: Swampert|0 fnt
|faint|p2a: Swampert
|-ability|p1a: Calyrex|Grim Neigh|boost
|-boost|p1a: Calyrex|spa|1
|
|-weather|none
|-fieldend|move: Psychic Terrain
|upkeep
|
|t:|1664231958
|switch|p2a: Kyogre|Kyogre|25/100
|-damage|p2a: Kyogre|13/100|[from] Stealth Rock
|-weather|RainDance|[from] ability: Drizzle|[of] p2a: Kyogre
|turn|22
|
|t:|1664231965
|move|p2a: Kyogre|Ice Beam|p1a: Calyrex
|-damage|p1a: Calyrex|0 fnt
|faint|p1a: Calyrex
|
|-weather|RainDance|[upkeep]
|upkeep
|
|t:|1664231967
|switch|p1a: Regieleki|Regieleki|39/100
|turn|23
|
|t:|1664231986
|move|p1a: Regieleki|Thunderbolt|p2a: Kyogre
|-supereffective|p2a: Kyogre
|-damage|p2a: Kyogre|0 fnt
|faint|p2a: Kyogre
|
|-weather|RainDance|[upkeep]
|upkeep
|
|t:|1664231994
|switch|p2a: Zacian|Zacian-Crowned|100/100
|-damage|p2a: Zacian|94/100|[from] Stealth Rock
|-ability|p2a: Zacian|Intrepid Sword|boost
|-boost|p2a: Zacian|atk|1
|turn|24
|
|t:|1664232012
|move|p2a: Zacian|Quick Attack|p1a: Regieleki
|-damage|p1a: Regieleki|0 fnt
|faint|p1a: Regieleki
|
|win|Naofumi_Bakugo_Jax
|raw|T4nner's rating: 1813 &rarr; <strong>1791</strong><br />(-22 for losing)
|raw|Naofumi_Bakugo_Jax's rating: 1783 &rarr; <strong>1805</strong><br />(+22 for winning)
|l|☆T4nner
|l| Kerocola
|l| Tsuchin0k0
||Ladder isn't responding, score probably updated but might not have (Request timeout).
