|j|☆ClickForVictory
|j|☆lemoncell0
|t:|1662397118
|gametype|singles
|player|p1|ClickForVictory|furisodegirl-black|1712
|player|p2|lemoncell0|allister|1923
|teamsize|p1|6
|teamsize|p2|6
|gen|8
|tier|[Gen 8] National Dex AG
|rated|
|rule|HP Percentage Mod: HP is shown in percentages
|rule|Endless Battle Clause: Forcing endless battles is banned
|clearpoke
|poke|p1|Zacian-*|
|poke|p1|Arceus-*|
|poke|p1|Groudon|
|poke|p1|Yveltal|
|poke|p1|Clefable, F|
|poke|p1|Rayquaza|
|poke|p2|Tyranitar, M|
|poke|p2|Ditto|
|poke|p2|Latias, F|
|poke|p2|Gothitelle, M|
|poke|p2|Quagsire, M|
|poke|p2|Zacian-*|
|teampreview
|inactive|Battle timer is ON: inactive players will automatically lose when time's up. (requested by lemoncell0)
|c|☆ClickForVictory|have fun!
|
|t:|1662397133
|start
|switch|p1a: Dark Mode|Groudon, shiny|100/100
|switch|p2a: Zacian|Zacian-Crowned|100/100
|-ability|p2a: Zacian|Intrepid Sword|boost
|-boost|p2a: Zacian|atk|1
|detailschange|p1a: Dark Mode|Groudon-Primal, shiny
|-primal|p1a: Dark Mode
|-weather|DesolateLand|[from] ability: Desolate Land|[of] p1a: Dark Mode
|turn|1
|
|t:|1662397150
|switch|p2a: Latias|Latias, F|100/100
|move|p1a: Dark Mode|Stealth Rock|p2a: Latias
|-sidestart|p2: lemoncell0|move: Stealth Rock
|
|-weather|DesolateLand|[upkeep]
|upkeep
|turn|2
|
|t:|1662397162
|detailschange|p2a: Latias|Latias-Mega, F
|-mega|p2a: Latias|Latias|Latiasite
|move|p2a: Latias|Defog|p1a: Dark Mode
|-unboost|p1a: Dark Mode|evasion|1
|-sideend|p2: lemoncell0|Stealth Rock|[from] move: Defog|[of] p2a: Latias
|move|p1a: Dark Mode|Roar|p2a: Latias
|drag|p2a: Quagsire|Quagsire, M|100/100
|
|-weather|DesolateLand|[upkeep]
|upkeep
|turn|3
|
|t:|1662397169
|switch|p2a: Latias|Latias-Mega, F|100/100
|move|p1a: Dark Mode|Stealth Rock|p2a: Latias
|-sidestart|p2: lemoncell0|move: Stealth Rock
|
|-weather|DesolateLand|[upkeep]
|upkeep
|turn|4
|
|t:|1662397173
|-weather|none
|switch|p1a: Eww|Zacian-Crowned|100/100
|-ability|p1a: Eww|Intrepid Sword|boost
|-boost|p1a: Eww|atk|1
|move|p2a: Latias|Toxic|p1a: Eww
|-immune|p1a: Eww
|
|upkeep
|turn|5
|
|t:|1662397180
|switch|p2a: Quagsire|Quagsire, M|100/100
|-damage|p2a: Quagsire|94/100|[from] Stealth Rock
|move|p1a: Eww|Behemoth Blade|p2a: Quagsire
|-resisted|p2a: Quagsire
|-damage|p2a: Quagsire|72/100
|-damage|p1a: Eww|84/100|[from] item: Rocky Helmet|[of] p2a: Quagsire
|
|upkeep
|turn|6
|
|t:|1662397193
|switch|p1a: Death Noodle|Rayquaza, shiny|100/100
|-ability|p1a: Death Noodle|Air Lock
|move|p2a: Quagsire|Recover|p2a: Quagsire
|-heal|p2a: Quagsire|100/100
|
|upkeep
|turn|7
|
|t:|1662397207
|switch|p1a: Green Top|Clefable, F, shiny|100/100
|switch|p2a: Gothitelle|Gothitelle, M|100/100
|-damage|p2a: Gothitelle|88/100|[from] Stealth Rock
|
|-heal|p2a: Gothitelle|94/100|[from] item: Leftovers
|upkeep
|turn|8
|
|t:|1662397214
|move|p2a: Gothitelle|Taunt|p1a: Green Top
|-start|p1a: Green Top|move: Taunt
|move|p1a: Green Top|Moonblast|p2a: Gothitelle
|-damage|p2a: Gothitelle|65/100
|
|-heal|p2a: Gothitelle|71/100|[from] item: Leftovers
|upkeep
|turn|9
|
|t:|1662397217
|move|p2a: Gothitelle|Cosmic Power|p2a: Gothitelle
|-boost|p2a: Gothitelle|def|1
|-boost|p2a: Gothitelle|spd|1
|move|p1a: Green Top|Moonblast|p2a: Gothitelle
|-damage|p2a: Gothitelle|53/100
|
|-heal|p2a: Gothitelle|59/100|[from] item: Leftovers
|upkeep
|turn|10
|
|t:|1662397219
|move|p2a: Gothitelle|Cosmic Power|p2a: Gothitelle
|-boost|p2a: Gothitelle|def|1
|-boost|p2a: Gothitelle|spd|1
|move|p1a: Green Top|Moonblast|p2a: Gothitelle
|-damage|p2a: Gothitelle|46/100
|
|-heal|p2a: Gothitelle|52/100|[from] item: Leftovers
|-end|p1a: Green Top|move: Taunt
|upkeep
|turn|11
|
|t:|1662397226
|move|p2a: Gothitelle|Taunt|p1a: Green Top
|-start|p1a: Green Top|move: Taunt
|move|p1a: Green Top|Moonblast|p2a: Gothitelle
|-damage|p2a: Gothitelle|36/100
|
|-heal|p2a: Gothitelle|42/100|[from] item: Leftovers
|upkeep
|turn|12
|
|t:|1662397228
|move|p2a: Gothitelle|Rest|p2a: Gothitelle
|-status|p2a: Gothitelle|slp|[from] move: Rest
|-heal|p2a: Gothitelle|100/100 slp|[silent]
|move|p1a: Green Top|Moonblast|p2a: Gothitelle
|-damage|p2a: Gothitelle|87/100 slp
|-unboost|p2a: Gothitelle|spa|1
|
|-heal|p2a: Gothitelle|93/100 slp|[from] item: Leftovers
|upkeep
|turn|13
|
|t:|1662397235
|cant|p2a: Gothitelle|slp
|move|p1a: Green Top|Moonblast|p2a: Gothitelle
|-damage|p2a: Gothitelle|78/100 slp
|
|-heal|p2a: Gothitelle|84/100 slp|[from] item: Leftovers
|-end|p1a: Green Top|move: Taunt
|upkeep
|turn|14
|
|t:|1662397244
|cant|p2a: Gothitelle|slp
|move|p1a: Green Top|Moonblast|p2a: Gothitelle
|-damage|p2a: Gothitelle|71/100 slp
|
|-heal|p2a: Gothitelle|77/100 slp|[from] item: Leftovers
|upkeep
|turn|15
|
|t:|1662397246
|-curestatus|p2a: Gothitelle|slp|[msg]
|move|p2a: Gothitelle|Taunt|p1a: Green Top
|-start|p1a: Green Top|move: Taunt
|move|p1a: Green Top|Moonblast|p2a: Gothitelle
|-damage|p2a: Gothitelle|64/100
|
|-heal|p2a: Gothitelle|70/100|[from] item: Leftovers
|upkeep
|turn|16
|
|t:|1662397252
|move|p2a: Gothitelle|Cosmic Power|p2a: Gothitelle
|-boost|p2a: Gothitelle|def|1
|-boost|p2a: Gothitelle|spd|1
|move|p1a: Green Top|Moonblast|p2a: Gothitelle
|-damage|p2a: Gothitelle|57/100
|-unboost|p2a: Gothitelle|spa|1
|
|-heal|p2a: Gothitelle|63/100|[from] item: Leftovers
|upkeep
|turn|17
|
|t:|1662397266
|move|p2a: Gothitelle|Taunt||[still]
|-fail|p2a: Gothitelle
|move|p1a: Green Top|Moonblast|p2a: Gothitelle
|-damage|p2a: Gothitelle|51/100
|-unboost|p2a: Gothitelle|spa|1
|
|-heal|p2a: Gothitelle|57/100|[from] item: Leftovers
|-end|p1a: Green Top|move: Taunt
|upkeep
|turn|18
|
|t:|1662397269
|move|p2a: Gothitelle|Taunt|p1a: Green Top
|-start|p1a: Green Top|move: Taunt
|move|p1a: Green Top|Moonblast|p2a: Gothitelle
|-damage|p2a: Gothitelle|46/100
|-unboost|p2a: Gothitelle|spa|1
|
|-heal|p2a: Gothitelle|52/100|[from] item: Leftovers
|upkeep
|turn|19
|
|t:|1662397270
|move|p2a: Gothitelle|Rest|p2a: Gothitelle
|-status|p2a: Gothitelle|slp|[from] move: Rest
|-heal|p2a: Gothitelle|100/100 slp|[silent]
|move|p1a: Green Top|Moonblast|p2a: Gothitelle
|-damage|p2a: Gothitelle|88/100 slp
|-unboost|p2a: Gothitelle|spa|1
|
|-heal|p2a: Gothitelle|94/100 slp|[from] item: Leftovers
|upkeep
|turn|20
|
|t:|1662397273
|cant|p2a: Gothitelle|slp
|move|p1a: Green Top|Moonblast|p2a: Gothitelle
|-damage|p2a: Gothitelle|82/100 slp
|
|-heal|p2a: Gothitelle|88/100 slp|[from] item: Leftovers
|-end|p1a: Green Top|move: Taunt
|upkeep
|turn|21
|
|t:|1662397275
|cant|p2a: Gothitelle|slp
|move|p1a: Green Top|Moonblast|p2a: Gothitelle
|-damage|p2a: Gothitelle|76/100 slp
|
|-heal|p2a: Gothitelle|82/100 slp|[from] item: Leftovers
|upkeep
|turn|22
|
|t:|1662397282
|-curestatus|p2a: Gothitelle|slp|[msg]
|move|p2a: Gothitelle|Taunt|p1a: Green Top
|-start|p1a: Green Top|move: Taunt
|move|p1a: Green Top|Moonblast|p2a: Gothitelle
|-damage|p2a: Gothitelle|70/100
|
|-heal|p2a: Gothitelle|76/100|[from] item: Leftovers
|upkeep
|turn|23
|
|t:|1662397293
|move|p2a: Gothitelle|Cosmic Power|p2a: Gothitelle
|-boost|p2a: Gothitelle|def|1
|-boost|p2a: Gothitelle|spd|1
|move|p1a: Green Top|Moonblast|p2a: Gothitelle
|-damage|p2a: Gothitelle|67/100
|
|-heal|p2a: Gothitelle|73/100|[from] item: Leftovers
|upkeep
|turn|24
|
|t:|1662397295
|move|p2a: Gothitelle|Cosmic Power|p2a: Gothitelle
|-boost|p2a: Gothitelle|def|1
|-boost|p2a: Gothitelle|spd|1
|move|p1a: Green Top|Moonblast|p2a: Gothitelle
|-damage|p2a: Gothitelle|65/100
|
|-heal|p2a: Gothitelle|71/100|[from] item: Leftovers
|-end|p1a: Green Top|move: Taunt
|upkeep
|turn|25
|
|t:|1662397302
|move|p1a: Green Top|Protect|p1a: Green Top
|-singleturn|p1a: Green Top|Protect
|move|p2a: Gothitelle|Taunt|p1a: Green Top
|-activate|p1a: Green Top|move: Protect
|
|-heal|p2a: Gothitelle|77/100|[from] item: Leftovers
|upkeep
|turn|26
|
|t:|1662397308
|move|p2a: Gothitelle|Taunt|p1a: Green Top
|-start|p1a: Green Top|move: Taunt
|move|p1a: Green Top|Moonblast|p2a: Gothitelle
|-damage|p2a: Gothitelle|68/100
|-unboost|p2a: Gothitelle|spa|1
|
|-heal|p2a: Gothitelle|74/100|[from] item: Leftovers
|upkeep
|turn|27
|
|t:|1662397310
|move|p2a: Gothitelle|Rest|p2a: Gothitelle
|-status|p2a: Gothitelle|slp|[from] move: Rest
|-heal|p2a: Gothitelle|100/100 slp|[silent]
|move|p1a: Green Top|Moonblast|p2a: Gothitelle
|-damage|p2a: Gothitelle|92/100 slp
|
|-heal|p2a: Gothitelle|98/100 slp|[from] item: Leftovers
|upkeep
|turn|28
|
|t:|1662397313
|cant|p2a: Gothitelle|slp
|move|p1a: Green Top|Moonblast|p2a: Gothitelle
|-damage|p2a: Gothitelle|90/100 slp
|
|-heal|p2a: Gothitelle|96/100 slp|[from] item: Leftovers
|-end|p1a: Green Top|move: Taunt
|upkeep
|turn|29
|
|t:|1662397321
|cant|p2a: Gothitelle|slp
|move|p1a: Green Top|Moonblast|p2a: Gothitelle
|-damage|p2a: Gothitelle|88/100 slp
|
|-heal|p2a: Gothitelle|94/100 slp|[from] item: Leftovers
|upkeep
|turn|30
|
|t:|1662397323
|-curestatus|p2a: Gothitelle|slp|[msg]
|move|p2a: Gothitelle|Taunt|p1a: Green Top
|-start|p1a: Green Top|move: Taunt
|move|p1a: Green Top|Moonblast|p2a: Gothitelle
|-damage|p2a: Gothitelle|85/100
|
|-heal|p2a: Gothitelle|91/100|[from] item: Leftovers
|upkeep
|turn|31
|
|t:|1662397351
|move|p2a: Gothitelle|Cosmic Power|p2a: Gothitelle
|-boost|p2a: Gothitelle|def|1
|-boost|p2a: Gothitelle|spd|1
|move|p1a: Green Top|Moonblast|p2a: Gothitelle
|-damage|p2a: Gothitelle|83/100
|
|-heal|p2a: Gothitelle|89/100|[from] item: Leftovers
|upkeep
|turn|32
|
|t:|1662397355
|move|p2a: Gothitelle|Charm|p1a: Green Top
|-unboost|p1a: Green Top|atk|2
|move|p1a: Green Top|Moonblast|p2a: Gothitelle
|-damage|p2a: Gothitelle|82/100
|
|-heal|p2a: Gothitelle|88/100|[from] item: Leftovers
|-end|p1a: Green Top|move: Taunt
|upkeep
|turn|33
|
|t:|1662397362
|move|p1a: Green Top|Protect|p1a: Green Top
|-singleturn|p1a: Green Top|Protect
|move|p2a: Gothitelle|Taunt|p1a: Green Top
|-activate|p1a: Green Top|move: Protect
|
|-heal|p2a: Gothitelle|94/100|[from] item: Leftovers
|upkeep
|turn|34
|
|t:|1662397365
|move|p2a: Gothitelle|Taunt|p1a: Green Top
|-start|p1a: Green Top|move: Taunt
|cant|p1a: Green Top|move: Taunt|Wish
|
|-heal|p2a: Gothitelle|99/100|[from] item: Leftovers
|upkeep
|turn|35
|
|t:|1662397368
|move|p2a: Gothitelle|Cosmic Power|p2a: Gothitelle
|-boost|p2a: Gothitelle|def|0
|-boost|p2a: Gothitelle|spd|0
|-activate|p1a: Green Top|move: Struggle
|move|p1a: Green Top|Struggle|p2a: Gothitelle
|-damage|p2a: Gothitelle|99/100
|-damage|p1a: Green Top|75/100|[from] recoil
|
|-heal|p2a: Gothitelle|100/100|[from] item: Leftovers
|-heal|p1a: Green Top|81/100|[from] item: Leftovers
|upkeep
|turn|36
|c|☆ClickForVictory|Magic Guard moment
|
|t:|1662397383
|move|p2a: Gothitelle|Charm|p1a: Green Top
|-unboost|p1a: Green Top|atk|2
|-activate|p1a: Green Top|move: Struggle
|move|p1a: Green Top|Struggle|p2a: Gothitelle
|-damage|p2a: Gothitelle|99/100
|-damage|p1a: Green Top|56/100|[from] recoil
|
|-heal|p2a: Gothitelle|100/100|[from] item: Leftovers
|-heal|p1a: Green Top|62/100|[from] item: Leftovers
|-end|p1a: Green Top|move: Taunt
|upkeep
|turn|37
|
|t:|1662397387
|move|p1a: Green Top|Protect|p1a: Green Top
|-singleturn|p1a: Green Top|Protect
|move|p2a: Gothitelle|Taunt|p1a: Green Top
|-activate|p1a: Green Top|move: Protect
|
|-heal|p1a: Green Top|69/100|[from] item: Leftovers
|upkeep
|turn|38
|
|t:|1662397392
|move|p1a: Green Top|Protect||[still]
|-fail|p1a: Green Top
|move|p2a: Gothitelle|Taunt|p1a: Green Top
|-start|p1a: Green Top|move: Taunt
|
|-heal|p1a: Green Top|75/100|[from] item: Leftovers
|upkeep
|turn|39
|
|t:|1662397395
|switch|p2a: Zacian|Zacian-Crowned|100/100
|-damage|p2a: Zacian|94/100|[from] Stealth Rock
|-ability|p2a: Zacian|Intrepid Sword|boost
|-boost|p2a: Zacian|atk|1
|-activate|p1a: Green Top|move: Struggle
|move|p1a: Green Top|Struggle|p2a: Zacian
|-damage|p2a: Zacian|92/100
|-damage|p1a: Green Top|49/100|[from] recoil
|
|-heal|p1a: Green Top|56/100|[from] item: Leftovers
|upkeep
|turn|40
|
|t:|1662397402
|switch|p1a: Dark Mode|Groudon-Primal, shiny|100/100
|-weather|DesolateLand|[from] ability: Desolate Land|[of] p1a: Dark Mode
|move|p2a: Zacian|Close Combat|p1a: Dark Mode
|-damage|p1a: Dark Mode|56/100
|-unboost|p2a: Zacian|def|1
|-unboost|p2a: Zacian|spd|1
|
|-weather|DesolateLand|[upkeep]
|upkeep
|turn|41
|
|t:|1662397408
|switch|p2a: Latias|Latias-Mega, F|100/100
|-damage|p2a: Latias|88/100|[from] Stealth Rock
|move|p1a: Dark Mode|Roar|p2a: Latias
|drag|p2a: Zacian|Zacian-Crowned|92/100
|-damage|p2a: Zacian|86/100|[from] Stealth Rock
|-ability|p2a: Zacian|Intrepid Sword|boost
|-boost|p2a: Zacian|atk|1
|
|-weather|DesolateLand|[upkeep]
|upkeep
|turn|42
|
|t:|1662397411
|switch|p2a: Latias|Latias-Mega, F|88/100
|-damage|p2a: Latias|76/100|[from] Stealth Rock
|move|p1a: Dark Mode|Fire Punch|p2a: Latias
|-resisted|p2a: Latias
|-damage|p2a: Latias|52/100
|
|-weather|DesolateLand|[upkeep]
|upkeep
|turn|43
|j| IAmJklol
|
|t:|1662397416
|move|p2a: Latias|Defog|p1a: Dark Mode
|-unboost|p1a: Dark Mode|evasion|1
|-sideend|p2: lemoncell0|Stealth Rock|[from] move: Defog|[of] p2a: Latias
|move|p1a: Dark Mode|Fire Punch|p2a: Latias
|-resisted|p2a: Latias
|-damage|p2a: Latias|28/100
|
|-weather|DesolateLand|[upkeep]
|upkeep
|turn|44
|
|t:|1662397418
|-weather|none
|switch|p1a: Angst Birb|Yveltal|100/100
|-ability|p1a: Angst Birb|Dark Aura
|move|p2a: Latias|Recover|p2a: Latias
|-heal|p2a: Latias|78/100
|
|upkeep
|turn|45
|
|t:|1662397430
|switch|p2a: Tyranitar|Tyranitar, M|100/100
|-weather|Sandstorm|[from] ability: Sand Stream|[of] p2a: Tyranitar
|move|p1a: Angst Birb|Dark Pulse|p2a: Tyranitar
|-resisted|p2a: Tyranitar
|-damage|p2a: Tyranitar|85/100
|-damage|p1a: Angst Birb|91/100|[from] item: Life Orb
|
|-weather|Sandstorm|[upkeep]
|-damage|p1a: Angst Birb|85/100|[from] Sandstorm
|-heal|p2a: Tyranitar|91/100|[from] item: Leftovers
|upkeep
|turn|46
|
|t:|1662397434
|move|p1a: Angst Birb|Taunt|p2a: Tyranitar
|-start|p2a: Tyranitar|move: Taunt
|cant|p2a: Tyranitar|move: Taunt|Stealth Rock
|
|-weather|Sandstorm|[upkeep]
|-damage|p1a: Angst Birb|78/100|[from] Sandstorm
|-heal|p2a: Tyranitar|98/100|[from] item: Leftovers
|upkeep
|turn|47
|c| IAmJklol|gonna snipe fr
|
|t:|1662397439
|switch|p1a: Eww|Zacian-Crowned|84/100
|-ability|p1a: Eww|Intrepid Sword|boost
|-boost|p1a: Eww|atk|1
|move|p2a: Tyranitar|Rock Blast|p1a: Eww
|-resisted|p1a: Eww
|-damage|p1a: Eww|79/100
|-resisted|p1a: Eww
|-damage|p1a: Eww|74/100
|-resisted|p1a: Eww
|-damage|p1a: Eww|68/100
|-hitcount|p1a: Eww|3
|
|-weather|Sandstorm|[upkeep]
|-heal|p2a: Tyranitar|100/100|[from] item: Leftovers
|upkeep
|turn|48
|c|☆lemoncell0|:o
|
|t:|1662397445
|switch|p1a: Death Noodle|Rayquaza, shiny|100/100
|-ability|p1a: Death Noodle|Air Lock
|switch|p2a: Quagsire|Quagsire, M|100/100
|
|-weather|Sandstorm|[upkeep]
|upkeep
|turn|49
|
|t:|1662397454
|switch|p2a: Gothitelle|Gothitelle, M|100/100
|detailschange|p1a: Death Noodle|Rayquaza-Mega, shiny
|-mega|p1a: Death Noodle|Rayquaza|
|-weather|DeltaStream|[from] ability: Delta Stream|[of] p1a: Death Noodle
|move|p1a: Death Noodle|Dragon Ascent|p2a: Gothitelle
|-damage|p2a: Gothitelle|14/100
|-unboost|p1a: Death Noodle|def|1
|-unboost|p1a: Death Noodle|spd|1
|-damage|p1a: Death Noodle|91/100|[from] item: Life Orb
|
|-weather|DeltaStream|[upkeep]
|-heal|p2a: Gothitelle|20/100|[from] item: Leftovers
|upkeep
|turn|50
|c| IAmJklol|actually nvm I don't know how to counter that team
|c| IAmJklol|;(
|
|t:|1662397462
|move|p1a: Death Noodle|Earthquake|p2a: Gothitelle
|-damage|p2a: Gothitelle|0 fnt
|faint|p2a: Gothitelle
|-damage|p1a: Death Noodle|81/100|[from] item: Life Orb
|
|-weather|DeltaStream|[upkeep]
|upkeep
|
|t:|1662397464
|switch|p2a: Zacian|Zacian-Crowned|86/100
|-ability|p2a: Zacian|Intrepid Sword|boost
|-boost|p2a: Zacian|atk|1
|turn|51
|
|t:|1662397472
|-weather|none
|switch|p1a: Dark Mode|Groudon-Primal, shiny|56/100
|-weather|DesolateLand|[from] ability: Desolate Land|[of] p1a: Dark Mode
|move|p2a: Zacian|Behemoth Blade|p1a: Dark Mode
|-resisted|p1a: Dark Mode
|-damage|p1a: Dark Mode|28/100
|
|-weather|DesolateLand|[upkeep]
|upkeep
|turn|52
|inactive|ClickForVictory has 120 seconds left.
|
|t:|1662397503
|move|p2a: Zacian|Close Combat|p1a: Dark Mode
|-damage|p1a: Dark Mode|0 fnt
|-unboost|p2a: Zacian|def|1
|-unboost|p2a: Zacian|spd|1
|faint|p1a: Dark Mode
|-weather|none
|
|upkeep
|c| IAmJklol|this feels like adamant
|
|t:|1662397507
|switch|p1a: Eww|Zacian-Crowned|68/100
|-ability|p1a: Eww|Intrepid Sword|boost
|-boost|p1a: Eww|atk|1
|turn|53
|c|☆lemoncell0|it is
|inactive|ClickForVictory has 120 seconds left.
|
|t:|1662397524
|switch|p1a: Death Noodle|Rayquaza-Mega, shiny|81/100
|-weather|DeltaStream|[from] ability: Delta Stream|[of] p1a: Death Noodle
|switch|p2a: Quagsire|Quagsire, M|100/100
|
|-weather|DeltaStream|[upkeep]
|upkeep
|turn|54
|
|t:|1662397532
|move|p1a: Death Noodle|Dragon Dance|p1a: Death Noodle
|-boost|p1a: Death Noodle|atk|1
|-boost|p1a: Death Noodle|spe|1
|move|p2a: Quagsire|Counter||[still]
|-fail|p2a: Quagsire
|
|-weather|DeltaStream|[upkeep]
|upkeep
|turn|55
|
|t:|1662397541
|-weather|none
|switch|p1a: Angst Birb|Yveltal|78/100
|-ability|p1a: Angst Birb|Dark Aura
|move|p2a: Quagsire|Counter||[still]
|-fail|p2a: Quagsire
|
|upkeep
|turn|56
|
|t:|1662397551
|switch|p1a: Eww|Zacian-Crowned|68/100
|-ability|p1a: Eww|Intrepid Sword|boost
|-boost|p1a: Eww|atk|1
|switch|p2a: Tyranitar|Tyranitar, M|100/100
|-weather|Sandstorm|[from] ability: Sand Stream|[of] p2a: Tyranitar
|
|-weather|Sandstorm|[upkeep]
|upkeep
|turn|57
|
|t:|1662397568
|switch|p1a: Dear Leader|Arceus|100/100
|switch|p2a: Quagsire|Quagsire, M|100/100
|
|-weather|Sandstorm|[upkeep]
|-damage|p1a: Dear Leader|94/100|[from] Sandstorm
|upkeep
|turn|58
|
|t:|1662397572
|move|p1a: Dear Leader|Extreme Speed|p2a: Quagsire
|-damage|p2a: Quagsire|66/100
|-damage|p1a: Dear Leader|78/100|[from] item: Rocky Helmet|[of] p2a: Quagsire
|move|p2a: Quagsire|Earthquake|p1a: Dear Leader
|-damage|p1a: Dear Leader|58/100
|
|-weather|Sandstorm|[upkeep]
|-damage|p1a: Dear Leader|52/100|[from] Sandstorm
|upkeep
|turn|59
|c| IAmJklol|poor ttar no caly for it to trap
|
|t:|1662397577
|switch|p1a: Death Noodle|Rayquaza-Mega, shiny|81/100
|-weather|DeltaStream|[from] ability: Delta Stream|[of] p1a: Death Noodle
|move|p2a: Quagsire|Recover|p2a: Quagsire
|-heal|p2a: Quagsire|100/100
|
|-weather|DeltaStream|[upkeep]
|upkeep
|turn|60
|
|t:|1662397583
|-weather|none
|switch|p1a: Angst Birb|Yveltal|78/100
|-ability|p1a: Angst Birb|Dark Aura
|move|p2a: Quagsire|Counter||[still]
|-fail|p2a: Quagsire
|
|upkeep
|turn|61
|
|t:|1662397588
|switch|p2a: Tyranitar|Tyranitar, M|100/100
|-weather|Sandstorm|[from] ability: Sand Stream|[of] p2a: Tyranitar
|move|p1a: Angst Birb|Taunt|p2a: Tyranitar
|-start|p2a: Tyranitar|move: Taunt
|
|-weather|Sandstorm|[upkeep]
|-damage|p1a: Angst Birb|72/100|[from] Sandstorm
|upkeep
|turn|62
|c|☆lemoncell0|its got a tal to wall tho
|
|t:|1662397597
|switch|p1a: Death Noodle|Rayquaza-Mega, shiny|81/100
|-weather|DeltaStream|[from] ability: Delta Stream|[of] p1a: Death Noodle
|move|p2a: Tyranitar|Rock Blast|p1a: Death Noodle
|-activate||deltastream
|-damage|p1a: Death Noodle|69/100
|-activate||deltastream
|-damage|p1a: Death Noodle|57/100
|-activate||deltastream
|-damage|p1a: Death Noodle|45/100
|-activate||deltastream
|-damage|p1a: Death Noodle|34/100
|-hitcount|p1a: Death Noodle|4
|
|-weather|DeltaStream|[upkeep]
|upkeep
|turn|63
|c| IAmJklol|dangg
|
|t:|1662397604
|-start|p2a: Tyranitar|Dynamax|
|-heal|p2a: Tyranitar|100/100|[silent]
|move|p1a: Death Noodle|Earthquake|p2a: Tyranitar
|-supereffective|p2a: Tyranitar
|-crit|p2a: Tyranitar
|-damage|p2a: Tyranitar|22/100
|-damage|p1a: Death Noodle|24/100|[from] item: Life Orb
|move|p2a: Tyranitar|Max Rockfall|p1a: Death Noodle
|-activate||deltastream
|-damage|p1a: Death Noodle|0 fnt
|-weather|Sandstorm
|faint|p1a: Death Noodle
|
|-weather|Sandstorm|[upkeep]
|-heal|p2a: Tyranitar|25/100|[from] item: Leftovers
|-end|p2a: Tyranitar|move: Taunt
|upkeep
|
|t:|1662397610
|switch|p1a: Eww|Zacian-Crowned|68/100
|-ability|p1a: Eww|Intrepid Sword|boost
|-boost|p1a: Eww|atk|1
|turn|64
|
|t:|1662397612
|move|p1a: Eww|Behemoth Blade|p2a: Tyranitar
|-supereffective|p2a: Tyranitar
|-damage|p2a: Tyranitar|0 fnt
|faint|p2a: Tyranitar
|
|-weather|Sandstorm|[upkeep]
|upkeep
|
|t:|1662397614
|switch|p2a: Ditto|Ditto|100/100
|-transform|p2a: Ditto|p1a: Eww|[from] ability: Imposter
|-ability|p2a: Ditto|Intrepid Sword|boost
|-boost|p2a: Ditto|atk|1
|turn|65
|
|t:|1662397622
|move|p2a: Ditto|Behemoth Blade|p1a: Eww
|-damage|p1a: Eww|0 fnt
|faint|p1a: Eww
|
|-weather|Sandstorm|[upkeep]
|upkeep
|c| IAmJklol|welp reverse sweep
|c|☆ClickForVictory|yeah that's gg I think
|
|t:|1662397636
|switch|p1a: Angst Birb|Yveltal|72/100
|-ability|p1a: Angst Birb|Dark Aura
|turn|66
|c|☆lemoncell0|gg
|
|t:|1662397649
|-start|p1a: Angst Birb|Dynamax|
|-heal|p1a: Angst Birb|72/100|[silent]
|move|p1a: Angst Birb|Max Guard|p1a: Angst Birb
|-singleturn|p1a: Angst Birb|Max Guard
|move|p2a: Ditto|Behemoth Blade|p1a: Angst Birb
|-activate|p1a: Angst Birb|move: Max Guard
|
|-weather|Sandstorm|[upkeep]
|-damage|p1a: Angst Birb|69/100|[from] Sandstorm
|upkeep
|turn|67
|c| IAmJklol|too weak to zac
|
|t:|1662397659
|move|p1a: Angst Birb|Max Guard||[still]
|-fail|p1a: Angst Birb
|move|p2a: Ditto|Behemoth Blade|p1a: Angst Birb
|-damage|p1a: Angst Birb|0 fnt
|faint|p1a: Angst Birb
|
|-weather|none
|upkeep
|
|t:|1662397666
|switch|p1a: Green Top|Clefable, F, shiny|56/100
|turn|68
|c| IAmJklol|wait
|
|t:|1662397670
|move|p1a: Green Top|Protect|p1a: Green Top
|-singleturn|p1a: Green Top|Protect
|move|p2a: Ditto|Behemoth Blade|p1a: Green Top
|-activate|p1a: Green Top|move: Protect
|
|-heal|p1a: Green Top|62/100|[from] item: Leftovers
|upkeep
|turn|69
|c| IAmJklol|its gonna struggle
|c|☆ClickForVictory|lesgo lol
|
|t:|1662397679
|move|p1a: Green Top|Protect|p1a: Green Top
|-singleturn|p1a: Green Top|Protect
|move|p2a: Ditto|Behemoth Blade|p1a: Green Top
|-activate|p1a: Green Top|move: Protect
|
|-heal|p1a: Green Top|68/100|[from] item: Leftovers
|upkeep
|turn|70
|c|☆lemoncell0|:o
|
|t:|1662397684
|switch|p2a: Zacian|Zacian-Crowned|86/100
|-ability|p2a: Zacian|Intrepid Sword|boost
|-boost|p2a: Zacian|atk|1
|move|p1a: Green Top|Wish|p1a: Green Top
|
|-heal|p1a: Green Top|74/100|[from] item: Leftovers
|upkeep
|turn|71
|c| IAmJklol|.-.
|
|t:|1662397693
|move|p1a: Green Top|Protect|p1a: Green Top
|-singleturn|p1a: Green Top|Protect
|move|p2a: Zacian|Behemoth Blade|p1a: Green Top
|-activate|p1a: Green Top|move: Protect
|
|-heal|p1a: Green Top|100/100|[from] move: Wish|[wisher] Green Top
|upkeep
|turn|72
|c| IAmJklol|zacian #2 lol
|c|☆ClickForVictory|still gg
|c|☆ClickForVictory|but was fun
|
|t:|1662397706
|move|p2a: Zacian|Behemoth Blade|p1a: Green Top
|-supereffective|p1a: Green Top
|-damage|p1a: Green Top|0 fnt
|faint|p1a: Green Top
|
|upkeep
|
|t:|1662397709
|switch|p1a: Dear Leader|Arceus|52/100
|turn|73
|
|t:|1662397712
|move|p2a: Zacian|Close Combat|p1a: Dear Leader
|-supereffective|p1a: Dear Leader
|-damage|p1a: Dear Leader|0 fnt
|-unboost|p2a: Zacian|def|1
|-unboost|p2a: Zacian|spd|1
|faint|p1a: Dear Leader
|
|win|lemoncell0
|raw|ClickForVictory's rating: 1712 &rarr; <strong>1703</strong><br />(-9 for losing)
|raw|lemoncell0's rating: 1923 &rarr; <strong>1932</strong><br />(+9 for winning)
|c| IAmJklol|could've went for x8 protect
|c| IAmJklol|lol
|c|☆ClickForVictory|lor
|c|☆ClickForVictory|* lol
|c|☆lemoncell0|big brain move
|l| IAmJklol
|c|☆lemoncell0|well cya cya
|l|☆lemoncell0
|c|☆ClickForVictory|see ya!
