|j|☆Lone Thief
|j|☆hooper 89
|t:|1602286984
|player|p1|Lone Thief|gambler|1633
|player|p2|hooper 89|fantina|1751
|teamsize|p1|6
|teamsize|p2|6
|gametype|singles
|gen|8
|tier|[Gen 8] National Dex AG
|rated|
|clearpoke
|poke|p1|Rayquaza|
|poke|p1|Greninja, M|
|poke|p1|Zacian-Crowned|
|poke|p1|Groudon|
|poke|p1|Ditto|
|poke|p1|Necrozma-Dusk-Mane|
|poke|p2|Ninjask, F|
|poke|p2|Bellossom, F|
|poke|p2|Indeedee-F, F|
|poke|p2|Magearna|
|poke|p2|Espeon, F|
|poke|p2|Dubwool, M|
|rule|HP Percentage Mod: HP is shown in percentages
|rule|Endless Battle Clause: Forcing endless battles is banned
|teampreview
|inactive|Battle timer is ON: inactive players will automatically lose when time's up. (requested by Lone Thief)
|inactive|hooper 89 also wants the timer to be on.
|
|t:|1602286994
|start
|switch|p1a: Greninja|Greninja, M|100/100
|switch|p2a: Ninjask|Ninjask, F|100/100
|turn|1
|
|t:|1602287003
|-start|p1a: Greninja|Dynamax
|-heal|p1a: Greninja|100/100|[silent]
|move|p2a: Ninjask|Protect|p2a: Ninjask
|-singleturn|p2a: Ninjask|Protect
|move|p1a: Greninja|Max Hailstorm|p2a: Ninjask
|-supereffective|p2a: Ninjask
|-zbroken|p2a: Ninjask
|-damage|p2a: Ninjask|60/100
|-weather|Hail
|
|-weather|Hail|[upkeep]
|-damage|p2a: Ninjask|54/100|[from] Hail
|-damage|p1a: Greninja|98/100|[from] Hail
|-ability|p2a: Ninjask|Speed Boost|boost
|-boost|p2a: Ninjask|spe|1
|upkeep
|turn|2
|
|t:|1602287039
|switch|p2a: Espeon|Espeon, F|100/100
|move|p1a: Greninja|Max Darkness|p2a: Espeon
|-supereffective|p2a: Espeon
|-damage|p2a: Espeon|9/100
|-unboost|p2a: Espeon|spd|1
|
|-weather|Hail|[upkeep]
|-damage|p1a: Greninja|95/100|[from] Hail
|-damage|p2a: Espeon|3/100|[from] Hail
|-heal|p2a: Espeon|9/100|[from] item: Leftovers
|upkeep
|turn|3
|
|t:|1602287054
|move|p1a: Greninja|Max Geyser|p2a: Espeon
|-damage|p2a: Espeon|0 fnt
|-weather|RainDance
|faint|p2a: Espeon
|-activate|p1a: Greninja|ability: Battle Bond
|detailschange|p1a: Greninja|Greninja-Ash, M
|
|-weather|RainDance|[upkeep]
|-end|p1a: Greninja|Dynamax
|-heal|p1a: Greninja|95/100|[silent]
|upkeep
|
|t:|1602287063
|switch|p2a: Ninjask|Ninjask, F|54/100
|turn|4
|
|t:|1602287070
|move|p2a: Ninjask|Protect|p2a: Ninjask
|-singleturn|p2a: Ninjask|Protect
|move|p1a: Greninja|Ice Beam|p2a: Ninjask
|-activate|p2a: Ninjask|move: Protect
|
|-weather|RainDance|[upkeep]
|-ability|p2a: Ninjask|Speed Boost|boost
|-boost|p2a: Ninjask|spe|1
|upkeep
|turn|5
|
|t:|1602287077
|move|p1a: Greninja|Water Shuriken|p2a: Ninjask
|-damage|p2a: Ninjask|17/100
|-damage|p2a: Ninjask|0 fnt
|-hitcount|p2a: Ninjask|2
|faint|p2a: Ninjask
|
|-weather|RainDance|[upkeep]
|upkeep
|
|t:|1602287086
|switch|p2a: Magearna|Magearna|100/100
|turn|6
|
|t:|1602287091
|move|p1a: Greninja|Hydro Pump|p2a: Magearna
|-damage|p2a: Magearna|25/100
|move|p2a: Magearna|Eerie Impulse|p1a: Greninja
|-unboost|p1a: Greninja|spa|2
|
|-weather|RainDance|[upkeep]
|-heal|p2a: Magearna|31/100|[from] item: Leftovers
|upkeep
|turn|7
|
|t:|1602287098
|move|p1a: Greninja|Hydro Pump|p2a: Magearna
|-damage|p2a: Magearna|0 fnt
|faint|p2a: Magearna
|
|-weather|none
|upkeep
|
|t:|1602287100
|switch|p2a: Bellossom|Bellossom, F|100/100
|turn|8
|
|t:|1602287106
|move|p1a: Greninja|Ice Beam|p2a: Bellossom
|-supereffective|p2a: Bellossom
|-damage|p2a: Bellossom|73/100
|move|p2a: Bellossom|Quiver Dance|p2a: Bellossom
|-boost|p2a: Bellossom|spa|1
|-boost|p2a: Bellossom|spd|1
|-boost|p2a: Bellossom|spe|1
|
|-heal|p2a: Bellossom|79/100|[from] item: Leftovers
|upkeep
|turn|9
|
|t:|1602287114
|switch|p1a: Groudon|Groudon|100/100
|detailschange|p1a: Groudon|Groudon-Primal
|-primal|p1a: Groudon
|-weather|DesolateLand|[from] ability: Desolate Land|[of] p1a: Groudon
|move|p2a: Bellossom|Quiver Dance|p2a: Bellossom
|-boost|p2a: Bellossom|spa|1
|-boost|p2a: Bellossom|spd|1
|-boost|p2a: Bellossom|spe|1
|
|-weather|DesolateLand|[upkeep]
|-heal|p2a: Bellossom|85/100|[from] item: Leftovers
|upkeep
|turn|10
|
|t:|1602287125
|move|p2a: Bellossom|Baton Pass|p2a: Bellossom
|
|t:|1602287126
|switch|p2a: Big Dub|Dubwool, M, shiny|100/100|[from]move: Baton Pass
|move|p1a: Groudon|Fire Punch|p2a: Big Dub
|-damage|p2a: Big Dub|43/100
|
|-weather|DesolateLand|[upkeep]
|-heal|p2a: Big Dub|49/100|[from] item: Leftovers
|upkeep
|turn|11
|
|t:|1602287133
|move|p2a: Big Dub|Cotton Guard|p2a: Big Dub
|-boost|p2a: Big Dub|def|3
|move|p1a: Groudon|Fire Punch|p2a: Big Dub
|-damage|p2a: Big Dub|24/100
|
|-weather|DesolateLand|[upkeep]
|-heal|p2a: Big Dub|30/100|[from] item: Leftovers
|upkeep
|turn|12
|
|t:|1602287141
|move|p2a: Big Dub|Cotton Guard|p2a: Big Dub
|-boost|p2a: Big Dub|def|3
|move|p1a: Groudon|Fire Punch|p2a: Big Dub
|-damage|p2a: Big Dub|15/100
|
|-weather|DesolateLand|[upkeep]
|-heal|p2a: Big Dub|21/100|[from] item: Leftovers
|upkeep
|turn|13
|
|t:|1602287149
|move|p2a: Big Dub|Baton Pass|p2a: Big Dub
|
|t:|1602287150
|switch|p2a: Indeedee|Indeedee-F, F|100/100|[from]move: Baton Pass
|-fieldstart|move: Psychic Terrain|[from] ability: Psychic Surge|[of] p2a: Indeedee
|move|p1a: Groudon|Precipice Blades|p2a: Indeedee
|-damage|p2a: Indeedee|72/100
|
|-weather|DesolateLand|[upkeep]
|upkeep
|turn|14
|
|t:|1602287159
|move|p2a: Indeedee|Imprison|p2a: Indeedee
|-start|p2a: Indeedee|move: Imprison
|move|p1a: Groudon|Fire Punch|p2a: Indeedee
|-damage|p2a: Indeedee|48/100
|
|-weather|DesolateLand|[upkeep]
|upkeep
|turn|15
|
|t:|1602287167
|move|p2a: Indeedee|Stored Power|p1a: Groudon
|-damage|p1a: Groudon|0 fnt
|faint|p1a: Groudon
|-weather|none
|
|upkeep
|
|t:|1602287173
|switch|p1a: Ditto|Ditto|100/100
|-transform|p1a: Ditto|p2a: Indeedee|[from] ability: Imposter
|turn|16
|
|t:|1602287184
|switch|p1a: Necrozma|Necrozma-Dusk-Mane|100/100
|move|p2a: Indeedee|Stored Power|p1a: Necrozma
|-resisted|p1a: Necrozma
|-damage|p1a: Necrozma|41/100
|
|upkeep
|turn|17
|
|t:|1602287209
|move|p2a: Indeedee|Stored Power|p1a: Necrozma
|-resisted|p1a: Necrozma
|-damage|p1a: Necrozma|0 fnt
|faint|p1a: Necrozma
|
|upkeep
|
|t:|1602287214
|switch|p1a: Greninja|Greninja-Ash, M|95/100
|turn|18
|inactive|hooper 89 has 120 seconds left.
|
|t:|1602287253
|move|p1a: Greninja|Water Shuriken|p2a: Indeedee
|-activate|p2a: Indeedee|move: Psychic Terrain
|move|p2a: Indeedee|Dazzling Gleam|p1a: Greninja
|-supereffective|p1a: Greninja
|-damage|p1a: Greninja|0 fnt
|faint|p1a: Greninja
|
|upkeep
|
|t:|1602287267
|switch|p1a: Zacian|Zacian-Crowned|100/100
|-ability|p1a: Zacian|Intrepid Sword|boost
|-boost|p1a: Zacian|atk|1
|turn|19
|
|t:|1602287272
|move|p2a: Indeedee|Stored Power|p1a: Zacian
|-resisted|p1a: Zacian
|-damage|p1a: Zacian|0 fnt
|faint|p1a: Zacian
|
|upkeep
|
|t:|1602287276
|switch|p1a: Ditto|Ditto|100/100
|-transform|p1a: Ditto|p2a: Indeedee|[from] ability: Imposter
|turn|20
|
|t:|1602287281
|-activate|p1a: Ditto|move: Struggle
|move|p1a: Ditto|Struggle|p2a: Indeedee
|-damage|p2a: Indeedee|47/100
|-damage|p1a: Ditto|75/100|[from] recoil
|move|p2a: Indeedee|Stored Power|p1a: Ditto
|-resisted|p1a: Ditto
|-damage|p1a: Ditto|8/100
|
|-fieldend|move: Psychic Terrain
|upkeep
|turn|21
|
|t:|1602287288
|-start|p2a: Indeedee|Dynamax
|-heal|p2a: Indeedee|47/100|[silent]
|-activate|p1a: Ditto|move: Struggle
|move|p1a: Ditto|Struggle|p2a: Indeedee
|-damage|p2a: Indeedee|46/100
|-damage|p1a: Ditto|0 fnt|[from] recoil
|faint|p1a: Ditto
|move|p2a: Indeedee|Max Mindstorm|p1: Ditto|[notarget]
|-fail|p2a: Indeedee
|
|upkeep
|-message|Lone Thief forfeited.
|
|win|hooper 89
|l|☆Lone Thief
|c|☆hooper 89|gg
|raw|Lone Thief's rating: 1633 &rarr; <strong>1618</strong><br />(-15 for losing)
|raw|hooper 89's rating: 1718 &rarr; <strong>1734</strong><br />(+16 for winning)
