|j|☆rowletroost
|j|☆soda49
|t:|1641780111
|gametype|singles
|player|p1|rowletroost|lance|1692
|player|p2|soda49|265|1592
|teamsize|p1|6
|teamsize|p2|6
|gen|8
|tier|[Gen 8] National Dex AG
|rated|
|rule|HP Percentage Mod: HP is shown in percentages
|rule|Endless Battle Clause: Forcing endless battles is banned
|clearpoke
|poke|p1|Arceus-*|
|poke|p1|Xerneas-*|
|poke|p1|Kyogre|
|poke|p1|Marshadow|
|poke|p1|Ribombee, F|
|poke|p1|Vivillon-Savanna, M|
|poke|p2|Smeargle, M|
|poke|p2|Charizard, M|
|poke|p2|Mimikyu, M|
|poke|p2|Calyrex-Shadow|
|poke|p2|Thundurus, M|
|poke|p2|Gothitelle, M|
|teampreview
|inactive|Battle timer is ON: inactive players will automatically lose when time's up. (requested by soda49)
|inactive|rowletroost also wants the timer to be on.
|
|t:|1641780119
|start
|switch|p1a: Marshadow|Marshadow|100/100
|switch|p2a: Gothitelle|Gothitelle, M|100/100
|turn|1
|
|t:|1641780127
|switch|p2a: Mimikyu|Mimikyu, M|100/100
|move|p1a: Marshadow|Spectral Thief|p2a: Mimikyu
|-activate|p2a: Mimikyu|ability: Disguise
|-damage|p2a: Mimikyu|100/100
|detailschange|p2a: Mimikyu|Mimikyu-Busted, M
|-damage|p2a: Mimikyu|88/100|[from] pokemon: Mimikyu-Busted
|
|upkeep
|turn|2
|
|t:|1641780136
|switch|p2a: The wobbler|Smeargle, M|100/100
|move|p1a: Marshadow|Shadow Sneak|p2a: The wobbler
|-immune|p2a: The wobbler
|
|-ability|p2a: The wobbler|Moody|boost
|-boost|p2a: The wobbler|spd|2
|-unboost|p2a: The wobbler|def|1
|upkeep
|turn|3
|
|t:|1641780143
|switch|p1a: Ribombee|Ribombee, F, shiny|100/100
|switch|p2a: Mimikyu|Mimikyu-Busted, M|88/100
|
|upkeep
|turn|4
|
|t:|1641780149
|switch|p2a: Gothitelle|Gothitelle, M|100/100
|move|p1a: Ribombee|Sticky Web|p2a: Gothitelle
|-sidestart|p2: soda49|move: Sticky Web
|
|upkeep
|turn|5
|
|t:|1641780152
|move|p1a: Ribombee|Moonblast|p2a: Gothitelle
|-damage|p2a: Gothitelle|64/100
|move|p2a: Gothitelle|Trick|p1a: Ribombee
|-activate|p2a: Gothitelle|move: Trick|[of] p1a: Ribombee
|-item|p1a: Ribombee|Choice Scarf|[from] move: Trick
|-item|p2a: Gothitelle|Focus Sash|[from] move: Trick
|
|upkeep
|turn|6
|
|t:|1641780156
|move|p1a: Ribombee|Moonblast|p2a: Gothitelle
|-damage|p2a: Gothitelle|27/100
|move|p2a: Gothitelle|Torment|p1a: Ribombee
|-start|p1a: Ribombee|Torment
|
|upkeep
|turn|7
|
|t:|1641780162
|-activate|p1a: Ribombee|move: Struggle
|move|p1a: Ribombee|Struggle|p2a: Gothitelle
|-damage|p2a: Gothitelle|21/100
|-damage|p1a: Ribombee|76/100|[from] recoil
|move|p2a: Gothitelle|Rest|p2a: Gothitelle
|-status|p2a: Gothitelle|slp|[from] move: Rest
|-heal|p2a: Gothitelle|100/100 slp|[silent]
|
|upkeep
|turn|8
|
|t:|1641780169
|move|p1a: Ribombee|Moonblast|p2a: Gothitelle
|-damage|p2a: Gothitelle|65/100 slp
|-unboost|p2a: Gothitelle|spa|1
|cant|p2a: Gothitelle|slp
|
|upkeep
|turn|9
|
|t:|1641780173
|-activate|p1a: Ribombee|move: Struggle
|move|p1a: Ribombee|Struggle|p2a: Gothitelle
|-damage|p2a: Gothitelle|59/100 slp
|-damage|p1a: Ribombee|51/100|[from] recoil
|cant|p2a: Gothitelle|slp
|
|upkeep
|turn|10
|
|t:|1641780181
|move|p1a: Ribombee|Moonblast|p2a: Gothitelle
|-damage|p2a: Gothitelle|24/100 slp
|-curestatus|p2a: Gothitelle|slp|[msg]
|move|p2a: Gothitelle|Rest|p2a: Gothitelle
|-status|p2a: Gothitelle|slp|[from] move: Rest
|-heal|p2a: Gothitelle|100/100 slp|[silent]
|
|upkeep
|turn|11
|
|t:|1641780188
|-activate|p1a: Ribombee|move: Struggle
|move|p1a: Ribombee|Struggle|p2a: Gothitelle
|-damage|p2a: Gothitelle|96/100 slp
|-damage|p1a: Ribombee|26/100|[from] recoil
|cant|p2a: Gothitelle|slp
|
|upkeep
|turn|12
|
|t:|1641780192
|move|p1a: Ribombee|Moonblast|p2a: Gothitelle
|-damage|p2a: Gothitelle|58/100 slp
|cant|p2a: Gothitelle|slp
|
|upkeep
|turn|13
|
|t:|1641780198
|-activate|p1a: Ribombee|move: Struggle
|move|p1a: Ribombee|Struggle|p2a: Gothitelle
|-damage|p2a: Gothitelle|53/100 slp
|-damage|p1a: Ribombee|1/100|[from] recoil
|-curestatus|p2a: Gothitelle|slp|[msg]
|move|p2a: Gothitelle|Cosmic Power|p2a: Gothitelle
|-boost|p2a: Gothitelle|def|1
|-boost|p2a: Gothitelle|spd|1
|
|upkeep
|turn|14
|
|t:|1641780204
|move|p1a: Ribombee|Moonblast|p2a: Gothitelle
|-damage|p2a: Gothitelle|25/100
|move|p2a: Gothitelle|Rest|p2a: Gothitelle
|-status|p2a: Gothitelle|slp|[from] move: Rest
|-heal|p2a: Gothitelle|100/100 slp|[silent]
|
|upkeep
|turn|15
|
|t:|1641780208
|-activate|p1a: Ribombee|move: Struggle
|move|p1a: Ribombee|Struggle|p2a: Gothitelle
|-damage|p2a: Gothitelle|97/100 slp
|-damage|p1a: Ribombee|0 fnt|[from] recoil
|faint|p1a: Ribombee
|cant|p2a: Gothitelle|slp
|
|upkeep
|
|t:|1641780210
|switch|p1a: Marshadow|Marshadow|100/100
|turn|16
|
|t:|1641780216
|move|p1a: Marshadow|Spectral Thief||[still]
|-clearpositiveboost|p2a: Gothitelle|p1a: Marshadow|move: Spectral Thief
|-boost|p1a: Marshadow|def|1
|-boost|p1a: Marshadow|spd|1
|-anim|p1a: Marshadow|Spectral Thief|p2a: Gothitelle
|-supereffective|p2a: Gothitelle
|-damage|p2a: Gothitelle|0 fnt
|faint|p2a: Gothitelle
|
|upkeep
|
|t:|1641780230
|switch|p2a: Thundurus|Thundurus, M|100/100
|turn|17
|
|t:|1641780235
|move|p2a: Thundurus|Defog|p1a: Marshadow
|-unboost|p1a: Marshadow|evasion|1
|-sideend|p2: soda49|Sticky Web|[from] move: Defog|[of] p2a: Thundurus
|move|p1a: Marshadow|Rock Tomb|p2a: Thundurus
|-supereffective|p2a: Thundurus
|-damage|p2a: Thundurus|5/100
|-unboost|p2a: Thundurus|spe|1
|
|upkeep
|turn|18
|
|t:|1641780238
|move|p1a: Marshadow|Shadow Sneak|p2a: Thundurus
|-damage|p2a: Thundurus|0 fnt
|faint|p2a: Thundurus
|
|upkeep
|
|t:|1641780242
|switch|p2a: Calyrex|Calyrex-Shadow|100/100
|-ability|p2a: Calyrex|As One
|-ability|p2a: Calyrex|Unnerve
|turn|19
|
|t:|1641780254
|-start|p2a: Calyrex|Dynamax
|-heal|p2a: Calyrex|100/100|[silent]
|move|p2a: Calyrex|Max Mindstorm|p1a: Marshadow
|-supereffective|p1a: Marshadow
|-enditem|p1a: Marshadow|Focus Sash
|-damage|p1a: Marshadow|1/100
|-fieldstart|move: Psychic Terrain
|move|p1a: Marshadow|Rock Tomb|p2a: Calyrex
|-damage|p2a: Calyrex|81/100
|-unboost|p2a: Calyrex|spe|1
|
|upkeep
|turn|20
|
|t:|1641780258
|move|p1a: Marshadow|Spectral Thief|p2a: Calyrex
|-supereffective|p2a: Calyrex
|-damage|p2a: Calyrex|0 fnt
|faint|p2a: Calyrex
|
|upkeep
|
|t:|1641780263
|switch|p2a: Mimikyu|Mimikyu-Busted, M|88/100
|turn|21
|
|t:|1641780267
|switch|p2a: The wobbler|Smeargle, M|100/100
|move|p1a: Marshadow|Spectral Thief|p2a: The wobbler
|-immune|p2a: The wobbler
|
|-ability|p2a: The wobbler|Moody|boost
|-boost|p2a: The wobbler|spe|2
|-unboost|p2a: The wobbler|atk|1
|upkeep
|turn|22
|
|t:|1641780279
|switch|p1a: Kyogre|Kyogre, shiny|100/100
|detailschange|p1a: Kyogre|Kyogre-Primal, shiny
|-primal|p1a: Kyogre
|-weather|PrimordialSea|[from] ability: Primordial Sea|[of] p1a: Kyogre
|move|p2a: The wobbler|Spore|p1a: Kyogre
|-status|p1a: Kyogre|slp|[from] move: Spore
|
|-weather|PrimordialSea|[upkeep]
|-ability|p2a: The wobbler|Moody|boost
|-boost|p2a: The wobbler|spe|2
|-unboost|p2a: The wobbler|def|1
|upkeep
|turn|23
|
|t:|1641780286
|move|p2a: The wobbler|Substitute|p2a: The wobbler
|-start|p2a: The wobbler|Substitute
|-damage|p2a: The wobbler|76/100
|cant|p1a: Kyogre|slp
|
|-weather|PrimordialSea|[upkeep]
|-heal|p2a: The wobbler|82/100|[from] item: Leftovers
|-fieldend|move: Psychic Terrain
|-ability|p2a: The wobbler|Moody|boost
|-boost|p2a: The wobbler|spd|2
|-unboost|p2a: The wobbler|atk|1
|upkeep
|turn|24
|
|t:|1641780302
|move|p2a: The wobbler|Power Trip|p1a: Kyogre
|-damage|p1a: Kyogre|92/100 slp
|cant|p1a: Kyogre|slp
|
|-weather|PrimordialSea|[upkeep]
|-heal|p2a: The wobbler|88/100|[from] item: Leftovers
|-ability|p2a: The wobbler|Moody|boost
|-boost|p2a: The wobbler|spa|2
|-unboost|p2a: The wobbler|atk|1
|upkeep
|turn|25
|
|t:|1641780319
|move|p2a: The wobbler|Shell Smash|p2a: The wobbler
|-unboost|p2a: The wobbler|def|1
|-unboost|p2a: The wobbler|spd|1
|-boost|p2a: The wobbler|atk|2
|-boost|p2a: The wobbler|spa|2
|-boost|p2a: The wobbler|spe|2
|cant|p1a: Kyogre|slp
|
|-weather|PrimordialSea|[upkeep]
|-heal|p2a: The wobbler|94/100|[from] item: Leftovers
|-ability|p2a: The wobbler|Moody|boost
|-boost|p2a: The wobbler|spa|2
|-unboost|p2a: The wobbler|spd|1
|upkeep
|turn|26
|
|t:|1641780321
|move|p2a: The wobbler|Power Trip|p1a: Kyogre
|-damage|p1a: Kyogre|71/100 slp
|-curestatus|p1a: Kyogre|slp|[msg]
|move|p1a: Kyogre|Roar|p2a: The wobbler
|drag|p2a: Mimikyu|Mimikyu-Busted, M|88/100
|
|-weather|PrimordialSea|[upkeep]
|upkeep
|turn|27
|
|t:|1641780327
|move|p1a: Kyogre|Origin Pulse|p2a: Mimikyu|[miss]
|-miss|p1a: Kyogre|p2a: Mimikyu
|move|p2a: Mimikyu|Trick Room|p2a: Mimikyu
|-fieldstart|move: Trick Room|[of] p2a: Mimikyu
|
|-weather|PrimordialSea|[upkeep]
|upkeep
|turn|28
|
|t:|1641780334
|-weather|none
|switch|p1a: Arceus|Arceus-Ground|100/100
|move|p2a: Mimikyu|Curse|p1a: Arceus
|-start|p1a: Arceus|Curse|[of] p2a: Mimikyu
|-damage|p2a: Mimikyu|38/100
|
|-damage|p1a: Arceus|75/100|[from] Curse
|upkeep
|turn|29
|
|t:|1641780340
|switch|p1a: Xerneas|Xerneas, shiny|100/100
|-ability|p1a: Xerneas|Fairy Aura
|move|p2a: Mimikyu|Destiny Bond|p2a: Mimikyu
|-singlemove|p2a: Mimikyu|Destiny Bond
|
|upkeep
|turn|30
|
|t:|1641780345
|move|p2a: Mimikyu|Curse|p1a: Xerneas
|-start|p1a: Xerneas|Curse|[of] p2a: Mimikyu
|-damage|p2a: Mimikyu|0 fnt
|faint|p2a: Mimikyu
|move|p1a: Xerneas|Geomancy||[still]
|-prepare|p1a: Xerneas|Geomancy
|-enditem|p1a: Xerneas|Power Herb
|-anim|p1a: Xerneas|Geomancy|p1a: Xerneas
|-boost|p1a: Xerneas|spa|2
|-boost|p1a: Xerneas|spd|2
|-boost|p1a: Xerneas|spe|2
|
|-damage|p1a: Xerneas|76/100|[from] Curse
|upkeep
|
|t:|1641780348
|switch|p2a: The wobbler|Smeargle, M|94/100
|turn|31
|
|t:|1641780354
|move|p2a: The wobbler|Spore|p1a: Xerneas
|-status|p1a: Xerneas|slp|[from] move: Spore
|cant|p1a: Xerneas|slp
|
|-heal|p2a: The wobbler|99/100|[from] item: Leftovers
|-damage|p1a: Xerneas|51/100 slp|[from] Curse
|-fieldend|move: Trick Room
|-ability|p2a: The wobbler|Moody|boost
|-boost|p2a: The wobbler|spe|2
|-unboost|p2a: The wobbler|spd|1
|upkeep
|turn|32
|
|t:|1641780361
|move|p2a: The wobbler|Substitute|p2a: The wobbler
|-start|p2a: The wobbler|Substitute
|-damage|p2a: The wobbler|75/100
|-curestatus|p1a: Xerneas|slp|[msg]
|move|p1a: Xerneas|Moonblast|p2a: The wobbler
|-end|p2a: The wobbler|Substitute
|
|-heal|p2a: The wobbler|81/100|[from] item: Leftovers
|-damage|p1a: Xerneas|26/100|[from] Curse
|-ability|p2a: The wobbler|Moody|boost
|-boost|p2a: The wobbler|spe|2
|-unboost|p2a: The wobbler|spd|1
|upkeep
|turn|33
|
|t:|1641780370
|-start|p1a: Xerneas|Dynamax
|-heal|p1a: Xerneas|26/100|[silent]
|move|p2a: The wobbler|Spore|p1a: Xerneas
|-status|p1a: Xerneas|slp|[from] move: Spore
|cant|p1a: Xerneas|slp
|
|-heal|p2a: The wobbler|87/100|[from] item: Leftovers
|-damage|p1a: Xerneas|13/100 slp|[from] Curse
|-ability|p2a: The wobbler|Moody|boost
|-boost|p2a: The wobbler|spa|2
|-unboost|p2a: The wobbler|def|1
|upkeep
|turn|34
|
|t:|1641780374
|move|p2a: The wobbler|Substitute|p2a: The wobbler
|-start|p2a: The wobbler|Substitute
|-damage|p2a: The wobbler|62/100
|cant|p1a: Xerneas|slp
|
|-heal|p2a: The wobbler|68/100|[from] item: Leftovers
|-damage|p1a: Xerneas|1/100 slp|[from] Curse
|-ability|p2a: The wobbler|Moody|boost
|-boost|p2a: The wobbler|spd|2
|-unboost|p2a: The wobbler|spe|1
|upkeep
|turn|35
|
|t:|1641780380
|move|p2a: The wobbler|Shell Smash|p2a: The wobbler
|-unboost|p2a: The wobbler|def|1
|-unboost|p2a: The wobbler|spd|1
|-boost|p2a: The wobbler|atk|2
|-boost|p2a: The wobbler|spa|2
|-boost|p2a: The wobbler|spe|2
|-curestatus|p1a: Xerneas|slp|[msg]
|move|p1a: Xerneas|Max Starfall|p2a: The wobbler
|-end|p2a: The wobbler|Substitute
|-fieldstart|move: Misty Terrain
|
|-heal|p2a: The wobbler|74/100|[from] item: Leftovers
|-damage|p1a: Xerneas|0 fnt|[from] Curse
|faint|p1a: Xerneas
|-ability|p2a: The wobbler|Moody|boost
|-boost|p2a: The wobbler|def|2
|-unboost|p2a: The wobbler|spd|1
|upkeep
|
|t:|1641780391
|switch|p1a: Kyogre|Kyogre-Primal, shiny|71/100
|-weather|PrimordialSea|[from] ability: Primordial Sea|[of] p1a: Kyogre
|turn|36
|
|t:|1641780402
|move|p2a: The wobbler|Power Trip|p1a: Kyogre
|-damage|p1a: Kyogre|15/100
|move|p1a: Kyogre|Thunder|p2a: The wobbler
|-damage|p2a: The wobbler|0 fnt
|faint|p2a: The wobbler
|
|-weather|PrimordialSea|[upkeep]
|upkeep
|
|t:|1641780405
|switch|p2a: Charizard|Charizard, M|100/100
|turn|37
|
|t:|1641780410
|move|p2a: Charizard|Air Slash|p1a: Kyogre
|-damage|p1a: Kyogre|0 fnt
|faint|p1a: Kyogre
|-weather|none
|
|upkeep
|
|t:|1641780414
|switch|p1a: Marshadow|Marshadow|1/100
|turn|38
|
|t:|1641780419
|move|p1a: Marshadow|Rock Tomb|p2a: Charizard
|-supereffective|p2a: Charizard
|-damage|p2a: Charizard|0 fnt
|faint|p2a: Charizard
|
|win|rowletroost
|raw|rowletroost's rating: 1692 &rarr; <strong>1706</strong><br />(+14 for winning)
|raw|soda49's rating: 1592 &rarr; <strong>1578</strong><br />(-14 for losing)
|l|☆soda49
