|j|☆Goku Uchiha 2001
|j|☆Xx_MLGprosniper_xX
|t:|1664141095
|gametype|singles
|player|p1|Goku Uchiha 2001|blue-gen3two|1522
|player|p2|Xx_MLGprosniper_xX|170|1601
|teamsize|p1|6
|teamsize|p2|6
|gen|8
|tier|[Gen 8] National Dex AG
|rated|
|rule|HP Percentage Mod: HP is shown in percentages
|rule|Endless Battle Clause: Forcing endless battles is banned
|clearpoke
|poke|p1|Ditto|
|poke|p1|Aegislash, M|
|poke|p1|Kommo-o, M|
|poke|p1|Salamence, F|
|poke|p1|Shuckle, L1, F|
|poke|p1|Zeraora|
|poke|p2|Groudon|
|poke|p2|Kyogre|
|poke|p2|Rayquaza|
|poke|p2|Arceus-*|
|poke|p2|Giratina-Origin|
|poke|p2|Yveltal|
|teampreview
|inactive|Battle timer is ON: inactive players will automatically lose when time's up. (requested by Goku Uchiha 2001)
|
|t:|1664141108
|start
|switch|p1a: Shuckle|Shuckle, L1, F, shiny|100/100
|switch|p2a: Groudon|Groudon|100/100
|detailschange|p2a: Groudon|Groudon-Primal
|-primal|p2a: Groudon
|-weather|DesolateLand|[from] ability: Desolate Land|[of] p2a: Groudon
|turn|1
|inactive|Xx_MLGprosniper_xX has 120 seconds left.
|
|t:|1664141146
|move|p2a: Groudon|Rock Polish|p2a: Groudon
|-boost|p2a: Groudon|spe|2
|move|p1a: Shuckle|Stealth Rock|p2a: Groudon
|-sidestart|p2: Xx_MLGprosniper_xX|move: Stealth Rock
|
|-weather|DesolateLand|[upkeep]
|upkeep
|turn|2
|
|t:|1664141156
|move|p2a: Groudon|Earthquake|p1a: Shuckle
|-ability|p1a: Shuckle|Sturdy
|-damage|p1a: Shuckle|10/100
|-enditem|p1a: Shuckle|Berry Juice
|-heal|p1a: Shuckle|100/100|[from] item: Berry Juice
|move|p1a: Shuckle|Encore|p2a: Groudon
|-start|p2a: Groudon|Encore
|
|-weather|DesolateLand|[upkeep]
|upkeep
|turn|3
|
|t:|1664141160
|move|p2a: Groudon|Earthquake|p1a: Shuckle
|-ability|p1a: Shuckle|Sturdy
|-damage|p1a: Shuckle|10/100
|move|p1a: Shuckle|Sticky Web|p2a: Groudon
|-sidestart|p2: Xx_MLGprosniper_xX|move: Sticky Web
|
|-weather|DesolateLand|[upkeep]
|upkeep
|turn|4
|
|t:|1664141162
|move|p2a: Groudon|Earthquake|p1a: Shuckle
|-damage|p1a: Shuckle|0 fnt
|faint|p1a: Shuckle
|
|-weather|DesolateLand|[upkeep]
|upkeep
|
|t:|1664141166
|switch|p1a: Salamence|Salamence, F|100/100
|-ability|p1a: Salamence|Intimidate|boost
|-unboost|p2a: Groudon|atk|1
|turn|5
|
|t:|1664141175
|detailschange|p1a: Salamence|Salamence-Mega, F
|-mega|p1a: Salamence|Salamence|Salamencite
|move|p2a: Groudon|Earthquake|p1a: Salamence
|-immune|p1a: Salamence
|move|p1a: Salamence|Dragon Dance|p1a: Salamence
|-boost|p1a: Salamence|atk|1
|-boost|p1a: Salamence|spe|1
|
|-weather|DesolateLand|[upkeep]
|-end|p2a: Groudon|Encore
|upkeep
|turn|6
|
|t:|1664141181
|move|p1a: Salamence|Frustration|p2a: Groudon
|-damage|p2a: Groudon|32/100
|move|p2a: Groudon|Stone Edge|p1a: Salamence|[miss]
|-miss|p2a: Groudon|p1a: Salamence
|
|-weather|DesolateLand|[upkeep]
|upkeep
|turn|7
|
|t:|1664141188
|move|p1a: Salamence|Frustration|p2a: Groudon
|-damage|p2a: Groudon|0 fnt
|faint|p2a: Groudon
|-weather|none
|
|upkeep
|
|t:|1664141202
|switch|p2a: Giratina|Giratina-Origin|100/100
|-damage|p2a: Giratina|88/100|[from] Stealth Rock
|turn|8
|
|t:|1664141208
|-start|p2a: Giratina|Dynamax|
|-heal|p2a: Giratina|88/100|[silent]
|move|p1a: Salamence|Frustration|p2a: Giratina
|-damage|p2a: Giratina|49/100
|move|p2a: Giratina|Max Wyrmwind|p1a: Salamence
|-supereffective|p1a: Salamence
|-damage|p1a: Salamence|0 fnt
|faint|p1a: Salamence
|
|upkeep
|
|t:|1664141220
|switch|p1a: Aegislash|Aegislash, M|100/100
|turn|9
|
|t:|1664141231
|move|p2a: Giratina|Max Phantasm|p1a: Aegislash
|-supereffective|p1a: Aegislash
|-damage|p1a: Aegislash|0 fnt
|faint|p1a: Aegislash
|
|upkeep
|
|t:|1664141238
|switch|p1a: Ditto|Ditto, shiny|100/100
|-transform|p1a: Ditto|p2a: Giratina|[from] ability: Imposter
|turn|10
|
|t:|1664141243
|move|p1a: Ditto|Shadow Force||[still]
|-prepare|p1a: Ditto|Shadow Force
|move|p2a: Giratina|Max Phantasm|p1a: Ditto|[miss]
|-miss|p2a: Giratina|p1a: Ditto
|
|upkeep
|-end|p2a: Giratina|Dynamax
|-heal|p2a: Giratina|49/100|[silent]
|turn|11
|
|t:|1664141247
|switch|p2a: Yveltal|Yveltal|100/100
|-damage|p2a: Yveltal|76/100|[from] Stealth Rock
|-ability|p2a: Yveltal|Dark Aura
|move|p1a: Ditto|Shadow Force|p2a: Yveltal|[from]lockedmove
|-resisted|p2a: Yveltal
|-damage|p2a: Yveltal|49/100
|
|upkeep
|turn|12
|
|t:|1664141262
|switch|p1a: Kommo-o|Kommo-o, M|100/100
|move|p2a: Yveltal|Roost|p2a: Yveltal
|-heal|p2a: Yveltal|99/100
|-singleturn|p2a: Yveltal|move: Roost
|
|upkeep
|turn|13
|
|t:|1664141270
|move|p1a: Kommo-o|Ice Punch|p2a: Yveltal
|-supereffective|p2a: Yveltal
|-damage|p2a: Yveltal|60/100
|-enditem|p2a: Yveltal|Weakness Policy
|-boost|p2a: Yveltal|atk|2|[from] item: Weakness Policy
|-boost|p2a: Yveltal|spa|2|[from] item: Weakness Policy
|move|p2a: Yveltal|Oblivion Wing|p1a: Kommo-o
|-supereffective|p1a: Kommo-o
|-damage|p1a: Kommo-o|0 fnt
|-heal|p2a: Yveltal|100/100|[from] drain|[of] p1a: Kommo-o
|faint|p1a: Kommo-o
|
|upkeep
|
|t:|1664141276
|switch|p1a: Ditto|Ditto, shiny|100/100
|-transform|p1a: Ditto|p2a: Yveltal|[from] ability: Imposter
|-ability|p1a: Ditto|Dark Aura
|turn|14
|
|t:|1664141279
|-start|p1a: Ditto|Dynamax|
|-heal|p1a: Ditto|100/100|[silent]
|move|p1a: Ditto|Max Airstream|p2a: Yveltal
|-damage|p2a: Yveltal|0 fnt
|-boost|p1a: Ditto|spe|1
|faint|p2a: Yveltal
|
|upkeep
|
|t:|1664141293
|switch|p2a: Giratina|Giratina-Origin|49/100
|-damage|p2a: Giratina|37/100|[from] Stealth Rock
|turn|15
|
|t:|1664141299
|move|p1a: Ditto|Max Airstream|p2a: Giratina
|-damage|p2a: Giratina|0 fnt
|-boost|p1a: Ditto|spe|1
|faint|p2a: Giratina
|
|upkeep
|
|t:|1664141304
|switch|p2a: Kyogre|Kyogre|100/100
|-damage|p2a: Kyogre|88/100|[from] Stealth Rock
|-activate|p2a: Kyogre|move: Sticky Web
|-unboost|p2a: Kyogre|spe|1
|detailschange|p2a: Kyogre|Kyogre-Primal
|-primal|p2a: Kyogre
|-weather|PrimordialSea|[from] ability: Primordial Sea|[of] p2a: Kyogre
|turn|16
|
|t:|1664141310
|move|p1a: Ditto|Max Darkness|p2a: Kyogre
|-damage|p2a: Kyogre|0 fnt
|faint|p2a: Kyogre
|-weather|none
|
|upkeep
|
|t:|1664141312
|switch|p2a: Arceus|Arceus|100/100
|-damage|p2a: Arceus|88/100|[from] Stealth Rock
|-activate|p2a: Arceus|move: Sticky Web
|-unboost|p2a: Arceus|spe|1
|-end|p1a: Ditto|Dynamax
|-heal|p1a: Ditto|100/100|[silent]
|turn|17
|
|t:|1664141325
|move|p2a: Arceus|Extreme Speed|p1a: Ditto
|-damage|p1a: Ditto|30/100
|-damage|p2a: Arceus|78/100|[from] item: Life Orb
|move|p1a: Ditto|Dark Pulse|p2a: Arceus
|-damage|p2a: Arceus|0 fnt
|faint|p2a: Arceus
|
|upkeep
|
|t:|1664141329
|switch|p2a: Rayquaza|Rayquaza|100/100
|-damage|p2a: Rayquaza|76/100|[from] Stealth Rock
|-ability|p2a: Rayquaza|Air Lock
|turn|18
|
|t:|1664141334
|switch|p1a: Zeraora|Zeraora, shiny|100/100
|detailschange|p2a: Rayquaza|Rayquaza-Mega
|-mega|p2a: Rayquaza|Rayquaza|
|-weather|DeltaStream|[from] ability: Delta Stream|[of] p2a: Rayquaza
|move|p2a: Rayquaza|Earthquake|p1a: Zeraora
|-supereffective|p1a: Zeraora
|-damage|p1a: Zeraora|0 fnt
|faint|p1a: Zeraora
|
|-weather|DeltaStream|[upkeep]
|upkeep
|
|t:|1664141337
|switch|p1a: Ditto|Ditto, shiny|30/100
|-transform|p1a: Ditto|p2a: Rayquaza|[from] ability: Imposter
|turn|19
|-message|Xx_MLGprosniper_xX forfeited.
|
|win|Goku Uchiha 2001
|raw|Goku Uchiha 2001's rating: 1522 &rarr; <strong>1546</strong><br />(+24 for winning)
|raw|Xx_MLGprosniper_xX's rating: 1601 &rarr; <strong>1577</strong><br />(-24 for losing)
|l|☆Xx_MLGprosniper_xX
