|j|‽Dankyul
|j|☆xqiht
|t:|1666454232
|gametype|singles
|player|p1|Dankyul|lucas-gen4pt|1720
|player|p2|xqiht|elesa-masters|1714
|teamsize|p1|6
|teamsize|p2|6
|gen|8
|tier|[Gen 8] National Dex AG
|rated|
|rule|HP Percentage Mod: HP is shown in percentages
|rule|Endless Battle Clause: Forcing endless battles is banned
|clearpoke
|poke|p1|Marshadow|
|poke|p1|Xerneas-*|
|poke|p1|Groudon|
|poke|p1|Zacian-*|
|poke|p1|Banette, F|
|poke|p1|Arceus-*|
|poke|p2|Rayquaza|
|poke|p2|Kyogre|
|poke|p2|Necrozma-Dusk-Mane|
|poke|p2|Zacian-*|
|poke|p2|Zygarde|
|poke|p2|Yveltal|
|teampreview
|inactive|Battle timer is ON: inactive players will automatically lose when time's up. (requested by Dankyul)
|
|t:|1666454249
|start
|switch|p1a: Arceus|Arceus-Ground|100/100
|switch|p2a: Necrozma|Necrozma-Dusk-Mane|100/100
|turn|1
|
|t:|1666454275
|move|p1a: Arceus|Judgment|p2a: Necrozma
|-supereffective|p2a: Necrozma
|-damage|p2a: Necrozma|29/100
|move|p2a: Necrozma|Stealth Rock|p1a: Arceus
|-sidestart|p1: Dankyul|move: Stealth Rock
|
|upkeep
|turn|2
|
|t:|1666454285
|switch|p2a: Yveltal|Yveltal|100/100
|-ability|p2a: Yveltal|Dark Aura
|move|p1a: Arceus|Judgment|p2a: Yveltal
|-immune|p2a: Yveltal
|
|upkeep
|turn|3
|
|t:|1666454297
|move|p1a: Arceus|Defog|p2a: Yveltal
|-unboost|p2a: Yveltal|evasion|1
|-sideend|p1: Dankyul|Stealth Rock|[from] move: Defog|[of] p1a: Arceus
|move|p2a: Yveltal|Snarl|p1a: Arceus
|-damage|p1a: Arceus|77/100
|-unboost|p1a: Arceus|spa|1
|
|upkeep
|turn|4
|
|t:|1666454308
|move|p1a: Arceus|Stealth Rock|p2a: Yveltal
|-sidestart|p2: xqiht|move: Stealth Rock
|move|p2a: Yveltal|U-turn|p1a: Arceus
|-damage|p1a: Arceus|61/100
|inactive|xqiht has 120 seconds left.
|
|t:|1666454331
|switch|p2a: Zacian|Zacian-Crowned|100/100|[from]move: U-turn
|-damage|p2a: Zacian|94/100|[from] Stealth Rock
|-ability|p2a: Zacian|Intrepid Sword|boost
|-boost|p2a: Zacian|atk|1
|
|upkeep
|turn|5
|inactive|xqiht has 120 seconds left.
|
|t:|1666454361
|move|p2a: Zacian|Behemoth Blade|p1a: Arceus
|-damage|p1a: Arceus|0 fnt
|faint|p1a: Arceus
|
|upkeep
|
|t:|1666454365
|switch|p1a: Groudon|Groudon|100/100
|detailschange|p1a: Groudon|Groudon-Primal
|-primal|p1a: Groudon
|-weather|DesolateLand|[from] ability: Desolate Land|[of] p1a: Groudon
|turn|6
|
|t:|1666454387
|switch|p2a: Yveltal|Yveltal|100/100
|-ability|p2a: Yveltal|Dark Aura
|move|p1a: Groudon|Fire Punch|p2a: Yveltal
|-damage|p2a: Yveltal|40/100
|
|-weather|DesolateLand|[upkeep]
|upkeep
|turn|7
|
|t:|1666454395
|switch|p2a: Kyogre|Kyogre|100/100
|-damage|p2a: Kyogre|88/100|[from] Stealth Rock
|detailschange|p2a: Kyogre|Kyogre-Primal
|-primal|p2a: Kyogre
|-weather|PrimordialSea|[from] ability: Primordial Sea|[of] p2a: Kyogre
|move|p1a: Groudon|Fire Punch||[still]
|-fail|p1a: Groudon|Fire Punch|[from] Primordial Sea
|
|-weather|PrimordialSea|[upkeep]
|upkeep
|turn|8
|
|t:|1666454415
|move|p2a: Kyogre|Water Spout|p1a: Groudon
|-supereffective|p1a: Groudon
|-damage|p1a: Groudon|0 fnt
|faint|p1a: Groudon
|
|-weather|PrimordialSea|[upkeep]
|upkeep
|
|t:|1666454418
|switch|p1a: Banette|Banette, F|100/100
|turn|9
|
|t:|1666454423
|-weather|none
|switch|p2a: Yveltal|Yveltal|40/100
|-ability|p2a: Yveltal|Dark Aura
|detailschange|p1a: Banette|Banette-Mega, F
|-mega|p1a: Banette|Banette|Banettite
|move|p1a: Banette|Destiny Bond|p1a: Banette
|-singlemove|p1a: Banette|Destiny Bond
|
|upkeep
|turn|10
|
|t:|1666454430
|move|p2a: Yveltal|Roost|p2a: Yveltal
|-heal|p2a: Yveltal|90/100
|-singleturn|p2a: Yveltal|move: Roost
|move|p1a: Banette|Shadow Claw|p2a: Yveltal
|-resisted|p2a: Yveltal
|-damage|p2a: Yveltal|70/100
|
|upkeep
|turn|11
|
|t:|1666454433
|move|p1a: Banette|Destiny Bond|p1a: Banette
|-singlemove|p1a: Banette|Destiny Bond
|move|p2a: Yveltal|Defog|p1a: Banette
|-unboost|p1a: Banette|evasion|1
|-sideend|p2: xqiht|Stealth Rock|[from] move: Defog|[of] p2a: Yveltal
|
|upkeep
|turn|12
|
|t:|1666454437
|move|p2a: Yveltal|U-turn|p1a: Banette
|-resisted|p1a: Banette
|-damage|p1a: Banette|88/100
|j| ddddddabai
|
|t:|1666454455
|switch|p2a: Zacian|Zacian-Crowned|94/100|[from]move: U-turn
|-ability|p2a: Zacian|Intrepid Sword|boost
|-boost|p2a: Zacian|atk|1
|move|p1a: Banette|Shadow Claw|p2a: Zacian
|-damage|p2a: Zacian|45/100
|
|upkeep
|turn|13
|
|t:|1666454466
|switch|p2a: Yveltal|Yveltal|70/100
|-ability|p2a: Yveltal|Dark Aura
|move|p1a: Banette|Destiny Bond|p1a: Banette
|-singlemove|p1a: Banette|Destiny Bond
|
|upkeep
|turn|14
|
|t:|1666454472
|move|p2a: Yveltal|Snarl|p1a: Banette
|-supereffective|p1a: Banette
|-damage|p1a: Banette|10/100
|-unboost|p1a: Banette|spa|1
|move|p1a: Banette|Shadow Claw|p2a: Yveltal
|-resisted|p2a: Yveltal
|-damage|p2a: Yveltal|50/100
|
|upkeep
|turn|15
|
|t:|1666454476
|move|p1a: Banette|Destiny Bond|p1a: Banette
|-singlemove|p1a: Banette|Destiny Bond
|move|p2a: Yveltal|Roost|p2a: Yveltal
|-heal|p2a: Yveltal|99/100
|-singleturn|p2a: Yveltal|move: Roost
|
|upkeep
|turn|16
|
|t:|1666454483
|move|p2a: Yveltal|U-turn|p1a: Banette
|-resisted|p1a: Banette
|-damage|p1a: Banette|0 fnt
|faint|p1a: Banette
|-activate|p1a: Banette|move: Destiny Bond
|faint|p2a: Yveltal
|
|upkeep
|
|t:|1666454488
|switch|p2a: Necrozma|Necrozma-Dusk-Mane|29/100
|switch|p1a: Marshadow|Marshadow|100/100
|turn|17
|
|t:|1666454503
|move|p1a: Marshadow|Spectral Thief|p2a: Necrozma
|-supereffective|p2a: Necrozma
|-damage|p2a: Necrozma|0 fnt
|-damage|p1a: Marshadow|84/100|[from] item: Rocky Helmet|[of] p2a: Necrozma
|faint|p2a: Necrozma
|
|upkeep
|
|t:|1666454515
|switch|p2a: Zacian|Zacian-Crowned|45/100
|-ability|p2a: Zacian|Intrepid Sword|boost
|-boost|p2a: Zacian|atk|1
|turn|18
|
|t:|1666454521
|move|p1a: Marshadow|Shadow Sneak|p2a: Zacian
|-damage|p2a: Zacian|18/100
|move|p2a: Zacian|Behemoth Blade|p1a: Marshadow
|-crit|p1a: Marshadow
|-damage|p1a: Marshadow|0 fnt
|faint|p1a: Marshadow
|
|upkeep
|
|t:|1666454524
|switch|p1a: Zacian|Zacian-Crowned|100/100
|-ability|p1a: Zacian|Intrepid Sword|boost
|-boost|p1a: Zacian|atk|1
|turn|19
|
|t:|1666454531
|switch|p2a: Zygarde|Zygarde|100/100
|move|p1a: Zacian|Behemoth Blade|p2a: Zygarde
|-damage|p2a: Zygarde|52/100
|
|-heal|p2a: Zygarde|59/100|[from] item: Leftovers
|upkeep
|turn|20
|
|t:|1666454537
|move|p1a: Zacian|Play Rough|p2a: Zygarde
|-supereffective|p2a: Zygarde
|-damage|p2a: Zygarde|0 fnt
|faint|p2a: Zygarde
|
|upkeep
|
|t:|1666454548
|switch|p2a: Kyogre|Kyogre-Primal|88/100
|-weather|PrimordialSea|[from] ability: Primordial Sea|[of] p2a: Kyogre
|turn|21
|
|t:|1666454559
|move|p1a: Zacian|Play Rough|p2a: Kyogre
|-damage|p2a: Kyogre|2/100
|move|p2a: Kyogre|Origin Pulse|p1a: Zacian
|-damage|p1a: Zacian|6/100
|
|-weather|PrimordialSea|[upkeep]
|upkeep
|turn|22
|
|t:|1666454569
|move|p1a: Zacian|Quick Attack|p2a: Kyogre
|-damage|p2a: Kyogre|0 fnt
|faint|p2a: Kyogre
|-weather|none
|
|upkeep
|
|t:|1666454573
|switch|p2a: Rayquaza|Rayquaza|100/100
|-ability|p2a: Rayquaza|Air Lock
|turn|23
|
|t:|1666454577
|detailschange|p2a: Rayquaza|Rayquaza-Mega
|-mega|p2a: Rayquaza|Rayquaza|
|-weather|DeltaStream|[from] ability: Delta Stream|[of] p2a: Rayquaza
|move|p2a: Rayquaza|Extreme Speed|p1a: Zacian
|-resisted|p1a: Zacian
|-damage|p1a: Zacian|0 fnt
|faint|p1a: Zacian
|
|-weather|DeltaStream|[upkeep]
|upkeep
|
|t:|1666454578
|switch|p1a: Xerneas|Xerneas|100/100
|-ability|p1a: Xerneas|Fairy Aura
|turn|24
|
|t:|1666454598
|move|p2a: Rayquaza|Extreme Speed|p1a: Xerneas
|-damage|p1a: Xerneas|50/100
|move|p1a: Xerneas|Geomancy||[still]
|-prepare|p1a: Xerneas|Geomancy
|-enditem|p1a: Xerneas|Power Herb
|-anim|p1a: Xerneas|Geomancy|p1a: Xerneas
|-boost|p1a: Xerneas|spa|2
|-boost|p1a: Xerneas|spd|2
|-boost|p1a: Xerneas|spe|2
|
|-weather|DeltaStream|[upkeep]
|upkeep
|turn|25
|
|t:|1666454602
|-start|p1a: Xerneas|Dynamax|
|-heal|p1a: Xerneas|50/100|[silent]
|move|p2a: Rayquaza|Extreme Speed|p1a: Xerneas
|-damage|p1a: Xerneas|21/100
|move|p1a: Xerneas|Max Starfall|p2a: Rayquaza
|-supereffective|p2a: Rayquaza
|-damage|p2a: Rayquaza|0 fnt
|-fieldstart|move: Misty Terrain
|faint|p2a: Rayquaza
|-weather|none
|
|upkeep
|
|t:|1666454613
|switch|p2a: Zacian|Zacian-Crowned|18/100
|-ability|p2a: Zacian|Intrepid Sword|boost
|-boost|p2a: Zacian|atk|1
|turn|26
|
|t:|1666454618
|move|p1a: Xerneas|Max Quake|p2a: Zacian
|-supereffective|p2a: Zacian
|-damage|p2a: Zacian|0 fnt
|-boost|p1a: Xerneas|spd|1
|faint|p2a: Zacian
|
|win|Dankyul
|raw|Dankyul's rating: 1698 &rarr; <strong>1718</strong><br />(+20 for winning)
|raw|xqiht's rating: 1694 &rarr; <strong>1674</strong><br />(-20 for losing)
|l|‽Dankyul
|l|☆xqiht
