|j|☆arthurious
|j|☆Santagoesboom
|t:|1660450069
|gametype|singles
|player|p1|arthurious|caitlin|1798
|player|p2|Santagoesboom|cynthia-masters|1885
|teamsize|p1|6
|teamsize|p2|6
|gen|8
|tier|[Gen 8] National Dex AG
|rated|
|rule|HP Percentage Mod: HP is shown in percentages
|rule|Endless Battle Clause: Forcing endless battles is banned
|clearpoke
|poke|p1|Rayquaza|
|poke|p1|Marshadow|
|poke|p1|Necrozma-Dusk-Mane|
|poke|p1|Ditto|
|poke|p1|Xerneas-*|
|poke|p1|Ho-Oh|
|poke|p2|Groudon|
|poke|p2|Necrozma-Dusk-Mane|
|poke|p2|Rayquaza|
|poke|p2|Yveltal|
|poke|p2|Ditto|
|poke|p2|Yveltal|
|teampreview
|inactive|Battle timer is ON: inactive players will automatically lose when time's up. (requested by Santagoesboom)
|
|t:|1660450097
|start
|switch|p1a: Rayquaza|Rayquaza|100/100
|switch|p2a: Yveltal|Yveltal|100/100
|-ability|p1a: Rayquaza|Air Lock
|-ability|p2a: Yveltal|Dark Aura
|turn|1
|
|t:|1660450110
|detailschange|p1a: Rayquaza|Rayquaza-Mega
|-mega|p1a: Rayquaza|Rayquaza|
|-weather|DeltaStream|[from] ability: Delta Stream|[of] p1a: Rayquaza
|move|p1a: Rayquaza|Dragon Ascent|p2a: Yveltal
|-damage|p2a: Yveltal|44/100
|-unboost|p1a: Rayquaza|def|1
|-unboost|p1a: Rayquaza|spd|1
|-damage|p1a: Rayquaza|91/100|[from] item: Life Orb
|move|p2a: Yveltal|Foul Play|p1a: Rayquaza
|-damage|p1a: Rayquaza|0 fnt
|faint|p1a: Rayquaza
|-weather|none
|
|upkeep
|
|t:|1660450127
|switch|p1a: Marshadow|Marshadow|100/100
|turn|2
|
|t:|1660450130
|move|p1a: Marshadow|Rock Tomb|p2a: Yveltal
|-supereffective|p2a: Yveltal
|-damage|p2a: Yveltal|2/100
|-unboost|p2a: Yveltal|spe|1
|-damage|p1a: Marshadow|91/100|[from] item: Life Orb
|move|p2a: Yveltal|Roost|p2a: Yveltal
|-heal|p2a: Yveltal|52/100
|-singleturn|p2a: Yveltal|move: Roost
|
|upkeep
|turn|3
|
|t:|1660450143
|-start|p1a: Marshadow|Dynamax|
|-heal|p1a: Marshadow|91/100|[silent]
|move|p1a: Marshadow|Max Rockfall|p2a: Yveltal
|-supereffective|p2a: Yveltal
|-damage|p2a: Yveltal|0 fnt
|-weather|Sandstorm
|faint|p2a: Yveltal
|-damage|p1a: Marshadow|86/100|[from] item: Life Orb
|
|-weather|Sandstorm|[upkeep]
|-damage|p1a: Marshadow|82/100|[from] Sandstorm
|upkeep
|
|t:|1660450152
|switch|p2a: Rayquaza|Rayquaza|100/100
|-ability|p2a: Rayquaza|Air Lock
|turn|4
|
|t:|1660450159
|detailschange|p2a: Rayquaza|Rayquaza-Mega
|-mega|p2a: Rayquaza|Rayquaza|
|-weather|DeltaStream|[from] ability: Delta Stream|[of] p2a: Rayquaza
|move|p1a: Marshadow|Max Phantasm|p2a: Rayquaza
|-damage|p2a: Rayquaza|4/100
|-unboost|p2a: Rayquaza|def|1
|-damage|p1a: Marshadow|77/100|[from] item: Life Orb
|move|p2a: Rayquaza|Dragon Ascent|p1a: Marshadow
|-supereffective|p1a: Marshadow
|-damage|p1a: Marshadow|0 fnt
|-unboost|p2a: Rayquaza|def|1
|-unboost|p2a: Rayquaza|spd|1
|faint|p1a: Marshadow
|
|-weather|DeltaStream|[upkeep]
|upkeep
|
|t:|1660450174
|switch|p1a: Ditto|Ditto|100/100
|-transform|p1a: Ditto|p2a: Rayquaza|[from] ability: Imposter
|turn|5
|
|t:|1660450179
|switch|p2a: Necrozma|Necrozma-Dusk-Mane|100/100
|move|p1a: Ditto|Extreme Speed|p2a: Necrozma
|-resisted|p2a: Necrozma
|-damage|p2a: Necrozma|90/100
|-damage|p1a: Ditto|84/100|[from] item: Rocky Helmet|[of] p2a: Necrozma
|
|-weather|DeltaStream|[upkeep]
|upkeep
|turn|6
|
|t:|1660450183
|-weather|none
|switch|p1a: Ho-Oh|Ho-Oh|100/100
|move|p2a: Necrozma|Toxic|p1a: Ho-Oh
|-status|p1a: Ho-Oh|tox
|
|-damage|p1a: Ho-Oh|94/100 tox|[from] psn
|upkeep
|turn|7
|
|t:|1660450185
|switch|p2a: Groudon|Groudon|100/100
|detailschange|p2a: Groudon|Groudon-Primal
|-primal|p2a: Groudon
|-weather|DesolateLand|[from] ability: Desolate Land|[of] p2a: Groudon
|move|p1a: Ho-Oh|Sacred Fire|p2a: Groudon
|-resisted|p2a: Groudon
|-damage|p2a: Groudon|85/100
|
|-weather|DesolateLand|[upkeep]
|-damage|p1a: Ho-Oh|82/100 tox|[from] psn
|upkeep
|turn|8
|
|t:|1660450187
|move|p2a: Groudon|Stealth Rock|p1a: Ho-Oh
|-sidestart|p1: arthurious|move: Stealth Rock
|move|p1a: Ho-Oh|Toxic|p2a: Groudon
|-status|p2a: Groudon|tox
|
|-weather|DesolateLand|[upkeep]
|-damage|p2a: Groudon|79/100 tox|[from] psn
|-damage|p1a: Ho-Oh|63/100 tox|[from] psn
|upkeep
|turn|9
|
|t:|1660450192
|switch|p1a: Necrozma|Necrozma-Dusk-Mane|100/100
|-damage|p1a: Necrozma|94/100|[from] Stealth Rock
|move|p2a: Groudon|Rock Tomb|p1a: Necrozma
|-resisted|p1a: Necrozma
|-damage|p1a: Necrozma|88/100
|-unboost|p1a: Necrozma|spe|1
|
|-weather|DesolateLand|[upkeep]
|-damage|p2a: Groudon|67/100 tox|[from] psn
|upkeep
|turn|10
|
|t:|1660450198
|-weather|none
|switch|p2a: Yveltal|Yveltal|100/100
|-ability|p2a: Yveltal|Dark Aura
|move|p1a: Necrozma|Stealth Rock|p2a: Yveltal
|-sidestart|p2: Santagoesboom|move: Stealth Rock
|
|upkeep
|turn|11
|
|t:|1660450200
|move|p2a: Yveltal|U-turn|p1a: Necrozma
|-damage|p1a: Necrozma|79/100
|-damage|p2a: Yveltal|84/100|[from] item: Rocky Helmet|[of] p1a: Necrozma
|
|t:|1660450204
|switch|p2a: Rayquaza|Rayquaza-Mega|4/100|[from]move: U-turn
|-damage|p2a: Rayquaza|0 fnt|[from] Stealth Rock
|faint|p2a: Rayquaza
|move|p1a: Necrozma|Thunder Wave|p2: Rayquaza|[notarget]
|-fail|p1a: Necrozma
|
|upkeep
|
|t:|1660450209
|switch|p2a: Groudon|Groudon-Primal|67/100 tox
|-damage|p2a: Groudon|54/100 tox|[from] Stealth Rock
|-weather|DesolateLand|[from] ability: Desolate Land|[of] p2a: Groudon
|turn|12
|
|t:|1660450214
|switch|p1a: Ho-Oh|Ho-Oh|96/100 tox
|move|p2a: Groudon|Earthquake|p1a: Ho-Oh
|-immune|p1a: Ho-Oh
|
|-weather|DesolateLand|[upkeep]
|-damage|p2a: Groudon|48/100 tox|[from] psn
|-damage|p1a: Ho-Oh|90/100 tox|[from] psn
|upkeep
|turn|13
|
|t:|1660450218
|switch|p1a: Necrozma|Necrozma-Dusk-Mane|79/100
|-damage|p1a: Necrozma|73/100|[from] Stealth Rock
|move|p2a: Groudon|Rock Tomb|p1a: Necrozma
|-resisted|p1a: Necrozma
|-damage|p1a: Necrozma|66/100
|-unboost|p1a: Necrozma|spe|1
|
|-weather|DesolateLand|[upkeep]
|-damage|p2a: Groudon|36/100 tox|[from] psn
|upkeep
|turn|14
|
|t:|1660450220
|switch|p1a: Ho-Oh|Ho-Oh|100/100 tox
|move|p2a: Groudon|Earthquake|p1a: Ho-Oh
|-immune|p1a: Ho-Oh
|
|-weather|DesolateLand|[upkeep]
|-damage|p2a: Groudon|17/100 tox|[from] psn
|-damage|p1a: Ho-Oh|94/100 tox|[from] psn
|upkeep
|turn|15
|
|t:|1660450226
|switch|p1a: Necrozma|Necrozma-Dusk-Mane|66/100
|-damage|p1a: Necrozma|60/100|[from] Stealth Rock
|move|p2a: Groudon|Rock Tomb|p1a: Necrozma
|-resisted|p1a: Necrozma
|-damage|p1a: Necrozma|55/100
|-unboost|p1a: Necrozma|spe|1
|
|-weather|DesolateLand|[upkeep]
|-damage|p2a: Groudon|0 fnt|[from] psn
|faint|p2a: Groudon
|-weather|none
|upkeep
|
|t:|1660450229
|switch|p2a: Yveltal|Yveltal|84/100
|-ability|p2a: Yveltal|Dark Aura
|turn|16
|c|☆arthurious|LMAO
|
|t:|1660450240
|move|p2a: Yveltal|Snarl|p1a: Necrozma
|-supereffective|p1a: Necrozma
|-damage|p1a: Necrozma|18/100
|-unboost|p1a: Necrozma|spa|1
|move|p1a: Necrozma|Morning Sun|p1a: Necrozma
|-heal|p1a: Necrozma|68/100
|
|upkeep
|turn|17
|
|t:|1660450247
|move|p2a: Yveltal|Snarl|p1a: Necrozma
|-supereffective|p1a: Necrozma
|-damage|p1a: Necrozma|29/100
|-unboost|p1a: Necrozma|spa|1
|move|p1a: Necrozma|Morning Sun|p1a: Necrozma
|-heal|p1a: Necrozma|79/100
|
|upkeep
|turn|18
|
|t:|1660450255
|move|p2a: Yveltal|Snarl|p1a: Necrozma
|-supereffective|p1a: Necrozma
|-damage|p1a: Necrozma|44/100
|-unboost|p1a: Necrozma|spa|1
|move|p1a: Necrozma|Morning Sun|p1a: Necrozma
|-heal|p1a: Necrozma|94/100
|
|upkeep
|turn|19
|
|t:|1660450272
|move|p2a: Yveltal|Snarl|p1a: Necrozma
|-supereffective|p1a: Necrozma
|-damage|p1a: Necrozma|54/100
|-unboost|p1a: Necrozma|spa|1
|move|p1a: Necrozma|Morning Sun|p1a: Necrozma
|-heal|p1a: Necrozma|100/100
|
|upkeep
|turn|20
|
|t:|1660450279
|move|p2a: Yveltal|Snarl|p1a: Necrozma
|-supereffective|p1a: Necrozma
|-damage|p1a: Necrozma|63/100
|-unboost|p1a: Necrozma|spa|1
|move|p1a: Necrozma|Thunder Wave|p2a: Yveltal
|-status|p2a: Yveltal|par
|
|upkeep
|turn|21
|
|t:|1660450287
|switch|p1a: Xerneas|Xerneas|100/100
|-damage|p1a: Xerneas|88/100|[from] Stealth Rock
|-ability|p1a: Xerneas|Fairy Aura
|move|p2a: Yveltal|Snarl|p1a: Xerneas
|-resisted|p1a: Xerneas
|-damage|p1a: Xerneas|73/100
|-unboost|p1a: Xerneas|spa|1
|
|upkeep
|turn|22
|
|t:|1660450296
|switch|p2a: Necrozma|Necrozma-Dusk-Mane|90/100
|-damage|p2a: Necrozma|84/100|[from] Stealth Rock
|move|p1a: Xerneas|Substitute|p1a: Xerneas
|-start|p1a: Xerneas|Substitute
|-damage|p1a: Xerneas|48/100
|
|upkeep
|turn|23
|
|t:|1660450305
|move|p1a: Xerneas|Geomancy||[still]
|-prepare|p1a: Xerneas|Geomancy
|-enditem|p1a: Xerneas|Power Herb
|-anim|p1a: Xerneas|Geomancy|p1a: Xerneas
|-boost|p1a: Xerneas|spa|2
|-boost|p1a: Xerneas|spd|2
|-boost|p1a: Xerneas|spe|2
|move|p2a: Necrozma|Sunsteel Strike|p1a: Xerneas
|-supereffective|p1a: Xerneas
|-end|p1a: Xerneas|Substitute
|
|upkeep
|turn|24
|
|t:|1660450314
|-start|p2a: Necrozma|Dynamax|
|-heal|p2a: Necrozma|84/100|[silent]
|move|p1a: Xerneas|Hidden Power|p2a: Necrozma
|-supereffective|p2a: Necrozma
|-damage|p2a: Necrozma|67/100
|move|p2a: Necrozma|Max Steelspike|p1a: Xerneas
|-supereffective|p1a: Xerneas
|-damage|p1a: Xerneas|0 fnt
|-boost|p2a: Necrozma|def|1
|faint|p1a: Xerneas
|
|upkeep
|
|t:|1660450322
|switch|p1a: Ho-Oh|Ho-Oh|100/100 tox
|turn|25
|
|t:|1660450329
|-end|p2a: Necrozma|Dynamax
|-heal|p2a: Necrozma|67/100|[silent]
|switch|p2a: Ditto|Ditto|100/100
|-damage|p2a: Ditto|88/100|[from] Stealth Rock
|-transform|p2a: Ditto|p1a: Ho-Oh|[from] ability: Imposter
|move|p1a: Ho-Oh|Sacred Fire|p2a: Ditto
|-resisted|p2a: Ditto
|-damage|p2a: Ditto|60/100
|
|-damage|p1a: Ho-Oh|94/100 tox|[from] psn
|upkeep
|turn|26
|
|t:|1660450333
|switch|p2a: Yveltal|Yveltal|84/100 par
|-ability|p2a: Yveltal|Dark Aura
|move|p1a: Ho-Oh|Toxic||[still]
|-fail|p1a: Ho-Oh
|
|-damage|p1a: Ho-Oh|82/100 tox|[from] psn
|upkeep
|turn|27
|
|t:|1660450340
|switch|p1a: Necrozma|Necrozma-Dusk-Mane|63/100
|-damage|p1a: Necrozma|57/100|[from] Stealth Rock
|move|p2a: Yveltal|U-turn|p1a: Necrozma
|-damage|p1a: Necrozma|47/100
|-damage|p2a: Yveltal|68/100 par|[from] item: Rocky Helmet|[of] p1a: Necrozma
|
|t:|1660450347
|switch|p2a: Necrozma|Necrozma-Dusk-Mane|67/100|[from]move: U-turn
|-damage|p2a: Necrozma|61/100|[from] Stealth Rock
|
|upkeep
|turn|28
|
|t:|1660450352
|move|p2a: Necrozma|Morning Sun|p2a: Necrozma
|-heal|p2a: Necrozma|100/100
|move|p1a: Necrozma|Morning Sun|p1a: Necrozma
|-heal|p1a: Necrozma|97/100
|
|upkeep
|turn|29
|
|t:|1660450358
|switch|p2a: Ditto|Ditto|93/100
|-damage|p2a: Ditto|80/100|[from] Stealth Rock
|-transform|p2a: Ditto|p1a: Necrozma|[from] ability: Imposter
|move|p1a: Necrozma|Thunder Wave|p2a: Ditto
|-status|p2a: Ditto|par
|
|upkeep
|turn|30
|
|t:|1660450368
|move|p1a: Necrozma|Iron Head|p2a: Ditto
|-resisted|p2a: Ditto
|-damage|p2a: Ditto|67/100 par
|move|p2a: Ditto|Thunder Wave|p1a: Necrozma
|-status|p1a: Necrozma|par
|
|upkeep
|turn|31
|
|t:|1660450374
|switch|p2a: Yveltal|Yveltal|68/100 par
|-ability|p2a: Yveltal|Dark Aura
|move|p1a: Necrozma|Iron Head|p2a: Yveltal
|-crit|p2a: Yveltal
|-damage|p2a: Yveltal|17/100 par
|
|upkeep
|turn|32
|
|t:|1660450381
|cant|p2a: Yveltal|par
|cant|p1a: Necrozma|par
|
|upkeep
|turn|33
|j| inoalt
|
|t:|1660450384
|move|p2a: Yveltal|Roost|p2a: Yveltal
|-heal|p2a: Yveltal|67/100 par
|-singleturn|p2a: Yveltal|move: Roost
|cant|p1a: Necrozma|par
|
|upkeep
|turn|34
|
|t:|1660450390
|move|p2a: Yveltal|Roost|p2a: Yveltal
|-heal|p2a: Yveltal|100/100 par
|-singleturn|p2a: Yveltal|move: Roost
|move|p1a: Necrozma|Iron Head|p2a: Yveltal
|-damage|p2a: Yveltal|66/100 par
|
|upkeep
|turn|35
|
|t:|1660450396
|switch|p1a: Ho-Oh|Ho-Oh|100/100 tox
|move|p2a: Yveltal|Snarl|p1a: Ho-Oh
|-damage|p1a: Ho-Oh|85/100 tox
|-unboost|p1a: Ho-Oh|spa|1
|
|-damage|p1a: Ho-Oh|79/100 tox|[from] psn
|upkeep
|turn|36
|
|t:|1660450406
|switch|p2a: Ditto|Ditto|67/100 par
|-damage|p2a: Ditto|54/100 par|[from] Stealth Rock
|-transform|p2a: Ditto|p1a: Ho-Oh|[from] ability: Imposter
|move|p1a: Ho-Oh|Sacred Fire|p2a: Ditto
|-resisted|p2a: Ditto
|-damage|p2a: Ditto|27/100 par
|
|-damage|p1a: Ho-Oh|67/100 tox|[from] psn
|upkeep
|turn|37
|
|t:|1660450417
|switch|p2a: Necrozma|Necrozma-Dusk-Mane|100/100
|-damage|p2a: Necrozma|94/100|[from] Stealth Rock
|move|p1a: Ho-Oh|Sacred Fire|p2a: Necrozma
|-supereffective|p2a: Necrozma
|-damage|p2a: Necrozma|60/100
|
|-damage|p1a: Ho-Oh|48/100 tox|[from] psn
|upkeep
|turn|38
|
|t:|1660450426
|switch|p1a: Necrozma|Necrozma-Dusk-Mane|97/100 par
|-damage|p1a: Necrozma|91/100 par|[from] Stealth Rock
|move|p2a: Necrozma|Morning Sun|p2a: Necrozma
|-heal|p2a: Necrozma|100/100
|
|upkeep
|turn|39
|
|t:|1660450435
|switch|p2a: Ditto|Ditto|60/100 par
|-damage|p2a: Ditto|48/100 par|[from] Stealth Rock
|-transform|p2a: Ditto|p1a: Necrozma|[from] ability: Imposter
|switch|p1a: Ho-Oh|Ho-Oh|81/100 tox
|
|-damage|p1a: Ho-Oh|75/100 tox|[from] psn
|upkeep
|turn|40
|
|t:|1660450444
|switch|p2a: Necrozma|Necrozma-Dusk-Mane|100/100
|-damage|p2a: Necrozma|94/100|[from] Stealth Rock
|move|p1a: Ho-Oh|Sacred Fire|p2a: Necrozma
|-supereffective|p2a: Necrozma
|-damage|p2a: Necrozma|61/100
|
|-damage|p1a: Ho-Oh|62/100 tox|[from] psn
|upkeep
|turn|41
|
|t:|1660450452
|move|p1a: Ho-Oh|Sacred Fire|p2a: Necrozma
|-supereffective|p2a: Necrozma
|-damage|p2a: Necrozma|26/100
|move|p2a: Necrozma|Morning Sun|p2a: Necrozma
|-heal|p2a: Necrozma|76/100
|
|-damage|p1a: Ho-Oh|44/100 tox|[from] psn
|upkeep
|turn|42
|j| Sanju1
|
|t:|1660450465
|switch|p1a: Necrozma|Necrozma-Dusk-Mane|91/100 par
|-damage|p1a: Necrozma|85/100 par|[from] Stealth Rock
|move|p2a: Necrozma|Knock Off|p1a: Necrozma
|-supereffective|p1a: Necrozma
|-crit|p1a: Necrozma
|-damage|p1a: Necrozma|45/100 par
|-damage|p2a: Necrozma|59/100|[from] item: Rocky Helmet|[of] p1a: Necrozma
|-enditem|p1a: Necrozma|Rocky Helmet|[from] move: Knock Off|[of] p2a: Necrozma
|
|upkeep
|turn|43
|
|t:|1660450476
|move|p2a: Necrozma|Morning Sun|p2a: Necrozma
|-heal|p2a: Necrozma|100/100
|move|p1a: Necrozma|Iron Head|p2a: Necrozma
|-resisted|p2a: Necrozma
|-damage|p2a: Necrozma|91/100
|-damage|p1a: Necrozma|29/100 par|[from] item: Rocky Helmet|[of] p2a: Necrozma
|
|upkeep
|turn|44
|
|t:|1660450483
|move|p2a: Necrozma|Knock Off|p1a: Necrozma
|-supereffective|p1a: Necrozma
|-damage|p1a: Necrozma|12/100 par
|move|p1a: Necrozma|Morning Sun|p1a: Necrozma
|-heal|p1a: Necrozma|62/100 par
|
|upkeep
|turn|45
|
|t:|1660450492
|switch|p2a: Yveltal|Yveltal|66/100 par
|-ability|p2a: Yveltal|Dark Aura
|move|p1a: Necrozma|Thunder Wave|p2a: Yveltal
|-fail|p2a: Yveltal|par
|
|upkeep
|turn|46
|
|t:|1660450501
|switch|p1a: Ho-Oh|Ho-Oh|77/100 tox
|cant|p2a: Yveltal|par
|
|-damage|p1a: Ho-Oh|70/100 tox|[from] psn
|upkeep
|turn|47
|
|t:|1660450508
|switch|p2a: Ditto|Ditto|48/100 par
|-damage|p2a: Ditto|35/100 par|[from] Stealth Rock
|-transform|p2a: Ditto|p1a: Ho-Oh|[from] ability: Imposter
|move|p1a: Ho-Oh|Sacred Fire|p2a: Ditto
|-resisted|p2a: Ditto
|-damage|p2a: Ditto|7/100 par
|
|-damage|p1a: Ho-Oh|58/100 tox|[from] psn
|upkeep
|turn|48
|
|t:|1660450520
|switch|p2a: Necrozma|Necrozma-Dusk-Mane|91/100
|-damage|p2a: Necrozma|85/100|[from] Stealth Rock
|move|p1a: Ho-Oh|Sacred Fire|p2a: Necrozma
|-supereffective|p2a: Necrozma
|-damage|p2a: Necrozma|50/100
|-status|p2a: Necrozma|brn
|
|-damage|p1a: Ho-Oh|39/100 tox|[from] psn
|-damage|p2a: Necrozma|44/100 brn|[from] brn
|upkeep
|turn|49
|
|t:|1660450537
|switch|p1a: Necrozma|Necrozma-Dusk-Mane|62/100 par
|-damage|p1a: Necrozma|56/100 par|[from] Stealth Rock
|move|p2a: Necrozma|Morning Sun|p2a: Necrozma
|-heal|p2a: Necrozma|94/100 brn
|
|-damage|p2a: Necrozma|88/100 brn|[from] brn
|upkeep
|turn|50
|inactive|arthurious has 120 seconds left.
|inactive|arthurious has 90 seconds left.
|inactive|arthurious has 60 seconds left.
|inactive|arthurious has 30 seconds left.
|inactive|arthurious has 20 seconds left.
|inactive|arthurious has 15 seconds left.
|inactive|arthurious has 10 seconds left.
|inactive|arthurious has 5 seconds left.
|-message|arthurious lost due to inactivity.
|
|win|Santagoesboom
|raw|arthurious's rating: 1798 &rarr; <strong>1783</strong><br />(-15 for losing)
|raw|Santagoesboom's rating: 1885 &rarr; <strong>1900</strong><br />(+15 for winning)
||Ladder isn't responding, score probably updated but might not have (Request timeout).
|l|☆Santagoesboom
|c| inoalt|ggs
|l| inoalt
|j|☆Santagoesboom
|player|p2|Santagoesboom|cynthia-masters
