|j|☆Onoufrios
|j|☆StoRmOP
|player|p1|Onoufrios|psychic-gen4|1834
|player|p2|StoRmOP|ghetsis|1711
|teamsize|p1|6
|teamsize|p2|6
|gametype|singles
|gen|8
|tier|[Gen 8] National Dex AG
|rated|
|clearpoke
|poke|p1|Necrozma-Dusk-Mane|
|poke|p1|Arceus-*|
|poke|p1|Xerneas|
|poke|p1|Lugia|
|poke|p1|Zacian-Crowned|
|poke|p1|Yveltal|
|poke|p2|Zygarde|
|poke|p2|Zacian-Crowned|
|poke|p2|Groudon|
|poke|p2|Ho-Oh|
|poke|p2|Yveltal|
|poke|p2|Ditto|
|rule|HP Percentage Mod: HP is shown in percentages
|rule|Endless Battle Clause: Forcing endless battles is banned
|teampreview
|
|start
|switch|p1a: Necrozma|Necrozma-Dusk-Mane|100/100
|switch|p2a: 強い|Zygarde|100/100
|turn|1
|inactive|Battle timer is ON: inactive players will automatically lose when time's up. (requested by StoRmOP)
|
|switch|p1a: Lugia|Lugia|100/100
|move|p2a: 強い|Glare|p1a: Lugia
|-status|p1a: Lugia|par
|
|upkeep
|turn|2
|
|switch|p2a: 王様|Zacian-Crowned|100/100
|-ability|p2a: 王様|Intrepid Sword|boost
|-boost|p2a: 王様|atk|1
|move|p1a: Lugia|Whirlwind|p2a: 王様
|drag|p2a: 怪物|Groudon|100/100
|-weather|SunnyDay|[from] ability: Drought|[of] p2a: 怪物
|detailschange|p2a: 怪物|Groudon-Primal
|-primal|p2a: 怪物
|-weather|DesolateLand|[from] ability: Desolate Land|[of] p2a: 怪物
|
|-weather|DesolateLand|[upkeep]
|upkeep
|turn|3
|
|move|p2a: 怪物|Stealth Rock|p1a: Lugia
|-sidestart|p1: Onoufrios|move: Stealth Rock
|move|p1a: Lugia|Toxic|p2a: 怪物
|-status|p2a: 怪物|tox
|
|-weather|DesolateLand|[upkeep]
|-damage|p2a: 怪物|94/100 tox|[from] psn
|upkeep
|turn|4
|
|move|p2a: 怪物|Stone Edge|p1a: Lugia|[miss]
|-miss|p2a: 怪物|p1a: Lugia
|move|p1a: Lugia|Roost||[still]
|-fail|p1a: Lugia|heal
|
|-weather|DesolateLand|[upkeep]
|-damage|p2a: 怪物|82/100 tox|[from] psn
|upkeep
|turn|5
|
|-weather|none
|switch|p2a: 死亡|Yveltal|100/100
|-ability|p2a: 死亡|Dark Aura
|move|p1a: Lugia|Roost||[still]
|-fail|p1a: Lugia|heal
|
|upkeep
|turn|6
|
|-start|p2a: 死亡|Dynamax
|-heal|p2a: 死亡|100/100|[silent]
|move|p2a: 死亡|Max Darkness|p1a: Lugia
|-supereffective|p1a: Lugia
|-damage|p1a: Lugia|29/100 par
|-unboost|p1a: Lugia|spd|1
|-damage|p2a: 死亡|96/100|[from] item: Life Orb
|move|p1a: Lugia|Thunder Wave|p2a: 死亡
|-status|p2a: 死亡|par
|
|upkeep
|turn|7
|
|move|p2a: 死亡|Max Darkness|p1a: Lugia
|-supereffective|p1a: Lugia
|-damage|p1a: Lugia|0 fnt
|-damage|p2a: 死亡|91/100 par|[from] item: Life Orb
|faint|p1a: Lugia
|
|upkeep
|j| StoriedGiant4
|inactive|Onoufrios has 120 seconds left.
|
|switch|p1a: Xerneas|Xerneas|100/100
|-damage|p1a: Xerneas|88/100|[from] Stealth Rock
|-ability|p1a: Xerneas|Fairy Aura
|turn|8
|inactive|Onoufrios has 120 seconds left.
|
|-end|p2a: 死亡|Dynamax
|-heal|p2a: 死亡|91/100 par|[silent]
|switch|p2a: 王様|Zacian-Crowned|100/100
|-ability|p2a: 王様|Intrepid Sword|boost
|-boost|p2a: 王様|atk|1
|move|p1a: Xerneas|Geomancy||[still]
|-prepare|p1a: Xerneas|Geomancy|p1a: Xerneas
|-enditem|p1a: Xerneas|Power Herb
|-anim|p1a: Xerneas|Geomancy|p1a: Xerneas
|-boost|p1a: Xerneas|spa|2
|-boost|p1a: Xerneas|spd|2
|-boost|p1a: Xerneas|spe|2
|
|upkeep
|turn|9
|inactive|Onoufrios has 120 seconds left.
|
|move|p1a: Xerneas|Moonblast|p2a: 王様
|-resisted|p2a: 王様
|-damage|p2a: 王様|28/100
|-unboost|p2a: 王様|spa|1
|move|p2a: 王様|Behemoth Blade|p1a: Xerneas
|-supereffective|p1a: Xerneas
|-damage|p1a: Xerneas|0 fnt
|faint|p1a: Xerneas
|
|upkeep
|
|switch|p1a: Zacian|Zacian-Crowned|100/100
|-damage|p1a: Zacian|94/100|[from] Stealth Rock
|-ability|p1a: Zacian|Intrepid Sword|boost
|-boost|p1a: Zacian|atk|1
|turn|10
|
|move|p2a: 王様|Behemoth Blade|p1a: Zacian
|-damage|p1a: Zacian|0 fnt
|faint|p1a: Zacian
|
|upkeep
|
|switch|p1a: Necrozma|Necrozma-Dusk-Mane|100/100
|-damage|p1a: Necrozma|94/100|[from] Stealth Rock
|turn|11
|
|switch|p2a: 強い|Zygarde|100/100
|move|p1a: Necrozma|Dragon Dance|p1a: Necrozma
|-boost|p1a: Necrozma|atk|1
|-boost|p1a: Necrozma|spe|1
|
|upkeep
|turn|12
|
|detailschange|p1a: Necrozma|Necrozma-Ultra
|-burst|p1a: Necrozma|Necrozma|Ultranecrozium Z
|move|p1a: Necrozma|Dragon Dance|p1a: Necrozma
|-boost|p1a: Necrozma|atk|1
|-boost|p1a: Necrozma|spe|1
|move|p2a: 強い|Glare|p1a: Necrozma
|-status|p1a: Necrozma|par
|
|upkeep
|turn|13
|
|cant|p1a: Necrozma|par
|move|p2a: 強い|Thousand Arrows|p1a: Necrozma
|-damage|p1a: Necrozma|66/100 par
|
|upkeep
|turn|14
|
|-zpower|p1a: Necrozma
|move|p1a: Necrozma|Light That Burns the Sky|p2a: 強い|[zeffect]
|-damage|p2a: 強い|0 fnt
|faint|p2a: 強い
|
|upkeep
|j| ericwangswim
|
|switch|p2a: 王様|Zacian-Crowned|28/100
|-ability|p2a: 王様|Intrepid Sword|boost
|-boost|p2a: 王様|atk|1
|turn|15
|inactive|Onoufrios has 120 seconds left.
|
|move|p2a: 王様|Behemoth Blade|p1a: Necrozma
|-damage|p1a: Necrozma|0 fnt
|faint|p1a: Necrozma
|
|upkeep
|
|switch|p1a: Arceus|Arceus|100/100
|-damage|p1a: Arceus|88/100|[from] Stealth Rock
|turn|16
|inactive|Onoufrios has 120 seconds left.
|
|move|p1a: Arceus|Extreme Speed|p2a: 王様
|-resisted|p2a: 王様
|-damage|p2a: 王様|5/100
|move|p2a: 王様|Close Combat|p1a: Arceus
|-supereffective|p1a: Arceus
|-damage|p1a: Arceus|0 fnt
|-unboost|p2a: 王様|def|1
|-unboost|p2a: 王様|spd|1
|faint|p1a: Arceus
|
|upkeep
|
|switch|p1a: Yveltal|Yveltal|100/100
|-damage|p1a: Yveltal|76/100|[from] Stealth Rock
|-ability|p1a: Yveltal|Dark Aura
|turn|17
|
|move|p2a: 王様|Behemoth Blade|p1a: Yveltal
|-damage|p1a: Yveltal|0 fnt
|faint|p1a: Yveltal
|
|win|StoRmOP
|raw|Onoufrios's rating: 1835 &rarr; <strong>1808</strong><br />(-27 for losing)
|raw|StoRmOP's rating: 1711 &rarr; <strong>1738</strong><br />(+27 for winning)
|l| StoriedGiant4
|c|☆StoRmOP|ggwp
