|j|☆hgssanstall
|j|☆alwaysrinse
|t:|1622043613
|gametype|singles
|player|p1|hgssanstall|1|1752
|player|p2|alwaysrinse|102|1881
|teamsize|p1|6
|teamsize|p2|6
|gen|8
|tier|[Gen 8] National Dex AG
|rated|
|rule|HP Percentage Mod: HP is shown in percentages
|rule|Endless Battle Clause: Forcing endless battles is banned
|clearpoke
|poke|p1|Arceus-*|
|poke|p1|Yveltal|
|poke|p1|Zacian-*|
|poke|p1|Groudon|
|poke|p1|Ditto|
|poke|p1|Calyrex-Shadow|
|poke|p2|Quagsire, M|
|poke|p2|Chansey, F|
|poke|p2|Tyranitar, F|
|poke|p2|Lugia|
|poke|p2|Sableye, M|
|poke|p2|Giratina|
|teampreview
|
|t:|1622043640
|start
|switch|p1a: Groudon|Groudon|100/100
|switch|p2a: Sableye|Sableye, M|100/100
|detailschange|p1a: Groudon|Groudon-Primal
|-primal|p1a: Groudon
|-weather|DesolateLand|[from] ability: Desolate Land|[of] p1a: Groudon
|turn|1
|
|t:|1622043644
|detailschange|p2a: Sableye|Sableye-Mega, M
|-mega|p2a: Sableye|Sableye|Sablenite
|move|p2a: Sableye|Fake Out|p1a: Groudon
|-damage|p1a: Groudon|96/100
|cant|p1a: Groudon|flinch
|
|-weather|DesolateLand|[upkeep]
|upkeep
|turn|2
|
|t:|1622043648
|switch|p2a: Lugia|Lugia|100/100
|move|p1a: Groudon|Overheat|p2a: Lugia
|-damage|p2a: Lugia|71/100
|-unboost|p1a: Groudon|spa|2
|
|-weather|DesolateLand|[upkeep]
|upkeep
|turn|3
|
|t:|1622043653
|move|p2a: Lugia|Roost|p2a: Lugia
|-heal|p2a: Lugia|100/100
|-singleturn|p2a: Lugia|move: Roost
|move|p1a: Groudon|Stealth Rock|p2a: Lugia
|-sidestart|p2: alwaysrinse|move: Stealth Rock
|
|-weather|DesolateLand|[upkeep]
|upkeep
|turn|4
|
|t:|1622043656
|-weather|none
|switch|p1a: Calyrex|Calyrex-Shadow|100/100
|-ability|p1a: Calyrex|As One
|-ability|p1a: Calyrex|Unnerve
|move|p2a: Lugia|Toxic|p1a: Calyrex
|-status|p1a: Calyrex|tox
|
|-damage|p1a: Calyrex|94/100 tox|[from] psn
|upkeep
|turn|5
|
|t:|1622043661
|switch|p2a: Tyranitar|Tyranitar, F|100/100
|-damage|p2a: Tyranitar|88/100|[from] Stealth Rock
|-weather|Sandstorm|[from] ability: Sand Stream|[of] p2a: Tyranitar
|move|p1a: Calyrex|Baton Pass|p1a: Calyrex
|
|t:|1622043663
|switch|p1a: Zacian|Zacian-Crowned|100/100|[from]move: Baton Pass
|-ability|p1a: Zacian|Intrepid Sword|boost
|-boost|p1a: Zacian|atk|1
|
|-weather|Sandstorm|[upkeep]
|-heal|p2a: Tyranitar|94/100|[from] item: Leftovers
|upkeep
|turn|6
|
|t:|1622043669
|switch|p1a: Yveltal|Yveltal, shiny|100/100
|-ability|p1a: Yveltal|Dark Aura
|switch|p2a: Quagsire|Quagsire, M|100/100
|-damage|p2a: Quagsire|94/100|[from] Stealth Rock
|
|-weather|Sandstorm|[upkeep]
|-damage|p1a: Yveltal|94/100|[from] Sandstorm
|-heal|p2a: Quagsire|100/100|[from] item: Leftovers
|upkeep
|turn|7
|
|t:|1622043678
|switch|p1a: Zacian|Zacian-Crowned|100/100
|-ability|p1a: Zacian|Intrepid Sword|boost
|-boost|p1a: Zacian|atk|1
|switch|p2a: Chansey|Chansey, F|100/100
|-damage|p2a: Chansey|88/100|[from] Stealth Rock
|
|-weather|Sandstorm|[upkeep]
|-damage|p2a: Chansey|82/100|[from] Sandstorm
|upkeep
|turn|8
|
|t:|1622043685
|switch|p1a: Groudon|Groudon-Primal|96/100
|-weather|DesolateLand|[from] ability: Desolate Land|[of] p1a: Groudon
|switch|p2a: Quagsire|Quagsire, M|100/100
|-damage|p2a: Quagsire|94/100|[from] Stealth Rock
|
|-weather|DesolateLand|[upkeep]
|-heal|p2a: Quagsire|100/100|[from] item: Leftovers
|upkeep
|turn|9
|
|t:|1622043691
|-weather|none
|switch|p1a: Yveltal|Yveltal, shiny|94/100
|-ability|p1a: Yveltal|Dark Aura
|switch|p2a: Lugia|Lugia|100/100
|
|upkeep
|turn|10
|
|t:|1622043697
|switch|p1a: Zacian|Zacian-Crowned|100/100
|-ability|p1a: Zacian|Intrepid Sword|boost
|-boost|p1a: Zacian|atk|1
|switch|p2a: Chansey|Chansey, F|82/100
|-damage|p2a: Chansey|69/100|[from] Stealth Rock
|
|upkeep
|turn|11
|
|t:|1622043707
|switch|p1a: Yveltal|Yveltal, shiny|94/100
|-ability|p1a: Yveltal|Dark Aura
|switch|p2a: Quagsire|Quagsire, M|100/100
|-damage|p2a: Quagsire|94/100|[from] Stealth Rock
|
|-heal|p2a: Quagsire|100/100|[from] item: Leftovers
|upkeep
|turn|12
|
|t:|1622043713
|switch|p1a: Zacian|Zacian-Crowned|100/100
|-ability|p1a: Zacian|Intrepid Sword|boost
|-boost|p1a: Zacian|atk|1
|switch|p2a: Chansey|Chansey, F|69/100
|-damage|p2a: Chansey|57/100|[from] Stealth Rock
|
|upkeep
|turn|13
|
|t:|1622043720
|switch|p1a: Calyrex|Calyrex-Shadow|94/100 tox
|-ability|p1a: Calyrex|As One
|-ability|p1a: Calyrex|Unnerve
|switch|p2a: Quagsire|Quagsire, M|100/100
|-damage|p2a: Quagsire|94/100|[from] Stealth Rock
|
|-heal|p2a: Quagsire|100/100|[from] item: Leftovers
|-damage|p1a: Calyrex|88/100 tox|[from] psn
|upkeep
|turn|14
|
|t:|1622043723
|switch|p1a: Zacian|Zacian-Crowned|100/100
|-ability|p1a: Zacian|Intrepid Sword|boost
|-boost|p1a: Zacian|atk|1
|switch|p2a: Tyranitar|Tyranitar, F|94/100
|-damage|p2a: Tyranitar|82/100|[from] Stealth Rock
|-weather|Sandstorm|[from] ability: Sand Stream|[of] p2a: Tyranitar
|
|-weather|Sandstorm|[upkeep]
|-heal|p2a: Tyranitar|88/100|[from] item: Leftovers
|upkeep
|turn|15
|
|t:|1622043731
|switch|p1a: Arceus|Arceus|100/100
|move|p2a: Tyranitar|Stealth Rock|p1a: Arceus
|-sidestart|p1: hgssanstall|move: Stealth Rock
|
|-weather|Sandstorm|[upkeep]
|-heal|p2a: Tyranitar|94/100|[from] item: Leftovers
|upkeep
|turn|16
|
|t:|1622043744
|switch|p2a: Quagsire|Quagsire, M|100/100
|-damage|p2a: Quagsire|94/100|[from] Stealth Rock
|-start|p1a: Arceus|Dynamax
|-heal|p1a: Arceus|100/100|[silent]
|move|p1a: Arceus|Max Strike|p2a: Quagsire
|-damage|p2a: Quagsire|46/100
|-unboost|p2a: Quagsire|spe|1
|
|-weather|Sandstorm|[upkeep]
|-heal|p2a: Quagsire|52/100|[from] item: Leftovers
|upkeep
|turn|17
|
|t:|1622043750
|move|p1a: Arceus|Max Strike|p2a: Quagsire
|-damage|p2a: Quagsire|0 fnt
|faint|p2a: Quagsire
|
|-weather|Sandstorm|[upkeep]
|upkeep
|
|t:|1622043757
|switch|p2a: Sableye|Sableye-Mega, M|100/100
|-damage|p2a: Sableye|88/100|[from] Stealth Rock
|turn|18
|
|t:|1622043760
|move|p1a: Arceus|Max Quake|p2a: Sableye
|-damage|p2a: Sableye|56/100
|-boost|p1a: Arceus|spd|1
|move|p2a: Sableye|Will-O-Wisp|p1a: Arceus|[miss]
|-miss|p2a: Sableye|p1a: Arceus
|
|-weather|none
|-end|p1a: Arceus|Dynamax
|-heal|p1a: Arceus|100/100|[silent]
|upkeep
|turn|19
|
|t:|1622043765
|move|p1a: Arceus|Swords Dance|p1a: Arceus
|-boost|p1a: Arceus|atk|2
|move|p2a: Sableye|Recover|p2a: Sableye
|-heal|p2a: Sableye|100/100
|
|upkeep
|turn|20
|
|t:|1622043769
|move|p1a: Arceus|Defog|p2a: Sableye
|move|p2a: Sableye|Defog|p1a: Arceus|[from]ability: Magic Bounce
|-unboost|p1a: Arceus|evasion|1
|-sideend|p1: hgssanstall|Stealth Rock|[from] move: Defog|[of] p2a: Sableye
|-sideend|p2: alwaysrinse|Stealth Rock|[from] move: Defog|[of] p2a: Sableye
|move|p2a: Sableye|Will-O-Wisp|p1a: Arceus
|-status|p1a: Arceus|brn
|
|-damage|p1a: Arceus|94/100 brn|[from] brn
|upkeep
|turn|21
|
|t:|1622043776
|switch|p1a: Yveltal|Yveltal, shiny|94/100
|-ability|p1a: Yveltal|Dark Aura
|move|p2a: Sableye|Foul Play|p1a: Yveltal
|-resisted|p1a: Yveltal
|-damage|p1a: Yveltal|74/100
|
|upkeep
|turn|22
|
|t:|1622043782
|switch|p1a: Zacian|Zacian-Crowned|100/100
|-ability|p1a: Zacian|Intrepid Sword|boost
|-boost|p1a: Zacian|atk|1
|switch|p2a: Tyranitar|Tyranitar, F|94/100
|-weather|Sandstorm|[from] ability: Sand Stream|[of] p2a: Tyranitar
|
|-weather|Sandstorm|[upkeep]
|-heal|p2a: Tyranitar|100/100|[from] item: Leftovers
|upkeep
|turn|23
|
|t:|1622043787
|switch|p2a: Lugia|Lugia|100/100
|move|p1a: Zacian|Close Combat|p2a: Lugia
|-resisted|p2a: Lugia
|-damage|p2a: Lugia|96/100
|-unboost|p1a: Zacian|def|1
|-unboost|p1a: Zacian|spd|1
|
|-weather|Sandstorm|[upkeep]
|-damage|p2a: Lugia|90/100|[from] Sandstorm
|upkeep
|turn|24
|
|t:|1622043793
|switch|p1a: Yveltal|Yveltal, shiny|74/100
|-ability|p1a: Yveltal|Dark Aura
|move|p2a: Lugia|Roost|p2a: Lugia
|-heal|p2a: Lugia|100/100
|-singleturn|p2a: Lugia|move: Roost
|
|-weather|Sandstorm|[upkeep]
|-damage|p1a: Yveltal|67/100|[from] Sandstorm
|-damage|p2a: Lugia|94/100|[from] Sandstorm
|upkeep
|turn|25
|
|t:|1622043797
|switch|p1a: Zacian|Zacian-Crowned|100/100
|-ability|p1a: Zacian|Intrepid Sword|boost
|-boost|p1a: Zacian|atk|1
|switch|p2a: Chansey|Chansey, F|57/100
|
|-weather|Sandstorm|[upkeep]
|-damage|p2a: Chansey|51/100|[from] Sandstorm
|upkeep
|turn|26
|
|t:|1622043801
|switch|p2a: Lugia|Lugia|94/100
|move|p1a: Zacian|Wild Charge|p2a: Lugia
|-supereffective|p2a: Lugia
|-damage|p2a: Lugia|28/100
|-damage|p1a: Zacian|79/100|[from] Recoil
|
|-weather|none
|upkeep
|turn|27
|
|t:|1622043804
|move|p1a: Zacian|Crunch|p2a: Lugia
|-supereffective|p2a: Lugia
|-damage|p2a: Lugia|0 fnt
|faint|p2a: Lugia
|
|upkeep
|
|t:|1622043807
|switch|p2a: Giratina|Giratina|100/100
|-ability|p2a: Giratina|Pressure
|turn|28
|
|t:|1622043811
|switch|p1a: Groudon|Groudon-Primal|96/100
|-weather|DesolateLand|[from] ability: Desolate Land|[of] p1a: Groudon
|move|p2a: Giratina|Will-O-Wisp|p1a: Groudon
|-immune|p1a: Groudon
|
|-weather|DesolateLand|[upkeep]
|upkeep
|turn|29
|
|t:|1622043814
|move|p1a: Groudon|Hidden Power|p2a: Giratina
|-supereffective|p2a: Giratina
|-damage|p2a: Giratina|77/100
|move|p2a: Giratina|Hex|p1a: Groudon
|-damage|p1a: Groudon|77/100
|
|-weather|DesolateLand|[upkeep]
|-heal|p2a: Giratina|83/100|[from] item: Leftovers
|upkeep
|turn|30
|
|t:|1622043820
|-weather|none
|switch|p1a: Arceus|Arceus|94/100 brn
|move|p2a: Giratina|Hex|p1a: Arceus
|-immune|p1a: Arceus
|
|-heal|p2a: Giratina|89/100|[from] item: Leftovers
|-damage|p1a: Arceus|88/100 brn|[from] brn
|upkeep
|turn|31
|
|t:|1622043826
|switch|p1a: Calyrex|Calyrex-Shadow|88/100 tox
|-ability|p1a: Calyrex|As One
|-ability|p1a: Calyrex|Unnerve
|switch|p2a: Tyranitar|Tyranitar, F|100/100
|-weather|Sandstorm|[from] ability: Sand Stream|[of] p2a: Tyranitar
|
|-weather|Sandstorm|[upkeep]
|-damage|p1a: Calyrex|82/100 tox|[from] Sandstorm
|-damage|p1a: Calyrex|76/100 tox|[from] psn
|upkeep
|turn|32
|
|t:|1622043832
|move|p1a: Calyrex|Baton Pass|p1a: Calyrex
|
|t:|1622043834
|switch|p1a: Arceus|Arceus|88/100 brn|[from]move: Baton Pass
|move|p2a: Tyranitar|Pursuit|p1a: Arceus
|-crit|p1a: Arceus
|-damage|p1a: Arceus|66/100 brn
|
|-weather|Sandstorm|[upkeep]
|-damage|p1a: Arceus|60/100 brn|[from] brn
|upkeep
|turn|33
|
|t:|1622043844
|move|p1a: Arceus|Swords Dance|p1a: Arceus
|-boost|p1a: Arceus|atk|2
|move|p2a: Tyranitar|Stealth Rock|p1a: Arceus
|-sidestart|p1: hgssanstall|move: Stealth Rock
|
|-weather|Sandstorm|[upkeep]
|-damage|p1a: Arceus|54/100 brn|[from] brn
|upkeep
|turn|34
|
|t:|1622043850
|switch|p2a: Giratina|Giratina|89/100
|-ability|p2a: Giratina|Pressure
|move|p1a: Arceus|Defog|p2a: Giratina
|-unboost|p2a: Giratina|evasion|1
|-sideend|p1: hgssanstall|Stealth Rock|[from] move: Defog|[of] p1a: Arceus
|
|-weather|Sandstorm|[upkeep]
|-damage|p2a: Giratina|83/100|[from] Sandstorm
|-heal|p2a: Giratina|89/100|[from] item: Leftovers
|-damage|p1a: Arceus|48/100 brn|[from] brn
|upkeep
|turn|35
|
|t:|1622043862
|switch|p1a: Yveltal|Yveltal, shiny|67/100
|-ability|p1a: Yveltal|Dark Aura
|switch|p2a: Tyranitar|Tyranitar, F|100/100
|
|-weather|none
|upkeep
|turn|36
|
|t:|1622043866
|switch|p1a: Zacian|Zacian-Crowned|79/100
|-ability|p1a: Zacian|Intrepid Sword|boost
|-boost|p1a: Zacian|atk|1
|move|p2a: Tyranitar|Stealth Rock|p1a: Zacian
|-sidestart|p1: hgssanstall|move: Stealth Rock
|
|upkeep
|turn|37
|
|t:|1622043873
|switch|p2a: Giratina|Giratina|89/100
|-ability|p2a: Giratina|Pressure
|move|p1a: Zacian|Crunch|p2a: Giratina
|-supereffective|p2a: Giratina
|-damage|p2a: Giratina|43/100
|
|-heal|p2a: Giratina|49/100|[from] item: Leftovers
|upkeep
|turn|38
|
|t:|1622043880
|switch|p1a: Groudon|Groudon-Primal|77/100
|-damage|p1a: Groudon|64/100|[from] Stealth Rock
|-weather|DesolateLand|[from] ability: Desolate Land|[of] p1a: Groudon
|move|p2a: Giratina|Will-O-Wisp|p1a: Groudon
|-immune|p1a: Groudon
|
|-weather|DesolateLand|[upkeep]
|-heal|p2a: Giratina|55/100|[from] item: Leftovers
|upkeep
|turn|39
|
|t:|1622043883
|move|p1a: Groudon|Hidden Power|p2a: Giratina
|-supereffective|p2a: Giratina
|-damage|p2a: Giratina|33/100
|move|p2a: Giratina|Rest|p2a: Giratina
|-status|p2a: Giratina|slp|[from] move: Rest
|-heal|p2a: Giratina|100/100 slp|[silent]
|
|-weather|DesolateLand|[upkeep]
|upkeep
|turn|40
|
|t:|1622043887
|move|p1a: Groudon|Stealth Rock|p2a: Giratina
|-sidestart|p2: alwaysrinse|move: Stealth Rock
|cant|p2a: Giratina|slp
|
|-weather|DesolateLand|[upkeep]
|upkeep
|turn|41
|
|t:|1622043891
|-weather|none
|switch|p1a: Calyrex|Calyrex-Shadow|76/100 tox
|-ability|p1a: Calyrex|As One
|-ability|p1a: Calyrex|Unnerve
|-damage|p1a: Calyrex|64/100 tox|[from] Stealth Rock
|cant|p2a: Giratina|slp
|
|-damage|p1a: Calyrex|58/100 tox|[from] psn
|upkeep
|turn|42
|
|t:|1622043902
|switch|p2a: Tyranitar|Tyranitar, F|100/100
|-damage|p2a: Tyranitar|88/100|[from] Stealth Rock
|-weather|Sandstorm|[from] ability: Sand Stream|[of] p2a: Tyranitar
|move|p1a: Calyrex|Baton Pass|p1a: Calyrex
|
|t:|1622043904
|switch|p1a: Zacian|Zacian-Crowned|79/100|[from]move: Baton Pass
|-damage|p1a: Zacian|73/100|[from] Stealth Rock
|-ability|p1a: Zacian|Intrepid Sword|boost
|-boost|p1a: Zacian|atk|1
|
|-weather|Sandstorm|[upkeep]
|-heal|p2a: Tyranitar|94/100|[from] item: Leftovers
|upkeep
|turn|43
|
|t:|1622043944
|switch|p2a: Giratina|Giratina|100/100 slp
|-damage|p2a: Giratina|88/100 slp|[from] Stealth Rock
|-ability|p2a: Giratina|Pressure
|move|p1a: Zacian|Behemoth Blade|p2a: Giratina
|-damage|p2a: Giratina|45/100 slp
|
|-weather|Sandstorm|[upkeep]
|-damage|p2a: Giratina|38/100 slp|[from] Sandstorm
|-heal|p2a: Giratina|45/100 slp|[from] item: Leftovers
|upkeep
|turn|44
|inactive|Battle timer is ON: inactive players will automatically lose when time's up. (requested by hgssanstall)
|
|t:|1622043952
|move|p1a: Zacian|Crunch|p2a: Giratina
|-supereffective|p2a: Giratina
|-damage|p2a: Giratina|0 fnt
|faint|p2a: Giratina
|
|-weather|Sandstorm|[upkeep]
|upkeep
|
|t:|1622043954
|switch|p2a: Sableye|Sableye-Mega, M|100/100
|-damage|p2a: Sableye|88/100|[from] Stealth Rock
|turn|45
|
|t:|1622043958
|switch|p1a: Groudon|Groudon-Primal|64/100
|-damage|p1a: Groudon|52/100|[from] Stealth Rock
|-weather|DesolateLand|[from] ability: Desolate Land|[of] p1a: Groudon
|move|p2a: Sableye|Will-O-Wisp|p1a: Groudon|[miss]
|-miss|p2a: Sableye|p1a: Groudon
|
|-weather|DesolateLand|[upkeep]
|upkeep
|turn|46
|
|t:|1622043963
|move|p1a: Groudon|Overheat|p2a: Sableye
|-damage|p2a: Sableye|0 fnt
|-unboost|p1a: Groudon|spa|2
|faint|p2a: Sableye
|
|-weather|DesolateLand|[upkeep]
|upkeep
|c|☆hgssanstall|gg
|
|t:|1622043968
|switch|p2a: Chansey|Chansey, F|51/100
|-damage|p2a: Chansey|38/100|[from] Stealth Rock
|turn|47
|
|t:|1622043977
|-weather|none
|switch|p1a: Zacian|Zacian-Crowned|73/100
|-damage|p1a: Zacian|67/100|[from] Stealth Rock
|-ability|p1a: Zacian|Intrepid Sword|boost
|-boost|p1a: Zacian|atk|1
|move|p2a: Chansey|Soft-Boiled|p2a: Chansey
|-heal|p2a: Chansey|88/100
|
|upkeep
|turn|48
|j| qknsy
|
|t:|1622043999
|move|p1a: Zacian|Close Combat|p2a: Chansey
|-supereffective|p2a: Chansey
|-damage|p2a: Chansey|0 fnt
|-unboost|p1a: Zacian|def|1
|-unboost|p1a: Zacian|spd|1
|faint|p2a: Chansey
|
|upkeep
|
|t:|1622044002
|switch|p2a: Tyranitar|Tyranitar, F|94/100
|-damage|p2a: Tyranitar|82/100|[from] Stealth Rock
|-weather|Sandstorm|[from] ability: Sand Stream|[of] p2a: Tyranitar
|turn|49
|
|t:|1622044008
|-start|p2a: Tyranitar|Dynamax
|-heal|p2a: Tyranitar|82/100|[silent]
|move|p2a: Tyranitar|Max Guard|p2a: Tyranitar
|-singleturn|p2a: Tyranitar|Max Guard
|move|p1a: Zacian|Close Combat|p2a: Tyranitar
|-activate|p2a: Tyranitar|move: Max Guard
|
|-weather|Sandstorm|[upkeep]
|-heal|p2a: Tyranitar|85/100|[from] item: Leftovers
|upkeep
|turn|50
|
|t:|1622044013
|move|p1a: Zacian|Close Combat|p2a: Tyranitar
|-supereffective|p2a: Tyranitar
|-damage|p2a: Tyranitar|0 fnt
|-unboost|p1a: Zacian|def|1
|-unboost|p1a: Zacian|spd|1
|faint|p2a: Tyranitar
|
|win|hgssanstall
|raw|hgssanstall's rating: 1752 &rarr; <strong>1779</strong><br />(+27 for winning)
|raw|alwaysrinse's rating: 1881 &rarr; <strong>1854</strong><br />(-27 for losing)
|l|☆alwaysrinse
||Ladder isn't responding, score probably updated but might not have (Request timeout).
