|j|☆dudb
|j|☆iLuciell
|t:|1612714353
|player|p1|dudb|265|1248
|player|p2|iLuciell|dawn|1385
|teamsize|p1|6
|teamsize|p2|6
|gametype|singles
|gen|8
|tier|[Gen 8] National Dex AG
|rated|
|clearpoke
|poke|p1|Galvantula, M|
|poke|p1|Sharpedo, M|
|poke|p1|Grapploct, F|
|poke|p1|Komala, F|
|poke|p1|Cloyster, M|
|poke|p1|Smeargle, F|
|poke|p2|Galvantula, M|
|poke|p2|Charizard, M|
|poke|p2|Gengar, M|
|poke|p2|Yveltal|
|poke|p2|Breloom, M|
|poke|p2|Sylveon, F|
|rule|HP Percentage Mod: HP is shown in percentages
|rule|Endless Battle Clause: Forcing endless battles is banned
|teampreview
|
|t:|1612714382
|start
|switch|p1a: Smeargle|Smeargle, F|100/100
|switch|p2a: Galvin|Galvantula, M|100/100
|turn|1
|
|t:|1612714389
|switch|p2a: Deku|Breloom, M|100/100
|move|p1a: Smeargle|Spore|p2a: Deku
|-immune|p2a: Deku
|
|-ability|p1a: Smeargle|Moody|boost
|-boost|p1a: Smeargle|spa|2
|-unboost|p1a: Smeargle|def|1
|upkeep
|turn|2
|
|t:|1612714402
|move|p1a: Smeargle|Protect|p1a: Smeargle
|-singleturn|p1a: Smeargle|Protect
|move|p2a: Deku|Spore|p1a: Smeargle
|-activate|p1a: Smeargle|move: Protect
|
|-ability|p1a: Smeargle|Moody|boost
|-boost|p1a: Smeargle|spa|2
|-unboost|p1a: Smeargle|def|1
|upkeep
|turn|3
|
|t:|1612714411
|move|p1a: Smeargle|Baton Pass|p1a: Smeargle
|
|t:|1612714416
|switch|p1a: Galvantula|Galvantula, M|100/100|[from]move: Baton Pass
|move|p2a: Deku|Spore|p1a: Galvantula
|-status|p1a: Galvantula|slp|[from] move: Spore
|
|upkeep
|turn|4
|
|t:|1612714424
|cant|p1a: Galvantula|slp
|move|p2a: Deku|Swords Dance|p2a: Deku
|-boost|p2a: Deku|atk|2
|
|upkeep
|turn|5
|
|t:|1612714429
|move|p2a: Deku|Mach Punch|p1a: Galvantula
|-resisted|p1a: Galvantula
|-damage|p1a: Galvantula|0 fnt
|faint|p1a: Galvantula
|
|upkeep
|
|t:|1612714438
|switch|p1a: Grapploct|Grapploct, F|100/100
|turn|6
|
|t:|1612714446
|move|p2a: Deku|Bullet Seed|p1a: Grapploct
|-damage|p1a: Grapploct|57/100
|-damage|p1a: Grapploct|12/100
|-damage|p1a: Grapploct|0 fnt
|-hitcount|p1a: Grapploct|3
|faint|p1a: Grapploct
|
|upkeep
|-message|dudb forfeited.
|
|win|iLuciell
|raw|dudb's rating: 1248 &rarr; <strong>1231</strong><br />(-17 for losing)
|raw|iLuciell's rating: 1373 &rarr; <strong>1386</strong><br />(+13 for winning)
