|j|☆Rashka99
|j|☆TwentyTwan
|player|p1|Rashka99|brawly|
|player|p2|TwentyTwan|102|
|teamsize|p1|6
|teamsize|p2|6
|gametype|singles
|gen|8
|tier|[Gen 8] National Dex AG
|clearpoke
|poke|p1|Infernape, F|
|poke|p1|Nihilego|
|poke|p1|Blastoise, F|
|poke|p1|Braviary, M|
|poke|p1|Mamoswine, F|
|poke|p1|Golisopod, M|
|poke|p2|Cofagrigus, F|
|poke|p2|Clefable, F|
|poke|p2|Jellicent, F|
|poke|p2|Shiinotic, F|
|poke|p2|Hydreigon, M|
|poke|p2|Charizard, M|
|rule|HP Percentage Mod: HP is shown in percentages
|rule|Endless Battle Clause: Forcing endless battles is banned
|teampreview
|j| Bitsy the Slayer
|j| Tientje007
|j| MeaTCaT
|c| MeaTCaT|gl hf
|c| Tientje007|gl hf
|c|☆TwentyTwan|!weak Golisopod
|html|<div class="infobox">Golisopod (ignoring abilities):<br /><span class="message-effect-weak">Weaknesses</span>: Electric, Flying, Rock<br /><span class="message-effect-resist">Resistances</span>: Fighting, Ground, Ice, Steel, Water<br /><span class="message-effect-immune">Immunities</span>: <font color=#999999>None</font></div>
|c|☆TwentyTwan|!weak Nihilego
|html|<div class="infobox">Nihilego (ignoring abilities):<br /><span class="message-effect-weak">Weaknesses</span>: <b>Ground</b>, Psychic, Steel, Water<br /><span class="message-effect-resist">Resistances</span>: Bug, Fairy, Fire, Flying, Normal, <b>Poison</b><br /><span class="message-effect-immune">Immunities</span>: <font color=#999999>None</font></div>
|c| Bitsy the Slayer|"Get out there and don't suck!" - Norman
|j| Reyggor
|j| rvdpijl19887
|
|start
|switch|p1a: Yellow Ninja|Nihilego, shiny|100/100
|switch|p2a: Upgraded Swiss-Arm|Clefable, F|100/100
|turn|1
|
|switch|p2a: GermanDragon|Hydreigon, M|100/100
|move|p1a: Yellow Ninja|Sludge Bomb|p2a: GermanDragon
|-damage|p2a: GermanDragon|49/100
|-status|p2a: GermanDragon|psn
|
|-damage|p2a: GermanDragon|37/100 psn|[from] psn
|upkeep
|turn|2
|
|move|p1a: Yellow Ninja|Sludge Bomb|p2a: GermanDragon
|-damage|p2a: GermanDragon|0 fnt
|faint|p2a: GermanDragon
|-ability|p1a: Yellow Ninja|Beast Boost|boost
|-boost|p1a: Yellow Ninja|spa|1
|
|upkeep
|
|switch|p2a: La Dragoné|Charizard, M|100/100
|turn|3
|
|detailschange|p2a: La Dragoné|Charizard-Mega-X, M
|-mega|p2a: La Dragoné|Charizard|Charizardite X
|move|p1a: Yellow Ninja|Power Gem|p2a: La Dragoné
|-supereffective|p2a: La Dragoné
|-damage|p2a: La Dragoné|0 fnt
|faint|p2a: La Dragoné
|-ability|p1a: Yellow Ninja|Beast Boost|boost
|-boost|p1a: Yellow Ninja|spa|1
|
|upkeep
|
|switch|p2a: Mooie Koffer|Cofagrigus, F|100/100
|turn|4
|
|move|p1a: Yellow Ninja|Sludge Bomb|p2a: Mooie Koffer
|-resisted|p2a: Mooie Koffer
|-damage|p2a: Mooie Koffer|65/100
|move|p2a: Mooie Koffer|Trick Room|p2a: Mooie Koffer
|-fieldstart|move: Trick Room|[of] p2a: Mooie Koffer
|
|-heal|p2a: Mooie Koffer|71/100|[from] item: Leftovers
|upkeep
|turn|5
|
|move|p2a: Mooie Koffer|Nasty Plot|p2a: Mooie Koffer
|-boost|p2a: Mooie Koffer|spa|2
|move|p1a: Yellow Ninja|Power Gem|p2a: Mooie Koffer
|-damage|p2a: Mooie Koffer|5/100
|
|-heal|p2a: Mooie Koffer|12/100|[from] item: Leftovers
|upkeep
|turn|6
|
|move|p2a: Mooie Koffer|Psychic|p1a: Yellow Ninja
|-supereffective|p1a: Yellow Ninja
|-damage|p1a: Yellow Ninja|42/100
|move|p1a: Yellow Ninja|Power Gem|p2a: Mooie Koffer
|-damage|p2a: Mooie Koffer|0 fnt
|faint|p2a: Mooie Koffer
|-ability|p1a: Yellow Ninja|Beast Boost|boost
|-boost|p1a: Yellow Ninja|spa|1
|
|upkeep
|
|switch|p2a: Magic Mushroom|Shiinotic, F|100/100
|turn|7
|
|move|p2a: Magic Mushroom|Spore|p1a: Yellow Ninja
|-status|p1a: Yellow Ninja|slp|[from] move: Spore
|cant|p1a: Yellow Ninja|slp
|
|upkeep
|turn|8
|
|move|p2a: Magic Mushroom|Substitute|p2a: Magic Mushroom
|-start|p2a: Magic Mushroom|Substitute
|-damage|p2a: Magic Mushroom|75/100
|cant|p1a: Yellow Ninja|slp
|
|-heal|p2a: Magic Mushroom|82/100|[from] item: Leftovers
|-fieldend|move: Trick Room
|upkeep
|turn|9
|
|-curestatus|p1a: Yellow Ninja|slp|[msg]
|move|p1a: Yellow Ninja|Sludge Bomb|p2a: Magic Mushroom
|-supereffective|p2a: Magic Mushroom
|-end|p2a: Magic Mushroom|Substitute
|move|p2a: Magic Mushroom|Leech Seed|p1a: Yellow Ninja
|-start|p1a: Yellow Ninja|move: Leech Seed
|
|-heal|p2a: Magic Mushroom|88/100|[from] item: Leftovers
|-damage|p1a: Yellow Ninja|30/100|[from] Leech Seed|[of] p2a: Magic Mushroom
|-heal|p2a: Magic Mushroom|100/100|[silent]
|upkeep
|turn|10
|
|switch|p2a: Kwalletje|Jellicent, F|100/100
|move|p1a: Yellow Ninja|Sludge Bomb|p2a: Kwalletje
|-resisted|p2a: Kwalletje
|-damage|p2a: Kwalletje|57/100
|
|-heal|p2a: Kwalletje|63/100|[from] item: Leftovers
|-damage|p1a: Yellow Ninja|17/100|[from] Leech Seed|[of] p2a: Kwalletje
|-heal|p2a: Kwalletje|74/100|[silent]
|upkeep
|turn|11
|
|move|p1a: Yellow Ninja|Thunderbolt|p2a: Kwalletje
|-supereffective|p2a: Kwalletje
|-damage|p2a: Kwalletje|0 fnt
|faint|p2a: Kwalletje
|-ability|p1a: Yellow Ninja|Beast Boost|boost
|-boost|p1a: Yellow Ninja|spa|1
|
|upkeep
|
|switch|p2a: Upgraded Swiss-Arm|Clefable, F|100/100
|turn|12
|
|move|p1a: Yellow Ninja|Sludge Bomb|p2a: Upgraded Swiss-Arm
|-supereffective|p2a: Upgraded Swiss-Arm
|-damage|p2a: Upgraded Swiss-Arm|0 fnt
|faint|p2a: Upgraded Swiss-Arm
|-ability|p1a: Yellow Ninja|Beast Boost|boost
|-boost|p1a: Yellow Ninja|spa|1
|
|upkeep
|
|switch|p2a: Magic Mushroom|Shiinotic, F|100/100
|turn|13
|
|move|p1a: Yellow Ninja|Sludge Bomb|p2a: Magic Mushroom
|-supereffective|p2a: Magic Mushroom
|-damage|p2a: Magic Mushroom|0 fnt
|faint|p2a: Magic Mushroom
|
|win|Rashka99
|c| MeaTCaT|gg
|c|☆TwentyTwan|gg
