|j|☆txanpu
|j|☆rowletroost
|t:|1641774835
|gametype|singles
|player|p1|txanpu|waitress-gen4|1611
|player|p2|rowletroost|aromalady|1647
|teamsize|p1|6
|teamsize|p2|6
|gen|8
|tier|[Gen 8] National Dex AG
|rated|
|rule|HP Percentage Mod: HP is shown in percentages
|rule|Endless Battle Clause: Forcing endless battles is banned
|clearpoke
|poke|p1|Kangaskhan, F|
|poke|p1|Chansey, F|
|poke|p1|Miltank, F|
|poke|p1|Arceus-*|
|poke|p1|Ditto|
|poke|p1|Smeargle, L1, F|
|poke|p2|Arceus-*|
|poke|p2|Xerneas-*|
|poke|p2|Kyogre|
|poke|p2|Marshadow|
|poke|p2|Ribombee, F|
|poke|p2|Vivillon-Savanna, M|
|teampreview
|inactive|Battle timer is ON: inactive players will automatically lose when time's up. (requested by rowletroost)
|
|t:|1641774842
|start
|switch|p1a: Arceus|Arceus|100/100
|switch|p2a: Ribombee|Ribombee, F, shiny|100/100
|turn|1
|
|t:|1641774851
|switch|p2a: Marshadow|Marshadow|100/100
|move|p1a: Arceus|Extreme Speed|p2a: Marshadow
|-immune|p2a: Marshadow
|
|upkeep
|turn|2
|
|t:|1641774856
|-start|p1a: Arceus|Dynamax
|-heal|p1a: Arceus|100/100|[silent]
|move|p2a: Marshadow|Close Combat|p1a: Arceus
|-supereffective|p1a: Arceus
|-damage|p1a: Arceus|60/100
|-unboost|p2a: Marshadow|def|1
|-unboost|p2a: Marshadow|spd|1
|move|p1a: Arceus|Max Phantasm|p2a: Marshadow
|-supereffective|p2a: Marshadow
|-enditem|p2a: Marshadow|Focus Sash
|-damage|p2a: Marshadow|1/100
|-unboost|p2a: Marshadow|def|1
|
|upkeep
|turn|3
|
|t:|1641774873
|switch|p2a: Ribombee|Ribombee, F, shiny|100/100
|move|p1a: Arceus|Max Phantasm|p2a: Ribombee
|-damage|p2a: Ribombee|17/100
|-unboost|p2a: Ribombee|def|1
|
|upkeep
|turn|4
|
|t:|1641774880
|move|p2a: Ribombee|Sticky Web|p1a: Arceus
|-sidestart|p1: txanpu|move: Sticky Web
|move|p1a: Arceus|Max Phantasm|p2a: Ribombee
|-damage|p2a: Ribombee|0 fnt
|faint|p2a: Ribombee
|
|-end|p1a: Arceus|Dynamax
|-heal|p1a: Arceus|60/100|[silent]
|upkeep
|
|t:|1641774884
|switch|p2a: Marshadow|Marshadow|1/100
|turn|5
|
|t:|1641774887
|switch|p1a: Ditto|Ditto|100/100
|-activate|p1a: Ditto|move: Sticky Web
|-unboost|p1a: Ditto|spe|1
|-transform|p1a: Ditto|p2a: Marshadow|[from] ability: Imposter
|move|p2a: Marshadow|Close Combat|p1a: Ditto
|-immune|p1a: Ditto
|
|upkeep
|turn|6
|
|t:|1641774892
|switch|p2a: Arceus|Arceus-Ground|100/100
|move|p1a: Ditto|Shadow Sneak|p2a: Arceus
|-damage|p2a: Arceus|85/100
|
|upkeep
|turn|7
|
|t:|1641774894
|switch|p1a: Chansey|Chansey, F|100/100
|-activate|p1a: Chansey|move: Sticky Web
|-unboost|p1a: Chansey|spe|1
|move|p2a: Arceus|Judgment|p1a: Chansey
|-damage|p1a: Chansey|88/100
|
|upkeep
|turn|8
|
|t:|1641774902
|switch|p2a: Kyogre|Kyogre, shiny|100/100
|detailschange|p2a: Kyogre|Kyogre-Primal, shiny
|-primal|p2a: Kyogre
|-weather|PrimordialSea|[from] ability: Primordial Sea|[of] p2a: Kyogre
|move|p1a: Chansey|Teleport|p1a: Chansey
|
|t:|1641774908
|switch|p1a: Arceus|Arceus|60/100|[from]move: Teleport
|-activate|p1a: Arceus|move: Sticky Web
|-unboost|p1a: Arceus|spe|1
|
|-weather|PrimordialSea|[upkeep]
|upkeep
|turn|9
|
|t:|1641774910
|move|p1a: Arceus|Extreme Speed|p2a: Kyogre
|-damage|p2a: Kyogre|42/100
|move|p2a: Kyogre|Origin Pulse|p1a: Arceus
|-damage|p1a: Arceus|0 fnt
|faint|p1a: Arceus
|
|-weather|PrimordialSea|[upkeep]
|upkeep
|
|t:|1641774923
|switch|p1a: Chansey|Chansey, F|88/100
|-activate|p1a: Chansey|move: Sticky Web
|-unboost|p1a: Chansey|spe|1
|turn|10
|
|t:|1641774928
|-weather|none
|switch|p2a: Marshadow|Marshadow|1/100
|move|p1a: Chansey|Seismic Toss|p2a: Marshadow
|-immune|p2a: Marshadow
|
|upkeep
|turn|11
|
|t:|1641774932
|switch|p1a: Smeargle|Smeargle, L1, F|100/100
|-activate|p1a: Smeargle|move: Sticky Web
|-unboost|p1a: Smeargle|spe|1
|move|p2a: Marshadow|Close Combat|p1a: Smeargle
|-supereffective|p1a: Smeargle
|-enditem|p1a: Smeargle|Focus Sash
|-damage|p1a: Smeargle|9/100
|-unboost|p2a: Marshadow|def|1
|-unboost|p2a: Marshadow|spd|1
|
|upkeep
|turn|12
|
|t:|1641774936
|move|p1a: Smeargle|Baneful Bunker|p1a: Smeargle
|-singleturn|p1a: Smeargle|move: Protect
|move|p2a: Marshadow|Rock Tomb|p1a: Smeargle
|-activate|p1a: Smeargle|move: Protect
|
|upkeep
|turn|13
|
|t:|1641774943
|switch|p1a: Kangaskhan|Kangaskhan, F|100/100
|-activate|p1a: Kangaskhan|move: Sticky Web
|-unboost|p1a: Kangaskhan|spe|1
|move|p2a: Marshadow|Close Combat|p1a: Kangaskhan
|-supereffective|p1a: Kangaskhan
|-damage|p1a: Kangaskhan|4/100
|-unboost|p2a: Marshadow|def|1
|-unboost|p2a: Marshadow|spd|1
|
|upkeep
|turn|14
|
|t:|1641774948
|switch|p2a: Arceus|Arceus-Ground|85/100
|move|p1a: Kangaskhan|Fake Out|p2a: Arceus
|-damage|p2a: Arceus|78/100
|
|upkeep
|turn|15
|
|t:|1641774952
|detailschange|p1a: Kangaskhan|Kangaskhan-Mega, F
|-mega|p1a: Kangaskhan|Kangaskhan|Kangaskhanite
|move|p2a: Arceus|Judgment|p1a: Kangaskhan
|-damage|p1a: Kangaskhan|0 fnt
|faint|p1a: Kangaskhan
|
|upkeep
|
|t:|1641774958
|switch|p1a: Chansey|Chansey, F|88/100
|-activate|p1a: Chansey|move: Sticky Web
|-unboost|p1a: Chansey|spe|1
|turn|16
|
|t:|1641774962
|switch|p2a: Kyogre|Kyogre-Primal, shiny|42/100
|-weather|PrimordialSea|[from] ability: Primordial Sea|[of] p2a: Kyogre
|move|p1a: Chansey|Toxic|p2a: Kyogre
|-status|p2a: Kyogre|tox
|
|-weather|PrimordialSea|[upkeep]
|-damage|p2a: Kyogre|35/100 tox|[from] psn
|upkeep
|turn|17
|
|t:|1641774966
|move|p2a: Kyogre|Origin Pulse|p1a: Chansey|[miss]
|-miss|p2a: Kyogre|p1a: Chansey
|move|p1a: Chansey|Seismic Toss|p2a: Kyogre
|-damage|p2a: Kyogre|11/100 tox
|
|-weather|PrimordialSea|[upkeep]
|-damage|p2a: Kyogre|0 fnt|[from] psn
|faint|p2a: Kyogre
|-weather|none
|upkeep
|
|t:|1641774971
|switch|p2a: Marshadow|Marshadow|1/100
|turn|18
|
|t:|1641774975
|switch|p1a: Miltank|Miltank, F|100/100
|-activate|p1a: Miltank|move: Sticky Web
|-unboost|p1a: Miltank|spe|1
|move|p2a: Marshadow|Spectral Thief|p1a: Miltank
|-immune|p1a: Miltank
|
|upkeep
|turn|19
|
|t:|1641774985
|switch|p2a: Arceus|Arceus-Ground|78/100
|move|p1a: Miltank|Seismic Toss|p2a: Arceus
|-damage|p2a: Arceus|55/100
|
|upkeep
|turn|20
|
|t:|1641774987
|switch|p1a: Chansey|Chansey, F|88/100
|-activate|p1a: Chansey|move: Sticky Web
|-unboost|p1a: Chansey|spe|1
|move|p2a: Arceus|Recover|p2a: Arceus
|-heal|p2a: Arceus|100/100
|
|upkeep
|turn|21
|
|t:|1641775007
|switch|p2a: Xerneas|Xerneas, shiny|100/100
|-ability|p2a: Xerneas|Fairy Aura
|move|p1a: Chansey|Toxic|p2a: Xerneas
|-status|p2a: Xerneas|tox
|
|-damage|p2a: Xerneas|94/100 tox|[from] psn
|upkeep
|turn|22
|
|t:|1641775013
|move|p2a: Xerneas|Moonblast|p1a: Chansey
|-damage|p1a: Chansey|67/100
|move|p1a: Chansey|Seismic Toss|p2a: Xerneas
|-damage|p2a: Xerneas|69/100 tox
|
|-damage|p2a: Xerneas|57/100 tox|[from] psn
|upkeep
|turn|23
|
|t:|1641775019
|move|p2a: Xerneas|Moonblast|p1a: Chansey
|-damage|p1a: Chansey|48/100
|move|p1a: Chansey|Seismic Toss|p2a: Xerneas
|-damage|p2a: Xerneas|31/100 tox
|
|-damage|p2a: Xerneas|13/100 tox|[from] psn
|upkeep
|turn|24
|
|t:|1641775023
|switch|p2a: Vivillon|Vivillon-Savanna, M|100/100
|move|p1a: Chansey|Soft-Boiled|p1a: Chansey
|-heal|p1a: Chansey|98/100
|
|upkeep
|turn|25
|
|t:|1641775025
|move|p2a: Vivillon|Sleep Powder|p1a: Chansey
|-status|p1a: Chansey|slp|[from] move: Sleep Powder
|cant|p1a: Chansey|slp
|
|upkeep
|turn|26
|
|t:|1641775033
|move|p2a: Vivillon|Substitute|p2a: Vivillon
|-start|p2a: Vivillon|Substitute
|-damage|p2a: Vivillon|76/100
|-curestatus|p1a: Chansey|slp|[msg]
|move|p1a: Chansey|Toxic||[still]
|-fail|p1a: Chansey
|
|-heal|p2a: Vivillon|82/100|[from] item: Leftovers
|upkeep
|turn|27
|
|t:|1641775038
|move|p2a: Vivillon|Sleep Powder|p1a: Chansey
|-status|p1a: Chansey|slp|[from] move: Sleep Powder
|cant|p1a: Chansey|slp
|
|-heal|p2a: Vivillon|88/100|[from] item: Leftovers
|upkeep
|turn|28
|
|t:|1641775042
|move|p2a: Vivillon|Quiver Dance|p2a: Vivillon
|-boost|p2a: Vivillon|spa|1
|-boost|p2a: Vivillon|spd|1
|-boost|p2a: Vivillon|spe|1
|cant|p1a: Chansey|slp
|
|-heal|p2a: Vivillon|94/100|[from] item: Leftovers
|upkeep
|turn|29
|l|☆txanpu
|inactive|txanpu disconnected and has a minute to reconnect!
|player|p1|
|inactive|txanpu has 30 seconds to reconnect!
|inactive|txanpu has 20 seconds to reconnect!
|inactive|txanpu has 15 seconds to reconnect!
|inactive|txanpu has 10 seconds to reconnect!
|inactive|txanpu has 5 seconds to reconnect!
|-message|txanpu lost due to inactivity.
|
|win|rowletroost
|raw|txanpu's rating: 1611 &rarr; <strong>1593</strong><br />(-18 for losing)
|raw|rowletroost's rating: 1647 &rarr; <strong>1665</strong><br />(+18 for winning)
