|j|☆agdp
|j|☆iHaveAsthma
|t:|1638270807
|gametype|singles
|player|p1|agdp|265|1755
|player|p2|iHaveAsthma|doctor|1663
|teamsize|p1|6
|teamsize|p2|6
|gen|8
|tier|[Gen 8] National Dex AG
|rated|
|rule|HP Percentage Mod: HP is shown in percentages
|rule|Endless Battle Clause: Forcing endless battles is banned
|clearpoke
|poke|p1|Giratina-Origin|
|poke|p1|Ditto|
|poke|p1|Groudon|
|poke|p1|Yveltal|
|poke|p1|Kyogre|
|poke|p1|Ho-Oh|
|poke|p2|Rayquaza|
|poke|p2|Lugia|
|poke|p2|Arceus-*|
|poke|p2|Arceus-*|
|poke|p2|Darmanitan-Galar, F|
|poke|p2|Arceus-*|
|teampreview
|inactive|Battle timer is ON: inactive players will automatically lose when time's up. (requested by agdp)
|
|t:|1638270847
|start
|switch|p1a: Kyogre|Kyogre|100/100
|switch|p2a: Rayquaza|Rayquaza|100/100
|-ability|p2a: Rayquaza|Air Lock
|detailschange|p1a: Kyogre|Kyogre-Primal
|-primal|p1a: Kyogre
|-weather|PrimordialSea|[from] ability: Primordial Sea|[of] p1a: Kyogre
|turn|1
|
|t:|1638270862
|detailschange|p2a: Rayquaza|Rayquaza-Mega
|-mega|p2a: Rayquaza|Rayquaza|
|-weather|DeltaStream|[from] ability: Delta Stream|[of] p2a: Rayquaza
|move|p2a: Rayquaza|Dragon Ascent|p1a: Kyogre
|-damage|p1a: Kyogre|14/100
|-unboost|p2a: Rayquaza|def|1
|-unboost|p2a: Rayquaza|spd|1
|move|p1a: Kyogre|Ice Beam|p2a: Rayquaza
|-activate||deltastream
|-supereffective|p2a: Rayquaza
|-enditem|p2a: Rayquaza|Focus Sash
|-damage|p2a: Rayquaza|1/100
|
|-weather|DeltaStream|[upkeep]
|upkeep
|turn|2
|
|t:|1638270876
|move|p2a: Rayquaza|Dragon Ascent|p1a: Kyogre
|-damage|p1a: Kyogre|0 fnt
|-unboost|p2a: Rayquaza|def|1
|-unboost|p2a: Rayquaza|spd|1
|faint|p1a: Kyogre
|
|-weather|DeltaStream|[upkeep]
|upkeep
|
|t:|1638270882
|switch|p1a: Giratina|Giratina-Origin, shiny|100/100
|turn|3
|
|t:|1638270896
|move|p1a: Giratina|Shadow Sneak|p2a: Rayquaza
|-damage|p2a: Rayquaza|0 fnt
|faint|p2a: Rayquaza
|-weather|none
|
|upkeep
|
|t:|1638270901
|switch|p2a: Darmanitan|Darmanitan-Galar, F|100/100
|turn|4
|
|t:|1638270906
|-start|p1a: Giratina|Dynamax
|-heal|p1a: Giratina|100/100|[silent]
|move|p2a: Darmanitan|U-turn|p1a: Giratina
|-resisted|p1a: Giratina
|-damage|p1a: Giratina|93/100
|
|t:|1638270930
|switch|p2a: Lugia|Lugia|100/100|[from]move: U-turn
|move|p1a: Giratina|Max Phantasm|p2a: Lugia
|-supereffective|p2a: Lugia
|-damage|p2a: Lugia|54/100
|-unboost|p2a: Lugia|def|1
|
|upkeep
|turn|5
|
|t:|1638270942
|move|p1a: Giratina|Max Phantasm|p2a: Lugia
|-supereffective|p2a: Lugia
|-crit|p2a: Lugia
|-damage|p2a: Lugia|0 fnt
|faint|p2a: Lugia
|
|upkeep
|
|t:|1638270954
|switch|p2a: Arceus|Arceus-Fairy|100/100
|turn|6
|
|t:|1638270957
|move|p1a: Giratina|Max Phantasm|p2a: Arceus
|-damage|p2a: Arceus|55/100
|-unboost|p2a: Arceus|def|1
|move|p2a: Arceus|Judgment|p1a: Giratina
|-supereffective|p1a: Giratina
|-damage|p1a: Giratina|56/100
|
|-end|p1a: Giratina|Dynamax
|-heal|p1a: Giratina|56/100|[silent]
|upkeep
|turn|7
|
|t:|1638270971
|move|p1a: Giratina|Hone Claws|p1a: Giratina
|-boost|p1a: Giratina|atk|1
|-boost|p1a: Giratina|accuracy|1
|move|p2a: Arceus|Whirlpool|p1a: Giratina|[miss]
|-miss|p2a: Arceus|p1a: Giratina
|
|upkeep
|turn|8
|
|t:|1638270998
|move|p1a: Giratina|Shadow Force||[still]
|-prepare|p1a: Giratina|Shadow Force
|move|p2a: Arceus|Whirlpool|p1a: Giratina|[miss]
|-miss|p2a: Arceus|p1a: Giratina
|
|upkeep
|turn|9
|
|t:|1638271004
|move|p1a: Giratina|Shadow Force|p2a: Arceus|[from]lockedmove
|-damage|p2a: Arceus|0 fnt
|faint|p2a: Arceus
|
|upkeep
|
|t:|1638271007
|switch|p2a: Darmanitan|Darmanitan-Galar, F|100/100
|turn|10
|
|t:|1638271012
|move|p1a: Giratina|Shadow Sneak|p2a: Darmanitan
|-damage|p2a: Darmanitan|37/100
|move|p2a: Darmanitan|Icicle Crash|p1a: Giratina
|-supereffective|p1a: Giratina
|-damage|p1a: Giratina|0 fnt
|faint|p1a: Giratina
|
|upkeep
|
|t:|1638271021
|switch|p1a: Ditto|Ditto|100/100
|-transform|p1a: Ditto|p2a: Darmanitan|[from] ability: Imposter
|turn|11
|
|t:|1638271045
|move|p2a: Darmanitan|Icicle Crash|p1a: Ditto
|-resisted|p1a: Ditto
|-damage|p1a: Ditto|33/100
|cant|p1a: Ditto|flinch
|
|upkeep
|turn|12
|
|t:|1638271051
|move|p1a: Ditto|Flare Blitz|p2a: Darmanitan
|-supereffective|p2a: Darmanitan
|-damage|p2a: Darmanitan|0 fnt
|faint|p2a: Darmanitan
|-damage|p1a: Ditto|19/100|[from] Recoil
|
|upkeep
|
|t:|1638271068
|switch|p2a: Arceus|Arceus-Ground|100/100
|turn|13
|
|t:|1638271071
|move|p1a: Ditto|Flare Blitz|p2a: Arceus
|-damage|p2a: Arceus|67/100
|-damage|p1a: Ditto|2/100|[from] Recoil
|move|p2a: Arceus|Calm Mind|p2a: Arceus
|-boost|p2a: Arceus|spa|1
|-boost|p2a: Arceus|spd|1
|
|upkeep
|turn|14
|inactive|iHaveAsthma has 120 seconds left.
|
|t:|1638271102
|switch|p1a: Ho-Oh|Ho-Oh|100/100
|move|p2a: Arceus|Calm Mind|p2a: Arceus
|-boost|p2a: Arceus|spa|1
|-boost|p2a: Arceus|spd|1
|
|upkeep
|turn|15
|
|t:|1638271109
|move|p1a: Ho-Oh|Toxic|p2a: Arceus
|-status|p2a: Arceus|tox
|move|p2a: Arceus|Ice Beam|p1a: Ho-Oh
|-damage|p1a: Ho-Oh|75/100
|
|-damage|p2a: Arceus|61/100 tox|[from] psn
|upkeep
|turn|16
|
|t:|1638271118
|move|p1a: Ho-Oh|Substitute|p1a: Ho-Oh
|-start|p1a: Ho-Oh|Substitute
|-damage|p1a: Ho-Oh|50/100
|move|p2a: Arceus|Ice Beam|p1a: Ho-Oh
|-end|p1a: Ho-Oh|Substitute
|
|-damage|p2a: Arceus|48/100 tox|[from] psn
|upkeep
|turn|17
|
|t:|1638271126
|move|p1a: Ho-Oh|Roost|p1a: Ho-Oh
|-heal|p1a: Ho-Oh|99/100
|-singleturn|p1a: Ho-Oh|move: Roost
|move|p2a: Arceus|Ice Beam|p1a: Ho-Oh
|-resisted|p1a: Ho-Oh
|-damage|p1a: Ho-Oh|86/100
|
|-damage|p2a: Arceus|30/100 tox|[from] psn
|upkeep
|turn|18
|
|t:|1638271136
|move|p1a: Ho-Oh|Substitute|p1a: Ho-Oh
|-start|p1a: Ho-Oh|Substitute
|-damage|p1a: Ho-Oh|61/100
|move|p2a: Arceus|Ice Beam|p1a: Ho-Oh
|-end|p1a: Ho-Oh|Substitute
|
|-damage|p2a: Arceus|6/100 tox|[from] psn
|upkeep
|turn|19
|
|t:|1638271145
|move|p1a: Ho-Oh|Substitute|p1a: Ho-Oh
|-start|p1a: Ho-Oh|Substitute
|-damage|p1a: Ho-Oh|36/100
|move|p2a: Arceus|Ice Beam|p1a: Ho-Oh
|-end|p1a: Ho-Oh|Substitute
|
|-damage|p2a: Arceus|0 fnt|[from] psn
|faint|p2a: Arceus
|upkeep
|
|t:|1638271148
|switch|p2a: Arceus|Arceus-Flying|100/100
|turn|20
|
|t:|1638271158
|-start|p2a: Arceus|Dynamax
|-heal|p2a: Arceus|100/100|[silent]
|move|p2a: Arceus|Max Airstream|p1a: Ho-Oh
|-damage|p1a: Ho-Oh|0 fnt
|-boost|p2a: Arceus|spe|1
|faint|p1a: Ho-Oh
|
|upkeep
|
|t:|1638271172
|switch|p1a: Yveltal|Yveltal|100/100
|-ability|p1a: Yveltal|Dark Aura
|turn|21
|
|t:|1638271185
|move|p2a: Arceus|Max Airstream|p1a: Yveltal
|-damage|p1a: Yveltal|19/100
|-boost|p2a: Arceus|spe|1
|move|p1a: Yveltal|Oblivion Wing|p2a: Arceus
|-damage|p2a: Arceus|86/100
|-heal|p1a: Yveltal|42/100|[from] drain|[of] p2a: Arceus
|
|upkeep
|turn|22
|
|t:|1638271196
|move|p2a: Arceus|Max Guard|p2a: Arceus
|-singleturn|p2a: Arceus|Max Guard
|move|p1a: Yveltal|Sucker Punch||[still]
|-fail|p1a: Yveltal
|
|-end|p2a: Arceus|Dynamax
|-heal|p2a: Arceus|86/100|[silent]
|upkeep
|turn|23
|
|t:|1638271206
|move|p2a: Arceus|Swords Dance|p2a: Arceus
|-boost|p2a: Arceus|atk|2
|move|p1a: Yveltal|Foul Play|p2a: Arceus
|-damage|p2a: Arceus|0 fnt
|faint|p2a: Arceus
|
|win|agdp
|raw|agdp's rating: 1755 &rarr; <strong>1770</strong><br />(+15 for winning)
|raw|iHaveAsthma's rating: 1663 &rarr; <strong>1648</strong><br />(-15 for losing)
|l|☆iHaveAsthma
