|j|☆C0ld as Ic3
|j|☆vi3beswithchanell1
|t:|1653614642
|gametype|singles
|player|p1|C0ld as Ic3|schoolkid-gen4dp|1764
|player|p2|vi3beswithchanell1|aromalady|1652
|teamsize|p1|6
|teamsize|p2|6
|gen|8
|tier|[Gen 8] National Dex AG
|rated|
|rule|HP Percentage Mod: HP is shown in percentages
|rule|Endless Battle Clause: Forcing endless battles is banned
|clearpoke
|poke|p1|Ho-Oh|
|poke|p1|Arceus-*|
|poke|p1|Necrozma-Dusk-Mane|
|poke|p1|Rayquaza|
|poke|p1|Arceus-*|
|poke|p1|Ditto|
|poke|p2|Calyrex-Shadow|
|poke|p2|Arceus-*|
|poke|p2|Necrozma-Dusk-Mane|
|poke|p2|Arceus-*|
|poke|p2|Rayquaza|
|poke|p2|Groudon|
|teampreview
|inactive|Battle timer is ON: inactive players will automatically lose when time's up. (requested by C0ld as Ic3)
|
|t:|1653614655
|start
|switch|p1a: Ho-Oh|Ho-Oh|100/100
|switch|p2a: Arceus|Arceus-Fairy|100/100
|turn|1
|
|t:|1653614662
|switch|p2a: Necrozma|Necrozma-Dusk-Mane|100/100
|move|p1a: Ho-Oh|Toxic|p2a: Necrozma
|-immune|p2a: Necrozma
|
|upkeep
|turn|2
|
|t:|1653614673
|switch|p2a: Groudon|Groudon|100/100
|detailschange|p2a: Groudon|Groudon-Primal
|-primal|p2a: Groudon
|-weather|DesolateLand|[from] ability: Desolate Land|[of] p2a: Groudon
|move|p1a: Ho-Oh|Sacred Fire|p2a: Groudon
|-resisted|p2a: Groudon
|-damage|p2a: Groudon|81/100
|
|-weather|DesolateLand|[upkeep]
|upkeep
|turn|3
|
|t:|1653614686
|move|p1a: Ho-Oh|Toxic|p2a: Groudon
|-status|p2a: Groudon|tox
|move|p2a: Groudon|Stone Edge|p1a: Ho-Oh
|-supereffective|p1a: Ho-Oh
|-damage|p1a: Ho-Oh|0 fnt
|faint|p1a: Ho-Oh
|
|-weather|DesolateLand|[upkeep]
|-damage|p2a: Groudon|75/100 tox|[from] psn
|upkeep
|
|t:|1653614693
|switch|p1a: Rayquaza|Rayquaza|100/100
|-ability|p1a: Rayquaza|Air Lock
|turn|4
|
|t:|1653614701
|-weather|none
|switch|p2a: Necrozma|Necrozma-Dusk-Mane|100/100
|detailschange|p1a: Rayquaza|Rayquaza-Mega
|-mega|p1a: Rayquaza|Rayquaza|
|-weather|DeltaStream|[from] ability: Delta Stream|[of] p1a: Rayquaza
|move|p1a: Rayquaza|Dragon Ascent|p2a: Necrozma
|-resisted|p2a: Necrozma
|-damage|p2a: Necrozma|63/100
|-unboost|p1a: Rayquaza|def|1
|-unboost|p1a: Rayquaza|spd|1
|-damage|p1a: Rayquaza|84/100|[from] item: Rocky Helmet|[of] p2a: Necrozma
|
|-weather|DeltaStream|[upkeep]
|upkeep
|turn|5
|
|t:|1653614713
|-weather|none
|switch|p1a: Arceus|Arceus-Dark|100/100
|move|p2a: Necrozma|Stealth Rock|p1a: Arceus
|-sidestart|p1: C0ld as Ic3|move: Stealth Rock
|
|upkeep
|turn|6
|
|t:|1653614724
|switch|p1a: Arceus|Arceus-Ground|100/100
|-damage|p1a: Arceus|94/100|[from] Stealth Rock
|switch|p2a: Arceus|Arceus-Fairy|100/100
|
|upkeep
|turn|7
|
|t:|1653614730
|move|p1a: Arceus|Swords Dance|p1a: Arceus
|-boost|p1a: Arceus|atk|2
|move|p2a: Arceus|Calm Mind|p2a: Arceus
|-boost|p2a: Arceus|spa|1
|-boost|p2a: Arceus|spd|1
|
|upkeep
|turn|8
|
|t:|1653614738
|-start|p2a: Arceus|Dynamax|
|-heal|p2a: Arceus|100/100|[silent]
|move|p1a: Arceus|Earthquake|p2a: Arceus
|-damage|p2a: Arceus|59/100
|move|p2a: Arceus|Max Starfall|p1a: Arceus
|-damage|p1a: Arceus|6/100
|-fieldstart|move: Misty Terrain
|
|upkeep
|turn|9
|
|t:|1653614746
|move|p1a: Arceus|Earthquake|p2a: Arceus
|-damage|p2a: Arceus|15/100
|move|p2a: Arceus|Max Quake|p1a: Arceus
|-damage|p1a: Arceus|0 fnt
|-boost|p2a: Arceus|spd|1
|faint|p1a: Arceus
|
|upkeep
|inactive|C0ld as Ic3 has 120 seconds left.
|c|☆vi3beswithchanell1|May I ask how has swords dance ground been for you?
|c|☆C0ld as Ic3|Not sure, Just used a fully offensive sd arc ground now
|inactive|C0ld as Ic3 has 90 seconds left.
|c|☆vi3beswithchanell1|Very well
|c|☆C0ld as Ic3|I commonly run defensive sd x]
|c|☆C0ld as Ic3|but its doing p decent
|
|t:|1653614830
|switch|p1a: Necrozma|Necrozma-Dusk-Mane|100/100
|-damage|p1a: Necrozma|94/100|[from] Stealth Rock
|turn|10
|c|☆vi3beswithchanell1|I normally run will o wisp or cm😭
|
|t:|1653614837
|move|p2a: Arceus|Max Quake|p1a: Necrozma
|-supereffective|p1a: Necrozma
|-damage|p1a: Necrozma|13/100
|-boost|p2a: Arceus|spd|1
|move|p1a: Necrozma|Sunsteel Strike|p2a: Arceus
|-supereffective|p2a: Arceus
|-damage|p2a: Arceus|0 fnt
|faint|p2a: Arceus
|
|upkeep
|c|☆C0ld as Ic3|wisp is goated fr
|c|☆vi3beswithchanell1|I'm cool which makes it fun :))
|
|t:|1653614852
|switch|p2a: Rayquaza|Rayquaza|100/100
|-ability|p2a: Rayquaza|Air Lock
|turn|11
|inactive|C0ld as Ic3 has 90 seconds left.
|c|☆C0ld as Ic3|:^)
|
|t:|1653614875
|move|p2a: Rayquaza|Dragon Ascent|p1a: Necrozma
|-resisted|p1a: Necrozma
|-damage|p1a: Necrozma|0 fnt
|-unboost|p2a: Rayquaza|def|1
|-unboost|p2a: Rayquaza|spd|1
|-damage|p2a: Rayquaza|84/100|[from] item: Rocky Helmet|[of] p1a: Necrozma
|faint|p1a: Necrozma
|
|upkeep
|
|t:|1653614886
|switch|p1a: Arceus|Arceus-Dark|100/100
|-damage|p1a: Arceus|88/100|[from] Stealth Rock
|turn|12
|c|☆vi3beswithchanell1|Tf I swear I clocked meg..
|c|☆vi3beswithchanell1|I mean
|c|☆vi3beswithchanell1|Flying z move
|
|t:|1653614899
|detailschange|p2a: Rayquaza|Rayquaza-Mega
|-mega|p2a: Rayquaza|Rayquaza|
|-weather|DeltaStream|[from] ability: Delta Stream|[of] p2a: Rayquaza
|move|p2a: Rayquaza|Dragon Ascent|p1a: Arceus
|-damage|p1a: Arceus|8/100
|-unboost|p2a: Rayquaza|def|1
|-unboost|p2a: Rayquaza|spd|1
|move|p1a: Arceus|Judgment|p2a: Rayquaza
|-damage|p2a: Rayquaza|0 fnt
|faint|p2a: Rayquaza
|-weather|none
|
|-fieldend|Misty Terrain
|upkeep
|c|☆C0ld as Ic3|x]
|c|☆vi3beswithchanell1|UGH
|c|☆vi3beswithchanell1|What
|
|t:|1653614919
|switch|p2a: Arceus|Arceus-Dark|100/100
|turn|13
|inactive|C0ld as Ic3 has 90 seconds left.
|c|☆vi3beswithchanell1|I mean..
|c|☆vi3beswithchanell1|Eat this dark z move !
|
|t:|1653614938
|move|p2a: Arceus|Judgment|p1a: Arceus
|-resisted|p1a: Arceus
|-damage|p1a: Arceus|0 fnt
|faint|p1a: Arceus
|
|upkeep
|
|t:|1653614941
|switch|p1a: Rayquaza|Rayquaza-Mega|84/100
|-damage|p1a: Rayquaza|59/100|[from] Stealth Rock
|-weather|DeltaStream|[from] ability: Delta Stream|[of] p1a: Rayquaza
|turn|14
|inactive|C0ld as Ic3 has 90 seconds left.
|
|t:|1653614947
|move|p1a: Rayquaza|V-create|p2a: Arceus
|-damage|p2a: Arceus|12/100
|-unboost|p1a: Rayquaza|spe|1
|-unboost|p1a: Rayquaza|def|1
|-unboost|p1a: Rayquaza|spd|1
|move|p2a: Arceus|Judgment|p1a: Rayquaza
|-damage|p1a: Rayquaza|0 fnt
|faint|p1a: Rayquaza
|-weather|none
|
|upkeep
|
|t:|1653614950
|switch|p1a: Ditto|Ditto|100/100
|-damage|p1a: Ditto|88/100|[from] Stealth Rock
|-transform|p1a: Ditto|p2a: Arceus|[from] ability: Imposter
|turn|15
|
|t:|1653614953
|switch|p2a: Calyrex|Calyrex-Shadow|100/100
|-ability|p2a: Calyrex|As One
|-ability|p2a: Calyrex|Unnerve
|move|p1a: Ditto|Judgment|p2a: Calyrex
|-immune|p2a: Calyrex
|
|upkeep
|turn|16
|c|☆C0ld as Ic3|gg wp
|-message|C0ld as Ic3 forfeited.
|
|win|vi3beswithchanell1
|raw|C0ld as Ic3's rating: 1735 &rarr; <strong>1710</strong><br />(-25 for losing)
|raw|vi3beswithchanell1's rating: 1652 &rarr; <strong>1677</strong><br />(+25 for winning)
|c|☆vi3beswithchanell1|gg
