|j|☆LinktheAnnihilator
|j|☆ChunkyRat
|t:|1604551497
|player|p1|LinktheAnnihilator|n|1611
|player|p2|ChunkyRat|policeman|1465
|teamsize|p1|6
|teamsize|p2|6
|gametype|singles
|gen|8
|tier|[Gen 8] National Dex AG
|rated|
|clearpoke
|poke|p1|Zygarde|
|poke|p1|Yveltal|
|poke|p1|Zacian-Crowned|
|poke|p1|Necrozma-Dusk-Mane|
|poke|p1|Arceus-*|
|poke|p1|Arceus-*|
|poke|p2|Lugia|
|poke|p2|Groudon|
|poke|p2|Necrozma-Dusk-Mane|
|poke|p2|Rayquaza|
|poke|p2|Calyrex-Shadow|
|poke|p2|Kyurem-White|
|rule|HP Percentage Mod: HP is shown in percentages
|rule|Endless Battle Clause: Forcing endless battles is banned
|teampreview
|inactive|Battle timer is ON: inactive players will automatically lose when time's up. (requested by ChunkyRat)
|c|☆LinktheAnnihilator|hmmm
|
|t:|1604551521
|start
|switch|p1a: PK FIRE!|Arceus-Fairy|100/100
|switch|p2a: Lugia|Lugia|100/100
|turn|1
|c|☆LinktheAnnihilator|lugia
|
|t:|1604551527
|move|p1a: PK FIRE!|Will-O-Wisp|p2a: Lugia
|-status|p2a: Lugia|brn
|move|p2a: Lugia|Thunder Wave|p1a: PK FIRE!
|-status|p1a: PK FIRE!|par
|
|-damage|p2a: Lugia|94/100 brn|[from] brn
|upkeep
|turn|2
|
|t:|1604551532
|switch|p2a: Groudon|Groudon|100/100
|detailschange|p2a: Groudon|Groudon-Primal
|-primal|p2a: Groudon
|-weather|DesolateLand|[from] ability: Desolate Land|[of] p2a: Groudon
|move|p1a: PK FIRE!|Judgment|p2a: Groudon
|-resisted|p2a: Groudon
|-damage|p2a: Groudon|74/100
|
|-weather|DesolateLand|[upkeep]
|upkeep
|turn|3
|
|t:|1604551535
|move|p2a: Groudon|Eruption|p1a: PK FIRE!
|-damage|p1a: PK FIRE!|38/100 par
|move|p1a: PK FIRE!|Stealth Rock|p2a: Groudon
|-sidestart|p2: ChunkyRat|move: Stealth Rock
|
|-weather|DesolateLand|[upkeep]
|upkeep
|turn|4
|
|t:|1604551543
|move|p2a: Groudon|Lava Plume|p1a: PK FIRE!
|-damage|p1a: PK FIRE!|0 fnt
|faint|p1a: PK FIRE!
|
|-weather|DesolateLand|[upkeep]
|upkeep
|
|t:|1604551547
|switch|p1a: who is why what|Arceus-Water|100/100
|turn|5
|
|t:|1604551552
|-weather|none
|switch|p2a: Lugia|Lugia|94/100 brn
|move|p1a: who is why what|Ice Beam|p2a: Lugia
|-supereffective|p2a: Lugia
|-damage|p2a: Lugia|67/100 brn
|
|-damage|p2a: Lugia|61/100 brn|[from] brn
|upkeep
|turn|6
|
|t:|1604551561
|move|p1a: who is why what|Judgment|p2a: Lugia
|-damage|p2a: Lugia|35/100 brn
|move|p2a: Lugia|Defog|p1a: who is why what
|-unboost|p1a: who is why what|evasion|1
|-sideend|p2: ChunkyRat|Stealth Rock|[from] move: Defog|[of] p2a: Lugia
|
|-damage|p2a: Lugia|29/100 brn|[from] brn
|upkeep
|turn|7
|
|t:|1604551566
|move|p1a: who is why what|Ice Beam|p2a: Lugia
|-supereffective|p2a: Lugia
|-damage|p2a: Lugia|0 fnt
|faint|p2a: Lugia
|
|upkeep
|
|t:|1604551575
|switch|p2a: Kyurem|Kyurem-White|100/100
|-ability|p2a: Kyurem|Turboblaze
|turn|8
|
|t:|1604551584
|move|p2a: Kyurem|Freeze-Dry|p1a: who is why what
|-supereffective|p1a: who is why what
|-crit|p1a: who is why what
|-damage|p1a: who is why what|8/100
|-status|p1a: who is why what|frz
|cant|p1a: who is why what|frz
|
|upkeep
|turn|9
|c|☆LinktheAnnihilator|ahhhhh
|c|☆LinktheAnnihilator|AHHHHHHHHHHH
|
|t:|1604551592
|switch|p2a: Groudon|Groudon-Primal|74/100
|-weather|DesolateLand|[from] ability: Desolate Land|[of] p2a: Groudon
|cant|p1a: who is why what|frz
|
|-weather|DesolateLand|[upkeep]
|upkeep
|turn|10
|
|t:|1604551596
|cant|p1a: who is why what|frz
|move|p2a: Groudon|Earth Power|p1a: who is why what
|-damage|p1a: who is why what|0 fnt
|faint|p1a: who is why what
|
|-weather|DesolateLand|[upkeep]
|upkeep
|c|☆LinktheAnnihilator|dammit
|c|☆ChunkyRat|i recently got banned cause of my name
|
|t:|1604551615
|switch|p1a: OH BOY|Necrozma-Dusk-Mane|100/100
|turn|11
|c|☆ChunkyRat|ILoveYouLikeMyBitch
|c|☆LinktheAnnihilator|lol
|
|t:|1604551620
|detailschange|p1a: OH BOY|Necrozma-Ultra
|-burst|p1a: OH BOY|Necrozma|Ultranecrozium Z
|move|p1a: OH BOY|Dragon Dance|p1a: OH BOY
|-boost|p1a: OH BOY|atk|1
|-boost|p1a: OH BOY|spe|1
|move|p2a: Groudon|Earth Power|p1a: OH BOY
|-damage|p1a: OH BOY|50/100
|
|-weather|DesolateLand|[upkeep]
|upkeep
|turn|12
|c|☆LinktheAnnihilator|ahhh you didnt use lava plume
|c|☆LinktheAnnihilator|smort
|
|t:|1604551636
|move|p1a: OH BOY|Earthquake|p2a: Groudon
|-supereffective|p2a: Groudon
|-crit|p2a: Groudon
|-damage|p2a: Groudon|0 fnt
|faint|p2a: Groudon
|-weather|none
|
|upkeep
|c|☆ChunkyRat|why else would you switch to necrozma when i had groudon out?
|
|t:|1604551650
|switch|p2a: Calyrex|Calyrex-Shadow|100/100
|-ability|p2a: Calyrex|As One
|-ability|p2a: Calyrex|Unnerve|p1: LinktheAnnihilator
|turn|13
|c|☆LinktheAnnihilator|guessing thats sash
|c|☆ChunkyRat|no clue
|
|t:|1604551678
|-zpower|p1a: OH BOY
|move|p1a: OH BOY|Light That Burns the Sky|p2a: Calyrex|[zeffect]
|-resisted|p2a: Calyrex
|-enditem|p2a: Calyrex|Focus Sash
|-damage|p2a: Calyrex|1/100
|move|p2a: Calyrex|Astral Barrage|p1a: OH BOY
|-supereffective|p1a: OH BOY
|-damage|p1a: OH BOY|0 fnt
|faint|p1a: OH BOY
|-boost|p2a: Calyrex|spa|1
|
|upkeep
|c|☆ChunkyRat|find out baby
|c|☆LinktheAnnihilator|yep
|
|t:|1604551688
|switch|p1a: ahahaha hah ah a|Yveltal, shiny|100/100
|-ability|p1a: ahahaha hah ah a|Dark Aura
|turn|14
|
|t:|1604551691
|-start|p1a: ahahaha hah ah a|Dynamax
|-heal|p1a: ahahaha hah ah a|100/100|[silent]
|move|p2a: Calyrex|Draining Kiss|p1a: ahahaha hah ah a
|-supereffective|p1a: ahahaha hah ah a
|-damage|p1a: ahahaha hah ah a|75/100
|-heal|p2a: Calyrex|45/100|[from] drain|[of] p1a: ahahaha hah ah a
|move|p1a: ahahaha hah ah a|Max Airstream|p2a: Calyrex
|-damage|p2a: Calyrex|0 fnt
|-boost|p1a: ahahaha hah ah a|spe|1
|-damage|p1a: ahahaha hah ah a|70/100|[from] item: Life Orb
|faint|p2a: Calyrex
|
|upkeep
|
|t:|1604551697
|switch|p2a: Wall|Necrozma-Dusk-Mane|100/100
|turn|15
|inactive|LinktheAnnihilator has 120 seconds left.
|
|t:|1604551735
|-start|p2a: Wall|Dynamax
|-heal|p2a: Wall|100/100|[silent]
|move|p1a: ahahaha hah ah a|Max Darkness|p2a: Wall
|-supereffective|p2a: Wall
|-damage|p2a: Wall|22/100
|-unboost|p2a: Wall|spd|1
|-enditem|p2a: Wall|Weakness Policy
|-boost|p2a: Wall|atk|2|[from] item: Weakness Policy
|-boost|p2a: Wall|spa|2|[from] item: Weakness Policy
|-damage|p1a: ahahaha hah ah a|65/100|[from] item: Life Orb
|move|p2a: Wall|Max Rockfall|p1a: ahahaha hah ah a
|-supereffective|p1a: ahahaha hah ah a
|-damage|p1a: ahahaha hah ah a|0 fnt
|-weather|Sandstorm
|faint|p1a: ahahaha hah ah a
|
|-weather|Sandstorm|[upkeep]
|upkeep
|c|☆LinktheAnnihilator|AHHHHH FUDGE
|c|☆LinktheAnnihilator|i will lose so many ladder oints here lmfao
|c|☆ChunkyRat|not really
|c|☆ChunkyRat|you will win this
|inactive|LinktheAnnihilator has 90 seconds left.
|c|☆LinktheAnnihilator|nah
|inactive|LinktheAnnihilator has 60 seconds left.
|c|☆LinktheAnnihilator|you got mega ray
|
|t:|1604551805
|switch|p1a: Zacrab|Zacian-Crowned|100/100
|-ability|p1a: Zacrab|Intrepid Sword|boost
|-boost|p1a: Zacrab|atk|1
|turn|16
|c|☆LinktheAnnihilator|if you dont die from this i lose
|
|t:|1604551824
|move|p1a: Zacrab|Behemoth Blade|p2a: Wall
|-resisted|p2a: Wall
|-damage|p2a: Wall|0 fnt
|faint|p2a: Wall
|
|-weather|Sandstorm|[upkeep]
|upkeep
|
|t:|1604551829
|switch|p2a: Kyurem|Kyurem-White|100/100
|-ability|p2a: Kyurem|Turboblaze
|turn|17
|c|☆LinktheAnnihilator|calcs were right
|c|☆LinktheAnnihilator|specs or lo
|c|☆LinktheAnnihilator|not lo
|c|☆LinktheAnnihilator|specs
|inactive|LinktheAnnihilator has 60 seconds left.
|c|☆ChunkyRat|either ways I'm dead right?
|
|t:|1604551861
|move|p2a: Kyurem|Fusion Flare|p1a: Zacrab
|-supereffective|p1a: Zacrab
|-damage|p1a: Zacrab|16/100
|move|p1a: Zacrab|Behemoth Blade|p2a: Kyurem
|-supereffective|p2a: Kyurem
|-damage|p2a: Kyurem|0 fnt
|faint|p2a: Kyurem
|
|-weather|Sandstorm|[upkeep]
|upkeep
|c|☆LinktheAnnihilator|scarf
|
|t:|1604551866
|switch|p2a: Rayquaza|Rayquaza|100/100
|-ability|p2a: Rayquaza|Air Lock
|turn|18
|c|☆LinktheAnnihilator|fook
|c|☆LinktheAnnihilator|BRUH
|inactive|LinktheAnnihilator has 60 seconds left.
|c|☆LinktheAnnihilator|I LIVED
|c|☆LinktheAnnihilator|WHAT THE BRUH
|c|☆LinktheAnnihilator|well anyways you win
|c|☆ChunkyRat|nope
|c|☆LinktheAnnihilator|extreme speed and then whatever on zyg
|c|☆ChunkyRat|you'll see
|c|☆ChunkyRat|e speed doesn't kill bro
|inactive|LinktheAnnihilator has 30 seconds left.
|
|t:|1604551906
|detailschange|p2a: Rayquaza|Rayquaza-Mega
|-mega|p2a: Rayquaza|Rayquaza|
|-weather|DeltaStream|[from] ability: Delta Stream|[of] p2a: Rayquaza
|move|p2a: Rayquaza|Extreme Speed|p1a: Zacrab
|-resisted|p1a: Zacrab
|-damage|p1a: Zacrab|0 fnt
|faint|p1a: Zacrab
|
|-weather|DeltaStream|[upkeep]
|upkeep
|inactive|LinktheAnnihilator has 30 seconds left this turn.
|c|☆LinktheAnnihilator|does
|c|☆LinktheAnnihilator|gg
|
|t:|1604551913
|switch|p1a: ZolazolaZOLA|Zygarde, shiny|100/100
|turn|19
|c|☆LinktheAnnihilator|ggwp
|
|t:|1604551918
|move|p2a: Rayquaza|Dragon Dance|p2a: Rayquaza
|-boost|p2a: Rayquaza|atk|1
|-boost|p2a: Rayquaza|spe|1
|move|p1a: ZolazolaZOLA|Coil|p1a: ZolazolaZOLA
|-boost|p1a: ZolazolaZOLA|atk|1
|-boost|p1a: ZolazolaZOLA|def|1
|-boost|p1a: ZolazolaZOLA|accuracy|1
|
|-weather|DeltaStream|[upkeep]
|upkeep
|turn|20
|
|t:|1604551922
|move|p2a: Rayquaza|Dragon Ascent|p1a: ZolazolaZOLA
|-damage|p1a: ZolazolaZOLA|57/100
|-unboost|p2a: Rayquaza|def|1
|-unboost|p2a: Rayquaza|spd|1
|move|p1a: ZolazolaZOLA|Thousand Arrows|p2a: Rayquaza
|-damage|p2a: Rayquaza|26/100
|-start|p2a: Rayquaza|Smack Down
|
|-weather|DeltaStream|[upkeep]
|-heal|p1a: ZolazolaZOLA|63/100|[from] item: Leftovers
|upkeep
|turn|21
|
|t:|1604551926
|move|p2a: Rayquaza|Dragon Ascent|p1a: ZolazolaZOLA
|-damage|p1a: ZolazolaZOLA|19/100
|-unboost|p2a: Rayquaza|def|1
|-unboost|p2a: Rayquaza|spd|1
|move|p1a: ZolazolaZOLA|Coil|p1a: ZolazolaZOLA
|-boost|p1a: ZolazolaZOLA|atk|1
|-boost|p1a: ZolazolaZOLA|def|1
|-boost|p1a: ZolazolaZOLA|accuracy|1
|
|-weather|DeltaStream|[upkeep]
|-heal|p1a: ZolazolaZOLA|25/100|[from] item: Leftovers
|-activate|p1a: ZolazolaZOLA|ability: Power Construct
|detailschange|p1a: ZolazolaZOLA|Zygarde-Complete, shiny
|-heal|p1a: ZolazolaZOLA|50/100|[silent]
|upkeep
|turn|22
|c|☆ChunkyRat|gg wp
|inactive|LinktheAnnihilator has 60 seconds left.
|c|☆LinktheAnnihilator|you win
|c|☆LinktheAnnihilator|i think
|c|☆ChunkyRat|nope
|
|t:|1604551948
|move|p2a: Rayquaza|Dragon Ascent|p1a: ZolazolaZOLA
|-damage|p1a: ZolazolaZOLA|30/100
|-unboost|p2a: Rayquaza|def|1
|-unboost|p2a: Rayquaza|spd|1
|move|p1a: ZolazolaZOLA|Thousand Arrows|p2a: Rayquaza
|-damage|p2a: Rayquaza|0 fnt
|faint|p2a: Rayquaza
|-weather|none
|
|win|LinktheAnnihilator
|l|☆ChunkyRat
|c|☆LinktheAnnihilator|YO
|c|☆LinktheAnnihilator|zygarde is god
|raw|LinktheAnnihilator's rating: 1612 &rarr; <strong>1625</strong><br />(+13 for winning)
|raw|ChunkyRat's rating: 1480 &rarr; <strong>1468</strong><br />(-12 for losing)
