|j|☆v87
|j|☆Cocky but goated
|t:|1660738916
|gametype|singles
|player|p1|v87|102|1757
|player|p2|Cocky but goated|ethan-masters|1856
|teamsize|p1|6
|teamsize|p2|6
|gen|8
|tier|[Gen 8] National Dex AG
|rated|
|rule|HP Percentage Mod: HP is shown in percentages
|rule|Endless Battle Clause: Forcing endless battles is banned
|clearpoke
|poke|p1|Smeargle, F|
|poke|p1|Arceus-*|
|poke|p1|Calyrex-Shadow|
|poke|p1|Marshadow|
|poke|p1|Xerneas-*|
|poke|p1|Lucario, M|
|poke|p2|Deoxys-Speed|
|poke|p2|Zygarde|
|poke|p2|Calyrex-Shadow|
|poke|p2|Arceus-*|
|poke|p2|Ditto|
|poke|p2|Necrozma-Dusk-Mane|
|teampreview
|inactive|Battle timer is ON: inactive players will automatically lose when time's up. (requested by Cocky but goated)
|
|t:|1660738923
|start
|switch|p1a: Smeargle|Smeargle, F|100/100
|switch|p2a: Deoxys|Deoxys-Speed|100/100
|-ability|p2a: Deoxys|Pressure
|turn|1
|
|t:|1660738933
|switch|p2a: Arceus|Arceus|100/100
|move|p1a: Smeargle|Rapid Spin|p2a: Arceus
|-damage|p2a: Arceus|97/100
|-boost|p1a: Smeargle|spe|1
|
|upkeep
|turn|2
|
|t:|1660738944
|move|p1a: Smeargle|Sticky Web|p2a: Arceus
|-sidestart|p2: Cocky but goated|move: Sticky Web
|move|p2a: Arceus|Earthquake|p1a: Smeargle
|-damage|p1a: Smeargle|38/100
|
|upkeep
|turn|3
|
|t:|1660738950
|move|p1a: Smeargle|Stealth Rock|p2a: Arceus
|-sidestart|p2: Cocky but goated|move: Stealth Rock
|move|p2a: Arceus|Defog|p1a: Smeargle
|-unboost|p1a: Smeargle|evasion|1
|-sideend|p2: Cocky but goated|Stealth Rock|[from] move: Defog|[of] p2a: Arceus
|-sideend|p2: Cocky but goated|Sticky Web|[from] move: Defog|[of] p2a: Arceus
|
|upkeep
|turn|4
|
|t:|1660738967
|move|p2a: Arceus|Extreme Speed|p1a: Smeargle
|-damage|p1a: Smeargle|0 fnt
|faint|p1a: Smeargle
|
|upkeep
|
|t:|1660738976
|switch|p1a: Lucario|Lucario, M|100/100
|turn|5
|
|t:|1660738985
|detailschange|p1a: Lucario|Lucario-Mega, M
|-mega|p1a: Lucario|Lucario|Lucarionite
|move|p1a: Lucario|Swords Dance|p1a: Lucario
|-boost|p1a: Lucario|atk|2
|move|p2a: Arceus|Earthquake|p1a: Lucario
|-supereffective|p1a: Lucario
|-damage|p1a: Lucario|0 fnt
|faint|p1a: Lucario
|
|upkeep
|-message|v87 forfeited.
|
|win|Cocky but goated
|raw|v87's rating: 1757 &rarr; <strong>1743</strong><br />(-14 for losing)
|raw|Cocky but goated's rating: 1856 &rarr; <strong>1870</strong><br />(+14 for winning)
|l|☆v87
