|j|☆Kenesitto
|j|☆125114Ayan
|t:|1631990935
|gametype|singles
|player|p1|Kenesitto|red|1459
|player|p2|125114Ayan|barry|1513
|teamsize|p1|6
|teamsize|p2|6
|gen|8
|tier|[Gen 8] National Dex AG
|rated|
|rule|HP Percentage Mod: HP is shown in percentages
|rule|Endless Battle Clause: Forcing endless battles is banned
|clearpoke
|poke|p1|Necrozma-Dawn-Wings|
|poke|p1|Marshadow|
|poke|p1|Arceus-*|
|poke|p1|Calyrex-Shadow|
|poke|p1|Eternatus|
|poke|p1|Zacian-*|
|poke|p2|Necrozma-Dusk-Mane|
|poke|p2|Ditto|
|poke|p2|Marshadow|
|poke|p2|Zacian-*|
|poke|p2|Yveltal|
|poke|p2|Deoxys-Speed|
|teampreview
|
|t:|1631990939
|start
|switch|p1a: Bidóof|Arceus-Ground|100/100
|switch|p2a: Deoxys|Deoxys-Speed|100/100
|-ability|p2a: Deoxys|Pressure
|turn|1
|inactive|Battle timer is ON: inactive players will automatically lose when time's up. (requested by Kenesitto)
|
|t:|1631990947
|move|p2a: Deoxys|Taunt|p1a: Bidóof
|-start|p1a: Bidóof|move: Taunt
|move|p1a: Bidóof|Judgment|p2a: Deoxys
|-damage|p2a: Deoxys|26/100
|
|upkeep
|turn|2
|
|t:|1631990954
|move|p2a: Deoxys|Stealth Rock|p1a: Bidóof
|-sidestart|p1: Kenesitto|move: Stealth Rock
|move|p1a: Bidóof|Judgment|p2a: Deoxys
|-damage|p2a: Deoxys|0 fnt
|faint|p2a: Deoxys
|
|upkeep
|
|t:|1631990969
|switch|p2a: Yveltal|Yveltal|100/100
|-ability|p2a: Yveltal|Dark Aura
|turn|3
|
|t:|1631990975
|-start|p2a: Yveltal|Dynamax
|-heal|p2a: Yveltal|100/100|[silent]
|move|p2a: Yveltal|Max Airstream|p1a: Bidóof
|-damage|p1a: Bidóof|47/100
|-boost|p2a: Yveltal|spe|1
|-damage|p2a: Yveltal|96/100|[from] item: Life Orb
|move|p1a: Bidóof|Ice Beam|p2a: Yveltal
|-supereffective|p2a: Yveltal
|-damage|p2a: Yveltal|65/100
|
|-end|p1a: Bidóof|move: Taunt
|upkeep
|turn|4
|
|t:|1631990987
|move|p2a: Yveltal|Max Darkness|p1a: Bidóof
|-damage|p1a: Bidóof|0 fnt
|faint|p1a: Bidóof
|-damage|p2a: Yveltal|60/100|[from] item: Life Orb
|
|upkeep
|
|t:|1631990990
|switch|p1a: D Killer|Eternatus|100/100
|-damage|p1a: D Killer|88/100|[from] Stealth Rock
|-ability|p1a: D Killer|Pressure
|turn|5
|
|t:|1631990997
|move|p2a: Yveltal|Max Darkness|p1a: D Killer
|-damage|p1a: D Killer|0 fnt
|faint|p1a: D Killer
|-damage|p2a: Yveltal|55/100|[from] item: Life Orb
|
|-end|p2a: Yveltal|Dynamax
|-heal|p2a: Yveltal|55/100|[silent]
|upkeep
|
|t:|1631991002
|switch|p1a: Sweep 2.0|Zacian-Crowned|100/100
|-damage|p1a: Sweep 2.0|94/100|[from] Stealth Rock
|-ability|p1a: Sweep 2.0|Intrepid Sword|boost
|-boost|p1a: Sweep 2.0|atk|1
|turn|6
|
|t:|1631991008
|move|p2a: Yveltal|Heat Wave|p1a: Sweep 2.0
|-supereffective|p1a: Sweep 2.0
|-damage|p1a: Sweep 2.0|19/100
|-damage|p2a: Yveltal|45/100|[from] item: Life Orb
|move|p1a: Sweep 2.0|Ice Fang|p2a: Yveltal
|-supereffective|p2a: Yveltal
|-damage|p2a: Yveltal|0 fnt
|faint|p2a: Yveltal
|
|upkeep
|
|t:|1631991027
|switch|p2a: Ditto|Ditto|100/100
|-transform|p2a: Ditto|p1a: Sweep 2.0|[from] ability: Imposter
|-ability|p2a: Ditto|Intrepid Sword|boost
|-boost|p2a: Ditto|atk|1
|turn|7
|
|t:|1631991039
|move|p2a: Ditto|Behemoth Blade|p1a: Sweep 2.0
|-damage|p1a: Sweep 2.0|0 fnt
|faint|p1a: Sweep 2.0
|
|upkeep
|
|t:|1631991042
|switch|p1a: Marshadow|Marshadow|100/100
|-damage|p1a: Marshadow|94/100|[from] Stealth Rock
|turn|8
|
|t:|1631991045
|move|p1a: Marshadow|Shadow Sneak|p2a: Ditto
|-damage|p2a: Ditto|73/100
|move|p2a: Ditto|Behemoth Blade|p1a: Marshadow
|-damage|p1a: Marshadow|0 fnt
|faint|p1a: Marshadow
|
|upkeep
|
|t:|1631991051
|switch|p1a: Sweep?|Calyrex-Shadow|100/100
|-ability|p1a: Sweep?|As One
|-ability|p1a: Sweep?|Unnerve
|-damage|p1a: Sweep?|88/100|[from] Stealth Rock
|turn|9
|
|t:|1631991053
|move|p2a: Ditto|Behemoth Blade|p1a: Sweep?
|-damage|p1a: Sweep?|0 fnt
|faint|p1a: Sweep?
|
|upkeep
|
|t:|1631991059
|switch|p1a: Slow as fuck boii|Necrozma-Dawn-Wings|100/100
|-damage|p1a: Slow as fuck boii|88/100|[from] Stealth Rock
|turn|10
|
|t:|1631991062
|move|p2a: Ditto|Behemoth Blade|p1a: Slow as fuck boii
|-damage|p1a: Slow as fuck boii|0 fnt
|faint|p1a: Slow as fuck boii
|
|win|125114Ayan
|raw|Kenesitto's rating: 1459 &rarr; <strong>1442</strong><br />(-17 for losing)
|raw|125114Ayan's rating: 1513 &rarr; <strong>1530</strong><br />(+17 for winning)
|l|☆Kenesitto
||Ladder isn't responding, score probably updated but might not have (Request timeout).
