|j|☆TemmieUndertwale
|j|☆showdownplayer#1
|t:|1663904939
|gametype|singles
|player|p1|TemmieUndertwale|iris-gen5bw2|
|player|p2|showdownplayer#1|1|
|teamsize|p1|6
|teamsize|p2|6
|gen|8
|tier|[Gen 8] National Dex AG
|rule|HP Percentage Mod: HP is shown in percentages
|rule|Endless Battle Clause: Forcing endless battles is banned
|clearpoke
|poke|p1|Cinderace, M|
|poke|p1|Kartana|
|poke|p1|Araquanid, M|
|poke|p1|Lopunny, M|
|poke|p1|Kyurem-Black|
|poke|p1|Genesect|
|poke|p2|Weavile, F|
|poke|p2|Kartana|
|poke|p2|Kyurem-Black|
|poke|p2|Landorus-Therian, M|
|poke|p2|Scizor, M|
|poke|p2|Darkrai|
|teampreview
|inactive|Battle timer is ON: inactive players will automatically lose when time's up. (requested by showdownplayer#1)
|c|☆TemmieUndertwale|scarf race
|
|t:|1663904955
|start
|switch|p1a: araquaMID|Araquanid, M|100/100
|switch|p2a: Kyurem|Kyurem-Black|100/100
|-ability|p2a: Kyurem|Teravolt
|turn|1
|
|t:|1663904959
|move|p2a: Kyurem|Dragon Dance|p2a: Kyurem
|-boost|p2a: Kyurem|atk|1
|-boost|p2a: Kyurem|spe|1
|move|p1a: araquaMID|Reflect|p1a: araquaMID
|-sidestart|p1: TemmieUndertwale|Reflect
|
|upkeep
|turn|2
|
|t:|1663904963
|switch|p1a: Genesect|Genesect, shiny|100/100
|-ability|p1a: Genesect|Download|boost
|-boost|p1a: Genesect|spa|1
|move|p2a: Kyurem|Dragon Dance|p2a: Kyurem
|-boost|p2a: Kyurem|atk|1
|-boost|p2a: Kyurem|spe|1
|
|upkeep
|turn|3
|
|t:|1663904968
|move|p2a: Kyurem|Fusion Bolt|p1a: Genesect
|-damage|p1a: Genesect|17/100
|-damage|p2a: Kyurem|91/100|[from] item: Life Orb
|move|p1a: Genesect|Iron Head|p2a: Kyurem
|-supereffective|p2a: Kyurem
|-damage|p2a: Kyurem|26/100
|
|upkeep
|turn|4
|
|t:|1663904972
|move|p2a: Kyurem|Dragon Claw|p1a: Genesect
|-resisted|p1a: Genesect
|-damage|p1a: Genesect|0 fnt
|faint|p1a: Genesect
|-damage|p2a: Kyurem|16/100|[from] item: Life Orb
|
|upkeep
|
|t:|1663904975
|switch|p1a: Lopunny|Lopunny, M|100/100
|turn|5
|
|t:|1663904979
|detailschange|p1a: Lopunny|Lopunny-Mega, M
|-mega|p1a: Lopunny|Lopunny|Lopunnite
|move|p1a: Lopunny|Fake Out|p2a: Kyurem
|-damage|p2a: Kyurem|0 fnt
|faint|p2a: Kyurem
|
|-sideend|p1: TemmieUndertwale|Reflect
|upkeep
|
|t:|1663904984
|switch|p2a: Darkrai|Darkrai|100/100
|turn|6
|
|t:|1663904989
|switch|p1a: araquaMID|Araquanid, M|100/100
|move|p2a: Darkrai|Spacial Rend|p1a: araquaMID
|-damage|p1a: araquaMID|63/100
|
|upkeep
|turn|7
|
|t:|1663904994
|move|p2a: Darkrai|Spacial Rend|p1a: araquaMID
|-damage|p1a: araquaMID|30/100
|move|p1a: araquaMID|Sticky Web|p2a: Darkrai
|-sidestart|p2: showdownplayer#1|move: Sticky Web
|
|upkeep
|turn|8
|
|t:|1663904996
|move|p2a: Darkrai|Spacial Rend|p1a: araquaMID
|-crit|p1a: araquaMID
|-damage|p1a: araquaMID|0 fnt
|faint|p1a: araquaMID
|
|upkeep
|
|t:|1663904999
|switch|p1a: Cinderace|Cinderace, M|100/100
|turn|9
|
|t:|1663905015
|switch|p2a: Landorus|Landorus-Therian, M|100/100
|-ability|p2a: Landorus|Intimidate|boost
|-unboost|p1a: Cinderace|atk|1
|switch|p1a: Kyurem|Kyurem-Black|100/100
|-ability|p1a: Kyurem|Teravolt
|
|upkeep
|turn|10
|
|t:|1663905021
|switch|p2a: Kartana|Kartana|100/100
|-activate|p2a: Kartana|move: Sticky Web
|-unboost|p2a: Kartana|spe|1
|move|p1a: Kyurem|Dragon Dance|p1a: Kyurem
|-boost|p1a: Kyurem|atk|1
|-boost|p1a: Kyurem|spe|1
|
|upkeep
|turn|11
|c|☆TemmieUndertwale|knew
|c|☆TemmieUndertwale|hmm
|
|t:|1663905036
|move|p1a: Kyurem|Icicle Spear|p2a: Kartana
|-damage|p2a: Kartana|76/100
|-damage|p2a: Kartana|53/100
|-hitcount|p2a: Kartana|2
|move|p2a: Kartana|Sacred Sword|p1a: Kyurem
|-supereffective|p1a: Kyurem
|-damage|p1a: Kyurem|32/100
|
|upkeep
|turn|12
|
|t:|1663905038
|move|p1a: Kyurem|Icicle Spear|p2a: Kartana
|-damage|p2a: Kartana|28/100
|-damage|p2a: Kartana|4/100
|-hitcount|p2a: Kartana|2
|move|p2a: Kartana|Sacred Sword|p1a: Kyurem
|-supereffective|p1a: Kyurem
|-damage|p1a: Kyurem|0 fnt
|faint|p1a: Kyurem
|-ability|p2a: Kartana|Beast Boost|boost
|-boost|p2a: Kartana|atk|1
|
|upkeep
|
|t:|1663905040
|switch|p1a: Lopunny|Lopunny-Mega, M|100/100
|turn|13
|
|t:|1663905052
|move|p1a: Lopunny|Fake Out|p2a: Kartana
|-resisted|p2a: Kartana
|-damage|p2a: Kartana|0 fnt
|faint|p2a: Kartana
|
|upkeep
|c|☆TemmieUndertwale|lol
|
|t:|1663905062
|switch|p2a: Landorus|Landorus-Therian, M|100/100
|-ability|p2a: Landorus|Intimidate|boost
|-fail|p1a: Lopunny|unboost|Attack|[from] ability: Scrappy|[of] p1a: Lopunny
|turn|14
|
|t:|1663905066
|move|p1a: Lopunny|Ice Punch|p2a: Landorus
|-supereffective|p2a: Landorus
|-damage|p2a: Landorus|0 fnt
|-damage|p1a: Lopunny|84/100|[from] item: Rocky Helmet|[of] p2a: Landorus
|faint|p2a: Landorus
|
|upkeep
|
|t:|1663905069
|switch|p2a: Scizor|Scizor, M|100/100
|-activate|p2a: Scizor|move: Sticky Web
|-unboost|p2a: Scizor|spe|1
|turn|15
|c|☆TemmieUndertwale|lol
|
|t:|1663905077
|detailschange|p2a: Scizor|Scizor-Mega, M
|-mega|p2a: Scizor|Scizor|Scizorite
|move|p1a: Lopunny|Close Combat|p2a: Scizor
|-damage|p2a: Scizor|53/100
|-unboost|p1a: Lopunny|def|1
|-unboost|p1a: Lopunny|spd|1
|move|p2a: Scizor|Swords Dance|p2a: Scizor
|-boost|p2a: Scizor|atk|2
|
|upkeep
|turn|16
|
|t:|1663905084
|move|p1a: Lopunny|Close Combat|p2a: Scizor
|-damage|p2a: Scizor|5/100
|-unboost|p1a: Lopunny|def|1
|-unboost|p1a: Lopunny|spd|1
|move|p2a: Scizor|Swords Dance|p2a: Scizor
|-boost|p2a: Scizor|atk|2
|
|upkeep
|turn|17
|
|t:|1663905096
|move|p2a: Scizor|Bullet Punch|p1a: Lopunny
|-damage|p1a: Lopunny|0 fnt
|faint|p1a: Lopunny
|
|upkeep
|
|t:|1663905100
|switch|p1a: Kartana|Kartana|100/100
|turn|18
|
|t:|1663905105
|move|p2a: Scizor|Bullet Punch|p1a: Kartana
|-resisted|p1a: Kartana
|-damage|p1a: Kartana|40/100
|move|p1a: Kartana|Sacred Sword|p2a: Scizor
|-damage|p2a: Scizor|0 fnt
|faint|p2a: Scizor
|-ability|p1a: Kartana|Beast Boost|boost
|-boost|p1a: Kartana|atk|1
|
|upkeep
|
|t:|1663905110
|switch|p2a: Darkrai|Darkrai|100/100
|-activate|p2a: Darkrai|move: Sticky Web
|-unboost|p2a: Darkrai|spe|1
|turn|19
|c|☆TemmieUndertwale|grayoo
|
|t:|1663905114
|move|p2a: Darkrai|Dark Pulse|p1a: Kartana
|-damage|p1a: Kartana|0 fnt
|faint|p1a: Kartana
|
|upkeep
|
|t:|1663905117
|switch|p1a: Cinderace|Cinderace, M|100/100
|turn|20
|c|☆TemmieUndertwale|dont miss
|c|☆TemmieUndertwale|pls rngesus
|
|t:|1663905133
|move|p1a: Cinderace|High Jump Kick|p2a: Darkrai
|-start|p1a: Cinderace|typechange|Fighting|[from] ability: Libero
|-supereffective|p2a: Darkrai
|-damage|p2a: Darkrai|0 fnt
|faint|p2a: Darkrai
|
|upkeep
|
|t:|1663905135
|switch|p2a: Weavile|Weavile, F|100/100
|-activate|p2a: Weavile|move: Sticky Web
|-unboost|p2a: Weavile|spe|1
|-ability|p2a: Weavile|Pressure
|turn|21
|c|☆TemmieUndertwale|one more
|
|t:|1663905139
|move|p2a: Weavile|Ice Shard|p1a: Cinderace
|-damage|p1a: Cinderace|57/100
|move|p1a: Cinderace|High Jump Kick|p2a: Weavile
|-supereffective|p2a: Weavile
|-damage|p2a: Weavile|0 fnt
|faint|p2a: Weavile
|
|win|TemmieUndertwale
|c|☆TemmieUndertwale|yea baby
|c|☆showdownplayer#1|GG
|c|☆TemmieUndertwale|SCARF RACE
|c|☆TemmieUndertwale|GGWP
|c|☆showdownplayer#1|Race?
|c|☆TemmieUndertwale|Scarc Cind
|c|☆TemmieUndertwale|Scarf Cinderace
|c|☆showdownplayer#1|Scarf ftw
|c|☆TemmieUndertwale|Scarf baby
|c|☆TemmieUndertwale|actual niche set here
|c|☆TemmieUndertwale|lol
|c|☆showdownplayer#1|Niche set?.
