|j|‽rowletroost
|j|☆Glaliegoesboom ❤
|t:|1642458658
|gametype|singles
|player|p1|rowletroost|lance|1847
|player|p2|Glaliegoesboom ❤|wulfric|1856
|teamsize|p1|6
|teamsize|p2|6
|gen|8
|tier|[Gen 8] National Dex AG
|rated|
|rule|HP Percentage Mod: HP is shown in percentages
|rule|Endless Battle Clause: Forcing endless battles is banned
|clearpoke
|poke|p1|Arceus-*|
|poke|p1|Xerneas-*|
|poke|p1|Kyogre|
|poke|p1|Marshadow|
|poke|p1|Ribombee, F|
|poke|p1|Vivillon-Savanna, M|
|poke|p2|Zacian-*|
|poke|p2|Yveltal|
|poke|p2|Rayquaza|
|poke|p2|Kyogre|
|poke|p2|Smeargle, M|
|poke|p2|Necrozma-Dusk-Mane|
|teampreview
|inactive|Battle timer is ON: inactive players will automatically lose when time's up. (requested by Glaliegoesboom ❤)
|inactive|rowletroost also wants the timer to be on.
|j| Maxthekapo
|
|t:|1642458679
|start
|switch|p1a: Arceus|Arceus-Ground|100/100
|switch|p2a: Smeargle|Smeargle, M|100/100
|turn|1
|l| Maxthekapo
|
|t:|1642458683
|move|p1a: Arceus|Judgment|p2a: Smeargle
|-enditem|p2a: Smeargle|Focus Sash
|-damage|p2a: Smeargle|1/100
|move|p2a: Smeargle|Sticky Web|p1a: Arceus
|-sidestart|p1: rowletroost|move: Sticky Web
|
|upkeep
|turn|2
|
|t:|1642458686
|move|p1a: Arceus|Judgment|p2a: Smeargle
|-damage|p2a: Smeargle|0 fnt
|faint|p2a: Smeargle
|
|upkeep
|
|t:|1642458689
|switch|p2a: Kyogre|Kyogre|100/100
|detailschange|p2a: Kyogre|Kyogre-Primal
|-primal|p2a: Kyogre
|-weather|PrimordialSea|[from] ability: Primordial Sea|[of] p2a: Kyogre
|turn|3
|
|t:|1642458691
|switch|p1a: Kyogre|Kyogre, shiny|100/100
|-activate|p1a: Kyogre|move: Sticky Web
|-unboost|p1a: Kyogre|spe|1
|detailschange|p1a: Kyogre|Kyogre-Primal, shiny
|-primal|p1a: Kyogre
|move|p2a: Kyogre|Water Spout|p1a: Kyogre
|-resisted|p1a: Kyogre
|-damage|p1a: Kyogre|60/100
|
|-weather|PrimordialSea|[upkeep]
|upkeep
|turn|4
|
|t:|1642458694
|switch|p2a: Rayquaza|Rayquaza|100/100
|-ability|p2a: Rayquaza|Air Lock
|move|p1a: Kyogre|Thunder|p2a: Rayquaza
|-damage|p2a: Rayquaza|43/100
|
|-weather|PrimordialSea|[upkeep]
|upkeep
|turn|5
|
|t:|1642458698
|detailschange|p2a: Rayquaza|Rayquaza-Mega
|-mega|p2a: Rayquaza|Rayquaza|
|-weather|DeltaStream|[from] ability: Delta Stream|[of] p2a: Rayquaza
|move|p2a: Rayquaza|Dragon Ascent|p1a: Kyogre
|-damage|p1a: Kyogre|0 fnt
|-unboost|p2a: Rayquaza|def|1
|-unboost|p2a: Rayquaza|spd|1
|faint|p1a: Kyogre
|
|-weather|DeltaStream|[upkeep]
|upkeep
|
|t:|1642458700
|switch|p1a: Arceus|Arceus-Ground|100/100
|-activate|p1a: Arceus|move: Sticky Web
|-unboost|p1a: Arceus|spe|1
|turn|6
|
|t:|1642458705
|move|p2a: Rayquaza|Swords Dance|p2a: Rayquaza
|-boost|p2a: Rayquaza|atk|2
|move|p1a: Arceus|Defog|p2a: Rayquaza
|-unboost|p2a: Rayquaza|evasion|1
|-sideend|p1: rowletroost|Sticky Web|[from] move: Defog|[of] p1a: Arceus
|
|-weather|DeltaStream|[upkeep]
|upkeep
|turn|7
|
|t:|1642458707
|move|p2a: Rayquaza|Dragon Ascent|p1a: Arceus
|-damage|p1a: Arceus|12/100
|-unboost|p2a: Rayquaza|def|1
|-unboost|p2a: Rayquaza|spd|1
|move|p1a: Arceus|Ice Beam|p2a: Rayquaza
|-activate||deltastream
|-supereffective|p2a: Rayquaza
|-damage|p2a: Rayquaza|0 fnt
|faint|p2a: Rayquaza
|-weather|none
|
|upkeep
|
|t:|1642458712
|switch|p2a: Zacian|Zacian-Crowned|100/100
|-ability|p2a: Zacian|Intrepid Sword|boost
|-boost|p2a: Zacian|atk|1
|turn|8
|
|t:|1642458725
|move|p2a: Zacian|Behemoth Blade|p1a: Arceus
|-damage|p1a: Arceus|0 fnt
|faint|p1a: Arceus
|
|upkeep
|
|t:|1642458737
|switch|p1a: Marshadow|Marshadow|100/100
|turn|9
|
|t:|1642458742
|switch|p2a: Yveltal|Yveltal|100/100
|-ability|p2a: Yveltal|Dark Aura
|move|p1a: Marshadow|Rock Tomb|p2a: Yveltal
|-supereffective|p2a: Yveltal
|-damage|p2a: Yveltal|48/100
|-unboost|p2a: Yveltal|spe|1
|
|upkeep
|turn|10
|
|t:|1642458744
|move|p1a: Marshadow|Rock Tomb|p2a: Yveltal
|-supereffective|p2a: Yveltal
|-damage|p2a: Yveltal|0 fnt
|faint|p2a: Yveltal
|
|upkeep
|
|t:|1642458745
|switch|p2a: Kyogre|Kyogre-Primal|100/100
|-weather|PrimordialSea|[from] ability: Primordial Sea|[of] p2a: Kyogre
|turn|11
|
|t:|1642458749
|switch|p1a: Ribombee|Ribombee, F, shiny|100/100
|move|p2a: Kyogre|Thunder|p1a: Ribombee
|-damage|p1a: Ribombee|19/100
|
|-weather|PrimordialSea|[upkeep]
|upkeep
|turn|12
|
|t:|1642458757
|move|p1a: Ribombee|Sticky Web|p2a: Kyogre
|-sidestart|p2: Glaliegoesboom ❤|move: Sticky Web
|move|p2a: Kyogre|Thunder|p1a: Ribombee
|-damage|p1a: Ribombee|0 fnt
|faint|p1a: Ribombee
|
|-weather|PrimordialSea|[upkeep]
|upkeep
|
|t:|1642458769
|switch|p1a: Xerneas|Xerneas, shiny|100/100
|-ability|p1a: Xerneas|Fairy Aura
|turn|13
|
|t:|1642458772
|move|p2a: Kyogre|Water Spout|p1a: Xerneas
|-damage|p1a: Xerneas|0 fnt
|faint|p1a: Xerneas
|
|-weather|PrimordialSea|[upkeep]
|upkeep
|
|t:|1642458776
|switch|p1a: Marshadow|Marshadow|100/100
|turn|14
|
|t:|1642458778
|move|p1a: Marshadow|Rock Tomb|p2a: Kyogre
|-damage|p2a: Kyogre|65/100
|-unboost|p2a: Kyogre|spe|1
|move|p2a: Kyogre|Thunder|p1a: Marshadow
|-damage|p1a: Marshadow|40/100
|
|-weather|PrimordialSea|[upkeep]
|upkeep
|turn|15
|
|t:|1642458793
|move|p1a: Marshadow|Spectral Thief|p2a: Kyogre
|-damage|p2a: Kyogre|19/100
|move|p2a: Kyogre|Thunder|p1a: Marshadow
|-damage|p1a: Marshadow|0 fnt
|faint|p1a: Marshadow
|
|-weather|PrimordialSea|[upkeep]
|upkeep
|
|t:|1642458795
|switch|p1a: Vivillon|Vivillon-Savanna, M|100/100
|turn|16
|
|t:|1642458803
|-weather|none
|switch|p2a: Zacian|Zacian-Crowned|100/100
|-activate|p2a: Zacian|move: Sticky Web
|-unboost|p2a: Zacian|spe|1
|-ability|p2a: Zacian|Intrepid Sword|boost
|-boost|p2a: Zacian|atk|1
|move|p1a: Vivillon|Sleep Powder|p2a: Zacian
|-status|p2a: Zacian|slp|[from] move: Sleep Powder
|
|upkeep
|turn|17
|
|t:|1642458806
|move|p1a: Vivillon|Substitute|p1a: Vivillon
|-start|p1a: Vivillon|Substitute
|-damage|p1a: Vivillon|76/100
|cant|p2a: Zacian|slp
|
|-heal|p1a: Vivillon|82/100|[from] item: Leftovers
|upkeep
|turn|18
|
|t:|1642458810
|move|p1a: Vivillon|Quiver Dance|p1a: Vivillon
|-boost|p1a: Vivillon|spa|1
|-boost|p1a: Vivillon|spd|1
|-boost|p1a: Vivillon|spe|1
|cant|p2a: Zacian|slp
|
|-heal|p1a: Vivillon|88/100|[from] item: Leftovers
|upkeep
|turn|19
|
|t:|1642458814
|move|p1a: Vivillon|Hurricane|p2a: Zacian
|-resisted|p2a: Zacian
|-damage|p2a: Zacian|70/100 slp
|-curestatus|p2a: Zacian|slp|[msg]
|move|p2a: Zacian|Substitute|p2a: Zacian
|-start|p2a: Zacian|Substitute
|-damage|p2a: Zacian|45/100
|
|-heal|p1a: Vivillon|94/100|[from] item: Leftovers
|upkeep
|turn|20
|
|t:|1642458820
|move|p1a: Vivillon|Hurricane|p2a: Zacian
|-resisted|p2a: Zacian
|-end|p2a: Zacian|Substitute
|move|p2a: Zacian|Behemoth Blade|p1a: Vivillon
|-end|p1a: Vivillon|Substitute
|
|-heal|p1a: Vivillon|99/100|[from] item: Leftovers
|upkeep
|turn|21
|
|t:|1642458824
|move|p1a: Vivillon|Sleep Powder|p2a: Zacian
|-status|p2a: Zacian|slp|[from] move: Sleep Powder
|cant|p2a: Zacian|slp
|
|-heal|p1a: Vivillon|100/100|[from] item: Leftovers
|upkeep
|turn|22
|
|t:|1642458831
|move|p1a: Vivillon|Substitute|p1a: Vivillon
|-start|p1a: Vivillon|Substitute
|-damage|p1a: Vivillon|76/100
|cant|p2a: Zacian|slp
|
|-heal|p1a: Vivillon|82/100|[from] item: Leftovers
|upkeep
|turn|23
|
|t:|1642458844
|move|p1a: Vivillon|Hurricane|p2a: Zacian
|-resisted|p2a: Zacian
|-damage|p2a: Zacian|14/100 slp
|cant|p2a: Zacian|slp
|
|-heal|p1a: Vivillon|88/100|[from] item: Leftovers
|upkeep
|turn|24
|-message|Glaliegoesboom ❤ forfeited.
|
|win|rowletroost
|raw|rowletroost's rating: 1847 &rarr; <strong>1868</strong><br />(+21 for winning)
|raw|Glaliegoesboom ❤'s rating: 1856 &rarr; <strong>1835</strong><br />(-21 for losing)
|l|☆Glaliegoesboom ❤
||Ladder isn't responding, score probably updated but might not have (Request timeout).
