|j|☆BrixStillNotLuvin
|j|☆ArcRaider
|t:|1667831624
|gametype|singles
|player|p1|BrixStillNotLuvin|1|1376
|player|p2|ArcRaider|dancer|1409
|teamsize|p1|6
|teamsize|p2|6
|gen|8
|tier|[Gen 8] National Dex AG
|rated|
|rule|HP Percentage Mod: HP is shown in percentages
|rule|Endless Battle Clause: Forcing endless battles is banned
|clearpoke
|poke|p1|Arceus-*|
|poke|p1|Calyrex-Shadow|
|poke|p1|Tyranitar, F|
|poke|p1|Quagsire, F|
|poke|p1|Marshadow|
|poke|p1|Kyogre|
|poke|p2|Aurorus, F|
|poke|p2|Azelf|
|poke|p2|Relicanth, M|
|poke|p2|Chesnaught, M|
|poke|p2|Hypno, F|
|poke|p2|Unfezant, F|
|teampreview
|inactive|Battle timer is ON: inactive players will automatically lose when time's up. (requested by BrixStillNotLuvin)
|
|t:|1667831630
|start
|switch|p1a: Chuva|Kyogre, shiny|100/100
|switch|p2a: Aurorus|Aurorus, F, shiny|100/100
|-weather|RainDance|[from] ability: Drizzle|[of] p1a: Chuva
|-weather|Hail|[from] ability: Snow Warning|[of] p2a: Aurorus
|turn|1
|
|t:|1667831640
|move|p1a: Chuva|Water Spout|p2a: Aurorus
|-supereffective|p2a: Aurorus
|-damage|p2a: Aurorus|4/100
|move|p2a: Aurorus|Thunder Wave|p1a: Chuva
|-status|p1a: Chuva|par
|
|-weather|Hail|[upkeep]
|-damage|p1a: Chuva|94/100 par|[from] Hail
|-heal|p2a: Aurorus|10/100|[from] item: Leftovers
|upkeep
|turn|2
|
|t:|1667831649
|move|p1a: Chuva|Water Spout|p2a: Aurorus
|-supereffective|p2a: Aurorus
|-damage|p2a: Aurorus|0 fnt
|faint|p2a: Aurorus
|
|-weather|Hail|[upkeep]
|-damage|p1a: Chuva|88/100 par|[from] Hail
|upkeep
|
|t:|1667831657
|switch|p2a: Chesnaught|Chesnaught, M, shiny|100/100
|turn|3
|
|t:|1667831683
|switch|p1a: Rocha Muda|Quagsire, F, shiny|100/100
|move|p2a: Chesnaught|Leech Seed|p1a: Rocha Muda
|-start|p1a: Rocha Muda|move: Leech Seed
|
|-weather|Hail|[upkeep]
|-damage|p2a: Chesnaught|94/100|[from] Hail
|-damage|p1a: Rocha Muda|94/100|[from] Hail
|-heal|p2a: Chesnaught|100/100|[from] item: Leftovers
|-damage|p1a: Rocha Muda|82/100|[from] Leech Seed|[of] p2a: Chesnaught
|upkeep
|turn|4
|
|t:|1667831689
|switch|p1a: O Primeiro Escuro|Arceus|100/100
|move|p2a: Chesnaught|Spikes|p1a: O Primeiro Escuro
|-sidestart|p1: BrixStillNotLuvin|Spikes
|
|-weather|Hail|[upkeep]
|-damage|p1a: O Primeiro Escuro|94/100|[from] Hail
|-damage|p2a: Chesnaught|94/100|[from] Hail
|-heal|p1a: O Primeiro Escuro|100/100|[from] item: Leftovers
|-heal|p2a: Chesnaught|100/100|[from] item: Leftovers
|upkeep
|turn|5
|c|☆BrixStillNotLuvin|chesnaught got a fire shiny ngl
|
|t:|1667831701
|move|p1a: O Primeiro Escuro|Swords Dance|p1a: O Primeiro Escuro
|-boost|p1a: O Primeiro Escuro|atk|2
|move|p2a: Chesnaught|Leech Seed|p1a: O Primeiro Escuro
|-start|p1a: O Primeiro Escuro|move: Leech Seed
|
|-weather|none
|-damage|p1a: O Primeiro Escuro|88/100|[from] Leech Seed|[of] p2a: Chesnaught
|upkeep
|turn|6
|
|t:|1667831705
|move|p1a: O Primeiro Escuro|Extreme Speed|p2a: Chesnaught
|-damage|p2a: Chesnaught|49/100
|move|p2a: Chesnaught|Spikes|p1a: O Primeiro Escuro
|-sidestart|p1: BrixStillNotLuvin|Spikes
|
|-heal|p1a: O Primeiro Escuro|94/100|[from] item: Leftovers
|-heal|p2a: Chesnaught|55/100|[from] item: Leftovers
|-damage|p1a: O Primeiro Escuro|82/100|[from] Leech Seed|[of] p2a: Chesnaught
|-heal|p2a: Chesnaught|69/100|[silent]
|upkeep
|turn|7
|
|t:|1667831710
|move|p1a: O Primeiro Escuro|Swords Dance|p1a: O Primeiro Escuro
|-boost|p1a: O Primeiro Escuro|atk|2
|move|p2a: Chesnaught|Spikes|p1a: O Primeiro Escuro
|-sidestart|p1: BrixStillNotLuvin|Spikes
|
|-heal|p1a: O Primeiro Escuro|88/100|[from] item: Leftovers
|-heal|p2a: Chesnaught|75/100|[from] item: Leftovers
|-damage|p1a: O Primeiro Escuro|75/100|[from] Leech Seed|[of] p2a: Chesnaught
|-heal|p2a: Chesnaught|90/100|[silent]
|upkeep
|turn|8
|
|t:|1667831719
|move|p2a: Chesnaught|Spiky Shield|p2a: Chesnaught
|-singleturn|p2a: Chesnaught|move: Protect
|move|p1a: O Primeiro Escuro|Extreme Speed|p2a: Chesnaught
|-activate|p2a: Chesnaught|move: Protect
|-damage|p1a: O Primeiro Escuro|63/100|[from] Spiky Shield|[of] p2a: Chesnaught
|
|-heal|p1a: O Primeiro Escuro|69/100|[from] item: Leftovers
|-heal|p2a: Chesnaught|96/100|[from] item: Leftovers
|-damage|p1a: O Primeiro Escuro|57/100|[from] Leech Seed|[of] p2a: Chesnaught
|-heal|p2a: Chesnaught|100/100|[silent]
|upkeep
|turn|9
|
|t:|1667831724
|move|p1a: O Primeiro Escuro|Extreme Speed|p2a: Chesnaught
|-damage|p2a: Chesnaught|25/100
|move|p2a: Chesnaught|Synthesis|p2a: Chesnaught
|-heal|p2a: Chesnaught|75/100
|
|-heal|p1a: O Primeiro Escuro|63/100|[from] item: Leftovers
|-heal|p2a: Chesnaught|82/100|[from] item: Leftovers
|-damage|p1a: O Primeiro Escuro|50/100|[from] Leech Seed|[of] p2a: Chesnaught
|-heal|p2a: Chesnaught|96/100|[silent]
|upkeep
|turn|10
|
|t:|1667831732
|move|p2a: Chesnaught|Spiky Shield|p2a: Chesnaught
|-singleturn|p2a: Chesnaught|move: Protect
|move|p1a: O Primeiro Escuro|Swords Dance|p1a: O Primeiro Escuro
|-boost|p1a: O Primeiro Escuro|atk|2
|
|-heal|p1a: O Primeiro Escuro|57/100|[from] item: Leftovers
|-heal|p2a: Chesnaught|100/100|[from] item: Leftovers
|-damage|p1a: O Primeiro Escuro|44/100|[from] Leech Seed|[of] p2a: Chesnaught
|upkeep
|turn|11
|
|t:|1667831740
|-start|p1a: O Primeiro Escuro|Dynamax|
|-heal|p1a: O Primeiro Escuro|44/100|[silent]
|move|p2a: Chesnaught|Spiky Shield||[still]
|-fail|p2a: Chesnaught
|move|p1a: O Primeiro Escuro|Max Strike|p2a: Chesnaught
|-damage|p2a: Chesnaught|0 fnt
|faint|p2a: Chesnaught
|
|-heal|p1a: O Primeiro Escuro|47/100|[from] item: Leftovers
|upkeep
|
|t:|1667831753
|switch|p2a: Relicanth|Relicanth, M, shiny|100/100
|turn|12
|
|t:|1667831758
|move|p2a: Relicanth|Head Smash|p1a: O Primeiro Escuro
|-damage|p1a: O Primeiro Escuro|29/100
|move|p1a: O Primeiro Escuro|Max Quake|p2a: Relicanth
|-supereffective|p2a: Relicanth
|-damage|p2a: Relicanth|0 fnt
|-boost|p1a: O Primeiro Escuro|spd|1
|faint|p2a: Relicanth
|
|-heal|p1a: O Primeiro Escuro|32/100|[from] item: Leftovers
|upkeep
|
|t:|1667831764
|switch|p2a: Unfezant|Unfezant, F, shiny|100/100
|turn|13
|
|t:|1667831772
|-start|p2a: Unfezant|Dynamax|
|-heal|p2a: Unfezant|100/100|[silent]
|move|p2a: Unfezant|Max Knuckle|p1a: O Primeiro Escuro
|-supereffective|p1a: O Primeiro Escuro
|-damage|p1a: O Primeiro Escuro|25/100
|-boost|p2a: Unfezant|atk|1
|move|p1a: O Primeiro Escuro|Max Strike|p2a: Unfezant
|-enditem|p2a: Unfezant|Focus Sash
|-damage|p2a: Unfezant|1/100
|-unboost|p2a: Unfezant|spe|1
|
|-heal|p1a: O Primeiro Escuro|28/100|[from] item: Leftovers
|-damage|p1a: O Primeiro Escuro|22/100|[from] Leech Seed|[of] p2a: Unfezant
|-heal|p2a: Unfezant|10/100|[silent]
|upkeep
|-end|p1a: O Primeiro Escuro|Dynamax
|-heal|p1a: O Primeiro Escuro|22/100|[silent]
|turn|14
|
|t:|1667831780
|move|p1a: O Primeiro Escuro|Extreme Speed|p2a: Unfezant
|-damage|p2a: Unfezant|0 fnt
|faint|p2a: Unfezant
|
|-heal|p1a: O Primeiro Escuro|28/100|[from] item: Leftovers
|upkeep
|
|t:|1667831784
|switch|p2a: Hypno|Hypno, F, shiny|100/100
|turn|15
|
|t:|1667831787
|move|p1a: O Primeiro Escuro|Extreme Speed|p2a: Hypno
|-damage|p2a: Hypno|0 fnt
|faint|p2a: Hypno
|
|-heal|p1a: O Primeiro Escuro|34/100|[from] item: Leftovers
|upkeep
|
|t:|1667831789
|switch|p2a: Azelf|Azelf, shiny|100/100
|turn|16
|
|t:|1667831791
|move|p1a: O Primeiro Escuro|Extreme Speed|p2a: Azelf
|-damage|p2a: Azelf|0 fnt
|faint|p2a: Azelf
|
|win|BrixStillNotLuvin
|raw|BrixStillNotLuvin's rating: 1376 &rarr; <strong>1398</strong><br />(+22 for winning)
|raw|ArcRaider's rating: 1409 &rarr; <strong>1387</strong><br />(-22 for losing)
|l|☆ArcRaider
|c|☆BrixStillNotLuvin|gg tho
|c|☆BrixStillNotLuvin|6-0
|c|☆BrixStillNotLuvin|nicr
|c|☆BrixStillNotLuvin|nice
||Ladder isn't responding, score probably updated but might not have (Request timeout).
