|j|☆IAmJklol
|j|‽llmmllmm
|t:|1649461116
|gametype|singles
|player|p1|IAmJklol|steven|
|player|p2|llmmllmm|265|
|teamsize|p1|6
|teamsize|p2|6
|gen|8
|tier|[Gen 8] National Dex AG
|rule|HP Percentage Mod: HP is shown in percentages
|rule|Endless Battle Clause: Forcing endless battles is banned
|clearpoke
|poke|p1|Yveltal|
|poke|p1|Arceus-*|
|poke|p1|Calyrex-Shadow|
|poke|p1|Rayquaza|
|poke|p1|Ditto|
|poke|p1|Lugia|
|poke|p2|Zygarde|
|poke|p2|Yveltal|
|poke|p2|Rayquaza|
|poke|p2|Necrozma-Dusk-Mane|
|poke|p2|Ditto|
|poke|p2|Calyrex-Shadow|
|teampreview
|inactive|Battle timer is ON: inactive players will automatically lose when time's up. (requested by IAmJklol)
|c|☆IAmJklol|wait
|c|☆IAmJklol|wheres ur
|c|☆IAmJklol|wheres ur zygarde
|c|☆IAmJklol|?
|
|t:|1649461141
|start
|switch|p1a: Arceus|Arceus-Ground|100/100
|switch|p2a: Rayquaza|Rayquaza|100/100
|-ability|p2a: Rayquaza|Air Lock
|turn|1
|
|t:|1649461149
|switch|p2a: Necrozma|Necrozma-Dusk-Mane|100/100
|move|p1a: Arceus|Stealth Rock|p2a: Necrozma
|-sidestart|p2: llmmllmm|move: Stealth Rock
|
|upkeep
|turn|2
|c|☆IAmJklol|ok
|
|t:|1649461156
|-zpower|p1a: Arceus
|move|p1a: Arceus|Tectonic Rage|p2a: Necrozma|[zeffect]
|-supereffective|p2a: Necrozma
|-damage|p2a: Necrozma|0 fnt
|faint|p2a: Necrozma
|
|upkeep
|c|☆IAmJklol|what
|c|☆IAmJklol|pro play
|
|t:|1649461161
|switch|p2a: Rayquaza|Rayquaza|100/100
|-damage|p2a: Rayquaza|76/100|[from] Stealth Rock
|-ability|p2a: Rayquaza|Air Lock
|turn|3
|
|t:|1649461164
|detailschange|p2a: Rayquaza|Rayquaza-Mega
|-mega|p2a: Rayquaza|Rayquaza|
|-weather|DeltaStream|[from] ability: Delta Stream|[of] p2a: Rayquaza
|move|p2a: Rayquaza|Dragon Ascent|p1a: Arceus
|-damage|p1a: Arceus|44/100
|-unboost|p2a: Rayquaza|def|1
|-unboost|p2a: Rayquaza|spd|1
|move|p1a: Arceus|Ice Beam|p2a: Rayquaza
|-activate||deltastream
|-supereffective|p2a: Rayquaza
|-damage|p2a: Rayquaza|0 fnt
|faint|p2a: Rayquaza
|-weather|none
|
|upkeep
|c|☆IAmJklol|PRO
|
|t:|1649461169
|switch|p2a: Yveltal|Yveltal|100/100
|-damage|p2a: Yveltal|76/100|[from] Stealth Rock
|-ability|p2a: Yveltal|Dark Aura
|turn|4
|c|☆IAmJklol|PLAYS
|
|t:|1649461174
|-start|p2a: Yveltal|Dynamax|
|-heal|p2a: Yveltal|76/100|[silent]
|move|p1a: Arceus|Ice Beam|p2a: Yveltal
|-supereffective|p2a: Yveltal
|-damage|p2a: Yveltal|49/100
|-status|p2a: Yveltal|frz
|cant|p2a: Yveltal|frz
|
|upkeep
|turn|5
|c|☆IAmJklol|PRO
|c|☆IAmJklol|IM
|c|☆IAmJklol|PRO
|
|t:|1649461183
|move|p1a: Arceus|Ice Beam|p2a: Yveltal
|-supereffective|p2a: Yveltal
|-damage|p2a: Yveltal|18/100 frz
|cant|p2a: Yveltal|frz
|
|upkeep
|turn|6
|
|t:|1649461186
|move|p1a: Arceus|Ice Beam|p2a: Yveltal
|-supereffective|p2a: Yveltal
|-damage|p2a: Yveltal|0 fnt
|faint|p2a: Yveltal
|
|upkeep
|c|☆IAmJklol|so humor
|-message|llmmllmm forfeited.
|
|win|IAmJklol
|l|‽llmmllmm
|l|☆IAmJklol
|j|☆IAmJklol
|player|p1|IAmJklol|steven
