|j|☆Snakethey
|j|☆CLEAR GEM清瑜
|t:|1662223246
|gametype|singles
|player|p1|Snakethey|marlon|1681
|player|p2|CLEAR GEM清瑜|skierf|1765
|teamsize|p1|6
|teamsize|p2|6
|gen|8
|tier|[Gen 8] National Dex AG
|rated|
|rule|HP Percentage Mod: HP is shown in percentages
|rule|Endless Battle Clause: Forcing endless battles is banned
|clearpoke
|poke|p1|Arceus-*|
|poke|p1|Rayquaza|
|poke|p1|Calyrex-Shadow|
|poke|p1|Zacian-*|
|poke|p1|Yveltal|
|poke|p1|Ditto|
|poke|p2|Rayquaza|
|poke|p2|Groudon|
|poke|p2|Necrozma-Dusk-Mane|
|poke|p2|Arceus-*|
|poke|p2|Arceus-*|
|poke|p2|Arceus-*|
|teampreview
|inactive|Battle timer is ON: inactive players will automatically lose when time's up. (requested by CLEAR GEM清瑜)
|
|t:|1662223265
|start
|switch|p1a: Yveltal|Yveltal|100/100
|switch|p2a: 不会(?)|Groudon|100/100
|-ability|p1a: Yveltal|Dark Aura
|detailschange|p2a: 不会(?)|Groudon-Primal
|-primal|p2a: 不会(?)
|-weather|DesolateLand|[from] ability: Desolate Land|[of] p2a: 不会(?)
|turn|1
|
|t:|1662223273
|-start|p1a: Yveltal|Dynamax|
|-heal|p1a: Yveltal|100/100|[silent]
|move|p1a: Yveltal|Max Airstream|p2a: 不会(?)
|-damage|p2a: 不会(?)|19/100
|-boost|p1a: Yveltal|spe|1
|-damage|p1a: Yveltal|96/100|[from] item: Life Orb
|move|p2a: 不会(?)|Stealth Rock|p1a: Yveltal
|-sidestart|p1: Snakethey|move: Stealth Rock
|
|-weather|DesolateLand|[upkeep]
|upkeep
|turn|2
|
|t:|1662223285
|move|p1a: Yveltal|Max Airstream|p2a: 不会(?)
|-damage|p2a: 不会(?)|0 fnt
|-boost|p1a: Yveltal|spe|1
|faint|p2a: 不会(?)
|-weather|none
|-damage|p1a: Yveltal|91/100|[from] item: Life Orb
|
|upkeep
|
|t:|1662223291
|switch|p2a: 烈龙无敌|Rayquaza|100/100
|-ability|p2a: 烈龙无敌|Air Lock
|turn|3
|
|t:|1662223294
|detailschange|p2a: 烈龙无敌|Rayquaza-Mega
|-mega|p2a: 烈龙无敌|Rayquaza|
|-weather|DeltaStream|[from] ability: Delta Stream|[of] p2a: 烈龙无敌
|move|p1a: Yveltal|Max Darkness|p2a: 烈龙无敌
|-enditem|p2a: 烈龙无敌|Focus Sash
|-damage|p2a: 烈龙无敌|1/100
|-unboost|p2a: 烈龙无敌|spd|1
|-damage|p1a: Yveltal|86/100|[from] item: Life Orb
|move|p2a: 烈龙无敌|Dragon Ascent|p1a: Yveltal
|-damage|p1a: Yveltal|49/100
|-unboost|p2a: 烈龙无敌|def|1
|-unboost|p2a: 烈龙无敌|spd|1
|
|-weather|DeltaStream|[upkeep]
|upkeep
|-end|p1a: Yveltal|Dynamax
|-heal|p1a: Yveltal|49/100|[silent]
|turn|4
|
|t:|1662223305
|move|p2a: 烈龙无敌|Extreme Speed|p1a: Yveltal
|-damage|p1a: Yveltal|16/100
|move|p1a: Yveltal|Oblivion Wing|p2a: 烈龙无敌
|-damage|p2a: 烈龙无敌|0 fnt
|-heal|p1a: Yveltal|16/100|[from] drain|[of] p2a: 烈龙无敌
|faint|p2a: 烈龙无敌
|-weather|none
|-damage|p1a: Yveltal|6/100|[from] item: Life Orb
|
|upkeep
|
|t:|1662223315
|switch|p2a: 乱杀P固|Arceus-Ground|100/100
|turn|5
|
|t:|1662223319
|move|p1a: Yveltal|Oblivion Wing|p2a: 乱杀P固
|-damage|p2a: 乱杀P固|65/100
|-heal|p1a: Yveltal|34/100|[from] drain|[of] p2a: 乱杀P固
|-damage|p1a: Yveltal|24/100|[from] item: Life Orb
|move|p2a: 乱杀P固|Ice Beam|p1a: Yveltal
|-supereffective|p1a: Yveltal
|-damage|p1a: Yveltal|0 fnt
|faint|p1a: Yveltal
|
|upkeep
|
|t:|1662223332
|switch|p1a: Rayquaza|Rayquaza|100/100
|-damage|p1a: Rayquaza|76/100|[from] Stealth Rock
|-ability|p1a: Rayquaza|Air Lock
|turn|6
|
|t:|1662223339
|detailschange|p1a: Rayquaza|Rayquaza-Mega
|-mega|p1a: Rayquaza|Rayquaza|
|-weather|DeltaStream|[from] ability: Delta Stream|[of] p1a: Rayquaza
|move|p1a: Rayquaza|Dragon Ascent|p2a: 乱杀P固
|-damage|p2a: 乱杀P固|10/100
|-unboost|p1a: Rayquaza|def|1
|-unboost|p1a: Rayquaza|spd|1
|move|p2a: 乱杀P固|Ice Beam|p1a: Rayquaza
|-activate||deltastream
|-supereffective|p1a: Rayquaza
|-damage|p1a: Rayquaza|0 fnt
|faint|p1a: Rayquaza
|-weather|none
|
|upkeep
|
|t:|1662223350
|switch|p1a: Calyrex|Calyrex-Shadow|100/100
|-ability|p1a: Calyrex|As One
|-ability|p1a: Calyrex|Unnerve
|-damage|p1a: Calyrex|88/100|[from] Stealth Rock
|turn|7
|
|t:|1662223356
|switch|p2a: 究极辅助|Arceus-Dark|100/100
|move|p1a: Calyrex|Psyshock|p2a: 究极辅助
|-immune|p2a: 究极辅助
|
|upkeep
|turn|8
|
|t:|1662223364
|switch|p1a: Zacian|Zacian-Crowned|100/100
|-damage|p1a: Zacian|94/100|[from] Stealth Rock
|-ability|p1a: Zacian|Intrepid Sword|boost
|-boost|p1a: Zacian|atk|1
|move|p2a: 究极辅助|Roar|p1a: Zacian
|drag|p1a: Ditto|Ditto|100/100
|-damage|p1a: Ditto|88/100|[from] Stealth Rock
|-transform|p1a: Ditto|p2a: 究极辅助|[from] ability: Imposter
|
|upkeep
|turn|9
|
|t:|1662223368
|switch|p1a: Calyrex|Calyrex-Shadow|88/100
|-ability|p1a: Calyrex|As One
|-ability|p1a: Calyrex|Unnerve
|-damage|p1a: Calyrex|76/100|[from] Stealth Rock
|move|p2a: 究极辅助|Roar|p1a: Calyrex
|drag|p1a: Zacian|Zacian-Crowned|94/100
|-damage|p1a: Zacian|88/100|[from] Stealth Rock
|-ability|p1a: Zacian|Intrepid Sword|boost
|-boost|p1a: Zacian|atk|1
|
|upkeep
|turn|10
|
|t:|1662223380
|switch|p2a: 乱杀P固|Arceus-Ground|10/100
|move|p1a: Zacian|Play Rough|p2a: 乱杀P固
|-damage|p2a: 乱杀P固|0 fnt
|faint|p2a: 乱杀P固
|
|upkeep
|
|t:|1662223382
|switch|p2a: 钢铁之躯|Necrozma-Dusk-Mane|100/100
|turn|11
|
|t:|1662223388
|move|p1a: Zacian|Crunch|p2a: 钢铁之躯
|-supereffective|p2a: 钢铁之躯
|-damage|p2a: 钢铁之躯|50/100
|move|p2a: 钢铁之躯|Dragon Dance|p2a: 钢铁之躯
|-boost|p2a: 钢铁之躯|atk|1
|-boost|p2a: 钢铁之躯|spe|1
|
|upkeep
|turn|12
|
|t:|1662223394
|detailschange|p2a: 钢铁之躯|Necrozma-Ultra
|-burst|p2a: 钢铁之躯|Necrozma|Ultranecrozium Z
|move|p2a: 钢铁之躯|Earthquake|p1a: Zacian
|-supereffective|p1a: Zacian
|-damage|p1a: Zacian|0 fnt
|faint|p1a: Zacian
|
|upkeep
|
|t:|1662223399
|switch|p1a: Ditto|Ditto|88/100
|-damage|p1a: Ditto|76/100|[from] Stealth Rock
|-transform|p1a: Ditto|p2a: 钢铁之躯|[from] ability: Imposter
|turn|13
|
|t:|1662223404
|move|p1a: Ditto|Earthquake|p2a: 钢铁之躯
|-damage|p2a: 钢铁之躯|0 fnt
|faint|p2a: 钢铁之躯
|
|upkeep
|
|t:|1662223406
|switch|p2a: 悬空羊驼|Arceus-Flying|100/100
|turn|14
|
|t:|1662223412
|switch|p1a: Arceus|Arceus-Water|100/100
|-damage|p1a: Arceus|88/100|[from] Stealth Rock
|move|p2a: 悬空羊驼|Calm Mind|p2a: 悬空羊驼
|-boost|p2a: 悬空羊驼|spa|1
|-boost|p2a: 悬空羊驼|spd|1
|
|upkeep
|turn|15
|
|t:|1662223417
|-start|p2a: 悬空羊驼|Dynamax|
|-heal|p2a: 悬空羊驼|100/100|[silent]
|move|p2a: 悬空羊驼|Max Airstream|p1a: Arceus
|-damage|p1a: Arceus|1/100
|-boost|p2a: 悬空羊驼|spe|1
|move|p1a: Arceus|Ice Beam|p2a: 悬空羊驼
|-supereffective|p2a: 悬空羊驼
|-damage|p2a: 悬空羊驼|86/100
|
|upkeep
|turn|16
|
|t:|1662223426
|move|p2a: 悬空羊驼|Max Quake|p1a: Arceus
|-damage|p1a: Arceus|0 fnt
|-boost|p2a: 悬空羊驼|spd|1
|faint|p1a: Arceus
|
|upkeep
|
|t:|1662223432
|switch|p1a: Ditto|Ditto|76/100
|-damage|p1a: Ditto|63/100|[from] Stealth Rock
|-transform|p1a: Ditto|p2a: 悬空羊驼|[from] ability: Imposter
|turn|17
|
|t:|1662223435
|move|p1a: Ditto|Recover|p1a: Ditto
|-heal|p1a: Ditto|100/100
|move|p2a: 悬空羊驼|Max Airstream|p1a: Ditto
|-damage|p1a: Ditto|34/100
|-boost|p2a: 悬空羊驼|spe|1
|
|upkeep
|-end|p2a: 悬空羊驼|Dynamax
|-heal|p2a: 悬空羊驼|86/100|[silent]
|turn|18
|
|t:|1662223442
|move|p1a: Ditto|Recover|p1a: Ditto
|-heal|p1a: Ditto|84/100
|move|p2a: 悬空羊驼|Judgment|p1a: Ditto
|-damage|p1a: Ditto|40/100
|
|upkeep
|turn|19
|
|t:|1662223448
|move|p1a: Ditto|Recover|p1a: Ditto
|-heal|p1a: Ditto|90/100
|move|p2a: 悬空羊驼|Calm Mind|p2a: 悬空羊驼
|-boost|p2a: 悬空羊驼|spa|1
|-boost|p2a: 悬空羊驼|spd|1
|
|upkeep
|turn|20
|
|t:|1662223453
|switch|p1a: Calyrex|Calyrex-Shadow|76/100
|-ability|p1a: Calyrex|As One
|-ability|p1a: Calyrex|Unnerve
|-damage|p1a: Calyrex|64/100|[from] Stealth Rock
|move|p2a: 悬空羊驼|Judgment|p1a: Calyrex
|-damage|p1a: Calyrex|0 fnt
|faint|p1a: Calyrex
|
|upkeep
|
|t:|1662223455
|switch|p1a: Ditto|Ditto|90/100
|-damage|p1a: Ditto|78/100|[from] Stealth Rock
|-transform|p1a: Ditto|p2a: 悬空羊驼|[from] ability: Imposter
|turn|21
|
|t:|1662223459
|move|p1a: Ditto|Judgment|p2a: 悬空羊驼
|-damage|p2a: 悬空羊驼|64/100
|move|p2a: 悬空羊驼|Recover|p2a: 悬空羊驼
|-heal|p2a: 悬空羊驼|100/100
|
|upkeep
|turn|22
|
|t:|1662223463
|move|p1a: Ditto|Judgment|p2a: 悬空羊驼
|-damage|p2a: 悬空羊驼|79/100
|move|p2a: 悬空羊驼|Judgment|p1a: Ditto
|-damage|p1a: Ditto|30/100
|
|upkeep
|turn|23
|
|t:|1662223466
|move|p1a: Ditto|Judgment|p2a: 悬空羊驼
|-damage|p2a: 悬空羊驼|60/100
|move|p2a: 悬空羊驼|Judgment|p1a: Ditto
|-damage|p1a: Ditto|0 fnt
|faint|p1a: Ditto
|
|win|CLEAR GEM清瑜
|raw|Snakethey's rating: 1681 &rarr; <strong>1666</strong><br />(-15 for losing)
|raw|CLEAR GEM清瑜's rating: 1765 &rarr; <strong>1780</strong><br />(+15 for winning)
|c|☆Snakethey|Gg
|l|☆Snakethey
||Ladder isn't responding, score probably updated but might not have (Request timeout).
