|j|☆Azerai II
|j|☆Nobodi_Nowan
|t:|1659619920
|gametype|singles
|player|p1|Azerai II|acetrainerf-gen4|
|player|p2|Nobodi_Nowan|byron|
|teamsize|p1|6
|teamsize|p2|6
|gen|8
|tier|[Gen 8] National Dex AG
|rule|HP Percentage Mod: HP is shown in percentages
|rule|Endless Battle Clause: Forcing endless battles is banned
|clearpoke
|poke|p1|Alakazam, M|
|poke|p1|Darmanitan-Galar, F|
|poke|p1|Gyarados, M|
|poke|p1|Dialga|
|poke|p1|Landorus-Therian, M|
|poke|p1|Corviknight, M|
|poke|p2|Vivillon-Pokeball, M|
|poke|p2|Heatran, F|
|poke|p2|Corviknight, F|
|poke|p2|Chansey, F|
|poke|p2|Gengar, M|
|poke|p2|Solgaleo|
|teampreview
|inactive|Battle timer is ON: inactive players will automatically lose when time's up. (requested by Azerai II)
|c|☆Azerai II|glhf
|c|☆Nobodi_Nowan|u2
|inactive|Azerai II has 270 seconds left.
|
|t:|1659619955
|start
|switch|p1a: Darmanitan|Darmanitan-Galar, F|100/100
|switch|p2a: Heatran|Heatran, F|100/100
|-item|p2a: Heatran|Air Balloon
|turn|1
|
|t:|1659619965
|move|p1a: Darmanitan|Superpower|p2a: Heatran
|-supereffective|p2a: Heatran
|-damage|p2a: Heatran|0 fnt
|-unboost|p1a: Darmanitan|atk|1
|-unboost|p1a: Darmanitan|def|1
|-enditem|p2a: Heatran|Air Balloon
|faint|p2a: Heatran
|
|upkeep
|
|t:|1659619980
|switch|p2a: Vivillon|Vivillon-Pokeball, M|100/100
|turn|2
|inactive|Nobodi_Nowan has 270 seconds left.
|
|t:|1659620013
|switch|p1a: Corviknight|Corviknight, M|100/100
|-ability|p1a: Corviknight|Pressure
|switch|p2a: Corviknight|Corviknight, F, shiny|100/100
|
|upkeep
|turn|3
|inactive|Nobodi_Nowan has 270 seconds left.
|
|t:|1659620021
|move|p2a: Corviknight|U-turn|p1a: Corviknight
|-resisted|p1a: Corviknight
|-damage|p1a: Corviknight|98/100
|inactive|Nobodi_Nowan has 270 seconds left.
|
|t:|1659620028
|switch|p2a: Gengar|Gengar, M|100/100|[from]move: U-turn
|move|p1a: Corviknight|U-turn|p2a: Gengar
|-resisted|p2a: Gengar
|-damage|p2a: Gengar|94/100
|
|t:|1659620053
|switch|p1a: Alakazam|Alakazam, M|100/100|[from]move: U-turn
|
|upkeep
|turn|4
|
|t:|1659620061
|switch|p2a: Chansey|Chansey, F|100/100
|detailschange|p1a: Alakazam|Alakazam-Mega, M
|-mega|p1a: Alakazam|Alakazam|Alakazite
|-ability|p1a: Alakazam|Natural Cure|[from] ability: Trace|[of] p2a: Chansey
|move|p1a: Alakazam|Psyshock|p2a: Chansey
|-damage|p2a: Chansey|10/100
|
|upkeep
|turn|5
|
|t:|1659620081
|move|p1a: Alakazam|Nasty Plot|p1a: Alakazam
|-boost|p1a: Alakazam|spa|2
|move|p2a: Chansey|Stealth Rock|p1a: Alakazam
|-sidestart|p1: Azerai II|move: Stealth Rock
|
|upkeep
|turn|6
|
|t:|1659620091
|move|p1a: Alakazam|Encore|p2a: Chansey
|-start|p2a: Chansey|Encore
|move|p2a: Chansey|Stealth Rock||[still]
|-fail|p2a: Chansey
|
|upkeep
|turn|7
|
|t:|1659620098
|switch|p2a: Corviknight|Corviknight, F, shiny|100/100
|move|p1a: Alakazam|Nasty Plot|p1a: Alakazam
|-boost|p1a: Alakazam|spa|2
|
|upkeep
|turn|8
|
|t:|1659620115
|-start|p2a: Corviknight|Dynamax|
|-heal|p2a: Corviknight|100/100|[silent]
|move|p1a: Alakazam|Focus Blast|p2a: Corviknight
|-damage|p2a: Corviknight|29/100
|move|p2a: Corviknight|Max Flutterby|p1a: Alakazam
|-supereffective|p1a: Alakazam
|-damage|p1a: Alakazam|12/100
|-unboost|p1a: Alakazam|spa|1
|
|-heal|p2a: Corviknight|33/100|[from] item: Leftovers
|upkeep
|turn|9
|
|t:|1659620127
|move|p2a: Corviknight|Max Guard|p2a: Corviknight
|-singleturn|p2a: Corviknight|Max Guard
|move|p1a: Alakazam|Focus Blast|p2a: Corviknight
|-activate|p2a: Corviknight|move: Max Guard
|
|-heal|p2a: Corviknight|36/100|[from] item: Leftovers
|upkeep
|turn|10
|
|t:|1659620140
|-end|p2a: Corviknight|Dynamax
|-heal|p2a: Corviknight|36/100|[silent]
|switch|p2a: Chansey|Chansey, F|10/100
|move|p1a: Alakazam|Focus Blast|p2a: Chansey|[miss]
|-miss|p1a: Alakazam|p2a: Chansey
|
|upkeep
|turn|11
|
|t:|1659620154
|move|p1a: Alakazam|Psyshock|p2a: Chansey
|-damage|p2a: Chansey|0 fnt
|faint|p2a: Chansey
|
|upkeep
|
|t:|1659620158
|switch|p2a: Solgaleo|Solgaleo|100/100
|turn|12
|
|t:|1659620172
|move|p1a: Alakazam|Focus Blast|p2a: Solgaleo
|-damage|p2a: Solgaleo|0 fnt
|faint|p2a: Solgaleo
|
|upkeep
|
|t:|1659620177
|switch|p2a: Corviknight|Corviknight, F, shiny|36/100
|turn|13
|
|t:|1659620189
|move|p1a: Alakazam|Psyshock|p2a: Corviknight
|-resisted|p2a: Corviknight
|-crit|p2a: Corviknight
|-damage|p2a: Corviknight|0 fnt
|faint|p2a: Corviknight
|
|upkeep
|
|t:|1659620197
|switch|p2a: Gengar|Gengar, M|94/100
|turn|14
|c|☆Azerai II|Damn
|inactive|Azerai II has 270 seconds left.
|l|☆Azerai II
|inactive|Azerai II disconnected and has 300 seconds to reconnect!
|player|p1|
|c|☆Nobodi_Nowan|shoud´ve sleep powered with viv
|inactive|Azerai II has 270 seconds to reconnect!
|inactive|Azerai II has 240 seconds to reconnect!
|inactive|Azerai II has 210 seconds to reconnect!
|inactive|Azerai II has 180 seconds to reconnect!
|j|☆Azerai II
|inactive|Azerai II reconnected and has 260 seconds left.
|player|p1|Azerai II|acetrainerf-gen4
|
|t:|1659620389
|detailschange|p2a: Gengar|Gengar-Mega, M
|-mega|p2a: Gengar|Gengar|Gengarite
|move|p1a: Alakazam|Psyshock|p2a: Gengar
|-supereffective|p2a: Gengar
|-damage|p2a: Gengar|0 fnt
|faint|p2a: Gengar
|
|upkeep
|
|t:|1659620396
|switch|p2a: Vivillon|Vivillon-Pokeball, M|100/100
|turn|15
|c|☆Azerai II|It was goggles Corv
|c|☆Azerai II|so no
|
|t:|1659620412
|move|p1a: Alakazam|Psyshock|p2a: Vivillon
|-damage|p2a: Vivillon|0 fnt
|faint|p2a: Vivillon
|
|win|Azerai II
|c|☆Nobodi_Nowan|gg sir
|c|☆Nobodi_Nowan|well earned the medal
|c|☆Azerai II|gg
