|j|☆hell0ThereHi
|j|☆Crackerkid
|t:|1653692324
|gametype|singles
|player|p1|hell0ThereHi|pokemonranger-gen4|1534
|player|p2|Crackerkid|2|1653
|teamsize|p1|6
|teamsize|p2|6
|gen|8
|tier|[Gen 8] National Dex AG
|rated|
|rule|HP Percentage Mod: HP is shown in percentages
|rule|Endless Battle Clause: Forcing endless battles is banned
|clearpoke
|poke|p1|Groudon|
|poke|p1|Zacian-*|
|poke|p1|Smeargle, M|
|poke|p1|Necrozma-Dusk-Mane|
|poke|p1|Yveltal|
|poke|p1|Calyrex-Shadow|
|poke|p2|Rayquaza|
|poke|p2|Groudon|
|poke|p2|Zacian-*|
|poke|p2|Calyrex-Shadow|
|poke|p2|Deoxys-Attack|
|poke|p2|Excadrill, F|
|teampreview
|inactive|Battle timer is ON: inactive players will automatically lose when time's up. (requested by Crackerkid)
|
|t:|1653692341
|start
|switch|p1a: Smeargle|Smeargle, M|100/100
|switch|p2a: Deoxys-Sigma|Deoxys-Attack, shiny|100/100
|-ability|p2a: Deoxys-Sigma|Pressure
|turn|1
|
|t:|1653692347
|move|p2a: Deoxys-Sigma|Knock Off|p1a: Smeargle
|-damage|p1a: Smeargle|8/100
|-enditem|p1a: Smeargle|Focus Sash|[from] move: Knock Off|[of] p2a: Deoxys-Sigma
|move|p1a: Smeargle|Spore|p2a: Deoxys-Sigma
|-status|p2a: Deoxys-Sigma|slp|[from] move: Spore
|
|-ability|p1a: Smeargle|Moody|boost
|-boost|p1a: Smeargle|spd|2
|-unboost|p1a: Smeargle|spe|1
|upkeep
|turn|2
|
|t:|1653692360
|switch|p2a: Groudon|Groudon|100/100
|detailschange|p2a: Groudon|Groudon-Primal
|-primal|p2a: Groudon
|-weather|DesolateLand|[from] ability: Desolate Land|[of] p2a: Groudon
|move|p1a: Smeargle|Spore|p2a: Groudon
|-status|p2a: Groudon|slp|[from] move: Spore
|
|-weather|DesolateLand|[upkeep]
|-ability|p1a: Smeargle|Moody|boost
|-boost|p1a: Smeargle|def|2
|-unboost|p1a: Smeargle|spa|1
|upkeep
|turn|3
|
|t:|1653692376
|cant|p2a: Groudon|slp
|move|p1a: Smeargle|Spore|p2a: Groudon
|-fail|p2a: Groudon|slp
|
|-weather|DesolateLand|[upkeep]
|-ability|p1a: Smeargle|Moody|boost
|-boost|p1a: Smeargle|spa|2
|-unboost|p1a: Smeargle|spd|1
|upkeep
|turn|4
|
|t:|1653692388
|cant|p2a: Groudon|slp
|move|p1a: Smeargle|Baton Pass|p1a: Smeargle
|
|t:|1653692398
|switch|p1a: Yveltal|Yveltal|100/100|[from]move: Baton Pass
|-ability|p1a: Yveltal|Dark Aura
|
|-weather|DesolateLand|[upkeep]
|upkeep
|turn|5
|
|t:|1653692408
|-start|p1a: Yveltal|Dynamax|
|-heal|p1a: Yveltal|100/100|[silent]
|move|p1a: Yveltal|Max Airstream|p2a: Groudon
|-damage|p2a: Groudon|0 fnt
|-boost|p1a: Yveltal|spe|1
|faint|p2a: Groudon
|-weather|none
|-damage|p1a: Yveltal|96/100|[from] item: Life Orb
|
|upkeep
|
|t:|1653692421
|switch|p2a: Zacian|Zacian-Crowned|100/100
|-ability|p2a: Zacian|Intrepid Sword|boost
|-boost|p2a: Zacian|atk|1
|turn|6
|
|t:|1653692427
|move|p2a: Zacian|Play Rough|p1a: Yveltal|[miss]
|-miss|p2a: Zacian|p1a: Yveltal
|move|p1a: Yveltal|Max Flare|p2a: Zacian
|-supereffective|p2a: Zacian
|-damage|p2a: Zacian|0 fnt
|-weather|SunnyDay
|faint|p2a: Zacian
|-damage|p1a: Yveltal|91/100|[from] item: Life Orb
|
|-weather|SunnyDay|[upkeep]
|upkeep
|-message|Crackerkid forfeited.
|
|win|hell0ThereHi
|raw|hell0ThereHi's rating: 1534 &rarr; <strong>1561</strong><br />(+27 for winning)
|raw|Crackerkid's rating: 1653 &rarr; <strong>1626</strong><br />(-27 for losing)
|l|☆Crackerkid
||Ladder isn't responding, score probably updated but might not have (Request timeout).
