|j|☆Lord Rekkuza
|j|☆85792195wwww
|t:|1663876711
|gametype|singles
|player|p1|Lord Rekkuza|lance-lgpe|1790
|player|p2|85792195wwww|lady|1860
|teamsize|p1|6
|teamsize|p2|6
|gen|8
|tier|[Gen 8] National Dex AG
|rated|
|rule|HP Percentage Mod: HP is shown in percentages
|rule|Endless Battle Clause: Forcing endless battles is banned
|clearpoke
|poke|p1|Necrozma-Dusk-Mane|
|poke|p1|Zygarde|
|poke|p1|Eternatus|
|poke|p1|Arceus-*|
|poke|p1|Yveltal|
|poke|p1|Chansey, F|
|poke|p2|Rayquaza|
|poke|p2|Zacian-*|
|poke|p2|Marshadow|
|poke|p2|Ditto|
|poke|p2|Arceus-*|
|poke|p2|Kyogre|
|teampreview
|
|t:|1663876722
|start
|switch|p1a: Eternatus|Eternatus|100/100
|switch|p2a: Kyogre|Kyogre|100/100
|-ability|p1a: Eternatus|Pressure
|detailschange|p2a: Kyogre|Kyogre-Primal
|-primal|p2a: Kyogre
|-weather|PrimordialSea|[from] ability: Primordial Sea|[of] p2a: Kyogre
|turn|1
|
|t:|1663876735
|switch|p1a: Chansey|Chansey, F|100/100
|-weather|none
|switch|p2a: Arceus|Arceus-Electric|100/100
|
|upkeep
|turn|2
|
|t:|1663876741
|move|p2a: Arceus|Stealth Rock|p1a: Chansey
|-sidestart|p1: Lord Rekkuza|move: Stealth Rock
|move|p1a: Chansey|Toxic|p2a: Arceus
|-status|p2a: Arceus|tox
|
|-damage|p2a: Arceus|94/100 tox|[from] psn
|upkeep
|turn|3
|
|t:|1663876753
|switch|p2a: Zacian|Zacian-Crowned|100/100
|-ability|p2a: Zacian|Intrepid Sword|boost
|-boost|p2a: Zacian|atk|1
|move|p1a: Chansey|Toxic|p2a: Zacian
|-immune|p2a: Zacian
|
|upkeep
|turn|4
|inactive|Battle timer is ON: inactive players will automatically lose when time's up. (requested by Lord Rekkuza)
|
|t:|1663876761
|switch|p2a: Kyogre|Kyogre-Primal|100/100
|-weather|PrimordialSea|[from] ability: Primordial Sea|[of] p2a: Kyogre
|switch|p1a: Necrozma|Necrozma-Dusk-Mane|100/100
|-damage|p1a: Necrozma|94/100|[from] Stealth Rock
|
|-weather|PrimordialSea|[upkeep]
|upkeep
|turn|5
|
|t:|1663876771
|switch|p1a: Chansey|Chansey, F|100/100
|-damage|p1a: Chansey|88/100|[from] Stealth Rock
|move|p2a: Kyogre|Calm Mind|p2a: Kyogre
|-boost|p2a: Kyogre|spa|1
|-boost|p2a: Kyogre|spd|1
|
|-weather|PrimordialSea|[upkeep]
|upkeep
|turn|6
|
|t:|1663876789
|move|p2a: Kyogre|Water Spout|p1a: Chansey
|-damage|p1a: Chansey|12/100
|move|p1a: Chansey|Confide|p2a: Kyogre
|-unboost|p2a: Kyogre|spa|1
|
|-weather|PrimordialSea|[upkeep]
|upkeep
|turn|7
|
|t:|1663876810
|move|p2a: Kyogre|Water Spout|p1a: Chansey
|-damage|p1a: Chansey|0 fnt
|faint|p1a: Chansey
|
|-weather|PrimordialSea|[upkeep]
|upkeep
|
|t:|1663876812
|switch|p1a: Eternatus|Eternatus|100/100
|-damage|p1a: Eternatus|88/100|[from] Stealth Rock
|-ability|p1a: Eternatus|Pressure
|turn|8
|
|t:|1663876820
|-weather|none
|switch|p2a: Zacian|Zacian-Crowned|100/100
|-ability|p2a: Zacian|Intrepid Sword|boost
|-boost|p2a: Zacian|atk|1
|move|p1a: Eternatus|Toxic|p2a: Zacian
|-immune|p2a: Zacian
|
|-heal|p1a: Eternatus|94/100|[from] item: Black Sludge
|upkeep
|turn|9
|
|t:|1663876832
|switch|p2a: Rayquaza|Rayquaza|100/100
|-ability|p2a: Rayquaza|Air Lock
|switch|p1a: Necrozma|Necrozma-Dusk-Mane|94/100
|-damage|p1a: Necrozma|88/100|[from] Stealth Rock
|
|upkeep
|turn|10
|
|t:|1663876843
|switch|p1a: Arceus|Arceus-Fairy|100/100
|-damage|p1a: Arceus|88/100|[from] Stealth Rock
|detailschange|p2a: Rayquaza|Rayquaza-Mega
|-mega|p2a: Rayquaza|Rayquaza|
|-weather|DeltaStream|[from] ability: Delta Stream|[of] p2a: Rayquaza
|move|p2a: Rayquaza|V-create|p1a: Arceus
|-damage|p1a: Arceus|25/100
|-unboost|p2a: Rayquaza|spe|1
|-unboost|p2a: Rayquaza|def|1
|-unboost|p2a: Rayquaza|spd|1
|
|-weather|DeltaStream|[upkeep]
|upkeep
|turn|11
|
|t:|1663876858
|-weather|none
|switch|p2a: Kyogre|Kyogre-Primal|100/100
|-weather|PrimordialSea|[from] ability: Primordial Sea|[of] p2a: Kyogre
|move|p1a: Arceus|Recover|p1a: Arceus
|-heal|p1a: Arceus|75/100
|
|-weather|PrimordialSea|[upkeep]
|upkeep
|turn|12
|
|t:|1663876867
|switch|p1a: Eternatus|Eternatus|94/100
|-damage|p1a: Eternatus|82/100|[from] Stealth Rock
|-ability|p1a: Eternatus|Pressure
|move|p2a: Kyogre|Water Spout|p1a: Eternatus
|-resisted|p1a: Eternatus
|-damage|p1a: Eternatus|40/100
|
|-weather|PrimordialSea|[upkeep]
|-heal|p1a: Eternatus|47/100|[from] item: Black Sludge
|upkeep
|turn|13
|
|t:|1663876880
|-weather|none
|switch|p2a: Rayquaza|Rayquaza-Mega|100/100
|-weather|DeltaStream|[from] ability: Delta Stream|[of] p2a: Rayquaza
|move|p1a: Eternatus|Recover|p1a: Eternatus
|-heal|p1a: Eternatus|97/100
|
|-weather|DeltaStream|[upkeep]
|-heal|p1a: Eternatus|100/100|[from] item: Black Sludge
|upkeep
|turn|14
|
|t:|1663876894
|move|p2a: Rayquaza|Dragon Ascent|p1a: Eternatus
|-damage|p1a: Eternatus|0 fnt
|-unboost|p2a: Rayquaza|def|1
|-unboost|p2a: Rayquaza|spd|1
|faint|p1a: Eternatus
|
|-weather|DeltaStream|[upkeep]
|upkeep
|
|t:|1663876898
|switch|p1a: Arceus|Arceus-Fairy|75/100
|-damage|p1a: Arceus|62/100|[from] Stealth Rock
|turn|15
|-message|Lord Rekkuza forfeited.
|
|win|85792195wwww
|raw|Lord Rekkuza's rating: 1790 &rarr; <strong>1774</strong><br />(-16 for losing)
|raw|85792195wwww's rating: 1860 &rarr; <strong>1876</strong><br />(+16 for winning)
|l|☆Lord Rekkuza
