|j|☆garagaming7490
|j|☆Obito 2001
|inactive|Battle timer is ON: inactive players will automatically lose when time's up.
|t:|1666498901
|gametype|singles
|player|p1|garagaming7490|nate|
|player|p2|Obito 2001|teamrocket|
|teamsize|p1|6
|teamsize|p2|6
|gen|8
|tier|[Gen 8] National Dex AG
|rated|Tournament battle
|rule|HP Percentage Mod: HP is shown in percentages
|rule|Endless Battle Clause: Forcing endless battles is banned
|clearpoke
|poke|p1|Eternatus|
|poke|p1|Rayquaza|
|poke|p1|Necrozma-Dusk-Mane|
|poke|p1|Arceus-*|
|poke|p1|Arceus-*|
|poke|p1|Calyrex-Shadow|
|poke|p2|Eternatus|
|poke|p2|Arceus-*|
|poke|p2|Ditto|
|poke|p2|Calyrex-Shadow|
|poke|p2|Arceus-*|
|poke|p2|Arceus-*|
|teampreview
|inactive|Obito 2001 also wants the timer to be on.
|j| ShadeDoll
|j| MandirYahiBanega
|
|t:|1666498919
|start
|switch|p1a: Eternatus|Eternatus|100/100
|switch|p2a: Arceus|Arceus-Fairy|100/100
|-ability|p1a: Eternatus|Pressure
|turn|1
|
|t:|1666498922
|move|p1a: Eternatus|Toxic Spikes|p2a: Arceus
|-sidestart|p2: Obito 2001|move: Toxic Spikes
|move|p2a: Arceus|Stealth Rock|p1a: Eternatus
|-sidestart|p1: garagaming7490|move: Stealth Rock
|
|upkeep
|turn|2
|
|t:|1666498925
|switch|p2a: Eternatus|Eternatus|100/100
|-sideend|p2: Obito 2001|move: Toxic Spikes|[of] p2a: Eternatus
|-ability|p2a: Eternatus|Pressure
|move|p1a: Eternatus|Toxic Spikes|p2a: Eternatus
|-sidestart|p2: Obito 2001|move: Toxic Spikes
|
|upkeep
|turn|3
|
|t:|1666498930
|move|p2a: Eternatus|Dynamax Cannon|p1a: Eternatus
|-supereffective|p1a: Eternatus
|-damage|p1a: Eternatus|50/100
|move|p1a: Eternatus|Dynamax Cannon|p2a: Eternatus
|-supereffective|p2a: Eternatus
|-damage|p2a: Eternatus|24/100
|
|-heal|p2a: Eternatus|31/100|[from] item: Black Sludge
|upkeep
|turn|4
|
|t:|1666498940
|switch|p1a: Necrozma|Necrozma-Dusk-Mane|100/100
|-damage|p1a: Necrozma|94/100|[from] Stealth Rock
|move|p2a: Eternatus|Dynamax Cannon|p1a: Necrozma
|-resisted|p1a: Necrozma
|-damage|p1a: Necrozma|75/100
|
|-heal|p2a: Eternatus|37/100|[from] item: Black Sludge
|upkeep
|turn|5
|
|t:|1666498945
|switch|p2a: Arceus|Arceus-Electric|100/100
|-status|p2a: Arceus|psn
|move|p1a: Necrozma|Stealth Rock|p2a: Arceus
|-sidestart|p2: Obito 2001|move: Stealth Rock
|
|-damage|p2a: Arceus|88/100 psn|[from] psn
|upkeep
|turn|6
|
|t:|1666498951
|move|p2a: Arceus|Judgment|p1a: Necrozma
|-damage|p1a: Necrozma|25/100
|move|p1a: Necrozma|Earthquake|p2a: Arceus
|-supereffective|p2a: Arceus
|-crit|p2a: Arceus
|-damage|p2a: Arceus|5/100 psn
|
|-damage|p2a: Arceus|0 fnt|[from] psn
|faint|p2a: Arceus
|upkeep
|l| ShadeDoll
|
|t:|1666498970
|switch|p2a: Eternatus|Eternatus|37/100
|-sideend|p2: Obito 2001|move: Toxic Spikes|[of] p2a: Eternatus
|-damage|p2a: Eternatus|24/100|[from] Stealth Rock
|-ability|p2a: Eternatus|Pressure
|turn|7
|
|t:|1666498975
|move|p2a: Eternatus|Recover|p2a: Eternatus
|-heal|p2a: Eternatus|74/100
|move|p1a: Necrozma|Earthquake|p2a: Eternatus
|-supereffective|p2a: Eternatus
|-damage|p2a: Eternatus|24/100
|
|-heal|p2a: Eternatus|30/100|[from] item: Black Sludge
|upkeep
|turn|8
|
|t:|1666498982
|switch|p2a: Arceus|Arceus-Fairy|100/100
|-damage|p2a: Arceus|88/100|[from] Stealth Rock
|move|p1a: Necrozma|Morning Sun|p1a: Necrozma
|-heal|p1a: Necrozma|75/100
|
|upkeep
|turn|9
|c| MandirYahiBanega|Wtf
|
|t:|1666498993
|move|p2a: Arceus|Stealth Rock||[still]
|-fail|p2a: Arceus
|move|p1a: Necrozma|Sunsteel Strike|p2a: Arceus
|-supereffective|p2a: Arceus
|-crit|p2a: Arceus
|-damage|p2a: Arceus|0 fnt
|faint|p2a: Arceus
|
|upkeep
|
|t:|1666498996
|switch|p2a: Calyrex|Calyrex-Shadow|100/100
|-ability|p2a: Calyrex|As One
|-ability|p2a: Calyrex|Unnerve
|-damage|p2a: Calyrex|88/100|[from] Stealth Rock
|turn|10
|c|☆garagaming7490|nani
|
|t:|1666499000
|switch|p1a: Arceus|Arceus-Dark|100/100
|-damage|p1a: Arceus|88/100|[from] Stealth Rock
|move|p2a: Calyrex|Substitute|p2a: Calyrex
|-start|p2a: Calyrex|Substitute
|-damage|p2a: Calyrex|63/100
|
|-heal|p2a: Calyrex|70/100|[from] item: Leftovers
|upkeep
|turn|11
|
|t:|1666499005
|move|p2a: Calyrex|Leech Seed|p1a: Arceus
|-start|p1a: Arceus|move: Leech Seed
|move|p1a: Arceus|Judgment|p2a: Calyrex
|-supereffective|p2a: Calyrex
|-end|p2a: Calyrex|Substitute
|
|-heal|p2a: Calyrex|76/100|[from] item: Leftovers
|-damage|p1a: Arceus|76/100|[from] Leech Seed|[of] p2a: Calyrex
|-heal|p2a: Calyrex|92/100|[silent]
|upkeep
|turn|12
|j| Genki dashite yo
|
|t:|1666499016
|switch|p2a: Arceus|Arceus|100/100
|-damage|p2a: Arceus|88/100|[from] Stealth Rock
|switch|p1a: Arceus|Arceus-Water|100/100
|-damage|p1a: Arceus|88/100|[from] Stealth Rock
|
|upkeep
|turn|13
|
|t:|1666499019
|move|p1a: Arceus|Will-O-Wisp|p2a: Arceus
|-status|p2a: Arceus|brn
|-enditem|p2a: Arceus|Lum Berry|[eat]
|-curestatus|p2a: Arceus|brn|[msg]
|move|p2a: Arceus|Swords Dance|p2a: Arceus
|-boost|p2a: Arceus|atk|2
|
|upkeep
|turn|14
|
|t:|1666499023
|move|p2a: Arceus|Extreme Speed|p1a: Arceus
|-damage|p1a: Arceus|48/100
|move|p1a: Arceus|Will-O-Wisp|p2a: Arceus
|-status|p2a: Arceus|brn
|
|-damage|p2a: Arceus|82/100 brn|[from] brn
|upkeep
|turn|15
|
|t:|1666499026
|move|p1a: Arceus|Recover|p1a: Arceus
|-heal|p1a: Arceus|98/100
|move|p2a: Arceus|Swords Dance|p2a: Arceus
|-boost|p2a: Arceus|atk|2
|
|-damage|p2a: Arceus|76/100 brn|[from] brn
|upkeep
|turn|16
|
|t:|1666499029
|move|p1a: Arceus|Judgment|p2a: Arceus
|-damage|p2a: Arceus|44/100 brn
|move|p2a: Arceus|Swords Dance|p2a: Arceus
|-boost|p2a: Arceus|atk|2
|
|-damage|p2a: Arceus|38/100 brn|[from] brn
|upkeep
|turn|17
|
|t:|1666499031
|move|p1a: Arceus|Judgment|p2a: Arceus
|-damage|p2a: Arceus|7/100 brn
|move|p2a: Arceus|Recover|p2a: Arceus
|-heal|p2a: Arceus|57/100 brn
|
|-damage|p2a: Arceus|51/100 brn|[from] brn
|upkeep
|turn|18
|
|t:|1666499036
|switch|p1a: Calyrex|Calyrex-Shadow|100/100
|-ability|p1a: Calyrex|As One
|-ability|p1a: Calyrex|Unnerve
|-damage|p1a: Calyrex|88/100|[from] Stealth Rock
|move|p2a: Arceus|Recover|p2a: Arceus
|-heal|p2a: Arceus|100/100 brn
|
|-damage|p2a: Arceus|94/100 brn|[from] brn
|upkeep
|turn|19
|
|t:|1666499044
|-zpower|p1a: Calyrex
|move|p1a: Calyrex|Savage Spin-Out|p2a: Arceus|[zeffect]
|-damage|p2a: Arceus|43/100 brn
|move|p2a: Arceus|Shadow Claw|p1a: Calyrex
|-supereffective|p1a: Calyrex
|-damage|p1a: Calyrex|0 fnt
|faint|p1a: Calyrex
|
|-damage|p2a: Arceus|37/100 brn|[from] brn
|upkeep
|c| MandirYahiBanega|Clean
|
|t:|1666499058
|switch|p1a: Rayquaza|Rayquaza|100/100
|-damage|p1a: Rayquaza|76/100|[from] Stealth Rock
|-ability|p1a: Rayquaza|Air Lock
|turn|20
|
|t:|1666499064
|detailschange|p1a: Rayquaza|Rayquaza-Mega
|-mega|p1a: Rayquaza|Rayquaza|
|-weather|DeltaStream|[from] ability: Delta Stream|[of] p1a: Rayquaza
|move|p1a: Rayquaza|Extreme Speed|p2a: Arceus
|-damage|p2a: Arceus|0 fnt
|faint|p2a: Arceus
|
|-weather|DeltaStream|[upkeep]
|upkeep
|
|t:|1666499072
|switch|p2a: Ditto|Ditto, shiny|100/100
|-damage|p2a: Ditto|88/100|[from] Stealth Rock
|-transform|p2a: Ditto|p1a: Rayquaza|[from] ability: Imposter
|turn|21
|
|t:|1666499093
|move|p1a: Rayquaza|Extreme Speed|p2a: Ditto
|-damage|p2a: Ditto|20/100
|move|p2a: Ditto|Dragon Ascent|p1a: Rayquaza
|-crit|p1a: Rayquaza
|-damage|p1a: Rayquaza|0 fnt
|-unboost|p2a: Ditto|def|1
|-unboost|p2a: Ditto|spd|1
|faint|p1a: Rayquaza
|
|-weather|DeltaStream|[upkeep]
|upkeep
|
|t:|1666499100
|switch|p1a: Necrozma|Necrozma-Dusk-Mane|75/100
|-damage|p1a: Necrozma|69/100|[from] Stealth Rock
|turn|22
|
|t:|1666499105
|move|p2a: Ditto|Dragon Ascent|p1a: Necrozma
|-resisted|p1a: Necrozma
|-damage|p1a: Necrozma|44/100
|-unboost|p2a: Ditto|def|1
|-unboost|p2a: Ditto|spd|1
|-damage|p2a: Ditto|4/100|[from] item: Rocky Helmet|[of] p1a: Necrozma
|move|p1a: Necrozma|Sunsteel Strike|p2a: Ditto
|-crit|p2a: Ditto
|-damage|p2a: Ditto|0 fnt
|faint|p2a: Ditto
|-weather|none
|
|upkeep
|
|t:|1666499107
|switch|p2a: Calyrex|Calyrex-Shadow|92/100
|-ability|p2a: Calyrex|As One
|-ability|p2a: Calyrex|Unnerve
|-damage|p2a: Calyrex|79/100|[from] Stealth Rock
|turn|23
|
|t:|1666499115
|move|p2a: Calyrex|Leech Seed|p1a: Necrozma
|-start|p1a: Necrozma|move: Leech Seed
|move|p1a: Necrozma|Sunsteel Strike|p2a: Calyrex
|-damage|p2a: Calyrex|22/100
|
|-heal|p2a: Calyrex|28/100|[from] item: Leftovers
|-damage|p1a: Necrozma|31/100|[from] Leech Seed|[of] p2a: Calyrex
|-heal|p2a: Calyrex|42/100|[silent]
|upkeep
|turn|24
|
|t:|1666499120
|move|p2a: Calyrex|Astral Barrage|p1a: Necrozma
|-supereffective|p1a: Necrozma
|-damage|p1a: Necrozma|0 fnt
|faint|p1a: Necrozma
|-ability|p2a: Calyrex|Grim Neigh|boost
|-boost|p2a: Calyrex|spa|1
|
|-heal|p2a: Calyrex|48/100|[from] item: Leftovers
|upkeep
|
|t:|1666499122
|switch|p1a: Arceus|Arceus-Dark|76/100
|-damage|p1a: Arceus|63/100|[from] Stealth Rock
|turn|25
|j| kabutobruh
|
|t:|1666499132
|-start|p1a: Arceus|Dynamax|
|-heal|p1a: Arceus|63/100|[silent]
|move|p2a: Calyrex|Leech Seed|p1a: Arceus|[miss]
|-miss|p2a: Calyrex|p1a: Arceus
|move|p1a: Arceus|Max Darkness|p2a: Calyrex
|-supereffective|p2a: Calyrex
|-damage|p2a: Calyrex|0 fnt
|faint|p2a: Calyrex
|
|upkeep
|
|t:|1666499135
|switch|p2a: Eternatus|Eternatus|30/100
|-damage|p2a: Eternatus|18/100|[from] Stealth Rock
|-ability|p2a: Eternatus|Pressure
|turn|26
|
|t:|1666499138
|move|p2a: Eternatus|Recover|p2a: Eternatus
|-heal|p2a: Eternatus|68/100
|move|p1a: Arceus|Max Darkness|p2a: Eternatus
|-damage|p2a: Eternatus|18/100
|-unboost|p2a: Eternatus|spd|1
|
|-heal|p2a: Eternatus|24/100|[from] item: Black Sludge
|upkeep
|turn|27
|
|t:|1666499141
|move|p2a: Eternatus|Recover|p2a: Eternatus
|-heal|p2a: Eternatus|74/100
|move|p1a: Arceus|Max Darkness|p2a: Eternatus
|-damage|p2a: Eternatus|0 fnt
|faint|p2a: Eternatus
|
|win|garagaming7490
|n|☆garagaming7490|garagaming7490
|n|☆Obito 2001|obito2001
|n| MandirYahiBanega|mandiryahibanega
|n| Genki dashite yo|genkidashiteyo
|n| kabutobruh|kabutobruh
