|j|☆OnMaWa
|j|☆EnchantedPuppies
|player|p1|OnMaWa|psychic-gen4|1424
|player|p2|EnchantedPuppies|tate|1514
|teamsize|p1|6
|teamsize|p2|6
|gametype|singles
|gen|8
|tier|[Gen 8] National Dex AG
|rated|
|clearpoke
|poke|p1|Lugia|
|poke|p1|Arceus-*|
|poke|p1|Xerneas|
|poke|p1|Necrozma-Dusk-Mane|
|poke|p1|Ferrothorn, F|
|poke|p1|Ho-Oh|
|poke|p2|Excadrill, M|
|poke|p2|Smeargle, F|
|poke|p2|Giratina|
|poke|p2|Xerneas|
|poke|p2|Arceus-*|
|poke|p2|Arceus-*|
|rule|HP Percentage Mod: HP is shown in percentages
|rule|Endless Battle Clause: Forcing endless battles is banned
|teampreview
|inactive|Battle timer is ON: inactive players will automatically lose when time's up. (requested by EnchantedPuppies)
|
|start
|switch|p1a: Xerneas|Xerneas|100/100
|switch|p2a: Excadrill|Excadrill, M|100/100
|-ability|p2a: Excadrill|Mold Breaker
|-ability|p1a: Xerneas|Fairy Aura
|turn|1
|
|move|p2a: Excadrill|Stealth Rock|p1a: Xerneas
|-sidestart|p1: OnMaWa|move: Stealth Rock
|move|p1a: Xerneas|Hidden Power|p2a: Excadrill
|-supereffective|p2a: Excadrill
|-damage|p2a: Excadrill|40/100
|
|upkeep
|turn|2
|
|move|p2a: Excadrill|Earthquake|p1a: Xerneas
|-damage|p1a: Xerneas|56/100
|move|p1a: Xerneas|Geomancy||[still]
|-prepare|p1a: Xerneas|Geomancy|p1a: Xerneas
|-enditem|p1a: Xerneas|Power Herb
|-anim|p1a: Xerneas|Geomancy|p1a: Xerneas
|-boost|p1a: Xerneas|spa|2
|-boost|p1a: Xerneas|spd|2
|-boost|p1a: Xerneas|spe|2
|
|upkeep
|turn|3
|
|move|p1a: Xerneas|Moonblast|p2a: Excadrill
|-resisted|p2a: Excadrill
|-damage|p2a: Excadrill|0 fnt
|faint|p2a: Excadrill
|
|upkeep
|
|switch|p2a: Smeargle|Smeargle, F|100/100
|turn|4
|
|-start|p1a: Xerneas|Dynamax
|-heal|p1a: Xerneas|56/100|[silent]
|move|p1a: Xerneas|Max Starfall|p2a: Smeargle
|-enditem|p2a: Smeargle|Focus Sash
|-damage|p2a: Smeargle|1/100
|-fieldstart|move: Misty Terrain
|move|p2a: Smeargle|Spore|p1a: Xerneas
|-activate|p1a: Xerneas|move: Misty Terrain
|
|upkeep
|turn|5
|c|☆EnchantedPuppies|bro
|c|☆EnchantedPuppies|:c
|-message|EnchantedPuppies forfeited.
|
|win|OnMaWa
|raw|OnMaWa's rating: 1424 &rarr; <strong>1449</strong><br />(+25 for winning)
|raw|EnchantedPuppies's rating: 1514 &rarr; <strong>1489</strong><br />(-25 for losing)
|l|☆EnchantedPuppies
|l|☆OnMaWa
