|j|☆Glass101
|j|☆seidou45
|t:|1665678930
|gametype|singles
|player|p1|Glass101|mira|1658
|player|p2|seidou45|lucas|1860
|teamsize|p1|6
|teamsize|p2|6
|gen|8
|tier|[Gen 8] National Dex AG
|rated|
|rule|HP Percentage Mod: HP is shown in percentages
|rule|Endless Battle Clause: Forcing endless battles is banned
|clearpoke
|poke|p1|Garchomp, F|
|poke|p1|Galvantula, F|
|poke|p1|Dragapult, M|
|poke|p1|Mimikyu, F|
|poke|p1|Volcarona, M|
|poke|p1|Hatterene, F|
|poke|p2|Quagsire, M|
|poke|p2|Tyranitar, M|
|poke|p2|Yveltal|
|poke|p2|Zacian-*|
|poke|p2|Calyrex-Shadow|
|poke|p2|Xerneas-*|
|teampreview
|c|☆Glass101|Glhf
|
|t:|1665678937
|start
|switch|p1a: Galvantula|Galvantula, F|100/100
|switch|p2a: Calyrex|Calyrex-Shadow|100/100
|-ability|p2a: Calyrex|As One
|-ability|p2a: Calyrex|Unnerve
|turn|1
|
|t:|1665678950
|move|p2a: Calyrex|Trick|p1a: Galvantula
|-activate|p2a: Calyrex|move: Trick|[of] p1a: Galvantula
|-item|p1a: Galvantula|Choice Scarf|[from] move: Trick
|-item|p2a: Calyrex|Focus Sash|[from] move: Trick
|move|p1a: Galvantula|Thunder Wave|p2a: Calyrex
|-status|p2a: Calyrex|par
|
|upkeep
|turn|2
|c|☆Glass101|Uff, scary startup .-.
|
|t:|1665678962
|switch|p1a: Mimikyu|Mimikyu, F|100/100
|move|p2a: Calyrex|Astral Barrage|p1a: Mimikyu
|-activate|p1a: Mimikyu|ability: Disguise
|-damage|p1a: Mimikyu|100/100
|detailschange|p1a: Mimikyu|Mimikyu-Busted, F
|-damage|p1a: Mimikyu|88/100|[from] pokemon: Mimikyu-Busted
|
|upkeep
|turn|3
|
|t:|1665678972
|switch|p2a: Zacian|Zacian-Crowned, shiny|100/100
|-ability|p2a: Zacian|Intrepid Sword|boost
|-boost|p2a: Zacian|atk|1
|move|p1a: Mimikyu|Shadow Sneak|p2a: Zacian
|-damage|p2a: Zacian|83/100
|-damage|p1a: Mimikyu|78/100|[from] item: Life Orb
|
|upkeep
|turn|4
|
|t:|1665678980
|switch|p1a: Galvantula|Galvantula, F|100/100
|move|p2a: Zacian|Behemoth Blade|p1a: Galvantula
|-resisted|p1a: Galvantula
|-damage|p1a: Galvantula|2/100
|
|upkeep
|turn|5
|
|t:|1665678988
|move|p1a: Galvantula|Sticky Web|p2a: Zacian
|-sidestart|p2: seidou45|move: Sticky Web
|move|p2a: Zacian|Behemoth Blade|p1a: Galvantula
|-resisted|p1a: Galvantula
|-damage|p1a: Galvantula|0 fnt
|faint|p1a: Galvantula
|
|upkeep
|
|t:|1665678994
|switch|p1a: Volcarona|Volcarona, M|100/100
|turn|6
|
|t:|1665679005
|move|p2a: Zacian|Crunch|p1a: Volcarona
|-damage|p1a: Volcarona|24/100
|move|p1a: Volcarona|Quiver Dance|p1a: Volcarona
|-boost|p1a: Volcarona|spa|1
|-boost|p1a: Volcarona|spd|1
|-boost|p1a: Volcarona|spe|1
|
|upkeep
|turn|7
|
|t:|1665679011
|switch|p2a: Tyranitar|Tyranitar, M, shiny|100/100
|-activate|p2a: Tyranitar|move: Sticky Web
|-unboost|p2a: Tyranitar|spe|1
|-weather|Sandstorm|[from] ability: Sand Stream|[of] p2a: Tyranitar
|move|p1a: Volcarona|Fiery Dance|p2a: Tyranitar
|-resisted|p2a: Tyranitar
|-damage|p2a: Tyranitar|89/100
|-boost|p1a: Volcarona|spa|1
|
|-weather|Sandstorm|[upkeep]
|-damage|p1a: Volcarona|18/100|[from] Sandstorm
|-heal|p2a: Tyranitar|95/100|[from] item: Leftovers
|upkeep
|turn|8
|
|t:|1665679033
|switch|p1a: Mimikyu|Mimikyu-Busted, F|78/100
|move|p2a: Tyranitar|Rock Tomb|p1a: Mimikyu
|-damage|p1a: Mimikyu|34/100
|-unboost|p1a: Mimikyu|spe|1
|
|-weather|Sandstorm|[upkeep]
|-damage|p1a: Mimikyu|28/100|[from] Sandstorm
|-heal|p2a: Tyranitar|100/100|[from] item: Leftovers
|upkeep
|turn|9
|
|t:|1665679042
|move|p1a: Mimikyu|Drain Punch|p2a: Tyranitar
|-supereffective|p2a: Tyranitar
|-damage|p2a: Tyranitar|21/100
|-heal|p1a: Mimikyu|92/100|[from] drain|[of] p2a: Tyranitar
|-damage|p1a: Mimikyu|82/100|[from] item: Life Orb
|move|p2a: Tyranitar|Stealth Rock|p1a: Mimikyu
|-sidestart|p1: Glass101|move: Stealth Rock
|
|-weather|Sandstorm|[upkeep]
|-damage|p1a: Mimikyu|76/100|[from] Sandstorm
|-heal|p2a: Tyranitar|27/100|[from] item: Leftovers
|upkeep
|turn|10
|
|t:|1665679052
|move|p1a: Mimikyu|Drain Punch|p2a: Tyranitar
|-supereffective|p2a: Tyranitar
|-damage|p2a: Tyranitar|0 fnt
|-heal|p1a: Mimikyu|98/100|[from] drain|[of] p2a: Tyranitar
|faint|p2a: Tyranitar
|-damage|p1a: Mimikyu|88/100|[from] item: Life Orb
|
|-weather|Sandstorm|[upkeep]
|-damage|p1a: Mimikyu|82/100|[from] Sandstorm
|upkeep
|inactive|Battle timer is ON: inactive players will automatically lose when time's up. (requested by Glass101)
|
|t:|1665679093
|switch|p2a: Yveltal|Yveltal, shiny|100/100
|-ability|p2a: Yveltal|Dark Aura
|turn|11
|
|t:|1665679098
|-start|p2a: Yveltal|Dynamax|
|-heal|p2a: Yveltal|100/100|[silent]
|-start|p1a: Mimikyu|Dynamax|
|-heal|p1a: Mimikyu|82/100|[silent]
|move|p2a: Yveltal|Max Airstream|p1a: Mimikyu
|-damage|p1a: Mimikyu|8/100
|-boost|p2a: Yveltal|spe|1
|-damage|p2a: Yveltal|96/100|[from] item: Life Orb
|move|p1a: Mimikyu|Max Starfall|p2a: Yveltal
|-supereffective|p2a: Yveltal
|-damage|p2a: Yveltal|32/100
|-fieldstart|move: Misty Terrain
|-damage|p1a: Mimikyu|3/100|[from] item: Life Orb
|
|-weather|none
|upkeep
|turn|12
|
|t:|1665679117
|move|p1a: Mimikyu|Max Guard|p1a: Mimikyu
|-singleturn|p1a: Mimikyu|Max Guard
|move|p2a: Yveltal|Max Airstream|p1a: Mimikyu
|-activate|p1a: Mimikyu|move: Max Guard
|
|upkeep
|turn|13
|
|t:|1665679121
|move|p2a: Yveltal|Max Airstream|p1a: Mimikyu
|-damage|p1a: Mimikyu|0 fnt
|-boost|p2a: Yveltal|spe|1
|faint|p1a: Mimikyu
|-damage|p2a: Yveltal|27/100|[from] item: Life Orb
|
|upkeep
|
|t:|1665679129
|switch|p1a: Hatterene|Hatterene, F|100/100
|-damage|p1a: Hatterene|88/100|[from] Stealth Rock
|-end|p2a: Yveltal|Dynamax
|-heal|p2a: Yveltal|27/100|[silent]
|turn|14
|
|t:|1665679135
|move|p2a: Yveltal|Dark Pulse|p1a: Hatterene
|-damage|p1a: Hatterene|5/100
|-damage|p2a: Yveltal|17/100|[from] item: Life Orb
|move|p1a: Hatterene|Dazzling Gleam|p2a: Yveltal
|-supereffective|p2a: Yveltal
|-damage|p2a: Yveltal|0 fnt
|faint|p2a: Yveltal
|
|upkeep
|
|t:|1665679142
|switch|p2a: Calyrex|Calyrex-Shadow|100/100 par
|-ability|p2a: Calyrex|As One
|-ability|p2a: Calyrex|Unnerve
|-activate|p2a: Calyrex|move: Sticky Web
|-unboost|p2a: Calyrex|spe|1
|turn|15
|
|t:|1665679150
|move|p2a: Calyrex|Astral Barrage|p1a: Hatterene
|-supereffective|p1a: Hatterene
|-damage|p1a: Hatterene|0 fnt
|faint|p1a: Hatterene
|-ability|p2a: Calyrex|Grim Neigh|boost
|-boost|p2a: Calyrex|spa|1
|
|-fieldend|Misty Terrain
|upkeep
|
|t:|1665679158
|switch|p1a: Dragapult|Dragapult, M|100/100
|-damage|p1a: Dragapult|88/100|[from] Stealth Rock
|turn|16
|
|t:|1665679162
|move|p1a: Dragapult|Phantom Force||[still]
|-prepare|p1a: Dragapult|Phantom Force
|cant|p2a: Calyrex|par
|
|upkeep
|turn|17
|
|t:|1665679165
|move|p1a: Dragapult|Phantom Force|p2a: Calyrex|[from]lockedmove
|-supereffective|p2a: Calyrex
|-enditem|p2a: Calyrex|Focus Sash
|-damage|p2a: Calyrex|1/100 par
|-damage|p1a: Dragapult|78/100|[from] item: Life Orb
|move|p2a: Calyrex|Astral Barrage|p1a: Dragapult
|-supereffective|p1a: Dragapult
|-damage|p1a: Dragapult|0 fnt
|faint|p1a: Dragapult
|-ability|p2a: Calyrex|Grim Neigh|boost
|-boost|p2a: Calyrex|spa|1
|
|upkeep
|c|☆Glass101|Oh whups I forgot it got Gals sash.
|
|t:|1665679177
|switch|p1a: Volcarona|Volcarona, M|18/100
|turn|18
|
|t:|1665679187
|move|p1a: Volcarona|Fiery Dance|p2a: Calyrex
|-damage|p2a: Calyrex|0 fnt
|-boost|p1a: Volcarona|spa|1
|faint|p2a: Calyrex
|
|upkeep
|
|t:|1665679190
|switch|p2a: Quagsire|Quagsire, M, shiny|100/100
|-activate|p2a: Quagsire|move: Sticky Web
|-unboost|p2a: Quagsire|spe|1
|turn|19
|
|t:|1665679195
|move|p1a: Volcarona|Giga Drain|p2a: Quagsire
|-supereffective|p2a: Quagsire
|-damage|p2a: Quagsire|0 fnt
|-heal|p1a: Volcarona|81/100|[from] drain|[of] p2a: Quagsire
|faint|p2a: Quagsire
|
|upkeep
|
|t:|1665679198
|switch|p2a: Xerneas|Xerneas|100/100
|-activate|p2a: Xerneas|move: Sticky Web
|-unboost|p2a: Xerneas|spe|1
|-ability|p2a: Xerneas|Fairy Aura
|turn|20
|
|t:|1665679204
|move|p1a: Volcarona|Quiver Dance|p1a: Volcarona
|-boost|p1a: Volcarona|spa|1
|-boost|p1a: Volcarona|spd|1
|-boost|p1a: Volcarona|spe|1
|move|p2a: Xerneas|Geomancy||[still]
|-prepare|p2a: Xerneas|Geomancy
|-enditem|p2a: Xerneas|Power Herb
|-anim|p2a: Xerneas|Geomancy|p2a: Xerneas
|-boost|p2a: Xerneas|spa|2
|-boost|p2a: Xerneas|spd|2
|-boost|p2a: Xerneas|spe|2
|
|upkeep
|turn|21
|inactive|seidou45 has 120 seconds left.
|
|t:|1665679248
|move|p1a: Volcarona|Quiver Dance|p1a: Volcarona
|-boost|p1a: Volcarona|spa|1
|-boost|p1a: Volcarona|spd|1
|-boost|p1a: Volcarona|spe|1
|move|p2a: Xerneas|Hidden Power|p1a: Volcarona
|-damage|p1a: Volcarona|58/100
|
|upkeep
|turn|22
|
|t:|1665679255
|move|p1a: Volcarona|Fiery Dance|p2a: Xerneas
|-damage|p2a: Xerneas|53/100
|-boost|p1a: Volcarona|spa|1
|move|p2a: Xerneas|Geomancy||[still]
|-prepare|p2a: Xerneas|Geomancy
|
|upkeep
|turn|23
|inactive|seidou45 has 120 seconds left.
|c|☆Glass101|To be quite frank I'm surprised I was faster
|
|t:|1665679289
|move|p1a: Volcarona|Fiery Dance|p2a: Xerneas
|-damage|p2a: Xerneas|0 fnt
|-boost|p1a: Volcarona|spa|1
|faint|p2a: Xerneas
|
|upkeep
|-message|seidou45 forfeited.
|
|win|Glass101
|raw|Glass101's rating: 1658 &rarr; <strong>1689</strong><br />(+31 for winning)
|raw|seidou45's rating: 1876 &rarr; <strong>1845</strong><br />(-31 for losing)
|l|☆seidou45
|j| 6keegs9
|j| smolfan27
||Ladder isn't responding, score probably updated but might not have (Request timeout).
