|j|☆welcometoNatDexAG
|j|☆Solar power duel
|t:|1667309371
|gametype|singles
|player|p1|welcometoNatDexAG|2|1475
|player|p2|Solar power duel|leon|1584
|teamsize|p1|6
|teamsize|p2|6
|gen|8
|tier|[Gen 8] National Dex AG
|rated|
|rule|HP Percentage Mod: HP is shown in percentages
|rule|Endless Battle Clause: Forcing endless battles is banned
|clearpoke
|poke|p1|Kyogre|
|poke|p1|Groudon|
|poke|p1|Yveltal|
|poke|p1|Weavile, M|
|poke|p1|Darkrai|
|poke|p1|Melmetal|
|poke|p2|Ditto|
|poke|p2|Deoxys-Speed|
|poke|p2|Calyrex-Shadow|
|poke|p2|Yveltal|
|poke|p2|Zacian-*|
|poke|p2|Salamence, F|
|teampreview
|inactive|Battle timer is ON: inactive players will automatically lose when time's up. (requested by Solar power duel)
|
|t:|1667309376
|start
|switch|p1a: flinch|Weavile, M, shiny|100/100
|switch|p2a: Deoxys|Deoxys-Speed, shiny|100/100
|-ability|p2a: Deoxys|Pressure
|-ability|p1a: flinch|Pressure
|turn|1
|
|t:|1667309383
|move|p1a: flinch|Fake Out|p2a: Deoxys
|-damage|p2a: Deoxys|84/100
|cant|p2a: Deoxys|flinch
|
|upkeep
|turn|2
|
|t:|1667309388
|move|p2a: Deoxys|Stealth Rock|p1a: flinch
|-sidestart|p1: welcometoNatDexAG|move: Stealth Rock
|move|p1a: flinch|Beat Up|p2a: Deoxys
|-supereffective|p2a: Deoxys
|-crit|p2a: Deoxys
|-damage|p2a: Deoxys|50/100
|-supereffective|p2a: Deoxys
|-damage|p2a: Deoxys|27/100
|-supereffective|p2a: Deoxys
|-damage|p2a: Deoxys|4/100
|-supereffective|p2a: Deoxys
|-damage|p2a: Deoxys|0 fnt
|faint|p2a: Deoxys
|-hitcount|p2: Deoxys|4
|
|upkeep
|
|t:|1667309400
|switch|p2a: Salamence|Salamence, F, shiny|100/100
|-ability|p2a: Salamence|Intimidate|boost
|-unboost|p1a: flinch|atk|1
|turn|3
|
|t:|1667309404
|switch|p2a: Zacian|Zacian-Crowned, shiny|100/100
|-ability|p2a: Zacian|Intrepid Sword|boost
|-boost|p2a: Zacian|atk|1
|move|p1a: flinch|Icicle Spear|p2a: Zacian
|-resisted|p2a: Zacian
|-damage|p2a: Zacian|97/100
|-resisted|p2a: Zacian
|-damage|p2a: Zacian|92/100
|-resisted|p2a: Zacian
|-damage|p2a: Zacian|88/100
|-hitcount|p2a: Zacian|3
|
|upkeep
|turn|4
|
|t:|1667309414
|move|p2a: Zacian|Substitute|p2a: Zacian
|-start|p2a: Zacian|Substitute
|-damage|p2a: Zacian|64/100
|move|p1a: flinch|Beat Up|p2a: Zacian
|-resisted|p2a: Zacian
|-activate|p2a: Zacian|move: Substitute|[damage]
|-resisted|p2a: Zacian
|-activate|p2a: Zacian|move: Substitute|[damage]
|-resisted|p2a: Zacian
|-activate|p2a: Zacian|move: Substitute|[damage]
|-resisted|p2a: Zacian
|-activate|p2a: Zacian|move: Substitute|[damage]
|-resisted|p2a: Zacian
|-activate|p2a: Zacian|move: Substitute|[damage]
|-resisted|p2a: Zacian
|-activate|p2a: Zacian|move: Substitute|[damage]
|-hitcount|p2a: Zacian|6
|
|upkeep
|turn|5
|
|t:|1667309428
|move|p2a: Zacian|Behemoth Blade|p1a: flinch
|-supereffective|p1a: flinch
|-damage|p1a: flinch|0 fnt
|faint|p1a: flinch
|
|upkeep
|
|t:|1667309438
|switch|p1a: Yveltal|Yveltal|100/100
|-damage|p1a: Yveltal|76/100|[from] Stealth Rock
|-ability|p1a: Yveltal|Dark Aura
|turn|6
|
|t:|1667309443
|move|p1a: Yveltal|Sucker Punch|p2a: Zacian
|-resisted|p2a: Zacian
|-end|p2a: Zacian|Substitute
|move|p2a: Zacian|Behemoth Blade|p1a: Yveltal
|-damage|p1a: Yveltal|0 fnt
|faint|p1a: Yveltal
|
|upkeep
|
|t:|1667309450
|switch|p1a: Kyogre|Kyogre|100/100
|-damage|p1a: Kyogre|88/100|[from] Stealth Rock
|-weather|RainDance|[from] ability: Drizzle|[of] p1a: Kyogre
|turn|7
|
|t:|1667309458
|move|p1a: Kyogre|Water Spout|p2a: Zacian
|-damage|p2a: Zacian|0 fnt
|faint|p2a: Zacian
|
|-weather|RainDance|[upkeep]
|upkeep
|
|t:|1667309465
|switch|p2a: Yveltal|Yveltal, shiny|100/100
|-ability|p2a: Yveltal|Dark Aura
|turn|8
|
|t:|1667309468
|move|p2a: Yveltal|Sucker Punch|p1a: Kyogre
|-damage|p1a: Kyogre|22/100
|-damage|p2a: Yveltal|91/100|[from] item: Life Orb
|move|p1a: Kyogre|Water Spout|p2a: Yveltal
|-damage|p2a: Yveltal|68/100
|
|-weather|RainDance|[upkeep]
|upkeep
|turn|9
|
|t:|1667309478
|switch|p1a: 2|Melmetal|100/100
|-damage|p1a: 2|94/100|[from] Stealth Rock
|move|p2a: Yveltal|Oblivion Wing|p1a: 2
|-resisted|p1a: 2
|-damage|p1a: 2|68/100
|-heal|p2a: Yveltal|92/100|[from] drain|[of] p1a: 2
|-damage|p2a: Yveltal|82/100|[from] item: Life Orb
|
|-weather|RainDance|[upkeep]
|upkeep
|turn|10
|
|t:|1667309489
|-start|p1a: 2|Dynamax|Gmax
|-heal|p1a: 2|68/100|[silent]
|move|p2a: Yveltal|Dark Pulse|p1a: 2
|-damage|p1a: 2|29/100
|-damage|p2a: Yveltal|73/100|[from] item: Life Orb
|move|p1a: 2|Max Hailstorm|p2a: Yveltal
|-supereffective|p2a: Yveltal
|-damage|p2a: Yveltal|0 fnt
|-weather|Hail
|faint|p2a: Yveltal
|
|-weather|Hail|[upkeep]
|-damage|p1a: 2|26/100|[from] Hail
|upkeep
|
|t:|1667309506
|switch|p2a: Salamence|Salamence, F, shiny|100/100
|-ability|p2a: Salamence|Intimidate|boost
|-unboost|p1a: 2|atk|1
|turn|11
|
|t:|1667309514
|detailschange|p2a: Salamence|Salamence-Mega, F, shiny
|-mega|p2a: Salamence|Salamence|Salamencite
|move|p2a: Salamence|Dragon Dance|p2a: Salamence
|-boost|p2a: Salamence|atk|1
|-boost|p2a: Salamence|spe|1
|move|p1a: 2|Max Hailstorm|p2a: Salamence
|-supereffective|p2a: Salamence
|-damage|p2a: Salamence|0 fnt
|faint|p2a: Salamence
|
|-weather|Hail|[upkeep]
|-damage|p1a: 2|23/100|[from] Hail
|upkeep
|
|t:|1667309519
|switch|p2a: Calyrex|Calyrex-Shadow|100/100
|-ability|p2a: Calyrex|As One
|-ability|p2a: Calyrex|Unnerve
|turn|12
|n|☆welcometoNatDexAG|welcometonatdexag
|c|☆welcometoNatDexAG|bruh
|j| Shade Master 101
|inactive|welcometoNatDexAG has 120 seconds left.
|c|☆welcometoNatDexAG|i legit just registered to make fun of you
|c|☆welcometoNatDexAG|did you think my melmetal was weak?
|
|t:|1667309560
|move|p2a: Calyrex|Astral Barrage|p1a: 2
|-damage|p1a: 2|0 fnt
|faint|p1a: 2
|-ability|p2a: Calyrex|Grim Neigh|boost
|-boost|p2a: Calyrex|spa|1
|
|-weather|Hail|[upkeep]
|-damage|p2a: Calyrex|94/100|[from] Hail
|upkeep
|
|t:|1667309568
|switch|p1a: Kyogre|Kyogre|22/100
|-damage|p1a: Kyogre|9/100|[from] Stealth Rock
|-weather|RainDance|[from] ability: Drizzle|[of] p1a: Kyogre
|turn|13
|l| Shade Master 101
|c|☆Solar power duel|Yes
|
|t:|1667309575
|move|p2a: Calyrex|Astral Barrage|p1a: Kyogre
|-damage|p1a: Kyogre|0 fnt
|faint|p1a: Kyogre
|-ability|p2a: Calyrex|Grim Neigh|boost
|-boost|p2a: Calyrex|spa|1
|
|-weather|RainDance|[upkeep]
|upkeep
|c|☆welcometoNatDexAG|oh shit
|c|☆welcometoNatDexAG|scarfed calyrex
|
|t:|1667309594
|switch|p1a: Groudon|Groudon, shiny|100/100
|-damage|p1a: Groudon|94/100|[from] Stealth Rock
|detailschange|p1a: Groudon|Groudon-Primal, shiny
|-primal|p1a: Groudon
|-weather|DesolateLand|[from] ability: Desolate Land|[of] p1a: Groudon
|turn|14
|
|t:|1667309605
|move|p2a: Calyrex|Astral Barrage|p1a: Groudon
|-damage|p1a: Groudon|0 fnt
|faint|p1a: Groudon
|-weather|none
|-ability|p2a: Calyrex|Grim Neigh|boost
|-boost|p2a: Calyrex|spa|1
|
|upkeep
|c|☆welcometoNatDexAG|this sucks ass
|-message|welcometoNatDexAG forfeited.
|
|win|Solar power duel
|raw|welcometoNatDexAG's rating: 1475 &rarr; <strong>1461</strong><br />(-14 for losing)
|raw|Solar power duel's rating: 1584 &rarr; <strong>1598</strong><br />(+14 for winning)
|l|☆welcometoNatDexAG
||Ladder isn't responding, score probably updated but might not have (Request timeout).
