|j|☆hailochyo
|j|☆aseeasase
|t:|1656405268
|gametype|singles
|player|p1|hailochyo|rosa|1723
|player|p2|aseeasase|101|1579
|teamsize|p1|6
|teamsize|p2|6
|gen|8
|tier|[Gen 8] National Dex AG
|rated|
|rule|HP Percentage Mod: HP is shown in percentages
|rule|Endless Battle Clause: Forcing endless battles is banned
|clearpoke
|poke|p1|Eternatus|
|poke|p1|Tyranitar, F|
|poke|p1|Zacian-*|
|poke|p1|Calyrex-Shadow|
|poke|p1|Zapdos|
|poke|p1|Slurpuff, F|
|poke|p2|Ribombee, F|
|poke|p2|Lugia|
|poke|p2|Genesect-Shock|
|poke|p2|Absol, F|
|poke|p2|Arceus-*|
|poke|p2|Arceus-*|
|teampreview
|inactive|Battle timer is ON: inactive players will automatically lose when time's up. (requested by hailochyo)
|
|t:|1656405278
|start
|switch|p1a: Slurpuff|Slurpuff, F|100/100
|switch|p2a: Absol|Absol, F|100/100
|-ability|p2a: Absol|Pressure
|turn|1
|
|t:|1656405289
|detailschange|p2a: Absol|Absol-Mega, F
|-mega|p2a: Absol|Absol|Absolite
|move|p2a: Absol|Will-O-Wisp|p1a: Slurpuff
|-status|p1a: Slurpuff|brn
|move|p1a: Slurpuff|Sticky Web|p2a: Absol
|move|p2a: Absol|Sticky Web|p1a: Slurpuff|[from]ability: Magic Bounce
|-sidestart|p1: hailochyo|move: Sticky Web
|
|-damage|p1a: Slurpuff|94/100 brn|[from] brn
|upkeep
|turn|2
|inactive|aseeasase has 120 seconds left.
|
|t:|1656405328
|move|p2a: Absol|Taunt|p1a: Slurpuff
|-start|p1a: Slurpuff|move: Taunt
|move|p1a: Slurpuff|Misty Explosion|p2a: Absol
|-supereffective|p2a: Absol
|-damage|p2a: Absol|0 fnt
|faint|p1a: Slurpuff
|faint|p2a: Absol
|
|upkeep
|inactive|aseeasase has 120 seconds left.
|
|t:|1656405340
|switch|p2a: Genesect|Genesect-Shock|100/100
|switch|p1a: Zapdos|Zapdos|100/100
|-ability|p2a: Genesect|Download|boost
|-boost|p2a: Genesect|atk|1
|turn|3
|inactive|aseeasase has 120 seconds left.
|
|t:|1656405349
|move|p1a: Zapdos|Heat Wave|p2a: Genesect
|-supereffective|p2a: Genesect
|-damage|p2a: Genesect|0 fnt
|faint|p2a: Genesect
|-damage|p1a: Zapdos|91/100|[from] item: Life Orb
|
|upkeep
|inactive|aseeasase has 120 seconds left.
|
|t:|1656405384
|switch|p2a: Arceus|Arceus-Electric|100/100
|turn|4
|
|t:|1656405391
|switch|p1a: Tyranitar|Tyranitar, F|100/100
|-activate|p1a: Tyranitar|move: Sticky Web
|-unboost|p1a: Tyranitar|spe|1
|-weather|Sandstorm|[from] ability: Sand Stream|[of] p1a: Tyranitar
|move|p2a: Arceus|Calm Mind|p2a: Arceus
|-boost|p2a: Arceus|spa|1
|-boost|p2a: Arceus|spd|1
|
|-weather|Sandstorm|[upkeep]
|-damage|p2a: Arceus|94/100|[from] Sandstorm
|upkeep
|turn|5
|
|t:|1656405416
|detailschange|p1a: Tyranitar|Tyranitar-Mega, F
|-mega|p1a: Tyranitar|Tyranitar|Tyranitarite
|-start|p2a: Arceus|Dynamax|
|-heal|p2a: Arceus|94/100|[silent]
|move|p2a: Arceus|Max Lightning|p1a: Tyranitar
|-damage|p1a: Tyranitar|52/100
|-fieldstart|move: Electric Terrain
|move|p1a: Tyranitar|Crunch|p2a: Arceus
|-damage|p2a: Arceus|77/100
|-unboost|p2a: Arceus|def|1
|
|-weather|Sandstorm|[upkeep]
|-damage|p2a: Arceus|74/100|[from] Sandstorm
|upkeep
|turn|6
|inactive|aseeasase has 90 seconds left.
|
|t:|1656405432
|move|p2a: Arceus|Max Lightning|p1a: Tyranitar
|-damage|p1a: Tyranitar|0 fnt
|faint|p1a: Tyranitar
|
|-weather|Sandstorm|[upkeep]
|-damage|p2a: Arceus|71/100|[from] Sandstorm
|upkeep
|
|t:|1656405452
|switch|p1a: Zapdos|Zapdos|91/100
|turn|7
|
|t:|1656405464
|-start|p1a: Zapdos|Dynamax|
|-heal|p1a: Zapdos|91/100|[silent]
|move|p2a: Arceus|Max Lightning|p1a: Zapdos
|-damage|p1a: Zapdos|0 fnt
|faint|p1a: Zapdos
|
|-weather|Sandstorm|[upkeep]
|-damage|p2a: Arceus|68/100|[from] Sandstorm
|upkeep
|
|t:|1656405471
|switch|p1a: Zacian|Zacian-Crowned|100/100
|-activate|p1a: Zacian|move: Sticky Web
|-unboost|p1a: Zacian|spe|1
|-ability|p1a: Zacian|Intrepid Sword|boost
|-boost|p1a: Zacian|atk|1
|-end|p2a: Arceus|Dynamax
|-heal|p2a: Arceus|68/100|[silent]
|turn|8
|
|t:|1656405488
|move|p2a: Arceus|Thunderbolt|p1a: Zacian
|-damage|p1a: Zacian|0 fnt
|faint|p1a: Zacian
|
|-weather|none
|upkeep
|-message|hailochyo forfeited.
|
|win|aseeasase
|raw|hailochyo's rating: 1723 &rarr; <strong>1695</strong><br />(-28 for losing)
|raw|aseeasase's rating: 1579 &rarr; <strong>1607</strong><br />(+28 for winning)
|l|☆hailochyo
