|j|☆DrMario69
|j|☆Silver Jay#2240
|t:|1664250836
|gametype|singles
|player|p1|DrMario69|lucas|1825
|player|p2|Silver Jay#2240|klara|1677
|teamsize|p1|6
|teamsize|p2|6
|gen|8
|tier|[Gen 8] National Dex AG
|rated|
|rule|HP Percentage Mod: HP is shown in percentages
|rule|Endless Battle Clause: Forcing endless battles is banned
|clearpoke
|poke|p1|Groudon|
|poke|p1|Rayquaza|
|poke|p1|Zygarde|
|poke|p1|Calyrex-Shadow|
|poke|p1|Arceus-*|
|poke|p1|Arceus-*|
|poke|p2|Calyrex-Shadow|
|poke|p2|Arceus-*|
|poke|p2|Arceus-*|
|poke|p2|Necrozma-Dusk-Mane|
|poke|p2|Eternatus|
|poke|p2|Arceus-*|
|teampreview
|inactive|Battle timer is ON: inactive players will automatically lose when time's up. (requested by Silver Jay#2240)
|
|t:|1664250842
|start
|switch|p1a: the gwoat|Rayquaza|100/100
|switch|p2a: Calyrex|Calyrex-Shadow|100/100
|-ability|p2a: Calyrex|As One
|-ability|p2a: Calyrex|Unnerve
|-ability|p1a: the gwoat|Air Lock
|turn|1
|c|☆Silver Jay#2240|glhf
|c|☆DrMario69|thx
|c|☆Silver Jay#2240|why gwoat?
|
|t:|1664250855
|detailschange|p1a: the gwoat|Rayquaza-Mega
|-mega|p1a: the gwoat|Rayquaza|
|-weather|DeltaStream|[from] ability: Delta Stream|[of] p1a: the gwoat
|move|p2a: Calyrex|Substitute|p2a: Calyrex
|-start|p2a: Calyrex|Substitute
|-damage|p2a: Calyrex|75/100
|move|p1a: the gwoat|Scale Shot|p2a: Calyrex
|-activate|p2a: Calyrex|move: Substitute|[damage]
|-end|p2a: Calyrex|Substitute
|-damage|p2a: Calyrex|51/100
|-hitcount|p2a: Calyrex|3
|-unboost|p1a: the gwoat|def|1
|-boost|p1a: the gwoat|spe|1
|-damage|p1a: the gwoat|91/100|[from] item: Life Orb
|
|-weather|DeltaStream|[upkeep]
|-heal|p2a: Calyrex|58/100|[from] item: Leftovers
|upkeep
|turn|2
|c|☆DrMario69|its a inside joke
|c|☆Silver Jay#2240|oh kk
|
|t:|1664250870
|switch|p2a: Necrozma|Necrozma-Dusk-Mane|100/100
|move|p1a: the gwoat|Earthquake|p2a: Necrozma
|-supereffective|p2a: Necrozma
|-damage|p2a: Necrozma|54/100
|-damage|p1a: the gwoat|81/100|[from] item: Life Orb
|
|-weather|DeltaStream|[upkeep]
|upkeep
|turn|3
|
|t:|1664250883
|-weather|none
|switch|p1a: the goat|Zygarde, shiny|100/100
|switch|p2a: Arceus|Arceus-Water|100/100
|
|upkeep
|turn|4
|
|t:|1664250906
|move|p2a: Arceus|Judgment|p1a: the goat
|-damage|p1a: the goat|57/100
|move|p1a: the goat|Glare|p2a: Arceus
|-status|p2a: Arceus|par
|
|-heal|p1a: the goat|63/100|[from] item: Leftovers
|upkeep
|turn|5
|
|t:|1664250914
|switch|p1a: Pyra|Groudon|100/100
|detailschange|p1a: Pyra|Groudon-Primal
|-primal|p1a: Pyra
|-weather|DesolateLand|[from] ability: Desolate Land|[of] p1a: Pyra
|move|p2a: Arceus|Will-O-Wisp|p1a: Pyra
|-immune|p1a: Pyra
|
|-weather|DesolateLand|[upkeep]
|upkeep
|turn|6
|inactive|Silver Jay#2240 has 120 seconds left.
|inactive|Silver Jay#2240 has 90 seconds left.
|c|☆Silver Jay#2240|sry
|c|☆Silver Jay#2240|back
|
|t:|1664250997
|move|p1a: Pyra|Precipice Blades|p2a: Arceus|[miss]
|-miss|p1a: Pyra|p2a: Arceus
|cant|p2a: Arceus|par
|
|-weather|DesolateLand|[upkeep]
|upkeep
|turn|7
|
|t:|1664251000
|move|p1a: Pyra|Precipice Blades|p2a: Arceus
|-damage|p2a: Arceus|66/100 par
|move|p2a: Arceus|Toxic|p1a: Pyra
|-status|p1a: Pyra|tox
|
|-weather|DesolateLand|[upkeep]
|-damage|p1a: Pyra|94/100 tox|[from] psn
|upkeep
|turn|8
|
|t:|1664251005
|-weather|none
|switch|p1a: Calyrex|Calyrex-Shadow|100/100
|-ability|p1a: Calyrex|As One
|-ability|p1a: Calyrex|Unnerve
|move|p2a: Arceus|Recover|p2a: Arceus
|-heal|p2a: Arceus|100/100 par
|
|upkeep
|turn|9
|
|t:|1664251010
|switch|p2a: Arceus|Arceus-Dark|100/100
|move|p1a: Calyrex|Substitute|p1a: Calyrex
|-start|p1a: Calyrex|Substitute
|-damage|p1a: Calyrex|76/100
|
|-heal|p1a: Calyrex|82/100|[from] item: Leftovers
|upkeep
|turn|10
|
|t:|1664251013
|move|p1a: Calyrex|Leech Seed|p2a: Arceus
|-start|p2a: Arceus|move: Leech Seed
|move|p2a: Arceus|Perish Song|p2a: Arceus
|-start|p1a: Calyrex|perish3|[silent]
|-start|p2a: Arceus|perish3|[silent]
|-fieldactivate|move: Perish Song
|
|-heal|p1a: Calyrex|88/100|[from] item: Leftovers
|-damage|p2a: Arceus|88/100|[from] Leech Seed|[of] p1a: Calyrex
|-heal|p1a: Calyrex|100/100|[silent]
|-start|p1a: Calyrex|perish3
|-start|p2a: Arceus|perish3
|upkeep
|turn|11
|
|t:|1664251020
|switch|p2a: Eternatus|Eternatus|100/100
|-ability|p2a: Eternatus|Pressure
|move|p1a: Calyrex|Draining Kiss|p2a: Eternatus
|-damage|p2a: Eternatus|88/100
|
|-heal|p2a: Eternatus|95/100|[from] item: Black Sludge
|-start|p1a: Calyrex|perish2
|upkeep
|turn|12
|
|t:|1664251023
|move|p1a: Calyrex|Astral Barrage|p2a: Eternatus
|-damage|p2a: Eternatus|55/100
|move|p2a: Eternatus|Cosmic Power|p2a: Eternatus
|-boost|p2a: Eternatus|def|1
|-boost|p2a: Eternatus|spd|1
|
|-heal|p2a: Eternatus|61/100|[from] item: Black Sludge
|-start|p1a: Calyrex|perish1
|upkeep
|turn|13
|
|t:|1664251030
|switch|p1a: Arceus|Arceus-Fairy|100/100
|move|p2a: Eternatus|Recover|p2a: Eternatus
|-heal|p2a: Eternatus|100/100
|
|upkeep
|turn|14
|
|t:|1664251034
|move|p2a: Eternatus|Cosmic Power|p2a: Eternatus
|-boost|p2a: Eternatus|def|1
|-boost|p2a: Eternatus|spd|1
|move|p1a: Arceus|Thunder Wave|p2a: Eternatus
|-status|p2a: Eternatus|par
|
|upkeep
|turn|15
|
|t:|1664251044
|switch|p1a: the goat|Zygarde, shiny|63/100
|move|p2a: Eternatus|Cosmic Power|p2a: Eternatus
|-boost|p2a: Eternatus|def|1
|-boost|p2a: Eternatus|spd|1
|
|-heal|p1a: the goat|69/100|[from] item: Leftovers
|upkeep
|turn|16
|inactive|Silver Jay#2240 has 120 seconds left.
|j| AGLT5GCJeusester
|
|t:|1664251085
|move|p1a: the goat|Substitute|p1a: the goat
|-start|p1a: the goat|Substitute
|-damage|p1a: the goat|44/100
|cant|p2a: Eternatus|par
|
|-heal|p1a: the goat|50/100|[from] item: Leftovers
|-activate|p1a: the goat|ability: Power Construct
|detailschange|p1a: the goat|Zygarde-Complete, shiny
|-heal|p1a: the goat|67/100|[silent]
|upkeep
|turn|17
|
|t:|1664251088
|move|p1a: the goat|Coil|p1a: the goat
|-boost|p1a: the goat|atk|1
|-boost|p1a: the goat|def|1
|-boost|p1a: the goat|accuracy|1
|cant|p2a: Eternatus|par
|
|-heal|p1a: the goat|73/100|[from] item: Leftovers
|upkeep
|turn|18
|
|t:|1664251095
|move|p1a: the goat|Coil|p1a: the goat
|-boost|p1a: the goat|atk|1
|-boost|p1a: the goat|def|1
|-boost|p1a: the goat|accuracy|1
|cant|p2a: Eternatus|par
|
|-heal|p1a: the goat|80/100|[from] item: Leftovers
|upkeep
|turn|19
|c| AGLT5GCJeusester|looks like ur not useing ur pieperd strat
|inactive|Silver Jay#2240 has 120 seconds left.
|c| AGLT5GCJeusester|liepard
|c|☆Silver Jay#2240|yea
|c|☆DrMario69|o that ones funny
|c|☆DrMario69|loses 2 any dark type tho
|inactive|Silver Jay#2240 has 90 seconds left.
|c|☆Silver Jay#2240|ill leabe
|-message|Silver Jay#2240 forfeited.
|
|win|DrMario69
|raw|DrMario69's rating: 1825 &rarr; <strong>1837</strong><br />(+12 for winning)
|raw|Silver Jay#2240's rating: 1677 &rarr; <strong>1665</strong><br />(-12 for losing)
|c| AGLT5GCJeusester|and to mega ray with e speed
|l|☆Silver Jay#2240
|c| AGLT5GCJeusester|or saftey google
|l| AGLT5GCJeusester
||Ladder isn't responding, score probably updated but might not have (Request timeout).
