|j|☆Serfeon
|j|☆orange overhaul
|t:|1631378006
|gametype|singles
|player|p1|Serfeon|winona|1154
|player|p2|orange overhaul|wallace|1232
|teamsize|p1|6
|teamsize|p2|6
|gen|8
|tier|[Gen 8] National Dex AG
|rated|
|rule|HP Percentage Mod: HP is shown in percentages
|rule|Endless Battle Clause: Forcing endless battles is banned
|clearpoke
|poke|p1|Meganium, M|
|poke|p1|Typhlosion, M|
|poke|p1|Feraligatr, F|
|poke|p1|Pikachu-Original, M|
|poke|p1|Heracross, F|
|poke|p1|Noctowl, M|
|poke|p2|Dragapult, M|
|poke|p2|Crustle, F|
|poke|p2|Zacian-*|
|poke|p2|Dustox, F|
|poke|p2|Hippowdon, F|
|poke|p2|Monferno, M|
|teampreview
|inactive|Battle timer is ON: inactive players will automatically lose when time's up. (requested by orange overhaul)
|
|t:|1631378033
|start
|switch|p1a: Heracross|Heracross, F|100/100
|switch|p2a: Zacian|Zacian-Crowned|100/100
|-ability|p2a: Zacian|Intrepid Sword|boost
|-boost|p2a: Zacian|atk|1
|turn|1
|
|t:|1631378045
|detailschange|p1a: Heracross|Heracross-Mega, F
|-mega|p1a: Heracross|Heracross|Heracronite
|move|p2a: Zacian|Play Rough|p1a: Heracross
|-supereffective|p1a: Heracross
|-damage|p1a: Heracross|0 fnt
|faint|p1a: Heracross
|
|upkeep
|
|t:|1631378058
|switch|p1a: Typhlosion|Typhlosion, M|100/100
|turn|2
|
|t:|1631378064
|move|p2a: Zacian|Wild Charge|p1a: Typhlosion
|-damage|p1a: Typhlosion|15/100
|-damage|p2a: Zacian|81/100|[from] Recoil
|move|p1a: Typhlosion|Lava Plume|p2a: Zacian
|-supereffective|p2a: Zacian
|-damage|p2a: Zacian|0 fnt
|faint|p2a: Zacian
|-damage|p1a: Typhlosion|6/100|[from] item: Life Orb
|
|upkeep
|
|t:|1631378081
|switch|p2a: Crustle|Crustle, F|100/100
|turn|3
|
|t:|1631378091
|move|p1a: Typhlosion|Lava Plume|p2a: Crustle
|-damage|p2a: Crustle|24/100
|-damage|p1a: Typhlosion|0 fnt|[from] item: Life Orb
|faint|p1a: Typhlosion
|move|p2a: Crustle|Shell Smash|p2a: Crustle
|-unboost|p2a: Crustle|def|1
|-unboost|p2a: Crustle|spd|1
|-boost|p2a: Crustle|atk|2
|-boost|p2a: Crustle|spa|2
|-boost|p2a: Crustle|spe|2
|
|upkeep
|
|t:|1631378105
|switch|p1a: Feraligatr|Feraligatr, F|100/100
|turn|4
|
|t:|1631378134
|move|p2a: Crustle|Rock Blast|p1a: Feraligatr|[miss]
|-miss|p2a: Crustle|p1a: Feraligatr
|move|p1a: Feraligatr|Waterfall|p2a: Crustle
|-supereffective|p2a: Crustle
|-damage|p2a: Crustle|0 fnt
|faint|p2a: Crustle
|
|upkeep
|
|t:|1631378141
|switch|p2a: Dragapult|Dragapult, M, shiny|100/100
|turn|5
|inactive|orange overhaul has 120 seconds left.
|
|t:|1631378157
|move|p2a: Dragapult|Draco Meteor|p1a: Feraligatr
|-damage|p1a: Feraligatr|37/100
|-unboost|p2a: Dragapult|spa|2
|move|p1a: Feraligatr|Ice Punch|p2a: Dragapult
|-supereffective|p2a: Dragapult
|-damage|p2a: Dragapult|38/100
|
|-heal|p1a: Feraligatr|43/100|[from] item: Leftovers
|upkeep
|turn|6
|
|t:|1631378166
|move|p2a: Dragapult|Draco Meteor|p1a: Feraligatr
|-damage|p1a: Feraligatr|7/100
|-unboost|p2a: Dragapult|spa|2
|move|p1a: Feraligatr|Dragon Dance|p1a: Feraligatr
|-boost|p1a: Feraligatr|atk|1
|-boost|p1a: Feraligatr|spe|1
|
|-heal|p1a: Feraligatr|13/100|[from] item: Leftovers
|upkeep
|turn|7
|
|t:|1631378174
|move|p2a: Dragapult|Draco Meteor|p1a: Feraligatr
|-damage|p1a: Feraligatr|0 fnt
|-unboost|p2a: Dragapult|spa|2
|faint|p1a: Feraligatr
|
|upkeep
|
|t:|1631378188
|switch|p1a: Noctowl|Noctowl, M|100/100
|turn|8
|
|t:|1631378197
|switch|p2a: Hippowdon|Hippowdon, F|100/100
|-weather|Sandstorm|[from] ability: Sand Stream|[of] p2a: Hippowdon
|move|p1a: Noctowl|Agility|p1a: Noctowl
|-boost|p1a: Noctowl|spe|2
|
|-weather|Sandstorm|[upkeep]
|-damage|p1a: Noctowl|94/100|[from] Sandstorm
|-heal|p1a: Noctowl|100/100|[from] item: Leftovers
|upkeep
|turn|9
|
|t:|1631378207
|move|p1a: Noctowl|Calm Mind|p1a: Noctowl
|-boost|p1a: Noctowl|spa|1
|-boost|p1a: Noctowl|spd|1
|move|p2a: Hippowdon|Stealth Rock|p1a: Noctowl
|-sidestart|p1: Serfeon|move: Stealth Rock
|
|-weather|Sandstorm|[upkeep]
|-damage|p1a: Noctowl|94/100|[from] Sandstorm
|-heal|p1a: Noctowl|100/100|[from] item: Leftovers
|upkeep
|turn|10
|
|t:|1631378215
|move|p1a: Noctowl|Calm Mind|p1a: Noctowl
|-boost|p1a: Noctowl|spa|1
|-boost|p1a: Noctowl|spd|1
|move|p2a: Hippowdon|Yawn|p1a: Noctowl
|-start|p1a: Noctowl|move: Yawn|[of] p2a: Hippowdon
|
|-weather|Sandstorm|[upkeep]
|-damage|p1a: Noctowl|94/100|[from] Sandstorm
|-heal|p1a: Noctowl|100/100|[from] item: Leftovers
|upkeep
|turn|11
|
|t:|1631378224
|move|p1a: Noctowl|Stored Power|p2a: Hippowdon
|-damage|p2a: Hippowdon|37/100
|move|p2a: Hippowdon|Slack Off|p2a: Hippowdon
|-heal|p2a: Hippowdon|87/100
|
|-weather|Sandstorm|[upkeep]
|-damage|p1a: Noctowl|94/100|[from] Sandstorm
|-heal|p1a: Noctowl|100/100|[from] item: Leftovers
|-end|p1a: Noctowl|move: Yawn|[silent]
|-status|p1a: Noctowl|slp
|upkeep
|turn|12
|
|t:|1631378233
|switch|p2a: Monferno|Monferno, M|100/100
|cant|p1a: Noctowl|slp
|
|-weather|none
|upkeep
|turn|13
|
|t:|1631378238
|cant|p1a: Noctowl|slp
|move|p2a: Monferno|Rollout|p1a: Noctowl
|-supereffective|p1a: Noctowl
|-damage|p1a: Noctowl|89/100 slp
|
|-heal|p1a: Noctowl|95/100 slp|[from] item: Leftovers
|upkeep
|turn|14
|
|t:|1631378241
|-curestatus|p1a: Noctowl|slp|[msg]
|move|p1a: Noctowl|Calm Mind|p1a: Noctowl
|-boost|p1a: Noctowl|spa|1
|-boost|p1a: Noctowl|spd|1
|move|p2a: Monferno|Rollout|p1a: Noctowl|[from]lockedmove
|-supereffective|p1a: Noctowl
|-damage|p1a: Noctowl|72/100
|
|-heal|p1a: Noctowl|78/100|[from] item: Leftovers
|upkeep
|turn|15
|
|t:|1631378247
|move|p1a: Noctowl|Stored Power|p2a: Monferno
|-supereffective|p2a: Monferno
|-damage|p2a: Monferno|0 fnt
|faint|p2a: Monferno
|
|-heal|p1a: Noctowl|84/100|[from] item: Leftovers
|upkeep
|
|t:|1631378251
|switch|p2a: Dragapult|Dragapult, M, shiny|38/100
|turn|16
|
|t:|1631378259
|-start|p2a: Dragapult|Dynamax
|-heal|p2a: Dragapult|38/100|[silent]
|move|p2a: Dragapult|Max Wyrmwind|p1a: Noctowl
|-damage|p1a: Noctowl|63/100
|-unboost|p1a: Noctowl|atk|1
|move|p1a: Noctowl|Stored Power|p2a: Dragapult
|-damage|p2a: Dragapult|0 fnt
|faint|p2a: Dragapult
|
|-heal|p1a: Noctowl|69/100|[from] item: Leftovers
|upkeep
|
|t:|1631378280
|switch|p2a: Dustox|Dustox, F|100/100
|turn|17
|-activate|p2a: Dustox|item: Quick Claw
|
|t:|1631378286
|move|p2a: Dustox|Thief|p1a: Noctowl
|-damage|p1a: Noctowl|62/100
|move|p1a: Noctowl|Air Slash|p2a: Dustox
|-supereffective|p2a: Dustox
|-damage|p2a: Dustox|0 fnt
|faint|p2a: Dustox
|
|-heal|p1a: Noctowl|69/100|[from] item: Leftovers
|upkeep
|
|t:|1631378305
|switch|p2a: Hippowdon|Hippowdon, F|87/100
|-weather|Sandstorm|[from] ability: Sand Stream|[of] p2a: Hippowdon
|turn|18
|
|t:|1631378308
|move|p1a: Noctowl|Stored Power|p2a: Hippowdon
|-damage|p2a: Hippowdon|0 fnt
|faint|p2a: Hippowdon
|
|win|Serfeon
|raw|Serfeon's rating: 1154 &rarr; <strong>1185</strong><br />(+31 for winning)
|raw|orange overhaul's rating: 1232 &rarr; <strong>1201</strong><br />(-31 for losing)
|c|☆Serfeon|gg
|l|☆orange overhaul
||Ladder isn't responding, score probably updated but might not have (Request timeout).
