|j|☆ElitetoN
|j|☆CLEAR GEM清瑜
|t:|1664688061
|gametype|singles
|player|p1|ElitetoN|sabrina|1840
|player|p2|CLEAR GEM清瑜|skierf|1830
|teamsize|p1|6
|teamsize|p2|6
|gen|8
|tier|[Gen 8] National Dex AG
|rated|
|rule|HP Percentage Mod: HP is shown in percentages
|rule|Endless Battle Clause: Forcing endless battles is banned
|clearpoke
|poke|p1|Arceus-*|
|poke|p1|Rayquaza|
|poke|p1|Kyogre|
|poke|p1|Yveltal|
|poke|p1|Tyranitar, M|
|poke|p1|Necrozma-Dusk-Mane|
|poke|p2|Rayquaza|
|poke|p2|Groudon|
|poke|p2|Necrozma-Dusk-Mane|
|poke|p2|Arceus-*|
|poke|p2|Zacian-*|
|poke|p2|Yveltal|
|teampreview
|inactive|Battle timer is ON: inactive players will automatically lose when time's up. (requested by CLEAR GEM清瑜)
|
|t:|1664688077
|start
|switch|p1a: Arceus|Arceus-Ground|100/100
|switch|p2a: 不会(?)|Groudon|100/100
|detailschange|p2a: 不会(?)|Groudon-Primal
|-primal|p2a: 不会(?)
|-weather|DesolateLand|[from] ability: Desolate Land|[of] p2a: 不会(?)
|turn|1
|
|t:|1664688084
|-weather|none
|switch|p2a: 老烈|Rayquaza, shiny|100/100
|-ability|p2a: 老烈|Air Lock
|move|p1a: Arceus|Judgment|p2a: 老烈
|-immune|p2a: 老烈
|
|upkeep
|turn|2
|
|t:|1664688090
|switch|p1a: Necrozma|Necrozma-Dusk-Mane|100/100
|detailschange|p2a: 老烈|Rayquaza-Mega, shiny
|-mega|p2a: 老烈|Rayquaza|
|-weather|DeltaStream|[from] ability: Delta Stream|[of] p2a: 老烈
|move|p2a: 老烈|Dragon Dance|p2a: 老烈
|-boost|p2a: 老烈|atk|1
|-boost|p2a: 老烈|spe|1
|
|-weather|DeltaStream|[upkeep]
|upkeep
|turn|3
|
|t:|1664688096
|move|p2a: 老烈|Earthquake|p1a: Necrozma
|-supereffective|p1a: Necrozma
|-damage|p1a: Necrozma|38/100
|move|p1a: Necrozma|Knock Off|p2a: 老烈
|-damage|p2a: 老烈|72/100
|-enditem|p2a: 老烈|Focus Sash|[from] move: Knock Off|[of] p1a: Necrozma
|
|-weather|DeltaStream|[upkeep]
|upkeep
|turn|4
|j| agtvvgc
|
|t:|1664688100
|move|p2a: 老烈|Earthquake|p1a: Necrozma
|-supereffective|p1a: Necrozma
|-damage|p1a: Necrozma|0 fnt
|faint|p1a: Necrozma
|
|-weather|DeltaStream|[upkeep]
|upkeep
|
|t:|1664688102
|switch|p1a: Rayquaza|Rayquaza|100/100
|-ability|p1a: Rayquaza|Air Lock
|turn|5
|
|t:|1664688109
|detailschange|p1a: Rayquaza|Rayquaza-Mega
|-mega|p1a: Rayquaza|Rayquaza|
|move|p1a: Rayquaza|Scale Shot|p2a: 老烈
|-supereffective|p2a: 老烈
|-damage|p2a: 老烈|41/100
|-supereffective|p2a: 老烈
|-damage|p2a: 老烈|7/100
|-supereffective|p2a: 老烈
|-damage|p2a: 老烈|0 fnt
|faint|p2a: 老烈
|-hitcount|p2: 老烈|3
|-unboost|p1a: Rayquaza|def|1
|-boost|p1a: Rayquaza|spe|1
|
|-weather|DeltaStream|[upkeep]
|upkeep
|
|t:|1664688117
|switch|p2a: 不会(?)|Groudon-Primal|100/100
|-weather|DesolateLand|[from] ability: Desolate Land|[of] p2a: 不会(?)
|turn|6
|
|t:|1664688124
|switch|p1a: Tyranitar|Tyranitar, M|100/100
|-ability|p1a: Tyranitar|Sand Stream|[from] desolateland|[fail]
|move|p2a: 不会(?)|Stealth Rock|p1a: Tyranitar
|-sidestart|p1: ElitetoN|move: Stealth Rock
|
|-weather|DesolateLand|[upkeep]
|upkeep
|turn|7
|c| agtvvgc|wqw
|c| agtvvgc|qwq
|
|t:|1664688129
|move|p2a: 不会(?)|Precipice Blades|p1a: Tyranitar|[miss]
|-miss|p2a: 不会(?)|p1a: Tyranitar
|move|p1a: Tyranitar|Stealth Rock|p2a: 不会(?)
|-sidestart|p2: CLEAR GEM清瑜|move: Stealth Rock
|
|-weather|DesolateLand|[upkeep]
|upkeep
|turn|8
|
|t:|1664688132
|switch|p1a: Rayquaza|Rayquaza-Mega|100/100
|-damage|p1a: Rayquaza|75/100|[from] Stealth Rock
|-weather|DeltaStream|[from] ability: Delta Stream|[of] p1a: Rayquaza
|move|p2a: 不会(?)|Precipice Blades|p1a: Rayquaza
|-immune|p1a: Rayquaza
|
|-weather|DeltaStream|[upkeep]
|upkeep
|turn|9
|
|t:|1664688139
|move|p1a: Rayquaza|Dragon Ascent|p2a: 不会(?)
|-damage|p2a: 不会(?)|51/100
|-unboost|p1a: Rayquaza|def|1
|-unboost|p1a: Rayquaza|spd|1
|move|p2a: 不会(?)|Roar|p1a: Rayquaza
|-weather|none
|drag|p1a: Yveltal|Yveltal, shiny|100/100
|-damage|p1a: Yveltal|76/100|[from] Stealth Rock
|-ability|p1a: Yveltal|Dark Aura
|
|upkeep
|turn|10
|
|t:|1664688146
|-start|p1a: Yveltal|Dynamax|
|-heal|p1a: Yveltal|76/100|[silent]
|move|p1a: Yveltal|Max Airstream|p2a: 不会(?)
|-damage|p2a: 不会(?)|0 fnt
|-boost|p1a: Yveltal|spe|1
|faint|p2a: 不会(?)
|-damage|p1a: Yveltal|71/100|[from] item: Life Orb
|
|upkeep
|
|t:|1664688155
|switch|p2a: 嘉然小姐的狗|Zacian-Crowned|100/100
|-damage|p2a: 嘉然小姐的狗|94/100|[from] Stealth Rock
|-ability|p2a: 嘉然小姐的狗|Intrepid Sword|boost
|-boost|p2a: 嘉然小姐的狗|atk|1
|turn|11
|
|t:|1664688161
|move|p1a: Yveltal|Max Darkness|p2a: 嘉然小姐的狗
|-resisted|p2a: 嘉然小姐的狗
|-damage|p2a: 嘉然小姐的狗|46/100
|-unboost|p2a: 嘉然小姐的狗|spd|1
|-damage|p1a: Yveltal|66/100|[from] item: Life Orb
|move|p2a: 嘉然小姐的狗|Behemoth Blade|p1a: Yveltal
|-damage|p1a: Yveltal|0 fnt
|faint|p1a: Yveltal
|
|upkeep
|
|t:|1664688175
|switch|p1a: Kyogre|Kyogre|100/100
|-damage|p1a: Kyogre|88/100|[from] Stealth Rock
|-weather|RainDance|[from] ability: Drizzle|[of] p1a: Kyogre
|turn|12
|
|t:|1664688177
|move|p1a: Kyogre|Water Spout|p2a: 嘉然小姐的狗
|-damage|p2a: 嘉然小姐的狗|0 fnt
|faint|p2a: 嘉然小姐的狗
|
|-weather|RainDance|[upkeep]
|upkeep
|
|t:|1664688180
|switch|p2a: 钢铁之躯|Necrozma-Dusk-Mane|100/100
|-damage|p2a: 钢铁之躯|94/100|[from] Stealth Rock
|turn|13
|
|t:|1664688187
|detailschange|p2a: 钢铁之躯|Necrozma-Ultra
|-burst|p2a: 钢铁之躯|Necrozma|Ultranecrozium Z
|move|p1a: Kyogre|Water Spout|p2a: 钢铁之躯
|-resisted|p2a: 钢铁之躯
|-damage|p2a: 钢铁之躯|39/100
|move|p2a: 钢铁之躯|Dragon Dance|p2a: 钢铁之躯
|-boost|p2a: 钢铁之躯|atk|1
|-boost|p2a: 钢铁之躯|spe|1
|
|-weather|RainDance|[upkeep]
|upkeep
|turn|14
|
|t:|1664688191
|switch|p1a: Tyranitar|Tyranitar, M|100/100
|-damage|p1a: Tyranitar|88/100|[from] Stealth Rock
|-weather|Sandstorm|[from] ability: Sand Stream|[of] p1a: Tyranitar
|move|p2a: 钢铁之躯|Photon Geyser|p1a: Tyranitar
|-immune|p1a: Tyranitar
|
|-weather|Sandstorm|[upkeep]
|-damage|p2a: 钢铁之躯|33/100|[from] Sandstorm
|-heal|p1a: Tyranitar|94/100|[from] item: Leftovers
|upkeep
|turn|15
|
|t:|1664688195
|move|p2a: 钢铁之躯|Earthquake|p1a: Tyranitar
|-supereffective|p1a: Tyranitar
|-damage|p1a: Tyranitar|0 fnt
|faint|p1a: Tyranitar
|
|-weather|Sandstorm|[upkeep]
|-damage|p2a: 钢铁之躯|27/100|[from] Sandstorm
|upkeep
|
|t:|1664688199
|switch|p1a: Rayquaza|Rayquaza-Mega|75/100
|-damage|p1a: Rayquaza|50/100|[from] Stealth Rock
|-weather|DeltaStream|[from] ability: Delta Stream|[of] p1a: Rayquaza
|turn|16
|
|t:|1664688207
|move|p1a: Rayquaza|Extreme Speed|p2a: 钢铁之躯
|-damage|p2a: 钢铁之躯|0 fnt
|faint|p2a: 钢铁之躯
|
|-weather|DeltaStream|[upkeep]
|upkeep
|
|t:|1664688213
|switch|p2a: 悬空羊驼|Arceus-Flying|100/100
|-damage|p2a: 悬空羊驼|76/100|[from] Stealth Rock
|turn|17
|
|t:|1664688219
|-weather|none
|switch|p1a: Arceus|Arceus-Ground|100/100
|-damage|p1a: Arceus|94/100|[from] Stealth Rock
|move|p2a: 悬空羊驼|Calm Mind|p2a: 悬空羊驼
|-boost|p2a: 悬空羊驼|spa|1
|-boost|p2a: 悬空羊驼|spd|1
|
|upkeep
|turn|18
|
|t:|1664688223
|move|p1a: Arceus|Calm Mind|p1a: Arceus
|-boost|p1a: Arceus|spa|1
|-boost|p1a: Arceus|spd|1
|move|p2a: 悬空羊驼|Judgment|p1a: Arceus
|-damage|p1a: Arceus|50/100
|
|upkeep
|turn|19
|
|t:|1664688227
|-start|p2a: 悬空羊驼|Dynamax|
|-heal|p2a: 悬空羊驼|76/100|[silent]
|move|p2a: 悬空羊驼|Max Airstream|p1a: Arceus
|-damage|p1a: Arceus|0 fnt
|-boost|p2a: 悬空羊驼|spe|1
|faint|p1a: Arceus
|
|upkeep
|
|t:|1664688235
|switch|p1a: Rayquaza|Rayquaza-Mega|50/100
|-damage|p1a: Rayquaza|25/100|[from] Stealth Rock
|-weather|DeltaStream|[from] ability: Delta Stream|[of] p1a: Rayquaza
|turn|20
|
|t:|1664688238
|move|p1a: Rayquaza|Dragon Ascent|p2a: 悬空羊驼
|-damage|p2a: 悬空羊驼|43/100
|-unboost|p1a: Rayquaza|def|1
|-unboost|p1a: Rayquaza|spd|1
|move|p2a: 悬空羊驼|Max Airstream|p1a: Rayquaza
|-damage|p1a: Rayquaza|0 fnt
|-boost|p2a: 悬空羊驼|spe|1
|faint|p1a: Rayquaza
|-weather|none
|
|upkeep
|
|t:|1664688241
|switch|p1a: Kyogre|Kyogre|88/100
|-damage|p1a: Kyogre|76/100|[from] Stealth Rock
|-weather|RainDance|[from] ability: Drizzle|[of] p1a: Kyogre
|turn|21
|
|t:|1664688243
|move|p2a: 悬空羊驼|Max Airstream|p1a: Kyogre
|-damage|p1a: Kyogre|0 fnt
|-boost|p2a: 悬空羊驼|spe|1
|faint|p1a: Kyogre
|
|win|CLEAR GEM清瑜
|raw|ElitetoN's rating: 1840 &rarr; <strong>1819</strong><br />(-21 for losing)
|raw|CLEAR GEM清瑜's rating: 1830 &rarr; <strong>1851</strong><br />(+21 for winning)
|l|☆ElitetoN
