|j|☆Alpha28056
|j|☆theChikunEater
|t:|1668389171
|gametype|singles
|player|p1|Alpha28056|red|1553
|player|p2|theChikunEater|clair|1696
|teamsize|p1|6
|teamsize|p2|6
|gen|8
|tier|[Gen 8] National Dex AG
|rated|
|rule|HP Percentage Mod: HP is shown in percentages
|rule|Endless Battle Clause: Forcing endless battles is banned
|clearpoke
|poke|p1|Volcarona, F|
|poke|p1|Salamence, F|
|poke|p1|Landorus, M|
|poke|p1|Metagross|
|poke|p1|Marshadow|
|poke|p1|Rillaboom, F|
|poke|p2|Smeargle, F|
|poke|p2|Smeargle, M|
|poke|p2|Lopunny, M|
|poke|p2|Bibarel, M|
|poke|p2|Ditto|
|poke|p2|Arceus-*|
|teampreview
|inactive|Battle timer is ON: inactive players will automatically lose when time's up. (requested by theChikunEater)
|
|t:|1668389183
|start
|switch|p1a: Rillaboom|Rillaboom, F|100/100
|switch|p2a: Why?|Lopunny, M, shiny|100/100
|-fieldstart|move: Grassy Terrain|[from] ability: Grassy Surge|[of] p1a: Rillaboom
|turn|1
|
|t:|1668389188
|detailschange|p2a: Why?|Lopunny-Mega, M, shiny
|-mega|p2a: Why?|Lopunny|Lopunnite
|move|p2a: Why?|Fake Out|p1a: Rillaboom
|-damage|p1a: Rillaboom|77/100
|cant|p1a: Rillaboom|flinch
|
|-heal|p1a: Rillaboom|84/100|[from] Grassy Terrain
|upkeep
|turn|2
|
|t:|1668389196
|move|p1a: Rillaboom|Grassy Glide|p2a: Why?
|-damage|p2a: Why?|0 fnt
|faint|p2a: Why?
|
|-heal|p1a: Rillaboom|90/100|[from] Grassy Terrain
|upkeep
|
|t:|1668389201
|switch|p2a: Horsecokccc|Arceus|100/100
|turn|3
|c|☆theChikunEater|dayum
|
|t:|1668389210
|switch|p1a: Marshadow|Marshadow|100/100
|move|p2a: Horsecokccc|Judgment|p1a: Marshadow
|-immune|p1a: Marshadow
|
|upkeep
|turn|4
|
|t:|1668389216
|switch|p2a: Pasta|Ditto|100/100
|-transform|p2a: Pasta|p1a: Marshadow|[from] ability: Imposter
|move|p1a: Marshadow|Bulk Up|p1a: Marshadow
|-boost|p1a: Marshadow|atk|1
|-boost|p1a: Marshadow|def|1
|
|upkeep
|turn|5
|
|t:|1668389220
|switch|p2a: YES|Bibarel, M|100/100
|move|p1a: Marshadow|Shadow Sneak|p2a: YES
|-immune|p2a: YES
|
|-fieldend|move: Grassy Terrain
|upkeep
|turn|6
|
|t:|1668389233
|move|p2a: YES|Aqua Jet|p1a: Marshadow
|-damage|p1a: Marshadow|85/100
|move|p1a: Marshadow|Close Combat|p2a: YES
|-supereffective|p2a: YES
|-damage|p2a: YES|0 fnt
|-unboost|p1a: Marshadow|def|1
|-unboost|p1a: Marshadow|spd|1
|faint|p2a: YES
|-damage|p1a: Marshadow|75/100|[from] item: Life Orb
|
|upkeep
|
|t:|1668389235
|switch|p2a: Pasta|Ditto|100/100
|-transform|p2a: Pasta|p1a: Marshadow|[from] ability: Imposter
|turn|7
|
|t:|1668389238
|move|p1a: Marshadow|Shadow Sneak|p2a: Pasta
|-supereffective|p2a: Pasta
|-damage|p2a: Pasta|0 fnt
|faint|p2a: Pasta
|-damage|p1a: Marshadow|65/100|[from] item: Life Orb
|
|upkeep
|
|t:|1668389244
|switch|p2a: Wuzzy|Smeargle, M|100/100
|turn|8
|
|t:|1668389247
|move|p1a: Marshadow|Close Combat|p2a: Wuzzy
|-supereffective|p2a: Wuzzy
|-enditem|p2a: Wuzzy|Focus Sash
|-damage|p2a: Wuzzy|1/100
|-unboost|p1a: Marshadow|def|1
|-unboost|p1a: Marshadow|spd|1
|-damage|p1a: Marshadow|55/100|[from] item: Life Orb
|move|p2a: Wuzzy|Shell Smash|p2a: Wuzzy
|-unboost|p2a: Wuzzy|def|1
|-unboost|p2a: Wuzzy|spd|1
|-boost|p2a: Wuzzy|atk|2
|-boost|p2a: Wuzzy|spa|2
|-boost|p2a: Wuzzy|spe|2
|
|-ability|p2a: Wuzzy|Moody|boost
|-boost|p2a: Wuzzy|spa|2
|-unboost|p2a: Wuzzy|def|1
|upkeep
|turn|9
|
|t:|1668389255
|switch|p1a: Rillaboom|Rillaboom, F|90/100
|-fieldstart|move: Grassy Terrain|[from] ability: Grassy Surge|[of] p1a: Rillaboom
|move|p2a: Wuzzy|Spore|p1a: Rillaboom
|-immune|p1a: Rillaboom
|
|-heal|p2a: Wuzzy|7/100|[from] Grassy Terrain
|-heal|p1a: Rillaboom|96/100|[from] Grassy Terrain
|-ability|p2a: Wuzzy|Moody|boost
|-boost|p2a: Wuzzy|spd|2
|-unboost|p2a: Wuzzy|spa|1
|upkeep
|turn|10
|
|t:|1668389257
|move|p1a: Rillaboom|Grassy Glide|p2a: Wuzzy
|-damage|p2a: Wuzzy|0 fnt
|faint|p2a: Wuzzy
|
|-heal|p1a: Rillaboom|100/100|[from] Grassy Terrain
|upkeep
|
|t:|1668389260
|switch|p2a: Horsecokccc|Arceus|100/100
|turn|11
|
|t:|1668389266
|switch|p1a: Marshadow|Marshadow|55/100
|-start|p2a: Horsecokccc|Dynamax|
|-heal|p2a: Horsecokccc|100/100|[silent]
|move|p2a: Horsecokccc|Max Steelspike|p1a: Marshadow
|-damage|p1a: Marshadow|7/100
|-boost|p2a: Horsecokccc|def|1
|
|-heal|p1a: Marshadow|14/100|[from] Grassy Terrain
|upkeep
|turn|12
|
|t:|1668389269
|move|p1a: Marshadow|Close Combat|p2a: Horsecokccc
|-supereffective|p2a: Horsecokccc
|-damage|p2a: Horsecokccc|60/100
|-unboost|p1a: Marshadow|def|1
|-unboost|p1a: Marshadow|spd|1
|-damage|p1a: Marshadow|4/100|[from] item: Life Orb
|move|p2a: Horsecokccc|Max Steelspike|p1a: Marshadow
|-damage|p1a: Marshadow|0 fnt
|-boost|p2a: Horsecokccc|def|1
|faint|p1a: Marshadow
|
|-heal|p2a: Horsecokccc|63/100|[from] Grassy Terrain
|upkeep
|
|t:|1668389273
|switch|p1a: Metagross|Metagross|100/100
|turn|13
|
|t:|1668389278
|detailschange|p1a: Metagross|Metagross-Mega
|-mega|p1a: Metagross|Metagross|Metagrossite
|move|p2a: Horsecokccc|Max Strike|p1a: Metagross
|-resisted|p1a: Metagross
|-damage|p1a: Metagross|74/100
|-unboost|p1a: Metagross|spe|1
|move|p1a: Metagross|Meteor Mash|p2a: Horsecokccc
|-damage|p2a: Horsecokccc|51/100
|
|-heal|p2a: Horsecokccc|54/100|[from] Grassy Terrain
|-heal|p1a: Metagross|80/100|[from] Grassy Terrain
|-fieldend|move: Grassy Terrain
|upkeep
|-end|p2a: Horsecokccc|Dynamax
|-heal|p2a: Horsecokccc|54/100|[silent]
|turn|14
|
|t:|1668389282
|move|p2a: Horsecokccc|Judgment|p1a: Metagross
|-resisted|p1a: Metagross
|-damage|p1a: Metagross|49/100
|move|p1a: Metagross|Meteor Mash|p2a: Horsecokccc
|-damage|p2a: Horsecokccc|31/100
|
|upkeep
|turn|15
|
|t:|1668389285
|move|p2a: Horsecokccc|Judgment|p1a: Metagross
|-resisted|p1a: Metagross
|-damage|p1a: Metagross|16/100
|move|p1a: Metagross|Meteor Mash|p2a: Horsecokccc
|-damage|p2a: Horsecokccc|8/100
|
|upkeep
|turn|16
|
|t:|1668389289
|move|p1a: Metagross|Bullet Punch|p2a: Horsecokccc
|-damage|p2a: Horsecokccc|0 fnt
|faint|p2a: Horsecokccc
|
|upkeep
|
|t:|1668389290
|switch|p2a: Fuzzy|Smeargle, F|100/100
|turn|17
|
|t:|1668389294
|switch|p1a: Rillaboom|Rillaboom, F|100/100
|-fieldstart|move: Grassy Terrain|[from] ability: Grassy Surge|[of] p1a: Rillaboom
|move|p2a: Fuzzy|Shell Smash|p2a: Fuzzy
|-unboost|p2a: Fuzzy|def|1
|-unboost|p2a: Fuzzy|spd|1
|-boost|p2a: Fuzzy|atk|2
|-boost|p2a: Fuzzy|spa|2
|-boost|p2a: Fuzzy|spe|2
|
|-ability|p2a: Fuzzy|Moody|boost
|-boost|p2a: Fuzzy|spa|2
|-unboost|p2a: Fuzzy|spd|1
|upkeep
|turn|18
|
|t:|1668389297
|move|p1a: Rillaboom|Grassy Glide|p2a: Fuzzy
|-damage|p2a: Fuzzy|0 fnt
|faint|p2a: Fuzzy
|
|win|Alpha28056
|raw|Alpha28056's rating: 1553 &rarr; <strong>1581</strong><br />(+28 for winning)
|raw|theChikunEater's rating: 1696 &rarr; <strong>1668</strong><br />(-28 for losing)
|l|☆theChikunEater
|c|☆Alpha28056|ggs
