|j|☆shootmenow5
|j|☆digging your grave
|t:|1655960713
|gametype|singles
|player|p1|shootmenow5|169|1490
|player|p2|digging your grave|byron|1592
|teamsize|p1|6
|teamsize|p2|6
|gen|8
|tier|[Gen 8] National Dex AG
|rated|
|rule|HP Percentage Mod: HP is shown in percentages
|rule|Endless Battle Clause: Forcing endless battles is banned
|clearpoke
|poke|p1|Groudon|
|poke|p1|Kyogre|
|poke|p1|Rayquaza|
|poke|p1|Ditto|
|poke|p1|Yveltal|
|poke|p1|Ho-Oh|
|poke|p2|Rayquaza|
|poke|p2|Yveltal|
|poke|p2|Kyogre|
|poke|p2|Kyurem-Black|
|poke|p2|Eternatus|
|poke|p2|Deoxys-Attack|
|teampreview
|inactive|Battle timer is ON: inactive players will automatically lose when time's up. (requested by digging your grave)
|inactive|shootmenow5 has 120 seconds left.
|inactive|shootmenow5 has 90 seconds left.
|inactive|shootmenow5 has 60 seconds left.
|
|t:|1655960820
|start
|switch|p1a: Groudon|Groudon|100/100
|switch|p2a: Rayquaza|Rayquaza|100/100
|-ability|p2a: Rayquaza|Air Lock
|detailschange|p1a: Groudon|Groudon-Primal
|-primal|p1a: Groudon
|-weather|DesolateLand|[from] ability: Desolate Land|[of] p1a: Groudon
|turn|1
|
|t:|1655960823
|detailschange|p2a: Rayquaza|Rayquaza-Mega
|-mega|p2a: Rayquaza|Rayquaza|
|-weather|DeltaStream|[from] ability: Delta Stream|[of] p2a: Rayquaza
|move|p2a: Rayquaza|Surf|p1a: Groudon
|-supereffective|p1a: Groudon
|-damage|p1a: Groudon|0 fnt
|faint|p1a: Groudon
|
|-weather|DeltaStream|[upkeep]
|upkeep
|inactive|shootmenow5 has 120 seconds left.
|inactive|shootmenow5 has 90 seconds left.
|
|t:|1655960885
|switch|p1a: Rayquaza|Rayquaza|100/100
|-ability|p1a: Rayquaza|Air Lock
|turn|2
|
|t:|1655960890
|detailschange|p1a: Rayquaza|Rayquaza-Mega
|-mega|p1a: Rayquaza|Rayquaza|
|move|p1a: Rayquaza|Dragon Ascent|p2a: Rayquaza
|-damage|p2a: Rayquaza|23/100
|-unboost|p1a: Rayquaza|def|1
|-unboost|p1a: Rayquaza|spd|1
|move|p2a: Rayquaza|Dragon Ascent|p1a: Rayquaza
|-enditem|p1a: Rayquaza|Focus Sash
|-damage|p1a: Rayquaza|1/100
|-unboost|p2a: Rayquaza|def|1
|-unboost|p2a: Rayquaza|spd|1
|
|-weather|DeltaStream|[upkeep]
|upkeep
|turn|3
|
|t:|1655960897
|move|p1a: Rayquaza|Extreme Speed|p2a: Rayquaza
|-damage|p2a: Rayquaza|0 fnt
|faint|p2a: Rayquaza
|
|-weather|DeltaStream|[upkeep]
|upkeep
|c|☆shootmenow5|2 for 1
|
|t:|1655960906
|switch|p2a: thick stampede|Kyurem-Black|100/100
|-ability|p2a: thick stampede|Teravolt
|turn|4
|
|t:|1655960916
|move|p1a: Rayquaza|V-create|p2a: thick stampede
|-damage|p2a: thick stampede|33/100
|-unboost|p1a: Rayquaza|spe|1
|-unboost|p1a: Rayquaza|def|1
|-unboost|p1a: Rayquaza|spd|1
|move|p2a: thick stampede|Icicle Spear|p1a: Rayquaza
|-activate||deltastream
|-supereffective|p1a: Rayquaza
|-damage|p1a: Rayquaza|0 fnt
|faint|p1a: Rayquaza
|-weather|none
|-hitcount|p1: Rayquaza|1
|
|-heal|p2a: thick stampede|40/100|[from] item: Leftovers
|upkeep
|
|t:|1655960925
|switch|p1a: Yveltal|Yveltal|100/100
|-ability|p1a: Yveltal|Dark Aura
|turn|5
|
|t:|1655960927
|-start|p1a: Yveltal|Dynamax|
|-heal|p1a: Yveltal|100/100|[silent]
|move|p1a: Yveltal|Max Airstream|p2a: thick stampede
|-damage|p2a: thick stampede|0 fnt
|-boost|p1a: Yveltal|spe|1
|faint|p2a: thick stampede
|-damage|p1a: Yveltal|96/100|[from] item: Life Orb
|
|upkeep
|
|t:|1655960934
|switch|p2a: Eternatus|Eternatus|100/100
|-ability|p2a: Eternatus|Pressure
|turn|6
|
|t:|1655960937
|move|p1a: Yveltal|Max Darkness|p2a: Eternatus
|-crit|p2a: Eternatus
|-damage|p2a: Eternatus|8/100
|-unboost|p2a: Eternatus|spd|1
|-damage|p1a: Yveltal|91/100|[from] item: Life Orb
|move|p2a: Eternatus|Dynamax Cannon|p1a: Yveltal
|-damage|p1a: Yveltal|38/100
|
|upkeep
|turn|7
|
|t:|1655960945
|move|p1a: Yveltal|Max Airstream|p2a: Eternatus
|-damage|p2a: Eternatus|0 fnt
|-boost|p1a: Yveltal|spe|1
|faint|p2a: Eternatus
|-damage|p1a: Yveltal|33/100|[from] item: Life Orb
|
|upkeep
|
|t:|1655960952
|switch|p2a: Kyogre|Kyogre|100/100
|-weather|RainDance|[from] ability: Drizzle|[of] p2a: Kyogre
|-end|p1a: Yveltal|Dynamax
|-heal|p1a: Yveltal|33/100|[silent]
|turn|8
|
|t:|1655960958
|move|p1a: Yveltal|Dark Pulse|p2a: Kyogre
|-damage|p2a: Kyogre|42/100
|-damage|p1a: Yveltal|23/100|[from] item: Life Orb
|move|p2a: Kyogre|Origin Pulse|p1a: Yveltal
|-damage|p1a: Yveltal|0 fnt
|faint|p1a: Yveltal
|
|-weather|RainDance|[upkeep]
|upkeep
|
|t:|1655960964
|switch|p1a: Kyogre|Kyogre|100/100
|detailschange|p1a: Kyogre|Kyogre-Primal
|-primal|p1a: Kyogre
|-weather|PrimordialSea|[from] ability: Primordial Sea|[of] p1a: Kyogre
|turn|9
|
|t:|1655960969
|move|p2a: Kyogre|Origin Pulse|p1a: Kyogre
|-resisted|p1a: Kyogre
|-damage|p1a: Kyogre|74/100
|move|p1a: Kyogre|Origin Pulse|p2a: Kyogre
|-resisted|p2a: Kyogre
|-damage|p2a: Kyogre|0 fnt
|faint|p2a: Kyogre
|
|-weather|PrimordialSea|[upkeep]
|upkeep
|
|t:|1655960977
|switch|p2a: Deoxys|Deoxys-Attack|100/100
|-ability|p2a: Deoxys|Pressure
|turn|10
|
|t:|1655960981
|move|p2a: Deoxys|Stealth Rock|p1a: Kyogre
|-sidestart|p1: shootmenow5|move: Stealth Rock
|move|p1a: Kyogre|Origin Pulse|p2a: Deoxys
|-enditem|p2a: Deoxys|Focus Sash
|-damage|p2a: Deoxys|1/100
|
|-weather|PrimordialSea|[upkeep]
|upkeep
|turn|11
|
|t:|1655960986
|move|p2a: Deoxys|Psycho Boost|p1a: Kyogre
|-damage|p1a: Kyogre|23/100
|-unboost|p2a: Deoxys|spa|2
|move|p1a: Kyogre|Origin Pulse|p2a: Deoxys
|-damage|p2a: Deoxys|0 fnt
|faint|p2a: Deoxys
|
|-weather|PrimordialSea|[upkeep]
|upkeep
|
|t:|1655960988
|switch|p2a: Yveltal|Yveltal|100/100
|-ability|p2a: Yveltal|Dark Aura
|turn|12
|
|t:|1655960991
|-start|p2a: Yveltal|Dynamax|
|-heal|p2a: Yveltal|100/100|[silent]
|move|p2a: Yveltal|Max Airstream|p1a: Kyogre
|-damage|p1a: Kyogre|0 fnt
|-boost|p2a: Yveltal|spe|1
|faint|p1a: Kyogre
|-weather|none
|-damage|p2a: Yveltal|96/100|[from] item: Life Orb
|
|upkeep
|
|t:|1655960994
|switch|p1a: Ho-Oh|Ho-Oh|100/100
|turn|13
|
|t:|1655960999
|move|p2a: Yveltal|Max Ooze|p1a: Ho-Oh
|-damage|p1a: Ho-Oh|74/100
|-boost|p2a: Yveltal|spa|1
|-damage|p2a: Yveltal|91/100|[from] item: Life Orb
|move|p1a: Ho-Oh|Defog|p2a: Yveltal
|-unboost|p2a: Yveltal|evasion|1
|-sideend|p1: shootmenow5|Stealth Rock|[from] move: Defog|[of] p1a: Ho-Oh
|
|upkeep
|turn|14
|
|t:|1655961014
|move|p2a: Yveltal|Max Darkness|p1a: Ho-Oh
|-damage|p1a: Ho-Oh|0 fnt
|faint|p1a: Ho-Oh
|-damage|p2a: Yveltal|86/100|[from] item: Life Orb
|
|upkeep
|
|t:|1655961017
|switch|p1a: Ditto|Ditto|100/100
|-transform|p1a: Ditto|p2a: Yveltal|[from] ability: Imposter
|-ability|p1a: Ditto|Dark Aura
|-end|p2a: Yveltal|Dynamax
|-heal|p2a: Yveltal|86/100|[silent]
|turn|15
|
|t:|1655961027
|move|p1a: Ditto|Oblivion Wing|p2a: Yveltal
|-damage|p2a: Yveltal|22/100
|move|p2a: Yveltal|Oblivion Wing|p1a: Ditto
|-enditem|p1a: Ditto|Focus Sash
|-damage|p1a: Ditto|1/100
|-heal|p2a: Yveltal|79/100|[from] drain|[of] p1a: Ditto
|-damage|p2a: Yveltal|69/100|[from] item: Life Orb
|
|upkeep
|turn|16
|
|t:|1655961036
|move|p2a: Yveltal|Oblivion Wing|p1a: Ditto
|-damage|p1a: Ditto|0 fnt
|-heal|p2a: Yveltal|69/100|[from] drain|[of] p1a: Ditto
|faint|p1a: Ditto
|-damage|p2a: Yveltal|59/100|[from] item: Life Orb
|
|win|digging your grave
|raw|shootmenow5's rating: 1490 &rarr; <strong>1476</strong><br />(-14 for losing)
|raw|digging your grave's rating: 1592 &rarr; <strong>1606</strong><br />(+14 for winning)
|c|☆digging your grave|gg
|l|☆shootmenow5
|l|☆digging your grave
|j|☆digging your grave
|player|p2|digging your grave|byron
