|j|☆T4nner
|j|☆MiguelRRM
|t:|1631836570
|gametype|singles
|player|p1|T4nner|red|1756
|player|p2|MiguelRRM|lucas|1833
|teamsize|p1|6
|teamsize|p2|6
|gen|8
|tier|[Gen 8] National Dex AG
|rated|
|rule|HP Percentage Mod: HP is shown in percentages
|rule|Endless Battle Clause: Forcing endless battles is banned
|clearpoke
|poke|p1|Kyogre|
|poke|p1|Groudon|
|poke|p1|Rayquaza|
|poke|p1|Zacian-*|
|poke|p1|Regieleki|
|poke|p1|Calyrex-Shadow|
|poke|p2|Marshadow|
|poke|p2|Yveltal|
|poke|p2|Rayquaza|
|poke|p2|Zacian-*|
|poke|p2|Arceus-*|
|poke|p2|Groudon|
|teampreview
|inactive|Battle timer is ON: inactive players will automatically lose when time's up. (requested by T4nner)
|
|t:|1631836585
|start
|switch|p1a: Rayquaza|Rayquaza|100/100
|switch|p2a: Arceus|Arceus-Ground|100/100
|-ability|p1a: Rayquaza|Air Lock
|turn|1
|
|t:|1631836592
|detailschange|p1a: Rayquaza|Rayquaza-Mega
|-mega|p1a: Rayquaza|Rayquaza|
|-weather|DeltaStream|[from] ability: Delta Stream|[of] p1a: Rayquaza
|move|p1a: Rayquaza|Dragon Ascent|p2a: Arceus
|-damage|p2a: Arceus|23/100
|-unboost|p1a: Rayquaza|def|1
|-unboost|p1a: Rayquaza|spd|1
|-damage|p1a: Rayquaza|91/100|[from] item: Life Orb
|move|p2a: Arceus|Rock Tomb|p1a: Rayquaza
|-activate||deltastream
|-damage|p1a: Rayquaza|70/100
|-unboost|p1a: Rayquaza|spe|1
|
|-weather|DeltaStream|[upkeep]
|upkeep
|turn|2
|
|t:|1631836604
|move|p1a: Rayquaza|Extreme Speed|p2a: Arceus
|-damage|p2a: Arceus|0 fnt
|faint|p2a: Arceus
|-damage|p1a: Rayquaza|60/100|[from] item: Life Orb
|
|-weather|DeltaStream|[upkeep]
|upkeep
|j| TheBuilderOfBobs
|
|t:|1631836613
|switch|p2a: Rayquaza|Rayquaza|100/100
|-ability|p2a: Rayquaza|Air Lock
|turn|3
|
|t:|1631836617
|-weather|none
|switch|p1a: Zacian|Zacian-Crowned|100/100
|-ability|p1a: Zacian|Intrepid Sword|boost
|-boost|p1a: Zacian|atk|1
|detailschange|p2a: Rayquaza|Rayquaza-Mega
|-mega|p2a: Rayquaza|Rayquaza|
|-weather|DeltaStream|[from] ability: Delta Stream|[of] p2a: Rayquaza
|move|p2a: Rayquaza|Scale Shot|p1a: Zacian
|-immune|p1a: Zacian
|
|-weather|DeltaStream|[upkeep]
|upkeep
|turn|4
|j| rowletroost
|
|t:|1631836628
|-weather|none
|switch|p2a: Groudon|Groudon|100/100
|detailschange|p2a: Groudon|Groudon-Primal
|-primal|p2a: Groudon
|-weather|DesolateLand|[from] ability: Desolate Land|[of] p2a: Groudon
|move|p1a: Zacian|Close Combat|p2a: Groudon
|-damage|p2a: Groudon|56/100
|-unboost|p1a: Zacian|def|1
|-unboost|p1a: Zacian|spd|1
|
|-weather|DesolateLand|[upkeep]
|upkeep
|turn|5
|
|t:|1631836637
|move|p1a: Zacian|Close Combat|p2a: Groudon
|-damage|p2a: Groudon|12/100
|-unboost|p1a: Zacian|def|1
|-unboost|p1a: Zacian|spd|1
|move|p2a: Groudon|Stealth Rock|p1a: Zacian
|-sidestart|p1: T4nner|move: Stealth Rock
|
|-weather|DesolateLand|[upkeep]
|upkeep
|turn|6
|
|t:|1631836646
|move|p1a: Zacian|Behemoth Blade|p2a: Groudon
|-resisted|p2a: Groudon
|-damage|p2a: Groudon|0 fnt
|faint|p2a: Groudon
|-weather|none
|
|upkeep
|
|t:|1631836648
|switch|p2a: Marshadow|Marshadow|100/100
|turn|7
|
|t:|1631836666
|switch|p1a: Groudon|Groudon|100/100
|-damage|p1a: Groudon|94/100|[from] Stealth Rock
|detailschange|p1a: Groudon|Groudon-Primal
|-primal|p1a: Groudon
|-weather|DesolateLand|[from] ability: Desolate Land|[of] p1a: Groudon
|switch|p2a: Rayquaza|Rayquaza-Mega|100/100
|-weather|DeltaStream|[from] ability: Delta Stream|[of] p2a: Rayquaza
|
|-weather|DeltaStream|[upkeep]
|upkeep
|turn|8
|
|t:|1631836669
|move|p2a: Rayquaza|Dragon Dance|p2a: Rayquaza
|-boost|p2a: Rayquaza|atk|1
|-boost|p2a: Rayquaza|spe|1
|move|p1a: Groudon|Rock Tomb|p2a: Rayquaza
|-activate||deltastream
|-damage|p2a: Rayquaza|74/100
|-unboost|p2a: Rayquaza|spe|1
|
|-weather|DeltaStream|[upkeep]
|upkeep
|turn|9
|
|t:|1631836682
|move|p2a: Rayquaza|Dragon Dance|p2a: Rayquaza
|-boost|p2a: Rayquaza|atk|1
|-boost|p2a: Rayquaza|spe|1
|move|p1a: Groudon|Rock Tomb|p2a: Rayquaza
|-activate||deltastream
|-damage|p2a: Rayquaza|47/100
|-unboost|p2a: Rayquaza|spe|1
|
|-weather|DeltaStream|[upkeep]
|upkeep
|turn|10
|
|t:|1631836692
|move|p2a: Rayquaza|Scale Shot|p1a: Groudon
|-damage|p1a: Groudon|71/100
|-damage|p1a: Groudon|49/100
|-damage|p1a: Groudon|25/100
|-hitcount|p1a: Groudon|3
|-unboost|p2a: Rayquaza|def|1
|-boost|p2a: Rayquaza|spe|1
|move|p1a: Groudon|Rock Tomb|p2a: Rayquaza
|-activate||deltastream
|-damage|p2a: Rayquaza|2/100
|-unboost|p2a: Rayquaza|spe|1
|
|-weather|DeltaStream|[upkeep]
|upkeep
|turn|11
|
|t:|1631836707
|switch|p1a: Zacian|Zacian-Crowned|100/100
|-damage|p1a: Zacian|94/100|[from] Stealth Rock
|-ability|p1a: Zacian|Intrepid Sword|boost
|-boost|p1a: Zacian|atk|1
|move|p2a: Rayquaza|Earthquake|p1a: Zacian
|-supereffective|p1a: Zacian
|-damage|p1a: Zacian|0 fnt
|faint|p1a: Zacian
|
|-weather|DeltaStream|[upkeep]
|upkeep
|inactive|T4nner has 120 seconds left.
|
|t:|1631836739
|switch|p1a: Calyrex|Calyrex-Shadow|100/100
|-ability|p1a: Calyrex|As One
|-ability|p1a: Calyrex|Unnerve
|-damage|p1a: Calyrex|88/100|[from] Stealth Rock
|turn|12
|
|t:|1631836743
|-weather|none
|switch|p2a: Yveltal|Yveltal|100/100
|-ability|p2a: Yveltal|Dark Aura
|move|p1a: Calyrex|Draining Kiss|p2a: Yveltal
|-supereffective|p2a: Yveltal
|-damage|p2a: Yveltal|69/100
|-heal|p1a: Calyrex|100/100|[from] drain|[of] p2a: Yveltal
|
|upkeep
|turn|13
|inactive|T4nner has 120 seconds left.
|
|t:|1631836763
|switch|p1a: Groudon|Groudon-Primal|25/100
|-damage|p1a: Groudon|12/100|[from] Stealth Rock
|-weather|DesolateLand|[from] ability: Desolate Land|[of] p1a: Groudon
|move|p2a: Yveltal|U-turn|p1a: Groudon
|-resisted|p1a: Groudon
|-damage|p1a: Groudon|6/100
|
|t:|1631836766
|switch|p2a: Rayquaza|Rayquaza-Mega|2/100|[from]move: U-turn
|-weather|DeltaStream|[from] ability: Delta Stream|[of] p2a: Rayquaza
|
|-weather|DeltaStream|[upkeep]
|upkeep
|turn|14
|inactive|T4nner has 120 seconds left.
|
|t:|1631836786
|move|p2a: Rayquaza|Scale Shot|p1a: Groudon
|-damage|p1a: Groudon|0 fnt
|faint|p1a: Groudon
|-hitcount|p1: Groudon|1
|-unboost|p2a: Rayquaza|def|1
|-boost|p2a: Rayquaza|spe|1
|
|-weather|DeltaStream|[upkeep]
|upkeep
|inactive|T4nner has 120 seconds left.
|
|t:|1631836797
|switch|p1a: Regieleki|Regieleki|100/100
|-damage|p1a: Regieleki|88/100|[from] Stealth Rock
|turn|15
|inactive|T4nner has 120 seconds left.
|
|t:|1631836806
|-weather|none
|switch|p2a: Marshadow|Marshadow|100/100
|-start|p1a: Regieleki|Dynamax
|-heal|p1a: Regieleki|88/100|[silent]
|move|p1a: Regieleki|Max Lightning|p2a: Marshadow
|-enditem|p2a: Marshadow|Focus Sash
|-damage|p2a: Marshadow|1/100
|-fieldstart|move: Electric Terrain
|
|upkeep
|turn|16
|inactive|T4nner has 120 seconds left.
|
|t:|1631836817
|switch|p2a: Rayquaza|Rayquaza-Mega|2/100
|-weather|DeltaStream|[from] ability: Delta Stream|[of] p2a: Rayquaza
|move|p1a: Regieleki|Max Lightning|p2a: Rayquaza
|-activate||deltastream
|-resisted|p2a: Rayquaza
|-damage|p2a: Rayquaza|0 fnt
|faint|p2a: Rayquaza
|-weather|none
|
|upkeep
|
|t:|1631836821
|switch|p2a: Zacian|Zacian-Crowned|100/100
|-ability|p2a: Zacian|Intrepid Sword|boost
|-boost|p2a: Zacian|atk|1
|turn|17
|
|t:|1631836829
|move|p1a: Regieleki|Max Lightning|p2a: Zacian
|-damage|p2a: Zacian|0 fnt
|faint|p2a: Zacian
|
|-end|p1a: Regieleki|Dynamax
|-heal|p1a: Regieleki|88/100|[silent]
|upkeep
|-message|MiguelRRM forfeited.
|
|win|T4nner
|l|☆MiguelRRM
|l|☆T4nner
