|j|☆MVP2536
|j|☆Gohansenju
|t:|1665429119
|gametype|singles
|player|p1|MVP2536|giovanni|1738
|player|p2|Gohansenju|blue-gen3two|1923
|teamsize|p1|6
|teamsize|p2|6
|gen|8
|tier|[Gen 8] National Dex AG
|rated|
|rule|HP Percentage Mod: HP is shown in percentages
|rule|Endless Battle Clause: Forcing endless battles is banned
|clearpoke
|poke|p1|Groudon|
|poke|p1|Aegislash, M|
|poke|p1|Rotom-Wash|
|poke|p1|Scrafty, M|
|poke|p1|Whimsicott, F|
|poke|p1|Ditto|
|poke|p2|Mewtwo|
|poke|p2|Arceus-*|
|poke|p2|Ditto|
|poke|p2|Rayquaza|
|poke|p2|Zamazenta-*|
|poke|p2|Arceus-*|
|teampreview
|inactive|Battle timer is ON: inactive players will automatically lose when time's up. (requested by Gohansenju)
|inactive|Gohansenju has 120 seconds left.
|
|t:|1665429151
|start
|switch|p1a: Aegislash|Aegislash, M|100/100
|switch|p2a: Zamazenta|Zamazenta-Crowned|100/100
|-ability|p2a: Zamazenta|Dauntless Shield|boost
|-boost|p2a: Zamazenta|def|1
|turn|1
|
|t:|1665429164
|switch|p2a: Arceus|Arceus-Fairy|100/100
|-formechange|p1a: Aegislash|Aegislash-Blade||[from] ability: Stance Change
|move|p1a: Aegislash|Sacred Sword|p2a: Arceus
|-resisted|p2a: Arceus
|-damage|p2a: Arceus|88/100
|
|upkeep
|turn|2
|
|t:|1665429168
|move|p2a: Arceus|Stealth Rock|p1a: Aegislash
|-sidestart|p1: MVP2536|move: Stealth Rock
|move|p1a: Aegislash|Iron Head|p2a: Arceus
|-supereffective|p2a: Arceus
|-damage|p2a: Arceus|30/100
|
|upkeep
|turn|3
|
|t:|1665429173
|move|p2a: Arceus|Recover|p2a: Arceus
|-heal|p2a: Arceus|80/100
|move|p1a: Aegislash|Iron Head|p2a: Arceus
|-supereffective|p2a: Arceus
|-damage|p2a: Arceus|17/100
|
|upkeep
|turn|4
|
|t:|1665429176
|move|p2a: Arceus|Judgment|p1a: Aegislash
|-resisted|p1a: Aegislash
|-damage|p1a: Aegislash|58/100
|move|p1a: Aegislash|Iron Head|p2a: Arceus
|-supereffective|p2a: Arceus
|-damage|p2a: Arceus|0 fnt
|faint|p2a: Arceus
|
|-heal|p1a: Aegislash|64/100|[from] item: Leftovers
|upkeep
|
|t:|1665429190
|switch|p2a: Mewtwo|Mewtwo|100/100
|-ability|p2a: Mewtwo|Pressure
|turn|5
|
|t:|1665429195
|switch|p1a: Scrafty|Scrafty, M|100/100
|-damage|p1a: Scrafty|95/100|[from] Stealth Rock
|move|p2a: Mewtwo|Nasty Plot|p2a: Mewtwo
|-boost|p2a: Mewtwo|spa|2
|
|upkeep
|turn|6
|
|t:|1665429200
|detailschange|p2a: Mewtwo|Mewtwo-Mega-Y
|-mega|p2a: Mewtwo|Mewtwo|Mewtwonite Y
|move|p2a: Mewtwo|Thunderbolt|p1a: Scrafty
|-damage|p1a: Scrafty|49/100
|move|p1a: Scrafty|Knock Off|p2a: Mewtwo
|-supereffective|p2a: Mewtwo
|-damage|p2a: Mewtwo|32/100
|
|upkeep
|turn|7
|
|t:|1665429206
|move|p2a: Mewtwo|Thunderbolt|p1a: Scrafty
|-damage|p1a: Scrafty|5/100
|move|p1a: Scrafty|Ice Punch|p2a: Mewtwo
|-damage|p2a: Mewtwo|5/100
|
|upkeep
|turn|8
|
|t:|1665429215
|switch|p2a: Zamazenta|Zamazenta-Crowned|100/100
|-ability|p2a: Zamazenta|Dauntless Shield|boost
|-boost|p2a: Zamazenta|def|1
|move|p1a: Scrafty|Ice Punch|p2a: Zamazenta
|-resisted|p2a: Zamazenta
|-damage|p2a: Zamazenta|96/100
|
|upkeep
|turn|9
|
|t:|1665429221
|move|p2a: Zamazenta|Behemoth Bash|p1a: Scrafty
|-damage|p1a: Scrafty|0 fnt
|faint|p1a: Scrafty
|
|upkeep
|
|t:|1665429224
|switch|p1a: Aegislash|Aegislash, M|64/100
|-damage|p1a: Aegislash|58/100|[from] Stealth Rock
|turn|10
|
|t:|1665429229
|switch|p2a: Mewtwo|Mewtwo-Mega-Y|5/100
|-formechange|p1a: Aegislash|Aegislash-Blade||[from] ability: Stance Change
|move|p1a: Aegislash|Sacred Sword|p2a: Mewtwo
|-resisted|p2a: Mewtwo
|-damage|p2a: Mewtwo|0 fnt
|faint|p2a: Mewtwo
|
|-heal|p1a: Aegislash|64/100|[from] item: Leftovers
|upkeep
|
|t:|1665429233
|switch|p2a: Rayquaza|Rayquaza|100/100
|-ability|p2a: Rayquaza|Air Lock
|turn|11
|
|t:|1665429238
|switch|p1a: Rotom|Rotom-Wash|100/100
|-damage|p1a: Rotom|88/100|[from] Stealth Rock
|move|p2a: Rayquaza|Earthquake|p1a: Rotom
|-immune|p1a: Rotom|[from] ability: Levitate
|
|upkeep
|turn|12
|
|t:|1665429244
|switch|p2a: Zamazenta|Zamazenta-Crowned|96/100
|-ability|p2a: Zamazenta|Dauntless Shield|boost
|-boost|p2a: Zamazenta|def|1
|move|p1a: Rotom|Foul Play|p2a: Zamazenta
|-resisted|p2a: Zamazenta
|-damage|p2a: Zamazenta|87/100
|
|upkeep
|turn|13
|
|t:|1665429259
|switch|p1a: Aegislash|Aegislash, M|64/100
|-damage|p1a: Aegislash|58/100|[from] Stealth Rock
|move|p2a: Zamazenta|Behemoth Bash|p1a: Aegislash
|-resisted|p1a: Aegislash
|-damage|p1a: Aegislash|37/100
|
|-heal|p1a: Aegislash|43/100|[from] item: Leftovers
|upkeep
|turn|14
|
|t:|1665429266
|switch|p2a: Ditto|Ditto, shiny|100/100
|-transform|p2a: Ditto|p1a: Aegislash|[from] ability: Imposter
|-formechange|p1a: Aegislash|Aegislash-Blade||[from] ability: Stance Change
|move|p1a: Aegislash|Sacred Sword|p2a: Ditto
|-immune|p2a: Ditto
|
|-heal|p1a: Aegislash|49/100|[from] item: Leftovers
|upkeep
|turn|15
|
|t:|1665429283
|switch|p2a: Arceus|Arceus|100/100
|switch|p1a: garbage|Groudon|100/100
|-damage|p1a: garbage|94/100|[from] Stealth Rock
|detailschange|p1a: garbage|Groudon-Primal
|-primal|p1a: garbage
|-weather|DesolateLand|[from] ability: Desolate Land|[of] p1a: garbage
|
|-weather|DesolateLand|[upkeep]
|upkeep
|turn|16
|
|t:|1665429288
|switch|p2a: Rayquaza|Rayquaza|100/100
|-ability|p2a: Rayquaza|Air Lock
|move|p1a: garbage|Heat Crash|p2a: Rayquaza
|-resisted|p2a: Rayquaza
|-damage|p2a: Rayquaza|67/100
|
|-weather|DesolateLand|[upkeep]
|upkeep
|turn|17
|
|t:|1665429293
|move|p2a: Rayquaza|Dragon Ascent|p1a: garbage
|-damage|p1a: garbage|42/100
|-unboost|p2a: Rayquaza|def|1
|-unboost|p2a: Rayquaza|spd|1
|-damage|p2a: Rayquaza|57/100|[from] item: Life Orb
|move|p1a: garbage|Heat Crash|p2a: Rayquaza
|-resisted|p2a: Rayquaza
|-damage|p2a: Rayquaza|7/100
|
|-weather|DesolateLand|[upkeep]
|upkeep
|turn|18
|
|t:|1665429302
|-weather|none
|switch|p1a: Rotom|Rotom-Wash|88/100
|-damage|p1a: Rotom|76/100|[from] Stealth Rock
|move|p2a: Rayquaza|Earthquake|p1a: Rotom
|-immune|p1a: Rotom|[from] ability: Levitate
|
|upkeep
|turn|19
|
|t:|1665429317
|switch|p1a: garbage|Groudon-Primal|42/100
|-damage|p1a: garbage|30/100|[from] Stealth Rock
|-weather|DesolateLand|[from] ability: Desolate Land|[of] p1a: garbage
|move|p2a: Rayquaza|Dragon Claw|p1a: garbage
|-damage|p1a: garbage|0 fnt
|faint|p1a: garbage
|-weather|none
|-damage|p2a: Rayquaza|0 fnt|[from] item: Life Orb
|faint|p2a: Rayquaza
|
|upkeep
|
|t:|1665429329
|switch|p2a: Arceus|Arceus|100/100
|switch|p1a: Whimsicott|Whimsicott, F|100/100
|turn|20
|
|t:|1665429335
|move|p1a: Whimsicott|Taunt|p2a: Arceus
|-start|p2a: Arceus|move: Taunt
|cant|p2a: Arceus|move: Taunt|Swords Dance
|
|upkeep
|turn|21
|
|t:|1665429339
|switch|p2a: Zamazenta|Zamazenta-Crowned|87/100
|-ability|p2a: Zamazenta|Dauntless Shield|boost
|-boost|p2a: Zamazenta|def|1
|move|p1a: Whimsicott|Leech Seed|p2a: Zamazenta
|-start|p2a: Zamazenta|move: Leech Seed
|
|-damage|p2a: Zamazenta|74/100|[from] Leech Seed|[of] p1a: Whimsicott
|upkeep
|turn|22
|
|t:|1665429343
|switch|p2a: Arceus|Arceus|100/100
|switch|p1a: Aegislash|Aegislash, M|49/100
|-damage|p1a: Aegislash|43/100|[from] Stealth Rock
|
|-heal|p1a: Aegislash|49/100|[from] item: Leftovers
|upkeep
|turn|23
|
|t:|1665429348
|move|p2a: Arceus|Swords Dance|p2a: Arceus
|-boost|p2a: Arceus|atk|2
|-formechange|p1a: Aegislash|Aegislash-Blade||[from] ability: Stance Change
|move|p1a: Aegislash|Iron Head|p2a: Arceus
|-damage|p2a: Arceus|71/100
|
|-heal|p1a: Aegislash|55/100|[from] item: Leftovers
|upkeep
|turn|24
|
|t:|1665429358
|move|p2a: Arceus|Shadow Claw|p1a: Aegislash
|-supereffective|p1a: Aegislash
|-damage|p1a: Aegislash|0 fnt
|faint|p1a: Aegislash
|
|upkeep
|
|t:|1665429364
|switch|p1a: Rotom|Rotom-Wash|76/100
|-damage|p1a: Rotom|64/100|[from] Stealth Rock
|turn|25
|
|t:|1665429370
|-start|p2a: Arceus|Dynamax|
|-heal|p2a: Arceus|71/100|[silent]
|move|p2a: Arceus|Max Strike|p1a: Rotom
|-damage|p1a: Rotom|0 fnt
|faint|p1a: Rotom
|
|upkeep
|
|t:|1665429385
|switch|p1a: Whimsicott|Whimsicott, F|100/100
|turn|26
|
|t:|1665429388
|move|p1a: Whimsicott|Leech Seed|p2a: Arceus
|-start|p2a: Arceus|move: Leech Seed
|move|p2a: Arceus|Max Strike|p1a: Whimsicott
|-damage|p1a: Whimsicott|0 fnt
|faint|p1a: Whimsicott
|
|upkeep
|
|t:|1665429391
|switch|p1a: Ditto|Ditto|100/100
|-damage|p1a: Ditto|88/100|[from] Stealth Rock
|-transform|p1a: Ditto|p2a: Arceus|[from] ability: Imposter
|turn|27
|
|t:|1665429394
|-start|p1a: Ditto|Dynamax|
|-heal|p1a: Ditto|88/100|[silent]
|move|p1a: Ditto|Max Guard|p1a: Ditto
|-singleturn|p1a: Ditto|Max Guard
|move|p2a: Arceus|Max Strike|p1a: Ditto
|-activate|p1a: Ditto|move: Max Guard
|
|-damage|p2a: Arceus|65/100|[from] Leech Seed|[of] p1a: Ditto
|-heal|p1a: Ditto|97/100|[silent]
|upkeep
|-end|p2a: Arceus|Dynamax
|-heal|p2a: Arceus|65/100|[silent]
|turn|28
|
|t:|1665429401
|move|p2a: Arceus|Extreme Speed|p1a: Ditto
|-damage|p1a: Ditto|54/100
|move|p1a: Ditto|Max Strike|p2a: Arceus
|-damage|p2a: Arceus|0 fnt
|faint|p2a: Arceus
|
|upkeep
|
|t:|1665429411
|switch|p2a: Ditto|Ditto, shiny|100/100
|turn|29
|
|t:|1665429415
|move|p1a: Ditto|Max Strike|p2a: Ditto
|-damage|p2a: Ditto|0 fnt
|faint|p2a: Ditto
|
|upkeep
|
|t:|1665429418
|switch|p2a: Zamazenta|Zamazenta-Crowned|74/100
|-ability|p2a: Zamazenta|Dauntless Shield|boost
|-boost|p2a: Zamazenta|def|1
|-end|p1a: Ditto|Dynamax
|-heal|p1a: Ditto|54/100|[silent]
|turn|30
|
|t:|1665429422
|move|p1a: Ditto|Shadow Claw|p2a: Zamazenta
|-damage|p2a: Zamazenta|49/100
|move|p2a: Zamazenta|Close Combat|p1a: Ditto
|-supereffective|p1a: Ditto
|-damage|p1a: Ditto|0 fnt
|-unboost|p2a: Zamazenta|def|1
|-unboost|p2a: Zamazenta|spd|1
|faint|p1a: Ditto
|
|win|Gohansenju
|raw|MVP2536's rating: 1738 &rarr; <strong>1728</strong><br />(-10 for losing)
|raw|Gohansenju's rating: 1923 &rarr; <strong>1933</strong><br />(+10 for winning)
|c|☆MVP2536|gg
|l|☆MVP2536
|c|☆Gohansenju|Gg
