|j|☆cjrohandj
|j|☆cllout
|t:|1668049006
|gametype|singles
|player|p1|cjrohandj|266|1539
|player|p2|cllout|misty-lgpe|1612
|teamsize|p1|6
|teamsize|p2|6
|gen|8
|tier|[Gen 8] National Dex AG
|rated|
|rule|HP Percentage Mod: HP is shown in percentages
|rule|Endless Battle Clause: Forcing endless battles is banned
|clearpoke
|poke|p1|Xerneas-*|
|poke|p1|Rayquaza|
|poke|p1|Marshadow|
|poke|p1|Necrozma-Dusk-Mane|
|poke|p1|Deoxys-Speed|
|poke|p1|Ditto|
|poke|p2|Rayquaza|
|poke|p2|Groudon|
|poke|p2|Necrozma-Dusk-Mane|
|poke|p2|Yveltal|
|poke|p2|Calyrex-Shadow|
|poke|p2|Shaymin-Sky|
|teampreview
|inactive|Battle timer is ON: inactive players will automatically lose when time's up. (requested by cllout)
|inactive|cjrohandj also wants the timer to be on.
|
|t:|1668049012
|start
|switch|p1a: Deoxys|Deoxys-Speed|100/100
|switch|p2a: Shaymin|Shaymin-Sky|100/100
|-ability|p1a: Deoxys|Pressure
|turn|1
|
|t:|1668049015
|move|p2a: Shaymin|Air Slash|p1a: Deoxys
|-damage|p1a: Deoxys|51/100
|cant|p1a: Deoxys|flinch
|
|upkeep
|turn|2
|
|t:|1668049020
|switch|p1a: Necrozma|Necrozma-Dusk-Mane|100/100
|move|p2a: Shaymin|Air Slash|p1a: Necrozma
|-resisted|p1a: Necrozma
|-damage|p1a: Necrozma|83/100
|
|upkeep
|turn|3
|
|t:|1668049026
|switch|p2a: Groudon|Groudon|100/100
|detailschange|p2a: Groudon|Groudon-Primal
|-primal|p2a: Groudon
|-weather|DesolateLand|[from] ability: Desolate Land|[of] p2a: Groudon
|move|p1a: Necrozma|Cosmic Power|p1a: Necrozma
|-boost|p1a: Necrozma|def|1
|-boost|p1a: Necrozma|spd|1
|
|-weather|DesolateLand|[upkeep]
|upkeep
|turn|4
|
|t:|1668049033
|move|p2a: Groudon|Stealth Rock|p1a: Necrozma
|-sidestart|p1: cjrohandj|move: Stealth Rock
|move|p1a: Necrozma|Cosmic Power|p1a: Necrozma
|-boost|p1a: Necrozma|def|1
|-boost|p1a: Necrozma|spd|1
|
|-weather|DesolateLand|[upkeep]
|upkeep
|turn|5
|
|t:|1668049051
|move|p2a: Groudon|Thunder Wave|p1a: Necrozma
|-status|p1a: Necrozma|par
|cant|p1a: Necrozma|par
|
|-weather|DesolateLand|[upkeep]
|upkeep
|turn|6
|
|t:|1668049057
|move|p2a: Groudon|Precipice Blades|p1a: Necrozma
|-supereffective|p1a: Necrozma
|-damage|p1a: Necrozma|58/100 par
|-enditem|p1a: Necrozma|Weakness Policy
|-boost|p1a: Necrozma|atk|2|[from] item: Weakness Policy
|-boost|p1a: Necrozma|spa|2|[from] item: Weakness Policy
|move|p1a: Necrozma|Morning Sun|p1a: Necrozma
|-heal|p1a: Necrozma|100/100 par
|
|-weather|DesolateLand|[upkeep]
|upkeep
|turn|7
|inactive|cllout has 120 seconds left.
|
|t:|1668049089
|-weather|none
|switch|p2a: Rayquaza|Rayquaza|100/100
|-ability|p2a: Rayquaza|Air Lock
|move|p1a: Necrozma|Cosmic Power|p1a: Necrozma
|-boost|p1a: Necrozma|def|1
|-boost|p1a: Necrozma|spd|1
|
|upkeep
|turn|8
|inactive|cllout has 120 seconds left.
|
|t:|1668049100
|detailschange|p2a: Rayquaza|Rayquaza-Mega
|-mega|p2a: Rayquaza|Rayquaza|
|-weather|DeltaStream|[from] ability: Delta Stream|[of] p2a: Rayquaza
|move|p2a: Rayquaza|Earthquake|p1a: Necrozma
|-supereffective|p1a: Necrozma
|-damage|p1a: Necrozma|78/100 par
|-damage|p2a: Rayquaza|91/100|[from] item: Life Orb
|move|p1a: Necrozma|Cosmic Power|p1a: Necrozma
|-boost|p1a: Necrozma|def|1
|-boost|p1a: Necrozma|spd|1
|
|-weather|DeltaStream|[upkeep]
|upkeep
|turn|9
|inactive|cllout has 120 seconds left.
|
|t:|1668049110
|move|p2a: Rayquaza|Dragon Dance|p2a: Rayquaza
|-boost|p2a: Rayquaza|atk|1
|-boost|p2a: Rayquaza|spe|1
|cant|p1a: Necrozma|par
|
|-weather|DeltaStream|[upkeep]
|upkeep
|turn|10
|j| rowletroost
|
|t:|1668049118
|move|p2a: Rayquaza|Dragon Dance|p2a: Rayquaza
|-boost|p2a: Rayquaza|atk|1
|-boost|p2a: Rayquaza|spe|1
|move|p1a: Necrozma|Cosmic Power|p1a: Necrozma
|-boost|p1a: Necrozma|def|1
|-boost|p1a: Necrozma|spd|1
|
|-weather|DeltaStream|[upkeep]
|upkeep
|turn|11
|
|t:|1668049124
|move|p2a: Rayquaza|Dragon Dance|p2a: Rayquaza
|-boost|p2a: Rayquaza|atk|1
|-boost|p2a: Rayquaza|spe|1
|cant|p1a: Necrozma|par
|
|-weather|DeltaStream|[upkeep]
|upkeep
|turn|12
|
|t:|1668049130
|move|p2a: Rayquaza|Earthquake|p1a: Necrozma
|-supereffective|p1a: Necrozma
|-damage|p1a: Necrozma|44/100 par
|-damage|p2a: Rayquaza|81/100|[from] item: Life Orb
|move|p1a: Necrozma|Sunsteel Strike|p2a: Rayquaza
|-damage|p2a: Rayquaza|0 fnt
|faint|p2a: Rayquaza
|-weather|none
|
|upkeep
|
|t:|1668049144
|switch|p2a: Calyrex|Calyrex-Shadow|100/100
|-ability|p2a: Calyrex|As One
|-ability|p2a: Calyrex|Unnerve
|turn|13
|
|t:|1668049148
|-start|p2a: Calyrex|Dynamax|
|-heal|p2a: Calyrex|100/100|[silent]
|move|p2a: Calyrex|Max Phantasm|p1a: Necrozma
|-supereffective|p1a: Necrozma
|-damage|p1a: Necrozma|14/100 par
|-unboost|p1a: Necrozma|def|1
|move|p1a: Necrozma|Morning Sun|p1a: Necrozma
|-heal|p1a: Necrozma|64/100 par
|
|upkeep
|turn|14
|
|t:|1668049160
|move|p2a: Calyrex|Max Phantasm|p1a: Necrozma
|-supereffective|p1a: Necrozma
|-damage|p1a: Necrozma|37/100 par
|-unboost|p1a: Necrozma|def|1
|move|p1a: Necrozma|Cosmic Power|p1a: Necrozma
|-boost|p1a: Necrozma|def|1
|-boost|p1a: Necrozma|spd|1
|
|upkeep
|turn|15
|
|t:|1668049169
|move|p2a: Calyrex|Max Phantasm|p1a: Necrozma
|-supereffective|p1a: Necrozma
|-damage|p1a: Necrozma|12/100 par
|-unboost|p1a: Necrozma|def|1
|move|p1a: Necrozma|Morning Sun|p1a: Necrozma
|-heal|p1a: Necrozma|62/100 par
|
|upkeep
|-end|p2a: Calyrex|Dynamax
|-heal|p2a: Calyrex|100/100|[silent]
|turn|16
|j| duggy09
|
|t:|1668049188
|move|p2a: Calyrex|Nasty Plot|p2a: Calyrex
|-boost|p2a: Calyrex|spa|2
|cant|p1a: Necrozma|par
|
|upkeep
|turn|17
|
|t:|1668049194
|move|p2a: Calyrex|Nasty Plot|p2a: Calyrex
|-boost|p2a: Calyrex|spa|2
|cant|p1a: Necrozma|par
|
|upkeep
|turn|18
|
|t:|1668049199
|move|p2a: Calyrex|Astral Barrage|p1a: Necrozma
|-supereffective|p1a: Necrozma
|-damage|p1a: Necrozma|0 fnt
|faint|p1a: Necrozma
|-ability|p2a: Calyrex|Grim Neigh|boost
|-boost|p2a: Calyrex|spa|1
|
|upkeep
|
|t:|1668049203
|switch|p1a: Ditto|Ditto|100/100
|-damage|p1a: Ditto|88/100|[from] Stealth Rock
|-transform|p1a: Ditto|p2a: Calyrex|[from] ability: Imposter
|turn|19
|
|t:|1668049211
|move|p1a: Ditto|Astral Barrage|p2a: Calyrex
|-supereffective|p2a: Calyrex
|-enditem|p2a: Calyrex|Focus Sash
|-damage|p2a: Calyrex|1/100
|move|p2a: Calyrex|Astral Barrage|p1a: Ditto
|-supereffective|p1a: Ditto
|-damage|p1a: Ditto|0 fnt
|faint|p1a: Ditto
|-ability|p2a: Calyrex|Grim Neigh|boost
|-boost|p2a: Calyrex|spa|1
|
|upkeep
|
|t:|1668049216
|switch|p1a: Marshadow|Marshadow|100/100
|-damage|p1a: Marshadow|94/100|[from] Stealth Rock
|turn|20
|
|t:|1668049222
|switch|p2a: Yveltal|Yveltal, shiny|100/100
|-ability|p2a: Yveltal|Dark Aura
|move|p1a: Marshadow|Shadow Sneak|p2a: Yveltal
|-resisted|p2a: Yveltal
|-crit|p2a: Yveltal
|-damage|p2a: Yveltal|79/100
|
|upkeep
|turn|21
|
|t:|1668049234
|move|p1a: Marshadow|Rock Tomb|p2a: Yveltal
|-supereffective|p2a: Yveltal
|-damage|p2a: Yveltal|23/100
|-unboost|p2a: Yveltal|spe|1
|move|p2a: Yveltal|Taunt|p1a: Marshadow
|-start|p1a: Marshadow|move: Taunt
|
|upkeep
|turn|22
|
|t:|1668049238
|move|p1a: Marshadow|Rock Tomb|p2a: Yveltal
|-supereffective|p2a: Yveltal
|-damage|p2a: Yveltal|0 fnt
|faint|p2a: Yveltal
|
|upkeep
|
|t:|1668049245
|switch|p2a: Shaymin|Shaymin-Sky|100/100
|turn|23
|
|t:|1668049255
|-start|p1a: Marshadow|Dynamax|
|-heal|p1a: Marshadow|94/100|[silent]
|move|p2a: Shaymin|Air Slash|p1a: Marshadow
|-supereffective|p1a: Marshadow
|-damage|p1a: Marshadow|48/100
|move|p1a: Marshadow|Max Rockfall|p2a: Shaymin
|-supereffective|p2a: Shaymin
|-damage|p2a: Shaymin|10/100
|-weather|Sandstorm
|
|-weather|Sandstorm|[upkeep]
|-damage|p2a: Shaymin|4/100|[from] Sandstorm
|-damage|p1a: Marshadow|44/100|[from] Sandstorm
|upkeep
|turn|24
|
|t:|1668049266
|-end|p1a: Marshadow|Dynamax
|-heal|p1a: Marshadow|44/100|[silent]
|switch|p1a: Deoxys|Deoxys-Speed|51/100
|-damage|p1a: Deoxys|39/100|[from] Stealth Rock
|-ability|p1a: Deoxys|Pressure
|move|p2a: Shaymin|Air Slash|p1a: Deoxys
|-crit|p1a: Deoxys
|-damage|p1a: Deoxys|0 fnt
|faint|p1a: Deoxys
|
|-weather|Sandstorm|[upkeep]
|-damage|p2a: Shaymin|0 fnt|[from] Sandstorm
|faint|p2a: Shaymin
|upkeep
|
|t:|1668049281
|switch|p1a: Rayquaza|Rayquaza|100/100
|switch|p2a: Necrozma|Necrozma-Dusk-Mane|100/100
|-damage|p1a: Rayquaza|76/100|[from] Stealth Rock
|-ability|p1a: Rayquaza|Air Lock
|turn|25
|
|t:|1668049287
|detailschange|p1a: Rayquaza|Rayquaza-Mega
|-mega|p1a: Rayquaza|Rayquaza|
|-weather|DeltaStream|[from] ability: Delta Stream|[of] p1a: Rayquaza
|move|p1a: Rayquaza|Dragon Ascent|p2a: Necrozma
|-resisted|p2a: Necrozma
|-damage|p2a: Necrozma|74/100
|-unboost|p1a: Rayquaza|def|1
|-unboost|p1a: Rayquaza|spd|1
|-damage|p1a: Rayquaza|59/100|[from] item: Rocky Helmet|[of] p2a: Necrozma
|-damage|p1a: Rayquaza|49/100|[from] item: Life Orb
|move|p2a: Necrozma|Thunder Wave|p1a: Rayquaza
|-status|p1a: Rayquaza|par
|
|-weather|DeltaStream|[upkeep]
|upkeep
|turn|26
|
|t:|1668049302
|move|p2a: Necrozma|Sunsteel Strike|p1a: Rayquaza
|-damage|p1a: Rayquaza|0 fnt
|faint|p1a: Rayquaza
|-weather|none
|
|upkeep
|
|t:|1668049305
|switch|p1a: Marshadow|Marshadow|44/100
|-damage|p1a: Marshadow|38/100|[from] Stealth Rock
|turn|27
|
|t:|1668049314
|move|p1a: Marshadow|Spectral Thief|p2a: Necrozma
|-supereffective|p2a: Necrozma
|-damage|p2a: Necrozma|36/100
|-damage|p1a: Marshadow|22/100|[from] item: Rocky Helmet|[of] p2a: Necrozma
|move|p2a: Necrozma|Earthquake|p1a: Marshadow
|-damage|p1a: Marshadow|0 fnt
|faint|p1a: Marshadow
|
|upkeep
|
|t:|1668049318
|switch|p1a: Xerneas|Xerneas|100/100
|-damage|p1a: Xerneas|88/100|[from] Stealth Rock
|-ability|p1a: Xerneas|Fairy Aura
|turn|28
|
|t:|1668049323
|move|p1a: Xerneas|Geomancy||[still]
|-prepare|p1a: Xerneas|Geomancy
|-enditem|p1a: Xerneas|Power Herb
|-anim|p1a: Xerneas|Geomancy|p1a: Xerneas
|-boost|p1a: Xerneas|spa|2
|-boost|p1a: Xerneas|spd|2
|-boost|p1a: Xerneas|spe|2
|move|p2a: Necrozma|Sunsteel Strike|p1a: Xerneas
|-supereffective|p1a: Xerneas
|-damage|p1a: Xerneas|0 fnt
|faint|p1a: Xerneas
|
|win|cllout
|raw|cjrohandj's rating: 1539 &rarr; <strong>1523</strong><br />(-16 for losing)
|raw|cllout's rating: 1612 &rarr; <strong>1628</strong><br />(+16 for winning)
|l|☆cjrohandj
|c|☆cllout|dd
|c|☆cllout|gg
|l| rowletroost
||Ladder isn't responding, score probably updated but might not have (Request timeout).
