|j|☆BooOme
|j|☆starkorea74
|t:|1632926837
|gametype|singles
|player|p1|BooOme|266|
|player|p2|starkorea74|266|
|teamsize|p1|6
|teamsize|p2|6
|gen|8
|tier|[Gen 8] National Dex AG
|rule|HP Percentage Mod: HP is shown in percentages
|rule|Endless Battle Clause: Forcing endless battles is banned
|clearpoke
|poke|p1|Calyrex-Shadow|
|poke|p1|Yveltal|
|poke|p1|Chansey, F|
|poke|p1|Necrozma-Dusk-Mane|
|poke|p1|Zygarde|
|poke|p1|Arceus-*|
|poke|p2|Groudon|
|poke|p2|Rayquaza|
|poke|p2|Arceus-*|
|poke|p2|Ho-Oh|
|poke|p2|Necrozma-Dusk-Mane|
|poke|p2|Yveltal|
|teampreview
|c|☆BooOme|e
|
|t:|1632926848
|start
|switch|p1a: Calyrex|Calyrex-Shadow|100/100
|switch|p2a: Rayquaza|Rayquaza|100/100
|-ability|p1a: Calyrex|As One
|-ability|p1a: Calyrex|Unnerve
|-ability|p2a: Rayquaza|Air Lock
|turn|1
|
|t:|1632926857
|detailschange|p2a: Rayquaza|Rayquaza-Mega
|-mega|p2a: Rayquaza|Rayquaza|
|-weather|DeltaStream|[from] ability: Delta Stream|[of] p2a: Rayquaza
|move|p1a: Calyrex|Substitute|p1a: Calyrex
|-start|p1a: Calyrex|Substitute
|-damage|p1a: Calyrex|76/100
|move|p2a: Rayquaza|Scale Shot|p1a: Calyrex|[miss]
|-miss|p2a: Rayquaza|p1a: Calyrex
|
|-weather|DeltaStream|[upkeep]
|upkeep
|turn|2
|
|t:|1632926866
|-zpower|p1a: Calyrex
|move|p1a: Calyrex|Never-Ending Nightmare|p2a: Rayquaza|[zeffect]
|-damage|p2a: Rayquaza|0 fnt
|faint|p2a: Rayquaza
|-weather|none
|-ability|p1a: Calyrex|Grim Neigh|boost
|-boost|p1a: Calyrex|spa|1
|
|upkeep
|c|☆BooOme|yes
|
|t:|1632926874
|switch|p2a: Arceus|Arceus-Dark|100/100
|turn|3
|c|☆BooOme|I DODGED
|
|t:|1632926881
|move|p1a: Calyrex|Nasty Plot|p1a: Calyrex
|-boost|p1a: Calyrex|spa|2
|move|p2a: Arceus|Calm Mind|p2a: Arceus
|-boost|p2a: Arceus|spa|1
|-boost|p2a: Arceus|spd|1
|
|upkeep
|turn|4
|
|t:|1632926892
|move|p1a: Calyrex|Baton Pass|p1a: Calyrex
|
|t:|1632926894
|switch|p1a: Yveltal|Yveltal|100/100|[from]move: Baton Pass
|-ability|p1a: Yveltal|Dark Aura
|move|p2a: Arceus|Judgment|p1a: Yveltal
|-resisted|p1a: Yveltal
|-end|p1a: Yveltal|Substitute
|
|upkeep
|turn|5
|
|t:|1632926905
|-start|p2a: Arceus|Dynamax
|-heal|p2a: Arceus|100/100|[silent]
|move|p2a: Arceus|Max Darkness|p1a: Yveltal
|-resisted|p1a: Yveltal
|-damage|p1a: Yveltal|66/100
|-unboost|p1a: Yveltal|spd|1
|move|p1a: Yveltal|Taunt|p2a: Arceus
|-start|p2a: Arceus|move: Taunt
|
|upkeep
|turn|6
|
|t:|1632926916
|move|p2a: Arceus|Max Darkness|p1a: Yveltal
|-resisted|p1a: Yveltal
|-damage|p1a: Yveltal|15/100
|-unboost|p1a: Yveltal|spd|1
|move|p1a: Yveltal|Roost|p1a: Yveltal
|-heal|p1a: Yveltal|66/100
|-singleturn|p1a: Yveltal|move: Roost
|
|upkeep
|turn|7
|
|t:|1632926926
|switch|p1a: Chansey|Chansey, F|100/100
|move|p2a: Arceus|Max Darkness|p1a: Chansey
|-damage|p1a: Chansey|70/100
|-unboost|p1a: Chansey|spd|1
|
|-end|p2a: Arceus|Dynamax
|-heal|p2a: Arceus|100/100|[silent]
|upkeep
|turn|8
|
|t:|1632926937
|move|p2a: Arceus|Judgment|p1a: Chansey
|-crit|p1a: Chansey
|-damage|p1a: Chansey|17/100
|move|p1a: Chansey|Toxic|p2a: Arceus
|-status|p2a: Arceus|tox
|
|-damage|p2a: Arceus|94/100 tox|[from] psn
|-end|p2a: Arceus|move: Taunt
|upkeep
|turn|9
|c|☆BooOme|ahhh
|
|t:|1632926947
|move|p2a: Arceus|Judgment|p1a: Chansey
|-crit|p1a: Chansey
|-damage|p1a: Chansey|0 fnt
|faint|p1a: Chansey
|
|-damage|p2a: Arceus|82/100 tox|[from] psn
|upkeep
|
|t:|1632926952
|switch|p1a: Arceus|Arceus-Ground|100/100
|turn|10
|
|t:|1632926956
|move|p2a: Arceus|Refresh|p2a: Arceus
|-curestatus|p2a: Arceus|tox|[msg]
|move|p1a: Arceus|Swords Dance|p1a: Arceus
|-boost|p1a: Arceus|atk|2
|
|upkeep
|turn|11
|
|t:|1632926961
|move|p2a: Arceus|Judgment|p1a: Arceus
|-damage|p1a: Arceus|53/100
|move|p1a: Arceus|Swords Dance|p1a: Arceus
|-boost|p1a: Arceus|atk|2
|
|upkeep
|turn|12
|
|t:|1632926971
|switch|p2a: Yveltal|Yveltal|100/100
|-ability|p2a: Yveltal|Dark Aura
|move|p1a: Arceus|Recover|p1a: Arceus
|-heal|p1a: Arceus|100/100
|
|upkeep
|turn|13
|
|t:|1632926978
|-start|p1a: Arceus|Dynamax
|-heal|p1a: Arceus|100/100|[silent]
|move|p2a: Yveltal|Dark Pulse|p1a: Arceus
|-damage|p1a: Arceus|75/100
|-damage|p2a: Yveltal|91/100|[from] item: Life Orb
|move|p1a: Arceus|Max Strike|p2a: Yveltal
|-damage|p2a: Yveltal|0 fnt
|faint|p2a: Yveltal
|
|upkeep
|
|t:|1632926989
|switch|p2a: Groudon|Groudon|100/100
|detailschange|p2a: Groudon|Groudon-Primal
|-primal|p2a: Groudon
|-weather|DesolateLand|[from] ability: Desolate Land|[of] p2a: Groudon
|turn|14
|
|t:|1632926995
|-weather|none
|switch|p2a: Ho-Oh|Ho-Oh|100/100
|move|p1a: Arceus|Max Strike|p2a: Ho-Oh
|-damage|p2a: Ho-Oh|4/100
|-unboost|p2a: Ho-Oh|spe|1
|
|upkeep
|turn|15
|
|t:|1632927003
|switch|p2a: Necrozma|Necrozma-Dusk-Mane|100/100
|move|p1a: Arceus|Max Quake|p2a: Necrozma
|-supereffective|p2a: Necrozma
|-damage|p2a: Necrozma|0 fnt
|-boost|p1a: Arceus|spd|1
|faint|p2a: Necrozma
|
|-end|p1a: Arceus|Dynamax
|-heal|p1a: Arceus|75/100|[silent]
|upkeep
|c|☆starkorea74|gg
|c|☆BooOme|you can't fool me
|-message|starkorea74 forfeited.
|
|win|BooOme
|l|☆starkorea74
|c|☆BooOme|but
