|j|☆Rlortek
|j|☆DJ Phoenix da Poet
|t:|1656130698
|gametype|singles
|player|p1|Rlortek|ethan|1559
|player|p2|DJ Phoenix da Poet|iris-gen5bw2|1734
|teamsize|p1|6
|teamsize|p2|6
|gen|8
|tier|[Gen 8] National Dex AG
|rated|
|rule|HP Percentage Mod: HP is shown in percentages
|rule|Endless Battle Clause: Forcing endless battles is banned
|clearpoke
|poke|p1|Marshadow|
|poke|p1|Ho-Oh|
|poke|p1|Slowbro, F|
|poke|p1|Zacian-*|
|poke|p1|Calyrex-Shadow|
|poke|p1|Kangaskhan, F|
|poke|p2|Necrozma-Dusk-Mane|
|poke|p2|Calyrex-Shadow|
|poke|p2|Zacian-*|
|poke|p2|Groudon|
|poke|p2|Ditto|
|poke|p2|Yveltal|
|teampreview
|
|t:|1656130713
|start
|switch|p1a: Kangaskhan|Kangaskhan, F|100/100
|switch|p2a: Calyrex|Calyrex-Shadow|100/100
|-ability|p2a: Calyrex|As One
|-ability|p2a: Calyrex|Unnerve
|turn|1
|
|t:|1656130724
|move|p1a: Kangaskhan|Fake Out|p2a: Calyrex
|-damage|p2a: Calyrex|81/100
|cant|p2a: Calyrex|flinch
|
|upkeep
|turn|2
|
|t:|1656130729
|detailschange|p1a: Kangaskhan|Kangaskhan-Mega, F
|-mega|p1a: Kangaskhan|Kangaskhan|Kangaskhanite
|move|p1a: Kangaskhan|Sucker Punch||[still]
|-fail|p1a: Kangaskhan
|move|p2a: Calyrex|Calm Mind|p2a: Calyrex
|-boost|p2a: Calyrex|spa|1
|-boost|p2a: Calyrex|spd|1
|
|upkeep
|turn|3
|
|t:|1656130739
|move|p2a: Calyrex|Calm Mind|p2a: Calyrex
|-boost|p2a: Calyrex|spa|1
|-boost|p2a: Calyrex|spd|1
|move|p1a: Kangaskhan|Earthquake|p2a: Calyrex
|-damage|p2a: Calyrex|42/100
|-damage|p2a: Calyrex|32/100
|-hitcount|p2a: Calyrex|2
|
|upkeep
|turn|4
|
|t:|1656130744
|move|p2a: Calyrex|Draining Kiss|p1a: Kangaskhan
|-damage|p1a: Kangaskhan|61/100
|-heal|p2a: Calyrex|62/100|[from] drain|[of] p1a: Kangaskhan
|move|p1a: Kangaskhan|Earthquake|p2a: Calyrex
|-damage|p2a: Calyrex|24/100
|-damage|p2a: Calyrex|14/100
|-hitcount|p2a: Calyrex|2
|
|upkeep
|turn|5
|
|t:|1656130750
|move|p2a: Calyrex|Psychic|p1a: Kangaskhan
|-damage|p1a: Kangaskhan|0 fnt
|faint|p1a: Kangaskhan
|-ability|p2a: Calyrex|Grim Neigh|boost
|-boost|p2a: Calyrex|spa|1
|
|upkeep
|
|t:|1656130755
|switch|p1a: Calyrex|Calyrex-Shadow|100/100
|-ability|p1a: Calyrex|As One
|-ability|p1a: Calyrex|Unnerve
|turn|6
|
|t:|1656130762
|move|p1a: Calyrex|Astral Barrage|p2a: Calyrex
|-supereffective|p2a: Calyrex
|-damage|p2a: Calyrex|0 fnt
|faint|p2a: Calyrex
|-ability|p1a: Calyrex|Grim Neigh|boost
|-boost|p1a: Calyrex|spa|1
|
|upkeep
|
|t:|1656130765
|switch|p2a: Ditto|Ditto|100/100
|-transform|p2a: Ditto|p1a: Calyrex|[from] ability: Imposter
|turn|7
|
|t:|1656130776
|move|p1a: Calyrex|Astral Barrage|p2a: Ditto
|-supereffective|p2a: Ditto
|-enditem|p2a: Ditto|Focus Sash
|-damage|p2a: Ditto|1/100
|move|p2a: Ditto|Astral Barrage|p1a: Calyrex
|-supereffective|p1a: Calyrex
|-crit|p1a: Calyrex
|-damage|p1a: Calyrex|0 fnt
|faint|p1a: Calyrex
|-ability|p2a: Ditto|Grim Neigh|boost
|-boost|p2a: Ditto|spa|1
|
|upkeep
|
|t:|1656130783
|switch|p1a: Marshadow|Marshadow|100/100
|turn|8
|
|t:|1656130790
|switch|p2a: Groudon|Groudon|100/100
|detailschange|p2a: Groudon|Groudon-Primal
|-primal|p2a: Groudon
|-weather|DesolateLand|[from] ability: Desolate Land|[of] p2a: Groudon
|move|p1a: Marshadow|Rock Tomb|p2a: Groudon
|-damage|p2a: Groudon|80/100
|-unboost|p2a: Groudon|spe|1
|
|-weather|DesolateLand|[upkeep]
|upkeep
|turn|9
|
|t:|1656130799
|-start|p1a: Marshadow|Dynamax|
|-heal|p1a: Marshadow|100/100|[silent]
|move|p1a: Marshadow|Max Knuckle|p2a: Groudon
|-damage|p2a: Groudon|48/100
|-boost|p1a: Marshadow|atk|1
|move|p2a: Groudon|Fire Punch|p1a: Marshadow
|-damage|p1a: Marshadow|51/100
|
|-weather|DesolateLand|[upkeep]
|upkeep
|turn|10
|
|t:|1656130810
|move|p1a: Marshadow|Max Rockfall|p2a: Groudon
|-damage|p2a: Groudon|8/100
|move|p2a: Groudon|Fire Punch|p1a: Marshadow
|-damage|p1a: Marshadow|0 fnt
|faint|p1a: Marshadow
|
|-weather|DesolateLand|[upkeep]
|upkeep
|
|t:|1656130818
|switch|p1a: Zacian|Zacian-Crowned|100/100
|-ability|p1a: Zacian|Intrepid Sword|boost
|-boost|p1a: Zacian|atk|1
|turn|11
|
|t:|1656130823
|move|p1a: Zacian|Behemoth Blade|p2a: Groudon
|-resisted|p2a: Groudon
|-damage|p2a: Groudon|0 fnt
|faint|p2a: Groudon
|-weather|none
|
|upkeep
|
|t:|1656130829
|switch|p2a: Necrozma|Necrozma-Dusk-Mane|100/100
|turn|12
|
|t:|1656130836
|switch|p1a: Ho-Oh|Ho-Oh|100/100
|move|p2a: Necrozma|Trick Room|p2a: Necrozma
|-fieldstart|move: Trick Room|[of] p2a: Necrozma
|
|upkeep
|turn|13
|
|t:|1656130841
|move|p2a: Necrozma|Photon Geyser|p1a: Ho-Oh
|-damage|p1a: Ho-Oh|45/100
|move|p1a: Ho-Oh|Will-O-Wisp|p2a: Necrozma
|-status|p2a: Necrozma|brn
|
|-damage|p2a: Necrozma|94/100 brn|[from] brn
|upkeep
|turn|14
|
|t:|1656130851
|move|p2a: Necrozma|Photon Geyser|p1a: Ho-Oh
|-damage|p1a: Ho-Oh|15/100
|move|p1a: Ho-Oh|Roost|p1a: Ho-Oh
|-heal|p1a: Ho-Oh|66/100
|-singleturn|p1a: Ho-Oh|move: Roost
|
|-damage|p2a: Necrozma|88/100 brn|[from] brn
|upkeep
|turn|15
|
|t:|1656130858
|move|p2a: Necrozma|Photon Geyser|p1a: Ho-Oh
|-damage|p1a: Ho-Oh|37/100
|move|p1a: Ho-Oh|Roost|p1a: Ho-Oh
|-heal|p1a: Ho-Oh|87/100
|-singleturn|p1a: Ho-Oh|move: Roost
|
|-damage|p2a: Necrozma|82/100 brn|[from] brn
|upkeep
|turn|16
|
|t:|1656130860
|switch|p2a: Yveltal|Yveltal|100/100
|-ability|p2a: Yveltal|Dark Aura
|move|p1a: Ho-Oh|Sacred Fire|p2a: Yveltal
|-damage|p2a: Yveltal|59/100
|-status|p2a: Yveltal|brn
|
|-damage|p2a: Yveltal|52/100 brn|[from] brn
|-fieldend|move: Trick Room
|upkeep
|turn|17
|
|t:|1656130876
|switch|p1a: Zacian|Zacian-Crowned|100/100
|-ability|p1a: Zacian|Intrepid Sword|boost
|-boost|p1a: Zacian|atk|1
|-start|p2a: Yveltal|Dynamax|
|-heal|p2a: Yveltal|52/100 brn|[silent]
|move|p2a: Yveltal|Max Airstream|p1a: Zacian
|-resisted|p1a: Zacian
|-damage|p1a: Zacian|58/100
|-boost|p2a: Yveltal|spe|1
|-damage|p2a: Yveltal|47/100 brn|[from] item: Life Orb
|
|-damage|p2a: Yveltal|44/100 brn|[from] brn
|upkeep
|turn|18
|j| Lance's Time
|
|t:|1656130882
|move|p2a: Yveltal|Max Flare|p1a: Zacian
|-supereffective|p1a: Zacian
|-damage|p1a: Zacian|0 fnt
|-weather|SunnyDay
|faint|p1a: Zacian
|-damage|p2a: Yveltal|39/100 brn|[from] item: Life Orb
|
|-weather|SunnyDay|[upkeep]
|-damage|p2a: Yveltal|36/100 brn|[from] brn
|upkeep
|
|t:|1656130887
|switch|p1a: Slowbro|Slowbro, F|100/100
|turn|19
|
|t:|1656130894
|move|p2a: Yveltal|Max Darkness|p1a: Slowbro
|-supereffective|p1a: Slowbro
|-damage|p1a: Slowbro|0 fnt
|faint|p1a: Slowbro
|-damage|p2a: Yveltal|31/100 brn|[from] item: Life Orb
|
|-weather|SunnyDay|[upkeep]
|-damage|p2a: Yveltal|28/100 brn|[from] brn
|upkeep
|
|t:|1656130897
|switch|p1a: Ho-Oh|Ho-Oh|100/100
|-end|p2a: Yveltal|Dynamax
|-heal|p2a: Yveltal|28/100 brn|[silent]
|turn|20
|
|t:|1656130900
|move|p2a: Yveltal|Oblivion Wing|p1a: Ho-Oh
|-damage|p1a: Ho-Oh|73/100
|-heal|p2a: Yveltal|50/100 brn|[from] drain|[of] p1a: Ho-Oh
|-damage|p2a: Yveltal|40/100 brn|[from] item: Life Orb
|move|p1a: Ho-Oh|Sacred Fire|p2a: Yveltal
|-damage|p2a: Yveltal|0 fnt
|faint|p2a: Yveltal
|
|-weather|SunnyDay|[upkeep]
|upkeep
|
|t:|1656130906
|switch|p2a: Zacian|Zacian-Crowned|100/100
|-ability|p2a: Zacian|Intrepid Sword|boost
|-boost|p2a: Zacian|atk|1
|turn|21
|
|t:|1656130910
|move|p2a: Zacian|Wild Charge|p1a: Ho-Oh
|-supereffective|p1a: Ho-Oh
|-damage|p1a: Ho-Oh|0 fnt
|faint|p1a: Ho-Oh
|-damage|p2a: Zacian|77/100|[from] Recoil
|
|win|DJ Phoenix da Poet
|raw|Rlortek's rating: 1559 &rarr; <strong>1548</strong><br />(-11 for losing)
|raw|DJ Phoenix da Poet's rating: 1734 &rarr; <strong>1745</strong><br />(+11 for winning)
|l|☆Rlortek
