|j|☆TaxFraud094
|j|☆UncleShannon
|t:|1660569746
|gametype|singles
|player|p1|TaxFraud094|acetrainerf-gen4|1770
|player|p2|UncleShannon|brawly|1737
|teamsize|p1|6
|teamsize|p2|6
|gen|8
|tier|[Gen 8] National Dex AG
|rated|
|rule|HP Percentage Mod: HP is shown in percentages
|rule|Endless Battle Clause: Forcing endless battles is banned
|clearpoke
|poke|p1|Sableye, F|
|poke|p1|Chansey, F|
|poke|p1|Giratina|
|poke|p1|Quagsire, M|
|poke|p1|Lugia|
|poke|p1|Tyranitar, F|
|poke|p2|Weavile, F|
|poke|p2|Deoxys-Attack|
|poke|p2|Calyrex-Shadow|
|poke|p2|Necrozma-Dusk-Mane|
|poke|p2|Smeargle, F|
|poke|p2|Pheromosa|
|teampreview
|inactive|Battle timer is ON: inactive players will automatically lose when time's up. (requested by TaxFraud094)
|c|☆TaxFraud094|glhf
|
|t:|1660569757
|start
|switch|p1a: Sableye|Sableye, F|100/100
|switch|p2a: Weavile|Weavile, F|100/100
|-ability|p2a: Weavile|Pressure
|turn|1
|
|t:|1660569770
|detailschange|p1a: Sableye|Sableye-Mega, F
|-mega|p1a: Sableye|Sableye|Sablenite
|move|p1a: Sableye|Protect|p1a: Sableye
|-singleturn|p1a: Sableye|Protect
|move|p2a: Weavile|Beat Up|p1a: Sableye
|-activate|p1a: Sableye|move: Protect
|
|upkeep
|turn|2
|l|☆TaxFraud094
|inactive|TaxFraud094 disconnected and has a minute to reconnect!
|player|p1|
|j|☆TaxFraud094
|inactive|TaxFraud094 reconnected and has 140 seconds left.
|player|p1|TaxFraud094|acetrainerf-gen4
|
|t:|1660569785
|move|p2a: Weavile|Beat Up|p1a: Sableye
|-damage|p1a: Sableye|95/100
|-damage|p1a: Sableye|86/100
|-damage|p1a: Sableye|81/100
|-damage|p1a: Sableye|75/100
|-damage|p1a: Sableye|71/100
|-damage|p1a: Sableye|65/100
|-hitcount|p1a: Sableye|6
|cant|p1a: Sableye|flinch
|
|upkeep
|turn|3
|
|t:|1660569794
|move|p2a: Weavile|Beat Up|p1a: Sableye
|-damage|p1a: Sableye|59/100
|-damage|p1a: Sableye|50/100
|-damage|p1a: Sableye|45/100
|-damage|p1a: Sableye|39/100
|-damage|p1a: Sableye|36/100
|-damage|p1a: Sableye|29/100
|-hitcount|p1a: Sableye|6
|move|p1a: Sableye|Recover|p1a: Sableye
|-heal|p1a: Sableye|79/100
|
|upkeep
|turn|4
|
|t:|1660569814
|move|p2a: Weavile|Beat Up|p1a: Sableye
|-damage|p1a: Sableye|73/100
|-damage|p1a: Sableye|65/100
|-damage|p1a: Sableye|61/100
|-damage|p1a: Sableye|53/100
|-damage|p1a: Sableye|50/100
|-damage|p1a: Sableye|44/100
|-hitcount|p1a: Sableye|6
|cant|p1a: Sableye|flinch
|
|upkeep
|turn|5
|
|t:|1660569823
|switch|p1a: Tyranitar|Tyranitar, F|100/100
|-weather|Sandstorm|[from] ability: Sand Stream|[of] p1a: Tyranitar
|move|p2a: Weavile|Beat Up|p1a: Tyranitar
|-resisted|p1a: Tyranitar
|-damage|p1a: Tyranitar|97/100
|-resisted|p1a: Tyranitar
|-damage|p1a: Tyranitar|93/100
|-resisted|p1a: Tyranitar
|-damage|p1a: Tyranitar|90/100
|-resisted|p1a: Tyranitar
|-damage|p1a: Tyranitar|86/100
|-resisted|p1a: Tyranitar
|-crit|p1a: Tyranitar
|-damage|p1a: Tyranitar|84/100
|-resisted|p1a: Tyranitar
|-damage|p1a: Tyranitar|81/100
|-hitcount|p1a: Tyranitar|6
|
|-weather|Sandstorm|[upkeep]
|-damage|p2a: Weavile|94/100|[from] Sandstorm
|-heal|p1a: Tyranitar|87/100|[from] item: Leftovers
|upkeep
|turn|6
|
|t:|1660569839
|move|p2a: Weavile|Triple Axel|p1a: Tyranitar
|-damage|p1a: Tyranitar|79/100
|-damage|p1a: Tyranitar|64/100
|-damage|p1a: Tyranitar|41/100
|-hitcount|p1a: Tyranitar|3
|cant|p1a: Tyranitar|flinch
|
|-weather|Sandstorm|[upkeep]
|-damage|p2a: Weavile|88/100|[from] Sandstorm
|-heal|p1a: Tyranitar|47/100|[from] item: Leftovers
|upkeep
|turn|7
|
|t:|1660569847
|move|p2a: Weavile|Triple Axel|p1a: Tyranitar
|-damage|p1a: Tyranitar|39/100
|-damage|p1a: Tyranitar|24/100
|-damage|p1a: Tyranitar|2/100
|-hitcount|p1a: Tyranitar|3
|move|p1a: Tyranitar|Rock Tomb|p2a: Weavile
|-supereffective|p2a: Weavile
|-damage|p2a: Weavile|0 fnt
|faint|p2a: Weavile
|
|-weather|Sandstorm|[upkeep]
|-heal|p1a: Tyranitar|8/100|[from] item: Leftovers
|upkeep
|j| Cocky but goated
|j| I'll meme
|inactive|UncleShannon has 120 seconds left.
|
|t:|1660569874
|switch|p2a: Deoxys|Deoxys-Attack|100/100
|-ability|p2a: Deoxys|Pressure
|turn|8
|
|t:|1660569879
|switch|p1a: Sableye|Sableye-Mega, F|44/100
|move|p2a: Deoxys|Ice Beam|p1a: Sableye
|-damage|p1a: Sableye|0 fnt
|faint|p1a: Sableye
|-damage|p2a: Deoxys|91/100|[from] item: Life Orb
|
|-weather|Sandstorm|[upkeep]
|-damage|p2a: Deoxys|84/100|[from] Sandstorm
|upkeep
|
|t:|1660569899
|switch|p1a: Chansey|Chansey, F|100/100
|turn|9
|n|!UncleShannon|uncleshannon
|
|t:|1660569908
|switch|p1a: Giratina|Giratina|100/100
|-ability|p1a: Giratina|Pressure
|move|p2a: Deoxys|Superpower|p1a: Giratina
|-immune|p1a: Giratina
|
|-weather|none
|upkeep
|turn|10
|
|t:|1660569915
|switch|p2a: Smeargle|Smeargle, F|100/100
|switch|p1a: Chansey|Chansey, F|100/100
|
|upkeep
|turn|11
|
|t:|1660569927
|switch|p1a: Tyranitar|Tyranitar, F|8/100
|-weather|Sandstorm|[from] ability: Sand Stream|[of] p1a: Tyranitar
|move|p2a: Smeargle|Stealth Rock|p1a: Tyranitar
|-sidestart|p1: TaxFraud094|move: Stealth Rock
|
|-weather|Sandstorm|[upkeep]
|-damage|p2a: Smeargle|94/100|[from] Sandstorm
|-heal|p1a: Tyranitar|14/100|[from] item: Leftovers
|upkeep
|turn|12
|
|t:|1660569934
|move|p2a: Smeargle|Spore|p1a: Tyranitar
|-status|p1a: Tyranitar|slp|[from] move: Spore
|cant|p1a: Tyranitar|slp
|
|-weather|Sandstorm|[upkeep]
|-damage|p2a: Smeargle|88/100|[from] Sandstorm
|-heal|p1a: Tyranitar|21/100 slp|[from] item: Leftovers
|upkeep
|turn|13
|
|t:|1660569943
|switch|p2a: Deoxys|Deoxys-Attack|84/100
|-ability|p2a: Deoxys|Pressure
|cant|p1a: Tyranitar|slp
|
|-weather|Sandstorm|[upkeep]
|-damage|p2a: Deoxys|78/100|[from] Sandstorm
|-heal|p1a: Tyranitar|27/100 slp|[from] item: Leftovers
|upkeep
|turn|14
|
|t:|1660569948
|move|p2a: Deoxys|Ice Beam|p1a: Tyranitar
|-damage|p1a: Tyranitar|8/100 slp
|-damage|p2a: Deoxys|68/100|[from] item: Life Orb
|-curestatus|p1a: Tyranitar|slp|[msg]
|move|p1a: Tyranitar|Rest|p1a: Tyranitar
|-status|p1a: Tyranitar|slp|[from] move: Rest
|-heal|p1a: Tyranitar|100/100 slp|[silent]
|
|-weather|Sandstorm|[upkeep]
|-damage|p2a: Deoxys|62/100|[from] Sandstorm
|upkeep
|turn|15
|
|t:|1660569955
|switch|p1a: Lugia|Lugia|100/100
|-damage|p1a: Lugia|75/100|[from] Stealth Rock
|move|p2a: Deoxys|Ice Beam|p1a: Lugia
|-supereffective|p1a: Lugia
|-damage|p1a: Lugia|25/100
|-damage|p2a: Deoxys|52/100|[from] item: Life Orb
|
|-weather|none
|-heal|p1a: Lugia|32/100|[from] item: Leftovers
|upkeep
|turn|16
|
|t:|1660569963
|move|p2a: Deoxys|Superpower|p1a: Lugia
|-resisted|p1a: Lugia
|-damage|p1a: Lugia|23/100
|-unboost|p2a: Deoxys|atk|1
|-unboost|p2a: Deoxys|def|1
|-damage|p2a: Deoxys|42/100|[from] item: Life Orb
|move|p1a: Lugia|Roost|p1a: Lugia
|-heal|p1a: Lugia|73/100
|-singleturn|p1a: Lugia|move: Roost
|
|-heal|p1a: Lugia|80/100|[from] item: Leftovers
|upkeep
|turn|17
|
|t:|1660569969
|move|p2a: Deoxys|Ice Beam|p1a: Lugia
|-supereffective|p1a: Lugia
|-damage|p1a: Lugia|31/100
|-damage|p2a: Deoxys|32/100|[from] item: Life Orb
|move|p1a: Lugia|Roost|p1a: Lugia
|-heal|p1a: Lugia|81/100
|-singleturn|p1a: Lugia|move: Roost
|
|-heal|p1a: Lugia|87/100|[from] item: Leftovers
|upkeep
|turn|18
|
|t:|1660569974
|switch|p2a: Calyrex|Calyrex-Shadow|100/100
|-ability|p2a: Calyrex|As One
|-ability|p2a: Calyrex|Unnerve
|move|p1a: Lugia|Roost|p1a: Lugia
|-heal|p1a: Lugia|100/100
|-singleturn|p1a: Lugia|move: Roost
|
|upkeep
|turn|19
|
|t:|1660569979
|switch|p1a: Tyranitar|Tyranitar, F|100/100 slp
|-damage|p1a: Tyranitar|88/100 slp|[from] Stealth Rock
|-weather|Sandstorm|[from] ability: Sand Stream|[of] p1a: Tyranitar
|move|p2a: Calyrex|Substitute|p2a: Calyrex
|-start|p2a: Calyrex|Substitute
|-damage|p2a: Calyrex|76/100
|
|-weather|Sandstorm|[upkeep]
|-damage|p2a: Calyrex|69/100|[from] Sandstorm
|-heal|p1a: Tyranitar|94/100 slp|[from] item: Leftovers
|upkeep
|turn|20
|
|t:|1660569984
|move|p2a: Calyrex|Nasty Plot|p2a: Calyrex
|-boost|p2a: Calyrex|spa|2
|cant|p1a: Tyranitar|slp
|
|-weather|Sandstorm|[upkeep]
|-damage|p2a: Calyrex|63/100|[from] Sandstorm
|-heal|p1a: Tyranitar|100/100 slp|[from] item: Leftovers
|upkeep
|turn|21
|
|t:|1660569991
|move|p2a: Calyrex|Nasty Plot|p2a: Calyrex
|-boost|p2a: Calyrex|spa|2
|cant|p1a: Tyranitar|slp
|
|-weather|Sandstorm|[upkeep]
|-damage|p2a: Calyrex|57/100|[from] Sandstorm
|upkeep
|turn|22
|
|t:|1660569994
|move|p2a: Calyrex|Pollen Puff|p1a: Tyranitar
|-supereffective|p1a: Tyranitar
|-crit|p1a: Tyranitar
|-damage|p1a: Tyranitar|0 fnt
|faint|p1a: Tyranitar
|-ability|p2a: Calyrex|Grim Neigh|boost
|-boost|p2a: Calyrex|spa|1
|
|-weather|Sandstorm|[upkeep]
|-damage|p2a: Calyrex|51/100|[from] Sandstorm
|upkeep
|c|☆TaxFraud094|nice crit
|c|☆TaxFraud094|that mattered btw
|
|t:|1660570006
|switch|p1a: Chansey|Chansey, F|100/100
|-damage|p1a: Chansey|88/100|[from] Stealth Rock
|turn|23
|
|t:|1660570022
|move|p2a: Calyrex|Pollen Puff|p1a: Chansey
|-damage|p1a: Chansey|53/100
|move|p1a: Chansey|Confide|p2a: Calyrex
|-unboost|p2a: Calyrex|spa|1
|
|-weather|none
|upkeep
|turn|24
|
|t:|1660570029
|move|p2a: Calyrex|Pollen Puff|p1a: Chansey
|-damage|p1a: Chansey|24/100
|move|p1a: Chansey|Soft-Boiled|p1a: Chansey
|-heal|p1a: Chansey|74/100
|
|upkeep
|turn|25
|
|t:|1660570034
|move|p2a: Calyrex|Pollen Puff|p1a: Chansey
|-damage|p1a: Chansey|45/100
|move|p1a: Chansey|Soft-Boiled|p1a: Chansey
|-heal|p1a: Chansey|95/100
|
|upkeep
|turn|26
|
|t:|1660570038
|move|p2a: Calyrex|Pollen Puff|p1a: Chansey
|-damage|p1a: Chansey|66/100
|move|p1a: Chansey|Confide|p2a: Calyrex
|-unboost|p2a: Calyrex|spa|1
|
|upkeep
|turn|27
|
|t:|1660570043
|move|p2a: Calyrex|Pollen Puff|p1a: Chansey
|-damage|p1a: Chansey|43/100
|move|p1a: Chansey|Soft-Boiled|p1a: Chansey
|-heal|p1a: Chansey|93/100
|
|upkeep
|turn|28
|
|t:|1660570047
|move|p2a: Calyrex|Nasty Plot|p2a: Calyrex
|-boost|p2a: Calyrex|spa|2
|move|p1a: Chansey|Confide|p2a: Calyrex
|-unboost|p2a: Calyrex|spa|1
|
|upkeep
|turn|29
|
|t:|1660570050
|move|p2a: Calyrex|Pollen Puff|p1a: Chansey
|-damage|p1a: Chansey|66/100
|move|p1a: Chansey|Confide|p2a: Calyrex
|-unboost|p2a: Calyrex|spa|1
|
|upkeep
|turn|30
|inactive|UncleShannon has 120 seconds left.
|
|t:|1660570090
|move|p2a: Calyrex|Nasty Plot|p2a: Calyrex
|-boost|p2a: Calyrex|spa|2
|move|p1a: Chansey|Soft-Boiled|p1a: Chansey
|-heal|p1a: Chansey|100/100
|
|upkeep
|turn|31
|
|t:|1660570096
|move|p2a: Calyrex|Pollen Puff|p1a: Chansey
|-damage|p1a: Chansey|70/100
|move|p1a: Chansey|Confide|p2a: Calyrex
|-unboost|p2a: Calyrex|spa|1
|
|upkeep
|turn|32
|
|t:|1660570100
|move|p2a: Calyrex|Pollen Puff|p1a: Chansey
|-damage|p1a: Chansey|44/100
|move|p1a: Chansey|Confide|p2a: Calyrex
|-unboost|p2a: Calyrex|spa|1
|
|upkeep
|turn|33
|
|t:|1660570105
|move|p2a: Calyrex|Pollen Puff|p1a: Chansey
|-damage|p1a: Chansey|22/100
|move|p1a: Chansey|Soft-Boiled|p1a: Chansey
|-heal|p1a: Chansey|72/100
|
|upkeep
|turn|34
|
|t:|1660570114
|move|p2a: Calyrex|Nasty Plot|p2a: Calyrex
|-boost|p2a: Calyrex|spa|2
|move|p1a: Chansey|Soft-Boiled|p1a: Chansey
|-heal|p1a: Chansey|100/100
|
|upkeep
|turn|35
|
|t:|1660570125
|move|p2a: Calyrex|Pollen Puff|p1a: Chansey
|-damage|p1a: Chansey|68/100
|move|p1a: Chansey|Confide|p2a: Calyrex
|-unboost|p2a: Calyrex|spa|1
|
|upkeep
|turn|36
|
|t:|1660570135
|move|p2a: Calyrex|Nasty Plot|p2a: Calyrex
|-boost|p2a: Calyrex|spa|2
|move|p1a: Chansey|Soft-Boiled|p1a: Chansey
|-heal|p1a: Chansey|100/100
|
|upkeep
|turn|37
|
|t:|1660570143
|move|p2a: Calyrex|Pollen Puff|p1a: Chansey
|-crit|p1a: Chansey
|-damage|p1a: Chansey|50/100
|move|p1a: Chansey|Confide|p2a: Calyrex
|-unboost|p2a: Calyrex|spa|1
|
|upkeep
|turn|38
|
|t:|1660570153
|switch|p2a: Deoxys|Deoxys-Attack|32/100
|-ability|p2a: Deoxys|Pressure
|move|p1a: Chansey|Soft-Boiled|p1a: Chansey
|-heal|p1a: Chansey|99/100
|
|upkeep
|turn|39
|
|t:|1660570158
|switch|p1a: Lugia|Lugia|100/100
|-damage|p1a: Lugia|75/100|[from] Stealth Rock
|move|p2a: Deoxys|Ice Beam|p1a: Lugia
|-supereffective|p1a: Lugia
|-damage|p1a: Lugia|21/100
|-damage|p2a: Deoxys|22/100|[from] item: Life Orb
|
|-heal|p1a: Lugia|27/100|[from] item: Leftovers
|upkeep
|turn|40
|
|t:|1660570175
|-start|p1a: Lugia|Dynamax|
|-heal|p1a: Lugia|27/100|[silent]
|move|p1a: Lugia|Max Guard|p1a: Lugia
|-singleturn|p1a: Lugia|Max Guard
|move|p2a: Deoxys|Ice Beam|p1a: Lugia
|-activate|p1a: Lugia|move: Max Guard
|
|-heal|p1a: Lugia|31/100|[from] item: Leftovers
|upkeep
|turn|41
|
|t:|1660570182
|switch|p2a: Smeargle|Smeargle, F|88/100
|move|p1a: Lugia|Max Hailstorm|p2a: Smeargle
|-damage|p2a: Smeargle|35/100
|-weather|Hail
|
|-weather|Hail|[upkeep]
|-damage|p2a: Smeargle|29/100|[from] Hail
|-damage|p1a: Lugia|27/100|[from] Hail
|-heal|p1a: Lugia|31/100|[from] item: Leftovers
|upkeep
|turn|42
|
|t:|1660570199
|switch|p2a: Calyrex|Calyrex-Shadow|51/100
|-ability|p2a: Calyrex|As One
|-ability|p2a: Calyrex|Unnerve
|move|p1a: Lugia|Max Guard||[still]
|-fail|p1a: Lugia
|
|-weather|Hail|[upkeep]
|-damage|p2a: Calyrex|45/100|[from] Hail
|-damage|p1a: Lugia|27/100|[from] Hail
|-heal|p1a: Lugia|31/100|[from] item: Leftovers
|upkeep
|-end|p1a: Lugia|Dynamax
|-heal|p1a: Lugia|31/100|[silent]
|turn|43
|
|t:|1660570207
|switch|p1a: Chansey|Chansey, F|99/100
|-damage|p1a: Chansey|87/100|[from] Stealth Rock
|move|p2a: Calyrex|Astral Barrage|p1a: Chansey
|-immune|p1a: Chansey
|
|-weather|Hail|[upkeep]
|-damage|p2a: Calyrex|39/100|[from] Hail
|-damage|p1a: Chansey|81/100|[from] Hail
|upkeep
|turn|44
|
|t:|1660570214
|switch|p2a: Smeargle|Smeargle, F|29/100
|move|p1a: Chansey|Seismic Toss|p2a: Smeargle
|-damage|p2a: Smeargle|0 fnt
|faint|p2a: Smeargle
|
|-weather|Hail|[upkeep]
|-damage|p1a: Chansey|75/100|[from] Hail
|upkeep
|
|t:|1660570222
|switch|p2a: Pheromosa|Pheromosa|100/100
|turn|45
|
|t:|1660570225
|switch|p1a: Lugia|Lugia|31/100
|-damage|p1a: Lugia|6/100|[from] Stealth Rock
|move|p2a: Pheromosa|Triple Axel|p1a: Lugia
|-supereffective|p1a: Lugia
|-damage|p1a: Lugia|0 fnt
|faint|p1a: Lugia
|-ability|p2a: Pheromosa|Beast Boost|boost
|-boost|p2a: Pheromosa|spe|1
|-hitcount|p1: Lugia|1
|-damage|p2a: Pheromosa|91/100|[from] item: Life Orb
|
|-weather|none
|upkeep
|
|t:|1660570233
|switch|p1a: Quagsire|Quagsire, M|100/100
|-damage|p1a: Quagsire|94/100|[from] Stealth Rock
|turn|46
|
|t:|1660570241
|switch|p2a: Necrozma|Necrozma-Dusk-Mane|100/100
|move|p1a: Quagsire|Recover|p1a: Quagsire
|-heal|p1a: Quagsire|100/100
|
|upkeep
|turn|47
|
|t:|1660570258
|switch|p1a: Giratina|Giratina|100/100
|-damage|p1a: Giratina|88/100|[from] Stealth Rock
|-ability|p1a: Giratina|Pressure
|move|p2a: Necrozma|Dragon Dance|p2a: Necrozma
|-boost|p2a: Necrozma|atk|1
|-boost|p2a: Necrozma|spe|1
|
|-heal|p1a: Giratina|94/100|[from] item: Leftovers
|upkeep
|turn|48
|
|t:|1660570266
|move|p2a: Necrozma|Dragon Dance|p2a: Necrozma
|-boost|p2a: Necrozma|atk|1
|-boost|p2a: Necrozma|spe|1
|move|p1a: Giratina|Will-O-Wisp|p2a: Necrozma|[miss]
|-miss|p1a: Giratina|p2a: Necrozma
|
|-heal|p1a: Giratina|100/100|[from] item: Leftovers
|upkeep
|turn|49
|
|t:|1660570270
|detailschange|p2a: Necrozma|Necrozma-Ultra
|-burst|p2a: Necrozma|Necrozma|Ultranecrozium Z
|move|p2a: Necrozma|Photon Geyser|p1a: Giratina
|-damage|p1a: Giratina|42/100
|move|p1a: Giratina|Will-O-Wisp|p2a: Necrozma
|-status|p2a: Necrozma|brn
|
|-heal|p1a: Giratina|48/100|[from] item: Leftovers
|-damage|p2a: Necrozma|95/100 brn|[from] brn
|upkeep
|turn|50
|
|t:|1660570285
|-zpower|p2a: Necrozma
|move|p2a: Necrozma|Light That Burns the Sky|p1a: Giratina|[zeffect]
|-damage|p1a: Giratina|0 fnt
|faint|p1a: Giratina
|
|-damage|p2a: Necrozma|89/100 brn|[from] brn
|upkeep
|
|t:|1660570287
|switch|p1a: Quagsire|Quagsire, M|100/100
|-damage|p1a: Quagsire|94/100|[from] Stealth Rock
|turn|51
|
|t:|1660570291
|move|p2a: Necrozma|Dragon Dance|p2a: Necrozma
|-boost|p2a: Necrozma|atk|1
|-boost|p2a: Necrozma|spe|1
|move|p1a: Quagsire|Haze|p1a: Quagsire
|-clearallboost
|
|-heal|p1a: Quagsire|100/100|[from] item: Leftovers
|-damage|p2a: Necrozma|83/100 brn|[from] brn
|upkeep
|turn|52
|
|t:|1660570297
|move|p2a: Necrozma|Dragon Dance|p2a: Necrozma
|-boost|p2a: Necrozma|atk|1
|-boost|p2a: Necrozma|spe|1
|move|p1a: Quagsire|Earthquake|p2a: Necrozma
|-damage|p2a: Necrozma|53/100 brn
|
|-damage|p2a: Necrozma|47/100 brn|[from] brn
|upkeep
|turn|53
|
|t:|1660570299
|move|p2a: Necrozma|Photon Geyser|p1a: Quagsire
|-damage|p1a: Quagsire|64/100
|move|p1a: Quagsire|Haze|p1a: Quagsire
|-clearallboost
|
|-heal|p1a: Quagsire|70/100|[from] item: Leftovers
|-damage|p2a: Necrozma|41/100 brn|[from] brn
|upkeep
|turn|54
|
|t:|1660570304
|move|p2a: Necrozma|Dragon Dance|p2a: Necrozma
|-boost|p2a: Necrozma|atk|1
|-boost|p2a: Necrozma|spe|1
|move|p1a: Quagsire|Recover|p1a: Quagsire
|-heal|p1a: Quagsire|100/100
|
|-damage|p2a: Necrozma|35/100 brn|[from] brn
|upkeep
|turn|55
|
|t:|1660570306
|move|p2a: Necrozma|Dragon Dance|p2a: Necrozma
|-boost|p2a: Necrozma|atk|1
|-boost|p2a: Necrozma|spe|1
|move|p1a: Quagsire|Haze|p1a: Quagsire
|-clearallboost
|
|-damage|p2a: Necrozma|29/100 brn|[from] brn
|upkeep
|turn|56
|
|t:|1660570321
|move|p2a: Necrozma|Dragon Dance|p2a: Necrozma
|-boost|p2a: Necrozma|atk|1
|-boost|p2a: Necrozma|spe|1
|move|p1a: Quagsire|Recover||[still]
|-fail|p1a: Quagsire|heal
|
|-damage|p2a: Necrozma|23/100 brn|[from] brn
|upkeep
|turn|57
|n|☆UncleShannon|uncleshannon
|
|t:|1660570323
|move|p2a: Necrozma|Photon Geyser|p1a: Quagsire
|-damage|p1a: Quagsire|62/100
|move|p1a: Quagsire|Haze|p1a: Quagsire
|-clearallboost
|
|-heal|p1a: Quagsire|69/100|[from] item: Leftovers
|-damage|p2a: Necrozma|17/100 brn|[from] brn
|upkeep
|turn|58
|c|☆UncleShannon|Yeah this L is gonna real nice
|
|t:|1660570338
|move|p2a: Necrozma|Photon Geyser|p1a: Quagsire
|-damage|p1a: Quagsire|44/100
|move|p1a: Quagsire|Recover|p1a: Quagsire
|-heal|p1a: Quagsire|94/100
|
|-heal|p1a: Quagsire|99/100|[from] item: Leftovers
|-damage|p2a: Necrozma|11/100 brn|[from] brn
|upkeep
|turn|59
|
|t:|1660570344
|move|p2a: Necrozma|Photon Geyser|p1a: Quagsire
|-damage|p1a: Quagsire|75/100
|move|p1a: Quagsire|Recover|p1a: Quagsire
|-heal|p1a: Quagsire|100/100
|
|-damage|p2a: Necrozma|5/100 brn|[from] brn
|upkeep
|turn|60
|c|☆UncleShannon|All that cryin shit
|
|t:|1660570348
|move|p2a: Necrozma|Dragon Dance|p2a: Necrozma
|-boost|p2a: Necrozma|atk|1
|-boost|p2a: Necrozma|spe|1
|move|p1a: Quagsire|Recover||[still]
|-fail|p1a: Quagsire|heal
|
|-damage|p2a: Necrozma|0 fnt|[from] brn
|faint|p2a: Necrozma
|upkeep
|
|t:|1660570353
|switch|p2a: Deoxys|Deoxys-Attack|22/100
|-ability|p2a: Deoxys|Pressure
|turn|61
|
|t:|1660570362
|move|p2a: Deoxys|Psycho Boost|p1a: Quagsire
|-damage|p1a: Quagsire|0 fnt
|-unboost|p2a: Deoxys|spa|2
|faint|p1a: Quagsire
|-damage|p2a: Deoxys|12/100|[from] item: Life Orb
|
|upkeep
|
|t:|1660570366
|switch|p1a: Chansey|Chansey, F|75/100
|-damage|p1a: Chansey|62/100|[from] Stealth Rock
|turn|62
|c|☆UncleShannon|You and your stall
|c|☆UncleShannon|Can blow me from the back
|c|☆TaxFraud094|cry
|c| Cocky but goated|Face mine
|c|☆UncleShannon|"That crit mattered btw"
|c|☆TaxFraud094|stall is a valid playstyle and you are a baby
|inactive|UncleShannon has 120 seconds left.
|c|☆UncleShannon|Shut your whiny ass up
|c|☆TaxFraud094|:)
|c| Cocky but goated|face my stall if u dare
|c| Cocky but goated|Well said taxy
|c|☆TaxFraud094|cry about little baby
|inactive|UncleShannon has 90 seconds left.
|c|☆UncleShannon|Says the little boy who cried first lmao
|c|☆UncleShannon|I was quiet till you wanna cry about getting crit while using stall
|c|☆TaxFraud094|you need luck to beat me lmao
|c|☆UncleShannon|Keep your shit to yourself
|c|☆UncleShannon|You need stall to win
|inactive|UncleShannon has 60 seconds left.
|
|t:|1660570456
|move|p2a: Deoxys|Superpower|p1a: Chansey
|-supereffective|p1a: Chansey
|-damage|p1a: Chansey|0 fnt
|-unboost|p2a: Deoxys|atk|1
|-unboost|p2a: Deoxys|def|1
|faint|p1a: Chansey
|-damage|p2a: Deoxys|2/100|[from] item: Life Orb
|
|win|UncleShannon
|raw|TaxFraud094's rating: 1770 &rarr; <strong>1748</strong><br />(-22 for losing)
|raw|UncleShannon's rating: 1737 &rarr; <strong>1759</strong><br />(+22 for winning)
|c|☆TaxFraud094|really?
|c| Cocky but goated|Stall is a good playstyle
|c|☆UncleShannon|Apparently nk
|c|☆UncleShannon|cause you still lost
|c|☆TaxFraud094|i can beat you with a different team
|c|☆TaxFraud094|easily
|c|☆TaxFraud094|I can send the team beforehand
|c|☆UncleShannon|I bet it'll be another gimmicky team
|c|☆TaxFraud094|and still beat you
||Ladder isn't responding, score probably updated but might not have (Request timeout).
