|j|☆justznic
|j|☆TomoTaco69
|t:|1668400929
|gametype|singles
|player|p1|justznic|102|1725
|player|p2|TomoTaco69|265|1687
|teamsize|p1|6
|teamsize|p2|6
|gen|8
|tier|[Gen 8] National Dex AG
|rated|
|rule|HP Percentage Mod: HP is shown in percentages
|rule|Endless Battle Clause: Forcing endless battles is banned
|clearpoke
|poke|p1|Klefki, M|
|poke|p1|Ditto|
|poke|p1|Mewtwo|
|poke|p1|Calyrex-Shadow|
|poke|p1|Zacian-*|
|poke|p1|Charizard, F|
|poke|p2|Arceus-*|
|poke|p2|Arceus-*|
|poke|p2|Yveltal|
|poke|p2|Ditto|
|poke|p2|Necrozma-Dusk-Mane|
|poke|p2|Kyogre|
|teampreview
|inactive|Battle timer is ON: inactive players will automatically lose when time's up. (requested by justznic)
|
|t:|1668400936
|start
|switch|p1a: Klefki|Klefki, M|100/100
|switch|p2a: Kyogre|Kyogre|100/100
|-weather|RainDance|[from] ability: Drizzle|[of] p2a: Kyogre
|turn|1
|
|t:|1668400941
|switch|p2a: Arceus|Arceus-Ground|100/100
|move|p1a: Klefki|Thunder Wave|p2a: Arceus
|-immune|p2a: Arceus
|
|-weather|RainDance|[upkeep]
|upkeep
|turn|2
|
|t:|1668400948
|move|p1a: Klefki|Reflect|p1a: Klefki
|-sidestart|p1: justznic|Reflect
|move|p2a: Arceus|Earthquake|p1a: Klefki
|-supereffective|p1a: Klefki
|-damage|p1a: Klefki|42/100
|
|-weather|RainDance|[upkeep]
|-heal|p1a: Klefki|48/100|[from] item: Leftovers
|upkeep
|turn|3
|
|t:|1668400954
|move|p1a: Klefki|Toxic|p2a: Arceus
|-status|p2a: Arceus|tox
|move|p2a: Arceus|Defog|p1a: Klefki
|-unboost|p1a: Klefki|evasion|1
|-sideend|p1: justznic|Reflect
|
|-weather|RainDance|[upkeep]
|-heal|p1a: Klefki|53/100|[from] item: Leftovers
|-damage|p2a: Arceus|94/100 tox|[from] psn
|upkeep
|turn|4
|
|t:|1668400963
|move|p1a: Klefki|Reflect|p1a: Klefki
|-sidestart|p1: justznic|Reflect
|move|p2a: Arceus|Earthquake|p1a: Klefki
|-supereffective|p1a: Klefki
|-damage|p1a: Klefki|0 fnt
|faint|p1a: Klefki
|
|-weather|RainDance|[upkeep]
|-damage|p2a: Arceus|82/100 tox|[from] psn
|upkeep
|
|t:|1668400974
|switch|p1a: Mewtwo|Mewtwo|100/100
|-ability|p1a: Mewtwo|Unnerve
|turn|5
|
|t:|1668400978
|detailschange|p1a: Mewtwo|Mewtwo-Mega-Y
|-mega|p1a: Mewtwo|Mewtwo|Mewtwonite Y
|move|p1a: Mewtwo|Ice Beam|p2a: Arceus
|-supereffective|p2a: Arceus
|-damage|p2a: Arceus|17/100 tox
|move|p2a: Arceus|Rock Tomb|p1a: Mewtwo
|-damage|p1a: Mewtwo|89/100
|-unboost|p1a: Mewtwo|spe|1
|
|-weather|none
|-damage|p2a: Arceus|0 fnt|[from] psn
|faint|p2a: Arceus
|upkeep
|
|t:|1668400983
|switch|p2a: Yveltal|Yveltal|100/100
|-ability|p2a: Yveltal|Dark Aura
|turn|6
|
|t:|1668400989
|switch|p1a: Zacian|Zacian-Crowned|100/100
|-ability|p1a: Zacian|Intrepid Sword|boost
|-boost|p1a: Zacian|atk|1
|-start|p2a: Yveltal|Dynamax|
|-heal|p2a: Yveltal|100/100|[silent]
|move|p2a: Yveltal|Max Airstream|p1a: Zacian
|-resisted|p1a: Zacian
|-damage|p1a: Zacian|57/100
|-boost|p2a: Yveltal|spe|1
|-damage|p2a: Yveltal|95/100|[from] item: Life Orb
|
|upkeep
|turn|7
|
|t:|1668400993
|move|p2a: Yveltal|Max Flare|p1a: Zacian
|-supereffective|p1a: Zacian
|-damage|p1a: Zacian|0 fnt
|-weather|SunnyDay
|faint|p1a: Zacian
|-damage|p2a: Yveltal|90/100|[from] item: Life Orb
|
|-weather|SunnyDay|[upkeep]
|upkeep
|
|t:|1668401012
|switch|p1a: Charizard|Charizard, F|100/100
|turn|8
|
|t:|1668401018
|-start|p1a: Charizard|Dynamax|Gmax
|-heal|p1a: Charizard|100/100|[silent]
|move|p2a: Yveltal|Max Darkness|p1a: Charizard
|-damage|p1a: Charizard|27/100
|-unboost|p1a: Charizard|spd|1
|-damage|p2a: Yveltal|85/100|[from] item: Life Orb
|move|p1a: Charizard|G-Max Wildfire|p2a: Yveltal
|-damage|p2a: Yveltal|0 fnt
|-sidestart|p2: TomoTaco69|G-Max Wildfire
|faint|p2a: Yveltal
|-damage|p1a: Charizard|23/100|[from] item: Life Orb
|
|-weather|SunnyDay|[upkeep]
|-sideend|p1: justznic|Reflect
|upkeep
|
|t:|1668401023
|switch|p2a: Kyogre|Kyogre|100/100
|-weather|RainDance|[from] ability: Drizzle|[of] p2a: Kyogre
|turn|9
|
|t:|1668401035
|move|p2a: Kyogre|Water Spout|p1a: Charizard
|-supereffective|p1a: Charizard
|-damage|p1a: Charizard|0 fnt
|faint|p1a: Charizard
|
|-weather|RainDance|[upkeep]
|-damage|p2a: Kyogre|84/100|[from] G-Max Wildfire
|upkeep
|
|t:|1668401039
|switch|p1a: Mewtwo|Mewtwo-Mega-Y|89/100
|turn|10
|
|t:|1668401043
|switch|p2a: Necrozma|Necrozma-Dusk-Mane|100/100
|move|p1a: Mewtwo|Psystrike|p2a: Necrozma
|-resisted|p2a: Necrozma
|-damage|p2a: Necrozma|89/100
|
|-weather|RainDance|[upkeep]
|-damage|p2a: Necrozma|72/100|[from] G-Max Wildfire
|upkeep
|turn|11
|
|t:|1668401048
|move|p1a: Mewtwo|Taunt|p2a: Necrozma
|-start|p2a: Necrozma|move: Taunt
|cant|p2a: Necrozma|move: Taunt|Stealth Rock
|
|-weather|RainDance|[upkeep]
|-damage|p2a: Necrozma|56/100|[from] G-Max Wildfire
|-sideend|p2: TomoTaco69|G-Max Wildfire
|upkeep
|turn|12
|
|t:|1668401054
|move|p1a: Mewtwo|Flamethrower|p2a: Necrozma
|-supereffective|p2a: Necrozma
|-damage|p2a: Necrozma|37/100
|move|p2a: Necrozma|Knock Off|p1a: Mewtwo
|-supereffective|p1a: Mewtwo
|-damage|p1a: Mewtwo|32/100
|
|-weather|RainDance|[upkeep]
|upkeep
|turn|13
|
|t:|1668401061
|move|p1a: Mewtwo|Flamethrower|p2a: Necrozma
|-supereffective|p2a: Necrozma
|-crit|p2a: Necrozma
|-damage|p2a: Necrozma|9/100
|move|p2a: Necrozma|Knock Off|p1a: Mewtwo
|-supereffective|p1a: Mewtwo
|-damage|p1a: Mewtwo|0 fnt
|faint|p1a: Mewtwo
|
|-weather|none
|-end|p2a: Necrozma|move: Taunt
|upkeep
|
|t:|1668401067
|switch|p1a: Calyrex|Calyrex-Shadow|100/100
|-ability|p1a: Calyrex|As One
|-ability|p1a: Calyrex|Unnerve
|turn|14
|
|t:|1668401072
|move|p1a: Calyrex|Astral Barrage|p2a: Necrozma
|-supereffective|p2a: Necrozma
|-damage|p2a: Necrozma|0 fnt
|faint|p2a: Necrozma
|-ability|p1a: Calyrex|Grim Neigh|boost
|-boost|p1a: Calyrex|spa|1
|
|upkeep
|
|t:|1668401075
|switch|p2a: Kyogre|Kyogre|84/100
|-weather|RainDance|[from] ability: Drizzle|[of] p2a: Kyogre
|turn|15
|
|t:|1668401078
|move|p2a: Kyogre|Water Spout|p1a: Calyrex
|-enditem|p1a: Calyrex|Focus Sash
|-damage|p1a: Calyrex|1/100
|move|p1a: Calyrex|Astral Barrage|p2a: Kyogre
|-damage|p2a: Kyogre|3/100
|
|-weather|RainDance|[upkeep]
|upkeep
|turn|16
|
|t:|1668401084
|move|p2a: Kyogre|Water Spout|p1a: Calyrex
|-damage|p1a: Calyrex|0 fnt
|faint|p1a: Calyrex
|
|-weather|RainDance|[upkeep]
|upkeep
|
|t:|1668401087
|switch|p1a: Ditto|Ditto|100/100
|-transform|p1a: Ditto|p2a: Kyogre|[from] ability: Imposter
|turn|17
|
|t:|1668401092
|move|p2a: Kyogre|Water Spout|p1a: Ditto
|-resisted|p1a: Ditto
|-damage|p1a: Ditto|98/100
|move|p1a: Ditto|Water Spout|p2a: Kyogre
|-resisted|p2a: Kyogre
|-damage|p2a: Kyogre|0 fnt
|faint|p2a: Kyogre
|
|-weather|RainDance|[upkeep]
|upkeep
|
|t:|1668401095
|switch|p2a: Arceus|Arceus-Flying|100/100
|turn|18
|
|t:|1668401106
|switch|p2a: Ditto|Ditto|100/100
|move|p1a: Ditto|Water Spout|p2a: Ditto
|-damage|p2a: Ditto|0 fnt
|faint|p2a: Ditto
|
|-weather|RainDance|[upkeep]
|upkeep
|
|t:|1668401108
|switch|p2a: Arceus|Arceus-Flying|100/100
|turn|19
|
|t:|1668401112
|move|p1a: Ditto|Water Spout|p2a: Arceus
|-damage|p2a: Arceus|17/100
|move|p2a: Arceus|Recover|p2a: Arceus
|-heal|p2a: Arceus|67/100
|
|-weather|none
|upkeep
|turn|20
|
|t:|1668401117
|move|p1a: Ditto|Water Spout|p2a: Arceus
|-damage|p2a: Arceus|13/100
|move|p2a: Arceus|Recover|p2a: Arceus
|-heal|p2a: Arceus|63/100
|
|upkeep
|turn|21
|
|t:|1668401121
|move|p1a: Ditto|Water Spout|p2a: Arceus
|-damage|p2a: Arceus|8/100
|move|p2a: Arceus|Recover|p2a: Arceus
|-heal|p2a: Arceus|58/100
|
|upkeep
|turn|22
|
|t:|1668401127
|-activate|p1a: Ditto|move: Struggle
|move|p1a: Ditto|Struggle|p2a: Arceus
|-damage|p2a: Arceus|52/100
|-damage|p1a: Ditto|73/100|[from] recoil
|move|p2a: Arceus|Recover|p2a: Arceus
|-heal|p2a: Arceus|100/100
|
|upkeep
|turn|23
|inactive|justznic has 120 seconds left.
|inactive|justznic has 90 seconds left.
|inactive|justznic has 60 seconds left.
|inactive|justznic has 30 seconds left.
|inactive|justznic has 20 seconds left.
|inactive|justznic has 15 seconds left.
|inactive|justznic has 10 seconds left.
|inactive|justznic has 5 seconds left.
|-message|justznic lost due to inactivity.
|
|win|TomoTaco69
|raw|justznic's rating: 1725 &rarr; <strong>1703</strong><br />(-22 for losing)
|raw|TomoTaco69's rating: 1687 &rarr; <strong>1709</strong><br />(+22 for winning)
||Ladder isn't responding, score probably updated but might not have (Request timeout).
