|j|☆dootunderscore
|j|☆Trikingtri
|t:|1656557899
|gametype|singles
|player|p1|dootunderscore|brock|1593
|player|p2|Trikingtri|korrina|1558
|teamsize|p1|6
|teamsize|p2|6
|gen|8
|tier|[Gen 8] National Dex AG
|rated|
|rule|HP Percentage Mod: HP is shown in percentages
|rule|Endless Battle Clause: Forcing endless battles is banned
|clearpoke
|poke|p1|Kyogre|
|poke|p1|Klefki, F|
|poke|p1|Necrozma-Dusk-Mane|
|poke|p1|Yveltal|
|poke|p1|Excadrill, M|
|poke|p1|Tyranitar, M|
|poke|p2|Rayquaza|
|poke|p2|Necrozma-Dusk-Mane|
|poke|p2|Ditto|
|poke|p2|Arceus-*|
|poke|p2|Arceus-*|
|poke|p2|Yveltal|
|teampreview
|inactive|Battle timer is ON: inactive players will automatically lose when time's up. (requested by Trikingtri)
|
|t:|1656557929
|start
|switch|p1a: extra drill|Excadrill, M|100/100
|switch|p2a: Rayquaza|Rayquaza|100/100
|-ability|p1a: extra drill|Mold Breaker
|-ability|p2a: Rayquaza|Air Lock
|turn|1
|
|t:|1656557934
|detailschange|p2a: Rayquaza|Rayquaza-Mega
|-mega|p2a: Rayquaza|Rayquaza|
|-weather|DeltaStream|[from] ability: Delta Stream|[of] p2a: Rayquaza
|move|p2a: Rayquaza|Swords Dance|p2a: Rayquaza
|-boost|p2a: Rayquaza|atk|2
|move|p1a: extra drill|Rapid Spin|p2a: Rayquaza
|-damage|p2a: Rayquaza|82/100
|-boost|p1a: extra drill|spe|1
|
|-weather|DeltaStream|[upkeep]
|upkeep
|turn|2
|
|t:|1656557940
|move|p1a: extra drill|Iron Head|p2a: Rayquaza
|-damage|p2a: Rayquaza|42/100
|move|p2a: Rayquaza|Scale Shot|p1a: extra drill
|-resisted|p1a: extra drill
|-damage|p1a: extra drill|67/100
|-resisted|p1a: extra drill
|-damage|p1a: extra drill|36/100
|-hitcount|p1a: extra drill|2
|-unboost|p2a: Rayquaza|def|1
|-boost|p2a: Rayquaza|spe|1
|-damage|p2a: Rayquaza|32/100|[from] item: Life Orb
|
|-weather|DeltaStream|[upkeep]
|upkeep
|turn|3
|
|t:|1656557946
|move|p2a: Rayquaza|Scale Shot|p1a: extra drill
|-resisted|p1a: extra drill
|-damage|p1a: extra drill|1/100
|-resisted|p1a: extra drill
|-damage|p1a: extra drill|0 fnt
|faint|p1a: extra drill
|-hitcount|p1: extra drill|2
|-unboost|p2a: Rayquaza|def|1
|-boost|p2a: Rayquaza|spe|1
|-damage|p2a: Rayquaza|22/100|[from] item: Life Orb
|
|-weather|DeltaStream|[upkeep]
|upkeep
|
|t:|1656557951
|switch|p1a: sora|Klefki, F|100/100
|turn|4
|
|t:|1656557954
|move|p1a: sora|Thunder Wave|p2a: Rayquaza
|-status|p2a: Rayquaza|par
|move|p2a: Rayquaza|Earthquake|p1a: sora
|-supereffective|p1a: sora
|-damage|p1a: sora|0 fnt
|faint|p1a: sora
|-damage|p2a: Rayquaza|12/100 par|[from] item: Life Orb
|
|-weather|DeltaStream|[upkeep]
|upkeep
|
|t:|1656557962
|switch|p1a: wail then|Kyogre|100/100
|-ability|p1a: wail then|Drizzle|[from] deltastream|[fail]
|turn|5
|
|t:|1656557969
|move|p1a: wail then|Water Spout|p2a: Rayquaza
|-resisted|p2a: Rayquaza
|-damage|p2a: Rayquaza|0 fnt
|faint|p2a: Rayquaza
|-weather|none
|
|upkeep
|
|t:|1656557977
|switch|p2a: Ditto|Ditto|100/100
|-transform|p2a: Ditto|p1a: wail then|[from] ability: Imposter
|-weather|RainDance|[from] ability: Drizzle|[of] p2a: Ditto
|turn|6
|
|t:|1656557984
|switch|p1a: terry|Tyranitar, M|100/100
|-weather|Sandstorm|[from] ability: Sand Stream|[of] p1a: terry
|move|p2a: Ditto|Thunder|p1a: terry
|-damage|p1a: terry|73/100
|
|-weather|Sandstorm|[upkeep]
|-damage|p2a: Ditto|94/100|[from] Sandstorm
|upkeep
|turn|7
|
|t:|1656557993
|switch|p2a: Arceus|Arceus-Fairy|100/100
|move|p1a: terry|Dragon Dance|p1a: terry
|-boost|p1a: terry|atk|1
|-boost|p1a: terry|spe|1
|
|-weather|Sandstorm|[upkeep]
|-damage|p2a: Arceus|94/100|[from] Sandstorm
|upkeep
|turn|8
|
|t:|1656558001
|detailschange|p1a: terry|Tyranitar-Mega, M
|-mega|p1a: terry|Tyranitar|Tyranitarite
|move|p1a: terry|Rock Slide|p2a: Arceus
|-damage|p2a: Arceus|51/100
|cant|p2a: Arceus|flinch
|
|-weather|Sandstorm|[upkeep]
|-damage|p2a: Arceus|45/100|[from] Sandstorm
|upkeep
|turn|9
|
|t:|1656558005
|move|p1a: terry|Rock Slide|p2a: Arceus
|-damage|p2a: Arceus|0 fnt
|faint|p2a: Arceus
|
|-weather|Sandstorm|[upkeep]
|upkeep
|
|t:|1656558011
|switch|p2a: Arceus|Arceus-Ground|100/100
|turn|10
|
|t:|1656558015
|move|p1a: terry|Ice Punch|p2a: Arceus
|-supereffective|p2a: Arceus
|-damage|p2a: Arceus|53/100
|move|p2a: Arceus|Earthquake|p1a: terry
|-supereffective|p1a: terry
|-damage|p1a: terry|6/100
|
|-weather|none
|upkeep
|turn|11
|
|t:|1656558020
|move|p1a: terry|Ice Punch|p2a: Arceus
|-supereffective|p2a: Arceus
|-damage|p2a: Arceus|0 fnt
|faint|p2a: Arceus
|
|upkeep
|
|t:|1656558025
|switch|p2a: Ditto|Ditto|94/100
|-transform|p2a: Ditto|p1a: terry|[from] ability: Imposter
|-weather|Sandstorm|[from] ability: Sand Stream|[of] p2a: Ditto
|turn|12
|
|t:|1656558032
|move|p2a: Ditto|Crunch|p1a: terry
|-resisted|p1a: terry
|-damage|p1a: terry|0 fnt
|faint|p1a: terry
|
|-weather|Sandstorm|[upkeep]
|upkeep
|
|t:|1656558042
|switch|p1a: baconator|Yveltal|100/100
|-ability|p1a: baconator|Dark Aura
|turn|13
|inactive|dootunderscore has 120 seconds left.
|
|t:|1656558086
|switch|p1a: wail then|Kyogre|100/100
|-weather|RainDance|[from] ability: Drizzle|[of] p1a: wail then
|move|p2a: Ditto|Crunch|p1a: wail then
|-damage|p1a: wail then|23/100
|-unboost|p1a: wail then|def|1
|
|-weather|RainDance|[upkeep]
|upkeep
|turn|14
|-message|dootunderscore forfeited.
|
|win|Trikingtri
|raw|dootunderscore's rating: 1578 &rarr; <strong>1557</strong><br />(-21 for losing)
|raw|Trikingtri's rating: 1558 &rarr; <strong>1579</strong><br />(+21 for winning)
|l|☆dootunderscore
