|j|☆meepacman
|j|☆Iminlovewluffy
|t:|1624089901
|gametype|singles
|player|p1|meepacman|psychic-gen4|1122
|player|p2|Iminlovewluffy|sabrina|1098
|teamsize|p1|6
|teamsize|p2|6
|gen|8
|tier|[Gen 8] National Dex AG
|rated|
|rule|HP Percentage Mod: HP is shown in percentages
|rule|Endless Battle Clause: Forcing endless battles is banned
|clearpoke
|poke|p1|Kyurem-White|
|poke|p1|Calyrex-Shadow|
|poke|p1|Necrozma-Dawn-Wings|
|poke|p1|Blacephalon|
|poke|p1|Dialga|
|poke|p1|Thundurus, M|
|poke|p2|Breloom, M|
|poke|p2|Urshifu-*, M|
|poke|p2|Tyranitar, F|
|poke|p2|Eevee, M|
|poke|p2|Reshiram|
|poke|p2|Ditto|
|teampreview
|
|t:|1624089922
|start
|switch|p1a: Calyrex|Calyrex-Shadow|100/100
|switch|p2a: The snap|Eevee, M, shiny|100/100
|-ability|p1a: Calyrex|As One
|-ability|p1a: Calyrex|Unnerve
|turn|1
|
|t:|1624089932
|switch|p1a: Thundurus|Thundurus, M|100/100
|-zpower|p2a: The snap
|move|p2a: The snap|Extreme Evoboost|p2a: The snap
|-boost|p2a: The snap|atk|2
|-boost|p2a: The snap|def|2
|-boost|p2a: The snap|spa|2
|-boost|p2a: The snap|spd|2
|-boost|p2a: The snap|spe|2
|
|upkeep
|turn|2
|
|t:|1624089941
|move|p1a: Thundurus|Taunt|p2a: The snap
|-start|p2a: The snap|move: Taunt
|cant|p2a: The snap|move: Taunt|Baton Pass
|
|upkeep
|turn|3
|
|t:|1624089955
|move|p1a: Thundurus|Thunder Wave|p2a: The snap|[miss]
|-miss|p1a: Thundurus|p2a: The snap
|move|p2a: The snap|Body Slam|p1a: Thundurus
|-damage|p1a: Thundurus|46/100
|
|upkeep
|turn|4
|
|t:|1624089965
|move|p1a: Thundurus|Thunder Wave|p2a: The snap|[miss]
|-miss|p1a: Thundurus|p2a: The snap
|move|p2a: The snap|Body Slam|p1a: Thundurus
|-damage|p1a: Thundurus|0 fnt
|faint|p1a: Thundurus
|
|-end|p2a: The snap|move: Taunt
|upkeep
|c|☆meepacman|lmaoooooooo
|c|☆Iminlovewluffy|lmaoooo
|c|☆Iminlovewluffy|get on w it
|c|☆Iminlovewluffy|cmon
|c|☆Iminlovewluffy|mr uber
|c|☆meepacman|being swept by an eve fuc
|
|t:|1624089998
|switch|p1a: Calyrex|Calyrex-Shadow|100/100
|-ability|p1a: Calyrex|As One
|-ability|p1a: Calyrex|Unnerve
|turn|5
|c|☆Iminlovewluffy|lets see
|
|t:|1624090004
|move|p1a: Calyrex|Psychic|p2a: The snap
|-damage|p2a: The snap|55/100
|move|p2a: The snap|Baton Pass|p2a: The snap
|
|t:|1624090024
|switch|p2a: Tyranitar|Tyranitar, F|100/100|[from]move: Baton Pass
|-weather|Sandstorm|[from] ability: Sand Stream|[of] p2a: Tyranitar
|
|-weather|Sandstorm|[upkeep]
|-damage|p1a: Calyrex|94/100|[from] Sandstorm
|upkeep
|turn|6
|
|t:|1624090035
|switch|p1a: Dialga|Dialga|100/100
|-ability|p1a: Dialga|Pressure
|move|p2a: Tyranitar|Dragon Tail|p1a: Dialga
|-damage|p1a: Dialga|63/100
|drag|p1a: Calyrex|Calyrex-Shadow|94/100
|-ability|p1a: Calyrex|As One
|-ability|p1a: Calyrex|Unnerve
|
|-weather|Sandstorm|[upkeep]
|-damage|p1a: Calyrex|88/100|[from] Sandstorm
|upkeep
|turn|7
|
|t:|1624090046
|move|p2a: Tyranitar|Ice Beam|p1a: Calyrex
|-damage|p1a: Calyrex|49/100
|move|p1a: Calyrex|Giga Drain|p2a: Tyranitar
|-supereffective|p2a: Tyranitar
|-crit|p2a: Tyranitar
|-damage|p2a: Tyranitar|0 fnt
|-heal|p1a: Calyrex|99/100|[from] drain|[of] p2a: Tyranitar
|faint|p2a: Tyranitar
|-ability|p1a: Calyrex|Grim Neigh|boost
|-boost|p1a: Calyrex|spa|1
|
|-weather|Sandstorm|[upkeep]
|-damage|p1a: Calyrex|93/100|[from] Sandstorm
|upkeep
|c|☆Iminlovewluffy|: (
|c|☆meepacman|:((
|c|☆meepacman|I'm being shamed of using Ubers when im in ag
|c|☆meepacman|sadge
|c|☆Iminlovewluffy|u should build a calyrax ice with a iron defense and leftover / swords dance or calm mind very good
|c|☆Iminlovewluffy|and i was playing w you dont take me serious liove
|c|☆Iminlovewluffy|we in ag
|
|t:|1624090111
|switch|p2a: Ditto|Ditto|100/100
|-transform|p2a: Ditto|p1a: Calyrex|[from] ability: Imposter
|turn|8
|c|☆meepacman|wdym
|c|☆meepacman|huh this is awkward isn't it
|c|☆meepacman|uhhhhhhhhhhhhhhhh
|c|☆Iminlovewluffy|so calyrex ice with iron defense and swords dance if u get them both of them too 4x u can sweep teams
|
|t:|1624090163
|switch|p1a: Kyurem|Kyurem-White|100/100
|-ability|p1a: Kyurem|Turboblaze
|move|p2a: Ditto|Astral Barrage|p1a: Kyurem
|-damage|p1a: Kyurem|2/100
|
|-weather|Sandstorm|[upkeep]
|-damage|p2a: Ditto|94/100|[from] Sandstorm
|-damage|p1a: Kyurem|0 fnt|[from] Sandstorm
|faint|p1a: Kyurem
|upkeep
|
|t:|1624090165
|switch|p1a: Dialga|Dialga|63/100
|-ability|p1a: Dialga|Pressure
|turn|9
|
|t:|1624090181
|-start|p1a: Dialga|Dynamax
|-heal|p1a: Dialga|63/100|[silent]
|move|p2a: Ditto|Astral Barrage|p1a: Dialga
|-damage|p1a: Dialga|5/100
|move|p1a: Dialga|Max Wyrmwind|p2a: Ditto
|-damage|p2a: Ditto|3/100
|-unboost|p2a: Ditto|atk|1
|
|-weather|none
|upkeep
|turn|10
|c|☆meepacman|sadge
|c|☆meepacman|gg]
|c|☆Iminlovewluffy|sadge
|
|t:|1624090199
|move|p2a: Ditto|Astral Barrage|p1a: Dialga
|-damage|p1a: Dialga|0 fnt
|faint|p1a: Dialga
|-ability|p2a: Ditto|Grim Neigh|boost
|-boost|p2a: Ditto|spa|1
|
|upkeep
|
|t:|1624090202
|switch|p1a: Blacephalon|Blacephalon|100/100
|turn|11
|
|t:|1624090212
|move|p2a: Ditto|Dark Pulse|p1a: Blacephalon
|-supereffective|p1a: Blacephalon
|-damage|p1a: Blacephalon|0 fnt
|faint|p1a: Blacephalon
|-ability|p2a: Ditto|Grim Neigh|boost
|-boost|p2a: Ditto|spa|1
|
|upkeep
|c|☆meepacman|oh
|
|t:|1624090225
|switch|p1a: Calyrex|Calyrex-Shadow|93/100
|-ability|p1a: Calyrex|As One
|-ability|p1a: Calyrex|Unnerve
|turn|12
|
|t:|1624090230
|move|p2a: Ditto|Dark Pulse|p1a: Calyrex
|-supereffective|p1a: Calyrex
|-damage|p1a: Calyrex|0 fnt
|faint|p1a: Calyrex
|-ability|p2a: Ditto|Grim Neigh|boost
|-boost|p2a: Ditto|spa|1
|
|upkeep
|
|t:|1624090234
|switch|p1a: Necrozma|Necrozma-Dawn-Wings|100/100
|turn|13
|
|t:|1624090239
|move|p2a: Ditto|Dark Pulse|p1a: Necrozma
|-supereffective|p1a: Necrozma
|-damage|p1a: Necrozma|0 fnt
|faint|p1a: Necrozma
|
|win|Iminlovewluffy
|raw|meepacman's rating: 1122 &rarr; <strong>1095</strong><br />(-27 for losing)
|raw|Iminlovewluffy's rating: 1098 &rarr; <strong>1125</strong><br />(+27 for winning)
|c|☆Iminlovewluffy|oh my
|c|☆Iminlovewluffy|im sorry
|c|☆meepacman|gg
|c|☆meepacman|nah
|c|☆Iminlovewluffy|i didnt think thatd be a big ass boost but gg
|c|☆Iminlovewluffy|3x spa bruh
|c|☆Iminlovewluffy|thats fufked
|c|☆meepacman|im meming by using all mons with specs
|c|☆meepacman|except for thunderous which was supposed to shut down eevee lmaooooo
|c|☆meepacman|gg
|c|☆Iminlovewluffy|ayeeeeeee i see i see specs is good good and yeah i saw that switch in and said hmmm i dont think he knew this
|l|☆meepacman
