|j|☆mianhua6
|j|☆v87
|t:|1660908433
|gametype|singles
|player|p1|mianhua6|hooligans|1842
|player|p2|v87|1|1778
|teamsize|p1|6
|teamsize|p2|6
|gen|8
|tier|[Gen 8] National Dex AG
|rated|
|rule|HP Percentage Mod: HP is shown in percentages
|rule|Endless Battle Clause: Forcing endless battles is banned
|clearpoke
|poke|p1|Arceus-*|
|poke|p1|Arceus-*|
|poke|p1|Arceus-*|
|poke|p1|Chansey, F|
|poke|p1|Quagsire, M|
|poke|p1|Lugia|
|poke|p2|Zacian-*|
|poke|p2|Groudon|
|poke|p2|Yveltal|
|poke|p2|Rayquaza|
|poke|p2|Kyogre|
|poke|p2|Tornadus, M|
|teampreview
|inactive|Battle timer is ON: inactive players will automatically lose when time's up. (requested by mianhua6)
|
|t:|1660908443
|start
|switch|p1a: Arceus|Arceus-Ground|100/100
|switch|p2a: Groudon|Groudon|100/100
|detailschange|p2a: Groudon|Groudon-Primal
|-primal|p2a: Groudon
|-weather|DesolateLand|[from] ability: Desolate Land|[of] p2a: Groudon
|turn|1
|
|t:|1660908453
|move|p1a: Arceus|Judgment|p2a: Groudon
|-supereffective|p2a: Groudon
|-damage|p2a: Groudon|27/100
|move|p2a: Groudon|Stealth Rock|p1a: Arceus
|-sidestart|p1: mianhua6|move: Stealth Rock
|
|-weather|DesolateLand|[upkeep]
|upkeep
|turn|2
|
|t:|1660908461
|-weather|none
|switch|p2a: Yveltal|Yveltal|100/100
|-ability|p2a: Yveltal|Dark Aura
|move|p1a: Arceus|Defog|p2a: Yveltal
|-unboost|p2a: Yveltal|evasion|1
|-sideend|p1: mianhua6|Stealth Rock|[from] move: Defog|[of] p1a: Arceus
|
|upkeep
|turn|3
|
|t:|1660908472
|switch|p1a: Arceus|Arceus-Dark|100/100
|-start|p2a: Yveltal|Dynamax|
|-heal|p2a: Yveltal|100/100|[silent]
|move|p2a: Yveltal|Max Airstream|p1a: Arceus
|-damage|p1a: Arceus|38/100
|-boost|p2a: Yveltal|spe|1
|-damage|p2a: Yveltal|96/100|[from] item: Life Orb
|
|upkeep
|turn|4
|
|t:|1660908484
|switch|p1a: Chansey|Chansey, F|100/100
|move|p2a: Yveltal|Max Flutterby|p1a: Chansey
|-damage|p1a: Chansey|4/100
|-unboost|p1a: Chansey|spa|1
|-damage|p2a: Yveltal|91/100|[from] item: Life Orb
|
|upkeep
|turn|5
|
|t:|1660908500
|move|p2a: Yveltal|Max Darkness|p1a: Chansey
|-damage|p1a: Chansey|0 fnt
|faint|p1a: Chansey
|-damage|p2a: Yveltal|86/100|[from] item: Life Orb
|
|upkeep
|
|t:|1660908502
|switch|p1a: Arceus|Arceus-Dark|38/100
|-end|p2a: Yveltal|Dynamax
|-heal|p2a: Yveltal|86/100|[silent]
|turn|6
|
|t:|1660908511
|move|p2a: Yveltal|U-turn|p1a: Arceus
|-supereffective|p1a: Arceus
|-damage|p1a: Arceus|0 fnt
|faint|p1a: Arceus
|-damage|p2a: Yveltal|76/100|[from] item: Life Orb
|
|t:|1660908520
|switch|p2a: Rayquaza|Rayquaza|100/100|[from]move: U-turn
|-ability|p2a: Rayquaza|Air Lock
|
|upkeep
|
|t:|1660908527
|switch|p1a: Lugia|Lugia|100/100
|turn|7
|
|t:|1660908532
|detailschange|p2a: Rayquaza|Rayquaza-Mega
|-mega|p2a: Rayquaza|Rayquaza|
|-weather|DeltaStream|[from] ability: Delta Stream|[of] p2a: Rayquaza
|move|p2a: Rayquaza|Scale Shot|p1a: Lugia
|-damage|p1a: Lugia|96/100
|-damage|p1a: Lugia|88/100
|-damage|p1a: Lugia|79/100
|-hitcount|p1a: Lugia|3
|-unboost|p2a: Rayquaza|def|1
|-boost|p2a: Rayquaza|spe|1
|move|p1a: Lugia|Ice Beam|p2a: Rayquaza
|-activate||deltastream
|-supereffective|p2a: Rayquaza
|-damage|p2a: Rayquaza|67/100
|
|-weather|DeltaStream|[upkeep]
|upkeep
|turn|8
|
|t:|1660908549
|-start|p1a: Lugia|Dynamax|
|-heal|p1a: Lugia|79/100|[silent]
|move|p2a: Rayquaza|Dragon Ascent|p1a: Lugia
|-damage|p1a: Lugia|56/100
|-unboost|p2a: Rayquaza|def|1
|-unboost|p2a: Rayquaza|spd|1
|move|p1a: Lugia|Max Hailstorm|p2a: Rayquaza
|-activate||deltastream
|-supereffective|p2a: Rayquaza
|-damage|p2a: Rayquaza|0 fnt
|-weather|Hail
|faint|p2a: Rayquaza
|
|-weather|Hail|[upkeep]
|-damage|p1a: Lugia|53/100|[from] Hail
|upkeep
|inactive|v87 has 120 seconds left.
|
|t:|1660908572
|switch|p2a: Kyogre|Kyogre|100/100
|-weather|RainDance|[from] ability: Drizzle|[of] p2a: Kyogre
|turn|9
|
|t:|1660908577
|move|p2a: Kyogre|Water Spout|p1a: Lugia
|-damage|p1a: Lugia|1/100
|move|p1a: Lugia|Max Hailstorm|p2a: Kyogre
|-resisted|p2a: Kyogre
|-damage|p2a: Kyogre|91/100
|-weather|Hail
|
|-weather|Hail|[upkeep]
|-damage|p2a: Kyogre|84/100|[from] Hail
|-damage|p1a: Lugia|0 fnt|[from] Hail
|faint|p1a: Lugia
|upkeep
|
|t:|1660908581
|switch|p1a: Arceus|Arceus-Water|100/100
|turn|10
|j| dictataz
|
|t:|1660908592
|switch|p2a: Groudon|Groudon-Primal|27/100
|-weather|DesolateLand|[from] ability: Desolate Land|[of] p2a: Groudon
|move|p1a: Arceus|Calm Mind|p1a: Arceus
|-boost|p1a: Arceus|spa|1
|-boost|p1a: Arceus|spd|1
|
|-weather|DesolateLand|[upkeep]
|upkeep
|turn|11
|
|t:|1660908601
|move|p1a: Arceus|Ice Beam|p2a: Groudon
|-damage|p2a: Groudon|0 fnt
|faint|p2a: Groudon
|-weather|none
|
|upkeep
|
|t:|1660908616
|switch|p2a: Zacian|Zacian-Crowned|100/100
|-ability|p2a: Zacian|Intrepid Sword|boost
|-boost|p2a: Zacian|atk|1
|turn|12
|
|t:|1660908630
|switch|p1a: Quagsire|Quagsire, M|100/100
|move|p2a: Zacian|Close Combat|p1a: Quagsire
|-damage|p1a: Quagsire|68/100
|-unboost|p2a: Zacian|def|1
|-unboost|p2a: Zacian|spd|1
|-damage|p2a: Zacian|84/100|[from] item: Rocky Helmet|[of] p1a: Quagsire
|
|upkeep
|turn|13
|
|t:|1660908639
|switch|p2a: Kyogre|Kyogre|84/100
|-weather|RainDance|[from] ability: Drizzle|[of] p2a: Kyogre
|move|p1a: Quagsire|Recover|p1a: Quagsire
|-heal|p1a: Quagsire|100/100
|
|-weather|RainDance|[upkeep]
|upkeep
|turn|14
|
|t:|1660908652
|switch|p1a: Arceus|Arceus-Water|100/100
|move|p2a: Kyogre|Water Spout|p1a: Arceus
|-resisted|p1a: Arceus
|-damage|p1a: Arceus|51/100
|
|-weather|RainDance|[upkeep]
|upkeep
|turn|15
|
|t:|1660908661
|move|p1a: Arceus|Recover|p1a: Arceus
|-heal|p1a: Arceus|100/100
|move|p2a: Kyogre|Water Spout|p1a: Arceus
|-resisted|p1a: Arceus
|-damage|p1a: Arceus|47/100
|
|-weather|RainDance|[upkeep]
|upkeep
|turn|16
|
|t:|1660908672
|switch|p2a: Tornadus|Tornadus, M|100/100
|move|p1a: Arceus|Recover|p1a: Arceus
|-heal|p1a: Arceus|97/100
|
|-weather|RainDance|[upkeep]
|upkeep
|turn|17
|
|t:|1660908684
|switch|p1a: Arceus|Arceus-Ground|100/100
|-zpower|p2a: Tornadus
|move|p2a: Tornadus|Supersonic Skystrike|p1a: Arceus|[zeffect]
|-damage|p1a: Arceus|38/100
|
|-weather|none
|upkeep
|turn|18
|
|t:|1660908696
|move|p2a: Tornadus|Taunt|p1a: Arceus
|-start|p1a: Arceus|move: Taunt
|cant|p1a: Arceus|move: Taunt|Recover
|
|upkeep
|turn|19
|
|t:|1660908709
|switch|p1a: Quagsire|Quagsire, M|100/100
|move|p2a: Tornadus|Hurricane|p1a: Quagsire
|-damage|p1a: Quagsire|28/100
|-start|p1a: Quagsire|confusion
|
|upkeep
|turn|20
|
|t:|1660908723
|move|p2a: Tornadus|Taunt|p1a: Quagsire
|-start|p1a: Quagsire|move: Taunt
|-activate|p1a: Quagsire|confusion
|move|p1a: Quagsire|Earthquake|p2a: Tornadus
|-immune|p2a: Tornadus
|
|upkeep
|turn|21
|
|t:|1660908731
|move|p2a: Tornadus|Hurricane|p1a: Quagsire
|-damage|p1a: Quagsire|0 fnt
|faint|p1a: Quagsire
|
|upkeep
|
|t:|1660908733
|switch|p1a: Arceus|Arceus-Water|97/100
|turn|22
|
|t:|1660908741
|move|p1a: Arceus|Calm Mind|p1a: Arceus
|-boost|p1a: Arceus|spa|1
|-boost|p1a: Arceus|spd|1
|move|p2a: Tornadus|Hurricane|p1a: Arceus|[miss]
|-miss|p2a: Tornadus|p1a: Arceus
|
|upkeep
|turn|23
|
|t:|1660908748
|move|p2a: Tornadus|Taunt|p1a: Arceus
|-start|p1a: Arceus|move: Taunt
|cant|p1a: Arceus|move: Taunt|Calm Mind
|
|upkeep
|turn|24
|
|t:|1660908757
|move|p2a: Tornadus|Tailwind|p2a: Tornadus
|-sidestart|p2: v87|move: Tailwind
|move|p1a: Arceus|Ice Beam|p2a: Tornadus
|-supereffective|p2a: Tornadus
|-damage|p2a: Tornadus|0 fnt
|faint|p2a: Tornadus
|
|upkeep
|
|t:|1660908765
|switch|p2a: Kyogre|Kyogre|84/100
|-weather|RainDance|[from] ability: Drizzle|[of] p2a: Kyogre
|turn|25
|
|t:|1660908775
|move|p2a: Kyogre|Thunder|p1a: Arceus
|-supereffective|p1a: Arceus
|-damage|p1a: Arceus|44/100
|-status|p1a: Arceus|par
|move|p1a: Arceus|Judgment|p2a: Kyogre
|-resisted|p2a: Kyogre
|-damage|p2a: Kyogre|45/100
|
|-weather|RainDance|[upkeep]
|-end|p1a: Arceus|move: Taunt
|upkeep
|turn|26
|
|t:|1660908790
|switch|p2a: Yveltal|Yveltal|76/100
|-ability|p2a: Yveltal|Dark Aura
|switch|p1a: Arceus|Arceus-Ground|38/100
|
|-weather|RainDance|[upkeep]
|upkeep
|turn|27
|j| Mochi Shirou
|l| Mochi Shirou
|
|t:|1660908809
|move|p2a: Yveltal|Foul Play|p1a: Arceus
|-damage|p1a: Arceus|7/100
|-damage|p2a: Yveltal|66/100|[from] item: Life Orb
|move|p1a: Arceus|Recover|p1a: Arceus
|-heal|p1a: Arceus|57/100
|
|-weather|RainDance|[upkeep]
|-sideend|p2: v87|move: Tailwind
|upkeep
|turn|28
|
|t:|1660908818
|move|p1a: Arceus|Judgment|p2a: Yveltal
|-immune|p2a: Yveltal
|move|p2a: Yveltal|U-turn|p1a: Arceus
|-damage|p1a: Arceus|39/100
|-damage|p2a: Yveltal|56/100|[from] item: Life Orb
|
|t:|1660908827
|switch|p2a: Kyogre|Kyogre|45/100|[from]move: U-turn
|
|-weather|RainDance|[upkeep]
|upkeep
|turn|29
|
|t:|1660908838
|move|p1a: Arceus|Judgment|p2a: Kyogre
|-damage|p2a: Kyogre|8/100
|move|p2a: Kyogre|Origin Pulse|p1a: Arceus|[miss]
|-miss|p2a: Kyogre|p1a: Arceus
|
|-weather|none
|upkeep
|turn|30
|
|t:|1660908847
|move|p1a: Arceus|Judgment|p2a: Kyogre
|-damage|p2a: Kyogre|0 fnt
|faint|p2a: Kyogre
|
|upkeep
|
|t:|1660908853
|switch|p2a: Zacian|Zacian-Crowned|84/100
|-ability|p2a: Zacian|Intrepid Sword|boost
|-boost|p2a: Zacian|atk|1
|turn|31
|
|t:|1660908858
|move|p2a: Zacian|Behemoth Blade|p1a: Arceus
|-damage|p1a: Arceus|0 fnt
|faint|p1a: Arceus
|
|upkeep
|
|t:|1660908861
|switch|p1a: Arceus|Arceus-Water|44/100 par
|turn|32
|
|t:|1660908866
|move|p2a: Zacian|Close Combat|p1a: Arceus
|-damage|p1a: Arceus|0 fnt
|-unboost|p2a: Zacian|def|1
|-unboost|p2a: Zacian|spd|1
|faint|p1a: Arceus
|
|win|v87
|raw|mianhua6's rating: 1842 &rarr; <strong>1818</strong><br />(-24 for losing)
|raw|v87's rating: 1778 &rarr; <strong>1802</strong><br />(+24 for winning)
|l|☆mianhua6
||Ladder isn't responding, score probably updated but might not have (Request timeout).
