|j|☆Mangoru123
|j|‽rowletroost
|t:|1642458323
|gametype|singles
|player|p1|Mangoru123|red|1661
|player|p2|rowletroost|lance|1812
|teamsize|p1|6
|teamsize|p2|6
|gen|8
|tier|[Gen 8] National Dex AG
|rated|
|rule|HP Percentage Mod: HP is shown in percentages
|rule|Endless Battle Clause: Forcing endless battles is banned
|clearpoke
|poke|p1|Alomomola, M|
|poke|p1|Zacian-*|
|poke|p1|Rayquaza|
|poke|p1|Calyrex-Shadow|
|poke|p1|Weavile, M|
|poke|p1|Ditto|
|poke|p2|Arceus-*|
|poke|p2|Xerneas-*|
|poke|p2|Kyogre|
|poke|p2|Marshadow|
|poke|p2|Ribombee, M|
|poke|p2|Vivillon-Savanna, F|
|teampreview
|inactive|Battle timer is ON: inactive players will automatically lose when time's up. (requested by rowletroost)
|inactive|rowletroost has 120 seconds left.
|
|t:|1642458375
|start
|switch|p1a: Weavile|Weavile, M|100/100
|switch|p2a: Ribombee|Ribombee, M, shiny|100/100
|-ability|p1a: Weavile|Pressure
|turn|1
|
|t:|1642458380
|move|p1a: Weavile|Fake Out|p2a: Ribombee
|-damage|p2a: Ribombee|74/100
|cant|p2a: Ribombee|flinch
|
|upkeep
|turn|2
|
|t:|1642458382
|move|p1a: Weavile|Taunt|p2a: Ribombee
|-start|p2a: Ribombee|move: Taunt
|move|p2a: Ribombee|Moonblast|p1a: Weavile
|-supereffective|p1a: Weavile
|-damage|p1a: Weavile|0 fnt
|faint|p1a: Weavile
|
|upkeep
|
|t:|1642458386
|switch|p1a: Zacian|Zacian-Crowned|100/100
|-ability|p1a: Zacian|Intrepid Sword|boost
|-boost|p1a: Zacian|atk|1
|turn|3
|
|t:|1642458395
|switch|p2a: Arceus|Arceus-Ground|100/100
|move|p1a: Zacian|Behemoth Blade|p2a: Arceus
|-damage|p2a: Arceus|51/100
|
|upkeep
|turn|4
|
|t:|1642458402
|switch|p1a: Rayquaza|Rayquaza|100/100
|-ability|p1a: Rayquaza|Air Lock
|move|p2a: Arceus|Recover|p2a: Arceus
|-heal|p2a: Arceus|100/100
|
|upkeep
|turn|5
|
|t:|1642458422
|detailschange|p1a: Rayquaza|Rayquaza-Mega
|-mega|p1a: Rayquaza|Rayquaza|
|-weather|DeltaStream|[from] ability: Delta Stream|[of] p1a: Rayquaza
|move|p1a: Rayquaza|Swords Dance|p1a: Rayquaza
|-boost|p1a: Rayquaza|atk|2
|move|p2a: Arceus|Ice Beam|p1a: Rayquaza
|-activate||deltastream
|-supereffective|p1a: Rayquaza
|-damage|p1a: Rayquaza|56/100
|-status|p1a: Rayquaza|frz
|
|-weather|DeltaStream|[upkeep]
|upkeep
|turn|6
|c|☆Mangoru123|...
|
|t:|1642458431
|cant|p1a: Rayquaza|frz
|move|p2a: Arceus|Ice Beam|p1a: Rayquaza
|-activate||deltastream
|-supereffective|p1a: Rayquaza
|-damage|p1a: Rayquaza|11/100 frz
|
|-weather|DeltaStream|[upkeep]
|upkeep
|turn|7
|
|t:|1642458458
|cant|p1a: Rayquaza|frz
|move|p2a: Arceus|Ice Beam|p1a: Rayquaza
|-activate||deltastream
|-supereffective|p1a: Rayquaza
|-damage|p1a: Rayquaza|0 fnt
|faint|p1a: Rayquaza
|-weather|none
|
|upkeep
|l|☆Mangoru123
|inactive|Mangoru123 disconnected and has a minute to reconnect!
|player|p1|
|inactive|Mangoru123 has 30 seconds to reconnect!
|inactive|Mangoru123 has 20 seconds to reconnect!
|inactive|Mangoru123 has 15 seconds to reconnect!
|inactive|Mangoru123 has 10 seconds to reconnect!
|inactive|Mangoru123 has 5 seconds to reconnect!
|-message|Mangoru123 lost due to inactivity.
|
|win|rowletroost
|raw|Mangoru123's rating: 1661 &rarr; <strong>1649</strong><br />(-12 for losing)
|raw|rowletroost's rating: 1812 &rarr; <strong>1824</strong><br />(+12 for winning)
||Ladder isn't responding, score probably updated but might not have (Request timeout).
