|j|☆Solar power duel
|j|☆CLEAR GEM清瑜
|t:|1667106742
|gametype|singles
|player|p1|Solar power duel|leon|1622
|player|p2|CLEAR GEM清瑜|skierf|1901
|teamsize|p1|6
|teamsize|p2|6
|gen|8
|tier|[Gen 8] National Dex AG
|rated|
|rule|HP Percentage Mod: HP is shown in percentages
|rule|Endless Battle Clause: Forcing endless battles is banned
|clearpoke
|poke|p1|Ditto|
|poke|p1|Deoxys-Speed|
|poke|p1|Calyrex-Shadow|
|poke|p1|Yveltal|
|poke|p1|Zacian-*|
|poke|p1|Salamence, M|
|poke|p2|Rayquaza|
|poke|p2|Groudon|
|poke|p2|Necrozma-Dusk-Mane|
|poke|p2|Arceus-*|
|poke|p2|Zacian-*|
|poke|p2|Yveltal|
|teampreview
|inactive|Battle timer is ON: inactive players will automatically lose when time's up. (requested by Solar power duel)
|
|t:|1667106747
|start
|switch|p1a: Deoxys|Deoxys-Speed, shiny|100/100
|switch|p2a: 老烈|Rayquaza, shiny|100/100
|-ability|p1a: Deoxys|Pressure
|-ability|p2a: 老烈|Air Lock
|turn|1
|
|t:|1667106754
|detailschange|p2a: 老烈|Rayquaza-Mega, shiny
|-mega|p2a: 老烈|Rayquaza|
|-weather|DeltaStream|[from] ability: Delta Stream|[of] p2a: 老烈
|move|p1a: Deoxys|Stealth Rock|p2a: 老烈
|-sidestart|p2: CLEAR GEM清瑜|move: Stealth Rock
|move|p2a: 老烈|Scale Shot|p1a: Deoxys
|-damage|p1a: Deoxys|73/100
|-damage|p1a: Deoxys|45/100
|-damage|p1a: Deoxys|12/100
|-damage|p1a: Deoxys|0 fnt
|faint|p1a: Deoxys
|-hitcount|p1: Deoxys|4
|-unboost|p2a: 老烈|def|1
|-boost|p2a: 老烈|spe|1
|-damage|p2a: 老烈|91/100|[from] item: Life Orb
|
|-weather|DeltaStream|[upkeep]
|upkeep
|
|t:|1667106761
|switch|p1a: Zacian|Zacian-Crowned, shiny|100/100
|-ability|p1a: Zacian|Intrepid Sword|boost
|-boost|p1a: Zacian|atk|1
|turn|2
|
|t:|1667106764
|move|p2a: 老烈|Earthquake|p1a: Zacian
|-supereffective|p1a: Zacian
|-crit|p1a: Zacian
|-damage|p1a: Zacian|0 fnt
|faint|p1a: Zacian
|-damage|p2a: 老烈|81/100|[from] item: Life Orb
|
|-weather|DeltaStream|[upkeep]
|upkeep
|
|t:|1667106772
|switch|p1a: Yveltal|Yveltal, shiny|100/100
|-ability|p1a: Yveltal|Dark Aura
|turn|3
|
|t:|1667106776
|move|p2a: 老烈|Dragon Ascent|p1a: Yveltal
|-crit|p1a: Yveltal
|-damage|p1a: Yveltal|0 fnt
|-unboost|p2a: 老烈|def|1
|-unboost|p2a: 老烈|spd|1
|faint|p1a: Yveltal
|-damage|p2a: 老烈|71/100|[from] item: Life Orb
|
|-weather|DeltaStream|[upkeep]
|upkeep
|j| Jelly cookie
|
|t:|1667106784
|switch|p1a: Salamence|Salamence, M, shiny|100/100
|-ability|p1a: Salamence|Intimidate|boost
|-unboost|p2a: 老烈|atk|1
|turn|4
|
|t:|1667106787
|switch|p1a: Calyrex|Calyrex-Shadow|100/100
|-ability|p1a: Calyrex|As One
|-ability|p1a: Calyrex|Unnerve
|move|p2a: 老烈|Dragon Ascent|p1a: Calyrex
|-damage|p1a: Calyrex|13/100
|-unboost|p2a: 老烈|def|1
|-unboost|p2a: 老烈|spd|1
|-damage|p2a: 老烈|61/100|[from] item: Life Orb
|
|-weather|DeltaStream|[upkeep]
|upkeep
|turn|5
|
|t:|1667106799
|move|p1a: Calyrex|Giga Drain|p2a: 老烈
|-resisted|p2a: 老烈
|-crit|p2a: 老烈
|-damage|p2a: 老烈|41/100
|-heal|p1a: Calyrex|24/100|[from] drain|[of] p2a: 老烈
|move|p2a: 老烈|Dragon Ascent|p1a: Calyrex
|-damage|p1a: Calyrex|0 fnt
|-unboost|p2a: 老烈|def|1
|-unboost|p2a: 老烈|spd|1
|faint|p1a: Calyrex
|-damage|p2a: 老烈|32/100|[from] item: Life Orb
|
|-weather|DeltaStream|[upkeep]
|upkeep
|
|t:|1667106804
|switch|p1a: Salamence|Salamence, M, shiny|100/100
|-ability|p1a: Salamence|Intimidate|boost
|-unboost|p2a: 老烈|atk|1
|turn|6
|
|t:|1667106817
|switch|p1a: Ditto|Ditto, shiny|100/100
|-transform|p1a: Ditto|p2a: 老烈|[from] ability: Imposter
|move|p2a: 老烈|Scale Shot|p1a: Ditto|[miss]
|-miss|p2a: 老烈|p1a: Ditto
|
|-weather|DeltaStream|[upkeep]
|upkeep
|turn|7
|
|t:|1667106827
|move|p1a: Ditto|Earthquake|p2a: 老烈
|-immune|p2a: 老烈
|move|p2a: 老烈|Scale Shot|p1a: Ditto
|-supereffective|p1a: Ditto
|-damage|p1a: Ditto|25/100
|-supereffective|p1a: Ditto
|-damage|p1a: Ditto|0 fnt
|faint|p1a: Ditto
|-hitcount|p1: Ditto|2
|-unboost|p2a: 老烈|def|1
|-boost|p2a: 老烈|spe|1
|-damage|p2a: 老烈|22/100|[from] item: Life Orb
|
|-weather|DeltaStream|[upkeep]
|upkeep
|
|t:|1667106831
|switch|p1a: Salamence|Salamence, M, shiny|100/100
|-ability|p1a: Salamence|Intimidate|boost
|-unboost|p2a: 老烈|atk|1
|turn|8
|
|t:|1667106837
|detailschange|p1a: Salamence|Salamence-Mega, M, shiny
|-mega|p1a: Salamence|Salamence|Salamencite
|move|p2a: 老烈|Scale Shot|p1a: Salamence
|-supereffective|p1a: Salamence
|-damage|p1a: Salamence|86/100
|-supereffective|p1a: Salamence
|-damage|p1a: Salamence|71/100
|-supereffective|p1a: Salamence
|-damage|p1a: Salamence|54/100
|-hitcount|p1a: Salamence|3
|-unboost|p2a: 老烈|def|1
|-boost|p2a: 老烈|spe|1
|-damage|p2a: 老烈|12/100|[from] item: Life Orb
|move|p1a: Salamence|Dragon Dance|p1a: Salamence
|-boost|p1a: Salamence|atk|1
|-boost|p1a: Salamence|spe|1
|
|-weather|DeltaStream|[upkeep]
|upkeep
|turn|9
|
|t:|1667106855
|move|p2a: 老烈|Scale Shot|p1a: Salamence
|-supereffective|p1a: Salamence
|-damage|p1a: Salamence|39/100
|-supereffective|p1a: Salamence
|-damage|p1a: Salamence|22/100
|-supereffective|p1a: Salamence
|-damage|p1a: Salamence|5/100
|-supereffective|p1a: Salamence
|-damage|p1a: Salamence|0 fnt
|faint|p1a: Salamence
|-hitcount|p1: Salamence|4
|-damage|p2a: 老烈|2/100|[from] item: Life Orb
|
|win|CLEAR GEM清瑜
|raw|Solar power duel's rating: 1622 &rarr; <strong>1615</strong><br />(-7 for losing)
|raw|CLEAR GEM清瑜's rating: 1901 &rarr; <strong>1908</strong><br />(+7 for winning)
