|j|☆Jandalis
|j|☆dejnio
|t:|1609880752
|player|p1|Jandalis|107|1797
|player|p2|dejnio|266|1574
|teamsize|p1|6
|teamsize|p2|6
|gametype|singles
|gen|8
|tier|[Gen 8] National Dex AG
|rated|
|clearpoke
|poke|p1|Groudon|
|poke|p1|Xerneas|
|poke|p1|Mewtwo|
|poke|p1|Grimmsnarl, M|
|poke|p1|Ho-Oh|
|poke|p1|Celesteela|
|poke|p2|Ditto|
|poke|p2|Chansey, F|
|poke|p2|Corviknight, M|
|poke|p2|Gengar, F|
|poke|p2|Toxapex, F|
|poke|p2|Breloom, F|
|rule|HP Percentage Mod: HP is shown in percentages
|rule|Endless Battle Clause: Forcing endless battles is banned
|teampreview
|inactive|Battle timer is ON: inactive players will automatically lose when time's up. (requested by dejnio)
|inactive|Jandalis has 120 seconds left.
|inactive|Jandalis has 90 seconds left.
|inactive|Jandalis has 60 seconds left.
|inactive|Jandalis has 30 seconds left.
|
|t:|1609880888
|start
|switch|p1a: Mewtwo|Mewtwo|100/100
|switch|p2a: Gengar|Gengar, F|100/100
|-ability|p1a: Mewtwo|Unnerve|p2: dejnio
|turn|1
|
|t:|1609880918
|detailschange|p2a: Gengar|Gengar-Mega, F
|-mega|p2a: Gengar|Gengar|Gengarite
|move|p2a: Gengar|Substitute|p2a: Gengar
|-start|p2a: Gengar|Substitute
|-damage|p2a: Gengar|76/100
|move|p1a: Mewtwo|Psystrike|p2a: Gengar
|-supereffective|p2a: Gengar
|-end|p2a: Gengar|Substitute
|
|upkeep
|turn|2
|
|t:|1609880923
|move|p2a: Gengar|Disable|p1a: Mewtwo
|-start|p1a: Mewtwo|Disable|Psystrike
|cant|p1a: Mewtwo|Disable|Psystrike
|
|upkeep
|turn|3
|
|t:|1609880928
|move|p2a: Gengar|Encore|p1a: Mewtwo
|-start|p1a: Mewtwo|Encore
|cant|p1a: Mewtwo|Disable|Psystrike
|
|upkeep
|turn|4
|
|t:|1609880935
|switch|p2a: Ditto|Ditto|100/100
|-transform|p2a: Ditto|p1a: Mewtwo|[from] ability: Imposter
|-ability|p2a: Ditto|Unnerve|p1: Jandalis
|-activate|p1a: Mewtwo|move: Struggle
|move|p1a: Mewtwo|Struggle|p2a: Ditto
|-damage|p2a: Ditto|92/100
|-damage|p1a: Mewtwo|75/100|[from] recoil
|
|-heal|p1a: Mewtwo|81/100|[from] item: Leftovers
|upkeep
|turn|5
|inactive|Jandalis has 120 seconds left.
|
|t:|1609880948
|switch|p1a: Groudon|Groudon|100/100
|detailschange|p1a: Groudon|Groudon-Primal
|-primal|p1a: Groudon
|-weather|DesolateLand|[from] ability: Desolate Land|[of] p1a: Groudon
|move|p2a: Ditto|Psystrike|p1a: Groudon
|-damage|p1a: Groudon|73/100
|
|-weather|DesolateLand|[upkeep]
|upkeep
|turn|6
|
|t:|1609880954
|switch|p2a: Chansey|Chansey, F|100/100
|move|p1a: Groudon|Stealth Rock|p2a: Chansey
|-sidestart|p2: dejnio|move: Stealth Rock
|
|-weather|DesolateLand|[upkeep]
|upkeep
|turn|7
|
|t:|1609880959
|-weather|none
|switch|p1a: Celesteela|Celesteela|100/100
|move|p2a: Chansey|Toxic|p1a: Celesteela
|-immune|p1a: Celesteela
|
|upkeep
|turn|8
|
|t:|1609880962
|move|p1a: Celesteela|Leech Seed|p2a: Chansey
|-start|p2a: Chansey|move: Leech Seed
|move|p2a: Chansey|Stealth Rock|p1a: Celesteela
|-sidestart|p1: Jandalis|move: Stealth Rock
|
|-damage|p2a: Chansey|88/100|[from] Leech Seed|[of] p1a: Celesteela
|upkeep
|turn|9
|
|t:|1609880969
|switch|p2a: Breloom|Breloom, F|100/100
|-damage|p2a: Breloom|94/100|[from] Stealth Rock
|move|p1a: Celesteela|Leech Seed|p2a: Breloom
|-immune|p2a: Breloom
|
|-status|p2a: Breloom|tox|[from] item: Toxic Orb
|upkeep
|turn|10
|
|t:|1609880989
|move|p2a: Breloom|Spore|p1a: Celesteela
|-status|p1a: Celesteela|slp|[from] move: Spore
|cant|p1a: Celesteela|slp
|
|-heal|p2a: Breloom|100/100 tox|[from] ability: Poison Heal
|upkeep
|turn|11
|
|t:|1609880998
|switch|p1a: Mewtwo|Mewtwo|81/100
|-ability|p1a: Mewtwo|Unnerve|p2: dejnio
|-damage|p1a: Mewtwo|69/100|[from] Stealth Rock
|move|p2a: Breloom|Substitute|p2a: Breloom
|-start|p2a: Breloom|Substitute
|-damage|p2a: Breloom|75/100 tox
|
|-heal|p1a: Mewtwo|75/100|[from] item: Leftovers
|-heal|p2a: Breloom|88/100 tox|[from] ability: Poison Heal
|upkeep
|turn|12
|
|t:|1609881009
|move|p1a: Mewtwo|Taunt|p2a: Breloom
|-start|p2a: Breloom|move: Taunt
|cant|p2a: Breloom|move: Taunt|Spore
|
|-heal|p1a: Mewtwo|81/100|[from] item: Leftovers
|-heal|p2a: Breloom|100/100 tox|[from] ability: Poison Heal
|upkeep
|turn|13
|
|t:|1609881017
|-singleturn|p2a: Breloom|move: Focus Punch
|move|p1a: Mewtwo|Psystrike|p2a: Breloom
|-supereffective|p2a: Breloom
|-end|p2a: Breloom|Substitute
|move|p2a: Breloom|Focus Punch|p1a: Mewtwo
|-resisted|p1a: Mewtwo
|-damage|p1a: Mewtwo|60/100
|
|-heal|p1a: Mewtwo|66/100|[from] item: Leftovers
|upkeep
|turn|14
|
|t:|1609881036
|switch|p2a: Corviknight|Corviknight, M|100/100
|-damage|p2a: Corviknight|88/100|[from] Stealth Rock
|-ability|p2a: Corviknight|Pressure
|move|p1a: Mewtwo|Psystrike|p2a: Corviknight
|-resisted|p2a: Corviknight
|-damage|p2a: Corviknight|71/100
|
|-heal|p1a: Mewtwo|72/100|[from] item: Leftovers
|upkeep
|turn|15
|
|t:|1609881042
|move|p1a: Mewtwo|Taunt|p2a: Corviknight
|-start|p2a: Corviknight|move: Taunt
|move|p2a: Corviknight|Body Press|p1a: Mewtwo
|-resisted|p1a: Mewtwo
|-damage|p1a: Mewtwo|65/100
|
|-heal|p1a: Mewtwo|71/100|[from] item: Leftovers
|upkeep
|turn|16
|
|t:|1609881061
|switch|p2a: Chansey|Chansey, F|88/100
|-damage|p2a: Chansey|75/100|[from] Stealth Rock
|move|p1a: Mewtwo|Will-O-Wisp|p2a: Chansey
|-status|p2a: Chansey|brn
|
|-heal|p1a: Mewtwo|77/100|[from] item: Leftovers
|-damage|p2a: Chansey|69/100 brn|[from] brn
|upkeep
|turn|17
|
|t:|1609881064
|move|p1a: Mewtwo|Taunt|p2a: Chansey
|-start|p2a: Chansey|move: Taunt
|cant|p2a: Chansey|move: Taunt|Soft-Boiled
|
|-heal|p1a: Mewtwo|83/100|[from] item: Leftovers
|-damage|p2a: Chansey|63/100 brn|[from] brn
|upkeep
|turn|18
|
|t:|1609881071
|switch|p2a: Corviknight|Corviknight, M|71/100
|-damage|p2a: Corviknight|58/100|[from] Stealth Rock
|-ability|p2a: Corviknight|Pressure
|move|p1a: Mewtwo|Psystrike|p2a: Corviknight
|-resisted|p2a: Corviknight
|-damage|p2a: Corviknight|42/100
|
|-heal|p1a: Mewtwo|89/100|[from] item: Leftovers
|upkeep
|turn|19
|
|t:|1609881075
|switch|p2a: Gengar|Gengar-Mega, F|76/100
|-damage|p2a: Gengar|63/100|[from] Stealth Rock
|move|p1a: Mewtwo|Taunt|p2a: Gengar
|-start|p2a: Gengar|move: Taunt
|
|-heal|p1a: Mewtwo|95/100|[from] item: Leftovers
|upkeep
|turn|20
|
|t:|1609881081
|move|p2a: Gengar|Shadow Ball|p1a: Mewtwo
|-supereffective|p1a: Mewtwo
|-crit|p1a: Mewtwo
|-damage|p1a: Mewtwo|0 fnt
|faint|p1a: Mewtwo
|
|upkeep
|inactive|Jandalis has 120 seconds left.
|inactive|Jandalis has 90 seconds left.
|
|t:|1609881168
|switch|p1a: Ho-Oh|Ho-Oh|100/100
|turn|21
|
|t:|1609881175
|switch|p2a: Toxapex|Toxapex, F|100/100
|-damage|p2a: Toxapex|88/100|[from] Stealth Rock
|-start|p1a: Ho-Oh|Dynamax
|-heal|p1a: Ho-Oh|100/100|[silent]
|move|p1a: Ho-Oh|Max Airstream|p2a: Toxapex
|-damage|p2a: Toxapex|46/100
|-boost|p1a: Ho-Oh|spe|1
|
|-heal|p2a: Toxapex|52/100|[from] item: Black Sludge
|upkeep
|turn|22
|
|t:|1609881179
|move|p1a: Ho-Oh|Max Airstream|p2a: Toxapex
|-damage|p2a: Toxapex|14/100
|-boost|p1a: Ho-Oh|spe|1
|move|p2a: Toxapex|Recover|p2a: Toxapex
|-heal|p2a: Toxapex|64/100
|
|-heal|p2a: Toxapex|70/100|[from] item: Black Sludge
|upkeep
|turn|23
|inactive|Jandalis has 90 seconds left.
|
|t:|1609881190
|move|p1a: Ho-Oh|Max Flare|p2a: Toxapex
|-resisted|p2a: Toxapex
|-damage|p2a: Toxapex|53/100
|-weather|SunnyDay
|move|p2a: Toxapex|Recover|p2a: Toxapex
|-heal|p2a: Toxapex|100/100
|
|-weather|SunnyDay|[upkeep]
|-end|p1a: Ho-Oh|Dynamax
|-heal|p1a: Ho-Oh|100/100|[silent]
|upkeep
|turn|24
|inactive|Jandalis has 90 seconds left.
|
|t:|1609881198
|move|p1a: Ho-Oh|Sacred Fire|p2a: Toxapex
|-resisted|p2a: Toxapex
|-damage|p2a: Toxapex|79/100
|-status|p2a: Toxapex|brn
|move|p2a: Toxapex|Toxic|p1a: Ho-Oh
|-status|p1a: Ho-Oh|tox
|
|-weather|SunnyDay|[upkeep]
|-heal|p2a: Toxapex|85/100 brn|[from] item: Black Sludge
|-damage|p1a: Ho-Oh|94/100 tox|[from] psn
|-damage|p2a: Toxapex|79/100 brn|[from] brn
|upkeep
|turn|25
|
|t:|1609881202
|move|p1a: Ho-Oh|Brave Bird|p2a: Toxapex
|-damage|p2a: Toxapex|44/100 brn
|-damage|p1a: Ho-Oh|86/100 tox|[from] Recoil
|move|p2a: Toxapex|Haze|p2a: Toxapex
|-clearallboost
|
|-weather|SunnyDay|[upkeep]
|-heal|p2a: Toxapex|50/100 brn|[from] item: Black Sludge
|-damage|p1a: Ho-Oh|74/100 tox|[from] psn
|-damage|p2a: Toxapex|44/100 brn|[from] brn
|upkeep
|turn|26
|
|t:|1609881210
|move|p1a: Ho-Oh|Brave Bird|p2a: Toxapex
|-damage|p2a: Toxapex|10/100 brn
|-damage|p1a: Ho-Oh|66/100 tox|[from] Recoil
|move|p2a: Toxapex|Recover|p2a: Toxapex
|-heal|p2a: Toxapex|60/100 brn
|
|-weather|SunnyDay|[upkeep]
|-heal|p2a: Toxapex|67/100 brn|[from] item: Black Sludge
|-damage|p1a: Ho-Oh|48/100 tox|[from] psn
|-damage|p2a: Toxapex|60/100 brn|[from] brn
|upkeep
|turn|27
|
|t:|1609881218
|switch|p1a: Celesteela|Celesteela|100/100 slp
|-damage|p1a: Celesteela|88/100 slp|[from] Stealth Rock
|move|p2a: Toxapex|Recover|p2a: Toxapex
|-heal|p2a: Toxapex|100/100 brn
|
|-weather|none
|-heal|p1a: Celesteela|94/100 slp|[from] item: Leftovers
|-damage|p2a: Toxapex|94/100 brn|[from] brn
|upkeep
|turn|28
|
|t:|1609881221
|switch|p2a: Breloom|Breloom, F|100/100 tox
|-damage|p2a: Breloom|94/100 tox|[from] Stealth Rock
|cant|p1a: Celesteela|slp
|
|-heal|p1a: Celesteela|99/100 slp|[from] item: Leftovers
|-heal|p2a: Breloom|100/100 tox|[from] ability: Poison Heal
|upkeep
|turn|29
|inactive|Jandalis has 120 seconds left.
|
|t:|1609881233
|switch|p1a: Ho-Oh|Ho-Oh|81/100 tox
|move|p2a: Breloom|Substitute|p2a: Breloom
|-start|p2a: Breloom|Substitute
|-damage|p2a: Breloom|75/100 tox
|
|-damage|p1a: Ho-Oh|75/100 tox|[from] psn
|-heal|p2a: Breloom|88/100 tox|[from] ability: Poison Heal
|upkeep
|turn|30
|
|t:|1609881238
|move|p1a: Ho-Oh|Sacred Fire|p2a: Breloom
|-supereffective|p2a: Breloom
|-end|p2a: Breloom|Substitute
|move|p2a: Breloom|Leech Seed|p1a: Ho-Oh|[miss]
|-miss|p2a: Breloom|p1a: Ho-Oh
|
|-damage|p1a: Ho-Oh|63/100 tox|[from] psn
|-heal|p2a: Breloom|100/100 tox|[from] ability: Poison Heal
|upkeep
|turn|31
|
|t:|1609881247
|switch|p2a: Toxapex|Toxapex, F|100/100 brn
|-damage|p2a: Toxapex|88/100 brn|[from] Stealth Rock
|move|p1a: Ho-Oh|Brave Bird|p2a: Toxapex
|-damage|p2a: Toxapex|55/100 brn
|-damage|p1a: Ho-Oh|55/100 tox|[from] Recoil
|
|-heal|p2a: Toxapex|62/100 brn|[from] item: Black Sludge
|-damage|p1a: Ho-Oh|37/100 tox|[from] psn
|-damage|p2a: Toxapex|55/100 brn|[from] brn
|upkeep
|turn|32
|
|t:|1609881261
|switch|p1a: Grimmsnarl|Grimmsnarl, M|100/100
|-damage|p1a: Grimmsnarl|88/100|[from] Stealth Rock
|move|p2a: Toxapex|Recover|p2a: Toxapex
|-heal|p2a: Toxapex|100/100 brn
|
|-damage|p2a: Toxapex|94/100 brn|[from] brn
|upkeep
|turn|33
|
|t:|1609881266
|move|p1a: Grimmsnarl|Taunt|p2a: Toxapex
|-start|p2a: Toxapex|move: Taunt
|cant|p2a: Toxapex|move: Taunt|Toxic
|
|-heal|p2a: Toxapex|100/100 brn|[from] item: Black Sludge
|-damage|p2a: Toxapex|94/100 brn|[from] brn
|upkeep
|turn|34
|
|t:|1609881274
|move|p1a: Grimmsnarl|Light Screen|p1a: Grimmsnarl
|-sidestart|p1: Jandalis|move: Light Screen
|move|p2a: Toxapex|Scald|p1a: Grimmsnarl
|-damage|p1a: Grimmsnarl|81/100
|
|-heal|p2a: Toxapex|100/100 brn|[from] item: Black Sludge
|-damage|p2a: Toxapex|94/100 brn|[from] brn
|upkeep
|turn|35
|
|t:|1609881278
|switch|p2a: Corviknight|Corviknight, M|42/100
|-damage|p2a: Corviknight|30/100|[from] Stealth Rock
|-ability|p2a: Corviknight|Pressure
|move|p1a: Grimmsnarl|Reflect|p1a: Grimmsnarl
|-sidestart|p1: Jandalis|Reflect
|
|upkeep
|turn|36
|
|t:|1609881283
|move|p1a: Grimmsnarl|Taunt|p2a: Corviknight
|-start|p2a: Corviknight|move: Taunt
|cant|p2a: Corviknight|move: Taunt|Defog
|
|upkeep
|turn|37
|
|t:|1609881299
|move|p1a: Grimmsnarl|Thunder Wave|p2a: Corviknight|[miss]
|-miss|p1a: Grimmsnarl|p2a: Corviknight
|move|p2a: Corviknight|Body Press|p1a: Grimmsnarl
|-damage|p1a: Grimmsnarl|66/100
|
|upkeep
|turn|38
|
|t:|1609881305
|switch|p2a: Breloom|Breloom, F|100/100 tox
|-damage|p2a: Breloom|94/100 tox|[from] Stealth Rock
|move|p1a: Grimmsnarl|Thunder Wave||[still]
|-fail|p1a: Grimmsnarl
|
|-heal|p2a: Breloom|100/100 tox|[from] ability: Poison Heal
|upkeep
|turn|39
|j| kazzue
|
|t:|1609881310
|-singleturn|p2a: Breloom|move: Focus Punch
|move|p1a: Grimmsnarl|Taunt|p2a: Breloom
|-start|p2a: Breloom|move: Taunt
|move|p2a: Breloom|Focus Punch|p1a: Grimmsnarl
|-damage|p1a: Grimmsnarl|26/100
|
|upkeep
|turn|40
|
|t:|1609881319
|-singleturn|p2a: Breloom|move: Focus Punch
|switch|p1a: Xerneas|Xerneas|100/100
|-damage|p1a: Xerneas|88/100|[from] Stealth Rock
|-ability|p1a: Xerneas|Fairy Aura
|move|p2a: Breloom|Focus Punch|p1a: Xerneas
|-resisted|p1a: Xerneas
|-damage|p1a: Xerneas|75/100
|
|upkeep
|turn|41
|c| kazzue|oh this is gross
|c| kazzue|yucky
|
|t:|1609881328
|switch|p2a: Chansey|Chansey, F|63/100
|-damage|p2a: Chansey|50/100|[from] Stealth Rock
|move|p1a: Xerneas|Geomancy||[still]
|-prepare|p1a: Xerneas|Geomancy
|-enditem|p1a: Xerneas|Power Herb
|-anim|p1a: Xerneas|Geomancy|p1a: Xerneas
|-boost|p1a: Xerneas|spa|2
|-boost|p1a: Xerneas|spd|2
|-boost|p1a: Xerneas|spe|2
|
|-sideend|p1: Jandalis|move: Light Screen
|upkeep
|turn|42
|
|t:|1609881333
|move|p1a: Xerneas|Moonblast|p2a: Chansey
|-damage|p2a: Chansey|8/100
|move|p2a: Chansey|Soft-Boiled|p2a: Chansey
|-heal|p2a: Chansey|58/100
|
|-sideend|p1: Jandalis|Reflect
|upkeep
|turn|43
|c| kazzue|cya in 200 more turns Jandalis
|
|t:|1609881349
|move|p1a: Xerneas|Moonblast|p2a: Chansey
|-damage|p2a: Chansey|15/100
|move|p2a: Chansey|Soft-Boiled|p2a: Chansey
|-heal|p2a: Chansey|65/100
|
|upkeep
|turn|44
|
|t:|1609881351
|move|p1a: Xerneas|Moonblast|p2a: Chansey
|-damage|p2a: Chansey|19/100
|move|p2a: Chansey|Soft-Boiled|p2a: Chansey
|-heal|p2a: Chansey|69/100
|
|upkeep
|turn|45
|
|t:|1609881354
|move|p1a: Xerneas|Moonblast|p2a: Chansey
|-damage|p2a: Chansey|23/100
|-unboost|p2a: Chansey|spa|1
|move|p2a: Chansey|Soft-Boiled|p2a: Chansey
|-heal|p2a: Chansey|73/100
|
|upkeep
|turn|46
|
|t:|1609881357
|move|p1a: Xerneas|Moonblast|p2a: Chansey
|-damage|p2a: Chansey|24/100
|-unboost|p2a: Chansey|spa|1
|move|p2a: Chansey|Soft-Boiled|p2a: Chansey
|-heal|p2a: Chansey|74/100
|
|upkeep
|turn|47
|
|t:|1609881360
|move|p1a: Xerneas|Moonblast|p2a: Chansey
|-damage|p2a: Chansey|31/100
|-unboost|p2a: Chansey|spa|1
|move|p2a: Chansey|Soft-Boiled|p2a: Chansey
|-heal|p2a: Chansey|81/100
|
|upkeep
|turn|48
|
|t:|1609881364
|move|p1a: Xerneas|Thunder|p2a: Chansey|[miss]
|-miss|p1a: Xerneas|p2a: Chansey
|move|p2a: Chansey|Soft-Boiled|p2a: Chansey
|-heal|p2a: Chansey|100/100
|
|upkeep
|turn|49
|
|t:|1609881367
|move|p1a: Xerneas|Thunder|p2a: Chansey
|-damage|p2a: Chansey|75/100
|-status|p2a: Chansey|par
|cant|p2a: Chansey|par
|
|upkeep
|turn|50
|c| kazzue|this shit intense!!!
|
|t:|1609881376
|-curestatus|p2a: Chansey|par|[from] ability: Natural Cure
|switch|p2a: Corviknight|Corviknight, M|30/100
|-damage|p2a: Corviknight|17/100|[from] Stealth Rock
|-ability|p2a: Corviknight|Pressure
|move|p1a: Xerneas|Moonblast|p2a: Corviknight
|-resisted|p2a: Corviknight
|-damage|p2a: Corviknight|0 fnt
|faint|p2a: Corviknight
|
|upkeep
|
|t:|1609881378
|switch|p2a: Chansey|Chansey, F|75/100
|-damage|p2a: Chansey|62/100|[from] Stealth Rock
|turn|51
|
|t:|1609881383
|move|p1a: Xerneas|Moonblast|p2a: Chansey
|-damage|p2a: Chansey|13/100
|move|p2a: Chansey|Soft-Boiled|p2a: Chansey
|-heal|p2a: Chansey|63/100
|
|upkeep
|turn|52
|
|t:|1609881386
|move|p1a: Xerneas|Thunder|p2a: Chansey
|-damage|p2a: Chansey|36/100
|-status|p2a: Chansey|par
|move|p2a: Chansey|Soft-Boiled|p2a: Chansey
|-heal|p2a: Chansey|86/100 par
|
|upkeep
|turn|53
|
|t:|1609881389
|move|p1a: Xerneas|Moonblast|p2a: Chansey
|-crit|p2a: Chansey
|-damage|p2a: Chansey|21/100 par
|move|p2a: Chansey|Toxic|p1a: Xerneas
|-status|p1a: Xerneas|tox
|
|-damage|p1a: Xerneas|69/100 tox|[from] psn
|upkeep
|turn|54
|
|t:|1609881393
|-curestatus|p2a: Chansey|par|[from] ability: Natural Cure
|switch|p2a: Toxapex|Toxapex, F|100/100 brn
|-damage|p2a: Toxapex|88/100 brn|[from] Stealth Rock
|move|p1a: Xerneas|Moonblast|p2a: Toxapex
|-resisted|p2a: Toxapex
|-damage|p2a: Toxapex|36/100 brn
|
|-heal|p2a: Toxapex|42/100 brn|[from] item: Black Sludge
|-damage|p1a: Xerneas|56/100 tox|[from] psn
|-damage|p2a: Toxapex|36/100 brn|[from] brn
|upkeep
|turn|55
|
|t:|1609881399
|switch|p2a: Chansey|Chansey, F|21/100
|-damage|p2a: Chansey|8/100|[from] Stealth Rock
|move|p1a: Xerneas|Hidden Power|p2a: Chansey
|-damage|p2a: Chansey|0 fnt
|faint|p2a: Chansey
|
|-damage|p1a: Xerneas|38/100 tox|[from] psn
|upkeep
|
|t:|1609881400
|switch|p2a: Ditto|Ditto|92/100
|-damage|p2a: Ditto|79/100|[from] Stealth Rock
|-transform|p2a: Ditto|p1a: Xerneas|[from] ability: Imposter
|-ability|p2a: Ditto|Fairy Aura
|turn|56
|
|t:|1609881412
|move|p2a: Ditto|Moonblast|p1a: Xerneas
|-damage|p1a: Xerneas|0 fnt
|faint|p1a: Xerneas
|
|upkeep
|
|t:|1609881414
|switch|p1a: Grimmsnarl|Grimmsnarl, M|26/100
|-damage|p1a: Grimmsnarl|14/100|[from] Stealth Rock
|turn|57
|
|t:|1609881420
|move|p1a: Grimmsnarl|Thunder Wave|p2a: Ditto
|-status|p2a: Ditto|par
|cant|p2a: Ditto|par
|
|upkeep
|turn|58
|
|t:|1609881429
|move|p1a: Grimmsnarl|Light Screen|p1a: Grimmsnarl
|-sidestart|p1: Jandalis|move: Light Screen
|move|p2a: Ditto|Moonblast|p1a: Grimmsnarl
|-supereffective|p1a: Grimmsnarl
|-damage|p1a: Grimmsnarl|0 fnt
|faint|p1a: Grimmsnarl
|
|upkeep
|c|☆dejnio|that lucky
|c|☆dejnio|xddd
|
|t:|1609881451
|switch|p1a: Ho-Oh|Ho-Oh|70/100 tox
|turn|59
|c| kazzue|this is satisfying to watch Jandalis just absolutely decimate a shit staller
|
|t:|1609881458
|-start|p2a: Ditto|Dynamax
|-heal|p2a: Ditto|79/100 par|[silent]
|move|p2a: Ditto|Max Lightning|p1a: Ho-Oh
|-supereffective|p1a: Ho-Oh
|-damage|p1a: Ho-Oh|21/100 tox
|-fieldstart|move: Electric Terrain
|move|p1a: Ho-Oh|Sacred Fire|p2a: Ditto
|-damage|p2a: Ditto|52/100 par
|
|-damage|p1a: Ho-Oh|15/100 tox|[from] psn
|upkeep
|turn|60
|
|t:|1609881476
|switch|p1a: Groudon|Groudon-Primal|73/100
|-damage|p1a: Groudon|61/100|[from] Stealth Rock
|-weather|DesolateLand|[from] ability: Desolate Land|[of] p1a: Groudon
|move|p2a: Ditto|Max Starfall|p1a: Groudon
|-resisted|p1a: Groudon
|-damage|p1a: Groudon|30/100
|-fieldstart|move: Misty Terrain
|
|-weather|DesolateLand|[upkeep]
|upkeep
|turn|61
|
|t:|1609881498
|-weather|none
|switch|p1a: Celesteela|Celesteela|99/100 slp
|-damage|p1a: Celesteela|88/100 slp|[from] Stealth Rock
|move|p2a: Ditto|Max Starfall|p1a: Celesteela
|-resisted|p1a: Celesteela
|-damage|p1a: Celesteela|45/100 slp
|
|-heal|p1a: Celesteela|51/100 slp|[from] item: Leftovers
|-end|p2a: Ditto|Dynamax
|-heal|p2a: Ditto|52/100 par|[silent]
|upkeep
|turn|62
|
|t:|1609881515
|switch|p2a: Breloom|Breloom, F|100/100 tox
|-damage|p2a: Breloom|94/100 tox|[from] Stealth Rock
|cant|p1a: Celesteela|slp
|
|-heal|p1a: Celesteela|57/100 slp|[from] item: Leftovers
|-heal|p2a: Breloom|100/100 tox|[from] ability: Poison Heal
|upkeep
|turn|63
|
|t:|1609881525
|switch|p1a: Groudon|Groudon-Primal|30/100
|-damage|p1a: Groudon|18/100|[from] Stealth Rock
|-weather|DesolateLand|[from] ability: Desolate Land|[of] p1a: Groudon
|move|p2a: Breloom|Substitute|p2a: Breloom
|-start|p2a: Breloom|Substitute
|-damage|p2a: Breloom|75/100 tox
|
|-weather|DesolateLand|[upkeep]
|-heal|p2a: Breloom|88/100 tox|[from] ability: Poison Heal
|upkeep
|turn|64
|
|t:|1609881528
|-singleturn|p2a: Breloom|move: Focus Punch
|move|p2a: Breloom|Focus Punch|p1a: Groudon
|-damage|p1a: Groudon|0 fnt
|faint|p1a: Groudon
|-weather|none
|
|-heal|p2a: Breloom|100/100 tox|[from] ability: Poison Heal
|-fieldend|Misty Terrain
|upkeep
|
|t:|1609881537
|switch|p1a: Ho-Oh|Ho-Oh|48/100 tox
|turn|65
|
|t:|1609881540
|move|p1a: Ho-Oh|Sacred Fire|p2a: Breloom
|-supereffective|p2a: Breloom
|-end|p2a: Breloom|Substitute
|move|p2a: Breloom|Leech Seed|p1a: Ho-Oh
|-start|p1a: Ho-Oh|move: Leech Seed
|
|-damage|p1a: Ho-Oh|36/100 tox|[from] Leech Seed|[of] p2a: Breloom
|-damage|p1a: Ho-Oh|30/100 tox|[from] psn
|-sideend|p1: Jandalis|move: Light Screen
|upkeep
|turn|66
|
|t:|1609881550
|switch|p2a: Toxapex|Toxapex, F|69/100 brn
|-damage|p2a: Toxapex|56/100 brn|[from] Stealth Rock
|move|p1a: Ho-Oh|Brave Bird|p2a: Toxapex
|-damage|p2a: Toxapex|23/100 brn
|-damage|p1a: Ho-Oh|22/100 tox|[from] Recoil
|
|-heal|p2a: Toxapex|29/100 brn|[from] item: Black Sludge
|-damage|p1a: Ho-Oh|9/100 tox|[from] Leech Seed|[of] p2a: Toxapex
|-heal|p2a: Toxapex|46/100 brn|[silent]
|-damage|p1a: Ho-Oh|0 fnt|[from] psn
|faint|p1a: Ho-Oh
|-damage|p2a: Toxapex|40/100 brn|[from] brn
|upkeep
|
|t:|1609881553
|switch|p1a: Celesteela|Celesteela|57/100 slp
|-damage|p1a: Celesteela|45/100 slp|[from] Stealth Rock
|turn|67
|
|t:|1609881561
|-curestatus|p1a: Celesteela|slp|[msg]
|move|p1a: Celesteela|Heavy Slam|p2a: Toxapex
|-resisted|p2a: Toxapex
|-damage|p2a: Toxapex|25/100 brn
|move|p2a: Toxapex|Recover|p2a: Toxapex
|-heal|p2a: Toxapex|75/100 brn
|
|-heal|p1a: Celesteela|51/100|[from] item: Leftovers
|-heal|p2a: Toxapex|82/100 brn|[from] item: Black Sludge
|-damage|p2a: Toxapex|75/100 brn|[from] brn
|upkeep
|turn|68
|c| kazzue|yikes thats embarrassing u lost Jandalis
|c|☆Jandalis|eh
|l| kazzue
|c|☆Jandalis|that crit on my mewtwo was bs
|c|☆dejnio|your luck
|c|☆Jandalis|it was my winning poke
|inactive|Jandalis has 120 seconds left.
|c|☆dejnio|you were very lucky
|
|t:|1609881606
|move|p1a: Celesteela|Leech Seed|p2a: Toxapex
|-start|p2a: Toxapex|move: Leech Seed
|move|p2a: Toxapex|Scald|p1a: Celesteela
|-damage|p1a: Celesteela|36/100
|-status|p1a: Celesteela|brn
|
|-heal|p1a: Celesteela|42/100 brn|[from] item: Leftovers
|-heal|p2a: Toxapex|82/100 brn|[from] item: Black Sludge
|-damage|p2a: Toxapex|69/100 brn|[from] Leech Seed|[of] p1a: Celesteela
|-heal|p1a: Celesteela|52/100 brn|[silent]
|-damage|p1a: Celesteela|46/100 brn|[from] brn
|-damage|p2a: Toxapex|63/100 brn|[from] brn
|upkeep
|turn|69
|
|t:|1609881613
|switch|p2a: Breloom|Breloom, F|100/100 tox
|-damage|p2a: Breloom|94/100 tox|[from] Stealth Rock
|move|p1a: Celesteela|Heavy Slam|p2a: Breloom
|-damage|p2a: Breloom|69/100 tox
|
|-heal|p1a: Celesteela|52/100 brn|[from] item: Leftovers
|-heal|p2a: Breloom|82/100 tox|[from] ability: Poison Heal
|-damage|p1a: Celesteela|46/100 brn|[from] brn
|upkeep
|turn|70
|c|☆Jandalis|where was my luck? lol
|c|☆dejnio|yes
|inactive|Jandalis has 120 seconds left.
|c|☆dejnio|2 thunder
|c|☆Jandalis|that's not luck lol
|c|☆Jandalis|2 thunder pretty common
|c|☆Jandalis|plus I missed one
|c|☆dejnio|2 paralysis
|c|☆dejnio|2 thunder
|c|☆dejnio|0 luck
|c|☆dejnio|xD
|c|☆Jandalis|crit on mewtwo was way more than thunder
|c|☆dejnio|it will be 6:0
|inactive|Jandalis has 90 seconds left.
|c|☆Jandalis|mewtwo beats all you rmons lol
|c|☆Jandalis|5 out of 6 anyway
|c|☆dejnio|and got destroyed
|c|☆dejnio|by gengar
|c|☆Jandalis|ya
|c|☆Jandalis|bad crit
|c|☆Jandalis|unlucky one
|inactive|Jandalis has 60 seconds left.
|c|☆Jandalis|we can re if you want
|c|☆Jandalis|show ya
|
|t:|1609881690
|move|p2a: Breloom|Leech Seed|p1a: Celesteela
|-start|p1a: Celesteela|move: Leech Seed
|move|p1a: Celesteela|Heavy Slam|p2a: Breloom
|-damage|p2a: Breloom|56/100 tox
|
|-heal|p1a: Celesteela|52/100 brn|[from] item: Leftovers
|-damage|p1a: Celesteela|40/100 brn|[from] Leech Seed|[of] p2a: Breloom
|-heal|p2a: Breloom|71/100 tox|[silent]
|-heal|p2a: Breloom|83/100 tox|[from] ability: Poison Heal
|-damage|p1a: Celesteela|33/100 brn|[from] brn
|upkeep
|turn|71
|
|t:|1609881702
|move|p2a: Breloom|Substitute|p2a: Breloom
|-start|p2a: Breloom|Substitute
|-damage|p2a: Breloom|58/100 tox
|move|p1a: Celesteela|Heavy Slam|p2a: Breloom
|-end|p2a: Breloom|Substitute
|
|-heal|p1a: Celesteela|40/100 brn|[from] item: Leftovers
|-damage|p1a: Celesteela|27/100 brn|[from] Leech Seed|[of] p2a: Breloom
|-heal|p2a: Breloom|74/100 tox|[silent]
|-heal|p2a: Breloom|86/100 tox|[from] ability: Poison Heal
|-damage|p1a: Celesteela|21/100 brn|[from] brn
|upkeep
|turn|72
|
|t:|1609881708
|move|p2a: Breloom|Substitute|p2a: Breloom
|-start|p2a: Breloom|Substitute
|-damage|p2a: Breloom|61/100 tox
|move|p1a: Celesteela|Heavy Slam|p2a: Breloom
|-activate|p2a: Breloom|move: Substitute|[damage]
|
|-heal|p1a: Celesteela|27/100 brn|[from] item: Leftovers
|-damage|p1a: Celesteela|15/100 brn|[from] Leech Seed|[of] p2a: Breloom
|-heal|p2a: Breloom|76/100 tox|[silent]
|-heal|p2a: Breloom|89/100 tox|[from] ability: Poison Heal
|-damage|p1a: Celesteela|9/100 brn|[from] brn
|upkeep
|turn|73
|
|t:|1609881715
|move|p2a: Breloom|Substitute|p2a: Breloom
|-fail|p2a: Breloom|move: Substitute
|move|p1a: Celesteela|Heavy Slam|p2a: Breloom
|-end|p2a: Breloom|Substitute
|
|-heal|p1a: Celesteela|15/100 brn|[from] item: Leftovers
|-damage|p1a: Celesteela|3/100 brn|[from] Leech Seed|[of] p2a: Breloom
|-heal|p2a: Breloom|100/100 tox|[silent]
|-damage|p1a: Celesteela|0 fnt|[from] brn
|faint|p1a: Celesteela
|
|win|dejnio
|upkeep
|l|☆Jandalis
||Ladder (probably) updated, but score could not be retrieved (Request timeout).
