|j|☆foggydaugie
|j|☆Matsui_Miyako
|t:|1662493072
|gametype|singles
|player|p1|foggydaugie|silver|1487
|player|p2|Matsui_Miyako|allister|1620
|teamsize|p1|6
|teamsize|p2|6
|gen|8
|tier|[Gen 8] National Dex AG
|rated|
|rule|HP Percentage Mod: HP is shown in percentages
|rule|Endless Battle Clause: Forcing endless battles is banned
|clearpoke
|poke|p1|Arceus-*|
|poke|p1|Eternatus|
|poke|p1|Zacian-*|
|poke|p1|Yveltal|
|poke|p1|Groudon|
|poke|p1|Gengar, M|
|poke|p2|Yveltal|
|poke|p2|Deoxys-Speed|
|poke|p2|Marshadow|
|poke|p2|Arceus-*|
|poke|p2|Calyrex-Shadow|
|poke|p2|Arceus-*|
|teampreview
|inactive|Battle timer is ON: inactive players will automatically lose when time's up. (requested by foggydaugie)
|
|t:|1662493080
|start
|switch|p1a: Yveltal|Yveltal|100/100
|switch|p2a: Rápido|Deoxys-Speed|100/100
|-ability|p2a: Rápido|Pressure
|-ability|p1a: Yveltal|Dark Aura
|turn|1
|
|t:|1662493101
|move|p2a: Rápido|Stealth Rock|p1a: Yveltal
|-sidestart|p1: foggydaugie|move: Stealth Rock
|move|p1a: Yveltal|Dual Wingbeat|p2a: Rápido
|-damage|p2a: Rápido|62/100
|-damage|p2a: Rápido|28/100
|-hitcount|p2a: Rápido|2
|
|upkeep
|turn|2
|
|t:|1662493108
|move|p2a: Rápido|Flash|p1a: Yveltal
|-unboost|p1a: Yveltal|accuracy|1
|move|p1a: Yveltal|Knock Off|p2a: Rápido
|-supereffective|p2a: Rápido
|-damage|p2a: Rápido|0 fnt
|-enditem|p2a: Rápido|Focus Sash|[from] move: Knock Off|[of] p1a: Yveltal
|faint|p2a: Rápido
|
|upkeep
|
|t:|1662493119
|switch|p2a: Pássaro das Trevas|Yveltal|100/100
|-ability|p2a: Pássaro das Trevas|Dark Aura
|turn|3
|
|t:|1662493127
|switch|p1a: Eternatus|Eternatus|100/100
|-damage|p1a: Eternatus|88/100|[from] Stealth Rock
|-ability|p1a: Eternatus|Pressure
|-start|p2a: Pássaro das Trevas|Dynamax|
|-heal|p2a: Pássaro das Trevas|100/100|[silent]
|move|p2a: Pássaro das Trevas|Max Ooze|p1a: Eternatus
|-resisted|p1a: Eternatus
|-damage|p1a: Eternatus|69/100
|-boost|p2a: Pássaro das Trevas|spa|1
|-damage|p2a: Pássaro das Trevas|96/100|[from] item: Life Orb
|
|upkeep
|turn|4
|
|t:|1662493134
|move|p2a: Pássaro das Trevas|Max Airstream|p1a: Eternatus
|-damage|p1a: Eternatus|0 fnt
|-boost|p2a: Pássaro das Trevas|spe|1
|faint|p1a: Eternatus
|-damage|p2a: Pássaro das Trevas|91/100|[from] item: Life Orb
|
|upkeep
|
|t:|1662493142
|switch|p1a: Arceus|Arceus|100/100
|-damage|p1a: Arceus|88/100|[from] Stealth Rock
|turn|5
|
|t:|1662493145
|move|p1a: Arceus|Extreme Speed|p2a: Pássaro das Trevas
|-damage|p2a: Pássaro das Trevas|67/100
|-damage|p1a: Arceus|78/100|[from] item: Life Orb
|move|p2a: Pássaro das Trevas|Max Ooze|p1a: Arceus
|-damage|p1a: Arceus|13/100
|-boost|p2a: Pássaro das Trevas|spa|1
|-damage|p2a: Pássaro das Trevas|62/100|[from] item: Life Orb
|
|upkeep
|-end|p2a: Pássaro das Trevas|Dynamax
|-heal|p2a: Pássaro das Trevas|62/100|[silent]
|turn|6
|
|t:|1662493153
|move|p1a: Arceus|Extreme Speed|p2a: Pássaro das Trevas
|-crit|p2a: Pássaro das Trevas
|-damage|p2a: Pássaro das Trevas|0 fnt
|faint|p2a: Pássaro das Trevas
|-damage|p1a: Arceus|3/100|[from] item: Life Orb
|
|upkeep
|
|t:|1662493163
|switch|p2a: Deus|Arceus, shiny|100/100
|turn|7
|
|t:|1662493170
|switch|p2a: Cavaleiro Fantasma|Calyrex-Shadow|100/100
|-ability|p2a: Cavaleiro Fantasma|As One
|-ability|p2a: Cavaleiro Fantasma|Unnerve
|move|p1a: Arceus|Extreme Speed|p2a: Cavaleiro Fantasma
|-immune|p2a: Cavaleiro Fantasma
|
|upkeep
|turn|8
|
|t:|1662493193
|switch|p2a: Deus|Arceus, shiny|100/100
|move|p1a: Arceus|Earthquake|p2a: Deus
|-damage|p2a: Deus|68/100
|-damage|p1a: Arceus|0 fnt|[from] item: Life Orb
|faint|p1a: Arceus
|
|-heal|p2a: Deus|74/100|[from] item: Leftovers
|upkeep
|
|t:|1662493207
|switch|p1a: Groudon|Groudon|100/100
|-damage|p1a: Groudon|94/100|[from] Stealth Rock
|detailschange|p1a: Groudon|Groudon-Primal
|-primal|p1a: Groudon
|-weather|DesolateLand|[from] ability: Desolate Land|[of] p1a: Groudon
|turn|9
|
|t:|1662493213
|move|p2a: Deus|Swords Dance|p2a: Deus
|-boost|p2a: Deus|atk|2
|move|p1a: Groudon|Stealth Rock|p2a: Deus
|-sidestart|p2: Matsui_Miyako|move: Stealth Rock
|
|-weather|DesolateLand|[upkeep]
|-heal|p2a: Deus|80/100|[from] item: Leftovers
|upkeep
|turn|10
|
|t:|1662493232
|move|p2a: Deus|Earthquake|p1a: Groudon
|-supereffective|p1a: Groudon
|-damage|p1a: Groudon|9/100
|move|p1a: Groudon|Precipice Blades|p2a: Deus|[miss]
|-miss|p1a: Groudon|p2a: Deus
|
|-weather|DesolateLand|[upkeep]
|-heal|p2a: Deus|86/100|[from] item: Leftovers
|upkeep
|turn|11
|
|t:|1662493238
|move|p2a: Deus|Extreme Speed|p1a: Groudon
|-damage|p1a: Groudon|0 fnt
|faint|p1a: Groudon
|-weather|none
|
|-heal|p2a: Deus|92/100|[from] item: Leftovers
|upkeep
|
|t:|1662493241
|switch|p1a: Gengar|Gengar, M|100/100
|-damage|p1a: Gengar|88/100|[from] Stealth Rock
|turn|12
|
|t:|1662493244
|detailschange|p1a: Gengar|Gengar-Mega, M
|-mega|p1a: Gengar|Gengar|Gengarite
|move|p1a: Gengar|Encore|p2a: Deus
|-start|p2a: Deus|Encore
|move|p2a: Deus|Extreme Speed|p1a: Gengar
|-immune|p1a: Gengar
|
|-heal|p2a: Deus|98/100|[from] item: Leftovers
|upkeep
|turn|13
|
|t:|1662493250
|move|p2a: Deus|Extreme Speed|p1a: Gengar
|-immune|p1a: Gengar
|move|p1a: Gengar|Perish Song|p1a: Gengar
|-start|p1a: Gengar|perish3|[silent]
|-start|p2a: Deus|perish3|[silent]
|-fieldactivate|move: Perish Song
|
|-heal|p2a: Deus|100/100|[from] item: Leftovers
|-start|p1a: Gengar|perish3
|-start|p2a: Deus|perish3
|upkeep
|turn|14
|
|t:|1662493255
|move|p2a: Deus|Extreme Speed|p1a: Gengar
|-immune|p1a: Gengar
|move|p1a: Gengar|Perish Song||[still]
|-fail|p1a: Gengar
|
|-end|p2a: Deus|Encore
|-start|p1a: Gengar|perish2
|-start|p2a: Deus|perish2
|upkeep
|turn|15
|
|t:|1662493262
|move|p1a: Gengar|Encore|p2a: Deus
|-start|p2a: Deus|Encore
|move|p2a: Deus|Extreme Speed|p1a: Gengar
|-immune|p1a: Gengar
|
|-start|p1a: Gengar|perish1
|-start|p2a: Deus|perish1
|upkeep
|turn|16
|
|t:|1662493272
|move|p2a: Deus|Extreme Speed|p1a: Gengar
|-immune|p1a: Gengar
|move|p1a: Gengar|Substitute|p1a: Gengar
|-start|p1a: Gengar|Substitute
|-damage|p1a: Gengar|63/100
|
|-start|p1a: Gengar|perish0
|-start|p2a: Deus|perish0
|upkeep
|faint|p1a: Gengar
|faint|p2a: Deus
|
|t:|1662493282
|switch|p1a: Zacian|Zacian-Crowned|100/100
|switch|p2a: Sombra|Marshadow|100/100
|-damage|p1a: Zacian|94/100|[from] Stealth Rock
|-ability|p1a: Zacian|Intrepid Sword|boost
|-boost|p1a: Zacian|atk|1
|-damage|p2a: Sombra|94/100|[from] Stealth Rock
|turn|17
|
|t:|1662493288
|move|p2a: Sombra|Shadow Sneak|p1a: Zacian
|-damage|p1a: Zacian|65/100
|move|p1a: Zacian|Behemoth Blade|p2a: Sombra
|-damage|p2a: Sombra|0 fnt
|faint|p2a: Sombra
|
|upkeep
|
|t:|1662493296
|switch|p2a: Cavaleiro Fantasma|Calyrex-Shadow|100/100
|-ability|p2a: Cavaleiro Fantasma|As One
|-ability|p2a: Cavaleiro Fantasma|Unnerve
|-damage|p2a: Cavaleiro Fantasma|88/100|[from] Stealth Rock
|turn|18
|
|t:|1662493302
|move|p2a: Cavaleiro Fantasma|Astral Barrage|p1a: Zacian
|-damage|p1a: Zacian|0 fnt
|faint|p1a: Zacian
|-ability|p2a: Cavaleiro Fantasma|Grim Neigh|boost
|-boost|p2a: Cavaleiro Fantasma|spa|1
|
|upkeep
|
|t:|1662493303
|switch|p1a: Yveltal|Yveltal|100/100
|-damage|p1a: Yveltal|76/100|[from] Stealth Rock
|-ability|p1a: Yveltal|Dark Aura
|turn|19
|
|t:|1662493306
|move|p1a: Yveltal|Sucker Punch|p2a: Cavaleiro Fantasma
|-supereffective|p2a: Cavaleiro Fantasma
|-damage|p2a: Cavaleiro Fantasma|0 fnt
|faint|p2a: Cavaleiro Fantasma
|
|upkeep
|
|t:|1662493308
|switch|p2a: Titã|Arceus-Ground|100/100
|-damage|p2a: Titã|94/100|[from] Stealth Rock
|turn|20
|
|t:|1662493313
|-start|p1a: Yveltal|Dynamax|
|-heal|p1a: Yveltal|76/100|[silent]
|move|p2a: Titã|Ice Beam|p1a: Yveltal
|-supereffective|p1a: Yveltal
|-damage|p1a: Yveltal|60/100
|-status|p1a: Yveltal|frz
|cant|p1a: Yveltal|frz
|
|upkeep
|turn|21
|
|t:|1662493322
|move|p2a: Titã|Ice Beam|p1a: Yveltal
|-supereffective|p1a: Yveltal
|-damage|p1a: Yveltal|45/100 frz
|cant|p1a: Yveltal|frz
|
|upkeep
|turn|22
|
|t:|1662493327
|move|p2a: Titã|Ice Beam|p1a: Yveltal
|-supereffective|p1a: Yveltal
|-damage|p1a: Yveltal|28/100 frz
|cant|p1a: Yveltal|frz
|
|upkeep
|-end|p1a: Yveltal|Dynamax
|-heal|p1a: Yveltal|28/100 frz|[silent]
|turn|23
|
|t:|1662493332
|move|p2a: Titã|Ice Beam|p1a: Yveltal
|-supereffective|p1a: Yveltal
|-damage|p1a: Yveltal|0 fnt
|faint|p1a: Yveltal
|
|win|Matsui_Miyako
|raw|foggydaugie's rating: 1487 &rarr; <strong>1474</strong><br />(-13 for losing)
|raw|Matsui_Miyako's rating: 1620 &rarr; <strong>1633</strong><br />(+13 for winning)
