|j|☆OnMaWa
|j|☆IAmANiggletAMA
|player|p1|OnMaWa|psychic-gen4|1664
|player|p2|IAmANiggletAMA|2|1503
|teamsize|p1|6
|teamsize|p2|6
|gametype|singles
|gen|8
|tier|[Gen 8] National Dex AG
|rated|
|clearpoke
|poke|p1|Necrozma-Dusk-Mane|
|poke|p1|Arceus-*|
|poke|p1|Xerneas|
|poke|p1|Zacian-Crowned|
|poke|p1|Lugia|
|poke|p1|Groudon|
|poke|p2|Yveltal|
|poke|p2|Rayquaza|
|poke|p2|Zacian-Crowned|
|poke|p2|Groudon|
|poke|p2|Arceus-*|
|poke|p2|Ditto|
|rule|HP Percentage Mod: HP is shown in percentages
|rule|Endless Battle Clause: Forcing endless battles is banned
|teampreview
|inactive|Battle timer is ON: inactive players will automatically lose when time's up. (requested by IAmANiggletAMA)
|inactive|OnMaWa has 120 seconds left.
|
|start
|switch|p1a: Lugia|Lugia|100/100
|switch|p2a: Groudon|Groudon|100/100
|detailschange|p2a: Groudon|Groudon-Primal
|-primal|p2a: Groudon
|-weather|DesolateLand|[from] ability: Desolate Land|[of] p2a: Groudon
|turn|1
|
|move|p1a: Lugia|Toxic|p2a: Groudon|[miss]
|-miss|p1a: Lugia|p2a: Groudon
|move|p2a: Groudon|Stealth Rock|p1a: Lugia
|-sidestart|p1: OnMaWa|move: Stealth Rock
|
|-weather|DesolateLand|[upkeep]
|upkeep
|turn|2
|
|-weather|none
|switch|p2a: Yveltal|Yveltal|100/100
|-ability|p2a: Yveltal|Dark Aura
|move|p1a: Lugia|Toxic|p2a: Yveltal
|-status|p2a: Yveltal|tox
|
|-damage|p2a: Yveltal|94/100 tox|[from] psn
|upkeep
|turn|3
|
|switch|p1a: Xerneas|Xerneas|100/100
|-damage|p1a: Xerneas|88/100|[from] Stealth Rock
|-ability|p1a: Xerneas|Fairy Aura
|move|p2a: Yveltal|Dark Pulse|p1a: Xerneas
|-resisted|p1a: Xerneas
|-damage|p1a: Xerneas|56/100
|
|-damage|p2a: Yveltal|82/100 tox|[from] psn
|upkeep
|turn|4
|inactive|OnMaWa has 120 seconds left.
|
|move|p2a: Yveltal|Dark Pulse|p1a: Xerneas
|-resisted|p1a: Xerneas
|-damage|p1a: Xerneas|26/100
|move|p1a: Xerneas|Geomancy||[still]
|-prepare|p1a: Xerneas|Geomancy|p1a: Xerneas
|-enditem|p1a: Xerneas|Power Herb
|-anim|p1a: Xerneas|Geomancy|p1a: Xerneas
|-boost|p1a: Xerneas|spa|2
|-boost|p1a: Xerneas|spd|2
|-boost|p1a: Xerneas|spe|2
|
|-damage|p2a: Yveltal|64/100 tox|[from] psn
|upkeep
|turn|5
|inactive|OnMaWa has 120 seconds left.
|
|move|p1a: Xerneas|Moonblast|p2a: Yveltal
|-supereffective|p2a: Yveltal
|-damage|p2a: Yveltal|0 fnt
|faint|p2a: Yveltal
|
|upkeep
|
|switch|p2a: Ditto|Ditto|100/100
|-transform|p2a: Ditto|p1a: Xerneas|[from] ability: Imposter
|-ability|p2a: Ditto|Fairy Aura
|turn|6
|inactive|OnMaWa has 120 seconds left.
|
|move|p2a: Ditto|Moonblast|p1a: Xerneas
|-damage|p1a: Xerneas|0 fnt
|faint|p1a: Xerneas
|
|upkeep
|inactive|OnMaWa has 90 seconds left.
|
|switch|p1a: Zacian|Zacian-Crowned|100/100
|-damage|p1a: Zacian|94/100|[from] Stealth Rock
|-ability|p1a: Zacian|Intrepid Sword|boost
|-boost|p1a: Zacian|atk|1
|turn|7
|
|-start|p2a: Ditto|Dynamax
|-heal|p2a: Ditto|100/100|[silent]
|move|p2a: Ditto|Max Lightning|p1a: Zacian
|-damage|p1a: Zacian|0 fnt
|-fieldstart|move: Electric Terrain
|faint|p1a: Zacian
|
|upkeep
|inactive|OnMaWa has 90 seconds left.
|
|switch|p1a: Arceus|Arceus|100/100
|-damage|p1a: Arceus|88/100|[from] Stealth Rock
|turn|8
|j| vpnvpnvpnvpn
|
|-start|p1a: Arceus|Dynamax
|-heal|p1a: Arceus|88/100|[silent]
|move|p1a: Arceus|Max Guard|p1a: Arceus
|-singleturn|p1a: Arceus|Max Guard
|move|p2a: Ditto|Max Starfall|p1a: Arceus
|-activate|p1a: Arceus|move: Max Guard
|
|upkeep
|turn|9
|inactive|OnMaWa has 90 seconds left.
|
|move|p2a: Ditto|Max Starfall|p1a: Arceus
|-damage|p1a: Arceus|19/100
|-fieldstart|move: Misty Terrain
|move|p1a: Arceus|Max Strike|p2a: Ditto
|-damage|p2a: Ditto|47/100
|-unboost|p2a: Ditto|spe|1
|
|-end|p2a: Ditto|Dynamax
|-heal|p2a: Ditto|47/100|[silent]
|upkeep
|turn|10
|inactive|OnMaWa has 90 seconds left.
|
|move|p1a: Arceus|Max Guard|p1a: Arceus
|-singleturn|p1a: Arceus|Max Guard
|move|p2a: Ditto|Moonblast|p1a: Arceus
|-activate|p1a: Arceus|move: Max Guard
|
|-end|p1a: Arceus|Dynamax
|-heal|p1a: Arceus|19/100|[silent]
|upkeep
|turn|11
|
|move|p1a: Arceus|Extreme Speed|p2a: Ditto
|-damage|p2a: Ditto|0 fnt
|faint|p2a: Ditto
|
|upkeep
|
|switch|p2a: Zacian|Zacian-Crowned|100/100
|-ability|p2a: Zacian|Intrepid Sword|boost
|-boost|p2a: Zacian|atk|1
|turn|12
|
|move|p1a: Arceus|Extreme Speed|p2a: Zacian
|-resisted|p2a: Zacian
|-damage|p2a: Zacian|75/100
|move|p2a: Zacian|Behemoth Blade|p1a: Arceus
|-damage|p1a: Arceus|0 fnt
|faint|p1a: Arceus
|
|upkeep
|inactive|OnMaWa has 90 seconds left.
|
|switch|p1a: Necrozma|Necrozma-Dusk-Mane|100/100
|-damage|p1a: Necrozma|94/100|[from] Stealth Rock
|turn|13
|
|move|p2a: Zacian|Close Combat|p1a: Necrozma
|-damage|p1a: Necrozma|40/100
|-unboost|p2a: Zacian|def|1
|-unboost|p2a: Zacian|spd|1
|move|p1a: Necrozma|Dragon Dance|p1a: Necrozma
|-boost|p1a: Necrozma|atk|1
|-boost|p1a: Necrozma|spe|1
|
|-fieldend|Misty Terrain
|upkeep
|turn|14
|inactive|OnMaWa has 90 seconds left.
|
|detailschange|p1a: Necrozma|Necrozma-Ultra
|-burst|p1a: Necrozma|Necrozma|Ultranecrozium Z
|move|p1a: Necrozma|Earthquake|p2a: Zacian
|-supereffective|p2a: Zacian
|-damage|p2a: Zacian|0 fnt
|faint|p2a: Zacian
|
|upkeep
|
|switch|p2a: Groudon|Groudon-Primal|100/100
|-weather|DesolateLand|[from] ability: Desolate Land|[of] p2a: Groudon
|turn|15
|
|move|p1a: Necrozma|Earthquake|p2a: Groudon
|-supereffective|p2a: Groudon
|-damage|p2a: Groudon|31/100
|move|p2a: Groudon|Roar|p1a: Necrozma
|drag|p1a: Groudon|Groudon|100/100
|-damage|p1a: Groudon|94/100|[from] Stealth Rock
|detailschange|p1a: Groudon|Groudon-Primal
|-primal|p1a: Groudon
|
|-weather|DesolateLand|[upkeep]
|upkeep
|turn|16
|
|move|p1a: Groudon|Lava Plume|p2a: Groudon
|-resisted|p2a: Groudon
|-damage|p2a: Groudon|0 fnt
|faint|p2a: Groudon
|
|-weather|DesolateLand|[upkeep]
|upkeep
|
|switch|p2a: Rayquaza|Rayquaza|100/100
|-ability|p2a: Rayquaza|Air Lock
|turn|17
|inactive|OnMaWa has 90 seconds left.
|
|detailschange|p2a: Rayquaza|Rayquaza-Mega
|-mega|p2a: Rayquaza|Rayquaza|
|-weather|DeltaStream|[from] ability: Delta Stream|[of] p2a: Rayquaza
|move|p2a: Rayquaza|Dragon Dance|p2a: Rayquaza
|-boost|p2a: Rayquaza|atk|1
|-boost|p2a: Rayquaza|spe|1
|move|p1a: Groudon|Dragon Pulse|p2a: Rayquaza
|-supereffective|p2a: Rayquaza
|-damage|p2a: Rayquaza|35/100
|
|-weather|DeltaStream|[upkeep]
|upkeep
|turn|18
|inactive|OnMaWa has 90 seconds left.
|
|move|p2a: Rayquaza|Dragon Ascent|p1a: Groudon
|-damage|p1a: Groudon|22/100
|-unboost|p2a: Rayquaza|def|1
|-unboost|p2a: Rayquaza|spd|1
|move|p1a: Groudon|Dragon Pulse|p2a: Rayquaza
|-supereffective|p2a: Rayquaza
|-crit|p2a: Rayquaza
|-damage|p2a: Rayquaza|0 fnt
|faint|p2a: Rayquaza
|-weather|none
|
|upkeep
|
|switch|p2a: Arceus|Arceus-Water|100/100
|turn|19
|inactive|OnMaWa has 90 seconds left.
|
|move|p2a: Arceus|Ice Beam|p1a: Groudon
|-damage|p1a: Groudon|0 fnt
|faint|p1a: Groudon
|
|upkeep
|
|switch|p1a: Necrozma|Necrozma-Ultra|40/100
|-damage|p1a: Necrozma|28/100|[from] Stealth Rock
|turn|20
|
|move|p2a: Arceus|Ice Beam|p1a: Necrozma
|-supereffective|p1a: Necrozma
|-damage|p1a: Necrozma|0 fnt
|faint|p1a: Necrozma
|
|upkeep
|
|switch|p1a: Lugia|Lugia|100/100
|turn|21
|inactive|OnMaWa has 90 seconds left.
|
|move|p2a: Arceus|Toxic|p1a: Lugia
|-status|p1a: Lugia|tox
|move|p1a: Lugia|Toxic|p2a: Arceus
|-status|p2a: Arceus|tox
|
|-damage|p2a: Arceus|94/100 tox|[from] psn
|-damage|p1a: Lugia|94/100 tox|[from] psn
|upkeep
|turn|22
|inactive|OnMaWa has 90 seconds left.
|
|move|p2a: Arceus|Ice Beam|p1a: Lugia
|-supereffective|p1a: Lugia
|-damage|p1a: Lugia|64/100 tox
|move|p1a: Lugia|Roost|p1a: Lugia
|-heal|p1a: Lugia|100/100 tox
|-singleturn|p1a: Lugia|move: Roost
|
|-damage|p2a: Arceus|82/100 tox|[from] psn
|-damage|p1a: Lugia|88/100 tox|[from] psn
|upkeep
|turn|23
|inactive|OnMaWa has 90 seconds left.
|
|move|p2a: Arceus|Ice Beam|p1a: Lugia
|-supereffective|p1a: Lugia
|-damage|p1a: Lugia|62/100 tox
|move|p1a: Lugia|Roost|p1a: Lugia
|-heal|p1a: Lugia|100/100 tox
|-singleturn|p1a: Lugia|move: Roost
|
|-damage|p2a: Arceus|64/100 tox|[from] psn
|-damage|p1a: Lugia|82/100 tox|[from] psn
|upkeep
|turn|24
|inactive|OnMaWa has 90 seconds left.
|
|move|p2a: Arceus|Recover|p2a: Arceus
|-heal|p2a: Arceus|100/100 tox
|move|p1a: Lugia|Roost|p1a: Lugia
|-heal|p1a: Lugia|100/100 tox
|-singleturn|p1a: Lugia|move: Roost
|
|-damage|p2a: Arceus|76/100 tox|[from] psn
|-damage|p1a: Lugia|75/100 tox|[from] psn
|upkeep
|turn|25
|inactive|OnMaWa has 90 seconds left.
|
|move|p2a: Arceus|Ice Beam|p1a: Lugia
|-supereffective|p1a: Lugia
|-damage|p1a: Lugia|48/100 tox
|move|p1a: Lugia|Roost|p1a: Lugia
|-heal|p1a: Lugia|98/100 tox
|-singleturn|p1a: Lugia|move: Roost
|
|-damage|p2a: Arceus|46/100 tox|[from] psn
|-damage|p1a: Lugia|66/100 tox|[from] psn
|upkeep
|turn|26
|inactive|OnMaWa has 90 seconds left.
|
|move|p2a: Arceus|Recover|p2a: Arceus
|-heal|p2a: Arceus|96/100 tox
|move|p1a: Lugia|Roost|p1a: Lugia
|-heal|p1a: Lugia|100/100 tox
|-singleturn|p1a: Lugia|move: Roost
|
|-damage|p2a: Arceus|59/100 tox|[from] psn
|-damage|p1a: Lugia|63/100 tox|[from] psn
|upkeep
|turn|27
|inactive|OnMaWa has 90 seconds left.
|
|move|p2a: Arceus|Ice Beam|p1a: Lugia
|-supereffective|p1a: Lugia
|-damage|p1a: Lugia|37/100 tox
|move|p1a: Lugia|Roost|p1a: Lugia
|-heal|p1a: Lugia|87/100 tox
|-singleturn|p1a: Lugia|move: Roost
|
|-damage|p2a: Arceus|17/100 tox|[from] psn
|-damage|p1a: Lugia|43/100 tox|[from] psn
|upkeep
|turn|28
|inactive|OnMaWa has 90 seconds left.
|
|move|p2a: Arceus|Recover|p2a: Arceus
|-heal|p2a: Arceus|67/100 tox
|move|p1a: Lugia|Roost|p1a: Lugia
|-heal|p1a: Lugia|93/100 tox
|-singleturn|p1a: Lugia|move: Roost
|
|-damage|p2a: Arceus|18/100 tox|[from] psn
|-damage|p1a: Lugia|43/100 tox|[from] psn
|upkeep
|turn|29
|inactive|OnMaWa has 90 seconds left.
|
|move|p2a: Arceus|Recover|p2a: Arceus
|-heal|p2a: Arceus|68/100 tox
|move|p1a: Lugia|Roost|p1a: Lugia
|-heal|p1a: Lugia|93/100 tox
|-singleturn|p1a: Lugia|move: Roost
|
|-damage|p2a: Arceus|13/100 tox|[from] psn
|-damage|p1a: Lugia|37/100 tox|[from] psn
|upkeep
|turn|30
|inactive|OnMaWa has 90 seconds left.
|
|move|p2a: Arceus|Recover|p2a: Arceus
|-heal|p2a: Arceus|63/100 tox
|move|p1a: Lugia|Roost|p1a: Lugia
|-heal|p1a: Lugia|87/100 tox
|-singleturn|p1a: Lugia|move: Roost
|
|-damage|p2a: Arceus|3/100 tox|[from] psn
|-damage|p1a: Lugia|25/100 tox|[from] psn
|upkeep
|turn|31
|inactive|OnMaWa has 90 seconds left.
|
|move|p2a: Arceus|Ice Beam|p1a: Lugia
|-supereffective|p1a: Lugia
|-damage|p1a: Lugia|0 fnt
|faint|p1a: Lugia
|
|win|IAmANiggletAMA
|c|☆IAmANiggletAMA|gg
