|j|☆IamHrrimann
|j|☆Arundrago
|t:|1633187478
|gametype|singles
|player|p1|IamHrrimann|266|
|player|p2|Arundrago|ash-kalos|
|teamsize|p1|6
|teamsize|p2|6
|gen|8
|tier|[Gen 8] National Dex AG
|rule|HP Percentage Mod: HP is shown in percentages
|rule|Endless Battle Clause: Forcing endless battles is banned
|clearpoke
|poke|p1|Lucario, F|
|poke|p1|Incineroar, M|
|poke|p1|Bisharp, M|
|poke|p1|Toxapex, M|
|poke|p1|Ferrothorn, M|
|poke|p1|Excadrill, F|
|poke|p2|Calyrex-Shadow|
|poke|p2|Blissey, F|
|poke|p2|Ditto|
|poke|p2|Melmetal|
|poke|p2|Clefable, M|
|poke|p2|Lopunny, F|
|teampreview
|
|t:|1633187494
|start
|switch|p1a: Incineroar|Incineroar, M|100/100
|switch|p2a: Melmetal|Melmetal|100/100
|-ability|p1a: Incineroar|Intimidate|boost
|-unboost|p2a: Melmetal|atk|1
|turn|1
|inactive|Battle timer is ON: inactive players will automatically lose when time's up. (requested by Arundrago)
|
|t:|1633187504
|switch|p2a: Clefable|Clefable, M|100/100
|move|p1a: Incineroar|Parting Shot|p2a: Clefable
|-unboost|p2a: Clefable|atk|1
|-unboost|p2a: Clefable|spa|1
|
|t:|1633187513
|switch|p1a: Lucario|Lucario, F|100/100|[from]move: Parting Shot
|
|upkeep
|turn|2
|
|t:|1633187531
|detailschange|p1a: Lucario|Lucario-Mega, F
|-mega|p1a: Lucario|Lucario|Lucarionite
|move|p1a: Lucario|Meteor Mash|p2a: Clefable
|-supereffective|p2a: Clefable
|-damage|p2a: Clefable|0 fnt
|faint|p2a: Clefable
|
|upkeep
|
|t:|1633187536
|switch|p2a: Lopunny|Lopunny, F|100/100
|turn|3
|
|t:|1633187544
|switch|p1a: Toxapex|Toxapex, M, shiny|100/100
|detailschange|p2a: Lopunny|Lopunny-Mega, F
|-mega|p2a: Lopunny|Lopunny|Lopunnite
|move|p2a: Lopunny|Close Combat|p1a: Toxapex
|-resisted|p1a: Toxapex
|-crit|p1a: Toxapex
|-damage|p1a: Toxapex|70/100
|-unboost|p2a: Lopunny|def|1
|-unboost|p2a: Lopunny|spd|1
|
|-heal|p1a: Toxapex|76/100|[from] item: Black Sludge
|upkeep
|turn|4
|
|t:|1633187563
|switch|p1a: Ferrothorn|Ferrothorn, M|100/100
|move|p2a: Lopunny|Return|p1a: Ferrothorn
|-resisted|p1a: Ferrothorn
|-damage|p1a: Ferrothorn|84/100
|-damage|p2a: Lopunny|88/100|[from] ability: Iron Barbs|[of] p1a: Ferrothorn
|-damage|p2a: Lopunny|72/100|[from] item: Rocky Helmet|[of] p1a: Ferrothorn
|
|upkeep
|turn|5
|
|t:|1633187582
|switch|p2a: Melmetal|Melmetal|100/100
|move|p1a: Ferrothorn|Leech Seed|p2a: Melmetal
|-start|p2a: Melmetal|move: Leech Seed
|
|-damage|p2a: Melmetal|88/100|[from] Leech Seed|[of] p1a: Ferrothorn
|-heal|p1a: Ferrothorn|100/100|[silent]
|upkeep
|turn|6
|
|t:|1633187597
|switch|p2a: Lopunny|Lopunny-Mega, F|72/100
|move|p1a: Ferrothorn|Stealth Rock|p2a: Lopunny
|-sidestart|p2: Arundrago|move: Stealth Rock
|
|upkeep
|turn|7
|
|t:|1633187604
|switch|p2a: Melmetal|Melmetal|88/100
|-damage|p2a: Melmetal|82/100|[from] Stealth Rock
|move|p1a: Ferrothorn|Protect||[still]
|-fail|p1a: Ferrothorn
|
|upkeep
|turn|8
|
|t:|1633187612
|-start|p2a: Melmetal|Dynamax
|-heal|p2a: Melmetal|82/100|[silent]
|move|p2a: Melmetal|Max Knuckle|p1a: Ferrothorn
|-supereffective|p1a: Ferrothorn
|-damage|p1a: Ferrothorn|57/100
|-boost|p2a: Melmetal|atk|1
|move|p1a: Ferrothorn|Leech Seed|p2a: Melmetal
|-start|p2a: Melmetal|move: Leech Seed
|
|-damage|p2a: Melmetal|76/100|[from] Leech Seed|[of] p1a: Ferrothorn
|-heal|p1a: Ferrothorn|74/100|[silent]
|upkeep
|turn|9
|
|t:|1633187637
|switch|p1a: Incineroar|Incineroar, M|100/100
|-ability|p1a: Incineroar|Intimidate|boost
|-unboost|p2a: Melmetal|atk|1
|move|p2a: Melmetal|Max Knuckle|p1a: Incineroar
|-supereffective|p1a: Incineroar
|-crit|p1a: Incineroar
|-damage|p1a: Incineroar|0 fnt
|-boost|p2a: Melmetal|atk|1
|faint|p1a: Incineroar
|
|upkeep
|c|☆IamHrrimann|F
|inactive|IamHrrimann has 270 seconds left.
|
|t:|1633187663
|switch|p1a: Toxapex|Toxapex, M, shiny|100/100
|turn|10
|
|t:|1633187667
|move|p1a: Toxapex|Scald|p2a: Melmetal
|-damage|p2a: Melmetal|71/100
|move|p2a: Melmetal|Max Quake|p1a: Toxapex
|-supereffective|p1a: Toxapex
|-damage|p1a: Toxapex|13/100
|-boost|p2a: Melmetal|spd|1
|
|-heal|p1a: Toxapex|19/100|[from] item: Black Sludge
|-damage|p2a: Melmetal|65/100|[from] Leech Seed|[of] p1a: Toxapex
|-heal|p1a: Toxapex|39/100|[silent]
|-end|p2a: Melmetal|Dynamax
|-heal|p2a: Melmetal|65/100|[silent]
|upkeep
|turn|11
|inactive|IamHrrimann has 270 seconds left.
|
|t:|1633187684
|move|p1a: Toxapex|Scald|p2a: Melmetal
|-crit|p2a: Melmetal
|-damage|p2a: Melmetal|51/100
|move|p2a: Melmetal|Earthquake|p1a: Toxapex
|-supereffective|p1a: Toxapex
|-damage|p1a: Toxapex|0 fnt
|faint|p1a: Toxapex
|
|upkeep
|
|t:|1633187702
|switch|p1a: Lucario|Lucario-Mega, F|100/100
|turn|12
|
|t:|1633187707
|move|p1a: Lucario|Close Combat|p2a: Melmetal
|-supereffective|p2a: Melmetal
|-damage|p2a: Melmetal|0 fnt
|-unboost|p1a: Lucario|def|1
|-unboost|p1a: Lucario|spd|1
|faint|p2a: Melmetal
|
|upkeep
|
|t:|1633187713
|switch|p2a: Lopunny|Lopunny-Mega, F|72/100
|-damage|p2a: Lopunny|66/100|[from] Stealth Rock
|turn|13
|inactive|IamHrrimann has 270 seconds left.
|
|t:|1633187735
|switch|p1a: Ferrothorn|Ferrothorn, M|74/100
|move|p2a: Lopunny|Close Combat|p1a: Ferrothorn
|-supereffective|p1a: Ferrothorn
|-damage|p1a: Ferrothorn|4/100
|-unboost|p2a: Lopunny|def|1
|-unboost|p2a: Lopunny|spd|1
|-damage|p2a: Lopunny|54/100|[from] ability: Iron Barbs|[of] p1a: Ferrothorn
|-damage|p2a: Lopunny|37/100|[from] item: Rocky Helmet|[of] p1a: Ferrothorn
|
|upkeep
|turn|14
|
|t:|1633187753
|move|p2a: Lopunny|U-turn|p1a: Ferrothorn
|-damage|p1a: Ferrothorn|0 fnt
|-damage|p2a: Lopunny|25/100|[from] ability: Iron Barbs|[of] p1a: Ferrothorn
|-damage|p2a: Lopunny|8/100|[from] item: Rocky Helmet|[of] p1a: Ferrothorn
|faint|p1a: Ferrothorn
|
|t:|1633187758
|switch|p2a: Calyrex|Calyrex-Shadow|100/100|[from]move: U-turn
|-ability|p2a: Calyrex|As One
|-ability|p2a: Calyrex|Unnerve
|-damage|p2a: Calyrex|88/100|[from] Stealth Rock
|
|upkeep
|
|t:|1633187772
|switch|p1a: Bisharp|Bisharp, M|100/100
|turn|15
|
|t:|1633187788
|-start|p1a: Bisharp|Dynamax
|-heal|p1a: Bisharp|100/100|[silent]
|move|p2a: Calyrex|Substitute|p2a: Calyrex
|-start|p2a: Calyrex|Substitute
|-damage|p2a: Calyrex|63/100
|move|p1a: Bisharp|Max Darkness|p2a: Calyrex
|-supereffective|p2a: Calyrex
|-end|p2a: Calyrex|Substitute
|-unboost|p2a: Calyrex|spd|1
|-damage|p1a: Bisharp|96/100|[from] item: Life Orb
|
|upkeep
|turn|16
|
|t:|1633187804
|move|p2a: Calyrex|Draining Kiss|p1a: Bisharp
|-damage|p1a: Bisharp|79/100
|-heal|p2a: Calyrex|83/100|[from] drain|[of] p1a: Bisharp
|move|p1a: Bisharp|Max Darkness|p2a: Calyrex
|-supereffective|p2a: Calyrex
|-damage|p2a: Calyrex|0 fnt
|faint|p2a: Calyrex
|-damage|p1a: Bisharp|74/100|[from] item: Life Orb
|
|upkeep
|
|t:|1633187807
|switch|p2a: Lopunny|Lopunny-Mega, F|8/100
|-damage|p2a: Lopunny|2/100|[from] Stealth Rock
|turn|17
|inactive|IamHrrimann has 240 seconds left.
|inactive|IamHrrimann has 210 seconds left.
|
|t:|1633187887
|-end|p1a: Bisharp|Dynamax
|-heal|p1a: Bisharp|74/100|[silent]
|switch|p1a: Excadrill|Excadrill, F|100/100
|-ability|p1a: Excadrill|Mold Breaker
|move|p2a: Lopunny|Close Combat|p1a: Excadrill
|-supereffective|p1a: Excadrill
|-enditem|p1a: Excadrill|Focus Sash
|-damage|p1a: Excadrill|1/100
|-unboost|p2a: Lopunny|def|1
|-unboost|p2a: Lopunny|spd|1
|
|upkeep
|turn|18
|inactive|IamHrrimann has 180 seconds left.
|inactive|IamHrrimann has 150 seconds left.
|
|t:|1633187942
|switch|p1a: Lucario|Lucario-Mega, F|100/100
|move|p2a: Lopunny|Close Combat|p1a: Lucario
|-supereffective|p1a: Lucario
|-damage|p1a: Lucario|0 fnt
|-unboost|p2a: Lopunny|def|1
|-unboost|p2a: Lopunny|spd|1
|faint|p1a: Lucario
|
|upkeep
|inactive|IamHrrimann has 150 seconds left.
|
|t:|1633187954
|switch|p1a: Bisharp|Bisharp, M|74/100
|turn|19
|inactive|IamHrrimann has 150 seconds left.
|
|t:|1633187973
|move|p1a: Bisharp|Sucker Punch|p2a: Lopunny
|-resisted|p2a: Lopunny
|-damage|p2a: Lopunny|0 fnt
|faint|p2a: Lopunny
|-damage|p1a: Bisharp|64/100|[from] item: Life Orb
|
|upkeep
|
|t:|1633187980
|switch|p2a: Blissey|Blissey, F|100/100
|-damage|p2a: Blissey|88/100|[from] Stealth Rock
|turn|20
|inactive|IamHrrimann has 150 seconds left.
|
|t:|1633187991
|move|p1a: Bisharp|Knock Off|p2a: Blissey
|-damage|p2a: Blissey|35/100
|-enditem|p2a: Blissey|Leftovers|[from] move: Knock Off|[of] p1a: Bisharp
|-damage|p1a: Bisharp|54/100|[from] item: Life Orb
|move|p2a: Blissey|Seismic Toss|p1a: Bisharp
|-damage|p1a: Bisharp|17/100
|
|upkeep
|turn|21
|inactive|IamHrrimann has 150 seconds left.
|
|t:|1633188001
|move|p1a: Bisharp|Iron Head|p2a: Blissey
|-damage|p2a: Blissey|0 fnt
|faint|p2a: Blissey
|-damage|p1a: Bisharp|7/100|[from] item: Life Orb
|
|upkeep
|
|t:|1633188004
|switch|p2a: Ditto|Ditto|100/100
|-damage|p2a: Ditto|88/100|[from] Stealth Rock
|-transform|p2a: Ditto|p1a: Bisharp|[from] ability: Imposter
|turn|22
|inactive|IamHrrimann has 150 seconds left.
|
|t:|1633188020
|switch|p1a: Excadrill|Excadrill, F|1/100
|-ability|p1a: Excadrill|Mold Breaker
|move|p2a: Ditto|Knock Off|p1a: Excadrill
|-damage|p1a: Excadrill|0 fnt
|faint|p1a: Excadrill
|
|upkeep
|
|t:|1633188029
|switch|p1a: Bisharp|Bisharp, M|7/100
|turn|23
|
|t:|1633188033
|move|p1a: Bisharp|Sucker Punch|p2a: Ditto
|-resisted|p2a: Ditto
|-damage|p2a: Ditto|64/100
|-damage|p1a: Bisharp|0 fnt|[from] item: Life Orb
|faint|p1a: Bisharp
|
|win|Arundrago
|c|☆IamHrrimann|Gg
|c|☆Arundrago|gg
