|j|☆Freeity
|j|☆1hfkqhwhrelk
|t:|1649981565
|gametype|singles
|player|p1|Freeity|iris-gen5bw2|
|player|p2|1hfkqhwhrelk|dawn|
|teamsize|p1|6
|teamsize|p2|6
|gen|8
|tier|[Gen 8] National Dex AG
|rule|HP Percentage Mod: HP is shown in percentages
|rule|Endless Battle Clause: Forcing endless battles is banned
|clearpoke
|poke|p1|Rayquaza|
|poke|p1|Chansey, F|
|poke|p1|Arceus-*|
|poke|p1|Necrozma-Dusk-Mane|
|poke|p1|Arceus-*|
|poke|p1|Marshadow|
|poke|p2|Galvantula, M|
|poke|p2|Rayquaza|
|poke|p2|Groudon|
|poke|p2|Zacian-*|
|poke|p2|Necrozma-Dusk-Mane|
|poke|p2|Arceus-*|
|teampreview
|inactive|Battle timer is ON: inactive players will automatically lose when time's up. (requested by 1hfkqhwhrelk)
|
|t:|1649981580
|start
|switch|p1a: Lazy|Rayquaza|100/100
|switch|p2a: Galvantula|Galvantula, M|100/100
|-ability|p1a: Lazy|Air Lock
|turn|1
|
|t:|1649981585
|detailschange|p1a: Lazy|Rayquaza-Mega
|-mega|p1a: Lazy|Rayquaza|
|-weather|DeltaStream|[from] ability: Delta Stream|[of] p1a: Lazy
|move|p1a: Lazy|Scale Shot|p2a: Galvantula
|-damage|p2a: Galvantula|70/100
|-damage|p2a: Galvantula|39/100
|-hitcount|p2a: Galvantula|2
|-unboost|p1a: Lazy|def|1
|-boost|p1a: Lazy|spe|1
|-damage|p1a: Lazy|91/100|[from] item: Life Orb
|move|p2a: Galvantula|Sticky Web|p1a: Lazy
|-sidestart|p1: Freeity|move: Sticky Web
|
|-weather|DeltaStream|[upkeep]
|upkeep
|turn|2
|
|t:|1649981594
|move|p1a: Lazy|Dragon Ascent|p2a: Galvantula
|-damage|p2a: Galvantula|0 fnt
|-unboost|p1a: Lazy|def|1
|-unboost|p1a: Lazy|spd|1
|faint|p2a: Galvantula
|-damage|p1a: Lazy|81/100|[from] item: Life Orb
|
|-weather|DeltaStream|[upkeep]
|upkeep
|
|t:|1649981607
|switch|p2a: Zacian|Zacian-Crowned|100/100
|-ability|p2a: Zacian|Intrepid Sword|boost
|-boost|p2a: Zacian|atk|1
|turn|3
|
|t:|1649981614
|move|p1a: Lazy|V-create|p2a: Zacian
|-supereffective|p2a: Zacian
|-crit|p2a: Zacian
|-damage|p2a: Zacian|0 fnt
|-unboost|p1a: Lazy|spe|1
|-unboost|p1a: Lazy|def|1
|-unboost|p1a: Lazy|spd|1
|faint|p2a: Zacian
|-damage|p1a: Lazy|71/100|[from] item: Life Orb
|
|-weather|DeltaStream|[upkeep]
|upkeep
|
|t:|1649981619
|switch|p2a: Necrozma|Necrozma-Dusk-Mane|100/100
|turn|4
|inactive|1hfkqhwhrelk has 270 seconds left.
|
|t:|1649981649
|detailschange|p2a: Necrozma|Necrozma-Ultra
|-burst|p2a: Necrozma|Necrozma|Ultranecrozium Z
|move|p2a: Necrozma|Outrage|p1a: Lazy
|-supereffective|p1a: Lazy
|-damage|p1a: Lazy|0 fnt
|faint|p1a: Lazy
|-weather|none
|
|upkeep
|
|t:|1649981664
|switch|p1a: Arceus|Arceus-Fairy|100/100
|-activate|p1a: Arceus|move: Sticky Web
|-unboost|p1a: Arceus|spe|1
|turn|5
|c|☆1hfkqhwhrelk|ah yes the team to counter me
|
|t:|1649981674
|move|p2a: Necrozma|Outrage|p1a: Arceus|[from]lockedmove
|-immune|p1a: Arceus
|move|p1a: Arceus|Judgment|p2a: Necrozma
|-supereffective|p2a: Necrozma
|-damage|p2a: Necrozma|0 fnt
|faint|p2a: Necrozma
|
|upkeep
|c|☆Freeity|???
|
|t:|1649981680
|switch|p2a: Groudon|Groudon|100/100
|detailschange|p2a: Groudon|Groudon-Primal
|-primal|p2a: Groudon
|-weather|DesolateLand|[from] ability: Desolate Land|[of] p2a: Groudon
|turn|6
|
|t:|1649981688
|switch|p1a: Marshadow|Marshadow|100/100
|-activate|p1a: Marshadow|move: Sticky Web
|-unboost|p1a: Marshadow|spe|1
|move|p2a: Groudon|Eruption|p1a: Marshadow
|-damage|p1a: Marshadow|0 fnt
|faint|p1a: Marshadow
|
|-weather|DesolateLand|[upkeep]
|upkeep
|
|t:|1649981692
|switch|p1a: Arceus|Arceus-Ground|100/100
|-activate|p1a: Arceus|move: Sticky Web
|-unboost|p1a: Arceus|spe|1
|turn|7
|
|t:|1649981701
|-start|p1a: Arceus|Dynamax|
|-heal|p1a: Arceus|100/100|[silent]
|move|p1a: Arceus|Max Quake|p2a: Groudon
|-supereffective|p2a: Groudon
|-damage|p2a: Groudon|0 fnt
|-boost|p1a: Arceus|spd|1
|faint|p2a: Groudon
|-weather|none
|
|upkeep
|
|t:|1649981706
|switch|p2a: Arceus|Arceus-Ice|100/100
|turn|8
|
|t:|1649981718
|-start|p2a: Arceus|Dynamax|
|-heal|p2a: Arceus|100/100|[silent]
|move|p2a: Arceus|Max Hailstorm|p1a: Arceus
|-supereffective|p1a: Arceus
|-damage|p1a: Arceus|67/100
|-weather|Hail
|move|p1a: Arceus|Max Quake|p2a: Arceus
|-damage|p2a: Arceus|76/100
|-boost|p1a: Arceus|spd|1
|
|-weather|Hail|[upkeep]
|-damage|p1a: Arceus|64/100|[from] Hail
|upkeep
|turn|9
|
|t:|1649981726
|move|p2a: Arceus|Max Hailstorm|p1a: Arceus
|-supereffective|p1a: Arceus
|-damage|p1a: Arceus|40/100
|move|p1a: Arceus|Max Quake|p2a: Arceus
|-damage|p2a: Arceus|52/100
|-boost|p1a: Arceus|spd|1
|
|-weather|Hail|[upkeep]
|-damage|p1a: Arceus|37/100|[from] Hail
|-end|p1a: Arceus|Dynamax
|-heal|p1a: Arceus|37/100|[silent]
|upkeep
|turn|10
|
|t:|1649981731
|move|p2a: Arceus|Max Hailstorm|p1a: Arceus
|-supereffective|p1a: Arceus
|-damage|p1a: Arceus|0 fnt
|faint|p1a: Arceus
|
|-weather|Hail|[upkeep]
|-end|p2a: Arceus|Dynamax
|-heal|p2a: Arceus|52/100|[silent]
|upkeep
|
|t:|1649981740
|switch|p1a: Chansey|Chansey, F|100/100
|-activate|p1a: Chansey|move: Sticky Web
|-unboost|p1a: Chansey|spe|1
|turn|11
|c|☆1hfkqhwhrelk|ah yes this chansey
|
|t:|1649981753
|move|p2a: Arceus|Earth Power|p1a: Chansey
|-damage|p1a: Chansey|92/100
|move|p1a: Chansey|Toxic|p2a: Arceus|[miss]
|-miss|p1a: Chansey|p2a: Arceus
|
|-weather|Hail|[upkeep]
|-damage|p1a: Chansey|85/100|[from] Hail
|upkeep
|turn|12
|c|☆1hfkqhwhrelk|oh you put toxic on it
|
|t:|1649981764
|move|p2a: Arceus|Judgment|p1a: Chansey
|-damage|p1a: Chansey|67/100
|move|p1a: Chansey|Toxic|p2a: Arceus
|-status|p2a: Arceus|tox
|
|-weather|none
|-damage|p2a: Arceus|46/100 tox|[from] psn
|upkeep
|turn|13
|
|t:|1649981777
|move|p2a: Arceus|Judgment|p1a: Chansey
|-damage|p1a: Chansey|48/100
|move|p1a: Chansey|Soft-Boiled|p1a: Chansey
|-heal|p1a: Chansey|98/100
|
|-damage|p2a: Arceus|34/100 tox|[from] psn
|upkeep
|turn|14
|
|t:|1649981781
|switch|p2a: Rayquaza|Rayquaza|100/100
|-ability|p2a: Rayquaza|Air Lock
|move|p1a: Chansey|Seismic Toss|p2a: Rayquaza
|-damage|p2a: Rayquaza|72/100
|
|upkeep
|turn|15
|
|t:|1649981789
|detailschange|p2a: Rayquaza|Rayquaza-Mega
|-mega|p2a: Rayquaza|Rayquaza|
|-weather|DeltaStream|[from] ability: Delta Stream|[of] p2a: Rayquaza
|move|p2a: Rayquaza|Dragon Ascent|p1a: Chansey
|-damage|p1a: Chansey|26/100
|-unboost|p2a: Rayquaza|def|1
|-unboost|p2a: Rayquaza|spd|1
|-damage|p2a: Rayquaza|62/100|[from] item: Life Orb
|move|p1a: Chansey|Seismic Toss|p2a: Rayquaza
|-damage|p2a: Rayquaza|34/100
|
|-weather|DeltaStream|[upkeep]
|upkeep
|turn|16
|
|t:|1649981794
|switch|p1a: Necrozma|Necrozma-Dusk-Mane|100/100
|-activate|p1a: Necrozma|move: Sticky Web
|-unboost|p1a: Necrozma|spe|1
|move|p2a: Rayquaza|Dragon Ascent|p1a: Necrozma
|-resisted|p1a: Necrozma
|-damage|p1a: Necrozma|72/100
|-unboost|p2a: Rayquaza|def|1
|-unboost|p2a: Rayquaza|spd|1
|-damage|p2a: Rayquaza|17/100|[from] item: Rocky Helmet|[of] p1a: Necrozma
|-damage|p2a: Rayquaza|7/100|[from] item: Life Orb
|
|-weather|DeltaStream|[upkeep]
|upkeep
|turn|17
|
|t:|1649981801
|move|p2a: Rayquaza|V-create|p1a: Necrozma
|-supereffective|p1a: Necrozma
|-damage|p1a: Necrozma|0 fnt
|-unboost|p2a: Rayquaza|spe|1
|-unboost|p2a: Rayquaza|def|1
|-unboost|p2a: Rayquaza|spd|1
|-damage|p2a: Rayquaza|0 fnt|[from] item: Rocky Helmet|[of] p1a: Necrozma
|faint|p1a: Necrozma
|faint|p2a: Rayquaza
|-weather|none
|
|upkeep
|
|t:|1649981804
|switch|p2a: Arceus|Arceus-Ice|34/100 tox
|switch|p1a: Chansey|Chansey, F|26/100
|-activate|p1a: Chansey|move: Sticky Web
|-unboost|p1a: Chansey|spe|1
|turn|18
|-message|1hfkqhwhrelk forfeited.
|
|win|Freeity
|l|☆1hfkqhwhrelk
|c|☆Freeity|lmao
