|j|☆Eurybie
|j|☆amnael01
|t:|1661878183
|gametype|singles
|player|p1|Eurybie|ingo|1732
|player|p2|amnael01|2|1800
|teamsize|p1|6
|teamsize|p2|6
|gen|8
|tier|[Gen 8] National Dex AG
|rated|
|rule|HP Percentage Mod: HP is shown in percentages
|rule|Endless Battle Clause: Forcing endless battles is banned
|clearpoke
|poke|p1|Mamoswine, M|
|poke|p1|Xerneas-*|
|poke|p1|Quagsire, F|
|poke|p1|Shedinja|
|poke|p1|Kyogre|
|poke|p1|Yveltal|
|poke|p2|Smeargle, F|
|poke|p2|Groudon|
|poke|p2|Espeon, F|
|poke|p2|Rayquaza|
|poke|p2|Xerneas-*|
|poke|p2|Zacian-*|
|teampreview
|inactive|Battle timer is ON: inactive players will automatically lose when time's up. (requested by amnael01)
|
|t:|1661878193
|start
|switch|p1a: Xerneas|Xerneas|100/100
|switch|p2a: Groudon|Groudon|100/100
|-ability|p1a: Xerneas|Fairy Aura
|detailschange|p2a: Groudon|Groudon-Primal
|-primal|p2a: Groudon
|-weather|DesolateLand|[from] ability: Desolate Land|[of] p2a: Groudon
|turn|1
|j| Flame of the Soul
|
|t:|1661878201
|switch|p1a: Mamoswine|Mamoswine, M|100/100
|move|p2a: Groudon|Roar|p1a: Mamoswine
|drag|p1a: Shedinja|Shedinja|100/100
|
|-weather|DesolateLand|[upkeep]
|upkeep
|turn|2
|
|t:|1661878208
|switch|p1a: Mamoswine|Mamoswine, M|100/100
|move|p2a: Groudon|Stealth Rock|p1a: Mamoswine
|-sidestart|p1: Eurybie|move: Stealth Rock
|
|-weather|DesolateLand|[upkeep]
|upkeep
|turn|3
|
|t:|1661878214
|-weather|none
|switch|p2a: Espeon|Espeon, F|100/100
|move|p1a: Mamoswine|Earthquake|p2a: Espeon
|-enditem|p2a: Espeon|Focus Sash
|-damage|p2a: Espeon|1/100
|
|upkeep
|turn|4
|
|t:|1661878222
|move|p1a: Mamoswine|Ice Shard|p2a: Espeon
|-damage|p2a: Espeon|0 fnt
|faint|p2a: Espeon
|
|upkeep
|
|t:|1661878229
|switch|p2a: Xerneas|Xerneas|100/100
|-ability|p2a: Xerneas|Fairy Aura
|turn|5
|
|t:|1661878234
|move|p1a: Mamoswine|Stealth Rock|p2a: Xerneas
|-sidestart|p2: amnael01|move: Stealth Rock
|move|p2a: Xerneas|Geomancy||[still]
|-prepare|p2a: Xerneas|Geomancy
|-enditem|p2a: Xerneas|Power Herb
|-anim|p2a: Xerneas|Geomancy|p2a: Xerneas
|-boost|p2a: Xerneas|spa|2
|-boost|p2a: Xerneas|spd|2
|-boost|p2a: Xerneas|spe|2
|
|upkeep
|turn|6
|
|t:|1661878241
|move|p2a: Xerneas|Grass Knot|p1a: Mamoswine
|-supereffective|p1a: Mamoswine
|-enditem|p1a: Mamoswine|Focus Sash
|-damage|p1a: Mamoswine|1/100
|move|p1a: Mamoswine|Endeavor|p2a: Xerneas
|-damage|p2a: Xerneas|1/100
|
|upkeep
|turn|7
|
|t:|1661878249
|move|p1a: Mamoswine|Ice Shard|p2a: Xerneas
|-damage|p2a: Xerneas|0 fnt
|faint|p2a: Xerneas
|
|upkeep
|
|t:|1661878253
|switch|p2a: Smeargle|Smeargle, F|100/100
|-damage|p2a: Smeargle|88/100|[from] Stealth Rock
|turn|8
|
|t:|1661878261
|switch|p1a: Xerneas|Xerneas|100/100
|-damage|p1a: Xerneas|88/100|[from] Stealth Rock
|-ability|p1a: Xerneas|Fairy Aura
|move|p2a: Smeargle|Spiky Shield||[still]
|-fail|p2a: Smeargle
|
|-ability|p2a: Smeargle|Moody|boost
|-boost|p2a: Smeargle|spa|2
|-unboost|p2a: Smeargle|atk|1
|upkeep
|turn|9
|
|t:|1661878271
|move|p2a: Smeargle|Spore|p1a: Xerneas
|-activate|p1a: Xerneas|item: Safety Goggles|Spore
|move|p1a: Xerneas|Moonblast|p2a: Smeargle
|-damage|p2a: Smeargle|0 fnt
|faint|p2a: Smeargle
|
|upkeep
|
|t:|1661878277
|switch|p2a: Zacian|Zacian-Crowned|100/100
|-damage|p2a: Zacian|94/100|[from] Stealth Rock
|-ability|p2a: Zacian|Intrepid Sword|boost
|-boost|p2a: Zacian|atk|1
|turn|10
|
|t:|1661878285
|switch|p1a: Shedinja|Shedinja|100/100
|move|p2a: Zacian|Behemoth Blade|p1a: Shedinja
|-immune|p1a: Shedinja|[from] ability: Wonder Guard
|
|upkeep
|turn|11
|
|t:|1661878292
|switch|p2a: Groudon|Groudon-Primal|100/100
|-damage|p2a: Groudon|88/100|[from] Stealth Rock
|-weather|DesolateLand|[from] ability: Desolate Land|[of] p2a: Groudon
|switch|p1a: Mamoswine|Mamoswine, M|1/100
|-damage|p1a: Mamoswine|0 fnt|[from] Stealth Rock
|faint|p1a: Mamoswine
|
|-weather|DesolateLand|[upkeep]
|upkeep
|
|t:|1661878312
|switch|p1a: Yveltal|Yveltal|100/100
|-ability|p1a: Yveltal|Dark Aura
|turn|12
|
|t:|1661878317
|move|p2a: Groudon|Fire Punch|p1a: Yveltal
|-damage|p1a: Yveltal|45/100
|move|p1a: Yveltal|Oblivion Wing|p2a: Groudon
|-damage|p2a: Groudon|48/100
|-heal|p1a: Yveltal|68/100|[from] drain|[of] p2a: Groudon
|
|-weather|DesolateLand|[upkeep]
|upkeep
|turn|13
|j| weidu
|
|t:|1661878332
|move|p2a: Groudon|Fire Punch|p1a: Yveltal
|-damage|p1a: Yveltal|14/100
|move|p1a: Yveltal|Oblivion Wing|p2a: Groudon
|-damage|p2a: Groudon|12/100
|-heal|p1a: Yveltal|34/100|[from] drain|[of] p2a: Groudon
|
|-weather|DesolateLand|[upkeep]
|upkeep
|turn|14
|l| weidu
|
|t:|1661878341
|switch|p1a: Quagsire|Quagsire, F|100/100
|-damage|p1a: Quagsire|94/100|[from] Stealth Rock
|move|p2a: Groudon|Fire Punch|p1a: Quagsire
|-resisted|p1a: Quagsire
|-damage|p1a: Quagsire|67/100
|-damage|p2a: Groudon|0 fnt|[from] item: Rocky Helmet|[of] p1a: Quagsire
|faint|p2a: Groudon
|-weather|none
|
|upkeep
|
|t:|1661878344
|switch|p2a: Rayquaza|Rayquaza|100/100
|-damage|p2a: Rayquaza|76/100|[from] Stealth Rock
|-ability|p2a: Rayquaza|Air Lock
|turn|15
|
|t:|1661878354
|detailschange|p2a: Rayquaza|Rayquaza-Mega
|-mega|p2a: Rayquaza|Rayquaza|
|-weather|DeltaStream|[from] ability: Delta Stream|[of] p2a: Rayquaza
|move|p2a: Rayquaza|Dragon Ascent|p1a: Quagsire
|-damage|p1a: Quagsire|14/100
|-unboost|p2a: Rayquaza|def|1
|-unboost|p2a: Rayquaza|spd|1
|-damage|p2a: Rayquaza|59/100|[from] item: Rocky Helmet|[of] p1a: Quagsire
|move|p1a: Quagsire|Toxic|p2a: Rayquaza
|-status|p2a: Rayquaza|tox
|
|-weather|DeltaStream|[upkeep]
|-damage|p2a: Rayquaza|53/100 tox|[from] psn
|upkeep
|turn|16
|
|t:|1661878370
|move|p2a: Rayquaza|Dragon Ascent|p1a: Quagsire
|-damage|p1a: Quagsire|0 fnt
|-unboost|p2a: Rayquaza|def|1
|-unboost|p2a: Rayquaza|spd|1
|-damage|p2a: Rayquaza|37/100 tox|[from] item: Rocky Helmet|[of] p1a: Quagsire
|faint|p1a: Quagsire
|
|-weather|DeltaStream|[upkeep]
|-damage|p2a: Rayquaza|25/100 tox|[from] psn
|upkeep
|-message|amnael01 forfeited.
|
|win|Eurybie
|raw|Eurybie's rating: 1732 &rarr; <strong>1756</strong><br />(+24 for winning)
|raw|amnael01's rating: 1800 &rarr; <strong>1776</strong><br />(-24 for losing)
|l|☆amnael01
||Ladder isn't responding, score probably updated but might not have (Request timeout).
