|j|☆CLEAR GEM清瑜
|j|☆Emorawr79
|t:|1661053510
|gametype|singles
|player|p1|CLEAR GEM清瑜|skierf|1733
|player|p2|Emorawr79|ghetsis|1774
|teamsize|p1|6
|teamsize|p2|6
|gen|8
|tier|[Gen 8] National Dex AG
|rated|
|rule|HP Percentage Mod: HP is shown in percentages
|rule|Endless Battle Clause: Forcing endless battles is banned
|clearpoke
|poke|p1|Rayquaza|
|poke|p1|Groudon|
|poke|p1|Necrozma-Dusk-Mane|
|poke|p1|Arceus-*|
|poke|p1|Arceus-*|
|poke|p1|Arceus-*|
|poke|p2|Calyrex-Shadow|
|poke|p2|Zygarde|
|poke|p2|Yveltal|
|poke|p2|Ho-Oh|
|poke|p2|Smeargle, M|
|poke|p2|Rayquaza|
|teampreview
|inactive|Battle timer is ON: inactive players will automatically lose when time's up. (requested by CLEAR GEM清瑜)
|
|t:|1661053535
|start
|switch|p1a: 究极辅助|Arceus-Dark|100/100
|switch|p2a: Rayquaza|Rayquaza|100/100
|-ability|p2a: Rayquaza|Air Lock
|turn|1
|
|t:|1661053542
|detailschange|p2a: Rayquaza|Rayquaza-Mega
|-mega|p2a: Rayquaza|Rayquaza|
|-weather|DeltaStream|[from] ability: Delta Stream|[of] p2a: Rayquaza
|move|p2a: Rayquaza|Thunder Wave|p1a: 究极辅助
|-status|p1a: 究极辅助|par
|move|p1a: 究极辅助|Judgment|p2a: Rayquaza
|-damage|p2a: Rayquaza|49/100
|
|-weather|DeltaStream|[upkeep]
|upkeep
|turn|2
|c|☆CLEAR GEM清瑜|?
|
|t:|1661053553
|move|p2a: Rayquaza|Dragon Ascent|p1a: 究极辅助
|-damage|p1a: 究极辅助|45/100 par
|-unboost|p2a: Rayquaza|def|1
|-unboost|p2a: Rayquaza|spd|1
|move|p1a: 究极辅助|Judgment|p2a: Rayquaza
|-damage|p2a: Rayquaza|0 fnt
|faint|p2a: Rayquaza
|-weather|none
|
|upkeep
|
|t:|1661053560
|switch|p2a: Smeargle|Smeargle, M|100/100
|turn|3
|
|t:|1661053562
|cant|p1a: 究极辅助|par
|move|p2a: Smeargle|Stealth Rock|p1a: 究极辅助
|-sidestart|p1: CLEAR GEM清瑜|move: Stealth Rock
|
|-ability|p2a: Smeargle|Moody|boost
|-boost|p2a: Smeargle|spe|2
|-unboost|p2a: Smeargle|spd|1
|upkeep
|turn|4
|
|t:|1661053565
|move|p2a: Smeargle|Spore||[still]
|-fail|p2a: Smeargle
|move|p1a: 究极辅助|Judgment|p2a: Smeargle
|-enditem|p2a: Smeargle|Focus Sash
|-damage|p2a: Smeargle|1/100
|
|-ability|p2a: Smeargle|Moody|boost
|-boost|p2a: Smeargle|spa|2
|-unboost|p2a: Smeargle|atk|1
|upkeep
|turn|5
|
|t:|1661053570
|move|p2a: Smeargle|Endeavor|p1a: 究极辅助
|-damage|p1a: 究极辅助|1/100 par
|move|p1a: 究极辅助|Judgment|p2a: Smeargle
|-damage|p2a: Smeargle|0 fnt
|faint|p2a: Smeargle
|
|upkeep
|
|t:|1661053575
|switch|p2a: Calyrex|Calyrex-Shadow|100/100
|-ability|p2a: Calyrex|As One
|-ability|p2a: Calyrex|Unnerve
|turn|6
|
|t:|1661053579
|move|p2a: Calyrex|Astral Barrage|p1a: 究极辅助
|-resisted|p1a: 究极辅助
|-damage|p1a: 究极辅助|0 fnt
|faint|p1a: 究极辅助
|-ability|p2a: Calyrex|Grim Neigh|boost
|-boost|p2a: Calyrex|spa|1
|
|upkeep
|
|t:|1661053581
|switch|p1a: 悬空羊驼|Arceus-Flying|100/100
|-damage|p1a: 悬空羊驼|76/100|[from] Stealth Rock
|turn|7
|
|t:|1661053584
|-start|p2a: Calyrex|Dynamax|
|-heal|p2a: Calyrex|100/100|[silent]
|-start|p1a: 悬空羊驼|Dynamax|
|-heal|p1a: 悬空羊驼|76/100|[silent]
|move|p2a: Calyrex|Max Phantasm|p1a: 悬空羊驼
|-damage|p1a: 悬空羊驼|32/100
|-unboost|p1a: 悬空羊驼|def|1
|move|p1a: 悬空羊驼|Max Airstream|p2a: Calyrex
|-damage|p2a: Calyrex|56/100
|-boost|p1a: 悬空羊驼|spe|1
|
|upkeep
|turn|8
|
|t:|1661053602
|move|p2a: Calyrex|Max Guard|p2a: Calyrex
|-singleturn|p2a: Calyrex|Max Guard
|move|p1a: 悬空羊驼|Max Quake|p2a: Calyrex
|-activate|p2a: Calyrex|move: Max Guard
|
|upkeep
|turn|9
|
|t:|1661053604
|move|p1a: 悬空羊驼|Max Quake|p2a: Calyrex
|-damage|p2a: Calyrex|32/100
|-boost|p1a: 悬空羊驼|spd|1
|move|p2a: Calyrex|Max Phantasm|p1a: 悬空羊驼
|-damage|p1a: 悬空羊驼|2/100
|-unboost|p1a: 悬空羊驼|def|1
|
|upkeep
|-end|p1a: 悬空羊驼|Dynamax
|-heal|p1a: 悬空羊驼|2/100|[silent]
|-end|p2a: Calyrex|Dynamax
|-heal|p2a: Calyrex|32/100|[silent]
|turn|10
|
|t:|1661053611
|move|p1a: 悬空羊驼|Judgment|p2a: Calyrex
|-damage|p2a: Calyrex|0 fnt
|faint|p2a: Calyrex
|
|upkeep
|
|t:|1661053615
|switch|p2a: Ho-Oh|Ho-Oh|100/100
|turn|11
|
|t:|1661053617
|move|p1a: 悬空羊驼|Judgment|p2a: Ho-Oh
|-damage|p2a: Ho-Oh|69/100
|move|p2a: Ho-Oh|Sacred Fire|p1a: 悬空羊驼
|-damage|p1a: 悬空羊驼|0 fnt
|faint|p1a: 悬空羊驼
|
|upkeep
|
|t:|1661053625
|switch|p1a: 钢铁之躯|Necrozma-Dusk-Mane|100/100
|-damage|p1a: 钢铁之躯|94/100|[from] Stealth Rock
|turn|12
|
|t:|1661053627
|detailschange|p1a: 钢铁之躯|Necrozma-Ultra
|-burst|p1a: 钢铁之躯|Necrozma|Ultranecrozium Z
|move|p1a: 钢铁之躯|Dragon Dance|p1a: 钢铁之躯
|-boost|p1a: 钢铁之躯|atk|1
|-boost|p1a: 钢铁之躯|spe|1
|move|p2a: Ho-Oh|Thunder Wave|p1a: 钢铁之躯
|-status|p1a: 钢铁之躯|par
|
|upkeep
|turn|13
|
|t:|1661053634
|cant|p1a: 钢铁之躯|par
|move|p2a: Ho-Oh|Whirlwind|p1a: 钢铁之躯
|drag|p1a: 不会(?)|Groudon|100/100
|-damage|p1a: 不会(?)|94/100|[from] Stealth Rock
|detailschange|p1a: 不会(?)|Groudon-Primal
|-primal|p1a: 不会(?)
|-weather|DesolateLand|[from] ability: Desolate Land|[of] p1a: 不会(?)
|
|-weather|DesolateLand|[upkeep]
|upkeep
|turn|14
|
|t:|1661053637
|move|p1a: 不会(?)|Heat Crash|p2a: Ho-Oh
|-resisted|p2a: Ho-Oh
|-damage|p2a: Ho-Oh|14/100
|move|p2a: Ho-Oh|Sacred Fire|p1a: 不会(?)
|-resisted|p1a: 不会(?)
|-damage|p1a: 不会(?)|77/100
|
|-weather|DesolateLand|[upkeep]
|upkeep
|turn|15
|
|t:|1661053640
|move|p2a: Ho-Oh|Sacred Fire|p1a: 不会(?)
|-resisted|p1a: 不会(?)
|-damage|p1a: 不会(?)|58/100
|move|p1a: 不会(?)|Heat Crash|p2a: Ho-Oh
|-resisted|p2a: Ho-Oh
|-damage|p2a: Ho-Oh|0 fnt
|faint|p2a: Ho-Oh
|
|-weather|DesolateLand|[upkeep]
|upkeep
|
|t:|1661053642
|switch|p2a: Zygarde|Zygarde|100/100
|turn|16
|
|t:|1661053645
|move|p2a: Zygarde|Substitute|p2a: Zygarde
|-start|p2a: Zygarde|Substitute
|-damage|p2a: Zygarde|75/100
|move|p1a: 不会(?)|Roar|p2a: Zygarde
|drag|p2a: Yveltal|Yveltal|100/100
|-ability|p2a: Yveltal|Dark Aura
|
|-weather|DesolateLand|[upkeep]
|upkeep
|turn|17
|
|t:|1661053648
|move|p2a: Yveltal|Taunt|p1a: 不会(?)
|-start|p1a: 不会(?)|move: Taunt
|move|p1a: 不会(?)|Heat Crash|p2a: Yveltal
|-damage|p2a: Yveltal|0 fnt
|faint|p2a: Yveltal
|
|-weather|DesolateLand|[upkeep]
|upkeep
|
|t:|1661053649
|switch|p2a: Zygarde|Zygarde|75/100
|turn|18
|
|t:|1661053652
|move|p2a: Zygarde|Substitute|p2a: Zygarde
|-start|p2a: Zygarde|Substitute
|-damage|p2a: Zygarde|50/100
|move|p1a: 不会(?)|Precipice Blades|p2a: Zygarde
|-end|p2a: Zygarde|Substitute
|
|-weather|DesolateLand|[upkeep]
|-heal|p2a: Zygarde|57/100|[from] item: Leftovers
|upkeep
|turn|19
|
|t:|1661053655
|-weather|none
|switch|p1a: 乱杀P古|Arceus-Ground|100/100
|-damage|p1a: 乱杀P古|94/100|[from] Stealth Rock
|move|p2a: Zygarde|Coil|p2a: Zygarde
|-boost|p2a: Zygarde|atk|1
|-boost|p2a: Zygarde|def|1
|-boost|p2a: Zygarde|accuracy|1
|
|-heal|p2a: Zygarde|63/100|[from] item: Leftovers
|upkeep
|turn|20
|
|t:|1661053657
|move|p1a: 乱杀P古|Ice Beam|p2a: Zygarde
|-supereffective|p2a: Zygarde
|-damage|p2a: Zygarde|0 fnt
|faint|p2a: Zygarde
|
|win|CLEAR GEM清瑜
|raw|CLEAR GEM清瑜's rating: 1733 &rarr; <strong>1755</strong><br />(+22 for winning)
|raw|Emorawr79's rating: 1774 &rarr; <strong>1752</strong><br />(-22 for losing)
|l|☆Emorawr79
||Ladder isn't responding, score probably updated but might not have (Request timeout).
