|j|☆Crackerkid
|j|☆Miubari
|t:|1658271993
|gametype|singles
|player|p1|Crackerkid|102|1840
|player|p2|Miubari|erika|1638
|teamsize|p1|6
|teamsize|p2|6
|gen|8
|tier|[Gen 8] National Dex AG
|rated|
|rule|HP Percentage Mod: HP is shown in percentages
|rule|Endless Battle Clause: Forcing endless battles is banned
|clearpoke
|poke|p1|Rayquaza|
|poke|p1|Groudon|
|poke|p1|Calyrex-Shadow|
|poke|p1|Tyranitar, F|
|poke|p1|Necrozma-Dusk-Mane|
|poke|p1|Deoxys-Attack|
|poke|p2|Arceus-*|
|poke|p2|Arceus-*|
|poke|p2|Necrozma-Dusk-Mane|
|poke|p2|Rayquaza|
|poke|p2|Marshadow|
|poke|p2|Ditto|
|teampreview
|inactive|Battle timer is ON: inactive players will automatically lose when time's up. (requested by Crackerkid)
|
|t:|1658272009
|start
|switch|p1a: Deoxys|Deoxys-Attack|100/100
|switch|p2a: Arceus|Arceus-Fairy|100/100
|-ability|p1a: Deoxys|Pressure
|turn|1
|
|t:|1658272020
|move|p1a: Deoxys|Spikes|p2a: Arceus
|-sidestart|p2: Miubari|Spikes
|move|p2a: Arceus|Toxic|p1a: Deoxys
|-status|p1a: Deoxys|tox
|
|-damage|p1a: Deoxys|94/100 tox|[from] psn
|upkeep
|turn|2
|
|t:|1658272024
|move|p1a: Deoxys|Psycho Boost|p2a: Arceus
|-damage|p2a: Arceus|46/100
|-unboost|p1a: Deoxys|spa|2
|move|p2a: Arceus|Judgment|p1a: Deoxys
|-damage|p1a: Deoxys|0 fnt
|faint|p1a: Deoxys
|
|upkeep
|
|t:|1658272034
|switch|p1a: Rayquaza|Rayquaza|100/100
|-ability|p1a: Rayquaza|Air Lock
|turn|3
|
|t:|1658272042
|detailschange|p1a: Rayquaza|Rayquaza-Mega
|-mega|p1a: Rayquaza|Rayquaza|
|-weather|DeltaStream|[from] ability: Delta Stream|[of] p1a: Rayquaza
|move|p1a: Rayquaza|Dragon Ascent|p2a: Arceus
|-damage|p2a: Arceus|0 fnt
|-unboost|p1a: Rayquaza|def|1
|-unboost|p1a: Rayquaza|spd|1
|faint|p2a: Arceus
|
|-weather|DeltaStream|[upkeep]
|upkeep
|
|t:|1658272051
|switch|p2a: Arceus|Arceus-Dark|100/100
|-damage|p2a: Arceus|88/100|[from] Spikes
|turn|4
|
|t:|1658272060
|-weather|none
|switch|p1a: Tyranitar|Tyranitar, F|100/100
|-weather|Sandstorm|[from] ability: Sand Stream|[of] p1a: Tyranitar
|move|p2a: Arceus|Will-O-Wisp|p1a: Tyranitar
|-status|p1a: Tyranitar|brn
|
|-weather|Sandstorm|[upkeep]
|-damage|p2a: Arceus|82/100|[from] Sandstorm
|-damage|p1a: Tyranitar|94/100 brn|[from] brn
|upkeep
|turn|5
|
|t:|1658272065
|move|p2a: Arceus|Defog|p1a: Tyranitar
|-unboost|p1a: Tyranitar|evasion|1
|-sideend|p2: Miubari|Spikes|[from] move: Defog|[of] p2a: Arceus
|move|p1a: Tyranitar|Toxic|p2a: Arceus
|-status|p2a: Arceus|tox
|
|-weather|Sandstorm|[upkeep]
|-damage|p2a: Arceus|76/100 tox|[from] Sandstorm
|-heal|p1a: Tyranitar|100/100 brn|[from] item: Leftovers
|-damage|p2a: Arceus|70/100 tox|[from] psn
|-damage|p1a: Tyranitar|94/100 brn|[from] brn
|upkeep
|turn|6
|
|t:|1658272074
|switch|p2a: Necrozma|Necrozma-Dusk-Mane|100/100
|move|p1a: Tyranitar|Rock Blast|p2a: Necrozma|[miss]
|-miss|p1a: Tyranitar|p2a: Necrozma
|
|-weather|Sandstorm|[upkeep]
|-heal|p1a: Tyranitar|100/100 brn|[from] item: Leftovers
|-damage|p1a: Tyranitar|94/100 brn|[from] brn
|upkeep
|turn|7
|
|t:|1658272083
|switch|p1a: Groudon|Groudon|100/100
|detailschange|p1a: Groudon|Groudon-Primal
|-primal|p1a: Groudon
|-weather|DesolateLand|[from] ability: Desolate Land|[of] p1a: Groudon
|move|p2a: Necrozma|Knock Off|p1a: Groudon
|-damage|p1a: Groudon|91/100
|
|-weather|DesolateLand|[upkeep]
|upkeep
|turn|8
|
|t:|1658272087
|switch|p2a: Rayquaza|Rayquaza|100/100
|-ability|p2a: Rayquaza|Air Lock
|move|p1a: Groudon|Stealth Rock|p2a: Rayquaza
|-sidestart|p2: Miubari|move: Stealth Rock
|
|-weather|DesolateLand|[upkeep]
|upkeep
|turn|9
|
|t:|1658272096
|detailschange|p2a: Rayquaza|Rayquaza-Mega
|-mega|p2a: Rayquaza|Rayquaza|
|-weather|DeltaStream|[from] ability: Delta Stream|[of] p2a: Rayquaza
|move|p2a: Rayquaza|Draco Meteor|p1a: Groudon
|-damage|p1a: Groudon|7/100
|-unboost|p2a: Rayquaza|spa|2
|-damage|p2a: Rayquaza|91/100|[from] item: Life Orb
|move|p1a: Groudon|Thunder Wave|p2a: Rayquaza|[miss]
|-miss|p1a: Groudon|p2a: Rayquaza
|
|-weather|DeltaStream|[upkeep]
|upkeep
|turn|10
|
|t:|1658272103
|move|p2a: Rayquaza|Dragon Ascent|p1a: Groudon
|-damage|p1a: Groudon|0 fnt
|-unboost|p2a: Rayquaza|def|1
|-unboost|p2a: Rayquaza|spd|1
|faint|p1a: Groudon
|-damage|p2a: Rayquaza|81/100|[from] item: Life Orb
|
|-weather|DeltaStream|[upkeep]
|upkeep
|
|t:|1658272109
|switch|p1a: Calyrex|Calyrex-Shadow|100/100
|-ability|p1a: Calyrex|As One
|-ability|p1a: Calyrex|Unnerve
|turn|11
|
|t:|1658272115
|-weather|none
|switch|p2a: Arceus|Arceus-Dark|70/100 tox
|-damage|p2a: Arceus|57/100 tox|[from] Stealth Rock
|move|p1a: Calyrex|Astral Barrage|p2a: Arceus
|-resisted|p2a: Arceus
|-damage|p2a: Arceus|31/100 tox
|
|-damage|p2a: Arceus|25/100 tox|[from] psn
|upkeep
|turn|12
|
|t:|1658272121
|move|p1a: Calyrex|Astral Barrage|p2a: Arceus
|-resisted|p2a: Arceus
|-damage|p2a: Arceus|1/100 tox
|move|p2a: Arceus|Judgment|p1a: Calyrex
|-supereffective|p1a: Calyrex
|-damage|p1a: Calyrex|0 fnt
|faint|p1a: Calyrex
|
|-damage|p2a: Arceus|0 fnt|[from] psn
|faint|p2a: Arceus
|upkeep
|
|t:|1658272132
|switch|p1a: Rayquaza|Rayquaza-Mega|100/100
|switch|p2a: Necrozma|Necrozma-Dusk-Mane|100/100
|-weather|DeltaStream|[from] ability: Delta Stream|[of] p1a: Rayquaza
|-damage|p2a: Necrozma|94/100|[from] Stealth Rock
|turn|13
|
|t:|1658272136
|move|p1a: Rayquaza|Earthquake|p2a: Necrozma
|-supereffective|p2a: Necrozma
|-damage|p2a: Necrozma|40/100
|move|p2a: Necrozma|Knock Off|p1a: Rayquaza
|-damage|p1a: Rayquaza|70/100
|-enditem|p1a: Rayquaza|Choice Band|[from] move: Knock Off|[of] p2a: Necrozma
|
|-weather|DeltaStream|[upkeep]
|upkeep
|turn|14
|
|t:|1658272143
|move|p1a: Rayquaza|Earthquake|p2a: Necrozma
|-supereffective|p2a: Necrozma
|-damage|p2a: Necrozma|3/100
|move|p2a: Necrozma|Morning Sun|p2a: Necrozma
|-heal|p2a: Necrozma|53/100
|
|-weather|DeltaStream|[upkeep]
|upkeep
|turn|15
|
|t:|1658272148
|-weather|none
|switch|p1a: Necrozma|Necrozma-Dusk-Mane|100/100
|move|p2a: Necrozma|Morning Sun|p2a: Necrozma
|-heal|p2a: Necrozma|100/100
|
|upkeep
|turn|16
|
|t:|1658272153
|move|p1a: Necrozma|Dragon Dance|p1a: Necrozma
|-boost|p1a: Necrozma|atk|1
|-boost|p1a: Necrozma|spe|1
|move|p2a: Necrozma|Knock Off|p1a: Necrozma
|-supereffective|p1a: Necrozma
|-damage|p1a: Necrozma|62/100
|-enditem|p1a: Necrozma|Weakness Policy
|-boost|p1a: Necrozma|atk|2|[from] item: Weakness Policy
|-boost|p1a: Necrozma|spa|2|[from] item: Weakness Policy
|
|upkeep
|turn|17
|
|t:|1658272163
|move|p1a: Necrozma|Earthquake|p2a: Necrozma
|-supereffective|p2a: Necrozma
|-damage|p2a: Necrozma|20/100
|move|p2a: Necrozma|Knock Off|p1a: Necrozma
|-supereffective|p1a: Necrozma
|-damage|p1a: Necrozma|35/100
|
|upkeep
|turn|18
|
|t:|1658272167
|move|p1a: Necrozma|Earthquake|p2a: Necrozma
|-supereffective|p2a: Necrozma
|-damage|p2a: Necrozma|0 fnt
|faint|p2a: Necrozma
|
|upkeep
|
|t:|1658272172
|switch|p2a: Ditto|Ditto|100/100
|-damage|p2a: Ditto|88/100|[from] Stealth Rock
|-transform|p2a: Ditto|p1a: Necrozma|[from] ability: Imposter
|turn|19
|
|t:|1658272182
|switch|p1a: Rayquaza|Rayquaza-Mega|70/100
|-weather|DeltaStream|[from] ability: Delta Stream|[of] p1a: Rayquaza
|-start|p2a: Ditto|Dynamax|
|-heal|p2a: Ditto|88/100|[silent]
|move|p2a: Ditto|Max Quake|p1a: Rayquaza
|-immune|p1a: Rayquaza
|
|-weather|DeltaStream|[upkeep]
|upkeep
|turn|20
|
|t:|1658272191
|-weather|none
|switch|p1a: Necrozma|Necrozma-Dusk-Mane|35/100
|move|p2a: Ditto|Max Rockfall|p1a: Necrozma
|-resisted|p1a: Necrozma
|-damage|p1a: Necrozma|0 fnt
|-weather|Sandstorm
|faint|p1a: Necrozma
|
|-weather|Sandstorm|[upkeep]
|upkeep
|
|t:|1658272195
|switch|p1a: Tyranitar|Tyranitar, F|94/100 brn
|turn|21
|
|t:|1658272200
|move|p2a: Ditto|Max Steelspike|p1a: Tyranitar
|-supereffective|p1a: Tyranitar
|-damage|p1a: Tyranitar|0 fnt
|-boost|p2a: Ditto|def|1
|faint|p1a: Tyranitar
|
|-weather|Sandstorm|[upkeep]
|upkeep
|
|t:|1658272202
|switch|p1a: Rayquaza|Rayquaza-Mega|70/100
|-weather|DeltaStream|[from] ability: Delta Stream|[of] p1a: Rayquaza
|-end|p2a: Ditto|Dynamax
|-heal|p2a: Ditto|88/100|[silent]
|turn|22
|
|t:|1658272207
|move|p2a: Ditto|Sunsteel Strike|p1a: Rayquaza
|-crit|p1a: Rayquaza
|-damage|p1a: Rayquaza|0 fnt
|faint|p1a: Rayquaza
|-weather|none
|
|win|Miubari
|raw|Crackerkid's rating: 1840 &rarr; <strong>1810</strong><br />(-30 for losing)
|raw|Miubari's rating: 1638 &rarr; <strong>1668</strong><br />(+30 for winning)
|l|☆Crackerkid
