|j|‽Reincarnation of .
|j|☆lemoncell0
|t:|1665899518
|gametype|singles
|player|p1|Reincarnation of .|blue-gen3two|1962
|player|p2|lemoncell0|allister|1911
|teamsize|p1|6
|teamsize|p2|6
|gen|8
|tier|[Gen 8] National Dex AG
|rated|
|rule|HP Percentage Mod: HP is shown in percentages
|rule|Endless Battle Clause: Forcing endless battles is banned
|clearpoke
|poke|p1|Mewtwo|
|poke|p1|Arceus-*|
|poke|p1|Ditto|
|poke|p1|Arceus-*|
|poke|p1|Rayquaza|
|poke|p1|Arceus-*|
|poke|p2|Quagsire, M|
|poke|p2|Zacian-*|
|poke|p2|Ditto|
|poke|p2|Tyranitar, F|
|poke|p2|Ferrothorn, F|
|poke|p2|Diancie|
|teampreview
|inactive|Battle timer is ON: inactive players will automatically lose when time's up. (requested by Reincarnation of .)
|inactive|lemoncell0 has 120 seconds left.
|
|t:|1665899562
|start
|switch|p1a: Rayquaza|Rayquaza, shiny|100/100
|switch|p2a: Ditto|Ditto|100/100
|-ability|p1a: Rayquaza|Air Lock
|-transform|p2a: Ditto|p1a: Rayquaza|[from] ability: Imposter
|turn|1
|
|t:|1665899568
|switch|p1a: Arceus|Arceus-Fairy|100/100
|move|p2a: Ditto|Draco Meteor|p1a: Arceus
|-immune|p1a: Arceus
|
|upkeep
|turn|2
|
|t:|1665899570
|switch|p2a: Ferrothorn|Ferrothorn, F|100/100
|move|p1a: Arceus|Stealth Rock|p2a: Ferrothorn
|-sidestart|p2: lemoncell0|move: Stealth Rock
|
|upkeep
|turn|3
|
|t:|1665899573
|switch|p1a: Mewtwo|Mewtwo|100/100
|-ability|p1a: Mewtwo|Pressure
|move|p2a: Ferrothorn|Spikes|p1a: Mewtwo
|-sidestart|p1: Reincarnation of .|Spikes
|
|upkeep
|turn|4
|
|t:|1665899575
|move|p1a: Mewtwo|Taunt|p2a: Ferrothorn
|-start|p2a: Ferrothorn|move: Taunt
|cant|p2a: Ferrothorn|move: Taunt|Leech Seed
|
|upkeep
|turn|5
|
|t:|1665899577
|move|p1a: Mewtwo|Will-O-Wisp|p2a: Ferrothorn
|-status|p2a: Ferrothorn|brn
|move|p2a: Ferrothorn|Knock Off|p1a: Mewtwo
|-supereffective|p1a: Mewtwo
|-damage|p1a: Mewtwo|83/100
|-enditem|p1a: Mewtwo|Leftovers|[from] move: Knock Off|[of] p2a: Ferrothorn
|
|-damage|p2a: Ferrothorn|94/100 brn|[from] brn
|upkeep
|turn|6
|
|t:|1665899585
|switch|p2a: Zacian|Zacian-Crowned|100/100
|-damage|p2a: Zacian|94/100|[from] Stealth Rock
|-ability|p2a: Zacian|Intrepid Sword|boost
|-boost|p2a: Zacian|atk|1
|move|p1a: Mewtwo|Will-O-Wisp|p2a: Zacian
|-status|p2a: Zacian|brn
|
|-damage|p2a: Zacian|88/100 brn|[from] brn
|upkeep
|turn|7
|
|t:|1665899589
|switch|p1a: Arceus|Arceus-Electric|100/100
|-damage|p1a: Arceus|88/100|[from] Spikes
|move|p2a: Zacian|Behemoth Blade|p1a: Arceus
|-resisted|p1a: Arceus
|-damage|p1a: Arceus|75/100
|
|-damage|p2a: Zacian|82/100 brn|[from] brn
|upkeep
|turn|8
|
|t:|1665899602
|switch|p2a: Ferrothorn|Ferrothorn, F|94/100 brn
|-damage|p2a: Ferrothorn|88/100 brn|[from] Stealth Rock
|switch|p1a: Mewtwo|Mewtwo|83/100
|-damage|p1a: Mewtwo|70/100|[from] Spikes
|-ability|p1a: Mewtwo|Pressure
|
|-heal|p2a: Ferrothorn|94/100 brn|[from] item: Leftovers
|-damage|p2a: Ferrothorn|88/100 brn|[from] brn
|upkeep
|turn|9
|
|t:|1665899607
|switch|p2a: Tyranitar|Tyranitar, F|100/100
|-damage|p2a: Tyranitar|88/100|[from] Stealth Rock
|-weather|Sandstorm|[from] ability: Sand Stream|[of] p2a: Tyranitar
|move|p1a: Mewtwo|Taunt|p2a: Tyranitar
|-start|p2a: Tyranitar|move: Taunt
|
|-weather|Sandstorm|[upkeep]
|-damage|p1a: Mewtwo|64/100|[from] Sandstorm
|-heal|p2a: Tyranitar|94/100|[from] item: Leftovers
|upkeep
|turn|10
|
|t:|1665899610
|move|p1a: Mewtwo|Will-O-Wisp|p2a: Tyranitar
|-status|p2a: Tyranitar|brn
|move|p2a: Tyranitar|Pursuit|p1a: Mewtwo
|-supereffective|p1a: Mewtwo
|-damage|p1a: Mewtwo|49/100
|
|-weather|Sandstorm|[upkeep]
|-damage|p1a: Mewtwo|43/100|[from] Sandstorm
|-heal|p2a: Tyranitar|100/100 brn|[from] item: Leftovers
|-damage|p2a: Tyranitar|94/100 brn|[from] brn
|upkeep
|turn|11
|
|t:|1665899613
|move|p1a: Mewtwo|Recover|p1a: Mewtwo
|-heal|p1a: Mewtwo|93/100
|move|p2a: Tyranitar|Pursuit|p1a: Mewtwo
|-supereffective|p1a: Mewtwo
|-damage|p1a: Mewtwo|76/100
|
|-weather|Sandstorm|[upkeep]
|-damage|p1a: Mewtwo|70/100|[from] Sandstorm
|-heal|p2a: Tyranitar|100/100 brn|[from] item: Leftovers
|-damage|p2a: Tyranitar|94/100 brn|[from] brn
|-end|p2a: Tyranitar|move: Taunt
|upkeep
|turn|12
|-message|lemoncell0 forfeited.
|
|win|Reincarnation of .
|raw|Reincarnation of .'s rating: 1962 &rarr; <strong>1979</strong><br />(+17 for winning)
|raw|lemoncell0's rating: 1911 &rarr; <strong>1894</strong><br />(-17 for losing)
|l|☆lemoncell0
