|j|☆OhLooord
|j|☆wafflecone67
|t:|1664037298
|gametype|singles
|player|p1|OhLooord|lucas|1564
|player|p2|wafflecone67|102|1687
|teamsize|p1|6
|teamsize|p2|6
|gen|8
|tier|[Gen 8] National Dex AG
|rated|
|rule|HP Percentage Mod: HP is shown in percentages
|rule|Endless Battle Clause: Forcing endless battles is banned
|clearpoke
|poke|p1|Groudon|
|poke|p1|Rayquaza|
|poke|p1|Zygarde|
|poke|p1|Calyrex-Shadow|
|poke|p1|Arceus-*|
|poke|p1|Arceus-*|
|poke|p2|Scolipede, F|
|poke|p2|Smeargle, M|
|poke|p2|Magearna|
|poke|p2|Smeargle, F|
|poke|p2|Espeon, F|
|poke|p2|Mr. Mime, F|
|teampreview
|
|t:|1664037312
|start
|switch|p1a: the gwoat|Rayquaza|100/100
|switch|p2a: Scolipede|Scolipede, F|100/100
|-ability|p1a: the gwoat|Air Lock
|turn|1
|
|t:|1664037318
|detailschange|p1a: the gwoat|Rayquaza-Mega
|-mega|p1a: the gwoat|Rayquaza|
|-weather|DeltaStream|[from] ability: Delta Stream|[of] p1a: the gwoat
|move|p2a: Scolipede|Protect|p2a: Scolipede
|-singleturn|p2a: Scolipede|Protect
|move|p1a: the gwoat|Scale Shot|p2a: Scolipede
|-activate|p2a: Scolipede|move: Protect
|
|-weather|DeltaStream|[upkeep]
|-ability|p2a: Scolipede|Speed Boost|boost
|-boost|p2a: Scolipede|spe|1
|upkeep
|turn|2
|j| newbie629
|
|t:|1664037325
|move|p2a: Scolipede|Iron Defense|p2a: Scolipede
|-boost|p2a: Scolipede|def|2
|move|p1a: the gwoat|Earthquake|p2a: Scolipede
|-damage|p2a: Scolipede|67/100
|-damage|p1a: the gwoat|91/100|[from] item: Life Orb
|
|-weather|DeltaStream|[upkeep]
|-ability|p2a: Scolipede|Speed Boost|boost
|-boost|p2a: Scolipede|spe|1
|upkeep
|turn|3
|
|t:|1664037332
|move|p2a: Scolipede|Protect|p2a: Scolipede
|-singleturn|p2a: Scolipede|Protect
|move|p1a: the gwoat|Dragon Ascent|p2a: Scolipede
|-activate|p2a: Scolipede|move: Protect
|
|-weather|DeltaStream|[upkeep]
|-ability|p2a: Scolipede|Speed Boost|boost
|-boost|p2a: Scolipede|spe|1
|upkeep
|turn|4
|
|t:|1664037335
|move|p2a: Scolipede|Baton Pass|p2a: Scolipede
|
|t:|1664037339
|switch|p2a: labrys|Magearna|100/100|[from]move: Baton Pass
|move|p1a: the gwoat|Scale Shot|p2a: labrys
|-immune|p2a: labrys
|
|-weather|DeltaStream|[upkeep]
|upkeep
|turn|5
|
|t:|1664037345
|-start|p2a: labrys|Dynamax|
|-heal|p2a: labrys|100/100|[silent]
|move|p2a: labrys|Max Starfall|p1a: the gwoat
|-supereffective|p1a: the gwoat
|-damage|p1a: the gwoat|0 fnt
|-fieldstart|move: Misty Terrain
|faint|p1a: the gwoat
|-ability|p2a: labrys|Soul-Heart|boost
|-boost|p2a: labrys|spa|1
|-weather|none
|
|upkeep
|
|t:|1664037351
|switch|p1a: Pyra|Groudon|100/100
|detailschange|p1a: Pyra|Groudon-Primal
|-primal|p1a: Pyra
|-weather|DesolateLand|[from] ability: Desolate Land|[of] p1a: Pyra
|turn|6
|
|t:|1664037359
|move|p2a: labrys|Max Mindstorm|p1a: Pyra
|-damage|p1a: Pyra|31/100
|-fieldstart|move: Psychic Terrain
|move|p1a: Pyra|Precipice Blades|p2a: labrys
|-supereffective|p2a: labrys
|-damage|p2a: labrys|61/100
|
|-weather|DesolateLand|[upkeep]
|upkeep
|turn|7
|
|t:|1664037369
|move|p2a: labrys|Max Mindstorm|p1a: Pyra
|-damage|p1a: Pyra|0 fnt
|faint|p1a: Pyra
|-ability|p2a: labrys|Soul-Heart|boost
|-boost|p2a: labrys|spa|1
|-weather|none
|
|upkeep
|inactive|Battle timer is ON: inactive players will automatically lose when time's up. (requested by wafflecone67)
|c| newbie629|what does magearna have
|
|t:|1664037375
|switch|p1a: Arceus|Arceus-Fairy|100/100
|-end|p2a: labrys|Dynamax
|-heal|p2a: labrys|61/100|[silent]
|turn|8
|c|☆wafflecone67|what do you mean
|
|t:|1664037386
|move|p2a: labrys|Baton Pass|p2a: labrys
|
|t:|1664037388
|switch|p2a: Smeargle|Smeargle, M|100/100|[from]move: Baton Pass
|move|p1a: Arceus|Earth Power|p2a: Smeargle
|-damage|p2a: Smeargle|37/100
|
|-ability|p2a: Smeargle|Moody|boost
|-boost|p2a: Smeargle|def|2
|-unboost|p2a: Smeargle|spa|1
|upkeep
|turn|9
|c| newbie629|weakness policy?
|c|☆wafflecone67|nah sash
|c| newbie629|course not
|c| newbie629|ah
|
|t:|1664037404
|move|p2a: Smeargle|Spore|p1a: Arceus
|-status|p1a: Arceus|slp|[from] move: Spore
|cant|p1a: Arceus|slp
|
|-ability|p2a: Smeargle|Moody|boost
|-boost|p2a: Smeargle|def|2
|-unboost|p2a: Smeargle|spe|1
|upkeep
|turn|10
|
|t:|1664037406
|-start|p1a: Arceus|Dynamax|
|-heal|p1a: Arceus|100/100 slp|[silent]
|move|p2a: Smeargle|Baton Pass|p2a: Smeargle
|
|t:|1664037408
|switch|p2a: Smeargle|Smeargle, F|100/100|[from]move: Baton Pass
|cant|p1a: Arceus|slp
|
|-fieldend|move: Psychic Terrain
|-ability|p2a: Smeargle|Moody|boost
|-boost|p2a: Smeargle|atk|2
|-unboost|p2a: Smeargle|spe|1
|upkeep
|turn|11
|
|t:|1664037413
|move|p2a: Smeargle|Substitute|p2a: Smeargle
|-start|p2a: Smeargle|Substitute
|-damage|p2a: Smeargle|76/100
|cant|p1a: Arceus|slp
|
|-ability|p2a: Smeargle|Moody|boost
|-boost|p2a: Smeargle|spa|2
|-unboost|p2a: Smeargle|def|1
|upkeep
|turn|12
|
|t:|1664037417
|move|p2a: Smeargle|Spiky Shield|p2a: Smeargle
|-singleturn|p2a: Smeargle|move: Protect
|-curestatus|p1a: Arceus|slp|[msg]
|move|p1a: Arceus|Max Starfall|p2a: Smeargle
|-zbroken|p2a: Smeargle
|-end|p2a: Smeargle|Substitute
|-fieldstart|move: Misty Terrain
|
|-ability|p2a: Smeargle|Moody|boost
|-boost|p2a: Smeargle|spe|2
|-unboost|p2a: Smeargle|spa|1
|upkeep
|-end|p1a: Arceus|Dynamax
|-heal|p1a: Arceus|100/100|[silent]
|turn|13
|
|t:|1664037420
|move|p2a: Smeargle|Substitute|p2a: Smeargle
|-start|p2a: Smeargle|Substitute
|-damage|p2a: Smeargle|51/100
|move|p1a: Arceus|Judgment|p2a: Smeargle
|-end|p2a: Smeargle|Substitute
|
|-ability|p2a: Smeargle|Moody|boost
|-boost|p2a: Smeargle|atk|2
|-unboost|p2a: Smeargle|spa|1
|upkeep
|turn|14
|
|t:|1664037422
|move|p2a: Smeargle|Spiky Shield|p2a: Smeargle
|-singleturn|p2a: Smeargle|move: Protect
|move|p1a: Arceus|Judgment|p2a: Smeargle
|-activate|p2a: Smeargle|move: Protect
|
|-ability|p2a: Smeargle|Moody|boost
|-boost|p2a: Smeargle|spd|2
|-unboost|p2a: Smeargle|spe|1
|upkeep
|turn|15
|
|t:|1664037426
|move|p2a: Smeargle|Substitute|p2a: Smeargle
|-start|p2a: Smeargle|Substitute
|-damage|p2a: Smeargle|26/100
|move|p1a: Arceus|Judgment|p2a: Smeargle
|-end|p2a: Smeargle|Substitute
|
|-ability|p2a: Smeargle|Moody|boost
|-boost|p2a: Smeargle|atk|2
|-unboost|p2a: Smeargle|spe|1
|upkeep
|turn|16
|
|t:|1664037431
|switch|p1a: Arceus|Arceus|100/100
|move|p2a: Smeargle|Baton Pass|p2a: Smeargle
|
|t:|1664037433
|switch|p2a: Scolipede|Scolipede, F|67/100|[from]move: Baton Pass
|
|-fieldend|Misty Terrain
|upkeep
|turn|17
|
|t:|1664037437
|move|p2a: Scolipede|Substitute|p2a: Scolipede
|-start|p2a: Scolipede|Substitute
|-damage|p2a: Scolipede|42/100
|move|p1a: Arceus|Swords Dance|p1a: Arceus
|-boost|p1a: Arceus|atk|2
|
|-ability|p2a: Scolipede|Speed Boost|boost
|-boost|p2a: Scolipede|spe|1
|upkeep
|turn|18
|
|t:|1664037440
|move|p1a: Arceus|Extreme Speed|p2a: Scolipede
|-end|p2a: Scolipede|Substitute
|move|p2a: Scolipede|Baton Pass|p2a: Scolipede
|
|t:|1664037441
|switch|p2a: labrys|Magearna|61/100|[from]move: Baton Pass
|
|upkeep
|turn|19
|c| newbie629|two smeargles?
|
|t:|1664037445
|move|p2a: labrys|Draining Kiss|p1a: Arceus
|-damage|p1a: Arceus|73/100
|-heal|p2a: labrys|88/100|[from] drain|[of] p1a: Arceus
|move|p1a: Arceus|Earthquake|p2a: labrys
|-supereffective|p2a: labrys
|-damage|p2a: labrys|52/100
|
|upkeep
|turn|20
|
|t:|1664037450
|move|p2a: labrys|Stored Power|p1a: Arceus
|-damage|p1a: Arceus|0 fnt
|faint|p1a: Arceus
|-ability|p2a: labrys|Soul-Heart|boost
|-boost|p2a: labrys|spa|1
|
|upkeep
|c|☆wafflecone67|indeed
|
|t:|1664037456
|switch|p1a: Arceus|Arceus-Fairy|100/100
|turn|21
|
|t:|1664037458
|move|p2a: labrys|Stored Power|p1a: Arceus
|-damage|p1a: Arceus|0 fnt
|faint|p1a: Arceus
|-ability|p2a: labrys|Soul-Heart|boost
|-boost|p2a: labrys|spa|1
|
|upkeep
|
|t:|1664037462
|switch|p1a: the goat|Zygarde, shiny|100/100
|turn|22
|
|t:|1664037465
|move|p2a: labrys|Stored Power|p1a: the goat
|-damage|p1a: the goat|0 fnt
|faint|p1a: the goat
|-ability|p2a: labrys|Soul-Heart|boost
|-boost|p2a: labrys|spa|1
|
|upkeep
|
|t:|1664037469
|switch|p1a: Calyrex|Calyrex-Shadow|100/100
|-ability|p1a: Calyrex|As One
|-ability|p1a: Calyrex|Unnerve
|turn|23
|
|t:|1664037475
|move|p1a: Calyrex|Astral Barrage|p2a: labrys
|-crit|p2a: labrys
|-damage|p2a: labrys|0 fnt
|faint|p2a: labrys
|-ability|p1a: Calyrex|Grim Neigh|boost
|-boost|p1a: Calyrex|spa|1
|
|upkeep
|
|t:|1664037480
|switch|p2a: Smeargle|Smeargle, M|37/100
|turn|24
|
|t:|1664037485
|move|p1a: Calyrex|Substitute|p1a: Calyrex
|-start|p1a: Calyrex|Substitute
|-damage|p1a: Calyrex|76/100
|move|p2a: Smeargle|Spore||[still]
|-fail|p2a: Smeargle
|
|-heal|p1a: Calyrex|82/100|[from] item: Leftovers
|-ability|p2a: Smeargle|Moody|boost
|-boost|p2a: Smeargle|spd|2
|-unboost|p2a: Smeargle|spa|1
|upkeep
|turn|25
|
|t:|1664037489
|switch|p2a: Scolipede|Scolipede, F|42/100
|move|p1a: Calyrex|Draining Kiss|p2a: Scolipede
|-resisted|p2a: Scolipede
|-damage|p2a: Scolipede|17/100
|-heal|p1a: Calyrex|97/100|[from] drain|[of] p2a: Scolipede
|
|-heal|p1a: Calyrex|100/100|[from] item: Leftovers
|upkeep
|turn|26
|
|t:|1664037495
|move|p2a: Scolipede|Protect|p2a: Scolipede
|-singleturn|p2a: Scolipede|Protect
|move|p1a: Calyrex|Draining Kiss|p2a: Scolipede
|-activate|p2a: Scolipede|move: Protect
|
|-ability|p2a: Scolipede|Speed Boost|boost
|-boost|p2a: Scolipede|spe|1
|upkeep
|turn|27
|
|t:|1664037502
|move|p2a: Scolipede|Baton Pass|p2a: Scolipede
|
|t:|1664037503
|switch|p2a: Mr. Mime|Mr. Mime, F|100/100|[from]move: Baton Pass
|move|p1a: Calyrex|Astral Barrage|p2a: Mr. Mime
|-supereffective|p2a: Mr. Mime
|-damage|p2a: Mr. Mime|0 fnt
|faint|p2a: Mr. Mime
|-ability|p1a: Calyrex|Grim Neigh|boost
|-boost|p1a: Calyrex|spa|1
|
|upkeep
|-message|wafflecone67 forfeited.
|
|win|OhLooord
|raw|OhLooord's rating: 1564 &rarr; <strong>1591</strong><br />(+27 for winning)
|raw|wafflecone67's rating: 1687 &rarr; <strong>1660</strong><br />(-27 for losing)
|l|☆wafflecone67
|c|☆OhLooord|lol
|c| newbie629|too bad he doesnt have whirlwind
|c| newbie629|but u got espeon so
|c|☆OhLooord|would it of mattered
|c|☆OhLooord|this is my last mon
||Ladder isn't responding, score probably updated but might not have (Request timeout).
