|j|☆AmoghOp(
|j|☆aseeasase
|t:|1664284973
|gametype|singles
|player|p1|AmoghOp(|chili|1594
|player|p2|aseeasase|1|1845
|teamsize|p1|6
|teamsize|p2|6
|gen|8
|tier|[Gen 8] National Dex AG
|rated|
|rule|HP Percentage Mod: HP is shown in percentages
|rule|Endless Battle Clause: Forcing endless battles is banned
|clearpoke
|poke|p1|Aerodactyl, F|
|poke|p1|Smeargle, M|
|poke|p1|Arceus-*|
|poke|p1|Kyogre|
|poke|p1|Xerneas-*|
|poke|p1|Rayquaza|
|poke|p2|Infernape, M|
|poke|p2|Smeargle, F|
|poke|p2|Necrozma-Dawn-Wings|
|poke|p2|Necrozma-Dusk-Mane|
|poke|p2|Yveltal|
|poke|p2|Arceus-*|
|teampreview
|inactive|Battle timer is ON: inactive players will automatically lose when time's up. (requested by AmoghOp()
|
|t:|1664284982
|start
|switch|p1a: Aerodactyl|Aerodactyl, F|100/100
|switch|p2a: Smeargle|Smeargle, F|100/100
|-ability|p1a: Aerodactyl|Pressure
|turn|1
|
|t:|1664284989
|move|p1a: Aerodactyl|Taunt|p2a: Smeargle
|-start|p2a: Smeargle|move: Taunt
|move|p2a: Smeargle|Nuzzle|p1a: Aerodactyl
|-supereffective|p1a: Aerodactyl
|-damage|p1a: Aerodactyl|93/100
|-status|p1a: Aerodactyl|par
|
|upkeep
|turn|2
|
|t:|1664284994
|switch|p2a: Infernape|Infernape, M|100/100
|move|p1a: Aerodactyl|Stealth Rock|p2a: Infernape
|-sidestart|p2: aseeasase|move: Stealth Rock
|
|upkeep
|turn|3
|
|t:|1664284997
|switch|p2a: Smeargle|Smeargle, F|100/100
|-damage|p2a: Smeargle|88/100|[from] Stealth Rock
|move|p1a: Aerodactyl|Rock Tomb|p2a: Smeargle
|-damage|p2a: Smeargle|29/100
|-unboost|p2a: Smeargle|spe|1
|
|upkeep
|turn|4
|
|t:|1664285006
|move|p1a: Aerodactyl|Rock Tomb|p2a: Smeargle
|-damage|p2a: Smeargle|0 fnt
|faint|p2a: Smeargle
|
|upkeep
|
|t:|1664285008
|switch|p2a: Infernape|Infernape, M|100/100
|-damage|p2a: Infernape|88/100|[from] Stealth Rock
|turn|5
|
|t:|1664285011
|move|p2a: Infernape|Stealth Rock|p1a: Aerodactyl
|-sidestart|p1: AmoghOp(|move: Stealth Rock
|move|p1a: Aerodactyl|Tailwind|p1a: Aerodactyl
|-sidestart|p1: AmoghOp(|move: Tailwind
|
|upkeep
|turn|6
|
|t:|1664285016
|move|p1a: Aerodactyl|Rock Tomb|p2a: Infernape
|-damage|p2a: Infernape|44/100
|-unboost|p2a: Infernape|spe|1
|move|p2a: Infernape|Taunt|p1a: Aerodactyl
|-start|p1a: Aerodactyl|move: Taunt
|
|upkeep
|turn|7
|
|t:|1664285021
|cant|p1a: Aerodactyl|par
|move|p2a: Infernape|Rock Tomb|p1a: Aerodactyl
|-supereffective|p1a: Aerodactyl
|-damage|p1a: Aerodactyl|30/100 par
|-unboost|p1a: Aerodactyl|spe|1
|
|upkeep
|turn|8
|j| AyusoEsMiCrush
|
|t:|1664285046
|move|p1a: Aerodactyl|Rock Tomb|p2a: Infernape
|-damage|p2a: Infernape|2/100
|-unboost|p2a: Infernape|spe|1
|move|p2a: Infernape|Taunt||[still]
|-fail|p2a: Infernape
|
|-sideend|p1: AmoghOp(|move: Tailwind
|upkeep
|turn|9
|
|t:|1664285052
|move|p2a: Infernape|Taunt||[still]
|-fail|p2a: Infernape
|cant|p1a: Aerodactyl|par
|
|-end|p1a: Aerodactyl|move: Taunt
|upkeep
|turn|10
|
|t:|1664285058
|move|p2a: Infernape|Taunt|p1a: Aerodactyl
|-start|p1a: Aerodactyl|move: Taunt
|cant|p1a: Aerodactyl|move: Taunt|Tailwind
|
|upkeep
|turn|11
|
|t:|1664285066
|move|p2a: Infernape|Taunt||[still]
|-fail|p2a: Infernape
|cant|p1a: Aerodactyl|par
|
|upkeep
|turn|12
|
|t:|1664285074
|move|p2a: Infernape|Taunt||[still]
|-fail|p2a: Infernape
|cant|p1a: Aerodactyl|par
|
|-end|p1a: Aerodactyl|move: Taunt
|upkeep
|turn|13
|
|t:|1664285079
|move|p2a: Infernape|Taunt|p1a: Aerodactyl
|-start|p1a: Aerodactyl|move: Taunt
|move|p1a: Aerodactyl|Rock Tomb|p2a: Infernape|[miss]
|-miss|p1a: Aerodactyl|p2a: Infernape
|
|upkeep
|turn|14
|c|☆AmoghOp(|LOL
|
|t:|1664285085
|move|p2a: Infernape|Taunt||[still]
|-fail|p2a: Infernape
|move|p1a: Aerodactyl|Rock Tomb|p2a: Infernape
|-damage|p2a: Infernape|0 fnt
|faint|p2a: Infernape
|
|upkeep
|l|☆aseeasase
|inactive|aseeasase disconnected and has a minute to reconnect!
|player|p2|
|j|☆aseeasase
|inactive|aseeasase reconnected and has 125 seconds left.
|player|p2|aseeasase|1
|inactive|aseeasase has 120 seconds left.
|
|t:|1664285120
|switch|p2a: Necrozma|Necrozma-Dusk-Mane|100/100
|-damage|p2a: Necrozma|95/100|[from] Stealth Rock
|turn|15
|
|t:|1664285130
|move|p2a: Necrozma|Dragon Dance|p2a: Necrozma
|-boost|p2a: Necrozma|atk|1
|-boost|p2a: Necrozma|spe|1
|cant|p1a: Aerodactyl|par
|
|-end|p1a: Aerodactyl|move: Taunt
|upkeep
|turn|16
|
|t:|1664285133
|move|p2a: Necrozma|Dragon Dance|p2a: Necrozma
|-boost|p2a: Necrozma|atk|1
|-boost|p2a: Necrozma|spe|1
|move|p1a: Aerodactyl|Tailwind|p1a: Aerodactyl
|-sidestart|p1: AmoghOp(|move: Tailwind
|
|upkeep
|turn|17
|
|t:|1664285141
|move|p2a: Necrozma|Dragon Dance|p2a: Necrozma
|-boost|p2a: Necrozma|atk|1
|-boost|p2a: Necrozma|spe|1
|move|p1a: Aerodactyl|Rock Tomb|p2a: Necrozma
|-resisted|p2a: Necrozma
|-crit|p2a: Necrozma
|-damage|p2a: Necrozma|78/100
|-unboost|p2a: Necrozma|spe|1
|
|upkeep
|turn|18
|
|t:|1664285147
|move|p2a: Necrozma|Dragon Dance|p2a: Necrozma
|-boost|p2a: Necrozma|atk|1
|-boost|p2a: Necrozma|spe|1
|move|p1a: Aerodactyl|Rock Tomb|p2a: Necrozma
|-resisted|p2a: Necrozma
|-damage|p2a: Necrozma|66/100
|-unboost|p2a: Necrozma|spe|1
|
|upkeep
|turn|19
|
|t:|1664285151
|move|p2a: Necrozma|Dragon Dance|p2a: Necrozma
|-boost|p2a: Necrozma|atk|1
|-boost|p2a: Necrozma|spe|1
|move|p1a: Aerodactyl|Rock Tomb|p2a: Necrozma
|-resisted|p2a: Necrozma
|-damage|p2a: Necrozma|55/100
|-unboost|p2a: Necrozma|spe|1
|
|-sideend|p1: AmoghOp(|move: Tailwind
|upkeep
|turn|20
|
|t:|1664285163
|move|p2a: Necrozma|Sunsteel Strike|p1a: Aerodactyl
|-supereffective|p1a: Aerodactyl
|-damage|p1a: Aerodactyl|0 fnt
|faint|p1a: Aerodactyl
|-damage|p2a: Necrozma|45/100|[from] item: Life Orb
|
|upkeep
|c|☆AmoghOp(|L gg
|
|t:|1664285169
|switch|p1a: Arceus|Arceus|100/100
|-damage|p1a: Arceus|88/100|[from] Stealth Rock
|turn|21
|
|t:|1664285173
|-start|p2a: Necrozma|Dynamax|
|-heal|p2a: Necrozma|45/100|[silent]
|move|p2a: Necrozma|Max Steelspike|p1a: Arceus
|-damage|p1a: Arceus|0 fnt
|-boost|p2a: Necrozma|def|1
|faint|p1a: Arceus
|-damage|p2a: Necrozma|40/100|[from] item: Life Orb
|
|upkeep
|-message|AmoghOp( forfeited.
|
|win|aseeasase
|raw|AmoghOp('s rating: 1594 &rarr; <strong>1586</strong><br />(-8 for losing)
|raw|aseeasase's rating: 1845 &rarr; <strong>1853</strong><br />(+8 for winning)
|l|☆AmoghOp(
||Ladder isn't responding, score probably updated but might not have (Request timeout).
