|j|☆helove
|j|☆alwaysrinse
|t:|1621885608
|gametype|singles
|player|p1|helove|266|1773
|player|p2|alwaysrinse|265|1919
|teamsize|p1|6
|teamsize|p2|6
|gen|8
|tier|[Gen 8] National Dex AG
|rated|
|rule|HP Percentage Mod: HP is shown in percentages
|rule|Endless Battle Clause: Forcing endless battles is banned
|clearpoke
|poke|p1|Yveltal|
|poke|p1|Ditto|
|poke|p1|Ho-Oh|
|poke|p1|Necrozma-Dusk-Mane|
|poke|p1|Calyrex-Shadow|
|poke|p1|Arceus-*|
|poke|p2|Quagsire, M|
|poke|p2|Chansey, F|
|poke|p2|Tyranitar, F|
|poke|p2|Lugia|
|poke|p2|Sableye, M|
|poke|p2|Giratina|
|teampreview
|inactive|Battle timer is ON: inactive players will automatically lose when time's up. (requested by alwaysrinse)
|
|t:|1621885626
|start
|switch|p1a: Arceus|Arceus-Fairy|100/100
|switch|p2a: Sableye|Sableye, M|100/100
|turn|1
|
|t:|1621885637
|detailschange|p2a: Sableye|Sableye-Mega, M
|-mega|p2a: Sableye|Sableye|Sablenite
|move|p2a: Sableye|Fake Out|p1a: Arceus
|-damage|p1a: Arceus|95/100
|cant|p1a: Arceus|flinch
|
|upkeep
|turn|2
|
|t:|1621885644
|switch|p2a: Chansey|Chansey, F|100/100
|move|p1a: Arceus|Judgment|p2a: Chansey
|-damage|p2a: Chansey|89/100
|
|upkeep
|turn|3
|
|t:|1621885651
|switch|p1a: Necrozma|Necrozma-Dusk-Mane|100/100
|move|p2a: Chansey|Toxic|p1a: Necrozma
|-immune|p1a: Necrozma
|
|upkeep
|turn|4
|
|t:|1621885662
|switch|p1a: Arceus|Arceus-Fairy|95/100
|switch|p2a: Sableye|Sableye-Mega, M|100/100
|
|upkeep
|turn|5
|
|t:|1621885671
|switch|p2a: Chansey|Chansey, F|89/100
|move|p1a: Arceus|Judgment|p2a: Chansey
|-damage|p2a: Chansey|77/100
|
|upkeep
|turn|6
|
|t:|1621885690
|move|p1a: Arceus|Magic Coat|p1a: Arceus
|-singleturn|p1a: Arceus|move: Magic Coat
|move|p2a: Chansey|Soft-Boiled|p2a: Chansey
|-heal|p2a: Chansey|100/100
|
|upkeep
|turn|7
|
|t:|1621885706
|move|p1a: Arceus|Magic Coat|p1a: Arceus
|-singleturn|p1a: Arceus|move: Magic Coat
|move|p2a: Chansey|Toxic|p1a: Arceus
|move|p1a: Arceus|Toxic|p2a: Chansey|[from]Magic Coat
|-status|p2a: Chansey|tox
|
|-damage|p2a: Chansey|94/100 tox|[from] psn
|upkeep
|turn|8
|
|t:|1621885713
|switch|p1a: Necrozma|Necrozma-Dusk-Mane|100/100
|move|p2a: Chansey|Toxic|p1a: Necrozma
|-immune|p1a: Necrozma
|
|-damage|p2a: Chansey|82/100 tox|[from] psn
|upkeep
|turn|9
|
|t:|1621885734
|switch|p2a: Sableye|Sableye-Mega, M|100/100
|move|p1a: Necrozma|Knock Off|p2a: Sableye
|-damage|p2a: Sableye|86/100
|
|upkeep
|turn|10
|
|t:|1621885748
|move|p1a: Necrozma|Morning Sun||[still]
|-fail|p1a: Necrozma
|move|p2a: Sableye|Will-O-Wisp|p1a: Necrozma
|-status|p1a: Necrozma|brn
|
|-damage|p1a: Necrozma|94/100 brn|[from] brn
|upkeep
|turn|11
|
|t:|1621885763
|move|p1a: Necrozma|Knock Off|p2a: Sableye
|-damage|p2a: Sableye|79/100
|move|p2a: Sableye|Foul Play|p1a: Necrozma
|-supereffective|p1a: Necrozma
|-damage|p1a: Necrozma|55/100 brn
|-damage|p2a: Sableye|62/100|[from] item: Rocky Helmet|[of] p1a: Necrozma
|
|-damage|p1a: Necrozma|48/100 brn|[from] brn
|upkeep
|turn|12
|
|t:|1621885773
|move|p1a: Necrozma|Morning Sun|p1a: Necrozma
|-heal|p1a: Necrozma|98/100 brn
|move|p2a: Sableye|Recover|p2a: Sableye
|-heal|p2a: Sableye|100/100
|
|-damage|p1a: Necrozma|92/100 brn|[from] brn
|upkeep
|turn|13
|
|t:|1621885794
|move|p1a: Necrozma|Knock Off|p2a: Sableye
|-damage|p2a: Sableye|93/100
|move|p2a: Sableye|Foul Play|p1a: Necrozma
|-supereffective|p1a: Necrozma
|-damage|p1a: Necrozma|53/100 brn
|-damage|p2a: Sableye|76/100|[from] item: Rocky Helmet|[of] p1a: Necrozma
|
|-damage|p1a: Necrozma|46/100 brn|[from] brn
|upkeep
|turn|14
|
|t:|1621885814
|move|p1a: Necrozma|Morning Sun|p1a: Necrozma
|-heal|p1a: Necrozma|96/100 brn
|move|p2a: Sableye|Foul Play|p1a: Necrozma
|-supereffective|p1a: Necrozma
|-damage|p1a: Necrozma|59/100 brn
|-damage|p2a: Sableye|60/100|[from] item: Rocky Helmet|[of] p1a: Necrozma
|
|-damage|p1a: Necrozma|53/100 brn|[from] brn
|upkeep
|turn|15
|
|t:|1621885828
|move|p1a: Necrozma|Morning Sun|p1a: Necrozma
|-heal|p1a: Necrozma|100/100 brn
|move|p2a: Sableye|Recover|p2a: Sableye
|-heal|p2a: Sableye|100/100
|
|-damage|p1a: Necrozma|94/100 brn|[from] brn
|upkeep
|turn|16
|
|t:|1621885838
|switch|p1a: Arceus|Arceus-Fairy|95/100
|move|p2a: Sableye|Foul Play|p1a: Arceus
|-resisted|p1a: Arceus
|-crit|p1a: Arceus
|-damage|p1a: Arceus|79/100
|
|upkeep
|turn|17
|inactive|alwaysrinse has 120 seconds left.
|
|t:|1621885884
|switch|p2a: Chansey|Chansey, F|82/100
|move|p1a: Arceus|Judgment|p2a: Chansey
|-damage|p2a: Chansey|70/100
|
|upkeep
|turn|18
|
|t:|1621885896
|switch|p1a: Necrozma|Necrozma-Dusk-Mane|94/100 brn
|move|p2a: Chansey|Soft-Boiled|p2a: Chansey
|-heal|p2a: Chansey|100/100
|
|-damage|p1a: Necrozma|88/100 brn|[from] brn
|upkeep
|turn|19
|
|t:|1621885909
|switch|p1a: Arceus|Arceus-Fairy|79/100
|switch|p2a: Sableye|Sableye-Mega, M|100/100
|
|upkeep
|turn|20
|inactive|alwaysrinse has 120 seconds left.
|
|t:|1621885926
|switch|p2a: Chansey|Chansey, F|100/100
|move|p1a: Arceus|Judgment|p2a: Chansey
|-damage|p2a: Chansey|89/100
|
|upkeep
|turn|21
|
|t:|1621885933
|move|p1a: Arceus|Magic Coat|p1a: Arceus
|-singleturn|p1a: Arceus|move: Magic Coat
|move|p2a: Chansey|Toxic|p1a: Arceus
|move|p1a: Arceus|Toxic|p2a: Chansey|[from]Magic Coat
|-status|p2a: Chansey|tox
|
|-damage|p2a: Chansey|82/100 tox|[from] psn
|upkeep
|turn|22
|
|t:|1621885943
|move|p1a: Arceus|Magic Coat|p1a: Arceus
|-singleturn|p1a: Arceus|move: Magic Coat
|move|p2a: Chansey|Toxic|p1a: Arceus
|move|p1a: Arceus|Toxic|p2a: Chansey|[from]Magic Coat
|-fail|p2a: Chansey|tox
|
|-damage|p2a: Chansey|70/100 tox|[from] psn
|upkeep
|turn|23
|
|t:|1621885951
|switch|p1a: Necrozma|Necrozma-Dusk-Mane|88/100 brn
|move|p2a: Chansey|Toxic||[still]
|-fail|p2a: Chansey
|
|-damage|p2a: Chansey|51/100 tox|[from] psn
|-damage|p1a: Necrozma|82/100 brn|[from] brn
|upkeep
|turn|24
|
|t:|1621885968
|switch|p1a: Arceus|Arceus-Fairy|79/100
|-curestatus|p2a: Chansey|tox|[from] ability: Natural Cure
|switch|p2a: Sableye|Sableye-Mega, M|100/100
|
|upkeep
|turn|25
|
|t:|1621885980
|switch|p1a: Calyrex|Calyrex-Shadow|100/100
|-ability|p1a: Calyrex|As One
|-ability|p1a: Calyrex|Unnerve
|switch|p2a: Chansey|Chansey, F|51/100
|
|upkeep
|turn|26
|
|t:|1621885992
|move|p1a: Calyrex|Psyshock|p2a: Chansey
|-damage|p2a: Chansey|0 fnt
|faint|p2a: Chansey
|-ability|p1a: Calyrex|Grim Neigh|boost
|-boost|p1a: Calyrex|spa|1
|
|upkeep
|
|t:|1621885995
|switch|p2a: Tyranitar|Tyranitar, F|100/100
|-weather|Sandstorm|[from] ability: Sand Stream|[of] p2a: Tyranitar
|turn|27
|
|t:|1621886004
|-start|p1a: Calyrex|Dynamax
|-heal|p1a: Calyrex|100/100|[silent]
|move|p1a: Calyrex|Max Overgrowth|p2a: Tyranitar
|-supereffective|p2a: Tyranitar
|-damage|p2a: Tyranitar|33/100
|-fieldstart|move: Grassy Terrain
|move|p2a: Tyranitar|Stealth Rock|p1a: Calyrex
|-sidestart|p1: helove|move: Stealth Rock
|
|-weather|Sandstorm|[upkeep]
|-damage|p1a: Calyrex|97/100|[from] Sandstorm
|-heal|p1a: Calyrex|100/100|[from] Grassy Terrain
|-heal|p2a: Tyranitar|39/100|[from] Grassy Terrain
|-heal|p2a: Tyranitar|46/100|[from] item: Leftovers
|upkeep
|turn|28
|
|t:|1621886024
|-start|p2a: Tyranitar|Dynamax
|-heal|p2a: Tyranitar|46/100|[silent]
|move|p1a: Calyrex|Max Overgrowth|p2a: Tyranitar
|-supereffective|p2a: Tyranitar
|-damage|p2a: Tyranitar|2/100
|move|p2a: Tyranitar|Max Darkness|p1a: Calyrex
|-supereffective|p1a: Calyrex
|-damage|p1a: Calyrex|10/100
|-unboost|p1a: Calyrex|spd|1
|
|-weather|Sandstorm|[upkeep]
|-damage|p1a: Calyrex|7/100|[from] Sandstorm
|-heal|p1a: Calyrex|10/100|[from] Grassy Terrain
|-heal|p2a: Tyranitar|5/100|[from] Grassy Terrain
|-heal|p2a: Tyranitar|8/100|[from] item: Leftovers
|upkeep
|turn|29
|
|t:|1621886043
|move|p2a: Tyranitar|Max Guard|p2a: Tyranitar
|-singleturn|p2a: Tyranitar|Max Guard
|move|p1a: Calyrex|Max Phantasm|p2a: Tyranitar
|-activate|p2a: Tyranitar|move: Max Guard
|
|-weather|Sandstorm|[upkeep]
|-damage|p1a: Calyrex|7/100|[from] Sandstorm
|-heal|p1a: Calyrex|10/100|[from] Grassy Terrain
|-heal|p2a: Tyranitar|11/100|[from] Grassy Terrain
|-heal|p2a: Tyranitar|14/100|[from] item: Leftovers
|-end|p1a: Calyrex|Dynamax
|-heal|p1a: Calyrex|10/100|[silent]
|upkeep
|turn|30
|
|t:|1621886061
|switch|p1a: Arceus|Arceus-Fairy|79/100
|-damage|p1a: Arceus|66/100|[from] Stealth Rock
|move|p2a: Tyranitar|Max Darkness|p1a: Arceus
|-resisted|p1a: Arceus
|-damage|p1a: Arceus|53/100
|-unboost|p1a: Arceus|spd|1
|
|-weather|Sandstorm|[upkeep]
|-damage|p1a: Arceus|46/100|[from] Sandstorm
|-heal|p1a: Arceus|53/100|[from] Grassy Terrain
|-heal|p2a: Tyranitar|17/100|[from] Grassy Terrain
|-heal|p2a: Tyranitar|21/100|[from] item: Leftovers
|-end|p2a: Tyranitar|Dynamax
|-heal|p2a: Tyranitar|21/100|[silent]
|upkeep
|turn|31
|inactive|helove has 120 seconds left.
|
|t:|1621886080
|switch|p2a: Lugia|Lugia|100/100
|move|p1a: Arceus|Judgment|p2a: Lugia
|-damage|p2a: Lugia|87/100
|
|-weather|none
|-heal|p1a: Arceus|59/100|[from] Grassy Terrain
|-fieldend|move: Grassy Terrain
|upkeep
|turn|32
|
|t:|1621886090
|move|p1a: Arceus|Magic Coat|p1a: Arceus
|-singleturn|p1a: Arceus|move: Magic Coat
|move|p2a: Lugia|Roost|p2a: Lugia
|-heal|p2a: Lugia|100/100
|-singleturn|p2a: Lugia|move: Roost
|
|upkeep
|turn|33
|
|t:|1621886107
|move|p1a: Arceus|Magic Coat|p1a: Arceus
|-singleturn|p1a: Arceus|move: Magic Coat
|move|p2a: Lugia|Ice Beam|p1a: Arceus
|-damage|p1a: Arceus|39/100
|
|upkeep
|turn|34
|inactive|helove has 120 seconds left.
|
|t:|1621886134
|move|p1a: Arceus|Magic Coat|p1a: Arceus
|-singleturn|p1a: Arceus|move: Magic Coat
|move|p2a: Lugia|Ice Beam|p1a: Arceus
|-damage|p1a: Arceus|19/100
|
|upkeep
|turn|35
|inactive|helove has 120 seconds left.
|
|t:|1621886140
|switch|p1a: Ho-Oh|Ho-Oh|100/100
|move|p2a: Lugia|Ice Beam|p1a: Ho-Oh
|-damage|p1a: Ho-Oh|92/100
|
|upkeep
|turn|36
|
|t:|1621886148
|switch|p2a: Tyranitar|Tyranitar, F|21/100
|-weather|Sandstorm|[from] ability: Sand Stream|[of] p2a: Tyranitar
|move|p1a: Ho-Oh|Defog|p2a: Tyranitar
|-unboost|p2a: Tyranitar|evasion|1
|-sideend|p1: helove|Stealth Rock|[from] move: Defog|[of] p1a: Ho-Oh
|
|-weather|Sandstorm|[upkeep]
|-damage|p1a: Ho-Oh|86/100|[from] Sandstorm
|-heal|p2a: Tyranitar|27/100|[from] item: Leftovers
|upkeep
|turn|37
|inactive|helove has 120 seconds left.
|
|t:|1621886171
|switch|p1a: Arceus|Arceus-Fairy|19/100
|move|p2a: Tyranitar|Stealth Rock|p1a: Arceus
|-sidestart|p1: helove|move: Stealth Rock
|
|-weather|Sandstorm|[upkeep]
|-damage|p1a: Arceus|13/100|[from] Sandstorm
|-heal|p2a: Tyranitar|33/100|[from] item: Leftovers
|upkeep
|turn|38
|inactive|helove has 120 seconds left.
|
|t:|1621886200
|switch|p2a: Lugia|Lugia|100/100
|move|p1a: Arceus|Judgment|p2a: Lugia
|-damage|p2a: Lugia|86/100
|
|-weather|Sandstorm|[upkeep]
|-damage|p1a: Arceus|7/100|[from] Sandstorm
|-damage|p2a: Lugia|80/100|[from] Sandstorm
|upkeep
|turn|39
|inactive|helove has 120 seconds left.
|
|t:|1621886209
|move|p1a: Arceus|Recover|p1a: Arceus
|-heal|p1a: Arceus|57/100
|move|p2a: Lugia|Roost|p2a: Lugia
|-heal|p2a: Lugia|100/100
|-singleturn|p2a: Lugia|move: Roost
|
|-weather|Sandstorm|[upkeep]
|-damage|p1a: Arceus|51/100|[from] Sandstorm
|-damage|p2a: Lugia|94/100|[from] Sandstorm
|upkeep
|turn|40
|inactive|helove has 120 seconds left.
|
|t:|1621886221
|move|p1a: Arceus|Magic Coat|p1a: Arceus
|-singleturn|p1a: Arceus|move: Magic Coat
|move|p2a: Lugia|Ice Beam|p1a: Arceus
|-damage|p1a: Arceus|38/100
|
|-weather|none
|upkeep
|turn|41
|
|t:|1621886227
|move|p1a: Arceus|Recover|p1a: Arceus
|-heal|p1a: Arceus|88/100
|move|p2a: Lugia|Ice Beam|p1a: Arceus
|-damage|p1a: Arceus|76/100
|
|upkeep
|turn|42
|
|t:|1621886235
|switch|p1a: Necrozma|Necrozma-Dusk-Mane|82/100 brn
|-damage|p1a: Necrozma|76/100 brn|[from] Stealth Rock
|move|p2a: Lugia|Roost|p2a: Lugia
|-heal|p2a: Lugia|100/100
|-singleturn|p2a: Lugia|move: Roost
|
|-damage|p1a: Necrozma|70/100 brn|[from] brn
|upkeep
|turn|43
|
|t:|1621886262
|switch|p2a: Sableye|Sableye-Mega, M|100/100
|move|p1a: Necrozma|Knock Off|p2a: Sableye
|-damage|p2a: Sableye|93/100
|
|-damage|p1a: Necrozma|64/100 brn|[from] brn
|upkeep
|turn|44
|
|t:|1621886276
|switch|p1a: Arceus|Arceus-Fairy|76/100
|-damage|p1a: Arceus|63/100|[from] Stealth Rock
|move|p2a: Sableye|Foul Play|p1a: Arceus
|-resisted|p1a: Arceus
|-crit|p1a: Arceus
|-damage|p1a: Arceus|48/100
|
|upkeep
|turn|45
|
|t:|1621886287
|switch|p2a: Lugia|Lugia|100/100
|move|p1a: Arceus|Judgment|p2a: Lugia
|-crit|p2a: Lugia
|-damage|p2a: Lugia|82/100
|
|upkeep
|turn|46
|
|t:|1621886299
|move|p1a: Arceus|Recover|p1a: Arceus
|-heal|p1a: Arceus|98/100
|move|p2a: Lugia|Roost|p2a: Lugia
|-heal|p2a: Lugia|100/100
|-singleturn|p2a: Lugia|move: Roost
|
|upkeep
|turn|47
|
|t:|1621886317
|move|p1a: Arceus|Magic Coat|p1a: Arceus
|-singleturn|p1a: Arceus|move: Magic Coat
|move|p2a: Lugia|Ice Beam|p1a: Arceus
|-damage|p1a: Arceus|86/100
|-status|p1a: Arceus|frz
|
|upkeep
|turn|48
|
|t:|1621886328
|switch|p2a: Tyranitar|Tyranitar, F|33/100
|-weather|Sandstorm|[from] ability: Sand Stream|[of] p2a: Tyranitar
|cant|p1a: Arceus|frz
|
|-weather|Sandstorm|[upkeep]
|-damage|p1a: Arceus|80/100 frz|[from] Sandstorm
|-heal|p2a: Tyranitar|39/100|[from] item: Leftovers
|upkeep
|turn|49
|
|t:|1621886338
|cant|p1a: Arceus|frz
|move|p2a: Tyranitar|Rest|p2a: Tyranitar
|-status|p2a: Tyranitar|slp|[from] move: Rest
|-heal|p2a: Tyranitar|100/100 slp|[silent]
|
|-weather|Sandstorm|[upkeep]
|-damage|p1a: Arceus|74/100 frz|[from] Sandstorm
|upkeep
|turn|50
|j| N Tader
|
|t:|1621886347
|switch|p2a: Lugia|Lugia|100/100
|cant|p1a: Arceus|frz
|
|-weather|Sandstorm|[upkeep]
|-damage|p1a: Arceus|68/100 frz|[from] Sandstorm
|-damage|p2a: Lugia|94/100|[from] Sandstorm
|upkeep
|turn|51
|
|t:|1621886357
|cant|p1a: Arceus|frz
|move|p2a: Lugia|Ice Beam|p1a: Arceus
|-damage|p1a: Arceus|57/100 frz
|
|-weather|Sandstorm|[upkeep]
|-damage|p1a: Arceus|50/100 frz|[from] Sandstorm
|-damage|p2a: Lugia|88/100|[from] Sandstorm
|upkeep
|turn|52
|
|t:|1621886365
|-curestatus|p1a: Arceus|frz|[msg]
|move|p1a: Arceus|Recover|p1a: Arceus
|-heal|p1a: Arceus|100/100
|move|p2a: Lugia|Toxic|p1a: Arceus
|-status|p1a: Arceus|tox
|
|-weather|none
|-damage|p1a: Arceus|94/100 tox|[from] psn
|upkeep
|turn|53
|
|t:|1621886375
|switch|p1a: Ho-Oh|Ho-Oh|100/100
|move|p2a: Lugia|Roost|p2a: Lugia
|-heal|p2a: Lugia|100/100
|-singleturn|p2a: Lugia|move: Roost
|
|upkeep
|turn|54
|c|☆alwaysrinse|lol
|c|☆helove|:
|c|☆helove|?
|
|t:|1621886397
|switch|p2a: Giratina|Giratina|100/100
|-ability|p2a: Giratina|Pressure
|move|p1a: Ho-Oh|Toxic|p2a: Giratina
|-status|p2a: Giratina|tox
|
|-damage|p2a: Giratina|94/100 tox|[from] psn
|upkeep
|turn|55
|c|☆alwaysrinse|sleep
|
|t:|1621886410
|move|p1a: Ho-Oh|Defog|p2a: Giratina
|-unboost|p2a: Giratina|evasion|1
|-sideend|p1: helove|Stealth Rock|[from] move: Defog|[of] p1a: Ho-Oh
|move|p2a: Giratina|Rest|p2a: Giratina
|-status|p2a: Giratina|slp|[from] move: Rest
|-heal|p2a: Giratina|100/100 slp|[silent]
|
|upkeep
|turn|56
|
|t:|1621886427
|switch|p1a: Yveltal|Yveltal|100/100
|-ability|p1a: Yveltal|Dark Aura
|switch|p2a: Tyranitar|Tyranitar, F|100/100 slp
|-weather|Sandstorm|[from] ability: Sand Stream|[of] p2a: Tyranitar
|
|-weather|Sandstorm|[upkeep]
|-damage|p1a: Yveltal|94/100|[from] Sandstorm
|upkeep
|turn|57
|inactive|helove has 120 seconds left.
|
|t:|1621886444
|switch|p1a: Arceus|Arceus-Fairy|94/100 tox
|cant|p2a: Tyranitar|slp
|
|-weather|Sandstorm|[upkeep]
|-damage|p1a: Arceus|88/100 tox|[from] Sandstorm
|-damage|p1a: Arceus|82/100 tox|[from] psn
|upkeep
|turn|58
|inactive|helove has 120 seconds left.
|
|t:|1621886467
|switch|p2a: Lugia|Lugia|100/100
|move|p1a: Arceus|Will-O-Wisp|p2a: Lugia
|-status|p2a: Lugia|brn
|
|-weather|Sandstorm|[upkeep]
|-damage|p1a: Arceus|76/100 tox|[from] Sandstorm
|-damage|p2a: Lugia|94/100 brn|[from] Sandstorm
|-damage|p1a: Arceus|64/100 tox|[from] psn
|-damage|p2a: Lugia|88/100 brn|[from] brn
|upkeep
|turn|59
|inactive|helove has 120 seconds left.
|inactive|alwaysrinse has 120 seconds left.
|
|t:|1621886489
|switch|p1a: Necrozma|Necrozma-Dusk-Mane|64/100 brn
|move|p2a: Lugia|Ice Beam|p1a: Necrozma
|-resisted|p1a: Necrozma
|-damage|p1a: Necrozma|57/100 brn
|
|-weather|Sandstorm|[upkeep]
|-damage|p2a: Lugia|82/100 brn|[from] Sandstorm
|-damage|p2a: Lugia|75/100 brn|[from] brn
|-damage|p1a: Necrozma|51/100 brn|[from] brn
|upkeep
|turn|60
|inactive|helove has 120 seconds left.
|c|☆alwaysrinse|lol
|
|t:|1621886502
|switch|p2a: Sableye|Sableye-Mega, M|93/100
|move|p1a: Necrozma|Morning Sun|p1a: Necrozma
|-heal|p1a: Necrozma|76/100 brn
|
|-weather|none
|-damage|p1a: Necrozma|70/100 brn|[from] brn
|upkeep
|turn|61
|c|☆helove|?
|inactive|helove has 120 seconds left.
|
|t:|1621886511
|switch|p1a: Arceus|Arceus-Fairy|64/100 tox
|move|p2a: Sableye|Foul Play|p1a: Arceus
|-resisted|p1a: Arceus
|-damage|p1a: Arceus|55/100 tox
|
|-damage|p1a: Arceus|49/100 tox|[from] psn
|upkeep
|turn|62
|inactive|helove has 120 seconds left.
|inactive|alwaysrinse has 120 seconds left.
|
|t:|1621886538
|switch|p2a: Lugia|Lugia|75/100 brn
|move|p1a: Arceus|Recover|p1a: Arceus
|-heal|p1a: Arceus|99/100 tox
|
|-damage|p1a: Arceus|87/100 tox|[from] psn
|-damage|p2a: Lugia|69/100 brn|[from] brn
|upkeep
|turn|63
|
|t:|1621886548
|switch|p1a: Necrozma|Necrozma-Dusk-Mane|70/100 brn
|move|p2a: Lugia|Roost|p2a: Lugia
|-heal|p2a: Lugia|100/100 brn
|-singleturn|p2a: Lugia|move: Roost
|
|-damage|p2a: Lugia|94/100 brn|[from] brn
|-damage|p1a: Necrozma|64/100 brn|[from] brn
|upkeep
|turn|64
|inactive|helove has 120 seconds left.
|inactive|alwaysrinse has 120 seconds left.
|
|t:|1621886581
|switch|p2a: Sableye|Sableye-Mega, M|93/100
|move|p1a: Necrozma|Morning Sun|p1a: Necrozma
|-heal|p1a: Necrozma|100/100 brn
|
|-damage|p1a: Necrozma|94/100 brn|[from] brn
|upkeep
|turn|65
|j| Mak the ZekLord
|inactive|alwaysrinse has 90 seconds left.
|
|t:|1621886631
|switch|p1a: Arceus|Arceus-Fairy|87/100 tox
|move|p2a: Sableye|Foul Play|p1a: Arceus
|-resisted|p1a: Arceus
|-damage|p1a: Arceus|77/100 tox
|
|-damage|p1a: Arceus|71/100 tox|[from] psn
|upkeep
|turn|66
|
|t:|1621886640
|switch|p1a: Yveltal|Yveltal|94/100
|-ability|p1a: Yveltal|Dark Aura
|switch|p2a: Lugia|Lugia|94/100 brn
|
|-damage|p2a: Lugia|88/100 brn|[from] brn
|upkeep
|turn|67
|inactive|alwaysrinse has 90 seconds left.
|inactive|alwaysrinse has 60 seconds left.
|c|☆helove|i hate stall
|
|t:|1621886705
|switch|p2a: Tyranitar|Tyranitar, F|100/100 slp
|-weather|Sandstorm|[from] ability: Sand Stream|[of] p2a: Tyranitar
|move|p1a: Yveltal|Dark Pulse|p2a: Tyranitar
|-resisted|p2a: Tyranitar
|-damage|p2a: Tyranitar|89/100 slp
|
|-weather|Sandstorm|[upkeep]
|-damage|p1a: Yveltal|88/100|[from] Sandstorm
|-heal|p2a: Tyranitar|95/100 slp|[from] item: Leftovers
|upkeep
|turn|68
|inactive|helove has 90 seconds left.
|
|t:|1621886739
|switch|p1a: Ditto|Ditto|100/100
|-transform|p1a: Ditto|p2a: Tyranitar|[from] ability: Imposter
|cant|p2a: Tyranitar|slp
|
|-weather|Sandstorm|[upkeep]
|-heal|p2a: Tyranitar|100/100 slp|[from] item: Leftovers
|upkeep
|turn|69
|inactive|helove has 90 seconds left.
|
|t:|1621886762
|switch|p1a: Arceus|Arceus-Fairy|71/100 tox
|-curestatus|p2a: Tyranitar|slp|[msg]
|move|p2a: Tyranitar|Stealth Rock|p1a: Arceus
|-sidestart|p1: helove|move: Stealth Rock
|
|-weather|Sandstorm|[upkeep]
|-damage|p1a: Arceus|64/100 tox|[from] Sandstorm
|-damage|p1a: Arceus|58/100 tox|[from] psn
|upkeep
|turn|70
|c| Mak the ZekLord|Stall is somewhat "fun"
|inactive|alwaysrinse has 30 seconds left.
|inactive|alwaysrinse has 20 seconds left.
|c|☆helove|70 turns
|inactive|alwaysrinse has 15 seconds left.
|inactive|alwaysrinse has 10 seconds left.
|inactive|alwaysrinse has 5 seconds left.
|
|t:|1621886821
|switch|p2a: Giratina|Giratina|100/100 slp
|-ability|p2a: Giratina|Pressure
|move|p1a: Arceus|Recover|p1a: Arceus
|-heal|p1a: Arceus|100/100 tox
|
|-weather|Sandstorm|[upkeep]
|-damage|p1a: Arceus|94/100 tox|[from] Sandstorm
|-damage|p2a: Giratina|94/100 slp|[from] Sandstorm
|-heal|p2a: Giratina|100/100 slp|[from] item: Leftovers
|-damage|p1a: Arceus|82/100 tox|[from] psn
|upkeep
|turn|71
|inactive|alwaysrinse has 15 seconds left this turn.
|inactive|alwaysrinse has 10 seconds left.
|
|t:|1621886836
|switch|p1a: Ho-Oh|Ho-Oh|100/100
|cant|p2a: Giratina|slp
|
|-weather|none
|upkeep
|turn|72
|inactive|alwaysrinse has 20 seconds left this turn.
|inactive|alwaysrinse has 15 seconds left.
|
|t:|1621886843
|move|p1a: Ho-Oh|Defog|p2a: Giratina
|-unboost|p2a: Giratina|evasion|1
|-sideend|p1: helove|Stealth Rock|[from] move: Defog|[of] p1a: Ho-Oh
|cant|p2a: Giratina|slp
|
|upkeep
|turn|73
|inactive|alwaysrinse has 25 seconds left this turn.
|inactive|helove has 90 seconds left.
|
|t:|1621886850
|switch|p2a: Tyranitar|Tyranitar, F|100/100
|-weather|Sandstorm|[from] ability: Sand Stream|[of] p2a: Tyranitar
|move|p1a: Ho-Oh|Whirlwind|p2a: Tyranitar
|drag|p2a: Sableye|Sableye-Mega, M|93/100
|
|-weather|Sandstorm|[upkeep]
|-damage|p1a: Ho-Oh|94/100|[from] Sandstorm
|-damage|p2a: Sableye|87/100|[from] Sandstorm
|upkeep
|turn|74
|inactive|alwaysrinse has 30 seconds left.
|inactive|helove has 90 seconds left.
|
|t:|1621886873
|switch|p2a: Tyranitar|Tyranitar, F|100/100
|move|p1a: Ho-Oh|Sacred Fire|p2a: Tyranitar
|-resisted|p2a: Tyranitar
|-damage|p2a: Tyranitar|83/100
|
|-weather|Sandstorm|[upkeep]
|-damage|p1a: Ho-Oh|88/100|[from] Sandstorm
|-heal|p2a: Tyranitar|89/100|[from] item: Leftovers
|upkeep
|turn|75
|inactive|alwaysrinse has 30 seconds left.
|
|t:|1621886891
|switch|p1a: Arceus|Arceus-Fairy|82/100 tox
|move|p2a: Tyranitar|Stealth Rock|p1a: Arceus
|-sidestart|p1: helove|move: Stealth Rock
|
|-weather|Sandstorm|[upkeep]
|-damage|p1a: Arceus|76/100 tox|[from] Sandstorm
|-heal|p2a: Tyranitar|96/100|[from] item: Leftovers
|-damage|p1a: Arceus|70/100 tox|[from] psn
|upkeep
|turn|76
|inactive|alwaysrinse has 30 seconds left.
|
|t:|1621886903
|switch|p2a: Lugia|Lugia|88/100 brn
|move|p1a: Arceus|Judgment|p2a: Lugia
|-damage|p2a: Lugia|63/100 brn
|
|-weather|Sandstorm|[upkeep]
|-damage|p1a: Arceus|64/100 tox|[from] Sandstorm
|-damage|p2a: Lugia|57/100 brn|[from] Sandstorm
|-damage|p1a: Arceus|52/100 tox|[from] psn
|-damage|p2a: Lugia|50/100 brn|[from] brn
|upkeep
|turn|77
|inactive|alwaysrinse has 30 seconds left.
|
|t:|1621886918
|switch|p1a: Ho-Oh|Ho-Oh|100/100
|move|p2a: Lugia|Roost|p2a: Lugia
|-heal|p2a: Lugia|99/100 brn
|-singleturn|p2a: Lugia|move: Roost
|
|-weather|none
|-damage|p2a: Lugia|94/100 brn|[from] brn
|upkeep
|turn|78
|
|t:|1621886929
|switch|p1a: Necrozma|Necrozma-Dusk-Mane|94/100 brn
|-damage|p1a: Necrozma|88/100 brn|[from] Stealth Rock
|move|p2a: Lugia|Toxic||[still]
|-fail|p2a: Lugia
|
|-damage|p2a: Lugia|88/100 brn|[from] brn
|-damage|p1a: Necrozma|82/100 brn|[from] brn
|upkeep
|turn|79
|
|t:|1621886938
|switch|p2a: Sableye|Sableye-Mega, M|87/100
|switch|p1a: Ho-Oh|Ho-Oh|100/100
|
|upkeep
|turn|80
|
|t:|1621886962
|switch|p2a: Tyranitar|Tyranitar, F|96/100
|-weather|Sandstorm|[from] ability: Sand Stream|[of] p2a: Tyranitar
|move|p1a: Ho-Oh|Defog|p2a: Tyranitar
|-unboost|p2a: Tyranitar|evasion|1
|-sideend|p1: helove|Stealth Rock|[from] move: Defog|[of] p1a: Ho-Oh
|
|-weather|Sandstorm|[upkeep]
|-damage|p1a: Ho-Oh|94/100|[from] Sandstorm
|-heal|p2a: Tyranitar|100/100|[from] item: Leftovers
|upkeep
|turn|81
|inactive|helove has 90 seconds left.
|
|t:|1621886991
|switch|p1a: Arceus|Arceus-Fairy|52/100 tox
|move|p2a: Tyranitar|Stealth Rock|p1a: Arceus
|-sidestart|p1: helove|move: Stealth Rock
|
|-weather|Sandstorm|[upkeep]
|-damage|p1a: Arceus|46/100 tox|[from] Sandstorm
|-damage|p1a: Arceus|40/100 tox|[from] psn
|upkeep
|turn|82
|inactive|alwaysrinse has 30 seconds left.
|
|t:|1621887013
|switch|p2a: Lugia|Lugia|88/100 brn
|move|p1a: Arceus|Recover|p1a: Arceus
|-heal|p1a: Arceus|90/100 tox
|
|-weather|Sandstorm|[upkeep]
|-damage|p1a: Arceus|84/100 tox|[from] Sandstorm
|-damage|p2a: Lugia|82/100 brn|[from] Sandstorm
|-damage|p1a: Arceus|71/100 tox|[from] psn
|-damage|p2a: Lugia|75/100 brn|[from] brn
|upkeep
|turn|83
|
|t:|1621887025
|switch|p1a: Necrozma|Necrozma-Dusk-Mane|82/100 brn
|-damage|p1a: Necrozma|76/100 brn|[from] Stealth Rock
|move|p2a: Lugia|Roost|p2a: Lugia
|-heal|p2a: Lugia|100/100 brn
|-singleturn|p2a: Lugia|move: Roost
|
|-weather|Sandstorm|[upkeep]
|-damage|p2a: Lugia|94/100 brn|[from] Sandstorm
|-damage|p2a: Lugia|88/100 brn|[from] brn
|-damage|p1a: Necrozma|70/100 brn|[from] brn
|upkeep
|turn|84
|
|t:|1621887037
|switch|p2a: Giratina|Giratina|100/100 slp
|-ability|p2a: Giratina|Pressure
|move|p1a: Necrozma|Sunsteel Strike|p2a: Giratina
|-damage|p2a: Giratina|89/100 slp
|
|-weather|none
|-heal|p2a: Giratina|95/100 slp|[from] item: Leftovers
|-damage|p1a: Necrozma|64/100 brn|[from] brn
|upkeep
|turn|85
|inactive|helove has 60 seconds left.
|
|t:|1621887062
|switch|p2a: Sableye|Sableye-Mega, M|87/100
|move|p1a: Necrozma|Stealth Rock|p2a: Sableye
|move|p2a: Sableye|Stealth Rock||[from]ability: Magic Bounce|[still]
|-fail|p2a: Sableye
|
|-damage|p1a: Necrozma|58/100 brn|[from] brn
|upkeep
|turn|86
|inactive|helove has 60 seconds left.
|
|t:|1621887073
|switch|p1a: Ho-Oh|Ho-Oh|100/100
|move|p2a: Sableye|Foul Play|p1a: Ho-Oh
|-damage|p1a: Ho-Oh|65/100
|
|upkeep
|turn|87
|inactive|helove has 60 seconds left.
|
|t:|1621887085
|switch|p2a: Giratina|Giratina|95/100 slp
|-ability|p2a: Giratina|Pressure
|move|p1a: Ho-Oh|Defog|p2a: Giratina
|-unboost|p2a: Giratina|evasion|1
|-sideend|p1: helove|Stealth Rock|[from] move: Defog|[of] p1a: Ho-Oh
|
|-heal|p2a: Giratina|100/100 slp|[from] item: Leftovers
|upkeep
|turn|88
|inactive|alwaysrinse has 60 seconds left.
|inactive|helove has 60 seconds left.
|
|t:|1621887095
|switch|p1a: Arceus|Arceus-Fairy|71/100 tox
|switch|p2a: Tyranitar|Tyranitar, F|100/100
|-weather|Sandstorm|[from] ability: Sand Stream|[of] p2a: Tyranitar
|
|-weather|Sandstorm|[upkeep]
|-damage|p1a: Arceus|65/100 tox|[from] Sandstorm
|-damage|p1a: Arceus|59/100 tox|[from] psn
|upkeep
|turn|89
|inactive|helove has 60 seconds left.
|
|t:|1621887105
|move|p1a: Arceus|Judgment|p2a: Tyranitar
|-supereffective|p2a: Tyranitar
|-damage|p2a: Tyranitar|64/100
|move|p2a: Tyranitar|Stealth Rock|p1a: Arceus
|-sidestart|p1: helove|move: Stealth Rock
|
|-weather|Sandstorm|[upkeep]
|-damage|p1a: Arceus|53/100 tox|[from] Sandstorm
|-heal|p2a: Tyranitar|71/100|[from] item: Leftovers
|-damage|p1a: Arceus|41/100 tox|[from] psn
|upkeep
|turn|90
|inactive|helove has 60 seconds left.
|
|t:|1621887130
|switch|p2a: Lugia|Lugia|88/100 brn
|move|p1a: Arceus|Judgment|p2a: Lugia
|-damage|p2a: Lugia|61/100 brn
|
|-weather|Sandstorm|[upkeep]
|-damage|p1a: Arceus|35/100 tox|[from] Sandstorm
|-damage|p2a: Lugia|55/100 brn|[from] Sandstorm
|-damage|p1a: Arceus|17/100 tox|[from] psn
|-damage|p2a: Lugia|49/100 brn|[from] brn
|upkeep
|turn|91
|inactive|alwaysrinse has 60 seconds left.
|
|t:|1621887156
|move|p1a: Arceus|Recover|p1a: Arceus
|-heal|p1a: Arceus|67/100 tox
|move|p2a: Lugia|Roost|p2a: Lugia
|-heal|p2a: Lugia|99/100 brn
|-singleturn|p2a: Lugia|move: Roost
|
|-weather|Sandstorm|[upkeep]
|-damage|p1a: Arceus|61/100 tox|[from] Sandstorm
|-damage|p2a: Lugia|92/100 brn|[from] Sandstorm
|-damage|p1a: Arceus|36/100 tox|[from] psn
|-damage|p2a: Lugia|86/100 brn|[from] brn
|upkeep
|turn|92
|
|t:|1621887171
|switch|p1a: Necrozma|Necrozma-Dusk-Mane|58/100 brn
|-damage|p1a: Necrozma|52/100 brn|[from] Stealth Rock
|move|p2a: Lugia|Roost|p2a: Lugia
|-heal|p2a: Lugia|100/100 brn
|-singleturn|p2a: Lugia|move: Roost
|
|-weather|none
|-damage|p2a: Lugia|94/100 brn|[from] brn
|-damage|p1a: Necrozma|46/100 brn|[from] brn
|upkeep
|turn|93
|inactive|alwaysrinse has 60 seconds left.
|
|t:|1621887192
|switch|p2a: Sableye|Sableye-Mega, M|87/100
|move|p1a: Necrozma|Stealth Rock|p2a: Sableye
|move|p2a: Sableye|Stealth Rock||[from]ability: Magic Bounce|[still]
|-fail|p2a: Sableye
|
|-damage|p1a: Necrozma|40/100 brn|[from] brn
|upkeep
|turn|94
|j| Omega7321
|
|t:|1621887202
|move|p1a: Necrozma|Morning Sun|p1a: Necrozma
|-heal|p1a: Necrozma|90/100 brn
|move|p2a: Sableye|Foul Play|p1a: Necrozma
|-supereffective|p1a: Necrozma
|-damage|p1a: Necrozma|51/100 brn
|-damage|p2a: Sableye|70/100|[from] item: Rocky Helmet|[of] p1a: Necrozma
|
|-damage|p1a: Necrozma|45/100 brn|[from] brn
|upkeep
|turn|95
|c|☆alwaysrinse|lol
|c|☆helove|?
|inactive|helove has 30 seconds left.
|
|t:|1621887219
|switch|p1a: Ho-Oh|Ho-Oh|98/100
|move|p2a: Sableye|Recover|p2a: Sableye
|-heal|p2a: Sableye|100/100
|
|upkeep
|turn|96
|inactive|helove has 30 seconds left.
|c|☆alwaysrinse|NDM is almost gone
|
|t:|1621887231
|switch|p2a: Giratina|Giratina|100/100 slp
|-ability|p2a: Giratina|Pressure
|move|p1a: Ho-Oh|Sacred Fire|p2a: Giratina
|-resisted|p2a: Giratina
|-damage|p2a: Giratina|91/100 slp
|
|-heal|p2a: Giratina|97/100 slp|[from] item: Leftovers
|upkeep
|turn|97
|c| Mak the ZekLord|"fun"
|inactive|helove has 30 seconds left.
|
|t:|1621887243
|move|p1a: Ho-Oh|Defog|p2a: Giratina
|-unboost|p2a: Giratina|evasion|1
|-sideend|p1: helove|Stealth Rock|[from] move: Defog|[of] p1a: Ho-Oh
|-curestatus|p2a: Giratina|slp|[msg]
|move|p2a: Giratina|Will-O-Wisp|p1a: Ho-Oh
|-immune|p1a: Ho-Oh
|
|-heal|p2a: Giratina|100/100|[from] item: Leftovers
|upkeep
|turn|98
|inactive|helove has 30 seconds left.
|
|t:|1621887254
|switch|p1a: Yveltal|Yveltal|88/100
|-ability|p1a: Yveltal|Dark Aura
|switch|p2a: Tyranitar|Tyranitar, F|71/100
|-weather|Sandstorm|[from] ability: Sand Stream|[of] p2a: Tyranitar
|
|-weather|Sandstorm|[upkeep]
|-damage|p1a: Yveltal|82/100|[from] Sandstorm
|-heal|p2a: Tyranitar|77/100|[from] item: Leftovers
|upkeep
|turn|99
|inactive|helove has 30 seconds left.
|
|t:|1621887265
|move|p1a: Yveltal|Taunt|p2a: Tyranitar
|-start|p2a: Tyranitar|move: Taunt
|cant|p2a: Tyranitar|move: Taunt|Stealth Rock
|
|-weather|Sandstorm|[upkeep]
|-damage|p1a: Yveltal|76/100|[from] Sandstorm
|-heal|p2a: Tyranitar|83/100|[from] item: Leftovers
|upkeep
|turn|100
|inactive|helove has 30 seconds left this turn.
|c|☆alwaysrinse|NDM lose
|
|t:|1621887275
|switch|p1a: Ditto|Ditto|100/100
|-transform|p1a: Ditto|p2a: Tyranitar|[from] ability: Imposter
|move|p2a: Tyranitar|Rock Tomb|p1a: Ditto
|-damage|p1a: Ditto|71/100
|-unboost|p1a: Ditto|spe|1
|
|-weather|Sandstorm|[upkeep]
|-heal|p2a: Tyranitar|89/100|[from] item: Leftovers
|upkeep
|turn|101
|inactive|helove has 30 seconds left this turn.
|inactive|helove has 20 seconds left.
|inactive|helove has 15 seconds left.
|
|t:|1621887292
|switch|p2a: Sableye|Sableye-Mega, M|100/100
|move|p1a: Ditto|Stealth Rock|p2a: Sableye
|move|p2a: Sableye|Stealth Rock|p1a: Ditto|[from]ability: Magic Bounce
|-sidestart|p1: helove|move: Stealth Rock
|
|-weather|Sandstorm|[upkeep]
|-damage|p2a: Sableye|94/100|[from] Sandstorm
|upkeep
|turn|102
|inactive|helove has 20 seconds left this turn.
|inactive|helove has 15 seconds left.
|
|t:|1621887301
|switch|p1a: Ho-Oh|Ho-Oh|100/100
|move|p2a: Sableye|Foul Play|p1a: Ho-Oh
|-damage|p1a: Ho-Oh|66/100
|
|-weather|none
|upkeep
|turn|103
|inactive|helove has 20 seconds left this turn.
|inactive|helove has 15 seconds left.
|
|t:|1621887306
|switch|p2a: Giratina|Giratina|100/100
|-ability|p2a: Giratina|Pressure
|move|p1a: Ho-Oh|Defog|p2a: Giratina
|-unboost|p2a: Giratina|evasion|1
|-sideend|p1: helove|Stealth Rock|[from] move: Defog|[of] p1a: Ho-Oh
|
|upkeep
|turn|104
|inactive|helove has 20 seconds left this turn.
|
|t:|1621887311
|switch|p1a: Yveltal|Yveltal|76/100
|-ability|p1a: Yveltal|Dark Aura
|move|p2a: Giratina|Will-O-Wisp|p1a: Yveltal
|-status|p1a: Yveltal|brn
|
|-damage|p1a: Yveltal|70/100 brn|[from] brn
|upkeep
|turn|105
|inactive|helove has 25 seconds left this turn.
|c| Mak the ZekLord|1 ms left
|
|t:|1621887315
|switch|p2a: Tyranitar|Tyranitar, F|89/100
|-weather|Sandstorm|[from] ability: Sand Stream|[of] p2a: Tyranitar
|move|p1a: Yveltal|Taunt|p2a: Tyranitar
|-start|p2a: Tyranitar|move: Taunt
|
|-weather|Sandstorm|[upkeep]
|-damage|p1a: Yveltal|64/100 brn|[from] Sandstorm
|-heal|p2a: Tyranitar|95/100|[from] item: Leftovers
|-damage|p1a: Yveltal|58/100 brn|[from] brn
|upkeep
|turn|106
|inactive|helove has 30 seconds left this turn.
|
|t:|1621887325
|switch|p1a: Arceus|Arceus-Fairy|36/100 tox
|move|p2a: Tyranitar|Rock Tomb|p1a: Arceus
|-damage|p1a: Arceus|18/100 tox
|-unboost|p1a: Arceus|spe|1
|
|-weather|Sandstorm|[upkeep]
|-damage|p1a: Arceus|12/100 tox|[from] Sandstorm
|-heal|p2a: Tyranitar|100/100|[from] item: Leftovers
|-damage|p1a: Arceus|6/100 tox|[from] psn
|upkeep
|turn|107
|inactive|helove has 30 seconds left this turn.
|
|t:|1621887336
|move|p1a: Arceus|Recover|p1a: Arceus
|-heal|p1a: Arceus|56/100 tox
|move|p2a: Tyranitar|Rock Tomb|p1a: Arceus
|-damage|p1a: Arceus|39/100 tox
|-unboost|p1a: Arceus|spe|1
|
|-weather|Sandstorm|[upkeep]
|-damage|p1a: Arceus|33/100 tox|[from] Sandstorm
|-damage|p1a: Arceus|21/100 tox|[from] psn
|-end|p2a: Tyranitar|move: Taunt
|upkeep
|turn|108
|inactive|helove has 30 seconds left this turn.
|
|t:|1621887345
|switch|p1a: Necrozma|Necrozma-Dusk-Mane|45/100 brn
|move|p2a: Tyranitar|Rock Tomb|p1a: Necrozma
|-resisted|p1a: Necrozma
|-damage|p1a: Necrozma|38/100 brn
|-unboost|p1a: Necrozma|spe|1
|
|-weather|Sandstorm|[upkeep]
|-damage|p1a: Necrozma|32/100 brn|[from] brn
|upkeep
|turn|109
|inactive|helove has 30 seconds left this turn.
|
|t:|1621887351
|switch|p2a: Sableye|Sableye-Mega, M|94/100
|move|p1a: Necrozma|Stealth Rock|p2a: Sableye
|move|p2a: Sableye|Stealth Rock|p1a: Necrozma|[from]ability: Magic Bounce
|-sidestart|p1: helove|move: Stealth Rock
|
|-weather|none
|-damage|p1a: Necrozma|26/100 brn|[from] brn
|upkeep
|turn|110
|inactive|helove has 30 seconds left this turn.
|j| WTF THE STALL
|c|☆alwaysrinse|yea one left
|
|t:|1621887360
|switch|p1a: Ho-Oh|Ho-Oh|99/100
|move|p2a: Sableye|Foul Play|p1a: Ho-Oh
|-damage|p1a: Ho-Oh|64/100
|
|upkeep
|turn|111
|inactive|helove has 30 seconds left this turn.
|
|t:|1621887367
|switch|p2a: Giratina|Giratina|100/100
|-ability|p2a: Giratina|Pressure
|move|p1a: Ho-Oh|Toxic|p2a: Giratina
|-status|p2a: Giratina|tox
|
|-damage|p2a: Giratina|94/100 tox|[from] psn
|upkeep
|turn|112
|inactive|helove has 30 seconds left this turn.
|c| WTF THE STALL|хелов я твой фанат
|c| WTF THE STALL|пабеждай пж
|inactive|helove has 20 seconds left.
|c|☆alwaysrinse|is that russian
|c|☆helove|блять
|c|☆helove|токсик
|
|t:|1621887382
|move|p1a: Ho-Oh|Defog|p2a: Giratina
|-unboost|p2a: Giratina|evasion|1
|-sideend|p1: helove|Stealth Rock|[from] move: Defog|[of] p1a: Ho-Oh
|move|p2a: Giratina|Rest|p2a: Giratina
|-status|p2a: Giratina|slp|[from] move: Rest
|-heal|p2a: Giratina|100/100 slp|[silent]
|
|upkeep
|turn|113
|inactive|helove has 25 seconds left this turn.
|inactive|helove has 20 seconds left.
|c|☆alwaysrinse|is it greek
|c|☆alwaysrinse|wait sorry it is russian script
|c|☆alwaysrinse|but I cant tell if its russian or like serbian
|c|☆helove|xD
|c|☆alwaysrinse|what is it
|inactive|alwaysrinse has 90 seconds left.
|c|☆helove|я рот стала ебал 1770 поднял а тут это
|c|☆helove|после этого в украинском поезде начался сущий кошмар
|c| WTF THE STALL|так сталл легко контрить)
|c|☆helove|знаю
|inactive|alwaysrinse has 60 seconds left.
|c|☆helove|тиран на 2% хп вывез
|c|☆helove|мразота
|c|☆helove|так бы щас все полегло
|c|☆alwaysrinse|ukrainian train?
|
|t:|1621887459
|switch|p2a: Tyranitar|Tyranitar, F|100/100
|-weather|Sandstorm|[from] ability: Sand Stream|[of] p2a: Tyranitar
|move|p1a: Ho-Oh|Whirlwind|p2a: Tyranitar
|drag|p2a: Giratina|Giratina|100/100 slp
|-ability|p2a: Giratina|Pressure
|
|-weather|Sandstorm|[upkeep]
|-damage|p1a: Ho-Oh|58/100|[from] Sandstorm
|-damage|p2a: Giratina|94/100 slp|[from] Sandstorm
|-heal|p2a: Giratina|100/100 slp|[from] item: Leftovers
|upkeep
|turn|114
|inactive|helove has 25 seconds left this turn.
|c|☆helove|xD
|inactive|helove has 20 seconds left.
|c| Mak the ZekLord|Lol
|c|☆alwaysrinse|what is this
|c|☆alwaysrinse|they're russian
|inactive|helove has 15 seconds left.
|c|☆alwaysrinse|are you russian
|inactive|helove has 10 seconds left.
|
|t:|1621887475
|switch|p2a: Tyranitar|Tyranitar, F|100/100
|move|p1a: Ho-Oh|Toxic|p2a: Tyranitar
|-status|p2a: Tyranitar|tox
|
|-weather|Sandstorm|[upkeep]
|-damage|p1a: Ho-Oh|51/100|[from] Sandstorm
|-damage|p2a: Tyranitar|94/100 tox|[from] psn
|upkeep
|turn|115
|inactive|helove has 15 seconds left this turn.
|c|☆alwaysrinse|do you live in russia
|inactive|helove has 10 seconds left.
|c| Mak the ZekLord|Who
|
|t:|1621887483
|switch|p1a: Ditto|Ditto|71/100
|-transform|p1a: Ditto|p2a: Tyranitar|[from] ability: Imposter
|move|p2a: Tyranitar|Stealth Rock|p1a: Ditto
|-sidestart|p1: helove|move: Stealth Rock
|
|-weather|Sandstorm|[upkeep]
|-heal|p2a: Tyranitar|100/100 tox|[from] item: Leftovers
|-damage|p2a: Tyranitar|88/100 tox|[from] psn
|upkeep
|turn|116
|inactive|helove has 15 seconds left this turn.
|
|t:|1621887488
|switch|p2a: Sableye|Sableye-Mega, M|94/100
|move|p1a: Ditto|Rock Tomb|p2a: Sableye
|-damage|p2a: Sableye|76/100
|-unboost|p2a: Sableye|spe|1
|
|-weather|Sandstorm|[upkeep]
|-damage|p2a: Sableye|70/100|[from] Sandstorm
|upkeep
|turn|117
|inactive|helove has 20 seconds left this turn.
|
|t:|1621887491
|move|p1a: Ditto|Rock Tomb|p2a: Sableye
|-damage|p2a: Sableye|50/100
|-unboost|p2a: Sableye|spe|1
|move|p2a: Sableye|Recover|p2a: Sableye
|-heal|p2a: Sableye|99/100
|
|-weather|none
|upkeep
|turn|118
|inactive|helove has 25 seconds left this turn.
|inactive|helove has 20 seconds left.
|
|t:|1621887498
|switch|p1a: Ho-Oh|Ho-Oh|85/100
|move|p2a: Sableye|Will-O-Wisp|p1a: Ho-Oh|[miss]
|-miss|p2a: Sableye|p1a: Ho-Oh
|
|upkeep
|turn|119
|inactive|helove has 25 seconds left this turn.
|
|t:|1621887502
|switch|p2a: Giratina|Giratina|100/100 slp
|-ability|p2a: Giratina|Pressure
|move|p1a: Ho-Oh|Defog|p2a: Giratina
|-unboost|p2a: Giratina|evasion|1
|-sideend|p1: helove|Stealth Rock|[from] move: Defog|[of] p1a: Ho-Oh
|
|upkeep
|turn|120
|inactive|helove has 30 seconds left this turn.
|c|☆alwaysrinse|lol
|
|t:|1621887511
|switch|p1a: Calyrex|Calyrex-Shadow|10/100
|-ability|p1a: Calyrex|As One
|-ability|p1a: Calyrex|Unnerve
|switch|p2a: Tyranitar|Tyranitar, F|88/100 tox
|-weather|Sandstorm|[from] ability: Sand Stream|[of] p2a: Tyranitar
|
|-weather|Sandstorm|[upkeep]
|-damage|p1a: Calyrex|4/100|[from] Sandstorm
|-heal|p2a: Tyranitar|94/100 tox|[from] item: Leftovers
|-damage|p2a: Tyranitar|88/100 tox|[from] psn
|upkeep
|turn|121
|inactive|helove has 30 seconds left this turn.
|
|t:|1621887520
|move|p1a: Calyrex|Leaf Storm|p2a: Tyranitar|[miss]
|-miss|p1a: Calyrex|p2a: Tyranitar
|move|p2a: Tyranitar|Stealth Rock|p1a: Calyrex
|-sidestart|p1: helove|move: Stealth Rock
|
|-weather|Sandstorm|[upkeep]
|-damage|p1a: Calyrex|0 fnt|[from] Sandstorm
|faint|p1a: Calyrex
|-heal|p2a: Tyranitar|94/100 tox|[from] item: Leftovers
|-damage|p2a: Tyranitar|82/100 tox|[from] psn
|upkeep
|inactive|helove has 30 seconds left this turn.
|c|☆helove|ok
|c| WTF THE STALL|фу для нубов мувсет на калирексе
|c|☆alwaysrinse|sorry
|inactive|helove has 20 seconds left.
|
|t:|1621887531
|switch|p1a: Ho-Oh|Ho-Oh|100/100
|turn|122
|inactive|helove has 25 seconds left this turn.
|c|☆alwaysrinse|I mean ttar takes that
|inactive|helove has 20 seconds left.
|
|t:|1621887536
|switch|p2a: Giratina|Giratina|100/100 slp
|-ability|p2a: Giratina|Pressure
|move|p1a: Ho-Oh|Defog|p2a: Giratina
|-unboost|p2a: Giratina|evasion|1
|-sideend|p1: helove|Stealth Rock|[from] move: Defog|[of] p1a: Ho-Oh
|
|-weather|Sandstorm|[upkeep]
|-damage|p1a: Ho-Oh|94/100|[from] Sandstorm
|-damage|p2a: Giratina|94/100 slp|[from] Sandstorm
|-heal|p2a: Giratina|100/100 slp|[from] item: Leftovers
|upkeep
|turn|123
|inactive|helove has 25 seconds left this turn.
|c|☆alwaysrinse|an rests on ho oh ina ny case
|inactive|helove has 20 seconds left.
|inactive|helove has 15 seconds left.
|c|☆alwaysrinse|ttar has rest
|
|t:|1621887549
|switch|p1a: Yveltal|Yveltal|58/100 brn
|-ability|p1a: Yveltal|Dark Aura
|switch|p2a: Tyranitar|Tyranitar, F|82/100 tox
|
|-weather|Sandstorm|[upkeep]
|-damage|p1a: Yveltal|52/100 brn|[from] Sandstorm
|-heal|p2a: Tyranitar|88/100 tox|[from] item: Leftovers
|-damage|p2a: Tyranitar|82/100 tox|[from] psn
|-damage|p1a: Yveltal|46/100 brn|[from] brn
|upkeep
|turn|124
|inactive|helove has 20 seconds left this turn.
|inactive|helove has 15 seconds left.
|inactive|helove has 10 seconds left.
|
|t:|1621887563
|move|p1a: Yveltal|Taunt|p2a: Tyranitar
|-start|p2a: Tyranitar|move: Taunt
|move|p2a: Tyranitar|Rock Tomb|p1a: Yveltal
|-supereffective|p1a: Yveltal
|-damage|p1a: Yveltal|0 fnt
|faint|p1a: Yveltal
|
|-weather|none
|-heal|p2a: Tyranitar|88/100 tox|[from] item: Leftovers
|-damage|p2a: Tyranitar|76/100 tox|[from] psn
|upkeep
|inactive|helove has 15 seconds left this turn.
|
|t:|1621887567
|switch|p1a: Arceus|Arceus-Fairy|21/100 tox
|turn|125
|inactive|helove has 20 seconds left this turn.
|
|t:|1621887573
|switch|p2a: Lugia|Lugia|94/100 brn
|move|p1a: Arceus|Recover|p1a: Arceus
|-heal|p1a: Arceus|71/100 tox
|
|-damage|p1a: Arceus|65/100 tox|[from] psn
|-damage|p2a: Lugia|88/100 brn|[from] brn
|upkeep
|turn|126
|inactive|helove has 25 seconds left this turn.
|inactive|helove has 20 seconds left.
|
|t:|1621887583
|switch|p1a: Necrozma|Necrozma-Dusk-Mane|26/100 brn
|move|p2a: Lugia|Ice Beam|p1a: Necrozma
|-resisted|p1a: Necrozma
|-damage|p1a: Necrozma|19/100 brn
|
|-damage|p2a: Lugia|82/100 brn|[from] brn
|-damage|p1a: Necrozma|13/100 brn|[from] brn
|upkeep
|turn|127
|inactive|helove has 25 seconds left this turn.
|inactive|helove has 20 seconds left.
|c|☆alwaysrinse|one morning sun
|inactive|helove has 15 seconds left.
|
|t:|1621887595
|switch|p2a: Sableye|Sableye-Mega, M|99/100
|move|p1a: Necrozma|Morning Sun|p1a: Necrozma
|-heal|p1a: Necrozma|63/100 brn
|
|-damage|p1a: Necrozma|57/100 brn|[from] brn
|upkeep
|turn|128
|inactive|helove has 20 seconds left this turn.
|inactive|helove has 15 seconds left.
|c|☆alwaysrinse|NDM can't heal
|
|t:|1621887603
|switch|p1a: Arceus|Arceus-Fairy|65/100 tox
|move|p2a: Sableye|Foul Play|p1a: Arceus
|-resisted|p1a: Arceus
|-crit|p1a: Arceus
|-damage|p1a: Arceus|51/100 tox
|
|-damage|p1a: Arceus|45/100 tox|[from] psn
|upkeep
|turn|129
|inactive|helove has 20 seconds left this turn.
|inactive|helove has 15 seconds left.
|inactive|helove has 10 seconds left.
|
|t:|1621887614
|switch|p1a: Ditto|Ditto|71/100
|-transform|p1a: Ditto|p2a: Sableye|[from] ability: Imposter
|switch|p2a: Lugia|Lugia|82/100 brn
|
|-damage|p2a: Lugia|75/100 brn|[from] brn
|upkeep
|turn|130
|inactive|helove has 15 seconds left this turn.
|inactive|helove has 10 seconds left.
|
|t:|1621887621
|switch|p2a: Sableye|Sableye-Mega, M|99/100
|move|p1a: Ditto|Foul Play|p2a: Sableye
|-damage|p2a: Sableye|79/100
|
|upkeep
|turn|131
|inactive|helove has 15 seconds left this turn.
|
|t:|1621887625
|move|p1a: Ditto|Foul Play|p2a: Sableye
|-damage|p2a: Sableye|60/100
|move|p2a: Sableye|Recover|p2a: Sableye
|-heal|p2a: Sableye|100/100
|
|upkeep
|turn|132
|inactive|helove has 20 seconds left this turn.
|inactive|helove has 15 seconds left.
|
|t:|1621887631
|move|p1a: Ditto|Foul Play|p2a: Sableye
|-damage|p2a: Sableye|81/100
|move|p2a: Sableye|Foul Play|p1a: Ditto
|-damage|p1a: Ditto|53/100
|
|upkeep
|turn|133
|inactive|helove has 20 seconds left this turn.
|inactive|helove has 15 seconds left.
|
|t:|1621887638
|switch|p2a: Tyranitar|Tyranitar, F|76/100 tox
|-weather|Sandstorm|[from] ability: Sand Stream|[of] p2a: Tyranitar
|move|p1a: Ditto|Foul Play|p2a: Tyranitar
|-resisted|p2a: Tyranitar
|-damage|p2a: Tyranitar|59/100 tox
|
|-weather|Sandstorm|[upkeep]
|-damage|p1a: Ditto|47/100|[from] Sandstorm
|-heal|p2a: Tyranitar|65/100 tox|[from] item: Leftovers
|-damage|p2a: Tyranitar|59/100 tox|[from] psn
|upkeep
|turn|134
|inactive|helove has 20 seconds left this turn.
|c| WTF THE STALL|если он мне попадется - он проиграет мне :)
|inactive|helove has 15 seconds left.
|
|t:|1621887646
|move|p2a: Tyranitar|Rest|p2a: Tyranitar
|-status|p2a: Tyranitar|slp|[from] move: Rest
|-heal|p2a: Tyranitar|100/100 slp|[silent]
|move|p1a: Ditto|Foul Play|p2a: Tyranitar
|-resisted|p2a: Tyranitar
|-damage|p2a: Tyranitar|85/100 slp
|
|-weather|Sandstorm|[upkeep]
|-damage|p1a: Ditto|41/100|[from] Sandstorm
|-heal|p2a: Tyranitar|91/100 slp|[from] item: Leftovers
|upkeep
|turn|135
|inactive|helove has 20 seconds left this turn.
|inactive|helove has 15 seconds left.
|inactive|helove has 10 seconds left.
|
|t:|1621887660
|switch|p1a: Arceus|Arceus-Fairy|45/100 tox
|cant|p2a: Tyranitar|slp
|
|-weather|Sandstorm|[upkeep]
|-damage|p1a: Arceus|39/100 tox|[from] Sandstorm
|-heal|p2a: Tyranitar|98/100 slp|[from] item: Leftovers
|-damage|p1a: Arceus|32/100 tox|[from] psn
|upkeep
|turn|136
|inactive|helove has 15 seconds left this turn.
|inactive|helove has 10 seconds left.
|
|t:|1621887668
|switch|p2a: Lugia|Lugia|75/100 brn
|move|p1a: Arceus|Recover|p1a: Arceus
|-heal|p1a: Arceus|82/100 tox
|
|-weather|Sandstorm|[upkeep]
|-damage|p1a: Arceus|76/100 tox|[from] Sandstorm
|-damage|p2a: Lugia|69/100 brn|[from] Sandstorm
|-damage|p1a: Arceus|64/100 tox|[from] psn
|-damage|p2a: Lugia|63/100 brn|[from] brn
|upkeep
|turn|137
|inactive|helove has 15 seconds left this turn.
|inactive|helove has 10 seconds left.
|
|t:|1621887675
|switch|p1a: Necrozma|Necrozma-Dusk-Mane|57/100 brn
|move|p2a: Lugia|Roost|p2a: Lugia
|-heal|p2a: Lugia|100/100 brn
|-singleturn|p2a: Lugia|move: Roost
|
|-weather|none
|-damage|p2a: Lugia|94/100 brn|[from] brn
|-damage|p1a: Necrozma|50/100 brn|[from] brn
|upkeep
|turn|138
|inactive|helove has 15 seconds left this turn.
|inactive|helove has 10 seconds left.
|
|t:|1621887682
|switch|p2a: Sableye|Sableye-Mega, M|81/100
|switch|p1a: Ditto|Ditto|41/100
|-transform|p1a: Ditto|p2a: Sableye|[from] ability: Imposter
|
|upkeep
|turn|139
|inactive|helove has 15 seconds left this turn.
|l| N Tader
|c|☆alwaysrinse|NDM lose
|
|t:|1621887688
|move|p1a: Ditto|Recover|p1a: Ditto
|-heal|p1a: Ditto|91/100
|move|p2a: Sableye|Foul Play|p1a: Ditto
|-damage|p1a: Ditto|69/100
|
|upkeep
|turn|140
|inactive|helove has 20 seconds left this turn.
|inactive|helove has 15 seconds left.
|
|t:|1621887697
|switch|p2a: Tyranitar|Tyranitar, F|98/100 slp
|-weather|Sandstorm|[from] ability: Sand Stream|[of] p2a: Tyranitar
|move|p1a: Ditto|Recover|p1a: Ditto
|-heal|p1a: Ditto|100/100
|
|-weather|Sandstorm|[upkeep]
|-damage|p1a: Ditto|94/100|[from] Sandstorm
|-heal|p2a: Tyranitar|100/100 slp|[from] item: Leftovers
|upkeep
|turn|141
|inactive|helove has 20 seconds left this turn.
|inactive|helove has 15 seconds left.
|inactive|helove has 10 seconds left.
|
|t:|1621887708
|switch|p1a: Arceus|Arceus-Fairy|64/100 tox
|cant|p2a: Tyranitar|slp
|
|-weather|Sandstorm|[upkeep]
|-damage|p1a: Arceus|58/100 tox|[from] Sandstorm
|-damage|p1a: Arceus|52/100 tox|[from] psn
|upkeep
|turn|142
|inactive|helove has 15 seconds left this turn.
|
|t:|1621887712
|move|p1a: Arceus|Judgment|p2a: Tyranitar
|-supereffective|p2a: Tyranitar
|-damage|p2a: Tyranitar|60/100 slp
|-curestatus|p2a: Tyranitar|slp|[msg]
|move|p2a: Tyranitar|Stealth Rock|p1a: Arceus
|-sidestart|p1: helove|move: Stealth Rock
|
|-weather|Sandstorm|[upkeep]
|-damage|p1a: Arceus|46/100 tox|[from] Sandstorm
|-heal|p2a: Tyranitar|66/100|[from] item: Leftovers
|-damage|p1a: Arceus|34/100 tox|[from] psn
|upkeep
|turn|143
|inactive|helove has 20 seconds left this turn.
|inactive|helove has 15 seconds left.
|inactive|helove has 10 seconds left.
|
|t:|1621887723
|move|p1a: Arceus|Recover|p1a: Arceus
|-heal|p1a: Arceus|84/100 tox
|move|p2a: Tyranitar|Rest|p2a: Tyranitar
|-status|p2a: Tyranitar|slp|[from] move: Rest
|-heal|p2a: Tyranitar|100/100 slp|[silent]
|
|-weather|Sandstorm|[upkeep]
|-damage|p1a: Arceus|78/100 tox|[from] Sandstorm
|-damage|p1a: Arceus|60/100 tox|[from] psn
|upkeep
|turn|144
|inactive|helove has 15 seconds left this turn.
|
|t:|1621887731
|switch|p1a: Ditto|Ditto|94/100
|-damage|p1a: Ditto|82/100|[from] Stealth Rock
|-transform|p1a: Ditto|p2a: Tyranitar|[from] ability: Imposter
|switch|p2a: Lugia|Lugia|94/100 brn
|
|-weather|none
|-damage|p2a: Lugia|88/100 brn|[from] brn
|upkeep
|turn|145
|inactive|helove has 20 seconds left this turn.
|inactive|helove has 15 seconds left.
|inactive|helove has 10 seconds left.
|
|t:|1621887743
|-activate|p2a: Lugia|move: Pursuit
|move|p1a: Ditto|Pursuit|p2a: Lugia|[from]Pursuit
|-supereffective|p2a: Lugia
|-damage|p2a: Lugia|50/100 brn
|switch|p2a: Sableye|Sableye-Mega, M|81/100
|
|upkeep
|turn|146
|inactive|helove has 15 seconds left this turn.
|c|☆alwaysrinse|ditto play games
|inactive|helove has 10 seconds left.
|
|t:|1621887751
|switch|p1a: Arceus|Arceus-Fairy|60/100 tox
|-damage|p1a: Arceus|47/100 tox|[from] Stealth Rock
|move|p2a: Sableye|Will-O-Wisp||[still]
|-fail|p2a: Sableye
|
|-damage|p1a: Arceus|41/100 tox|[from] psn
|upkeep
|turn|147
|inactive|helove has 15 seconds left this turn.
|
|t:|1621887756
|switch|p2a: Lugia|Lugia|50/100 brn
|move|p1a: Arceus|Recover|p1a: Arceus
|-heal|p1a: Arceus|91/100 tox
|
|-damage|p1a: Arceus|79/100 tox|[from] psn
|-damage|p2a: Lugia|44/100 brn|[from] brn
|upkeep
|turn|148
|inactive|helove has 20 seconds left this turn.
|
|t:|1621887760
|switch|p1a: Ho-Oh|Ho-Oh|100/100
|move|p2a: Lugia|Roost|p2a: Lugia
|-heal|p2a: Lugia|94/100 brn
|-singleturn|p2a: Lugia|move: Roost
|
|-damage|p2a: Lugia|88/100 brn|[from] brn
|upkeep
|turn|149
|inactive|helove has 25 seconds left this turn.
|inactive|helove has 20 seconds left.
|inactive|helove has 15 seconds left.
|
|t:|1621887771
|switch|p2a: Giratina|Giratina|100/100 slp
|-ability|p2a: Giratina|Pressure
|move|p1a: Ho-Oh|Defog|p2a: Giratina
|-unboost|p2a: Giratina|evasion|1
|-sideend|p1: helove|Stealth Rock|[from] move: Defog|[of] p1a: Ho-Oh
|
|upkeep
|turn|150
|inactive|helove has 20 seconds left this turn.
|inactive|helove has 15 seconds left.
|
|t:|1621887777
|switch|p1a: Arceus|Arceus-Fairy|79/100 tox
|switch|p2a: Tyranitar|Tyranitar, F|100/100 slp
|-weather|Sandstorm|[from] ability: Sand Stream|[of] p2a: Tyranitar
|
|-weather|Sandstorm|[upkeep]
|-damage|p1a: Arceus|73/100 tox|[from] Sandstorm
|-damage|p1a: Arceus|67/100 tox|[from] psn
|upkeep
|turn|151
|inactive|helove has 20 seconds left this turn.
|inactive|helove has 15 seconds left.
|
|t:|1621887784
|switch|p2a: Lugia|Lugia|88/100 brn
|move|p1a: Arceus|Judgment|p2a: Lugia
|-damage|p2a: Lugia|62/100 brn
|
|-weather|Sandstorm|[upkeep]
|-damage|p1a: Arceus|61/100 tox|[from] Sandstorm
|-damage|p2a: Lugia|56/100 brn|[from] Sandstorm
|-damage|p1a: Arceus|48/100 tox|[from] psn
|-damage|p2a: Lugia|50/100 brn|[from] brn
|upkeep
|turn|152
|inactive|helove has 20 seconds left this turn.
|inactive|helove has 15 seconds left.
|
|t:|1621887791
|switch|p1a: Ho-Oh|Ho-Oh|100/100
|move|p2a: Lugia|Roost|p2a: Lugia
|-heal|p2a: Lugia|99/100 brn
|-singleturn|p2a: Lugia|move: Roost
|
|-weather|Sandstorm|[upkeep]
|-damage|p2a: Lugia|93/100 brn|[from] Sandstorm
|-damage|p1a: Ho-Oh|94/100|[from] Sandstorm
|-damage|p2a: Lugia|87/100 brn|[from] brn
|upkeep
|turn|153
|inactive|helove has 20 seconds left this turn.
|l| Omega7321
|inactive|helove has 15 seconds left.
|c|☆alwaysrinse|sleep
|
|t:|1621887800
|switch|p2a: Tyranitar|Tyranitar, F|100/100 slp
|move|p1a: Ho-Oh|Sacred Fire|p2a: Tyranitar
|-resisted|p2a: Tyranitar
|-crit|p2a: Tyranitar
|-damage|p2a: Tyranitar|74/100 slp
|
|-weather|Sandstorm|[upkeep]
|-damage|p1a: Ho-Oh|88/100|[from] Sandstorm
|-heal|p2a: Tyranitar|80/100 slp|[from] item: Leftovers
|upkeep
|turn|154
|inactive|helove has 20 seconds left this turn.
|inactive|helove has 15 seconds left.
|inactive|helove has 10 seconds left.
|
|t:|1621887810
|switch|p1a: Arceus|Arceus-Fairy|48/100 tox
|cant|p2a: Tyranitar|slp
|
|-weather|none
|-heal|p2a: Tyranitar|87/100 slp|[from] item: Leftovers
|-damage|p1a: Arceus|42/100 tox|[from] psn
|upkeep
|turn|155
|inactive|helove has 15 seconds left this turn.
|inactive|helove has 10 seconds left.
|
|t:|1621887816
|switch|p1a: Ditto|Ditto|82/100
|-transform|p1a: Ditto|p2a: Tyranitar|[from] ability: Imposter
|-weather|Sandstorm|[from] ability: Sand Stream|[of] p1a: Ditto
|switch|p2a: Lugia|Lugia|87/100 brn
|
|-weather|Sandstorm|[upkeep]
|-damage|p2a: Lugia|81/100 brn|[from] Sandstorm
|-damage|p2a: Lugia|75/100 brn|[from] brn
|upkeep
|turn|156
|inactive|helove has 15 seconds left this turn.
|inactive|helove has 10 seconds left.
|
|t:|1621887823
|-activate|p2a: Lugia|move: Pursuit
|move|p1a: Ditto|Pursuit|p2a: Lugia|[from]Pursuit
|-supereffective|p2a: Lugia
|-damage|p2a: Lugia|41/100 brn
|switch|p2a: Sableye|Sableye-Mega, M|81/100
|
|-weather|Sandstorm|[upkeep]
|-damage|p2a: Sableye|75/100|[from] Sandstorm
|upkeep
|turn|157
|inactive|helove has 15 seconds left this turn.
|inactive|helove has 10 seconds left.
|
|t:|1621887829
|switch|p1a: Arceus|Arceus-Fairy|42/100 tox
|move|p2a: Sableye|Will-O-Wisp||[still]
|-fail|p2a: Sableye
|
|-weather|Sandstorm|[upkeep]
|-damage|p1a: Arceus|36/100 tox|[from] Sandstorm
|-damage|p2a: Sableye|69/100|[from] Sandstorm
|-damage|p1a: Arceus|30/100 tox|[from] psn
|upkeep
|turn|158
|inactive|helove has 15 seconds left this turn.
|inactive|helove has 10 seconds left.
|
|t:|1621887838
|switch|p1a: Ho-Oh|Ho-Oh|100/100
|switch|p2a: Lugia|Lugia|41/100 brn
|
|-weather|Sandstorm|[upkeep]
|-damage|p2a: Lugia|35/100 brn|[from] Sandstorm
|-damage|p1a: Ho-Oh|94/100|[from] Sandstorm
|-damage|p2a: Lugia|29/100 brn|[from] brn
|upkeep
|turn|159
|inactive|helove has 15 seconds left this turn.
|
|t:|1621887842
|move|p2a: Lugia|Roost|p2a: Lugia
|-heal|p2a: Lugia|79/100 brn
|-singleturn|p2a: Lugia|move: Roost
|move|p1a: Ho-Oh|Sacred Fire|p2a: Lugia
|-damage|p2a: Lugia|58/100 brn
|
|-weather|none
|-damage|p2a: Lugia|51/100 brn|[from] brn
|upkeep
|turn|160
|inactive|helove has 20 seconds left this turn.
|
|t:|1621887847
|move|p2a: Lugia|Roost|p2a: Lugia
|-heal|p2a: Lugia|100/100 brn
|-singleturn|p2a: Lugia|move: Roost
|move|p1a: Ho-Oh|Sacred Fire|p2a: Lugia
|-damage|p2a: Lugia|89/100 brn
|
|-damage|p2a: Lugia|83/100 brn|[from] brn
|upkeep
|turn|161
|inactive|helove has 25 seconds left this turn.
|
|t:|1621887851
|switch|p2a: Tyranitar|Tyranitar, F|87/100 slp
|-weather|Sandstorm|[from] ability: Sand Stream|[of] p2a: Tyranitar
|switch|p1a: Necrozma|Necrozma-Dusk-Mane|50/100 brn
|
|-weather|Sandstorm|[upkeep]
|-heal|p2a: Tyranitar|93/100 slp|[from] item: Leftovers
|-damage|p1a: Necrozma|44/100 brn|[from] brn
|upkeep
|turn|162
|inactive|helove has 30 seconds left this turn.
|
|t:|1621887855
|switch|p2a: Sableye|Sableye-Mega, M|69/100
|move|p1a: Necrozma|Sunsteel Strike|p2a: Sableye
|-damage|p2a: Sableye|52/100
|
|-weather|Sandstorm|[upkeep]
|-damage|p2a: Sableye|46/100|[from] Sandstorm
|-damage|p1a: Necrozma|38/100 brn|[from] brn
|upkeep
|turn|163
|
|t:|1621887859
|switch|p1a: Ditto|Ditto|82/100
|-transform|p1a: Ditto|p2a: Sableye|[from] ability: Imposter
|move|p2a: Sableye|Recover|p2a: Sableye
|-heal|p2a: Sableye|96/100
|
|-weather|Sandstorm|[upkeep]
|-damage|p1a: Ditto|76/100|[from] Sandstorm
|-damage|p2a: Sableye|90/100|[from] Sandstorm
|upkeep
|turn|164
|
|t:|1621887868
|switch|p2a: Tyranitar|Tyranitar, F|93/100 slp
|move|p1a: Ditto|Foul Play|p2a: Tyranitar
|-resisted|p2a: Tyranitar
|-damage|p2a: Tyranitar|77/100 slp
|
|-weather|Sandstorm|[upkeep]
|-damage|p1a: Ditto|70/100|[from] Sandstorm
|-heal|p2a: Tyranitar|83/100 slp|[from] item: Leftovers
|upkeep
|turn|165
|
|t:|1621887873
|cant|p2a: Tyranitar|slp
|move|p1a: Ditto|Foul Play|p2a: Tyranitar
|-resisted|p2a: Tyranitar
|-damage|p2a: Tyranitar|66/100 slp
|
|-weather|none
|-heal|p2a: Tyranitar|73/100 slp|[from] item: Leftovers
|upkeep
|turn|166
|
|t:|1621887876
|-curestatus|p2a: Tyranitar|slp|[msg]
|move|p2a: Tyranitar|Rock Tomb|p1a: Ditto|[miss]
|-miss|p2a: Tyranitar|p1a: Ditto
|move|p1a: Ditto|Foul Play|p2a: Tyranitar
|-resisted|p2a: Tyranitar
|-damage|p2a: Tyranitar|57/100
|
|-heal|p2a: Tyranitar|63/100|[from] item: Leftovers
|upkeep
|turn|167
|
|t:|1621887884
|move|p2a: Tyranitar|Rock Tomb|p1a: Ditto
|-damage|p1a: Ditto|50/100
|-unboost|p1a: Ditto|spe|1
|move|p1a: Ditto|Foul Play|p2a: Tyranitar
|-resisted|p2a: Tyranitar
|-damage|p2a: Tyranitar|47/100
|
|-heal|p2a: Tyranitar|53/100|[from] item: Leftovers
|upkeep
|turn|168
|
|t:|1621887891
|switch|p1a: Ho-Oh|Ho-Oh|100/100
|move|p2a: Tyranitar|Rock Tomb|p1a: Ho-Oh
|-supereffective|p1a: Ho-Oh
|-damage|p1a: Ho-Oh|2/100
|-unboost|p1a: Ho-Oh|spe|1
|
|-heal|p2a: Tyranitar|59/100|[from] item: Leftovers
|upkeep
|turn|169
|c| WTF THE STALL|зач впустую время тратишь?
|
|t:|1621887899
|switch|p1a: Ditto|Ditto|50/100
|-transform|p1a: Ditto|p2a: Tyranitar|[from] ability: Imposter
|-weather|Sandstorm|[from] ability: Sand Stream|[of] p1a: Ditto
|move|p2a: Tyranitar|Rock Tomb|p1a: Ditto
|-damage|p1a: Ditto|20/100
|-unboost|p1a: Ditto|spe|1
|
|-weather|Sandstorm|[upkeep]
|-heal|p2a: Tyranitar|65/100|[from] item: Leftovers
|upkeep
|turn|170
|c| WTF THE STALL|все равно не выиграешь
|
|t:|1621887909
|move|p2a: Tyranitar|Rock Tomb|p1a: Ditto
|-damage|p1a: Ditto|0 fnt
|faint|p1a: Ditto
|
|-weather|Sandstorm|[upkeep]
|-heal|p2a: Tyranitar|71/100|[from] item: Leftovers
|upkeep
|c|☆helove|просто если он взял стал
|c|☆helove|пусть ебашит
|c|☆helove|до коцна
|c|☆helove|мразь
|
|t:|1621887925
|switch|p1a: Ho-Oh|Ho-Oh|36/100
|turn|171
|
|t:|1621887932
|switch|p1a: Necrozma|Necrozma-Dusk-Mane|38/100 brn
|move|p2a: Tyranitar|Rock Tomb|p1a: Necrozma
|-resisted|p1a: Necrozma
|-damage|p1a: Necrozma|31/100 brn
|-unboost|p1a: Necrozma|spe|1
|
|-weather|Sandstorm|[upkeep]
|-heal|p2a: Tyranitar|77/100|[from] item: Leftovers
|-damage|p1a: Necrozma|25/100 brn|[from] brn
|upkeep
|turn|172
|
|t:|1621887945
|switch|p2a: Sableye|Sableye-Mega, M|90/100
|move|p1a: Necrozma|Sunsteel Strike|p2a: Sableye
|-damage|p2a: Sableye|72/100
|
|-weather|Sandstorm|[upkeep]
|-damage|p2a: Sableye|66/100|[from] Sandstorm
|-damage|p1a: Necrozma|19/100 brn|[from] brn
|upkeep
|turn|173
|c|☆alwaysrinse|lol
|
|t:|1621887955
|move|p1a: Necrozma|Sunsteel Strike|p2a: Sableye
|-damage|p2a: Sableye|49/100
|move|p2a: Sableye|Recover|p2a: Sableye
|-heal|p2a: Sableye|99/100
|
|-weather|none
|-damage|p1a: Necrozma|13/100 brn|[from] brn
|upkeep
|turn|174
|inactive|helove has 30 seconds left.
|c|☆alwaysrinse|this is the end
|
|t:|1621887967
|switch|p1a: Ho-Oh|Ho-Oh|69/100
|move|p2a: Sableye|Foul Play|p1a: Ho-Oh
|-damage|p1a: Ho-Oh|32/100
|
|upkeep
|turn|175
|inactive|helove has 30 seconds left.
|c| Mak the ZekLord|://
|c|☆helove|if u chose stall
|c|☆helove|play
|inactive|helove has 20 seconds left.
|
|t:|1621887985
|switch|p1a: Arceus|Arceus-Fairy|30/100 tox
|switch|p2a: Tyranitar|Tyranitar, F|77/100
|-weather|Sandstorm|[from] ability: Sand Stream|[of] p2a: Tyranitar
|
|-weather|Sandstorm|[upkeep]
|-damage|p1a: Arceus|24/100 tox|[from] Sandstorm
|-heal|p2a: Tyranitar|84/100|[from] item: Leftovers
|-damage|p1a: Arceus|18/100 tox|[from] psn
|upkeep
|turn|176
|inactive|helove has 25 seconds left this turn.
|inactive|helove has 20 seconds left.
|inactive|helove has 15 seconds left.
|inactive|helove has 10 seconds left.
|
|t:|1621888001
|move|p1a: Arceus|Judgment|p2a: Tyranitar
|-supereffective|p2a: Tyranitar
|-damage|p2a: Tyranitar|45/100
|move|p2a: Tyranitar|Rock Tomb|p1a: Arceus
|-damage|p1a: Arceus|2/100 tox
|-unboost|p1a: Arceus|spe|1
|
|-weather|Sandstorm|[upkeep]
|-damage|p1a: Arceus|0 fnt|[from] Sandstorm
|faint|p1a: Arceus
|-heal|p2a: Tyranitar|51/100|[from] item: Leftovers
|upkeep
|inactive|helove has 15 seconds left this turn.
|
|t:|1621888005
|switch|p1a: Necrozma|Necrozma-Dusk-Mane|13/100 brn
|turn|177
|inactive|helove has 20 seconds left this turn.
|
|t:|1621888009
|switch|p2a: Sableye|Sableye-Mega, M|99/100
|move|p1a: Necrozma|Sunsteel Strike|p2a: Sableye
|-damage|p2a: Sableye|82/100
|
|-weather|Sandstorm|[upkeep]
|-damage|p2a: Sableye|76/100|[from] Sandstorm
|-damage|p1a: Necrozma|7/100 brn|[from] brn
|upkeep
|turn|178
|inactive|helove has 25 seconds left this turn.
|
|t:|1621888013
|switch|p1a: Ho-Oh|Ho-Oh|65/100
|move|p2a: Sableye|Recover|p2a: Sableye
|-heal|p2a: Sableye|100/100
|
|-weather|Sandstorm|[upkeep]
|-damage|p1a: Ho-Oh|59/100|[from] Sandstorm
|-damage|p2a: Sableye|94/100|[from] Sandstorm
|upkeep
|turn|179
|inactive|helove has 30 seconds left this turn.
|
|t:|1621888019
|switch|p2a: Tyranitar|Tyranitar, F|51/100
|move|p1a: Ho-Oh|Whirlwind|p2a: Tyranitar
|drag|p2a: Sableye|Sableye-Mega, M|94/100
|
|-weather|none
|upkeep
|turn|180
|inactive|helove has 30 seconds left.
|
|t:|1621888026
|switch|p2a: Tyranitar|Tyranitar, F|51/100
|-weather|Sandstorm|[from] ability: Sand Stream|[of] p2a: Tyranitar
|move|p1a: Ho-Oh|Sacred Fire|p2a: Tyranitar
|-resisted|p2a: Tyranitar
|-damage|p2a: Tyranitar|33/100
|
|-weather|Sandstorm|[upkeep]
|-damage|p1a: Ho-Oh|52/100|[from] Sandstorm
|-heal|p2a: Tyranitar|39/100|[from] item: Leftovers
|upkeep
|turn|181
|inactive|helove has 30 seconds left.
|
|t:|1621888033
|move|p1a: Ho-Oh|Sacred Fire|p2a: Tyranitar
|-resisted|p2a: Tyranitar
|-damage|p2a: Tyranitar|23/100
|move|p2a: Tyranitar|Stealth Rock|p1a: Ho-Oh
|-sidestart|p1: helove|move: Stealth Rock
|
|-weather|Sandstorm|[upkeep]
|-damage|p1a: Ho-Oh|46/100|[from] Sandstorm
|-heal|p2a: Tyranitar|29/100|[from] item: Leftovers
|upkeep
|turn|182
|inactive|helove has 30 seconds left.
|
|t:|1621888040
|move|p1a: Ho-Oh|Toxic|p2a: Tyranitar
|-status|p2a: Tyranitar|tox
|move|p2a: Tyranitar|Rest|p2a: Tyranitar
|-status|p2a: Tyranitar|slp|[from] move: Rest
|-heal|p2a: Tyranitar|100/100 slp|[silent]
|
|-weather|Sandstorm|[upkeep]
|-damage|p1a: Ho-Oh|40/100|[from] Sandstorm
|upkeep
|turn|183
|
|t:|1621888044
|cant|p2a: Tyranitar|slp
|move|p1a: Ho-Oh|Whirlwind|p2a: Tyranitar
|drag|p2a: Sableye|Sableye-Mega, M|94/100
|
|-weather|Sandstorm|[upkeep]
|-damage|p1a: Ho-Oh|34/100|[from] Sandstorm
|-damage|p2a: Sableye|88/100|[from] Sandstorm
|upkeep
|turn|184
|
|t:|1621888048
|switch|p2a: Tyranitar|Tyranitar, F|100/100 slp
|move|p1a: Ho-Oh|Defog|p2a: Tyranitar
|-unboost|p2a: Tyranitar|evasion|1
|-sideend|p1: helove|Stealth Rock|[from] move: Defog|[of] p1a: Ho-Oh
|
|-weather|none
|upkeep
|turn|185
|
|t:|1621888053
|cant|p2a: Tyranitar|slp
|move|p1a: Ho-Oh|Whirlwind|p2a: Tyranitar
|drag|p2a: Giratina|Giratina|100/100 slp
|-ability|p2a: Giratina|Pressure
|
|upkeep
|turn|186
|
|t:|1621888066
|switch|p1a: Necrozma|Necrozma-Dusk-Mane|7/100 brn
|switch|p2a: Sableye|Sableye-Mega, M|88/100
|
|-damage|p1a: Necrozma|1/100 brn|[from] brn
|upkeep
|turn|187
|
|t:|1621888076
|switch|p1a: Ho-Oh|Ho-Oh|67/100
|move|p2a: Sableye|Foul Play|p1a: Ho-Oh
|-damage|p1a: Ho-Oh|32/100
|
|upkeep
|turn|188
|
|t:|1621888082
|switch|p1a: Necrozma|Necrozma-Dusk-Mane|1/100 brn
|move|p2a: Sableye|Foul Play|p1a: Necrozma
|-supereffective|p1a: Necrozma
|-damage|p1a: Necrozma|0 fnt
|-damage|p2a: Sableye|72/100|[from] item: Rocky Helmet|[of] p1a: Necrozma
|faint|p1a: Necrozma
|
|upkeep
|
|t:|1621888088
|switch|p1a: Ho-Oh|Ho-Oh|65/100
|turn|189
|
|t:|1621888093
|move|p2a: Sableye|Recover|p2a: Sableye
|-heal|p2a: Sableye|100/100
|move|p1a: Ho-Oh|Whirlwind|p2a: Sableye
|move|p2a: Sableye|Whirlwind||[from]ability: Magic Bounce|[still]
|-fail|p2a: Sableye
|
|upkeep
|turn|190
|
|t:|1621888102
|switch|p2a: Quagsire|Quagsire, M|100/100
|move|p1a: Ho-Oh|Toxic|p2a: Quagsire
|-status|p2a: Quagsire|tox
|
|-damage|p2a: Quagsire|94/100 tox|[from] psn
|upkeep
|turn|191
|
|t:|1621888109
|move|p1a: Ho-Oh|Defog|p2a: Quagsire
|-unboost|p2a: Quagsire|evasion|1
|move|p2a: Quagsire|Toxic|p1a: Ho-Oh
|-status|p1a: Ho-Oh|tox
|
|-heal|p2a: Quagsire|100/100 tox|[from] item: Leftovers
|-damage|p1a: Ho-Oh|59/100 tox|[from] psn
|-damage|p2a: Quagsire|88/100 tox|[from] psn
|upkeep
|turn|192
|
|t:|1621888119
|switch|p2a: Lugia|Lugia|83/100 brn
|move|p1a: Ho-Oh|Whirlwind|p2a: Lugia
|drag|p2a: Giratina|Giratina|100/100 slp
|-ability|p2a: Giratina|Pressure
|
|-damage|p1a: Ho-Oh|47/100 tox|[from] psn
|upkeep
|turn|193
|
|t:|1621888127
|cant|p2a: Giratina|slp
|move|p1a: Ho-Oh|Whirlwind|p2a: Giratina
|drag|p2a: Lugia|Lugia|83/100 brn
|
|-damage|p1a: Ho-Oh|28/100 tox|[from] psn
|-damage|p2a: Lugia|76/100 brn|[from] brn
|upkeep
|turn|194
|
|t:|1621888133
|switch|p2a: Giratina|Giratina|100/100 slp
|-ability|p2a: Giratina|Pressure
|move|p1a: Ho-Oh|Whirlwind|p2a: Giratina
|drag|p2a: Sableye|Sableye-Mega, M|100/100
|
|-damage|p1a: Ho-Oh|3/100 tox|[from] psn
|upkeep
|turn|195
|
|t:|1621888141
|switch|p2a: Quagsire|Quagsire, M|88/100 tox
|move|p1a: Ho-Oh|Toxic|p2a: Quagsire
|-fail|p2a: Quagsire|tox
|
|-heal|p2a: Quagsire|94/100 tox|[from] item: Leftovers
|-damage|p1a: Ho-Oh|0 fnt|[from] psn
|faint|p1a: Ho-Oh
|
|win|alwaysrinse
|upkeep
|raw|helove's rating: 1773 &rarr; <strong>1760</strong><br />(-13 for losing)
|raw|alwaysrinse's rating: 1903 &rarr; <strong>1916</strong><br />(+13 for winning)
|c|☆alwaysrinse|gg
|l|☆alwaysrinse
|c|☆helove|ему пиздец как повезло
|c|☆helove|тиран 2 хп остался блять
||Ladder isn't responding, score probably updated but might not have (Request timeout).
|c|☆helove|так бы щас сосал хуйца
|c|☆helove|а я бы на 1800 сидел уже
