|j|☆MrSusAndFundies
|j|☆Booooty Bandit
|t:|1637009748
|gametype|singles
|player|p1|MrSusAndFundies|steven|1306
|player|p2|Booooty Bandit|ethan|1445
|teamsize|p1|6
|teamsize|p2|6
|gen|8
|tier|[Gen 8] National Dex AG
|rated|
|rule|HP Percentage Mod: HP is shown in percentages
|rule|Endless Battle Clause: Forcing endless battles is banned
|clearpoke
|poke|p1|Heatran, M|
|poke|p1|Scizor, M|
|poke|p1|Toxapex, M|
|poke|p1|Volcarona, M|
|poke|p1|Victini|
|poke|p1|Landorus-Therian, M|
|poke|p2|Zacian-*|
|poke|p2|Marshadow|
|poke|p2|Forretress, F|
|poke|p2|Serperior, M|
|poke|p2|Bisharp, M|
|poke|p2|Gengar, M|
|teampreview
|inactive|Battle timer is ON: inactive players will automatically lose when time's up. (requested by MrSusAndFundies)
|
|t:|1637009756
|start
|switch|p1a: Heatran|Heatran, M|100/100
|switch|p2a: Forretress|Forretress, F|100/100
|turn|1
|
|t:|1637009761
|move|p1a: Heatran|Taunt|p2a: Forretress
|-start|p2a: Forretress|move: Taunt
|cant|p2a: Forretress|move: Taunt|Stealth Rock
|
|upkeep
|turn|2
|
|t:|1637009766
|switch|p2a: Gengar|Gengar, M|100/100
|move|p1a: Heatran|Magma Storm|p2a: Gengar|[miss]
|-miss|p1a: Heatran|p2a: Gengar
|
|upkeep
|turn|3
|
|t:|1637009771
|detailschange|p2a: Gengar|Gengar-Mega, M
|-mega|p2a: Gengar|Gengar|Gengarite
|move|p2a: Gengar|Shadow Ball|p1a: Heatran
|-damage|p1a: Heatran|69/100
|move|p1a: Heatran|Earth Power|p2a: Gengar
|-supereffective|p2a: Gengar
|-damage|p2a: Gengar|25/100
|
|-heal|p1a: Heatran|75/100|[from] item: Leftovers
|upkeep
|turn|4
|
|t:|1637009779
|move|p2a: Gengar|Shadow Ball|p1a: Heatran
|-damage|p1a: Heatran|42/100
|-unboost|p1a: Heatran|spd|1
|move|p1a: Heatran|Earth Power|p2a: Gengar
|-supereffective|p2a: Gengar
|-damage|p2a: Gengar|0 fnt
|faint|p2a: Gengar
|
|-heal|p1a: Heatran|48/100|[from] item: Leftovers
|upkeep
|
|t:|1637009789
|switch|p2a: Bisharp|Bisharp, M|100/100
|turn|5
|
|t:|1637009794
|move|p1a: Heatran|Magma Storm|p2a: Bisharp|[miss]
|-miss|p1a: Heatran|p2a: Bisharp
|move|p2a: Bisharp|Knock Off|p1a: Heatran
|-damage|p1a: Heatran|0 fnt
|-enditem|p1a: Heatran|Leftovers|[from] move: Knock Off|[of] p2a: Bisharp
|faint|p1a: Heatran
|
|upkeep
|
|t:|1637009800
|switch|p1a: Victini|Victini|100/100
|turn|6
|
|t:|1637009805
|-zpower|p1a: Victini
|move|p1a: Victini|Z-Celebrate|p1a: Victini|[anim]Celebrate
|-boost|p1a: Victini|atk|1|[zeffect]
|-boost|p1a: Victini|def|1|[zeffect]
|-boost|p1a: Victini|spa|1|[zeffect]
|-boost|p1a: Victini|spd|1|[zeffect]
|-boost|p1a: Victini|spe|1|[zeffect]
|-activate|p1a: Victini|move: Celebrate
|move|p2a: Bisharp|Knock Off|p1a: Victini
|-supereffective|p1a: Victini
|-damage|p1a: Victini|56/100
|
|upkeep
|turn|7
|
|t:|1637009817
|move|p1a: Victini|Fire Blast|p2a: Bisharp
|-supereffective|p2a: Bisharp
|-enditem|p2a: Bisharp|Focus Sash
|-damage|p2a: Bisharp|1/100
|move|p2a: Bisharp|Swords Dance|p2a: Bisharp
|-boost|p2a: Bisharp|atk|2
|
|upkeep
|turn|8
|
|t:|1637009826
|move|p2a: Bisharp|Sucker Punch|p1a: Victini
|-supereffective|p1a: Victini
|-damage|p1a: Victini|0 fnt
|faint|p1a: Victini
|
|upkeep
|
|t:|1637009830
|switch|p1a: Scizor|Scizor, M|100/100
|turn|9
|
|t:|1637009837
|detailschange|p1a: Scizor|Scizor-Mega, M
|-mega|p1a: Scizor|Scizor|Scizorite
|move|p2a: Bisharp|Sucker Punch||[still]
|-fail|p2a: Bisharp
|move|p1a: Scizor|Swords Dance|p1a: Scizor
|-boost|p1a: Scizor|atk|2
|
|upkeep
|turn|10
|
|t:|1637009843
|move|p1a: Scizor|Bullet Punch|p2a: Bisharp
|-resisted|p2a: Bisharp
|-damage|p2a: Bisharp|0 fnt
|faint|p2a: Bisharp
|
|upkeep
|
|t:|1637009848
|switch|p2a: Forretress|Forretress, F|100/100
|turn|11
|
|t:|1637009852
|move|p1a: Scizor|Dual Wingbeat|p2a: Forretress
|-damage|p2a: Forretress|66/100
|-damage|p2a: Forretress|29/100
|-hitcount|p2a: Forretress|2
|move|p2a: Forretress|Stealth Rock|p1a: Scizor
|-sidestart|p1: MrSusAndFundies|move: Stealth Rock
|
|upkeep
|turn|12
|
|t:|1637009858
|move|p1a: Scizor|U-turn|p2a: Forretress
|-resisted|p2a: Forretress
|-damage|p2a: Forretress|0 fnt
|faint|p2a: Forretress
|
|t:|1637009865
|switch|p1a: Landorus|Landorus-Therian, M|100/100|[from]move: U-turn
|-damage|p1a: Landorus|88/100|[from] Stealth Rock
|
|upkeep
|
|t:|1637009870
|switch|p2a: Serperior|Serperior, M|100/100
|turn|13
|
|t:|1637009873
|move|p2a: Serperior|Leaf Storm|p1a: Landorus
|-damage|p1a: Landorus|24/100
|-boost|p2a: Serperior|spa|2
|move|p1a: Landorus|U-turn|p2a: Serperior
|-supereffective|p2a: Serperior
|-crit|p2a: Serperior
|-enditem|p2a: Serperior|Focus Sash
|-damage|p2a: Serperior|1/100
|-damage|p1a: Landorus|14/100|[from] item: Life Orb
|
|t:|1637009877
|switch|p1a: Scizor|Scizor-Mega, M|100/100|[from]move: U-turn
|-damage|p1a: Scizor|88/100|[from] Stealth Rock
|
|upkeep
|turn|14
|
|t:|1637009885
|move|p1a: Scizor|Bullet Punch|p2a: Serperior
|-damage|p2a: Serperior|0 fnt
|faint|p2a: Serperior
|
|upkeep
|
|t:|1637009892
|switch|p2a: Zacian|Zacian-Crowned|100/100
|-ability|p2a: Zacian|Intrepid Sword|boost
|-boost|p2a: Zacian|atk|1
|turn|15
|
|t:|1637009896
|move|p1a: Scizor|Bullet Punch|p2a: Zacian
|-damage|p2a: Zacian|66/100
|move|p2a: Zacian|Close Combat|p1a: Scizor
|-damage|p1a: Scizor|30/100
|-unboost|p2a: Zacian|def|1
|-unboost|p2a: Zacian|spd|1
|
|upkeep
|turn|16
|
|t:|1637009903
|move|p1a: Scizor|Bullet Punch|p2a: Zacian
|-damage|p2a: Zacian|12/100
|move|p2a: Zacian|Close Combat|p1a: Scizor
|-damage|p1a: Scizor|0 fnt
|-unboost|p2a: Zacian|def|1
|-unboost|p2a: Zacian|spd|1
|faint|p1a: Scizor
|
|upkeep
|
|t:|1637009908
|switch|p1a: Landorus|Landorus-Therian, M|14/100
|-damage|p1a: Landorus|1/100|[from] Stealth Rock
|-ability|p1a: Landorus|Intimidate|boost
|-unboost|p2a: Zacian|atk|1
|turn|17
|
|t:|1637009914
|move|p2a: Zacian|Behemoth Blade|p1a: Landorus
|-damage|p1a: Landorus|0 fnt
|faint|p1a: Landorus
|
|upkeep
|
|t:|1637009919
|switch|p1a: Toxapex|Toxapex, M|100/100
|-damage|p1a: Toxapex|88/100|[from] Stealth Rock
|turn|18
|
|t:|1637009927
|switch|p2a: Marshadow|Marshadow|100/100
|move|p1a: Toxapex|Scald|p2a: Marshadow
|-damage|p2a: Marshadow|83/100
|
|-heal|p1a: Toxapex|94/100|[from] item: Black Sludge
|upkeep
|turn|19
|
|t:|1637009942
|switch|p2a: Zacian|Zacian-Crowned|12/100
|-ability|p2a: Zacian|Intrepid Sword|boost
|-boost|p2a: Zacian|atk|1
|move|p1a: Toxapex|Scald|p2a: Zacian
|-damage|p2a: Zacian|0 fnt
|faint|p2a: Zacian
|
|-heal|p1a: Toxapex|100/100|[from] item: Black Sludge
|upkeep
|
|t:|1637009950
|switch|p2a: Marshadow|Marshadow|83/100
|turn|20
|
|t:|1637009964
|move|p2a: Marshadow|Drain Punch|p1a: Toxapex
|-resisted|p1a: Toxapex
|-damage|p1a: Toxapex|89/100
|-heal|p2a: Marshadow|88/100|[from] drain|[of] p1a: Toxapex
|move|p1a: Toxapex|Scald|p2a: Marshadow
|-damage|p2a: Marshadow|69/100
|-status|p2a: Marshadow|brn
|
|-heal|p1a: Toxapex|95/100|[from] item: Black Sludge
|-damage|p2a: Marshadow|62/100 brn|[from] brn
|upkeep
|turn|21
|
|t:|1637009975
|-start|p2a: Marshadow|Dynamax
|-heal|p2a: Marshadow|62/100 brn|[silent]
|move|p2a: Marshadow|Max Knuckle|p1a: Toxapex
|-resisted|p1a: Toxapex
|-damage|p1a: Toxapex|89/100
|-boost|p2a: Marshadow|atk|1
|move|p1a: Toxapex|Scald|p2a: Marshadow
|-damage|p2a: Marshadow|53/100 brn
|
|-heal|p1a: Toxapex|95/100|[from] item: Black Sludge
|-damage|p2a: Marshadow|50/100 brn|[from] brn
|upkeep
|turn|22
|
|t:|1637009988
|move|p2a: Marshadow|Max Knuckle|p1a: Toxapex
|-resisted|p1a: Toxapex
|-damage|p1a: Toxapex|84/100
|-boost|p2a: Marshadow|atk|1
|move|p1a: Toxapex|Scald|p2a: Marshadow
|-damage|p2a: Marshadow|41/100 brn
|
|-heal|p1a: Toxapex|90/100|[from] item: Black Sludge
|-damage|p2a: Marshadow|38/100 brn|[from] brn
|upkeep
|turn|23
|
|t:|1637010001
|move|p2a: Marshadow|Max Phantasm|p1a: Toxapex
|-damage|p1a: Toxapex|51/100
|-unboost|p1a: Toxapex|def|1
|move|p1a: Toxapex|Haze|p1a: Toxapex
|-clearallboost
|
|-heal|p1a: Toxapex|57/100|[from] item: Black Sludge
|-damage|p2a: Marshadow|35/100 brn|[from] brn
|-end|p2a: Marshadow|Dynamax
|-heal|p2a: Marshadow|35/100 brn|[silent]
|upkeep
|turn|24
|
|t:|1637010012
|move|p2a: Marshadow|Spectral Thief|p1a: Toxapex
|-damage|p1a: Toxapex|42/100
|move|p1a: Toxapex|Recover|p1a: Toxapex
|-heal|p1a: Toxapex|92/100
|
|-heal|p1a: Toxapex|99/100|[from] item: Black Sludge
|-damage|p2a: Marshadow|29/100 brn|[from] brn
|upkeep
|turn|25
|
|t:|1637010021
|move|p2a: Marshadow|Spectral Thief|p1a: Toxapex
|-damage|p1a: Toxapex|84/100
|move|p1a: Toxapex|Scald|p2a: Marshadow
|-damage|p2a: Marshadow|10/100 brn
|
|-heal|p1a: Toxapex|91/100|[from] item: Black Sludge
|-damage|p2a: Marshadow|4/100 brn|[from] brn
|upkeep
|turn|26
|
|t:|1637010031
|-start|p1a: Toxapex|Dynamax
|-heal|p1a: Toxapex|91/100|[silent]
|move|p1a: Toxapex|Max Guard|p1a: Toxapex
|-singleturn|p1a: Toxapex|Max Guard
|move|p2a: Marshadow|Spectral Thief|p1a: Toxapex
|-activate|p1a: Toxapex|move: Max Guard
|
|-heal|p1a: Toxapex|94/100|[from] item: Black Sludge
|-damage|p2a: Marshadow|0 fnt|[from] brn
|faint|p2a: Marshadow
|
|win|MrSusAndFundies
|upkeep
|raw|MrSusAndFundies's rating: 1306 &rarr; <strong>1334</strong><br />(+28 for winning)
|raw|Booooty Bandit's rating: 1445 &rarr; <strong>1417</strong><br />(-28 for losing)
||Ladder isn't responding, score probably updated but might not have (Request timeout).
