|j|☆Ra1nOnMe
|j|☆Pokeashbattle
|t:|1666971557
|gametype|singles
|player|p1|Ra1nOnMe|265|1545
|player|p2|Pokeashbattle|leon|1672
|teamsize|p1|6
|teamsize|p2|6
|gen|8
|tier|[Gen 8] National Dex AG
|rated|
|rule|HP Percentage Mod: HP is shown in percentages
|rule|Endless Battle Clause: Forcing endless battles is banned
|clearpoke
|poke|p1|Togedemaru, L1, M|
|poke|p1|Tyranitar, F|
|poke|p1|Celesteela|
|poke|p1|Whimsicott, M|
|poke|p1|Smeargle, F|
|poke|p1|Eternatus|
|poke|p2|Ditto|
|poke|p2|Deoxys-Speed|
|poke|p2|Calyrex-Shadow|
|poke|p2|Yveltal|
|poke|p2|Zacian-*|
|poke|p2|Zygarde|
|teampreview
|inactive|Battle timer is ON: inactive players will automatically lose when time's up. (requested by Pokeashbattle)
|inactive|Ra1nOnMe has 120 seconds left.
|inactive|Ra1nOnMe has 90 seconds left.
|
|t:|1666971625
|start
|switch|p1a: Tyranitar|Tyranitar, F|100/100
|switch|p2a: Deoxys|Deoxys-Speed, shiny|100/100
|-ability|p2a: Deoxys|Pressure
|-weather|Sandstorm|[from] ability: Sand Stream|[of] p1a: Tyranitar
|turn|1
|inactive|Pokeashbattle has 120 seconds left.
|
|t:|1666971658
|move|p2a: Deoxys|Stealth Rock|p1a: Tyranitar
|-sidestart|p1: Ra1nOnMe|move: Stealth Rock
|move|p1a: Tyranitar|Crunch|p2a: Deoxys
|-supereffective|p2a: Deoxys
|-enditem|p2a: Deoxys|Focus Sash
|-damage|p2a: Deoxys|1/100
|
|-weather|Sandstorm|[upkeep]
|-damage|p2a: Deoxys|0 fnt|[from] Sandstorm
|faint|p2a: Deoxys
|upkeep
|inactive|Pokeashbattle has 120 seconds left.
|
|t:|1666971665
|switch|p2a: Zacian|Zacian-Crowned, shiny|100/100
|-ability|p2a: Zacian|Intrepid Sword|boost
|-boost|p2a: Zacian|atk|1
|turn|2
|
|t:|1666971692
|switch|p1a: Celesteela|Celesteela|100/100
|-damage|p1a: Celesteela|88/100|[from] Stealth Rock
|move|p2a: Zacian|Close Combat|p1a: Celesteela
|-damage|p1a: Celesteela|41/100
|-unboost|p2a: Zacian|def|1
|-unboost|p2a: Zacian|spd|1
|-damage|p2a: Zacian|84/100|[from] item: Rocky Helmet|[of] p1a: Celesteela
|
|-weather|Sandstorm|[upkeep]
|upkeep
|turn|3
|
|t:|1666971703
|switch|p1a: Whimsicott|Whimsicott, M|100/100
|-damage|p1a: Whimsicott|88/100|[from] Stealth Rock
|move|p2a: Zacian|Close Combat|p1a: Whimsicott
|-resisted|p1a: Whimsicott
|-damage|p1a: Whimsicott|41/100
|-unboost|p2a: Zacian|def|1
|-unboost|p2a: Zacian|spd|1
|
|-weather|Sandstorm|[upkeep]
|-damage|p1a: Whimsicott|35/100|[from] Sandstorm
|-heal|p1a: Whimsicott|41/100|[from] item: Leftovers
|upkeep
|turn|4
|
|t:|1666971710
|move|p1a: Whimsicott|Defog|p2a: Zacian
|-unboost|p2a: Zacian|evasion|1
|-sideend|p1: Ra1nOnMe|Stealth Rock|[from] move: Defog|[of] p1a: Whimsicott
|move|p2a: Zacian|Behemoth Blade|p1a: Whimsicott
|-supereffective|p1a: Whimsicott
|-damage|p1a: Whimsicott|0 fnt
|faint|p1a: Whimsicott
|
|-weather|Sandstorm|[upkeep]
|upkeep
|
|t:|1666971713
|switch|p1a: Togedemaru|Togedemaru, L1, M|100/100
|turn|5
|inactive|Pokeashbattle has 120 seconds left.
|inactive|Pokeashbattle has 90 seconds left.
|
|t:|1666971773
|switch|p2a: Calyrex|Calyrex-Shadow|100/100
|-ability|p2a: Calyrex|As One
|-ability|p2a: Calyrex|Unnerve
|move|p1a: Togedemaru|Endeavor|p2a: Calyrex
|-immune|p2a: Calyrex
|
|-weather|none
|upkeep
|turn|6
|
|t:|1666971783
|switch|p2a: Zacian|Zacian-Crowned, shiny|84/100
|-ability|p2a: Zacian|Intrepid Sword|boost
|-boost|p2a: Zacian|atk|1
|switch|p1a: Tyranitar|Tyranitar, F|100/100
|-weather|Sandstorm|[from] ability: Sand Stream|[of] p1a: Tyranitar
|
|-weather|Sandstorm|[upkeep]
|upkeep
|turn|7
|
|t:|1666971788
|switch|p1a: Celesteela|Celesteela|41/100
|move|p2a: Zacian|Close Combat|p1a: Celesteela
|-damage|p1a: Celesteela|0 fnt
|-unboost|p2a: Zacian|def|1
|-unboost|p2a: Zacian|spd|1
|-damage|p2a: Zacian|67/100|[from] item: Rocky Helmet|[of] p1a: Celesteela
|faint|p1a: Celesteela
|
|-weather|Sandstorm|[upkeep]
|upkeep
|
|t:|1666971797
|switch|p1a: Smeargle|Smeargle, F|100/100
|turn|8
|inactive|Pokeashbattle has 90 seconds left.
|
|t:|1666971833
|move|p2a: Zacian|Close Combat|p1a: Smeargle
|-supereffective|p1a: Smeargle
|-enditem|p1a: Smeargle|Focus Sash
|-damage|p1a: Smeargle|1/100
|-unboost|p2a: Zacian|def|1
|-unboost|p2a: Zacian|spd|1
|move|p1a: Smeargle|Counter|p2a: Zacian
|-damage|p2a: Zacian|0 fnt
|faint|p2a: Zacian
|
|-weather|Sandstorm|[upkeep]
|-damage|p1a: Smeargle|0 fnt|[from] Sandstorm
|faint|p1a: Smeargle
|upkeep
|
|t:|1666971842
|switch|p2a: Zygarde|Zygarde, shiny|100/100
|switch|p1a: Eternatus|Eternatus|100/100
|-ability|p1a: Eternatus|Pressure
|turn|9
|inactive|Pokeashbattle has 90 seconds left.
|
|t:|1666971848
|move|p1a: Eternatus|Cosmic Power|p1a: Eternatus
|-boost|p1a: Eternatus|def|1
|-boost|p1a: Eternatus|spd|1
|move|p2a: Zygarde|Glare|p1a: Eternatus
|-status|p1a: Eternatus|par
|
|-weather|Sandstorm|[upkeep]
|-damage|p1a: Eternatus|94/100 par|[from] Sandstorm
|-heal|p1a: Eternatus|100/100 par|[from] item: Leftovers
|upkeep
|turn|10
|
|t:|1666971851
|move|p2a: Zygarde|Substitute|p2a: Zygarde
|-start|p2a: Zygarde|Substitute
|-damage|p2a: Zygarde|76/100
|move|p1a: Eternatus|Toxic||[still]
|-fail|p1a: Eternatus
|
|-weather|none
|-heal|p2a: Zygarde|82/100|[from] item: Leftovers
|upkeep
|turn|11
|-message|Ra1nOnMe forfeited.
|
|win|Pokeashbattle
|raw|Ra1nOnMe's rating: 1545 &rarr; <strong>1532</strong><br />(-13 for losing)
|raw|Pokeashbattle's rating: 1672 &rarr; <strong>1685</strong><br />(+13 for winning)
|l|☆Ra1nOnMe
||Ladder isn't responding, score probably updated but might not have (Request timeout).
