|j|☆watto523
|j|☆frostcrush
|t:|1657240354
|gametype|singles
|player|p1|watto523|elesa|1382
|player|p2|frostcrush|102|1513
|teamsize|p1|6
|teamsize|p2|6
|gen|8
|tier|[Gen 8] National Dex AG
|rated|
|rule|HP Percentage Mod: HP is shown in percentages
|rule|Endless Battle Clause: Forcing endless battles is banned
|clearpoke
|poke|p1|Mawile, F|
|poke|p1|Groudon|
|poke|p1|Arceus-*|
|poke|p1|Arceus-*|
|poke|p1|Necrozma-Dusk-Mane|
|poke|p1|Dialga|
|poke|p2|Pyukumuku, M|
|poke|p2|Magnemite, L1|
|poke|p2|Lugia|
|poke|p2|Gloom, M|
|poke|p2|Manectric, M|
|poke|p2|Alomomola, F|
|teampreview
|inactive|Battle timer is ON: inactive players will automatically lose when time's up. (requested by frostcrush)
|
|t:|1657240375
|start
|switch|p1a: Dialga|Dialga, shiny|100/100
|switch|p2a: Magnemite|Magnemite, L1|100/100
|-ability|p1a: Dialga|Pressure
|turn|1
|
|t:|1657240383
|switch|p2a: Alomomola|Alomomola, F|100/100
|move|p1a: Dialga|Stealth Rock|p2a: Alomomola
|-sidestart|p2: frostcrush|move: Stealth Rock
|
|upkeep
|turn|2
|
|t:|1657240396
|switch|p1a: Necrozma|Necrozma-Dusk-Mane, shiny|100/100
|move|p2a: Alomomola|Soak|p1a: Necrozma
|-start|p1a: Necrozma|typechange|Water
|
|upkeep
|turn|3
|
|t:|1657240406
|move|p1a: Necrozma|Dragon Dance|p1a: Necrozma
|-boost|p1a: Necrozma|atk|1
|-boost|p1a: Necrozma|spe|1
|move|p2a: Alomomola|Toxic|p1a: Necrozma
|-status|p1a: Necrozma|tox
|
|-damage|p1a: Necrozma|95/100 tox|[from] psn
|upkeep
|turn|4
|
|t:|1657240418
|detailschange|p1a: Necrozma|Necrozma-Ultra, shiny
|-burst|p1a: Necrozma|Necrozma|Ultranecrozium Z
|move|p1a: Necrozma|Photon Geyser|p2a: Alomomola
|-damage|p2a: Alomomola|50/100
|move|p2a: Alomomola|Scald|p1a: Necrozma
|-resisted|p1a: Necrozma
|-damage|p1a: Necrozma|88/100 tox
|
|-heal|p2a: Alomomola|56/100|[from] item: Leftovers
|-damage|p1a: Necrozma|76/100 tox|[from] psn
|upkeep
|turn|5
|
|t:|1657240433
|move|p2a: Alomomola|Protect|p2a: Alomomola
|-singleturn|p2a: Alomomola|Protect
|move|p1a: Necrozma|Photon Geyser|p2a: Alomomola
|-activate|p2a: Alomomola|move: Protect
|
|-heal|p2a: Alomomola|62/100|[from] item: Leftovers
|-damage|p1a: Necrozma|58/100 tox|[from] psn
|upkeep
|turn|6
|-message|watto523 forfeited.
|
|win|frostcrush
|raw|watto523's rating: 1382 &rarr; <strong>1369</strong><br />(-13 for losing)
|raw|frostcrush's rating: 1513 &rarr; <strong>1526</strong><br />(+13 for winning)
|l|☆watto523
