|j|☆MRH1106
|j|☆alt1445645
|t:|1659141170
|gametype|singles
|player|p1|MRH1106|red|1859
|player|p2|alt1445645|2|1835
|teamsize|p1|6
|teamsize|p2|6
|gen|8
|tier|[Gen 8] National Dex AG
|rated|
|rule|HP Percentage Mod: HP is shown in percentages
|rule|Endless Battle Clause: Forcing endless battles is banned
|clearpoke
|poke|p1|Zacian-*|
|poke|p1|Calyrex-Shadow|
|poke|p1|Rayquaza|
|poke|p1|Ditto|
|poke|p1|Yveltal|
|poke|p1|Arceus-*|
|poke|p2|Arceus-*|
|poke|p2|Groudon|
|poke|p2|Zacian-*|
|poke|p2|Rayquaza|
|poke|p2|Calyrex-Shadow|
|poke|p2|Yveltal|
|teampreview
|inactive|Battle timer is ON: inactive players will automatically lose when time's up. (requested by alt1445645)
|inactive|MRH1106 has 120 seconds left.
|
|t:|1659141236
|start
|switch|p1a: Legit god|Arceus-Ground|100/100
|switch|p2a: Zacian|Zacian-Crowned|100/100
|-ability|p2a: Zacian|Intrepid Sword|boost
|-boost|p2a: Zacian|atk|1
|turn|1
|
|t:|1659141241
|move|p2a: Zacian|Behemoth Blade|p1a: Legit god
|-damage|p1a: Legit god|39/100
|move|p1a: Legit god|Judgment|p2a: Zacian
|-supereffective|p2a: Zacian
|-damage|p2a: Zacian|11/100
|
|upkeep
|turn|2
|
|t:|1659141250
|move|p2a: Zacian|Behemoth Blade|p1a: Legit god
|-damage|p1a: Legit god|0 fnt
|faint|p1a: Legit god
|
|upkeep
|
|t:|1659141253
|switch|p1a: Fuck you <3|Ditto, shiny|100/100
|-transform|p1a: Fuck you <3|p2a: Zacian|[from] ability: Imposter
|-ability|p1a: Fuck you <3|Intrepid Sword|boost
|-boost|p1a: Fuck you <3|atk|1
|turn|3
|c|☆alt1445645|im suprised that doesnt one shot
|
|t:|1659141263
|move|p1a: Fuck you <3|Close Combat|p2a: Zacian
|-damage|p2a: Zacian|0 fnt
|-unboost|p1a: Fuck you <3|def|1
|-unboost|p1a: Fuck you <3|spd|1
|faint|p2a: Zacian
|
|upkeep
|c|☆MRH1106|same
|c|☆MRH1106|it usually does
|c|☆MRH1106|guess i got a bad damage roll
|c|☆alt1445645|i have literally 0 bulk
|c|☆alt1445645|and it did 90ish
|c|☆MRH1106|wait
|c|☆alt1445645|u sure?
|
|t:|1659141291
|switch|p2a: Calyrex|Calyrex-Shadow|100/100
|-ability|p2a: Calyrex|As One
|-ability|p2a: Calyrex|Unnerve
|turn|4
|c|☆MRH1106|oh fuck im using my speedy groundceus not specially offencive
|c|☆MRH1106|my bad lmao
|
|t:|1659141305
|switch|p1a: Hells dragon|Yveltal, shiny|100/100
|-ability|p1a: Hells dragon|Dark Aura
|move|p2a: Calyrex|Nasty Plot|p2a: Calyrex
|-boost|p2a: Calyrex|spa|2
|
|upkeep
|turn|5
|
|t:|1659141308
|-start|p2a: Calyrex|Dynamax|
|-heal|p2a: Calyrex|100/100|[silent]
|move|p1a: Hells dragon|Sucker Punch|p2a: Calyrex
|-supereffective|p2a: Calyrex
|-enditem|p2a: Calyrex|Focus Sash
|-damage|p2a: Calyrex|1/100
|-damage|p1a: Hells dragon|91/100|[from] item: Life Orb
|move|p2a: Calyrex|Max Starfall|p1a: Hells dragon
|-supereffective|p1a: Hells dragon
|-damage|p1a: Hells dragon|0 fnt
|-fieldstart|move: Misty Terrain
|faint|p1a: Hells dragon
|-ability|p2a: Calyrex|Grim Neigh|boost
|-boost|p2a: Calyrex|spa|1
|
|upkeep
|
|t:|1659141312
|switch|p1a: Fuck you <3|Ditto, shiny|100/100
|-transform|p1a: Fuck you <3|p2a: Calyrex|[from] ability: Imposter
|turn|6
|c|☆MRH1106|thanks!
|
|t:|1659141316
|-end|p2a: Calyrex|Dynamax
|-heal|p2a: Calyrex|1/100|[silent]
|switch|p2a: Arceus|Arceus|100/100
|move|p1a: Fuck you <3|Astral Barrage|p2a: Arceus
|-immune|p2a: Arceus
|
|upkeep
|turn|7
|
|t:|1659141318
|switch|p2a: Yveltal|Yveltal|100/100
|-ability|p2a: Yveltal|Dark Aura
|-start|p1a: Fuck you <3|Dynamax|
|-heal|p1a: Fuck you <3|100/100|[silent]
|move|p1a: Fuck you <3|Max Mindstorm|p2a: Yveltal
|-immune|p2a: Yveltal
|
|upkeep
|turn|8
|
|t:|1659141320
|move|p2a: Yveltal|Sucker Punch|p1a: Fuck you <3
|-supereffective|p1a: Fuck you <3
|-damage|p1a: Fuck you <3|0 fnt
|faint|p1a: Fuck you <3
|-damage|p2a: Yveltal|91/100|[from] item: Life Orb
|
|upkeep
|c|☆alt1445645|np lk
|c|☆MRH1106|oh dam
|c|☆alt1445645|lol
|c|☆alt1445645|ik the flow chart for that
|c|☆MRH1106|LMAO
|
|t:|1659141335
|switch|p1a: Drip Too Hard|Rayquaza, shiny|100/100
|-ability|p1a: Drip Too Hard|Air Lock
|turn|9
|
|t:|1659141342
|detailschange|p1a: Drip Too Hard|Rayquaza-Mega, shiny
|-mega|p1a: Drip Too Hard|Rayquaza|
|-weather|DeltaStream|[from] ability: Delta Stream|[of] p1a: Drip Too Hard
|move|p1a: Drip Too Hard|Dragon Ascent|p2a: Yveltal
|-damage|p2a: Yveltal|8/100
|-unboost|p1a: Drip Too Hard|def|1
|-unboost|p1a: Drip Too Hard|spd|1
|move|p2a: Yveltal|Dark Pulse|p1a: Drip Too Hard
|-enditem|p1a: Drip Too Hard|Focus Sash
|-damage|p1a: Drip Too Hard|1/100
|-damage|p2a: Yveltal|0 fnt|[from] item: Life Orb
|faint|p2a: Yveltal
|
|-weather|DeltaStream|[upkeep]
|-fieldend|Misty Terrain
|upkeep
|c|☆MRH1106|i lose
|
|t:|1659141352
|switch|p2a: Calyrex|Calyrex-Shadow|1/100
|-ability|p2a: Calyrex|As One
|-ability|p2a: Calyrex|Unnerve
|turn|10
|c|☆MRH1106|cant kill arceus now
|
|t:|1659141359
|move|p2a: Calyrex|Astral Barrage|p1a: Drip Too Hard
|-damage|p1a: Drip Too Hard|0 fnt
|faint|p1a: Drip Too Hard
|-weather|none
|-ability|p2a: Calyrex|Grim Neigh|boost
|-boost|p2a: Calyrex|spa|1
|
|upkeep
|
|t:|1659141361
|switch|p1a: YeeHaw-|Calyrex-Shadow|100/100
|-ability|p1a: YeeHaw-|As One
|-ability|p1a: YeeHaw-|Unnerve
|turn|11
|c|☆MRH1106|i only have a chance at winning if i win the speedtie
|
|t:|1659141372
|move|p1a: YeeHaw-|Draining Kiss|p2a: Calyrex
|-crit|p2a: Calyrex
|-damage|p2a: Calyrex|0 fnt
|faint|p2a: Calyrex
|-ability|p1a: YeeHaw-|Grim Neigh|boost
|-boost|p1a: YeeHaw-|spa|1
|
|upkeep
|
|t:|1659141374
|switch|p2a: Arceus|Arceus|100/100
|turn|12
|
|t:|1659141378
|move|p1a: YeeHaw-|Draining Kiss|p2a: Arceus
|-damage|p2a: Arceus|81/100
|move|p2a: Arceus|Shadow Claw|p1a: YeeHaw-
|-supereffective|p1a: YeeHaw-
|-crit|p1a: YeeHaw-
|-enditem|p1a: YeeHaw-|Focus Sash
|-damage|p1a: YeeHaw-|1/100
|
|upkeep
|turn|13
|
|t:|1659141381
|switch|p1a: Knifepuppy|Zacian-Crowned|100/100
|-ability|p1a: Knifepuppy|Intrepid Sword|boost
|-boost|p1a: Knifepuppy|atk|1
|move|p2a: Arceus|Shadow Claw|p1a: Knifepuppy
|-crit|p1a: Knifepuppy
|-damage|p1a: Knifepuppy|66/100
|
|upkeep
|turn|14
|
|t:|1659141384
|switch|p2a: Groudon|Groudon|100/100
|detailschange|p2a: Groudon|Groudon-Primal
|-primal|p2a: Groudon
|-weather|DesolateLand|[from] ability: Desolate Land|[of] p2a: Groudon
|move|p1a: Knifepuppy|Behemoth Blade|p2a: Groudon
|-resisted|p2a: Groudon
|-damage|p2a: Groudon|80/100
|
|-weather|DesolateLand|[upkeep]
|upkeep
|turn|15
|-message|MRH1106 forfeited.
|
|win|alt1445645
|raw|MRH1106's rating: 1859 &rarr; <strong>1838</strong><br />(-21 for losing)
|raw|alt1445645's rating: 1835 &rarr; <strong>1856</strong><br />(+21 for winning)
|l|☆MRH1106
|c|☆alt1445645|gg
||Ladder isn't responding, score probably updated but might not have (Request timeout).
