|j|☆TaxFraud094
|j|☆KillHenryKissinger
|inactive|Battle timer is ON: inactive players will automatically lose when time's up.
|t:|1670127750
|gametype|singles
|player|p1|TaxFraud094|acetrainerf-gen4|
|player|p2|KillHenryKissinger|may-masters|
|teamsize|p1|3
|teamsize|p2|3
|gen|8
|tier|[Gen 8] National Dex AG
|rated|Tournament battle
|rule|HP Percentage Mod: HP is shown in percentages
|rule|Endless Battle Clause: Forcing endless battles is banned
|clearpoke
|poke|p1|Slowbro, F|
|poke|p1|Lopunny, M|
|poke|p1|Cinderace, M|
|poke|p2|Gengar, M|
|poke|p2|Polteageist-Antique|
|poke|p2|Naganadel|
|teampreview
|j|*Lady Monita ☽
|inactive|TaxFraud094 also wants the timer to be on.
|j| LocalMetagross
|c|☆TaxFraud094|glhf
|j| Decala
|
|t:|1670127760
|start
|switch|p1a: Lopunny|Lopunny, M|100/100
|switch|p2a: Naganadel|Naganadel|100/100
|turn|1
|j| HarryNayelis
|
|t:|1670127778
|detailschange|p1a: Lopunny|Lopunny-Mega, M
|-mega|p1a: Lopunny|Lopunny|Lopunnite
|move|p1a: Lopunny|U-turn|p2a: Naganadel
|-resisted|p2a: Naganadel
|-damage|p2a: Naganadel|83/100
|
|t:|1670127780
|switch|p1a: Slowbro|Slowbro, F|100/100|[from] U-turn
|move|p2a: Naganadel|Draco Meteor|p1a: Slowbro
|-damage|p1a: Slowbro|37/100
|-unboost|p2a: Naganadel|spa|2
|
|upkeep
|turn|2
|c|☆TaxFraud094|I expected dynamax tbh
|
|t:|1670127795
|move|p2a: Naganadel|Nasty Plot|p2a: Naganadel
|-boost|p2a: Naganadel|spa|2
|move|p1a: Slowbro|Slack Off|p1a: Slowbro
|-heal|p1a: Slowbro|87/100
|
|upkeep
|turn|3
|
|t:|1670127803
|move|p2a: Naganadel|Nasty Plot|p2a: Naganadel
|-boost|p2a: Naganadel|spa|2
|move|p1a: Slowbro|Scald|p2a: Naganadel
|-resisted|p2a: Naganadel
|-damage|p2a: Naganadel|62/100
|
|upkeep
|turn|4
|
|t:|1670127810
|move|p2a: Naganadel|Draco Meteor|p1a: Slowbro
|-damage|p1a: Slowbro|0 fnt
|-unboost|p2a: Naganadel|spa|2
|faint|p1a: Slowbro
|-ability|p2a: Naganadel|Beast Boost|boost
|-boost|p2a: Naganadel|spe|1
|
|upkeep
|
|t:|1670127813
|switch|p1a: Cinderace|Cinderace, M|100/100
|turn|5
|j| Themythduck0
|j| TSMChiranosuk333
|
|t:|1670127819
|-start|p1a: Cinderace|Dynamax|
|-heal|p1a: Cinderace|100/100|[silent]
|move|p2a: Naganadel|Sludge Wave|p1a: Cinderace
|-crit|p1a: Cinderace
|-damage|p1a: Cinderace|44/100
|-status|p1a: Cinderace|psn
|move|p1a: Cinderace|Max Darkness|p2a: Naganadel
|-start|p1a: Cinderace|typechange|Dark|[from] ability: Libero
|-damage|p2a: Naganadel|0 fnt
|faint|p2a: Naganadel
|-damage|p1a: Cinderace|39/100 psn|[from] item: Life Orb
|
|-damage|p1a: Cinderace|33/100 psn|[from] psn
|upkeep
|c|☆TaxFraud094|nice
|c|☆TaxFraud094|crit poison
|
|t:|1670127834
|switch|p2a: Gengar|Gengar, M|100/100
|turn|6
|
|t:|1670127837
|detailschange|p2a: Gengar|Gengar-Mega, M
|-mega|p2a: Gengar|Gengar|Gengarite
|move|p2a: Gengar|Focus Blast|p1a: Cinderace
|-supereffective|p1a: Cinderace
|-damage|p1a: Cinderace|0 fnt
|faint|p1a: Cinderace
|
|upkeep
|c| LocalMetagross|nice 0.0006% chance
|
|t:|1670127842
|switch|p1a: Lopunny|Lopunny-Mega, M|100/100
|turn|7
|
|t:|1670127846
|move|p1a: Lopunny|Fake Out|p2a: Gengar
|-damage|p2a: Gengar|69/100
|cant|p2a: Gengar|flinch
|
|upkeep
|turn|8
|
|t:|1670127849
|move|p1a: Lopunny|Return|p2a: Gengar
|-damage|p2a: Gengar|0 fnt
|faint|p2a: Gengar
|
|upkeep
|
|t:|1670127852
|switch|p2a: Polteageist|Polteageist-Antique|100/100
|turn|9
|
|t:|1670127855
|move|p1a: Lopunny|Return|p2a: Polteageist
|-enditem|p2a: Polteageist|Focus Sash
|-damage|p2a: Polteageist|1/100
|-ability|p2a: Polteageist|Weak Armor|boost
|-unboost|p2a: Polteageist|def|1
|-boost|p2a: Polteageist|spe|2
|move|p2a: Polteageist|Shell Smash|p2a: Polteageist
|-unboost|p2a: Polteageist|def|1
|-unboost|p2a: Polteageist|spd|1
|-boost|p2a: Polteageist|atk|2
|-boost|p2a: Polteageist|spa|2
|-boost|p2a: Polteageist|spe|2
|
|upkeep
|turn|10
|
|t:|1670127860
|-start|p2a: Polteageist|Dynamax|
|-heal|p2a: Polteageist|1/100|[silent]
|move|p2a: Polteageist|Max Mindstorm|p1a: Lopunny
|-supereffective|p1a: Lopunny
|-damage|p1a: Lopunny|0 fnt
|-fieldstart|move: Psychic Terrain
|faint|p1a: Lopunny
|
|win|KillHenryKissinger
|n|☆TaxFraud094|taxfraud094
|n|☆KillHenryKissinger|killhenrykissinger
|n|*Lady Monita ☽|ladymonita
|n| LocalMetagross|localmetagross
|n| Decala|decala
|n| HarryNayelis|harrynayelis
|n| Themythduck0|themythduck0
|n| TSMChiranosuk333|tsmchiranosuk333
