|j|☆Pkmn3443
|j|☆Crystraco
|t:|1618769331
|gametype|singles
|player|p1|Pkmn3443|170|1814
|player|p2|Crystraco|102|1791
|teamsize|p1|6
|teamsize|p2|6
|gen|8
|tier|[Gen 8] National Dex AG
|rated|
|clearpoke
|poke|p1|Zacian-Crowned|
|poke|p1|Necrozma-Dusk-Mane|
|poke|p1|Ditto|
|poke|p1|Ho-Oh|
|poke|p1|Rayquaza|
|poke|p1|Yveltal|
|poke|p2|Kyogre|
|poke|p2|Excadrill, F|
|poke|p2|Arceus-*|
|poke|p2|Ditto|
|poke|p2|Salamence, F|
|poke|p2|Xerneas|
|rule|HP Percentage Mod: HP is shown in percentages
|rule|Endless Battle Clause: Forcing endless battles is banned
|teampreview
|inactive|Battle timer is ON: inactive players will automatically lose when time's up. (requested by Crystraco)
|inactive|Pkmn3443 has 120 seconds left.
|j| waterbeast2247
|l| waterbeast2247
|l|☆Pkmn3443
|inactive|Pkmn3443 disconnected and has a minute to reconnect!
|player|p1|
|inactive|Pkmn3443 has 30 seconds to reconnect!
|inactive|Pkmn3443 has 20 seconds to reconnect!
|inactive|Pkmn3443 has 15 seconds to reconnect!
|inactive|Pkmn3443 has 10 seconds to reconnect!
|inactive|Pkmn3443 has 5 seconds to reconnect!
|j|☆Pkmn3443
|inactive|Pkmn3443 reconnected and has 55 seconds left.
|player|p1|Pkmn3443|170
|
|t:|1618769449
|start
|switch|p1a: Zacian|Zacian-Crowned|100/100
|switch|p2a: Excadrill|Excadrill, F|100/100
|-ability|p1a: Zacian|Intrepid Sword|boost
|-boost|p1a: Zacian|atk|1
|-ability|p2a: Excadrill|Mold Breaker
|turn|1
|
|t:|1618769457
|move|p1a: Zacian|Behemoth Blade|p2a: Excadrill
|-resisted|p2a: Excadrill
|-damage|p2a: Excadrill|23/100
|move|p2a: Excadrill|Stealth Rock|p1a: Zacian
|-sidestart|p1: Pkmn3443|move: Stealth Rock
|
|upkeep
|turn|2
|inactive|Pkmn3443 has 120 seconds left.
|
|t:|1618769463
|move|p1a: Zacian|Close Combat|p2a: Excadrill
|-supereffective|p2a: Excadrill
|-damage|p2a: Excadrill|0 fnt
|-unboost|p1a: Zacian|def|1
|-unboost|p1a: Zacian|spd|1
|faint|p2a: Excadrill
|
|upkeep
|
|t:|1618769465
|switch|p2a: Ditto|Ditto|100/100
|-transform|p2a: Ditto|p1a: Zacian|[from] ability: Imposter
|-ability|p2a: Ditto|Intrepid Sword|boost
|-boost|p2a: Ditto|atk|1
|turn|3
|
|t:|1618769473
|switch|p1a: Ho-Oh|Ho-Oh|100/100
|move|p2a: Ditto|Behemoth Blade|p1a: Ho-Oh
|-resisted|p1a: Ho-Oh
|-damage|p1a: Ho-Oh|51/100
|
|upkeep
|turn|4
|
|t:|1618769479
|switch|p2a: Kyogre|Kyogre|100/100
|detailschange|p2a: Kyogre|Kyogre-Primal
|-primal|p2a: Kyogre
|-weather|PrimordialSea|[from] ability: Primordial Sea|[of] p2a: Kyogre
|move|p1a: Ho-Oh|Defog|p2a: Kyogre
|-unboost|p2a: Kyogre|evasion|1
|-sideend|p1: Pkmn3443|Stealth Rock|[from] move: Defog|[of] p1a: Ho-Oh
|
|-weather|PrimordialSea|[upkeep]
|upkeep
|turn|5
|
|t:|1618769483
|switch|p1a: Rayquaza|Rayquaza|100/100
|-ability|p1a: Rayquaza|Air Lock
|move|p2a: Kyogre|Origin Pulse|p1a: Rayquaza
|-resisted|p1a: Rayquaza
|-damage|p1a: Rayquaza|59/100
|
|-weather|PrimordialSea|[upkeep]
|upkeep
|turn|6
|
|t:|1618769488
|-weather|none
|switch|p2a: Arceus|Arceus|100/100
|detailschange|p1a: Rayquaza|Rayquaza-Mega
|-mega|p1a: Rayquaza|Rayquaza|
|-weather|DeltaStream|[from] ability: Delta Stream|[of] p1a: Rayquaza
|move|p1a: Rayquaza|Dragon Ascent|p2a: Arceus
|-damage|p2a: Arceus|27/100
|-unboost|p1a: Rayquaza|def|1
|-unboost|p1a: Rayquaza|spd|1
|-damage|p1a: Rayquaza|50/100|[from] item: Life Orb
|
|-weather|DeltaStream|[upkeep]
|upkeep
|turn|7
|
|t:|1618769492
|-weather|none
|switch|p1a: Zacian|Zacian-Crowned|100/100
|-ability|p1a: Zacian|Intrepid Sword|boost
|-boost|p1a: Zacian|atk|1
|move|p2a: Arceus|Extreme Speed|p1a: Zacian
|-resisted|p1a: Zacian
|-damage|p1a: Zacian|76/100
|
|upkeep
|turn|8
|
|t:|1618769496
|move|p1a: Zacian|Close Combat|p2a: Arceus
|-supereffective|p2a: Arceus
|-damage|p2a: Arceus|0 fnt
|-unboost|p1a: Zacian|def|1
|-unboost|p1a: Zacian|spd|1
|faint|p2a: Arceus
|
|upkeep
|
|t:|1618769499
|switch|p2a: Ditto|Ditto|100/100
|-transform|p2a: Ditto|p1a: Zacian|[from] ability: Imposter
|-ability|p2a: Ditto|Intrepid Sword|boost
|-boost|p2a: Ditto|atk|1
|turn|9
|
|t:|1618769507
|switch|p1a: Ho-Oh|Ho-Oh|84/100
|move|p2a: Ditto|Close Combat|p1a: Ho-Oh
|-resisted|p1a: Ho-Oh
|-damage|p1a: Ho-Oh|44/100
|-unboost|p2a: Ditto|def|1
|-unboost|p2a: Ditto|spd|1
|
|upkeep
|turn|10
|
|t:|1618769513
|switch|p2a: Kyogre|Kyogre-Primal|100/100
|-weather|PrimordialSea|[from] ability: Primordial Sea|[of] p2a: Kyogre
|switch|p1a: Rayquaza|Rayquaza-Mega|50/100
|-weather|DeltaStream|[from] ability: Delta Stream|[of] p1a: Rayquaza
|
|-weather|DeltaStream|[upkeep]
|upkeep
|turn|11
|
|t:|1618769515
|move|p1a: Rayquaza|Dragon Ascent|p2a: Kyogre
|-damage|p2a: Kyogre|0 fnt
|-unboost|p1a: Rayquaza|def|1
|-unboost|p1a: Rayquaza|spd|1
|-damage|p1a: Rayquaza|40/100|[from] item: Life Orb
|faint|p2a: Kyogre
|
|-weather|DeltaStream|[upkeep]
|upkeep
|
|t:|1618769519
|switch|p2a: Xerneas|Xerneas|100/100
|-ability|p2a: Xerneas|Fairy Aura
|turn|12
|
|t:|1618769523
|move|p2a: Xerneas|Moonblast|p1a: Rayquaza
|-supereffective|p1a: Rayquaza
|-damage|p1a: Rayquaza|0 fnt
|faint|p1a: Rayquaza
|-weather|none
|
|upkeep
|
|t:|1618769530
|switch|p1a: Zacian|Zacian-Crowned|76/100
|-ability|p1a: Zacian|Intrepid Sword|boost
|-boost|p1a: Zacian|atk|1
|turn|13
|
|t:|1618769537
|move|p2a: Xerneas|Moonblast|p1a: Zacian
|-resisted|p1a: Zacian
|-damage|p1a: Zacian|43/100
|-unboost|p1a: Zacian|spa|1
|move|p1a: Zacian|Behemoth Blade|p2a: Xerneas
|-supereffective|p2a: Xerneas
|-damage|p2a: Xerneas|0 fnt
|faint|p2a: Xerneas
|
|upkeep
|j| Testing this garbo
|
|t:|1618769545
|switch|p2a: Ditto|Ditto|100/100
|-transform|p2a: Ditto|p1a: Zacian|[from] ability: Imposter
|-ability|p2a: Ditto|Intrepid Sword|boost
|-boost|p2a: Ditto|atk|1
|turn|14
|l| Testing this garbo
|
|t:|1618769550
|move|p2a: Ditto|Close Combat|p1a: Zacian
|-damage|p1a: Zacian|0 fnt
|-unboost|p2a: Ditto|def|1
|-unboost|p2a: Ditto|spd|1
|faint|p1a: Zacian
|
|upkeep
|
|t:|1618769553
|switch|p1a: Ho-Oh|Ho-Oh|77/100
|turn|15
|j| Jefff 369421
|
|t:|1618769561
|switch|p2a: Salamence|Salamence, F|100/100
|-ability|p2a: Salamence|Intimidate|boost
|-unboost|p1a: Ho-Oh|atk|1
|move|p1a: Ho-Oh|Sacred Fire|p2a: Salamence
|-resisted|p2a: Salamence
|-damage|p2a: Salamence|83/100
|
|upkeep
|turn|16
|
|t:|1618769564
|detailschange|p2a: Salamence|Salamence-Mega, F
|-mega|p2a: Salamence|Salamence|Salamencite
|move|p2a: Salamence|Dragon Dance|p2a: Salamence
|-boost|p2a: Salamence|atk|1
|-boost|p2a: Salamence|spe|1
|move|p1a: Ho-Oh|Toxic|p2a: Salamence
|-status|p2a: Salamence|tox
|
|-damage|p2a: Salamence|77/100 tox|[from] psn
|upkeep
|turn|17
|
|t:|1618769567
|move|p2a: Salamence|Dragon Dance|p2a: Salamence
|-boost|p2a: Salamence|atk|1
|-boost|p2a: Salamence|spe|1
|move|p1a: Ho-Oh|Whirlwind|p2a: Salamence
|drag|p2a: Ditto|Ditto|100/100
|-transform|p2a: Ditto|p1a: Ho-Oh|[from] ability: Imposter
|
|upkeep
|turn|18
|
|t:|1618769572
|switch|p1a: Necrozma|Necrozma-Dusk-Mane|100/100
|move|p2a: Ditto|Toxic|p1a: Necrozma
|-immune|p1a: Necrozma
|
|upkeep
|turn|19
|
|t:|1618769577
|-start|p2a: Ditto|Dynamax
|-heal|p2a: Ditto|100/100|[silent]
|move|p2a: Ditto|Max Flare|p1a: Necrozma
|-supereffective|p1a: Necrozma
|-damage|p1a: Necrozma|70/100
|-weather|SunnyDay
|move|p1a: Necrozma|Sunsteel Strike|p2a: Ditto
|-resisted|p2a: Ditto
|-crit|p2a: Ditto
|-damage|p2a: Ditto|82/100
|
|-weather|SunnyDay|[upkeep]
|upkeep
|turn|20
|
|t:|1618769581
|move|p2a: Ditto|Max Flare|p1a: Necrozma
|-supereffective|p1a: Necrozma
|-damage|p1a: Necrozma|21/100
|move|p1a: Necrozma|Morning Sun|p1a: Necrozma
|-heal|p1a: Necrozma|88/100
|
|-weather|SunnyDay|[upkeep]
|upkeep
|turn|21
|
|t:|1618769584
|-end|p2a: Ditto|Dynamax
|-heal|p2a: Ditto|82/100|[silent]
|switch|p2a: Salamence|Salamence-Mega, F|77/100 tox
|move|p1a: Necrozma|Morning Sun|p1a: Necrozma
|-heal|p1a: Necrozma|100/100
|
|-weather|SunnyDay|[upkeep]
|-damage|p2a: Salamence|71/100 tox|[from] psn
|upkeep
|turn|22
|l|☆Crystraco
|inactive|Crystraco disconnected and has a minute to reconnect!
|player|p2|
|inactive|Crystraco has 30 seconds to reconnect!
|inactive|Crystraco has 20 seconds to reconnect!
|inactive|Crystraco has 15 seconds to reconnect!
|inactive|Crystraco has 10 seconds to reconnect!
|inactive|Crystraco has 5 seconds to reconnect!
|-message|Crystraco lost due to inactivity.
|
|win|Pkmn3443
|raw|Pkmn3443's rating: 1814 &rarr; <strong>1833</strong><br />(+19 for winning)
|raw|Crystraco's rating: 1790 &rarr; <strong>1771</strong><br />(-19 for losing)
