|j|☆2201Baby
|j|☆meepacman
|t:|1634273159
|gametype|singles
|player|p1|2201Baby|hilbert-wonderlauncher|1275
|player|p2|meepacman|170|1316
|teamsize|p1|6
|teamsize|p2|6
|gen|8
|tier|[Gen 8] National Dex AG
|rated|
|rule|HP Percentage Mod: HP is shown in percentages
|rule|Endless Battle Clause: Forcing endless battles is banned
|clearpoke
|poke|p1|Volcarona, M|
|poke|p1|Tyranitar, F|
|poke|p1|Duraludon, F|
|poke|p1|Aerodactyl, M|
|poke|p1|Hydreigon, M|
|poke|p1|Rillaboom, F|
|poke|p2|Weavile, M|
|poke|p2|Weavile, F|
|poke|p2|Weavile, M|
|poke|p2|Weavile, F|
|poke|p2|Weavile, M|
|poke|p2|Smeargle, F|
|teampreview
|
|t:|1634273179
|start
|switch|p1a: MECHAGODZILLA|Duraludon, F|100/100
|switch|p2a: Weavile|Weavile, M|100/100
|-ability|p2a: Weavile|Pressure
|turn|1
|
|t:|1634273188
|move|p2a: Weavile|Assist|p2a: Weavile
|move|p2a: Weavile|Spore|p1a: MECHAGODZILLA|[from]move: Assist
|-status|p1a: MECHAGODZILLA|slp|[from] move: Spore
|cant|p1a: MECHAGODZILLA|slp
|
|upkeep
|turn|2
|
|t:|1634273195
|move|p2a: Weavile|Assist|p2a: Weavile
|move|p2a: Weavile|Spore|p1a: MECHAGODZILLA|[from]move: Assist
|-fail|p1a: MECHAGODZILLA|slp
|cant|p1a: MECHAGODZILLA|slp
|
|upkeep
|turn|3
|
|t:|1634273212
|move|p2a: Weavile|Assist|p2a: Weavile
|move|p2a: Weavile|Spore|p1a: MECHAGODZILLA|[from]move: Assist
|-fail|p1a: MECHAGODZILLA|slp
|cant|p1a: MECHAGODZILLA|slp
|
|upkeep
|turn|4
|
|t:|1634273220
|move|p2a: Weavile|Assist|p2a: Weavile
|move|p2a: Weavile|Spore|p1a: MECHAGODZILLA|[from]move: Assist
|-fail|p1a: MECHAGODZILLA|slp
|-curestatus|p1a: MECHAGODZILLA|slp|[msg]
|move|p1a: MECHAGODZILLA|Reflect|p1a: MECHAGODZILLA
|-sidestart|p1: 2201Baby|Reflect
|
|upkeep
|turn|5
|
|t:|1634273228
|move|p2a: Weavile|Assist|p2a: Weavile
|move|p2a: Weavile|Spore|p1a: MECHAGODZILLA|[from]move: Assist
|-status|p1a: MECHAGODZILLA|slp|[from] move: Spore
|cant|p1a: MECHAGODZILLA|slp
|
|upkeep
|turn|6
|
|t:|1634273238
|switch|p1a: MOTHRA|Volcarona, M|100/100
|move|p2a: Weavile|Assist|p2a: Weavile
|move|p2a: Weavile|Spore|p1a: MOTHRA|[from]move: Assist
|-status|p1a: MOTHRA|slp|[from] move: Spore
|
|upkeep
|turn|7
|c|☆2201Baby|What the fuck is this strat
|
|t:|1634273255
|move|p2a: Weavile|Assist|p2a: Weavile
|move|p2a: Weavile|Spore|p1a: MOTHRA|[from]move: Assist
|-fail|p1a: MOTHRA|slp
|cant|p1a: MOTHRA|slp
|
|upkeep
|turn|8
|c|☆meepacman|bruh
|c|☆meepacman|how have i gotten
|c|☆meepacman|7 spores in a row
|c|☆meepacman|ive flipped 7 coins and got heads 7 times
|
|t:|1634273279
|move|p2a: Weavile|Assist|p2a: Weavile
|move|p2a: Weavile|Glacial Lance|p1a: MOTHRA|[from]move: Assist
|-resisted|p1a: MOTHRA
|-damage|p1a: MOTHRA|75/100 slp
|-curestatus|p1a: MOTHRA|slp|[msg]
|move|p1a: MOTHRA|Quiver Dance|p1a: MOTHRA
|-boost|p1a: MOTHRA|spa|1
|-boost|p1a: MOTHRA|spd|1
|-boost|p1a: MOTHRA|spe|1
|
|upkeep
|turn|9
|c|☆2201Baby|Finally
|c|☆2201Baby|Jeez
|
|t:|1634273295
|move|p1a: MOTHRA|Flamethrower|p2a: Weavile
|-supereffective|p2a: Weavile
|-crit|p2a: Weavile
|-damage|p2a: Weavile|0 fnt
|faint|p2a: Weavile
|
|upkeep
|
|t:|1634273299
|switch|p2a: Smeargle|Smeargle, F|100/100
|turn|10
|
|t:|1634273304
|move|p1a: MOTHRA|Flamethrower|p2a: Smeargle
|-enditem|p2a: Smeargle|Focus Sash
|-damage|p2a: Smeargle|1/100
|move|p2a: Smeargle|Spore|p1a: MOTHRA
|-status|p1a: MOTHRA|slp|[from] move: Spore
|
|upkeep
|turn|11
|
|t:|1634273313
|cant|p1a: MOTHRA|slp
|move|p2a: Smeargle|Transform|p1a: MOTHRA
|-transform|p2a: Smeargle|p1a: MOTHRA
|
|-sideend|p1: 2201Baby|Reflect
|upkeep
|turn|12
|
|t:|1634273321
|move|p2a: Smeargle|Roost|p2a: Smeargle
|-heal|p2a: Smeargle|51/100
|-singleturn|p2a: Smeargle|move: Roost
|cant|p1a: MOTHRA|slp
|
|upkeep
|turn|13
|
|t:|1634273328
|cant|p1a: MOTHRA|slp
|move|p2a: Smeargle|Quiver Dance|p2a: Smeargle
|-boost|p2a: Smeargle|spa|1
|-boost|p2a: Smeargle|spd|1
|-boost|p2a: Smeargle|spe|1
|
|upkeep
|turn|14
|
|t:|1634273337
|move|p2a: Smeargle|Roost|p2a: Smeargle
|-heal|p2a: Smeargle|100/100
|-singleturn|p2a: Smeargle|move: Roost
|-curestatus|p1a: MOTHRA|slp|[msg]
|move|p1a: MOTHRA|Quiver Dance|p1a: MOTHRA
|-boost|p1a: MOTHRA|spa|1
|-boost|p1a: MOTHRA|spd|1
|-boost|p1a: MOTHRA|spe|1
|
|upkeep
|turn|15
|
|t:|1634273346
|move|p2a: Smeargle|Quiver Dance|p2a: Smeargle
|-boost|p2a: Smeargle|spa|1
|-boost|p2a: Smeargle|spd|1
|-boost|p2a: Smeargle|spe|1
|move|p1a: MOTHRA|Roost|p1a: MOTHRA
|-heal|p1a: MOTHRA|100/100
|-singleturn|p1a: MOTHRA|move: Roost
|
|upkeep
|turn|16
|
|t:|1634273354
|move|p2a: Smeargle|Flamethrower|p1a: MOTHRA
|-damage|p1a: MOTHRA|55/100
|move|p1a: MOTHRA|Quiver Dance|p1a: MOTHRA
|-boost|p1a: MOTHRA|spa|1
|-boost|p1a: MOTHRA|spd|1
|-boost|p1a: MOTHRA|spe|1
|
|upkeep
|turn|17
|
|t:|1634273362
|move|p2a: Smeargle|Flamethrower|p1a: MOTHRA
|-damage|p1a: MOTHRA|17/100
|move|p1a: MOTHRA|Roost|p1a: MOTHRA
|-heal|p1a: MOTHRA|68/100
|-singleturn|p1a: MOTHRA|move: Roost
|
|upkeep
|turn|18
|
|t:|1634273369
|move|p1a: MOTHRA|Quiver Dance|p1a: MOTHRA
|-boost|p1a: MOTHRA|spa|1
|-boost|p1a: MOTHRA|spd|1
|-boost|p1a: MOTHRA|spe|1
|move|p2a: Smeargle|Quiver Dance|p2a: Smeargle
|-boost|p2a: Smeargle|spa|1
|-boost|p2a: Smeargle|spd|1
|-boost|p2a: Smeargle|spe|1
|
|upkeep
|turn|19
|
|t:|1634273385
|move|p2a: Smeargle|Quiver Dance|p2a: Smeargle
|-boost|p2a: Smeargle|spa|1
|-boost|p2a: Smeargle|spd|1
|-boost|p2a: Smeargle|spe|1
|move|p1a: MOTHRA|Flamethrower|p2a: Smeargle
|-damage|p2a: Smeargle|61/100
|
|upkeep
|turn|20
|
|t:|1634273392
|-start|p2a: Smeargle|Dynamax
|-heal|p2a: Smeargle|61/100|[silent]
|move|p2a: Smeargle|Max Flare|p1a: MOTHRA
|-damage|p1a: MOTHRA|13/100
|-weather|SunnyDay
|move|p1a: MOTHRA|Flamethrower|p2a: Smeargle
|-damage|p2a: Smeargle|36/100
|
|-weather|SunnyDay|[upkeep]
|upkeep
|turn|21
|
|t:|1634273422
|move|p2a: Smeargle|Max Flare|p1a: MOTHRA
|-damage|p1a: MOTHRA|0 fnt
|faint|p1a: MOTHRA
|
|-weather|SunnyDay|[upkeep]
|upkeep
|
|t:|1634273435
|switch|p1a: GODZILLA|Tyranitar, F|100/100
|-weather|Sandstorm|[from] ability: Sand Stream|[of] p1a: GODZILLA
|turn|22
|
|t:|1634273446
|-start|p1a: GODZILLA|Dynamax
|-heal|p1a: GODZILLA|100/100|[silent]
|move|p2a: Smeargle|Max Flutterby|p1a: GODZILLA
|-supereffective|p1a: GODZILLA
|-damage|p1a: GODZILLA|1/100
|-unboost|p1a: GODZILLA|spa|1
|move|p1a: GODZILLA|Max Darkness|p2a: Smeargle
|-damage|p2a: Smeargle|0 fnt
|faint|p2a: Smeargle
|
|-weather|Sandstorm|[upkeep]
|-heal|p1a: GODZILLA|4/100|[from] item: Leftovers
|upkeep
|
|t:|1634273456
|switch|p2a: Weavile|Weavile, M|100/100
|-ability|p2a: Weavile|Pressure
|turn|23
|
|t:|1634273465
|move|p1a: GODZILLA|Max Guard|p1a: GODZILLA
|-singleturn|p1a: GODZILLA|Max Guard
|move|p2a: Weavile|Assist|p2a: Weavile
|move|p2a: Weavile|Spore|p1a: GODZILLA|[from]move: Assist
|-activate|p1a: GODZILLA|move: Max Guard
|
|-weather|Sandstorm|[upkeep]
|-damage|p2a: Weavile|94/100|[from] Sandstorm
|-heal|p1a: GODZILLA|7/100|[from] item: Leftovers
|upkeep
|turn|24
|
|t:|1634273479
|move|p2a: Weavile|Assist|p2a: Weavile
|move|p2a: Weavile|Spore|p1a: GODZILLA|[from]move: Assist
|-status|p1a: GODZILLA|slp|[from] move: Spore
|cant|p1a: GODZILLA|slp
|
|-weather|Sandstorm|[upkeep]
|-damage|p2a: Weavile|88/100|[from] Sandstorm
|-heal|p1a: GODZILLA|10/100 slp|[from] item: Leftovers
|-end|p1a: GODZILLA|Dynamax
|-heal|p1a: GODZILLA|10/100 slp|[silent]
|upkeep
|turn|25
|
|t:|1634273493
|move|p2a: Weavile|Assist|p2a: Weavile
|move|p2a: Weavile|Spore|p1a: GODZILLA|[from]move: Assist
|-fail|p1a: GODZILLA|slp
|-curestatus|p1a: GODZILLA|slp|[msg]
|move|p1a: GODZILLA|Thunder Wave|p2a: Weavile
|-status|p2a: Weavile|par
|
|-weather|Sandstorm|[upkeep]
|-damage|p2a: Weavile|82/100 par|[from] Sandstorm
|-heal|p1a: GODZILLA|16/100|[from] item: Leftovers
|upkeep
|turn|26
|
|t:|1634273507
|move|p2a: Weavile|Assist|p2a: Weavile
|move|p2a: Weavile|Glacial Lance|p1a: GODZILLA|[from]move: Assist
|-crit|p1a: GODZILLA
|-damage|p1a: GODZILLA|0 fnt
|faint|p1a: GODZILLA
|
|-weather|none
|upkeep
|
|t:|1634273518
|switch|p1a: RODAN|Aerodactyl, M|100/100
|-ability|p1a: RODAN|Unnerve
|turn|27
|
|t:|1634273528
|detailschange|p1a: RODAN|Aerodactyl-Mega, M
|-mega|p1a: RODAN|Aerodactyl|Aerodactylite
|move|p1a: RODAN|Stone Edge|p2a: Weavile
|-supereffective|p2a: Weavile
|-damage|p2a: Weavile|0 fnt
|faint|p2a: Weavile
|
|upkeep
|
|t:|1634273533
|switch|p2a: Weavile|Weavile, F|100/100
|-ability|p2a: Weavile|Pressure
|turn|28
|
|t:|1634273539
|move|p2a: Weavile|Assist|p2a: Weavile
|move|p2a: Weavile|Spore|p1a: RODAN|[from]move: Assist
|-status|p1a: RODAN|slp|[from] move: Spore
|cant|p1a: RODAN|slp
|
|upkeep
|turn|29
|c|☆2201Baby|Dude this is so lame
|
|t:|1634273555
|move|p2a: Weavile|Assist|p2a: Weavile
|move|p2a: Weavile|Glacial Lance|p1a: RODAN|[from]move: Assist
|-supereffective|p1a: RODAN
|-damage|p1a: RODAN|0 fnt
|faint|p1a: RODAN
|
|upkeep
|
|t:|1634273567
|switch|p1a: MECHAGODZILLA|Duraludon, F|100/100 slp
|turn|30
|
|t:|1634273572
|move|p2a: Weavile|Assist|p2a: Weavile
|move|p2a: Weavile|Glacial Lance|p1a: MECHAGODZILLA|[from]move: Assist
|-damage|p1a: MECHAGODZILLA|54/100 slp
|cant|p1a: MECHAGODZILLA|slp
|
|upkeep
|turn|31
|
|t:|1634273579
|move|p2a: Weavile|Assist|p2a: Weavile
|move|p2a: Weavile|Glacial Lance|p1a: MECHAGODZILLA|[from]move: Assist
|-damage|p1a: MECHAGODZILLA|1/100 slp
|cant|p1a: MECHAGODZILLA|slp
|
|upkeep
|turn|32
|inactive|Battle timer is ON: inactive players will automatically lose when time's up. (requested by meepacman)
|inactive|2201Baby has 120 seconds left.
|inactive|2201Baby has 90 seconds left.
|inactive|2201Baby has 60 seconds left.
|inactive|2201Baby has 30 seconds left.
|inactive|2201Baby has 20 seconds left.
|inactive|2201Baby has 15 seconds left.
|inactive|2201Baby has 10 seconds left.
|inactive|2201Baby has 5 seconds left.
|-message|2201Baby lost due to inactivity.
|
|win|meepacman
|raw|2201Baby's rating: 1259 &rarr; <strong>1237</strong><br />(-22 for losing)
|raw|meepacman's rating: 1298 &rarr; <strong>1320</strong><br />(+22 for winning)
|c|☆meepacman|gg
