|j|☆dasort
|j|☆mastertrainer33
|inactive|Battle timer is ON: inactive players will automatically lose when time's up.
|t:|1649268914
|gametype|singles
|player|p1|dasort|101|
|player|p2|mastertrainer33|clown|
|teamsize|p1|6
|teamsize|p2|6
|gen|8
|tier|[Gen 8] National Dex AG
|rated|Tournament battle
|rule|HP Percentage Mod: HP is shown in percentages
|rule|Endless Battle Clause: Forcing endless battles is banned
|clearpoke
|poke|p1|Lunala|
|poke|p1|Rayquaza|
|poke|p1|Groudon|
|poke|p1|Yveltal|
|poke|p1|Necrozma-Dusk-Mane|
|poke|p1|Arceus-*|
|poke|p2|Yveltal|
|poke|p2|Arceus-*|
|poke|p2|Ho-Oh|
|poke|p2|Rayquaza|
|poke|p2|Lugia|
|poke|p2|Skarmory, F|
|teampreview
|c|☆dasort|GL HF
|
|t:|1649268928
|start
|switch|p1a: Lunala|Lunala|100/100
|switch|p2a: Arceus|Arceus-Flying|100/100
|turn|1
|
|t:|1649268956
|switch|p1a: Arceus|Arceus-Fairy|100/100
|move|p2a: Arceus|Calm Mind|p2a: Arceus
|-boost|p2a: Arceus|spa|1
|-boost|p2a: Arceus|spd|1
|
|upkeep
|turn|2
|
|t:|1649268963
|move|p1a: Arceus|Calm Mind|p1a: Arceus
|-boost|p1a: Arceus|spa|1
|-boost|p1a: Arceus|spd|1
|move|p2a: Arceus|Calm Mind|p2a: Arceus
|-boost|p2a: Arceus|spa|1
|-boost|p2a: Arceus|spd|1
|
|upkeep
|turn|3
|
|t:|1649268973
|move|p1a: Arceus|Calm Mind|p1a: Arceus
|-boost|p1a: Arceus|spa|1
|-boost|p1a: Arceus|spd|1
|move|p2a: Arceus|Calm Mind|p2a: Arceus
|-boost|p2a: Arceus|spa|1
|-boost|p2a: Arceus|spd|1
|
|upkeep
|turn|4
|
|t:|1649268978
|move|p1a: Arceus|Calm Mind|p1a: Arceus
|-boost|p1a: Arceus|spa|1
|-boost|p1a: Arceus|spd|1
|move|p2a: Arceus|Calm Mind|p2a: Arceus
|-boost|p2a: Arceus|spa|1
|-boost|p2a: Arceus|spd|1
|
|upkeep
|turn|5
|
|t:|1649268982
|move|p1a: Arceus|Calm Mind|p1a: Arceus
|-boost|p1a: Arceus|spa|1
|-boost|p1a: Arceus|spd|1
|move|p2a: Arceus|Calm Mind|p2a: Arceus
|-boost|p2a: Arceus|spa|1
|-boost|p2a: Arceus|spd|1
|
|upkeep
|turn|6
|
|t:|1649268985
|move|p1a: Arceus|Calm Mind|p1a: Arceus
|-boost|p1a: Arceus|spa|1
|-boost|p1a: Arceus|spd|1
|move|p2a: Arceus|Calm Mind|p2a: Arceus
|-boost|p2a: Arceus|spa|1
|-boost|p2a: Arceus|spd|1
|
|upkeep
|turn|7
|
|t:|1649268990
|-start|p2a: Arceus|Dynamax|
|-heal|p2a: Arceus|100/100|[silent]
|move|p1a: Arceus|Calm Mind|p1a: Arceus
|-boost|p1a: Arceus|spa|1
|-boost|p1a: Arceus|spd|1
|move|p2a: Arceus|Max Airstream|p1a: Arceus
|-damage|p1a: Arceus|42/100
|-boost|p2a: Arceus|spe|1
|
|upkeep
|turn|8
|
|t:|1649269004
|-start|p1a: Arceus|Dynamax|
|-heal|p1a: Arceus|42/100|[silent]
|move|p1a: Arceus|Max Guard|p1a: Arceus
|-singleturn|p1a: Arceus|Max Guard
|move|p2a: Arceus|Max Airstream|p1a: Arceus
|-activate|p1a: Arceus|move: Max Guard
|
|upkeep
|turn|9
|
|t:|1649269009
|move|p2a: Arceus|Max Airstream|p1a: Arceus
|-damage|p1a: Arceus|15/100
|-boost|p2a: Arceus|spe|1
|move|p1a: Arceus|Max Starfall|p2a: Arceus
|-damage|p2a: Arceus|78/100
|-fieldstart|move: Misty Terrain
|
|-end|p2a: Arceus|Dynamax
|-heal|p2a: Arceus|78/100|[silent]
|upkeep
|turn|10
|
|t:|1649269014
|move|p2a: Arceus|Judgment|p1a: Arceus
|-damage|p1a: Arceus|0 fnt
|faint|p1a: Arceus
|
|upkeep
|
|t:|1649269035
|switch|p1a: Yveltal|Yveltal|100/100
|-ability|p1a: Yveltal|Dark Aura
|turn|11
|
|t:|1649269054
|move|p2a: Arceus|Judgment|p1a: Yveltal
|-damage|p1a: Yveltal|0 fnt
|faint|p1a: Yveltal
|
|upkeep
|
|t:|1649269072
|switch|p1a: Necrozma|Necrozma-Dusk-Mane|100/100
|turn|12
|
|t:|1649269076
|move|p2a: Arceus|Judgment|p1a: Necrozma
|-resisted|p1a: Necrozma
|-damage|p1a: Necrozma|0 fnt
|faint|p1a: Necrozma
|
|upkeep
|
|t:|1649269080
|switch|p1a: Rayquaza|Rayquaza|100/100
|-ability|p1a: Rayquaza|Air Lock
|turn|13
|
|t:|1649269084
|detailschange|p1a: Rayquaza|Rayquaza-Mega
|-mega|p1a: Rayquaza|Rayquaza|
|-weather|DeltaStream|[from] ability: Delta Stream|[of] p1a: Rayquaza
|move|p1a: Rayquaza|Extreme Speed|p2a: Arceus
|-damage|p2a: Arceus|43/100
|move|p2a: Arceus|Judgment|p1a: Rayquaza
|-damage|p1a: Rayquaza|0 fnt
|faint|p1a: Rayquaza
|-weather|none
|
|-fieldend|Misty Terrain
|upkeep
|-message|dasort forfeited.
|
|win|mastertrainer33
|n|☆dasort|dasort
|n|☆mastertrainer33|mastertrainer33
|l|☆dasort
|l|☆mastertrainer33
