|j|☆DarkboiJ
|j|☆IWSK
|t:|1664187817
|gametype|singles
|player|p1|DarkboiJ|blue-gen3two|1858
|player|p2|IWSK|lucas|1811
|teamsize|p1|6
|teamsize|p2|6
|gen|8
|tier|[Gen 8] National Dex AG
|rated|
|rule|HP Percentage Mod: HP is shown in percentages
|rule|Endless Battle Clause: Forcing endless battles is banned
|clearpoke
|poke|p1|Deoxys-Attack|
|poke|p1|Ditto|
|poke|p1|Azumarill, M|
|poke|p1|Lugia|
|poke|p1|Arceus-*|
|poke|p1|Arceus-*|
|poke|p2|Arceus-*|
|poke|p2|Necrozma-Dusk-Mane|
|poke|p2|Gengar, F|
|poke|p2|Ho-Oh|
|poke|p2|Gliscor, M|
|poke|p2|Yveltal|
|teampreview
|inactive|Battle timer is ON: inactive players will automatically lose when time's up. (requested by IWSK)
|inactive|DarkboiJ also wants the timer to be on.
|j| rahull
|
|t:|1664187825
|start
|switch|p1a: Deoxys|Deoxys-Attack, shiny|100/100
|switch|p2a: Ho-Oh|Ho-Oh|100/100
|-ability|p1a: Deoxys|Pressure
|turn|1
|
|t:|1664187835
|move|p1a: Deoxys|Rock Slide|p2a: Ho-Oh
|-supereffective|p2a: Ho-Oh
|-damage|p2a: Ho-Oh|0 fnt
|faint|p2a: Ho-Oh
|
|upkeep
|
|t:|1664187841
|switch|p2a: Arceus|Arceus-Water|100/100
|turn|2
|
|t:|1664187848
|move|p1a: Deoxys|Psycho Boost|p2a: Arceus
|-damage|p2a: Arceus|34/100
|-unboost|p1a: Deoxys|spa|2
|move|p2a: Arceus|Judgment|p1a: Deoxys
|-enditem|p1a: Deoxys|Focus Sash
|-damage|p1a: Deoxys|1/100
|
|upkeep
|turn|3
|l|☆DarkboiJ
|inactive|DarkboiJ disconnected and has a minute to reconnect!
|player|p1|
|j|☆DarkboiJ
|inactive|DarkboiJ reconnected and has 120 seconds left.
|player|p1|DarkboiJ|blue-gen3two
|
|t:|1664187883
|move|p1a: Deoxys|Psycho Boost|p2a: Arceus
|-damage|p2a: Arceus|1/100
|-unboost|p1a: Deoxys|spa|2
|move|p2a: Arceus|Recover|p2a: Arceus
|-heal|p2a: Arceus|52/100
|
|upkeep
|turn|4
|
|t:|1664187891
|switch|p1a: Arceus|Arceus-Fairy|100/100
|move|p2a: Arceus|Recover|p2a: Arceus
|-heal|p2a: Arceus|100/100
|
|upkeep
|turn|5
|
|t:|1664187900
|move|p2a: Arceus|Toxic|p1a: Arceus|[miss]
|-miss|p2a: Arceus|p1a: Arceus
|move|p1a: Arceus|Stealth Rock|p2a: Arceus
|-sidestart|p2: IWSK|move: Stealth Rock
|
|upkeep
|turn|6
|
|t:|1664187905
|move|p2a: Arceus|Toxic|p1a: Arceus
|-status|p1a: Arceus|tox
|move|p1a: Arceus|Toxic|p2a: Arceus
|-status|p2a: Arceus|tox
|
|-damage|p2a: Arceus|94/100 tox|[from] psn
|-damage|p1a: Arceus|94/100 tox|[from] psn
|upkeep
|turn|7
|
|t:|1664187914
|switch|p2a: Necrozma|Necrozma-Dusk-Mane|100/100
|-damage|p2a: Necrozma|94/100|[from] Stealth Rock
|switch|p1a: Deoxys|Deoxys-Attack, shiny|1/100
|-ability|p1a: Deoxys|Pressure
|
|upkeep
|turn|8
|
|t:|1664187924
|move|p1a: Deoxys|Ice Beam|p2a: Necrozma
|-resisted|p2a: Necrozma
|-damage|p2a: Necrozma|79/100
|move|p2a: Necrozma|Morning Sun|p2a: Necrozma
|-heal|p2a: Necrozma|100/100
|
|upkeep
|turn|9
|
|t:|1664187931
|move|p1a: Deoxys|Ice Beam|p2a: Necrozma
|-resisted|p2a: Necrozma
|-damage|p2a: Necrozma|84/100
|move|p2a: Necrozma|Stealth Rock|p1a: Deoxys
|-sidestart|p1: DarkboiJ|move: Stealth Rock
|
|upkeep
|turn|10
|
|t:|1664187937
|move|p1a: Deoxys|Ice Beam|p2a: Necrozma
|-resisted|p2a: Necrozma
|-damage|p2a: Necrozma|69/100
|move|p2a: Necrozma|Morning Sun|p2a: Necrozma
|-heal|p2a: Necrozma|100/100
|
|upkeep
|turn|11
|
|t:|1664187946
|move|p1a: Deoxys|Ice Beam|p2a: Necrozma
|-resisted|p2a: Necrozma
|-crit|p2a: Necrozma
|-damage|p2a: Necrozma|77/100
|move|p2a: Necrozma|Earthquake|p1a: Deoxys
|-damage|p1a: Deoxys|0 fnt
|faint|p1a: Deoxys
|
|upkeep
|
|t:|1664187951
|switch|p1a: Azumarill|Azumarill, M|100/100
|-damage|p1a: Azumarill|88/100|[from] Stealth Rock
|turn|12
|
|t:|1664187956
|-start|p2a: Necrozma|Dynamax|
|-heal|p2a: Necrozma|77/100|[silent]
|move|p2a: Necrozma|Max Steelspike|p1a: Azumarill
|-damage|p1a: Azumarill|17/100
|-boost|p2a: Necrozma|def|1
|-enditem|p1a: Azumarill|Sitrus Berry|[eat]
|-heal|p1a: Azumarill|42/100|[from] item: Sitrus Berry
|move|p1a: Azumarill|Knock Off|p2a: Necrozma
|-supereffective|p2a: Necrozma
|-damage|p2a: Necrozma|66/100
|-damage|p1a: Azumarill|25/100|[from] item: Rocky Helmet|[of] p2a: Necrozma
|-enditem|p2a: Necrozma|Rocky Helmet|[from] move: Knock Off|[of] p1a: Azumarill
|
|upkeep
|turn|13
|
|t:|1664187968
|move|p1a: Azumarill|Aqua Jet|p2a: Necrozma
|-damage|p2a: Necrozma|61/100
|move|p2a: Necrozma|Max Steelspike|p1a: Azumarill
|-damage|p1a: Azumarill|0 fnt
|-boost|p2a: Necrozma|def|1
|faint|p1a: Azumarill
|
|upkeep
|
|t:|1664187982
|switch|p1a: Lugia|Lugia|100/100
|-damage|p1a: Lugia|75/100|[from] Stealth Rock
|turn|14
|
|t:|1664187990
|move|p1a: Lugia|Calm Mind|p1a: Lugia
|-boost|p1a: Lugia|spa|1
|-boost|p1a: Lugia|spd|1
|move|p2a: Necrozma|Max Steelspike|p1a: Lugia
|-damage|p1a: Lugia|34/100
|-boost|p2a: Necrozma|def|1
|
|upkeep
|-end|p2a: Necrozma|Dynamax
|-heal|p2a: Necrozma|62/100|[silent]
|turn|15
|
|t:|1664188006
|switch|p2a: Yveltal|Yveltal|100/100
|-damage|p2a: Yveltal|76/100|[from] Stealth Rock
|-ability|p2a: Yveltal|Dark Aura
|move|p1a: Lugia|Recover|p1a: Lugia
|-heal|p1a: Lugia|84/100
|
|upkeep
|turn|16
|
|t:|1664188017
|-start|p1a: Lugia|Dynamax|
|-heal|p1a: Lugia|84/100|[silent]
|move|p1a: Lugia|Max Lightning|p2a: Yveltal
|-supereffective|p2a: Yveltal
|-damage|p2a: Yveltal|24/100
|-fieldstart|move: Electric Terrain
|move|p2a: Yveltal|Snarl|p1a: Lugia|[miss]
|-miss|p2a: Yveltal|p1a: Lugia
|
|upkeep
|turn|17
|-message|IWSK forfeited.
|
|win|DarkboiJ
|raw|DarkboiJ's rating: 1858 &rarr; <strong>1875</strong><br />(+17 for winning)
|raw|IWSK's rating: 1811 &rarr; <strong>1794</strong><br />(-17 for losing)
|l|☆IWSK
|l| rahull
