|j|☆lemoncell0
|j|☆Buck is stallish
|t:|1661028681
|gametype|singles
|player|p1|lemoncell0|allister|1937
|player|p2|Buck is stallish|ethan-masters|1914
|teamsize|p1|6
|teamsize|p2|6
|gen|8
|tier|[Gen 8] National Dex AG
|rated|
|rule|HP Percentage Mod: HP is shown in percentages
|rule|Endless Battle Clause: Forcing endless battles is banned
|clearpoke
|poke|p1|Quagsire, M|
|poke|p1|Salamence, F|
|poke|p1|Ferrothorn, F|
|poke|p1|Zacian-*|
|poke|p1|Tyranitar, M|
|poke|p1|Ditto|
|poke|p2|Kyogre|
|poke|p2|Chansey, F|
|poke|p2|Sableye, F|
|poke|p2|Lugia|
|poke|p2|Yveltal|
|poke|p2|Arceus-*|
|teampreview
|inactive|Battle timer is ON: inactive players will automatically lose when time's up. (requested by Buck is stallish)
|
|t:|1661028695
|start
|switch|p1a: Zacian|Zacian-Crowned|100/100
|switch|p2a: Pretty gem|Sableye, F|100/100
|-ability|p1a: Zacian|Intrepid Sword|boost
|-boost|p1a: Zacian|atk|1
|turn|1
|
|t:|1661028701
|detailschange|p2a: Pretty gem|Sableye-Mega, F
|-mega|p2a: Pretty gem|Sableye|Sablenite
|move|p2a: Pretty gem|Protect|p2a: Pretty gem
|-singleturn|p2a: Pretty gem|Protect
|move|p1a: Zacian|Behemoth Blade|p2a: Pretty gem
|-activate|p2a: Pretty gem|move: Protect
|
|upkeep
|turn|2
|
|t:|1661028705
|switch|p2a: Fearless priest|Arceus-Ground|100/100
|move|p1a: Zacian|Play Rough|p2a: Fearless priest
|-damage|p2a: Fearless priest|58/100
|
|upkeep
|turn|3
|
|t:|1661028709
|switch|p1a: Ferrothorn|Ferrothorn, F|100/100
|move|p2a: Fearless priest|Recover|p2a: Fearless priest
|-heal|p2a: Fearless priest|100/100
|
|upkeep
|turn|4
|
|t:|1661028711
|switch|p2a: Pretty gem|Sableye-Mega, F|100/100
|switch|p1a: Salamence|Salamence, F|100/100
|-ability|p1a: Salamence|Intimidate|boost
|-unboost|p2a: Pretty gem|atk|1
|
|upkeep
|turn|5
|
|t:|1661028719
|switch|p2a: Eternal storm|Kyogre|100/100
|-weather|RainDance|[from] ability: Drizzle|[of] p2a: Eternal storm
|detailschange|p1a: Salamence|Salamence-Mega, F
|-mega|p1a: Salamence|Salamence|Salamencite
|move|p1a: Salamence|Body Slam|p2a: Eternal storm
|-damage|p2a: Eternal storm|65/100
|-status|p2a: Eternal storm|par
|
|-weather|RainDance|[upkeep]
|-heal|p2a: Eternal storm|71/100 par|[from] item: Leftovers
|upkeep
|turn|6
|
|t:|1661028722
|switch|p1a: Ferrothorn|Ferrothorn, F|100/100
|move|p2a: Eternal storm|Ice Beam|p1a: Ferrothorn
|-damage|p1a: Ferrothorn|82/100
|
|-weather|RainDance|[upkeep]
|-heal|p2a: Eternal storm|77/100 par|[from] item: Leftovers
|-heal|p1a: Ferrothorn|89/100|[from] item: Leftovers
|upkeep
|turn|7
|
|t:|1661028727
|cant|p2a: Eternal storm|par
|move|p1a: Ferrothorn|Leech Seed|p2a: Eternal storm
|-start|p2a: Eternal storm|move: Leech Seed
|
|-weather|RainDance|[upkeep]
|-heal|p2a: Eternal storm|83/100 par|[from] item: Leftovers
|-heal|p1a: Ferrothorn|95/100|[from] item: Leftovers
|-damage|p2a: Eternal storm|71/100 par|[from] Leech Seed|[of] p1a: Ferrothorn
|-heal|p1a: Ferrothorn|100/100|[silent]
|upkeep
|turn|8
|
|t:|1661028730
|switch|p2a: Pretty gem|Sableye-Mega, F|100/100
|switch|p1a: Salamence|Salamence-Mega, F|100/100
|
|-weather|RainDance|[upkeep]
|upkeep
|turn|9
|j| Chucter56
|
|t:|1661028738
|move|p1a: Salamence|Body Slam|p2a: Pretty gem
|-damage|p2a: Pretty gem|62/100
|move|p2a: Pretty gem|Will-O-Wisp|p1a: Salamence
|-status|p1a: Salamence|brn
|
|-weather|none
|-damage|p1a: Salamence|94/100 brn|[from] brn
|upkeep
|turn|10
|
|t:|1661028741
|move|p2a: Pretty gem|Protect|p2a: Pretty gem
|-singleturn|p2a: Pretty gem|Protect
|move|p1a: Salamence|Facade|p2a: Pretty gem
|-activate|p2a: Pretty gem|move: Protect
|
|-damage|p1a: Salamence|88/100 brn|[from] brn
|upkeep
|turn|11
|l| Chucter56
|
|t:|1661028743
|switch|p2a: White phoenix|Lugia|100/100
|move|p1a: Salamence|Facade|p2a: White phoenix
|-damage|p2a: White phoenix|77/100
|
|-heal|p2a: White phoenix|83/100|[from] item: Leftovers
|-damage|p1a: Salamence|82/100 brn|[from] brn
|upkeep
|turn|12
|
|t:|1661028747
|move|p1a: Salamence|Facade|p2a: White phoenix
|-damage|p2a: White phoenix|37/100
|move|p2a: White phoenix|Roost|p2a: White phoenix
|-heal|p2a: White phoenix|87/100
|-singleturn|p2a: White phoenix|move: Roost
|
|-heal|p2a: White phoenix|93/100|[from] item: Leftovers
|-damage|p1a: Salamence|76/100 brn|[from] brn
|upkeep
|turn|13
|
|t:|1661028756
|switch|p1a: Ferrothorn|Ferrothorn, F|100/100
|move|p2a: White phoenix|Toxic|p1a: Ferrothorn
|-immune|p1a: Ferrothorn
|
|-heal|p2a: White phoenix|99/100|[from] item: Leftovers
|upkeep
|turn|14
|
|t:|1661028763
|switch|p2a: Pretty gem|Sableye-Mega, F|62/100
|move|p1a: Ferrothorn|Knock Off|p2a: Pretty gem
|-damage|p2a: Pretty gem|53/100
|
|upkeep
|turn|15
|
|t:|1661028769
|switch|p1a: Zacian|Zacian-Crowned|100/100
|-ability|p1a: Zacian|Intrepid Sword|boost
|-boost|p1a: Zacian|atk|1
|move|p2a: Pretty gem|Recover|p2a: Pretty gem
|-heal|p2a: Pretty gem|100/100
|
|upkeep
|turn|16
|
|t:|1661028774
|switch|p2a: Fearless priest|Arceus-Ground|100/100
|move|p1a: Zacian|Play Rough|p2a: Fearless priest
|-damage|p2a: Fearless priest|54/100
|
|upkeep
|turn|17
|
|t:|1661028778
|move|p1a: Zacian|Behemoth Blade|p2a: Fearless priest
|-damage|p2a: Fearless priest|3/100
|move|p2a: Fearless priest|Recover|p2a: Fearless priest
|-heal|p2a: Fearless priest|53/100
|
|upkeep
|turn|18
|
|t:|1661028794
|move|p1a: Zacian|Behemoth Blade|p2a: Fearless priest
|-damage|p2a: Fearless priest|1/100
|move|p2a: Fearless priest|Recover|p2a: Fearless priest
|-heal|p2a: Fearless priest|51/100
|
|upkeep
|turn|19
|inactive|Buck is stallish has 120 seconds left.
|
|t:|1661028829
|move|p1a: Zacian|Behemoth Blade|p2a: Fearless priest
|-damage|p2a: Fearless priest|1/100
|move|p2a: Fearless priest|Will-O-Wisp|p1a: Zacian
|-status|p1a: Zacian|brn
|
|-damage|p1a: Zacian|94/100 brn|[from] brn
|upkeep
|turn|20
|
|t:|1661028834
|switch|p2a: White phoenix|Lugia|99/100
|move|p1a: Zacian|Behemoth Blade|p2a: White phoenix
|-damage|p2a: White phoenix|75/100
|
|-heal|p2a: White phoenix|81/100|[from] item: Leftovers
|-damage|p1a: Zacian|88/100 brn|[from] brn
|upkeep
|turn|21
|inactive|Buck is stallish has 120 seconds left.
|
|t:|1661028848
|switch|p1a: Ditto|Ditto|100/100
|-transform|p1a: Ditto|p2a: White phoenix|[from] ability: Imposter
|move|p2a: White phoenix|Roost|p2a: White phoenix
|-heal|p2a: White phoenix|100/100
|-singleturn|p2a: White phoenix|move: Roost
|
|upkeep
|turn|22
|
|t:|1661028855
|switch|p2a: Pretty gem|Sableye-Mega, F|100/100
|move|p1a: Ditto|Whirlwind|p2a: Pretty gem
|move|p2a: Pretty gem|Whirlwind|p1a: Ditto|[from]ability: Magic Bounce
|drag|p1a: Ferrothorn|Ferrothorn, F|100/100
|
|upkeep
|turn|23
|
|t:|1661028862
|switch|p1a: Salamence|Salamence-Mega, F|76/100 brn
|move|p2a: Pretty gem|Foul Play|p1a: Salamence
|-damage|p1a: Salamence|34/100 brn
|
|-damage|p1a: Salamence|28/100 brn|[from] brn
|upkeep
|turn|24
|
|t:|1661028865
|move|p1a: Salamence|Roost|p1a: Salamence
|-heal|p1a: Salamence|78/100 brn
|-singleturn|p1a: Salamence|move: Roost
|move|p2a: Pretty gem|Foul Play|p1a: Salamence
|-damage|p1a: Salamence|37/100 brn
|
|-damage|p1a: Salamence|31/100 brn|[from] brn
|upkeep
|turn|25
|
|t:|1661028873
|switch|p2a: White phoenix|Lugia|100/100
|move|p1a: Salamence|Roost|p1a: Salamence
|-heal|p1a: Salamence|81/100 brn
|-singleturn|p1a: Salamence|move: Roost
|
|-damage|p1a: Salamence|75/100 brn|[from] brn
|upkeep
|turn|26
|
|t:|1661028878
|switch|p1a: Tyranitar|Tyranitar, M|100/100
|-weather|Sandstorm|[from] ability: Sand Stream|[of] p1a: Tyranitar
|switch|p2a: Fearless priest|Arceus-Ground|1/100
|
|-weather|Sandstorm|[upkeep]
|upkeep
|turn|27
|
|t:|1661028887
|switch|p2a: Pretty gem|Sableye-Mega, F|100/100
|move|p1a: Tyranitar|Stealth Rock|p2a: Pretty gem
|move|p2a: Pretty gem|Stealth Rock|p1a: Tyranitar|[from]ability: Magic Bounce
|-sidestart|p1: lemoncell0|move: Stealth Rock
|
|-weather|Sandstorm|[upkeep]
|-damage|p2a: Pretty gem|94/100|[from] Sandstorm
|upkeep
|turn|28
|
|t:|1661028893
|switch|p1a: Salamence|Salamence-Mega, F|75/100 brn
|-damage|p1a: Salamence|50/100 brn|[from] Stealth Rock
|move|p2a: Pretty gem|Foul Play|p1a: Salamence
|-damage|p1a: Salamence|7/100 brn
|
|-weather|Sandstorm|[upkeep]
|-damage|p1a: Salamence|1/100 brn|[from] Sandstorm
|-damage|p2a: Pretty gem|88/100|[from] Sandstorm
|-damage|p1a: Salamence|0 fnt|[from] brn
|faint|p1a: Salamence
|upkeep
|c|☆lemoncell0|rip
|c|☆lemoncell0|gg
|-message|lemoncell0 forfeited.
|
|win|Buck is stallish
|raw|lemoncell0's rating: 1937 &rarr; <strong>1916</strong><br />(-21 for losing)
|raw|Buck is stallish's rating: 1914 &rarr; <strong>1935</strong><br />(+21 for winning)
|l|☆lemoncell0
