|j|☆trikingtri
|j|☆Lord Rekkuza
|t:|1645585564
|gametype|singles
|player|p1|trikingtri|265|1748
|player|p2|Lord Rekkuza|lance-gen1|1772
|teamsize|p1|6
|teamsize|p2|6
|gen|8
|tier|[Gen 8] National Dex AG
|rated|
|rule|HP Percentage Mod: HP is shown in percentages
|rule|Endless Battle Clause: Forcing endless battles is banned
|clearpoke
|poke|p1|Calyrex-Shadow|
|poke|p1|Rayquaza|
|poke|p1|Yveltal|
|poke|p1|Donphan, M|
|poke|p1|Marshadow|
|poke|p1|Arceus-*|
|poke|p2|Rayquaza|
|poke|p2|Groudon|
|poke|p2|Arceus-*|
|poke|p2|Xerneas-*|
|poke|p2|Yveltal|
|poke|p2|Necrozma-Dusk-Mane|
|teampreview
|inactive|Battle timer is ON: inactive players will automatically lose when time's up. (requested by trikingtri)
|
|t:|1645585577
|start
|switch|p1a: Donphan|Donphan, M|100/100
|switch|p2a: Rayquaza|Rayquaza|100/100
|-ability|p2a: Rayquaza|Air Lock
|turn|1
|
|t:|1645585583
|detailschange|p2a: Rayquaza|Rayquaza-Mega
|-mega|p2a: Rayquaza|Rayquaza|
|-weather|DeltaStream|[from] ability: Delta Stream|[of] p2a: Rayquaza
|move|p2a: Rayquaza|Scale Shot|p1a: Donphan
|-damage|p1a: Donphan|85/100
|-damage|p1a: Donphan|70/100
|-damage|p1a: Donphan|54/100
|-hitcount|p1a: Donphan|3
|-enditem|p1a: Donphan|Red Card|[of] p2a: Rayquaza
|-unboost|p2a: Rayquaza|def|1
|-boost|p2a: Rayquaza|spe|1
|-damage|p2a: Rayquaza|91/100|[from] item: Life Orb
|-weather|none
|drag|p2a: Xerneas|Xerneas|100/100
|-ability|p2a: Xerneas|Fairy Aura
|move|p1a: Donphan|Stealth Rock|p2a: Xerneas
|-sidestart|p2: Lord Rekkuza|move: Stealth Rock
|
|upkeep
|turn|2
|
|t:|1645585602
|move|p2a: Xerneas|Geomancy||[still]
|-prepare|p2a: Xerneas|Geomancy
|-enditem|p2a: Xerneas|Power Herb
|-anim|p2a: Xerneas|Geomancy|p2a: Xerneas
|-boost|p2a: Xerneas|spa|2
|-boost|p2a: Xerneas|spd|2
|-boost|p2a: Xerneas|spe|2
|move|p1a: Donphan|Toxic|p2a: Xerneas
|-status|p2a: Xerneas|tox
|
|-damage|p2a: Xerneas|94/100 tox|[from] psn
|upkeep
|turn|3
|
|t:|1645585608
|move|p2a: Xerneas|Moonblast|p1a: Donphan
|-damage|p1a: Donphan|0 fnt
|faint|p1a: Donphan
|
|-damage|p2a: Xerneas|82/100 tox|[from] psn
|upkeep
|inactive|trikingtri has 120 seconds left.
|inactive|trikingtri has 90 seconds left.
|
|t:|1645585671
|switch|p1a: Marshadow|Marshadow|100/100
|turn|4
|j| 09-10a
|
|t:|1645585677
|move|p1a: Marshadow|Shadow Sneak|p2a: Xerneas
|-damage|p2a: Xerneas|50/100 tox
|-damage|p1a: Marshadow|91/100|[from] item: Life Orb
|move|p2a: Xerneas|Moonblast|p1a: Marshadow
|-supereffective|p1a: Marshadow
|-damage|p1a: Marshadow|0 fnt
|faint|p1a: Marshadow
|
|-damage|p2a: Xerneas|32/100 tox|[from] psn
|upkeep
|inactive|trikingtri has 90 seconds left.
|
|t:|1645585700
|switch|p1a: Arceus|Arceus|100/100
|turn|5
|
|t:|1645585723
|-start|p2a: Xerneas|Dynamax
|-heal|p2a: Xerneas|32/100 tox|[silent]
|move|p1a: Arceus|Extreme Speed|p2a: Xerneas
|-damage|p2a: Xerneas|16/100 tox
|move|p2a: Xerneas|Max Starfall|p1a: Arceus
|-damage|p1a: Arceus|2/100
|-fieldstart|move: Misty Terrain
|
|-damage|p2a: Xerneas|4/100 tox|[from] psn
|upkeep
|turn|6
|
|t:|1645585735
|move|p1a: Arceus|Extreme Speed|p2a: Xerneas
|-damage|p2a: Xerneas|0 fnt
|faint|p2a: Xerneas
|
|upkeep
|
|t:|1645585743
|switch|p2a: Arceus|Arceus|100/100
|-damage|p2a: Arceus|88/100|[from] Stealth Rock
|turn|7
|
|t:|1645585752
|move|p2a: Arceus|Extreme Speed|p1a: Arceus
|-damage|p1a: Arceus|0 fnt
|faint|p1a: Arceus
|-damage|p2a: Arceus|78/100|[from] item: Life Orb
|
|upkeep
|
|t:|1645585754
|switch|p1a: Rayquaza|Rayquaza|100/100
|-ability|p1a: Rayquaza|Air Lock
|turn|8
|
|t:|1645585765
|detailschange|p1a: Rayquaza|Rayquaza-Mega
|-mega|p1a: Rayquaza|Rayquaza|
|-weather|DeltaStream|[from] ability: Delta Stream|[of] p1a: Rayquaza
|move|p1a: Rayquaza|Dragon Ascent|p2a: Arceus
|-damage|p2a: Arceus|3/100
|-unboost|p1a: Rayquaza|def|1
|-unboost|p1a: Rayquaza|spd|1
|-damage|p1a: Rayquaza|91/100|[from] item: Life Orb
|move|p2a: Arceus|Swords Dance|p2a: Arceus
|-boost|p2a: Arceus|atk|2
|
|-weather|DeltaStream|[upkeep]
|upkeep
|turn|9
|
|t:|1645585774
|move|p1a: Rayquaza|Extreme Speed|p2a: Arceus
|-damage|p2a: Arceus|0 fnt
|faint|p2a: Arceus
|-damage|p1a: Rayquaza|81/100|[from] item: Life Orb
|
|-weather|DeltaStream|[upkeep]
|-fieldend|Misty Terrain
|upkeep
|
|t:|1645585795
|switch|p2a: Rayquaza|Rayquaza-Mega|91/100
|-damage|p2a: Rayquaza|66/100|[from] Stealth Rock
|turn|10
|
|t:|1645585801
|move|p2a: Rayquaza|Scale Shot|p1a: Rayquaza
|-supereffective|p1a: Rayquaza
|-damage|p1a: Rayquaza|6/100
|-supereffective|p1a: Rayquaza
|-damage|p1a: Rayquaza|0 fnt
|faint|p1a: Rayquaza
|-hitcount|p1: Rayquaza|2
|-unboost|p2a: Rayquaza|def|1
|-boost|p2a: Rayquaza|spe|1
|-damage|p2a: Rayquaza|56/100|[from] item: Life Orb
|
|-weather|DeltaStream|[upkeep]
|upkeep
|
|t:|1645585812
|switch|p1a: Yveltal|Yveltal|100/100
|-ability|p1a: Yveltal|Dark Aura
|turn|11
|
|t:|1645585818
|-start|p1a: Yveltal|Dynamax
|-heal|p1a: Yveltal|100/100|[silent]
|move|p2a: Rayquaza|Extreme Speed|p1a: Yveltal
|-damage|p1a: Yveltal|79/100
|-damage|p2a: Rayquaza|46/100|[from] item: Life Orb
|move|p1a: Yveltal|Max Airstream|p2a: Rayquaza
|-damage|p2a: Rayquaza|0 fnt
|-boost|p1a: Yveltal|spe|1
|faint|p2a: Rayquaza
|-weather|none
|-damage|p1a: Yveltal|74/100|[from] item: Life Orb
|
|upkeep
|
|t:|1645585829
|switch|p2a: Groudon|Groudon, shiny|100/100
|-damage|p2a: Groudon|94/100|[from] Stealth Rock
|detailschange|p2a: Groudon|Groudon-Primal, shiny
|-primal|p2a: Groudon
|-weather|DesolateLand|[from] ability: Desolate Land|[of] p2a: Groudon
|turn|12
|
|t:|1645585835
|move|p1a: Yveltal|Max Darkness|p2a: Groudon
|-crit|p2a: Groudon
|-damage|p2a: Groudon|0 fnt
|faint|p2a: Groudon
|-weather|none
|-damage|p1a: Yveltal|69/100|[from] item: Life Orb
|
|upkeep
|
|t:|1645585859
|switch|p2a: Yveltal|Yveltal, shiny|100/100
|-ability|p2a: Yveltal|Dark Aura
|turn|13
|
|t:|1645585864
|move|p1a: Yveltal|Max Airstream|p2a: Yveltal
|-damage|p2a: Yveltal|36/100
|-boost|p1a: Yveltal|spe|1
|-damage|p1a: Yveltal|64/100|[from] item: Life Orb
|move|p2a: Yveltal|Roost|p2a: Yveltal
|-heal|p2a: Yveltal|86/100
|-singleturn|p2a: Yveltal|move: Roost
|
|-end|p1a: Yveltal|Dynamax
|-heal|p1a: Yveltal|65/100|[silent]
|upkeep
|turn|14
|
|t:|1645585869
|move|p1a: Yveltal|Oblivion Wing|p2a: Yveltal
|-damage|p2a: Yveltal|48/100
|-heal|p1a: Yveltal|97/100|[from] drain|[of] p2a: Yveltal
|-damage|p1a: Yveltal|88/100|[from] item: Life Orb
|move|p2a: Yveltal|Roost|p2a: Yveltal
|-heal|p2a: Yveltal|98/100
|-singleturn|p2a: Yveltal|move: Roost
|
|upkeep
|turn|15
|
|t:|1645585873
|move|p1a: Yveltal|Oblivion Wing|p2a: Yveltal
|-damage|p2a: Yveltal|60/100
|-heal|p1a: Yveltal|100/100|[from] drain|[of] p2a: Yveltal
|-damage|p1a: Yveltal|91/100|[from] item: Life Orb
|move|p2a: Yveltal|Knock Off|p1a: Yveltal
|-resisted|p1a: Yveltal
|-damage|p1a: Yveltal|64/100
|-enditem|p1a: Yveltal|Life Orb|[from] move: Knock Off|[of] p2a: Yveltal
|
|upkeep
|turn|16
|
|t:|1645585877
|move|p1a: Yveltal|Taunt|p2a: Yveltal
|-start|p2a: Yveltal|move: Taunt
|cant|p2a: Yveltal|move: Taunt|Roost
|
|upkeep
|turn|17
|
|t:|1645585882
|switch|p2a: Necrozma|Necrozma-Dusk-Mane|100/100
|-damage|p2a: Necrozma|94/100|[from] Stealth Rock
|move|p1a: Yveltal|Oblivion Wing|p2a: Necrozma
|-resisted|p2a: Necrozma
|-damage|p2a: Necrozma|72/100
|-heal|p1a: Yveltal|78/100|[from] drain|[of] p2a: Necrozma
|
|upkeep
|turn|18
|
|t:|1645585894
|move|p1a: Yveltal|Dark Pulse|p2a: Necrozma
|-supereffective|p2a: Necrozma
|-damage|p2a: Necrozma|0 fnt
|faint|p2a: Necrozma
|
|upkeep
|
|t:|1645585897
|switch|p2a: Yveltal|Yveltal, shiny|60/100
|-ability|p2a: Yveltal|Dark Aura
|turn|19
|-message|Lord Rekkuza forfeited.
|
|win|trikingtri
|raw|trikingtri's rating: 1748 &rarr; <strong>1769</strong><br />(+21 for winning)
|raw|Lord Rekkuza's rating: 1772 &rarr; <strong>1751</strong><br />(-21 for losing)
|l|☆Lord Rekkuza
||Ladder isn't responding, score probably updated but might not have (Request timeout).
