|j|☆shuaibi2333
|j|☆ThievesBoom
|t:|1667124598
|gametype|singles
|player|p1|shuaibi2333|cynthia|1518
|player|p2|ThievesBoom|2|1561
|teamsize|p1|6
|teamsize|p2|6
|gen|8
|tier|[Gen 8] National Dex AG
|rated|
|rule|HP Percentage Mod: HP is shown in percentages
|rule|Endless Battle Clause: Forcing endless battles is banned
|clearpoke
|poke|p1|Deoxys-Speed|
|poke|p1|Yveltal|
|poke|p1|Zacian-*|
|poke|p1|Groudon|
|poke|p1|Rayquaza|
|poke|p1|Kyogre|
|poke|p2|Gengar, F|
|poke|p2|Wobbuffet, M|
|poke|p2|Gothitelle, M|
|poke|p2|Arceus-*|
|poke|p2|Tyranitar, F|
|poke|p2|Arceus-*|
|teampreview
|inactive|Battle timer is ON: inactive players will automatically lose when time's up. (requested by shuaibi2333)
|
|t:|1667124607
|start
|switch|p1a: Deoxys|Deoxys-Speed|100/100
|switch|p2a: Gengar|Gengar, F|100/100
|-ability|p1a: Deoxys|Pressure
|turn|1
|
|t:|1667124610
|detailschange|p2a: Gengar|Gengar-Mega, F
|-mega|p2a: Gengar|Gengar|Gengarite
|move|p1a: Deoxys|Thunder Wave|p2a: Gengar
|-status|p2a: Gengar|par
|move|p2a: Gengar|Shadow Ball|p1a: Deoxys
|-supereffective|p1a: Deoxys
|-enditem|p1a: Deoxys|Focus Sash
|-damage|p1a: Deoxys|1/100
|
|upkeep
|turn|2
|
|t:|1667124616
|switch|p2a: Tyranitar|Tyranitar, F|100/100
|-weather|Sandstorm|[from] ability: Sand Stream|[of] p2a: Tyranitar
|move|p1a: Deoxys|Stealth Rock|p2a: Tyranitar
|-sidestart|p2: ThievesBoom|move: Stealth Rock
|
|-weather|Sandstorm|[upkeep]
|-damage|p1a: Deoxys|0 fnt|[from] Sandstorm
|faint|p1a: Deoxys
|upkeep
|
|t:|1667124623
|switch|p1a: Zacian|Zacian-Crowned|100/100
|-ability|p1a: Zacian|Intrepid Sword|boost
|-boost|p1a: Zacian|atk|1
|turn|3
|
|t:|1667124632
|move|p1a: Zacian|Behemoth Blade|p2a: Tyranitar
|-supereffective|p2a: Tyranitar
|-damage|p2a: Tyranitar|0 fnt
|faint|p2a: Tyranitar
|
|-weather|Sandstorm|[upkeep]
|upkeep
|
|t:|1667124636
|switch|p2a: Wobbuffet|Wobbuffet, M|100/100
|-damage|p2a: Wobbuffet|88/100|[from] Stealth Rock
|turn|4
|
|t:|1667124643
|move|p1a: Zacian|Quick Attack|p2a: Wobbuffet
|-damage|p2a: Wobbuffet|67/100
|move|p2a: Wobbuffet|Counter|p1a: Zacian
|-damage|p1a: Zacian|24/100
|
|-weather|Sandstorm|[upkeep]
|-damage|p2a: Wobbuffet|61/100|[from] Sandstorm
|upkeep
|turn|5
|
|t:|1667124652
|move|p1a: Zacian|Behemoth Blade|p2a: Wobbuffet
|-damage|p2a: Wobbuffet|0 fnt
|faint|p2a: Wobbuffet
|
|-weather|Sandstorm|[upkeep]
|upkeep
|
|t:|1667124658
|switch|p2a: Arceus|Arceus|100/100
|-damage|p2a: Arceus|88/100|[from] Stealth Rock
|turn|6
|
|t:|1667124662
|move|p2a: Arceus|Extreme Speed|p1a: Zacian
|-resisted|p1a: Zacian
|-damage|p1a: Zacian|0 fnt
|faint|p1a: Zacian
|-damage|p2a: Arceus|78/100|[from] item: Life Orb
|
|-weather|none
|upkeep
|
|t:|1667124669
|switch|p1a: Kyogre|Kyogre|100/100
|-weather|RainDance|[from] ability: Drizzle|[of] p1a: Kyogre
|turn|7
|
|t:|1667124691
|move|p2a: Arceus|Extreme Speed|p1a: Kyogre
|-damage|p1a: Kyogre|40/100
|-damage|p2a: Arceus|68/100|[from] item: Life Orb
|move|p1a: Kyogre|Water Spout|p2a: Arceus
|-damage|p2a: Arceus|29/100
|
|-weather|RainDance|[upkeep]
|upkeep
|turn|8
|
|t:|1667124704
|-start|p1a: Kyogre|Dynamax|
|-heal|p1a: Kyogre|40/100|[silent]
|move|p2a: Arceus|Recover|p2a: Arceus
|-heal|p2a: Arceus|79/100
|move|p1a: Kyogre|Max Overgrowth|p2a: Arceus
|-damage|p2a: Arceus|48/100
|-fieldstart|move: Grassy Terrain
|
|-weather|RainDance|[upkeep]
|-heal|p2a: Arceus|54/100|[from] Grassy Terrain
|-heal|p1a: Kyogre|43/100|[from] Grassy Terrain
|upkeep
|turn|9
|
|t:|1667124718
|-start|p2a: Arceus|Dynamax|
|-heal|p2a: Arceus|54/100|[silent]
|move|p2a: Arceus|Max Guard|p2a: Arceus
|-singleturn|p2a: Arceus|Max Guard
|move|p1a: Kyogre|Max Geyser|p2a: Arceus
|-activate|p2a: Arceus|move: Max Guard
|
|-weather|RainDance|[upkeep]
|-heal|p2a: Arceus|57/100|[from] Grassy Terrain
|-heal|p1a: Kyogre|46/100|[from] Grassy Terrain
|upkeep
|turn|10
|
|t:|1667124725
|move|p2a: Arceus|Max Strike|p1a: Kyogre
|-damage|p1a: Kyogre|0 fnt
|faint|p1a: Kyogre
|-damage|p2a: Arceus|52/100|[from] item: Life Orb
|
|-weather|RainDance|[upkeep]
|-heal|p2a: Arceus|55/100|[from] Grassy Terrain
|upkeep
|
|t:|1667124732
|switch|p1a: Yveltal|Yveltal|100/100
|-ability|p1a: Yveltal|Dark Aura
|turn|11
|
|t:|1667124740
|move|p1a: Yveltal|Dark Pulse|p2a: Arceus
|-damage|p2a: Arceus|30/100
|-damage|p1a: Yveltal|91/100|[from] item: Life Orb
|move|p2a: Arceus|Max Strike|p1a: Yveltal
|-damage|p1a: Yveltal|6/100
|-unboost|p1a: Yveltal|spe|1
|-damage|p2a: Arceus|25/100|[from] item: Life Orb
|
|-weather|none
|-heal|p2a: Arceus|28/100|[from] Grassy Terrain
|upkeep
|-end|p2a: Arceus|Dynamax
|-heal|p2a: Arceus|28/100|[silent]
|turn|12
|
|t:|1667124749
|move|p1a: Yveltal|Protect|p1a: Yveltal
|-singleturn|p1a: Yveltal|Protect
|move|p2a: Arceus|Extreme Speed|p1a: Yveltal
|-activate|p1a: Yveltal|move: Protect
|
|-heal|p2a: Arceus|34/100|[from] Grassy Terrain
|-fieldend|move: Grassy Terrain
|upkeep
|turn|13
|
|t:|1667124754
|switch|p1a: Groudon|Groudon|100/100
|detailschange|p1a: Groudon|Groudon-Primal
|-primal|p1a: Groudon
|-weather|DesolateLand|[from] ability: Desolate Land|[of] p1a: Groudon
|move|p2a: Arceus|Extreme Speed|p1a: Groudon
|-damage|p1a: Groudon|64/100
|-damage|p2a: Arceus|24/100|[from] item: Life Orb
|
|-weather|DesolateLand|[upkeep]
|upkeep
|turn|14
|
|t:|1667124758
|move|p2a: Arceus|Recover|p2a: Arceus
|-heal|p2a: Arceus|74/100
|move|p1a: Groudon|Rock Polish|p1a: Groudon
|-boost|p1a: Groudon|spe|2
|
|-weather|DesolateLand|[upkeep]
|upkeep
|turn|15
|
|t:|1667124763
|move|p1a: Groudon|Precipice Blades|p2a: Arceus
|-damage|p2a: Arceus|19/100
|move|p2a: Arceus|Swords Dance|p2a: Arceus
|-boost|p2a: Arceus|atk|2
|
|-weather|DesolateLand|[upkeep]
|upkeep
|turn|16
|
|t:|1667124768
|move|p2a: Arceus|Extreme Speed|p1a: Groudon
|-damage|p1a: Groudon|0 fnt
|faint|p1a: Groudon
|-weather|none
|-damage|p2a: Arceus|9/100|[from] item: Life Orb
|
|upkeep
|
|t:|1667124770
|switch|p1a: Yveltal|Yveltal|6/100
|-ability|p1a: Yveltal|Dark Aura
|turn|17
|
|t:|1667124774
|move|p2a: Arceus|Extreme Speed|p1a: Yveltal
|-damage|p1a: Yveltal|0 fnt
|faint|p1a: Yveltal
|-damage|p2a: Arceus|0 fnt|[from] item: Life Orb
|faint|p2a: Arceus
|
|upkeep
|
|t:|1667124777
|switch|p1a: Rayquaza|Rayquaza|100/100
|switch|p2a: Gothitelle|Gothitelle, M|100/100
|-damage|p2a: Gothitelle|88/100|[from] Stealth Rock
|-ability|p1a: Rayquaza|Air Lock
|turn|18
|
|t:|1667124781
|detailschange|p1a: Rayquaza|Rayquaza-Mega
|-mega|p1a: Rayquaza|Rayquaza|
|-weather|DeltaStream|[from] ability: Delta Stream|[of] p1a: Rayquaza
|move|p2a: Gothitelle|Trick|p1a: Rayquaza
|-activate|p2a: Gothitelle|move: Trick|[of] p1a: Rayquaza
|-item|p1a: Rayquaza|Choice Scarf|[from] move: Trick
|-item|p2a: Gothitelle|Life Orb|[from] move: Trick
|move|p1a: Rayquaza|Dragon Claw|p2a: Gothitelle
|-damage|p2a: Gothitelle|37/100
|
|-weather|DeltaStream|[upkeep]
|upkeep
|turn|19
|c|☆ThievesBoom|gg
|
|t:|1667124792
|move|p1a: Rayquaza|Dragon Claw|p2a: Gothitelle
|-damage|p2a: Gothitelle|0 fnt
|faint|p2a: Gothitelle
|
|-weather|DeltaStream|[upkeep]
|upkeep
|
|t:|1667124795
|switch|p2a: Arceus|Arceus-Fairy|100/100
|-damage|p2a: Arceus|88/100|[from] Stealth Rock
|turn|20
|-message|shuaibi2333 forfeited.
|
|win|ThievesBoom
|raw|shuaibi2333's rating: 1518 &rarr; <strong>1500</strong><br />(-18 for losing)
|raw|ThievesBoom's rating: 1561 &rarr; <strong>1579</strong><br />(+18 for winning)
|l|☆shuaibi2333
