|j|☆WillG30
|j|☆rowletroost
|inactive|Battle timer is ON: inactive players will automatically lose when time's up.
|t:|1645283518
|gametype|singles
|player|p1|WillG30|ethan|
|player|p2|rowletroost|lance|
|teamsize|p1|6
|teamsize|p2|6
|gen|8
|tier|[Gen 8] National Dex AG
|rated|Tournament battle
|rule|HP Percentage Mod: HP is shown in percentages
|rule|Endless Battle Clause: Forcing endless battles is banned
|clearpoke
|poke|p1|Rayquaza|
|poke|p1|Necrozma-Dusk-Mane|
|poke|p1|Zacian-*|
|poke|p1|Yveltal|
|poke|p1|Calyrex-Shadow|
|poke|p1|Arceus-*|
|poke|p2|Arceus-*|
|poke|p2|Xerneas-*|
|poke|p2|Kyogre|
|poke|p2|Marshadow|
|poke|p2|Ribombee, M|
|poke|p2|Vivillon-Savanna, F|
|teampreview
|inactive|rowletroost also wants the timer to be on.
|inactive|WillG30 also wants the timer to be on.
|j| Lord Rekkuza
|l| Lord Rekkuza
|
|t:|1645283531
|start
|switch|p1a: Yveltal|Yveltal, shiny|100/100
|switch|p2a: Ribombee|Ribombee, M, shiny|100/100
|-ability|p1a: Yveltal|Dark Aura
|turn|1
|j| Opnoob 598
|j|#Seldanna
|l|#Seldanna
|inactive|WillG30 has 120 seconds left.
|j| Astezar
|
|t:|1645283580
|move|p2a: Ribombee|Sticky Web|p1a: Yveltal
|-sidestart|p1: WillG30|move: Sticky Web
|move|p1a: Yveltal|Heat Wave|p2a: Ribombee
|-supereffective|p2a: Ribombee
|-enditem|p2a: Ribombee|Focus Sash
|-damage|p2a: Ribombee|1/100
|-damage|p1a: Yveltal|91/100|[from] item: Life Orb
|
|upkeep
|turn|2
|
|t:|1645283586
|switch|p2a: Kyogre|Kyogre, shiny|100/100
|detailschange|p2a: Kyogre|Kyogre-Primal, shiny
|-primal|p2a: Kyogre
|-weather|PrimordialSea|[from] ability: Primordial Sea|[of] p2a: Kyogre
|-start|p1a: Yveltal|Dynamax
|-heal|p1a: Yveltal|91/100|[silent]
|move|p1a: Yveltal|Max Airstream|p2a: Kyogre
|-damage|p2a: Kyogre|54/100
|-boost|p1a: Yveltal|spe|1
|-damage|p1a: Yveltal|86/100|[from] item: Life Orb
|
|-weather|PrimordialSea|[upkeep]
|upkeep
|turn|3
|
|t:|1645283595
|move|p1a: Yveltal|Max Darkness|p2a: Kyogre
|-damage|p2a: Kyogre|0 fnt
|faint|p2a: Kyogre
|-weather|none
|-damage|p1a: Yveltal|81/100|[from] item: Life Orb
|
|upkeep
|inactive|rowletroost has 120 seconds left.
|j| Masta SkillZ
|j| Lord Rekkuza
|
|t:|1645283646
|switch|p2a: Arceus|Arceus-Ground|100/100
|turn|4
|j| astral time
|inactive|WillG30 has 120 seconds left.
|l| astral time
|
|t:|1645283675
|move|p1a: Yveltal|Max Darkness|p2a: Arceus
|-damage|p2a: Arceus|29/100
|-unboost|p2a: Arceus|spd|1
|-damage|p1a: Yveltal|76/100|[from] item: Life Orb
|move|p2a: Arceus|Recover|p2a: Arceus
|-heal|p2a: Arceus|79/100
|
|-end|p1a: Yveltal|Dynamax
|-heal|p1a: Yveltal|76/100|[silent]
|upkeep
|turn|5
|
|t:|1645283683
|move|p1a: Yveltal|Oblivion Wing|p2a: Arceus
|-damage|p2a: Arceus|22/100
|-heal|p1a: Yveltal|100/100|[from] drain|[of] p2a: Arceus
|-damage|p1a: Yveltal|91/100|[from] item: Life Orb
|move|p2a: Arceus|Ice Beam|p1a: Yveltal
|-supereffective|p1a: Yveltal
|-damage|p1a: Yveltal|51/100
|
|upkeep
|turn|6
|inactive|rowletroost has 120 seconds left.
|
|t:|1645283690
|move|p1a: Yveltal|Oblivion Wing|p2a: Arceus
|-damage|p2a: Arceus|0 fnt
|-heal|p1a: Yveltal|69/100|[from] drain|[of] p2a: Arceus
|faint|p2a: Arceus
|-damage|p1a: Yveltal|60/100|[from] item: Life Orb
|
|upkeep
|
|t:|1645283692
|switch|p2a: Xerneas|Xerneas, shiny|100/100
|-ability|p2a: Xerneas|Fairy Aura
|turn|7
|inactive|WillG30 has 120 seconds left.
|
|t:|1645283712
|move|p1a: Yveltal|Heat Wave|p2a: Xerneas
|-damage|p2a: Xerneas|65/100
|-damage|p1a: Yveltal|50/100|[from] item: Life Orb
|move|p2a: Xerneas|Geomancy||[still]
|-prepare|p2a: Xerneas|Geomancy
|-enditem|p2a: Xerneas|Power Herb
|-anim|p2a: Xerneas|Geomancy|p2a: Xerneas
|-boost|p2a: Xerneas|spa|2
|-boost|p2a: Xerneas|spd|2
|-boost|p2a: Xerneas|spe|2
|
|upkeep
|turn|8
|
|t:|1645283719
|move|p2a: Xerneas|Moonblast|p1a: Yveltal
|-supereffective|p1a: Yveltal
|-damage|p1a: Yveltal|0 fnt
|faint|p1a: Yveltal
|
|upkeep
|
|t:|1645283722
|switch|p1a: Zacian|Zacian-Crowned, shiny|100/100
|-activate|p1a: Zacian|move: Sticky Web
|-unboost|p1a: Zacian|spe|1
|-ability|p1a: Zacian|Intrepid Sword|boost
|-boost|p1a: Zacian|atk|1
|turn|9
|
|t:|1645283725
|-start|p2a: Xerneas|Dynamax
|-heal|p2a: Xerneas|65/100|[silent]
|move|p2a: Xerneas|Max Flare|p1a: Zacian
|-supereffective|p1a: Zacian
|-damage|p1a: Zacian|0 fnt
|-weather|SunnyDay
|faint|p1a: Zacian
|
|-weather|SunnyDay|[upkeep]
|upkeep
|
|t:|1645283736
|switch|p1a: Necro|Necrozma-Dusk-Mane|100/100
|-activate|p1a: Necro|move: Sticky Web
|-unboost|p1a: Necro|spe|1
|turn|10
|
|t:|1645283739
|move|p2a: Xerneas|Max Flare|p1a: Necro
|-supereffective|p1a: Necro
|-damage|p1a: Necro|0 fnt
|faint|p1a: Necro
|
|-weather|SunnyDay|[upkeep]
|upkeep
|
|t:|1645283743
|switch|p1a: Ray|Rayquaza|100/100
|-ability|p1a: Ray|Air Lock
|turn|11
|
|t:|1645283747
|detailschange|p1a: Ray|Rayquaza-Mega
|-mega|p1a: Ray|Rayquaza|
|-weather|DeltaStream|[from] ability: Delta Stream|[of] p1a: Ray
|move|p2a: Xerneas|Max Mindstorm|p1a: Ray
|-damage|p1a: Ray|1/100
|-fieldstart|move: Psychic Terrain
|move|p1a: Ray|V-create|p2a: Xerneas
|-damage|p2a: Xerneas|23/100
|-unboost|p1a: Ray|spe|1
|-unboost|p1a: Ray|def|1
|-unboost|p1a: Ray|spd|1
|-damage|p1a: Ray|0 fnt|[from] item: Life Orb
|faint|p1a: Ray
|-weather|none
|
|-end|p2a: Xerneas|Dynamax
|-heal|p2a: Xerneas|23/100|[silent]
|upkeep
|c|☆WillG30|WOAAAAAAA
|
|t:|1645283773
|switch|p1a: Arceus|Arceus-Dark|100/100
|-activate|p1a: Arceus|move: Sticky Web
|-unboost|p1a: Arceus|spe|1
|turn|12
|
|t:|1645283775
|move|p2a: Xerneas|Moonblast|p1a: Arceus
|-supereffective|p1a: Arceus
|-damage|p1a: Arceus|0 fnt
|faint|p1a: Arceus
|
|upkeep
|
|t:|1645283778
|switch|p1a: Calyrex|Calyrex-Shadow|100/100
|-ability|p1a: Calyrex|As One
|-ability|p1a: Calyrex|Unnerve
|-activate|p1a: Calyrex|move: Sticky Web
|-unboost|p1a: Calyrex|spe|1
|turn|13
|
|t:|1645283782
|move|p2a: Xerneas|Moonblast|p1a: Calyrex
|-enditem|p1a: Calyrex|Focus Sash
|-damage|p1a: Calyrex|1/100
|-unboost|p1a: Calyrex|spa|1
|move|p1a: Calyrex|Astral Barrage|p2a: Xerneas
|-damage|p2a: Xerneas|1/100
|
|upkeep
|turn|14
|j|#Seldanna
|c|☆rowletroost|gg
|c|☆WillG30|gg
|
|t:|1645283798
|move|p2a: Xerneas|Moonblast|p1a: Calyrex
|-damage|p1a: Calyrex|0 fnt
|faint|p1a: Calyrex
|
|win|rowletroost
|n|☆WillG30|willg30
|n|☆rowletroost|rowletroost
|n| Opnoob 598|opnoob598
|n| Astezar|astezar
|n| Masta SkillZ|mastaskillz
|n| Lord Rekkuza|lordrekkuza
|n|%Seldanna|seldanna
|l|☆WillG30
|l|%Seldanna
|l|☆rowletroost
