|j|☆xiao_jin_xiao_xve
|j|☆Lance's Time
|t:|1661504384
|gametype|singles
|player|p1|xiao_jin_xiao_xve|169|1607
|player|p2|Lance's Time|lass-gen6|1817
|teamsize|p1|6
|teamsize|p2|6
|gen|8
|tier|[Gen 8] National Dex AG
|rated|
|rule|HP Percentage Mod: HP is shown in percentages
|rule|Endless Battle Clause: Forcing endless battles is banned
|clearpoke
|poke|p1|Scizor, F|
|poke|p1|Gliscor, F|
|poke|p1|Espeon, F|
|poke|p1|Blaziken, F|
|poke|p1|Shedinja|
|poke|p1|Dragapult, F|
|poke|p2|Sableye, M|
|poke|p2|Quagsire, M|
|poke|p2|Chansey, F|
|poke|p2|Tyranitar, M|
|poke|p2|Lugia|
|poke|p2|Giratina|
|teampreview
|
|t:|1661504400
|start
|switch|p1a: Blaziken|Blaziken, F|100/100
|switch|p2a: Sableye|Sableye, M|100/100
|turn|1
|
|t:|1661504405
|detailschange|p2a: Sableye|Sableye-Mega, M
|-mega|p2a: Sableye|Sableye|Sablenite
|move|p1a: Blaziken|Substitute|p1a: Blaziken
|-start|p1a: Blaziken|Substitute
|-damage|p1a: Blaziken|75/100
|move|p2a: Sableye|Foul Play|p1a: Blaziken
|-resisted|p1a: Blaziken
|-activate|p1a: Blaziken|move: Substitute|[damage]
|
|-ability|p1a: Blaziken|Speed Boost|boost
|-boost|p1a: Blaziken|spe|1
|upkeep
|turn|2
|inactive|Battle timer is ON: inactive players will automatically lose when time's up. (requested by xiao_jin_xiao_xve)
|
|t:|1661504444
|move|p1a: Blaziken|Bulk Up|p1a: Blaziken
|-boost|p1a: Blaziken|atk|1
|-boost|p1a: Blaziken|def|1
|move|p2a: Sableye|Foul Play|p1a: Blaziken
|-resisted|p1a: Blaziken
|-end|p1a: Blaziken|Substitute
|
|-ability|p1a: Blaziken|Speed Boost|boost
|-boost|p1a: Blaziken|spe|1
|upkeep
|turn|3
|
|t:|1661504452
|move|p1a: Blaziken|Substitute|p1a: Blaziken
|-start|p1a: Blaziken|Substitute
|-damage|p1a: Blaziken|50/100
|move|p2a: Sableye|Foul Play|p1a: Blaziken
|-resisted|p1a: Blaziken
|-activate|p1a: Blaziken|move: Substitute|[damage]
|
|-ability|p1a: Blaziken|Speed Boost|boost
|-boost|p1a: Blaziken|spe|1
|upkeep
|turn|4
|j| Farce Of The Death
|inactive|Lance's Time has 120 seconds left.
|
|t:|1661504484
|switch|p2a: Quagsire|Quagsire, M|100/100
|move|p1a: Blaziken|Baton Pass|p1a: Blaziken
|
|t:|1661504494
|switch|p1a: Scizor|Scizor, F|100/100|[from]move: Baton Pass
|
|upkeep
|turn|5
|inactive|Lance's Time has 120 seconds left.
|
|t:|1661504526
|detailschange|p1a: Scizor|Scizor-Mega, F
|-mega|p1a: Scizor|Scizor|Scizorite
|move|p1a: Scizor|Iron Defense|p1a: Scizor
|-boost|p1a: Scizor|def|2
|move|p2a: Quagsire|Haze|p2a: Quagsire
|-clearallboost
|
|upkeep
|turn|6
|
|t:|1661504535
|move|p1a: Scizor|Baton Pass|p1a: Scizor
|
|t:|1661504538
|switch|p1a: Shedinja|Shedinja|100/100|[from]move: Baton Pass
|move|p2a: Quagsire|Earthquake|p1a: Shedinja
|-immune|p1a: Shedinja|[from] ability: Wonder Guard
|
|upkeep
|turn|7
|l| Farce Of The Death
|inactive|Lance's Time has 120 seconds left.
|j| ban123456
|inactive|Lance's Time has 90 seconds left.
|
|t:|1661504600
|switch|p2a: Sableye|Sableye-Mega, M|100/100
|move|p1a: Shedinja|Baton Pass|p1a: Shedinja
|inactive|xiao_jin_xiao_xve has 120 seconds left.
|
|t:|1661504623
|switch|p1a: Blaziken|Blaziken, F|50/100|[from]move: Baton Pass
|
|upkeep
|turn|8
|
|t:|1661504642
|switch|p2a: Quagsire|Quagsire, M|100/100
|move|p1a: Blaziken|Bulk Up|p1a: Blaziken
|-boost|p1a: Blaziken|atk|1
|-boost|p1a: Blaziken|def|1
|
|-ability|p1a: Blaziken|Speed Boost|boost
|-boost|p1a: Blaziken|spe|1
|upkeep
|turn|9
|inactive|xiao_jin_xiao_xve has 120 seconds left.
|
|t:|1661504648
|move|p1a: Blaziken|Baton Pass|p1a: Blaziken
|inactive|xiao_jin_xiao_xve has 120 seconds left.
|
|t:|1661504660
|switch|p1a: Shedinja|Shedinja|100/100|[from]move: Baton Pass
|move|p2a: Quagsire|Earthquake|p1a: Shedinja
|-immune|p1a: Shedinja|[from] ability: Wonder Guard
|
|upkeep
|turn|10
|inactive|Lance's Time has 90 seconds left.
|
|t:|1661504668
|move|p1a: Shedinja|Toxic|p2a: Quagsire
|-status|p2a: Quagsire|tox
|move|p2a: Quagsire|Haze|p2a: Quagsire
|-clearallboost
|
|-damage|p2a: Quagsire|94/100 tox|[from] psn
|upkeep
|turn|11
|
|t:|1661504677
|switch|p2a: Tyranitar|Tyranitar, M|100/100
|-weather|Sandstorm|[from] ability: Sand Stream|[of] p2a: Tyranitar
|move|p1a: Shedinja|Baton Pass|p1a: Shedinja
|
|t:|1661504686
|switch|p1a: Scizor|Scizor-Mega, F|100/100|[from]move: Baton Pass
|
|-weather|Sandstorm|[upkeep]
|upkeep
|turn|12
|inactive|Lance's Time has 90 seconds left.
|
|t:|1661504707
|switch|p2a: Lugia|Lugia|100/100
|move|p1a: Scizor|Iron Defense|p1a: Scizor
|-boost|p1a: Scizor|def|2
|
|-weather|Sandstorm|[upkeep]
|-damage|p2a: Lugia|94/100|[from] Sandstorm
|-heal|p2a: Lugia|100/100|[from] item: Leftovers
|upkeep
|turn|13
|
|t:|1661504729
|move|p1a: Scizor|Baton Pass|p1a: Scizor
|
|t:|1661504733
|switch|p1a: Espeon|Espeon, F|100/100|[from]move: Baton Pass
|move|p2a: Lugia|Whirlwind|p1a: Espeon
|move|p1a: Espeon|Whirlwind|p2a: Lugia|[from]ability: Magic Bounce
|drag|p2a: Quagsire|Quagsire, M|94/100 tox
|
|-weather|Sandstorm|[upkeep]
|-damage|p1a: Espeon|95/100|[from] Sandstorm
|-heal|p1a: Espeon|100/100|[from] item: Leftovers
|-damage|p2a: Quagsire|88/100 tox|[from] psn
|upkeep
|turn|14
|
|t:|1661504746
|switch|p2a: Chansey|Chansey, F|100/100
|move|p1a: Espeon|Calm Mind|p1a: Espeon
|-boost|p1a: Espeon|spa|1
|-boost|p1a: Espeon|spd|1
|
|-weather|Sandstorm|[upkeep]
|-damage|p1a: Espeon|95/100|[from] Sandstorm
|-damage|p2a: Chansey|94/100|[from] Sandstorm
|-heal|p1a: Espeon|100/100|[from] item: Leftovers
|upkeep
|turn|15
|
|t:|1661504758
|move|p1a: Espeon|Calm Mind|p1a: Espeon
|-boost|p1a: Espeon|spa|1
|-boost|p1a: Espeon|spd|1
|move|p2a: Chansey|Heal Bell|p2a: Chansey
|-activate|p2a: Chansey|move: Heal Bell
|-curestatus|p2: Quagsire|tox|[msg]
|
|-weather|none
|upkeep
|turn|16
|
|t:|1661504771
|switch|p2a: Tyranitar|Tyranitar, M|100/100
|-weather|Sandstorm|[from] ability: Sand Stream|[of] p2a: Tyranitar
|move|p1a: Espeon|Calm Mind|p1a: Espeon
|-boost|p1a: Espeon|spa|1
|-boost|p1a: Espeon|spd|1
|
|-weather|Sandstorm|[upkeep]
|-damage|p1a: Espeon|95/100|[from] Sandstorm
|-heal|p1a: Espeon|100/100|[from] item: Leftovers
|upkeep
|turn|17
|inactive|Lance's Time has 120 seconds left.
|
|t:|1661504781
|move|p1a: Espeon|Baton Pass|p1a: Espeon
|
|t:|1661504785
|switch|p1a: Gliscor|Gliscor, F|100/100|[from]move: Baton Pass
|move|p2a: Tyranitar|Rock Tomb|p1a: Gliscor
|-end|p1a: Gliscor|Substitute
|
|-weather|Sandstorm|[upkeep]
|-status|p1a: Gliscor|tox|[from] item: Toxic Orb
|upkeep
|turn|18
|inactive|Lance's Time has 120 seconds left.
|
|t:|1661504803
|switch|p2a: Quagsire|Quagsire, M|88/100
|move|p1a: Gliscor|Baton Pass|p1a: Gliscor
|
|t:|1661504808
|switch|p1a: Espeon|Espeon, F|100/100|[from]move: Baton Pass
|
|-weather|Sandstorm|[upkeep]
|-damage|p1a: Espeon|95/100|[from] Sandstorm
|-heal|p1a: Espeon|100/100|[from] item: Leftovers
|upkeep
|turn|19
|
|t:|1661504821
|move|p1a: Espeon|Stored Power|p2a: Quagsire
|-damage|p2a: Quagsire|0 fnt
|faint|p2a: Quagsire
|
|-weather|Sandstorm|[upkeep]
|-damage|p1a: Espeon|95/100|[from] Sandstorm
|-heal|p1a: Espeon|100/100|[from] item: Leftovers
|upkeep
|
|t:|1661504830
|switch|p2a: Sableye|Sableye-Mega, M|100/100
|turn|20
|
|t:|1661504834
|move|p1a: Espeon|Substitute|p1a: Espeon
|-start|p1a: Espeon|Substitute
|-damage|p1a: Espeon|76/100
|move|p2a: Sableye|Foul Play|p1a: Espeon
|-supereffective|p1a: Espeon
|-activate|p1a: Espeon|move: Substitute|[damage]
|
|-weather|none
|-heal|p1a: Espeon|82/100|[from] item: Leftovers
|upkeep
|turn|21
|
|t:|1661504840
|move|p1a: Espeon|Baton Pass|p1a: Espeon
|
|t:|1661504848
|switch|p1a: Blaziken|Blaziken, F|50/100|[from]move: Baton Pass
|move|p2a: Sableye|Foul Play|p1a: Blaziken
|-resisted|p1a: Blaziken
|-end|p1a: Blaziken|Substitute
|
|upkeep
|turn|22
|
|t:|1661504854
|move|p1a: Blaziken|Substitute|p1a: Blaziken
|-start|p1a: Blaziken|Substitute
|-damage|p1a: Blaziken|25/100
|move|p2a: Sableye|Foul Play|p1a: Blaziken
|-resisted|p1a: Blaziken
|-activate|p1a: Blaziken|move: Substitute|[damage]
|
|-ability|p1a: Blaziken|Speed Boost|boost
|-boost|p1a: Blaziken|spe|1
|upkeep
|turn|23
|
|t:|1661504857
|move|p1a: Blaziken|Bulk Up|p1a: Blaziken
|-boost|p1a: Blaziken|atk|1
|-boost|p1a: Blaziken|def|1
|move|p2a: Sableye|Foul Play|p1a: Blaziken
|-resisted|p1a: Blaziken
|-activate|p1a: Blaziken|move: Substitute|[damage]
|
|-ability|p1a: Blaziken|Speed Boost|boost
|-boost|p1a: Blaziken|spe|1
|upkeep
|turn|24
|
|t:|1661504862
|move|p1a: Blaziken|Bulk Up|p1a: Blaziken
|-boost|p1a: Blaziken|atk|1
|-boost|p1a: Blaziken|def|1
|move|p2a: Sableye|Foul Play|p1a: Blaziken
|-resisted|p1a: Blaziken
|-end|p1a: Blaziken|Substitute
|
|-ability|p1a: Blaziken|Speed Boost|boost
|-boost|p1a: Blaziken|spe|1
|upkeep
|turn|25
|l| ban123456
|
|t:|1661504876
|move|p1a: Blaziken|Protect|p1a: Blaziken
|-singleturn|p1a: Blaziken|Protect
|move|p2a: Sableye|Foul Play|p1a: Blaziken
|-activate|p1a: Blaziken|move: Protect
|
|-ability|p1a: Blaziken|Speed Boost|boost
|-boost|p1a: Blaziken|spe|1
|upkeep
|turn|26
|
|t:|1661504882
|move|p1a: Blaziken|Baton Pass|p1a: Blaziken
|
|t:|1661504888
|switch|p1a: Scizor|Scizor-Mega, F|100/100|[from]move: Baton Pass
|move|p2a: Sableye|Foul Play|p1a: Scizor
|-damage|p1a: Scizor|76/100
|
|upkeep
|turn|27
|
|t:|1661504909
|move|p1a: Scizor|Iron Defense|p1a: Scizor
|-boost|p1a: Scizor|def|2
|move|p2a: Sableye|Will-O-Wisp|p1a: Scizor
|-status|p1a: Scizor|brn
|
|-damage|p1a: Scizor|70/100 brn|[from] brn
|upkeep
|turn|28
|
|t:|1661504917
|move|p1a: Scizor|Baton Pass|p1a: Scizor
|
|t:|1661504923
|switch|p1a: Gliscor|Gliscor, F|100/100 tox|[from]move: Baton Pass
|move|p2a: Sableye|Foul Play|p1a: Gliscor
|-damage|p1a: Gliscor|86/100 tox
|
|-heal|p1a: Gliscor|99/100 tox|[from] ability: Poison Heal
|upkeep
|turn|29
|inactive|Lance's Time has 120 seconds left.
|inactive|Lance's Time has 90 seconds left.
|
|t:|1661504990
|move|p1a: Gliscor|Earthquake|p2a: Sableye
|-damage|p2a: Sableye|58/100
|move|p2a: Sableye|Foul Play|p1a: Gliscor
|-damage|p1a: Gliscor|86/100 tox
|
|-heal|p1a: Gliscor|98/100 tox|[from] ability: Poison Heal
|upkeep
|turn|30
|
|t:|1661505003
|move|p1a: Gliscor|Baton Pass|p1a: Gliscor
|
|t:|1661505011
|switch|p1a: Dragapult|Dragapult, F|100/100|[from]move: Baton Pass
|move|p2a: Sableye|Recover|p2a: Sableye
|-heal|p2a: Sableye|100/100
|
|upkeep
|turn|31
|inactive|Lance's Time has 90 seconds left.
|
|t:|1661505035
|move|p1a: Dragapult|Substitute|p1a: Dragapult
|-start|p1a: Dragapult|Substitute
|-damage|p1a: Dragapult|76/100
|move|p2a: Sableye|Foul Play|p1a: Dragapult
|-supereffective|p1a: Dragapult
|-end|p1a: Dragapult|Substitute
|
|upkeep
|turn|32
|
|t:|1661505047
|-zpower|p1a: Dragapult
|move|p1a: Dragapult|Never-Ending Nightmare|p2a: Sableye|[zeffect]
|-damage|p2a: Sableye|0 fnt
|faint|p2a: Sableye
|
|upkeep
|
|t:|1661505051
|switch|p2a: Tyranitar|Tyranitar, M|100/100
|-weather|Sandstorm|[from] ability: Sand Stream|[of] p2a: Tyranitar
|turn|33
|
|t:|1661505062
|move|p1a: Dragapult|Baton Pass|p1a: Dragapult
|
|t:|1661505066
|switch|p1a: Gliscor|Gliscor, F|98/100 tox|[from]move: Baton Pass
|move|p2a: Tyranitar|Pursuit|p1a: Gliscor
|-damage|p1a: Gliscor|95/100 tox
|
|-weather|Sandstorm|[upkeep]
|-heal|p1a: Gliscor|100/100 tox|[from] ability: Poison Heal
|upkeep
|turn|34
|inactive|Lance's Time has 120 seconds left.
|
|t:|1661505099
|switch|p2a: Lugia|Lugia|100/100
|move|p1a: Gliscor|Earthquake|p2a: Lugia
|-immune|p2a: Lugia
|
|-weather|Sandstorm|[upkeep]
|-damage|p2a: Lugia|94/100|[from] Sandstorm
|-heal|p2a: Lugia|100/100|[from] item: Leftovers
|upkeep
|turn|35
|
|t:|1661505107
|move|p1a: Gliscor|Baton Pass|p1a: Gliscor
|
|t:|1661505110
|switch|p1a: Espeon|Espeon, F|82/100|[from]move: Baton Pass
|move|p2a: Lugia|Whirlwind|p1a: Espeon
|move|p1a: Espeon|Whirlwind|p2a: Lugia|[from]ability: Magic Bounce
|drag|p2a: Tyranitar|Tyranitar, M|100/100
|
|-weather|Sandstorm|[upkeep]
|-damage|p1a: Espeon|76/100|[from] Sandstorm
|-heal|p1a: Espeon|82/100|[from] item: Leftovers
|upkeep
|turn|36
|
|t:|1661505125
|move|p1a: Espeon|Substitute|p1a: Espeon
|-start|p1a: Espeon|Substitute
|-damage|p1a: Espeon|57/100
|move|p2a: Tyranitar|Rock Tomb|p1a: Espeon
|-activate|p1a: Espeon|move: Substitute|[damage]
|
|-weather|Sandstorm|[upkeep]
|-damage|p1a: Espeon|51/100|[from] Sandstorm
|-heal|p1a: Espeon|57/100|[from] item: Leftovers
|upkeep
|turn|37
|inactive|Lance's Time has 120 seconds left.
|-message|Lance's Time forfeited.
|
|win|xiao_jin_xiao_xve
|raw|xiao_jin_xiao_xve's rating: 1607 &rarr; <strong>1636</strong><br />(+29 for winning)
|raw|Lance&apos;s Time's rating: 1778 &rarr; <strong>1749</strong><br />(-29 for losing)
||Ladder isn't responding, score probably updated but might not have (Request timeout).
