|j|☆Supplement
|j|☆delusion.y
|t:|1667406219
|gametype|singles
|player|p1|Supplement|red|1512
|player|p2|delusion.y|anabel|1679
|teamsize|p1|6
|teamsize|p2|6
|gen|8
|tier|[Gen 8] National Dex AG
|rated|
|rule|HP Percentage Mod: HP is shown in percentages
|rule|Endless Battle Clause: Forcing endless battles is banned
|clearpoke
|poke|p1|Deoxys-Speed|
|poke|p1|Yveltal|
|poke|p1|Necrozma-Dusk-Mane|
|poke|p1|Zygarde|
|poke|p1|Calyrex-Shadow|
|poke|p1|Rayquaza|
|poke|p2|Kyogre|
|poke|p2|Zacian-*|
|poke|p2|Necrozma-Dusk-Mane|
|poke|p2|Eternatus|
|poke|p2|Ditto|
|poke|p2|Rayquaza|
|teampreview
|inactive|Battle timer is ON: inactive players will automatically lose when time's up. (requested by Supplement)
|inactive|delusion.y has 120 seconds left.
|
|t:|1667406250
|start
|switch|p1a: Deoxys|Deoxys-Speed|100/100
|switch|p2a: Necrozma|Necrozma-Dusk-Mane|100/100
|-ability|p1a: Deoxys|Pressure
|turn|1
|
|t:|1667406256
|move|p1a: Deoxys|Stealth Rock|p2a: Necrozma
|-sidestart|p2: delusion.y|move: Stealth Rock
|move|p2a: Necrozma|Sunsteel Strike|p1a: Deoxys
|-damage|p1a: Deoxys|36/100
|-enditem|p1a: Deoxys|Red Card|[of] p2a: Necrozma
|drag|p2a: Kyogre|Kyogre|100/100
|-damage|p2a: Kyogre|88/100|[from] Stealth Rock
|detailschange|p2a: Kyogre|Kyogre-Primal
|-primal|p2a: Kyogre
|-weather|PrimordialSea|[from] ability: Primordial Sea|[of] p2a: Kyogre
|
|-weather|PrimordialSea|[upkeep]
|upkeep
|turn|2
|
|t:|1667406265
|move|p1a: Deoxys|Spikes|p2a: Kyogre
|-sidestart|p2: delusion.y|Spikes
|move|p2a: Kyogre|Water Spout|p1a: Deoxys
|-damage|p1a: Deoxys|0 fnt
|faint|p1a: Deoxys
|
|-weather|PrimordialSea|[upkeep]
|upkeep
|
|t:|1667406272
|switch|p1a: Rayquaza|Rayquaza|100/100
|-ability|p1a: Rayquaza|Air Lock
|turn|3
|
|t:|1667406276
|-weather|none
|switch|p2a: Necrozma|Necrozma-Dusk-Mane|100/100
|-damage|p2a: Necrozma|94/100|[from] Stealth Rock
|-damage|p2a: Necrozma|82/100|[from] Spikes
|detailschange|p1a: Rayquaza|Rayquaza-Mega
|-mega|p1a: Rayquaza|Rayquaza|
|-weather|DeltaStream|[from] ability: Delta Stream|[of] p1a: Rayquaza
|move|p1a: Rayquaza|Dragon Ascent|p2a: Necrozma
|-resisted|p2a: Necrozma
|-damage|p2a: Necrozma|58/100
|-unboost|p1a: Rayquaza|def|1
|-unboost|p1a: Rayquaza|spd|1
|-damage|p1a: Rayquaza|84/100|[from] item: Rocky Helmet|[of] p2a: Necrozma
|
|-weather|DeltaStream|[upkeep]
|upkeep
|turn|4
|
|t:|1667406288
|-weather|none
|switch|p1a: Yveltal|Yveltal, shiny|100/100
|-ability|p1a: Yveltal|Dark Aura
|move|p2a: Necrozma|Morning Sun|p2a: Necrozma
|-heal|p2a: Necrozma|100/100
|
|upkeep
|turn|5
|
|t:|1667406297
|move|p1a: Yveltal|Dark Pulse|p2a: Necrozma
|-supereffective|p2a: Necrozma
|-damage|p2a: Necrozma|27/100
|move|p2a: Necrozma|Stealth Rock|p1a: Yveltal
|-sidestart|p1: Supplement|move: Stealth Rock
|
|upkeep
|turn|6
|
|t:|1667406304
|switch|p2a: Eternatus|Eternatus|100/100
|-damage|p2a: Eternatus|88/100|[from] Stealth Rock
|-damage|p2a: Eternatus|76/100|[from] Spikes
|-ability|p2a: Eternatus|Pressure
|move|p1a: Yveltal|Dark Pulse|p2a: Eternatus
|-damage|p2a: Eternatus|46/100
|
|-heal|p2a: Eternatus|52/100|[from] item: Black Sludge
|upkeep
|turn|7
|
|t:|1667406318
|switch|p1a: Necrozma|Necrozma-Dusk-Mane|100/100
|-damage|p1a: Necrozma|94/100|[from] Stealth Rock
|move|p2a: Eternatus|Recover|p2a: Eternatus
|-heal|p2a: Eternatus|100/100
|
|upkeep
|turn|8
|
|t:|1667406337
|move|p2a: Eternatus|Flamethrower|p1a: Necrozma
|-supereffective|p1a: Necrozma
|-damage|p1a: Necrozma|60/100
|move|p1a: Necrozma|Earthquake|p2a: Eternatus
|-supereffective|p2a: Eternatus
|-damage|p2a: Eternatus|52/100
|
|-heal|p2a: Eternatus|58/100|[from] item: Black Sludge
|upkeep
|turn|9
|
|t:|1667406348
|move|p2a: Eternatus|Recover|p2a: Eternatus
|-heal|p2a: Eternatus|100/100
|move|p1a: Necrozma|Dragon Dance|p1a: Necrozma
|-boost|p1a: Necrozma|atk|1
|-boost|p1a: Necrozma|spe|1
|
|upkeep
|turn|10
|inactive|delusion.y has 120 seconds left.
|inactive|delusion.y has 90 seconds left.
|c|☆Supplement|?
|
|t:|1667406436
|move|p1a: Necrozma|Dragon Dance|p1a: Necrozma
|-boost|p1a: Necrozma|atk|1
|-boost|p1a: Necrozma|spe|1
|move|p2a: Eternatus|Dragon Tail|p1a: Necrozma
|-resisted|p1a: Necrozma
|-damage|p1a: Necrozma|56/100
|-damage|p2a: Eternatus|84/100|[from] item: Rocky Helmet|[of] p1a: Necrozma
|drag|p1a: Rayquaza|Rayquaza-Mega|84/100
|-damage|p1a: Rayquaza|59/100|[from] Stealth Rock
|-weather|DeltaStream|[from] ability: Delta Stream|[of] p1a: Rayquaza
|
|-weather|DeltaStream|[upkeep]
|-heal|p2a: Eternatus|90/100|[from] item: Black Sludge
|upkeep
|turn|11
|inactive|delusion.y has 60 seconds left.
|
|t:|1667406452
|move|p1a: Rayquaza|V-create|p2a: Eternatus
|-resisted|p2a: Eternatus
|-damage|p2a: Eternatus|58/100
|-unboost|p1a: Rayquaza|spe|1
|-unboost|p1a: Rayquaza|def|1
|-unboost|p1a: Rayquaza|spd|1
|move|p2a: Eternatus|Dynamax Cannon|p1a: Rayquaza
|-supereffective|p1a: Rayquaza
|-damage|p1a: Rayquaza|0 fnt
|faint|p1a: Rayquaza
|-weather|none
|
|-heal|p2a: Eternatus|64/100|[from] item: Black Sludge
|upkeep
|
|t:|1667406460
|switch|p1a: Calyrex|Calyrex-Shadow|100/100
|-ability|p1a: Calyrex|As One
|-ability|p1a: Calyrex|Unnerve
|-damage|p1a: Calyrex|88/100|[from] Stealth Rock
|turn|12
|
|t:|1667406466
|move|p1a: Calyrex|Substitute|p1a: Calyrex
|-start|p1a: Calyrex|Substitute
|-damage|p1a: Calyrex|63/100
|move|p2a: Eternatus|Recover|p2a: Eternatus
|-heal|p2a: Eternatus|100/100
|
|upkeep
|turn|13
|
|t:|1667406474
|move|p1a: Calyrex|Nasty Plot|p1a: Calyrex
|-boost|p1a: Calyrex|spa|2
|move|p2a: Eternatus|Dynamax Cannon|p1a: Calyrex
|-end|p1a: Calyrex|Substitute
|
|upkeep
|turn|14
|
|t:|1667406483
|move|p1a: Calyrex|Astral Barrage|p2a: Eternatus
|-damage|p2a: Eternatus|25/100
|move|p2a: Eternatus|Dynamax Cannon|p1a: Calyrex
|-damage|p1a: Calyrex|15/100
|
|-heal|p2a: Eternatus|31/100|[from] item: Black Sludge
|upkeep
|turn|15
|
|t:|1667406506
|move|p1a: Calyrex|Baton Pass|p1a: Calyrex
|
|t:|1667406508
|switch|p1a: Yveltal|Yveltal, shiny|100/100|[from]move: Baton Pass
|-damage|p1a: Yveltal|76/100|[from] Stealth Rock
|-ability|p1a: Yveltal|Dark Aura
|move|p2a: Eternatus|Dynamax Cannon|p1a: Yveltal
|-damage|p1a: Yveltal|32/100
|
|-heal|p2a: Eternatus|38/100|[from] item: Black Sludge
|upkeep
|turn|16
|
|t:|1667406525
|-start|p1a: Yveltal|Dynamax|
|-heal|p1a: Yveltal|32/100|[silent]
|move|p1a: Yveltal|Max Airstream|p2a: Eternatus
|-damage|p2a: Eternatus|0 fnt
|-boost|p1a: Yveltal|spe|1
|faint|p2a: Eternatus
|
|upkeep
|
|t:|1667406529
|switch|p2a: Ditto|Ditto|100/100
|-damage|p2a: Ditto|88/100|[from] Stealth Rock
|-damage|p2a: Ditto|76/100|[from] Spikes
|-transform|p2a: Ditto|p1a: Yveltal|[from] ability: Imposter
|-ability|p2a: Ditto|Dark Aura
|turn|17
|
|t:|1667406537
|-start|p2a: Ditto|Dynamax|
|-heal|p2a: Ditto|76/100|[silent]
|move|p1a: Yveltal|Max Airstream|p2a: Ditto
|-damage|p2a: Ditto|0 fnt
|-boost|p1a: Yveltal|spe|1
|faint|p2a: Ditto
|
|upkeep
|
|t:|1667406546
|switch|p2a: Rayquaza|Rayquaza|100/100
|-damage|p2a: Rayquaza|76/100|[from] Stealth Rock
|-ability|p2a: Rayquaza|Air Lock
|turn|18
|
|t:|1667406549
|detailschange|p2a: Rayquaza|Rayquaza-Mega
|-mega|p2a: Rayquaza|Rayquaza|
|-weather|DeltaStream|[from] ability: Delta Stream|[of] p2a: Rayquaza
|move|p2a: Rayquaza|Extreme Speed|p1a: Yveltal
|-damage|p1a: Yveltal|12/100
|-damage|p2a: Rayquaza|66/100|[from] item: Life Orb
|move|p1a: Yveltal|Max Darkness|p2a: Rayquaza
|-crit|p2a: Rayquaza
|-damage|p2a: Rayquaza|0 fnt
|faint|p2a: Rayquaza
|-weather|none
|
|upkeep
|
|t:|1667406567
|switch|p2a: Necrozma|Necrozma-Dusk-Mane|27/100
|-damage|p2a: Necrozma|21/100|[from] Stealth Rock
|-damage|p2a: Necrozma|8/100|[from] Spikes
|-end|p1a: Yveltal|Dynamax
|-heal|p1a: Yveltal|12/100|[silent]
|turn|19
|
|t:|1667406570
|move|p1a: Yveltal|Dark Pulse|p2a: Necrozma
|-supereffective|p2a: Necrozma
|-damage|p2a: Necrozma|0 fnt
|faint|p2a: Necrozma
|
|upkeep
|
|t:|1667406572
|switch|p2a: Zacian|Zacian-Crowned|100/100
|-damage|p2a: Zacian|94/100|[from] Stealth Rock
|-damage|p2a: Zacian|82/100|[from] Spikes
|-ability|p2a: Zacian|Intrepid Sword|boost
|-boost|p2a: Zacian|atk|1
|turn|20
|
|t:|1667406576
|move|p1a: Yveltal|Heat Wave|p2a: Zacian
|-supereffective|p2a: Zacian
|-damage|p2a: Zacian|0 fnt
|faint|p2a: Zacian
|
|upkeep
|
|t:|1667406578
|switch|p2a: Kyogre|Kyogre-Primal|88/100
|-damage|p2a: Kyogre|76/100|[from] Stealth Rock
|-damage|p2a: Kyogre|64/100|[from] Spikes
|-weather|PrimordialSea|[from] ability: Primordial Sea|[of] p2a: Kyogre
|turn|21
|-message|delusion.y forfeited.
|
|win|Supplement
|raw|Supplement's rating: 1512 &rarr; <strong>1541</strong><br />(+29 for winning)
|raw|delusion.y's rating: 1679 &rarr; <strong>1650</strong><br />(-29 for losing)
|l|☆delusion.y
