|j|☆Andy611
|j|☆Vegeta Otsusuki
|t:|1665682478
|gametype|singles
|player|p1|Andy611|266|1726
|player|p2|Vegeta Otsusuki|blue-gen3two|1990
|teamsize|p1|6
|teamsize|p2|6
|gen|8
|tier|[Gen 8] National Dex AG
|rated|
|rule|HP Percentage Mod: HP is shown in percentages
|rule|Endless Battle Clause: Forcing endless battles is banned
|clearpoke
|poke|p1|Calyrex-Shadow|
|poke|p1|Kyogre|
|poke|p1|Yveltal|
|poke|p1|Lugia|
|poke|p1|Rayquaza|
|poke|p1|Arceus-*|
|poke|p2|Kyurem-White|
|poke|p2|Rayquaza|
|poke|p2|Arceus-*|
|poke|p2|Groudon|
|poke|p2|Ditto|
|poke|p2|Yveltal|
|teampreview
|inactive|Battle timer is ON: inactive players will automatically lose when time's up. (requested by Vegeta Otsusuki)
|
|t:|1665682497
|start
|switch|p1a: Lugia|Lugia|100/100
|switch|p2a: ❄️|Kyurem-White|100/100
|-ability|p2a: ❄️|Turboblaze
|turn|1
|
|t:|1665682509
|move|p2a: ❄️|Freeze-Dry|p1a: Lugia
|-supereffective|p1a: Lugia
|-damage|p1a: Lugia|47/100
|move|p1a: Lugia|Toxic|p2a: ❄️
|-status|p2a: ❄️|tox
|
|-damage|p2a: ❄️|94/100 tox|[from] psn
|upkeep
|turn|2
|
|t:|1665682528
|switch|p1a: Calyrex|Calyrex-Shadow|100/100
|-ability|p1a: Calyrex|As One
|-ability|p1a: Calyrex|Unnerve
|move|p2a: ❄️|Freeze-Dry|p1a: Calyrex
|-damage|p1a: Calyrex|28/100
|
|-damage|p2a: ❄️|82/100 tox|[from] psn
|upkeep
|turn|3
|
|t:|1665682539
|switch|p2a: 👑|Arceus|100/100
|move|p1a: Calyrex|Draining Kiss|p2a: 👑
|-damage|p2a: 👑|87/100
|-heal|p1a: Calyrex|42/100|[from] drain|[of] p2a: 👑
|
|upkeep
|turn|4
|
|t:|1665682551
|-start|p1a: Calyrex|Dynamax|
|-heal|p1a: Calyrex|42/100|[silent]
|move|p1a: Calyrex|Max Mindstorm|p2a: 👑
|-damage|p2a: 👑|31/100
|-fieldstart|move: Psychic Terrain
|move|p2a: 👑|Shadow Claw|p1a: Calyrex
|-supereffective|p1a: Calyrex
|-damage|p1a: Calyrex|0 fnt
|faint|p1a: Calyrex
|
|upkeep
|
|t:|1665682565
|switch|p1a: Kyogre|Kyogre|100/100
|-weather|RainDance|[from] ability: Drizzle|[of] p1a: Kyogre
|turn|5
|
|t:|1665682570
|switch|p2a: 💥|Groudon|100/100
|detailschange|p2a: 💥|Groudon-Primal
|-primal|p2a: 💥
|-weather|DesolateLand|[from] ability: Desolate Land|[of] p2a: 💥
|move|p1a: Kyogre|Ice Beam|p2a: 💥
|-damage|p2a: 💥|63/100
|
|-weather|DesolateLand|[upkeep]
|upkeep
|turn|6
|
|t:|1665682578
|move|p1a: Kyogre|Ice Beam|p2a: 💥
|-damage|p2a: 💥|26/100
|move|p2a: 💥|Stealth Rock|p1a: Kyogre
|-sidestart|p1: Andy611|move: Stealth Rock
|
|-weather|DesolateLand|[upkeep]
|upkeep
|turn|7
|
|t:|1665682585
|-weather|none
|switch|p2a: ❄️|Kyurem-White|82/100 tox
|-ability|p2a: ❄️|Turboblaze
|move|p1a: Kyogre|Ice Beam|p2a: ❄️
|-damage|p2a: ❄️|51/100 tox
|
|-damage|p2a: ❄️|45/100 tox|[from] psn
|upkeep
|turn|8
|
|t:|1665682598
|switch|p1a: Arceus|Arceus|100/100
|-damage|p1a: Arceus|88/100|[from] Stealth Rock
|move|p2a: ❄️|Freeze-Dry|p1a: Arceus
|-damage|p1a: Arceus|47/100
|
|-damage|p2a: ❄️|32/100 tox|[from] psn
|-fieldend|move: Psychic Terrain
|upkeep
|turn|9
|
|t:|1665682608
|switch|p2a: 💥|Groudon-Primal|26/100
|-weather|DesolateLand|[from] ability: Desolate Land|[of] p2a: 💥
|move|p1a: Arceus|Extreme Speed|p2a: 💥
|-damage|p2a: 💥|0 fnt
|faint|p2a: 💥
|-weather|none
|
|upkeep
|
|t:|1665682623
|switch|p2a: 🐉|Rayquaza|100/100
|-ability|p2a: 🐉|Air Lock
|turn|10
|
|t:|1665682629
|detailschange|p2a: 🐉|Rayquaza-Mega
|-mega|p2a: 🐉|Rayquaza|
|-weather|DeltaStream|[from] ability: Delta Stream|[of] p2a: 🐉
|move|p1a: Arceus|Extreme Speed|p2a: 🐉
|-damage|p2a: 🐉|61/100
|move|p2a: 🐉|Dragon Dance|p2a: 🐉
|-boost|p2a: 🐉|atk|1
|-boost|p2a: 🐉|spe|1
|
|-weather|DeltaStream|[upkeep]
|upkeep
|turn|11
|
|t:|1665682640
|move|p1a: Arceus|Extreme Speed|p2a: 🐉
|-damage|p2a: 🐉|18/100
|move|p2a: 🐉|Dragon Ascent|p1a: Arceus
|-damage|p1a: Arceus|0 fnt
|-unboost|p2a: 🐉|def|1
|-unboost|p2a: 🐉|spd|1
|faint|p1a: Arceus
|
|-weather|DeltaStream|[upkeep]
|upkeep
|
|t:|1665682658
|switch|p1a: Rayquaza|Rayquaza|100/100
|-damage|p1a: Rayquaza|76/100|[from] Stealth Rock
|-ability|p1a: Rayquaza|Air Lock
|turn|12
|
|t:|1665682665
|detailschange|p1a: Rayquaza|Rayquaza-Mega
|-mega|p1a: Rayquaza|Rayquaza|
|move|p2a: 🐉|Extreme Speed|p1a: Rayquaza
|-damage|p1a: Rayquaza|23/100
|move|p1a: Rayquaza|Extreme Speed|p2a: 🐉
|-damage|p2a: 🐉|0 fnt
|faint|p2a: 🐉
|
|-weather|DeltaStream|[upkeep]
|upkeep
|
|t:|1665682682
|switch|p2a: Kriti Sanon💋|Ditto|100/100
|-transform|p2a: Kriti Sanon💋|p1a: Rayquaza|[from] ability: Imposter
|turn|13
|
|t:|1665682687
|move|p2a: Kriti Sanon💋|Extreme Speed|p1a: Rayquaza
|-damage|p1a: Rayquaza|0 fnt
|faint|p1a: Rayquaza
|
|-weather|DeltaStream|[upkeep]
|upkeep
|
|t:|1665682694
|switch|p1a: Lugia|Lugia|47/100
|turn|14
|
|t:|1665682697
|-weather|none
|switch|p2a: ❄️|Kyurem-White|32/100 tox
|-ability|p2a: ❄️|Turboblaze
|move|p1a: Lugia|Defog|p2a: ❄️
|-unboost|p2a: ❄️|evasion|1
|-sideend|p1: Andy611|Stealth Rock|[from] move: Defog|[of] p1a: Lugia
|
|-damage|p2a: ❄️|26/100 tox|[from] psn
|upkeep
|turn|15
|
|t:|1665682710
|move|p2a: ❄️|Freeze-Dry|p1a: Lugia
|-supereffective|p1a: Lugia
|-damage|p1a: Lugia|0 fnt
|faint|p1a: Lugia
|
|-damage|p2a: ❄️|14/100 tox|[from] psn
|upkeep
|
|t:|1665682718
|switch|p1a: Kyogre|Kyogre|100/100
|-weather|RainDance|[from] ability: Drizzle|[of] p1a: Kyogre
|turn|16
|
|t:|1665682723
|move|p1a: Kyogre|Water Spout|p2a: ❄️
|-resisted|p2a: ❄️
|-damage|p2a: ❄️|0 fnt
|faint|p2a: ❄️
|
|-weather|RainDance|[upkeep]
|upkeep
|
|t:|1665682726
|switch|p2a: Kriti Sanon💋|Ditto|100/100
|-transform|p2a: Kriti Sanon💋|p1a: Kyogre|[from] ability: Imposter
|turn|17
|
|t:|1665682741
|move|p1a: Kyogre|Water Spout|p2a: Kriti Sanon💋
|-resisted|p2a: Kriti Sanon💋
|-damage|p2a: Kriti Sanon💋|49/100
|move|p2a: Kriti Sanon💋|Thunder|p1a: Kyogre
|-supereffective|p1a: Kyogre
|-damage|p1a: Kyogre|35/100
|-status|p1a: Kyogre|par
|
|-weather|RainDance|[upkeep]
|upkeep
|turn|18
|
|t:|1665682751
|move|p2a: Kriti Sanon💋|Thunder|p1a: Kyogre
|-supereffective|p1a: Kyogre
|-damage|p1a: Kyogre|0 fnt
|faint|p1a: Kyogre
|
|-weather|RainDance|[upkeep]
|upkeep
|
|t:|1665682758
|switch|p1a: Yveltal|Yveltal|100/100
|-ability|p1a: Yveltal|Dark Aura
|turn|19
|
|t:|1665682764
|move|p2a: Kriti Sanon💋|Thunder|p1a: Yveltal
|-supereffective|p1a: Yveltal
|-damage|p1a: Yveltal|31/100
|move|p1a: Yveltal|Knock Off|p2a: Kriti Sanon💋
|-damage|p2a: Kriti Sanon💋|0 fnt
|-enditem|p2a: Kriti Sanon💋|Choice Scarf|[from] move: Knock Off|[of] p1a: Yveltal
|faint|p2a: Kriti Sanon💋
|-damage|p1a: Yveltal|21/100|[from] item: Life Orb
|
|-weather|RainDance|[upkeep]
|upkeep
|
|t:|1665682769
|switch|p2a: 👑|Arceus|31/100
|turn|20
|
|t:|1665682778
|move|p2a: 👑|Extreme Speed|p1a: Yveltal
|-damage|p1a: Yveltal|0 fnt
|faint|p1a: Yveltal
|
|win|Vegeta Otsusuki
|raw|Andy611's rating: 1726 &rarr; <strong>1719</strong><br />(-7 for losing)
|raw|Vegeta Otsusuki's rating: 1990 &rarr; <strong>1997</strong><br />(+7 for winning)
