|j|☆frostcrush
|j|☆1upx
|t:|1658030041
|gametype|singles
|player|p1|frostcrush|1|1538
|player|p2|1upx|1|1635
|teamsize|p1|6
|teamsize|p2|6
|gen|8
|tier|[Gen 8] National Dex AG
|rated|
|rule|HP Percentage Mod: HP is shown in percentages
|rule|Endless Battle Clause: Forcing endless battles is banned
|clearpoke
|poke|p1|Pyukumuku, F|
|poke|p1|Magnemite, L1|
|poke|p1|Lugia|
|poke|p1|Gloom, F|
|poke|p1|Manectric, M|
|poke|p1|Alomomola, M|
|poke|p2|Marshadow|
|poke|p2|Yveltal|
|poke|p2|Rayquaza|
|poke|p2|Ditto|
|poke|p2|Xerneas-*|
|poke|p2|Smeargle, F|
|teampreview
|inactive|Battle timer is ON: inactive players will automatically lose when time's up. (requested by frostcrush)
|
|t:|1658030054
|start
|switch|p1a: Lugia|Lugia|100/100
|switch|p2a: Smeargle|Smeargle, F|100/100
|-ability|p1a: Lugia|Pressure
|turn|1
|
|t:|1658030059
|move|p2a: Smeargle|Protect|p2a: Smeargle
|-singleturn|p2a: Smeargle|Protect
|move|p1a: Lugia|Substitute|p1a: Lugia
|-start|p1a: Lugia|Substitute
|-damage|p1a: Lugia|76/100
|
|-heal|p1a: Lugia|82/100|[from] item: Leftovers
|-ability|p2a: Smeargle|Moody|boost
|-boost|p2a: Smeargle|spe|2
|-unboost|p2a: Smeargle|atk|1
|upkeep
|turn|2
|
|t:|1658030066
|move|p2a: Smeargle|Substitute|p2a: Smeargle
|-start|p2a: Smeargle|Substitute
|-damage|p2a: Smeargle|76/100
|move|p1a: Lugia|Aeroblast|p2a: Smeargle
|-end|p2a: Smeargle|Substitute
|
|-heal|p1a: Lugia|88/100|[from] item: Leftovers
|-ability|p2a: Smeargle|Moody|boost
|-boost|p2a: Smeargle|spe|2
|-unboost|p2a: Smeargle|spa|1
|upkeep
|turn|3
|
|t:|1658030070
|move|p2a: Smeargle|Protect|p2a: Smeargle
|-singleturn|p2a: Smeargle|Protect
|move|p1a: Lugia|Aeroblast|p2a: Smeargle
|-activate|p2a: Smeargle|move: Protect
|
|-heal|p1a: Lugia|94/100|[from] item: Leftovers
|-ability|p2a: Smeargle|Moody|boost
|-boost|p2a: Smeargle|spe|2
|-unboost|p2a: Smeargle|spa|1
|upkeep
|turn|4
|
|t:|1658030073
|move|p2a: Smeargle|Substitute|p2a: Smeargle
|-start|p2a: Smeargle|Substitute
|-damage|p2a: Smeargle|51/100
|move|p1a: Lugia|Aeroblast|p2a: Smeargle
|-end|p2a: Smeargle|Substitute
|
|-heal|p1a: Lugia|99/100|[from] item: Leftovers
|-ability|p2a: Smeargle|Moody|boost
|-boost|p2a: Smeargle|def|2
|-unboost|p2a: Smeargle|spd|1
|upkeep
|turn|5
|
|t:|1658030077
|move|p2a: Smeargle|Protect|p2a: Smeargle
|-singleturn|p2a: Smeargle|Protect
|move|p1a: Lugia|Defog|p2a: Smeargle
|-activate|p2a: Smeargle|move: Protect
|
|-heal|p1a: Lugia|100/100|[from] item: Leftovers
|-ability|p2a: Smeargle|Moody|boost
|-boost|p2a: Smeargle|def|2
|-unboost|p2a: Smeargle|spe|1
|upkeep
|turn|6
|
|t:|1658030079
|move|p2a: Smeargle|Substitute|p2a: Smeargle
|-start|p2a: Smeargle|Substitute
|-damage|p2a: Smeargle|26/100
|move|p1a: Lugia|Aeroblast|p2a: Smeargle
|-end|p2a: Smeargle|Substitute
|
|-ability|p2a: Smeargle|Moody|boost
|-boost|p2a: Smeargle|spd|2
|-unboost|p2a: Smeargle|atk|1
|upkeep
|turn|7
|
|t:|1658030084
|move|p2a: Smeargle|Protect|p2a: Smeargle
|-singleturn|p2a: Smeargle|Protect
|move|p1a: Lugia|Defog|p2a: Smeargle
|-activate|p2a: Smeargle|move: Protect
|
|-ability|p2a: Smeargle|Moody|boost
|-boost|p2a: Smeargle|def|2
|-unboost|p2a: Smeargle|atk|1
|upkeep
|turn|8
|
|t:|1658030088
|move|p2a: Smeargle|Substitute|p2a: Smeargle
|-start|p2a: Smeargle|Substitute
|-damage|p2a: Smeargle|1/100
|move|p1a: Lugia|Aeroblast|p2a: Smeargle|[miss]
|-miss|p1a: Lugia|p2a: Smeargle
|
|-ability|p2a: Smeargle|Moody|boost
|-boost|p2a: Smeargle|atk|2
|-unboost|p2a: Smeargle|spe|1
|upkeep
|turn|9
|
|t:|1658030093
|move|p2a: Smeargle|Protect|p2a: Smeargle
|-singleturn|p2a: Smeargle|Protect
|move|p1a: Lugia|Aeroblast|p2a: Smeargle
|-activate|p2a: Smeargle|move: Protect
|
|-ability|p2a: Smeargle|Moody|boost
|-boost|p2a: Smeargle|spd|2
|-unboost|p2a: Smeargle|atk|1
|upkeep
|turn|10
|
|t:|1658030098
|move|p2a: Smeargle|Baton Pass|p2a: Smeargle
|
|t:|1658030105
|switch|p2a: Yveltal|Yveltal|100/100|[from]move: Baton Pass
|-ability|p2a: Yveltal|Dark Aura
|move|p1a: Lugia|Aeroblast|p2a: Yveltal
|-activate|p2a: Yveltal|move: Substitute|[damage]
|
|upkeep
|turn|11
|
|t:|1658030113
|move|p2a: Yveltal|Dark Pulse|p1a: Lugia
|-supereffective|p1a: Lugia
|-crit|p1a: Lugia
|-end|p1a: Lugia|Substitute
|move|p1a: Lugia|Aeroblast|p2a: Yveltal
|-end|p2a: Yveltal|Substitute
|
|upkeep
|turn|12
|
|t:|1658030124
|move|p2a: Yveltal|Dark Pulse|p1a: Lugia
|-supereffective|p1a: Lugia
|-damage|p1a: Lugia|52/100
|move|p1a: Lugia|Defog|p2a: Yveltal
|-unboost|p2a: Yveltal|evasion|1
|
|-heal|p1a: Lugia|58/100|[from] item: Leftovers
|upkeep
|turn|13
|
|t:|1658030129
|move|p2a: Yveltal|Dark Pulse|p1a: Lugia
|-supereffective|p1a: Lugia
|-damage|p1a: Lugia|6/100
|move|p1a: Lugia|Roost|p1a: Lugia
|-heal|p1a: Lugia|56/100
|-singleturn|p1a: Lugia|move: Roost
|
|-heal|p1a: Lugia|62/100|[from] item: Leftovers
|upkeep
|turn|14
|
|t:|1658030135
|move|p2a: Yveltal|Dark Pulse|p1a: Lugia
|-supereffective|p1a: Lugia
|-damage|p1a: Lugia|7/100
|move|p1a: Lugia|Roost|p1a: Lugia
|-heal|p1a: Lugia|58/100
|-singleturn|p1a: Lugia|move: Roost
|
|-heal|p1a: Lugia|64/100|[from] item: Leftovers
|upkeep
|turn|15
|
|t:|1658030138
|move|p2a: Yveltal|Dark Pulse|p1a: Lugia
|-supereffective|p1a: Lugia
|-damage|p1a: Lugia|13/100
|cant|p1a: Lugia|flinch
|
|-heal|p1a: Lugia|19/100|[from] item: Leftovers
|upkeep
|turn|16
|
|t:|1658030141
|move|p2a: Yveltal|Dark Pulse|p1a: Lugia
|-supereffective|p1a: Lugia
|-damage|p1a: Lugia|0 fnt
|faint|p1a: Lugia
|
|upkeep
|
|t:|1658030145
|switch|p1a: Pyukumuku|Pyukumuku, F|100/100
|turn|17
|
|t:|1658030147
|move|p2a: Yveltal|Dark Pulse|p1a: Pyukumuku
|-damage|p1a: Pyukumuku|46/100
|move|p1a: Pyukumuku|Toxic|p2a: Yveltal
|-status|p2a: Yveltal|tox
|
|-heal|p1a: Pyukumuku|52/100|[from] item: Leftovers
|-damage|p2a: Yveltal|94/100 tox|[from] psn
|upkeep
|turn|18
|
|t:|1658030161
|switch|p1a: Manectric|Manectric, M|100/100
|move|p2a: Yveltal|Dark Pulse|p1a: Manectric
|-damage|p1a: Manectric|16/100
|
|-damage|p2a: Yveltal|82/100 tox|[from] psn
|upkeep
|turn|19
|
|t:|1658030165
|move|p2a: Yveltal|Dark Pulse|p1a: Manectric
|-crit|p1a: Manectric
|-damage|p1a: Manectric|0 fnt
|faint|p1a: Manectric
|
|-damage|p2a: Yveltal|64/100 tox|[from] psn
|upkeep
|
|t:|1658030171
|switch|p1a: Magnemite|Magnemite, L1|100/100
|turn|20
|
|t:|1658030174
|move|p2a: Yveltal|Dark Pulse|p1a: Magnemite
|-ability|p1a: Magnemite|Sturdy
|-damage|p1a: Magnemite|10/100
|-enditem|p1a: Magnemite|Berry Juice
|-heal|p1a: Magnemite|100/100|[from] item: Berry Juice
|move|p1a: Magnemite|Recycle|p1a: Magnemite
|-item|p1a: Magnemite|Berry Juice|[from] move: Recycle
|
|-damage|p2a: Yveltal|39/100 tox|[from] psn
|upkeep
|turn|21
|
|t:|1658030182
|move|p1a: Magnemite|Protect|p1a: Magnemite
|-singleturn|p1a: Magnemite|Protect
|move|p2a: Yveltal|Dark Pulse|p1a: Magnemite
|-activate|p1a: Magnemite|move: Protect
|
|-damage|p2a: Yveltal|9/100 tox|[from] psn
|upkeep
|turn|22
|
|t:|1658030190
|move|p2a: Yveltal|Dark Pulse|p1a: Magnemite
|-ability|p1a: Magnemite|Sturdy
|-damage|p1a: Magnemite|10/100
|-enditem|p1a: Magnemite|Berry Juice
|-heal|p1a: Magnemite|100/100|[from] item: Berry Juice
|cant|p1a: Magnemite|flinch
|
|-damage|p2a: Yveltal|0 fnt|[from] psn
|faint|p2a: Yveltal
|upkeep
|
|t:|1658030193
|switch|p2a: Smeargle|Smeargle, F|1/100
|turn|23
|
|t:|1658030199
|move|p2a: Smeargle|Spore|p1a: Magnemite
|-status|p1a: Magnemite|slp|[from] move: Spore
|cant|p1a: Magnemite|slp
|
|-ability|p2a: Smeargle|Moody|boost
|-boost|p2a: Smeargle|spd|2
|-unboost|p2a: Smeargle|spa|1
|upkeep
|turn|24
|
|t:|1658030204
|move|p2a: Smeargle|Baton Pass|p2a: Smeargle
|
|t:|1658030209
|switch|p2a: Rayquaza|Rayquaza|100/100|[from]move: Baton Pass
|-ability|p2a: Rayquaza|Air Lock
|-curestatus|p1a: Magnemite|slp|[msg]
|move|p1a: Magnemite|Toxic|p2a: Rayquaza
|-status|p2a: Rayquaza|tox
|
|-damage|p2a: Rayquaza|95/100 tox|[from] psn
|upkeep
|turn|25
|
|t:|1658030213
|detailschange|p2a: Rayquaza|Rayquaza-Mega
|-mega|p2a: Rayquaza|Rayquaza|
|-weather|DeltaStream|[from] ability: Delta Stream|[of] p2a: Rayquaza
|move|p2a: Rayquaza|Dragon Dance|p2a: Rayquaza
|-boost|p2a: Rayquaza|atk|1
|-boost|p2a: Rayquaza|spe|1
|move|p1a: Magnemite|Recycle|p1a: Magnemite
|-item|p1a: Magnemite|Berry Juice|[from] move: Recycle
|
|-weather|DeltaStream|[upkeep]
|-damage|p2a: Rayquaza|83/100 tox|[from] psn
|upkeep
|turn|26
|
|t:|1658030220
|move|p2a: Rayquaza|Earthquake|p1a: Magnemite
|-supereffective|p1a: Magnemite
|-ability|p1a: Magnemite|Sturdy
|-damage|p1a: Magnemite|10/100
|-enditem|p1a: Magnemite|Berry Juice
|-heal|p1a: Magnemite|100/100|[from] item: Berry Juice
|move|p1a: Magnemite|Double Team|p1a: Magnemite
|-boost|p1a: Magnemite|evasion|1
|
|-weather|DeltaStream|[upkeep]
|-damage|p2a: Rayquaza|65/100 tox|[from] psn
|upkeep
|turn|27
|
|t:|1658030225
|move|p2a: Rayquaza|Earthquake|p1a: Magnemite
|-supereffective|p1a: Magnemite
|-ability|p1a: Magnemite|Sturdy
|-damage|p1a: Magnemite|10/100
|move|p1a: Magnemite|Recycle|p1a: Magnemite
|-item|p1a: Magnemite|Berry Juice|[from] move: Recycle
|-enditem|p1a: Magnemite|Berry Juice
|-heal|p1a: Magnemite|100/100|[from] item: Berry Juice
|
|-weather|DeltaStream|[upkeep]
|-damage|p2a: Rayquaza|41/100 tox|[from] psn
|upkeep
|turn|28
|
|t:|1658030232
|move|p2a: Rayquaza|Extreme Speed|p1a: Magnemite
|-resisted|p1a: Magnemite
|-ability|p1a: Magnemite|Sturdy
|-damage|p1a: Magnemite|10/100
|move|p1a: Magnemite|Recycle|p1a: Magnemite
|-item|p1a: Magnemite|Berry Juice|[from] move: Recycle
|-enditem|p1a: Magnemite|Berry Juice
|-heal|p1a: Magnemite|100/100|[from] item: Berry Juice
|
|-weather|DeltaStream|[upkeep]
|-damage|p2a: Rayquaza|11/100 tox|[from] psn
|upkeep
|turn|29
|
|t:|1658030240
|move|p2a: Rayquaza|Earthquake|p1a: Magnemite
|-supereffective|p1a: Magnemite
|-ability|p1a: Magnemite|Sturdy
|-damage|p1a: Magnemite|10/100
|move|p1a: Magnemite|Recycle|p1a: Magnemite
|-item|p1a: Magnemite|Berry Juice|[from] move: Recycle
|-enditem|p1a: Magnemite|Berry Juice
|-heal|p1a: Magnemite|100/100|[from] item: Berry Juice
|
|-weather|DeltaStream|[upkeep]
|-damage|p2a: Rayquaza|0 fnt|[from] psn
|faint|p2a: Rayquaza
|-weather|none
|upkeep
|
|t:|1658030247
|switch|p2a: Marshadow|Marshadow|100/100
|turn|30
|
|t:|1658030254
|move|p2a: Marshadow|Rock Slide|p1a: Magnemite|[miss]
|-miss|p2a: Marshadow|p1a: Magnemite
|move|p1a: Magnemite|Toxic|p2a: Marshadow
|-status|p2a: Marshadow|tox
|
|-damage|p2a: Marshadow|94/100 tox|[from] psn
|upkeep
|turn|31
|
|t:|1658030261
|move|p2a: Marshadow|Rock Slide|p1a: Magnemite|[miss]
|-miss|p2a: Marshadow|p1a: Magnemite
|move|p1a: Magnemite|Recycle|p1a: Magnemite
|-item|p1a: Magnemite|Berry Juice|[from] move: Recycle
|
|-damage|p2a: Marshadow|82/100 tox|[from] psn
|upkeep
|turn|32
|
|t:|1658030268
|move|p2a: Marshadow|Rock Slide|p1a: Magnemite
|-resisted|p1a: Magnemite
|-ability|p1a: Magnemite|Sturdy
|-damage|p1a: Magnemite|10/100
|-enditem|p1a: Magnemite|Berry Juice
|-heal|p1a: Magnemite|100/100|[from] item: Berry Juice
|cant|p1a: Magnemite|flinch
|
|-damage|p2a: Marshadow|63/100 tox|[from] psn
|upkeep
|turn|33
|
|t:|1658030274
|move|p2a: Marshadow|Rock Slide|p1a: Magnemite
|-resisted|p1a: Magnemite
|-ability|p1a: Magnemite|Sturdy
|-damage|p1a: Magnemite|10/100
|move|p1a: Magnemite|Recycle|p1a: Magnemite
|-item|p1a: Magnemite|Berry Juice|[from] move: Recycle
|-enditem|p1a: Magnemite|Berry Juice
|-heal|p1a: Magnemite|100/100|[from] item: Berry Juice
|
|-damage|p2a: Marshadow|38/100 tox|[from] psn
|upkeep
|turn|34
|
|t:|1658030281
|move|p2a: Marshadow|Rock Slide|p1a: Magnemite
|-resisted|p1a: Magnemite
|-ability|p1a: Magnemite|Sturdy
|-damage|p1a: Magnemite|10/100
|move|p1a: Magnemite|Recycle|p1a: Magnemite
|-item|p1a: Magnemite|Berry Juice|[from] move: Recycle
|-enditem|p1a: Magnemite|Berry Juice
|-heal|p1a: Magnemite|100/100|[from] item: Berry Juice
|
|-damage|p2a: Marshadow|7/100 tox|[from] psn
|upkeep
|turn|35
|
|t:|1658030287
|move|p1a: Magnemite|Protect|p1a: Magnemite
|-singleturn|p1a: Magnemite|Protect
|move|p2a: Marshadow|Rock Slide|p1a: Magnemite
|-activate|p1a: Magnemite|move: Protect
|
|-damage|p2a: Marshadow|0 fnt|[from] psn
|faint|p2a: Marshadow
|upkeep
|
|t:|1658030291
|switch|p2a: Ditto|Ditto|100/100
|-transform|p2a: Ditto|p1a: Magnemite|[from] ability: Imposter
|turn|36
|
|t:|1658030296
|move|p2a: Ditto|Toxic|p1a: Magnemite
|-immune|p1a: Magnemite
|move|p1a: Magnemite|Recycle|p1a: Magnemite
|-item|p1a: Magnemite|Berry Juice|[from] move: Recycle
|
|upkeep
|turn|37
|
|t:|1658030304
|switch|p1a: Gloom|Gloom, F|100/100
|move|p2a: Ditto|Toxic|p1a: Gloom|[miss]
|-miss|p2a: Ditto|p1a: Gloom
|
|upkeep
|turn|38
|
|t:|1658030308
|move|p1a: Gloom|Leech Seed|p2a: Ditto
|-start|p2a: Ditto|move: Leech Seed
|move|p2a: Ditto|Double Team|p2a: Ditto
|-boost|p2a: Ditto|evasion|1
|
|-damage|p2a: Ditto|88/100|[from] Leech Seed|[of] p1a: Gloom
|upkeep
|turn|39
|
|t:|1658030314
|switch|p1a: Alomomola|Alomomola, M|100/100
|switch|p2a: Smeargle|Smeargle, F|1/100
|
|-ability|p2a: Smeargle|Moody|boost
|-boost|p2a: Smeargle|atk|2
|-unboost|p2a: Smeargle|spe|1
|upkeep
|turn|40
|
|t:|1658030319
|move|p2a: Smeargle|Spore|p1a: Alomomola
|-status|p1a: Alomomola|slp|[from] move: Spore
|cant|p1a: Alomomola|slp
|
|-ability|p2a: Smeargle|Moody|boost
|-boost|p2a: Smeargle|atk|2
|-unboost|p2a: Smeargle|def|1
|upkeep
|turn|41
|
|t:|1658030325
|switch|p2a: Xerneas|Xerneas|100/100
|-ability|p2a: Xerneas|Fairy Aura
|switch|p1a: Gloom|Gloom, F|100/100
|
|upkeep
|turn|42
|
|t:|1658030328
|move|p2a: Xerneas|Geomancy||[still]
|-prepare|p2a: Xerneas|Geomancy
|-enditem|p2a: Xerneas|Power Herb
|-anim|p2a: Xerneas|Geomancy|p2a: Xerneas
|-boost|p2a: Xerneas|spa|2
|-boost|p2a: Xerneas|spd|2
|-boost|p2a: Xerneas|spe|2
|move|p1a: Gloom|Toxic|p2a: Xerneas
|-status|p2a: Xerneas|tox
|
|-damage|p2a: Xerneas|94/100 tox|[from] psn
|upkeep
|turn|43
|
|t:|1658030335
|-start|p2a: Xerneas|Dynamax|
|-heal|p2a: Xerneas|94/100 tox|[silent]
|move|p2a: Xerneas|Max Starfall|p1a: Gloom
|-resisted|p1a: Gloom
|-damage|p1a: Gloom|44/100
|-fieldstart|move: Misty Terrain
|move|p1a: Gloom|Strength Sap|p2a: Xerneas
|-unboost|p2a: Xerneas|atk|1
|-heal|p1a: Gloom|100/100
|
|-damage|p2a: Xerneas|88/100 tox|[from] psn
|upkeep
|turn|44
|
|t:|1658030344
|move|p2a: Xerneas|Max Flare|p1a: Gloom
|-supereffective|p1a: Gloom
|-damage|p1a: Gloom|0 fnt
|-weather|SunnyDay
|faint|p1a: Gloom
|
|-weather|SunnyDay|[upkeep]
|-damage|p2a: Xerneas|79/100 tox|[from] psn
|upkeep
|
|t:|1658030351
|switch|p1a: Magnemite|Magnemite, L1|100/100
|turn|45
|
|t:|1658030355
|move|p2a: Xerneas|Max Starfall|p1a: Magnemite
|-resisted|p1a: Magnemite
|-ability|p1a: Magnemite|Sturdy
|-damage|p1a: Magnemite|10/100
|-enditem|p1a: Magnemite|Berry Juice
|-heal|p1a: Magnemite|100/100|[from] item: Berry Juice
|move|p1a: Magnemite|Recycle|p1a: Magnemite
|-item|p1a: Magnemite|Berry Juice|[from] move: Recycle
|
|-weather|SunnyDay|[upkeep]
|-damage|p2a: Xerneas|67/100 tox|[from] psn
|upkeep
|-end|p2a: Xerneas|Dynamax
|-heal|p2a: Xerneas|67/100 tox|[silent]
|turn|46
|
|t:|1658030363
|move|p2a: Xerneas|Moonblast|p1a: Magnemite
|-resisted|p1a: Magnemite
|-ability|p1a: Magnemite|Sturdy
|-damage|p1a: Magnemite|10/100
|-enditem|p1a: Magnemite|Berry Juice
|-heal|p1a: Magnemite|100/100|[from] item: Berry Juice
|move|p1a: Magnemite|Recycle|p1a: Magnemite
|-item|p1a: Magnemite|Berry Juice|[from] move: Recycle
|
|-weather|SunnyDay|[upkeep]
|-damage|p2a: Xerneas|36/100 tox|[from] psn
|upkeep
|turn|47
|
|t:|1658030368
|switch|p2a: Smeargle|Smeargle, F|1/100
|move|p1a: Magnemite|Recycle||[still]
|-fail|p1a: Magnemite
|
|-weather|SunnyDay|[upkeep]
|-fieldend|Misty Terrain
|-ability|p2a: Smeargle|Moody|boost
|-boost|p2a: Smeargle|spd|2
|-unboost|p2a: Smeargle|def|1
|upkeep
|turn|48
|j| yeshahR
|
|t:|1658030372
|switch|p1a: Alomomola|Alomomola, M|100/100 slp
|move|p2a: Smeargle|Spore|p1a: Alomomola
|-fail|p1a: Alomomola|slp
|
|-weather|none
|-ability|p2a: Smeargle|Moody|boost
|-boost|p2a: Smeargle|spa|2
|-unboost|p2a: Smeargle|spd|1
|upkeep
|turn|49
|
|t:|1658030375
|switch|p2a: Xerneas|Xerneas|36/100 tox
|-ability|p2a: Xerneas|Fairy Aura
|-curestatus|p1a: Alomomola|slp|[msg]
|move|p1a: Alomomola|Toxic|p2a: Xerneas
|-fail|p2a: Xerneas|tox
|
|-damage|p2a: Xerneas|30/100 tox|[from] psn
|upkeep
|turn|50
|
|t:|1658030379
|move|p1a: Alomomola|Protect|p1a: Alomomola
|-singleturn|p1a: Alomomola|Protect
|move|p2a: Xerneas|Moonblast|p1a: Alomomola
|-activate|p1a: Alomomola|move: Protect
|
|-damage|p2a: Xerneas|18/100 tox|[from] psn
|upkeep
|turn|51
|
|t:|1658030387
|switch|p1a: Pyukumuku|Pyukumuku, F|52/100
|move|p2a: Xerneas|Moonblast|p1a: Pyukumuku
|-damage|p1a: Pyukumuku|12/100
|
|-heal|p1a: Pyukumuku|18/100|[from] item: Leftovers
|-damage|p2a: Xerneas|0 fnt|[from] psn
|faint|p2a: Xerneas
|upkeep
|
|t:|1658030392
|switch|p2a: Ditto|Ditto|88/100
|-transform|p2a: Ditto|p1a: Pyukumuku|[from] ability: Imposter
|turn|52
|
|t:|1658030396
|move|p1a: Pyukumuku|Toxic|p2a: Ditto
|-status|p2a: Ditto|tox
|move|p2a: Ditto|Toxic|p1a: Pyukumuku
|-status|p1a: Pyukumuku|tox
|
|-heal|p1a: Pyukumuku|24/100 tox|[from] item: Leftovers
|-damage|p1a: Pyukumuku|18/100 tox|[from] psn
|-damage|p2a: Ditto|82/100 tox|[from] psn
|upkeep
|turn|53
|
|t:|1658030399
|move|p1a: Pyukumuku|Recover|p1a: Pyukumuku
|-heal|p1a: Pyukumuku|68/100 tox
|move|p2a: Ditto|Recover|p2a: Ditto
|-heal|p2a: Ditto|100/100 tox
|
|-heal|p1a: Pyukumuku|74/100 tox|[from] item: Leftovers
|-damage|p1a: Pyukumuku|62/100 tox|[from] psn
|-damage|p2a: Ditto|88/100 tox|[from] psn
|upkeep
|turn|54
|
|t:|1658030402
|switch|p1a: Magnemite|Magnemite, L1|100/100
|move|p2a: Ditto|Recover|p2a: Ditto
|-heal|p2a: Ditto|100/100 tox
|
|-damage|p2a: Ditto|82/100 tox|[from] psn
|upkeep
|turn|55
|
|t:|1658030407
|move|p1a: Magnemite|Double Team|p1a: Magnemite
|-boost|p1a: Magnemite|evasion|1
|move|p2a: Ditto|Counter||[still]
|-fail|p2a: Ditto
|
|-damage|p2a: Ditto|58/100 tox|[from] psn
|upkeep
|turn|56
|
|t:|1658030411
|switch|p2a: Smeargle|Smeargle, F|1/100
|move|p1a: Magnemite|Double Team|p1a: Magnemite
|-boost|p1a: Magnemite|evasion|1
|
|-ability|p2a: Smeargle|Moody|boost
|-boost|p2a: Smeargle|atk|2
|-unboost|p2a: Smeargle|spa|1
|upkeep
|turn|57
|c|☆frostcrush|u cant do anything to me u lose
|
|t:|1658030418
|move|p2a: Smeargle|Spore|p1a: Magnemite|[miss]
|-miss|p2a: Smeargle|p1a: Magnemite
|move|p1a: Magnemite|Toxic|p2a: Smeargle
|-status|p2a: Smeargle|tox
|
|-damage|p2a: Smeargle|0 fnt|[from] psn
|faint|p2a: Smeargle
|upkeep
|
|t:|1658030420
|switch|p2a: Ditto|Ditto|58/100 tox
|-transform|p2a: Ditto|p1a: Magnemite|[from] ability: Imposter
|turn|58
|
|t:|1658030427
|move|p2a: Ditto|Recycle||[still]
|-fail|p2a: Ditto
|move|p1a: Magnemite|Double Team|p1a: Magnemite
|-boost|p1a: Magnemite|evasion|1
|
|-damage|p2a: Ditto|52/100 tox|[from] psn
|upkeep
|turn|59
|
|t:|1658030434
|switch|p1a: Alomomola|Alomomola, M|100/100
|move|p2a: Ditto|Toxic|p1a: Alomomola
|-status|p1a: Alomomola|tox
|
|-damage|p1a: Alomomola|94/100 tox|[from] psn
|-damage|p2a: Ditto|40/100 tox|[from] psn
|upkeep
|turn|60
|
|t:|1658030438
|move|p2a: Ditto|Protect|p2a: Ditto
|-singleturn|p2a: Ditto|Protect
|move|p1a: Alomomola|Scald|p2a: Ditto
|-activate|p2a: Ditto|move: Protect
|
|-heal|p1a: Alomomola|100/100 tox|[from] item: Leftovers
|-damage|p1a: Alomomola|88/100 tox|[from] psn
|-damage|p2a: Ditto|22/100 tox|[from] psn
|upkeep
|turn|61
|
|t:|1658030440
|move|p1a: Alomomola|Scald|p2a: Ditto
|-damage|p2a: Ditto|0 fnt
|faint|p2a: Ditto
|
|win|frostcrush
|raw|frostcrush's rating: 1538 &rarr; <strong>1563</strong><br />(+25 for winning)
|raw|1upx's rating: 1635 &rarr; <strong>1610</strong><br />(-25 for losing)
|l|☆1upx
|c|☆frostcrush|gg
|l| yeshahR
||Ladder isn't responding, score probably updated but might not have (Request timeout).
