|j|☆OnMaWa
|j|☆yeDAY
|player|p1|OnMaWa|psychic-gen4|1644
|player|p2|yeDAY|blue|1379
|teamsize|p1|6
|teamsize|p2|6
|gametype|singles
|gen|8
|tier|[Gen 8] National Dex AG
|rated|
|clearpoke
|poke|p1|Necrozma-Dusk-Mane|
|poke|p1|Arceus-*|
|poke|p1|Xerneas|
|poke|p1|Zacian-Crowned|
|poke|p1|Lugia|
|poke|p1|Rayquaza|
|poke|p2|Kartana|
|poke|p2|Cutiefly, F|
|poke|p2|Rotom-Wash|
|poke|p2|Azelf|
|poke|p2|Haunter, M|
|poke|p2|Minior|
|rule|HP Percentage Mod: HP is shown in percentages
|rule|Endless Battle Clause: Forcing endless battles is banned
|teampreview
|
|start
|switch|p1a: Zacian|Zacian-Crowned|100/100
|switch|p2a: Cutiefly|Cutiefly, F|100/100
|-ability|p1a: Zacian|Intrepid Sword|boost
|-boost|p1a: Zacian|atk|1
|turn|1
|
|move|p1a: Zacian|Behemoth Blade|p2a: Cutiefly
|-supereffective|p2a: Cutiefly
|-enditem|p2a: Cutiefly|Focus Sash
|-damage|p2a: Cutiefly|1/100
|move|p2a: Cutiefly|Tailwind|p2a: Cutiefly
|-sidestart|p2: yeDAY|move: Tailwind
|
|upkeep
|turn|2
|
|move|p2a: Cutiefly|Sticky Web|p1a: Zacian
|-sidestart|p1: OnMaWa|move: Sticky Web
|move|p1a: Zacian|Behemoth Blade|p2a: Cutiefly
|-supereffective|p2a: Cutiefly
|-damage|p2a: Cutiefly|0 fnt
|faint|p2a: Cutiefly
|
|upkeep
|
|switch|p2a: Rotom|Rotom-Wash|100/100
|turn|3
|
|-start|p2a: Rotom|Dynamax
|-heal|p2a: Rotom|100/100|[silent]
|move|p2a: Rotom|Max Geyser|p1a: Zacian
|-damage|p1a: Zacian|38/100
|-weather|RainDance
|move|p1a: Zacian|Crunch|p2a: Rotom
|-damage|p2a: Rotom|63/100
|
|-weather|RainDance|[upkeep]
|upkeep
|turn|4
|
|move|p2a: Rotom|Max Geyser|p1a: Zacian
|-damage|p1a: Zacian|0 fnt
|faint|p1a: Zacian
|
|-weather|RainDance|[upkeep]
|-sideend|p2: yeDAY|move: Tailwind
|upkeep
|c|☆yeDAY|wait are you min speed?
|
|switch|p1a: Lugia|Lugia|100/100
|turn|5
|
|move|p2a: Rotom|Max Lightning|p1a: Lugia
|-supereffective|p1a: Lugia
|-damage|p1a: Lugia|70/100
|-fieldstart|move: Electric Terrain
|move|p1a: Lugia|Roost|p1a: Lugia
|-heal|p1a: Lugia|100/100
|-singleturn|p1a: Lugia|move: Roost
|
|-weather|RainDance|[upkeep]
|-end|p2a: Rotom|Dynamax
|-heal|p2a: Rotom|63/100|[silent]
|upkeep
|turn|6
|
|move|p2a: Rotom|Will-O-Wisp|p1a: Lugia
|-status|p1a: Lugia|brn
|move|p1a: Lugia|Whirlwind|p2a: Rotom
|drag|p2a: Azelf|Azelf|100/100
|
|-weather|RainDance|[upkeep]
|-damage|p1a: Lugia|94/100 brn|[from] brn
|upkeep
|turn|7
|
|move|p2a: Azelf|Taunt|p1a: Lugia
|-start|p1a: Lugia|move: Taunt
|cant|p1a: Lugia|move: Taunt|Toxic
|
|-weather|none
|-damage|p1a: Lugia|88/100 brn|[from] brn
|upkeep
|turn|8
|
|switch|p1a: Rayquaza|Rayquaza|100/100
|-ability|p1a: Rayquaza|Air Lock
|move|p2a: Azelf|Stealth Rock|p1a: Rayquaza
|-sidestart|p1: OnMaWa|move: Stealth Rock
|
|upkeep
|turn|9
|
|detailschange|p1a: Rayquaza|Rayquaza-Mega
|-mega|p1a: Rayquaza|Rayquaza|
|-weather|DeltaStream|[from] ability: Delta Stream|[of] p1a: Rayquaza
|move|p2a: Azelf|Zen Headbutt|p1a: Rayquaza
|-damage|p1a: Rayquaza|63/100
|move|p1a: Rayquaza|Dragon Ascent|p2a: Azelf
|-enditem|p2a: Azelf|Focus Sash
|-damage|p2a: Azelf|1/100
|-unboost|p1a: Rayquaza|def|1
|-unboost|p1a: Rayquaza|spd|1
|-damage|p1a: Rayquaza|53/100|[from] item: Life Orb
|
|-weather|DeltaStream|[upkeep]
|-fieldend|move: Electric Terrain
|upkeep
|turn|10
|
|move|p1a: Rayquaza|Extreme Speed|p2a: Azelf
|-damage|p2a: Azelf|0 fnt
|-damage|p1a: Rayquaza|43/100|[from] item: Life Orb
|faint|p2a: Azelf
|
|-weather|DeltaStream|[upkeep]
|upkeep
|
|switch|p2a: Minior|Minior|100/100
|-formechange|p2a: Minior|Minior-Meteor||[from] ability: Shields Down
|turn|11
|
|move|p1a: Rayquaza|Dragon Ascent|p2a: Minior
|-resisted|p2a: Minior
|-damage|p2a: Minior|21/100
|-unboost|p1a: Rayquaza|def|1
|-unboost|p1a: Rayquaza|spd|1
|-damage|p1a: Rayquaza|33/100|[from] item: Life Orb
|move|p2a: Minior|Shell Smash|p2a: Minior
|-unboost|p2a: Minior|def|1
|-unboost|p2a: Minior|spd|1
|-boost|p2a: Minior|atk|2
|-boost|p2a: Minior|spa|2
|-boost|p2a: Minior|spe|2
|-enditem|p2a: Minior|White Herb
|-clearnegativeboost|p2a: Minior|[silent]
|
|-weather|DeltaStream|[upkeep]
|-formechange|p2a: Minior|Minior||[from] ability: Shields Down
|upkeep
|turn|12
|
|move|p1a: Rayquaza|Extreme Speed|p2a: Minior
|-resisted|p2a: Minior
|-damage|p2a: Minior|0 fnt
|-damage|p1a: Rayquaza|23/100|[from] item: Life Orb
|faint|p2a: Minior
|
|-weather|DeltaStream|[upkeep]
|upkeep
|
|switch|p2a: Rotom|Rotom-Wash|63/100
|turn|13
|
|move|p1a: Rayquaza|Extreme Speed|p2a: Rotom
|-damage|p2a: Rotom|0 fnt
|-damage|p1a: Rayquaza|13/100|[from] item: Life Orb
|faint|p2a: Rotom
|
|-weather|DeltaStream|[upkeep]
|upkeep
|
|switch|p2a: Haunter|Haunter, M|100/100
|turn|14
|
|move|p2a: Haunter|Shadow Ball|p1a: Rayquaza
|-damage|p1a: Rayquaza|0 fnt
|faint|p1a: Rayquaza
|-weather|none
|
|upkeep
|
|switch|p1a: Xerneas|Xerneas|100/100
|-damage|p1a: Xerneas|88/100|[from] Stealth Rock
|-activate|p1a: Xerneas|move: Sticky Web
|-unboost|p1a: Xerneas|spe|1
|-ability|p1a: Xerneas|Fairy Aura
|turn|15
|
|-start|p1a: Xerneas|Dynamax
|-heal|p1a: Xerneas|88/100|[silent]
|move|p2a: Haunter|Sludge Wave|p1a: Xerneas
|-supereffective|p1a: Xerneas
|-damage|p1a: Xerneas|52/100
|move|p1a: Xerneas|Max Starfall|p2a: Haunter
|-resisted|p2a: Haunter
|-damage|p2a: Haunter|28/100
|-fieldstart|move: Misty Terrain
|
|upkeep
|turn|16
|
|move|p2a: Haunter|Sludge Wave|p1a: Xerneas
|-supereffective|p1a: Xerneas
|-damage|p1a: Xerneas|17/100
|move|p1a: Xerneas|Max Starfall|p2a: Haunter
|-resisted|p2a: Haunter
|-damage|p2a: Haunter|0 fnt
|faint|p2a: Haunter
|
|upkeep
|
|switch|p2a: Kartana|Kartana|100/100
|turn|17
|
|move|p2a: Kartana|Leaf Blade|p1a: Xerneas
|-damage|p1a: Xerneas|0 fnt
|faint|p1a: Xerneas
|-ability|p2a: Kartana|Beast Boost|boost
|-boost|p2a: Kartana|atk|1
|
|upkeep
|
|switch|p1a: Necrozma|Necrozma-Dusk-Mane|100/100
|-activate|p1a: Necrozma|move: Sticky Web
|-unboost|p1a: Necrozma|spe|1
|-damage|p1a: Necrozma|94/100|[from] Stealth Rock
|turn|18
|
|move|p2a: Kartana|Knock Off|p1a: Necrozma
|-supereffective|p1a: Necrozma
|-damage|p1a: Necrozma|37/100
|move|p1a: Necrozma|Dragon Dance|p1a: Necrozma
|-boost|p1a: Necrozma|atk|1
|-boost|p1a: Necrozma|spe|1
|
|upkeep
|turn|19
|
|detailschange|p1a: Necrozma|Necrozma-Ultra
|-burst|p1a: Necrozma|Necrozma|Ultranecrozium Z
|move|p2a: Kartana|Knock Off|p1a: Necrozma
|-supereffective|p1a: Necrozma
|-damage|p1a: Necrozma|0 fnt
|faint|p1a: Necrozma
|-ability|p2a: Kartana|Beast Boost|boost
|-boost|p2a: Kartana|atk|1
|
|-fieldend|Misty Terrain
|upkeep
|
|switch|p1a: Lugia|Lugia|88/100 brn
|turn|20
|
|move|p2a: Kartana|Knock Off|p1a: Lugia
|-supereffective|p1a: Lugia
|-damage|p1a: Lugia|0 fnt
|-enditem|p1a: Lugia|Heavy-Duty Boots|[from] move: Knock Off|[of] p2a: Kartana
|faint|p1a: Lugia
|-ability|p2a: Kartana|Beast Boost|boost
|-boost|p2a: Kartana|atk|1
|
|upkeep
|
|switch|p1a: Arceus|Arceus|100/100
|-damage|p1a: Arceus|88/100|[from] Stealth Rock
|-activate|p1a: Arceus|move: Sticky Web
|-unboost|p1a: Arceus|spe|1
|turn|21
|c|☆yeDAY|gg
|
|move|p2a: Kartana|Sacred Sword|p1a: Arceus
|-supereffective|p1a: Arceus
|-damage|p1a: Arceus|0 fnt
|faint|p1a: Arceus
|
|win|yeDAY
|raw|OnMaWa's rating: 1644 &rarr; <strong>1611</strong><br />(-33 for losing)
|raw|yeDAY's rating: 1379 &rarr; <strong>1412</strong><br />(+33 for winning)
