|j|☆Athila2
|j|☆amnael1
|t:|1650313525
|gametype|singles
|player|p1|Athila2|zinnia|1692
|player|p2|amnael1|dawn|1776
|teamsize|p1|6
|teamsize|p2|6
|gen|8
|tier|[Gen 8] National Dex AG
|rated|
|rule|HP Percentage Mod: HP is shown in percentages
|rule|Endless Battle Clause: Forcing endless battles is banned
|clearpoke
|poke|p1|Zygarde|
|poke|p1|Tyranitar, F|
|poke|p1|Excadrill, F|
|poke|p1|Ferrothorn, F|
|poke|p1|Necrozma-Dusk-Mane|
|poke|p1|Rayquaza|
|poke|p2|Smeargle, M|
|poke|p2|Groudon|
|poke|p2|Espeon, F|
|poke|p2|Rayquaza|
|poke|p2|Xerneas-*|
|poke|p2|Zacian-*|
|teampreview
|
|t:|1650313535
|start
|switch|p1a: Thornseed|Ferrothorn, F|100/100
|switch|p2a: Groudon|Groudon|100/100
|detailschange|p2a: Groudon|Groudon-Primal
|-primal|p2a: Groudon
|-weather|DesolateLand|[from] ability: Desolate Land|[of] p2a: Groudon
|turn|1
|
|t:|1650313540
|switch|p1a: Rayquaza|Rayquaza|100/100
|-ability|p1a: Rayquaza|Air Lock
|move|p2a: Groudon|Fire Punch|p1a: Rayquaza
|-resisted|p1a: Rayquaza
|-damage|p1a: Rayquaza|75/100
|
|-weather|DesolateLand|[upkeep]
|upkeep
|turn|2
|
|t:|1650313548
|-weather|none
|switch|p2a: Zacian|Zacian-Crowned|100/100
|-ability|p2a: Zacian|Intrepid Sword|boost
|-boost|p2a: Zacian|atk|1
|detailschange|p1a: Rayquaza|Rayquaza-Mega
|-mega|p1a: Rayquaza|Rayquaza|
|-weather|DeltaStream|[from] ability: Delta Stream|[of] p1a: Rayquaza
|move|p1a: Rayquaza|Earthquake|p2a: Zacian
|-supereffective|p2a: Zacian
|-damage|p2a: Zacian|0 fnt
|faint|p2a: Zacian
|
|-weather|DeltaStream|[upkeep]
|upkeep
|
|t:|1650313556
|switch|p2a: Rayquaza|Rayquaza|100/100
|-ability|p2a: Rayquaza|Air Lock
|turn|3
|
|t:|1650313559
|detailschange|p2a: Rayquaza|Rayquaza-Mega
|-mega|p2a: Rayquaza|Rayquaza|
|move|p2a: Rayquaza|Dragon Dance|p2a: Rayquaza
|-boost|p2a: Rayquaza|atk|1
|-boost|p2a: Rayquaza|spe|1
|move|p1a: Rayquaza|Dragon Ascent|p2a: Rayquaza
|-crit|p2a: Rayquaza
|-enditem|p2a: Rayquaza|Focus Sash
|-damage|p2a: Rayquaza|1/100
|-unboost|p1a: Rayquaza|def|1
|-unboost|p1a: Rayquaza|spd|1
|
|-weather|DeltaStream|[upkeep]
|upkeep
|turn|4
|
|t:|1650313562
|move|p2a: Rayquaza|Extreme Speed|p1a: Rayquaza
|-damage|p1a: Rayquaza|0 fnt
|faint|p1a: Rayquaza
|
|-weather|DeltaStream|[upkeep]
|upkeep
|
|t:|1650313566
|switch|p1a: Thornseed|Ferrothorn, F|100/100
|turn|5
|
|t:|1650313573
|-weather|none
|switch|p2a: Espeon|Espeon, F|100/100
|switch|p1a: Tyrantrumtrademark|Tyranitar, F|100/100
|-weather|Sandstorm|[from] ability: Sand Stream|[of] p1a: Tyrantrumtrademark
|
|-weather|Sandstorm|[upkeep]
|-damage|p2a: Espeon|95/100|[from] Sandstorm
|upkeep
|turn|6
|
|t:|1650313577
|move|p2a: Espeon|Yawn|p1a: Tyrantrumtrademark
|-start|p1a: Tyrantrumtrademark|move: Yawn|[of] p2a: Espeon
|move|p1a: Tyrantrumtrademark|Pursuit|p2a: Espeon
|-supereffective|p2a: Espeon
|-damage|p2a: Espeon|22/100
|
|-weather|Sandstorm|[upkeep]
|-damage|p2a: Espeon|16/100|[from] Sandstorm
|upkeep
|turn|7
|
|t:|1650313586
|switch|p1a: Excadrilbur|Excadrill, F|100/100
|move|p2a: Espeon|Yawn|p1a: Excadrilbur
|-start|p1a: Excadrilbur|move: Yawn|[of] p2a: Espeon
|
|-weather|Sandstorm|[upkeep]
|-damage|p2a: Espeon|10/100|[from] Sandstorm
|upkeep
|turn|8
|
|t:|1650313590
|switch|p1a: Tyrantrumtrademark|Tyranitar, F|100/100
|move|p2a: Espeon|Shadow Ball|p1a: Tyrantrumtrademark
|-resisted|p1a: Tyrantrumtrademark
|-damage|p1a: Tyrantrumtrademark|95/100
|
|-weather|Sandstorm|[upkeep]
|-damage|p2a: Espeon|4/100|[from] Sandstorm
|upkeep
|turn|9
|
|t:|1650313607
|move|p2a: Espeon|Yawn|p1a: Tyrantrumtrademark
|-start|p1a: Tyrantrumtrademark|move: Yawn|[of] p2a: Espeon
|move|p1a: Tyrantrumtrademark|Pursuit|p2a: Espeon
|-supereffective|p2a: Espeon
|-damage|p2a: Espeon|0 fnt
|faint|p2a: Espeon
|
|-weather|Sandstorm|[upkeep]
|upkeep
|
|t:|1650313612
|switch|p2a: Groudon|Groudon-Primal|100/100
|-weather|DesolateLand|[from] ability: Desolate Land|[of] p2a: Groudon
|turn|10
|
|t:|1650313617
|move|p2a: Groudon|Stealth Rock|p1a: Tyrantrumtrademark
|-sidestart|p1: Athila2|move: Stealth Rock
|move|p1a: Tyrantrumtrademark|Taunt|p2a: Groudon
|-start|p2a: Groudon|move: Taunt
|
|-weather|DesolateLand|[upkeep]
|-end|p1a: Tyrantrumtrademark|move: Yawn|[silent]
|-status|p1a: Tyrantrumtrademark|slp
|upkeep
|turn|11
|
|t:|1650313625
|-weather|none
|switch|p2a: Smeargle|Smeargle, M|100/100
|cant|p1a: Tyrantrumtrademark|slp
|
|-ability|p2a: Smeargle|Moody|boost
|-boost|p2a: Smeargle|spe|2
|-unboost|p2a: Smeargle|def|1
|upkeep
|turn|12
|
|t:|1650313631
|move|p2a: Smeargle|Baton Pass|p2a: Smeargle
|
|t:|1650313633
|switch|p2a: Groudon|Groudon-Primal|100/100|[from]move: Baton Pass
|-weather|DesolateLand|[from] ability: Desolate Land|[of] p2a: Groudon
|cant|p1a: Tyrantrumtrademark|slp
|
|-weather|DesolateLand|[upkeep]
|upkeep
|turn|13
|
|t:|1650313637
|move|p2a: Groudon|Stealth Rock||[still]
|-fail|p2a: Groudon
|cant|p1a: Tyrantrumtrademark|slp
|
|-weather|DesolateLand|[upkeep]
|upkeep
|turn|14
|
|t:|1650313641
|move|p2a: Groudon|Earthquake|p1a: Tyrantrumtrademark
|-supereffective|p1a: Tyrantrumtrademark
|-damage|p1a: Tyrantrumtrademark|0 fnt
|faint|p1a: Tyrantrumtrademark
|
|-weather|DesolateLand|[upkeep]
|upkeep
|
|t:|1650313646
|switch|p1a: Necrozma-DW (TM)|Necrozma-Dusk-Mane|100/100
|-damage|p1a: Necrozma-DW (TM)|94/100|[from] Stealth Rock
|turn|15
|
|t:|1650313649
|detailschange|p1a: Necrozma-DW (TM)|Necrozma-Ultra
|-burst|p1a: Necrozma-DW (TM)|Necrozma|Ultranecrozium Z
|move|p1a: Necrozma-DW (TM)|Earthquake|p2a: Groudon
|-supereffective|p2a: Groudon
|-damage|p2a: Groudon|0 fnt
|faint|p2a: Groudon
|-weather|none
|
|upkeep
|
|t:|1650313655
|switch|p2a: Smeargle|Smeargle, M|100/100
|turn|16
|
|t:|1650313663
|switch|p1a: Thornseed|Ferrothorn, F|100/100
|-damage|p1a: Thornseed|94/100|[from] Stealth Rock
|move|p2a: Smeargle|Spore|p1a: Thornseed
|-immune|p1a: Thornseed
|
|-heal|p1a: Thornseed|100/100|[from] item: Leftovers
|-ability|p2a: Smeargle|Moody|boost
|-boost|p2a: Smeargle|spd|2
|-unboost|p2a: Smeargle|def|1
|upkeep
|turn|17
|
|t:|1650313670
|switch|p2a: Rayquaza|Rayquaza-Mega|1/100
|-weather|DeltaStream|[from] ability: Delta Stream|[of] p2a: Rayquaza
|move|p1a: Thornseed|Leech Seed|p2a: Rayquaza|[miss]
|-miss|p1a: Thornseed|p2a: Rayquaza
|
|-weather|DeltaStream|[upkeep]
|upkeep
|turn|18
|
|t:|1650313682
|switch|p1a: Excadrilbur|Excadrill, F|100/100
|move|p2a: Rayquaza|Dragon Ascent|p1a: Excadrilbur
|-resisted|p1a: Excadrilbur
|-damage|p1a: Excadrilbur|41/100
|-unboost|p2a: Rayquaza|def|1
|-unboost|p2a: Rayquaza|spd|1
|
|-weather|DeltaStream|[upkeep]
|upkeep
|turn|19
|
|t:|1650313685
|move|p2a: Rayquaza|Earthquake|p1a: Excadrilbur
|-supereffective|p1a: Excadrilbur
|-damage|p1a: Excadrilbur|0 fnt
|faint|p1a: Excadrilbur
|
|-weather|DeltaStream|[upkeep]
|upkeep
|
|t:|1650313706
|switch|p1a: Necrozma-DW (TM)|Necrozma-Ultra|94/100
|-damage|p1a: Necrozma-DW (TM)|82/100|[from] Stealth Rock
|turn|20
|
|t:|1650313710
|move|p2a: Rayquaza|Dragon Ascent|p1a: Necrozma-DW (TM)
|-damage|p1a: Necrozma-DW (TM)|18/100
|-unboost|p2a: Rayquaza|def|1
|-unboost|p2a: Rayquaza|spd|1
|move|p1a: Necrozma-DW (TM)|Photon Geyser|p2a: Rayquaza
|-damage|p2a: Rayquaza|0 fnt
|faint|p2a: Rayquaza
|-weather|none
|
|upkeep
|
|t:|1650313716
|switch|p2a: Smeargle|Smeargle, M|100/100
|turn|21
|
|t:|1650313720
|-zpower|p1a: Necrozma-DW (TM)
|move|p1a: Necrozma-DW (TM)|Light That Burns the Sky|p2a: Smeargle|[zeffect]
|-enditem|p2a: Smeargle|Focus Sash
|-damage|p2a: Smeargle|1/100
|move|p2a: Smeargle|Shift Gear|p2a: Smeargle
|-boost|p2a: Smeargle|spe|2
|-boost|p2a: Smeargle|atk|1
|
|-ability|p2a: Smeargle|Moody|boost
|-boost|p2a: Smeargle|spe|2
|-unboost|p2a: Smeargle|spd|1
|upkeep
|turn|22
|
|t:|1650313726
|switch|p1a: Thornseed|Ferrothorn, F|100/100
|-damage|p1a: Thornseed|94/100|[from] Stealth Rock
|move|p2a: Smeargle|Spore|p1a: Thornseed
|-immune|p1a: Thornseed
|
|-heal|p1a: Thornseed|100/100|[from] item: Leftovers
|-ability|p2a: Smeargle|Moody|boost
|-boost|p2a: Smeargle|def|2
|-unboost|p2a: Smeargle|atk|1
|upkeep
|turn|23
|
|t:|1650313732
|move|p2a: Smeargle|Baton Pass|p2a: Smeargle
|
|t:|1650313733
|switch|p2a: Xerneas|Xerneas|100/100|[from]move: Baton Pass
|-ability|p2a: Xerneas|Fairy Aura
|move|p1a: Thornseed|Leech Seed|p2a: Xerneas
|-start|p2a: Xerneas|move: Leech Seed
|
|-damage|p2a: Xerneas|88/100|[from] Leech Seed|[of] p1a: Thornseed
|upkeep
|turn|24
|
|t:|1650313737
|move|p2a: Xerneas|Geomancy||[still]
|-prepare|p2a: Xerneas|Geomancy
|-enditem|p2a: Xerneas|Power Herb
|-anim|p2a: Xerneas|Geomancy|p2a: Xerneas
|-boost|p2a: Xerneas|spa|2
|-boost|p2a: Xerneas|spd|2
|-boost|p2a: Xerneas|spe|2
|move|p1a: Thornseed|Knock Off|p2a: Xerneas
|-resisted|p2a: Xerneas
|-damage|p2a: Xerneas|86/100
|
|-damage|p2a: Xerneas|73/100|[from] Leech Seed|[of] p1a: Thornseed
|upkeep
|turn|25
|
|t:|1650313741
|-start|p2a: Xerneas|Dynamax|
|-heal|p2a: Xerneas|73/100|[silent]
|move|p1a: Thornseed|Protect|p1a: Thornseed
|-singleturn|p1a: Thornseed|Protect
|move|p2a: Xerneas|Max Flare|p1a: Thornseed
|-supereffective|p1a: Thornseed
|-zbroken|p1a: Thornseed
|-damage|p1a: Thornseed|59/100
|-weather|SunnyDay
|
|-weather|SunnyDay|[upkeep]
|-heal|p1a: Thornseed|65/100|[from] item: Leftovers
|-damage|p2a: Xerneas|67/100|[from] Leech Seed|[of] p1a: Thornseed
|-heal|p1a: Thornseed|81/100|[silent]
|upkeep
|turn|26
|
|t:|1650313745
|switch|p1a: Necrozma-DW (TM)|Necrozma-Ultra|18/100
|-damage|p1a: Necrozma-DW (TM)|5/100|[from] Stealth Rock
|move|p2a: Xerneas|Max Flare|p1a: Necrozma-DW (TM)
|-resisted|p1a: Necrozma-DW (TM)
|-damage|p1a: Necrozma-DW (TM)|0 fnt
|faint|p1a: Necrozma-DW (TM)
|
|-weather|SunnyDay|[upkeep]
|upkeep
|
|t:|1650313748
|switch|p1a: Thornseed|Ferrothorn, F|81/100
|-damage|p1a: Thornseed|75/100|[from] Stealth Rock
|turn|27
|
|t:|1650313751
|move|p1a: Thornseed|Protect|p1a: Thornseed
|-singleturn|p1a: Thornseed|Protect
|move|p2a: Xerneas|Max Flare|p1a: Thornseed
|-supereffective|p1a: Thornseed
|-zbroken|p1a: Thornseed
|-damage|p1a: Thornseed|5/100
|
|-weather|SunnyDay|[upkeep]
|-heal|p1a: Thornseed|12/100|[from] item: Leftovers
|-damage|p2a: Xerneas|61/100|[from] Leech Seed|[of] p1a: Thornseed
|-heal|p1a: Thornseed|28/100|[silent]
|-end|p2a: Xerneas|Dynamax
|-heal|p2a: Xerneas|61/100|[silent]
|upkeep
|turn|28
|
|t:|1650313764
|switch|p1a: Z Power|Zygarde|100/100
|-damage|p1a: Z Power|94/100|[from] Stealth Rock
|move|p2a: Xerneas|Moonblast|p1a: Z Power
|-supereffective|p1a: Z Power
|-damage|p1a: Z Power|0 fnt
|faint|p1a: Z Power
|
|-weather|SunnyDay|[upkeep]
|upkeep
|
|t:|1650313766
|switch|p1a: Thornseed|Ferrothorn, F|28/100
|-damage|p1a: Thornseed|22/100|[from] Stealth Rock
|turn|29
|inactive|Battle timer is ON: inactive players will automatically lose when time's up. (requested by amnael1)
|
|t:|1650313769
|move|p1a: Thornseed|Protect|p1a: Thornseed
|-singleturn|p1a: Thornseed|Protect
|move|p2a: Xerneas|Hidden Power|p1a: Thornseed
|-activate|p1a: Thornseed|move: Protect
|
|-weather|none
|-heal|p1a: Thornseed|28/100|[from] item: Leftovers
|-damage|p2a: Xerneas|48/100|[from] Leech Seed|[of] p1a: Thornseed
|-heal|p1a: Thornseed|44/100|[silent]
|upkeep
|turn|30
|
|t:|1650313778
|-start|p1a: Thornseed|Dynamax|
|-heal|p1a: Thornseed|44/100|[silent]
|move|p1a: Thornseed|Max Guard|p1a: Thornseed
|-singleturn|p1a: Thornseed|Max Guard
|move|p2a: Xerneas|Hidden Power|p1a: Thornseed
|-activate|p1a: Thornseed|move: Max Guard
|
|-heal|p1a: Thornseed|47/100|[from] item: Leftovers
|-damage|p2a: Xerneas|36/100|[from] Leech Seed|[of] p1a: Thornseed
|-heal|p1a: Thornseed|55/100|[silent]
|upkeep
|turn|31
|
|t:|1650313781
|move|p2a: Xerneas|Hidden Power|p1a: Thornseed
|-supereffective|p1a: Thornseed
|-damage|p1a: Thornseed|10/100
|move|p1a: Thornseed|Max Darkness|p2a: Xerneas
|-resisted|p2a: Xerneas
|-damage|p2a: Xerneas|31/100
|-unboost|p2a: Xerneas|spd|1
|
|-heal|p1a: Thornseed|13/100|[from] item: Leftovers
|-damage|p2a: Xerneas|19/100|[from] Leech Seed|[of] p1a: Thornseed
|-heal|p1a: Thornseed|21/100|[silent]
|upkeep
|turn|32
|
|t:|1650313784
|move|p1a: Thornseed|Max Guard|p1a: Thornseed
|-singleturn|p1a: Thornseed|Max Guard
|move|p2a: Xerneas|Hidden Power|p1a: Thornseed
|-activate|p1a: Thornseed|move: Max Guard
|
|-heal|p1a: Thornseed|24/100|[from] item: Leftovers
|-damage|p2a: Xerneas|6/100|[from] Leech Seed|[of] p1a: Thornseed
|-heal|p1a: Thornseed|32/100|[silent]
|-end|p1a: Thornseed|Dynamax
|-heal|p1a: Thornseed|32/100|[silent]
|upkeep
|turn|33
|
|t:|1650313787
|move|p1a: Thornseed|Protect|p1a: Thornseed
|-singleturn|p1a: Thornseed|Protect
|move|p2a: Xerneas|Hidden Power|p1a: Thornseed
|-activate|p1a: Thornseed|move: Protect
|
|-heal|p1a: Thornseed|39/100|[from] item: Leftovers
|-damage|p2a: Xerneas|0 fnt|[from] Leech Seed|[of] p1a: Thornseed
|-heal|p1a: Thornseed|46/100|[silent]
|faint|p2a: Xerneas
|upkeep
|
|t:|1650313789
|switch|p2a: Smeargle|Smeargle, M|1/100
|turn|34
|
|t:|1650313794
|move|p2a: Smeargle|Spiky Shield|p2a: Smeargle
|-singleturn|p2a: Smeargle|move: Protect
|move|p1a: Thornseed|Knock Off|p2a: Smeargle
|-activate|p2a: Smeargle|move: Protect
|-damage|p1a: Thornseed|34/100|[from] Spiky Shield|[of] p2a: Smeargle
|
|-heal|p1a: Thornseed|40/100|[from] item: Leftovers
|-ability|p2a: Smeargle|Moody|boost
|-boost|p2a: Smeargle|def|2
|-unboost|p2a: Smeargle|atk|1
|upkeep
|turn|35
|
|t:|1650313796
|move|p2a: Smeargle|Spiky Shield||[still]
|-fail|p2a: Smeargle
|move|p1a: Thornseed|Knock Off|p2a: Smeargle
|-damage|p2a: Smeargle|0 fnt
|faint|p2a: Smeargle
|
|win|Athila2
|raw|Athila2's rating: 1692 &rarr; <strong>1717</strong><br />(+25 for winning)
|raw|amnael1's rating: 1776 &rarr; <strong>1751</strong><br />(-25 for losing)
|l|☆amnael1
|c|☆Athila2|gg
||Ladder isn't responding, score probably updated but might not have (Request timeout).
