|j|☆700club
|j|☆Czefkuu
|t:|1636038823
|gametype|singles
|player|p1|700club|1|1521
|player|p2|Czefkuu|265|1682
|teamsize|p1|6
|teamsize|p2|6
|gen|8
|tier|[Gen 8] National Dex AG
|rated|
|rule|HP Percentage Mod: HP is shown in percentages
|rule|Endless Battle Clause: Forcing endless battles is banned
|clearpoke
|poke|p1|Arceus-*|
|poke|p1|Kyurem-Black|
|poke|p1|Rayquaza|
|poke|p1|Deoxys-Speed|
|poke|p1|Eternatus|
|poke|p1|Zacian-*|
|poke|p2|Groudon|
|poke|p2|Yveltal|
|poke|p2|Ho-Oh|
|poke|p2|Zacian-*|
|poke|p2|Rayquaza|
|poke|p2|Xerneas-*|
|teampreview
|c|☆700club|hi
|
|t:|1636038833
|start
|switch|p1a: Deoxys|Deoxys-Speed|100/100
|switch|p2a: Rayquaza|Rayquaza|100/100
|-ability|p1a: Deoxys|Pressure
|-ability|p2a: Rayquaza|Air Lock
|turn|1
|
|t:|1636038855
|detailschange|p2a: Rayquaza|Rayquaza-Mega
|-mega|p2a: Rayquaza|Rayquaza|
|-weather|DeltaStream|[from] ability: Delta Stream|[of] p2a: Rayquaza
|move|p2a: Rayquaza|Extreme Speed|p1a: Deoxys
|-damage|p1a: Deoxys|30/100
|move|p1a: Deoxys|Stealth Rock|p2a: Rayquaza
|-sidestart|p2: Czefkuu|move: Stealth Rock
|
|-weather|DeltaStream|[upkeep]
|upkeep
|turn|2
|
|t:|1636038865
|move|p2a: Rayquaza|Extreme Speed|p1a: Deoxys
|-damage|p1a: Deoxys|0 fnt
|faint|p1a: Deoxys
|
|-weather|DeltaStream|[upkeep]
|upkeep
|
|t:|1636038888
|switch|p1a: Rayquaza|Rayquaza|100/100
|-ability|p1a: Rayquaza|Air Lock
|turn|3
|
|t:|1636038904
|detailschange|p1a: Rayquaza|Rayquaza-Mega
|-mega|p1a: Rayquaza|Rayquaza|
|move|p2a: Rayquaza|Extreme Speed|p1a: Rayquaza
|-damage|p1a: Rayquaza|44/100
|move|p1a: Rayquaza|Dragon Ascent|p2a: Rayquaza
|-damage|p2a: Rayquaza|0 fnt
|-unboost|p1a: Rayquaza|def|1
|-unboost|p1a: Rayquaza|spd|1
|faint|p2a: Rayquaza
|-damage|p1a: Rayquaza|34/100|[from] item: Life Orb
|
|-weather|DeltaStream|[upkeep]
|upkeep
|
|t:|1636038922
|switch|p2a: Zacian|Zacian-Crowned|100/100
|-damage|p2a: Zacian|94/100|[from] Stealth Rock
|-ability|p2a: Zacian|Intrepid Sword|boost
|-boost|p2a: Zacian|atk|1
|turn|4
|
|t:|1636038940
|move|p2a: Zacian|Behemoth Blade|p1a: Rayquaza
|-damage|p1a: Rayquaza|0 fnt
|faint|p1a: Rayquaza
|-weather|none
|
|upkeep
|
|t:|1636038946
|switch|p1a: Eternatus|Eternatus|100/100
|-ability|p1a: Eternatus|Pressure
|turn|5
|
|t:|1636038952
|move|p2a: Zacian|Play Rough|p1a: Eternatus|[miss]
|-miss|p2a: Zacian|p1a: Eternatus
|move|p1a: Eternatus|Flamethrower|p2a: Zacian
|-supereffective|p2a: Zacian
|-damage|p2a: Zacian|0 fnt
|faint|p2a: Zacian
|-damage|p1a: Eternatus|91/100|[from] item: Life Orb
|
|upkeep
|
|t:|1636038972
|switch|p2a: Yveltal|Yveltal|100/100
|-damage|p2a: Yveltal|76/100|[from] Stealth Rock
|-ability|p2a: Yveltal|Dark Aura
|turn|6
|
|t:|1636039001
|-start|p2a: Yveltal|Dynamax
|-heal|p2a: Yveltal|76/100|[silent]
|move|p2a: Yveltal|Max Airstream|p1a: Eternatus
|-damage|p1a: Eternatus|13/100
|-boost|p2a: Yveltal|spe|1
|-damage|p2a: Yveltal|71/100|[from] item: Life Orb
|move|p1a: Eternatus|Dynamax Cannon|p2a: Yveltal
|-damage|p2a: Yveltal|0 fnt
|faint|p2a: Yveltal
|-damage|p1a: Eternatus|3/100|[from] item: Life Orb
|
|upkeep
|
|t:|1636039017
|switch|p2a: Xerneas|Xerneas|100/100
|-damage|p2a: Xerneas|88/100|[from] Stealth Rock
|-ability|p2a: Xerneas|Fairy Aura
|turn|7
|
|t:|1636039030
|move|p1a: Eternatus|Sludge Bomb|p2a: Xerneas
|-supereffective|p2a: Xerneas
|-damage|p2a: Xerneas|0 fnt
|faint|p2a: Xerneas
|-damage|p1a: Eternatus|0 fnt|[from] item: Life Orb
|faint|p1a: Eternatus
|
|upkeep
|
|t:|1636039054
|switch|p1a: Arceus|Arceus-Dark|100/100
|switch|p2a: Ho-Oh|Ho-Oh|100/100
|turn|8
|
|t:|1636039067
|move|p1a: Arceus|Calm Mind|p1a: Arceus
|-boost|p1a: Arceus|spa|1
|-boost|p1a: Arceus|spd|1
|move|p2a: Ho-Oh|Toxic|p1a: Arceus
|-status|p1a: Arceus|tox
|
|-damage|p1a: Arceus|94/100 tox|[from] psn
|upkeep
|turn|9
|
|t:|1636039076
|-start|p1a: Arceus|Dynamax
|-heal|p1a: Arceus|94/100 tox|[silent]
|move|p1a: Arceus|Max Darkness|p2a: Ho-Oh
|-damage|p2a: Ho-Oh|44/100
|-unboost|p2a: Ho-Oh|spd|1
|move|p2a: Ho-Oh|Brave Bird|p1a: Arceus
|-damage|p1a: Arceus|77/100 tox
|-damage|p2a: Ho-Oh|32/100|[from] Recoil
|
|-damage|p1a: Arceus|71/100 tox|[from] psn
|upkeep
|turn|10
|-message|Czefkuu forfeited.
|
|win|700club
|raw|700club's rating: 1521 &rarr; <strong>1550</strong><br />(+29 for winning)
|raw|Czefkuu's rating: 1682 &rarr; <strong>1653</strong><br />(-29 for losing)
|l|☆Czefkuu
