|j|☆Pkmn3443
|j|☆alwaysrinse
|t:|1621963678
|gametype|singles
|player|p1|Pkmn3443|265|1934
|player|p2|alwaysrinse|2|1890
|teamsize|p1|6
|teamsize|p2|6
|gen|8
|tier|[Gen 8] National Dex AG
|rated|
|rule|HP Percentage Mod: HP is shown in percentages
|rule|Endless Battle Clause: Forcing endless battles is banned
|clearpoke
|poke|p1|Zacian-*|
|poke|p1|Necrozma-Dusk-Mane|
|poke|p1|Ditto|
|poke|p1|Ho-Oh|
|poke|p1|Rayquaza|
|poke|p1|Yveltal|
|poke|p2|Quagsire, M|
|poke|p2|Chansey, F|
|poke|p2|Tyranitar, F|
|poke|p2|Lugia|
|poke|p2|Sableye, M|
|poke|p2|Giratina|
|teampreview
|inactive|Battle timer is ON: inactive players will automatically lose when time's up. (requested by alwaysrinse)
|
|t:|1621963699
|start
|switch|p1a: Ditto|Ditto|100/100
|switch|p2a: Sableye|Sableye, M|100/100
|-transform|p1a: Ditto|p2a: Sableye|[from] ability: Imposter
|turn|1
|
|t:|1621963704
|switch|p1a: Ho-Oh|Ho-Oh|100/100
|detailschange|p2a: Sableye|Sableye-Mega, M
|-mega|p2a: Sableye|Sableye|Sablenite
|move|p2a: Sableye|Will-O-Wisp|p1a: Ho-Oh
|-immune|p1a: Ho-Oh
|
|upkeep
|turn|2
|
|t:|1621963711
|switch|p1a: Ditto|Ditto|100/100
|-transform|p1a: Ditto|p2a: Sableye|[from] ability: Imposter
|switch|p2a: Giratina|Giratina|100/100
|-ability|p2a: Giratina|Pressure
|
|upkeep
|turn|3
|
|t:|1621963725
|switch|p2a: Sableye|Sableye-Mega, M|100/100
|move|p1a: Ditto|Foul Play|p2a: Sableye
|-damage|p2a: Sableye|79/100
|
|upkeep
|turn|4
|
|t:|1621963728
|move|p1a: Ditto|Foul Play|p2a: Sableye
|-damage|p2a: Sableye|60/100
|move|p2a: Sableye|Recover|p2a: Sableye
|-heal|p2a: Sableye|100/100
|
|upkeep
|turn|5
|
|t:|1621963731
|move|p1a: Ditto|Foul Play|p2a: Sableye
|-damage|p2a: Sableye|79/100
|move|p2a: Sableye|Foul Play|p1a: Ditto
|-damage|p1a: Ditto|80/100
|
|upkeep
|turn|6
|
|t:|1621963736
|switch|p1a: Ho-Oh|Ho-Oh|100/100
|move|p2a: Sableye|Foul Play|p1a: Ho-Oh
|-crit|p1a: Ho-Oh
|-damage|p1a: Ho-Oh|56/100
|
|upkeep
|turn|7
|
|t:|1621963742
|switch|p1a: Ditto|Ditto|80/100
|-transform|p1a: Ditto|p2a: Sableye|[from] ability: Imposter
|switch|p2a: Tyranitar|Tyranitar, F|100/100
|-weather|Sandstorm|[from] ability: Sand Stream|[of] p2a: Tyranitar
|
|-weather|Sandstorm|[upkeep]
|-damage|p1a: Ditto|74/100|[from] Sandstorm
|upkeep
|turn|8
|
|t:|1621963750
|switch|p2a: Sableye|Sableye-Mega, M|79/100
|move|p1a: Ditto|Recover|p1a: Ditto
|-heal|p1a: Ditto|100/100
|
|-weather|Sandstorm|[upkeep]
|-damage|p1a: Ditto|94/100|[from] Sandstorm
|-damage|p2a: Sableye|73/100|[from] Sandstorm
|upkeep
|turn|9
|
|t:|1621963754
|switch|p1a: Ho-Oh|Ho-Oh|90/100
|move|p2a: Sableye|Foul Play|p1a: Ho-Oh
|-damage|p1a: Ho-Oh|60/100
|
|-weather|Sandstorm|[upkeep]
|-damage|p1a: Ho-Oh|54/100|[from] Sandstorm
|-damage|p2a: Sableye|66/100|[from] Sandstorm
|upkeep
|turn|10
|
|t:|1621963761
|switch|p1a: Ditto|Ditto|94/100
|-transform|p1a: Ditto|p2a: Sableye|[from] ability: Imposter
|switch|p2a: Giratina|Giratina|100/100
|-ability|p2a: Giratina|Pressure
|
|-weather|Sandstorm|[upkeep]
|-damage|p2a: Giratina|94/100|[from] Sandstorm
|-damage|p1a: Ditto|88/100|[from] Sandstorm
|-heal|p2a: Giratina|100/100|[from] item: Leftovers
|upkeep
|turn|11
|
|t:|1621963766
|switch|p2a: Sableye|Sableye-Mega, M|66/100
|move|p1a: Ditto|Foul Play|p2a: Sableye
|-damage|p2a: Sableye|47/100
|
|-weather|none
|upkeep
|turn|12
|
|t:|1621963770
|move|p1a: Ditto|Foul Play|p2a: Sableye
|-damage|p2a: Sableye|27/100
|move|p2a: Sableye|Recover|p2a: Sableye
|-heal|p2a: Sableye|77/100
|
|upkeep
|turn|13
|
|t:|1621963775
|move|p1a: Ditto|Foul Play|p2a: Sableye
|-damage|p2a: Sableye|58/100
|move|p2a: Sableye|Will-O-Wisp|p1a: Ditto
|move|p1a: Ditto|Will-O-Wisp|p2a: Sableye|[from]ability: Magic Bounce
|-status|p2a: Sableye|brn
|
|-damage|p2a: Sableye|51/100 brn|[from] brn
|upkeep
|turn|14
|
|t:|1621963786
|move|p1a: Ditto|Foul Play|p2a: Sableye
|-damage|p2a: Sableye|32/100 brn
|move|p2a: Sableye|Recover|p2a: Sableye
|-heal|p2a: Sableye|82/100 brn
|
|-damage|p2a: Sableye|75/100 brn|[from] brn
|upkeep
|turn|15
|
|t:|1621963789
|switch|p2a: Chansey|Chansey, F|100/100
|move|p1a: Ditto|Foul Play|p2a: Chansey
|-damage|p2a: Chansey|99/100
|
|upkeep
|turn|16
|
|t:|1621963801
|switch|p1a: Necrozma|Necrozma-Dusk-Mane|100/100
|move|p2a: Chansey|Toxic|p1a: Necrozma
|-immune|p1a: Necrozma
|
|upkeep
|turn|17
|
|t:|1621963806
|switch|p1a: Ditto|Ditto|88/100
|-transform|p1a: Ditto|p2a: Chansey|[from] ability: Imposter
|move|p2a: Chansey|Heal Bell|p2a: Chansey
|-activate|p2a: Chansey|move: Heal Bell
|-curestatus|p2: Sableye|brn|[msg]
|
|upkeep
|turn|18
|
|t:|1621963815
|switch|p1a: Necrozma|Necrozma-Dusk-Mane|100/100
|switch|p2a: Sableye|Sableye-Mega, M|75/100
|
|upkeep
|turn|19
|
|t:|1621963822
|switch|p1a: Ditto|Ditto|88/100
|-transform|p1a: Ditto|p2a: Sableye|[from] ability: Imposter
|move|p2a: Sableye|Will-O-Wisp|p1a: Ditto
|move|p1a: Ditto|Will-O-Wisp|p2a: Sableye|[from]ability: Magic Bounce|[miss]
|-miss|p1a: Ditto|p2a: Sableye
|
|upkeep
|turn|20
|
|t:|1621963830
|move|p1a: Ditto|Foul Play|p2a: Sableye
|-damage|p2a: Sableye|55/100
|move|p2a: Sableye|Recover|p2a: Sableye
|-heal|p2a: Sableye|100/100
|
|upkeep
|turn|21
|
|t:|1621963836
|switch|p2a: Tyranitar|Tyranitar, F|100/100
|-weather|Sandstorm|[from] ability: Sand Stream|[of] p2a: Tyranitar
|move|p1a: Ditto|Foul Play|p2a: Tyranitar
|-resisted|p2a: Tyranitar
|-damage|p2a: Tyranitar|84/100
|
|-weather|Sandstorm|[upkeep]
|-damage|p1a: Ditto|82/100|[from] Sandstorm
|-heal|p2a: Tyranitar|90/100|[from] item: Leftovers
|upkeep
|turn|22
|
|t:|1621963848
|-activate|p1a: Ditto|move: Pursuit
|move|p2a: Tyranitar|Pursuit|p1a: Ditto|[from]Pursuit
|-damage|p1a: Ditto|59/100
|switch|p1a: Necrozma|Necrozma-Dusk-Mane|100/100
|
|-weather|Sandstorm|[upkeep]
|-heal|p2a: Tyranitar|97/100|[from] item: Leftovers
|upkeep
|turn|23
|
|t:|1621963860
|move|p1a: Necrozma|Sunsteel Strike|p2a: Tyranitar
|-supereffective|p2a: Tyranitar
|-damage|p2a: Tyranitar|19/100
|move|p2a: Tyranitar|Stealth Rock|p1a: Necrozma
|-sidestart|p1: Pkmn3443|move: Stealth Rock
|
|-weather|Sandstorm|[upkeep]
|-heal|p2a: Tyranitar|25/100|[from] item: Leftovers
|upkeep
|turn|24
|
|t:|1621963871
|switch|p1a: Ho-Oh|Ho-Oh|87/100
|switch|p2a: Sableye|Sableye-Mega, M|100/100
|
|-weather|Sandstorm|[upkeep]
|-damage|p1a: Ho-Oh|81/100|[from] Sandstorm
|-damage|p2a: Sableye|94/100|[from] Sandstorm
|upkeep
|turn|25
|
|t:|1621963884
|switch|p2a: Tyranitar|Tyranitar, F|25/100
|move|p1a: Ho-Oh|Defog|p2a: Tyranitar
|-unboost|p2a: Tyranitar|evasion|1
|-sideend|p1: Pkmn3443|Stealth Rock|[from] move: Defog|[of] p1a: Ho-Oh
|
|-weather|none
|-heal|p2a: Tyranitar|31/100|[from] item: Leftovers
|upkeep
|turn|26
|
|t:|1621963892
|switch|p1a: Necrozma|Necrozma-Dusk-Mane|100/100
|move|p2a: Tyranitar|Stealth Rock|p1a: Necrozma
|-sidestart|p1: Pkmn3443|move: Stealth Rock
|
|-heal|p2a: Tyranitar|37/100|[from] item: Leftovers
|upkeep
|turn|27
|
|t:|1621963900
|switch|p2a: Sableye|Sableye-Mega, M|94/100
|move|p1a: Necrozma|Sunsteel Strike|p2a: Sableye
|-damage|p2a: Sableye|59/100
|
|upkeep
|turn|28
|
|t:|1621963906
|switch|p1a: Ditto|Ditto|59/100
|-damage|p1a: Ditto|47/100|[from] Stealth Rock
|-transform|p1a: Ditto|p2a: Sableye|[from] ability: Imposter
|move|p2a: Sableye|Recover|p2a: Sableye
|-heal|p2a: Sableye|100/100
|
|upkeep
|turn|29
|
|t:|1621963916
|switch|p2a: Tyranitar|Tyranitar, F|37/100
|-weather|Sandstorm|[from] ability: Sand Stream|[of] p2a: Tyranitar
|move|p1a: Ditto|Recover|p1a: Ditto
|-heal|p1a: Ditto|97/100
|
|-weather|Sandstorm|[upkeep]
|-damage|p1a: Ditto|91/100|[from] Sandstorm
|-heal|p2a: Tyranitar|44/100|[from] item: Leftovers
|upkeep
|turn|30
|
|t:|1621963924
|switch|p1a: Necrozma|Necrozma-Dusk-Mane|100/100
|-damage|p1a: Necrozma|94/100|[from] Stealth Rock
|move|p2a: Tyranitar|Rock Tomb|p1a: Necrozma
|-resisted|p1a: Necrozma
|-damage|p1a: Necrozma|87/100
|-unboost|p1a: Necrozma|spe|1
|
|-weather|Sandstorm|[upkeep]
|-heal|p2a: Tyranitar|50/100|[from] item: Leftovers
|upkeep
|turn|31
|
|t:|1621963935
|switch|p2a: Sableye|Sableye-Mega, M|100/100
|move|p1a: Necrozma|Knock Off|p2a: Sableye
|-damage|p2a: Sableye|85/100
|
|-weather|Sandstorm|[upkeep]
|-damage|p2a: Sableye|79/100|[from] Sandstorm
|upkeep
|turn|32
|
|t:|1621963944
|switch|p1a: Ditto|Ditto|91/100
|-damage|p1a: Ditto|78/100|[from] Stealth Rock
|-transform|p1a: Ditto|p2a: Sableye|[from] ability: Imposter
|move|p2a: Sableye|Will-O-Wisp|p1a: Ditto
|move|p1a: Ditto|Will-O-Wisp|p2a: Sableye|[from]ability: Magic Bounce
|-status|p2a: Sableye|brn
|
|-weather|Sandstorm|[upkeep]
|-damage|p1a: Ditto|72/100|[from] Sandstorm
|-damage|p2a: Sableye|73/100 brn|[from] Sandstorm
|-damage|p2a: Sableye|66/100 brn|[from] brn
|upkeep
|turn|33
|
|t:|1621963949
|move|p1a: Ditto|Foul Play|p2a: Sableye
|-damage|p2a: Sableye|47/100 brn
|move|p2a: Sableye|Recover|p2a: Sableye
|-heal|p2a: Sableye|97/100 brn
|
|-weather|none
|-damage|p2a: Sableye|90/100 brn|[from] brn
|upkeep
|turn|34
|
|t:|1621963955
|switch|p2a: Chansey|Chansey, F|99/100
|move|p1a: Ditto|Foul Play|p2a: Chansey
|-damage|p2a: Chansey|98/100
|
|upkeep
|turn|35
|
|t:|1621963970
|switch|p1a: Ho-Oh|Ho-Oh|100/100
|move|p2a: Chansey|Heal Bell|p2a: Chansey
|-activate|p2a: Chansey|move: Heal Bell
|-curestatus|p2: Sableye|brn|[msg]
|
|upkeep
|turn|36
|
|t:|1621963977
|switch|p2a: Tyranitar|Tyranitar, F|50/100
|-weather|Sandstorm|[from] ability: Sand Stream|[of] p2a: Tyranitar
|move|p1a: Ho-Oh|Defog|p2a: Tyranitar
|-unboost|p2a: Tyranitar|evasion|1
|-sideend|p1: Pkmn3443|Stealth Rock|[from] move: Defog|[of] p1a: Ho-Oh
|
|-weather|Sandstorm|[upkeep]
|-damage|p1a: Ho-Oh|94/100|[from] Sandstorm
|-heal|p2a: Tyranitar|56/100|[from] item: Leftovers
|upkeep
|turn|37
|
|t:|1621963981
|switch|p1a: Necrozma|Necrozma-Dusk-Mane|87/100
|move|p2a: Tyranitar|Stealth Rock|p1a: Necrozma
|-sidestart|p1: Pkmn3443|move: Stealth Rock
|
|-weather|Sandstorm|[upkeep]
|-heal|p2a: Tyranitar|62/100|[from] item: Leftovers
|upkeep
|turn|38
|
|t:|1621963988
|switch|p2a: Sableye|Sableye-Mega, M|90/100
|move|p1a: Necrozma|Knock Off|p2a: Sableye
|-damage|p2a: Sableye|74/100
|
|-weather|Sandstorm|[upkeep]
|-damage|p2a: Sableye|68/100|[from] Sandstorm
|upkeep
|turn|39
|
|t:|1621963996
|switch|p1a: Ditto|Ditto|72/100
|-damage|p1a: Ditto|60/100|[from] Stealth Rock
|-transform|p1a: Ditto|p2a: Sableye|[from] ability: Imposter
|move|p2a: Sableye|Recover|p2a: Sableye
|-heal|p2a: Sableye|100/100
|
|-weather|Sandstorm|[upkeep]
|-damage|p1a: Ditto|54/100|[from] Sandstorm
|-damage|p2a: Sableye|94/100|[from] Sandstorm
|upkeep
|turn|40
|
|t:|1621964003
|move|p1a: Ditto|Recover|p1a: Ditto
|-heal|p1a: Ditto|100/100
|move|p2a: Sableye|Foul Play|p1a: Ditto
|-damage|p1a: Ditto|80/100
|
|-weather|none
|upkeep
|turn|41
|
|t:|1621964011
|switch|p2a: Tyranitar|Tyranitar, F|62/100
|-weather|Sandstorm|[from] ability: Sand Stream|[of] p2a: Tyranitar
|move|p1a: Ditto|Recover|p1a: Ditto
|-heal|p1a: Ditto|100/100
|
|-weather|Sandstorm|[upkeep]
|-damage|p1a: Ditto|94/100|[from] Sandstorm
|-heal|p2a: Tyranitar|68/100|[from] item: Leftovers
|upkeep
|turn|42
|
|t:|1621964026
|move|p2a: Tyranitar|Pursuit|p1a: Ditto
|-damage|p1a: Ditto|81/100
|move|p1a: Ditto|Recover|p1a: Ditto
|-heal|p1a: Ditto|100/100
|
|-weather|Sandstorm|[upkeep]
|-damage|p1a: Ditto|94/100|[from] Sandstorm
|-heal|p2a: Tyranitar|75/100|[from] item: Leftovers
|upkeep
|turn|43
|
|t:|1621964036
|move|p2a: Tyranitar|Pursuit|p1a: Ditto
|-damage|p1a: Ditto|81/100
|move|p1a: Ditto|Recover|p1a: Ditto
|-heal|p1a: Ditto|100/100
|
|-weather|Sandstorm|[upkeep]
|-damage|p1a: Ditto|94/100|[from] Sandstorm
|-heal|p2a: Tyranitar|81/100|[from] item: Leftovers
|upkeep
|turn|44
|
|t:|1621964047
|move|p2a: Tyranitar|Pursuit|p1a: Ditto
|-damage|p1a: Ditto|81/100
|move|p1a: Ditto|Recover|p1a: Ditto
|-heal|p1a: Ditto|100/100
|
|-weather|Sandstorm|[upkeep]
|-damage|p1a: Ditto|94/100|[from] Sandstorm
|-heal|p2a: Tyranitar|87/100|[from] item: Leftovers
|upkeep
|turn|45
|
|t:|1621964057
|-activate|p1a: Ditto|move: Pursuit
|move|p2a: Tyranitar|Pursuit|p1a: Ditto|[from]Pursuit
|-damage|p1a: Ditto|69/100
|switch|p1a: Necrozma|Necrozma-Dusk-Mane|87/100
|-damage|p1a: Necrozma|81/100|[from] Stealth Rock
|
|-weather|none
|-heal|p2a: Tyranitar|93/100|[from] item: Leftovers
|upkeep
|turn|46
|
|t:|1621964065
|switch|p1a: Ditto|Ditto|69/100
|-damage|p1a: Ditto|57/100|[from] Stealth Rock
|-transform|p1a: Ditto|p2a: Tyranitar|[from] ability: Imposter
|-weather|Sandstorm|[from] ability: Sand Stream|[of] p1a: Ditto
|switch|p2a: Sableye|Sableye-Mega, M|94/100
|
|-weather|Sandstorm|[upkeep]
|-damage|p2a: Sableye|88/100|[from] Sandstorm
|upkeep
|turn|47
|
|t:|1621964082
|switch|p1a: Ho-Oh|Ho-Oh|100/100
|move|p2a: Sableye|Will-O-Wisp|p1a: Ho-Oh
|-immune|p1a: Ho-Oh
|
|-weather|Sandstorm|[upkeep]
|-damage|p1a: Ho-Oh|94/100|[from] Sandstorm
|-damage|p2a: Sableye|82/100|[from] Sandstorm
|upkeep
|turn|48
|
|t:|1621964089
|switch|p2a: Tyranitar|Tyranitar, F|93/100
|move|p1a: Ho-Oh|Defog|p2a: Tyranitar
|-unboost|p2a: Tyranitar|evasion|1
|-sideend|p1: Pkmn3443|Stealth Rock|[from] move: Defog|[of] p1a: Ho-Oh
|
|-weather|Sandstorm|[upkeep]
|-damage|p1a: Ho-Oh|88/100|[from] Sandstorm
|-heal|p2a: Tyranitar|99/100|[from] item: Leftovers
|upkeep
|turn|49
|
|t:|1621964098
|switch|p1a: Necrozma|Necrozma-Dusk-Mane|81/100
|move|p2a: Tyranitar|Stealth Rock|p1a: Necrozma
|-sidestart|p1: Pkmn3443|move: Stealth Rock
|
|-weather|Sandstorm|[upkeep]
|-heal|p2a: Tyranitar|100/100|[from] item: Leftovers
|upkeep
|turn|50
|
|t:|1621964103
|switch|p2a: Sableye|Sableye-Mega, M|82/100
|move|p1a: Necrozma|Knock Off|p2a: Sableye
|-damage|p2a: Sableye|68/100
|
|-weather|none
|upkeep
|turn|51
|
|t:|1621964110
|switch|p1a: Ditto|Ditto|57/100
|-damage|p1a: Ditto|45/100|[from] Stealth Rock
|-transform|p1a: Ditto|p2a: Sableye|[from] ability: Imposter
|move|p2a: Sableye|Recover|p2a: Sableye
|-heal|p2a: Sableye|100/100
|
|upkeep
|turn|52
|
|t:|1621964116
|move|p1a: Ditto|Recover|p1a: Ditto
|-heal|p1a: Ditto|95/100
|move|p2a: Sableye|Foul Play|p1a: Ditto
|-damage|p1a: Ditto|75/100
|
|upkeep
|turn|53
|
|t:|1621964124
|switch|p2a: Lugia|Lugia|100/100
|move|p1a: Ditto|Recover|p1a: Ditto
|-heal|p1a: Ditto|100/100
|
|upkeep
|turn|54
|
|t:|1621964133
|move|p2a: Lugia|Ice Beam|p1a: Ditto
|-damage|p1a: Ditto|83/100
|move|p1a: Ditto|Recover|p1a: Ditto
|-heal|p1a: Ditto|100/100
|
|upkeep
|turn|55
|
|t:|1621964140
|move|p2a: Lugia|Ice Beam|p1a: Ditto
|-damage|p1a: Ditto|82/100
|move|p1a: Ditto|Recover|p1a: Ditto
|-heal|p1a: Ditto|100/100
|
|upkeep
|turn|56
|
|t:|1621964147
|switch|p1a: Ho-Oh|Ho-Oh|100/100
|move|p2a: Lugia|Ice Beam|p1a: Ho-Oh
|-damage|p1a: Ho-Oh|92/100
|
|upkeep
|turn|57
|c|☆alwaysrinse|lol
|
|t:|1621964169
|switch|p2a: Tyranitar|Tyranitar, F|100/100
|-weather|Sandstorm|[from] ability: Sand Stream|[of] p2a: Tyranitar
|move|p1a: Ho-Oh|Defog|p2a: Tyranitar
|-unboost|p2a: Tyranitar|evasion|1
|-sideend|p1: Pkmn3443|Stealth Rock|[from] move: Defog|[of] p1a: Ho-Oh
|
|-weather|Sandstorm|[upkeep]
|-damage|p1a: Ho-Oh|85/100|[from] Sandstorm
|upkeep
|turn|58
|
|t:|1621964174
|switch|p1a: Necrozma|Necrozma-Dusk-Mane|81/100
|move|p2a: Tyranitar|Stealth Rock|p1a: Necrozma
|-sidestart|p1: Pkmn3443|move: Stealth Rock
|
|-weather|Sandstorm|[upkeep]
|upkeep
|turn|59
|
|t:|1621964182
|switch|p2a: Sableye|Sableye-Mega, M|100/100
|move|p1a: Necrozma|Knock Off|p2a: Sableye
|-damage|p2a: Sableye|86/100
|
|-weather|Sandstorm|[upkeep]
|-damage|p2a: Sableye|79/100|[from] Sandstorm
|upkeep
|turn|60
|
|t:|1621964190
|switch|p1a: Ditto|Ditto|100/100
|-damage|p1a: Ditto|88/100|[from] Stealth Rock
|-transform|p1a: Ditto|p2a: Sableye|[from] ability: Imposter
|move|p2a: Sableye|Foul Play|p1a: Ditto
|-damage|p1a: Ditto|67/100
|
|-weather|Sandstorm|[upkeep]
|-damage|p1a: Ditto|61/100|[from] Sandstorm
|-damage|p2a: Sableye|73/100|[from] Sandstorm
|upkeep
|turn|61
|
|t:|1621964201
|move|p1a: Ditto|Recover|p1a: Ditto
|-heal|p1a: Ditto|100/100
|move|p2a: Sableye|Foul Play|p1a: Ditto
|-damage|p1a: Ditto|80/100
|
|-weather|none
|upkeep
|turn|62
|
|t:|1621964215
|switch|p2a: Lugia|Lugia|100/100
|move|p1a: Ditto|Recover|p1a: Ditto
|-heal|p1a: Ditto|100/100
|
|upkeep
|turn|63
|
|t:|1621964221
|move|p1a: Ditto|Recover||[still]
|-fail|p1a: Ditto|heal
|move|p2a: Lugia|Whirlwind|p1a: Ditto
|move|p1a: Ditto|Whirlwind|p2a: Lugia|[from]ability: Magic Bounce
|drag|p2a: Chansey|Chansey, F|98/100
|
|upkeep
|turn|64
|
|t:|1621964229
|switch|p2a: Lugia|Lugia|100/100
|move|p1a: Ditto|Recover||[still]
|-fail|p1a: Ditto|heal
|
|upkeep
|turn|65
|
|t:|1621964234
|switch|p1a: Ho-Oh|Ho-Oh|100/100
|move|p2a: Lugia|Ice Beam|p1a: Ho-Oh
|-damage|p1a: Ho-Oh|91/100
|
|upkeep
|turn|66
|
|t:|1621964238
|move|p2a: Lugia|Toxic|p1a: Ho-Oh
|-status|p1a: Ho-Oh|tox
|move|p1a: Ho-Oh|Defog|p2a: Lugia
|-unboost|p2a: Lugia|evasion|1
|-sideend|p1: Pkmn3443|Stealth Rock|[from] move: Defog|[of] p1a: Ho-Oh
|
|-damage|p1a: Ho-Oh|85/100 tox|[from] psn
|upkeep
|turn|67
|
|t:|1621964243
|switch|p2a: Tyranitar|Tyranitar, F|100/100
|-weather|Sandstorm|[from] ability: Sand Stream|[of] p2a: Tyranitar
|switch|p1a: Necrozma|Necrozma-Dusk-Mane|81/100
|
|-weather|Sandstorm|[upkeep]
|upkeep
|turn|68
|
|t:|1621964248
|move|p1a: Necrozma|Knock Off|p2a: Tyranitar
|-resisted|p2a: Tyranitar
|-damage|p2a: Tyranitar|88/100
|-enditem|p2a: Tyranitar|Leftovers|[from] move: Knock Off|[of] p1a: Necrozma
|move|p2a: Tyranitar|Stealth Rock|p1a: Necrozma
|-sidestart|p1: Pkmn3443|move: Stealth Rock
|
|-weather|Sandstorm|[upkeep]
|upkeep
|turn|69
|
|t:|1621964257
|switch|p2a: Sableye|Sableye-Mega, M|73/100
|move|p1a: Necrozma|Sunsteel Strike|p2a: Sableye
|-damage|p2a: Sableye|40/100
|
|-weather|Sandstorm|[upkeep]
|-damage|p2a: Sableye|33/100|[from] Sandstorm
|upkeep
|turn|70
|
|t:|1621964270
|move|p1a: Necrozma|Sunsteel Strike|p2a: Sableye
|-damage|p2a: Sableye|0 fnt
|faint|p2a: Sableye
|
|-weather|Sandstorm|[upkeep]
|upkeep
|
|t:|1621964274
|switch|p2a: Giratina|Giratina|100/100
|-ability|p2a: Giratina|Pressure
|turn|71
|
|t:|1621964286
|switch|p1a: Ho-Oh|Ho-Oh|100/100 tox
|move|p2a: Giratina|Will-O-Wisp||[still]
|-fail|p2a: Giratina
|
|-weather|none
|-damage|p1a: Ho-Oh|94/100 tox|[from] psn
|upkeep
|turn|72
|
|t:|1621964294
|switch|p2a: Tyranitar|Tyranitar, F|88/100
|-weather|Sandstorm|[from] ability: Sand Stream|[of] p2a: Tyranitar
|move|p1a: Ho-Oh|Defog|p2a: Tyranitar
|-unboost|p2a: Tyranitar|evasion|1
|-sideend|p1: Pkmn3443|Stealth Rock|[from] move: Defog|[of] p1a: Ho-Oh
|
|-weather|Sandstorm|[upkeep]
|-damage|p1a: Ho-Oh|88/100 tox|[from] Sandstorm
|-damage|p1a: Ho-Oh|76/100 tox|[from] psn
|upkeep
|turn|73
|
|t:|1621964298
|switch|p1a: Necrozma|Necrozma-Dusk-Mane|81/100
|move|p2a: Tyranitar|Stealth Rock|p1a: Necrozma
|-sidestart|p1: Pkmn3443|move: Stealth Rock
|
|-weather|Sandstorm|[upkeep]
|upkeep
|turn|74
|
|t:|1621964304
|switch|p2a: Giratina|Giratina|100/100
|-ability|p2a: Giratina|Pressure
|move|p1a: Necrozma|Stealth Rock|p2a: Giratina
|-sidestart|p2: alwaysrinse|move: Stealth Rock
|
|-weather|Sandstorm|[upkeep]
|-damage|p2a: Giratina|94/100|[from] Sandstorm
|-heal|p2a: Giratina|100/100|[from] item: Leftovers
|upkeep
|turn|75
|
|t:|1621964314
|switch|p1a: Ho-Oh|Ho-Oh|100/100 tox
|move|p2a: Giratina|Will-O-Wisp||[still]
|-fail|p2a: Giratina
|
|-weather|Sandstorm|[upkeep]
|-damage|p1a: Ho-Oh|94/100 tox|[from] Sandstorm
|-damage|p2a: Giratina|94/100|[from] Sandstorm
|-heal|p2a: Giratina|100/100|[from] item: Leftovers
|-damage|p1a: Ho-Oh|88/100 tox|[from] psn
|upkeep
|turn|76
|
|t:|1621964323
|switch|p2a: Chansey|Chansey, F|98/100
|-damage|p2a: Chansey|85/100|[from] Stealth Rock
|move|p1a: Ho-Oh|Toxic|p2a: Chansey
|-status|p2a: Chansey|tox
|
|-weather|none
|-damage|p1a: Ho-Oh|76/100 tox|[from] psn
|-damage|p2a: Chansey|79/100 tox|[from] psn
|upkeep
|turn|77
|
|t:|1621964328
|switch|p1a: Ditto|Ditto|100/100
|-damage|p1a: Ditto|88/100|[from] Stealth Rock
|-transform|p1a: Ditto|p2a: Chansey|[from] ability: Imposter
|move|p2a: Chansey|Soft-Boiled|p2a: Chansey
|-heal|p2a: Chansey|100/100 tox
|
|-damage|p2a: Chansey|88/100 tox|[from] psn
|upkeep
|turn|78
|
|t:|1621964356
|switch|p1a: Zacian|Zacian-Crowned|100/100
|-damage|p1a: Zacian|94/100|[from] Stealth Rock
|-ability|p1a: Zacian|Intrepid Sword|boost
|-boost|p1a: Zacian|atk|1
|switch|p2a: Giratina|Giratina|100/100
|-damage|p2a: Giratina|88/100|[from] Stealth Rock
|-ability|p2a: Giratina|Pressure
|
|-heal|p2a: Giratina|94/100|[from] item: Leftovers
|upkeep
|turn|79
|
|t:|1621964368
|switch|p1a: Rayquaza|Rayquaza|100/100
|-damage|p1a: Rayquaza|76/100|[from] Stealth Rock
|-ability|p1a: Rayquaza|Air Lock
|move|p2a: Giratina|Will-O-Wisp|p1a: Rayquaza
|-status|p1a: Rayquaza|brn
|
|-heal|p2a: Giratina|100/100|[from] item: Leftovers
|-damage|p1a: Rayquaza|70/100 brn|[from] brn
|upkeep
|turn|80
|
|t:|1621964379
|switch|p2a: Lugia|Lugia|100/100
|detailschange|p1a: Rayquaza|Rayquaza-Mega
|-mega|p1a: Rayquaza|Rayquaza|
|-weather|DeltaStream|[from] ability: Delta Stream|[of] p1a: Rayquaza
|move|p1a: Rayquaza|Draco Meteor|p2a: Lugia|[miss]
|-miss|p1a: Rayquaza|p2a: Lugia
|
|-weather|DeltaStream|[upkeep]
|-damage|p1a: Rayquaza|64/100 brn|[from] brn
|upkeep
|turn|81
|
|t:|1621964387
|-weather|none
|switch|p1a: Ho-Oh|Ho-Oh|100/100 tox
|move|p2a: Lugia|Ice Beam|p1a: Ho-Oh
|-damage|p1a: Ho-Oh|91/100 tox
|
|-damage|p1a: Ho-Oh|84/100 tox|[from] psn
|upkeep
|turn|82
|
|t:|1621964402
|switch|p2a: Tyranitar|Tyranitar, F|88/100
|-damage|p2a: Tyranitar|76/100|[from] Stealth Rock
|-weather|Sandstorm|[from] ability: Sand Stream|[of] p2a: Tyranitar
|switch|p1a: Necrozma|Necrozma-Dusk-Mane|81/100
|-damage|p1a: Necrozma|75/100|[from] Stealth Rock
|
|-weather|Sandstorm|[upkeep]
|upkeep
|turn|83
|
|t:|1621964412
|switch|p2a: Giratina|Giratina|100/100
|-damage|p2a: Giratina|88/100|[from] Stealth Rock
|-ability|p2a: Giratina|Pressure
|move|p1a: Necrozma|Knock Off|p2a: Giratina
|-supereffective|p2a: Giratina
|-damage|p2a: Giratina|61/100
|-enditem|p2a: Giratina|Leftovers|[from] move: Knock Off|[of] p1a: Necrozma
|
|-weather|Sandstorm|[upkeep]
|-damage|p2a: Giratina|55/100|[from] Sandstorm
|upkeep
|turn|84
|
|t:|1621964423
|switch|p1a: Ho-Oh|Ho-Oh|100/100 tox
|move|p2a: Giratina|Will-O-Wisp||[still]
|-fail|p2a: Giratina
|
|-weather|Sandstorm|[upkeep]
|-damage|p1a: Ho-Oh|94/100 tox|[from] Sandstorm
|-damage|p2a: Giratina|49/100|[from] Sandstorm
|-damage|p1a: Ho-Oh|88/100 tox|[from] psn
|upkeep
|turn|85
|
|t:|1621964430
|switch|p1a: Zacian|Zacian-Crowned|94/100
|-damage|p1a: Zacian|88/100|[from] Stealth Rock
|-ability|p1a: Zacian|Intrepid Sword|boost
|-boost|p1a: Zacian|atk|1
|move|p2a: Giratina|Rest|p2a: Giratina
|-status|p2a: Giratina|slp|[from] move: Rest
|-heal|p2a: Giratina|100/100 slp|[silent]
|
|-weather|Sandstorm|[upkeep]
|-damage|p2a: Giratina|94/100 slp|[from] Sandstorm
|upkeep
|turn|86
|
|t:|1621964434
|switch|p2a: Quagsire|Quagsire, M|100/100
|-damage|p2a: Quagsire|94/100|[from] Stealth Rock
|move|p1a: Zacian|Play Rough|p2a: Quagsire
|-damage|p2a: Quagsire|52/100
|
|-weather|none
|-heal|p2a: Quagsire|58/100|[from] item: Leftovers
|upkeep
|turn|87
|
|t:|1621964439
|switch|p1a: Ho-Oh|Ho-Oh|100/100 tox
|move|p2a: Quagsire|Recover|p2a: Quagsire
|-heal|p2a: Quagsire|100/100
|
|-damage|p1a: Ho-Oh|94/100 tox|[from] psn
|upkeep
|turn|88
|
|t:|1621964448
|switch|p2a: Giratina|Giratina|94/100 slp
|-damage|p2a: Giratina|82/100 slp|[from] Stealth Rock
|-ability|p2a: Giratina|Pressure
|move|p1a: Ho-Oh|Whirlwind|p2a: Giratina
|drag|p2a: Chansey|Chansey, F|88/100
|-damage|p2a: Chansey|76/100|[from] Stealth Rock
|
|-damage|p1a: Ho-Oh|82/100 tox|[from] psn
|upkeep
|turn|89
|
|t:|1621964454
|switch|p1a: Ditto|Ditto|88/100
|-damage|p1a: Ditto|76/100|[from] Stealth Rock
|-transform|p1a: Ditto|p2a: Chansey|[from] ability: Imposter
|move|p2a: Chansey|Soft-Boiled|p2a: Chansey
|-heal|p2a: Chansey|100/100
|
|upkeep
|turn|90
|
|t:|1621964463
|switch|p2a: Giratina|Giratina|82/100 slp
|-damage|p2a: Giratina|70/100 slp|[from] Stealth Rock
|-ability|p2a: Giratina|Pressure
|move|p1a: Ditto|Heal Bell|p1a: Ditto
|-activate|p1a: Ditto|move: Heal Bell
|-curestatus|p1: Rayquaza|brn|[msg]
|-curestatus|p1: Ho-Oh|tox|[msg]
|
|upkeep
|turn|91
|
|t:|1621964471
|switch|p1a: Ho-Oh|Ho-Oh|100/100
|cant|p2a: Giratina|slp
|move|p2a: Giratina|Sleep Talk|p2a: Giratina
|move|p2a: Giratina|Rest||[from]move: Sleep Talk|[still]
|-fail|p2a: Giratina
|
|upkeep
|turn|92
|
|t:|1621964495
|switch|p1a: Ditto|Ditto|76/100
|-damage|p1a: Ditto|63/100|[from] Stealth Rock
|-transform|p1a: Ditto|p2a: Giratina|[from] ability: Imposter
|-ability|p1a: Ditto|Pressure
|cant|p2a: Giratina|slp
|move|p2a: Giratina|Sleep Talk|p2a: Giratina
|move|p2a: Giratina|Rest||[from]move: Sleep Talk|[still]
|-fail|p2a: Giratina
|
|upkeep
|turn|93
|
|t:|1621964505
|move|p1a: Ditto|Rest|p1a: Ditto
|-status|p1a: Ditto|slp|[from] move: Rest
|-heal|p1a: Ditto|100/100 slp|[silent]
|-curestatus|p2a: Giratina|slp|[msg]
|move|p2a: Giratina|Will-O-Wisp||[still]
|-fail|p2a: Giratina
|
|upkeep
|turn|94
|
|t:|1621964514
|switch|p2a: Lugia|Lugia|100/100
|cant|p1a: Ditto|slp
|
|upkeep
|turn|95
|
|t:|1621964521
|switch|p1a: Ho-Oh|Ho-Oh|100/100
|move|p2a: Lugia|Ice Beam|p1a: Ho-Oh
|-damage|p1a: Ho-Oh|91/100
|
|upkeep
|turn|96
|
|t:|1621964531
|switch|p2a: Giratina|Giratina|70/100
|-damage|p2a: Giratina|57/100|[from] Stealth Rock
|-ability|p2a: Giratina|Pressure
|switch|p1a: Ditto|Ditto|100/100 slp
|-damage|p1a: Ditto|88/100 slp|[from] Stealth Rock
|-transform|p1a: Ditto|p2a: Giratina|[from] ability: Imposter
|-ability|p1a: Ditto|Pressure
|
|upkeep
|turn|97
|
|t:|1621964537
|cant|p1a: Ditto|slp
|move|p2a: Giratina|Rest|p2a: Giratina
|-status|p2a: Giratina|slp|[from] move: Rest
|-heal|p2a: Giratina|100/100 slp|[silent]
|
|upkeep
|turn|98
|
|t:|1621964555
|-curestatus|p1a: Ditto|slp|[msg]
|move|p1a: Ditto|Defog|p2a: Giratina
|-unboost|p2a: Giratina|evasion|1
|-sideend|p2: alwaysrinse|Stealth Rock|[from] move: Defog|[of] p1a: Ditto
|-sideend|p1: Pkmn3443|Stealth Rock|[from] move: Defog|[of] p1a: Ditto
|cant|p2a: Giratina|slp
|
|upkeep
|turn|99
|
|t:|1621964561
|switch|p1a: Ho-Oh|Ho-Oh|100/100
|cant|p2a: Giratina|slp
|
|upkeep
|turn|100
|
|t:|1621964569
|switch|p1a: Ditto|Ditto|88/100
|-transform|p1a: Ditto|p2a: Giratina|[from] ability: Imposter
|-ability|p1a: Ditto|Pressure
|-curestatus|p2a: Giratina|slp|[msg]
|move|p2a: Giratina|Will-O-Wisp|p1a: Ditto
|-status|p1a: Ditto|brn
|
|-damage|p1a: Ditto|82/100 brn|[from] brn
|upkeep
|turn|101
|
|t:|1621964578
|switch|p2a: Tyranitar|Tyranitar, F|76/100
|-weather|Sandstorm|[from] ability: Sand Stream|[of] p2a: Tyranitar
|move|p1a: Ditto|Rest|p1a: Ditto
|-status|p1a: Ditto|slp|[from] move: Rest
|-heal|p1a: Ditto|100/100 slp|[silent]
|
|-weather|Sandstorm|[upkeep]
|-damage|p1a: Ditto|94/100 slp|[from] Sandstorm
|upkeep
|turn|102
|
|t:|1621964582
|switch|p1a: Necrozma|Necrozma-Dusk-Mane|75/100
|move|p2a: Tyranitar|Stealth Rock|p1a: Necrozma
|-sidestart|p1: Pkmn3443|move: Stealth Rock
|
|-weather|Sandstorm|[upkeep]
|upkeep
|turn|103
|
|t:|1621964599
|switch|p2a: Giratina|Giratina|100/100
|-ability|p2a: Giratina|Pressure
|move|p1a: Necrozma|Stealth Rock|p2a: Giratina
|-sidestart|p2: alwaysrinse|move: Stealth Rock
|
|-weather|Sandstorm|[upkeep]
|-damage|p2a: Giratina|94/100|[from] Sandstorm
|upkeep
|turn|104
|
|t:|1621964604
|switch|p1a: Ditto|Ditto|94/100 slp
|-damage|p1a: Ditto|82/100 slp|[from] Stealth Rock
|-transform|p1a: Ditto|p2a: Giratina|[from] ability: Imposter
|-ability|p1a: Ditto|Pressure
|move|p2a: Giratina|Will-O-Wisp||[still]
|-fail|p2a: Giratina
|
|-weather|Sandstorm|[upkeep]
|-damage|p1a: Ditto|76/100 slp|[from] Sandstorm
|-damage|p2a: Giratina|88/100|[from] Sandstorm
|upkeep
|turn|105
|
|t:|1621964617
|switch|p2a: Chansey|Chansey, F|100/100
|-damage|p2a: Chansey|88/100|[from] Stealth Rock
|cant|p1a: Ditto|slp
|
|-weather|none
|upkeep
|turn|106
|
|t:|1621964624
|cant|p1a: Ditto|slp
|move|p2a: Chansey|Soft-Boiled|p2a: Chansey
|-heal|p2a: Chansey|100/100
|
|upkeep
|turn|107
|
|t:|1621964628
|-curestatus|p1a: Ditto|slp|[msg]
|move|p1a: Ditto|Rest|p1a: Ditto
|-status|p1a: Ditto|slp|[from] move: Rest
|-heal|p1a: Ditto|100/100 slp|[silent]
|move|p2a: Chansey|Toxic||[still]
|-fail|p2a: Chansey
|
|upkeep
|turn|108
|
|t:|1621964633
|switch|p2a: Lugia|Lugia|100/100
|cant|p1a: Ditto|slp
|
|upkeep
|turn|109
|
|t:|1621964639
|switch|p1a: Ho-Oh|Ho-Oh|100/100
|move|p2a: Lugia|Whirlwind|p1a: Ho-Oh
|drag|p1a: Yveltal|Yveltal|100/100
|-damage|p1a: Yveltal|76/100|[from] Stealth Rock
|-ability|p1a: Yveltal|Dark Aura
|
|upkeep
|turn|110
|
|t:|1621964657
|switch|p2a: Tyranitar|Tyranitar, F|76/100
|-damage|p2a: Tyranitar|63/100|[from] Stealth Rock
|-weather|Sandstorm|[from] ability: Sand Stream|[of] p2a: Tyranitar
|move|p1a: Yveltal|Knock Off|p2a: Tyranitar
|-resisted|p2a: Tyranitar
|-damage|p2a: Tyranitar|46/100
|-damage|p1a: Yveltal|66/100|[from] item: Life Orb
|
|-weather|Sandstorm|[upkeep]
|-damage|p1a: Yveltal|60/100|[from] Sandstorm
|upkeep
|turn|111
|inactive|Pkmn3443 has 120 seconds left.
|
|t:|1621964680
|switch|p1a: Necrozma|Necrozma-Dusk-Mane|75/100
|-damage|p1a: Necrozma|69/100|[from] Stealth Rock
|move|p2a: Tyranitar|Rock Tomb|p1a: Necrozma
|-resisted|p1a: Necrozma
|-damage|p1a: Necrozma|61/100
|-unboost|p1a: Necrozma|spe|1
|
|-weather|Sandstorm|[upkeep]
|upkeep
|turn|112
|inactive|Pkmn3443 has 120 seconds left.
|
|t:|1621964686
|switch|p2a: Giratina|Giratina|88/100
|-damage|p2a: Giratina|76/100|[from] Stealth Rock
|-ability|p2a: Giratina|Pressure
|move|p1a: Necrozma|Morning Sun|p1a: Necrozma
|-heal|p1a: Necrozma|86/100
|
|-weather|Sandstorm|[upkeep]
|-damage|p2a: Giratina|70/100|[from] Sandstorm
|upkeep
|turn|113
|inactive|Pkmn3443 has 120 seconds left.
|
|t:|1621964704
|switch|p1a: Ditto|Ditto|100/100 slp
|-damage|p1a: Ditto|88/100 slp|[from] Stealth Rock
|-transform|p1a: Ditto|p2a: Giratina|[from] ability: Imposter
|-ability|p1a: Ditto|Pressure
|move|p2a: Giratina|Will-O-Wisp||[still]
|-fail|p2a: Giratina
|
|-weather|Sandstorm|[upkeep]
|-damage|p1a: Ditto|82/100 slp|[from] Sandstorm
|-damage|p2a: Giratina|64/100|[from] Sandstorm
|upkeep
|turn|114
|
|t:|1621964709
|cant|p1a: Ditto|slp
|move|p2a: Giratina|Rest|p2a: Giratina
|-status|p2a: Giratina|slp|[from] move: Rest
|-heal|p2a: Giratina|100/100 slp|[silent]
|
|-weather|none
|upkeep
|turn|115
|
|t:|1621964713
|switch|p2a: Tyranitar|Tyranitar, F|46/100
|-damage|p2a: Tyranitar|34/100|[from] Stealth Rock
|-weather|Sandstorm|[from] ability: Sand Stream|[of] p2a: Tyranitar
|-curestatus|p1a: Ditto|slp|[msg]
|move|p1a: Ditto|Rest|p1a: Ditto
|-status|p1a: Ditto|slp|[from] move: Rest
|-heal|p1a: Ditto|100/100 slp|[silent]
|
|-weather|Sandstorm|[upkeep]
|-damage|p1a: Ditto|94/100 slp|[from] Sandstorm
|upkeep
|turn|116
|
|t:|1621964719
|switch|p1a: Necrozma|Necrozma-Dusk-Mane|86/100
|-damage|p1a: Necrozma|80/100|[from] Stealth Rock
|move|p2a: Tyranitar|Rest|p2a: Tyranitar
|-status|p2a: Tyranitar|slp|[from] move: Rest
|-heal|p2a: Tyranitar|100/100 slp|[silent]
|
|-weather|Sandstorm|[upkeep]
|upkeep
|turn|117
|
|t:|1621964734
|switch|p2a: Giratina|Giratina|100/100 slp
|-damage|p2a: Giratina|88/100 slp|[from] Stealth Rock
|-ability|p2a: Giratina|Pressure
|move|p1a: Necrozma|Knock Off|p2a: Giratina
|-supereffective|p2a: Giratina
|-damage|p2a: Giratina|69/100 slp
|
|-weather|Sandstorm|[upkeep]
|-damage|p2a: Giratina|63/100 slp|[from] Sandstorm
|upkeep
|turn|118
|
|t:|1621964742
|cant|p2a: Giratina|slp
|move|p1a: Necrozma|Knock Off|p2a: Giratina
|-supereffective|p2a: Giratina
|-damage|p2a: Giratina|45/100 slp
|
|-weather|Sandstorm|[upkeep]
|-damage|p2a: Giratina|38/100 slp|[from] Sandstorm
|upkeep
|turn|119
|
|t:|1621964750
|cant|p2a: Giratina|slp
|move|p1a: Necrozma|Knock Off|p2a: Giratina
|-supereffective|p2a: Giratina
|-damage|p2a: Giratina|19/100 slp
|
|-weather|none
|upkeep
|turn|120
|
|t:|1621964759
|switch|p1a: Ditto|Ditto|94/100 slp
|-damage|p1a: Ditto|82/100 slp|[from] Stealth Rock
|-transform|p1a: Ditto|p2a: Giratina|[from] ability: Imposter
|-ability|p1a: Ditto|Pressure
|-curestatus|p2a: Giratina|slp|[msg]
|move|p2a: Giratina|Will-O-Wisp||[still]
|-fail|p2a: Giratina
|
|upkeep
|turn|121
|
|t:|1621964766
|cant|p1a: Ditto|slp
|move|p2a: Giratina|Rest|p2a: Giratina
|-status|p2a: Giratina|slp|[from] move: Rest
|-heal|p2a: Giratina|100/100 slp|[silent]
|
|upkeep
|turn|122
|
|t:|1621964774
|switch|p2a: Tyranitar|Tyranitar, F|100/100 slp
|-damage|p2a: Tyranitar|88/100 slp|[from] Stealth Rock
|-weather|Sandstorm|[from] ability: Sand Stream|[of] p2a: Tyranitar
|cant|p1a: Ditto|slp
|
|-weather|Sandstorm|[upkeep]
|-damage|p1a: Ditto|76/100 slp|[from] Sandstorm
|upkeep
|turn|123
|
|t:|1621964780
|-curestatus|p1a: Ditto|slp|[msg]
|move|p1a: Ditto|Rest|p1a: Ditto
|-status|p1a: Ditto|slp|[from] move: Rest
|-heal|p1a: Ditto|100/100 slp|[silent]
|cant|p2a: Tyranitar|slp
|
|-weather|Sandstorm|[upkeep]
|-damage|p1a: Ditto|94/100 slp|[from] Sandstorm
|upkeep
|turn|124
|
|t:|1621964787
|-activate|p1a: Ditto|move: Pursuit
|cant|p2a: Tyranitar|slp
|switch|p1a: Necrozma|Necrozma-Dusk-Mane|80/100
|-damage|p1a: Necrozma|74/100|[from] Stealth Rock
|
|-weather|Sandstorm|[upkeep]
|upkeep
|turn|125
|
|t:|1621964795
|switch|p2a: Giratina|Giratina|100/100 slp
|-damage|p2a: Giratina|88/100 slp|[from] Stealth Rock
|-ability|p2a: Giratina|Pressure
|move|p1a: Necrozma|Knock Off|p2a: Giratina
|-supereffective|p2a: Giratina
|-damage|p2a: Giratina|67/100 slp
|
|-weather|Sandstorm|[upkeep]
|-damage|p2a: Giratina|61/100 slp|[from] Sandstorm
|upkeep
|turn|126
|inactive|Pkmn3443 has 120 seconds left.
|
|t:|1621964815
|switch|p1a: Ditto|Ditto|94/100 slp
|-damage|p1a: Ditto|82/100 slp|[from] Stealth Rock
|-transform|p1a: Ditto|p2a: Giratina|[from] ability: Imposter
|-ability|p1a: Ditto|Pressure
|cant|p2a: Giratina|slp
|
|-weather|none
|upkeep
|turn|127
|
|t:|1621964820
|cant|p1a: Ditto|slp
|cant|p2a: Giratina|slp
|
|upkeep
|turn|128
|
|t:|1621964828
|switch|p2a: Chansey|Chansey, F|100/100
|-damage|p2a: Chansey|88/100|[from] Stealth Rock
|cant|p1a: Ditto|slp
|
|upkeep
|turn|129
|
|t:|1621964838
|-curestatus|p1a: Ditto|slp|[msg]
|move|p1a: Ditto|Defog|p2a: Chansey
|-unboost|p2a: Chansey|evasion|1
|-sideend|p2: alwaysrinse|Stealth Rock|[from] move: Defog|[of] p1a: Ditto
|-sideend|p1: Pkmn3443|Stealth Rock|[from] move: Defog|[of] p1a: Ditto
|move|p2a: Chansey|Toxic|p1a: Ditto
|-status|p1a: Ditto|tox
|
|-damage|p1a: Ditto|76/100 tox|[from] psn
|upkeep
|turn|130
|
|t:|1621964847
|switch|p1a: Necrozma|Necrozma-Dusk-Mane|74/100
|switch|p2a: Tyranitar|Tyranitar, F|88/100 slp
|-weather|Sandstorm|[from] ability: Sand Stream|[of] p2a: Tyranitar
|
|-weather|Sandstorm|[upkeep]
|upkeep
|turn|131
|
|t:|1621964856
|switch|p2a: Giratina|Giratina|61/100 slp
|-ability|p2a: Giratina|Pressure
|move|p1a: Necrozma|Sunsteel Strike|p2a: Giratina
|-damage|p2a: Giratina|37/100 slp
|
|-weather|Sandstorm|[upkeep]
|-damage|p2a: Giratina|31/100 slp|[from] Sandstorm
|upkeep
|turn|132
|
|t:|1621964861
|switch|p1a: Ditto|Ditto|76/100 tox
|-transform|p1a: Ditto|p2a: Giratina|[from] ability: Imposter
|-ability|p1a: Ditto|Pressure
|-curestatus|p2a: Giratina|slp|[msg]
|move|p2a: Giratina|Will-O-Wisp||[still]
|-fail|p2a: Giratina
|
|-weather|Sandstorm|[upkeep]
|-damage|p1a: Ditto|70/100 tox|[from] Sandstorm
|-damage|p2a: Giratina|25/100|[from] Sandstorm
|-damage|p1a: Ditto|64/100 tox|[from] psn
|upkeep
|turn|133
|
|t:|1621964871
|move|p1a: Ditto|Rest|p1a: Ditto
|-status|p1a: Ditto|slp|[from] move: Rest
|-heal|p1a: Ditto|100/100 slp|[silent]
|move|p2a: Giratina|Rest|p2a: Giratina
|-status|p2a: Giratina|slp|[from] move: Rest
|-heal|p2a: Giratina|100/100 slp|[silent]
|
|-weather|Sandstorm|[upkeep]
|-damage|p1a: Ditto|94/100 slp|[from] Sandstorm
|-damage|p2a: Giratina|94/100 slp|[from] Sandstorm
|upkeep
|turn|134
|
|t:|1621964888
|cant|p1a: Ditto|slp
|cant|p2a: Giratina|slp
|move|p2a: Giratina|Sleep Talk|p2a: Giratina
|move|p2a: Giratina|Defog|p1a: Ditto|[from]move: Sleep Talk
|-unboost|p1a: Ditto|evasion|1
|
|-weather|none
|upkeep
|turn|135
|
|t:|1621964892
|cant|p1a: Ditto|slp
|cant|p2a: Giratina|slp
|move|p2a: Giratina|Sleep Talk|p2a: Giratina
|move|p2a: Giratina|Defog|p1a: Ditto|[from]move: Sleep Talk
|-unboost|p1a: Ditto|evasion|1
|
|upkeep
|turn|136
|
|t:|1621964900
|switch|p1a: Ho-Oh|Ho-Oh|100/100
|switch|p2a: Chansey|Chansey, F|88/100
|
|upkeep
|turn|137
|
|t:|1621964905
|switch|p1a: Necrozma|Necrozma-Dusk-Mane|74/100
|move|p2a: Chansey|Toxic|p1a: Necrozma
|-immune|p1a: Necrozma
|
|upkeep
|turn|138
|
|t:|1621964910
|switch|p2a: Giratina|Giratina|94/100 slp
|-ability|p2a: Giratina|Pressure
|move|p1a: Necrozma|Stealth Rock|p2a: Giratina
|-sidestart|p2: alwaysrinse|move: Stealth Rock
|
|upkeep
|turn|139
|
|t:|1621964919
|switch|p1a: Ditto|Ditto|94/100 slp
|-transform|p1a: Ditto|p2a: Giratina|[from] ability: Imposter
|-ability|p1a: Ditto|Pressure
|-curestatus|p2a: Giratina|slp|[msg]
|move|p2a: Giratina|Defog|p1a: Ditto
|-unboost|p1a: Ditto|evasion|1
|-sideend|p2: alwaysrinse|Stealth Rock|[from] move: Defog|[of] p2a: Giratina
|
|upkeep
|turn|140
|
|t:|1621964935
|-curestatus|p1a: Ditto|slp|[msg]
|move|p1a: Ditto|Will-O-Wisp|p2a: Giratina
|-status|p2a: Giratina|brn
|move|p2a: Giratina|Will-O-Wisp|p1a: Ditto
|-status|p1a: Ditto|brn
|
|-damage|p1a: Ditto|88/100 brn|[from] brn
|-damage|p2a: Giratina|88/100 brn|[from] brn
|upkeep
|turn|141
|
|t:|1621964945
|switch|p1a: Ho-Oh|Ho-Oh|100/100
|move|p2a: Giratina|Rest|p2a: Giratina
|-status|p2a: Giratina|slp|[from] move: Rest
|-heal|p2a: Giratina|100/100 slp|[silent]
|
|upkeep
|turn|142
|
|t:|1621964963
|switch|p1a: Ditto|Ditto|88/100 brn
|-transform|p1a: Ditto|p2a: Giratina|[from] ability: Imposter
|-ability|p1a: Ditto|Pressure
|switch|p2a: Lugia|Lugia|100/100
|
|-damage|p1a: Ditto|82/100 brn|[from] brn
|upkeep
|turn|143
|
|t:|1621964973
|move|p1a: Ditto|Rest|p1a: Ditto
|-status|p1a: Ditto|slp|[from] move: Rest
|-heal|p1a: Ditto|100/100 slp|[silent]
|move|p2a: Lugia|Ice Beam|p1a: Ditto
|-supereffective|p1a: Ditto
|-damage|p1a: Ditto|63/100 slp
|
|upkeep
|turn|144
|
|t:|1621964977
|switch|p1a: Ho-Oh|Ho-Oh|100/100
|move|p2a: Lugia|Ice Beam|p1a: Ho-Oh
|-damage|p1a: Ho-Oh|91/100
|
|upkeep
|turn|145
|
|t:|1621964989
|switch|p2a: Giratina|Giratina|100/100 slp
|-ability|p2a: Giratina|Pressure
|switch|p1a: Zacian|Zacian-Crowned|88/100
|-ability|p1a: Zacian|Intrepid Sword|boost
|-boost|p1a: Zacian|atk|1
|
|upkeep
|turn|146
|
|t:|1621964998
|switch|p1a: Ditto|Ditto|63/100 slp
|-transform|p1a: Ditto|p2a: Giratina|[from] ability: Imposter
|-ability|p1a: Ditto|Pressure
|switch|p2a: Quagsire|Quagsire, M|100/100
|
|upkeep
|turn|147
|
|t:|1621965005
|switch|p1a: Ho-Oh|Ho-Oh|100/100
|switch|p2a: Giratina|Giratina|100/100 slp
|-ability|p2a: Giratina|Pressure
|
|upkeep
|turn|148
|
|t:|1621965014
|switch|p2a: Tyranitar|Tyranitar, F|88/100 slp
|-weather|Sandstorm|[from] ability: Sand Stream|[of] p2a: Tyranitar
|switch|p1a: Ditto|Ditto|63/100 slp
|-transform|p1a: Ditto|p2a: Tyranitar|[from] ability: Imposter
|
|-weather|Sandstorm|[upkeep]
|upkeep
|turn|149
|
|t:|1621965030
|switch|p1a: Necrozma|Necrozma-Dusk-Mane|74/100
|-curestatus|p2a: Tyranitar|slp|[msg]
|move|p2a: Tyranitar|Stealth Rock|p1a: Necrozma
|-sidestart|p1: Pkmn3443|move: Stealth Rock
|
|-weather|Sandstorm|[upkeep]
|upkeep
|turn|150
|
|t:|1621965042
|switch|p2a: Giratina|Giratina|100/100 slp
|-ability|p2a: Giratina|Pressure
|move|p1a: Necrozma|Stealth Rock|p2a: Giratina
|-sidestart|p2: alwaysrinse|move: Stealth Rock
|
|-weather|Sandstorm|[upkeep]
|-damage|p2a: Giratina|94/100 slp|[from] Sandstorm
|upkeep
|turn|151
|
|t:|1621965053
|switch|p1a: Ditto|Ditto|63/100 slp
|-damage|p1a: Ditto|51/100 slp|[from] Stealth Rock
|-transform|p1a: Ditto|p2a: Giratina|[from] ability: Imposter
|-ability|p1a: Ditto|Pressure
|cant|p2a: Giratina|slp
|move|p2a: Giratina|Sleep Talk|p2a: Giratina
|move|p2a: Giratina|Rest||[from]move: Sleep Talk|[still]
|-fail|p2a: Giratina
|
|-weather|Sandstorm|[upkeep]
|-damage|p1a: Ditto|45/100 slp|[from] Sandstorm
|-damage|p2a: Giratina|88/100 slp|[from] Sandstorm
|upkeep
|turn|152
|
|t:|1621965063
|cant|p1a: Ditto|slp
|cant|p2a: Giratina|slp
|move|p2a: Giratina|Sleep Talk|p2a: Giratina
|move|p2a: Giratina|Rest||[from]move: Sleep Talk|[still]
|-fail|p2a: Giratina
|
|-weather|none
|upkeep
|turn|153
|
|t:|1621965072
|cant|p1a: Ditto|slp
|-curestatus|p2a: Giratina|slp|[msg]
|move|p2a: Giratina|Will-O-Wisp||[still]
|-fail|p2a: Giratina
|
|upkeep
|turn|154
|
|t:|1621965075
|-curestatus|p1a: Ditto|slp|[msg]
|move|p1a: Ditto|Rest|p1a: Ditto
|-status|p1a: Ditto|slp|[from] move: Rest
|-heal|p1a: Ditto|100/100 slp|[silent]
|move|p2a: Giratina|Will-O-Wisp||[still]
|-fail|p2a: Giratina
|
|upkeep
|turn|155
|
|t:|1621965084
|switch|p2a: Lugia|Lugia|100/100
|cant|p1a: Ditto|slp
|
|upkeep
|turn|156
|
|t:|1621965091
|switch|p1a: Ho-Oh|Ho-Oh|100/100
|move|p2a: Lugia|Whirlwind|p1a: Ho-Oh
|drag|p1a: Yveltal|Yveltal|60/100
|-damage|p1a: Yveltal|35/100|[from] Stealth Rock
|-ability|p1a: Yveltal|Dark Aura
|
|upkeep
|turn|157
|
|t:|1621965105
|switch|p2a: Tyranitar|Tyranitar, F|88/100
|-damage|p2a: Tyranitar|76/100|[from] Stealth Rock
|-weather|Sandstorm|[from] ability: Sand Stream|[of] p2a: Tyranitar
|move|p1a: Yveltal|Oblivion Wing|p2a: Tyranitar
|-resisted|p2a: Tyranitar
|-crit|p2a: Tyranitar
|-damage|p2a: Tyranitar|58/100
|-heal|p1a: Yveltal|48/100|[from] drain|[of] p2a: Tyranitar
|-damage|p1a: Yveltal|38/100|[from] item: Life Orb
|
|-weather|Sandstorm|[upkeep]
|-damage|p1a: Yveltal|32/100|[from] Sandstorm
|upkeep
|turn|158
|
|t:|1621965115
|switch|p1a: Necrozma|Necrozma-Dusk-Mane|74/100
|-damage|p1a: Necrozma|68/100|[from] Stealth Rock
|move|p2a: Tyranitar|Rest|p2a: Tyranitar
|-status|p2a: Tyranitar|slp|[from] move: Rest
|-heal|p2a: Tyranitar|100/100 slp|[silent]
|
|-weather|Sandstorm|[upkeep]
|upkeep
|turn|159
|
|t:|1621965124
|switch|p2a: Giratina|Giratina|88/100
|-damage|p2a: Giratina|76/100|[from] Stealth Rock
|-ability|p2a: Giratina|Pressure
|move|p1a: Necrozma|Morning Sun|p1a: Necrozma
|-heal|p1a: Necrozma|93/100
|
|-weather|Sandstorm|[upkeep]
|-damage|p2a: Giratina|70/100|[from] Sandstorm
|upkeep
|turn|160
|
|t:|1621965131
|switch|p1a: Ditto|Ditto|100/100 slp
|-damage|p1a: Ditto|88/100 slp|[from] Stealth Rock
|-transform|p1a: Ditto|p2a: Giratina|[from] ability: Imposter
|-ability|p1a: Ditto|Pressure
|move|p2a: Giratina|Rest|p2a: Giratina
|-status|p2a: Giratina|slp|[from] move: Rest
|-heal|p2a: Giratina|100/100 slp|[silent]
|
|-weather|Sandstorm|[upkeep]
|-damage|p1a: Ditto|82/100 slp|[from] Sandstorm
|-damage|p2a: Giratina|94/100 slp|[from] Sandstorm
|upkeep
|turn|161
|
|t:|1621965136
|cant|p1a: Ditto|slp
|cant|p2a: Giratina|slp
|
|-weather|none
|upkeep
|turn|162
|
|t:|1621965143
|-curestatus|p1a: Ditto|slp|[msg]
|move|p1a: Ditto|Rest|p1a: Ditto
|-status|p1a: Ditto|slp|[from] move: Rest
|-heal|p1a: Ditto|100/100 slp|[silent]
|cant|p2a: Giratina|slp
|
|upkeep
|turn|163
|
|t:|1621965151
|switch|p2a: Lugia|Lugia|100/100
|cant|p1a: Ditto|slp
|
|upkeep
|turn|164
|
|t:|1621965160
|switch|p1a: Ho-Oh|Ho-Oh|100/100
|move|p2a: Lugia|Whirlwind|p1a: Ho-Oh
|drag|p1a: Yveltal|Yveltal|32/100
|-damage|p1a: Yveltal|7/100|[from] Stealth Rock
|-ability|p1a: Yveltal|Dark Aura
|
|upkeep
|turn|165
|
|t:|1621965168
|switch|p2a: Tyranitar|Tyranitar, F|100/100 slp
|-damage|p2a: Tyranitar|88/100 slp|[from] Stealth Rock
|-weather|Sandstorm|[from] ability: Sand Stream|[of] p2a: Tyranitar
|move|p1a: Yveltal|Oblivion Wing|p2a: Tyranitar
|-resisted|p2a: Tyranitar
|-damage|p2a: Tyranitar|77/100 slp
|-heal|p1a: Yveltal|15/100|[from] drain|[of] p2a: Tyranitar
|-damage|p1a: Yveltal|5/100|[from] item: Life Orb
|
|-weather|Sandstorm|[upkeep]
|-damage|p1a: Yveltal|0 fnt|[from] Sandstorm
|faint|p1a: Yveltal
|upkeep
|
|t:|1621965186
|switch|p1a: Ditto|Ditto|100/100 slp
|-damage|p1a: Ditto|88/100 slp|[from] Stealth Rock
|-transform|p1a: Ditto|p2a: Tyranitar|[from] ability: Imposter
|turn|166
|
|t:|1621965209
|cant|p1a: Ditto|slp
|cant|p2a: Tyranitar|slp
|
|-weather|Sandstorm|[upkeep]
|upkeep
|turn|167
|
|t:|1621965221
|-curestatus|p1a: Ditto|slp|[msg]
|move|p1a: Ditto|Rock Tomb|p2a: Tyranitar
|-damage|p2a: Tyranitar|57/100 slp
|-unboost|p2a: Tyranitar|spe|1
|cant|p2a: Tyranitar|slp
|
|-weather|Sandstorm|[upkeep]
|upkeep
|turn|168
|
|t:|1621965230
|switch|p1a: Necrozma|Necrozma-Dusk-Mane|93/100
|-damage|p1a: Necrozma|87/100|[from] Stealth Rock
|-curestatus|p2a: Tyranitar|slp|[msg]
|move|p2a: Tyranitar|Rock Tomb|p1a: Necrozma
|-resisted|p1a: Necrozma
|-damage|p1a: Necrozma|80/100
|-unboost|p1a: Necrozma|spe|1
|
|-weather|Sandstorm|[upkeep]
|upkeep
|turn|169
|
|t:|1621965238
|switch|p1a: Ditto|Ditto|88/100
|-damage|p1a: Ditto|76/100|[from] Stealth Rock
|-transform|p1a: Ditto|p2a: Tyranitar|[from] ability: Imposter
|switch|p2a: Giratina|Giratina|94/100 slp
|-damage|p2a: Giratina|82/100 slp|[from] Stealth Rock
|-ability|p2a: Giratina|Pressure
|
|-weather|none
|upkeep
|turn|170
|
|t:|1621965253
|-curestatus|p2a: Giratina|slp|[msg]
|move|p2a: Giratina|Will-O-Wisp|p1a: Ditto
|-status|p1a: Ditto|brn
|move|p1a: Ditto|Rest|p1a: Ditto
|-status|p1a: Ditto|slp|[from] move: Rest
|-heal|p1a: Ditto|100/100 slp|[silent]
|
|upkeep
|turn|171
|
|t:|1621965261
|switch|p2a: Tyranitar|Tyranitar, F|57/100
|-damage|p2a: Tyranitar|45/100|[from] Stealth Rock
|-weather|Sandstorm|[from] ability: Sand Stream|[of] p2a: Tyranitar
|cant|p1a: Ditto|slp
|
|-weather|Sandstorm|[upkeep]
|upkeep
|turn|172
|
|t:|1621965266
|move|p2a: Tyranitar|Rest|p2a: Tyranitar
|-status|p2a: Tyranitar|slp|[from] move: Rest
|-heal|p2a: Tyranitar|100/100 slp|[silent]
|cant|p1a: Ditto|slp
|
|-weather|Sandstorm|[upkeep]
|upkeep
|turn|173
|
|t:|1621965272
|switch|p1a: Necrozma|Necrozma-Dusk-Mane|80/100
|-damage|p1a: Necrozma|74/100|[from] Stealth Rock
|cant|p2a: Tyranitar|slp
|
|-weather|Sandstorm|[upkeep]
|upkeep
|turn|174
|
|t:|1621965279
|switch|p2a: Giratina|Giratina|82/100
|-damage|p2a: Giratina|70/100|[from] Stealth Rock
|-ability|p2a: Giratina|Pressure
|move|p1a: Necrozma|Knock Off|p2a: Giratina
|-supereffective|p2a: Giratina
|-damage|p2a: Giratina|49/100
|
|-weather|Sandstorm|[upkeep]
|-damage|p2a: Giratina|42/100|[from] Sandstorm
|upkeep
|turn|175
|
|t:|1621965285
|switch|p1a: Ditto|Ditto|100/100 slp
|-damage|p1a: Ditto|88/100 slp|[from] Stealth Rock
|-transform|p1a: Ditto|p2a: Giratina|[from] ability: Imposter
|-ability|p1a: Ditto|Pressure
|move|p2a: Giratina|Rest|p2a: Giratina
|-status|p2a: Giratina|slp|[from] move: Rest
|-heal|p2a: Giratina|100/100 slp|[silent]
|
|-weather|none
|upkeep
|turn|176
|
|t:|1621965292
|-curestatus|p1a: Ditto|slp|[msg]
|move|p1a: Ditto|Defog|p2a: Giratina
|-unboost|p2a: Giratina|evasion|1
|-sideend|p2: alwaysrinse|Stealth Rock|[from] move: Defog|[of] p1a: Ditto
|-sideend|p1: Pkmn3443|Stealth Rock|[from] move: Defog|[of] p1a: Ditto
|cant|p2a: Giratina|slp
|
|upkeep
|turn|177
|
|t:|1621965302
|switch|p1a: Ho-Oh|Ho-Oh|100/100
|cant|p2a: Giratina|slp
|
|upkeep
|turn|178
|
|t:|1621965309
|switch|p2a: Tyranitar|Tyranitar, F|100/100 slp
|-weather|Sandstorm|[from] ability: Sand Stream|[of] p2a: Tyranitar
|switch|p1a: Ditto|Ditto|88/100
|-transform|p1a: Ditto|p2a: Tyranitar|[from] ability: Imposter
|
|-weather|Sandstorm|[upkeep]
|upkeep
|turn|179
|c|☆alwaysrinse|lol
|
|t:|1621965318
|move|p1a: Ditto|Rock Tomb|p2a: Tyranitar
|-damage|p2a: Tyranitar|79/100 slp
|-unboost|p2a: Tyranitar|spe|1
|cant|p2a: Tyranitar|slp
|
|-weather|Sandstorm|[upkeep]
|upkeep
|turn|180
|
|t:|1621965324
|switch|p1a: Necrozma|Necrozma-Dusk-Mane|74/100
|-curestatus|p2a: Tyranitar|slp|[msg]
|move|p2a: Tyranitar|Stealth Rock|p1a: Necrozma
|-sidestart|p1: Pkmn3443|move: Stealth Rock
|
|-weather|Sandstorm|[upkeep]
|upkeep
|turn|181
|
|t:|1621965331
|switch|p2a: Giratina|Giratina|100/100 slp
|-ability|p2a: Giratina|Pressure
|move|p1a: Necrozma|Stealth Rock|p2a: Giratina
|-sidestart|p2: alwaysrinse|move: Stealth Rock
|
|-weather|Sandstorm|[upkeep]
|-damage|p2a: Giratina|94/100 slp|[from] Sandstorm
|upkeep
|turn|182
|
|t:|1621965349
|switch|p1a: Ditto|Ditto|88/100
|-damage|p1a: Ditto|76/100|[from] Stealth Rock
|-transform|p1a: Ditto|p2a: Giratina|[from] ability: Imposter
|-ability|p1a: Ditto|Pressure
|-curestatus|p2a: Giratina|slp|[msg]
|move|p2a: Giratina|Sleep Talk||[still]
|-fail|p2a: Giratina
|
|-weather|none
|upkeep
|turn|183
|
|t:|1621965353
|move|p1a: Ditto|Rest|p1a: Ditto
|-status|p1a: Ditto|slp|[from] move: Rest
|-heal|p1a: Ditto|100/100 slp|[silent]
|move|p2a: Giratina|Will-O-Wisp||[still]
|-fail|p2a: Giratina
|
|upkeep
|turn|184
|
|t:|1621965364
|switch|p1a: Ho-Oh|Ho-Oh|100/100
|switch|p2a: Lugia|Lugia|100/100
|
|upkeep
|turn|185
|
|t:|1621965373
|switch|p2a: Chansey|Chansey, F|88/100
|-damage|p2a: Chansey|76/100|[from] Stealth Rock
|move|p1a: Ho-Oh|Toxic|p2a: Chansey
|-status|p2a: Chansey|tox
|
|-damage|p2a: Chansey|69/100 tox|[from] psn
|upkeep
|turn|186
|c|☆alwaysrinse|lol
|
|t:|1621965389
|switch|p1a: Necrozma|Necrozma-Dusk-Mane|74/100
|-damage|p1a: Necrozma|68/100|[from] Stealth Rock
|move|p2a: Chansey|Soft-Boiled|p2a: Chansey
|-heal|p2a: Chansey|100/100 tox
|
|-damage|p2a: Chansey|88/100 tox|[from] psn
|upkeep
|turn|187
|j| Suchir12
|
|t:|1621965395
|-curestatus|p2a: Chansey|tox|[from] ability: Natural Cure
|switch|p2a: Giratina|Giratina|94/100
|-damage|p2a: Giratina|82/100|[from] Stealth Rock
|-ability|p2a: Giratina|Pressure
|move|p1a: Necrozma|Knock Off|p2a: Giratina
|-supereffective|p2a: Giratina
|-damage|p2a: Giratina|63/100
|
|upkeep
|turn|188
|
|t:|1621965413
|switch|p1a: Ditto|Ditto|100/100 slp
|-damage|p1a: Ditto|88/100 slp|[from] Stealth Rock
|-transform|p1a: Ditto|p2a: Giratina|[from] ability: Imposter
|-ability|p1a: Ditto|Pressure
|move|p2a: Giratina|Sleep Talk||[still]
|-fail|p2a: Giratina
|
|upkeep
|turn|189
|
|t:|1621965419
|cant|p1a: Ditto|slp
|move|p2a: Giratina|Rest|p2a: Giratina
|-status|p2a: Giratina|slp|[from] move: Rest
|-heal|p2a: Giratina|100/100 slp|[silent]
|
|upkeep
|turn|190
|
|t:|1621965425
|cant|p1a: Ditto|slp
|cant|p2a: Giratina|slp
|
|upkeep
|turn|191
|inactive|Pkmn3443 has 120 seconds left.
|
|t:|1621965438
|switch|p2a: Lugia|Lugia|100/100
|-curestatus|p1a: Ditto|slp|[msg]
|move|p1a: Ditto|Defog|p2a: Lugia
|-unboost|p2a: Lugia|evasion|1
|-sideend|p2: alwaysrinse|Stealth Rock|[from] move: Defog|[of] p1a: Ditto
|-sideend|p1: Pkmn3443|Stealth Rock|[from] move: Defog|[of] p1a: Ditto
|
|upkeep
|turn|192
|c|☆alwaysrinse|lol
|inactive|Pkmn3443 has 120 seconds left.
|
|t:|1621965447
|switch|p1a: Ho-Oh|Ho-Oh|100/100
|move|p2a: Lugia|Ice Beam|p1a: Ho-Oh
|-damage|p1a: Ho-Oh|91/100
|
|upkeep
|turn|193
|inactive|Pkmn3443 has 120 seconds left.
|
|t:|1621965454
|switch|p2a: Tyranitar|Tyranitar, F|79/100
|-weather|Sandstorm|[from] ability: Sand Stream|[of] p2a: Tyranitar
|switch|p1a: Ditto|Ditto|88/100
|-transform|p1a: Ditto|p2a: Tyranitar|[from] ability: Imposter
|
|-weather|Sandstorm|[upkeep]
|upkeep
|turn|194
|inactive|Pkmn3443 has 120 seconds left.
|
|t:|1621965465
|move|p1a: Ditto|Stealth Rock|p2a: Tyranitar
|-sidestart|p2: alwaysrinse|move: Stealth Rock
|move|p2a: Tyranitar|Stealth Rock|p1a: Ditto
|-sidestart|p1: Pkmn3443|move: Stealth Rock
|
|-weather|Sandstorm|[upkeep]
|upkeep
|turn|195
|
|t:|1621965472
|switch|p1a: Necrozma|Necrozma-Dusk-Mane|68/100
|-damage|p1a: Necrozma|62/100|[from] Stealth Rock
|switch|p2a: Quagsire|Quagsire, M|100/100
|-damage|p2a: Quagsire|94/100|[from] Stealth Rock
|
|-weather|Sandstorm|[upkeep]
|-heal|p2a: Quagsire|100/100|[from] item: Leftovers
|upkeep
|turn|196
|inactive|Pkmn3443 has 120 seconds left.
|
|t:|1621965478
|switch|p1a: Ho-Oh|Ho-Oh|100/100
|move|p2a: Quagsire|Earthquake|p1a: Ho-Oh
|-immune|p1a: Ho-Oh
|
|-weather|Sandstorm|[upkeep]
|-damage|p1a: Ho-Oh|94/100|[from] Sandstorm
|upkeep
|turn|197
|inactive|Pkmn3443 has 120 seconds left.
|
|t:|1621965485
|switch|p1a: Ditto|Ditto|88/100
|-damage|p1a: Ditto|76/100|[from] Stealth Rock
|-transform|p1a: Ditto|p2a: Quagsire|[from] ability: Imposter
|move|p2a: Quagsire|Toxic|p1a: Ditto
|-status|p1a: Ditto|tox
|
|-weather|none
|-damage|p1a: Ditto|70/100 tox|[from] psn
|upkeep
|turn|198
|l| Suchir12
|
|t:|1621965494
|move|p1a: Ditto|Recover|p1a: Ditto
|-heal|p1a: Ditto|100/100 tox
|move|p2a: Quagsire|Earthquake|p1a: Ditto
|-damage|p1a: Ditto|74/100 tox
|
|-damage|p1a: Ditto|62/100 tox|[from] psn
|upkeep
|turn|199
|
|t:|1621965503
|switch|p1a: Ho-Oh|Ho-Oh|100/100
|move|p2a: Quagsire|Toxic|p1a: Ho-Oh
|-status|p1a: Ho-Oh|tox
|
|-damage|p1a: Ho-Oh|94/100 tox|[from] psn
|upkeep
|turn|200
|
|t:|1621965518
|switch|p2a: Giratina|Giratina|100/100 slp
|-damage|p2a: Giratina|88/100 slp|[from] Stealth Rock
|-ability|p2a: Giratina|Pressure
|move|p1a: Ho-Oh|Defog|p2a: Giratina
|-unboost|p2a: Giratina|evasion|1
|-sideend|p2: alwaysrinse|Stealth Rock|[from] move: Defog|[of] p1a: Ho-Oh
|-sideend|p1: Pkmn3443|Stealth Rock|[from] move: Defog|[of] p1a: Ho-Oh
|
|-damage|p1a: Ho-Oh|82/100 tox|[from] psn
|upkeep
|turn|201
|
|t:|1621965526
|switch|p2a: Chansey|Chansey, F|88/100
|switch|p1a: Ditto|Ditto|62/100 tox
|-transform|p1a: Ditto|p2a: Chansey|[from] ability: Imposter
|
|-damage|p1a: Ditto|56/100 tox|[from] psn
|upkeep
|turn|202
|
|t:|1621965543
|switch|p2a: Tyranitar|Tyranitar, F|79/100
|-weather|Sandstorm|[from] ability: Sand Stream|[of] p2a: Tyranitar
|move|p1a: Ditto|Soft-Boiled|p1a: Ditto
|-heal|p1a: Ditto|100/100 tox
|
|-weather|Sandstorm|[upkeep]
|-damage|p1a: Ditto|94/100 tox|[from] Sandstorm
|-damage|p1a: Ditto|82/100 tox|[from] psn
|upkeep
|turn|203
|
|t:|1621965548
|switch|p1a: Necrozma|Necrozma-Dusk-Mane|62/100
|move|p2a: Tyranitar|Stealth Rock|p1a: Necrozma
|-sidestart|p1: Pkmn3443|move: Stealth Rock
|
|-weather|Sandstorm|[upkeep]
|upkeep
|turn|204
|
|t:|1621965557
|switch|p1a: Ditto|Ditto|82/100
|-damage|p1a: Ditto|70/100|[from] Stealth Rock
|-transform|p1a: Ditto|p2a: Tyranitar|[from] ability: Imposter
|switch|p2a: Giratina|Giratina|88/100 slp
|-ability|p2a: Giratina|Pressure
|
|-weather|Sandstorm|[upkeep]
|-damage|p2a: Giratina|82/100 slp|[from] Sandstorm
|upkeep
|turn|205
|
|t:|1621965563
|switch|p2a: Tyranitar|Tyranitar, F|79/100
|move|p1a: Ditto|Rest|p1a: Ditto
|-status|p1a: Ditto|slp|[from] move: Rest
|-heal|p1a: Ditto|100/100 slp|[silent]
|
|-weather|Sandstorm|[upkeep]
|upkeep
|turn|206
|
|t:|1621965571
|cant|p1a: Ditto|slp
|move|p2a: Tyranitar|Rock Tomb|p1a: Ditto
|-damage|p1a: Ditto|70/100 slp
|-unboost|p1a: Ditto|spe|1
|
|-weather|none
|upkeep
|turn|207
|
|t:|1621965577
|move|p2a: Tyranitar|Rock Tomb|p1a: Ditto
|-damage|p1a: Ditto|41/100 slp
|-unboost|p1a: Ditto|spe|1
|cant|p1a: Ditto|slp
|
|upkeep
|turn|208
|
|t:|1621965582
|move|p2a: Tyranitar|Rock Tomb|p1a: Ditto
|-damage|p1a: Ditto|10/100 slp
|-unboost|p1a: Ditto|spe|1
|-curestatus|p1a: Ditto|slp|[msg]
|move|p1a: Ditto|Rest|p1a: Ditto
|-status|p1a: Ditto|slp|[from] move: Rest
|-heal|p1a: Ditto|100/100 slp|[silent]
|
|upkeep
|turn|209
|
|t:|1621965592
|switch|p2a: Lugia|Lugia|100/100
|cant|p1a: Ditto|slp
|
|upkeep
|turn|210
|
|t:|1621965597
|cant|p1a: Ditto|slp
|move|p2a: Lugia|Whirlwind|p1a: Ditto
|drag|p1a: Ho-Oh|Ho-Oh|100/100 tox
|
|-damage|p1a: Ho-Oh|94/100 tox|[from] psn
|upkeep
|turn|211
|
|t:|1621965605
|switch|p2a: Giratina|Giratina|82/100 slp
|-ability|p2a: Giratina|Pressure
|switch|p1a: Ditto|Ditto|100/100 slp
|-damage|p1a: Ditto|88/100 slp|[from] Stealth Rock
|-transform|p1a: Ditto|p2a: Giratina|[from] ability: Imposter
|-ability|p1a: Ditto|Pressure
|
|upkeep
|turn|212
|
|t:|1621965616
|switch|p2a: Tyranitar|Tyranitar, F|79/100
|-weather|Sandstorm|[from] ability: Sand Stream|[of] p2a: Tyranitar
|-curestatus|p1a: Ditto|slp|[msg]
|move|p1a: Ditto|Defog|p2a: Tyranitar
|-unboost|p2a: Tyranitar|evasion|1
|-sideend|p1: Pkmn3443|Stealth Rock|[from] move: Defog|[of] p1a: Ditto
|
|-weather|Sandstorm|[upkeep]
|-damage|p1a: Ditto|82/100|[from] Sandstorm
|upkeep
|turn|213
|
|t:|1621965623
|-activate|p1a: Ditto|move: Pursuit
|move|p2a: Tyranitar|Pursuit|p1a: Ditto|[from]Pursuit
|-supereffective|p1a: Ditto
|-damage|p1a: Ditto|33/100
|switch|p1a: Necrozma|Necrozma-Dusk-Mane|62/100
|
|-weather|Sandstorm|[upkeep]
|upkeep
|turn|214
|
|t:|1621965634
|switch|p2a: Giratina|Giratina|82/100 slp
|-ability|p2a: Giratina|Pressure
|move|p1a: Necrozma|Stealth Rock|p2a: Giratina
|-sidestart|p2: alwaysrinse|move: Stealth Rock
|
|-weather|Sandstorm|[upkeep]
|-damage|p2a: Giratina|76/100 slp|[from] Sandstorm
|upkeep
|turn|215
|c|☆alwaysrinse|lol
|
|t:|1621965640
|switch|p1a: Ditto|Ditto|33/100
|-transform|p1a: Ditto|p2a: Giratina|[from] ability: Imposter
|-ability|p1a: Ditto|Pressure
|cant|p2a: Giratina|slp
|
|-weather|Sandstorm|[upkeep]
|-damage|p1a: Ditto|27/100|[from] Sandstorm
|-damage|p2a: Giratina|70/100 slp|[from] Sandstorm
|upkeep
|turn|216
|
|t:|1621965651
|switch|p2a: Tyranitar|Tyranitar, F|79/100
|-damage|p2a: Tyranitar|67/100|[from] Stealth Rock
|move|p1a: Ditto|Rest|p1a: Ditto
|-status|p1a: Ditto|slp|[from] move: Rest
|-heal|p1a: Ditto|100/100 slp|[silent]
|
|-weather|none
|upkeep
|turn|217
|
|t:|1621965656
|switch|p1a: Necrozma|Necrozma-Dusk-Mane|62/100
|move|p2a: Tyranitar|Stealth Rock|p1a: Necrozma
|-sidestart|p1: Pkmn3443|move: Stealth Rock
|
|upkeep
|turn|218
|
|t:|1621965663
|switch|p1a: Ditto|Ditto|100/100 slp
|-damage|p1a: Ditto|88/100 slp|[from] Stealth Rock
|-transform|p1a: Ditto|p2a: Tyranitar|[from] ability: Imposter
|-weather|Sandstorm|[from] ability: Sand Stream|[of] p1a: Ditto
|switch|p2a: Giratina|Giratina|70/100 slp
|-damage|p2a: Giratina|57/100 slp|[from] Stealth Rock
|-ability|p2a: Giratina|Pressure
|
|-weather|Sandstorm|[upkeep]
|-damage|p2a: Giratina|51/100 slp|[from] Sandstorm
|upkeep
|turn|219
|
|t:|1621965670
|cant|p1a: Ditto|slp
|-curestatus|p2a: Giratina|slp|[msg]
|move|p2a: Giratina|Rest|p2a: Giratina
|-status|p2a: Giratina|slp|[from] move: Rest
|-heal|p2a: Giratina|100/100 slp|[silent]
|
|-weather|Sandstorm|[upkeep]
|-damage|p2a: Giratina|94/100 slp|[from] Sandstorm
|upkeep
|turn|220
|
|t:|1621965680
|switch|p2a: Lugia|Lugia|100/100
|cant|p1a: Ditto|slp
|
|-weather|Sandstorm|[upkeep]
|-damage|p2a: Lugia|94/100|[from] Sandstorm
|upkeep
|turn|221
|inactive|Pkmn3443 has 90 seconds left.
|
|t:|1621965692
|switch|p1a: Ho-Oh|Ho-Oh|100/100 tox
|move|p2a: Lugia|Roost|p2a: Lugia
|-heal|p2a: Lugia|100/100
|-singleturn|p2a: Lugia|move: Roost
|
|-weather|Sandstorm|[upkeep]
|-damage|p2a: Lugia|94/100|[from] Sandstorm
|-damage|p1a: Ho-Oh|94/100 tox|[from] Sandstorm
|-damage|p1a: Ho-Oh|88/100 tox|[from] psn
|upkeep
|turn|222
|inactive|alwaysrinse has 120 seconds left.
|
|t:|1621965699
|switch|p2a: Giratina|Giratina|94/100 slp
|-damage|p2a: Giratina|82/100 slp|[from] Stealth Rock
|-ability|p2a: Giratina|Pressure
|switch|p1a: Ditto|Ditto|88/100 slp
|-damage|p1a: Ditto|76/100 slp|[from] Stealth Rock
|-transform|p1a: Ditto|p2a: Giratina|[from] ability: Imposter
|-ability|p1a: Ditto|Pressure
|
|-weather|none
|upkeep
|turn|223
|
|t:|1621965703
|switch|p2a: Tyranitar|Tyranitar, F|67/100
|-damage|p2a: Tyranitar|55/100|[from] Stealth Rock
|-weather|Sandstorm|[from] ability: Sand Stream|[of] p2a: Tyranitar
|-curestatus|p1a: Ditto|slp|[msg]
|move|p1a: Ditto|Defog|p2a: Tyranitar
|-unboost|p2a: Tyranitar|evasion|1
|-sideend|p2: alwaysrinse|Stealth Rock|[from] move: Defog|[of] p1a: Ditto
|-sideend|p1: Pkmn3443|Stealth Rock|[from] move: Defog|[of] p1a: Ditto
|
|-weather|Sandstorm|[upkeep]
|-damage|p1a: Ditto|70/100|[from] Sandstorm
|upkeep
|turn|224
|inactive|alwaysrinse has 120 seconds left.
|
|t:|1621965711
|-activate|p1a: Ditto|move: Pursuit
|move|p2a: Tyranitar|Pursuit|p1a: Ditto|[from]Pursuit
|-supereffective|p1a: Ditto
|-damage|p1a: Ditto|19/100
|switch|p1a: Necrozma|Necrozma-Dusk-Mane|62/100
|
|-weather|Sandstorm|[upkeep]
|upkeep
|turn|225
|inactive|alwaysrinse has 120 seconds left.
|
|t:|1621965719
|move|p1a: Necrozma|Morning Sun|p1a: Necrozma
|-heal|p1a: Necrozma|87/100
|move|p2a: Tyranitar|Stealth Rock|p1a: Necrozma
|-sidestart|p1: Pkmn3443|move: Stealth Rock
|
|-weather|Sandstorm|[upkeep]
|upkeep
|turn|226
|
|t:|1621965724
|switch|p2a: Giratina|Giratina|82/100 slp
|-ability|p2a: Giratina|Pressure
|move|p1a: Necrozma|Stealth Rock|p2a: Giratina
|-sidestart|p2: alwaysrinse|move: Stealth Rock
|
|-weather|Sandstorm|[upkeep]
|-damage|p2a: Giratina|76/100 slp|[from] Sandstorm
|upkeep
|turn|227
|
|t:|1621965731
|switch|p1a: Ho-Oh|Ho-Oh|100/100 tox
|cant|p2a: Giratina|slp
|move|p2a: Giratina|Sleep Talk|p2a: Giratina
|move|p2a: Giratina|Defog|p1a: Ho-Oh|[from]move: Sleep Talk
|-unboost|p1a: Ho-Oh|evasion|1
|-sideend|p1: Pkmn3443|Stealth Rock|[from] move: Defog|[of] p2a: Giratina
|-sideend|p2: alwaysrinse|Stealth Rock|[from] move: Defog|[of] p2a: Giratina
|
|-weather|none
|-damage|p1a: Ho-Oh|94/100 tox|[from] psn
|upkeep
|turn|228
|inactive|Pkmn3443 has 90 seconds left.
|
|t:|1621965742
|switch|p1a: Ditto|Ditto|19/100
|-transform|p1a: Ditto|p2a: Giratina|[from] ability: Imposter
|-ability|p1a: Ditto|Pressure
|cant|p2a: Giratina|slp
|move|p2a: Giratina|Sleep Talk|p2a: Giratina
|move|p2a: Giratina|Defog|p1a: Ditto|[from]move: Sleep Talk
|-unboost|p1a: Ditto|evasion|1
|
|upkeep
|turn|229
|
|t:|1621965747
|switch|p2a: Lugia|Lugia|94/100
|move|p1a: Ditto|Rest|p1a: Ditto
|-status|p1a: Ditto|slp|[from] move: Rest
|-heal|p1a: Ditto|100/100 slp|[silent]
|
|upkeep
|turn|230
|
|t:|1621965752
|switch|p1a: Ho-Oh|Ho-Oh|100/100 tox
|move|p2a: Lugia|Roost|p2a: Lugia
|-heal|p2a: Lugia|100/100
|-singleturn|p2a: Lugia|move: Roost
|
|-damage|p1a: Ho-Oh|94/100 tox|[from] psn
|upkeep
|turn|231
|
|t:|1621965758
|switch|p2a: Tyranitar|Tyranitar, F|55/100
|-weather|Sandstorm|[from] ability: Sand Stream|[of] p2a: Tyranitar
|switch|p1a: Ditto|Ditto|100/100 slp
|-transform|p1a: Ditto|p2a: Tyranitar|[from] ability: Imposter
|
|-weather|Sandstorm|[upkeep]
|upkeep
|turn|232
|inactive|Pkmn3443 has 90 seconds left.
|
|t:|1621965764
|cant|p1a: Ditto|slp
|move|p2a: Tyranitar|Stealth Rock|p1a: Ditto
|-sidestart|p1: Pkmn3443|move: Stealth Rock
|
|-weather|Sandstorm|[upkeep]
|upkeep
|turn|233
|
|t:|1621965768
|cant|p1a: Ditto|slp
|move|p2a: Tyranitar|Rest|p2a: Tyranitar
|-status|p2a: Tyranitar|slp|[from] move: Rest
|-heal|p2a: Tyranitar|100/100 slp|[silent]
|
|-weather|Sandstorm|[upkeep]
|upkeep
|turn|234
|
|t:|1621965773
|-curestatus|p1a: Ditto|slp|[msg]
|move|p1a: Ditto|Stealth Rock|p2a: Tyranitar
|-sidestart|p2: alwaysrinse|move: Stealth Rock
|cant|p2a: Tyranitar|slp
|
|-weather|Sandstorm|[upkeep]
|upkeep
|turn|235
|
|t:|1621965778
|switch|p1a: Necrozma|Necrozma-Dusk-Mane|87/100
|-damage|p1a: Necrozma|81/100|[from] Stealth Rock
|cant|p2a: Tyranitar|slp
|
|-weather|none
|upkeep
|turn|236
|
|t:|1621965784
|switch|p1a: Ditto|Ditto|100/100
|-damage|p1a: Ditto|88/100|[from] Stealth Rock
|-transform|p1a: Ditto|p2a: Tyranitar|[from] ability: Imposter
|-weather|Sandstorm|[from] ability: Sand Stream|[of] p1a: Ditto
|switch|p2a: Giratina|Giratina|76/100 slp
|-damage|p2a: Giratina|64/100 slp|[from] Stealth Rock
|-ability|p2a: Giratina|Pressure
|
|-weather|Sandstorm|[upkeep]
|-damage|p2a: Giratina|57/100 slp|[from] Sandstorm
|upkeep
|turn|237
|
|t:|1621965790
|move|p1a: Ditto|Rest|p1a: Ditto
|-status|p1a: Ditto|slp|[from] move: Rest
|-heal|p1a: Ditto|100/100 slp|[silent]
|-curestatus|p2a: Giratina|slp|[msg]
|move|p2a: Giratina|Rest|p2a: Giratina
|-status|p2a: Giratina|slp|[from] move: Rest
|-heal|p2a: Giratina|100/100 slp|[silent]
|
|-weather|Sandstorm|[upkeep]
|-damage|p2a: Giratina|94/100 slp|[from] Sandstorm
|upkeep
|turn|238
|
|t:|1621965798
|switch|p2a: Quagsire|Quagsire, M|100/100
|-damage|p2a: Quagsire|94/100|[from] Stealth Rock
|cant|p1a: Ditto|slp
|
|-weather|Sandstorm|[upkeep]
|-heal|p2a: Quagsire|100/100|[from] item: Leftovers
|upkeep
|turn|239
|
|t:|1621965808
|switch|p1a: Ho-Oh|Ho-Oh|100/100 tox
|move|p2a: Quagsire|Earthquake|p1a: Ho-Oh
|-immune|p1a: Ho-Oh
|
|-weather|Sandstorm|[upkeep]
|-damage|p1a: Ho-Oh|94/100 tox|[from] Sandstorm
|-damage|p1a: Ho-Oh|88/100 tox|[from] psn
|upkeep
|turn|240
|inactive|Pkmn3443 has 90 seconds left.
|
|t:|1621965818
|switch|p1a: Ditto|Ditto|100/100 slp
|-damage|p1a: Ditto|88/100 slp|[from] Stealth Rock
|-transform|p1a: Ditto|p2a: Quagsire|[from] ability: Imposter
|switch|p2a: Tyranitar|Tyranitar, F|100/100 slp
|-damage|p2a: Tyranitar|88/100 slp|[from] Stealth Rock
|
|-weather|none
|upkeep
|turn|241
|
|t:|1621965829
|switch|p2a: Giratina|Giratina|94/100 slp
|-damage|p2a: Giratina|82/100 slp|[from] Stealth Rock
|-ability|p2a: Giratina|Pressure
|cant|p1a: Ditto|slp
|
|upkeep
|turn|242
|
|t:|1621965834
|switch|p2a: Lugia|Lugia|100/100
|-curestatus|p1a: Ditto|slp|[msg]
|move|p1a: Ditto|Recover|p1a: Ditto
|-heal|p1a: Ditto|100/100
|
|upkeep
|turn|243
|
|t:|1621965840
|switch|p1a: Ho-Oh|Ho-Oh|100/100 tox
|move|p2a: Lugia|Whirlwind|p1a: Ho-Oh
|drag|p1a: Necrozma|Necrozma-Dusk-Mane|81/100
|-damage|p1a: Necrozma|75/100|[from] Stealth Rock
|
|upkeep
|turn|244
|c|☆alwaysrinse|why not quaza
|
|t:|1621965848
|switch|p2a: Giratina|Giratina|82/100 slp
|-damage|p2a: Giratina|70/100 slp|[from] Stealth Rock
|-ability|p2a: Giratina|Pressure
|move|p1a: Necrozma|Knock Off|p2a: Giratina
|-supereffective|p2a: Giratina
|-damage|p2a: Giratina|50/100 slp
|
|upkeep
|turn|245
|inactive|alwaysrinse has 90 seconds left.
|
|t:|1621965859
|cant|p2a: Giratina|slp
|move|p1a: Necrozma|Knock Off|p2a: Giratina
|-supereffective|p2a: Giratina
|-damage|p2a: Giratina|29/100 slp
|
|upkeep
|turn|246
|
|t:|1621965863
|cant|p2a: Giratina|slp
|move|p1a: Necrozma|Knock Off|p2a: Giratina
|-supereffective|p2a: Giratina
|-damage|p2a: Giratina|8/100 slp
|
|upkeep
|turn|247
|
|t:|1621965868
|switch|p1a: Ditto|Ditto|100/100
|-damage|p1a: Ditto|88/100|[from] Stealth Rock
|-transform|p1a: Ditto|p2a: Giratina|[from] ability: Imposter
|-ability|p1a: Ditto|Pressure
|-curestatus|p2a: Giratina|slp|[msg]
|move|p2a: Giratina|Rest|p2a: Giratina
|-status|p2a: Giratina|slp|[from] move: Rest
|-heal|p2a: Giratina|100/100 slp|[silent]
|
|upkeep
|turn|248
|inactive|alwaysrinse has 90 seconds left.
|
|t:|1621965875
|switch|p2a: Lugia|Lugia|100/100
|move|p1a: Ditto|Rest|p1a: Ditto
|-status|p1a: Ditto|slp|[from] move: Rest
|-heal|p1a: Ditto|100/100 slp|[silent]
|
|upkeep
|turn|249
|inactive|alwaysrinse has 90 seconds left.
|
|t:|1621965881
|switch|p1a: Ho-Oh|Ho-Oh|100/100 tox
|move|p2a: Lugia|Whirlwind|p1a: Ho-Oh
|drag|p1a: Necrozma|Necrozma-Dusk-Mane|75/100
|-damage|p1a: Necrozma|69/100|[from] Stealth Rock
|
|upkeep
|turn|250
|j| Dokvia 2.0
|
|t:|1621965888
|switch|p2a: Giratina|Giratina|100/100 slp
|-damage|p2a: Giratina|88/100 slp|[from] Stealth Rock
|-ability|p2a: Giratina|Pressure
|switch|p1a: Ditto|Ditto|100/100 slp
|-damage|p1a: Ditto|88/100 slp|[from] Stealth Rock
|-transform|p1a: Ditto|p2a: Giratina|[from] ability: Imposter
|-ability|p1a: Ditto|Pressure
|
|upkeep
|turn|251
|
|t:|1621965894
|switch|p2a: Lugia|Lugia|100/100
|cant|p1a: Ditto|slp
|
|upkeep
|turn|252
|
|t:|1621965901
|cant|p1a: Ditto|slp
|move|p2a: Lugia|Whirlwind|p1a: Ditto
|drag|p1a: Zacian|Zacian-Crowned|88/100
|-damage|p1a: Zacian|82/100|[from] Stealth Rock
|-ability|p1a: Zacian|Intrepid Sword|boost
|-boost|p1a: Zacian|atk|1
|
|upkeep
|turn|253
|
|t:|1621965912
|switch|p1a: Ditto|Ditto|88/100 slp
|-damage|p1a: Ditto|76/100 slp|[from] Stealth Rock
|-transform|p1a: Ditto|p2a: Lugia|[from] ability: Imposter
|switch|p2a: Quagsire|Quagsire, M|100/100
|-damage|p2a: Quagsire|94/100|[from] Stealth Rock
|
|-heal|p2a: Quagsire|100/100|[from] item: Leftovers
|upkeep
|turn|254
|
|t:|1621965921
|switch|p2a: Tyranitar|Tyranitar, F|88/100 slp
|-damage|p2a: Tyranitar|76/100 slp|[from] Stealth Rock
|-weather|Sandstorm|[from] ability: Sand Stream|[of] p2a: Tyranitar
|-curestatus|p1a: Ditto|slp|[msg]
|move|p1a: Ditto|Roost|p1a: Ditto
|-heal|p1a: Ditto|100/100
|-singleturn|p1a: Ditto|move: Roost
|
|-weather|Sandstorm|[upkeep]
|-damage|p1a: Ditto|94/100|[from] Sandstorm
|upkeep
|turn|255
|
|t:|1621965930
|-activate|p1a: Ditto|move: Pursuit
|-curestatus|p2a: Tyranitar|slp|[msg]
|move|p2a: Tyranitar|Pursuit|p1a: Ditto|[from]Pursuit
|-supereffective|p1a: Ditto
|-damage|p1a: Ditto|44/100
|switch|p1a: Necrozma|Necrozma-Dusk-Mane|69/100
|-damage|p1a: Necrozma|63/100|[from] Stealth Rock
|
|-weather|Sandstorm|[upkeep]
|upkeep
|turn|256
|inactive|Pkmn3443 has 90 seconds left.
|
|t:|1621965941
|switch|p2a: Giratina|Giratina|88/100 slp
|-damage|p2a: Giratina|76/100 slp|[from] Stealth Rock
|-ability|p2a: Giratina|Pressure
|move|p1a: Necrozma|Morning Sun|p1a: Necrozma
|-heal|p1a: Necrozma|87/100
|
|-weather|Sandstorm|[upkeep]
|-damage|p2a: Giratina|70/100 slp|[from] Sandstorm
|upkeep
|turn|257
|
|t:|1621965947
|switch|p1a: Ditto|Ditto|44/100
|-damage|p1a: Ditto|31/100|[from] Stealth Rock
|-transform|p1a: Ditto|p2a: Giratina|[from] ability: Imposter
|-ability|p1a: Ditto|Pressure
|cant|p2a: Giratina|slp
|
|-weather|Sandstorm|[upkeep]
|-damage|p1a: Ditto|25/100|[from] Sandstorm
|-damage|p2a: Giratina|64/100 slp|[from] Sandstorm
|upkeep
|turn|258
|
|t:|1621965950
|move|p1a: Ditto|Rest|p1a: Ditto
|-status|p1a: Ditto|slp|[from] move: Rest
|-heal|p1a: Ditto|100/100 slp|[silent]
|cant|p2a: Giratina|slp
|
|-weather|none
|upkeep
|turn|259
|
|t:|1621965954
|switch|p2a: Quagsire|Quagsire, M|100/100
|-damage|p2a: Quagsire|94/100|[from] Stealth Rock
|cant|p1a: Ditto|slp
|
|-heal|p2a: Quagsire|100/100|[from] item: Leftovers
|upkeep
|turn|260
|
|t:|1621965962
|cant|p1a: Ditto|slp
|move|p2a: Quagsire|Earthquake|p1a: Ditto
|-damage|p1a: Ditto|76/100 slp
|
|upkeep
|turn|261
|
|t:|1621965969
|-curestatus|p1a: Ditto|slp|[msg]
|move|p1a: Ditto|Rest|p1a: Ditto
|-status|p1a: Ditto|slp|[from] move: Rest
|-heal|p1a: Ditto|100/100 slp|[silent]
|move|p2a: Quagsire|Toxic||[still]
|-fail|p2a: Quagsire
|
|upkeep
|turn|262
|
|t:|1621965974
|switch|p2a: Lugia|Lugia|100/100
|cant|p1a: Ditto|slp
|
|upkeep
|turn|263
|c|☆alwaysrinse|ger rayquaza
|
|t:|1621965981
|cant|p1a: Ditto|slp
|move|p2a: Lugia|Whirlwind|p1a: Ditto
|drag|p1a: Rayquaza|Rayquaza-Mega|64/100
|-damage|p1a: Rayquaza|39/100|[from] Stealth Rock
|-weather|DeltaStream|[from] ability: Delta Stream|[of] p1a: Rayquaza
|
|-weather|DeltaStream|[upkeep]
|upkeep
|turn|264
|
|t:|1621965988
|-weather|none
|switch|p1a: Ho-Oh|Ho-Oh|100/100 tox
|move|p2a: Lugia|Ice Beam|p1a: Ho-Oh
|-damage|p1a: Ho-Oh|92/100 tox
|
|-damage|p1a: Ho-Oh|85/100 tox|[from] psn
|upkeep
|turn|265
|
|t:|1621965996
|switch|p2a: Giratina|Giratina|64/100 slp
|-damage|p2a: Giratina|51/100 slp|[from] Stealth Rock
|-ability|p2a: Giratina|Pressure
|switch|p1a: Ditto|Ditto|100/100 slp
|-damage|p1a: Ditto|88/100 slp|[from] Stealth Rock
|-transform|p1a: Ditto|p2a: Giratina|[from] ability: Imposter
|-ability|p1a: Ditto|Pressure
|
|upkeep
|turn|266
|inactive|Pkmn3443 has 90 seconds left.
|
|t:|1621966009
|switch|p2a: Chansey|Chansey, F|88/100
|-damage|p2a: Chansey|76/100|[from] Stealth Rock
|-curestatus|p1a: Ditto|slp|[msg]
|move|p1a: Ditto|Defog|p2a: Chansey
|-unboost|p2a: Chansey|evasion|1
|-sideend|p2: alwaysrinse|Stealth Rock|[from] move: Defog|[of] p1a: Ditto
|-sideend|p1: Pkmn3443|Stealth Rock|[from] move: Defog|[of] p1a: Ditto
|
|upkeep
|turn|267
|inactive|Pkmn3443 has 90 seconds left.
|
|t:|1621966016
|switch|p1a: Necrozma|Necrozma-Dusk-Mane|87/100
|switch|p2a: Tyranitar|Tyranitar, F|76/100
|-weather|Sandstorm|[from] ability: Sand Stream|[of] p2a: Tyranitar
|
|-weather|Sandstorm|[upkeep]
|upkeep
|turn|268
|
|t:|1621966020
|switch|p2a: Giratina|Giratina|51/100 slp
|-ability|p2a: Giratina|Pressure
|move|p1a: Necrozma|Sunsteel Strike|p2a: Giratina
|-damage|p2a: Giratina|29/100 slp
|
|-weather|Sandstorm|[upkeep]
|-damage|p2a: Giratina|23/100 slp|[from] Sandstorm
|upkeep
|turn|269
|inactive|Pkmn3443 has 90 seconds left.
|inactive|alwaysrinse has 60 seconds left.
|
|t:|1621966038
|switch|p1a: Ditto|Ditto|88/100
|-transform|p1a: Ditto|p2a: Giratina|[from] ability: Imposter
|-ability|p1a: Ditto|Pressure
|-curestatus|p2a: Giratina|slp|[msg]
|move|p2a: Giratina|Rest|p2a: Giratina
|-status|p2a: Giratina|slp|[from] move: Rest
|-heal|p2a: Giratina|100/100 slp|[silent]
|
|-weather|Sandstorm|[upkeep]
|-damage|p1a: Ditto|82/100|[from] Sandstorm
|-damage|p2a: Giratina|94/100 slp|[from] Sandstorm
|upkeep
|turn|270
|
|t:|1621966044
|switch|p2a: Tyranitar|Tyranitar, F|76/100
|move|p1a: Ditto|Rest|p1a: Ditto
|-status|p1a: Ditto|slp|[from] move: Rest
|-heal|p1a: Ditto|100/100 slp|[silent]
|
|-weather|Sandstorm|[upkeep]
|-damage|p1a: Ditto|94/100 slp|[from] Sandstorm
|upkeep
|turn|271
|
|t:|1621966050
|switch|p1a: Necrozma|Necrozma-Dusk-Mane|87/100
|switch|p2a: Quagsire|Quagsire, M|100/100
|
|-weather|none
|upkeep
|turn|272
|
|t:|1621966055
|switch|p1a: Ditto|Ditto|94/100 slp
|-transform|p1a: Ditto|p2a: Quagsire|[from] ability: Imposter
|switch|p2a: Giratina|Giratina|94/100 slp
|-ability|p2a: Giratina|Pressure
|
|upkeep
|turn|273
|
|t:|1621966063
|switch|p2a: Tyranitar|Tyranitar, F|76/100
|-weather|Sandstorm|[from] ability: Sand Stream|[of] p2a: Tyranitar
|cant|p1a: Ditto|slp
|
|-weather|Sandstorm|[upkeep]
|upkeep
|turn|274
|
|t:|1621966068
|switch|p1a: Necrozma|Necrozma-Dusk-Mane|87/100
|move|p2a: Tyranitar|Stealth Rock|p1a: Necrozma
|-sidestart|p1: Pkmn3443|move: Stealth Rock
|
|-weather|Sandstorm|[upkeep]
|upkeep
|turn|275
|
|t:|1621966071
|switch|p2a: Giratina|Giratina|94/100 slp
|-ability|p2a: Giratina|Pressure
|move|p1a: Necrozma|Stealth Rock|p2a: Giratina
|-sidestart|p2: alwaysrinse|move: Stealth Rock
|
|-weather|Sandstorm|[upkeep]
|-damage|p2a: Giratina|88/100 slp|[from] Sandstorm
|upkeep
|turn|276
|
|t:|1621966077
|switch|p1a: Ditto|Ditto|94/100 slp
|-damage|p1a: Ditto|82/100 slp|[from] Stealth Rock
|-transform|p1a: Ditto|p2a: Giratina|[from] ability: Imposter
|-ability|p1a: Ditto|Pressure
|cant|p2a: Giratina|slp
|
|-weather|Sandstorm|[upkeep]
|-damage|p1a: Ditto|76/100 slp|[from] Sandstorm
|-damage|p2a: Giratina|82/100 slp|[from] Sandstorm
|upkeep
|turn|277
|
|t:|1621966080
|switch|p2a: Quagsire|Quagsire, M|100/100
|-damage|p2a: Quagsire|94/100|[from] Stealth Rock
|cant|p1a: Ditto|slp
|
|-weather|none
|-heal|p2a: Quagsire|100/100|[from] item: Leftovers
|upkeep
|turn|278
|
|t:|1621966087
|switch|p2a: Tyranitar|Tyranitar, F|76/100
|-damage|p2a: Tyranitar|63/100|[from] Stealth Rock
|-weather|Sandstorm|[from] ability: Sand Stream|[of] p2a: Tyranitar
|-curestatus|p1a: Ditto|slp|[msg]
|move|p1a: Ditto|Rest|p1a: Ditto
|-status|p1a: Ditto|slp|[from] move: Rest
|-heal|p1a: Ditto|100/100 slp|[silent]
|
|-weather|Sandstorm|[upkeep]
|-damage|p1a: Ditto|94/100 slp|[from] Sandstorm
|upkeep
|turn|279
|
|t:|1621966094
|-activate|p1a: Ditto|move: Pursuit
|move|p2a: Tyranitar|Pursuit|p1a: Ditto|[from]Pursuit
|-supereffective|p1a: Ditto
|-damage|p1a: Ditto|46/100 slp
|switch|p1a: Necrozma|Necrozma-Dusk-Mane|87/100
|-damage|p1a: Necrozma|81/100|[from] Stealth Rock
|
|-weather|Sandstorm|[upkeep]
|upkeep
|turn|280
|
|t:|1621966102
|switch|p2a: Giratina|Giratina|82/100 slp
|-damage|p2a: Giratina|70/100 slp|[from] Stealth Rock
|-ability|p2a: Giratina|Pressure
|move|p1a: Necrozma|Knock Off|p2a: Giratina
|-supereffective|p2a: Giratina
|-damage|p2a: Giratina|50/100 slp
|
|-weather|Sandstorm|[upkeep]
|-damage|p2a: Giratina|44/100 slp|[from] Sandstorm
|upkeep
|turn|281
|
|t:|1621966109
|switch|p1a: Ditto|Ditto|46/100 slp
|-damage|p1a: Ditto|33/100 slp|[from] Stealth Rock
|-transform|p1a: Ditto|p2a: Giratina|[from] ability: Imposter
|-ability|p1a: Ditto|Pressure
|cant|p2a: Giratina|slp
|
|-weather|Sandstorm|[upkeep]
|-damage|p1a: Ditto|27/100 slp|[from] Sandstorm
|-damage|p2a: Giratina|37/100 slp|[from] Sandstorm
|upkeep
|turn|282
|
|t:|1621966117
|switch|p2a: Tyranitar|Tyranitar, F|63/100
|-damage|p2a: Tyranitar|51/100|[from] Stealth Rock
|cant|p1a: Ditto|slp
|
|-weather|none
|upkeep
|turn|283
|
|t:|1621966127
|cant|p1a: Ditto|slp
|move|p1a: Ditto|Sleep Talk|p1a: Ditto
|move|p1a: Ditto|Will-O-Wisp|p2a: Tyranitar|[from]move: Sleep Talk
|-status|p2a: Tyranitar|brn
|move|p2a: Tyranitar|Pursuit|p1a: Ditto
|-supereffective|p1a: Ditto
|-damage|p1a: Ditto|14/100 slp
|
|-damage|p2a: Tyranitar|45/100 brn|[from] brn
|upkeep
|turn|284
|
|t:|1621966133
|-activate|p1a: Ditto|move: Pursuit
|move|p2a: Tyranitar|Pursuit|p1a: Ditto|[from]Pursuit
|-supereffective|p1a: Ditto
|-damage|p1a: Ditto|0 fnt
|faint|p1a: Ditto
|-hint|A Pokemon can't switch between when it runs out of HP and when it faints
|
|-damage|p2a: Tyranitar|39/100 brn|[from] brn
|upkeep
|c|☆alwaysrinse|finally
|
|t:|1621966137
|switch|p1a: Zacian|Zacian-Crowned|82/100
|-damage|p1a: Zacian|76/100|[from] Stealth Rock
|-ability|p1a: Zacian|Intrepid Sword|boost
|-boost|p1a: Zacian|atk|1
|turn|285
|
|t:|1621966140
|switch|p2a: Quagsire|Quagsire, M|100/100
|-damage|p2a: Quagsire|94/100|[from] Stealth Rock
|move|p1a: Zacian|Crunch|p2a: Quagsire
|-damage|p2a: Quagsire|67/100
|
|-heal|p2a: Quagsire|73/100|[from] item: Leftovers
|upkeep
|turn|286
|
|t:|1621966145
|move|p1a: Zacian|Crunch|p2a: Quagsire
|-damage|p2a: Quagsire|46/100
|move|p2a: Quagsire|Recover|p2a: Quagsire
|-heal|p2a: Quagsire|96/100
|
|-heal|p2a: Quagsire|100/100|[from] item: Leftovers
|upkeep
|turn|287
|
|t:|1621966149
|switch|p1a: Ho-Oh|Ho-Oh|100/100 tox
|move|p2a: Quagsire|Earthquake|p1a: Ho-Oh
|-immune|p1a: Ho-Oh
|
|-damage|p1a: Ho-Oh|94/100 tox|[from] psn
|upkeep
|turn|288
|inactive|Pkmn3443 has 120 seconds left.
|
|t:|1621966155
|switch|p2a: Tyranitar|Tyranitar, F|39/100 brn
|-damage|p2a: Tyranitar|26/100 brn|[from] Stealth Rock
|-weather|Sandstorm|[from] ability: Sand Stream|[of] p2a: Tyranitar
|move|p1a: Ho-Oh|Defog|p2a: Tyranitar
|-unboost|p2a: Tyranitar|evasion|1
|-sideend|p2: alwaysrinse|Stealth Rock|[from] move: Defog|[of] p1a: Ho-Oh
|-sideend|p1: Pkmn3443|Stealth Rock|[from] move: Defog|[of] p1a: Ho-Oh
|
|-weather|Sandstorm|[upkeep]
|-damage|p1a: Ho-Oh|88/100 tox|[from] Sandstorm
|-damage|p1a: Ho-Oh|76/100 tox|[from] psn
|-damage|p2a: Tyranitar|20/100 brn|[from] brn
|upkeep
|turn|289
|
|t:|1621966162
|switch|p1a: Zacian|Zacian-Crowned|76/100
|-ability|p1a: Zacian|Intrepid Sword|boost
|-boost|p1a: Zacian|atk|1
|move|p2a: Tyranitar|Rest|p2a: Tyranitar
|-status|p2a: Tyranitar|slp|[from] move: Rest
|-heal|p2a: Tyranitar|100/100 slp|[silent]
|
|-weather|Sandstorm|[upkeep]
|upkeep
|turn|290
|
|t:|1621966165
|switch|p2a: Quagsire|Quagsire, M|100/100
|move|p1a: Zacian|Crunch|p2a: Quagsire
|-damage|p2a: Quagsire|74/100
|
|-weather|Sandstorm|[upkeep]
|-heal|p2a: Quagsire|80/100|[from] item: Leftovers
|upkeep
|turn|291
|j| jaVpad1spi
|
|t:|1621966172
|switch|p1a: Ho-Oh|Ho-Oh|100/100 tox
|move|p2a: Quagsire|Earthquake|p1a: Ho-Oh
|-immune|p1a: Ho-Oh
|
|-weather|Sandstorm|[upkeep]
|-damage|p1a: Ho-Oh|94/100 tox|[from] Sandstorm
|-heal|p2a: Quagsire|86/100|[from] item: Leftovers
|-damage|p1a: Ho-Oh|88/100 tox|[from] psn
|upkeep
|turn|292
|
|t:|1621966181
|switch|p1a: Zacian|Zacian-Crowned|76/100
|-ability|p1a: Zacian|Intrepid Sword|boost
|-boost|p1a: Zacian|atk|1
|switch|p2a: Tyranitar|Tyranitar, F|100/100 slp
|
|-weather|none
|upkeep
|turn|293
|
|t:|1621966186
|switch|p2a: Quagsire|Quagsire, M|86/100
|move|p1a: Zacian|Crunch|p2a: Quagsire
|-damage|p2a: Quagsire|59/100
|
|-heal|p2a: Quagsire|65/100|[from] item: Leftovers
|upkeep
|turn|294
|
|t:|1621966190
|switch|p1a: Ho-Oh|Ho-Oh|100/100 tox
|move|p2a: Quagsire|Recover|p2a: Quagsire
|-heal|p2a: Quagsire|100/100
|
|-damage|p1a: Ho-Oh|94/100 tox|[from] psn
|upkeep
|turn|295
|
|t:|1621966197
|switch|p1a: Zacian|Zacian-Crowned|76/100
|-ability|p1a: Zacian|Intrepid Sword|boost
|-boost|p1a: Zacian|atk|1
|switch|p2a: Tyranitar|Tyranitar, F|100/100 slp
|-weather|Sandstorm|[from] ability: Sand Stream|[of] p2a: Tyranitar
|
|-weather|Sandstorm|[upkeep]
|upkeep
|turn|296
|
|t:|1621966200
|switch|p2a: Quagsire|Quagsire, M|100/100
|move|p1a: Zacian|Crunch|p2a: Quagsire
|-damage|p2a: Quagsire|74/100
|-unboost|p2a: Quagsire|def|1
|
|-weather|Sandstorm|[upkeep]
|-heal|p2a: Quagsire|80/100|[from] item: Leftovers
|upkeep
|turn|297
|inactive|alwaysrinse has 60 seconds left.
|
|t:|1621966211
|move|p1a: Zacian|Play Rough|p2a: Quagsire
|-damage|p2a: Quagsire|17/100
|-unboost|p2a: Quagsire|atk|1
|move|p2a: Quagsire|Earthquake|p1a: Zacian
|-supereffective|p1a: Zacian
|-damage|p1a: Zacian|36/100
|
|-weather|Sandstorm|[upkeep]
|-heal|p2a: Quagsire|23/100|[from] item: Leftovers
|upkeep
|turn|298
|
|t:|1621966234
|switch|p2a: Lugia|Lugia|100/100
|move|p1a: Zacian|Behemoth Blade|p2a: Lugia
|-damage|p2a: Lugia|73/100
|
|-weather|Sandstorm|[upkeep]
|-damage|p2a: Lugia|67/100|[from] Sandstorm
|upkeep
|turn|299
|inactive|Pkmn3443 has 120 seconds left.
|
|t:|1621966241
|move|p1a: Zacian|Crunch|p2a: Lugia
|-supereffective|p2a: Lugia
|-damage|p2a: Lugia|13/100
|move|p2a: Lugia|Roost|p2a: Lugia
|-heal|p2a: Lugia|63/100
|-singleturn|p2a: Lugia|move: Roost
|
|-weather|none
|upkeep
|turn|300
|
|t:|1621966247
|move|p1a: Zacian|Crunch|p2a: Lugia
|-supereffective|p2a: Lugia
|-damage|p2a: Lugia|7/100
|move|p2a: Lugia|Roost|p2a: Lugia
|-heal|p2a: Lugia|57/100
|-singleturn|p2a: Lugia|move: Roost
|
|upkeep
|turn|301
|inactive|alwaysrinse has 30 seconds left.
|
|t:|1621966264
|switch|p2a: Chansey|Chansey, F|76/100
|move|p1a: Zacian|Crunch|p2a: Chansey
|-damage|p2a: Chansey|33/100
|
|upkeep
|turn|302
|inactive|alwaysrinse has 30 seconds left this turn.
|
|t:|1621966268
|move|p1a: Zacian|Behemoth Blade|p2a: Chansey
|-damage|p2a: Chansey|0 fnt
|faint|p2a: Chansey
|
|upkeep
|inactive|alwaysrinse has 30 seconds left this turn.
|
|t:|1621966270
|switch|p2a: Quagsire|Quagsire, M|23/100
|turn|303
|
|t:|1621966275
|switch|p1a: Rayquaza|Rayquaza-Mega|39/100
|-weather|DeltaStream|[from] ability: Delta Stream|[of] p1a: Rayquaza
|-start|p2a: Quagsire|Dynamax
|-heal|p2a: Quagsire|23/100|[silent]
|move|p2a: Quagsire|Max Guard||[still]
|-fail|p2a: Quagsire
|
|-weather|DeltaStream|[upkeep]
|-heal|p2a: Quagsire|26/100|[from] item: Leftovers
|upkeep
|turn|304
|inactive|alwaysrinse has 30 seconds left.
|
|t:|1621966287
|-end|p2a: Quagsire|Dynamax
|-heal|p2a: Quagsire|26/100|[silent]
|switch|p2a: Tyranitar|Tyranitar, F|100/100 slp
|-ability|p2a: Tyranitar|Sand Stream|[from] deltastream|[fail]
|move|p1a: Rayquaza|Draco Meteor|p2a: Tyranitar
|-damage|p2a: Tyranitar|36/100 slp
|-unboost|p1a: Rayquaza|spa|2
|-damage|p1a: Rayquaza|29/100|[from] item: Life Orb
|
|-weather|DeltaStream|[upkeep]
|upkeep
|turn|305
|inactive|alwaysrinse has 30 seconds left this turn.
|
|t:|1621966295
|move|p1a: Rayquaza|Dragon Ascent|p2a: Tyranitar
|-resisted|p2a: Tyranitar
|-damage|p2a: Tyranitar|0 fnt
|-unboost|p1a: Rayquaza|def|1
|-unboost|p1a: Rayquaza|spd|1
|faint|p2a: Tyranitar
|-damage|p1a: Rayquaza|19/100|[from] item: Life Orb
|
|-weather|DeltaStream|[upkeep]
|upkeep
|inactive|alwaysrinse has 25 seconds left this turn.
|
|t:|1621966298
|switch|p2a: Giratina|Giratina|37/100 slp
|-ability|p2a: Giratina|Pressure
|turn|306
|inactive|alwaysrinse has 30 seconds left this turn.
|
|t:|1621966303
|move|p1a: Rayquaza|Dragon Ascent|p2a: Giratina
|-damage|p2a: Giratina|0 fnt
|-unboost|p1a: Rayquaza|def|1
|-unboost|p1a: Rayquaza|spd|1
|faint|p2a: Giratina
|-damage|p1a: Rayquaza|9/100|[from] item: Life Orb
|
|-weather|DeltaStream|[upkeep]
|upkeep
|inactive|alwaysrinse has 30 seconds left this turn.
|
|t:|1621966307
|switch|p2a: Lugia|Lugia|57/100
|turn|307
|
|t:|1621966310
|move|p1a: Rayquaza|Dragon Ascent|p2a: Lugia
|-crit|p2a: Lugia
|-damage|p2a: Lugia|0 fnt
|-unboost|p1a: Rayquaza|def|1
|-unboost|p1a: Rayquaza|spd|1
|faint|p2a: Lugia
|-damage|p1a: Rayquaza|0 fnt|[from] item: Life Orb
|faint|p1a: Rayquaza
|-weather|none
|
|upkeep
|
|t:|1621966313
|switch|p1a: Zacian|Zacian-Crowned|36/100
|switch|p2a: Quagsire|Quagsire, M|26/100
|-ability|p1a: Zacian|Intrepid Sword|boost
|-boost|p1a: Zacian|atk|1
|turn|308
|
|t:|1621966317
|move|p1a: Zacian|Play Rough|p2a: Quagsire
|-damage|p2a: Quagsire|0 fnt
|faint|p2a: Quagsire
|
|win|Pkmn3443
|raw|Pkmn3443's rating: 1934 &rarr; <strong>1951</strong><br />(+17 for winning)
|raw|alwaysrinse's rating: 1890 &rarr; <strong>1873</strong><br />(-17 for losing)
|c|☆alwaysrinse|gg
|c|☆alwaysrinse|darn
|c|☆alwaysrinse|I blew it
|c|☆Pkmn3443|gg
|l|☆alwaysrinse
