|j|☆Wlalalaala
|j|☆the thin mints lad
|t:|1658598661
|gametype|singles
|player|p1|Wlalalaala|265|1544
|player|p2|the thin mints lad|cress|1636
|teamsize|p1|6
|teamsize|p2|6
|gen|8
|tier|[Gen 8] National Dex AG
|rated|
|rule|HP Percentage Mod: HP is shown in percentages
|rule|Endless Battle Clause: Forcing endless battles is banned
|clearpoke
|poke|p1|Smeargle, M|
|poke|p1|Smeargle, M|
|poke|p1|Tyranitar, M|
|poke|p1|Ditto|
|poke|p1|Clefable, F|
|poke|p1|Hitmonlee, M|
|poke|p2|Ditto|
|poke|p2|Marshadow|
|poke|p2|Galvantula, M|
|poke|p2|Necrozma-Dusk-Mane|
|poke|p2|Groudon|
|poke|p2|Xerneas-*|
|teampreview
|inactive|Battle timer is ON: inactive players will automatically lose when time's up. (requested by Wlalalaala)
|
|t:|1658598675
|start
|switch|p1a: Smeargle|Smeargle, M|100/100
|switch|p2a: the webby boi|Galvantula, M|100/100
|turn|1
|
|t:|1658598679
|move|p2a: the webby boi|Thunder Wave|p1a: Smeargle
|-status|p1a: Smeargle|par
|move|p1a: Smeargle|Spore|p2a: the webby boi
|-status|p2a: the webby boi|slp|[from] move: Spore
|
|-ability|p1a: Smeargle|Moody|boost
|-boost|p1a: Smeargle|spa|2
|-unboost|p1a: Smeargle|spd|1
|upkeep
|turn|2
|
|t:|1658598684
|switch|p2a: dear deer|Xerneas|100/100
|-ability|p2a: dear deer|Fairy Aura
|move|p1a: Smeargle|Substitute|p1a: Smeargle
|-start|p1a: Smeargle|Substitute
|-damage|p1a: Smeargle|76/100 par
|
|-ability|p1a: Smeargle|Moody|boost
|-boost|p1a: Smeargle|atk|2
|-unboost|p1a: Smeargle|spa|1
|upkeep
|turn|3
|
|t:|1658598697
|-start|p2a: dear deer|Dynamax|
|-heal|p2a: dear deer|100/100|[silent]
|move|p2a: dear deer|Max Lightning|p1a: Smeargle
|-end|p1a: Smeargle|Substitute
|-fieldstart|move: Electric Terrain
|move|p1a: Smeargle|Spore|p2a: dear deer
|-activate|p2a: dear deer|move: Electric Terrain
|
|-ability|p1a: Smeargle|Moody|boost
|-boost|p1a: Smeargle|spe|2
|-unboost|p1a: Smeargle|def|1
|upkeep
|turn|4
|
|t:|1658598712
|move|p2a: dear deer|Max Lightning|p1a: Smeargle
|-damage|p1a: Smeargle|0 fnt
|faint|p1a: Smeargle
|
|upkeep
|
|t:|1658598719
|switch|p1a: Hitmonlee|Hitmonlee, M|100/100
|turn|5
|
|t:|1658598730
|move|p2a: dear deer|Max Guard|p2a: dear deer
|-singleturn|p2a: dear deer|Max Guard
|move|p1a: Hitmonlee|Endure||[still]
|-fail|p1a: Hitmonlee
|
|upkeep
|-end|p2a: dear deer|Dynamax
|-heal|p2a: dear deer|100/100|[silent]
|turn|6
|
|t:|1658598743
|switch|p1a: Clefable|Clefable, F|100/100
|move|p2a: dear deer|Geomancy||[still]
|-prepare|p2a: dear deer|Geomancy
|-enditem|p2a: dear deer|Power Herb
|-anim|p2a: dear deer|Geomancy|p2a: dear deer
|-boost|p2a: dear deer|spa|2
|-boost|p2a: dear deer|spd|2
|-boost|p2a: dear deer|spe|2
|
|upkeep
|turn|7
|c|☆Wlalalaala|Nice moves
|
|t:|1658598751
|move|p2a: dear deer|Moonblast|p1a: Clefable
|-damage|p1a: Clefable|28/100
|move|p1a: Clefable|Soft-Boiled|p1a: Clefable
|-heal|p1a: Clefable|78/100
|
|-heal|p1a: Clefable|84/100|[from] item: Leftovers
|-fieldend|move: Electric Terrain
|upkeep
|turn|8
|
|t:|1658598758
|move|p2a: dear deer|Moonblast|p1a: Clefable
|-damage|p1a: Clefable|20/100
|-unboost|p1a: Clefable|spa|1
|move|p1a: Clefable|Soft-Boiled|p1a: Clefable
|-heal|p1a: Clefable|70/100
|
|-heal|p1a: Clefable|76/100|[from] item: Leftovers
|upkeep
|turn|9
|
|t:|1658598782
|move|p2a: dear deer|Moonblast|p1a: Clefable
|-damage|p1a: Clefable|6/100
|-unboost|p1a: Clefable|spa|1
|move|p1a: Clefable|Moonblast|p2a: dear deer
|-damage|p2a: dear deer|81/100
|-unboost|p2a: dear deer|spa|1
|
|-heal|p1a: Clefable|12/100|[from] item: Leftovers
|upkeep
|turn|10
|
|t:|1658598798
|move|p2a: dear deer|Geomancy||[still]
|-prepare|p2a: dear deer|Geomancy
|move|p1a: Clefable|Moonblast|p2a: dear deer
|-damage|p2a: dear deer|64/100
|
|-heal|p1a: Clefable|19/100|[from] item: Leftovers
|upkeep
|turn|11
|
|t:|1658598808
|move|p2a: dear deer|Geomancy|p2a: dear deer|[from]lockedmove
|-boost|p2a: dear deer|spa|2
|-boost|p2a: dear deer|spd|2
|-boost|p2a: dear deer|spe|2
|move|p1a: Clefable|Ice Beam|p2a: dear deer
|-crit|p2a: dear deer
|-damage|p2a: dear deer|37/100
|
|-heal|p1a: Clefable|25/100|[from] item: Leftovers
|upkeep
|turn|12
|
|t:|1658598817
|move|p2a: dear deer|Moonblast|p1a: Clefable
|-damage|p1a: Clefable|0 fnt
|faint|p1a: Clefable
|
|upkeep
|
|t:|1658598819
|switch|p1a: Ditto|Ditto|100/100
|-transform|p1a: Ditto|p2a: dear deer|[from] ability: Imposter
|-ability|p1a: Ditto|Fairy Aura
|turn|13
|
|t:|1658598828
|switch|p2a: the webby boi|Galvantula, M|100/100 slp
|move|p1a: Ditto|Moonblast|p2a: the webby boi
|-crit|p2a: the webby boi
|-enditem|p2a: the webby boi|Focus Sash
|-damage|p2a: the webby boi|1/100 slp
|-unboost|p2a: the webby boi|spa|1
|
|upkeep
|turn|14
|
|t:|1658598835
|move|p1a: Ditto|Moonblast|p2a: the webby boi
|-damage|p2a: the webby boi|0 fnt
|faint|p2a: the webby boi
|
|upkeep
|
|t:|1658598841
|switch|p2a: my solrock evolved|Necrozma-Dusk-Mane|100/100
|turn|15
|
|t:|1658598853
|-start|p1a: Ditto|Dynamax|
|-heal|p1a: Ditto|100/100|[silent]
|move|p1a: Ditto|Max Starfall|p2a: my solrock evolved
|-resisted|p2a: my solrock evolved
|-damage|p2a: my solrock evolved|0 fnt
|-fieldstart|move: Misty Terrain
|faint|p2a: my solrock evolved
|
|upkeep
|c|☆Wlalalaala|Thanks bro
|c|☆the thin mints lad|np
|
|t:|1658598869
|switch|p2a: WhateverThisIs|Groudon|100/100
|detailschange|p2a: WhateverThisIs|Groudon-Primal
|-primal|p2a: WhateverThisIs
|-weather|DesolateLand|[from] ability: Desolate Land|[of] p2a: WhateverThisIs
|turn|16
|
|t:|1658598885
|move|p1a: Ditto|Max Starfall|p2a: WhateverThisIs
|-resisted|p2a: WhateverThisIs
|-damage|p2a: WhateverThisIs|0 fnt
|faint|p2a: WhateverThisIs
|-weather|none
|
|upkeep
|
|t:|1658598893
|switch|p2a: dear deer|Xerneas|37/100
|-ability|p2a: dear deer|Fairy Aura
|turn|17
|
|t:|1658598897
|move|p1a: Ditto|Max Starfall|p2a: dear deer
|-damage|p2a: dear deer|0 fnt
|faint|p2a: dear deer
|
|upkeep
|
|t:|1658598905
|switch|p2a: Yoinker|Marshadow|100/100
|-end|p1a: Ditto|Dynamax
|-heal|p1a: Ditto|100/100|[silent]
|turn|18
|
|t:|1658598913
|switch|p1a: Tyranitar|Tyranitar, M|100/100
|-weather|Sandstorm|[from] ability: Sand Stream|[of] p1a: Tyranitar
|move|p2a: Yoinker|Low Kick|p1a: Tyranitar
|-supereffective|p1a: Tyranitar
|-damage|p1a: Tyranitar|0 fnt
|faint|p1a: Tyranitar
|
|-weather|Sandstorm|[upkeep]
|-damage|p2a: Yoinker|94/100|[from] Sandstorm
|upkeep
|
|t:|1658598921
|switch|p1a: Hitmonlee|Hitmonlee, M|100/100
|turn|19
|
|t:|1658598926
|switch|p2a: legend's fear|Ditto|100/100
|-transform|p2a: legend's fear|p1a: Hitmonlee|[from] ability: Imposter
|move|p1a: Hitmonlee|Earthquake|p2a: legend's fear
|-damage|p2a: legend's fear|8/100
|
|-weather|Sandstorm|[upkeep]
|-damage|p2a: legend's fear|2/100|[from] Sandstorm
|-damage|p1a: Hitmonlee|94/100|[from] Sandstorm
|-fieldend|Misty Terrain
|upkeep
|turn|20
|
|t:|1658598932
|switch|p2a: Yoinker|Marshadow|94/100
|move|p1a: Hitmonlee|Endure||[still]
|-fail|p1a: Hitmonlee
|
|-weather|Sandstorm|[upkeep]
|-damage|p2a: Yoinker|88/100|[from] Sandstorm
|-damage|p1a: Hitmonlee|88/100|[from] Sandstorm
|upkeep
|turn|21
|
|t:|1658598938
|move|p2a: Yoinker|Low Kick|p1a: Hitmonlee
|-damage|p1a: Hitmonlee|0 fnt
|faint|p1a: Hitmonlee
|
|-weather|Sandstorm|[upkeep]
|-damage|p2a: Yoinker|82/100|[from] Sandstorm
|upkeep
|
|t:|1658598952
|switch|p1a: Ditto|Ditto|100/100
|-transform|p1a: Ditto|p2a: Yoinker|[from] ability: Imposter
|turn|22
|
|t:|1658598957
|switch|p2a: legend's fear|Ditto|2/100
|move|p1a: Ditto|Spectral Thief|p2a: legend's fear
|-immune|p2a: legend's fear
|
|-weather|none
|upkeep
|turn|23
|c|☆Wlalalaala|Nice plays
|
|t:|1658598968
|switch|p1a: Smeargle|Smeargle, M|100/100
|move|p2a: legend's fear|Transform|p1a: Smeargle
|-transform|p2a: legend's fear|p1a: Smeargle
|
|-ability|p2a: legend's fear|Moody|boost
|-boost|p2a: legend's fear|spd|2
|-unboost|p2a: legend's fear|atk|1
|-ability|p1a: Smeargle|Moody|boost
|-boost|p1a: Smeargle|spd|2
|-unboost|p1a: Smeargle|def|1
|upkeep
|turn|24
|
|t:|1658598973
|move|p2a: legend's fear|Spore|p1a: Smeargle
|-status|p1a: Smeargle|slp|[from] move: Spore
|cant|p1a: Smeargle|slp
|
|-ability|p2a: legend's fear|Moody|boost
|-boost|p2a: legend's fear|spd|2
|-unboost|p2a: legend's fear|spe|1
|-ability|p1a: Smeargle|Moody|boost
|-boost|p1a: Smeargle|spa|2
|-unboost|p1a: Smeargle|spe|1
|upkeep
|turn|25
|
|t:|1658598977
|switch|p2a: Yoinker|Marshadow|82/100
|cant|p1a: Smeargle|slp
|
|-ability|p1a: Smeargle|Moody|boost
|-boost|p1a: Smeargle|atk|2
|-unboost|p1a: Smeargle|spa|1
|upkeep
|turn|26
|
|t:|1658598981
|move|p2a: Yoinker|Low Kick|p1a: Smeargle
|-supereffective|p1a: Smeargle
|-damage|p1a: Smeargle|0 fnt
|faint|p1a: Smeargle
|
|upkeep
|
|t:|1658598983
|switch|p1a: Ditto|Ditto|100/100
|-transform|p1a: Ditto|p2a: Yoinker|[from] ability: Imposter
|turn|27
|
|t:|1658598989
|switch|p2a: legend's fear|Ditto|2/100
|move|p1a: Ditto|Ice Punch|p2a: legend's fear
|-damage|p2a: legend's fear|0 fnt
|faint|p2a: legend's fear
|
|upkeep
|
|t:|1658598994
|switch|p2a: Yoinker|Marshadow|82/100
|turn|28
|
|t:|1658599000
|move|p1a: Ditto|Ice Punch|p2a: Yoinker
|-damage|p2a: Yoinker|48/100
|move|p2a: Yoinker|Spectral Thief|p1a: Ditto
|-supereffective|p1a: Ditto
|-damage|p1a: Ditto|0 fnt
|faint|p1a: Ditto
|
|win|the thin mints lad
|raw|Wlalalaala's rating: 1563 &rarr; <strong>1547</strong><br />(-16 for losing)
|raw|the thin mints lad's rating: 1636 &rarr; <strong>1652</strong><br />(+16 for winning)
|c|☆Wlalalaala|Gg to you mate
|c|☆the thin mints lad|thx
|l|☆the thin mints lad
|l|☆Wlalalaala
||Ladder isn't responding, score probably updated but might not have (Request timeout).
|j|☆the thin mints lad
|player|p2|the thin mints lad|cress
