|j|☆kerrozxl-
|j|☆Vegeta Otsusuki
|t:|1665726321
|gametype|singles
|player|p1|kerrozxl-|unknownf|1735
|player|p2|Vegeta Otsusuki|blue-gen3two|1937
|teamsize|p1|6
|teamsize|p2|6
|gen|8
|tier|[Gen 8] National Dex AG
|rated|
|rule|HP Percentage Mod: HP is shown in percentages
|rule|Endless Battle Clause: Forcing endless battles is banned
|clearpoke
|poke|p1|Xerneas-*|
|poke|p1|Yveltal|
|poke|p1|Marshadow|
|poke|p1|Necrozma-Dusk-Mane|
|poke|p1|Rayquaza|
|poke|p1|Groudon|
|poke|p2|Kyurem-White|
|poke|p2|Rayquaza|
|poke|p2|Arceus-*|
|poke|p2|Groudon|
|poke|p2|Ditto|
|poke|p2|Yveltal|
|teampreview
|inactive|Battle timer is ON: inactive players will automatically lose when time's up. (requested by Vegeta Otsusuki)
|
|t:|1665726348
|start
|switch|p1a: Rayquaza|Rayquaza, shiny|100/100
|switch|p2a: 🐉|Rayquaza|100/100
|-ability|p1a: Rayquaza|Air Lock
|-ability|p2a: 🐉|Air Lock
|turn|1
|
|t:|1665726352
|detailschange|p1a: Rayquaza|Rayquaza-Mega, shiny
|-mega|p1a: Rayquaza|Rayquaza|
|-weather|DeltaStream|[from] ability: Delta Stream|[of] p1a: Rayquaza
|detailschange|p2a: 🐉|Rayquaza-Mega
|-mega|p2a: 🐉|Rayquaza|
|move|p2a: 🐉|Dragon Ascent|p1a: Rayquaza
|-damage|p1a: Rayquaza|10/100
|-unboost|p2a: 🐉|def|1
|-unboost|p2a: 🐉|spd|1
|move|p1a: Rayquaza|Dragon Ascent|p2a: 🐉
|-enditem|p2a: 🐉|Focus Sash
|-damage|p2a: 🐉|1/100
|-unboost|p1a: Rayquaza|def|1
|-unboost|p1a: Rayquaza|spd|1
|
|-weather|DeltaStream|[upkeep]
|upkeep
|turn|2
|
|t:|1665726369
|switch|p1a: Marshadow|Marshadow|100/100
|move|p2a: 🐉|Extreme Speed|p1a: Marshadow
|-immune|p1a: Marshadow
|
|-weather|DeltaStream|[upkeep]
|upkeep
|turn|3
|
|t:|1665726378
|-weather|none
|switch|p2a: 💥|Groudon|100/100
|detailschange|p2a: 💥|Groudon-Primal
|-primal|p2a: 💥
|-weather|DesolateLand|[from] ability: Desolate Land|[of] p2a: 💥
|move|p1a: Marshadow|Spectral Thief|p2a: 💥
|-damage|p2a: 💥|69/100
|
|-weather|DesolateLand|[upkeep]
|upkeep
|turn|4
|
|t:|1665726387
|switch|p1a: Rayquaza|Rayquaza-Mega, shiny|10/100
|-weather|DeltaStream|[from] ability: Delta Stream|[of] p1a: Rayquaza
|move|p2a: 💥|Fire Punch|p1a: Rayquaza
|-resisted|p1a: Rayquaza
|-damage|p1a: Rayquaza|0 fnt
|faint|p1a: Rayquaza
|-weather|none
|
|upkeep
|
|t:|1665726396
|switch|p1a: Necrozma|Necrozma-Dusk-Mane|100/100
|turn|5
|
|t:|1665726402
|detailschange|p1a: Necrozma|Necrozma-Ultra
|-burst|p1a: Necrozma|Necrozma|Ultranecrozium Z
|move|p1a: Necrozma|Dragon Dance|p1a: Necrozma
|-boost|p1a: Necrozma|atk|1
|-boost|p1a: Necrozma|spe|1
|move|p2a: 💥|Stealth Rock|p1a: Necrozma
|-sidestart|p1: kerrozxl-|move: Stealth Rock
|
|upkeep
|turn|6
|
|t:|1665726405
|move|p1a: Necrozma|Earthquake|p2a: 💥
|-supereffective|p2a: 💥
|-damage|p2a: 💥|0 fnt
|faint|p2a: 💥
|
|upkeep
|
|t:|1665726411
|switch|p2a: 🐉|Rayquaza-Mega|1/100
|-weather|DeltaStream|[from] ability: Delta Stream|[of] p2a: 🐉
|turn|7
|
|t:|1665726413
|move|p2a: 🐉|Extreme Speed|p1a: Necrozma
|-damage|p1a: Necrozma|59/100
|move|p1a: Necrozma|Photon Geyser|p2a: 🐉
|-damage|p2a: 🐉|0 fnt
|faint|p2a: 🐉
|-weather|none
|
|upkeep
|
|t:|1665726422
|switch|p2a: 😈|Yveltal|100/100
|-ability|p2a: 😈|Dark Aura
|turn|8
|
|t:|1665726427
|move|p2a: 😈|Sucker Punch|p1a: Necrozma
|-supereffective|p1a: Necrozma
|-damage|p1a: Necrozma|0 fnt
|faint|p1a: Necrozma
|-damage|p2a: 😈|91/100|[from] item: Life Orb
|
|upkeep
|
|t:|1665726430
|switch|p1a: Dynamax Yveltal|Xerneas|100/100
|-damage|p1a: Dynamax Yveltal|88/100|[from] Stealth Rock
|-ability|p1a: Dynamax Yveltal|Fairy Aura
|turn|9
|
|t:|1665726441
|move|p2a: 😈|Knock Off|p1a: Dynamax Yveltal
|-resisted|p1a: Dynamax Yveltal
|-damage|p1a: Dynamax Yveltal|53/100
|-enditem|p1a: Dynamax Yveltal|Power Herb|[from] move: Knock Off|[of] p2a: 😈
|-damage|p2a: 😈|81/100|[from] item: Life Orb
|move|p1a: Dynamax Yveltal|Geomancy||[still]
|-prepare|p1a: Dynamax Yveltal|Geomancy
|
|upkeep
|turn|10
|
|t:|1665726450
|-start|p2a: 😈|Dynamax|
|-heal|p2a: 😈|81/100|[silent]
|move|p2a: 😈|Max Airstream|p1a: Dynamax Yveltal
|-damage|p1a: Dynamax Yveltal|0 fnt
|-boost|p2a: 😈|spe|1
|faint|p1a: Dynamax Yveltal
|-damage|p2a: 😈|76/100|[from] item: Life Orb
|
|upkeep
|
|t:|1665726454
|switch|p1a: Yveltal|Yveltal|100/100
|-ability|p1a: Yveltal|Dark Aura
|turn|11
|
|t:|1665726459
|move|p2a: 😈|Max Airstream|p1a: Yveltal
|-crit|p1a: Yveltal
|-damage|p1a: Yveltal|0 fnt
|-boost|p2a: 😈|spe|1
|faint|p1a: Yveltal
|-damage|p2a: 😈|71/100|[from] item: Life Orb
|
|upkeep
|-message|kerrozxl- forfeited.
|
|win|Vegeta Otsusuki
|raw|kerrozxl-'s rating: 1735 &rarr; <strong>1725</strong><br />(-10 for losing)
|raw|Vegeta Otsusuki's rating: 1937 &rarr; <strong>1947</strong><br />(+10 for winning)
|l|☆kerrozxl-
