|j|☆ClasHer2419
|j|☆FenixFyre04
|t:|1654404067
|gametype|singles
|player|p1|ClasHer2419|bruno|1485
|player|p2|FenixFyre04|benga|1682
|teamsize|p1|6
|teamsize|p2|6
|gen|8
|tier|[Gen 8] National Dex AG
|rated|
|rule|HP Percentage Mod: HP is shown in percentages
|rule|Endless Battle Clause: Forcing endless battles is banned
|clearpoke
|poke|p1|Excadrill, M|
|poke|p1|Tyranitar, M|
|poke|p1|Ditto|
|poke|p1|Blastoise, M|
|poke|p1|Aegislash, M|
|poke|p1|Sirfetch’d, M|
|poke|p2|Tyranitar, M|
|poke|p2|Zacian-*|
|poke|p2|Ho-Oh|
|poke|p2|Necrozma-Dusk-Mane|
|poke|p2|Rayquaza|
|poke|p2|Calyrex-Shadow|
|teampreview
|inactive|Battle timer is ON: inactive players will automatically lose when time's up. (requested by ClasHer2419)
|inactive|FenixFyre04 also wants the timer to be on.
|
|t:|1654404091
|start
|switch|p1a: Excadrill|Excadrill, M|100/100
|switch|p2a: Rayquaza|Rayquaza|100/100
|-ability|p1a: Excadrill|Mold Breaker
|-ability|p2a: Rayquaza|Air Lock
|turn|1
|
|t:|1654404095
|detailschange|p2a: Rayquaza|Rayquaza-Mega
|-mega|p2a: Rayquaza|Rayquaza|
|-weather|DeltaStream|[from] ability: Delta Stream|[of] p2a: Rayquaza
|move|p2a: Rayquaza|Dragon Ascent|p1a: Excadrill
|-resisted|p1a: Excadrill
|-damage|p1a: Excadrill|14/100
|-unboost|p2a: Rayquaza|def|1
|-unboost|p2a: Rayquaza|spd|1
|move|p1a: Excadrill|Stealth Rock|p2a: Rayquaza
|-sidestart|p2: FenixFyre04|move: Stealth Rock
|
|-weather|DeltaStream|[upkeep]
|upkeep
|turn|2
|
|t:|1654404104
|-weather|none
|switch|p2a: Necrozma|Necrozma-Dusk-Mane|100/100
|-damage|p2a: Necrozma|94/100|[from] Stealth Rock
|move|p1a: Excadrill|Iron Head|p2a: Necrozma
|-resisted|p2a: Necrozma
|-damage|p2a: Necrozma|85/100
|-damage|p1a: Excadrill|0 fnt|[from] item: Rocky Helmet|[of] p2a: Necrozma
|faint|p1a: Excadrill
|
|upkeep
|
|t:|1654404113
|switch|p1a: Blastoise|Blastoise, M|100/100
|turn|3
|
|t:|1654404127
|switch|p2a: Calyrex|Calyrex-Shadow|100/100
|-ability|p2a: Calyrex|As One
|-ability|p2a: Calyrex|Unnerve
|-damage|p2a: Calyrex|88/100|[from] Stealth Rock
|move|p1a: Blastoise|Shell Smash|p1a: Blastoise
|-unboost|p1a: Blastoise|def|1
|-unboost|p1a: Blastoise|spd|1
|-boost|p1a: Blastoise|atk|2
|-boost|p1a: Blastoise|spa|2
|-boost|p1a: Blastoise|spe|2
|-enditem|p1a: Blastoise|White Herb
|-clearnegativeboost|p1a: Blastoise|[silent]
|
|upkeep
|turn|4
|
|t:|1654404136
|-start|p1a: Blastoise|Dynamax|Gmax
|-heal|p1a: Blastoise|100/100|[silent]
|move|p2a: Calyrex|Astral Barrage|p1a: Blastoise
|-damage|p1a: Blastoise|57/100
|move|p1a: Blastoise|Max Darkness|p2a: Calyrex
|-supereffective|p2a: Calyrex
|-damage|p2a: Calyrex|0 fnt
|faint|p2a: Calyrex
|
|upkeep
|inactive|FenixFyre04 has 120 seconds left.
|
|t:|1654404185
|switch|p2a: Necrozma|Necrozma-Dusk-Mane|85/100
|-damage|p2a: Necrozma|79/100|[from] Stealth Rock
|turn|5
|
|t:|1654404193
|move|p1a: Blastoise|Max Darkness|p2a: Necrozma
|-supereffective|p2a: Necrozma
|-damage|p2a: Necrozma|0 fnt
|faint|p2a: Necrozma
|
|upkeep
|
|t:|1654404211
|switch|p2a: Tyranitar|Tyranitar, M, shiny|100/100
|-damage|p2a: Tyranitar|88/100|[from] Stealth Rock
|-weather|Sandstorm|[from] ability: Sand Stream|[of] p2a: Tyranitar
|turn|6
|
|t:|1654404215
|-start|p2a: Tyranitar|Dynamax|
|-heal|p2a: Tyranitar|88/100|[silent]
|move|p2a: Tyranitar|Max Guard|p2a: Tyranitar
|-singleturn|p2a: Tyranitar|Max Guard
|move|p1a: Blastoise|G-Max Cannonade|p2a: Tyranitar
|-activate|p2a: Tyranitar|move: Max Guard
|
|-weather|Sandstorm|[upkeep]
|-damage|p1a: Blastoise|54/100|[from] Sandstorm
|-heal|p2a: Tyranitar|91/100|[from] item: Leftovers
|upkeep
|-end|p1a: Blastoise|Dynamax
|-heal|p1a: Blastoise|54/100|[silent]
|turn|7
|
|t:|1654404223
|move|p1a: Blastoise|Surf|p2a: Tyranitar
|-supereffective|p2a: Tyranitar
|-damage|p2a: Tyranitar|59/100
|move|p2a: Tyranitar|Max Rockfall|p1a: Blastoise
|-damage|p1a: Blastoise|0 fnt
|faint|p1a: Blastoise
|
|-weather|Sandstorm|[upkeep]
|-heal|p2a: Tyranitar|62/100|[from] item: Leftovers
|upkeep
|
|t:|1654404229
|switch|p1a: Sirfetch’d|Sirfetch’d, M|100/100
|turn|8
|
|t:|1654404233
|-end|p2a: Tyranitar|Dynamax
|-heal|p2a: Tyranitar|62/100|[silent]
|switch|p2a: Ho-Oh|Ho-Oh, shiny|100/100
|move|p1a: Sirfetch’d|Close Combat|p2a: Ho-Oh
|-resisted|p2a: Ho-Oh
|-crit|p2a: Ho-Oh
|-damage|p2a: Ho-Oh|68/100
|-unboost|p1a: Sirfetch’d|def|1
|-unboost|p1a: Sirfetch’d|spd|1
|
|-weather|Sandstorm|[upkeep]
|-damage|p2a: Ho-Oh|62/100|[from] Sandstorm
|-damage|p1a: Sirfetch’d|94/100|[from] Sandstorm
|upkeep
|turn|9
|
|t:|1654404240
|move|p2a: Ho-Oh|Sacred Fire|p1a: Sirfetch’d
|-damage|p1a: Sirfetch’d|23/100
|move|p1a: Sirfetch’d|Night Slash|p2a: Ho-Oh
|-crit|p2a: Ho-Oh
|-damage|p2a: Ho-Oh|34/100
|
|-weather|Sandstorm|[upkeep]
|-damage|p2a: Ho-Oh|28/100|[from] Sandstorm
|-damage|p1a: Sirfetch’d|17/100|[from] Sandstorm
|upkeep
|turn|10
|
|t:|1654404249
|switch|p2a: Zacian|Zacian-Crowned|100/100
|-damage|p2a: Zacian|94/100|[from] Stealth Rock
|-ability|p2a: Zacian|Intrepid Sword|boost
|-boost|p2a: Zacian|atk|1
|move|p1a: Sirfetch’d|Quick Attack|p2a: Zacian
|-resisted|p2a: Zacian
|-crit|p2a: Zacian
|-damage|p2a: Zacian|83/100
|
|-weather|none
|upkeep
|turn|11
|
|t:|1654404260
|move|p2a: Zacian|Behemoth Blade|p1a: Sirfetch’d
|-damage|p1a: Sirfetch’d|0 fnt
|faint|p1a: Sirfetch’d
|
|upkeep
|
|t:|1654404265
|switch|p1a: Ditto|Ditto|100/100
|-transform|p1a: Ditto|p2a: Zacian|[from] ability: Imposter
|-ability|p1a: Ditto|Intrepid Sword|boost
|-boost|p1a: Ditto|atk|1
|turn|12
|
|t:|1654404275
|switch|p2a: Tyranitar|Tyranitar, M, shiny|62/100
|-damage|p2a: Tyranitar|49/100|[from] Stealth Rock
|-weather|Sandstorm|[from] ability: Sand Stream|[of] p2a: Tyranitar
|move|p1a: Ditto|Behemoth Blade|p2a: Tyranitar
|-supereffective|p2a: Tyranitar
|-damage|p2a: Tyranitar|0 fnt
|faint|p2a: Tyranitar
|
|-weather|Sandstorm|[upkeep]
|upkeep
|
|t:|1654404277
|switch|p2a: Ho-Oh|Ho-Oh, shiny|61/100
|turn|13
|
|t:|1654404284
|move|p1a: Ditto|Behemoth Blade|p2a: Ho-Oh
|-resisted|p2a: Ho-Oh
|-damage|p2a: Ho-Oh|20/100
|move|p2a: Ho-Oh|Sacred Fire|p1a: Ditto
|-supereffective|p1a: Ditto
|-damage|p1a: Ditto|20/100
|
|-weather|Sandstorm|[upkeep]
|-damage|p2a: Ho-Oh|14/100|[from] Sandstorm
|upkeep
|turn|14
|
|t:|1654404294
|move|p1a: Ditto|Behemoth Blade|p2a: Ho-Oh
|-resisted|p2a: Ho-Oh
|-damage|p2a: Ho-Oh|0 fnt
|faint|p2a: Ho-Oh
|
|-weather|Sandstorm|[upkeep]
|upkeep
|
|t:|1654404296
|switch|p2a: Rayquaza|Rayquaza-Mega|100/100
|-damage|p2a: Rayquaza|76/100|[from] Stealth Rock
|-weather|DeltaStream|[from] ability: Delta Stream|[of] p2a: Rayquaza
|turn|15
|
|t:|1654404300
|move|p2a: Rayquaza|Extreme Speed|p1a: Ditto
|-resisted|p1a: Ditto
|-damage|p1a: Ditto|0 fnt
|faint|p1a: Ditto
|
|-weather|DeltaStream|[upkeep]
|upkeep
|
|t:|1654404306
|switch|p1a: Tyranitar|Tyranitar, M|100/100
|-ability|p1a: Tyranitar|Sand Stream|[from] deltastream|[fail]
|turn|16
|
|t:|1654404311
|-weather|none
|switch|p2a: Zacian|Zacian-Crowned|83/100
|-damage|p2a: Zacian|77/100|[from] Stealth Rock
|-ability|p2a: Zacian|Intrepid Sword|boost
|-boost|p2a: Zacian|atk|1
|move|p1a: Tyranitar|Thunder Wave|p2a: Zacian
|-status|p2a: Zacian|par
|
|upkeep
|turn|17
|
|t:|1654404324
|cant|p2a: Zacian|par
|move|p1a: Tyranitar|Crunch|p2a: Zacian
|-resisted|p2a: Zacian
|-damage|p2a: Zacian|60/100 par
|
|upkeep
|turn|18
|
|t:|1654404330
|switch|p1a: Aegislash|Aegislash, M|100/100
|move|p2a: Zacian|Behemoth Blade|p1a: Aegislash
|-resisted|p1a: Aegislash
|-damage|p1a: Aegislash|58/100
|
|upkeep
|turn|19
|
|t:|1654404339
|move|p2a: Zacian|Behemoth Blade|p1a: Aegislash
|-resisted|p1a: Aegislash
|-damage|p1a: Aegislash|18/100
|move|p1a: Aegislash|Swords Dance|p1a: Aegislash
|-boost|p1a: Aegislash|atk|2
|
|upkeep
|turn|20
|
|t:|1654404351
|-formechange|p1a: Aegislash|Aegislash-Blade||[from] ability: Stance Change
|move|p1a: Aegislash|Shadow Sneak|p2a: Zacian
|-damage|p2a: Zacian|8/100 par
|cant|p2a: Zacian|par
|
|upkeep
|turn|21
|
|t:|1654404357
|move|p1a: Aegislash|Shadow Sneak|p2a: Zacian
|-damage|p2a: Zacian|0 fnt
|faint|p2a: Zacian
|
|upkeep
|
|t:|1654404359
|switch|p2a: Rayquaza|Rayquaza-Mega|76/100
|-damage|p2a: Rayquaza|51/100|[from] Stealth Rock
|-weather|DeltaStream|[from] ability: Delta Stream|[of] p2a: Rayquaza
|turn|22
|
|t:|1654404364
|-formechange|p1a: Aegislash|Aegislash||[from] ability: Stance Change
|move|p1a: Aegislash|King's Shield|p1a: Aegislash
|-singleturn|p1a: Aegislash|Protect
|move|p2a: Rayquaza|Dragon Ascent|p1a: Aegislash
|-activate|p1a: Aegislash|move: Protect
|-unboost|p2a: Rayquaza|atk|1
|
|-weather|DeltaStream|[upkeep]
|upkeep
|turn|23
|
|t:|1654404371
|-formechange|p1a: Aegislash|Aegislash-Blade||[from] ability: Stance Change
|move|p1a: Aegislash|Shadow Sneak|p2a: Rayquaza
|-damage|p2a: Rayquaza|0 fnt
|faint|p2a: Rayquaza
|-weather|none
|
|win|ClasHer2419
|raw|ClasHer2419's rating: 1485 &rarr; <strong>1515</strong><br />(+30 for winning)
|raw|FenixFyre04's rating: 1682 &rarr; <strong>1652</strong><br />(-30 for losing)
|l|☆FenixFyre04
