|j|☆Jackmatica
|j|☆yarik667
|t:|1649438148
|gametype|singles
|player|p1|Jackmatica|cynthia-gen4|1447
|player|p2|yarik667|rosa|1482
|teamsize|p1|6
|teamsize|p2|6
|gen|8
|tier|[Gen 8] National Dex AG
|rated|
|rule|HP Percentage Mod: HP is shown in percentages
|rule|Endless Battle Clause: Forcing endless battles is banned
|clearpoke
|poke|p1|Ditto|
|poke|p1|Ditto|
|poke|p1|Ditto|
|poke|p1|Ditto|
|poke|p1|Ditto|
|poke|p1|Ditto|
|poke|p2|Kartana|
|poke|p2|Zacian-*|
|poke|p2|Calyrex-Shadow|
|poke|p2|Arceus-*|
|poke|p2|Cinderace, F|
|poke|p2|Shuckle, F|
|teampreview
|inactive|Battle timer is ON: inactive players will automatically lose when time's up. (requested by Jackmatica)
|
|t:|1649438153
|start
|switch|p1a: Ditto|Ditto|100/100
|switch|p2a: Shuckle|Shuckle, F|100/100
|-transform|p1a: Ditto|p2a: Shuckle|[from] ability: Imposter
|turn|1
|
|t:|1649438162
|move|p1a: Ditto|Sticky Web|p2a: Shuckle
|-sidestart|p2: yarik667|move: Sticky Web
|move|p2a: Shuckle|Sticky Web|p1a: Ditto
|-sidestart|p1: Jackmatica|move: Sticky Web
|
|upkeep
|turn|2
|
|t:|1649438165
|move|p1a: Ditto|Stealth Rock|p2a: Shuckle
|-sidestart|p2: yarik667|move: Stealth Rock
|move|p2a: Shuckle|Stealth Rock|p1a: Ditto
|-sidestart|p1: Jackmatica|move: Stealth Rock
|
|upkeep
|turn|3
|
|t:|1649438171
|move|p1a: Ditto|Toxic|p2a: Shuckle
|-status|p2a: Shuckle|tox
|move|p2a: Shuckle|Toxic|p1a: Ditto
|-status|p1a: Ditto|tox
|
|-damage|p2a: Shuckle|94/100 tox|[from] psn
|-damage|p1a: Ditto|94/100 tox|[from] psn
|upkeep
|turn|4
|
|t:|1649438178
|move|p1a: Ditto|Infestation|p2a: Shuckle
|-damage|p2a: Shuckle|93/100 tox
|-activate|p2a: Shuckle|move: Infestation|[of] p1a: Ditto
|-enditem|p2a: Shuckle|Red Card|[of] p1a: Ditto
|drag|p1a: Ditto|Ditto|100/100
|-damage|p1a: Ditto|88/100|[from] Stealth Rock
|-activate|p1a: Ditto|move: Sticky Web
|-unboost|p1a: Ditto|spe|1
|-transform|p1a: Ditto|p2a: Shuckle|[from] ability: Imposter
|move|p2a: Shuckle|Infestation|p1a: Ditto
|-damage|p1a: Ditto|87/100
|-activate|p1a: Ditto|move: Infestation|[of] p2a: Shuckle
|
|-damage|p2a: Shuckle|81/100 tox|[from] psn
|-damage|p1a: Ditto|75/100|[from] move: Infestation|[partiallytrapped]
|-end|p2a: Shuckle|Infestation|[partiallytrapped]|[silent]
|upkeep
|turn|5
|
|t:|1649438196
|switch|p2a: Zacian|Zacian-Crowned|100/100
|-damage|p2a: Zacian|94/100|[from] Stealth Rock
|-activate|p2a: Zacian|move: Sticky Web
|-unboost|p2a: Zacian|spe|1
|-ability|p2a: Zacian|Intrepid Sword|boost
|-boost|p2a: Zacian|atk|1
|move|p1a: Ditto|Infestation|p2a: Zacian
|-resisted|p2a: Zacian
|-damage|p2a: Zacian|94/100
|-activate|p2a: Zacian|move: Infestation|[of] p1a: Ditto
|
|-damage|p2a: Zacian|82/100|[from] move: Infestation|[partiallytrapped]
|-end|p1a: Ditto|Infestation|[partiallytrapped]|[silent]
|upkeep
|turn|6
|
|t:|1649438207
|move|p2a: Zacian|Behemoth Blade|p1a: Ditto
|-supereffective|p1a: Ditto
|-damage|p1a: Ditto|0 fnt
|faint|p1a: Ditto
|
|-end|p2a: Zacian|Infestation|[partiallytrapped]|[silent]
|upkeep
|
|t:|1649438214
|switch|p1a: Ditto|Ditto|100/100
|-activate|p1a: Ditto|move: Sticky Web
|-unboost|p1a: Ditto|spe|1
|-damage|p1a: Ditto|88/100|[from] Stealth Rock
|-transform|p1a: Ditto|p2a: Zacian|[from] ability: Imposter
|-ability|p1a: Ditto|Intrepid Sword|boost
|-boost|p1a: Ditto|atk|1
|turn|7
|
|t:|1649438228
|switch|p2a: Shuckle|Shuckle, F|81/100 tox
|-damage|p2a: Shuckle|56/100 tox|[from] Stealth Rock
|-activate|p2a: Shuckle|move: Sticky Web
|-unboost|p2a: Shuckle|spe|1
|move|p1a: Ditto|Behemoth Blade|p2a: Shuckle
|-supereffective|p2a: Shuckle
|-damage|p2a: Shuckle|0 fnt
|faint|p2a: Shuckle
|
|upkeep
|
|t:|1649438236
|switch|p2a: Arceus|Arceus-Ground|100/100
|-damage|p2a: Arceus|94/100|[from] Stealth Rock
|-activate|p2a: Arceus|move: Sticky Web
|-unboost|p2a: Arceus|spe|1
|turn|8
|
|t:|1649438248
|move|p1a: Ditto|Behemoth Blade|p2a: Arceus
|-damage|p2a: Arceus|0 fnt
|faint|p2a: Arceus
|
|upkeep
|
|t:|1649438251
|switch|p2a: Cinderace|Cinderace, F|100/100
|-activate|p2a: Cinderace|move: Sticky Web
|-unboost|p2a: Cinderace|spe|1
|-damage|p2a: Cinderace|76/100|[from] Stealth Rock
|turn|9
|
|t:|1649438256
|move|p2a: Cinderace|Sucker Punch|p1a: Ditto
|-start|p2a: Cinderace|typechange|Dark|[from] ability: Libero
|-resisted|p1a: Ditto
|-damage|p1a: Ditto|72/100
|move|p1a: Ditto|Behemoth Blade|p2a: Cinderace
|-damage|p2a: Cinderace|0 fnt
|faint|p2a: Cinderace
|
|upkeep
|
|t:|1649438261
|switch|p2a: Calyrex|Calyrex-Shadow|100/100
|-ability|p2a: Calyrex|As One
|-ability|p2a: Calyrex|Unnerve
|-activate|p2a: Calyrex|move: Sticky Web
|-unboost|p2a: Calyrex|spe|1
|-damage|p2a: Calyrex|88/100|[from] Stealth Rock
|turn|10
|
|t:|1649438271
|move|p1a: Ditto|Behemoth Blade|p2a: Calyrex
|-damage|p2a: Calyrex|0 fnt
|faint|p2a: Calyrex
|
|upkeep
|
|t:|1649438273
|switch|p2a: Zacian|Zacian-Crowned|82/100
|-damage|p2a: Zacian|76/100|[from] Stealth Rock
|-activate|p2a: Zacian|move: Sticky Web
|-unboost|p2a: Zacian|spe|1
|-ability|p2a: Zacian|Intrepid Sword|boost
|-boost|p2a: Zacian|atk|1
|turn|11
|
|t:|1649438283
|move|p1a: Ditto|Behemoth Blade|p2a: Zacian
|-damage|p2a: Zacian|0 fnt
|faint|p2a: Zacian
|
|upkeep
|
|t:|1649438285
|switch|p2a: Kartana|Kartana|100/100
|-activate|p2a: Kartana|move: Sticky Web
|-unboost|p2a: Kartana|spe|1
|-damage|p2a: Kartana|94/100|[from] Stealth Rock
|turn|12
|-message|yarik667 forfeited.
|
|win|Jackmatica
|raw|Jackmatica's rating: 1447 &rarr; <strong>1469</strong><br />(+22 for winning)
|raw|yarik667's rating: 1482 &rarr; <strong>1460</strong><br />(-22 for losing)
|l|☆yarik667
||Ladder isn't responding, score probably updated but might not have (Request timeout).
