|j|☆AGCL3 Swastik
|j|☆rajof
|t:|1610962079
|player|p1|AGCL3 Swastik|riley|1848
|player|p2|rajof|265|1872
|teamsize|p1|6
|teamsize|p2|6
|gametype|singles
|gen|8
|tier|[Gen 8] National Dex AG
|rated|
|clearpoke
|poke|p1|Tyranitar, F|
|poke|p1|Necrozma-Dusk-Mane|
|poke|p1|Xerneas|
|poke|p1|Calyrex-Shadow|
|poke|p1|Rayquaza|
|poke|p1|Arceus-*|
|poke|p2|Arceus-*|
|poke|p2|Ditto|
|poke|p2|Groudon|
|poke|p2|Sableye, M|
|poke|p2|Chansey, F|
|poke|p2|Lugia|
|rule|HP Percentage Mod: HP is shown in percentages
|rule|Endless Battle Clause: Forcing endless battles is banned
|teampreview
|c|☆AGCL3 Swastik|glhf
|
|t:|1610962098
|start
|switch|p1a: Calyrex|Calyrex-Shadow|100/100
|switch|p2a: 깜까미|Sableye, M|100/100
|-ability|p1a: Calyrex|As One
|-ability|p1a: Calyrex|Unnerve|p2: rajof
|turn|1
|
|t:|1610962105
|detailschange|p2a: 깜까미|Sableye-Mega, M
|-mega|p2a: 깜까미|Sableye|Sablenite
|move|p1a: Calyrex|Nasty Plot|p1a: Calyrex
|-boost|p1a: Calyrex|spa|2
|move|p2a: 깜까미|Snarl|p1a: Calyrex
|-supereffective|p1a: Calyrex
|-damage|p1a: Calyrex|29/100
|-unboost|p1a: Calyrex|spa|1
|
|upkeep
|turn|2
|
|t:|1610962114
|switch|p2a: 럭키|Chansey, F|100/100
|move|p1a: Calyrex|Astral Barrage|p2a: 럭키
|-immune|p2a: 럭키
|
|upkeep
|turn|3
|
|t:|1610962119
|move|p1a: Calyrex|Substitute|p1a: Calyrex
|-start|p1a: Calyrex|Substitute
|-damage|p1a: Calyrex|4/100
|move|p2a: 럭키|Toxic||[still]
|-fail|p2a: 럭키
|
|upkeep
|turn|4
|
|t:|1610962127
|move|p1a: Calyrex|Nasty Plot|p1a: Calyrex
|-boost|p1a: Calyrex|spa|2
|move|p2a: 럭키|Seismic Toss|p1a: Calyrex
|-immune|p1a: Calyrex
|
|upkeep
|turn|5
|
|t:|1610962133
|move|p1a: Calyrex|Psyshock|p2a: 럭키
|-damage|p2a: 럭키|21/100
|move|p2a: 럭키|Wish|p2a: 럭키
|
|upkeep
|turn|6
|
|t:|1610962144
|move|p2a: 럭키|Protect|p2a: 럭키
|-singleturn|p2a: 럭키|Protect
|move|p1a: Calyrex|Psyshock|p2a: 럭키
|-activate|p2a: 럭키|move: Protect
|
|-heal|p2a: 럭키|71/100|[from] move: Wish|[wisher] 럭키
|upkeep
|turn|7
|
|t:|1610962152
|move|p1a: Calyrex|Nasty Plot|p1a: Calyrex
|-boost|p1a: Calyrex|spa|2
|move|p2a: 럭키|Wish|p2a: 럭키
|
|upkeep
|turn|8
|inactive|Battle timer is ON: inactive players will automatically lose when time's up. (requested by AGCL3 Swastik)
|
|t:|1610962169
|switch|p2a: 아르세우스|Arceus-Fairy|100/100
|move|p1a: Calyrex|Nasty Plot|p1a: Calyrex
|-boost|p1a: Calyrex|spa|1
|
|upkeep
|turn|9
|
|t:|1610962174
|-start|p2a: 아르세우스|Dynamax
|-heal|p2a: 아르세우스|100/100|[silent]
|move|p1a: Calyrex|Astral Barrage|p2a: 아르세우스
|-damage|p2a: 아르세우스|0 fnt
|faint|p2a: 아르세우스
|
|upkeep
|-message|rajof forfeited.
|
|win|AGCL3 Swastik
|l|☆rajof
|raw|AGCL3 Swastik's rating: 1846 &rarr; <strong>1868</strong><br />(+22 for winning)
|raw|rajof's rating: 1872 &rarr; <strong>1851</strong><br />(-21 for losing)
