|j|☆TwTv Bepersch
|j|☆DarkboiJ
|t:|1668321132
|gametype|singles
|player|p1|TwTv Bepersch|marnie|1735
|player|p2|DarkboiJ|blue-gen3two|1932
|teamsize|p1|6
|teamsize|p2|6
|gen|8
|tier|[Gen 8] National Dex AG
|rated|
|rule|HP Percentage Mod: HP is shown in percentages
|rule|Endless Battle Clause: Forcing endless battles is banned
|clearpoke
|poke|p1|Yveltal|
|poke|p1|Deoxys-Speed|
|poke|p1|Zacian-*|
|poke|p1|Arceus-*|
|poke|p1|Ditto|
|poke|p1|Calyrex-Shadow|
|poke|p2|Darkrai|
|poke|p2|Arceus-*|
|poke|p2|Kyogre|
|poke|p2|Ditto|
|poke|p2|Zapdos|
|poke|p2|Arceus-*|
|teampreview
|inactive|Battle timer is ON: inactive players will automatically lose when time's up. (requested by DarkboiJ)
|
|t:|1668321143
|start
|switch|p1a: Deoxys|Deoxys-Speed|100/100
|switch|p2a: Arceus|Arceus|100/100
|-ability|p1a: Deoxys|Pressure
|turn|1
|
|t:|1668321147
|move|p1a: Deoxys|Stealth Rock|p2a: Arceus
|-sidestart|p2: DarkboiJ|move: Stealth Rock
|move|p2a: Arceus|Shadow Claw|p1a: Deoxys
|-supereffective|p1a: Deoxys
|-damage|p1a: Deoxys|33/100
|
|upkeep
|turn|2
|
|t:|1668321149
|move|p2a: Arceus|Extreme Speed|p1a: Deoxys
|-damage|p1a: Deoxys|0 fnt
|faint|p1a: Deoxys
|
|upkeep
|
|t:|1668321158
|switch|p1a: Zacian|Zacian-Crowned|100/100
|-ability|p1a: Zacian|Intrepid Sword|boost
|-boost|p1a: Zacian|atk|1
|turn|3
|
|t:|1668321160
|switch|p2a: Zapdos|Zapdos|100/100
|move|p1a: Zacian|Close Combat|p2a: Zapdos
|-resisted|p2a: Zapdos
|-damage|p2a: Zapdos|73/100
|-unboost|p1a: Zacian|def|1
|-unboost|p1a: Zacian|spd|1
|
|upkeep
|turn|4
|
|t:|1668321166
|switch|p1a: Arceus|Arceus|100/100
|move|p2a: Zapdos|Volt Switch|p1a: Arceus
|-damage|p1a: Arceus|80/100
|
|t:|1668321172
|switch|p2a: Kyogre|Kyogre|100/100|[from]move: Volt Switch
|-damage|p2a: Kyogre|88/100|[from] Stealth Rock
|detailschange|p2a: Kyogre|Kyogre-Primal
|-primal|p2a: Kyogre
|-weather|PrimordialSea|[from] ability: Primordial Sea|[of] p2a: Kyogre
|
|-weather|PrimordialSea|[upkeep]
|upkeep
|turn|5
|
|t:|1668321176
|move|p1a: Arceus|Extreme Speed|p2a: Kyogre
|-damage|p2a: Kyogre|21/100
|move|p2a: Kyogre|Water Spout|p1a: Arceus
|-damage|p1a: Arceus|59/100
|
|-weather|PrimordialSea|[upkeep]
|upkeep
|turn|6
|
|t:|1668321183
|move|p2a: Kyogre|Liquidation|p1a: Arceus
|-damage|p1a: Arceus|17/100
|move|p1a: Arceus|Recover|p1a: Arceus
|-heal|p1a: Arceus|67/100
|
|-weather|PrimordialSea|[upkeep]
|upkeep
|turn|7
|
|t:|1668321186
|move|p1a: Arceus|Extreme Speed|p2a: Kyogre
|-damage|p2a: Kyogre|0 fnt
|faint|p2a: Kyogre
|-weather|none
|
|upkeep
|
|t:|1668321197
|switch|p2a: Arceus|Arceus-Fairy|100/100
|-damage|p2a: Arceus|88/100|[from] Stealth Rock
|turn|8
|
|t:|1668321202
|move|p1a: Arceus|Extreme Speed|p2a: Arceus
|-damage|p2a: Arceus|56/100
|move|p2a: Arceus|Stealth Rock|p1a: Arceus
|-sidestart|p1: TwTv Bepersch|move: Stealth Rock
|
|upkeep
|turn|9
|
|t:|1668321206
|move|p2a: Arceus|Toxic|p1a: Arceus|[miss]
|-miss|p2a: Arceus|p1a: Arceus
|move|p1a: Arceus|Swords Dance|p1a: Arceus
|-boost|p1a: Arceus|atk|2
|
|upkeep
|turn|10
|
|t:|1668321212
|move|p1a: Arceus|Extreme Speed|p2a: Arceus
|-damage|p2a: Arceus|0 fnt
|faint|p2a: Arceus
|
|upkeep
|
|t:|1668321217
|switch|p2a: Zapdos|Zapdos|73/100
|turn|11
|
|t:|1668321219
|move|p1a: Arceus|Extreme Speed|p2a: Zapdos
|-damage|p2a: Zapdos|4/100
|-status|p1a: Arceus|par|[from] ability: Static|[of] p2a: Zapdos
|move|p2a: Zapdos|Volt Switch|p1a: Arceus
|-damage|p1a: Arceus|46/100 par
|
|t:|1668321223
|switch|p2a: Ditto|Ditto, shiny|100/100|[from]move: Volt Switch
|-damage|p2a: Ditto|88/100|[from] Stealth Rock
|-transform|p2a: Ditto|p1a: Arceus|[from] ability: Imposter
|
|upkeep
|turn|12
|
|t:|1668321231
|move|p2a: Ditto|Extreme Speed|p1a: Arceus
|-damage|p1a: Arceus|0 fnt
|faint|p1a: Arceus
|
|upkeep
|
|t:|1668321242
|switch|p1a: Zacian|Zacian-Crowned|100/100
|-damage|p1a: Zacian|94/100|[from] Stealth Rock
|-ability|p1a: Zacian|Intrepid Sword|boost
|-boost|p1a: Zacian|atk|1
|turn|13
|
|t:|1668321246
|switch|p2a: Zapdos|Zapdos|4/100
|move|p1a: Zacian|Behemoth Blade|p2a: Zapdos
|-resisted|p2a: Zapdos
|-damage|p2a: Zapdos|0 fnt
|faint|p2a: Zapdos
|
|upkeep
|
|t:|1668321248
|switch|p2a: Ditto|Ditto, shiny|88/100
|-damage|p2a: Ditto|76/100|[from] Stealth Rock
|-transform|p2a: Ditto|p1a: Zacian|[from] ability: Imposter
|-ability|p2a: Ditto|Intrepid Sword|boost
|-boost|p2a: Ditto|atk|1
|turn|14
|
|t:|1668321250
|move|p2a: Ditto|Behemoth Blade|p1a: Zacian
|-damage|p1a: Zacian|0 fnt
|faint|p1a: Zacian
|
|upkeep
|
|t:|1668321252
|switch|p1a: Calyrex|Calyrex-Shadow|100/100
|-ability|p1a: Calyrex|As One
|-ability|p1a: Calyrex|Unnerve
|-damage|p1a: Calyrex|88/100|[from] Stealth Rock
|turn|15
|
|t:|1668321255
|switch|p2a: Arceus|Arceus|100/100
|-damage|p2a: Arceus|88/100|[from] Stealth Rock
|move|p1a: Calyrex|Astral Barrage|p2a: Arceus
|-immune|p2a: Arceus
|
|upkeep
|turn|16
|
|t:|1668321260
|-start|p1a: Calyrex|Dynamax|
|-heal|p1a: Calyrex|88/100|[silent]
|move|p1a: Calyrex|Max Mindstorm|p2a: Arceus
|-damage|p2a: Arceus|35/100
|-fieldstart|move: Psychic Terrain
|move|p2a: Arceus|Shadow Claw|p1a: Calyrex
|-supereffective|p1a: Calyrex
|-damage|p1a: Calyrex|25/100
|
|upkeep
|turn|17
|
|t:|1668321274
|move|p1a: Calyrex|Max Overgrowth|p2a: Arceus
|-damage|p2a: Arceus|0 fnt
|-fieldstart|move: Grassy Terrain
|faint|p2a: Arceus
|-ability|p1a: Calyrex|Grim Neigh|boost
|-boost|p1a: Calyrex|spa|1
|
|-heal|p1a: Calyrex|29/100|[from] Grassy Terrain
|upkeep
|
|t:|1668321278
|switch|p2a: Ditto|Ditto, shiny|76/100
|-damage|p2a: Ditto|63/100|[from] Stealth Rock
|-transform|p2a: Ditto|p1a: Calyrex|[from] ability: Imposter
|turn|18
|
|t:|1668321280
|-end|p1a: Calyrex|Dynamax
|-heal|p1a: Calyrex|29/100|[silent]
|switch|p1a: Ditto|Ditto|100/100
|-damage|p1a: Ditto|88/100|[from] Stealth Rock
|move|p2a: Ditto|Astral Barrage|p1a: Ditto
|-immune|p1a: Ditto
|
|-heal|p2a: Ditto|69/100|[from] Grassy Terrain
|-heal|p1a: Ditto|94/100|[from] Grassy Terrain
|upkeep
|turn|19
|
|t:|1668321284
|move|p2a: Ditto|Astral Barrage|p1a: Ditto
|-immune|p1a: Ditto
|move|p1a: Ditto|Transform||[still]
|-fail|p1a: Ditto
|
|-heal|p2a: Ditto|75/100|[from] Grassy Terrain
|-heal|p1a: Ditto|99/100|[from] Grassy Terrain
|upkeep
|turn|20
|
|t:|1668321287
|move|p2a: Ditto|Astral Barrage|p1a: Ditto
|-immune|p1a: Ditto
|move|p1a: Ditto|Transform||[still]
|-fail|p1a: Ditto
|
|-heal|p2a: Ditto|81/100|[from] Grassy Terrain
|-heal|p1a: Ditto|100/100|[from] Grassy Terrain
|upkeep
|turn|21
|
|t:|1668321301
|move|p2a: Ditto|Astral Barrage|p1a: Ditto
|-immune|p1a: Ditto
|move|p1a: Ditto|Transform||[still]
|-fail|p1a: Ditto
|
|-heal|p2a: Ditto|87/100|[from] Grassy Terrain
|-fieldend|move: Grassy Terrain
|upkeep
|turn|22
|
|t:|1668321304
|-start|p2a: Ditto|Dynamax|
|-heal|p2a: Ditto|87/100|[silent]
|move|p2a: Ditto|Max Starfall|p1a: Ditto
|-crit|p1a: Ditto
|-damage|p1a: Ditto|0 fnt
|-fieldstart|move: Misty Terrain
|faint|p1a: Ditto
|-ability|p2a: Ditto|Grim Neigh|boost
|-boost|p2a: Ditto|spa|1
|
|upkeep
|
|t:|1668321306
|switch|p1a: Calyrex|Calyrex-Shadow|29/100
|-ability|p1a: Calyrex|As One
|-ability|p1a: Calyrex|Unnerve
|-damage|p1a: Calyrex|16/100|[from] Stealth Rock
|turn|23
|
|t:|1668321309
|-end|p2a: Ditto|Dynamax
|-heal|p2a: Ditto|87/100|[silent]
|switch|p2a: Darkrai|Darkrai|100/100
|-damage|p2a: Darkrai|88/100|[from] Stealth Rock
|move|p1a: Calyrex|Astral Barrage|p2a: Darkrai
|-resisted|p2a: Darkrai
|-damage|p2a: Darkrai|32/100
|
|-heal|p2a: Darkrai|38/100|[from] item: Leftovers
|upkeep
|turn|24
|
|t:|1668321323
|move|p1a: Calyrex|Astral Barrage|p2a: Darkrai
|-resisted|p2a: Darkrai
|-damage|p2a: Darkrai|0 fnt
|faint|p2a: Darkrai
|-ability|p1a: Calyrex|Grim Neigh|boost
|-boost|p1a: Calyrex|spa|1
|
|upkeep
|
|t:|1668321325
|switch|p2a: Ditto|Ditto, shiny|87/100
|-damage|p2a: Ditto|75/100|[from] Stealth Rock
|-transform|p2a: Ditto|p1a: Calyrex|[from] ability: Imposter
|turn|25
|
|t:|1668321327
|move|p1a: Calyrex|Astral Barrage|p2a: Ditto
|-supereffective|p2a: Ditto
|-crit|p2a: Ditto
|-damage|p2a: Ditto|0 fnt
|faint|p2a: Ditto
|
|win|TwTv Bepersch
|raw|TwTv Bepersch's rating: 1735 &rarr; <strong>1765</strong><br />(+30 for winning)
|raw|DarkboiJ's rating: 1932 &rarr; <strong>1902</strong><br />(-30 for losing)
|l|☆DarkboiJ
