|j|☆lemoncell0
|j|‽Reincarnation of .
|t:|1665900423
|gametype|singles
|player|p1|lemoncell0|allister|1914
|player|p2|Reincarnation of .|blue-gen3two|1993
|teamsize|p1|6
|teamsize|p2|6
|gen|8
|tier|[Gen 8] National Dex AG
|rated|
|rule|HP Percentage Mod: HP is shown in percentages
|rule|Endless Battle Clause: Forcing endless battles is banned
|clearpoke
|poke|p1|Ferrothorn, M|
|poke|p1|Tyranitar, M|
|poke|p1|Quagsire, F|
|poke|p1|Zacian-*|
|poke|p1|Ditto|
|poke|p1|Salamence, F|
|poke|p2|Rayquaza|
|poke|p2|Rayquaza|
|poke|p2|Ditto|
|poke|p2|Necrozma-Dusk-Mane|
|poke|p2|Arceus-*|
|poke|p2|Groudon|
|teampreview
|inactive|Battle timer is ON: inactive players will automatically lose when time's up. (requested by Reincarnation of .)
|
|t:|1665900437
|start
|switch|p1a: Ditto|Ditto|100/100
|switch|p2a: Necrozma|Necrozma-Dusk-Mane, shiny|100/100
|-transform|p1a: Ditto|p2a: Necrozma|[from] ability: Imposter
|turn|1
|c|☆lemoncell0|thats a lit ndm set
|
|t:|1665900460
|switch|p1a: Ferrothorn|Ferrothorn, M|100/100
|switch|p2a: Groudon|Groudon|100/100
|detailschange|p2a: Groudon|Groudon-Primal
|-primal|p2a: Groudon
|-weather|DesolateLand|[from] ability: Desolate Land|[of] p2a: Groudon
|
|-weather|DesolateLand|[upkeep]
|upkeep
|turn|2
|
|t:|1665900467
|switch|p1a: Salamence|Salamence, F|100/100
|-ability|p1a: Salamence|Intimidate|boost
|-unboost|p2a: Groudon|atk|1
|move|p2a: Groudon|Stealth Rock|p1a: Salamence
|-sidestart|p1: lemoncell0|move: Stealth Rock
|
|-weather|DesolateLand|[upkeep]
|upkeep
|turn|3
|
|t:|1665900472
|move|p1a: Salamence|Defog|p2a: Groudon
|-unboost|p2a: Groudon|evasion|1
|-sideend|p1: lemoncell0|Stealth Rock|[from] move: Defog|[of] p1a: Salamence
|move|p2a: Groudon|Dragon Tail|p1a: Salamence
|-supereffective|p1a: Salamence
|-damage|p1a: Salamence|71/100
|drag|p1a: Ferrothorn|Ferrothorn, M|100/100
|
|-weather|DesolateLand|[upkeep]
|upkeep
|turn|4
|
|t:|1665900476
|switch|p1a: Salamence|Salamence, F|71/100
|-ability|p1a: Salamence|Intimidate|boost
|-unboost|p2a: Groudon|atk|1
|move|p2a: Groudon|Fire Punch|p1a: Salamence
|-resisted|p1a: Salamence
|-damage|p1a: Salamence|56/100
|
|-weather|DesolateLand|[upkeep]
|upkeep
|turn|5
|
|t:|1665900481
|move|p1a: Salamence|Roost|p1a: Salamence
|-heal|p1a: Salamence|100/100
|-singleturn|p1a: Salamence|move: Roost
|move|p2a: Groudon|Dragon Tail|p1a: Salamence
|-supereffective|p1a: Salamence
|-damage|p1a: Salamence|78/100
|drag|p1a: Quagsire|Quagsire, F|100/100
|
|-weather|DesolateLand|[upkeep]
|upkeep
|turn|6
|
|t:|1665900484
|switch|p1a: Salamence|Salamence, F|78/100
|-ability|p1a: Salamence|Intimidate|boost
|-unboost|p2a: Groudon|atk|1
|move|p2a: Groudon|Stealth Rock|p1a: Salamence
|-sidestart|p1: lemoncell0|move: Stealth Rock
|
|-weather|DesolateLand|[upkeep]
|upkeep
|turn|7
|
|t:|1665900489
|-weather|none
|switch|p2a: Necrozma|Necrozma-Dusk-Mane, shiny|100/100
|move|p1a: Salamence|Defog|p2a: Necrozma
|-unboost|p2a: Necrozma|evasion|1
|-sideend|p1: lemoncell0|Stealth Rock|[from] move: Defog|[of] p1a: Salamence
|
|upkeep
|turn|8
|
|t:|1665900493
|switch|p2a: Groudon|Groudon-Primal|100/100
|-weather|DesolateLand|[from] ability: Desolate Land|[of] p2a: Groudon
|move|p1a: Salamence|Roost|p1a: Salamence
|-heal|p1a: Salamence|100/100
|-singleturn|p1a: Salamence|move: Roost
|
|-weather|DesolateLand|[upkeep]
|upkeep
|turn|9
|
|t:|1665900497
|move|p1a: Salamence|Body Slam|p2a: Groudon
|-damage|p2a: Groudon|89/100
|move|p2a: Groudon|Stealth Rock|p1a: Salamence
|-sidestart|p1: lemoncell0|move: Stealth Rock
|
|-weather|DesolateLand|[upkeep]
|upkeep
|turn|10
|
|t:|1665900499
|move|p1a: Salamence|Defog|p2a: Groudon
|-unboost|p2a: Groudon|evasion|1
|-sideend|p1: lemoncell0|Stealth Rock|[from] move: Defog|[of] p1a: Salamence
|move|p2a: Groudon|Dragon Tail|p1a: Salamence
|-supereffective|p1a: Salamence
|-damage|p1a: Salamence|55/100
|drag|p1a: Tyranitar|Tyranitar, M|100/100
|-ability|p1a: Tyranitar|Sand Stream|[from] desolateland|[fail]
|
|-weather|DesolateLand|[upkeep]
|upkeep
|turn|11
|
|t:|1665900503
|switch|p1a: Salamence|Salamence, F|55/100
|-ability|p1a: Salamence|Intimidate|boost
|-unboost|p2a: Groudon|atk|1
|move|p2a: Groudon|Stealth Rock|p1a: Salamence
|-sidestart|p1: lemoncell0|move: Stealth Rock
|
|-weather|DesolateLand|[upkeep]
|upkeep
|turn|12
|
|t:|1665900506
|move|p1a: Salamence|Roost|p1a: Salamence
|-heal|p1a: Salamence|100/100
|-singleturn|p1a: Salamence|move: Roost
|move|p2a: Groudon|Dragon Tail|p1a: Salamence
|-supereffective|p1a: Salamence
|-damage|p1a: Salamence|73/100
|drag|p1a: Quagsire|Quagsire, F|100/100
|-damage|p1a: Quagsire|94/100|[from] Stealth Rock
|
|-weather|DesolateLand|[upkeep]
|upkeep
|turn|13
|
|t:|1665900509
|-weather|none
|switch|p2a: Necrozma|Necrozma-Dusk-Mane, shiny|100/100
|switch|p1a: Salamence|Salamence, F|73/100
|-damage|p1a: Salamence|48/100|[from] Stealth Rock
|-ability|p1a: Salamence|Intimidate|boost
|-unboost|p2a: Necrozma|atk|1
|
|upkeep
|turn|14
|inactive|Reincarnation of . has 120 seconds left.
|
|t:|1665900540
|switch|p2a: Groudon|Groudon-Primal|89/100
|-weather|DesolateLand|[from] ability: Desolate Land|[of] p2a: Groudon
|move|p1a: Salamence|Defog|p2a: Groudon
|-unboost|p2a: Groudon|evasion|1
|-sideend|p1: lemoncell0|Stealth Rock|[from] move: Defog|[of] p1a: Salamence
|
|-weather|DesolateLand|[upkeep]
|upkeep
|turn|15
|
|t:|1665900544
|detailschange|p1a: Salamence|Salamence-Mega, F
|-mega|p1a: Salamence|Salamence|Salamencite
|move|p1a: Salamence|Roost|p1a: Salamence
|-heal|p1a: Salamence|98/100
|-singleturn|p1a: Salamence|move: Roost
|move|p2a: Groudon|Stealth Rock|p1a: Salamence
|-sidestart|p1: lemoncell0|move: Stealth Rock
|
|-weather|DesolateLand|[upkeep]
|upkeep
|turn|16
|
|t:|1665900547
|move|p1a: Salamence|Body Slam|p2a: Groudon
|-damage|p2a: Groudon|68/100
|-status|p2a: Groudon|par
|move|p2a: Groudon|Dragon Tail|p1a: Salamence
|-supereffective|p1a: Salamence
|-damage|p1a: Salamence|69/100
|drag|p1a: Ferrothorn|Ferrothorn, M|100/100
|-damage|p1a: Ferrothorn|94/100|[from] Stealth Rock
|
|-weather|DesolateLand|[upkeep]
|-heal|p1a: Ferrothorn|100/100|[from] item: Leftovers
|upkeep
|turn|17
|
|t:|1665900551
|switch|p1a: Salamence|Salamence-Mega, F|69/100
|-damage|p1a: Salamence|44/100|[from] Stealth Rock
|move|p2a: Groudon|Fire Punch|p1a: Salamence
|-resisted|p1a: Salamence
|-damage|p1a: Salamence|24/100
|
|-weather|DesolateLand|[upkeep]
|upkeep
|turn|18
|j| Xiuyuan1
|
|t:|1665900554
|move|p1a: Salamence|Roost|p1a: Salamence
|-heal|p1a: Salamence|74/100
|-singleturn|p1a: Salamence|move: Roost
|move|p2a: Groudon|Dragon Tail|p1a: Salamence
|-supereffective|p1a: Salamence
|-damage|p1a: Salamence|43/100
|drag|p1a: Ditto|Ditto|100/100
|-damage|p1a: Ditto|88/100|[from] Stealth Rock
|-transform|p1a: Ditto|p2a: Groudon|[from] ability: Imposter
|
|-weather|DesolateLand|[upkeep]
|upkeep
|turn|19
|
|t:|1665900565
|switch|p1a: Salamence|Salamence-Mega, F|43/100
|-damage|p1a: Salamence|18/100|[from] Stealth Rock
|-weather|none
|switch|p2a: Rayquaza|Rayquaza|100/100
|-ability|p2a: Rayquaza|Air Lock
|
|upkeep
|turn|20
|
|t:|1665900568
|detailschange|p2a: Rayquaza|Rayquaza-Mega
|-mega|p2a: Rayquaza|Rayquaza|
|-weather|DeltaStream|[from] ability: Delta Stream|[of] p2a: Rayquaza
|move|p2a: Rayquaza|Extreme Speed|p1a: Salamence
|-damage|p1a: Salamence|0 fnt
|faint|p1a: Salamence
|-damage|p2a: Rayquaza|91/100|[from] item: Life Orb
|
|-weather|DeltaStream|[upkeep]
|upkeep
|
|t:|1665900571
|switch|p1a: Zacian|Zacian-Crowned|100/100
|-damage|p1a: Zacian|94/100|[from] Stealth Rock
|-ability|p1a: Zacian|Intrepid Sword|boost
|-boost|p1a: Zacian|atk|1
|turn|21
|
|t:|1665900576
|-weather|none
|switch|p2a: Groudon|Groudon-Primal|68/100 par
|-weather|DesolateLand|[from] ability: Desolate Land|[of] p2a: Groudon
|move|p1a: Zacian|Behemoth Blade|p2a: Groudon
|-resisted|p2a: Groudon
|-damage|p2a: Groudon|47/100 par
|
|-weather|DesolateLand|[upkeep]
|upkeep
|turn|22
|
|t:|1665900584
|switch|p1a: Quagsire|Quagsire, F|94/100
|-damage|p1a: Quagsire|88/100|[from] Stealth Rock
|move|p2a: Groudon|Earthquake|p1a: Quagsire
|-crit|p1a: Quagsire
|-damage|p1a: Quagsire|28/100
|
|-weather|DesolateLand|[upkeep]
|upkeep
|turn|23
|
|t:|1665900589
|move|p2a: Groudon|Earthquake|p1a: Quagsire
|-damage|p1a: Quagsire|0 fnt
|faint|p1a: Quagsire
|
|-weather|DesolateLand|[upkeep]
|upkeep
|
|t:|1665900593
|switch|p1a: Ditto|Ditto|88/100
|-damage|p1a: Ditto|76/100|[from] Stealth Rock
|-transform|p1a: Ditto|p2a: Groudon|[from] ability: Imposter
|turn|24
|
|t:|1665900603
|move|p1a: Ditto|Earthquake|p2a: Groudon
|-supereffective|p2a: Groudon
|-damage|p2a: Groudon|0 fnt
|faint|p2a: Groudon
|
|-weather|DesolateLand|[upkeep]
|upkeep
|
|t:|1665900614
|switch|p2a: Rayquaza|Rayquaza|100/100
|-ability|p2a: Rayquaza|Air Lock
|turn|25
|
|t:|1665900629
|-weather|none
|switch|p1a: Tyranitar|Tyranitar, M|100/100
|-damage|p1a: Tyranitar|88/100|[from] Stealth Rock
|-weather|Sandstorm|[from] ability: Sand Stream|[of] p1a: Tyranitar
|-start|p2a: Rayquaza|Dynamax|
|-heal|p2a: Rayquaza|100/100|[silent]
|move|p2a: Rayquaza|Max Knuckle|p1a: Tyranitar
|-supereffective|p1a: Tyranitar
|-damage|p1a: Tyranitar|0 fnt
|-boost|p2a: Rayquaza|atk|1
|faint|p1a: Tyranitar
|-damage|p2a: Rayquaza|96/100|[from] item: Life Orb
|
|-weather|Sandstorm|[upkeep]
|upkeep
|
|t:|1665900631
|switch|p1a: Zacian|Zacian-Crowned|94/100
|-damage|p1a: Zacian|88/100|[from] Stealth Rock
|-ability|p1a: Zacian|Intrepid Sword|boost
|-boost|p1a: Zacian|atk|1
|turn|26
|-message|lemoncell0 forfeited.
|
|win|Reincarnation of .
|raw|lemoncell0's rating: 1914 &rarr; <strong>1898</strong><br />(-16 for losing)
|raw|Reincarnation of .'s rating: 1993 &rarr; <strong>2009</strong><br />(+16 for winning)
|l|☆lemoncell0
