|j|☆agdp
|j|☆Dominator296
|t:|1643710118
|gametype|singles
|player|p1|agdp|hilbert|1653
|player|p2|Dominator296|alder|1845
|teamsize|p1|6
|teamsize|p2|6
|gen|8
|tier|[Gen 8] National Dex AG
|rated|
|rule|HP Percentage Mod: HP is shown in percentages
|rule|Endless Battle Clause: Forcing endless battles is banned
|clearpoke
|poke|p1|Giratina-Origin|
|poke|p1|Ditto|
|poke|p1|Yveltal|
|poke|p1|Arceus-*|
|poke|p1|Groudon|
|poke|p1|Regigigas|
|poke|p2|Kyogre|
|poke|p2|Groudon|
|poke|p2|Ho-Oh|
|poke|p2|Necrozma-Dusk-Mane|
|poke|p2|Arceus-*|
|poke|p2|Arceus-*|
|teampreview
|
|t:|1643710128
|start
|switch|p1a: Regigigas|Regigigas|100/100
|switch|p2a: Necrozma|Necrozma-Dusk-Mane|100/100
|-start|p1a: Regigigas|ability: Slow Start
|turn|1
|
|t:|1643710146
|detailschange|p2a: Necrozma|Necrozma-Ultra
|-burst|p2a: Necrozma|Necrozma|Ultranecrozium Z
|move|p2a: Necrozma|Thunder Wave|p1a: Regigigas
|-status|p1a: Regigigas|par
|move|p1a: Regigigas|Substitute|p1a: Regigigas
|-start|p1a: Regigigas|Substitute
|-damage|p1a: Regigigas|76/100 par
|
|-heal|p1a: Regigigas|82/100 par|[from] item: Leftovers
|upkeep
|turn|2
|
|t:|1643710166
|move|p2a: Necrozma|Photon Geyser|p1a: Regigigas
|-end|p1a: Regigigas|Substitute
|move|p1a: Regigigas|Knock Off|p2a: Necrozma
|-supereffective|p2a: Necrozma
|-damage|p2a: Necrozma|76/100
|
|-heal|p1a: Regigigas|88/100 par|[from] item: Leftovers
|upkeep
|turn|3
|
|t:|1643710182
|-start|p1a: Regigigas|Dynamax
|-heal|p1a: Regigigas|88/100 par|[silent]
|-zpower|p2a: Necrozma
|move|p2a: Necrozma|Light That Burns the Sky|p1a: Regigigas|[zeffect]
|-damage|p1a: Regigigas|38/100 par
|move|p1a: Regigigas|Max Knuckle|p2a: Necrozma
|-resisted|p2a: Necrozma
|-damage|p2a: Necrozma|67/100
|-boost|p1a: Regigigas|atk|1
|
|-heal|p1a: Regigigas|41/100 par|[from] item: Leftovers
|upkeep
|turn|4
|
|t:|1643710201
|move|p1a: Regigigas|Max Guard|p1a: Regigigas
|-singleturn|p1a: Regigigas|Max Guard
|move|p2a: Necrozma|Dragon Dance|p2a: Necrozma
|-boost|p2a: Necrozma|atk|1
|-boost|p2a: Necrozma|spe|1
|
|-heal|p1a: Regigigas|44/100 par|[from] item: Leftovers
|upkeep
|turn|5
|
|t:|1643710209
|move|p2a: Necrozma|Photon Geyser|p1a: Regigigas
|-damage|p1a: Regigigas|4/100 par
|move|p1a: Regigigas|Max Strike|p2a: Necrozma
|-damage|p2a: Necrozma|3/100
|-unboost|p2a: Necrozma|spe|1
|
|-heal|p1a: Regigigas|7/100 par|[from] item: Leftovers
|-end|p1a: Regigigas|Slow Start
|-end|p1a: Regigigas|Dynamax
|-heal|p1a: Regigigas|7/100 par|[silent]
|upkeep
|turn|6
|
|t:|1643710225
|move|p2a: Necrozma|Stealth Rock|p1a: Regigigas
|-sidestart|p1: agdp|move: Stealth Rock
|move|p1a: Regigigas|Drain Punch|p2a: Necrozma
|-resisted|p2a: Necrozma
|-damage|p2a: Necrozma|0 fnt
|-heal|p1a: Regigigas|8/100 par|[from] drain|[of] p2a: Necrozma
|faint|p2a: Necrozma
|
|-heal|p1a: Regigigas|14/100 par|[from] item: Leftovers
|upkeep
|
|t:|1643710232
|switch|p2a: Arceus|Arceus, shiny|100/100
|turn|7
|
|t:|1643710238
|move|p2a: Arceus|Extreme Speed|p1a: Regigigas
|-damage|p1a: Regigigas|0 fnt
|faint|p1a: Regigigas
|-end|p1a: Regigigas|Slow Start|[silent]
|
|upkeep
|
|t:|1643710244
|switch|p1a: Yveltal|Yveltal, shiny|100/100
|-damage|p1a: Yveltal|76/100|[from] Stealth Rock
|-ability|p1a: Yveltal|Dark Aura
|turn|8
|
|t:|1643710252
|switch|p2a: Ho-Oh|Ho-Oh, shiny|100/100
|move|p1a: Yveltal|Foul Play|p2a: Ho-Oh
|-damage|p2a: Ho-Oh|48/100
|
|upkeep
|turn|9
|
|t:|1643710259
|switch|p2a: Arceus|Arceus-Flying|100/100
|move|p1a: Yveltal|Foul Play|p2a: Arceus
|-damage|p2a: Arceus|80/100
|
|upkeep
|turn|10
|
|t:|1643710265
|move|p1a: Yveltal|Taunt|p2a: Arceus
|-start|p2a: Arceus|move: Taunt
|cant|p2a: Arceus|move: Taunt|Calm Mind
|
|upkeep
|turn|11
|
|t:|1643710271
|move|p1a: Yveltal|Oblivion Wing|p2a: Arceus
|-damage|p2a: Arceus|50/100
|-heal|p1a: Yveltal|100/100|[from] drain|[of] p2a: Arceus
|move|p2a: Arceus|Judgment|p1a: Yveltal
|-crit|p1a: Yveltal
|-damage|p1a: Yveltal|37/100
|
|upkeep
|turn|12
|
|t:|1643710296
|switch|p2a: Groudon|Groudon|100/100
|detailschange|p2a: Groudon|Groudon-Primal
|-primal|p2a: Groudon
|-weather|DesolateLand|[from] ability: Desolate Land|[of] p2a: Groudon
|move|p1a: Yveltal|Oblivion Wing|p2a: Groudon
|-damage|p2a: Groudon|62/100
|-heal|p1a: Yveltal|64/100|[from] drain|[of] p2a: Groudon
|
|-weather|DesolateLand|[upkeep]
|upkeep
|turn|13
|
|t:|1643710315
|move|p1a: Yveltal|Oblivion Wing|p2a: Groudon
|-damage|p2a: Groudon|24/100
|-heal|p1a: Yveltal|93/100|[from] drain|[of] p2a: Groudon
|move|p2a: Groudon|Fire Punch|p1a: Yveltal
|-damage|p1a: Yveltal|18/100
|-status|p1a: Yveltal|brn
|-damage|p2a: Groudon|7/100|[from] item: Rocky Helmet|[of] p1a: Yveltal
|
|-weather|DesolateLand|[upkeep]
|-damage|p1a: Yveltal|12/100 brn|[from] brn
|upkeep
|turn|14
|
|t:|1643710327
|-weather|none
|switch|p2a: Ho-Oh|Ho-Oh, shiny|81/100
|move|p1a: Yveltal|Oblivion Wing|p2a: Ho-Oh
|-damage|p2a: Ho-Oh|61/100
|-heal|p1a: Yveltal|28/100 brn|[from] drain|[of] p2a: Ho-Oh
|
|-damage|p1a: Yveltal|22/100 brn|[from] brn
|upkeep
|turn|15
|
|t:|1643710338
|move|p1a: Yveltal|Foul Play|p2a: Ho-Oh
|-damage|p2a: Ho-Oh|35/100
|move|p2a: Ho-Oh|Recover|p2a: Ho-Oh
|-heal|p2a: Ho-Oh|85/100
|
|-damage|p1a: Yveltal|16/100 brn|[from] brn
|upkeep
|turn|16
|
|t:|1643710347
|move|p1a: Yveltal|Taunt|p2a: Ho-Oh
|-start|p2a: Ho-Oh|move: Taunt
|move|p2a: Ho-Oh|Sacred Fire|p1a: Yveltal
|-damage|p1a: Yveltal|0 fnt
|faint|p1a: Yveltal
|
|upkeep
|
|t:|1643710363
|switch|p1a: Giratina|Giratina-Origin, shiny|100/100
|-damage|p1a: Giratina|88/100|[from] Stealth Rock
|turn|17
|
|t:|1643710368
|move|p1a: Giratina|Hone Claws|p1a: Giratina
|-boost|p1a: Giratina|atk|1
|-boost|p1a: Giratina|accuracy|1
|move|p2a: Ho-Oh|Sacred Fire|p1a: Giratina
|-resisted|p1a: Giratina
|-damage|p1a: Giratina|71/100
|
|upkeep
|turn|18
|
|t:|1643710375
|move|p1a: Giratina|Shadow Force||[still]
|-prepare|p1a: Giratina|Shadow Force
|move|p2a: Ho-Oh|Sacred Fire|p1a: Giratina|[miss]
|-miss|p2a: Ho-Oh|p1a: Giratina
|
|-end|p2a: Ho-Oh|move: Taunt
|upkeep
|turn|19
|
|t:|1643710384
|switch|p2a: Arceus|Arceus, shiny|100/100
|move|p1a: Giratina|Shadow Force|p2a: Arceus|[from]lockedmove
|-immune|p2a: Arceus
|
|upkeep
|turn|20
|
|t:|1643710392
|move|p1a: Giratina|Outrage|p2a: Arceus
|-damage|p2a: Arceus|21/100
|move|p2a: Arceus|Shadow Claw|p1a: Giratina
|-supereffective|p1a: Giratina
|-crit|p1a: Giratina
|-damage|p1a: Giratina|14/100
|
|upkeep
|turn|21
|
|t:|1643710400
|switch|p2a: Groudon|Groudon-Primal|7/100
|-weather|DesolateLand|[from] ability: Desolate Land|[of] p2a: Groudon
|move|p1a: Giratina|Outrage|p2a: Groudon|[from]lockedmove
|-damage|p2a: Groudon|0 fnt
|faint|p2a: Groudon
|-weather|none
|-start|p1a: Giratina|confusion|[fatigue]
|
|upkeep
|
|t:|1643710415
|switch|p2a: Kyogre|Kyogre|100/100
|-weather|RainDance|[from] ability: Drizzle|[of] p2a: Kyogre
|turn|22
|
|t:|1643710422
|-activate|p1a: Giratina|confusion
|-damage|p1a: Giratina|0 fnt|[from] confusion
|faint|p1a: Giratina
|move|p2a: Kyogre|Ice Beam|p1: Giratina|[notarget]
|-fail|p2a: Kyogre
|
|-weather|RainDance|[upkeep]
|upkeep
|
|t:|1643710432
|switch|p1a: Groudon|Groudon, shiny|100/100
|-damage|p1a: Groudon|94/100|[from] Stealth Rock
|detailschange|p1a: Groudon|Groudon-Primal, shiny
|-primal|p1a: Groudon
|-weather|DesolateLand|[from] ability: Desolate Land|[of] p1a: Groudon
|turn|23
|
|t:|1643710442
|switch|p2a: Arceus|Arceus, shiny|21/100
|move|p1a: Groudon|Precipice Blades|p2a: Arceus
|-damage|p2a: Arceus|0 fnt
|faint|p2a: Arceus
|
|-weather|DesolateLand|[upkeep]
|upkeep
|
|t:|1643710446
|switch|p2a: Arceus|Arceus-Flying|50/100
|turn|24
|
|t:|1643710453
|move|p2a: Arceus|Recover|p2a: Arceus
|-heal|p2a: Arceus|99/100
|move|p1a: Groudon|Heat Crash|p2a: Arceus
|-damage|p2a: Arceus|54/100
|
|-weather|DesolateLand|[upkeep]
|upkeep
|turn|25
|
|t:|1643710460
|move|p2a: Arceus|Calm Mind|p2a: Arceus
|-boost|p2a: Arceus|spa|1
|-boost|p2a: Arceus|spd|1
|move|p1a: Groudon|Rock Tomb|p2a: Arceus
|-supereffective|p2a: Arceus
|-damage|p2a: Arceus|26/100
|-unboost|p2a: Arceus|spe|1
|
|-weather|DesolateLand|[upkeep]
|upkeep
|turn|26
|
|t:|1643710476
|-start|p2a: Arceus|Dynamax
|-heal|p2a: Arceus|26/100|[silent]
|move|p1a: Groudon|Heat Crash||[still]
|-fail|p1a: Groudon|Dynamax
|move|p2a: Arceus|Max Airstream|p1a: Groudon
|-damage|p1a: Groudon|4/100
|-boost|p2a: Arceus|spe|1
|
|-weather|DesolateLand|[upkeep]
|upkeep
|turn|27
|
|t:|1643710492
|move|p2a: Arceus|Max Airstream|p1a: Groudon
|-damage|p1a: Groudon|0 fnt
|-boost|p2a: Arceus|spe|1
|faint|p1a: Groudon
|-weather|none
|
|upkeep
|
|t:|1643710501
|switch|p1a: Arceus|Arceus|100/100
|-damage|p1a: Arceus|88/100|[from] Stealth Rock
|turn|28
|
|t:|1643710512
|move|p2a: Arceus|Max Airstream|p1a: Arceus
|-damage|p1a: Arceus|22/100
|-boost|p2a: Arceus|spe|1
|move|p1a: Arceus|Swords Dance|p1a: Arceus
|-boost|p1a: Arceus|atk|2
|
|-end|p2a: Arceus|Dynamax
|-heal|p2a: Arceus|26/100|[silent]
|upkeep
|turn|29
|
|t:|1643710523
|move|p1a: Arceus|Extreme Speed|p2a: Arceus
|-damage|p2a: Arceus|0 fnt
|faint|p2a: Arceus
|-damage|p1a: Arceus|12/100|[from] item: Life Orb
|
|upkeep
|
|t:|1643710530
|switch|p2a: Ho-Oh|Ho-Oh, shiny|100/100
|turn|30
|
|t:|1643710535
|move|p1a: Arceus|Extreme Speed|p2a: Ho-Oh
|-damage|p2a: Ho-Oh|2/100
|-damage|p1a: Arceus|2/100|[from] item: Life Orb
|move|p2a: Ho-Oh|Sacred Fire|p1a: Arceus
|-damage|p1a: Arceus|0 fnt
|faint|p1a: Arceus
|
|upkeep
|
|t:|1643710544
|switch|p1a: Ditto|Ditto, shiny|100/100
|-damage|p1a: Ditto|88/100|[from] Stealth Rock
|-transform|p1a: Ditto|p2a: Ho-Oh|[from] ability: Imposter
|turn|31
|
|t:|1643710552
|move|p1a: Ditto|Brave Bird|p2a: Ho-Oh
|-damage|p2a: Ho-Oh|0 fnt
|faint|p2a: Ho-Oh
|-damage|p1a: Ditto|87/100|[from] Recoil
|
|upkeep
|
|t:|1643710560
|switch|p2a: Kyogre|Kyogre|100/100
|-weather|RainDance|[from] ability: Drizzle|[of] p2a: Kyogre
|turn|32
|
|t:|1643710565
|move|p2a: Kyogre|Water Spout|p1a: Ditto
|-supereffective|p1a: Ditto
|-damage|p1a: Ditto|0 fnt
|faint|p1a: Ditto
|
|win|Dominator296
|raw|agdp's rating: 1653 &rarr; <strong>1643</strong><br />(-10 for losing)
|raw|Dominator296's rating: 1845 &rarr; <strong>1855</strong><br />(+10 for winning)
|l|☆Dominator296
