|j|☆Chtoopid
|j|☆AdamHaziq
|t:|1653554394
|gametype|singles
|player|p1|Chtoopid|pokemaniac|1517
|player|p2|AdamHaziq|unknown|1503
|teamsize|p1|6
|teamsize|p2|6
|gen|8
|tier|[Gen 8] National Dex AG
|rated|
|rule|HP Percentage Mod: HP is shown in percentages
|rule|Endless Battle Clause: Forcing endless battles is banned
|clearpoke
|poke|p1|Calyrex-Shadow|
|poke|p1|Marshadow|
|poke|p1|Yveltal|
|poke|p1|Groudon|
|poke|p1|Ditto|
|poke|p1|Eternatus|
|poke|p2|Smeargle, M|
|poke|p2|Jirachi|
|poke|p2|Togekiss, M|
|poke|p2|Shaymin-Sky|
|poke|p2|Toxapex, F|
|poke|p2|Calyrex-Shadow|
|teampreview
|inactive|Battle timer is ON: inactive players will automatically lose when time's up. (requested by AdamHaziq)
|inactive|Chtoopid also wants the timer to be on.
|
|t:|1653554406
|start
|switch|p1a: Yoink|Ditto|100/100
|switch|p2a: Smeargle|Smeargle, M|100/100
|-transform|p1a: Yoink|p2a: Smeargle|[from] ability: Imposter
|turn|1
|
|t:|1653554421
|switch|p2a: Shaymin|Shaymin-Sky|100/100
|move|p1a: Yoink|Spore|p2a: Shaymin
|-immune|p2a: Shaymin
|
|-ability|p1a: Yoink|Moody|boost
|-boost|p1a: Yoink|def|2
|-unboost|p1a: Yoink|spe|1
|upkeep
|turn|2
|c|☆Chtoopid|You're insane
|
|t:|1653554439
|switch|p1a: Poyo|Eternatus|100/100
|-ability|p1a: Poyo|Pressure
|move|p2a: Shaymin|Air Slash|p1a: Poyo
|-damage|p1a: Poyo|68/100
|
|upkeep
|turn|3
|c|☆Chtoopid|You're the devil himself
|inactive|AdamHaziq has 120 seconds left.
|
|t:|1653554482
|move|p2a: Shaymin|Air Slash|p1a: Poyo
|-damage|p1a: Poyo|34/100
|cant|p1a: Poyo|flinch
|
|upkeep
|turn|4
|
|t:|1653554488
|move|p2a: Shaymin|Air Slash|p1a: Poyo
|-damage|p1a: Poyo|0 fnt
|faint|p1a: Poyo
|
|upkeep
|
|t:|1653554496
|switch|p1a: Yoink|Ditto|100/100
|-transform|p1a: Yoink|p2a: Shaymin|[from] ability: Imposter
|turn|5
|
|t:|1653554501
|move|p1a: Yoink|Air Slash|p2a: Shaymin
|-supereffective|p2a: Shaymin
|-damage|p2a: Shaymin|4/100
|cant|p2a: Shaymin|flinch
|
|upkeep
|turn|6
|
|t:|1653554510
|switch|p2a: Toxapex|Toxapex, F|100/100
|move|p1a: Yoink|Air Slash|p2a: Toxapex
|-damage|p2a: Toxapex|68/100
|
|-heal|p2a: Toxapex|74/100|[from] item: Black Sludge
|upkeep
|turn|7
|
|t:|1653554515
|switch|p1a: Ugly lizard|Groudon|100/100
|detailschange|p1a: Ugly lizard|Groudon-Primal
|-primal|p1a: Ugly lizard
|-weather|DesolateLand|[from] ability: Desolate Land|[of] p1a: Ugly lizard
|move|p2a: Toxapex|Toxic Spikes|p1a: Ugly lizard
|-sidestart|p1: Chtoopid|move: Toxic Spikes
|
|-weather|DesolateLand|[upkeep]
|-heal|p2a: Toxapex|80/100|[from] item: Black Sludge
|upkeep
|turn|8
|
|t:|1653554522
|move|p2a: Toxapex|Baneful Bunker|p2a: Toxapex
|-singleturn|p2a: Toxapex|move: Protect
|move|p1a: Ugly lizard|Stealth Rock|p2a: Toxapex
|-sidestart|p2: AdamHaziq|move: Stealth Rock
|
|-weather|DesolateLand|[upkeep]
|-heal|p2a: Toxapex|87/100|[from] item: Black Sludge
|upkeep
|turn|9
|
|t:|1653554530
|move|p2a: Toxapex|Baneful Bunker||[still]
|-fail|p2a: Toxapex
|move|p1a: Ugly lizard|Precipice Blades|p2a: Toxapex
|-supereffective|p2a: Toxapex
|-damage|p2a: Toxapex|0 fnt
|faint|p2a: Toxapex
|
|-weather|DesolateLand|[upkeep]
|upkeep
|
|t:|1653554548
|switch|p2a: Jirachi|Jirachi|100/100
|-damage|p2a: Jirachi|94/100|[from] Stealth Rock
|turn|10
|
|t:|1653554555
|move|p2a: Jirachi|Iron Head|p1a: Ugly lizard
|-resisted|p1a: Ugly lizard
|-damage|p1a: Ugly lizard|89/100
|cant|p1a: Ugly lizard|flinch
|
|-weather|DesolateLand|[upkeep]
|upkeep
|turn|11
|
|t:|1653554565
|move|p2a: Jirachi|Iron Head|p1a: Ugly lizard
|-resisted|p1a: Ugly lizard
|-damage|p1a: Ugly lizard|79/100
|cant|p1a: Ugly lizard|flinch
|
|-weather|DesolateLand|[upkeep]
|upkeep
|turn|12
|
|t:|1653554570
|switch|p2a: Shaymin|Shaymin-Sky|4/100
|-damage|p2a: Shaymin|0 fnt|[from] Stealth Rock
|faint|p2a: Shaymin
|move|p1a: Ugly lizard|Heat Crash|p2: Shaymin|[notarget]
|-fail|p1a: Ugly lizard
|
|-weather|DesolateLand|[upkeep]
|upkeep
|
|t:|1653554584
|switch|p2a: Smeargle|Smeargle, M|100/100
|-damage|p2a: Smeargle|88/100|[from] Stealth Rock
|turn|13
|
|t:|1653554600
|move|p1a: Ugly lizard|Heat Crash|p2a: Smeargle
|-damage|p2a: Smeargle|0 fnt
|faint|p2a: Smeargle
|
|-weather|DesolateLand|[upkeep]
|upkeep
|
|t:|1653554604
|switch|p2a: Togekiss|Togekiss, M|100/100
|-damage|p2a: Togekiss|76/100|[from] Stealth Rock
|turn|14
|
|t:|1653554613
|move|p1a: Ugly lizard|Heat Crash|p2a: Togekiss
|-damage|p2a: Togekiss|0 fnt
|faint|p2a: Togekiss
|
|-weather|DesolateLand|[upkeep]
|upkeep
|
|t:|1653554616
|switch|p2a: Calyrex|Calyrex-Shadow|100/100
|-ability|p2a: Calyrex|As One
|-ability|p2a: Calyrex|Unnerve
|-damage|p2a: Calyrex|88/100|[from] Stealth Rock
|turn|15
|
|t:|1653554622
|-weather|none
|switch|p1a: T pose|Yveltal|100/100
|-ability|p1a: T pose|Dark Aura
|move|p2a: Calyrex|Astral Barrage|p1a: T pose
|-resisted|p1a: T pose
|-damage|p1a: T pose|80/100
|
|-heal|p1a: T pose|86/100|[from] item: Leftovers
|upkeep
|turn|16
|
|t:|1653554626
|-start|p2a: Calyrex|Dynamax|
|-heal|p2a: Calyrex|88/100|[silent]
|move|p2a: Calyrex|Max Starfall|p1a: T pose
|-supereffective|p1a: T pose
|-damage|p1a: T pose|43/100
|-fieldstart|move: Misty Terrain
|move|p1a: T pose|Toxic|p2a: Calyrex|[miss]
|-miss|p1a: T pose|p2a: Calyrex
|
|-heal|p1a: T pose|49/100|[from] item: Leftovers
|upkeep
|turn|17
|
|t:|1653554639
|switch|p1a: Ugly lizard|Groudon-Primal|79/100
|-weather|DesolateLand|[from] ability: Desolate Land|[of] p1a: Ugly lizard
|move|p2a: Calyrex|Max Starfall|p1a: Ugly lizard
|-resisted|p1a: Ugly lizard
|-damage|p1a: Ugly lizard|56/100
|
|-weather|DesolateLand|[upkeep]
|upkeep
|turn|18
|
|t:|1653554648
|move|p2a: Calyrex|Max Phantasm|p1a: Ugly lizard
|-damage|p1a: Ugly lizard|0 fnt
|faint|p1a: Ugly lizard
|-weather|none
|-ability|p2a: Calyrex|Grim Neigh|boost
|-boost|p2a: Calyrex|spa|1
|
|upkeep
|
|t:|1653554657
|switch|p1a: Yoink|Ditto|100/100
|-transform|p1a: Yoink|p2a: Calyrex|[from] ability: Imposter
|-end|p2a: Calyrex|Dynamax
|-heal|p2a: Calyrex|88/100|[silent]
|turn|19
|
|t:|1653554660
|move|p2a: Calyrex|Astral Barrage|p1a: Yoink
|-supereffective|p1a: Yoink
|-damage|p1a: Yoink|0 fnt
|faint|p1a: Yoink
|-ability|p2a: Calyrex|Grim Neigh|boost
|-boost|p2a: Calyrex|spa|1
|
|upkeep
|
|t:|1653554667
|switch|p1a: Gimme ur stats|Marshadow|100/100
|turn|20
|
|t:|1653554674
|move|p1a: Gimme ur stats|Shadow Sneak|p2a: Calyrex
|-supereffective|p2a: Calyrex
|-damage|p2a: Calyrex|0 fnt
|faint|p2a: Calyrex
|
|-fieldend|Misty Terrain
|upkeep
|
|t:|1653554676
|switch|p2a: Jirachi|Jirachi|94/100
|-damage|p2a: Jirachi|88/100|[from] Stealth Rock
|turn|21
|
|t:|1653554682
|move|p1a: Gimme ur stats|Shadow Sneak|p2a: Jirachi
|-supereffective|p2a: Jirachi
|-damage|p2a: Jirachi|20/100
|move|p2a: Jirachi|Iron Head|p1a: Gimme ur stats
|-damage|p1a: Gimme ur stats|58/100
|
|upkeep
|turn|22
|c|☆AdamHaziq|ggwp
|
|t:|1653554688
|move|p1a: Gimme ur stats|Shadow Sneak|p2a: Jirachi
|-supereffective|p2a: Jirachi
|-damage|p2a: Jirachi|0 fnt
|faint|p2a: Jirachi
|
|win|Chtoopid
|raw|Chtoopid's rating: 1517 &rarr; <strong>1536</strong><br />(+19 for winning)
|raw|AdamHaziq's rating: 1503 &rarr; <strong>1484</strong><br />(-19 for losing)
|c|☆Chtoopid|Gg
