|j|☆MiguelRRM
|j|☆TaxFraud094
|t:|1662074063
|gametype|singles
|player|p1|MiguelRRM|266|1960
|player|p2|TaxFraud094|caitlin-masters|1907
|teamsize|p1|6
|teamsize|p2|6
|gen|8
|tier|[Gen 8] National Dex AG
|rated|
|rule|HP Percentage Mod: HP is shown in percentages
|rule|Endless Battle Clause: Forcing endless battles is banned
|clearpoke
|poke|p1|Yveltal|
|poke|p1|Ho-Oh|
|poke|p1|Rayquaza|
|poke|p1|Necrozma-Dusk-Mane|
|poke|p1|Calyrex-Shadow|
|poke|p1|Smeargle, F|
|poke|p2|Zacian-*|
|poke|p2|Calyrex-Shadow|
|poke|p2|Groudon|
|poke|p2|Necrozma-Dusk-Mane|
|poke|p2|Yveltal|
|poke|p2|Arceus-*|
|teampreview
|inactive|Battle timer is ON: inactive players will automatically lose when time's up. (requested by TaxFraud094)
|c|☆TaxFraud094|glhf
|j|+Dragonillis
|
|t:|1662074083
|start
|switch|p1a: Smeargle|Smeargle, F|100/100
|switch|p2a: Calyrex|Calyrex-Shadow|100/100
|-ability|p2a: Calyrex|As One
|-ability|p2a: Calyrex|Unnerve
|turn|1
|
|t:|1662074086
|move|p2a: Calyrex|Substitute|p2a: Calyrex
|-start|p2a: Calyrex|Substitute
|-damage|p2a: Calyrex|76/100
|move|p1a: Smeargle|Encore|p2a: Calyrex
|-start|p2a: Calyrex|Encore
|
|upkeep
|turn|2
|j| forfeitero
|
|t:|1662074092
|switch|p2a: Yveltal|Yveltal|100/100
|-ability|p2a: Yveltal|Dark Aura
|move|p1a: Smeargle|Sticky Web|p2a: Yveltal
|-sidestart|p2: TaxFraud094|move: Sticky Web
|
|upkeep
|turn|3
|
|t:|1662074101
|move|p1a: Smeargle|Nuzzle|p2a: Yveltal
|-supereffective|p2a: Yveltal
|-damage|p2a: Yveltal|98/100
|-status|p2a: Yveltal|par
|move|p2a: Yveltal|Foul Play|p1a: Smeargle
|-damage|p1a: Smeargle|79/100
|
|upkeep
|turn|4
|
|t:|1662074107
|switch|p1a: Yveltal|Yveltal|100/100
|-ability|p1a: Yveltal|Dark Aura
|move|p2a: Yveltal|Defog|p1a: Yveltal
|-unboost|p1a: Yveltal|evasion|1
|-sideend|p2: TaxFraud094|Sticky Web|[from] move: Defog|[of] p2a: Yveltal
|
|upkeep
|turn|5
|
|t:|1662074118
|move|p1a: Yveltal|Knock Off|p2a: Yveltal
|-resisted|p2a: Yveltal
|-damage|p2a: Yveltal|66/100 par
|-enditem|p2a: Yveltal|Heavy-Duty Boots|[from] move: Knock Off|[of] p1a: Yveltal
|-damage|p1a: Yveltal|91/100|[from] item: Life Orb
|cant|p2a: Yveltal|par
|
|upkeep
|turn|6
|
|t:|1662074121
|switch|p1a: Smeargle|Smeargle, F|79/100
|cant|p2a: Yveltal|par
|
|upkeep
|turn|7
|
|t:|1662074123
|move|p1a: Smeargle|Sticky Web|p2a: Yveltal
|-sidestart|p2: TaxFraud094|move: Sticky Web
|cant|p2a: Yveltal|par
|
|upkeep
|turn|8
|
|t:|1662074133
|move|p1a: Smeargle|Rapid Spin|p2a: Yveltal
|-damage|p2a: Yveltal|62/100 par
|-boost|p1a: Smeargle|spe|1
|move|p2a: Yveltal|Roost|p2a: Yveltal
|-heal|p2a: Yveltal|100/100 par
|-singleturn|p2a: Yveltal|move: Roost
|
|upkeep
|turn|9
|
|t:|1662074142
|switch|p2a: Arceus|Arceus-Ground|100/100
|-activate|p2a: Arceus|move: Sticky Web
|-unboost|p2a: Arceus|spe|1
|move|p1a: Smeargle|Encore||[still]
|-fail|p1a: Smeargle
|
|upkeep
|turn|10
|l| forfeitero
|
|t:|1662074148
|switch|p1a: Ho-Oh|Ho-Oh|100/100
|switch|p2a: Yveltal|Yveltal|100/100 par
|-ability|p2a: Yveltal|Dark Aura
|
|upkeep
|turn|11
|
|t:|1662074156
|switch|p1a: Rayquaza|Rayquaza|100/100
|-ability|p1a: Rayquaza|Air Lock
|cant|p2a: Yveltal|par
|
|upkeep
|turn|12
|
|t:|1662074160
|detailschange|p1a: Rayquaza|Rayquaza-Mega
|-mega|p1a: Rayquaza|Rayquaza|
|-weather|DeltaStream|[from] ability: Delta Stream|[of] p1a: Rayquaza
|move|p1a: Rayquaza|Dragon Ascent|p2a: Yveltal
|-damage|p2a: Yveltal|33/100 par
|-unboost|p1a: Rayquaza|def|1
|-unboost|p1a: Rayquaza|spd|1
|move|p2a: Yveltal|Foul Play|p1a: Rayquaza
|-enditem|p1a: Rayquaza|Focus Sash
|-damage|p1a: Rayquaza|1/100
|
|-weather|DeltaStream|[upkeep]
|upkeep
|turn|13
|
|t:|1662074171
|cant|p2a: Yveltal|par
|move|p1a: Rayquaza|V-create|p2a: Yveltal
|-damage|p2a: Yveltal|0 fnt
|-unboost|p1a: Rayquaza|spe|1
|-unboost|p1a: Rayquaza|def|1
|-unboost|p1a: Rayquaza|spd|1
|faint|p2a: Yveltal
|
|-weather|DeltaStream|[upkeep]
|upkeep
|c|☆TaxFraud094|Oh my fucking god the hax
|inactive|TaxFraud094 has 120 seconds left.
|
|t:|1662074205
|switch|p2a: Necrozma|Necrozma-Dusk-Mane|100/100
|-activate|p2a: Necrozma|move: Sticky Web
|-unboost|p2a: Necrozma|spe|1
|turn|14
|
|t:|1662074208
|move|p1a: Rayquaza|V-create|p2a: Necrozma
|-supereffective|p2a: Necrozma
|-damage|p2a: Necrozma|32/100
|-unboost|p1a: Rayquaza|spe|1
|-unboost|p1a: Rayquaza|def|1
|-unboost|p1a: Rayquaza|spd|1
|-damage|p1a: Rayquaza|0 fnt|[from] item: Rocky Helmet|[of] p2a: Necrozma
|faint|p1a: Rayquaza
|-weather|none
|move|p2a: Necrozma|Morning Sun|p2a: Necrozma
|-heal|p2a: Necrozma|82/100
|
|upkeep
|
|t:|1662074227
|switch|p1a: Smeargle|Smeargle, F|79/100
|turn|15
|
|t:|1662074231
|switch|p2a: Groudon|Groudon|100/100
|-activate|p2a: Groudon|move: Sticky Web
|-unboost|p2a: Groudon|spe|1
|detailschange|p2a: Groudon|Groudon-Primal
|-primal|p2a: Groudon
|-weather|DesolateLand|[from] ability: Desolate Land|[of] p2a: Groudon
|move|p1a: Smeargle|Encore||[still]
|-fail|p1a: Smeargle
|
|-weather|DesolateLand|[upkeep]
|upkeep
|turn|16
|
|t:|1662074242
|move|p1a: Smeargle|Rapid Spin|p2a: Groudon
|-damage|p2a: Groudon|97/100
|-boost|p1a: Smeargle|spe|1
|move|p2a: Groudon|Eruption|p1a: Smeargle
|-damage|p1a: Smeargle|0 fnt
|faint|p1a: Smeargle
|
|-weather|DesolateLand|[upkeep]
|upkeep
|
|t:|1662074266
|switch|p1a: Yveltal|Yveltal|91/100
|-ability|p1a: Yveltal|Dark Aura
|turn|17
|
|t:|1662074271
|-weather|none
|switch|p2a: Zacian|Zacian-Crowned|100/100
|-activate|p2a: Zacian|move: Sticky Web
|-unboost|p2a: Zacian|spe|1
|-ability|p2a: Zacian|Intrepid Sword|boost
|-boost|p2a: Zacian|atk|1
|move|p1a: Yveltal|Knock Off|p2a: Zacian
|-resisted|p2a: Zacian
|-damage|p2a: Zacian|72/100
|-damage|p1a: Yveltal|81/100|[from] item: Life Orb
|
|upkeep
|turn|18
|
|t:|1662074277
|switch|p1a: Necrozma|Necrozma-Dusk-Mane|100/100
|move|p2a: Zacian|Close Combat|p1a: Necrozma
|-damage|p1a: Necrozma|55/100
|-unboost|p2a: Zacian|def|1
|-unboost|p2a: Zacian|spd|1
|-damage|p2a: Zacian|56/100|[from] item: Rocky Helmet|[of] p1a: Necrozma
|
|upkeep
|turn|19
|
|t:|1662074281
|move|p2a: Zacian|Close Combat|p1a: Necrozma
|-damage|p1a: Necrozma|12/100
|-unboost|p2a: Zacian|def|1
|-unboost|p2a: Zacian|spd|1
|-damage|p2a: Zacian|39/100|[from] item: Rocky Helmet|[of] p1a: Necrozma
|move|p1a: Necrozma|Stealth Rock|p2a: Zacian
|-sidestart|p2: TaxFraud094|move: Stealth Rock
|
|upkeep
|turn|20
|
|t:|1662074285
|move|p2a: Zacian|Close Combat|p1a: Necrozma
|-damage|p1a: Necrozma|0 fnt
|-unboost|p2a: Zacian|def|1
|-unboost|p2a: Zacian|spd|1
|-damage|p2a: Zacian|22/100|[from] item: Rocky Helmet|[of] p1a: Necrozma
|faint|p1a: Necrozma
|
|upkeep
|
|t:|1662074287
|switch|p1a: Calyrex|Calyrex-Shadow|100/100
|-ability|p1a: Calyrex|As One
|-ability|p1a: Calyrex|Unnerve
|turn|21
|
|t:|1662074295
|move|p1a: Calyrex|Astral Barrage|p2a: Zacian
|-damage|p2a: Zacian|0 fnt
|faint|p2a: Zacian
|-ability|p1a: Calyrex|Grim Neigh|boost
|-boost|p1a: Calyrex|spa|1
|
|upkeep
|
|t:|1662074299
|switch|p2a: Arceus|Arceus-Ground|100/100
|-activate|p2a: Arceus|move: Sticky Web
|-unboost|p2a: Arceus|spe|1
|-damage|p2a: Arceus|94/100|[from] Stealth Rock
|turn|22
|
|t:|1662074305
|-start|p1a: Calyrex|Dynamax|
|-heal|p1a: Calyrex|100/100|[silent]
|-start|p2a: Arceus|Dynamax|
|-heal|p2a: Arceus|94/100|[silent]
|move|p1a: Calyrex|Max Mindstorm|p2a: Arceus
|-damage|p2a: Arceus|44/100
|-fieldstart|move: Psychic Terrain
|move|p2a: Arceus|Max Quake|p1a: Calyrex
|-damage|p1a: Calyrex|63/100
|-boost|p2a: Arceus|spd|1
|
|upkeep
|turn|23
|c|☆TaxFraud094|Fucking hell
|inactive|TaxFraud094 has 120 seconds left.
|
|t:|1662074339
|move|p1a: Calyrex|Max Mindstorm|p2a: Arceus
|-damage|p2a: Arceus|0 fnt
|faint|p2a: Arceus
|-ability|p1a: Calyrex|Grim Neigh|boost
|-boost|p1a: Calyrex|spa|1
|
|upkeep
|-message|TaxFraud094 forfeited.
|
|win|MiguelRRM
|raw|MiguelRRM's rating: 1960 &rarr; <strong>1977</strong><br />(+17 for winning)
|raw|TaxFraud094's rating: 1907 &rarr; <strong>1890</strong><br />(-17 for losing)
|l|☆TaxFraud094
||Ladder isn't responding, score probably updated but might not have (Request timeout).
