|j|☆UncleShannon
|j|☆C0ld as Ic3
|t:|1653988350
|gametype|singles
|player|p1|UncleShannon|lucas|1783
|player|p2|C0ld as Ic3|schoolkid-gen4dp|1835
|teamsize|p1|6
|teamsize|p2|6
|gen|8
|tier|[Gen 8] National Dex AG
|rated|
|rule|HP Percentage Mod: HP is shown in percentages
|rule|Endless Battle Clause: Forcing endless battles is banned
|clearpoke
|poke|p1|Tapu Fini|
|poke|p1|Tyranitar, M|
|poke|p1|Necrozma-Dusk-Mane|
|poke|p1|Kyurem-White|
|poke|p1|Salamence, M|
|poke|p1|Magearna|
|poke|p2|Necrozma-Dusk-Mane|
|poke|p2|Zygarde|
|poke|p2|Calyrex-Shadow|
|poke|p2|Marshadow|
|poke|p2|Xerneas-*|
|poke|p2|Skarmory, M|
|teampreview
|inactive|Battle timer is ON: inactive players will automatically lose when time's up. (requested by C0ld as Ic3)
|
|t:|1653988380
|start
|switch|p1a: Kyurem|Kyurem-White|100/100
|switch|p2a: Skarmory|Skarmory, M|100/100
|-ability|p1a: Kyurem|Turboblaze
|turn|1
|
|t:|1653988387
|switch|p2a: Zygarde|Zygarde|100/100
|move|p1a: Kyurem|Ice Beam|p2a: Zygarde
|-supereffective|p2a: Zygarde
|-damage|p2a: Zygarde|0 fnt
|faint|p2a: Zygarde
|
|upkeep
|
|t:|1653988390
|switch|p2a: Necrozma|Necrozma-Dusk-Mane|100/100
|turn|2
|
|t:|1653988392
|-start|p1a: Kyurem|Dynamax|
|-heal|p1a: Kyurem|100/100|[silent]
|move|p1a: Kyurem|Max Flare|p2a: Necrozma
|-supereffective|p2a: Necrozma
|-damage|p2a: Necrozma|26/100
|-weather|SunnyDay
|move|p2a: Necrozma|Dragon Dance|p2a: Necrozma
|-boost|p2a: Necrozma|atk|1
|-boost|p2a: Necrozma|spe|1
|
|-weather|SunnyDay|[upkeep]
|upkeep
|turn|3
|
|t:|1653988408
|detailschange|p2a: Necrozma|Necrozma-Ultra
|-burst|p2a: Necrozma|Necrozma|Ultranecrozium Z
|move|p2a: Necrozma|Outrage|p1a: Kyurem
|-supereffective|p1a: Kyurem
|-damage|p1a: Kyurem|0 fnt
|faint|p1a: Kyurem
|
|-weather|SunnyDay|[upkeep]
|upkeep
|
|t:|1653988422
|switch|p1a: Tapu Fini|Tapu Fini|100/100
|-fieldstart|move: Misty Terrain|[from] ability: Misty Surge|[of] p1a: Tapu Fini
|turn|4
|
|t:|1653988425
|move|p2a: Necrozma|Outrage|p1a: Tapu Fini|[from]lockedmove
|-immune|p1a: Tapu Fini
|move|p1a: Tapu Fini|Moonblast|p2a: Necrozma
|-supereffective|p2a: Necrozma
|-damage|p2a: Necrozma|0 fnt
|faint|p2a: Necrozma
|
|-weather|SunnyDay|[upkeep]
|upkeep
|
|t:|1653988431
|switch|p2a: Skarmory|Skarmory, M|100/100
|turn|5
|
|t:|1653988434
|move|p2a: Skarmory|Taunt|p1a: Tapu Fini
|-start|p1a: Tapu Fini|move: Taunt
|move|p1a: Tapu Fini|Whirlpool|p2a: Skarmory
|-damage|p2a: Skarmory|90/100
|-activate|p2a: Skarmory|move: Whirlpool|[of] p1a: Tapu Fini
|
|-weather|SunnyDay|[upkeep]
|-damage|p2a: Skarmory|78/100|[from] move: Whirlpool|[partiallytrapped]
|upkeep
|turn|6
|
|t:|1653988445
|move|p2a: Skarmory|Spikes|p1a: Tapu Fini
|-sidestart|p1: UncleShannon|Spikes
|move|p1a: Tapu Fini|Nature's Madness|p2a: Skarmory
|-damage|p2a: Skarmory|39/100
|
|-weather|none
|-damage|p2a: Skarmory|27/100|[from] move: Whirlpool|[partiallytrapped]
|upkeep
|turn|7
|
|t:|1653988451
|move|p2a: Skarmory|Spikes|p1a: Tapu Fini
|-sidestart|p1: UncleShannon|Spikes
|move|p1a: Tapu Fini|Moonblast|p2a: Skarmory
|-resisted|p2a: Skarmory
|-damage|p2a: Skarmory|0 fnt
|faint|p2a: Skarmory
|
|-end|p1a: Tapu Fini|move: Taunt
|upkeep
|
|t:|1653988458
|switch|p2a: Calyrex|Calyrex-Shadow|100/100
|-ability|p2a: Calyrex|As One
|-ability|p2a: Calyrex|Unnerve
|turn|8
|
|t:|1653988462
|move|p2a: Calyrex|Nasty Plot|p2a: Calyrex
|-boost|p2a: Calyrex|spa|2
|move|p1a: Tapu Fini|Moonblast|p2a: Calyrex
|-damage|p2a: Calyrex|68/100
|-unboost|p2a: Calyrex|spa|1
|
|-fieldend|Misty Terrain
|upkeep
|turn|9
|
|t:|1653988480
|switch|p1a: Tyranitar|Tyranitar, M|100/100
|-damage|p1a: Tyranitar|84/100|[from] Spikes
|-weather|Sandstorm|[from] ability: Sand Stream|[of] p1a: Tyranitar
|move|p2a: Calyrex|Nasty Plot|p2a: Calyrex
|-boost|p2a: Calyrex|spa|2
|
|-weather|Sandstorm|[upkeep]
|-damage|p2a: Calyrex|61/100|[from] Sandstorm
|-heal|p1a: Tyranitar|90/100|[from] item: Leftovers
|upkeep
|turn|10
|
|t:|1653988482
|move|p2a: Calyrex|Baton Pass|p2a: Calyrex
|
|t:|1653988484
|switch|p2a: Xerneas|Xerneas|100/100|[from]move: Baton Pass
|-ability|p2a: Xerneas|Fairy Aura
|move|p1a: Tyranitar|Roar|p2a: Xerneas
|drag|p2a: Marshadow|Marshadow|100/100
|
|-weather|Sandstorm|[upkeep]
|-damage|p2a: Marshadow|94/100|[from] Sandstorm
|-heal|p1a: Tyranitar|96/100|[from] item: Leftovers
|upkeep
|turn|11
|
|t:|1653988493
|switch|p2a: Xerneas|Xerneas|100/100
|-ability|p2a: Xerneas|Fairy Aura
|switch|p1a: Salamence|Salamence, M|100/100
|-ability|p1a: Salamence|Intimidate|boost
|-unboost|p2a: Xerneas|atk|1
|
|-weather|Sandstorm|[upkeep]
|-damage|p1a: Salamence|94/100|[from] Sandstorm
|-damage|p2a: Xerneas|94/100|[from] Sandstorm
|upkeep
|turn|12
|
|t:|1653988497
|switch|p1a: Magearna|Magearna|100/100
|-damage|p1a: Magearna|84/100|[from] Spikes
|move|p2a: Xerneas|Geomancy||[still]
|-prepare|p2a: Xerneas|Geomancy
|-enditem|p2a: Xerneas|Power Herb
|-anim|p2a: Xerneas|Geomancy|p2a: Xerneas
|-boost|p2a: Xerneas|spa|2
|-boost|p2a: Xerneas|spd|2
|-boost|p2a: Xerneas|spe|2
|
|-weather|Sandstorm|[upkeep]
|-damage|p2a: Xerneas|88/100|[from] Sandstorm
|-heal|p1a: Magearna|90/100|[from] item: Leftovers
|upkeep
|turn|13
|
|t:|1653988500
|-start|p2a: Xerneas|Dynamax|
|-heal|p2a: Xerneas|88/100|[silent]
|move|p2a: Xerneas|Max Lightning|p1a: Magearna
|-damage|p1a: Magearna|22/100
|-fieldstart|move: Electric Terrain
|move|p1a: Magearna|Heart Swap|p2a: Xerneas
|-swapboost|p1a: Magearna|p2a: Xerneas|[from] move: Heart Swap
|
|-weather|none
|-heal|p1a: Magearna|28/100|[from] item: Leftovers
|upkeep
|turn|14
|
|t:|1653988509
|move|p1a: Magearna|Pain Split|p2a: Xerneas
|-sethp|p2a: Xerneas|72/100|[from] move: Pain Split|[silent]
|-sethp|p1a: Magearna|67/100|[from] move: Pain Split
|move|p2a: Xerneas|Max Lightning|p1a: Magearna
|-damage|p1a: Magearna|45/100
|
|-heal|p1a: Magearna|51/100|[from] item: Leftovers
|upkeep
|turn|15
|
|t:|1653988517
|move|p1a: Magearna|Flash Cannon|p2a: Xerneas
|-supereffective|p2a: Xerneas
|-damage|p2a: Xerneas|17/100
|move|p2a: Xerneas|Max Lightning|p1a: Magearna
|-damage|p1a: Magearna|29/100
|
|-heal|p1a: Magearna|35/100|[from] item: Leftovers
|upkeep
|-end|p2a: Xerneas|Dynamax
|-heal|p2a: Xerneas|17/100|[silent]
|turn|16
|-message|C0ld as Ic3 forfeited.
|
|win|UncleShannon
|raw|UncleShannon's rating: 1783 &rarr; <strong>1806</strong><br />(+23 for winning)
|raw|C0ld as Ic3's rating: 1835 &rarr; <strong>1812</strong><br />(-23 for losing)
|l|☆C0ld as Ic3
||Ladder isn't responding, score probably updated but might not have (Request timeout).
