|j|☆katildinazor
|j|☆orange overhaul
|t:|1654435563
|gametype|singles
|player|p1|katildinazor|red|1431
|player|p2|orange overhaul|mars|1551
|teamsize|p1|6
|teamsize|p2|6
|gen|8
|tier|[Gen 8] National Dex AG
|rated|
|rule|HP Percentage Mod: HP is shown in percentages
|rule|Endless Battle Clause: Forcing endless battles is banned
|clearpoke
|poke|p1|Groudon|
|poke|p1|Lopunny, F|
|poke|p1|Aegislash, M|
|poke|p1|Milotic, M|
|poke|p1|Goodra, F|
|poke|p1|Rillaboom, M|
|poke|p2|Kartana|
|poke|p2|Arceus-*|
|poke|p2|Tapu Lele|
|poke|p2|Groudon|
|poke|p2|Zacian-*|
|poke|p2|Eternatus|
|teampreview
|inactive|Battle timer is ON: inactive players will automatically lose when time's up. (requested by orange overhaul)
|inactive|katildinazor also wants the timer to be on.
|inactive|orange overhaul has 120 seconds left.
|
|t:|1654435601
|start
|switch|p1a: Milotic|Milotic, M|100/100
|switch|p2a: Eternatus|Eternatus|100/100
|-ability|p2a: Eternatus|Pressure
|turn|1
|
|t:|1654435605
|move|p2a: Eternatus|Cosmic Power|p2a: Eternatus
|-boost|p2a: Eternatus|def|1
|-boost|p2a: Eternatus|spd|1
|move|p1a: Milotic|Ice Beam|p2a: Eternatus
|-supereffective|p2a: Eternatus
|-damage|p2a: Eternatus|79/100
|
|-heal|p2a: Eternatus|85/100|[from] item: Black Sludge
|-status|p1a: Milotic|brn|[from] item: Flame Orb
|upkeep
|turn|2
|
|t:|1654435610
|move|p2a: Eternatus|Cosmic Power|p2a: Eternatus
|-boost|p2a: Eternatus|def|1
|-boost|p2a: Eternatus|spd|1
|move|p1a: Milotic|Ice Beam|p2a: Eternatus
|-supereffective|p2a: Eternatus
|-damage|p2a: Eternatus|67/100
|
|-heal|p2a: Eternatus|73/100|[from] item: Black Sludge
|-damage|p1a: Milotic|94/100 brn|[from] brn
|upkeep
|turn|3
|
|t:|1654435619
|move|p2a: Eternatus|Cosmic Power|p2a: Eternatus
|-boost|p2a: Eternatus|def|1
|-boost|p2a: Eternatus|spd|1
|move|p1a: Milotic|Haze|p1a: Milotic
|-clearallboost
|
|-heal|p2a: Eternatus|80/100|[from] item: Black Sludge
|-damage|p1a: Milotic|88/100 brn|[from] brn
|upkeep
|turn|4
|
|t:|1654435621
|move|p2a: Eternatus|Cosmic Power|p2a: Eternatus
|-boost|p2a: Eternatus|def|1
|-boost|p2a: Eternatus|spd|1
|move|p1a: Milotic|Ice Beam|p2a: Eternatus
|-supereffective|p2a: Eternatus
|-damage|p2a: Eternatus|54/100
|
|-heal|p2a: Eternatus|60/100|[from] item: Black Sludge
|-damage|p1a: Milotic|82/100 brn|[from] brn
|upkeep
|turn|5
|
|t:|1654435626
|switch|p2a: Tapu Lele|Tapu Lele|100/100
|-fieldstart|move: Psychic Terrain|[from] ability: Psychic Surge|[of] p2a: Tapu Lele
|move|p1a: Milotic|Haze|p1a: Milotic
|-clearallboost
|
|-damage|p1a: Milotic|76/100 brn|[from] brn
|upkeep
|turn|6
|
|t:|1654435637
|switch|p1a: Aegislash|Aegislash, M|100/100
|move|p2a: Tapu Lele|Psychic|p1a: Aegislash
|-resisted|p1a: Aegislash
|-damage|p1a: Aegislash|74/100
|
|-heal|p1a: Aegislash|81/100|[from] item: Leftovers
|upkeep
|turn|7
|
|t:|1654435650
|switch|p2a: Arceus|Arceus-Ground|100/100
|-formechange|p1a: Aegislash|Aegislash-Blade||[from] ability: Stance Change
|move|p1a: Aegislash|Gyro Ball|p2a: Arceus
|-damage|p2a: Arceus|87/100
|
|-heal|p1a: Aegislash|87/100|[from] item: Leftovers
|upkeep
|turn|8
|
|t:|1654435655
|switch|p1a: Rillaboom|Rillaboom, M|100/100
|-fieldstart|move: Grassy Terrain|[from] ability: Grassy Surge|[of] p1a: Rillaboom
|move|p2a: Arceus|Judgment|p1a: Rillaboom
|-resisted|p1a: Rillaboom
|-damage|p1a: Rillaboom|66/100
|
|-heal|p1a: Rillaboom|72/100|[from] Grassy Terrain
|-heal|p2a: Arceus|93/100|[from] Grassy Terrain
|upkeep
|turn|9
|
|t:|1654435664
|move|p1a: Rillaboom|Grassy Glide|p2a: Arceus
|-supereffective|p2a: Arceus
|-damage|p2a: Arceus|28/100
|move|p2a: Arceus|Ice Beam|p1a: Rillaboom
|-supereffective|p1a: Rillaboom
|-damage|p1a: Rillaboom|10/100
|
|-heal|p1a: Rillaboom|16/100|[from] Grassy Terrain
|-heal|p2a: Arceus|34/100|[from] Grassy Terrain
|upkeep
|turn|10
|
|t:|1654435672
|switch|p2a: Eternatus|Eternatus|60/100
|-ability|p2a: Eternatus|Pressure
|move|p1a: Rillaboom|Grassy Glide|p2a: Eternatus
|-resisted|p2a: Eternatus
|-damage|p2a: Eternatus|45/100
|
|-heal|p2a: Eternatus|51/100|[from] Grassy Terrain
|-heal|p2a: Eternatus|57/100|[from] item: Black Sludge
|-heal|p1a: Rillaboom|22/100|[from] Grassy Terrain
|upkeep
|turn|11
|
|t:|1654435679
|switch|p1a: Milotic|Milotic, M|76/100 brn
|move|p2a: Eternatus|Cosmic Power|p2a: Eternatus
|-boost|p2a: Eternatus|def|1
|-boost|p2a: Eternatus|spd|1
|
|-heal|p2a: Eternatus|63/100|[from] Grassy Terrain
|-heal|p2a: Eternatus|70/100|[from] item: Black Sludge
|-heal|p1a: Milotic|82/100 brn|[from] Grassy Terrain
|-damage|p1a: Milotic|76/100 brn|[from] brn
|upkeep
|turn|12
|
|t:|1654435684
|move|p2a: Eternatus|Dynamax Cannon|p1a: Milotic
|-damage|p1a: Milotic|33/100 brn
|move|p1a: Milotic|Ice Beam|p2a: Eternatus
|-supereffective|p2a: Eternatus
|-damage|p2a: Eternatus|45/100
|
|-heal|p2a: Eternatus|51/100|[from] Grassy Terrain
|-heal|p2a: Eternatus|57/100|[from] item: Black Sludge
|-heal|p1a: Milotic|39/100 brn|[from] Grassy Terrain
|-damage|p1a: Milotic|33/100 brn|[from] brn
|-fieldend|move: Grassy Terrain
|upkeep
|turn|13
|
|t:|1654435690
|switch|p1a: Aegislash|Aegislash, M|87/100
|move|p2a: Eternatus|Dynamax Cannon|p1a: Aegislash
|-resisted|p1a: Aegislash
|-damage|p1a: Aegislash|69/100
|
|-heal|p2a: Eternatus|63/100|[from] item: Black Sludge
|-heal|p1a: Aegislash|75/100|[from] item: Leftovers
|upkeep
|turn|14
|
|t:|1654435704
|switch|p1a: Groudon|Groudon|100/100
|detailschange|p1a: Groudon|Groudon-Primal
|-primal|p1a: Groudon
|-weather|DesolateLand|[from] ability: Desolate Land|[of] p1a: Groudon
|move|p2a: Eternatus|Flamethrower|p1a: Groudon
|-resisted|p1a: Groudon
|-damage|p1a: Groudon|73/100
|
|-weather|DesolateLand|[upkeep]
|-heal|p2a: Eternatus|70/100|[from] item: Black Sludge
|upkeep
|turn|15
|
|t:|1654435712
|switch|p2a: Groudon|Groudon|100/100
|detailschange|p2a: Groudon|Groudon-Primal
|-primal|p2a: Groudon
|move|p1a: Groudon|Rock Polish|p1a: Groudon
|-boost|p1a: Groudon|spe|2
|
|-weather|DesolateLand|[upkeep]
|upkeep
|turn|16
|
|t:|1654435715
|move|p1a: Groudon|Earthquake|p2a: Groudon
|-supereffective|p2a: Groudon
|-damage|p2a: Groudon|21/100
|move|p2a: Groudon|Stealth Rock|p1a: Groudon
|-sidestart|p1: katildinazor|move: Stealth Rock
|
|-weather|DesolateLand|[upkeep]
|upkeep
|turn|17
|
|t:|1654435722
|move|p1a: Groudon|Earthquake|p2a: Groudon
|-supereffective|p2a: Groudon
|-damage|p2a: Groudon|0 fnt
|faint|p2a: Groudon
|
|-weather|DesolateLand|[upkeep]
|upkeep
|
|t:|1654435726
|switch|p2a: Arceus|Arceus-Ground|34/100
|turn|18
|
|t:|1654435728
|move|p1a: Groudon|Heat Crash|p2a: Arceus
|-damage|p2a: Arceus|0 fnt
|faint|p2a: Arceus
|
|-weather|DesolateLand|[upkeep]
|upkeep
|
|t:|1654435737
|switch|p2a: Kartana|Kartana|100/100
|turn|19
|
|t:|1654435740
|move|p1a: Groudon|Heat Crash|p2a: Kartana
|-supereffective|p2a: Kartana
|-damage|p2a: Kartana|0 fnt
|faint|p2a: Kartana
|
|-weather|DesolateLand|[upkeep]
|upkeep
|
|t:|1654435744
|switch|p2a: Eternatus|Eternatus|70/100
|-ability|p2a: Eternatus|Pressure
|turn|20
|
|t:|1654435746
|move|p1a: Groudon|Earthquake|p2a: Eternatus
|-supereffective|p2a: Eternatus
|-damage|p2a: Eternatus|0 fnt
|faint|p2a: Eternatus
|
|-weather|DesolateLand|[upkeep]
|upkeep
|
|t:|1654435750
|switch|p2a: Zacian|Zacian-Crowned|100/100
|-ability|p2a: Zacian|Intrepid Sword|boost
|-boost|p2a: Zacian|atk|1
|turn|21
|
|t:|1654435753
|move|p1a: Groudon|Heat Crash|p2a: Zacian
|-supereffective|p2a: Zacian
|-damage|p2a: Zacian|0 fnt
|faint|p2a: Zacian
|
|-weather|DesolateLand|[upkeep]
|upkeep
|
|t:|1654435755
|switch|p2a: Tapu Lele|Tapu Lele|100/100
|-fieldstart|move: Psychic Terrain|[from] ability: Psychic Surge|[of] p2a: Tapu Lele
|turn|22
|
|t:|1654435757
|move|p1a: Groudon|Earthquake|p2a: Tapu Lele
|-damage|p2a: Tapu Lele|6/100
|move|p2a: Tapu Lele|Psychic|p1a: Groudon
|-damage|p1a: Groudon|0 fnt
|faint|p1a: Groudon
|-weather|none
|
|upkeep
|
|t:|1654435761
|switch|p1a: Lopunny|Lopunny, F|100/100
|-damage|p1a: Lopunny|88/100|[from] Stealth Rock
|turn|23
|
|t:|1654435765
|detailschange|p1a: Lopunny|Lopunny-Mega, F
|-mega|p1a: Lopunny|Lopunny|Lopunnite
|move|p1a: Lopunny|Return|p2a: Tapu Lele
|-damage|p2a: Tapu Lele|0 fnt
|faint|p2a: Tapu Lele
|
|win|katildinazor
|raw|katildinazor's rating: 1431 &rarr; <strong>1458</strong><br />(+27 for winning)
|raw|orange overhaul's rating: 1551 &rarr; <strong>1524</strong><br />(-27 for losing)
|c|☆katildinazor|Gg
|c|☆orange overhaul|gg
|l|☆orange overhaul
