|j|☆Better Alone
|j|‽chrisbenso
|t:|1662214059
|gametype|singles
|player|p1|Better Alone|swimmerf-gen4|1784
|player|p2|chrisbenso|169|1645
|teamsize|p1|6
|teamsize|p2|6
|gen|8
|tier|[Gen 8] National Dex AG
|rated|
|rule|HP Percentage Mod: HP is shown in percentages
|rule|Endless Battle Clause: Forcing endless battles is banned
|clearpoke
|poke|p1|Ditto|
|poke|p1|Calyrex-Shadow|
|poke|p1|Groudon|
|poke|p1|Rayquaza|
|poke|p1|Tyranitar, M|
|poke|p1|Arceus-*|
|poke|p2|Magearna|
|poke|p2|Calyrex-Shadow|
|poke|p2|Arceus-*|
|poke|p2|Ho-Oh|
|poke|p2|Tyranitar, F|
|poke|p2|Necrozma-Dusk-Mane|
|teampreview
|inactive|Battle timer is ON: inactive players will automatically lose when time's up. (requested by chrisbenso)
|
|t:|1662214076
|start
|switch|p1a: Arceus|Arceus-Ground|100/100
|switch|p2a: Arceus|Arceus-Ground|100/100
|turn|1
|
|t:|1662214083
|move|p1a: Arceus|Toxic|p2a: Arceus
|-status|p2a: Arceus|tox
|move|p2a: Arceus|Judgment|p1a: Arceus
|-damage|p1a: Arceus|71/100
|
|-damage|p2a: Arceus|94/100 tox|[from] psn
|upkeep
|turn|2
|
|t:|1662214087
|move|p1a: Arceus|Stealth Rock|p2a: Arceus
|-sidestart|p2: chrisbenso|move: Stealth Rock
|move|p2a: Arceus|Refresh|p2a: Arceus
|-curestatus|p2a: Arceus|tox|[msg]
|
|upkeep
|turn|3
|
|t:|1662214090
|move|p1a: Arceus|Recover|p1a: Arceus
|-heal|p1a: Arceus|100/100
|move|p2a: Arceus|Ice Beam|p1a: Arceus
|-supereffective|p1a: Arceus
|-damage|p1a: Arceus|66/100
|
|upkeep
|turn|4
|
|t:|1662214094
|move|p1a: Arceus|Toxic|p2a: Arceus
|-status|p2a: Arceus|tox
|move|p2a: Arceus|Ice Beam|p1a: Arceus
|-supereffective|p1a: Arceus
|-damage|p1a: Arceus|32/100
|
|-damage|p2a: Arceus|88/100 tox|[from] psn
|upkeep
|turn|5
|
|t:|1662214096
|move|p1a: Arceus|Recover|p1a: Arceus
|-heal|p1a: Arceus|82/100
|move|p2a: Arceus|Refresh|p2a: Arceus
|-curestatus|p2a: Arceus|tox|[msg]
|
|upkeep
|turn|6
|
|t:|1662214104
|switch|p2a: Necrozma|Necrozma-Dusk-Mane, shiny|100/100
|-damage|p2a: Necrozma|94/100|[from] Stealth Rock
|move|p1a: Arceus|Toxic|p2a: Necrozma
|-immune|p2a: Necrozma
|
|upkeep
|turn|7
|
|t:|1662214109
|switch|p2a: Ho-Oh|Ho-Oh|100/100
|move|p1a: Arceus|Judgment|p2a: Ho-Oh
|-immune|p2a: Ho-Oh
|
|upkeep
|turn|8
|
|t:|1662214113
|switch|p2a: Arceus|Arceus-Ground|88/100
|-damage|p2a: Arceus|82/100|[from] Stealth Rock
|move|p1a: Arceus|Toxic|p2a: Arceus
|-status|p2a: Arceus|tox
|
|-damage|p2a: Arceus|76/100 tox|[from] psn
|upkeep
|turn|9
|
|t:|1662214116
|move|p1a: Arceus|Judgment|p2a: Arceus
|-damage|p2a: Arceus|45/100 tox
|move|p2a: Arceus|Refresh|p2a: Arceus
|-curestatus|p2a: Arceus|tox|[msg]
|
|upkeep
|turn|10
|
|t:|1662214120
|move|p1a: Arceus|Toxic|p2a: Arceus
|-status|p2a: Arceus|tox
|move|p2a: Arceus|Recover|p2a: Arceus
|-heal|p2a: Arceus|95/100 tox
|
|-damage|p2a: Arceus|89/100 tox|[from] psn
|upkeep
|turn|11
|
|t:|1662214122
|move|p1a: Arceus|Judgment|p2a: Arceus
|-damage|p2a: Arceus|58/100 tox
|move|p2a: Arceus|Refresh|p2a: Arceus
|-curestatus|p2a: Arceus|tox|[msg]
|
|upkeep
|turn|12
|
|t:|1662214125
|move|p1a: Arceus|Judgment|p2a: Arceus
|-damage|p2a: Arceus|28/100
|move|p2a: Arceus|Recover|p2a: Arceus
|-heal|p2a: Arceus|78/100
|
|upkeep
|turn|13
|
|t:|1662214127
|move|p1a: Arceus|Toxic|p2a: Arceus
|-status|p2a: Arceus|tox
|move|p2a: Arceus|Recover|p2a: Arceus
|-heal|p2a: Arceus|100/100 tox
|
|-damage|p2a: Arceus|94/100 tox|[from] psn
|upkeep
|turn|14
|
|t:|1662214132
|move|p1a: Arceus|Judgment|p2a: Arceus
|-damage|p2a: Arceus|62/100 tox
|move|p2a: Arceus|Refresh|p2a: Arceus
|-curestatus|p2a: Arceus|tox|[msg]
|
|upkeep
|turn|15
|
|t:|1662214135
|move|p1a: Arceus|Judgment|p2a: Arceus
|-damage|p2a: Arceus|30/100
|move|p2a: Arceus|Ice Beam|p1a: Arceus
|-supereffective|p1a: Arceus
|-damage|p1a: Arceus|50/100
|
|upkeep
|turn|16
|
|t:|1662214139
|move|p1a: Arceus|Toxic|p2a: Arceus
|-status|p2a: Arceus|tox
|move|p2a: Arceus|Recover|p2a: Arceus
|-heal|p2a: Arceus|80/100 tox
|
|-damage|p2a: Arceus|74/100 tox|[from] psn
|upkeep
|turn|17
|
|t:|1662214143
|move|p1a: Arceus|Recover|p1a: Arceus
|-heal|p1a: Arceus|99/100
|move|p2a: Arceus|Recover|p2a: Arceus
|-heal|p2a: Arceus|100/100 tox
|
|-damage|p2a: Arceus|88/100 tox|[from] psn
|upkeep
|turn|18
|
|t:|1662214149
|move|p1a: Arceus|Toxic|p2a: Arceus
|-fail|p2a: Arceus|tox
|move|p2a: Arceus|Refresh|p2a: Arceus
|-curestatus|p2a: Arceus|tox|[msg]
|
|upkeep
|turn|19
|
|t:|1662214159
|move|p1a: Arceus|Toxic|p2a: Arceus
|-status|p2a: Arceus|tox
|move|p2a: Arceus|Ice Beam|p1a: Arceus
|-supereffective|p1a: Arceus
|-damage|p1a: Arceus|66/100
|
|-damage|p2a: Arceus|82/100 tox|[from] psn
|upkeep
|turn|20
|
|t:|1662214165
|move|p1a: Arceus|Judgment|p2a: Arceus
|-damage|p2a: Arceus|50/100 tox
|move|p2a: Arceus|Refresh|p2a: Arceus
|-curestatus|p2a: Arceus|tox|[msg]
|
|upkeep
|turn|21
|
|t:|1662214169
|move|p1a: Arceus|Judgment|p2a: Arceus
|-damage|p2a: Arceus|19/100
|move|p2a: Arceus|Recover|p2a: Arceus
|-heal|p2a: Arceus|69/100
|
|upkeep
|turn|22
|
|t:|1662214172
|move|p1a: Arceus|Judgment|p2a: Arceus
|-damage|p2a: Arceus|37/100
|move|p2a: Arceus|Ice Beam|p1a: Arceus
|-supereffective|p1a: Arceus
|-crit|p1a: Arceus
|-damage|p1a: Arceus|19/100
|
|upkeep
|turn|23
|
|t:|1662214181
|move|p1a: Arceus|Toxic|p2a: Arceus
|-status|p2a: Arceus|tox
|move|p2a: Arceus|Ice Beam|p1a: Arceus
|-supereffective|p1a: Arceus
|-crit|p1a: Arceus
|-damage|p1a: Arceus|0 fnt
|faint|p1a: Arceus
|
|-damage|p2a: Arceus|31/100 tox|[from] psn
|upkeep
|
|t:|1662214184
|switch|p1a: Calyrex|Calyrex-Shadow|100/100
|-ability|p1a: Calyrex|As One
|-ability|p1a: Calyrex|Unnerve
|turn|24
|
|t:|1662214187
|switch|p2a: Tyranitar|Tyranitar, F, shiny|100/100
|-damage|p2a: Tyranitar|88/100|[from] Stealth Rock
|-weather|Sandstorm|[from] ability: Sand Stream|[of] p2a: Tyranitar
|move|p1a: Calyrex|Psyshock|p2a: Tyranitar
|-immune|p2a: Tyranitar
|
|-weather|Sandstorm|[upkeep]
|-damage|p1a: Calyrex|94/100|[from] Sandstorm
|-heal|p2a: Tyranitar|94/100|[from] item: Leftovers
|upkeep
|turn|25
|
|t:|1662214194
|-start|p1a: Calyrex|Dynamax|
|-heal|p1a: Calyrex|94/100|[silent]
|move|p1a: Calyrex|Max Overgrowth|p2a: Tyranitar
|-supereffective|p2a: Tyranitar
|-damage|p2a: Tyranitar|46/100
|-fieldstart|move: Grassy Terrain
|move|p2a: Tyranitar|Pursuit|p1a: Calyrex
|-supereffective|p1a: Calyrex
|-damage|p1a: Calyrex|52/100
|
|-weather|Sandstorm|[upkeep]
|-damage|p1a: Calyrex|49/100|[from] Sandstorm
|-heal|p1a: Calyrex|52/100|[from] Grassy Terrain
|-heal|p2a: Tyranitar|52/100|[from] Grassy Terrain
|-heal|p2a: Tyranitar|59/100|[from] item: Leftovers
|upkeep
|turn|26
|
|t:|1662214200
|switch|p2a: Ho-Oh|Ho-Oh|100/100
|move|p1a: Calyrex|Max Overgrowth|p2a: Ho-Oh
|-resisted|p2a: Ho-Oh
|-damage|p2a: Ho-Oh|92/100
|
|-weather|Sandstorm|[upkeep]
|-damage|p1a: Calyrex|49/100|[from] Sandstorm
|-damage|p2a: Ho-Oh|86/100|[from] Sandstorm
|-heal|p1a: Calyrex|52/100|[from] Grassy Terrain
|upkeep
|turn|27
|
|t:|1662214209
|move|p1a: Calyrex|Max Phantasm|p2a: Ho-Oh
|-damage|p2a: Ho-Oh|37/100
|-unboost|p2a: Ho-Oh|def|1
|move|p2a: Ho-Oh|Sacred Fire|p1a: Calyrex
|-damage|p1a: Calyrex|26/100
|
|-weather|Sandstorm|[upkeep]
|-damage|p1a: Calyrex|23/100|[from] Sandstorm
|-damage|p2a: Ho-Oh|31/100|[from] Sandstorm
|-heal|p1a: Calyrex|26/100|[from] Grassy Terrain
|upkeep
|-end|p1a: Calyrex|Dynamax
|-heal|p1a: Calyrex|26/100|[silent]
|turn|28
|
|t:|1662214215
|move|p1a: Calyrex|Psyshock|p2a: Ho-Oh
|-damage|p2a: Ho-Oh|0 fnt
|faint|p2a: Ho-Oh
|-ability|p1a: Calyrex|Grim Neigh|boost
|-boost|p1a: Calyrex|spa|1
|
|-weather|none
|-heal|p1a: Calyrex|32/100|[from] Grassy Terrain
|upkeep
|
|t:|1662214218
|switch|p2a: Tyranitar|Tyranitar, F, shiny|59/100
|-damage|p2a: Tyranitar|46/100|[from] Stealth Rock
|-weather|Sandstorm|[from] ability: Sand Stream|[of] p2a: Tyranitar
|turn|29
|
|t:|1662214223
|move|p1a: Calyrex|Psyshock|p2a: Tyranitar
|-immune|p2a: Tyranitar
|move|p2a: Tyranitar|Pursuit|p1a: Calyrex
|-supereffective|p1a: Calyrex
|-damage|p1a: Calyrex|0 fnt
|faint|p1a: Calyrex
|
|-weather|Sandstorm|[upkeep]
|-heal|p2a: Tyranitar|52/100|[from] Grassy Terrain
|-heal|p2a: Tyranitar|59/100|[from] item: Leftovers
|-fieldend|move: Grassy Terrain
|upkeep
|
|t:|1662214228
|switch|p1a: Groudon|Groudon, shiny|100/100
|detailschange|p1a: Groudon|Groudon-Primal, shiny
|-primal|p1a: Groudon
|-weather|DesolateLand|[from] ability: Desolate Land|[of] p1a: Groudon
|turn|30
|
|t:|1662214233
|move|p1a: Groudon|Precipice Blades|p2a: Tyranitar
|-supereffective|p2a: Tyranitar
|-damage|p2a: Tyranitar|0 fnt
|faint|p2a: Tyranitar
|
|-weather|DesolateLand|[upkeep]
|upkeep
|
|t:|1662214241
|switch|p2a: Calyrex|Calyrex-Shadow|100/100
|-ability|p2a: Calyrex|As One
|-ability|p2a: Calyrex|Unnerve
|-damage|p2a: Calyrex|88/100|[from] Stealth Rock
|turn|31
|
|t:|1662214244
|switch|p2a: Magearna|Magearna|100/100
|-damage|p2a: Magearna|94/100|[from] Stealth Rock
|-weather|none
|switch|p1a: Tyranitar|Tyranitar, M|100/100
|-weather|Sandstorm|[from] ability: Sand Stream|[of] p1a: Tyranitar
|
|-weather|Sandstorm|[upkeep]
|-heal|p2a: Magearna|100/100|[from] item: Leftovers
|upkeep
|turn|32
|
|t:|1662214247
|move|p2a: Magearna|Fleur Cannon|p1a: Tyranitar
|-supereffective|p1a: Tyranitar
|-damage|p1a: Tyranitar|62/100
|-unboost|p2a: Magearna|spa|2
|move|p1a: Tyranitar|Earthquake|p2a: Magearna
|-supereffective|p2a: Magearna
|-damage|p2a: Magearna|46/100
|
|-weather|Sandstorm|[upkeep]
|-heal|p2a: Magearna|52/100|[from] item: Leftovers
|upkeep
|turn|33
|
|t:|1662214256
|move|p2a: Magearna|Pain Split|p1a: Tyranitar
|-sethp|p1a: Tyranitar|58/100|[from] move: Pain Split|[silent]
|-sethp|p2a: Magearna|55/100|[from] move: Pain Split
|move|p1a: Tyranitar|Earthquake|p2a: Magearna
|-supereffective|p2a: Magearna
|-damage|p2a: Magearna|0 fnt
|faint|p2a: Magearna
|
|-weather|Sandstorm|[upkeep]
|upkeep
|
|t:|1662214264
|switch|p2a: Arceus|Arceus-Ground|31/100 tox
|-damage|p2a: Arceus|25/100 tox|[from] Stealth Rock
|turn|34
|
|t:|1662214269
|move|p2a: Arceus|Recover|p2a: Arceus
|-heal|p2a: Arceus|75/100 tox
|move|p1a: Tyranitar|Foul Play|p2a: Arceus
|-crit|p2a: Arceus
|-damage|p2a: Arceus|53/100 tox
|
|-weather|Sandstorm|[upkeep]
|-damage|p2a: Arceus|47/100 tox|[from] psn
|upkeep
|turn|35
|
|t:|1662214272
|move|p2a: Arceus|Refresh|p2a: Arceus
|-curestatus|p2a: Arceus|tox|[msg]
|move|p1a: Tyranitar|Stone Edge|p2a: Arceus
|-resisted|p2a: Arceus
|-crit|p2a: Arceus
|-damage|p2a: Arceus|28/100
|
|-weather|none
|upkeep
|turn|36
|
|t:|1662214279
|move|p2a: Arceus|Recover|p2a: Arceus
|-heal|p2a: Arceus|78/100
|move|p1a: Tyranitar|Foul Play|p2a: Arceus
|-damage|p2a: Arceus|62/100
|
|upkeep
|turn|37
|
|t:|1662214282
|move|p2a: Arceus|Recover|p2a: Arceus
|-heal|p2a: Arceus|100/100
|move|p1a: Tyranitar|Foul Play|p2a: Arceus
|-damage|p2a: Arceus|85/100
|
|upkeep
|turn|38
|
|t:|1662214285
|move|p2a: Arceus|Judgment|p1a: Tyranitar
|-supereffective|p1a: Tyranitar
|-damage|p1a: Tyranitar|10/100
|move|p1a: Tyranitar|Foul Play|p2a: Arceus
|-crit|p2a: Arceus
|-damage|p2a: Arceus|61/100
|
|upkeep
|turn|39
|
|t:|1662214288
|move|p2a: Arceus|Recover|p2a: Arceus
|-heal|p2a: Arceus|100/100
|move|p1a: Tyranitar|Foul Play|p2a: Arceus
|-damage|p2a: Arceus|85/100
|
|upkeep
|turn|40
|
|t:|1662214292
|move|p2a: Arceus|Judgment|p1a: Tyranitar
|-supereffective|p1a: Tyranitar
|-damage|p1a: Tyranitar|0 fnt
|faint|p1a: Tyranitar
|
|upkeep
|
|t:|1662214294
|switch|p1a: Rayquaza|Rayquaza|100/100
|-ability|p1a: Rayquaza|Air Lock
|turn|41
|
|t:|1662214298
|detailschange|p1a: Rayquaza|Rayquaza-Mega
|-mega|p1a: Rayquaza|Rayquaza|
|-weather|DeltaStream|[from] ability: Delta Stream|[of] p1a: Rayquaza
|-start|p2a: Arceus|Dynamax|
|-heal|p2a: Arceus|85/100|[silent]
|move|p1a: Rayquaza|Dragon Dance|p1a: Rayquaza
|-boost|p1a: Rayquaza|atk|1
|-boost|p1a: Rayquaza|spe|1
|move|p2a: Arceus|Max Hailstorm|p1a: Rayquaza
|-activate||deltastream
|-supereffective|p1a: Rayquaza
|-damage|p1a: Rayquaza|37/100
|
|-weather|DeltaStream|[upkeep]
|upkeep
|turn|42
|
|t:|1662214301
|move|p1a: Rayquaza|Dragon Ascent|p2a: Arceus
|-damage|p2a: Arceus|57/100
|-unboost|p1a: Rayquaza|def|1
|-unboost|p1a: Rayquaza|spd|1
|move|p2a: Arceus|Max Hailstorm|p1a: Rayquaza
|-activate||deltastream
|-supereffective|p1a: Rayquaza
|-damage|p1a: Rayquaza|0 fnt
|-weather|Hail
|faint|p1a: Rayquaza
|
|-weather|Hail|[upkeep]
|-damage|p2a: Arceus|54/100|[from] Hail
|upkeep
|
|t:|1662214309
|switch|p1a: Ditto|Ditto|100/100
|-transform|p1a: Ditto|p2a: Arceus|[from] ability: Imposter
|turn|43
|
|t:|1662214311
|move|p1a: Ditto|Ice Beam|p2a: Arceus
|-supereffective|p2a: Arceus
|-damage|p2a: Arceus|38/100
|move|p2a: Arceus|Max Hailstorm|p1a: Ditto
|-supereffective|p1a: Ditto
|-damage|p1a: Ditto|21/100
|
|-weather|Hail|[upkeep]
|-damage|p1a: Ditto|15/100|[from] Hail
|-damage|p2a: Arceus|35/100|[from] Hail
|upkeep
|-end|p2a: Arceus|Dynamax
|-heal|p2a: Arceus|35/100|[silent]
|turn|44
|
|t:|1662214315
|move|p1a: Ditto|Ice Beam|p2a: Arceus
|-supereffective|p2a: Arceus
|-damage|p2a: Arceus|4/100
|move|p2a: Arceus|Ice Beam|p1a: Ditto
|-supereffective|p1a: Ditto
|-damage|p1a: Ditto|0 fnt
|faint|p1a: Ditto
|
|-weather|Hail|[upkeep]
|-damage|p2a: Arceus|0 fnt|[from] Hail
|faint|p2a: Arceus
|upkeep
|
|t:|1662214318
|switch|p2a: Calyrex|Calyrex-Shadow|88/100
|switch|p1a: Groudon|Groudon-Primal, shiny|100/100
|-ability|p2a: Calyrex|As One
|-ability|p2a: Calyrex|Unnerve
|-damage|p2a: Calyrex|76/100|[from] Stealth Rock
|-weather|DesolateLand|[from] ability: Desolate Land|[of] p1a: Groudon
|turn|45
|
|t:|1662214320
|move|p2a: Calyrex|Astral Barrage|p1a: Groudon
|-damage|p1a: Groudon|0 fnt
|faint|p1a: Groudon
|-weather|none
|
|win|chrisbenso
|raw|Better Alone's rating: 1784 &rarr; <strong>1756</strong><br />(-28 for losing)
|raw|chrisbenso's rating: 1645 &rarr; <strong>1673</strong><br />(+28 for winning)
|l|☆Better Alone
