|j|☆theChikunEater
|j|‽nocluewhatamdoing
|t:|1666650590
|gametype|singles
|player|p1|theChikunEater|flannery|1403
|player|p2|nocluewhatamdoing|teammagmagruntf-gen3|1509
|teamsize|p1|6
|teamsize|p2|6
|gen|8
|tier|[Gen 8] National Dex AG
|rated|
|rule|HP Percentage Mod: HP is shown in percentages
|rule|Endless Battle Clause: Forcing endless battles is banned
|clearpoke
|poke|p1|Slurpuff, F|
|poke|p1|Flygon, M|
|poke|p1|Mawile, F|
|poke|p1|Roserade, F|
|poke|p1|Greninja, M|
|poke|p1|Blaziken, F|
|poke|p2|Tyranitar, F|
|poke|p2|Excadrill, M|
|poke|p2|Urshifu-*, F|
|poke|p2|Ferrothorn, M|
|poke|p2|Togekiss, F|
|poke|p2|Garchomp, M|
|teampreview
|inactive|Battle timer is ON: inactive players will automatically lose when time's up. (requested by nocluewhatamdoing)
|inactive|theChikunEater also wants the timer to be on.
|c|☆theChikunEater|glhf
|
|t:|1666650606
|start
|switch|p1a: Slurpuff|Slurpuff, F|100/100
|switch|p2a: Togekiss|Togekiss, F|100/100
|turn|1
|
|t:|1666650610
|move|p2a: Togekiss|Air Slash|p1a: Slurpuff
|-damage|p1a: Slurpuff|42/100
|cant|p1a: Slurpuff|flinch
|
|upkeep
|turn|2
|
|t:|1666650613
|move|p2a: Togekiss|Air Slash|p1a: Slurpuff|[miss]
|-miss|p2a: Togekiss|p1a: Slurpuff
|move|p1a: Slurpuff|Sticky Web|p2a: Togekiss
|-sidestart|p2: nocluewhatamdoing|move: Sticky Web
|
|upkeep
|turn|3
|
|t:|1666650615
|move|p2a: Togekiss|Air Slash|p1a: Slurpuff
|-damage|p1a: Slurpuff|0 fnt
|faint|p1a: Slurpuff
|
|upkeep
|
|t:|1666650618
|switch|p1a: Greninja|Greninja, M|100/100
|turn|4
|
|t:|1666650620
|move|p2a: Togekiss|Air Slash|p1a: Greninja
|-damage|p1a: Greninja|46/100
|move|p1a: Greninja|Toxic Spikes|p2a: Togekiss
|-start|p1a: Greninja|typechange|Poison|[from] ability: Protean
|-sidestart|p2: nocluewhatamdoing|move: Toxic Spikes
|
|upkeep
|turn|5
|
|t:|1666650630
|move|p2a: Togekiss|Air Slash|p1a: Greninja
|-damage|p1a: Greninja|0 fnt
|faint|p1a: Greninja
|
|upkeep
|
|t:|1666650634
|switch|p1a: Blaziken|Blaziken, F|100/100
|turn|6
|
|t:|1666650639
|-start|p2a: Togekiss|Dynamax|
|-heal|p2a: Togekiss|100/100|[silent]
|move|p1a: Blaziken|Protect|p1a: Blaziken
|-singleturn|p1a: Blaziken|Protect
|move|p2a: Togekiss|Max Airstream|p1a: Blaziken
|-supereffective|p1a: Blaziken
|-zbroken|p1a: Blaziken
|-damage|p1a: Blaziken|49/100
|-boost|p2a: Togekiss|spe|1
|
|-ability|p1a: Blaziken|Speed Boost|boost
|-boost|p1a: Blaziken|spe|1
|upkeep
|turn|7
|
|t:|1666650641
|move|p1a: Blaziken|Flamethrower|p2a: Togekiss
|-damage|p2a: Togekiss|84/100
|move|p2a: Togekiss|Max Airstream|p1a: Blaziken
|-supereffective|p1a: Blaziken
|-damage|p1a: Blaziken|0 fnt
|-boost|p2a: Togekiss|spe|1
|faint|p1a: Blaziken
|
|upkeep
|
|t:|1666650648
|switch|p1a: Roserade|Roserade, F|100/100
|turn|8
|
|t:|1666650650
|move|p2a: Togekiss|Max Airstream|p1a: Roserade
|-supereffective|p1a: Roserade
|-enditem|p1a: Roserade|Focus Sash
|-damage|p1a: Roserade|1/100
|-boost|p2a: Togekiss|spe|1
|move|p1a: Roserade|Venoshock|p2a: Togekiss
|-supereffective|p2a: Togekiss
|-damage|p2a: Togekiss|47/100
|
|upkeep
|-end|p2a: Togekiss|Dynamax
|-heal|p2a: Togekiss|47/100|[silent]
|turn|9
|
|t:|1666650652
|move|p2a: Togekiss|Air Slash|p1a: Roserade
|-supereffective|p1a: Roserade
|-damage|p1a: Roserade|0 fnt
|faint|p1a: Roserade
|
|upkeep
|
|t:|1666650654
|switch|p1a: Flygon|Flygon, M|100/100
|turn|10
|
|t:|1666650656
|move|p2a: Togekiss|Air Slash|p1a: Flygon
|-damage|p1a: Flygon|50/100
|cant|p1a: Flygon|flinch
|
|upkeep
|turn|11
|
|t:|1666650659
|-start|p1a: Flygon|Dynamax|
|-heal|p1a: Flygon|50/100|[silent]
|move|p2a: Togekiss|Air Slash|p1a: Flygon
|-damage|p1a: Flygon|27/100
|move|p1a: Flygon|Max Airstream|p2a: Togekiss
|-damage|p2a: Togekiss|1/100
|-boost|p1a: Flygon|spe|1
|
|upkeep
|turn|12
|
|t:|1666650663
|move|p2a: Togekiss|Air Slash|p1a: Flygon
|-damage|p1a: Flygon|3/100
|move|p1a: Flygon|Max Rockfall|p2a: Togekiss
|-supereffective|p2a: Togekiss
|-damage|p2a: Togekiss|0 fnt
|-weather|Sandstorm
|faint|p2a: Togekiss
|
|-weather|Sandstorm|[upkeep]
|upkeep
|
|t:|1666650667
|switch|p2a: Urshifu|Urshifu-Rapid-Strike, F|100/100
|-activate|p2a: Urshifu|move: Sticky Web
|-unboost|p2a: Urshifu|spe|1
|-status|p2a: Urshifu|psn
|turn|13
|
|t:|1666650674
|move|p2a: Urshifu|Aqua Jet|p1a: Flygon
|-crit|p1a: Flygon
|-damage|p1a: Flygon|0 fnt
|faint|p1a: Flygon
|
|-weather|Sandstorm|[upkeep]
|-damage|p2a: Urshifu|94/100 psn|[from] Sandstorm
|-damage|p2a: Urshifu|82/100 psn|[from] psn
|upkeep
|
|t:|1666650675
|switch|p1a: Mawile|Mawile, F|100/100
|-ability|p1a: Mawile|Intimidate|boost
|-unboost|p2a: Urshifu|atk|1
|turn|14
|
|t:|1666650680
|detailschange|p1a: Mawile|Mawile-Mega, F
|-mega|p1a: Mawile|Mawile|Mawilite
|move|p1a: Mawile|Thunder Punch|p2a: Urshifu
|-supereffective|p2a: Urshifu
|-damage|p2a: Urshifu|0 fnt
|faint|p2a: Urshifu
|
|-weather|Sandstorm|[upkeep]
|upkeep
|
|t:|1666650689
|switch|p2a: Excadrill|Excadrill, M|100/100
|-activate|p2a: Excadrill|move: Sticky Web
|-unboost|p2a: Excadrill|spe|1
|turn|15
|
|t:|1666650694
|move|p1a: Mawile|Sucker Punch|p2a: Excadrill
|-damage|p2a: Excadrill|45/100
|move|p2a: Excadrill|Earthquake|p1a: Mawile
|-supereffective|p1a: Mawile
|-damage|p1a: Mawile|0 fnt
|faint|p1a: Mawile
|
|win|nocluewhatamdoing
|raw|theChikunEater's rating: 1403 &rarr; <strong>1389</strong><br />(-14 for losing)
|raw|nocluewhatamdoing's rating: 1509 &rarr; <strong>1523</strong><br />(+14 for winning)
|c|☆theChikunEater|gg
|l|☆theChikunEater
||Ladder isn't responding, score probably updated but might not have (Request timeout).
