|j|☆NOAH MK2
|j|☆DarkboiJ
|t:|1665673914
|gametype|singles
|player|p1|NOAH MK2|102|1897
|player|p2|DarkboiJ|blue-gen3two|1804
|teamsize|p1|6
|teamsize|p2|6
|gen|8
|tier|[Gen 8] National Dex AG
|rated|
|rule|HP Percentage Mod: HP is shown in percentages
|rule|Endless Battle Clause: Forcing endless battles is banned
|clearpoke
|poke|p1|Rayquaza|
|poke|p1|Klefki, F|
|poke|p1|Arceus-*|
|poke|p1|Marshadow|
|poke|p1|Whimsicott, M|
|poke|p1|Yveltal|
|poke|p2|Yanmega, F|
|poke|p2|Grimmsnarl, M|
|poke|p2|Arceus-*|
|poke|p2|Kyurem-Black|
|poke|p2|Ditto|
|poke|p2|Arceus-*|
|teampreview
|inactive|Battle timer is ON: inactive players will automatically lose when time's up. (requested by DarkboiJ)
|
|t:|1665673923
|start
|switch|p1a: Arceus|Arceus-Ground|100/100
|switch|p2a: Grimmsnarl|Grimmsnarl, M|100/100
|turn|1
|
|t:|1665673930
|move|p2a: Grimmsnarl|Reflect|p2a: Grimmsnarl
|-sidestart|p2: DarkboiJ|Reflect
|move|p1a: Arceus|Judgment|p2a: Grimmsnarl
|-damage|p2a: Grimmsnarl|65/100
|
|upkeep
|turn|2
|
|t:|1665673935
|move|p2a: Grimmsnarl|Taunt|p1a: Arceus
|-start|p1a: Arceus|move: Taunt
|cant|p1a: Arceus|move: Taunt|Stealth Rock
|
|upkeep
|turn|3
|
|t:|1665673942
|move|p2a: Grimmsnarl|Light Screen|p2a: Grimmsnarl
|-sidestart|p2: DarkboiJ|move: Light Screen
|move|p1a: Arceus|Judgment|p2a: Grimmsnarl
|-damage|p2a: Grimmsnarl|49/100
|
|upkeep
|turn|4
|
|t:|1665673950
|switch|p1a: Klefki|Klefki, F|100/100
|switch|p2a: Kyurem|Kyurem-Black|100/100
|-ability|p2a: Kyurem|Teravolt
|
|upkeep
|turn|5
|
|t:|1665673956
|switch|p2a: Grimmsnarl|Grimmsnarl, M|49/100
|move|p1a: Klefki|Reflect|p1a: Klefki
|-sidestart|p1: NOAH MK2|Reflect
|
|upkeep
|turn|6
|
|t:|1665673961
|move|p1a: Klefki|Spikes|p2a: Grimmsnarl
|-sidestart|p2: DarkboiJ|Spikes
|move|p2a: Grimmsnarl|Taunt|p1a: Klefki
|-start|p1a: Klefki|move: Taunt
|
|upkeep
|turn|7
|
|t:|1665673976
|switch|p1a: Whimsicott|Whimsicott, M|100/100
|switch|p2a: Arceus|Arceus-Fairy|100/100
|-damage|p2a: Arceus|88/100|[from] Spikes
|
|upkeep
|turn|8
|
|t:|1665673990
|move|p1a: Whimsicott|Substitute|p1a: Whimsicott
|-start|p1a: Whimsicott|Substitute
|-damage|p1a: Whimsicott|76/100
|move|p2a: Arceus|Judgment|p1a: Whimsicott
|-end|p1a: Whimsicott|Substitute
|
|-heal|p1a: Whimsicott|82/100|[from] item: Leftovers
|-sideend|p2: DarkboiJ|Reflect
|upkeep
|turn|9
|
|t:|1665673993
|switch|p1a: Klefki|Klefki, F|100/100
|move|p2a: Arceus|Judgment|p1a: Klefki
|-resisted|p1a: Klefki
|-damage|p1a: Klefki|72/100
|
|upkeep
|turn|10
|
|t:|1665673997
|move|p1a: Klefki|Light Screen|p1a: Klefki
|-sidestart|p1: NOAH MK2|move: Light Screen
|move|p2a: Arceus|Defog|p1a: Klefki
|-unboost|p1a: Klefki|evasion|1
|-sideend|p1: NOAH MK2|Reflect
|-sideend|p1: NOAH MK2|move: Light Screen
|-sideend|p2: DarkboiJ|Spikes|[from] move: Defog|[of] p2a: Arceus
|
|-sideend|p2: DarkboiJ|move: Light Screen
|upkeep
|turn|11
|
|t:|1665674002
|move|p1a: Klefki|Light Screen|p1a: Klefki
|-sidestart|p1: NOAH MK2|move: Light Screen
|move|p2a: Arceus|Stealth Rock|p1a: Klefki
|-sidestart|p1: NOAH MK2|move: Stealth Rock
|
|upkeep
|turn|12
|
|t:|1665674008
|switch|p2a: Grimmsnarl|Grimmsnarl, M|49/100
|move|p1a: Klefki|Spikes|p2a: Grimmsnarl
|-sidestart|p2: DarkboiJ|Spikes
|
|upkeep
|turn|13
|
|t:|1665674014
|move|p1a: Klefki|Spikes|p2a: Grimmsnarl
|-sidestart|p2: DarkboiJ|Spikes
|move|p2a: Grimmsnarl|Taunt|p1a: Klefki
|-start|p1a: Klefki|move: Taunt
|
|upkeep
|turn|14
|
|t:|1665674021
|switch|p1a: Whimsicott|Whimsicott, M|82/100
|-damage|p1a: Whimsicott|69/100|[from] Stealth Rock
|move|p2a: Grimmsnarl|Play Rough|p1a: Whimsicott
|-damage|p1a: Whimsicott|13/100
|-unboost|p1a: Whimsicott|atk|1
|
|-heal|p1a: Whimsicott|19/100|[from] item: Leftovers
|upkeep
|turn|15
|
|t:|1665674031
|switch|p2a: Arceus|Arceus|100/100
|-damage|p2a: Arceus|84/100|[from] Spikes
|move|p1a: Whimsicott|Moonblast|p2a: Arceus
|-damage|p2a: Arceus|61/100
|
|-heal|p1a: Whimsicott|25/100|[from] item: Leftovers
|upkeep
|turn|16
|
|t:|1665674041
|switch|p1a: Klefki|Klefki, F|72/100
|-damage|p1a: Klefki|66/100|[from] Stealth Rock
|move|p2a: Arceus|Recover|p2a: Arceus
|-heal|p2a: Arceus|100/100
|
|upkeep
|turn|17
|
|t:|1665674048
|switch|p2a: Grimmsnarl|Grimmsnarl, M|49/100
|-damage|p2a: Grimmsnarl|32/100|[from] Spikes
|move|p1a: Klefki|Reflect|p1a: Klefki
|-sidestart|p1: NOAH MK2|Reflect
|
|upkeep
|turn|18
|
|t:|1665674056
|move|p1a: Klefki|Spikes|p2a: Grimmsnarl
|-sidestart|p2: DarkboiJ|Spikes
|move|p2a: Grimmsnarl|Reflect|p2a: Grimmsnarl
|-sidestart|p2: DarkboiJ|Reflect
|
|-sideend|p1: NOAH MK2|move: Light Screen
|upkeep
|turn|19
|
|t:|1665674071
|switch|p1a: Whimsicott|Whimsicott, M|25/100
|-damage|p1a: Whimsicott|13/100|[from] Stealth Rock
|move|p2a: Grimmsnarl|Light Screen|p2a: Grimmsnarl
|-sidestart|p2: DarkboiJ|move: Light Screen
|
|-heal|p1a: Whimsicott|19/100|[from] item: Leftovers
|upkeep
|turn|20
|
|t:|1665674077
|move|p1a: Whimsicott|Moonblast|p2a: Grimmsnarl
|-supereffective|p2a: Grimmsnarl
|-damage|p2a: Grimmsnarl|5/100
|move|p2a: Grimmsnarl|Play Rough|p1a: Whimsicott
|-damage|p1a: Whimsicott|0 fnt
|faint|p1a: Whimsicott
|
|upkeep
|inactive|NOAH MK2 has 120 seconds left.
|
|t:|1665674108
|switch|p1a: Klefki|Klefki, F|66/100
|-damage|p1a: Klefki|60/100|[from] Stealth Rock
|turn|21
|
|t:|1665674113
|move|p1a: Klefki|Light Screen|p1a: Klefki
|-sidestart|p1: NOAH MK2|move: Light Screen
|move|p2a: Grimmsnarl|Taunt|p1a: Klefki
|-start|p1a: Klefki|move: Taunt
|
|upkeep
|turn|22
|
|t:|1665674129
|switch|p1a: Arceus|Arceus-Ground|100/100
|-damage|p1a: Arceus|94/100|[from] Stealth Rock
|move|p2a: Grimmsnarl|Play Rough|p1a: Arceus
|-damage|p1a: Arceus|85/100
|
|upkeep
|turn|23
|
|t:|1665674142
|move|p2a: Grimmsnarl|Taunt|p1a: Arceus
|-start|p1a: Arceus|move: Taunt
|move|p1a: Arceus|Judgment|p2a: Grimmsnarl
|-damage|p2a: Grimmsnarl|0 fnt
|faint|p2a: Grimmsnarl
|
|upkeep
|
|t:|1665674149
|switch|p2a: Kyurem|Kyurem-Black|100/100
|-damage|p2a: Kyurem|76/100|[from] Spikes
|-ability|p2a: Kyurem|Teravolt
|turn|24
|
|t:|1665674156
|switch|p1a: Klefki|Klefki, F|60/100
|-damage|p1a: Klefki|54/100|[from] Stealth Rock
|move|p2a: Kyurem|Dragon Dance|p2a: Kyurem
|-boost|p2a: Kyurem|atk|1
|-boost|p2a: Kyurem|spe|1
|
|-sideend|p1: NOAH MK2|Reflect
|upkeep
|turn|25
|
|t:|1665674161
|move|p1a: Klefki|Reflect|p1a: Klefki
|-sidestart|p1: NOAH MK2|Reflect
|move|p2a: Kyurem|Dragon Dance|p2a: Kyurem
|-boost|p2a: Kyurem|atk|1
|-boost|p2a: Kyurem|spe|1
|
|-sideend|p2: DarkboiJ|Reflect
|upkeep
|turn|26
|
|t:|1665674166
|move|p2a: Kyurem|Dragon Dance|p2a: Kyurem
|-boost|p2a: Kyurem|atk|1
|-boost|p2a: Kyurem|spe|1
|move|p1a: Klefki|Foul Play|p2a: Kyurem
|-damage|p2a: Kyurem|0 fnt
|faint|p2a: Kyurem
|
|-sideend|p2: DarkboiJ|move: Light Screen
|upkeep
|
|t:|1665674179
|switch|p2a: Jessie|Yanmega, F, shiny|100/100
|turn|27
|
|t:|1665674186
|switch|p1a: Arceus|Arceus-Ground|85/100
|-damage|p1a: Arceus|79/100|[from] Stealth Rock
|-start|p2a: Jessie|Dynamax|
|-heal|p2a: Jessie|100/100|[silent]
|move|p2a: Jessie|Max Airstream|p1a: Arceus
|-damage|p1a: Arceus|54/100
|-boost|p2a: Jessie|spe|1
|-damage|p2a: Jessie|96/100|[from] item: Life Orb
|
|upkeep
|turn|28
|
|t:|1665674192
|move|p2a: Jessie|Max Flutterby|p1a: Arceus
|-damage|p1a: Arceus|26/100
|-unboost|p1a: Arceus|spa|1
|-damage|p2a: Jessie|91/100|[from] item: Life Orb
|move|p1a: Arceus|Defog|p2a: Jessie
|-unboost|p2a: Jessie|evasion|1
|-sideend|p2: DarkboiJ|Spikes|[from] move: Defog|[of] p1a: Arceus
|-sideend|p1: NOAH MK2|Stealth Rock|[from] move: Defog|[of] p1a: Arceus
|
|-sideend|p1: NOAH MK2|move: Light Screen
|upkeep
|turn|29
|
|t:|1665674211
|switch|p1a: Klefki|Klefki, F|54/100
|move|p2a: Jessie|Max Airstream|p1a: Klefki
|-resisted|p1a: Klefki
|-damage|p1a: Klefki|0 fnt
|-boost|p2a: Jessie|spe|1
|faint|p1a: Klefki
|-damage|p2a: Jessie|86/100|[from] item: Life Orb
|
|upkeep
|
|t:|1665674229
|switch|p1a: Yveltal|Yveltal|100/100
|-ability|p1a: Yveltal|Dark Aura
|-end|p2a: Jessie|Dynamax
|-heal|p2a: Jessie|86/100|[silent]
|turn|30
|
|t:|1665674234
|move|p2a: Jessie|Bug Buzz|p1a: Yveltal
|-damage|p1a: Yveltal|53/100
|-damage|p2a: Jessie|76/100|[from] item: Life Orb
|move|p1a: Yveltal|Oblivion Wing|p2a: Jessie
|-supereffective|p2a: Jessie
|-damage|p2a: Jessie|0 fnt
|-heal|p1a: Yveltal|98/100|[from] drain|[of] p2a: Jessie
|faint|p2a: Jessie
|-damage|p1a: Yveltal|89/100|[from] item: Life Orb
|
|upkeep
|
|t:|1665674239
|switch|p2a: Arceus|Arceus-Fairy|88/100
|turn|31
|
|t:|1665674262
|-start|p1a: Yveltal|Dynamax|
|-heal|p1a: Yveltal|89/100|[silent]
|move|p1a: Yveltal|Max Airstream|p2a: Arceus
|-damage|p2a: Arceus|46/100
|-boost|p1a: Yveltal|spe|1
|-damage|p1a: Yveltal|84/100|[from] item: Life Orb
|move|p2a: Arceus|Judgment|p1a: Yveltal
|-supereffective|p1a: Yveltal
|-damage|p1a: Yveltal|41/100
|
|upkeep
|turn|32
|
|t:|1665674272
|move|p1a: Yveltal|Max Airstream|p2a: Arceus
|-damage|p2a: Arceus|2/100
|-boost|p1a: Yveltal|spe|1
|-damage|p1a: Yveltal|36/100|[from] item: Life Orb
|move|p2a: Arceus|Recover|p2a: Arceus
|-heal|p2a: Arceus|52/100
|
|-sideend|p1: NOAH MK2|Reflect
|upkeep
|turn|33
|
|t:|1665674278
|move|p1a: Yveltal|Max Darkness|p2a: Arceus
|-resisted|p2a: Arceus
|-damage|p2a: Arceus|25/100
|-unboost|p2a: Arceus|spd|1
|-damage|p1a: Yveltal|31/100|[from] item: Life Orb
|move|p2a: Arceus|Recover|p2a: Arceus
|-heal|p2a: Arceus|75/100
|
|upkeep
|-end|p1a: Yveltal|Dynamax
|-heal|p1a: Yveltal|31/100|[silent]
|turn|34
|
|t:|1665674289
|move|p1a: Yveltal|Oblivion Wing|p2a: Arceus
|-damage|p2a: Arceus|37/100
|-heal|p1a: Yveltal|63/100|[from] drain|[of] p2a: Arceus
|-damage|p1a: Yveltal|53/100|[from] item: Life Orb
|move|p2a: Arceus|Stealth Rock|p1a: Yveltal
|-sidestart|p1: NOAH MK2|move: Stealth Rock
|
|upkeep
|turn|35
|
|t:|1665674304
|switch|p2a: Arceus|Arceus|100/100
|move|p1a: Yveltal|Oblivion Wing|p2a: Arceus
|-damage|p2a: Arceus|66/100
|-heal|p1a: Yveltal|82/100|[from] drain|[of] p2a: Arceus
|-damage|p1a: Yveltal|72/100|[from] item: Life Orb
|
|upkeep
|turn|36
|
|t:|1665674309
|move|p1a: Yveltal|Focus Blast|p2a: Arceus|[miss]
|-miss|p1a: Yveltal|p2a: Arceus
|move|p2a: Arceus|Swords Dance|p2a: Arceus
|-boost|p2a: Arceus|atk|2
|
|upkeep
|turn|37
|
|t:|1665674315
|move|p2a: Arceus|Extreme Speed|p1a: Yveltal
|-damage|p1a: Yveltal|0 fnt
|faint|p1a: Yveltal
|
|upkeep
|
|t:|1665674319
|switch|p1a: Marshadow|Marshadow|100/100
|-damage|p1a: Marshadow|94/100|[from] Stealth Rock
|turn|38
|
|t:|1665674332
|switch|p2a: Ditto|Ditto, shiny|100/100
|-transform|p2a: Ditto|p1a: Marshadow|[from] ability: Imposter
|move|p1a: Marshadow|Close Combat|p2a: Ditto
|-immune|p2a: Ditto
|
|upkeep
|turn|39
|
|t:|1665674336
|move|p1a: Marshadow|Shadow Sneak|p2a: Ditto
|-supereffective|p2a: Ditto
|-damage|p2a: Ditto|22/100
|move|p2a: Ditto|Spectral Thief|p1a: Marshadow
|-supereffective|p1a: Marshadow
|-damage|p1a: Marshadow|0 fnt
|faint|p1a: Marshadow
|
|upkeep
|-message|NOAH MK2 forfeited.
|
|win|DarkboiJ
|raw|NOAH MK2's rating: 1897 &rarr; <strong>1872</strong><br />(-25 for losing)
|raw|DarkboiJ's rating: 1804 &rarr; <strong>1829</strong><br />(+25 for winning)
|l|☆NOAH MK2
