|j|☆spicyntegral
|j|☆kutscher
|t:|1654377220
|gametype|singles
|player|p1|spicyntegral|n|1572
|player|p2|kutscher|169|1643
|teamsize|p1|6
|teamsize|p2|6
|gen|8
|tier|[Gen 8] National Dex AG
|rated|
|rule|HP Percentage Mod: HP is shown in percentages
|rule|Endless Battle Clause: Forcing endless battles is banned
|clearpoke
|poke|p1|Kyogre|
|poke|p1|Ho-Oh|
|poke|p1|Rayquaza|
|poke|p1|Arceus-*|
|poke|p1|Yveltal|
|poke|p1|Necrozma-Dusk-Mane|
|poke|p2|Smeargle, F|
|poke|p2|Smeargle, F|
|poke|p2|Groudon|
|poke|p2|Calyrex-Shadow|
|poke|p2|Rayquaza|
|poke|p2|Yveltal|
|teampreview
|
|t:|1654377225
|start
|switch|p1a: Rayquaza|Rayquaza, shiny|100/100
|switch|p2a: Smeargle|Smeargle, F|100/100
|-ability|p1a: Rayquaza|Air Lock
|turn|1
|inactive|Battle timer is ON: inactive players will automatically lose when time's up. (requested by kutscher)
|
|t:|1654377231
|detailschange|p1a: Rayquaza|Rayquaza-Mega, shiny
|-mega|p1a: Rayquaza|Rayquaza|
|-weather|DeltaStream|[from] ability: Delta Stream|[of] p1a: Rayquaza
|move|p1a: Rayquaza|Dragon Ascent|p2a: Smeargle
|-enditem|p2a: Smeargle|Focus Sash
|-damage|p2a: Smeargle|1/100
|-unboost|p1a: Rayquaza|def|1
|-unboost|p1a: Rayquaza|spd|1
|-damage|p1a: Rayquaza|91/100|[from] item: Life Orb
|move|p2a: Smeargle|Spore|p1a: Rayquaza
|-status|p1a: Rayquaza|slp|[from] move: Spore
|
|-weather|DeltaStream|[upkeep]
|upkeep
|turn|2
|
|t:|1654377238
|cant|p1a: Rayquaza|slp
|move|p2a: Smeargle|Sticky Web|p1a: Rayquaza
|-sidestart|p1: spicyntegral|move: Sticky Web
|
|-weather|DeltaStream|[upkeep]
|upkeep
|turn|3
|
|t:|1654377243
|-curestatus|p1a: Rayquaza|slp|[msg]
|move|p1a: Rayquaza|Extreme Speed|p2a: Smeargle
|-damage|p2a: Smeargle|0 fnt
|faint|p2a: Smeargle
|-damage|p1a: Rayquaza|81/100|[from] item: Life Orb
|
|-weather|DeltaStream|[upkeep]
|upkeep
|
|t:|1654377253
|switch|p2a: Calyrex|Calyrex-Shadow|100/100
|-ability|p2a: Calyrex|As One
|-ability|p2a: Calyrex|Unnerve
|turn|4
|
|t:|1654377258
|-weather|none
|switch|p1a: Yveltal|Yveltal|100/100
|-ability|p1a: Yveltal|Dark Aura
|move|p2a: Calyrex|Nasty Plot|p2a: Calyrex
|-boost|p2a: Calyrex|spa|2
|
|upkeep
|turn|5
|
|t:|1654377265
|-start|p2a: Calyrex|Dynamax|
|-heal|p2a: Calyrex|100/100|[silent]
|-start|p1a: Yveltal|Dynamax|
|-heal|p1a: Yveltal|100/100|[silent]
|move|p2a: Calyrex|Max Starfall|p1a: Yveltal
|-supereffective|p1a: Yveltal
|-damage|p1a: Yveltal|22/100
|-fieldstart|move: Misty Terrain
|move|p1a: Yveltal|Max Airstream|p2a: Calyrex
|-damage|p2a: Calyrex|55/100
|-boost|p1a: Yveltal|spe|1
|-damage|p1a: Yveltal|17/100|[from] item: Life Orb
|
|upkeep
|turn|6
|
|t:|1654377278
|move|p1a: Yveltal|Max Darkness|p2a: Calyrex
|-supereffective|p2a: Calyrex
|-damage|p2a: Calyrex|0 fnt
|faint|p2a: Calyrex
|-damage|p1a: Yveltal|12/100|[from] item: Life Orb
|
|upkeep
|
|t:|1654377284
|switch|p2a: Rayquaza|Rayquaza|100/100
|-ability|p2a: Rayquaza|Air Lock
|turn|7
|
|t:|1654377289
|detailschange|p2a: Rayquaza|Rayquaza-Mega
|-mega|p2a: Rayquaza|Rayquaza|
|-weather|DeltaStream|[from] ability: Delta Stream|[of] p2a: Rayquaza
|move|p2a: Rayquaza|Extreme Speed|p1a: Yveltal
|-damage|p1a: Yveltal|0 fnt
|faint|p1a: Yveltal
|
|-weather|DeltaStream|[upkeep]
|upkeep
|
|t:|1654377300
|switch|p1a: Necrozma|Necrozma-Dusk-Mane|100/100
|-activate|p1a: Necrozma|move: Sticky Web
|-unboost|p1a: Necrozma|spe|1
|turn|8
|
|t:|1654377304
|-weather|none
|switch|p2a: Yveltal|Yveltal|100/100
|-ability|p2a: Yveltal|Dark Aura
|move|p1a: Necrozma|Sunsteel Strike|p2a: Yveltal
|-damage|p2a: Yveltal|55/100
|
|upkeep
|turn|9
|
|t:|1654377315
|switch|p1a: Ho-Oh|Ho-Oh|100/100
|move|p2a: Yveltal|Dark Pulse|p1a: Ho-Oh
|-damage|p1a: Ho-Oh|69/100
|-damage|p2a: Yveltal|46/100|[from] item: Life Orb
|
|-fieldend|Misty Terrain
|upkeep
|turn|10
|
|t:|1654377321
|move|p2a: Yveltal|Taunt|p1a: Ho-Oh
|-start|p1a: Ho-Oh|move: Taunt
|cant|p1a: Ho-Oh|move: Taunt|Defog
|
|upkeep
|turn|11
|
|t:|1654377326
|move|p2a: Yveltal|Dark Pulse|p1a: Ho-Oh
|-damage|p1a: Ho-Oh|37/100
|-damage|p2a: Yveltal|36/100|[from] item: Life Orb
|move|p1a: Ho-Oh|Sacred Fire|p2a: Yveltal
|-damage|p2a: Yveltal|0 fnt
|faint|p2a: Yveltal
|
|upkeep
|
|t:|1654377330
|switch|p2a: Smeargle|Smeargle, F|100/100
|turn|12
|
|t:|1654377345
|switch|p1a: Necrozma|Necrozma-Dusk-Mane|100/100
|-activate|p1a: Necrozma|move: Sticky Web
|-unboost|p1a: Necrozma|spe|1
|move|p2a: Smeargle|Spore|p1a: Necrozma
|-status|p1a: Necrozma|slp|[from] move: Spore
|
|-ability|p2a: Smeargle|Moody|boost
|-boost|p2a: Smeargle|atk|2
|-unboost|p2a: Smeargle|spa|1
|upkeep
|turn|13
|
|t:|1654377354
|move|p2a: Smeargle|Substitute|p2a: Smeargle
|-start|p2a: Smeargle|Substitute
|-damage|p2a: Smeargle|75/100
|cant|p1a: Necrozma|slp
|
|-heal|p2a: Smeargle|81/100|[from] item: Leftovers
|-ability|p2a: Smeargle|Moody|boost
|-boost|p2a: Smeargle|spe|2
|-unboost|p2a: Smeargle|spd|1
|upkeep
|turn|14
|
|t:|1654377361
|move|p2a: Smeargle|Shell Smash|p2a: Smeargle
|-unboost|p2a: Smeargle|def|1
|-unboost|p2a: Smeargle|spd|1
|-boost|p2a: Smeargle|atk|2
|-boost|p2a: Smeargle|spa|2
|-boost|p2a: Smeargle|spe|2
|-curestatus|p1a: Necrozma|slp|[msg]
|move|p1a: Necrozma|Sunsteel Strike|p2a: Smeargle
|-end|p2a: Smeargle|Substitute
|
|-heal|p2a: Smeargle|87/100|[from] item: Leftovers
|-ability|p2a: Smeargle|Moody|boost
|-boost|p2a: Smeargle|spa|2
|-unboost|p2a: Smeargle|spd|1
|upkeep
|turn|15
|
|t:|1654377379
|switch|p1a: Rayquaza|Rayquaza-Mega, shiny|81/100
|-weather|DeltaStream|[from] ability: Delta Stream|[of] p1a: Rayquaza
|move|p2a: Smeargle|Spore|p1a: Rayquaza
|-status|p1a: Rayquaza|slp|[from] move: Spore
|
|-weather|DeltaStream|[upkeep]
|-heal|p2a: Smeargle|93/100|[from] item: Leftovers
|-ability|p2a: Smeargle|Moody|boost
|-boost|p2a: Smeargle|spa|2
|-unboost|p2a: Smeargle|spd|1
|upkeep
|turn|16
|
|t:|1654377385
|cant|p1a: Rayquaza|slp
|move|p2a: Smeargle|Substitute|p2a: Smeargle
|-start|p2a: Smeargle|Substitute
|-damage|p2a: Smeargle|68/100
|
|-weather|DeltaStream|[upkeep]
|-heal|p2a: Smeargle|74/100|[from] item: Leftovers
|-ability|p2a: Smeargle|Moody|boost
|-boost|p2a: Smeargle|atk|2
|-unboost|p2a: Smeargle|spe|1
|upkeep
|turn|17
|
|t:|1654377393
|cant|p1a: Rayquaza|slp
|move|p2a: Smeargle|Power Trip|p1a: Rayquaza
|-damage|p1a: Rayquaza|0 fnt
|faint|p1a: Rayquaza
|-weather|none
|
|-heal|p2a: Smeargle|80/100|[from] item: Leftovers
|-ability|p2a: Smeargle|Moody|boost
|-boost|p2a: Smeargle|spd|2
|-unboost|p2a: Smeargle|def|1
|upkeep
|
|t:|1654377404
|switch|p1a: Arceus|Arceus-Ground|100/100
|-activate|p1a: Arceus|move: Sticky Web
|-unboost|p1a: Arceus|spe|1
|turn|18
|
|t:|1654377408
|move|p2a: Smeargle|Spore|p1a: Arceus
|-status|p1a: Arceus|slp|[from] move: Spore
|cant|p1a: Arceus|slp
|
|-heal|p2a: Smeargle|86/100|[from] item: Leftovers
|-ability|p2a: Smeargle|Moody|boost
|-boost|p2a: Smeargle|def|2
|-unboost|p2a: Smeargle|atk|1
|upkeep
|turn|19
|
|t:|1654377411
|move|p2a: Smeargle|Power Trip|p1a: Arceus
|-damage|p1a: Arceus|38/100 slp
|cant|p1a: Arceus|slp
|
|-heal|p2a: Smeargle|92/100|[from] item: Leftovers
|-ability|p2a: Smeargle|Moody|boost
|-boost|p2a: Smeargle|spa|1
|-unboost|p2a: Smeargle|atk|1
|upkeep
|turn|20
|-message|spicyntegral forfeited.
|
|win|kutscher
|raw|spicyntegral's rating: 1572 &rarr; <strong>1556</strong><br />(-16 for losing)
|raw|kutscher's rating: 1643 &rarr; <strong>1659</strong><br />(+16 for winning)
|l|☆spicyntegral
||Ladder isn't responding, score probably updated but might not have (Request timeout).
