|j|☆amnael1
|j|☆Snake of the Moon
|t:|1659998780
|gametype|singles
|player|p1|amnael1|dawn|1771
|player|p2|Snake of the Moon|ethan-masters|1823
|teamsize|p1|6
|teamsize|p2|6
|gen|8
|tier|[Gen 8] National Dex AG
|rated|
|rule|HP Percentage Mod: HP is shown in percentages
|rule|Endless Battle Clause: Forcing endless battles is banned
|clearpoke
|poke|p1|Smeargle, M|
|poke|p1|Groudon|
|poke|p1|Espeon, F|
|poke|p1|Rayquaza|
|poke|p1|Xerneas-*|
|poke|p1|Zacian-*|
|poke|p2|Ferrothorn, F|
|poke|p2|Quagsire, F|
|poke|p2|Tyranitar, M|
|poke|p2|Ditto|
|poke|p2|Lugia|
|poke|p2|Arceus-*|
|teampreview
|inactive|Battle timer is ON: inactive players will automatically lose when time's up. (requested by Snake of the Moon)
|
|t:|1659998790
|start
|switch|p1a: Groudon|Groudon|100/100
|switch|p2a: Lugia|Lugia|100/100
|detailschange|p1a: Groudon|Groudon-Primal
|-primal|p1a: Groudon
|-weather|DesolateLand|[from] ability: Desolate Land|[of] p1a: Groudon
|turn|1
|
|t:|1659998795
|-weather|none
|switch|p1a: Espeon|Espeon, F|100/100
|move|p2a: Lugia|Ice Beam|p1a: Espeon
|-damage|p1a: Espeon|77/100
|
|upkeep
|turn|2
|
|t:|1659998804
|move|p1a: Espeon|Yawn|p2a: Lugia
|-start|p2a: Lugia|move: Yawn|[of] p1a: Espeon
|move|p2a: Lugia|Ice Beam|p1a: Espeon
|-damage|p1a: Espeon|50/100
|
|upkeep
|turn|3
|
|t:|1659998812
|switch|p2a: Arceus|Arceus-Poison|100/100
|move|p1a: Espeon|Baton Pass|p1a: Espeon
|
|t:|1659998815
|switch|p1a: Groudon|Groudon-Primal|100/100|[from]move: Baton Pass
|-weather|DesolateLand|[from] ability: Desolate Land|[of] p1a: Groudon
|
|-weather|DesolateLand|[upkeep]
|upkeep
|turn|4
|
|t:|1659998817
|switch|p2a: Lugia|Lugia|100/100
|move|p1a: Groudon|Stealth Rock|p2a: Lugia
|-sidestart|p2: Snake of the Moon|move: Stealth Rock
|
|-weather|DesolateLand|[upkeep]
|upkeep
|turn|5
|
|t:|1659998822
|-weather|none
|switch|p1a: Espeon|Espeon, F|50/100
|move|p2a: Lugia|Ice Beam|p1a: Espeon
|-damage|p1a: Espeon|24/100
|
|upkeep
|turn|6
|
|t:|1659998829
|switch|p2a: Arceus|Arceus-Poison|100/100
|-damage|p2a: Arceus|88/100|[from] Stealth Rock
|move|p1a: Espeon|Yawn|p2a: Arceus
|-start|p2a: Arceus|move: Yawn|[of] p1a: Espeon
|
|upkeep
|turn|7
|
|t:|1659998846
|switch|p2a: Ferrothorn|Ferrothorn, F|100/100
|-damage|p2a: Ferrothorn|94/100|[from] Stealth Rock
|move|p1a: Espeon|Baton Pass|p1a: Espeon
|
|t:|1659998850
|switch|p1a: Groudon|Groudon-Primal|100/100|[from]move: Baton Pass
|-weather|DesolateLand|[from] ability: Desolate Land|[of] p1a: Groudon
|
|-weather|DesolateLand|[upkeep]
|-heal|p2a: Ferrothorn|100/100|[from] item: Leftovers
|upkeep
|turn|8
|
|t:|1659998855
|switch|p2a: Arceus|Arceus-Poison|88/100
|-damage|p2a: Arceus|76/100|[from] Stealth Rock
|move|p1a: Groudon|Fire Punch|p2a: Arceus
|-damage|p2a: Arceus|25/100
|
|-weather|DesolateLand|[upkeep]
|upkeep
|turn|9
|
|t:|1659998859
|switch|p2a: Lugia|Lugia|100/100
|-damage|p2a: Lugia|75/100|[from] Stealth Rock
|move|p1a: Groudon|Earthquake|p2a: Lugia
|-immune|p2a: Lugia
|
|-weather|DesolateLand|[upkeep]
|-heal|p2a: Lugia|82/100|[from] item: Leftovers
|upkeep
|turn|10
|
|t:|1659998861
|-weather|none
|switch|p1a: Espeon|Espeon, F|24/100
|move|p2a: Lugia|Roost|p2a: Lugia
|-heal|p2a: Lugia|100/100
|-singleturn|p2a: Lugia|move: Roost
|
|upkeep
|turn|11
|
|t:|1659998866
|move|p1a: Espeon|Yawn|p2a: Lugia
|-start|p2a: Lugia|move: Yawn|[of] p1a: Espeon
|move|p2a: Lugia|Ice Beam|p1a: Espeon
|-damage|p1a: Espeon|0 fnt
|faint|p1a: Espeon
|
|upkeep
|
|t:|1659998873
|switch|p1a: Smeargle|Smeargle, M|100/100
|turn|12
|
|t:|1659998877
|move|p1a: Smeargle|Shift Gear|p1a: Smeargle
|-boost|p1a: Smeargle|spe|2
|-boost|p1a: Smeargle|atk|1
|move|p2a: Lugia|Whirlwind|p1a: Smeargle
|drag|p1a: Xerneas|Xerneas|100/100
|-ability|p1a: Xerneas|Fairy Aura
|
|-end|p2a: Lugia|move: Yawn|[silent]
|-status|p2a: Lugia|slp
|upkeep
|turn|13
|
|t:|1659998881
|move|p1a: Xerneas|Geomancy||[still]
|-prepare|p1a: Xerneas|Geomancy
|-enditem|p1a: Xerneas|Power Herb
|-anim|p1a: Xerneas|Geomancy|p1a: Xerneas
|-boost|p1a: Xerneas|spa|2
|-boost|p1a: Xerneas|spd|2
|-boost|p1a: Xerneas|spe|2
|cant|p2a: Lugia|slp
|
|upkeep
|turn|14
|
|t:|1659998884
|move|p1a: Xerneas|Moonblast|p2a: Lugia
|-damage|p2a: Lugia|68/100 slp
|-unboost|p2a: Lugia|spa|1
|cant|p2a: Lugia|slp
|
|-heal|p2a: Lugia|75/100 slp|[from] item: Leftovers
|upkeep
|turn|15
|
|t:|1659998892
|-start|p1a: Xerneas|Dynamax|
|-heal|p1a: Xerneas|100/100|[silent]
|move|p1a: Xerneas|Max Starfall|p2a: Lugia
|-damage|p2a: Lugia|0 fnt
|-fieldstart|move: Misty Terrain
|faint|p2a: Lugia
|
|upkeep
|
|t:|1659998896
|switch|p2a: Arceus|Arceus-Poison|25/100
|-damage|p2a: Arceus|12/100|[from] Stealth Rock
|turn|16
|
|t:|1659998902
|move|p1a: Xerneas|Max Starfall|p2a: Arceus
|-resisted|p2a: Arceus
|-damage|p2a: Arceus|0 fnt
|faint|p2a: Arceus
|
|upkeep
|
|t:|1659998905
|switch|p2a: Ditto|Ditto|100/100
|-damage|p2a: Ditto|88/100|[from] Stealth Rock
|-transform|p2a: Ditto|p1a: Xerneas|[from] ability: Imposter
|-ability|p2a: Ditto|Fairy Aura
|turn|17
|
|t:|1659998912
|-start|p2a: Ditto|Dynamax|
|-heal|p2a: Ditto|88/100|[silent]
|move|p2a: Ditto|Max Guard|p2a: Ditto
|-singleturn|p2a: Ditto|Max Guard
|move|p1a: Xerneas|Max Starfall|p2a: Ditto
|-activate|p2a: Ditto|move: Max Guard
|
|upkeep
|-end|p1a: Xerneas|Dynamax
|-heal|p1a: Xerneas|100/100|[silent]
|turn|18
|
|t:|1659998914
|move|p1a: Xerneas|Moonblast|p2a: Ditto
|-damage|p2a: Ditto|58/100
|-unboost|p2a: Ditto|spa|1
|move|p2a: Ditto|Max Starfall|p1a: Xerneas
|-damage|p1a: Xerneas|61/100
|
|upkeep
|turn|19
|
|t:|1659998931
|move|p2a: Ditto|Max Starfall|p1a: Xerneas
|-damage|p1a: Xerneas|17/100
|move|p1a: Xerneas|Moonblast|p2a: Ditto
|-damage|p2a: Ditto|30/100
|
|-fieldend|Misty Terrain
|upkeep
|-end|p2a: Ditto|Dynamax
|-heal|p2a: Ditto|30/100|[silent]
|turn|20
|
|t:|1659998935
|move|p2a: Ditto|Moonblast|p1a: Xerneas
|-damage|p1a: Xerneas|0 fnt
|faint|p1a: Xerneas
|
|upkeep
|
|t:|1659998937
|switch|p1a: Rayquaza|Rayquaza|100/100
|-ability|p1a: Rayquaza|Air Lock
|turn|21
|
|t:|1659998941
|switch|p2a: Ferrothorn|Ferrothorn, F|100/100
|-damage|p2a: Ferrothorn|94/100|[from] Stealth Rock
|detailschange|p1a: Rayquaza|Rayquaza-Mega
|-mega|p1a: Rayquaza|Rayquaza|
|-weather|DeltaStream|[from] ability: Delta Stream|[of] p1a: Rayquaza
|move|p1a: Rayquaza|Extreme Speed|p2a: Ferrothorn
|-resisted|p2a: Ferrothorn
|-damage|p2a: Ferrothorn|81/100
|-damage|p1a: Rayquaza|88/100|[from] ability: Iron Barbs|[of] p2a: Ferrothorn
|
|-weather|DeltaStream|[upkeep]
|-heal|p2a: Ferrothorn|87/100|[from] item: Leftovers
|upkeep
|turn|22
|
|t:|1659998946
|-weather|none
|switch|p1a: Groudon|Groudon-Primal|100/100
|-weather|DesolateLand|[from] ability: Desolate Land|[of] p1a: Groudon
|move|p2a: Ferrothorn|Leech Seed|p1a: Groudon
|-start|p1a: Groudon|move: Leech Seed
|
|-weather|DesolateLand|[upkeep]
|-heal|p2a: Ferrothorn|93/100|[from] item: Leftovers
|-damage|p1a: Groudon|88/100|[from] Leech Seed|[of] p2a: Ferrothorn
|-heal|p2a: Ferrothorn|100/100|[silent]
|upkeep
|turn|23
|
|t:|1659998951
|switch|p2a: Quagsire|Quagsire, F|100/100
|-damage|p2a: Quagsire|94/100|[from] Stealth Rock
|move|p1a: Groudon|Fire Punch|p2a: Quagsire
|-resisted|p2a: Quagsire
|-damage|p2a: Quagsire|66/100
|
|-weather|DesolateLand|[upkeep]
|-heal|p2a: Quagsire|72/100|[from] item: Leftovers
|-damage|p1a: Groudon|76/100|[from] Leech Seed|[of] p2a: Quagsire
|-heal|p2a: Quagsire|83/100|[silent]
|upkeep
|turn|24
|
|t:|1659998956
|-weather|none
|switch|p1a: Smeargle|Smeargle, M|100/100
|move|p2a: Quagsire|Recover|p2a: Quagsire
|-heal|p2a: Quagsire|100/100
|
|-ability|p1a: Smeargle|Moody|boost
|-boost|p1a: Smeargle|spd|2
|-unboost|p1a: Smeargle|atk|1
|upkeep
|turn|25
|
|t:|1659998960
|move|p1a: Smeargle|Shift Gear|p1a: Smeargle
|-boost|p1a: Smeargle|spe|2
|-boost|p1a: Smeargle|atk|1
|move|p2a: Quagsire|Recover||[still]
|-fail|p2a: Quagsire|heal
|
|-ability|p1a: Smeargle|Moody|boost
|-boost|p1a: Smeargle|spa|2
|-unboost|p1a: Smeargle|def|1
|upkeep
|turn|26
|
|t:|1659998966
|switch|p2a: Ferrothorn|Ferrothorn, F|100/100
|-damage|p2a: Ferrothorn|94/100|[from] Stealth Rock
|move|p1a: Smeargle|Shift Gear|p1a: Smeargle
|-boost|p1a: Smeargle|spe|2
|-boost|p1a: Smeargle|atk|1
|
|-heal|p2a: Ferrothorn|100/100|[from] item: Leftovers
|-ability|p1a: Smeargle|Moody|boost
|-boost|p1a: Smeargle|atk|2
|-unboost|p1a: Smeargle|spe|1
|upkeep
|turn|27
|
|t:|1659998973
|move|p1a: Smeargle|Spiky Shield|p1a: Smeargle
|-singleturn|p1a: Smeargle|move: Protect
|move|p2a: Ferrothorn|Stealth Rock|p1a: Smeargle
|-sidestart|p1: amnael1|move: Stealth Rock
|
|-ability|p1a: Smeargle|Moody|boost
|-boost|p1a: Smeargle|spe|2
|-unboost|p1a: Smeargle|def|1
|upkeep
|turn|28
|
|t:|1659998975
|move|p1a: Smeargle|Baton Pass|p1a: Smeargle
|
|t:|1659998977
|switch|p1a: Groudon|Groudon-Primal|76/100|[from]move: Baton Pass
|-damage|p1a: Groudon|64/100|[from] Stealth Rock
|-weather|DesolateLand|[from] ability: Desolate Land|[of] p1a: Groudon
|move|p2a: Ferrothorn|Body Press|p1a: Groudon
|-damage|p1a: Groudon|32/100
|
|-weather|DesolateLand|[upkeep]
|upkeep
|turn|29
|
|t:|1659998982
|switch|p2a: Quagsire|Quagsire, F|100/100
|-damage|p2a: Quagsire|94/100|[from] Stealth Rock
|move|p1a: Groudon|Earthquake|p2a: Quagsire
|-damage|p2a: Quagsire|50/100
|
|-weather|DesolateLand|[upkeep]
|-heal|p2a: Quagsire|56/100|[from] item: Leftovers
|upkeep
|turn|30
|j| Nate2014
|
|t:|1659998988
|move|p1a: Groudon|Earthquake|p2a: Quagsire
|-damage|p2a: Quagsire|9/100
|move|p2a: Quagsire|Recover|p2a: Quagsire
|-heal|p2a: Quagsire|59/100
|
|-weather|DesolateLand|[upkeep]
|-heal|p2a: Quagsire|65/100|[from] item: Leftovers
|upkeep
|turn|31
|
|t:|1659998990
|move|p1a: Groudon|Earthquake|p2a: Quagsire
|-damage|p2a: Quagsire|21/100
|move|p2a: Quagsire|Recover|p2a: Quagsire
|-heal|p2a: Quagsire|71/100
|
|-weather|DesolateLand|[upkeep]
|-heal|p2a: Quagsire|77/100|[from] item: Leftovers
|upkeep
|turn|32
|
|t:|1659999000
|move|p1a: Groudon|Earthquake|p2a: Quagsire
|-damage|p2a: Quagsire|27/100
|move|p2a: Quagsire|Recover|p2a: Quagsire
|-heal|p2a: Quagsire|77/100
|
|-weather|DesolateLand|[upkeep]
|-heal|p2a: Quagsire|83/100|[from] item: Leftovers
|upkeep
|turn|33
|
|t:|1659999002
|move|p1a: Groudon|Earthquake|p2a: Quagsire
|-damage|p2a: Quagsire|41/100
|move|p2a: Quagsire|Recover|p2a: Quagsire
|-heal|p2a: Quagsire|91/100
|
|-weather|DesolateLand|[upkeep]
|-heal|p2a: Quagsire|97/100|[from] item: Leftovers
|upkeep
|turn|34
|
|t:|1659999005
|move|p1a: Groudon|Earthquake|p2a: Quagsire
|-damage|p2a: Quagsire|48/100
|move|p2a: Quagsire|Recover|p2a: Quagsire
|-heal|p2a: Quagsire|98/100
|
|-weather|DesolateLand|[upkeep]
|-heal|p2a: Quagsire|100/100|[from] item: Leftovers
|upkeep
|turn|35
|
|t:|1659999009
|move|p1a: Groudon|Earthquake|p2a: Quagsire
|-damage|p2a: Quagsire|58/100
|move|p2a: Quagsire|Earthquake|p1a: Groudon
|-supereffective|p1a: Groudon
|-damage|p1a: Groudon|0 fnt
|faint|p1a: Groudon
|-weather|none
|
|-heal|p2a: Quagsire|64/100|[from] item: Leftovers
|upkeep
|
|t:|1659999017
|switch|p1a: Rayquaza|Rayquaza-Mega|88/100
|-damage|p1a: Rayquaza|63/100|[from] Stealth Rock
|-weather|DeltaStream|[from] ability: Delta Stream|[of] p1a: Rayquaza
|turn|36
|
|t:|1659999031
|move|p1a: Rayquaza|Dragon Ascent|p2a: Quagsire
|-damage|p2a: Quagsire|5/100
|-unboost|p1a: Rayquaza|def|1
|-unboost|p1a: Rayquaza|spd|1
|move|p2a: Quagsire|Counter|p1a: Rayquaza
|-damage|p1a: Rayquaza|0 fnt
|faint|p1a: Rayquaza
|-weather|none
|
|-heal|p2a: Quagsire|11/100|[from] item: Leftovers
|upkeep
|
|t:|1659999036
|switch|p1a: Smeargle|Smeargle, M|100/100
|-damage|p1a: Smeargle|88/100|[from] Stealth Rock
|turn|37
|
|t:|1659999042
|switch|p2a: Ferrothorn|Ferrothorn, F|100/100
|-damage|p2a: Ferrothorn|94/100|[from] Stealth Rock
|move|p1a: Smeargle|Spore|p2a: Ferrothorn
|-immune|p2a: Ferrothorn
|
|-heal|p2a: Ferrothorn|100/100|[from] item: Leftovers
|-ability|p1a: Smeargle|Moody|boost
|-boost|p1a: Smeargle|spd|2
|-unboost|p1a: Smeargle|atk|1
|upkeep
|turn|38
|
|t:|1659999047
|move|p1a: Smeargle|Shift Gear|p1a: Smeargle
|-boost|p1a: Smeargle|spe|2
|-boost|p1a: Smeargle|atk|1
|move|p2a: Ferrothorn|Iron Defense|p2a: Ferrothorn
|-boost|p2a: Ferrothorn|def|2
|
|-ability|p1a: Smeargle|Moody|boost
|-boost|p1a: Smeargle|atk|2
|-unboost|p1a: Smeargle|spe|1
|upkeep
|turn|39
|inactive|Snake of the Moon has 120 seconds left.
|
|t:|1659999079
|move|p1a: Smeargle|Spiky Shield|p1a: Smeargle
|-singleturn|p1a: Smeargle|move: Protect
|move|p2a: Ferrothorn|Body Press|p1a: Smeargle
|-activate|p1a: Smeargle|move: Protect
|-damage|p2a: Ferrothorn|88/100|[from] Spiky Shield|[of] p1a: Smeargle
|
|-heal|p2a: Ferrothorn|94/100|[from] item: Leftovers
|-ability|p1a: Smeargle|Moody|boost
|-boost|p1a: Smeargle|atk|2
|-unboost|p1a: Smeargle|spa|1
|upkeep
|turn|40
|
|t:|1659999084
|move|p1a: Smeargle|Shift Gear|p1a: Smeargle
|-boost|p1a: Smeargle|spe|2
|-boost|p1a: Smeargle|atk|1
|move|p2a: Ferrothorn|Body Press|p1a: Smeargle
|-supereffective|p1a: Smeargle
|-damage|p1a: Smeargle|0 fnt
|faint|p1a: Smeargle
|
|-heal|p2a: Ferrothorn|100/100|[from] item: Leftovers
|upkeep
|
|t:|1659999086
|switch|p1a: Zacian|Zacian-Crowned|100/100
|-damage|p1a: Zacian|94/100|[from] Stealth Rock
|-ability|p1a: Zacian|Intrepid Sword|boost
|-boost|p1a: Zacian|atk|1
|turn|41
|
|t:|1659999089
|move|p1a: Zacian|Close Combat|p2a: Ferrothorn
|-supereffective|p2a: Ferrothorn
|-damage|p2a: Ferrothorn|44/100
|-unboost|p1a: Zacian|def|1
|-unboost|p1a: Zacian|spd|1
|-damage|p1a: Zacian|82/100|[from] ability: Iron Barbs|[of] p2a: Ferrothorn
|move|p2a: Ferrothorn|Body Press|p1a: Zacian
|-crit|p1a: Zacian
|-damage|p1a: Zacian|0 fnt
|faint|p1a: Zacian
|
|win|Snake of the Moon
|raw|amnael1's rating: 1771 &rarr; <strong>1754</strong><br />(-17 for losing)
|raw|Snake of the Moon's rating: 1823 &rarr; <strong>1840</strong><br />(+17 for winning)
|l|☆amnael1
