|j|☆doot_underscore
|j|☆PrimalKyogre555
|t:|1668724712
|gametype|singles
|player|p1|doot_underscore|brock|1658
|player|p2|PrimalKyogre555|az|1962
|teamsize|p1|6
|teamsize|p2|6
|gen|8
|tier|[Gen 8] National Dex AG
|rated|
|rule|HP Percentage Mod: HP is shown in percentages
|rule|Endless Battle Clause: Forcing endless battles is banned
|clearpoke
|poke|p1|Marshadow|
|poke|p1|Kyogre|
|poke|p1|Arceus-*|
|poke|p1|Grimmsnarl, M|
|poke|p1|Groudon|
|poke|p1|Aerodactyl, M|
|poke|p2|Kyogre|
|poke|p2|Arceus-*|
|poke|p2|Rayquaza|
|poke|p2|Marshadow|
|poke|p2|Necrozma-Dusk-Mane|
|poke|p2|Yveltal|
|teampreview
|
|t:|1668724724
|start
|switch|p1a: redactyl|Aerodactyl, M|100/100
|switch|p2a: Marshadow|Marshadow|100/100
|-ability|p1a: redactyl|Pressure
|turn|1
|
|t:|1668724733
|move|p1a: redactyl|Dual Wingbeat|p2a: Marshadow
|-supereffective|p2a: Marshadow
|-damage|p2a: Marshadow|52/100
|-supereffective|p2a: Marshadow
|-damage|p2a: Marshadow|6/100
|-hitcount|p2a: Marshadow|2
|move|p2a: Marshadow|Poltergeist|p1a: redactyl
|-activate|p1a: redactyl|move: Poltergeist|Focus Sash
|-enditem|p1a: redactyl|Focus Sash
|-damage|p1a: redactyl|1/100
|-damage|p2a: Marshadow|0 fnt|[from] item: Life Orb
|faint|p2a: Marshadow
|
|upkeep
|
|t:|1668724738
|switch|p2a: Rayquaza|Rayquaza|100/100
|-ability|p2a: Rayquaza|Air Lock
|turn|2
|
|t:|1668724741
|detailschange|p2a: Rayquaza|Rayquaza-Mega
|-mega|p2a: Rayquaza|Rayquaza|
|-weather|DeltaStream|[from] ability: Delta Stream|[of] p2a: Rayquaza
|move|p2a: Rayquaza|Extreme Speed|p1a: redactyl
|-resisted|p1a: redactyl
|-damage|p1a: redactyl|0 fnt
|faint|p1a: redactyl
|
|-weather|DeltaStream|[upkeep]
|upkeep
|inactive|Battle timer is ON: inactive players will automatically lose when time's up. (requested by PrimalKyogre555)
|
|t:|1668724761
|switch|p1a: troupe master|Grimmsnarl, M|100/100
|turn|3
|
|t:|1668724766
|-weather|none
|switch|p2a: Necrozma|Necrozma-Dusk-Mane|100/100
|move|p1a: troupe master|Reflect|p1a: troupe master
|-sidestart|p1: doot_underscore|Reflect
|
|upkeep
|turn|4
|
|t:|1668724769
|move|p1a: troupe master|Taunt|p2a: Necrozma
|-start|p2a: Necrozma|move: Taunt
|cant|p2a: Necrozma|move: Taunt|Stealth Rock
|
|upkeep
|turn|5
|
|t:|1668724772
|switch|p1a: electric me|Groudon|100/100
|detailschange|p1a: electric me|Groudon-Primal
|-primal|p1a: electric me
|-weather|DesolateLand|[from] ability: Desolate Land|[of] p1a: electric me
|move|p2a: Necrozma|Sunsteel Strike|p1a: electric me
|-resisted|p1a: electric me
|-damage|p1a: electric me|92/100
|
|-weather|DesolateLand|[upkeep]
|upkeep
|turn|6
|
|t:|1668724775
|switch|p2a: Arceus|Arceus-Ground|100/100
|move|p1a: electric me|Rock Polish|p1a: electric me
|-boost|p1a: electric me|spe|2
|
|-weather|DesolateLand|[upkeep]
|upkeep
|turn|7
|
|t:|1668724780
|-weather|none
|switch|p1a: fly me to the moon|Arceus-Flying|100/100
|move|p2a: Arceus|Earthquake|p1a: fly me to the moon
|-immune|p1a: fly me to the moon
|
|upkeep
|turn|8
|
|t:|1668724788
|move|p1a: fly me to the moon|Judgment|p2a: Arceus
|-damage|p2a: Arceus|66/100
|move|p2a: Arceus|Swords Dance|p2a: Arceus
|-boost|p2a: Arceus|atk|2
|
|upkeep
|turn|9
|
|t:|1668724795
|move|p1a: fly me to the moon|Judgment|p2a: Arceus
|-damage|p2a: Arceus|25/100
|move|p2a: Arceus|Recover|p2a: Arceus
|-heal|p2a: Arceus|75/100
|
|upkeep
|turn|10
|
|t:|1668724803
|move|p1a: fly me to the moon|Judgment|p2a: Arceus
|-damage|p2a: Arceus|38/100
|move|p2a: Arceus|Recover|p2a: Arceus
|-heal|p2a: Arceus|88/100
|
|-sideend|p1: doot_underscore|Reflect
|upkeep
|turn|11
|
|t:|1668724805
|move|p1a: fly me to the moon|Judgment|p2a: Arceus
|-damage|p2a: Arceus|51/100
|move|p2a: Arceus|Stone Edge|p1a: fly me to the moon|[miss]
|-miss|p2a: Arceus|p1a: fly me to the moon
|
|upkeep
|turn|12
|
|t:|1668724812
|move|p1a: fly me to the moon|Judgment|p2a: Arceus
|-damage|p2a: Arceus|15/100
|move|p2a: Arceus|Recover|p2a: Arceus
|-heal|p2a: Arceus|65/100
|
|upkeep
|turn|13
|
|t:|1668724816
|move|p1a: fly me to the moon|Judgment|p2a: Arceus
|-damage|p2a: Arceus|31/100
|move|p2a: Arceus|Recover|p2a: Arceus
|-heal|p2a: Arceus|81/100
|
|upkeep
|turn|14
|
|t:|1668724820
|move|p1a: fly me to the moon|Calm Mind|p1a: fly me to the moon
|-boost|p1a: fly me to the moon|spa|1
|-boost|p1a: fly me to the moon|spd|1
|move|p2a: Arceus|Recover|p2a: Arceus
|-heal|p2a: Arceus|100/100
|
|upkeep
|turn|15
|
|t:|1668724822
|move|p1a: fly me to the moon|Judgment|p2a: Arceus
|-damage|p2a: Arceus|48/100
|move|p2a: Arceus|Stone Edge|p1a: fly me to the moon
|-supereffective|p1a: fly me to the moon
|-damage|p1a: fly me to the moon|11/100
|
|upkeep
|turn|16
|
|t:|1668724829
|move|p1a: fly me to the moon|Judgment|p2a: Arceus
|-damage|p2a: Arceus|0 fnt
|faint|p2a: Arceus
|
|upkeep
|
|t:|1668724832
|switch|p2a: Rayquaza|Rayquaza-Mega|100/100
|-weather|DeltaStream|[from] ability: Delta Stream|[of] p2a: Rayquaza
|turn|17
|
|t:|1668724836
|move|p2a: Rayquaza|Extreme Speed|p1a: fly me to the moon
|-damage|p1a: fly me to the moon|0 fnt
|faint|p1a: fly me to the moon
|
|-weather|DeltaStream|[upkeep]
|upkeep
|
|t:|1668724841
|switch|p1a: troupe master|Grimmsnarl, M|100/100
|turn|18
|
|t:|1668724844
|-weather|none
|switch|p2a: Necrozma|Necrozma-Dusk-Mane|100/100
|move|p1a: troupe master|Reflect|p1a: troupe master
|-sidestart|p1: doot_underscore|Reflect
|
|upkeep
|turn|19
|
|t:|1668724846
|move|p1a: troupe master|Taunt|p2a: Necrozma
|-start|p2a: Necrozma|move: Taunt
|move|p2a: Necrozma|Sunsteel Strike|p1a: troupe master
|-supereffective|p1a: troupe master
|-damage|p1a: troupe master|62/100
|
|upkeep
|turn|20
|
|t:|1668724850
|switch|p1a: electric me|Groudon-Primal|92/100
|-weather|DesolateLand|[from] ability: Desolate Land|[of] p1a: electric me
|move|p2a: Necrozma|Sunsteel Strike|p1a: electric me
|-resisted|p1a: electric me
|-damage|p1a: electric me|83/100
|
|-weather|DesolateLand|[upkeep]
|upkeep
|turn|21
|
|t:|1668724867
|switch|p2a: Kyogre|Kyogre|100/100
|detailschange|p2a: Kyogre|Kyogre-Primal
|-primal|p2a: Kyogre
|-weather|PrimordialSea|[from] ability: Primordial Sea|[of] p2a: Kyogre
|move|p1a: electric me|Stone Edge|p2a: Kyogre
|-damage|p2a: Kyogre|46/100
|
|-weather|PrimordialSea|[upkeep]
|upkeep
|turn|22
|
|t:|1668724873
|move|p2a: Kyogre|Origin Pulse|p1a: electric me
|-supereffective|p1a: electric me
|-damage|p1a: electric me|0 fnt
|faint|p1a: electric me
|
|-weather|PrimordialSea|[upkeep]
|upkeep
|
|t:|1668724879
|switch|p1a: ocean man|Kyogre|100/100
|-ability|p1a: ocean man|Drizzle|[from] primordialsea|[fail]
|turn|23
|
|t:|1668724885
|move|p1a: ocean man|Thunder|p2a: Kyogre
|-supereffective|p2a: Kyogre
|-damage|p2a: Kyogre|0 fnt
|faint|p2a: Kyogre
|-weather|none
|
|upkeep
|
|t:|1668724888
|switch|p2a: Rayquaza|Rayquaza-Mega|100/100
|-weather|DeltaStream|[from] ability: Delta Stream|[of] p2a: Rayquaza
|turn|24
|
|t:|1668724890
|switch|p1a: troupe master|Grimmsnarl, M|62/100
|move|p2a: Rayquaza|Dragon Ascent|p1a: troupe master
|-damage|p1a: troupe master|5/100
|-unboost|p2a: Rayquaza|def|1
|-unboost|p2a: Rayquaza|spd|1
|
|-weather|DeltaStream|[upkeep]
|upkeep
|turn|25
|
|t:|1668724895
|move|p1a: troupe master|Taunt|p2a: Rayquaza
|-start|p2a: Rayquaza|move: Taunt
|move|p2a: Rayquaza|Dragon Ascent|p1a: troupe master
|-damage|p1a: troupe master|0 fnt
|-unboost|p2a: Rayquaza|def|1
|-unboost|p2a: Rayquaza|spd|1
|faint|p1a: troupe master
|
|-weather|DeltaStream|[upkeep]
|-sideend|p1: doot_underscore|Reflect
|upkeep
|
|t:|1668724896
|switch|p1a: mellow|Marshadow|100/100
|turn|26
|
|t:|1668724905
|-weather|none
|switch|p2a: Yveltal|Yveltal|100/100
|-ability|p2a: Yveltal|Dark Aura
|move|p1a: mellow|Poltergeist|p2a: Yveltal
|-activate|p2a: Yveltal|move: Poltergeist|Heavy-Duty Boots
|-resisted|p2a: Yveltal
|-damage|p2a: Yveltal|69/100
|-damage|p1a: mellow|91/100|[from] item: Life Orb
|
|upkeep
|turn|27
|
|t:|1668724908
|move|p1a: mellow|Rock Tomb|p2a: Yveltal
|-supereffective|p2a: Yveltal
|-damage|p2a: Yveltal|0 fnt
|faint|p2a: Yveltal
|-damage|p1a: mellow|81/100|[from] item: Life Orb
|
|upkeep
|
|t:|1668724912
|switch|p2a: Necrozma|Necrozma-Dusk-Mane|100/100
|turn|28
|
|t:|1668724914
|move|p1a: mellow|Poltergeist|p2a: Necrozma
|-activate|p2a: Necrozma|move: Poltergeist|Rocky Helmet
|-supereffective|p2a: Necrozma
|-damage|p2a: Necrozma|40/100
|-damage|p1a: mellow|71/100|[from] item: Life Orb
|move|p2a: Necrozma|Thunder Wave|p1a: mellow
|-status|p1a: mellow|par
|
|upkeep
|turn|29
|
|t:|1668724928
|-start|p2a: Necrozma|Dynamax|
|-heal|p2a: Necrozma|40/100|[silent]
|move|p2a: Necrozma|Max Steelspike|p1a: mellow
|-damage|p1a: mellow|0 fnt
|-boost|p2a: Necrozma|def|1
|faint|p1a: mellow
|
|upkeep
|
|t:|1668724931
|switch|p1a: ocean man|Kyogre|100/100
|-weather|RainDance|[from] ability: Drizzle|[of] p1a: ocean man
|turn|30
|
|t:|1668724934
|-start|p1a: ocean man|Dynamax|
|-heal|p1a: ocean man|100/100|[silent]
|move|p1a: ocean man|Max Geyser|p2a: Necrozma
|-damage|p2a: Necrozma|0 fnt
|faint|p2a: Necrozma
|
|-weather|RainDance|[upkeep]
|upkeep
|
|t:|1668724936
|switch|p2a: Rayquaza|Rayquaza-Mega|100/100
|-weather|DeltaStream|[from] ability: Delta Stream|[of] p2a: Rayquaza
|turn|31
|
|t:|1668724945
|move|p2a: Rayquaza|Dragon Ascent|p1a: ocean man
|-damage|p1a: ocean man|24/100
|-unboost|p2a: Rayquaza|def|1
|-unboost|p2a: Rayquaza|spd|1
|move|p1a: ocean man|Max Hailstorm|p2a: Rayquaza
|-activate||deltastream
|-supereffective|p2a: Rayquaza
|-damage|p2a: Rayquaza|0 fnt
|-weather|Hail
|faint|p2a: Rayquaza
|
|win|doot_underscore
|raw|doot_underscore's rating: 1658 &rarr; <strong>1692</strong><br />(+34 for winning)
|raw|PrimalKyogre555's rating: 1962 &rarr; <strong>1928</strong><br />(-34 for losing)
|l|☆PrimalKyogre555
|c|☆doot_underscore|wow
|c|☆doot_underscore|gg
||Ladder isn't responding, score probably updated but might not have (Request timeout).
