|j|☆Dragomer Ayaren
|j|☆ReactJS3
|t:|1638039923
|gametype|singles
|player|p1|Dragomer Ayaren|firebreather|1747
|player|p2|ReactJS3|265|1930
|teamsize|p1|6
|teamsize|p2|6
|gen|8
|tier|[Gen 8] National Dex AG
|rated|
|rule|HP Percentage Mod: HP is shown in percentages
|rule|Endless Battle Clause: Forcing endless battles is banned
|clearpoke
|poke|p1|Calyrex-Shadow|
|poke|p1|Arceus-*|
|poke|p1|Deoxys-Attack|
|poke|p1|Arceus-*|
|poke|p1|Ditto|
|poke|p1|Yveltal|
|poke|p2|Rayquaza|
|poke|p2|Zacian-*|
|poke|p2|Yveltal|
|poke|p2|Groudon|
|poke|p2|Ho-Oh|
|poke|p2|Ditto|
|teampreview
|inactive|Battle timer is ON: inactive players will automatically lose when time's up. (requested by Dragomer Ayaren)
|
|t:|1638039944
|start
|switch|p1a: DNA|Deoxys-Attack|100/100
|switch|p2a: Ho-Oh|Ho-Oh|100/100
|-ability|p1a: DNA|Pressure
|turn|1
|
|t:|1638039953
|move|p1a: DNA|Ice Beam|p2a: Ho-Oh
|-damage|p2a: Ho-Oh|75/100
|move|p2a: Ho-Oh|Sacred Fire|p1a: DNA
|-enditem|p1a: DNA|Focus Sash
|-damage|p1a: DNA|1/100
|
|upkeep
|turn|2
|
|t:|1638039972
|move|p1a: DNA|Stealth Rock|p2a: Ho-Oh
|-sidestart|p2: ReactJS3|move: Stealth Rock
|move|p2a: Ho-Oh|Sacred Fire|p1a: DNA
|-damage|p1a: DNA|0 fnt
|faint|p1a: DNA
|
|upkeep
|
|t:|1638039979
|switch|p1a: Pássaro das Trevas|Yveltal|100/100
|-ability|p1a: Pássaro das Trevas|Dark Aura
|turn|3
|
|t:|1638039984
|-start|p1a: Pássaro das Trevas|Dynamax
|-heal|p1a: Pássaro das Trevas|100/100|[silent]
|move|p1a: Pássaro das Trevas|Max Airstream|p2a: Ho-Oh
|-damage|p2a: Ho-Oh|19/100
|-boost|p1a: Pássaro das Trevas|spe|1
|-damage|p1a: Pássaro das Trevas|96/100|[from] item: Life Orb
|move|p2a: Ho-Oh|Defog|p1a: Pássaro das Trevas
|-unboost|p1a: Pássaro das Trevas|evasion|1
|-sideend|p2: ReactJS3|Stealth Rock|[from] move: Defog|[of] p2a: Ho-Oh
|
|upkeep
|turn|4
|
|t:|1638039996
|switch|p2a: Zacian|Zacian-Crowned|100/100
|-ability|p2a: Zacian|Intrepid Sword|boost
|-boost|p2a: Zacian|atk|1
|move|p1a: Pássaro das Trevas|Max Ooze|p2a: Zacian
|-immune|p2a: Zacian
|
|upkeep
|turn|5
|
|t:|1638040003
|move|p1a: Pássaro das Trevas|Max Darkness|p2a: Zacian
|-resisted|p2a: Zacian
|-damage|p2a: Zacian|44/100
|-unboost|p2a: Zacian|spd|1
|-damage|p1a: Pássaro das Trevas|91/100|[from] item: Life Orb
|move|p2a: Zacian|Behemoth Blade|p1a: Pássaro das Trevas
|-damage|p1a: Pássaro das Trevas|2/100
|
|-end|p1a: Pássaro das Trevas|Dynamax
|-heal|p1a: Pássaro das Trevas|2/100|[silent]
|upkeep
|turn|6
|
|t:|1638040017
|switch|p2a: Ditto|Ditto|100/100
|-transform|p2a: Ditto|p1a: Pássaro das Trevas|[from] ability: Imposter
|-ability|p2a: Ditto|Dark Aura
|move|p1a: Pássaro das Trevas|Heat Wave|p2a: Ditto
|-damage|p2a: Ditto|50/100
|-damage|p1a: Pássaro das Trevas|0 fnt|[from] item: Life Orb
|faint|p1a: Pássaro das Trevas
|
|upkeep
|
|t:|1638040033
|switch|p1a: Deus|Arceus, shiny|100/100
|turn|7
|
|t:|1638040040
|switch|p2a: Ho-Oh|Ho-Oh|52/100
|move|p1a: Deus|Extreme Speed|p2a: Ho-Oh
|-damage|p2a: Ho-Oh|14/100
|-damage|p1a: Deus|91/100|[from] item: Life Orb
|
|upkeep
|turn|8
|
|t:|1638040046
|move|p1a: Deus|Extreme Speed|p2a: Ho-Oh
|-damage|p2a: Ho-Oh|0 fnt
|faint|p2a: Ho-Oh
|-damage|p1a: Deus|81/100|[from] item: Life Orb
|
|upkeep
|
|t:|1638040049
|switch|p2a: Zacian|Zacian-Crowned|44/100
|-ability|p2a: Zacian|Intrepid Sword|boost
|-boost|p2a: Zacian|atk|1
|turn|9
|
|t:|1638040055
|switch|p1a: Cavaleiro Fantasma|Calyrex-Shadow|100/100
|-ability|p1a: Cavaleiro Fantasma|As One
|-ability|p1a: Cavaleiro Fantasma|Unnerve
|move|p2a: Zacian|Close Combat|p1a: Cavaleiro Fantasma
|-immune|p1a: Cavaleiro Fantasma
|
|upkeep
|turn|10
|
|t:|1638040063
|switch|p2a: Yveltal|Yveltal|100/100
|-ability|p2a: Yveltal|Dark Aura
|move|p1a: Cavaleiro Fantasma|Astral Barrage|p2a: Yveltal
|-resisted|p2a: Yveltal
|-damage|p2a: Yveltal|61/100
|
|upkeep
|turn|11
|
|t:|1638040075
|move|p1a: Cavaleiro Fantasma|Draining Kiss|p2a: Yveltal
|-supereffective|p2a: Yveltal
|-damage|p2a: Yveltal|24/100
|move|p2a: Yveltal|Oblivion Wing|p1a: Cavaleiro Fantasma
|-damage|p1a: Cavaleiro Fantasma|38/100
|-heal|p2a: Yveltal|65/100|[from] drain|[of] p1a: Cavaleiro Fantasma
|-damage|p2a: Yveltal|55/100|[from] item: Life Orb
|
|upkeep
|turn|12
|
|t:|1638040087
|switch|p1a: Deus|Arceus, shiny|81/100
|move|p2a: Yveltal|Sucker Punch||[still]
|-fail|p2a: Yveltal
|
|upkeep
|turn|13
|
|t:|1638040112
|switch|p2a: Groudon|Groudon|100/100
|detailschange|p2a: Groudon|Groudon-Primal
|-primal|p2a: Groudon
|-weather|DesolateLand|[from] ability: Desolate Land|[of] p2a: Groudon
|move|p1a: Deus|Swords Dance|p1a: Deus
|-boost|p1a: Deus|atk|2
|
|-weather|DesolateLand|[upkeep]
|upkeep
|turn|14
|
|t:|1638040121
|move|p1a: Deus|Earthquake|p2a: Groudon
|-supereffective|p2a: Groudon
|-damage|p2a: Groudon|22/100
|-damage|p1a: Deus|71/100|[from] item: Life Orb
|move|p2a: Groudon|Overheat|p1a: Deus
|-damage|p1a: Deus|0 fnt
|-unboost|p2a: Groudon|spa|2
|faint|p1a: Deus
|
|-weather|DesolateLand|[upkeep]
|upkeep
|
|t:|1638040136
|switch|p1a: Titã|Arceus-Ground|100/100
|turn|15
|
|t:|1638040140
|move|p1a: Titã|Stealth Rock|p2a: Groudon
|-sidestart|p2: ReactJS3|move: Stealth Rock
|move|p2a: Groudon|Toxic|p1a: Titã
|-status|p1a: Titã|tox
|
|-weather|DesolateLand|[upkeep]
|-damage|p1a: Titã|94/100 tox|[from] psn
|upkeep
|turn|16
|
|t:|1638040150
|move|p1a: Titã|Earth Power|p2a: Groudon
|-supereffective|p2a: Groudon
|-damage|p2a: Groudon|0 fnt
|faint|p2a: Groudon
|-weather|none
|
|-damage|p1a: Titã|82/100 tox|[from] psn
|upkeep
|
|t:|1638040154
|switch|p2a: Ditto|Ditto|50/100
|-damage|p2a: Ditto|37/100|[from] Stealth Rock
|-transform|p2a: Ditto|p1a: Titã|[from] ability: Imposter
|turn|17
|
|t:|1638040170
|move|p2a: Ditto|Ice Beam|p1a: Titã
|-supereffective|p1a: Titã
|-damage|p1a: Titã|30/100 tox
|move|p1a: Titã|Ice Beam|p2a: Ditto
|-supereffective|p2a: Ditto
|-damage|p2a: Ditto|0 fnt
|faint|p2a: Ditto
|
|-damage|p1a: Titã|12/100 tox|[from] psn
|upkeep
|
|t:|1638040176
|switch|p2a: Rayquaza|Rayquaza|100/100
|-damage|p2a: Rayquaza|75/100|[from] Stealth Rock
|-ability|p2a: Rayquaza|Air Lock
|turn|18
|
|t:|1638040182
|detailschange|p2a: Rayquaza|Rayquaza-Mega
|-mega|p2a: Rayquaza|Rayquaza|
|-weather|DeltaStream|[from] ability: Delta Stream|[of] p2a: Rayquaza
|move|p1a: Titã|Ice Beam|p2a: Rayquaza
|-activate||deltastream
|-supereffective|p2a: Rayquaza
|-damage|p2a: Rayquaza|8/100
|move|p2a: Rayquaza|Dragon Ascent|p1a: Titã
|-damage|p1a: Titã|0 fnt
|-unboost|p2a: Rayquaza|def|1
|-unboost|p2a: Rayquaza|spd|1
|faint|p1a: Titã
|
|-weather|DeltaStream|[upkeep]
|upkeep
|
|t:|1638040196
|switch|p1a: Cavaleiro Fantasma|Calyrex-Shadow|38/100
|-ability|p1a: Cavaleiro Fantasma|As One
|-ability|p1a: Cavaleiro Fantasma|Unnerve
|turn|19
|
|t:|1638040207
|move|p1a: Cavaleiro Fantasma|Astral Barrage|p2a: Rayquaza
|-damage|p2a: Rayquaza|0 fnt
|faint|p2a: Rayquaza
|-weather|none
|-ability|p1a: Cavaleiro Fantasma|Grim Neigh|boost
|-boost|p1a: Cavaleiro Fantasma|spa|1
|
|upkeep
|
|t:|1638040208
|switch|p2a: Yveltal|Yveltal|55/100
|-damage|p2a: Yveltal|30/100|[from] Stealth Rock
|-ability|p2a: Yveltal|Dark Aura
|turn|20
|
|t:|1638040218
|-start|p2a: Yveltal|Dynamax
|-heal|p2a: Yveltal|30/100|[silent]
|move|p1a: Cavaleiro Fantasma|Draining Kiss|p2a: Yveltal
|-supereffective|p2a: Yveltal
|-damage|p2a: Yveltal|1/100
|-heal|p1a: Cavaleiro Fantasma|88/100|[from] drain|[of] p2a: Yveltal
|move|p2a: Yveltal|Max Airstream|p1a: Cavaleiro Fantasma
|-crit|p1a: Cavaleiro Fantasma
|-damage|p1a: Cavaleiro Fantasma|0 fnt
|-boost|p2a: Yveltal|spe|1
|faint|p1a: Cavaleiro Fantasma
|-damage|p2a: Yveltal|0 fnt|[from] item: Life Orb
|faint|p2a: Yveltal
|
|upkeep
|
|t:|1638040232
|switch|p1a: Slime|Ditto, shiny|100/100
|switch|p2a: Zacian|Zacian-Crowned|44/100
|-damage|p2a: Zacian|38/100|[from] Stealth Rock
|-ability|p2a: Zacian|Intrepid Sword|boost
|-boost|p2a: Zacian|atk|1
|-transform|p1a: Slime|p2a: Zacian|[from] ability: Imposter
|-ability|p1a: Slime|Intrepid Sword|boost
|-boost|p1a: Slime|atk|1
|turn|21
|
|t:|1638040241
|move|p1a: Slime|Behemoth Blade|p2a: Zacian
|-damage|p2a: Zacian|0 fnt
|faint|p2a: Zacian
|
|win|Dragomer Ayaren
|raw|Dragomer Ayaren's rating: 1747 &rarr; <strong>1777</strong><br />(+30 for winning)
|raw|ReactJS3's rating: 1930 &rarr; <strong>1900</strong><br />(-30 for losing)
|l|☆ReactJS3
