|j|☆ASTRO-Py
|j|☆the thin mints lad
|t:|1658623914
|gametype|singles
|player|p1|ASTRO-Py|170|1666
|player|p2|the thin mints lad|cress|1682
|teamsize|p1|6
|teamsize|p2|6
|gen|8
|tier|[Gen 8] National Dex AG
|rated|
|rule|HP Percentage Mod: HP is shown in percentages
|rule|Endless Battle Clause: Forcing endless battles is banned
|clearpoke
|poke|p1|Groudon|
|poke|p1|Necrozma-Dusk-Mane|
|poke|p1|Yveltal|
|poke|p1|Zacian-*|
|poke|p1|Marshadow|
|poke|p1|Arceus-*|
|poke|p2|Ditto|
|poke|p2|Marshadow|
|poke|p2|Galvantula, F|
|poke|p2|Necrozma-Dusk-Mane|
|poke|p2|Xerneas-*|
|poke|p2|Pheromosa|
|teampreview
|
|t:|1658623935
|start
|switch|p1a: Arceus|Arceus-Water|100/100
|switch|p2a: the webby boi|Galvantula, F|100/100
|turn|1
|
|t:|1658623943
|move|p2a: the webby boi|Thunder Wave|p1a: Arceus
|-status|p1a: Arceus|par
|move|p1a: Arceus|Judgment|p2a: the webby boi
|-damage|p2a: the webby boi|14/100
|
|upkeep
|turn|2
|
|t:|1658623961
|switch|p1a: Zacian|Zacian-Crowned|100/100
|-ability|p1a: Zacian|Intrepid Sword|boost
|-boost|p1a: Zacian|atk|1
|move|p2a: the webby boi|Sticky Web|p1a: Zacian
|-sidestart|p1: ASTRO-Py|move: Sticky Web
|
|upkeep
|turn|3
|
|t:|1658623969
|move|p1a: Zacian|Behemoth Blade|p2a: the webby boi
|-resisted|p2a: the webby boi
|-crit|p2a: the webby boi
|-damage|p2a: the webby boi|0 fnt
|faint|p2a: the webby boi
|
|upkeep
|
|t:|1658623982
|switch|p2a: Yoinker|Marshadow|100/100
|turn|4
|
|t:|1658623987
|switch|p1a: Arceus|Arceus-Water|100/100 par
|-activate|p1a: Arceus|move: Sticky Web
|-unboost|p1a: Arceus|spe|1
|move|p2a: Yoinker|Shadow Sneak|p1a: Arceus
|-damage|p1a: Arceus|78/100 par
|
|upkeep
|turn|5
|
|t:|1658623995
|switch|p2a: dear deer|Xerneas|100/100
|-ability|p2a: dear deer|Fairy Aura
|move|p1a: Arceus|Recover|p1a: Arceus
|-heal|p1a: Arceus|100/100 par
|
|upkeep
|turn|6
|
|t:|1658624000
|switch|p1a: Necrozma|Necrozma-Dusk-Mane|100/100
|-activate|p1a: Necrozma|move: Sticky Web
|-unboost|p1a: Necrozma|spe|1
|move|p2a: dear deer|Geomancy||[still]
|-prepare|p2a: dear deer|Geomancy
|-enditem|p2a: dear deer|Power Herb
|-anim|p2a: dear deer|Geomancy|p2a: dear deer
|-boost|p2a: dear deer|spa|2
|-boost|p2a: dear deer|spd|2
|-boost|p2a: dear deer|spe|2
|
|upkeep
|turn|7
|
|t:|1658624010
|switch|p1a: Groudon|Groudon|100/100
|-activate|p1a: Groudon|move: Sticky Web
|-unboost|p1a: Groudon|spe|1
|detailschange|p1a: Groudon|Groudon-Primal
|-primal|p1a: Groudon
|-weather|DesolateLand|[from] ability: Desolate Land|[of] p1a: Groudon
|-start|p2a: dear deer|Dynamax|
|-heal|p2a: dear deer|100/100|[silent]
|move|p2a: dear deer|Max Flare|p1a: Groudon
|-resisted|p1a: Groudon
|-damage|p1a: Groudon|27/100
|
|-weather|DesolateLand|[upkeep]
|upkeep
|turn|8
|
|t:|1658624025
|move|p2a: dear deer|Max Starfall|p1a: Groudon
|-resisted|p1a: Groudon
|-damage|p1a: Groudon|0 fnt
|-fieldstart|move: Misty Terrain
|faint|p1a: Groudon
|-weather|none
|
|upkeep
|
|t:|1658624028
|switch|p1a: Necrozma|Necrozma-Dusk-Mane|100/100
|-activate|p1a: Necrozma|move: Sticky Web
|-unboost|p1a: Necrozma|spe|1
|turn|9
|
|t:|1658624034
|-start|p1a: Necrozma|Dynamax|
|-heal|p1a: Necrozma|100/100|[silent]
|move|p1a: Necrozma|Max Guard|p1a: Necrozma
|-singleturn|p1a: Necrozma|Max Guard
|move|p2a: dear deer|Max Starfall|p1a: Necrozma
|-activate|p1a: Necrozma|move: Max Guard
|
|upkeep
|-end|p2a: dear deer|Dynamax
|-heal|p2a: dear deer|100/100|[silent]
|turn|10
|
|t:|1658624042
|move|p2a: dear deer|Hidden Power|p1a: Necrozma
|-supereffective|p1a: Necrozma
|-damage|p1a: Necrozma|73/100
|move|p1a: Necrozma|Max Steelspike|p2a: dear deer
|-supereffective|p2a: dear deer
|-damage|p2a: dear deer|0 fnt
|-boost|p1a: Necrozma|def|1
|faint|p2a: dear deer
|
|upkeep
|
|t:|1658624047
|switch|p2a: Yoinker|Marshadow|100/100
|turn|11
|
|t:|1658624057
|-end|p1a: Necrozma|Dynamax
|-heal|p1a: Necrozma|73/100|[silent]
|switch|p1a: Arceus|Arceus-Water|100/100 par
|-activate|p1a: Arceus|move: Sticky Web
|-unboost|p1a: Arceus|spe|1
|move|p2a: Yoinker|Spectral Thief|p1a: Arceus
|-damage|p1a: Arceus|64/100 par
|
|upkeep
|turn|12
|
|t:|1658624069
|switch|p2a: my solrock evolved|Necrozma-Dusk-Mane|100/100
|move|p1a: Arceus|Recover|p1a: Arceus
|-heal|p1a: Arceus|100/100 par
|
|-fieldend|Misty Terrain
|upkeep
|turn|13
|
|t:|1658624077
|switch|p1a: Yveltal|Yveltal|100/100
|-ability|p1a: Yveltal|Dark Aura
|move|p2a: my solrock evolved|Swords Dance|p2a: my solrock evolved
|-boost|p2a: my solrock evolved|atk|2
|
|upkeep
|turn|14
|
|t:|1658624085
|move|p2a: my solrock evolved|Swords Dance|p2a: my solrock evolved
|-boost|p2a: my solrock evolved|atk|2
|move|p1a: Yveltal|Foul Play|p2a: my solrock evolved
|-supereffective|p2a: my solrock evolved
|-damage|p2a: my solrock evolved|0 fnt
|faint|p2a: my solrock evolved
|
|upkeep
|-message|the thin mints lad forfeited.
|
|win|ASTRO-Py
|raw|ASTRO-Py's rating: 1666 &rarr; <strong>1687</strong><br />(+21 for winning)
|raw|the thin mints lad's rating: 1682 &rarr; <strong>1661</strong><br />(-21 for losing)
|l|☆the thin mints lad
