|j|☆GolemWentBoom
|j|☆MiguelRRM
|t:|1660249169
|gametype|singles
|player|p1|GolemWentBoom|170|1697
|player|p2|MiguelRRM|169|1781
|teamsize|p1|6
|teamsize|p2|6
|gen|8
|tier|[Gen 8] National Dex AG
|rated|
|rule|HP Percentage Mod: HP is shown in percentages
|rule|Endless Battle Clause: Forcing endless battles is banned
|clearpoke
|poke|p1|Golem, M|
|poke|p1|Xerneas-*|
|poke|p1|Kyogre|
|poke|p1|Kyurem-White|
|poke|p1|Arceus-*|
|poke|p1|Necrozma-Dusk-Mane|
|poke|p2|Yveltal|
|poke|p2|Groudon|
|poke|p2|Rayquaza|
|poke|p2|Arceus-*|
|poke|p2|Calyrex-Shadow|
|poke|p2|Smeargle, F|
|teampreview
|inactive|Battle timer is ON: inactive players will automatically lose when time's up. (requested by GolemWentBoom)
|
|t:|1660249190
|start
|switch|p1a: Necrozma|Necrozma-Dusk-Mane|100/100
|switch|p2a: Arceus|Arceus-Ground|100/100
|turn|1
|
|t:|1660249199
|switch|p1a: Kyogre|Kyogre|100/100
|-weather|RainDance|[from] ability: Drizzle|[of] p1a: Kyogre
|move|p2a: Arceus|Rock Tomb|p1a: Kyogre
|-damage|p1a: Kyogre|84/100
|-unboost|p1a: Kyogre|spe|1
|
|-weather|RainDance|[upkeep]
|upkeep
|turn|2
|
|t:|1660249203
|-start|p2a: Arceus|Dynamax|
|-heal|p2a: Arceus|100/100|[silent]
|move|p2a: Arceus|Max Rockfall|p1a: Kyogre
|-damage|p1a: Kyogre|57/100
|-weather|Sandstorm
|move|p1a: Kyogre|Ice Beam|p2a: Arceus
|-supereffective|p2a: Arceus
|-damage|p2a: Arceus|76/100
|-status|p2a: Arceus|frz
|
|-weather|Sandstorm|[upkeep]
|-damage|p1a: Kyogre|51/100|[from] Sandstorm
|upkeep
|turn|3
|
|t:|1660249212
|cant|p2a: Arceus|frz
|move|p1a: Kyogre|Ice Beam|p2a: Arceus
|-supereffective|p2a: Arceus
|-damage|p2a: Arceus|55/100 frz
|
|-weather|Sandstorm|[upkeep]
|-damage|p1a: Kyogre|45/100|[from] Sandstorm
|upkeep
|turn|4
|
|t:|1660249214
|cant|p2a: Arceus|frz
|move|p1a: Kyogre|Ice Beam|p2a: Arceus
|-supereffective|p2a: Arceus
|-damage|p2a: Arceus|30/100 frz
|
|-weather|Sandstorm|[upkeep]
|-damage|p1a: Kyogre|39/100|[from] Sandstorm
|upkeep
|-end|p2a: Arceus|Dynamax
|-heal|p2a: Arceus|30/100 frz|[silent]
|turn|5
|
|t:|1660249216
|cant|p2a: Arceus|frz
|move|p1a: Kyogre|Ice Beam|p2a: Arceus
|-supereffective|p2a: Arceus
|-damage|p2a: Arceus|0 fnt
|faint|p2a: Arceus
|
|-weather|Sandstorm|[upkeep]
|-damage|p1a: Kyogre|32/100|[from] Sandstorm
|upkeep
|
|t:|1660249221
|switch|p2a: Rayquaza|Rayquaza|100/100
|-ability|p2a: Rayquaza|Air Lock
|turn|6
|
|t:|1660249222
|detailschange|p2a: Rayquaza|Rayquaza-Mega
|-mega|p2a: Rayquaza|Rayquaza|
|-weather|DeltaStream|[from] ability: Delta Stream|[of] p2a: Rayquaza
|move|p2a: Rayquaza|Swords Dance|p2a: Rayquaza
|-boost|p2a: Rayquaza|atk|2
|move|p1a: Kyogre|Ice Beam|p2a: Rayquaza
|-activate||deltastream
|-supereffective|p2a: Rayquaza
|-damage|p2a: Rayquaza|40/100
|
|-weather|DeltaStream|[upkeep]
|upkeep
|turn|7
|
|t:|1660249224
|move|p2a: Rayquaza|Scale Shot|p1a: Kyogre
|-damage|p1a: Kyogre|0 fnt
|faint|p1a: Kyogre
|-hitcount|p1: Kyogre|1
|-unboost|p2a: Rayquaza|def|1
|-boost|p2a: Rayquaza|spe|1
|
|-weather|DeltaStream|[upkeep]
|upkeep
|
|t:|1660249226
|switch|p1a: Arceus|Arceus|100/100
|turn|8
|
|t:|1660249229
|-weather|none
|switch|p2a: Calyrex|Calyrex-Shadow|100/100
|-ability|p2a: Calyrex|As One
|-ability|p2a: Calyrex|Unnerve
|move|p1a: Arceus|Extreme Speed|p2a: Calyrex
|-immune|p2a: Calyrex
|
|upkeep
|turn|9
|
|t:|1660249232
|move|p2a: Calyrex|Leech Seed|p1a: Arceus
|-start|p1a: Arceus|move: Leech Seed
|move|p1a: Arceus|Swords Dance|p1a: Arceus
|-boost|p1a: Arceus|atk|2
|
|-damage|p1a: Arceus|88/100|[from] Leech Seed|[of] p2a: Calyrex
|upkeep
|turn|10
|
|t:|1660249235
|move|p2a: Calyrex|Substitute|p2a: Calyrex
|-start|p2a: Calyrex|Substitute
|-damage|p2a: Calyrex|75/100
|move|p1a: Arceus|Earthquake|p2a: Calyrex
|-end|p2a: Calyrex|Substitute
|
|-heal|p2a: Calyrex|82/100|[from] item: Leftovers
|-damage|p1a: Arceus|76/100|[from] Leech Seed|[of] p2a: Calyrex
|-heal|p2a: Calyrex|94/100|[silent]
|upkeep
|turn|11
|
|t:|1660249237
|move|p2a: Calyrex|Substitute|p2a: Calyrex
|-start|p2a: Calyrex|Substitute
|-damage|p2a: Calyrex|69/100
|move|p1a: Arceus|Earthquake|p2a: Calyrex
|-end|p2a: Calyrex|Substitute
|
|-heal|p2a: Calyrex|75/100|[from] item: Leftovers
|-damage|p1a: Arceus|64/100|[from] Leech Seed|[of] p2a: Calyrex
|-heal|p2a: Calyrex|88/100|[silent]
|upkeep
|turn|12
|
|t:|1660249240
|move|p2a: Calyrex|Baton Pass|p2a: Calyrex
|
|t:|1660249241
|switch|p2a: Rayquaza|Rayquaza-Mega|40/100|[from]move: Baton Pass
|-weather|DeltaStream|[from] ability: Delta Stream|[of] p2a: Rayquaza
|move|p1a: Arceus|Recover|p1a: Arceus
|-heal|p1a: Arceus|100/100
|
|-weather|DeltaStream|[upkeep]
|-damage|p1a: Arceus|88/100|[from] Leech Seed|[of] p2a: Rayquaza
|-heal|p2a: Rayquaza|54/100|[silent]
|upkeep
|turn|13
|
|t:|1660249243
|-weather|none
|switch|p2a: Calyrex|Calyrex-Shadow|88/100
|-ability|p2a: Calyrex|As One
|-ability|p2a: Calyrex|Unnerve
|move|p1a: Arceus|Extreme Speed|p2a: Calyrex
|-immune|p2a: Calyrex
|
|-heal|p2a: Calyrex|94/100|[from] item: Leftovers
|-damage|p1a: Arceus|76/100|[from] Leech Seed|[of] p2a: Calyrex
|-heal|p2a: Calyrex|100/100|[silent]
|upkeep
|turn|14
|
|t:|1660249246
|move|p2a: Calyrex|Substitute|p2a: Calyrex
|-start|p2a: Calyrex|Substitute
|-damage|p2a: Calyrex|75/100
|move|p1a: Arceus|Earthquake|p2a: Calyrex
|-end|p2a: Calyrex|Substitute
|
|-heal|p2a: Calyrex|82/100|[from] item: Leftovers
|-damage|p1a: Arceus|64/100|[from] Leech Seed|[of] p2a: Calyrex
|-heal|p2a: Calyrex|94/100|[silent]
|upkeep
|turn|15
|
|t:|1660249253
|move|p2a: Calyrex|Substitute|p2a: Calyrex
|-start|p2a: Calyrex|Substitute
|-damage|p2a: Calyrex|69/100
|move|p1a: Arceus|Earthquake|p2a: Calyrex
|-end|p2a: Calyrex|Substitute
|
|-heal|p2a: Calyrex|75/100|[from] item: Leftovers
|-damage|p1a: Arceus|51/100|[from] Leech Seed|[of] p2a: Calyrex
|-heal|p2a: Calyrex|88/100|[silent]
|upkeep
|turn|16
|
|t:|1660249256
|move|p2a: Calyrex|Substitute|p2a: Calyrex
|-start|p2a: Calyrex|Substitute
|-damage|p2a: Calyrex|63/100
|move|p1a: Arceus|Recover|p1a: Arceus
|-heal|p1a: Arceus|100/100
|
|-heal|p2a: Calyrex|69/100|[from] item: Leftovers
|-damage|p1a: Arceus|88/100|[from] Leech Seed|[of] p2a: Calyrex
|-heal|p2a: Calyrex|82/100|[silent]
|upkeep
|turn|17
|
|t:|1660249259
|move|p1a: Arceus|Extreme Speed|p2a: Calyrex
|-immune|p2a: Calyrex
|move|p2a: Calyrex|Baton Pass|p2a: Calyrex
|
|t:|1660249265
|switch|p2a: Rayquaza|Rayquaza-Mega|54/100|[from]move: Baton Pass
|-weather|DeltaStream|[from] ability: Delta Stream|[of] p2a: Rayquaza
|
|-weather|DeltaStream|[upkeep]
|-damage|p1a: Arceus|76/100|[from] Leech Seed|[of] p2a: Rayquaza
|-heal|p2a: Rayquaza|69/100|[silent]
|upkeep
|turn|18
|
|t:|1660249267
|move|p1a: Arceus|Extreme Speed|p2a: Rayquaza
|-end|p2a: Rayquaza|Substitute
|move|p2a: Rayquaza|Dragon Ascent|p1a: Arceus
|-damage|p1a: Arceus|23/100
|-unboost|p2a: Rayquaza|def|1
|-unboost|p2a: Rayquaza|spd|1
|
|-weather|DeltaStream|[upkeep]
|-damage|p1a: Arceus|11/100|[from] Leech Seed|[of] p2a: Rayquaza
|-heal|p2a: Rayquaza|83/100|[silent]
|upkeep
|turn|19
|
|t:|1660249269
|-weather|none
|switch|p2a: Calyrex|Calyrex-Shadow|82/100
|-ability|p2a: Calyrex|As One
|-ability|p2a: Calyrex|Unnerve
|move|p1a: Arceus|Earthquake|p2a: Calyrex
|-damage|p2a: Calyrex|12/100
|
|-heal|p2a: Calyrex|19/100|[from] item: Leftovers
|-damage|p1a: Arceus|0 fnt|[from] Leech Seed|[of] p2a: Calyrex
|-heal|p2a: Calyrex|29/100|[silent]
|faint|p1a: Arceus
|upkeep
|
|t:|1660249272
|switch|p1a: Golem|Golem, M|100/100
|turn|20
|
|t:|1660249275
|move|p2a: Calyrex|Leech Seed|p1a: Golem|[miss]
|-miss|p2a: Calyrex|p1a: Golem
|move|p1a: Golem|Earthquake|p2a: Calyrex
|-damage|p2a: Calyrex|0 fnt
|faint|p2a: Calyrex
|
|upkeep
|
|t:|1660249280
|switch|p2a: Smeargle|Smeargle, F|100/100
|turn|21
|
|t:|1660249282
|move|p2a: Smeargle|Spore|p1a: Golem
|-status|p1a: Golem|slp|[from] move: Spore
|cant|p1a: Golem|slp
|
|-ability|p2a: Smeargle|Moody|boost
|-boost|p2a: Smeargle|atk|2
|-unboost|p2a: Smeargle|def|1
|upkeep
|turn|22
|
|t:|1660249286
|move|p2a: Smeargle|Baton Pass|p2a: Smeargle
|
|t:|1660249287
|switch|p2a: Rayquaza|Rayquaza-Mega|83/100|[from]move: Baton Pass
|-weather|DeltaStream|[from] ability: Delta Stream|[of] p2a: Rayquaza
|cant|p1a: Golem|slp
|
|-weather|DeltaStream|[upkeep]
|upkeep
|turn|23
|
|t:|1660249291
|move|p2a: Rayquaza|Scale Shot|p1a: Golem
|-damage|p1a: Golem|71/100 slp
|-damage|p1a: Golem|38/100 slp
|-damage|p1a: Golem|8/100 slp
|-hitcount|p1a: Golem|3
|-unboost|p2a: Rayquaza|def|1
|-boost|p2a: Rayquaza|spe|1
|-curestatus|p1a: Golem|slp|[msg]
|move|p1a: Golem|Explosion|p2a: Rayquaza
|-damage|p2a: Rayquaza|0 fnt
|faint|p1a: Golem
|faint|p2a: Rayquaza
|-weather|none
|
|upkeep
|
|t:|1660249303
|switch|p2a: Groudon|Groudon|100/100
|switch|p1a: Necrozma|Necrozma-Dusk-Mane|100/100
|detailschange|p2a: Groudon|Groudon-Primal
|-primal|p2a: Groudon
|-weather|DesolateLand|[from] ability: Desolate Land|[of] p2a: Groudon
|turn|24
|
|t:|1660249307
|detailschange|p1a: Necrozma|Necrozma-Ultra
|-burst|p1a: Necrozma|Necrozma|Ultranecrozium Z
|move|p1a: Necrozma|Dragon Dance|p1a: Necrozma
|-boost|p1a: Necrozma|atk|1
|-boost|p1a: Necrozma|spe|1
|move|p2a: Groudon|Rock Tomb|p1a: Necrozma
|-damage|p1a: Necrozma|82/100
|-unboost|p1a: Necrozma|spe|1
|
|-weather|DesolateLand|[upkeep]
|upkeep
|turn|25
|
|t:|1660249319
|-weather|none
|switch|p2a: Yveltal|Yveltal|100/100
|-ability|p2a: Yveltal|Dark Aura
|move|p1a: Necrozma|Dragon Dance|p1a: Necrozma
|-boost|p1a: Necrozma|atk|1
|-boost|p1a: Necrozma|spe|1
|
|upkeep
|turn|26
|
|t:|1660249322
|move|p2a: Yveltal|Sucker Punch|p1a: Necrozma
|-supereffective|p1a: Necrozma
|-damage|p1a: Necrozma|16/100
|move|p1a: Necrozma|Rock Blast|p2a: Yveltal
|-supereffective|p2a: Yveltal
|-damage|p2a: Yveltal|41/100
|-supereffective|p2a: Yveltal
|-damage|p2a: Yveltal|0 fnt
|faint|p2a: Yveltal
|-hitcount|p2: Yveltal|2
|
|upkeep
|
|t:|1660249324
|switch|p2a: Smeargle|Smeargle, F|100/100
|turn|27
|
|t:|1660249326
|move|p1a: Necrozma|Rock Blast|p2a: Smeargle
|-damage|p2a: Smeargle|59/100
|-damage|p2a: Smeargle|12/100
|-hitcount|p2a: Smeargle|2
|move|p2a: Smeargle|Heart Swap|p1a: Necrozma
|-swapboost|p2a: Smeargle|p1a: Necrozma|[from] move: Heart Swap
|
|-ability|p2a: Smeargle|Moody|boost
|-boost|p2a: Smeargle|spd|2
|-unboost|p2a: Smeargle|spa|1
|upkeep
|turn|28
|
|t:|1660249330
|move|p2a: Smeargle|Spore|p1a: Necrozma
|-status|p1a: Necrozma|slp|[from] move: Spore
|cant|p1a: Necrozma|slp
|
|-ability|p2a: Smeargle|Moody|boost
|-boost|p2a: Smeargle|def|2
|-unboost|p2a: Smeargle|spd|1
|upkeep
|turn|29
|
|t:|1660249333
|move|p2a: Smeargle|Baton Pass|p2a: Smeargle
|
|t:|1660249335
|switch|p2a: Groudon|Groudon-Primal|100/100|[from]move: Baton Pass
|-weather|DesolateLand|[from] ability: Desolate Land|[of] p2a: Groudon
|cant|p1a: Necrozma|slp
|
|-weather|DesolateLand|[upkeep]
|upkeep
|turn|30
|
|t:|1660249340
|move|p2a: Groudon|Rock Tomb|p1a: Necrozma
|-damage|p1a: Necrozma|0 fnt
|faint|p1a: Necrozma
|
|-weather|DesolateLand|[upkeep]
|upkeep
|
|t:|1660249341
|switch|p1a: Kyurem|Kyurem-White|100/100
|-ability|p1a: Kyurem|Turboblaze
|turn|31
|
|t:|1660249344
|-start|p1a: Kyurem|Dynamax|
|-heal|p1a: Kyurem|100/100|[silent]
|move|p2a: Groudon|Rock Tomb|p1a: Kyurem
|-supereffective|p1a: Kyurem
|-damage|p1a: Kyurem|55/100
|-unboost|p1a: Kyurem|spe|1
|move|p1a: Kyurem|Max Quake|p2a: Groudon
|-supereffective|p2a: Groudon
|-damage|p2a: Groudon|0 fnt
|-boost|p1a: Kyurem|spd|1
|faint|p2a: Groudon
|-weather|none
|-damage|p1a: Kyurem|50/100|[from] item: Life Orb
|
|upkeep
|
|t:|1660249351
|switch|p2a: Smeargle|Smeargle, F|12/100
|turn|32
|
|t:|1660249365
|move|p2a: Smeargle|Spore|p1a: Kyurem
|-status|p1a: Kyurem|slp|[from] move: Spore
|cant|p1a: Kyurem|slp
|
|-ability|p2a: Smeargle|Moody|boost
|-boost|p2a: Smeargle|spa|2
|-unboost|p2a: Smeargle|spd|1
|upkeep
|turn|33
|-message|MiguelRRM forfeited.
|
|win|GolemWentBoom
|raw|GolemWentBoom's rating: 1697 &rarr; <strong>1722</strong><br />(+25 for winning)
|raw|MiguelRRM's rating: 1781 &rarr; <strong>1756</strong><br />(-25 for losing)
|l|☆MiguelRRM
