|j|☆Asterric_
|j|☆CLEAR GEM清瑜
|t:|1667108290
|gametype|singles
|player|p1|Asterric_|siebold|1608
|player|p2|CLEAR GEM清瑜|skierf|1914
|teamsize|p1|6
|teamsize|p2|6
|gen|8
|tier|[Gen 8] National Dex AG
|rated|
|rule|HP Percentage Mod: HP is shown in percentages
|rule|Endless Battle Clause: Forcing endless battles is banned
|clearpoke
|poke|p1|Ditto|
|poke|p1|Rayquaza|
|poke|p1|Giratina-Origin|
|poke|p1|Groudon|
|poke|p1|Marshadow|
|poke|p1|Zygarde|
|poke|p2|Rayquaza|
|poke|p2|Groudon|
|poke|p2|Necrozma-Dusk-Mane|
|poke|p2|Arceus-*|
|poke|p2|Zacian-*|
|poke|p2|Yveltal|
|teampreview
|inactive|Battle timer is ON: inactive players will automatically lose when time's up. (requested by Asterric_)
|
|t:|1667108298
|start
|switch|p1a: Groudon|Groudon, shiny|100/100
|switch|p2a: 老烈|Rayquaza, shiny|100/100
|-ability|p2a: 老烈|Air Lock
|detailschange|p1a: Groudon|Groudon-Primal, shiny
|-primal|p1a: Groudon
|-weather|DesolateLand|[from] ability: Desolate Land|[of] p1a: Groudon
|turn|1
|
|t:|1667108305
|detailschange|p2a: 老烈|Rayquaza-Mega, shiny
|-mega|p2a: 老烈|Rayquaza|
|-weather|DeltaStream|[from] ability: Delta Stream|[of] p2a: 老烈
|move|p2a: 老烈|Scale Shot|p1a: Groudon
|-damage|p1a: Groudon|84/100
|-damage|p1a: Groudon|69/100
|-damage|p1a: Groudon|54/100
|-hitcount|p1a: Groudon|3
|-unboost|p2a: 老烈|def|1
|-boost|p2a: 老烈|spe|1
|-damage|p2a: 老烈|91/100|[from] item: Life Orb
|move|p1a: Groudon|Heat Crash|p2a: 老烈
|-resisted|p2a: 老烈
|-damage|p2a: 老烈|63/100
|
|-weather|DeltaStream|[upkeep]
|upkeep
|turn|2
|
|t:|1667108314
|move|p2a: 老烈|Earthquake|p1a: Groudon
|-supereffective|p1a: Groudon
|-damage|p1a: Groudon|0 fnt
|faint|p1a: Groudon
|-damage|p2a: 老烈|53/100|[from] item: Life Orb
|
|-weather|DeltaStream|[upkeep]
|upkeep
|
|t:|1667108320
|switch|p1a: Marshadow|Marshadow|100/100
|turn|3
|
|t:|1667108322
|move|p1a: Marshadow|Shadow Sneak|p2a: 老烈
|-damage|p2a: 老烈|11/100
|move|p2a: 老烈|Scale Shot|p1a: Marshadow
|-damage|p1a: Marshadow|68/100
|-damage|p1a: Marshadow|37/100
|-crit|p1a: Marshadow
|-damage|p1a: Marshadow|0 fnt
|faint|p1a: Marshadow
|-hitcount|p1: Marshadow|3
|-unboost|p2a: 老烈|def|1
|-boost|p2a: 老烈|spe|1
|-damage|p2a: 老烈|1/100|[from] item: Life Orb
|
|-weather|DeltaStream|[upkeep]
|upkeep
|
|t:|1667108328
|switch|p1a: Giratina|Giratina-Origin|100/100
|turn|4
|
|t:|1667108330
|move|p1a: Giratina|Shadow Sneak|p2a: 老烈
|-damage|p2a: 老烈|0 fnt
|faint|p2a: 老烈
|-weather|none
|
|upkeep
|
|t:|1667108332
|switch|p2a: 不会(?)|Groudon|100/100
|detailschange|p2a: 不会(?)|Groudon-Primal
|-primal|p2a: 不会(?)
|-weather|DesolateLand|[from] ability: Desolate Land|[of] p2a: 不会(?)
|turn|5
|
|t:|1667108334
|move|p2a: 不会(?)|Thunder Wave|p1a: Giratina
|-status|p1a: Giratina|par
|move|p1a: Giratina|Shadow Force||[still]
|-prepare|p1a: Giratina|Shadow Force
|
|-weather|DesolateLand|[upkeep]
|upkeep
|turn|6
|l|☆Asterric_
|inactive|Asterric_ disconnected and has a minute to reconnect!
|player|p1|
|j|☆Asterric_
|inactive|Asterric_ reconnected and has 145 seconds left.
|player|p1|Asterric_|siebold
|
|t:|1667108344
|move|p2a: 不会(?)|Stealth Rock|p1a: Giratina
|-sidestart|p1: Asterric_|move: Stealth Rock
|move|p1a: Giratina|Shadow Force|p2a: 不会(?)|[from]lockedmove
|-damage|p2a: 不会(?)|64/100
|
|-weather|DesolateLand|[upkeep]
|upkeep
|turn|7
|
|t:|1667108349
|cant|p1a: Giratina|par
|move|p2a: 不会(?)|Roar|p1a: Giratina
|drag|p1a: Zygarde|Zygarde, shiny|100/100
|-damage|p1a: Zygarde|94/100|[from] Stealth Rock
|
|-weather|DesolateLand|[upkeep]
|-heal|p1a: Zygarde|100/100|[from] item: Leftovers
|upkeep
|turn|8
|
|t:|1667108353
|move|p1a: Zygarde|Substitute|p1a: Zygarde
|-start|p1a: Zygarde|Substitute
|-damage|p1a: Zygarde|76/100
|move|p2a: 不会(?)|Roar|p1a: Zygarde
|drag|p1a: Giratina|Giratina-Origin|100/100 par
|-damage|p1a: Giratina|88/100 par|[from] Stealth Rock
|
|-weather|DesolateLand|[upkeep]
|upkeep
|turn|9
|
|t:|1667108358
|-weather|none
|switch|p2a: Y鸟|Yveltal|100/100
|-ability|p2a: Y鸟|Dark Aura
|move|p1a: Giratina|Defog|p2a: Y鸟
|-unboost|p2a: Y鸟|evasion|1
|-sideend|p1: Asterric_|Stealth Rock|[from] move: Defog|[of] p1a: Giratina
|
|upkeep
|turn|10
|
|t:|1667108365
|move|p2a: Y鸟|Dark Pulse|p1a: Giratina
|-supereffective|p1a: Giratina
|-damage|p1a: Giratina|0 fnt
|faint|p1a: Giratina
|-damage|p2a: Y鸟|91/100|[from] item: Life Orb
|
|upkeep
|
|t:|1667108371
|switch|p1a: Rayquaza|Rayquaza|100/100
|-ability|p1a: Rayquaza|Air Lock
|turn|11
|
|t:|1667108373
|switch|p2a: 不会(?)|Groudon-Primal|64/100
|-weather|DesolateLand|[from] ability: Desolate Land|[of] p2a: 不会(?)
|detailschange|p1a: Rayquaza|Rayquaza-Mega
|-mega|p1a: Rayquaza|Rayquaza|
|-weather|DeltaStream|[from] ability: Delta Stream|[of] p1a: Rayquaza
|move|p1a: Rayquaza|Dragon Dance|p1a: Rayquaza
|-boost|p1a: Rayquaza|atk|1
|-boost|p1a: Rayquaza|spe|1
|
|-weather|DeltaStream|[upkeep]
|upkeep
|turn|12
|
|t:|1667108383
|move|p1a: Rayquaza|Earthquake|p2a: 不会(?)
|-supereffective|p2a: 不会(?)
|-damage|p2a: 不会(?)|0 fnt
|faint|p2a: 不会(?)
|-damage|p1a: Rayquaza|91/100|[from] item: Life Orb
|
|-weather|DeltaStream|[upkeep]
|upkeep
|
|t:|1667108386
|switch|p2a: 钢铁之躯|Necrozma-Dusk-Mane|100/100
|turn|13
|
|t:|1667108390
|detailschange|p2a: 钢铁之躯|Necrozma-Ultra
|-burst|p2a: 钢铁之躯|Necrozma|Ultranecrozium Z
|move|p1a: Rayquaza|Earthquake|p2a: 钢铁之躯
|-crit|p2a: 钢铁之躯
|-damage|p2a: 钢铁之躯|0 fnt
|faint|p2a: 钢铁之躯
|-damage|p1a: Rayquaza|81/100|[from] item: Life Orb
|
|-weather|DeltaStream|[upkeep]
|upkeep
|
|t:|1667108397
|switch|p2a: 悬空羊驼|Arceus-Flying|100/100
|turn|14
|
|t:|1667108401
|-start|p2a: 悬空羊驼|Dynamax|
|-heal|p2a: 悬空羊驼|100/100|[silent]
|move|p1a: Rayquaza|Dragon Ascent|p2a: 悬空羊驼
|-damage|p2a: 悬空羊驼|36/100
|-unboost|p1a: Rayquaza|def|1
|-unboost|p1a: Rayquaza|spd|1
|-damage|p1a: Rayquaza|71/100|[from] item: Life Orb
|move|p2a: 悬空羊驼|Max Airstream|p1a: Rayquaza
|-damage|p1a: Rayquaza|0 fnt
|-boost|p2a: 悬空羊驼|spe|1
|faint|p1a: Rayquaza
|-weather|none
|
|upkeep
|
|t:|1667108406
|switch|p1a: Ditto|Ditto, shiny|100/100
|-transform|p1a: Ditto|p2a: 悬空羊驼|[from] ability: Imposter
|turn|15
|
|t:|1667108409
|-start|p1a: Ditto|Dynamax|
|-heal|p1a: Ditto|100/100|[silent]
|move|p1a: Ditto|Max Airstream|p2a: 悬空羊驼
|-damage|p2a: 悬空羊驼|11/100
|-boost|p1a: Ditto|spe|1
|move|p2a: 悬空羊驼|Max Airstream|p1a: Ditto
|-damage|p1a: Ditto|59/100
|-boost|p2a: 悬空羊驼|spe|1
|
|upkeep
|turn|16
|
|t:|1667108416
|move|p2a: 悬空羊驼|Max Airstream|p1a: Ditto
|-damage|p1a: Ditto|18/100
|-boost|p2a: 悬空羊驼|spe|1
|move|p1a: Ditto|Max Airstream|p2a: 悬空羊驼
|-crit|p2a: 悬空羊驼
|-damage|p2a: 悬空羊驼|0 fnt
|-boost|p1a: Ditto|spe|1
|faint|p2a: 悬空羊驼
|
|upkeep
|
|t:|1667108418
|switch|p2a: 嘉然小姐的狗|Zacian-Crowned|100/100
|-ability|p2a: 嘉然小姐的狗|Intrepid Sword|boost
|-boost|p2a: 嘉然小姐的狗|atk|1
|turn|17
|
|t:|1667108422
|switch|p2a: Y鸟|Yveltal|91/100
|-ability|p2a: Y鸟|Dark Aura
|move|p1a: Ditto|Max Quake|p2a: Y鸟
|-immune|p2a: Y鸟
|
|upkeep
|-end|p1a: Ditto|Dynamax
|-heal|p1a: Ditto|19/100|[silent]
|turn|18
|
|t:|1667108428
|move|p1a: Ditto|Recover|p1a: Ditto
|-heal|p1a: Ditto|69/100
|move|p2a: Y鸟|Dark Pulse|p1a: Ditto
|-damage|p1a: Ditto|0 fnt
|faint|p1a: Ditto
|-damage|p2a: Y鸟|81/100|[from] item: Life Orb
|
|upkeep
|
|t:|1667108432
|switch|p1a: Zygarde|Zygarde, shiny|76/100
|turn|19
|
|t:|1667108434
|move|p2a: Y鸟|Dark Pulse|p1a: Zygarde
|-damage|p1a: Zygarde|12/100
|-damage|p2a: Y鸟|71/100|[from] item: Life Orb
|move|p1a: Zygarde|Glare|p2a: Y鸟
|-status|p2a: Y鸟|par
|
|-heal|p1a: Zygarde|19/100|[from] item: Leftovers
|-activate|p1a: Zygarde|ability: Power Construct
|detailschange|p1a: Zygarde|Zygarde-Complete, shiny
|-heal|p1a: Zygarde|46/100|[silent]
|upkeep
|turn|20
|
|t:|1667108440
|switch|p2a: 嘉然小姐的狗|Zacian-Crowned|100/100
|-ability|p2a: 嘉然小姐的狗|Intrepid Sword|boost
|-boost|p2a: 嘉然小姐的狗|atk|1
|move|p1a: Zygarde|Substitute|p1a: Zygarde
|-start|p1a: Zygarde|Substitute
|-damage|p1a: Zygarde|22/100
|
|-heal|p1a: Zygarde|28/100|[from] item: Leftovers
|upkeep
|turn|21
|
|t:|1667108443
|move|p2a: 嘉然小姐的狗|Behemoth Blade|p1a: Zygarde
|-end|p1a: Zygarde|Substitute
|move|p1a: Zygarde|Thousand Arrows|p2a: 嘉然小姐的狗
|-supereffective|p2a: 嘉然小姐的狗
|-damage|p2a: 嘉然小姐的狗|38/100
|
|-heal|p1a: Zygarde|34/100|[from] item: Leftovers
|upkeep
|turn|22
|
|t:|1667108447
|move|p2a: 嘉然小姐的狗|Behemoth Blade|p1a: Zygarde
|-damage|p1a: Zygarde|0 fnt
|faint|p1a: Zygarde
|
|win|CLEAR GEM清瑜
|raw|Asterric_'s rating: 1608 &rarr; <strong>1602</strong><br />(-6 for losing)
|raw|CLEAR GEM清瑜's rating: 1914 &rarr; <strong>1920</strong><br />(+6 for winning)
