|j|☆orange overhaul
|j|☆Rickboypro
|t:|1641210011
|gametype|singles
|player|p1|orange overhaul|wallace|1375
|player|p2|Rickboypro|170|1465
|teamsize|p1|6
|teamsize|p2|6
|gen|8
|tier|[Gen 8] National Dex AG
|rated|
|rule|HP Percentage Mod: HP is shown in percentages
|rule|Endless Battle Clause: Forcing endless battles is banned
|clearpoke
|poke|p1|Groudon|
|poke|p1|Kartana|
|poke|p1|Dragapult, M|
|poke|p1|Heatran, F|
|poke|p1|Melmetal|
|poke|p1|Tapu Lele|
|poke|p2|Deoxys-Attack|
|poke|p2|Calyrex-Shadow|
|poke|p2|Rayquaza|
|poke|p2|Marshadow|
|poke|p2|Groudon|
|poke|p2|Darmanitan-Galar, F|
|teampreview
|inactive|Battle timer is ON: inactive players will automatically lose when time's up. (requested by orange overhaul)
|
|t:|1641210025
|start
|switch|p1a: Melmetal|Melmetal|100/100
|switch|p2a: Deoxys|Deoxys-Attack|100/100
|-ability|p2a: Deoxys|Pressure
|turn|1
|
|t:|1641210034
|move|p2a: Deoxys|Superpower|p1a: Melmetal
|-supereffective|p1a: Melmetal
|-damage|p1a: Melmetal|24/100
|-unboost|p2a: Deoxys|atk|1
|-unboost|p2a: Deoxys|def|1
|-damage|p2a: Deoxys|91/100|[from] item: Life Orb
|move|p1a: Melmetal|Double Iron Bash|p2a: Deoxys
|-damage|p2a: Deoxys|0 fnt
|faint|p2a: Deoxys
|-hitcount|p2: Deoxys|1
|
|upkeep
|
|t:|1641210046
|switch|p2a: Calyrex|Calyrex-Shadow|100/100
|-ability|p2a: Calyrex|As One
|-ability|p2a: Calyrex|Unnerve
|turn|2
|
|t:|1641210054
|move|p2a: Calyrex|Astral Barrage|p1a: Melmetal
|-damage|p1a: Melmetal|0 fnt
|faint|p1a: Melmetal
|-ability|p2a: Calyrex|Grim Neigh|boost
|-boost|p2a: Calyrex|spa|1
|
|upkeep
|
|t:|1641210058
|switch|p1a: Kartana|Kartana|100/100
|turn|3
|
|t:|1641210070
|move|p2a: Calyrex|Astral Barrage|p1a: Kartana
|-damage|p1a: Kartana|0 fnt
|faint|p1a: Kartana
|-ability|p2a: Calyrex|Grim Neigh|boost
|-boost|p2a: Calyrex|spa|1
|
|upkeep
|
|t:|1641210074
|switch|p1a: Heatran|Heatran, F|100/100
|-item|p1a: Heatran|Air Balloon
|turn|4
|
|t:|1641210080
|move|p2a: Calyrex|Astral Barrage|p1a: Heatran
|-damage|p1a: Heatran|0 fnt
|-enditem|p1a: Heatran|Air Balloon
|faint|p1a: Heatran
|-ability|p2a: Calyrex|Grim Neigh|boost
|-boost|p2a: Calyrex|spa|1
|
|upkeep
|
|t:|1641210084
|switch|p1a: Groudon|Groudon|100/100
|detailschange|p1a: Groudon|Groudon-Primal
|-primal|p1a: Groudon
|-weather|DesolateLand|[from] ability: Desolate Land|[of] p1a: Groudon
|turn|5
|
|t:|1641210092
|move|p2a: Calyrex|Astral Barrage|p1a: Groudon
|-damage|p1a: Groudon|0 fnt
|faint|p1a: Groudon
|-weather|none
|-ability|p2a: Calyrex|Grim Neigh|boost
|-boost|p2a: Calyrex|spa|1
|
|upkeep
|
|t:|1641210095
|switch|p1a: Tapu Lele|Tapu Lele|100/100
|-fieldstart|move: Psychic Terrain|[from] ability: Psychic Surge|[of] p1a: Tapu Lele
|turn|6
|
|t:|1641210102
|move|p2a: Calyrex|Astral Barrage|p1a: Tapu Lele
|-supereffective|p1a: Tapu Lele
|-damage|p1a: Tapu Lele|0 fnt
|faint|p1a: Tapu Lele
|-ability|p2a: Calyrex|Grim Neigh|boost
|-boost|p2a: Calyrex|spa|1
|
|upkeep
|
|t:|1641210105
|switch|p1a: Dragapult|Dragapult, M, shiny|100/100
|turn|7
|c|☆Rickboypro|gg
|c|☆orange overhaul|gg
|
|t:|1641210112
|move|p2a: Calyrex|Astral Barrage|p1a: Dragapult
|-supereffective|p1a: Dragapult
|-crit|p1a: Dragapult
|-damage|p1a: Dragapult|0 fnt
|faint|p1a: Dragapult
|
|win|Rickboypro
|raw|orange overhaul's rating: 1375 &rarr; <strong>1360</strong><br />(-15 for losing)
|raw|Rickboypro's rating: 1465 &rarr; <strong>1480</strong><br />(+15 for winning)
|l|☆orange overhaul
