|j|☆sean&andy
|j|☆chopforce8
|t:|1662365922
|gametype|singles
|player|p1|sean&andy|170|1854
|player|p2|chopforce8|red|1817
|teamsize|p1|6
|teamsize|p2|6
|gen|8
|tier|[Gen 8] National Dex AG
|rated|
|rule|HP Percentage Mod: HP is shown in percentages
|rule|Endless Battle Clause: Forcing endless battles is banned
|clearpoke
|poke|p1|Arceus-*|
|poke|p1|Groudon|
|poke|p1|Zacian-*|
|poke|p1|Rayquaza|
|poke|p1|Calyrex-Shadow|
|poke|p1|Yveltal|
|poke|p2|Yveltal|
|poke|p2|Diancie|
|poke|p2|Calyrex-Shadow|
|poke|p2|Zacian-*|
|poke|p2|Ditto|
|poke|p2|Arceus-*|
|teampreview
|
|t:|1662365931
|start
|switch|p1a: Calyrex|Calyrex-Shadow|100/100
|switch|p2a: ProfessorQuirrell|Calyrex-Shadow|100/100
|-ability|p2a: ProfessorQuirrell|As One
|-ability|p2a: ProfessorQuirrell|Unnerve
|-ability|p1a: Calyrex|As One
|-ability|p1a: Calyrex|Unnerve
|turn|1
|
|t:|1662365940
|switch|p1a: Arceus|Arceus|100/100
|move|p2a: ProfessorQuirrell|Astral Barrage|p1a: Arceus
|-immune|p1a: Arceus
|
|upkeep
|turn|2
|
|t:|1662365947
|switch|p2a: Fluffy|Zacian-Crowned|100/100
|-ability|p2a: Fluffy|Intrepid Sword|boost
|-boost|p2a: Fluffy|atk|1
|move|p1a: Arceus|Swords Dance|p1a: Arceus
|-boost|p1a: Arceus|atk|2
|
|upkeep
|turn|3
|
|t:|1662365954
|switch|p1a: Groudon|Groudon|100/100
|detailschange|p1a: Groudon|Groudon-Primal
|-primal|p1a: Groudon
|-weather|DesolateLand|[from] ability: Desolate Land|[of] p1a: Groudon
|move|p2a: Fluffy|Substitute|p2a: Fluffy
|-start|p2a: Fluffy|Substitute
|-damage|p2a: Fluffy|76/100
|
|-weather|DesolateLand|[upkeep]
|upkeep
|turn|4
|
|t:|1662365961
|move|p2a: Fluffy|Close Combat|p1a: Groudon
|-damage|p1a: Groudon|68/100
|-unboost|p2a: Fluffy|def|1
|-unboost|p2a: Fluffy|spd|1
|move|p1a: Groudon|Precipice Blades|p2a: Fluffy
|-supereffective|p2a: Fluffy
|-end|p2a: Fluffy|Substitute
|
|-weather|DesolateLand|[upkeep]
|upkeep
|turn|5
|
|t:|1662365970
|move|p2a: Fluffy|Close Combat|p1a: Groudon
|-damage|p1a: Groudon|33/100
|-unboost|p2a: Fluffy|def|1
|-unboost|p2a: Fluffy|spd|1
|move|p1a: Groudon|Precipice Blades|p2a: Fluffy
|-supereffective|p2a: Fluffy
|-damage|p2a: Fluffy|0 fnt
|faint|p2a: Fluffy
|
|-weather|DesolateLand|[upkeep]
|upkeep
|
|t:|1662365981
|switch|p2a: ProfessorQuirrell|Calyrex-Shadow|100/100
|-ability|p2a: ProfessorQuirrell|As One
|-ability|p2a: ProfessorQuirrell|Unnerve
|turn|6
|
|t:|1662365986
|move|p2a: ProfessorQuirrell|Nasty Plot|p2a: ProfessorQuirrell
|-boost|p2a: ProfessorQuirrell|spa|2
|move|p1a: Groudon|Thunder Wave|p2a: ProfessorQuirrell
|-status|p2a: ProfessorQuirrell|par
|
|-weather|DesolateLand|[upkeep]
|upkeep
|turn|7
|
|t:|1662365992
|cant|p2a: ProfessorQuirrell|par
|move|p1a: Groudon|Stealth Rock|p2a: ProfessorQuirrell
|-sidestart|p2: chopforce8|move: Stealth Rock
|
|-weather|DesolateLand|[upkeep]
|upkeep
|turn|8
|
|t:|1662365997
|cant|p2a: ProfessorQuirrell|par
|move|p1a: Groudon|Precipice Blades|p2a: ProfessorQuirrell
|-damage|p2a: ProfessorQuirrell|12/100 par
|
|-weather|DesolateLand|[upkeep]
|upkeep
|turn|9
|
|t:|1662366001
|-weather|none
|switch|p1a: Arceus|Arceus|100/100
|move|p2a: ProfessorQuirrell|Baton Pass|p2a: ProfessorQuirrell
|
|t:|1662366005
|switch|p2a: Voldemort|Yveltal|100/100|[from]move: Baton Pass
|-damage|p2a: Voldemort|76/100|[from] Stealth Rock
|-ability|p2a: Voldemort|Dark Aura
|
|upkeep
|turn|10
|inactive|Battle timer is ON: inactive players will automatically lose when time's up. (requested by sean&andy)
|
|t:|1662366048
|-start|p2a: Voldemort|Dynamax|
|-heal|p2a: Voldemort|76/100|[silent]
|-start|p1a: Arceus|Dynamax|
|-heal|p1a: Arceus|100/100|[silent]
|move|p2a: Voldemort|Max Airstream|p1a: Arceus
|-damage|p1a: Arceus|42/100
|-boost|p2a: Voldemort|spe|1
|-damage|p2a: Voldemort|71/100|[from] item: Life Orb
|move|p1a: Arceus|Max Strike|p2a: Voldemort
|-damage|p2a: Voldemort|34/100
|-unboost|p2a: Voldemort|spe|1
|
|upkeep
|turn|11
|
|t:|1662366061
|move|p1a: Arceus|Max Guard|p1a: Arceus
|-singleturn|p1a: Arceus|Max Guard
|move|p2a: Voldemort|Max Darkness|p1a: Arceus
|-activate|p1a: Arceus|move: Max Guard
|
|upkeep
|turn|12
|
|t:|1662366066
|move|p1a: Arceus|Max Guard||[still]
|-fail|p1a: Arceus
|move|p2a: Voldemort|Max Airstream|p1a: Arceus
|-damage|p1a: Arceus|0 fnt
|-boost|p2a: Voldemort|spe|1
|faint|p1a: Arceus
|-damage|p2a: Voldemort|29/100|[from] item: Life Orb
|
|upkeep
|
|t:|1662366070
|switch|p1a: Rayquaza|Rayquaza|100/100
|-ability|p1a: Rayquaza|Air Lock
|-end|p2a: Voldemort|Dynamax
|-heal|p2a: Voldemort|29/100|[silent]
|turn|13
|
|t:|1662366080
|detailschange|p1a: Rayquaza|Rayquaza-Mega
|-mega|p1a: Rayquaza|Rayquaza|
|-weather|DeltaStream|[from] ability: Delta Stream|[of] p1a: Rayquaza
|move|p1a: Rayquaza|Extreme Speed|p2a: Voldemort
|-damage|p2a: Voldemort|0 fnt
|faint|p2a: Voldemort
|
|-weather|DeltaStream|[upkeep]
|upkeep
|
|t:|1662366097
|switch|p2a: Chess Wizard|Arceus-Flying|100/100
|-damage|p2a: Chess Wizard|76/100|[from] Stealth Rock
|turn|14
|
|t:|1662366102
|move|p2a: Chess Wizard|Judgment|p1a: Rayquaza
|-damage|p1a: Rayquaza|51/100
|move|p1a: Rayquaza|Dragon Dance|p1a: Rayquaza
|-boost|p1a: Rayquaza|atk|1
|-boost|p1a: Rayquaza|spe|1
|
|-weather|DeltaStream|[upkeep]
|upkeep
|turn|15
|
|t:|1662366108
|switch|p2a: ProfessorQuirrell|Calyrex-Shadow|12/100 par
|-ability|p2a: ProfessorQuirrell|As One
|-ability|p2a: ProfessorQuirrell|Unnerve
|-damage|p2a: ProfessorQuirrell|0 fnt|[from] Stealth Rock
|faint|p2a: ProfessorQuirrell
|move|p1a: Rayquaza|Dragon Ascent|p2: ProfessorQuirrell|[notarget]
|-fail|p1a: Rayquaza
|
|-weather|DeltaStream|[upkeep]
|upkeep
|
|t:|1662366117
|switch|p2a: MirrorofErised|Ditto|100/100
|-damage|p2a: MirrorofErised|88/100|[from] Stealth Rock
|-transform|p2a: MirrorofErised|p1a: Rayquaza|[from] ability: Imposter
|turn|16
|
|t:|1662366123
|move|p1a: Rayquaza|Extreme Speed|p2a: MirrorofErised
|-damage|p2a: MirrorofErised|21/100
|move|p2a: MirrorofErised|Dragon Ascent|p1a: Rayquaza
|-damage|p1a: Rayquaza|0 fnt
|-unboost|p2a: MirrorofErised|def|1
|-unboost|p2a: MirrorofErised|spd|1
|faint|p1a: Rayquaza
|
|-weather|DeltaStream|[upkeep]
|upkeep
|
|t:|1662366126
|switch|p1a: Yveltal|Yveltal|100/100
|-ability|p1a: Yveltal|Dark Aura
|turn|17
|
|t:|1662366134
|-weather|none
|switch|p2a: Harry Potter|Diancie|100/100
|-damage|p2a: Harry Potter|88/100|[from] Stealth Rock
|move|p1a: Yveltal|Sucker Punch||[still]
|-fail|p1a: Yveltal
|
|upkeep
|turn|18
|inactive|chopforce8 has 120 seconds left.
|
|t:|1662366182
|switch|p1a: Zacian|Zacian-Crowned|100/100
|-ability|p1a: Zacian|Intrepid Sword|boost
|-boost|p1a: Zacian|atk|1
|detailschange|p2a: Harry Potter|Diancie-Mega
|-mega|p2a: Harry Potter|Diancie|Diancite
|move|p2a: Harry Potter|Stealth Rock|p1a: Zacian
|-sidestart|p1: sean&andy|move: Stealth Rock
|
|upkeep
|turn|19
|
|t:|1662366189
|move|p1a: Zacian|Behemoth Blade|p2a: Harry Potter
|-supereffective|p2a: Harry Potter
|-damage|p2a: Harry Potter|0 fnt
|faint|p2a: Harry Potter
|
|upkeep
|
|t:|1662366194
|switch|p2a: MirrorofErised|Ditto|21/100
|-damage|p2a: MirrorofErised|9/100|[from] Stealth Rock
|-transform|p2a: MirrorofErised|p1a: Zacian|[from] ability: Imposter
|-ability|p2a: MirrorofErised|Intrepid Sword|boost
|-boost|p2a: MirrorofErised|atk|1
|turn|20
|
|t:|1662366203
|move|p2a: MirrorofErised|Behemoth Blade|p1a: Zacian
|-damage|p1a: Zacian|0 fnt
|faint|p1a: Zacian
|
|upkeep
|
|t:|1662366206
|switch|p1a: Groudon|Groudon-Primal|33/100
|-damage|p1a: Groudon|21/100|[from] Stealth Rock
|-weather|DesolateLand|[from] ability: Desolate Land|[of] p1a: Groudon
|turn|21
|
|t:|1662366212
|move|p2a: MirrorofErised|Behemoth Blade|p1a: Groudon
|-resisted|p1a: Groudon
|-damage|p1a: Groudon|0 fnt
|faint|p1a: Groudon
|-weather|none
|
|upkeep
|j| yeexle
|
|t:|1662366217
|switch|p1a: Yveltal|Yveltal|100/100
|-damage|p1a: Yveltal|76/100|[from] Stealth Rock
|-ability|p1a: Yveltal|Dark Aura
|turn|22
|
|t:|1662366223
|move|p1a: Yveltal|Sucker Punch|p2a: MirrorofErised
|-resisted|p2a: MirrorofErised
|-damage|p2a: MirrorofErised|0 fnt
|faint|p2a: MirrorofErised
|-damage|p1a: Yveltal|66/100|[from] item: Life Orb
|
|upkeep
|
|t:|1662366228
|switch|p2a: Chess Wizard|Arceus-Flying|76/100
|-damage|p2a: Chess Wizard|51/100|[from] Stealth Rock
|turn|23
|
|t:|1662366231
|move|p2a: Chess Wizard|Calm Mind|p2a: Chess Wizard
|-boost|p2a: Chess Wizard|spa|1
|-boost|p2a: Chess Wizard|spd|1
|move|p1a: Yveltal|Dark Pulse|p2a: Chess Wizard
|-damage|p2a: Chess Wizard|16/100
|-damage|p1a: Yveltal|56/100|[from] item: Life Orb
|
|upkeep
|turn|24
|
|t:|1662366246
|move|p2a: Chess Wizard|Recover|p2a: Chess Wizard
|-heal|p2a: Chess Wizard|66/100
|move|p1a: Yveltal|Dark Pulse|p2a: Chess Wizard
|-damage|p2a: Chess Wizard|33/100
|-damage|p1a: Yveltal|46/100|[from] item: Life Orb
|
|upkeep
|turn|25
|l| yeexle
|
|t:|1662366253
|move|p2a: Chess Wizard|Recover|p2a: Chess Wizard
|-heal|p2a: Chess Wizard|84/100
|move|p1a: Yveltal|Oblivion Wing|p2a: Chess Wizard
|-damage|p2a: Chess Wizard|57/100
|-heal|p1a: Yveltal|68/100|[from] drain|[of] p2a: Chess Wizard
|-damage|p1a: Yveltal|58/100|[from] item: Life Orb
|
|upkeep
|turn|26
|
|t:|1662366261
|switch|p1a: Calyrex|Calyrex-Shadow|100/100
|-ability|p1a: Calyrex|As One
|-ability|p1a: Calyrex|Unnerve
|-damage|p1a: Calyrex|88/100|[from] Stealth Rock
|move|p2a: Chess Wizard|Recover|p2a: Chess Wizard
|-heal|p2a: Chess Wizard|100/100
|
|-heal|p1a: Calyrex|94/100|[from] item: Leftovers
|upkeep
|turn|27
|
|t:|1662366270
|move|p1a: Calyrex|Leech Seed|p2a: Chess Wizard
|-start|p2a: Chess Wizard|move: Leech Seed
|move|p2a: Chess Wizard|Calm Mind|p2a: Chess Wizard
|-boost|p2a: Chess Wizard|spa|1
|-boost|p2a: Chess Wizard|spd|1
|
|-heal|p1a: Calyrex|100/100|[from] item: Leftovers
|-damage|p2a: Chess Wizard|88/100|[from] Leech Seed|[of] p1a: Calyrex
|upkeep
|turn|28
|
|t:|1662366277
|move|p1a: Calyrex|Substitute|p1a: Calyrex
|-start|p1a: Calyrex|Substitute
|-damage|p1a: Calyrex|76/100
|move|p2a: Chess Wizard|Judgment|p1a: Calyrex
|-end|p1a: Calyrex|Substitute
|
|-heal|p1a: Calyrex|82/100|[from] item: Leftovers
|-damage|p2a: Chess Wizard|76/100|[from] Leech Seed|[of] p1a: Calyrex
|-heal|p1a: Calyrex|98/100|[silent]
|upkeep
|turn|29
|
|t:|1662366289
|move|p1a: Calyrex|Substitute|p1a: Calyrex
|-start|p1a: Calyrex|Substitute
|-damage|p1a: Calyrex|73/100
|move|p2a: Chess Wizard|Judgment|p1a: Calyrex
|-end|p1a: Calyrex|Substitute
|
|-heal|p1a: Calyrex|79/100|[from] item: Leftovers
|-damage|p2a: Chess Wizard|63/100|[from] Leech Seed|[of] p1a: Calyrex
|-heal|p1a: Calyrex|95/100|[silent]
|upkeep
|turn|30
|
|t:|1662366297
|move|p1a: Calyrex|Substitute|p1a: Calyrex
|-start|p1a: Calyrex|Substitute
|-damage|p1a: Calyrex|70/100
|move|p2a: Chess Wizard|Recover|p2a: Chess Wizard
|-heal|p2a: Chess Wizard|100/100
|
|-heal|p1a: Calyrex|76/100|[from] item: Leftovers
|-damage|p2a: Chess Wizard|88/100|[from] Leech Seed|[of] p1a: Calyrex
|-heal|p1a: Calyrex|93/100|[silent]
|upkeep
|turn|31
|
|t:|1662366305
|move|p1a: Calyrex|Astral Barrage|p2a: Chess Wizard
|-damage|p2a: Chess Wizard|64/100
|move|p2a: Chess Wizard|Judgment|p1a: Calyrex
|-end|p1a: Calyrex|Substitute
|
|-heal|p1a: Calyrex|99/100|[from] item: Leftovers
|-damage|p2a: Chess Wizard|51/100|[from] Leech Seed|[of] p1a: Calyrex
|-heal|p1a: Calyrex|100/100|[silent]
|upkeep
|turn|32
|
|t:|1662366335
|move|p1a: Calyrex|Substitute|p1a: Calyrex
|-start|p1a: Calyrex|Substitute
|-damage|p1a: Calyrex|76/100
|move|p2a: Chess Wizard|Recover|p2a: Chess Wizard
|-heal|p2a: Chess Wizard|100/100
|
|-heal|p1a: Calyrex|82/100|[from] item: Leftovers
|-damage|p2a: Chess Wizard|88/100|[from] Leech Seed|[of] p1a: Calyrex
|-heal|p1a: Calyrex|98/100|[silent]
|upkeep
|turn|33
|inactive|chopforce8 has 120 seconds left.
|
|t:|1662366359
|move|p1a: Calyrex|Astral Barrage|p2a: Chess Wizard
|-damage|p2a: Chess Wizard|63/100
|move|p2a: Chess Wizard|Calm Mind|p2a: Chess Wizard
|-boost|p2a: Chess Wizard|spa|1
|-boost|p2a: Chess Wizard|spd|1
|
|-heal|p1a: Calyrex|100/100|[from] item: Leftovers
|-damage|p2a: Chess Wizard|50/100|[from] Leech Seed|[of] p1a: Calyrex
|upkeep
|turn|34
|inactive|chopforce8 has 120 seconds left.
|
|t:|1662366369
|move|p1a: Calyrex|Astral Barrage|p2a: Chess Wizard
|-damage|p2a: Chess Wizard|30/100
|move|p2a: Chess Wizard|Recover|p2a: Chess Wizard
|-heal|p2a: Chess Wizard|80/100
|
|-damage|p2a: Chess Wizard|68/100|[from] Leech Seed|[of] p1a: Calyrex
|upkeep
|turn|35
|
|t:|1662366377
|move|p1a: Calyrex|Astral Barrage|p2a: Chess Wizard
|-damage|p2a: Chess Wizard|46/100
|move|p2a: Chess Wizard|Calm Mind|p2a: Chess Wizard
|-boost|p2a: Chess Wizard|spa|1
|-boost|p2a: Chess Wizard|spd|1
|
|-damage|p2a: Chess Wizard|33/100|[from] Leech Seed|[of] p1a: Calyrex
|upkeep
|turn|36
|
|t:|1662366386
|move|p1a: Calyrex|Astral Barrage|p2a: Chess Wizard
|-damage|p2a: Chess Wizard|17/100
|move|p2a: Chess Wizard|Recover|p2a: Chess Wizard
|-heal|p2a: Chess Wizard|67/100
|
|-damage|p2a: Chess Wizard|55/100|[from] Leech Seed|[of] p1a: Calyrex
|upkeep
|turn|37
|
|t:|1662366394
|move|p1a: Calyrex|Draining Kiss|p2a: Chess Wizard
|-damage|p2a: Chess Wizard|50/100
|move|p2a: Chess Wizard|Recover|p2a: Chess Wizard
|-heal|p2a: Chess Wizard|99/100
|
|-damage|p2a: Chess Wizard|88/100|[from] Leech Seed|[of] p1a: Calyrex
|upkeep
|turn|38
|
|t:|1662366401
|move|p1a: Calyrex|Astral Barrage|p2a: Chess Wizard
|-damage|p2a: Chess Wizard|72/100
|move|p2a: Chess Wizard|Calm Mind|p2a: Chess Wizard
|-boost|p2a: Chess Wizard|spa|1
|-boost|p2a: Chess Wizard|spd|1
|
|-damage|p2a: Chess Wizard|60/100|[from] Leech Seed|[of] p1a: Calyrex
|upkeep
|turn|39
|
|t:|1662366410
|switch|p1a: Yveltal|Yveltal|58/100
|-damage|p1a: Yveltal|33/100|[from] Stealth Rock
|-ability|p1a: Yveltal|Dark Aura
|move|p2a: Chess Wizard|Calm Mind|p2a: Chess Wizard
|-boost|p2a: Chess Wizard|spa|1
|-boost|p2a: Chess Wizard|spd|1
|
|-damage|p2a: Chess Wizard|47/100|[from] Leech Seed|[of] p1a: Yveltal
|-heal|p1a: Yveltal|47/100|[silent]
|upkeep
|turn|40
|
|t:|1662366419
|move|p1a: Yveltal|Sucker Punch||[still]
|-fail|p1a: Yveltal
|move|p2a: Chess Wizard|Recover|p2a: Chess Wizard
|-heal|p2a: Chess Wizard|98/100
|
|-damage|p2a: Chess Wizard|85/100|[from] Leech Seed|[of] p1a: Yveltal
|-heal|p1a: Yveltal|61/100|[silent]
|upkeep
|turn|41
|
|t:|1662366425
|move|p1a: Yveltal|Sucker Punch|p2a: Chess Wizard
|-damage|p2a: Chess Wizard|50/100
|-damage|p1a: Yveltal|51/100|[from] item: Life Orb
|move|p2a: Chess Wizard|Judgment|p1a: Yveltal
|-damage|p1a: Yveltal|0 fnt
|faint|p1a: Yveltal
|
|upkeep
|
|t:|1662366429
|switch|p1a: Calyrex|Calyrex-Shadow|100/100
|-ability|p1a: Calyrex|As One
|-ability|p1a: Calyrex|Unnerve
|-damage|p1a: Calyrex|88/100|[from] Stealth Rock
|turn|42
|
|t:|1662366438
|move|p1a: Calyrex|Substitute|p1a: Calyrex
|-start|p1a: Calyrex|Substitute
|-damage|p1a: Calyrex|63/100
|move|p2a: Chess Wizard|Recover|p2a: Chess Wizard
|-heal|p2a: Chess Wizard|99/100
|
|-heal|p1a: Calyrex|69/100|[from] item: Leftovers
|-damage|p2a: Chess Wizard|87/100|[from] Leech Seed|[of] p1a: Calyrex
|-heal|p1a: Calyrex|86/100|[silent]
|upkeep
|turn|43
|
|t:|1662366446
|move|p1a: Calyrex|Draining Kiss|p2a: Chess Wizard
|-damage|p2a: Chess Wizard|84/100
|-heal|p1a: Calyrex|89/100|[from] drain|[of] p2a: Chess Wizard
|move|p2a: Chess Wizard|Judgment|p1a: Calyrex
|-end|p1a: Calyrex|Substitute
|
|-heal|p1a: Calyrex|95/100|[from] item: Leftovers
|-damage|p2a: Chess Wizard|72/100|[from] Leech Seed|[of] p1a: Calyrex
|-heal|p1a: Calyrex|100/100|[silent]
|upkeep
|turn|44
|
|t:|1662366457
|move|p1a: Calyrex|Substitute|p1a: Calyrex
|-start|p1a: Calyrex|Substitute
|-damage|p1a: Calyrex|76/100
|move|p2a: Chess Wizard|Judgment|p1a: Calyrex
|-end|p1a: Calyrex|Substitute
|
|-heal|p1a: Calyrex|82/100|[from] item: Leftovers
|-damage|p2a: Chess Wizard|59/100|[from] Leech Seed|[of] p1a: Calyrex
|-heal|p1a: Calyrex|98/100|[silent]
|upkeep
|turn|45
|
|t:|1662366466
|move|p1a: Calyrex|Substitute|p1a: Calyrex
|-start|p1a: Calyrex|Substitute
|-damage|p1a: Calyrex|73/100
|move|p2a: Chess Wizard|Recover|p2a: Chess Wizard
|-heal|p2a: Chess Wizard|100/100
|
|-heal|p1a: Calyrex|79/100|[from] item: Leftovers
|-damage|p2a: Chess Wizard|88/100|[from] Leech Seed|[of] p1a: Calyrex
|-heal|p1a: Calyrex|95/100|[silent]
|upkeep
|turn|46
|
|t:|1662366475
|move|p1a: Calyrex|Astral Barrage|p2a: Chess Wizard
|-damage|p2a: Chess Wizard|75/100
|move|p2a: Chess Wizard|Judgment|p1a: Calyrex
|-end|p1a: Calyrex|Substitute
|
|-heal|p1a: Calyrex|100/100|[from] item: Leftovers
|-damage|p2a: Chess Wizard|63/100|[from] Leech Seed|[of] p1a: Calyrex
|upkeep
|turn|47
|
|t:|1662366494
|move|p1a: Calyrex|Substitute|p1a: Calyrex
|-start|p1a: Calyrex|Substitute
|-damage|p1a: Calyrex|76/100
|move|p2a: Chess Wizard|Calm Mind|p2a: Chess Wizard
|-boost|p2a: Chess Wizard|spa|0
|-boost|p2a: Chess Wizard|spd|0
|
|-heal|p1a: Calyrex|82/100|[from] item: Leftovers
|-damage|p2a: Chess Wizard|50/100|[from] Leech Seed|[of] p1a: Calyrex
|-heal|p1a: Calyrex|98/100|[silent]
|upkeep
|turn|48
|
|t:|1662366510
|move|p1a: Calyrex|Astral Barrage|p2a: Chess Wizard
|-damage|p2a: Chess Wizard|39/100
|move|p2a: Chess Wizard|Recover|p2a: Chess Wizard
|-heal|p2a: Chess Wizard|89/100
|
|-heal|p1a: Calyrex|100/100|[from] item: Leftovers
|-damage|p2a: Chess Wizard|76/100|[from] Leech Seed|[of] p1a: Calyrex
|upkeep
|turn|49
|
|t:|1662366522
|move|p1a: Calyrex|Draining Kiss|p2a: Chess Wizard
|-damage|p2a: Chess Wizard|73/100
|move|p2a: Chess Wizard|Judgment|p1a: Calyrex
|-end|p1a: Calyrex|Substitute
|
|-damage|p2a: Chess Wizard|60/100|[from] Leech Seed|[of] p1a: Calyrex
|upkeep
|turn|50
|
|t:|1662366531
|move|p1a: Calyrex|Substitute|p1a: Calyrex
|-start|p1a: Calyrex|Substitute
|-damage|p1a: Calyrex|76/100
|move|p2a: Chess Wizard|Judgment|p1a: Calyrex
|-end|p1a: Calyrex|Substitute
|
|-heal|p1a: Calyrex|82/100|[from] item: Leftovers
|-damage|p2a: Chess Wizard|48/100|[from] Leech Seed|[of] p1a: Calyrex
|-heal|p1a: Calyrex|98/100|[silent]
|upkeep
|turn|51
|
|t:|1662366540
|move|p1a: Calyrex|Substitute|p1a: Calyrex
|-start|p1a: Calyrex|Substitute
|-damage|p1a: Calyrex|73/100
|move|p2a: Chess Wizard|Recover|p2a: Chess Wizard
|-heal|p2a: Chess Wizard|98/100
|
|-heal|p1a: Calyrex|79/100|[from] item: Leftovers
|-damage|p2a: Chess Wizard|85/100|[from] Leech Seed|[of] p1a: Calyrex
|-heal|p1a: Calyrex|95/100|[silent]
|upkeep
|turn|52
|j| BluJones7
|
|t:|1662366553
|move|p1a: Calyrex|Draining Kiss|p2a: Chess Wizard
|-damage|p2a: Chess Wizard|82/100
|-heal|p1a: Calyrex|99/100|[from] drain|[of] p2a: Chess Wizard
|move|p2a: Chess Wizard|Judgment|p1a: Calyrex
|-end|p1a: Calyrex|Substitute
|
|-heal|p1a: Calyrex|100/100|[from] item: Leftovers
|-damage|p2a: Chess Wizard|69/100|[from] Leech Seed|[of] p1a: Calyrex
|upkeep
|turn|53
|
|t:|1662366566
|move|p1a: Calyrex|Substitute|p1a: Calyrex
|-start|p1a: Calyrex|Substitute
|-damage|p1a: Calyrex|76/100
|move|p2a: Chess Wizard|Calm Mind|p2a: Chess Wizard
|-boost|p2a: Chess Wizard|spa|0
|-boost|p2a: Chess Wizard|spd|0
|
|-heal|p1a: Calyrex|82/100|[from] item: Leftovers
|-damage|p2a: Chess Wizard|57/100|[from] Leech Seed|[of] p1a: Calyrex
|-heal|p1a: Calyrex|98/100|[silent]
|upkeep
|turn|54
|
|t:|1662366574
|move|p1a: Calyrex|Draining Kiss|p2a: Chess Wizard
|-damage|p2a: Chess Wizard|53/100
|-heal|p1a: Calyrex|100/100|[from] drain|[of] p2a: Chess Wizard
|move|p2a: Chess Wizard|Calm Mind|p2a: Chess Wizard
|-boost|p2a: Chess Wizard|spa|0
|-boost|p2a: Chess Wizard|spd|0
|
|-damage|p2a: Chess Wizard|40/100|[from] Leech Seed|[of] p1a: Calyrex
|upkeep
|turn|55
|
|t:|1662366583
|move|p1a: Calyrex|Draining Kiss|p2a: Chess Wizard
|-damage|p2a: Chess Wizard|37/100
|move|p2a: Chess Wizard|Recover|p2a: Chess Wizard
|-heal|p2a: Chess Wizard|87/100
|
|-damage|p2a: Chess Wizard|74/100|[from] Leech Seed|[of] p1a: Calyrex
|upkeep
|turn|56
|
|t:|1662366597
|move|p1a: Calyrex|Draining Kiss|p2a: Chess Wizard
|-damage|p2a: Chess Wizard|70/100
|move|p2a: Chess Wizard|Judgment|p1a: Calyrex
|-end|p1a: Calyrex|Substitute
|
|-damage|p2a: Chess Wizard|58/100|[from] Leech Seed|[of] p1a: Calyrex
|upkeep
|turn|57
|
|t:|1662366604
|move|p1a: Calyrex|Substitute|p1a: Calyrex
|-start|p1a: Calyrex|Substitute
|-damage|p1a: Calyrex|76/100
|move|p2a: Chess Wizard|Judgment|p1a: Calyrex
|-end|p1a: Calyrex|Substitute
|
|-heal|p1a: Calyrex|82/100|[from] item: Leftovers
|-damage|p2a: Chess Wizard|46/100|[from] Leech Seed|[of] p1a: Calyrex
|-heal|p1a: Calyrex|98/100|[silent]
|upkeep
|turn|58
|c|☆sean&andy|no other attacking move?
|
|t:|1662366617
|move|p1a: Calyrex|Substitute|p1a: Calyrex
|-start|p1a: Calyrex|Substitute
|-damage|p1a: Calyrex|73/100
|move|p2a: Chess Wizard|Judgment|p1a: Calyrex
|-end|p1a: Calyrex|Substitute
|
|-heal|p1a: Calyrex|79/100|[from] item: Leftovers
|-damage|p2a: Chess Wizard|33/100|[from] Leech Seed|[of] p1a: Calyrex
|-heal|p1a: Calyrex|95/100|[silent]
|upkeep
|turn|59
|c|☆sean&andy|just ff if so lol
|
|t:|1662366628
|move|p1a: Calyrex|Substitute|p1a: Calyrex
|-start|p1a: Calyrex|Substitute
|-damage|p1a: Calyrex|70/100
|move|p2a: Chess Wizard|Recover|p2a: Chess Wizard
|-heal|p2a: Chess Wizard|83/100
|
|-heal|p1a: Calyrex|76/100|[from] item: Leftovers
|-damage|p2a: Chess Wizard|71/100|[from] Leech Seed|[of] p1a: Calyrex
|-heal|p1a: Calyrex|93/100|[silent]
|upkeep
|turn|60
|
|t:|1662366637
|move|p1a: Calyrex|Draining Kiss|p2a: Chess Wizard
|-damage|p2a: Chess Wizard|67/100
|-heal|p1a: Calyrex|96/100|[from] drain|[of] p2a: Chess Wizard
|move|p2a: Chess Wizard|Perish Song|p2a: Chess Wizard
|-start|p1a: Calyrex|perish3|[silent]
|-start|p2a: Chess Wizard|perish3|[silent]
|-fieldactivate|move: Perish Song
|
|-heal|p1a: Calyrex|100/100|[from] item: Leftovers
|-damage|p2a: Chess Wizard|55/100|[from] Leech Seed|[of] p1a: Calyrex
|-start|p1a: Calyrex|perish3
|-start|p2a: Chess Wizard|perish3
|upkeep
|turn|61
|c|☆sean&andy|ah
|
|t:|1662366647
|move|p1a: Calyrex|Draining Kiss|p2a: Chess Wizard
|-damage|p2a: Chess Wizard|51/100
|move|p2a: Chess Wizard|Recover|p2a: Chess Wizard
|-heal|p2a: Chess Wizard|100/100
|
|-damage|p2a: Chess Wizard|88/100|[from] Leech Seed|[of] p1a: Calyrex
|-start|p1a: Calyrex|perish2
|-start|p2a: Chess Wizard|perish2
|upkeep
|turn|62
|
|t:|1662366656
|move|p1a: Calyrex|Draining Kiss|p2a: Chess Wizard
|-damage|p2a: Chess Wizard|84/100
|move|p2a: Chess Wizard|Calm Mind|p2a: Chess Wizard
|-boost|p2a: Chess Wizard|spa|0
|-boost|p2a: Chess Wizard|spd|0
|
|-damage|p2a: Chess Wizard|72/100|[from] Leech Seed|[of] p1a: Calyrex
|-start|p1a: Calyrex|perish1
|-start|p2a: Chess Wizard|perish1
|upkeep
|turn|63
|c|☆sean&andy|not sure how this works
|c|☆chopforce8|its 50/50
|c|☆chopforce8|a coin toss
|c|☆sean&andy|i see lol
|
|t:|1662366673
|move|p1a: Calyrex|Draining Kiss|p2a: Chess Wizard
|-damage|p2a: Chess Wizard|68/100
|move|p2a: Chess Wizard|Calm Mind|p2a: Chess Wizard
|-boost|p2a: Chess Wizard|spa|0
|-boost|p2a: Chess Wizard|spd|0
|
|-damage|p2a: Chess Wizard|55/100|[from] Leech Seed|[of] p1a: Calyrex
|-start|p1a: Calyrex|perish0
|-start|p2a: Chess Wizard|perish0
|upkeep
|faint|p1a: Calyrex
|faint|p2a: Chess Wizard
|
|win|chopforce8
|raw|sean&amp;andy's rating: 1854 &rarr; <strong>1832</strong><br />(-22 for losing)
|raw|chopforce8's rating: 1817 &rarr; <strong>1839</strong><br />(+22 for winning)
|c|☆sean&andy|gg either way
|c|☆chopforce8|gg
|c|☆sean&andy|ouf
|c|☆chopforce8|never give up!
|c|☆sean&andy|o well u played 2 ur out
|l|☆chopforce8
|c|☆sean&andy|cant complain
|l| BluJones7
