|j|☆Hhhhhhhhhhhhx
|j|☆85792195wwww
|t:|1663860225
|gametype|singles
|player|p1|Hhhhhhhhhhhhx|nate|1541
|player|p2|85792195wwww|lady|1706
|teamsize|p1|6
|teamsize|p2|6
|gen|8
|tier|[Gen 8] National Dex AG
|rated|
|rule|HP Percentage Mod: HP is shown in percentages
|rule|Endless Battle Clause: Forcing endless battles is banned
|clearpoke
|poke|p1|Zacian-*|
|poke|p1|Cinderace, M|
|poke|p1|Yveltal|
|poke|p1|Zekrom|
|poke|p1|Lugia|
|poke|p1|Groudon|
|poke|p2|Rayquaza|
|poke|p2|Zacian-*|
|poke|p2|Kyogre|
|poke|p2|Arceus-*|
|poke|p2|Marshadow|
|poke|p2|Ditto|
|teampreview
|
|t:|1663860236
|start
|switch|p1a: Groudon|Groudon|100/100
|switch|p2a: Zacian|Zacian-Crowned|100/100
|-ability|p2a: Zacian|Intrepid Sword|boost
|-boost|p2a: Zacian|atk|1
|-weather|SunnyDay|[from] ability: Drought|[of] p1a: Groudon
|turn|1
|
|t:|1663860249
|move|p2a: Zacian|Substitute|p2a: Zacian
|-start|p2a: Zacian|Substitute
|-damage|p2a: Zacian|76/100
|move|p1a: Groudon|Rock Tomb|p2a: Zacian
|-resisted|p2a: Zacian
|-activate|p2a: Zacian|move: Substitute|[damage]
|
|-weather|SunnyDay|[upkeep]
|upkeep
|turn|2
|
|t:|1663860260
|move|p2a: Zacian|Close Combat|p1a: Groudon
|-damage|p1a: Groudon|44/100
|-unboost|p2a: Zacian|def|1
|-unboost|p2a: Zacian|spd|1
|move|p1a: Groudon|Roar|p2a: Zacian
|drag|p2a: Rayquaza|Rayquaza|100/100
|-ability|p2a: Rayquaza|Air Lock
|
|-weather|SunnyDay|[upkeep]
|upkeep
|turn|3
|
|t:|1663860273
|detailschange|p2a: Rayquaza|Rayquaza-Mega
|-mega|p2a: Rayquaza|Rayquaza|
|-weather|DeltaStream|[from] ability: Delta Stream|[of] p2a: Rayquaza
|move|p2a: Rayquaza|Dragon Ascent|p1a: Groudon
|-damage|p1a: Groudon|0 fnt
|-unboost|p2a: Rayquaza|def|1
|-unboost|p2a: Rayquaza|spd|1
|faint|p1a: Groudon
|
|-weather|DeltaStream|[upkeep]
|upkeep
|
|t:|1663860286
|switch|p1a: Zekrom|Zekrom|100/100
|-ability|p1a: Zekrom|Teravolt
|turn|4
|
|t:|1663860294
|move|p2a: Rayquaza|Dragon Ascent|p1a: Zekrom
|-resisted|p1a: Zekrom
|-damage|p1a: Zekrom|41/100
|-unboost|p2a: Rayquaza|def|1
|-unboost|p2a: Rayquaza|spd|1
|move|p1a: Zekrom|Fusion Bolt|p2a: Rayquaza
|-activate||deltastream
|-resisted|p2a: Rayquaza
|-damage|p2a: Rayquaza|13/100
|
|-weather|DeltaStream|[upkeep]
|upkeep
|turn|5
|
|t:|1663860308
|switch|p1a: Lugia|Lugia|100/100
|move|p2a: Rayquaza|Dragon Ascent|p1a: Lugia
|-damage|p1a: Lugia|67/100
|-unboost|p2a: Rayquaza|def|1
|-unboost|p2a: Rayquaza|spd|1
|-damage|p2a: Rayquaza|0 fnt|[from] item: Rocky Helmet|[of] p1a: Lugia
|faint|p2a: Rayquaza
|-weather|none
|
|upkeep
|
|t:|1663860325
|switch|p2a: Arceus|Arceus-Electric|100/100
|turn|6
|inactive|Battle timer is ON: inactive players will automatically lose when time's up. (requested by Hhhhhhhhhhhhx)
|
|t:|1663860332
|switch|p1a: Zekrom|Zekrom|41/100
|-ability|p1a: Zekrom|Teravolt
|move|p2a: Arceus|Judgment|p1a: Zekrom
|-resisted|p1a: Zekrom
|-damage|p1a: Zekrom|25/100
|
|upkeep
|turn|7
|
|t:|1663860340
|move|p2a: Arceus|Ice Beam|p1a: Zekrom
|-supereffective|p1a: Zekrom
|-damage|p1a: Zekrom|0 fnt
|faint|p1a: Zekrom
|
|upkeep
|
|t:|1663860351
|switch|p1a: Zacian|Zacian-Crowned|100/100
|-ability|p1a: Zacian|Intrepid Sword|boost
|-boost|p1a: Zacian|atk|1
|turn|8
|
|t:|1663860366
|move|p1a: Zacian|Behemoth Blade|p2a: Arceus
|-resisted|p2a: Arceus
|-damage|p2a: Arceus|65/100
|move|p2a: Arceus|Stealth Rock|p1a: Zacian
|-sidestart|p1: Hhhhhhhhhhhhx|move: Stealth Rock
|
|upkeep
|turn|9
|
|t:|1663860378
|switch|p2a: Marshadow|Marshadow|100/100
|move|p1a: Zacian|Behemoth Blade|p2a: Marshadow
|-damage|p2a: Marshadow|0 fnt
|faint|p2a: Marshadow
|
|upkeep
|
|t:|1663860385
|switch|p2a: Ditto|Ditto|100/100
|-transform|p2a: Ditto|p1a: Zacian|[from] ability: Imposter
|-ability|p2a: Ditto|Intrepid Sword|boost
|-boost|p2a: Ditto|atk|1
|turn|10
|-message|Hhhhhhhhhhhhx forfeited.
|
|win|85792195wwww
|raw|Hhhhhhhhhhhhx's rating: 1541 &rarr; <strong>1530</strong><br />(-11 for losing)
|raw|85792195wwww's rating: 1706 &rarr; <strong>1717</strong><br />(+11 for winning)
|l|☆Hhhhhhhhhhhhx
||Ladder isn't responding, score probably updated but might not have (Request timeout).
