|j|☆Glaliegoesboom ❤
|j|☆Pr3ssur3
|inactive|Battle timer is ON: inactive players will automatically lose when time's up.
|t:|1654569450
|gametype|singles
|player|p1|Glaliegoesboom ❤|169|
|player|p2|Pr3ssur3|schoolkid-gen4dp|
|teamsize|p1|6
|teamsize|p2|6
|gen|8
|tier|[Gen 8] National Dex AG
|rated|Tournament battle
|rule|HP Percentage Mod: HP is shown in percentages
|rule|Endless Battle Clause: Forcing endless battles is banned
|clearpoke
|poke|p1|Slurpuff, F|
|poke|p1|Yveltal|
|poke|p1|Kyogre|
|poke|p1|Eternatus|
|poke|p1|Rayquaza|
|poke|p1|Zygarde|
|poke|p2|Necrozma-Dusk-Mane|
|poke|p2|Zygarde|
|poke|p2|Calyrex-Shadow|
|poke|p2|Marshadow|
|poke|p2|Xerneas-*|
|poke|p2|Skarmory, F|
|teampreview
|inactive|Glaliegoesboom ❤ also wants the timer to be on.
|inactive|Pr3ssur3 also wants the timer to be on.
|
|t:|1654569467
|start
|switch|p1a: Slurpuff|Slurpuff, F|100/100
|switch|p2a: Calyrex|Calyrex-Shadow|100/100
|-ability|p2a: Calyrex|As One
|-ability|p2a: Calyrex|Unnerve
|turn|1
|
|t:|1654569469
|move|p2a: Calyrex|Taunt|p1a: Slurpuff
|-start|p1a: Slurpuff|move: Taunt
|cant|p1a: Slurpuff|move: Taunt|Sticky Web
|
|upkeep
|turn|2
|
|t:|1654569483
|switch|p2a: Xerneas|Xerneas|100/100
|-ability|p2a: Xerneas|Fairy Aura
|switch|p1a: Yveltal|Yveltal|100/100
|-ability|p1a: Yveltal|Dark Aura
|
|upkeep
|turn|3
|
|t:|1654569494
|switch|p1a: Slurpuff|Slurpuff, F|100/100
|move|p2a: Xerneas|Geomancy||[still]
|-prepare|p2a: Xerneas|Geomancy
|-enditem|p2a: Xerneas|Power Herb
|-anim|p2a: Xerneas|Geomancy|p2a: Xerneas
|-boost|p2a: Xerneas|spa|2
|-boost|p2a: Xerneas|spd|2
|-boost|p2a: Xerneas|spe|2
|
|upkeep
|turn|4
|
|t:|1654569511
|move|p2a: Xerneas|Focus Blast|p1a: Slurpuff
|-resisted|p1a: Slurpuff
|-damage|p1a: Slurpuff|6/100
|move|p1a: Slurpuff|Yawn|p2a: Xerneas
|-start|p2a: Xerneas|move: Yawn|[of] p1a: Slurpuff
|
|upkeep
|turn|5
|
|t:|1654569515
|-start|p2a: Xerneas|Dynamax|
|-heal|p2a: Xerneas|100/100|[silent]
|move|p2a: Xerneas|Max Starfall|p1a: Slurpuff
|-damage|p1a: Slurpuff|0 fnt
|-fieldstart|move: Misty Terrain
|faint|p1a: Slurpuff
|
|-end|p2a: Xerneas|move: Yawn|[silent]
|-activate|p2a: Xerneas|move: Misty Terrain
|upkeep
|
|t:|1654569531
|switch|p1a: Rayquaza|Rayquaza|100/100
|-ability|p1a: Rayquaza|Air Lock
|turn|6
|
|t:|1654569560
|detailschange|p1a: Rayquaza|Rayquaza-Mega
|-mega|p1a: Rayquaza|Rayquaza|
|-weather|DeltaStream|[from] ability: Delta Stream|[of] p1a: Rayquaza
|move|p2a: Xerneas|Max Starfall|p1a: Rayquaza
|-supereffective|p1a: Rayquaza
|-enditem|p1a: Rayquaza|Focus Sash
|-damage|p1a: Rayquaza|1/100
|move|p1a: Rayquaza|Dragon Dance|p1a: Rayquaza
|-boost|p1a: Rayquaza|atk|1
|-boost|p1a: Rayquaza|spe|1
|
|-weather|DeltaStream|[upkeep]
|upkeep
|turn|7
|
|t:|1654569564
|move|p1a: Rayquaza|Dragon Ascent|p2a: Xerneas
|-damage|p2a: Xerneas|54/100
|-unboost|p1a: Rayquaza|def|1
|-unboost|p1a: Rayquaza|spd|1
|move|p2a: Xerneas|Max Starfall|p1a: Rayquaza
|-supereffective|p1a: Rayquaza
|-damage|p1a: Rayquaza|0 fnt
|faint|p1a: Rayquaza
|-weather|none
|
|upkeep
|
|t:|1654569576
|switch|p1a: Eternatus|Eternatus|100/100
|-ability|p1a: Eternatus|Pressure
|-end|p2a: Xerneas|Dynamax
|-heal|p2a: Xerneas|54/100|[silent]
|turn|8
|
|t:|1654569586
|move|p2a: Xerneas|Moonblast|p1a: Eternatus
|-damage|p1a: Eternatus|0 fnt
|faint|p1a: Eternatus
|
|upkeep
|
|t:|1654569590
|switch|p1a: Zygarde|Zygarde|100/100
|turn|9
|
|t:|1654569593
|-start|p1a: Zygarde|Dynamax|
|-heal|p1a: Zygarde|100/100|[silent]
|move|p2a: Xerneas|Moonblast|p1a: Zygarde
|-supereffective|p1a: Zygarde
|-damage|p1a: Zygarde|0 fnt
|faint|p1a: Zygarde
|
|-fieldend|Misty Terrain
|upkeep
|-message|Glaliegoesboom ❤ forfeited.
|
|win|Pr3ssur3
|n|☆Glaliegoesboom ❤|glaliegoesboom
|n|☆Pr3ssur3|pr3ssur3
|l|☆Glaliegoesboom ❤
|j| Akari101
