|j|☆TomoTaco69
|j|‽Mawm
|t:|1665805340
|gametype|singles
|player|p1|TomoTaco69|102|1796
|player|p2|Mawm|170|1780
|teamsize|p1|6
|teamsize|p2|6
|gen|8
|tier|[Gen 8] National Dex AG
|rated|
|rule|HP Percentage Mod: HP is shown in percentages
|rule|Endless Battle Clause: Forcing endless battles is banned
|clearpoke
|poke|p1|Arceus-*|
|poke|p1|Arceus-*|
|poke|p1|Yveltal|
|poke|p1|Necrozma-Dusk-Mane|
|poke|p1|Ditto|
|poke|p1|Marshadow|
|poke|p2|Arceus-*|
|poke|p2|Genesect|
|poke|p2|Yveltal|
|poke|p2|Necrozma-Dusk-Mane|
|poke|p2|Rayquaza|
|poke|p2|Groudon|
|teampreview
|inactive|Battle timer is ON: inactive players will automatically lose when time's up. (requested by Mawm)
|
|t:|1665805346
|start
|switch|p1a: Arceus|Arceus-Flying|100/100
|switch|p2a: Groudon|Groudon|100/100
|detailschange|p2a: Groudon|Groudon-Primal
|-primal|p2a: Groudon
|-weather|DesolateLand|[from] ability: Desolate Land|[of] p2a: Groudon
|turn|1
|
|t:|1665805355
|move|p1a: Arceus|Judgment|p2a: Groudon
|-damage|p2a: Groudon|31/100
|move|p2a: Groudon|Eruption|p1a: Arceus
|-damage|p1a: Arceus|74/100
|
|-weather|DesolateLand|[upkeep]
|upkeep
|turn|2
|
|t:|1665805357
|move|p1a: Arceus|Judgment|p2a: Groudon
|-damage|p2a: Groudon|0 fnt
|faint|p2a: Groudon
|-weather|none
|
|upkeep
|
|t:|1665805367
|switch|p2a: Arceus|Arceus|100/100
|turn|3
|
|t:|1665805369
|move|p1a: Arceus|Will-O-Wisp|p2a: Arceus
|-status|p2a: Arceus|brn
|-enditem|p2a: Arceus|Lum Berry|[eat]
|-curestatus|p2a: Arceus|brn|[msg]
|move|p2a: Arceus|Swords Dance|p2a: Arceus
|-boost|p2a: Arceus|atk|2
|
|upkeep
|turn|4
|
|t:|1665805372
|move|p2a: Arceus|Extreme Speed|p1a: Arceus
|-damage|p1a: Arceus|18/100
|move|p1a: Arceus|Will-O-Wisp|p2a: Arceus
|-status|p2a: Arceus|brn
|
|-damage|p2a: Arceus|94/100 brn|[from] brn
|upkeep
|turn|5
|
|t:|1665805375
|switch|p1a: Marshadow|Marshadow|100/100
|move|p2a: Arceus|Extreme Speed|p1a: Marshadow
|-immune|p1a: Marshadow
|
|-damage|p2a: Arceus|88/100 brn|[from] brn
|upkeep
|turn|6
|
|t:|1665805377
|move|p1a: Marshadow|Close Combat|p2a: Arceus
|-supereffective|p2a: Arceus
|-damage|p2a: Arceus|4/100 brn
|-unboost|p1a: Marshadow|def|1
|-unboost|p1a: Marshadow|spd|1
|move|p2a: Arceus|Shadow Claw|p1a: Marshadow
|-supereffective|p1a: Marshadow
|-damage|p1a: Marshadow|2/100
|
|-damage|p2a: Arceus|0 fnt|[from] brn
|faint|p2a: Arceus
|upkeep
|
|t:|1665805381
|switch|p2a: Yveltal|Yveltal, shiny|100/100
|-ability|p2a: Yveltal|Dark Aura
|turn|7
|
|t:|1665805386
|-start|p2a: Yveltal|Dynamax|
|-heal|p2a: Yveltal|100/100|[silent]
|move|p1a: Marshadow|Shadow Sneak|p2a: Yveltal
|-resisted|p2a: Yveltal
|-damage|p2a: Yveltal|94/100
|move|p2a: Yveltal|Max Airstream|p1a: Marshadow
|-supereffective|p1a: Marshadow
|-damage|p1a: Marshadow|0 fnt
|-boost|p2a: Yveltal|spe|1
|faint|p1a: Marshadow
|
|upkeep
|
|t:|1665805398
|switch|p1a: Yveltal|Yveltal|100/100
|-ability|p1a: Yveltal|Dark Aura
|turn|8
|
|t:|1665805399
|-start|p1a: Yveltal|Dynamax|
|-heal|p1a: Yveltal|100/100|[silent]
|move|p2a: Yveltal|Max Ooze|p1a: Yveltal
|-crit|p1a: Yveltal
|-damage|p1a: Yveltal|71/100
|-boost|p2a: Yveltal|spa|1
|move|p1a: Yveltal|Max Flutterby|p2a: Yveltal
|-damage|p2a: Yveltal|77/100
|-unboost|p2a: Yveltal|spa|1
|-damage|p1a: Yveltal|66/100|[from] item: Life Orb
|
|upkeep
|turn|9
|
|t:|1665805407
|move|p2a: Yveltal|Max Ooze|p1a: Yveltal
|-damage|p1a: Yveltal|49/100
|-boost|p2a: Yveltal|spa|1
|move|p1a: Yveltal|Max Airstream|p2a: Yveltal
|-damage|p2a: Yveltal|50/100
|-boost|p1a: Yveltal|spe|1
|-damage|p1a: Yveltal|44/100|[from] item: Life Orb
|
|upkeep
|-end|p2a: Yveltal|Dynamax
|-heal|p2a: Yveltal|50/100|[silent]
|turn|10
|
|t:|1665805412
|move|p1a: Yveltal|Max Airstream|p2a: Yveltal
|-damage|p2a: Yveltal|0 fnt
|-boost|p1a: Yveltal|spe|1
|faint|p2a: Yveltal
|-damage|p1a: Yveltal|39/100|[from] item: Life Orb
|
|upkeep
|
|t:|1665805417
|switch|p2a: Genesect|Genesect, shiny|100/100
|-ability|p2a: Genesect|Download|boost
|-boost|p2a: Genesect|atk|1
|-end|p1a: Yveltal|Dynamax
|-heal|p1a: Yveltal|39/100|[silent]
|turn|11
|
|t:|1665805418
|move|p2a: Genesect|Extreme Speed|p1a: Yveltal
|-damage|p1a: Yveltal|0 fnt
|faint|p1a: Yveltal
|-damage|p2a: Genesect|91/100|[from] item: Life Orb
|
|upkeep
|
|t:|1665805425
|switch|p1a: Necrozma|Necrozma-Dusk-Mane|100/100
|turn|12
|
|t:|1665805426
|move|p2a: Genesect|Shift Gear|p2a: Genesect
|-boost|p2a: Genesect|spe|2
|-boost|p2a: Genesect|atk|1
|move|p1a: Necrozma|Stealth Rock|p2a: Genesect
|-sidestart|p2: Mawm|move: Stealth Rock
|
|upkeep
|turn|13
|
|t:|1665805428
|move|p2a: Genesect|Leech Life|p1a: Necrozma
|-damage|p1a: Necrozma|33/100
|-heal|p2a: Genesect|100/100|[from] drain|[of] p1a: Necrozma
|-damage|p2a: Genesect|84/100|[from] item: Rocky Helmet|[of] p1a: Necrozma
|-damage|p2a: Genesect|74/100|[from] item: Life Orb
|move|p1a: Necrozma|Knock Off|p2a: Genesect
|-damage|p2a: Genesect|42/100
|-enditem|p2a: Genesect|Life Orb|[from] move: Knock Off|[of] p1a: Necrozma
|
|upkeep
|turn|14
|
|t:|1665805432
|switch|p1a: Arceus|Arceus-Flying|18/100
|move|p2a: Genesect|Leech Life|p1a: Arceus
|-resisted|p1a: Arceus
|-damage|p1a: Arceus|0 fnt
|-heal|p2a: Genesect|52/100|[from] drain|[of] p1a: Arceus
|faint|p1a: Arceus
|
|upkeep
|
|t:|1665805434
|switch|p1a: Ditto|Ditto|100/100
|-transform|p1a: Ditto|p2a: Genesect|[from] ability: Imposter
|-ability|p1a: Ditto|Download|boost
|-boost|p1a: Ditto|spa|1
|turn|15
|
|t:|1665805441
|move|p1a: Ditto|Iron Head|p2a: Genesect
|-resisted|p2a: Genesect
|-damage|p2a: Genesect|4/100
|move|p2a: Genesect|Leech Life|p1a: Ditto
|-resisted|p1a: Ditto
|-damage|p1a: Ditto|51/100
|-heal|p2a: Genesect|26/100|[from] drain|[of] p1a: Ditto
|
|upkeep
|turn|16
|
|t:|1665805448
|move|p2a: Genesect|Extreme Speed|p1a: Ditto
|-resisted|p1a: Ditto
|-damage|p1a: Ditto|20/100
|move|p1a: Ditto|Iron Head|p2a: Genesect
|-resisted|p2a: Genesect
|-crit|p2a: Genesect
|-damage|p2a: Genesect|0 fnt
|faint|p2a: Genesect
|
|upkeep
|
|t:|1665805455
|switch|p2a: Necrozma|Necrozma-Dusk-Mane, shiny|100/100
|-damage|p2a: Necrozma|94/100|[from] Stealth Rock
|turn|17
|
|t:|1665805459
|switch|p1a: Necrozma|Necrozma-Dusk-Mane|33/100
|move|p2a: Necrozma|Dragon Dance|p2a: Necrozma
|-boost|p2a: Necrozma|atk|1
|-boost|p2a: Necrozma|spe|1
|
|upkeep
|turn|18
|
|t:|1665805470
|move|p2a: Necrozma|Dragon Dance|p2a: Necrozma
|-boost|p2a: Necrozma|atk|1
|-boost|p2a: Necrozma|spe|1
|move|p1a: Necrozma|Knock Off|p2a: Necrozma
|-supereffective|p2a: Necrozma
|-damage|p2a: Necrozma|76/100
|
|upkeep
|turn|19
|
|t:|1665805473
|detailschange|p2a: Necrozma|Necrozma-Ultra, shiny
|-burst|p2a: Necrozma|Necrozma|Ultranecrozium Z
|move|p2a: Necrozma|Photon Geyser|p1a: Necrozma
|-resisted|p1a: Necrozma
|-damage|p1a: Necrozma|15/100
|move|p1a: Necrozma|Knock Off|p2a: Necrozma
|-supereffective|p2a: Necrozma
|-damage|p2a: Necrozma|50/100
|
|upkeep
|turn|20
|
|t:|1665805475
|move|p2a: Necrozma|Moonlight|p2a: Necrozma
|-heal|p2a: Necrozma|99/100
|move|p1a: Necrozma|Knock Off|p2a: Necrozma
|-supereffective|p2a: Necrozma
|-damage|p2a: Necrozma|73/100
|
|upkeep
|turn|21
|
|t:|1665805476
|move|p2a: Necrozma|Photon Geyser|p1a: Necrozma
|-resisted|p1a: Necrozma
|-damage|p1a: Necrozma|0 fnt
|faint|p1a: Necrozma
|
|upkeep
|
|t:|1665805478
|switch|p1a: Ditto|Ditto|20/100
|-transform|p1a: Ditto|p2a: Necrozma|[from] ability: Imposter
|turn|22
|
|t:|1665805488
|move|p1a: Ditto|Photon Geyser|p2a: Necrozma
|-resisted|p2a: Necrozma
|-damage|p2a: Necrozma|37/100
|move|p2a: Necrozma|Photon Geyser|p1a: Ditto
|-resisted|p1a: Ditto
|-damage|p1a: Ditto|0 fnt
|faint|p1a: Ditto
|
|upkeep
|
|t:|1665805489
|switch|p1a: Arceus|Arceus-Ground|100/100
|turn|23
|
|t:|1665805491
|-zpower|p2a: Necrozma
|move|p2a: Necrozma|Light That Burns the Sky|p1a: Arceus|[zeffect]
|-damage|p1a: Arceus|0 fnt
|faint|p1a: Arceus
|
|win|Mawm
|raw|TomoTaco69's rating: 1796 &rarr; <strong>1775</strong><br />(-21 for losing)
|raw|Mawm's rating: 1780 &rarr; <strong>1801</strong><br />(+21 for winning)
|l|☆TomoTaco69
