|j|☆jamesrt1577
|j|☆Tahz
|t:|1666608167
|gametype|singles
|player|p1|jamesrt1577|170|1604
|player|p2|Tahz|veteran|1779
|teamsize|p1|6
|teamsize|p2|6
|gen|8
|tier|[Gen 8] National Dex AG
|rated|
|rule|HP Percentage Mod: HP is shown in percentages
|rule|Endless Battle Clause: Forcing endless battles is banned
|clearpoke
|poke|p1|Yveltal|
|poke|p1|Ditto|
|poke|p1|Kyogre|
|poke|p1|Salamence, F|
|poke|p1|Deoxys-Speed|
|poke|p1|Zacian-*|
|poke|p2|Arceus-*|
|poke|p2|Necrozma-Dusk-Mane|
|poke|p2|Ferrothorn, M|
|poke|p2|Zygarde|
|poke|p2|Yveltal|
|poke|p2|Kyogre|
|teampreview
|inactive|Battle timer is ON: inactive players will automatically lose when time's up. (requested by Tahz)
|
|t:|1666608173
|start
|switch|p1a: Deoxys|Deoxys-Speed|100/100
|switch|p2a: Yveltal|Yveltal|100/100
|-ability|p1a: Deoxys|Pressure
|-ability|p2a: Yveltal|Dark Aura
|turn|1
|
|t:|1666608177
|move|p1a: Deoxys|Stealth Rock|p2a: Yveltal
|-sidestart|p2: Tahz|move: Stealth Rock
|move|p2a: Yveltal|U-turn|p1a: Deoxys
|-supereffective|p1a: Deoxys
|-damage|p1a: Deoxys|47/100
|
|t:|1666608183
|switch|p2a: Necrozma|Necrozma-Dusk-Mane|100/100|[from]move: U-turn
|-damage|p2a: Necrozma|94/100|[from] Stealth Rock
|
|upkeep
|turn|2
|
|t:|1666608185
|move|p1a: Deoxys|Taunt|p2a: Necrozma
|-start|p2a: Necrozma|move: Taunt
|move|p2a: Necrozma|Knock Off|p1a: Deoxys
|-supereffective|p1a: Deoxys
|-damage|p1a: Deoxys|0 fnt
|-enditem|p1a: Deoxys|Mental Herb|[from] move: Knock Off|[of] p2a: Necrozma
|faint|p1a: Deoxys
|
|upkeep
|
|t:|1666608190
|switch|p1a: Kyogre|Kyogre|100/100
|detailschange|p1a: Kyogre|Kyogre-Primal
|-primal|p1a: Kyogre
|-weather|PrimordialSea|[from] ability: Primordial Sea|[of] p1a: Kyogre
|turn|3
|inactive|Tahz has 120 seconds left.
|
|t:|1666608233
|switch|p2a: Ferrothorn|Ferrothorn, M|100/100
|-damage|p2a: Ferrothorn|94/100|[from] Stealth Rock
|move|p1a: Kyogre|Calm Mind|p1a: Kyogre
|-boost|p1a: Kyogre|spa|1
|-boost|p1a: Kyogre|spd|1
|
|-weather|PrimordialSea|[upkeep]
|-heal|p2a: Ferrothorn|100/100|[from] item: Leftovers
|upkeep
|turn|4
|
|t:|1666608240
|move|p1a: Kyogre|Scald|p2a: Ferrothorn
|-resisted|p2a: Ferrothorn
|-damage|p2a: Ferrothorn|65/100
|move|p2a: Ferrothorn|Leech Seed|p1a: Kyogre
|-start|p1a: Kyogre|move: Leech Seed
|
|-weather|PrimordialSea|[upkeep]
|-heal|p2a: Ferrothorn|71/100|[from] item: Leftovers
|-damage|p1a: Kyogre|88/100|[from] Leech Seed|[of] p2a: Ferrothorn
|-heal|p2a: Ferrothorn|85/100|[silent]
|upkeep
|turn|5
|
|t:|1666608246
|move|p1a: Kyogre|Scald|p2a: Ferrothorn
|-resisted|p2a: Ferrothorn
|-damage|p2a: Ferrothorn|49/100
|move|p2a: Ferrothorn|Knock Off|p1a: Kyogre
|-damage|p1a: Kyogre|80/100
|
|-weather|PrimordialSea|[upkeep]
|-heal|p2a: Ferrothorn|56/100|[from] item: Leftovers
|-damage|p1a: Kyogre|67/100|[from] Leech Seed|[of] p2a: Ferrothorn
|-heal|p2a: Ferrothorn|70/100|[silent]
|upkeep
|turn|6
|inactive|Tahz has 120 seconds left.
|
|t:|1666608269
|move|p1a: Kyogre|Scald|p2a: Ferrothorn
|-resisted|p2a: Ferrothorn
|-damage|p2a: Ferrothorn|38/100
|-status|p2a: Ferrothorn|brn
|move|p2a: Ferrothorn|Toxic|p1a: Kyogre
|-status|p1a: Kyogre|tox
|
|-weather|PrimordialSea|[upkeep]
|-heal|p2a: Ferrothorn|44/100 brn|[from] item: Leftovers
|-damage|p1a: Kyogre|55/100 tox|[from] Leech Seed|[of] p2a: Ferrothorn
|-heal|p2a: Ferrothorn|58/100 brn|[silent]
|-damage|p1a: Kyogre|49/100 tox|[from] psn
|-damage|p2a: Ferrothorn|52/100 brn|[from] brn
|upkeep
|turn|7
|inactive|Tahz has 120 seconds left.
|
|t:|1666608277
|-weather|none
|switch|p1a: Zacian|Zacian-Crowned|100/100
|-ability|p1a: Zacian|Intrepid Sword|boost
|-boost|p1a: Zacian|atk|1
|move|p2a: Ferrothorn|Knock Off|p1a: Zacian
|-resisted|p1a: Zacian
|-damage|p1a: Zacian|97/100
|
|-heal|p2a: Ferrothorn|58/100 brn|[from] item: Leftovers
|-damage|p2a: Ferrothorn|52/100 brn|[from] brn
|upkeep
|turn|8
|
|t:|1666608281
|switch|p2a: Necrozma|Necrozma-Dusk-Mane|94/100
|-damage|p2a: Necrozma|88/100|[from] Stealth Rock
|move|p1a: Zacian|Substitute|p1a: Zacian
|-start|p1a: Zacian|Substitute
|-damage|p1a: Zacian|72/100
|
|upkeep
|turn|9
|
|t:|1666608286
|move|p1a: Zacian|Swords Dance|p1a: Zacian
|-boost|p1a: Zacian|atk|2
|move|p2a: Necrozma|Sunsteel Strike|p1a: Zacian
|-end|p1a: Zacian|Substitute
|
|upkeep
|turn|10
|
|t:|1666608292
|move|p1a: Zacian|Behemoth Blade|p2a: Necrozma
|-resisted|p2a: Necrozma
|-damage|p2a: Necrozma|47/100
|-damage|p1a: Zacian|56/100|[from] item: Rocky Helmet|[of] p2a: Necrozma
|move|p2a: Necrozma|Morning Sun|p2a: Necrozma
|-heal|p2a: Necrozma|97/100
|
|upkeep
|turn|11
|
|t:|1666608295
|move|p1a: Zacian|Swords Dance|p1a: Zacian
|-boost|p1a: Zacian|atk|2
|move|p2a: Necrozma|Morning Sun|p2a: Necrozma
|-heal|p2a: Necrozma|100/100
|
|upkeep
|turn|12
|
|t:|1666608299
|move|p1a: Zacian|Behemoth Blade|p2a: Necrozma
|-resisted|p2a: Necrozma
|-damage|p2a: Necrozma|42/100
|-damage|p1a: Zacian|39/100|[from] item: Rocky Helmet|[of] p2a: Necrozma
|move|p2a: Necrozma|Sunsteel Strike|p1a: Zacian
|-damage|p1a: Zacian|0 fnt
|faint|p1a: Zacian
|
|upkeep
|
|t:|1666608314
|switch|p1a: Kyogre|Kyogre-Primal|49/100 tox
|-weather|PrimordialSea|[from] ability: Primordial Sea|[of] p1a: Kyogre
|turn|13
|
|t:|1666608332
|move|p1a: Kyogre|Calm Mind|p1a: Kyogre
|-boost|p1a: Kyogre|spa|1
|-boost|p1a: Kyogre|spd|1
|move|p2a: Necrozma|Knock Off|p1a: Kyogre
|-damage|p1a: Kyogre|34/100 tox
|
|-weather|PrimordialSea|[upkeep]
|-damage|p1a: Kyogre|28/100 tox|[from] psn
|upkeep
|turn|14
|
|t:|1666608336
|move|p1a: Kyogre|Rest|p1a: Kyogre
|-status|p1a: Kyogre|slp|[from] move: Rest
|-heal|p1a: Kyogre|100/100 slp|[silent]
|move|p2a: Necrozma|Knock Off|p1a: Kyogre
|-damage|p1a: Kyogre|86/100 slp
|
|-weather|PrimordialSea|[upkeep]
|upkeep
|turn|15
|
|t:|1666608341
|cant|p1a: Kyogre|slp
|move|p2a: Necrozma|Stealth Rock|p1a: Kyogre
|-sidestart|p1: jamesrt1577|move: Stealth Rock
|
|-weather|PrimordialSea|[upkeep]
|upkeep
|turn|16
|
|t:|1666608344
|switch|p2a: Zygarde|Zygarde, shiny|100/100
|-damage|p2a: Zygarde|94/100|[from] Stealth Rock
|cant|p1a: Kyogre|slp
|
|-weather|PrimordialSea|[upkeep]
|upkeep
|turn|17
|
|t:|1666608352
|move|p2a: Zygarde|Haze|p2a: Zygarde
|-clearallboost
|-curestatus|p1a: Kyogre|slp|[msg]
|move|p1a: Kyogre|Ice Beam|p2a: Zygarde
|-supereffective|p2a: Zygarde
|-damage|p2a: Zygarde|0 fnt
|faint|p2a: Zygarde
|
|-weather|PrimordialSea|[upkeep]
|upkeep
|
|t:|1666608361
|switch|p2a: Arceus|Arceus-Dark|100/100
|-damage|p2a: Arceus|88/100|[from] Stealth Rock
|turn|18
|
|t:|1666608364
|move|p2a: Arceus|Calm Mind|p2a: Arceus
|-boost|p2a: Arceus|spa|1
|-boost|p2a: Arceus|spd|1
|move|p1a: Kyogre|Calm Mind|p1a: Kyogre
|-boost|p1a: Kyogre|spa|1
|-boost|p1a: Kyogre|spd|1
|
|-weather|PrimordialSea|[upkeep]
|upkeep
|turn|19
|
|t:|1666608368
|move|p2a: Arceus|Calm Mind|p2a: Arceus
|-boost|p2a: Arceus|spa|1
|-boost|p2a: Arceus|spd|1
|move|p1a: Kyogre|Scald|p2a: Arceus
|-crit|p2a: Arceus
|-damage|p2a: Arceus|5/100
|
|-weather|PrimordialSea|[upkeep]
|upkeep
|turn|20
|
|t:|1666608373
|move|p2a: Arceus|Recover|p2a: Arceus
|-heal|p2a: Arceus|55/100
|move|p1a: Kyogre|Scald|p2a: Arceus
|-damage|p2a: Arceus|26/100
|
|-weather|PrimordialSea|[upkeep]
|upkeep
|turn|21
|
|t:|1666608376
|move|p2a: Arceus|Recover|p2a: Arceus
|-heal|p2a: Arceus|76/100
|move|p1a: Kyogre|Scald|p2a: Arceus
|-damage|p2a: Arceus|48/100
|
|-weather|PrimordialSea|[upkeep]
|upkeep
|turn|22
|
|t:|1666608379
|move|p2a: Arceus|Recover|p2a: Arceus
|-heal|p2a: Arceus|98/100
|move|p1a: Kyogre|Scald|p2a: Arceus
|-damage|p2a: Arceus|71/100
|
|-weather|PrimordialSea|[upkeep]
|upkeep
|turn|23
|
|t:|1666608383
|move|p2a: Arceus|Calm Mind|p2a: Arceus
|-boost|p2a: Arceus|spa|1
|-boost|p2a: Arceus|spd|1
|move|p1a: Kyogre|Scald|p2a: Arceus
|-damage|p2a: Arceus|49/100
|
|-weather|PrimordialSea|[upkeep]
|upkeep
|turn|24
|
|t:|1666608386
|move|p2a: Arceus|Recover|p2a: Arceus
|-heal|p2a: Arceus|99/100
|move|p1a: Kyogre|Scald|p2a: Arceus
|-damage|p2a: Arceus|77/100
|
|-weather|PrimordialSea|[upkeep]
|upkeep
|turn|25
|
|t:|1666608390
|move|p2a: Arceus|Judgment|p1a: Kyogre
|-damage|p1a: Kyogre|44/100
|move|p1a: Kyogre|Scald|p2a: Arceus
|-damage|p2a: Arceus|53/100
|
|-weather|PrimordialSea|[upkeep]
|upkeep
|turn|26
|
|t:|1666608394
|move|p2a: Arceus|Calm Mind|p2a: Arceus
|-boost|p2a: Arceus|spa|1
|-boost|p2a: Arceus|spd|1
|move|p1a: Kyogre|Scald|p2a: Arceus
|-damage|p2a: Arceus|35/100
|-status|p2a: Arceus|brn
|
|-weather|PrimordialSea|[upkeep]
|-damage|p2a: Arceus|29/100 brn|[from] brn
|upkeep
|turn|27
|
|t:|1666608399
|-weather|none
|switch|p1a: Yveltal|Yveltal|100/100
|-ability|p1a: Yveltal|Dark Aura
|move|p2a: Arceus|Judgment|p1a: Yveltal
|-resisted|p1a: Yveltal
|-damage|p1a: Yveltal|52/100
|
|-damage|p2a: Arceus|23/100 brn|[from] brn
|upkeep
|turn|28
|
|t:|1666608404
|move|p2a: Arceus|Recover|p2a: Arceus
|-heal|p2a: Arceus|73/100 brn
|move|p1a: Yveltal|Defog|p2a: Arceus
|-unboost|p2a: Arceus|evasion|1
|-sideend|p2: Tahz|Stealth Rock|[from] move: Defog|[of] p1a: Yveltal
|-sideend|p1: jamesrt1577|Stealth Rock|[from] move: Defog|[of] p1a: Yveltal
|
|-damage|p2a: Arceus|67/100 brn|[from] brn
|upkeep
|turn|29
|
|t:|1666608410
|move|p2a: Arceus|Judgment|p1a: Yveltal
|-resisted|p1a: Yveltal
|-damage|p1a: Yveltal|0 fnt
|faint|p1a: Yveltal
|
|-damage|p2a: Arceus|61/100 brn|[from] brn
|upkeep
|
|t:|1666608415
|switch|p1a: Ditto|Ditto|100/100
|-transform|p1a: Ditto|p2a: Arceus|[from] ability: Imposter
|turn|30
|
|t:|1666608425
|-start|p1a: Ditto|Dynamax|
|-heal|p1a: Ditto|100/100|[silent]
|move|p2a: Arceus|Calm Mind|p2a: Arceus
|-boost|p2a: Arceus|spa|1
|-boost|p2a: Arceus|spd|1
|move|p1a: Ditto|Max Strike|p2a: Arceus
|-damage|p2a: Arceus|46/100 brn
|-unboost|p2a: Arceus|spe|1
|
|-damage|p2a: Arceus|40/100 brn|[from] brn
|upkeep
|turn|31
|
|t:|1666608430
|move|p1a: Ditto|Max Strike|p2a: Arceus
|-damage|p2a: Arceus|23/100 brn
|-unboost|p2a: Arceus|spe|1
|move|p2a: Arceus|Recover|p2a: Arceus
|-heal|p2a: Arceus|73/100 brn
|
|-damage|p2a: Arceus|67/100 brn|[from] brn
|upkeep
|turn|32
|
|t:|1666608433
|move|p1a: Ditto|Max Strike|p2a: Arceus
|-damage|p2a: Arceus|52/100 brn
|-unboost|p2a: Arceus|spe|1
|move|p2a: Arceus|Recover|p2a: Arceus
|-heal|p2a: Arceus|100/100 brn
|
|-damage|p2a: Arceus|94/100 brn|[from] brn
|upkeep
|-end|p1a: Ditto|Dynamax
|-heal|p1a: Ditto|100/100|[silent]
|turn|33
|
|t:|1666608439
|switch|p1a: Salamence|Salamence, F|100/100
|-ability|p1a: Salamence|Intimidate|boost
|-unboost|p2a: Arceus|atk|1
|move|p2a: Arceus|Judgment|p1a: Salamence
|-damage|p1a: Salamence|0 fnt
|faint|p1a: Salamence
|
|-damage|p2a: Arceus|88/100 brn|[from] brn
|upkeep
|
|t:|1666608441
|switch|p1a: Kyogre|Kyogre-Primal|44/100
|-weather|PrimordialSea|[from] ability: Primordial Sea|[of] p1a: Kyogre
|turn|34
|
|t:|1666608444
|move|p1a: Kyogre|Calm Mind|p1a: Kyogre
|-boost|p1a: Kyogre|spa|1
|-boost|p1a: Kyogre|spd|1
|move|p2a: Arceus|Judgment|p1a: Kyogre
|-damage|p1a: Kyogre|0 fnt
|faint|p1a: Kyogre
|-weather|none
|
|-damage|p2a: Arceus|82/100 brn|[from] brn
|upkeep
|
|t:|1666608445
|switch|p1a: Ditto|Ditto|100/100
|-transform|p1a: Ditto|p2a: Arceus|[from] ability: Imposter
|turn|35
|
|t:|1666608449
|move|p1a: Ditto|Judgment|p2a: Arceus
|-damage|p2a: Arceus|68/100 brn
|move|p2a: Arceus|Calm Mind|p2a: Arceus
|-boost|p2a: Arceus|spa|1
|-boost|p2a: Arceus|spd|1
|
|-damage|p2a: Arceus|62/100 brn|[from] brn
|upkeep
|turn|36
|-message|jamesrt1577 forfeited.
|
|win|Tahz
|raw|jamesrt1577's rating: 1604 &rarr; <strong>1593</strong><br />(-11 for losing)
|raw|Tahz's rating: 1779 &rarr; <strong>1790</strong><br />(+11 for winning)
|l|☆jamesrt1577
|l|☆Tahz
|j|☆Tahz
|player|p2|Tahz|veteran
