|j|☆1GimmickPerBattle
|j|☆Obito 2001
|inactive|Battle timer is ON: inactive players will automatically lose when time's up.
|t:|1666497978
|gametype|singles
|player|p1|1GimmickPerBattle|volkner|
|player|p2|Obito 2001|teamrocket|
|teamsize|p1|6
|teamsize|p2|6
|gen|8
|tier|[Gen 8] National Dex AG
|rated|Tournament battle
|rule|HP Percentage Mod: HP is shown in percentages
|rule|Endless Battle Clause: Forcing endless battles is banned
|clearpoke
|poke|p1|Electivire, M|
|poke|p1|Infernape, M|
|poke|p1|Greninja, M|
|poke|p1|Lucario, M|
|poke|p1|Garchomp, M|
|poke|p1|Cinderace, M|
|poke|p2|Eternatus|
|poke|p2|Arceus-*|
|poke|p2|Ditto|
|poke|p2|Calyrex-Shadow|
|poke|p2|Arceus-*|
|poke|p2|Arceus-*|
|teampreview
|inactive|Obito 2001 also wants the timer to be on.
|
|t:|1666497992
|start
|switch|p1a: Pyro Blitz|Cinderace, M|100/100
|switch|p2a: Arceus|Arceus-Electric|100/100
|turn|1
|
|t:|1666498004
|move|p2a: Arceus|Earth Power|p1a: Pyro Blitz
|-supereffective|p1a: Pyro Blitz
|-damage|p1a: Pyro Blitz|19/100
|move|p1a: Pyro Blitz|High Jump Kick|p2a: Arceus
|-start|p1a: Pyro Blitz|typechange|Fighting|[from] ability: Libero
|-damage|p2a: Arceus|53/100
|
|upkeep
|turn|2
|
|t:|1666498011
|move|p2a: Arceus|Judgment|p1a: Pyro Blitz
|-damage|p1a: Pyro Blitz|0 fnt
|faint|p1a: Pyro Blitz
|
|upkeep
|
|t:|1666498021
|switch|p1a: Draco Rage|Garchomp, M|100/100
|turn|3
|
|t:|1666498023
|move|p2a: Arceus|Ice Beam|p1a: Draco Rage
|-supereffective|p1a: Draco Rage
|-damage|p1a: Draco Rage|0 fnt
|faint|p1a: Draco Rage
|
|upkeep
|
|t:|1666498026
|switch|p1a: Aura Cario|Lucario, M|100/100
|turn|4
|
|t:|1666498030
|-start|p2a: Arceus|Dynamax|
|-heal|p2a: Arceus|53/100|[silent]
|move|p2a: Arceus|Max Flare|p1a: Aura Cario
|-supereffective|p1a: Aura Cario
|-damage|p1a: Aura Cario|0 fnt
|-weather|SunnyDay
|faint|p1a: Aura Cario
|
|-weather|SunnyDay|[upkeep]
|upkeep
|
|t:|1666498037
|switch|p1a: Inferno Blitz|Infernape, M|100/100
|turn|5
|
|t:|1666498041
|move|p1a: Inferno Blitz|Mach Punch|p2a: Arceus
|-damage|p2a: Arceus|43/100
|-damage|p1a: Inferno Blitz|91/100|[from] item: Life Orb
|move|p2a: Arceus|Max Quake|p1a: Inferno Blitz
|-supereffective|p1a: Inferno Blitz
|-damage|p1a: Inferno Blitz|0 fnt
|-boost|p2a: Arceus|spd|1
|faint|p1a: Inferno Blitz
|
|-weather|SunnyDay|[upkeep]
|upkeep
|
|t:|1666498044
|switch|p1a: Hydro Shuriken|Greninja, M|100/100
|turn|6
|
|t:|1666498048
|move|p1a: Hydro Shuriken|Dark Pulse|p2a: Arceus
|-damage|p2a: Arceus|30/100
|-damage|p1a: Hydro Shuriken|91/100|[from] item: Life Orb
|move|p2a: Arceus|Max Lightning|p1a: Hydro Shuriken
|-supereffective|p1a: Hydro Shuriken
|-damage|p1a: Hydro Shuriken|0 fnt
|-fieldstart|move: Electric Terrain
|faint|p1a: Hydro Shuriken
|
|-weather|SunnyDay|[upkeep]
|upkeep
|
|t:|1666498051
|switch|p1a: Electro Bolt|Electivire, M|100/100
|-end|p2a: Arceus|Dynamax
|-heal|p2a: Arceus|30/100|[silent]
|turn|7
|
|t:|1666498054
|-start|p1a: Electro Bolt|Dynamax|
|-heal|p1a: Electro Bolt|100/100|[silent]
|move|p2a: Arceus|Earth Power|p1a: Electro Bolt
|-supereffective|p1a: Electro Bolt
|-damage|p1a: Electro Bolt|60/100
|move|p1a: Electro Bolt|Max Quake|p2a: Arceus
|-supereffective|p2a: Arceus
|-damage|p2a: Arceus|0 fnt
|-boost|p1a: Electro Bolt|spd|1
|faint|p2a: Arceus
|-damage|p1a: Electro Bolt|55/100|[from] item: Life Orb
|
|-weather|SunnyDay|[upkeep]
|upkeep
|
|t:|1666498062
|switch|p2a: Calyrex|Calyrex-Shadow|100/100
|-ability|p2a: Calyrex|As One
|-ability|p2a: Calyrex|Unnerve
|turn|8
|
|t:|1666498064
|move|p2a: Calyrex|Substitute|p2a: Calyrex
|-start|p2a: Calyrex|Substitute
|-damage|p2a: Calyrex|76/100
|move|p1a: Electro Bolt|Max Lightning|p2a: Calyrex
|-end|p2a: Calyrex|Substitute
|-damage|p1a: Electro Bolt|50/100|[from] item: Life Orb
|
|-weather|none
|-heal|p2a: Calyrex|82/100|[from] item: Leftovers
|upkeep
|turn|9
|
|t:|1666498068
|move|p2a: Calyrex|Substitute|p2a: Calyrex
|-start|p2a: Calyrex|Substitute
|-damage|p2a: Calyrex|57/100
|move|p1a: Electro Bolt|Max Quake|p2a: Calyrex
|-end|p2a: Calyrex|Substitute
|-boost|p1a: Electro Bolt|spd|1
|-damage|p1a: Electro Bolt|45/100|[from] item: Life Orb
|
|-heal|p2a: Calyrex|63/100|[from] item: Leftovers
|upkeep
|-end|p1a: Electro Bolt|Dynamax
|-heal|p1a: Electro Bolt|45/100|[silent]
|turn|10
|
|t:|1666498071
|move|p2a: Calyrex|Psyshock|p1a: Electro Bolt
|-damage|p1a: Electro Bolt|0 fnt
|faint|p1a: Electro Bolt
|
|win|Obito 2001
|n|☆1GimmickPerBattle|1gimmickperbattle
|n|☆Obito 2001|obito2001
