|j|☆IForfeitOnDittos
|j|☆nempre
|t:|1662774459
|gametype|singles
|player|p1|IForfeitOnDittos|hiker|1128
|player|p2|nempre|byron|1176
|teamsize|p1|6
|teamsize|p2|6
|gen|8
|tier|[Gen 8] National Dex AG
|rated|
|rule|HP Percentage Mod: HP is shown in percentages
|rule|Endless Battle Clause: Forcing endless battles is banned
|clearpoke
|poke|p1|Bonsly, L1, F|
|poke|p1|Liepard, F|
|poke|p1|Skarmory, L1, F|
|poke|p1|Indeedee-F, L1, F|
|poke|p1|Hippopotas, L1, F|
|poke|p1|Giratina, L1|
|poke|p2|Garchomp, M|
|poke|p2|Toxtricity, M|
|poke|p2|Palkia|
|poke|p2|Reuniclus, F|
|poke|p2|Xerneas-*|
|poke|p2|Blastoise, M|
|teampreview
|inactive|Battle timer is ON: inactive players will automatically lose when time's up. (requested by IForfeitOnDittos)
|j| Itsyaboisanti
|
|t:|1662774476
|start
|switch|p1a: Hippopotas|Hippopotas, L1, F|100/100
|switch|p2a: Blastoise|Blastoise, M, shiny|100/100
|-weather|Sandstorm|[from] ability: Sand Stream|[of] p1a: Hippopotas
|turn|1
|c| Itsyaboisanti|Yo wsp Nempre
|c|☆nempre|yo
|
|t:|1662774487
|move|p2a: Blastoise|Shell Smash|p2a: Blastoise
|-unboost|p2a: Blastoise|def|1
|-unboost|p2a: Blastoise|spd|1
|-boost|p2a: Blastoise|atk|2
|-boost|p2a: Blastoise|spa|2
|-boost|p2a: Blastoise|spe|2
|move|p1a: Hippopotas|Yawn|p2a: Blastoise
|-start|p2a: Blastoise|move: Yawn|[of] p1a: Hippopotas
|
|-weather|Sandstorm|[upkeep]
|-damage|p2a: Blastoise|94/100|[from] Sandstorm
|upkeep
|turn|2
|
|t:|1662774499
|move|p2a: Blastoise|Water Spout|p1a: Hippopotas
|-supereffective|p1a: Hippopotas
|-damage|p1a: Hippopotas|0 fnt
|faint|p1a: Hippopotas
|
|-weather|Sandstorm|[upkeep]
|-damage|p2a: Blastoise|88/100|[from] Sandstorm
|-end|p2a: Blastoise|move: Yawn|[silent]
|-status|p2a: Blastoise|slp
|upkeep
|
|t:|1662774505
|switch|p1a: Liepard|Liepard, F|100/100
|turn|3
|
|t:|1662774516
|move|p1a: Liepard|Encore|p2a: Blastoise
|-start|p2a: Blastoise|Encore
|cant|p2a: Blastoise|slp
|
|-weather|Sandstorm|[upkeep]
|-damage|p2a: Blastoise|82/100 slp|[from] Sandstorm
|-damage|p1a: Liepard|95/100|[from] Sandstorm
|upkeep
|turn|4
|c| Itsyaboisanti|Why did bro not switch
|
|t:|1662774526
|switch|p1a: Skarmory|Skarmory, L1, F|100/100
|-curestatus|p2a: Blastoise|slp|[msg]
|move|p2a: Blastoise|Water Spout|p1a: Skarmory
|-ability|p1a: Skarmory|Sturdy
|-damage|p1a: Skarmory|9/100
|
|-weather|Sandstorm|[upkeep]
|-damage|p2a: Blastoise|76/100|[from] Sandstorm
|-damage|p1a: Skarmory|0 fnt|[from] item: Sticky Barb
|faint|p1a: Skarmory
|upkeep
|
|t:|1662774529
|switch|p1a: Giratina|Giratina, L1|100/100
|-ability|p1a: Giratina|Pressure
|turn|5
|
|t:|1662774542
|-start|p2a: Blastoise|Dynamax|Gmax
|-heal|p2a: Blastoise|76/100|[silent]
|move|p2a: Blastoise|G-Max Cannonade|p1a: Giratina
|-resisted|p1a: Giratina
|-enditem|p1a: Giratina|Focus Sash
|-damage|p1a: Giratina|8/100
|-sidestart|p1: IForfeitOnDittos|G-Max Cannonade
|move|p1a: Giratina|Shadow Force||[still]
|-prepare|p1a: Giratina|Shadow Force
|
|-weather|Sandstorm|[upkeep]
|-damage|p2a: Blastoise|73/100|[from] Sandstorm
|-damage|p1a: Giratina|0 fnt|[from] Sandstorm
|faint|p1a: Giratina
|-end|p2a: Blastoise|Encore
|upkeep
|c| Itsyaboisanti|W
|
|t:|1662774556
|switch|p1a: Liepard|Liepard, F|95/100
|turn|6
|
|t:|1662774559
|move|p1a: Liepard|Copycat|p1a: Liepard
|move|p1a: Liepard|Shadow Force||[from]move: Copycat|[still]
|-prepare|p1a: Liepard|Shadow Force
|move|p2a: Blastoise|G-Max Cannonade|p1a: Liepard|[miss]
|-miss|p2a: Blastoise|p1a: Liepard
|
|-weather|Sandstorm|[upkeep]
|-damage|p2a: Blastoise|70/100|[from] Sandstorm
|-damage|p1a: Liepard|89/100|[from] Sandstorm
|-damage|p1a: Liepard|72/100|[from] G-Max Cannonade
|upkeep
|turn|7
|
|t:|1662774568
|move|p2a: Blastoise|G-Max Cannonade|p1a: Liepard|[miss]
|-miss|p2a: Blastoise|p1a: Liepard
|move|p1a: Liepard|Shadow Force|p2a: Blastoise|[from]lockedmove
|-damage|p2a: Blastoise|43/100
|
|-weather|Sandstorm|[upkeep]
|-damage|p2a: Blastoise|40/100|[from] Sandstorm
|-damage|p1a: Liepard|66/100|[from] Sandstorm
|-damage|p1a: Liepard|50/100|[from] G-Max Cannonade
|upkeep
|-end|p2a: Blastoise|Dynamax
|-heal|p2a: Blastoise|40/100|[silent]
|turn|8
|
|t:|1662774579
|move|p1a: Liepard|Copycat|p1a: Liepard
|move|p1a: Liepard|Shadow Force||[from]move: Copycat|[still]
|-prepare|p1a: Liepard|Shadow Force
|move|p2a: Blastoise|Water Spout|p1a: Liepard|[miss]
|-miss|p2a: Blastoise|p1a: Liepard
|
|-weather|none
|-damage|p1a: Liepard|34/100|[from] G-Max Cannonade
|-sideend|p1: IForfeitOnDittos|G-Max Cannonade
|upkeep
|turn|9
|
|t:|1662774590
|move|p2a: Blastoise|Shell Smash|p2a: Blastoise
|-unboost|p2a: Blastoise|def|1
|-unboost|p2a: Blastoise|spd|1
|-boost|p2a: Blastoise|atk|2
|-boost|p2a: Blastoise|spa|2
|-boost|p2a: Blastoise|spe|2
|move|p1a: Liepard|Shadow Force|p2a: Blastoise|[from]lockedmove
|-damage|p2a: Blastoise|0 fnt
|faint|p2a: Blastoise
|
|upkeep
|
|t:|1662774602
|switch|p2a: Toxtricity|Toxtricity, M, shiny|100/100
|turn|10
|
|t:|1662774622
|move|p1a: Liepard|Copycat|p1a: Liepard
|move|p1a: Liepard|Shadow Force||[from]move: Copycat|[still]
|-prepare|p1a: Liepard|Shadow Force
|move|p2a: Toxtricity|Boomburst|p1a: Liepard|[miss]
|-miss|p2a: Toxtricity|p1a: Liepard
|
|upkeep
|turn|11
|
|t:|1662774631
|switch|p2a: Xerneas|Xerneas|100/100
|-ability|p2a: Xerneas|Fairy Aura
|move|p1a: Liepard|Shadow Force|p2a: Xerneas|[from]lockedmove
|-damage|p2a: Xerneas|70/100
|
|upkeep
|turn|12
|
|t:|1662774639
|move|p1a: Liepard|Copycat|p1a: Liepard
|move|p1a: Liepard|Shadow Force||[from]move: Copycat|[still]
|-prepare|p1a: Liepard|Shadow Force
|move|p2a: Xerneas|Geomancy||[still]
|-prepare|p2a: Xerneas|Geomancy
|-enditem|p2a: Xerneas|Power Herb
|-anim|p2a: Xerneas|Geomancy|p2a: Xerneas
|-boost|p2a: Xerneas|spa|2
|-boost|p2a: Xerneas|spd|2
|-boost|p2a: Xerneas|spe|2
|
|upkeep
|turn|13
|
|t:|1662774646
|move|p2a: Xerneas|Substitute|p2a: Xerneas
|-start|p2a: Xerneas|Substitute
|-damage|p2a: Xerneas|45/100
|move|p1a: Liepard|Shadow Force|p2a: Xerneas|[from]lockedmove
|-crit|p2a: Xerneas
|-end|p2a: Xerneas|Substitute
|
|upkeep
|turn|14
|
|t:|1662774654
|move|p1a: Liepard|Copycat|p1a: Liepard
|move|p1a: Liepard|Shadow Force||[from]move: Copycat|[still]
|-prepare|p1a: Liepard|Shadow Force
|move|p2a: Xerneas|Substitute|p2a: Xerneas
|-start|p2a: Xerneas|Substitute
|-damage|p2a: Xerneas|20/100
|
|upkeep
|turn|15
|
|t:|1662774661
|move|p2a: Xerneas|Moonblast|p1a: Liepard|[miss]
|-miss|p2a: Xerneas|p1a: Liepard
|move|p1a: Liepard|Shadow Force|p2a: Xerneas|[from]lockedmove
|-end|p2a: Xerneas|Substitute
|
|upkeep
|turn|16
|
|t:|1662774671
|move|p1a: Liepard|Copycat|p1a: Liepard
|move|p1a: Liepard|Shadow Force||[from]move: Copycat|[still]
|-prepare|p1a: Liepard|Shadow Force
|move|p2a: Xerneas|Geomancy||[still]
|-prepare|p2a: Xerneas|Geomancy
|
|upkeep
|turn|17
|
|t:|1662774677
|move|p2a: Xerneas|Geomancy|p2a: Xerneas|[from]lockedmove
|-boost|p2a: Xerneas|spa|2
|-boost|p2a: Xerneas|spd|2
|-boost|p2a: Xerneas|spe|2
|move|p1a: Liepard|Shadow Force|p2a: Xerneas|[from]lockedmove
|-damage|p2a: Xerneas|0 fnt
|faint|p2a: Xerneas
|
|upkeep
|
|t:|1662774686
|switch|p2a: Reuniclus|Reuniclus, F, shiny|100/100
|turn|18
|
|t:|1662774689
|move|p1a: Liepard|Copycat|p1a: Liepard
|move|p1a: Liepard|Shadow Force||[from]move: Copycat|[still]
|-prepare|p1a: Liepard|Shadow Force
|move|p2a: Reuniclus|Calm Mind|p2a: Reuniclus
|-boost|p2a: Reuniclus|spa|1
|-boost|p2a: Reuniclus|spd|1
|
|upkeep
|turn|19
|
|t:|1662774694
|move|p2a: Reuniclus|Calm Mind|p2a: Reuniclus
|-boost|p2a: Reuniclus|spa|1
|-boost|p2a: Reuniclus|spd|1
|move|p1a: Liepard|Shadow Force|p2a: Reuniclus|[from]lockedmove
|-supereffective|p2a: Reuniclus
|-damage|p2a: Reuniclus|57/100
|
|-heal|p2a: Reuniclus|63/100|[from] item: Leftovers
|upkeep
|turn|20
|
|t:|1662774701
|move|p1a: Liepard|Copycat|p1a: Liepard
|move|p1a: Liepard|Shadow Force||[from]move: Copycat|[still]
|-prepare|p1a: Liepard|Shadow Force
|move|p2a: Reuniclus|Calm Mind|p2a: Reuniclus
|-boost|p2a: Reuniclus|spa|1
|-boost|p2a: Reuniclus|spd|1
|
|-heal|p2a: Reuniclus|69/100|[from] item: Leftovers
|upkeep
|turn|21
|
|t:|1662774710
|move|p2a: Reuniclus|Calm Mind|p2a: Reuniclus
|-boost|p2a: Reuniclus|spa|1
|-boost|p2a: Reuniclus|spd|1
|move|p1a: Liepard|Shadow Force|p2a: Reuniclus|[from]lockedmove
|-supereffective|p2a: Reuniclus
|-damage|p2a: Reuniclus|21/100
|
|-heal|p2a: Reuniclus|27/100|[from] item: Leftovers
|upkeep
|turn|22
|
|t:|1662774718
|move|p1a: Liepard|Copycat|p1a: Liepard
|move|p1a: Liepard|Shadow Force||[from]move: Copycat|[still]
|-prepare|p1a: Liepard|Shadow Force
|move|p2a: Reuniclus|Recover|p2a: Reuniclus
|-heal|p2a: Reuniclus|77/100
|
|-heal|p2a: Reuniclus|84/100|[from] item: Leftovers
|upkeep
|turn|23
|
|t:|1662774725
|move|p2a: Reuniclus|Calm Mind|p2a: Reuniclus
|-boost|p2a: Reuniclus|spa|1
|-boost|p2a: Reuniclus|spd|1
|move|p1a: Liepard|Shadow Force|p2a: Reuniclus|[from]lockedmove
|-supereffective|p2a: Reuniclus
|-damage|p2a: Reuniclus|39/100
|
|-heal|p2a: Reuniclus|45/100|[from] item: Leftovers
|upkeep
|turn|24
|
|t:|1662774733
|move|p1a: Liepard|Copycat|p1a: Liepard
|move|p1a: Liepard|Shadow Force||[from]move: Copycat|[still]
|-prepare|p1a: Liepard|Shadow Force
|move|p2a: Reuniclus|Recover|p2a: Reuniclus
|-heal|p2a: Reuniclus|95/100
|
|-heal|p2a: Reuniclus|100/100|[from] item: Leftovers
|upkeep
|turn|25
|
|t:|1662774741
|move|p2a: Reuniclus|Psyshock|p1a: Liepard|[miss]
|-miss|p2a: Reuniclus|p1a: Liepard
|move|p1a: Liepard|Shadow Force|p2a: Reuniclus|[from]lockedmove
|-supereffective|p2a: Reuniclus
|-damage|p2a: Reuniclus|59/100
|
|-heal|p2a: Reuniclus|66/100|[from] item: Leftovers
|upkeep
|turn|26
|
|t:|1662774750
|move|p1a: Liepard|Copycat|p1a: Liepard
|move|p1a: Liepard|Shadow Force||[from]move: Copycat|[still]
|-prepare|p1a: Liepard|Shadow Force
|move|p2a: Reuniclus|Focus Blast|p1a: Liepard|[miss]
|-miss|p2a: Reuniclus|p1a: Liepard
|
|-heal|p2a: Reuniclus|72/100|[from] item: Leftovers
|upkeep
|turn|27
|
|t:|1662774757
|move|p2a: Reuniclus|Focus Blast|p1a: Liepard|[miss]
|-miss|p2a: Reuniclus|p1a: Liepard
|move|p1a: Liepard|Shadow Force|p2a: Reuniclus|[from]lockedmove
|-supereffective|p2a: Reuniclus
|-damage|p2a: Reuniclus|25/100
|
|-heal|p2a: Reuniclus|31/100|[from] item: Leftovers
|upkeep
|turn|28
|
|t:|1662774765
|move|p1a: Liepard|Copycat|p1a: Liepard
|move|p1a: Liepard|Shadow Force||[from]move: Copycat|[still]
|-prepare|p1a: Liepard|Shadow Force
|move|p2a: Reuniclus|Recover|p2a: Reuniclus
|-heal|p2a: Reuniclus|81/100
|
|-heal|p2a: Reuniclus|87/100|[from] item: Leftovers
|upkeep
|turn|29
|
|t:|1662774773
|move|p2a: Reuniclus|Calm Mind|p2a: Reuniclus
|-boost|p2a: Reuniclus|spa|1
|-boost|p2a: Reuniclus|spd|1
|move|p1a: Liepard|Shadow Force|p2a: Reuniclus|[from]lockedmove
|-supereffective|p2a: Reuniclus
|-damage|p2a: Reuniclus|42/100
|
|-heal|p2a: Reuniclus|48/100|[from] item: Leftovers
|upkeep
|turn|30
|
|t:|1662774781
|move|p1a: Liepard|Copycat|p1a: Liepard
|move|p1a: Liepard|Shadow Force||[from]move: Copycat|[still]
|-prepare|p1a: Liepard|Shadow Force
|move|p2a: Reuniclus|Recover|p2a: Reuniclus
|-heal|p2a: Reuniclus|98/100
|
|-heal|p2a: Reuniclus|100/100|[from] item: Leftovers
|upkeep
|turn|31
|
|t:|1662774788
|move|p2a: Reuniclus|Psyshock|p1a: Liepard|[miss]
|-miss|p2a: Reuniclus|p1a: Liepard
|move|p1a: Liepard|Shadow Force|p2a: Reuniclus|[from]lockedmove
|-supereffective|p2a: Reuniclus
|-damage|p2a: Reuniclus|55/100
|
|-heal|p2a: Reuniclus|61/100|[from] item: Leftovers
|upkeep
|turn|32
|
|t:|1662774797
|move|p1a: Liepard|Copycat|p1a: Liepard
|move|p1a: Liepard|Shadow Force||[from]move: Copycat|[still]
|-prepare|p1a: Liepard|Shadow Force
|move|p2a: Reuniclus|Recover|p2a: Reuniclus
|-heal|p2a: Reuniclus|100/100
|
|upkeep
|turn|33
|
|t:|1662774803
|move|p2a: Reuniclus|Calm Mind|p2a: Reuniclus
|-boost|p2a: Reuniclus|spa|0
|-boost|p2a: Reuniclus|spd|0
|move|p1a: Liepard|Shadow Force|p2a: Reuniclus|[from]lockedmove
|-supereffective|p2a: Reuniclus
|-damage|p2a: Reuniclus|59/100
|
|-heal|p2a: Reuniclus|65/100|[from] item: Leftovers
|upkeep
|turn|34
|
|t:|1662774811
|move|p1a: Liepard|Copycat|p1a: Liepard
|move|p1a: Liepard|Shadow Force||[from]move: Copycat|[still]
|-prepare|p1a: Liepard|Shadow Force
|move|p2a: Reuniclus|Recover|p2a: Reuniclus
|-heal|p2a: Reuniclus|100/100
|
|upkeep
|turn|35
|
|t:|1662774817
|move|p2a: Reuniclus|Psyshock|p1a: Liepard|[miss]
|-miss|p2a: Reuniclus|p1a: Liepard
|move|p1a: Liepard|Shadow Force|p2a: Reuniclus|[from]lockedmove
|-supereffective|p2a: Reuniclus
|-damage|p2a: Reuniclus|54/100
|
|-heal|p2a: Reuniclus|60/100|[from] item: Leftovers
|upkeep
|turn|36
|
|t:|1662774826
|move|p1a: Liepard|Copycat|p1a: Liepard
|move|p1a: Liepard|Shadow Force||[from]move: Copycat|[still]
|-prepare|p1a: Liepard|Shadow Force
|move|p2a: Reuniclus|Recover|p2a: Reuniclus
|-heal|p2a: Reuniclus|100/100
|
|upkeep
|turn|37
|c|☆nempre|dude
|
|t:|1662774834
|move|p2a: Reuniclus|Recover||[still]
|-fail|p2a: Reuniclus|heal
|move|p1a: Liepard|Shadow Force|p2a: Reuniclus|[from]lockedmove
|-supereffective|p2a: Reuniclus
|-damage|p2a: Reuniclus|56/100
|
|-heal|p2a: Reuniclus|62/100|[from] item: Leftovers
|upkeep
|turn|38
|
|t:|1662774844
|move|p1a: Liepard|Copycat|p1a: Liepard
|move|p1a: Liepard|Shadow Force||[from]move: Copycat|[still]
|-prepare|p1a: Liepard|Shadow Force
|move|p2a: Reuniclus|Recover|p2a: Reuniclus
|-heal|p2a: Reuniclus|100/100
|
|upkeep
|turn|39
|
|t:|1662774854
|move|p2a: Reuniclus|Recover||[still]
|-fail|p2a: Reuniclus|heal
|move|p1a: Liepard|Shadow Force|p2a: Reuniclus|[from]lockedmove
|-supereffective|p2a: Reuniclus
|-damage|p2a: Reuniclus|57/100
|
|-heal|p2a: Reuniclus|63/100|[from] item: Leftovers
|upkeep
|turn|40
|
|t:|1662774864
|move|p1a: Liepard|Copycat|p1a: Liepard
|move|p1a: Liepard|Shadow Force||[from]move: Copycat|[still]
|-prepare|p1a: Liepard|Shadow Force
|move|p2a: Reuniclus|Recover|p2a: Reuniclus
|-heal|p2a: Reuniclus|100/100
|
|upkeep
|turn|41
|
|t:|1662774870
|move|p2a: Reuniclus|Psyshock|p1a: Liepard|[miss]
|-miss|p2a: Reuniclus|p1a: Liepard
|move|p1a: Liepard|Shadow Force|p2a: Reuniclus|[from]lockedmove
|-supereffective|p2a: Reuniclus
|-damage|p2a: Reuniclus|55/100
|
|-heal|p2a: Reuniclus|61/100|[from] item: Leftovers
|upkeep
|turn|42
|
|t:|1662774878
|move|p1a: Liepard|Copycat|p1a: Liepard
|move|p1a: Liepard|Shadow Force||[from]move: Copycat|[still]
|-prepare|p1a: Liepard|Shadow Force
|move|p2a: Reuniclus|Recover|p2a: Reuniclus
|-heal|p2a: Reuniclus|100/100
|
|upkeep
|turn|43
|
|t:|1662774886
|move|p2a: Reuniclus|Psyshock|p1a: Liepard|[miss]
|-miss|p2a: Reuniclus|p1a: Liepard
|move|p1a: Liepard|Shadow Force|p2a: Reuniclus|[from]lockedmove
|-supereffective|p2a: Reuniclus
|-damage|p2a: Reuniclus|58/100
|
|-heal|p2a: Reuniclus|64/100|[from] item: Leftovers
|upkeep
|turn|44
|inactive|nempre has 120 seconds left.
|
|t:|1662774916
|move|p1a: Liepard|Copycat|p1a: Liepard
|move|p1a: Liepard|Shadow Force||[from]move: Copycat|[still]
|-prepare|p1a: Liepard|Shadow Force
|move|p2a: Reuniclus|Recover|p2a: Reuniclus
|-heal|p2a: Reuniclus|100/100
|
|upkeep
|turn|45
|
|t:|1662774922
|move|p2a: Reuniclus|Psyshock|p1a: Liepard|[miss]
|-miss|p2a: Reuniclus|p1a: Liepard
|move|p1a: Liepard|Shadow Force|p2a: Reuniclus|[from]lockedmove
|-supereffective|p2a: Reuniclus
|-damage|p2a: Reuniclus|55/100
|
|-heal|p2a: Reuniclus|61/100|[from] item: Leftovers
|upkeep
|turn|46
|
|t:|1662774931
|move|p1a: Liepard|Copycat|p1a: Liepard
|move|p1a: Liepard|Shadow Force||[from]move: Copycat|[still]
|-prepare|p1a: Liepard|Shadow Force
|move|p2a: Reuniclus|Recover|p2a: Reuniclus
|-heal|p2a: Reuniclus|100/100
|
|upkeep
|turn|47
|
|t:|1662774937
|move|p2a: Reuniclus|Focus Blast|p1a: Liepard|[miss]
|-miss|p2a: Reuniclus|p1a: Liepard
|move|p1a: Liepard|Shadow Force|p2a: Reuniclus|[from]lockedmove
|-supereffective|p2a: Reuniclus
|-damage|p2a: Reuniclus|58/100
|
|-heal|p2a: Reuniclus|64/100|[from] item: Leftovers
|upkeep
|turn|48
|
|t:|1662774948
|move|p1a: Liepard|Copycat|p1a: Liepard
|move|p1a: Liepard|Shadow Force||[from]move: Copycat|[still]
|-prepare|p1a: Liepard|Shadow Force
|move|p2a: Reuniclus|Recover|p2a: Reuniclus
|-heal|p2a: Reuniclus|100/100
|
|upkeep
|turn|49
|
|t:|1662774953
|move|p2a: Reuniclus|Psyshock|p1a: Liepard|[miss]
|-miss|p2a: Reuniclus|p1a: Liepard
|move|p1a: Liepard|Shadow Force|p2a: Reuniclus|[from]lockedmove
|-supereffective|p2a: Reuniclus
|-damage|p2a: Reuniclus|58/100
|
|-heal|p2a: Reuniclus|64/100|[from] item: Leftovers
|upkeep
|turn|50
|
|t:|1662774961
|move|p1a: Liepard|Copycat|p1a: Liepard
|move|p1a: Liepard|Shadow Force||[from]move: Copycat|[still]
|-prepare|p1a: Liepard|Shadow Force
|move|p2a: Reuniclus|Recover|p2a: Reuniclus
|-heal|p2a: Reuniclus|100/100
|
|upkeep
|turn|51
|
|t:|1662774967
|move|p2a: Reuniclus|Psyshock|p1a: Liepard|[miss]
|-miss|p2a: Reuniclus|p1a: Liepard
|move|p1a: Liepard|Shadow Force|p2a: Reuniclus|[from]lockedmove
|-supereffective|p2a: Reuniclus
|-damage|p2a: Reuniclus|55/100
|
|-heal|p2a: Reuniclus|61/100|[from] item: Leftovers
|upkeep
|turn|52
|
|t:|1662774975
|move|p1a: Liepard|Copycat|p1a: Liepard
|move|p1a: Liepard|Shadow Force||[from]move: Copycat|[still]
|-prepare|p1a: Liepard|Shadow Force
|move|p2a: Reuniclus|Psyshock|p1a: Liepard|[miss]
|-miss|p2a: Reuniclus|p1a: Liepard
|
|-heal|p2a: Reuniclus|67/100|[from] item: Leftovers
|upkeep
|turn|53
|
|t:|1662774986
|move|p2a: Reuniclus|Calm Mind|p2a: Reuniclus
|-boost|p2a: Reuniclus|spa|0
|-boost|p2a: Reuniclus|spd|0
|move|p1a: Liepard|Shadow Force|p2a: Reuniclus|[from]lockedmove
|-supereffective|p2a: Reuniclus
|-damage|p2a: Reuniclus|21/100
|
|-heal|p2a: Reuniclus|27/100|[from] item: Leftovers
|upkeep
|turn|54
|
|t:|1662774995
|move|p1a: Liepard|Copycat|p1a: Liepard
|move|p1a: Liepard|Shadow Force||[from]move: Copycat|[still]
|-prepare|p1a: Liepard|Shadow Force
|move|p2a: Reuniclus|Calm Mind|p2a: Reuniclus
|-boost|p2a: Reuniclus|spa|0
|-boost|p2a: Reuniclus|spd|0
|
|-heal|p2a: Reuniclus|34/100|[from] item: Leftovers
|upkeep
|turn|55
|
|t:|1662775003
|switch|p2a: Toxtricity|Toxtricity, M, shiny|100/100
|move|p1a: Liepard|Shadow Force|p2a: Toxtricity|[from]lockedmove
|-damage|p2a: Toxtricity|46/100
|
|upkeep
|turn|56
|
|t:|1662775009
|move|p1a: Liepard|Copycat|p1a: Liepard
|move|p1a: Liepard|Shadow Force||[from]move: Copycat|[still]
|-prepare|p1a: Liepard|Shadow Force
|move|p2a: Toxtricity|Boomburst|p1a: Liepard|[miss]
|-miss|p2a: Toxtricity|p1a: Liepard
|
|upkeep
|turn|57
|
|t:|1662775015
|move|p2a: Toxtricity|Boomburst|p1a: Liepard|[miss]
|-miss|p2a: Toxtricity|p1a: Liepard
|move|p1a: Liepard|Shadow Force|p2a: Toxtricity|[from]lockedmove
|-damage|p2a: Toxtricity|0 fnt
|faint|p2a: Toxtricity
|
|upkeep
|
|t:|1662775022
|switch|p2a: Garchomp|Garchomp, M, shiny|100/100
|turn|58
|
|t:|1662775027
|move|p1a: Liepard|Copycat|p1a: Liepard
|move|p1a: Liepard|Shadow Force||[from]move: Copycat|[still]
|-prepare|p1a: Liepard|Shadow Force
|move|p2a: Garchomp|Swords Dance|p2a: Garchomp
|-boost|p2a: Garchomp|atk|2
|
|upkeep
|turn|59
|
|t:|1662775031
|move|p2a: Garchomp|Swords Dance|p2a: Garchomp
|-boost|p2a: Garchomp|atk|2
|move|p1a: Liepard|Shadow Force|p2a: Garchomp|[from]lockedmove
|-damage|p2a: Garchomp|70/100
|
|-heal|p2a: Garchomp|76/100|[from] item: Leftovers
|upkeep
|turn|60
|
|t:|1662775038
|move|p1a: Liepard|Copycat|p1a: Liepard
|move|p1a: Liepard|Shadow Force||[from]move: Copycat|[still]
|-prepare|p1a: Liepard|Shadow Force
|move|p2a: Garchomp|Swords Dance|p2a: Garchomp
|-boost|p2a: Garchomp|atk|2
|
|-heal|p2a: Garchomp|82/100|[from] item: Leftovers
|upkeep
|turn|61
|
|t:|1662775045
|move|p2a: Garchomp|Scale Shot|p1a: Liepard|[miss]
|-miss|p2a: Garchomp|p1a: Liepard
|move|p1a: Liepard|Shadow Force|p2a: Garchomp|[from]lockedmove
|-damage|p2a: Garchomp|48/100
|
|-heal|p2a: Garchomp|55/100|[from] item: Leftovers
|upkeep
|turn|62
|
|t:|1662775052
|move|p1a: Liepard|Copycat|p1a: Liepard
|move|p1a: Liepard|Shadow Force||[from]move: Copycat|[still]
|-prepare|p1a: Liepard|Shadow Force
|move|p2a: Garchomp|Scale Shot|p1a: Liepard|[miss]
|-miss|p2a: Garchomp|p1a: Liepard
|
|-heal|p2a: Garchomp|61/100|[from] item: Leftovers
|upkeep
|turn|63
|
|t:|1662775060
|move|p2a: Garchomp|Earthquake|p1a: Liepard|[miss]
|-miss|p2a: Garchomp|p1a: Liepard
|move|p1a: Liepard|Shadow Force|p2a: Garchomp|[from]lockedmove
|-damage|p2a: Garchomp|29/100
|
|-heal|p2a: Garchomp|35/100|[from] item: Leftovers
|upkeep
|turn|64
|c|☆IForfeitOnDittos|You have sand veil? Why?
|
|t:|1662775078
|move|p1a: Liepard|Copycat|p1a: Liepard
|move|p1a: Liepard|Shadow Force||[from]move: Copycat|[still]
|-prepare|p1a: Liepard|Shadow Force
|move|p2a: Garchomp|Fire Fang|p1a: Liepard|[miss]
|-miss|p2a: Garchomp|p1a: Liepard
|
|-heal|p2a: Garchomp|41/100|[from] item: Leftovers
|upkeep
|turn|65
|c|☆nempre|i dont
|
|t:|1662775086
|move|p2a: Garchomp|Swords Dance|p2a: Garchomp
|-boost|p2a: Garchomp|atk|0
|move|p1a: Liepard|Shadow Force|p2a: Garchomp|[from]lockedmove
|-damage|p2a: Garchomp|8/100
|
|-heal|p2a: Garchomp|14/100|[from] item: Leftovers
|upkeep
|turn|66
|
|t:|1662775096
|switch|p2a: Palkia|Palkia, shiny|100/100
|-ability|p2a: Palkia|Pressure
|move|p1a: Liepard|Copycat|p1a: Liepard
|move|p1a: Liepard|Shadow Force||[from]move: Copycat|[still]
|-prepare|p1a: Liepard|Shadow Force
|
|upkeep
|turn|67
|
|t:|1662775104
|switch|p2a: Reuniclus|Reuniclus, F, shiny|34/100
|move|p1a: Liepard|Shadow Force|p2a: Reuniclus|[from]lockedmove
|-supereffective|p2a: Reuniclus
|-damage|p2a: Reuniclus|0 fnt
|faint|p2a: Reuniclus
|
|upkeep
|
|t:|1662775111
|switch|p2a: Garchomp|Garchomp, M, shiny|14/100
|turn|68
|c|☆IForfeitOnDittos|Isn’t shadow force contact?
|c|☆nempre|idk
|
|t:|1662775129
|switch|p1a: Indeedee|Indeedee-F, L1, F|100/100
|-fieldstart|move: Psychic Terrain|[from] ability: Psychic Surge|[of] p1a: Indeedee
|move|p2a: Garchomp|Earthquake|p1a: Indeedee
|-damage|p1a: Indeedee|0 fnt
|faint|p1a: Indeedee
|
|-heal|p2a: Garchomp|20/100|[from] item: Leftovers
|upkeep
|c|☆nempre|but his move is finally done
|
|t:|1662775139
|switch|p1a: Liepard|Liepard, F|34/100
|turn|69
|
|t:|1662775153
|move|p2a: Garchomp|Earthquake|p1a: Liepard
|-damage|p1a: Liepard|0 fnt
|faint|p1a: Liepard
|
|-heal|p2a: Garchomp|26/100|[from] item: Leftovers
|upkeep
|
|t:|1662775155
|switch|p1a: Bonsly|Bonsly, L1, F|100/100
|turn|70
|c|☆nempre|gg
|c|☆IForfeitOnDittos|Gg
|
|t:|1662775161
|move|p2a: Garchomp|Scale Shot|p1a: Bonsly
|-ability|p1a: Bonsly|Sturdy
|-damage|p1a: Bonsly|9/100
|-damage|p1a: Bonsly|0 fnt
|faint|p1a: Bonsly
|-hitcount|p1: Bonsly|2
|
|win|nempre
|raw|IForfeitOnDittos's rating: 1128 &rarr; <strong>1106</strong><br />(-22 for losing)
|raw|nempre's rating: 1176 &rarr; <strong>1198</strong><br />(+22 for winning)
|l| Itsyaboisanti
|c|☆IForfeitOnDittos|Gotta put leppa berry and lower level on
|l|☆IForfeitOnDittos
||Ladder isn't responding, score probably updated but might not have (Request timeout).
