|j|☆jberk
|j|☆Freeity
|t:|1652487586
|gametype|singles
|player|p1|jberk|blaine|1625
|player|p2|Freeity|hugh|1736
|teamsize|p1|6
|teamsize|p2|6
|gen|8
|tier|[Gen 8] National Dex AG
|rated|
|rule|HP Percentage Mod: HP is shown in percentages
|rule|Endless Battle Clause: Forcing endless battles is banned
|clearpoke
|poke|p1|Arceus-*|
|poke|p1|Yveltal|
|poke|p1|Gengar, F|
|poke|p1|Xerneas-*|
|poke|p1|Groudon|
|poke|p1|Ditto|
|poke|p2|Arceus-*|
|poke|p2|Rayquaza|
|poke|p2|Arceus-*|
|poke|p2|Necrozma-Dusk-Mane|
|poke|p2|Kyogre|
|poke|p2|Arceus-*|
|teampreview
|inactive|Battle timer is ON: inactive players will automatically lose when time's up. (requested by jberk)
|
|t:|1652487601
|start
|switch|p1a: Groudon|Groudon|100/100
|switch|p2a: Lazy|Rayquaza|100/100
|-ability|p2a: Lazy|Air Lock
|detailschange|p1a: Groudon|Groudon-Primal
|-primal|p1a: Groudon
|-weather|DesolateLand|[from] ability: Desolate Land|[of] p1a: Groudon
|turn|1
|
|t:|1652487615
|switch|p2a: Arceus|Arceus-Ground|100/100
|move|p1a: Groudon|Counter||[still]
|-fail|p1a: Groudon
|
|-weather|DesolateLand|[upkeep]
|upkeep
|turn|2
|
|t:|1652487619
|-weather|none
|switch|p1a: Yveltal|Yveltal|100/100
|-ability|p1a: Yveltal|Dark Aura
|move|p2a: Arceus|Judgment|p1a: Yveltal
|-immune|p1a: Yveltal
|
|upkeep
|turn|3
|
|t:|1652487626
|switch|p2a: Arceus|Arceus-Fairy|100/100
|move|p1a: Yveltal|Foul Play|p2a: Arceus
|-resisted|p2a: Arceus
|-damage|p2a: Arceus|87/100
|
|upkeep
|turn|4
|
|t:|1652487629
|switch|p1a: Gengar|Gengar, F|100/100
|move|p2a: Arceus|Judgment|p1a: Gengar
|-resisted|p1a: Gengar
|-damage|p1a: Gengar|59/100
|
|upkeep
|turn|5
|
|t:|1652487634
|switch|p2a: Arceus|Arceus-Dark|100/100
|detailschange|p1a: Gengar|Gengar-Mega, F
|-mega|p1a: Gengar|Gengar|Gengarite
|move|p1a: Gengar|Sludge Wave|p2a: Arceus
|-damage|p2a: Arceus|71/100
|-status|p2a: Arceus|psn
|
|-damage|p2a: Arceus|58/100 psn|[from] psn
|upkeep
|turn|6
|
|t:|1652487639
|switch|p1a: Xerneas|Xerneas|100/100
|-ability|p1a: Xerneas|Fairy Aura
|move|p2a: Arceus|Judgment|p1a: Xerneas
|-resisted|p1a: Xerneas
|-damage|p1a: Xerneas|78/100
|
|-damage|p2a: Arceus|46/100 psn|[from] psn
|upkeep
|turn|7
|
|t:|1652487645
|switch|p2a: Necrozma|Necrozma-Dusk-Mane|100/100
|move|p1a: Xerneas|Moonblast|p2a: Necrozma
|-resisted|p2a: Necrozma
|-damage|p2a: Necrozma|73/100
|-unboost|p2a: Necrozma|spa|1
|
|upkeep
|turn|8
|
|t:|1652487673
|move|p1a: Xerneas|Geomancy||[still]
|-prepare|p1a: Xerneas|Geomancy
|-enditem|p1a: Xerneas|Power Herb
|-anim|p1a: Xerneas|Geomancy|p1a: Xerneas
|-boost|p1a: Xerneas|spa|2
|-boost|p1a: Xerneas|spd|2
|-boost|p1a: Xerneas|spe|2
|move|p2a: Necrozma|Sunsteel Strike|p1a: Xerneas
|-supereffective|p1a: Xerneas
|-crit|p1a: Xerneas
|-damage|p1a: Xerneas|0 fnt
|faint|p1a: Xerneas
|
|upkeep
|
|t:|1652487675
|switch|p1a: Groudon|Groudon-Primal|100/100
|-weather|DesolateLand|[from] ability: Desolate Land|[of] p1a: Groudon
|turn|9
|
|t:|1652487680
|switch|p2a: Arceus|Arceus-Ground|100/100
|move|p1a: Groudon|Heat Crash|p2a: Arceus
|-damage|p2a: Arceus|62/100
|
|-weather|DesolateLand|[upkeep]
|upkeep
|turn|10
|
|t:|1652487683
|-weather|none
|switch|p1a: Yveltal|Yveltal|100/100
|-ability|p1a: Yveltal|Dark Aura
|move|p2a: Arceus|Judgment|p1a: Yveltal
|-immune|p1a: Yveltal
|
|upkeep
|turn|11
|
|t:|1652487687
|switch|p2a: Arceus|Arceus-Fairy|87/100
|move|p1a: Yveltal|Foul Play|p2a: Arceus
|-resisted|p2a: Arceus
|-damage|p2a: Arceus|74/100
|
|upkeep
|turn|12
|
|t:|1652487691
|switch|p2a: Arceus|Arceus-Dark|46/100 psn
|switch|p1a: Gengar|Gengar-Mega, F|59/100
|
|-damage|p2a: Arceus|33/100 psn|[from] psn
|upkeep
|turn|13
|
|t:|1652487703
|move|p1a: Gengar|Sludge Wave|p2a: Arceus
|-damage|p2a: Arceus|3/100 psn
|move|p2a: Arceus|Recover|p2a: Arceus
|-heal|p2a: Arceus|53/100 psn
|
|-damage|p2a: Arceus|40/100 psn|[from] psn
|upkeep
|turn|14
|
|t:|1652487711
|switch|p1a: Ditto|Ditto|100/100
|-transform|p1a: Ditto|p2a: Arceus|[from] ability: Imposter
|move|p2a: Arceus|Refresh|p2a: Arceus
|-curestatus|p2a: Arceus|psn|[msg]
|
|upkeep
|turn|15
|
|t:|1652487721
|move|p1a: Ditto|Judgment|p2a: Arceus
|-damage|p2a: Arceus|28/100
|move|p2a: Arceus|Recover|p2a: Arceus
|-heal|p2a: Arceus|78/100
|
|upkeep
|turn|16
|
|t:|1652487729
|switch|p1a: Groudon|Groudon-Primal|100/100
|-weather|DesolateLand|[from] ability: Desolate Land|[of] p1a: Groudon
|move|p2a: Arceus|Calm Mind|p2a: Arceus
|-boost|p2a: Arceus|spa|1
|-boost|p2a: Arceus|spd|1
|
|-weather|DesolateLand|[upkeep]
|upkeep
|turn|17
|
|t:|1652487749
|move|p2a: Arceus|Judgment|p1a: Groudon
|-damage|p1a: Groudon|37/100
|move|p1a: Groudon|Stealth Rock|p2a: Arceus
|-sidestart|p2: Freeity|move: Stealth Rock
|
|-weather|DesolateLand|[upkeep]
|upkeep
|turn|18
|
|t:|1652487757
|move|p2a: Arceus|Judgment|p1a: Groudon
|-damage|p1a: Groudon|0 fnt
|faint|p1a: Groudon
|-weather|none
|
|upkeep
|
|t:|1652487766
|switch|p1a: Yveltal|Yveltal|100/100
|-ability|p1a: Yveltal|Dark Aura
|turn|19
|
|t:|1652487768
|move|p2a: Arceus|Calm Mind|p2a: Arceus
|-boost|p2a: Arceus|spa|1
|-boost|p2a: Arceus|spd|1
|move|p1a: Yveltal|U-turn|p2a: Arceus
|-supereffective|p2a: Arceus
|-damage|p2a: Arceus|53/100
|
|t:|1652487774
|switch|p1a: Gengar|Gengar-Mega, F|59/100|[from]move: U-turn
|
|upkeep
|turn|20
|
|t:|1652487778
|move|p1a: Gengar|Sludge Wave|p2a: Arceus
|-damage|p2a: Arceus|38/100
|move|p2a: Arceus|Judgment|p1a: Gengar
|-supereffective|p1a: Gengar
|-damage|p1a: Gengar|0 fnt
|faint|p1a: Gengar
|
|upkeep
|
|t:|1652487780
|switch|p1a: Arceus|Arceus-Psychic|100/100
|turn|21
|
|t:|1652487782
|move|p1a: Arceus|Judgment|p2a: Arceus
|-immune|p2a: Arceus
|move|p2a: Arceus|Judgment|p1a: Arceus
|-supereffective|p1a: Arceus
|-damage|p1a: Arceus|0 fnt
|faint|p1a: Arceus
|
|upkeep
|
|t:|1652487784
|switch|p1a: Ditto|Ditto|100/100
|-transform|p1a: Ditto|p2a: Arceus|[from] ability: Imposter
|turn|22
|
|t:|1652487787
|move|p1a: Ditto|Judgment|p2a: Arceus
|-damage|p2a: Arceus|25/100
|move|p2a: Arceus|Recover|p2a: Arceus
|-heal|p2a: Arceus|75/100
|
|upkeep
|turn|23
|
|t:|1652487789
|move|p1a: Ditto|Judgment|p2a: Arceus
|-damage|p2a: Arceus|61/100
|move|p2a: Arceus|Calm Mind|p2a: Arceus
|-boost|p2a: Arceus|spa|1
|-boost|p2a: Arceus|spd|1
|
|upkeep
|turn|24
|
|t:|1652487790
|move|p1a: Ditto|Judgment|p2a: Arceus
|-damage|p2a: Arceus|50/100
|move|p2a: Arceus|Calm Mind|p2a: Arceus
|-boost|p2a: Arceus|spa|1
|-boost|p2a: Arceus|spd|1
|
|upkeep
|turn|25
|
|t:|1652487793
|move|p1a: Ditto|Judgment|p2a: Arceus
|-damage|p2a: Arceus|41/100
|move|p2a: Arceus|Judgment|p1a: Ditto
|-resisted|p1a: Ditto
|-damage|p1a: Ditto|75/100
|
|upkeep
|turn|26
|
|t:|1652487795
|move|p1a: Ditto|Judgment|p2a: Arceus
|-damage|p2a: Arceus|33/100
|move|p2a: Arceus|Recover|p2a: Arceus
|-heal|p2a: Arceus|83/100
|
|upkeep
|turn|27
|
|t:|1652487797
|-activate|p1a: Ditto|move: Struggle
|move|p1a: Ditto|Struggle|p2a: Arceus
|-damage|p2a: Arceus|76/100
|-damage|p1a: Ditto|50/100|[from] recoil
|move|p2a: Arceus|Judgment|p1a: Ditto
|-resisted|p1a: Ditto
|-damage|p1a: Ditto|24/100
|
|upkeep
|turn|28
|
|t:|1652487799
|-activate|p1a: Ditto|move: Struggle
|move|p1a: Ditto|Struggle|p2a: Arceus
|-damage|p2a: Arceus|69/100
|-damage|p1a: Ditto|0 fnt|[from] recoil
|faint|p1a: Ditto
|move|p2a: Arceus|Judgment|p1: Ditto|[notarget]
|-fail|p2a: Arceus
|
|upkeep
|c|☆jberk|Mf just finish the game
|
|t:|1652487807
|switch|p1a: Yveltal|Yveltal|100/100
|-ability|p1a: Yveltal|Dark Aura
|turn|29
|c|☆Freeity|wtf do u think i'm doing
|c|☆Freeity|if it's that much of a problem just forfeit dawg
|c|☆jberk|Recovering 60 times
|
|t:|1652487821
|-start|p1a: Yveltal|Dynamax|
|-heal|p1a: Yveltal|100/100|[silent]
|move|p2a: Arceus|Judgment|p1a: Yveltal
|-resisted|p1a: Yveltal
|-damage|p1a: Yveltal|72/100
|move|p1a: Yveltal|Max Flutterby|p2a: Arceus
|-supereffective|p2a: Arceus
|-damage|p2a: Arceus|23/100
|-unboost|p2a: Arceus|spa|1
|
|upkeep
|turn|30
|
|t:|1652487835
|move|p2a: Arceus|Recover|p2a: Arceus
|-heal|p2a: Arceus|73/100
|move|p1a: Yveltal|Max Flutterby|p2a: Arceus
|-supereffective|p2a: Arceus
|-damage|p2a: Arceus|26/100
|-unboost|p2a: Arceus|spa|1
|
|upkeep
|turn|31
|
|t:|1652487844
|move|p2a: Arceus|Recover|p2a: Arceus
|-heal|p2a: Arceus|76/100
|move|p1a: Yveltal|Max Flutterby|p2a: Arceus
|-supereffective|p2a: Arceus
|-damage|p2a: Arceus|32/100
|-unboost|p2a: Arceus|spa|1
|
|upkeep
|-end|p1a: Yveltal|Dynamax
|-heal|p1a: Yveltal|73/100|[silent]
|turn|32
|
|t:|1652487848
|move|p2a: Arceus|Recover|p2a: Arceus
|-heal|p2a: Arceus|82/100
|move|p1a: Yveltal|U-turn|p2a: Arceus
|-supereffective|p2a: Arceus
|-damage|p2a: Arceus|57/100
|
|upkeep
|turn|33
|c|☆Freeity|maybe cuz i don't wanna die??
|
|t:|1652487856
|move|p2a: Arceus|Calm Mind|p2a: Arceus
|-boost|p2a: Arceus|spa|1
|-boost|p2a: Arceus|spd|1
|move|p1a: Yveltal|U-turn|p2a: Arceus
|-supereffective|p2a: Arceus
|-damage|p2a: Arceus|30/100
|
|upkeep
|turn|34
|
|t:|1652487861
|move|p2a: Arceus|Recover|p2a: Arceus
|-heal|p2a: Arceus|80/100
|move|p1a: Yveltal|U-turn|p2a: Arceus
|-supereffective|p2a: Arceus
|-damage|p2a: Arceus|54/100
|
|upkeep
|turn|35
|
|t:|1652487865
|move|p2a: Arceus|Calm Mind|p2a: Arceus
|-boost|p2a: Arceus|spa|1
|-boost|p2a: Arceus|spd|1
|move|p1a: Yveltal|U-turn|p2a: Arceus
|-supereffective|p2a: Arceus
|-damage|p2a: Arceus|26/100
|
|upkeep
|turn|36
|
|t:|1652487867
|move|p2a: Arceus|Recover|p2a: Arceus
|-heal|p2a: Arceus|76/100
|move|p1a: Yveltal|U-turn|p2a: Arceus
|-supereffective|p2a: Arceus
|-crit|p2a: Arceus
|-damage|p2a: Arceus|35/100
|
|upkeep
|turn|37
|c|☆jberk|Recover if you’re gay
|
|t:|1652487876
|move|p2a: Arceus|Recover|p2a: Arceus
|-heal|p2a: Arceus|85/100
|move|p1a: Yveltal|U-turn|p2a: Arceus
|-supereffective|p2a: Arceus
|-damage|p2a: Arceus|59/100
|
|upkeep
|turn|38
|c|☆jberk|Gay ass
|c|☆Freeity|ok lol
|inactive|Freeity has 120 seconds left.
|
|t:|1652487909
|move|p2a: Arceus|Recover|p2a: Arceus
|-heal|p2a: Arceus|100/100
|move|p1a: Yveltal|U-turn|p2a: Arceus
|-supereffective|p2a: Arceus
|-damage|p2a: Arceus|74/100
|
|upkeep
|turn|39
|
|t:|1652487915
|move|p2a: Arceus|Calm Mind|p2a: Arceus
|-boost|p2a: Arceus|spa|1
|-boost|p2a: Arceus|spd|0
|move|p1a: Yveltal|U-turn|p2a: Arceus
|-supereffective|p2a: Arceus
|-damage|p2a: Arceus|47/100
|
|upkeep
|turn|40
|
|t:|1652487917
|move|p2a: Arceus|Recover|p2a: Arceus
|-heal|p2a: Arceus|97/100
|move|p1a: Yveltal|U-turn|p2a: Arceus
|-supereffective|p2a: Arceus
|-damage|p2a: Arceus|69/100
|
|upkeep
|turn|41
|
|t:|1652487919
|move|p2a: Arceus|Calm Mind|p2a: Arceus
|-boost|p2a: Arceus|spa|1
|-boost|p2a: Arceus|spd|0
|move|p1a: Yveltal|U-turn|p2a: Arceus
|-supereffective|p2a: Arceus
|-damage|p2a: Arceus|41/100
|
|upkeep
|turn|42
|
|t:|1652487920
|move|p2a: Arceus|Recover|p2a: Arceus
|-heal|p2a: Arceus|91/100
|move|p1a: Yveltal|U-turn|p2a: Arceus
|-supereffective|p2a: Arceus
|-damage|p2a: Arceus|64/100
|
|upkeep
|turn|43
|
|t:|1652487925
|move|p2a: Arceus|Calm Mind|p2a: Arceus
|-boost|p2a: Arceus|spa|1
|-boost|p2a: Arceus|spd|0
|move|p1a: Yveltal|Defog|p2a: Arceus
|-unboost|p2a: Arceus|evasion|1
|-sideend|p2: Freeity|Stealth Rock|[from] move: Defog|[of] p1a: Yveltal
|
|upkeep
|turn|44
|
|t:|1652487928
|move|p2a: Arceus|Judgment|p1a: Yveltal
|-resisted|p1a: Yveltal
|-damage|p1a: Yveltal|2/100
|move|p1a: Yveltal|U-turn|p2a: Arceus
|-supereffective|p2a: Arceus
|-damage|p2a: Arceus|35/100
|
|upkeep
|turn|45
|
|t:|1652487931
|move|p2a: Arceus|Judgment|p1a: Yveltal
|-resisted|p1a: Yveltal
|-damage|p1a: Yveltal|0 fnt
|faint|p1a: Yveltal
|
|win|Freeity
|raw|jberk's rating: 1625 &rarr; <strong>1611</strong><br />(-14 for losing)
|raw|Freeity's rating: 1736 &rarr; <strong>1750</strong><br />(+14 for winning)
|c|☆Freeity|gg
|n|!jberk|jberk
|l|!jberk
