|j|☆Greninja kun 56
|j|☆IamHrrimann
|t:|1629647748
|gametype|singles
|player|p1|Greninja kun 56|red|
|player|p2|IamHrrimann|1|
|teamsize|p1|6
|teamsize|p2|6
|gen|8
|tier|[Gen 8] National Dex AG
|rule|HP Percentage Mod: HP is shown in percentages
|rule|Endless Battle Clause: Forcing endless battles is banned
|clearpoke
|poke|p1|Krookodile, F|
|poke|p1|Regieleki|
|poke|p1|Zacian-*|
|poke|p1|Zapdos|
|poke|p1|Garchomp, M|
|poke|p1|Kommo-o, F|
|poke|p2|Lugia|
|poke|p2|Deoxys-Defense|
|poke|p2|Toxapex, F|
|poke|p2|Grimmsnarl, M|
|poke|p2|Salamence, F|
|poke|p2|Zeraora|
|teampreview
|inactive|Battle timer is ON: inactive players will automatically lose when time's up. (requested by IamHrrimann)
|
|t:|1629647782
|start
|switch|p1a: Krookodile|Krookodile, F|100/100
|switch|p2a: Grimmsnarl|Grimmsnarl, M, shiny|100/100
|turn|1
|
|t:|1629647794
|move|p2a: Grimmsnarl|Reflect|p2a: Grimmsnarl
|-sidestart|p2: IamHrrimann|Reflect
|move|p1a: Krookodile|Brick Break|p2a: Grimmsnarl
|-sideend|p2: IamHrrimann|Reflect
|-damage|p2a: Grimmsnarl|70/100
|
|upkeep
|turn|2
|
|t:|1629647802
|-start|p2a: Grimmsnarl|Dynamax
|-heal|p2a: Grimmsnarl|70/100|[silent]
|move|p1a: Krookodile|Brick Break|p2a: Grimmsnarl
|-damage|p2a: Grimmsnarl|55/100
|move|p2a: Grimmsnarl|Max Starfall|p1a: Krookodile
|-supereffective|p1a: Krookodile
|-damage|p1a: Krookodile|0 fnt
|-fieldstart|move: Misty Terrain
|faint|p1a: Krookodile
|
|upkeep
|
|t:|1629647810
|switch|p1a: Zacian|Zacian-Crowned|100/100
|-ability|p1a: Zacian|Intrepid Sword|boost
|-boost|p1a: Zacian|atk|1
|turn|3
|
|t:|1629647824
|move|p2a: Grimmsnarl|Max Guard|p2a: Grimmsnarl
|-singleturn|p2a: Grimmsnarl|Max Guard
|move|p1a: Zacian|Behemoth Blade|p2a: Grimmsnarl
|-activate|p2a: Grimmsnarl|move: Max Guard
|
|upkeep
|turn|4
|
|t:|1629647848
|-end|p2a: Grimmsnarl|Dynamax
|-heal|p2a: Grimmsnarl|55/100|[silent]
|switch|p2a: Toxapex|Toxapex, F, shiny|100/100
|move|p1a: Zacian|Behemoth Blade|p2a: Toxapex
|-resisted|p2a: Toxapex
|-damage|p2a: Toxapex|74/100
|
|-heal|p2a: Toxapex|80/100|[from] item: Black Sludge
|upkeep
|turn|5
|
|t:|1629647864
|switch|p2a: Grimmsnarl|Grimmsnarl, M, shiny|55/100
|move|p1a: Zacian|Swords Dance|p1a: Zacian
|-boost|p1a: Zacian|atk|2
|
|upkeep
|turn|6
|
|t:|1629647873
|move|p2a: Grimmsnarl|Reflect|p2a: Grimmsnarl
|-sidestart|p2: IamHrrimann|Reflect
|move|p1a: Zacian|Behemoth Blade|p2a: Grimmsnarl
|-supereffective|p2a: Grimmsnarl
|-damage|p2a: Grimmsnarl|0 fnt
|faint|p2a: Grimmsnarl
|
|-fieldend|Misty Terrain
|upkeep
|
|t:|1629647885
|switch|p2a: Deoxys|Deoxys-Defense|100/100
|-ability|p2a: Deoxys|Pressure
|turn|7
|
|t:|1629647890
|move|p1a: Zacian|Behemoth Blade|p2a: Deoxys
|-damage|p2a: Deoxys|57/100
|move|p2a: Deoxys|Cosmic Power|p2a: Deoxys
|-boost|p2a: Deoxys|def|1
|-boost|p2a: Deoxys|spd|1
|
|-heal|p2a: Deoxys|63/100|[from] item: Leftovers
|upkeep
|turn|8
|
|t:|1629647909
|switch|p1a: Garchomp|Garchomp, M, shiny|100/100
|move|p2a: Deoxys|Recover|p2a: Deoxys
|-heal|p2a: Deoxys|100/100
|
|upkeep
|turn|9
|
|t:|1629647917
|move|p1a: Garchomp|Swords Dance|p1a: Garchomp
|-boost|p1a: Garchomp|atk|2
|move|p2a: Deoxys|Cosmic Power|p2a: Deoxys
|-boost|p2a: Deoxys|def|1
|-boost|p2a: Deoxys|spd|1
|
|upkeep
|turn|10
|
|t:|1629647925
|move|p1a: Garchomp|Crunch|p2a: Deoxys
|-supereffective|p2a: Deoxys
|-damage|p2a: Deoxys|79/100
|-damage|p1a: Garchomp|91/100|[from] item: Life Orb
|move|p2a: Deoxys|Toxic|p1a: Garchomp
|-status|p1a: Garchomp|tox
|
|-heal|p2a: Deoxys|85/100|[from] item: Leftovers
|-damage|p1a: Garchomp|85/100 tox|[from] psn
|upkeep
|turn|11
|
|t:|1629647937
|move|p1a: Garchomp|Crunch|p2a: Deoxys
|-supereffective|p2a: Deoxys
|-damage|p2a: Deoxys|65/100
|-damage|p1a: Garchomp|75/100 tox|[from] item: Life Orb
|move|p2a: Deoxys|Cosmic Power|p2a: Deoxys
|-boost|p2a: Deoxys|def|1
|-boost|p2a: Deoxys|spd|1
|
|-heal|p2a: Deoxys|72/100|[from] item: Leftovers
|-damage|p1a: Garchomp|62/100 tox|[from] psn
|upkeep
|turn|12
|
|t:|1629647949
|move|p1a: Garchomp|Earthquake|p2a: Deoxys
|-crit|p2a: Deoxys
|-damage|p2a: Deoxys|0 fnt
|faint|p2a: Deoxys
|-damage|p1a: Garchomp|53/100 tox|[from] item: Life Orb
|
|-damage|p1a: Garchomp|34/100 tox|[from] psn
|upkeep
|inactive|IamHrrimann has 270 seconds left.
|c|☆Greninja kun 56|Aa??
|
|t:|1629647986
|switch|p2a: Lugia|Lugia, shiny|100/100
|-ability|p2a: Lugia|Pressure
|turn|13
|
|t:|1629647995
|move|p1a: Garchomp|Stone Edge|p2a: Lugia
|-supereffective|p2a: Lugia
|-damage|p2a: Lugia|56/100
|-damage|p1a: Garchomp|24/100 tox|[from] item: Life Orb
|move|p2a: Lugia|Roost|p2a: Lugia
|-heal|p2a: Lugia|100/100
|-singleturn|p2a: Lugia|move: Roost
|
|-damage|p1a: Garchomp|0 fnt|[from] psn
|faint|p1a: Garchomp
|-sideend|p2: IamHrrimann|Reflect
|upkeep
|
|t:|1629648004
|switch|p1a: Kommo-o|Kommo-o, F|100/100
|turn|14
|
|t:|1629648013
|move|p1a: Kommo-o|Substitute|p1a: Kommo-o
|-start|p1a: Kommo-o|Substitute
|-damage|p1a: Kommo-o|75/100
|move|p2a: Lugia|Aeroblast|p1a: Kommo-o
|-supereffective|p1a: Kommo-o
|-end|p1a: Kommo-o|Substitute
|
|upkeep
|turn|15
|
|t:|1629648022
|switch|p1a: Zapdos|Zapdos|100/100
|move|p2a: Lugia|Aeroblast|p1a: Zapdos
|-resisted|p1a: Zapdos
|-damage|p1a: Zapdos|83/100
|
|upkeep
|turn|16
|
|t:|1629648031
|switch|p2a: Zeraora|Zeraora|100/100
|move|p1a: Zapdos|Thunder|p2a: Zeraora
|-immune|p2a: Zeraora|[from] ability: Volt Absorb
|
|upkeep
|turn|17
|inactive|IamHrrimann has 270 seconds left.
|
|t:|1629648079
|switch|p2a: Salamence|Salamence, F|100/100
|move|p1a: Zapdos|Hurricane|p2a: Salamence
|-damage|p2a: Salamence|28/100
|
|upkeep
|turn|18
|
|t:|1629648102
|switch|p2a: Zeraora|Zeraora|100/100
|move|p1a: Zapdos|Hurricane|p2a: Zeraora
|-resisted|p2a: Zeraora
|-damage|p2a: Zeraora|63/100
|-start|p2a: Zeraora|confusion
|
|upkeep
|turn|19
|
|t:|1629648114
|switch|p2a: Lugia|Lugia, shiny|100/100
|-ability|p2a: Lugia|Pressure
|move|p1a: Zapdos|Hurricane|p2a: Lugia|[miss]
|-miss|p1a: Zapdos|p2a: Lugia
|
|upkeep
|turn|20
|
|t:|1629648124
|switch|p2a: Zeraora|Zeraora|63/100
|move|p1a: Zapdos|Hurricane|p2a: Zeraora|[miss]
|-miss|p1a: Zapdos|p2a: Zeraora
|
|upkeep
|turn|21
|
|t:|1629648132
|move|p2a: Zeraora|Fake Out|p1a: Zapdos
|-damage|p1a: Zapdos|64/100
|-damage|p2a: Zeraora|53/100|[from] item: Life Orb
|cant|p1a: Zapdos|flinch
|
|upkeep
|turn|22
|
|t:|1629648142
|move|p2a: Zeraora|Plasma Fists|p1a: Zapdos
|-damage|p1a: Zapdos|0 fnt
|faint|p1a: Zapdos
|-damage|p2a: Zeraora|43/100|[from] item: Life Orb
|
|upkeep
|
|t:|1629648162
|switch|p1a: Zacian|Zacian-Crowned|100/100
|-ability|p1a: Zacian|Intrepid Sword|boost
|-boost|p1a: Zacian|atk|1
|turn|23
|
|t:|1629648189
|switch|p2a: Toxapex|Toxapex, F, shiny|80/100
|move|p1a: Zacian|Behemoth Blade|p2a: Toxapex
|-resisted|p2a: Toxapex
|-damage|p2a: Toxapex|52/100
|
|-heal|p2a: Toxapex|58/100|[from] item: Black Sludge
|upkeep
|turn|24
|
|t:|1629648202
|move|p1a: Zacian|Swords Dance|p1a: Zacian
|-boost|p1a: Zacian|atk|2
|move|p2a: Toxapex|Recover|p2a: Toxapex
|-heal|p2a: Toxapex|100/100
|
|upkeep
|turn|25
|
|t:|1629648209
|move|p1a: Zacian|Behemoth Blade|p2a: Toxapex
|-resisted|p2a: Toxapex
|-damage|p2a: Toxapex|55/100
|move|p2a: Toxapex|Haze|p2a: Toxapex
|-clearallboost
|
|-heal|p2a: Toxapex|61/100|[from] item: Black Sludge
|upkeep
|turn|26
|
|t:|1629648223
|switch|p1a: Regieleki|Regieleki|100/100
|move|p2a: Toxapex|Scald|p1a: Regieleki
|-damage|p1a: Regieleki|69/100
|
|-heal|p2a: Toxapex|67/100|[from] item: Black Sludge
|upkeep
|turn|27
|
|t:|1629648237
|switch|p2a: Zeraora|Zeraora|43/100
|-start|p1a: Regieleki|Dynamax
|-heal|p1a: Regieleki|69/100|[silent]
|move|p1a: Regieleki|Max Rockfall|p2a: Zeraora
|-damage|p2a: Zeraora|0 fnt
|-weather|Sandstorm
|faint|p2a: Zeraora
|
|-weather|Sandstorm|[upkeep]
|-damage|p1a: Regieleki|66/100|[from] Sandstorm
|upkeep
|inactive|IamHrrimann has 240 seconds left.
|
|t:|1629648262
|switch|p2a: Salamence|Salamence, F|28/100
|turn|28
|inactive|IamHrrimann has 240 seconds left.
|
|t:|1629648268
|move|p1a: Regieleki|Max Lightning|p2a: Salamence
|-damage|p2a: Salamence|0 fnt
|-fieldstart|move: Electric Terrain
|faint|p2a: Salamence
|
|-weather|Sandstorm|[upkeep]
|-damage|p1a: Regieleki|63/100|[from] Sandstorm
|upkeep
|inactive|IamHrrimann has 240 seconds left.
|
|t:|1629648294
|switch|p2a: Lugia|Lugia, shiny|100/100
|-ability|p2a: Lugia|Pressure
|turn|29
|
|t:|1629648302
|move|p1a: Regieleki|Max Lightning|p2a: Lugia
|-supereffective|p2a: Lugia
|-damage|p2a: Lugia|0 fnt
|faint|p2a: Lugia
|
|-weather|Sandstorm|[upkeep]
|-damage|p1a: Regieleki|60/100|[from] Sandstorm
|-end|p1a: Regieleki|Dynamax
|-heal|p1a: Regieleki|60/100|[silent]
|upkeep
|
|t:|1629648313
|switch|p2a: Toxapex|Toxapex, F, shiny|67/100
|turn|30
|
|t:|1629648327
|move|p2a: Toxapex|Baneful Bunker|p2a: Toxapex
|-singleturn|p2a: Toxapex|move: Protect
|move|p1a: Regieleki|Thunderbolt|p2a: Toxapex
|-activate|p2a: Toxapex|move: Protect
|
|-weather|Sandstorm|[upkeep]
|-damage|p1a: Regieleki|54/100|[from] Sandstorm
|-damage|p2a: Toxapex|61/100|[from] Sandstorm
|-heal|p2a: Toxapex|67/100|[from] item: Black Sludge
|upkeep
|turn|31
|
|t:|1629648344
|move|p1a: Regieleki|Thunderbolt|p2a: Toxapex
|-supereffective|p2a: Toxapex
|-damage|p2a: Toxapex|0 fnt
|faint|p2a: Toxapex
|
|win|Greninja kun 56
|c|☆Greninja kun 56|Gg
|c|☆IamHrrimann|Gg
