|j|☆1MechSTAR of P.S.
|j|☆FenixFyre04
|t:|1646037022
|gametype|singles
|player|p1|1MechSTAR of P.S.|grimsley|1572
|player|p2|FenixFyre04|benga|1646
|teamsize|p1|6
|teamsize|p2|6
|gen|8
|tier|[Gen 8] National Dex AG
|rated|
|rule|HP Percentage Mod: HP is shown in percentages
|rule|Endless Battle Clause: Forcing endless battles is banned
|clearpoke
|poke|p1|Rayquaza|
|poke|p1|Groudon|
|poke|p1|Arceus-*|
|poke|p1|Yveltal|
|poke|p1|Zacian-*|
|poke|p1|Necrozma-Dusk-Mane|
|poke|p2|Ribombee, F|
|poke|p2|Vivillon-Elegant, M|
|poke|p2|Zacian-*|
|poke|p2|Rayquaza|
|poke|p2|Arceus-*|
|poke|p2|Kartana|
|teampreview
|inactive|Battle timer is ON: inactive players will automatically lose when time's up. (requested by FenixFyre04)
|j| Mrxiaoming
|l| Mrxiaoming
|
|t:|1646037051
|start
|switch|p1a: GGRROOUUDDOONN|Groudon|100/100
|switch|p2a: Arceus|Arceus-Ground|100/100
|detailschange|p1a: GGRROOUUDDOONN|Groudon-Primal
|-primal|p1a: GGRROOUUDDOONN
|-weather|DesolateLand|[from] ability: Desolate Land|[of] p1a: GGRROOUUDDOONN
|turn|1
|
|t:|1646037069
|move|p2a: Arceus|Rock Tomb|p1a: GGRROOUUDDOONN
|-damage|p1a: GGRROOUUDDOONN|91/100
|-unboost|p1a: GGRROOUUDDOONN|spe|1
|move|p1a: GGRROOUUDDOONN|Stealth Rock|p2a: Arceus
|-sidestart|p2: FenixFyre04|move: Stealth Rock
|
|-weather|DesolateLand|[upkeep]
|upkeep
|turn|2
|
|t:|1646037081
|move|p2a: Arceus|Stealth Rock|p1a: GGRROOUUDDOONN
|-sidestart|p1: 1MechSTAR of P.S.|move: Stealth Rock
|move|p1a: GGRROOUUDDOONN|Roar|p2a: Arceus
|drag|p2a: Vivillon|Vivillon-Elegant, M, shiny|100/100
|-damage|p2a: Vivillon|51/100|[from] Stealth Rock
|
|-weather|DesolateLand|[upkeep]
|-heal|p2a: Vivillon|57/100|[from] item: Leftovers
|upkeep
|turn|3
|
|t:|1646037087
|move|p2a: Vivillon|Sleep Powder|p1a: GGRROOUUDDOONN
|-status|p1a: GGRROOUUDDOONN|slp|[from] move: Sleep Powder
|cant|p1a: GGRROOUUDDOONN|slp
|
|-weather|DesolateLand|[upkeep]
|-heal|p2a: Vivillon|63/100|[from] item: Leftovers
|upkeep
|turn|4
|
|t:|1646037094
|move|p2a: Vivillon|Hurricane|p1a: GGRROOUUDDOONN|[miss]
|-miss|p2a: Vivillon|p1a: GGRROOUUDDOONN
|-curestatus|p1a: GGRROOUUDDOONN|slp|[msg]
|move|p1a: GGRROOUUDDOONN|Heat Crash|p2a: Vivillon
|-supereffective|p2a: Vivillon
|-damage|p2a: Vivillon|0 fnt
|faint|p2a: Vivillon
|
|-weather|DesolateLand|[upkeep]
|upkeep
|
|t:|1646037104
|switch|p2a: Arceus|Arceus-Ground|100/100
|-damage|p2a: Arceus|94/100|[from] Stealth Rock
|turn|5
|
|t:|1646037112
|move|p2a: Arceus|Earthquake|p1a: GGRROOUUDDOONN
|-supereffective|p1a: GGRROOUUDDOONN
|-damage|p1a: GGRROOUUDDOONN|30/100
|move|p1a: GGRROOUUDDOONN|Roar|p2a: Arceus
|drag|p2a: Rayquaza|Rayquaza|100/100
|-damage|p2a: Rayquaza|76/100|[from] Stealth Rock
|-ability|p2a: Rayquaza|Air Lock
|
|-weather|DesolateLand|[upkeep]
|upkeep
|turn|6
|
|t:|1646037129
|detailschange|p2a: Rayquaza|Rayquaza-Mega
|-mega|p2a: Rayquaza|Rayquaza|
|-weather|DeltaStream|[from] ability: Delta Stream|[of] p2a: Rayquaza
|move|p2a: Rayquaza|Dragon Ascent|p1a: GGRROOUUDDOONN
|-damage|p1a: GGRROOUUDDOONN|0 fnt
|-unboost|p2a: Rayquaza|def|1
|-unboost|p2a: Rayquaza|spd|1
|faint|p1a: GGRROOUUDDOONN
|
|-weather|DeltaStream|[upkeep]
|upkeep
|
|t:|1646037149
|switch|p1a: L-Drago|Rayquaza|100/100
|-damage|p1a: L-Drago|76/100|[from] Stealth Rock
|-ability|p1a: L-Drago|Air Lock
|turn|7
|
|t:|1646037160
|-weather|none
|switch|p2a: Zacian|Zacian-Crowned|100/100
|-damage|p2a: Zacian|94/100|[from] Stealth Rock
|-ability|p2a: Zacian|Intrepid Sword|boost
|-boost|p2a: Zacian|atk|1
|detailschange|p1a: L-Drago|Rayquaza-Mega
|-mega|p1a: L-Drago|Rayquaza|
|-weather|DeltaStream|[from] ability: Delta Stream|[of] p1a: L-Drago
|move|p1a: L-Drago|Extreme Speed|p2a: Zacian
|-resisted|p2a: Zacian
|-damage|p2a: Zacian|76/100
|
|-weather|DeltaStream|[upkeep]
|upkeep
|turn|8
|
|t:|1646037167
|-weather|none
|switch|p1a: BEAST|Necrozma-Dusk-Mane|100/100
|-damage|p1a: BEAST|94/100|[from] Stealth Rock
|move|p2a: Zacian|Behemoth Blade|p1a: BEAST
|-resisted|p1a: BEAST
|-damage|p1a: BEAST|58/100
|
|upkeep
|turn|9
|
|t:|1646037178
|move|p2a: Zacian|Close Combat|p1a: BEAST
|-damage|p1a: BEAST|0 fnt
|-unboost|p2a: Zacian|def|1
|-unboost|p2a: Zacian|spd|1
|faint|p1a: BEAST
|
|upkeep
|
|t:|1646037191
|switch|p1a: I Like Swords XD|Zacian-Crowned|100/100
|-damage|p1a: I Like Swords XD|94/100|[from] Stealth Rock
|-ability|p1a: I Like Swords XD|Intrepid Sword|boost
|-boost|p1a: I Like Swords XD|atk|1
|turn|10
|inactive|FenixFyre04 has 120 seconds left.
|inactive|FenixFyre04 has 90 seconds left.
|
|t:|1646037252
|switch|p2a: Ribombee|Ribombee, F, shiny|100/100
|-damage|p2a: Ribombee|76/100|[from] Stealth Rock
|move|p1a: I Like Swords XD|Behemoth Blade|p2a: Ribombee
|-supereffective|p2a: Ribombee
|-damage|p2a: Ribombee|0 fnt
|faint|p2a: Ribombee
|
|upkeep
|inactive|FenixFyre04 has 90 seconds left.
|
|t:|1646037274
|switch|p2a: Kartana|Kartana, shiny|100/100
|-damage|p2a: Kartana|94/100|[from] Stealth Rock
|turn|11
|
|t:|1646037285
|-start|p2a: Kartana|Dynamax
|-heal|p2a: Kartana|94/100|[silent]
|move|p1a: I Like Swords XD|Close Combat|p2a: Kartana
|-supereffective|p2a: Kartana
|-damage|p2a: Kartana|12/100
|-unboost|p1a: I Like Swords XD|def|1
|-unboost|p1a: I Like Swords XD|spd|1
|move|p2a: Kartana|Max Airstream|p1a: I Like Swords XD
|-resisted|p1a: I Like Swords XD
|-damage|p1a: I Like Swords XD|47/100
|-boost|p2a: Kartana|spe|1
|-damage|p2a: Kartana|8/100|[from] item: Life Orb
|
|upkeep
|turn|12
|
|t:|1646037291
|move|p2a: Kartana|Max Knuckle|p1a: I Like Swords XD
|-damage|p1a: I Like Swords XD|0 fnt
|-boost|p2a: Kartana|atk|1
|faint|p1a: I Like Swords XD
|-ability|p2a: Kartana|Beast Boost|boost
|-boost|p2a: Kartana|atk|1
|-damage|p2a: Kartana|3/100|[from] item: Life Orb
|
|upkeep
|
|t:|1646037300
|switch|p1a: L-Drago|Rayquaza-Mega|76/100
|-damage|p1a: L-Drago|51/100|[from] Stealth Rock
|-weather|DeltaStream|[from] ability: Delta Stream|[of] p1a: L-Drago
|turn|13
|j| Detective Pikach3u
|
|t:|1646037304
|move|p1a: L-Drago|Extreme Speed|p2a: Kartana
|-resisted|p2a: Kartana
|-damage|p2a: Kartana|0 fnt
|faint|p2a: Kartana
|
|-weather|DeltaStream|[upkeep]
|upkeep
|
|t:|1646037313
|switch|p2a: Zacian|Zacian-Crowned|76/100
|-damage|p2a: Zacian|70/100|[from] Stealth Rock
|-ability|p2a: Zacian|Intrepid Sword|boost
|-boost|p2a: Zacian|atk|1
|turn|14
|
|t:|1646037321
|move|p1a: L-Drago|Extreme Speed|p2a: Zacian
|-resisted|p2a: Zacian
|-damage|p2a: Zacian|52/100
|move|p2a: Zacian|Behemoth Blade|p1a: L-Drago
|-damage|p1a: L-Drago|0 fnt
|faint|p1a: L-Drago
|-weather|none
|
|upkeep
|c| Detective Pikach3u|v create
|
|t:|1646037326
|switch|p1a: ARCEUS B)|Arceus-Flying|100/100
|-damage|p1a: ARCEUS B)|76/100|[from] Stealth Rock
|turn|15
|c| Detective Pikach3u|:/
|
|t:|1646037331
|move|p2a: Zacian|Behemoth Blade|p1a: ARCEUS B)
|-damage|p1a: ARCEUS B)|2/100
|move|p1a: ARCEUS B)|Earth Power|p2a: Zacian
|-supereffective|p2a: Zacian
|-damage|p2a: Zacian|0 fnt
|faint|p2a: Zacian
|
|upkeep
|
|t:|1646037346
|switch|p2a: Rayquaza|Rayquaza-Mega|76/100
|-damage|p2a: Rayquaza|51/100|[from] Stealth Rock
|-weather|DeltaStream|[from] ability: Delta Stream|[of] p2a: Rayquaza
|turn|16
|
|t:|1646037354
|move|p2a: Rayquaza|Extreme Speed|p1a: ARCEUS B)
|-damage|p1a: ARCEUS B)|0 fnt
|faint|p1a: ARCEUS B)
|
|-weather|DeltaStream|[upkeep]
|upkeep
|
|t:|1646037357
|switch|p1a: I am Dark|Yveltal|100/100
|-damage|p1a: I am Dark|75/100|[from] Stealth Rock
|-ability|p1a: I am Dark|Dark Aura
|turn|17
|inactive|FenixFyre04 has 120 seconds left.
|
|t:|1646037376
|-start|p1a: I am Dark|Dynamax
|-heal|p1a: I am Dark|75/100|[silent]
|move|p2a: Rayquaza|Extreme Speed|p1a: I am Dark
|-damage|p1a: I am Dark|48/100
|move|p1a: I am Dark|Max Airstream|p2a: Rayquaza
|-crit|p2a: Rayquaza
|-damage|p2a: Rayquaza|0 fnt
|-boost|p1a: I am Dark|spe|1
|faint|p2a: Rayquaza
|-weather|none
|-damage|p1a: I am Dark|43/100|[from] item: Life Orb
|
|upkeep
|
|t:|1646037384
|switch|p2a: Arceus|Arceus-Ground|94/100
|-damage|p2a: Arceus|88/100|[from] Stealth Rock
|turn|18
|inactive|FenixFyre04 has 120 seconds left.
|
|t:|1646037403
|move|p1a: I am Dark|Max Darkness|p2a: Arceus
|-damage|p2a: Arceus|16/100
|-unboost|p2a: Arceus|spd|1
|-damage|p1a: I am Dark|38/100|[from] item: Life Orb
|move|p2a: Arceus|Rock Tomb|p1a: I am Dark
|-supereffective|p1a: I am Dark
|-damage|p1a: I am Dark|21/100
|-unboost|p1a: I am Dark|spe|1
|
|upkeep
|turn|19
|c|☆1MechSTAR of P.S.|gg
|inactive|FenixFyre04 has 90 seconds left.
|
|t:|1646037449
|move|p2a: Arceus|Rock Tomb|p1a: I am Dark
|-supereffective|p1a: I am Dark
|-damage|p1a: I am Dark|1/100
|-unboost|p1a: I am Dark|spe|1
|move|p1a: I am Dark|Max Airstream|p2a: Arceus
|-damage|p2a: Arceus|0 fnt
|-boost|p1a: I am Dark|spe|1
|faint|p2a: Arceus
|-damage|p1a: I am Dark|0 fnt|[from] item: Life Orb
|faint|p1a: I am Dark
|
|win|1MechSTAR of P.S.
|raw|1MechSTAR of P.S.'s rating: 1572 &rarr; <strong>1596</strong><br />(+24 for winning)
|raw|FenixFyre04's rating: 1646 &rarr; <strong>1622</strong><br />(-24 for losing)
|l|☆FenixFyre04
|l| Detective Pikach3u
|c|☆1MechSTAR of P.S.|oh boy 1%
|c|☆1MechSTAR of P.S.|gg
