|j|☆Vive Immortale
|j|☆ElitetoN
|t:|1662079317
|gametype|singles
|player|p1|Vive Immortale|mallow|1718
|player|p2|ElitetoN|sabrina|1808
|teamsize|p1|6
|teamsize|p2|6
|gen|8
|tier|[Gen 8] National Dex AG
|rated|
|rule|HP Percentage Mod: HP is shown in percentages
|rule|Endless Battle Clause: Forcing endless battles is banned
|clearpoke
|poke|p1|Rayquaza|
|poke|p1|Ho-Oh|
|poke|p1|Necrozma-Dusk-Mane|
|poke|p1|Arceus-*|
|poke|p1|Kyogre|
|poke|p1|Arceus-*|
|poke|p2|Arceus-*|
|poke|p2|Rayquaza|
|poke|p2|Kyogre|
|poke|p2|Yveltal|
|poke|p2|Tyranitar, M|
|poke|p2|Necrozma-Dusk-Mane|
|teampreview
|inactive|Battle timer is ON: inactive players will automatically lose when time's up. (requested by Vive Immortale)
|
|t:|1662079329
|start
|switch|p1a: MXG|Rayquaza|100/100
|switch|p2a: Rayquaza|Rayquaza|100/100
|-ability|p2a: Rayquaza|Air Lock
|-ability|p1a: MXG|Air Lock
|turn|1
|
|t:|1662079337
|detailschange|p2a: Rayquaza|Rayquaza-Mega
|-mega|p2a: Rayquaza|Rayquaza|
|-weather|DeltaStream|[from] ability: Delta Stream|[of] p2a: Rayquaza
|detailschange|p1a: MXG|Rayquaza-Mega
|-mega|p1a: MXG|Rayquaza|
|move|p2a: Rayquaza|Scale Shot|p1a: MXG
|-supereffective|p1a: MXG
|-damage|p1a: MXG|70/100
|-supereffective|p1a: MXG
|-damage|p1a: MXG|37/100
|-supereffective|p1a: MXG
|-damage|p1a: MXG|4/100
|-hitcount|p1a: MXG|3
|-unboost|p2a: Rayquaza|def|1
|-boost|p2a: Rayquaza|spe|1
|move|p1a: MXG|Draco Meteor|p2a: Rayquaza
|-supereffective|p2a: Rayquaza
|-damage|p2a: Rayquaza|0 fnt
|-unboost|p1a: MXG|spa|2
|faint|p2a: Rayquaza
|
|-weather|DeltaStream|[upkeep]
|upkeep
|
|t:|1662079354
|switch|p2a: Kyogre|Kyogre|100/100
|-ability|p2a: Kyogre|Drizzle|[from] deltastream|[fail]
|turn|2
|
|t:|1662079368
|-weather|none
|switch|p1a: Necrozma|Necrozma-Dusk-Mane|100/100
|move|p2a: Kyogre|Water Spout|p1a: Necrozma
|-damage|p1a: Necrozma|31/100
|
|-heal|p1a: Necrozma|37/100|[from] item: Leftovers
|upkeep
|turn|3
|
|t:|1662079387
|move|p2a: Kyogre|Water Spout|p1a: Necrozma
|-damage|p1a: Necrozma|0 fnt
|faint|p1a: Necrozma
|
|upkeep
|
|t:|1662079401
|switch|p1a: Kyogre|Kyogre|100/100
|-weather|RainDance|[from] ability: Drizzle|[of] p1a: Kyogre
|turn|4
|
|t:|1662079405
|switch|p2a: Arceus|Arceus-Ground|100/100
|move|p1a: Kyogre|Water Spout|p2a: Arceus
|-supereffective|p2a: Arceus
|-damage|p2a: Arceus|0 fnt
|faint|p2a: Arceus
|
|-weather|RainDance|[upkeep]
|upkeep
|
|t:|1662079412
|switch|p2a: Kyogre|Kyogre|100/100
|turn|5
|
|t:|1662079417
|move|p2a: Kyogre|Thunder|p1a: Kyogre
|-supereffective|p1a: Kyogre
|-damage|p1a: Kyogre|34/100
|move|p1a: Kyogre|Water Spout|p2a: Kyogre
|-resisted|p2a: Kyogre
|-damage|p2a: Kyogre|77/100
|
|-weather|RainDance|[upkeep]
|upkeep
|turn|6
|
|t:|1662079421
|switch|p1a: Arceus|Arceus-Ground|100/100
|move|p2a: Kyogre|Thunder|p1a: Arceus
|-immune|p1a: Arceus
|
|-weather|RainDance|[upkeep]
|upkeep
|turn|7
|
|t:|1662079432
|switch|p2a: Tyranitar|Tyranitar, M|100/100
|-weather|Sandstorm|[from] ability: Sand Stream|[of] p2a: Tyranitar
|switch|p1a: MXG|Rayquaza-Mega|4/100
|-weather|DeltaStream|[from] ability: Delta Stream|[of] p1a: MXG
|
|-weather|DeltaStream|[upkeep]
|upkeep
|turn|8
|
|t:|1662079443
|-activate|p1a: MXG|move: Pursuit
|move|p2a: Tyranitar|Pursuit|p1a: MXG|[from]Pursuit
|-damage|p1a: MXG|0 fnt
|faint|p1a: MXG
|-weather|none
|-hint|A Pokemon can't switch between when it runs out of HP and when it faints
|
|upkeep
|
|t:|1662079446
|switch|p1a: Kyogre|Kyogre|34/100
|-weather|RainDance|[from] ability: Drizzle|[of] p1a: Kyogre
|turn|9
|
|t:|1662079450
|move|p1a: Kyogre|Origin Pulse|p2a: Tyranitar
|-supereffective|p2a: Tyranitar
|-damage|p2a: Tyranitar|0 fnt
|faint|p2a: Tyranitar
|
|-weather|RainDance|[upkeep]
|upkeep
|
|t:|1662079455
|switch|p2a: Yveltal|Yveltal, shiny|100/100
|-ability|p2a: Yveltal|Dark Aura
|turn|10
|
|t:|1662079460
|switch|p1a: Arceus|Arceus-Fire|100/100
|move|p2a: Yveltal|Sucker Punch||[still]
|-fail|p2a: Yveltal
|
|-weather|RainDance|[upkeep]
|upkeep
|turn|11
|inactive|Vive Immortale has 120 seconds left.
|
|t:|1662079507
|switch|p2a: Necrozma|Necrozma-Dusk-Mane|100/100
|move|p1a: Arceus|Magic Coat|p1a: Arceus
|-singleturn|p1a: Arceus|move: Magic Coat
|
|-weather|RainDance|[upkeep]
|upkeep
|turn|12
|
|t:|1662079523
|switch|p1a: Kyogre|Kyogre|34/100
|move|p2a: Necrozma|Light Screen|p2a: Necrozma
|-sidestart|p2: ElitetoN|move: Light Screen
|
|-weather|RainDance|[upkeep]
|upkeep
|turn|13
|inactive|Vive Immortale has 120 seconds left.
|
|t:|1662079529
|move|p1a: Kyogre|Origin Pulse|p2a: Necrozma
|-damage|p2a: Necrozma|43/100
|move|p2a: Necrozma|Knock Off|p1a: Kyogre
|-damage|p1a: Kyogre|0 fnt
|-enditem|p1a: Kyogre|Choice Specs|[from] move: Knock Off|[of] p2a: Necrozma
|faint|p1a: Kyogre
|
|-weather|none
|upkeep
|
|t:|1662079533
|switch|p1a: Ho-Oh|Ho-Oh|100/100
|turn|14
|
|t:|1662079538
|move|p1a: Ho-Oh|Sacred Fire|p2a: Necrozma
|-supereffective|p2a: Necrozma
|-damage|p2a: Necrozma|10/100
|-status|p2a: Necrozma|brn
|move|p2a: Necrozma|Knock Off|p1a: Ho-Oh
|-damage|p1a: Ho-Oh|89/100
|-enditem|p1a: Ho-Oh|Heavy-Duty Boots|[from] move: Knock Off|[of] p2a: Necrozma
|
|-damage|p2a: Necrozma|4/100 brn|[from] brn
|upkeep
|turn|15
|inactive|Vive Immortale has 120 seconds left.
|
|t:|1662079564
|-start|p1a: Ho-Oh|Dynamax|
|-heal|p1a: Ho-Oh|89/100|[silent]
|move|p1a: Ho-Oh|Max Airstream|p2a: Necrozma
|-resisted|p2a: Necrozma
|-damage|p2a: Necrozma|0 fnt
|-boost|p1a: Ho-Oh|spe|1
|faint|p2a: Necrozma
|
|upkeep
|
|t:|1662079567
|switch|p2a: Kyogre|Kyogre|77/100
|-weather|RainDance|[from] ability: Drizzle|[of] p2a: Kyogre
|turn|16
|
|t:|1662079572
|move|p1a: Ho-Oh|Max Guard|p1a: Ho-Oh
|-singleturn|p1a: Ho-Oh|Max Guard
|move|p2a: Kyogre|Water Spout|p1a: Ho-Oh
|-activate|p1a: Ho-Oh|move: Max Guard
|
|-weather|RainDance|[upkeep]
|-sideend|p2: ElitetoN|move: Light Screen
|upkeep
|turn|17
|
|t:|1662079578
|move|p2a: Kyogre|Water Spout|p1a: Ho-Oh
|-supereffective|p1a: Ho-Oh
|-damage|p1a: Ho-Oh|32/100
|move|p1a: Ho-Oh|Max Airstream|p2a: Kyogre
|-damage|p2a: Kyogre|18/100
|-boost|p1a: Ho-Oh|spe|1
|
|-weather|RainDance|[upkeep]
|upkeep
|-end|p1a: Ho-Oh|Dynamax
|-heal|p1a: Ho-Oh|32/100|[silent]
|turn|18
|
|t:|1662079586
|move|p2a: Kyogre|Water Spout|p1a: Ho-Oh
|-supereffective|p1a: Ho-Oh
|-damage|p1a: Ho-Oh|8/100
|move|p1a: Ho-Oh|Brave Bird|p2a: Kyogre
|-damage|p2a: Kyogre|0 fnt
|faint|p2a: Kyogre
|-damage|p1a: Ho-Oh|4/100|[from] Recoil
|
|-weather|RainDance|[upkeep]
|upkeep
|
|t:|1662079588
|switch|p2a: Yveltal|Yveltal, shiny|100/100
|-ability|p2a: Yveltal|Dark Aura
|turn|19
|
|t:|1662079591
|-start|p2a: Yveltal|Dynamax|
|-heal|p2a: Yveltal|100/100|[silent]
|move|p1a: Ho-Oh|Toxic|p2a: Yveltal
|-status|p2a: Yveltal|tox
|move|p2a: Yveltal|Max Airstream|p1a: Ho-Oh
|-damage|p1a: Ho-Oh|0 fnt
|-boost|p2a: Yveltal|spe|1
|faint|p1a: Ho-Oh
|-damage|p2a: Yveltal|96/100 tox|[from] item: Life Orb
|
|-weather|RainDance|[upkeep]
|-damage|p2a: Yveltal|93/100 tox|[from] psn
|upkeep
|
|t:|1662079596
|switch|p1a: Arceus|Arceus-Fire|100/100
|turn|20
|
|t:|1662079604
|move|p2a: Yveltal|Max Darkness|p1a: Arceus
|-damage|p1a: Arceus|46/100
|-unboost|p1a: Arceus|spd|1
|-damage|p2a: Yveltal|88/100 tox|[from] item: Life Orb
|move|p1a: Arceus|Recover|p1a: Arceus
|-heal|p1a: Arceus|96/100
|
|-weather|none
|-damage|p2a: Yveltal|81/100 tox|[from] psn
|upkeep
|turn|21
|
|t:|1662079610
|switch|p1a: Arceus|Arceus-Ground|100/100
|move|p2a: Yveltal|Max Darkness|p1a: Arceus
|-damage|p1a: Arceus|40/100
|-unboost|p1a: Arceus|spd|1
|-damage|p2a: Yveltal|77/100 tox|[from] item: Life Orb
|
|-damage|p2a: Yveltal|67/100 tox|[from] psn
|upkeep
|-end|p2a: Yveltal|Dynamax
|-heal|p2a: Yveltal|68/100 tox|[silent]
|turn|22
|
|t:|1662079616
|switch|p1a: Arceus|Arceus-Fire|96/100
|move|p2a: Yveltal|Knock Off|p1a: Arceus
|-damage|p1a: Arceus|61/100
|-damage|p2a: Yveltal|58/100 tox|[from] item: Life Orb
|
|-damage|p2a: Yveltal|33/100 tox|[from] psn
|upkeep
|turn|23
|
|t:|1662079619
|move|p2a: Yveltal|Dual Wingbeat|p1a: Arceus
|-damage|p1a: Arceus|46/100
|-damage|p1a: Arceus|31/100
|-hitcount|p1a: Arceus|2
|-damage|p2a: Yveltal|23/100 tox|[from] item: Life Orb
|move|p1a: Arceus|Recover|p1a: Arceus
|-heal|p1a: Arceus|81/100
|
|-damage|p2a: Yveltal|0 fnt|[from] psn
|faint|p2a: Yveltal
|
|win|Vive Immortale
|upkeep
|raw|Vive Immortale's rating: 1718 &rarr; <strong>1743</strong><br />(+25 for winning)
|raw|ElitetoN's rating: 1808 &rarr; <strong>1783</strong><br />(-25 for losing)
|l|☆ElitetoN
