|j|☆Aarsh2601
|j|☆MegaTygnonGucci
|t:|1633371605
|gametype|singles
|player|p1|Aarsh2601|red|1370
|player|p2|MegaTygnonGucci|ghetsis-gen5bw|1322
|teamsize|p1|6
|teamsize|p2|6
|gen|8
|tier|[Gen 8] National Dex AG
|rated|
|rule|HP Percentage Mod: HP is shown in percentages
|rule|Endless Battle Clause: Forcing endless battles is banned
|clearpoke
|poke|p1|Calyrex-Shadow|
|poke|p1|Salamence, F|
|poke|p1|Pheromosa|
|poke|p1|Weavile, M|
|poke|p1|Cinderace, M|
|poke|p1|Zacian-*|
|poke|p2|Smeargle, M|
|poke|p2|Mew|
|poke|p2|Vaporeon, F|
|poke|p2|Scolipede, M|
|poke|p2|Espeon, F|
|poke|p2|Krookodile, F|
|teampreview
|inactive|Battle timer is ON: inactive players will automatically lose when time's up. (requested by Aarsh2601)
|
|t:|1633371610
|start
|switch|p1a: Pheromosa|Pheromosa, shiny|100/100
|switch|p2a: Scolipede|Scolipede, M, shiny|100/100
|turn|1
|
|t:|1633371618
|-zpower|p1a: Pheromosa
|move|p1a: Pheromosa|Tectonic Rage|p2a: Scolipede|[zeffect]
|-damage|p2a: Scolipede|32/100
|move|p2a: Scolipede|Earthquake|p1a: Pheromosa
|-resisted|p1a: Pheromosa
|-damage|p1a: Pheromosa|68/100
|
|-heal|p2a: Scolipede|38/100|[from] item: Black Sludge
|-ability|p2a: Scolipede|Speed Boost|boost
|-boost|p2a: Scolipede|spe|1
|upkeep
|turn|2
|
|t:|1633371633
|move|p2a: Scolipede|Protect|p2a: Scolipede
|-singleturn|p2a: Scolipede|Protect
|move|p1a: Pheromosa|Drill Run|p2a: Scolipede
|-activate|p2a: Scolipede|move: Protect
|
|-heal|p2a: Scolipede|44/100|[from] item: Black Sludge
|-ability|p2a: Scolipede|Speed Boost|boost
|-boost|p2a: Scolipede|spe|1
|upkeep
|turn|3
|
|t:|1633371646
|move|p2a: Scolipede|Baton Pass|p2a: Scolipede
|
|t:|1633371651
|switch|p2a: Vaporeon|Vaporeon, F, shiny|100/100|[from]move: Baton Pass
|move|p1a: Pheromosa|Drill Run|p2a: Vaporeon
|-damage|p2a: Vaporeon|75/100
|
|-heal|p2a: Vaporeon|81/100|[from] item: Leftovers
|upkeep
|turn|4
|
|t:|1633371660
|move|p1a: Pheromosa|Poison Jab|p2a: Vaporeon
|-damage|p2a: Vaporeon|55/100
|move|p2a: Vaporeon|Substitute|p2a: Vaporeon
|-start|p2a: Vaporeon|Substitute
|-damage|p2a: Vaporeon|30/100
|
|-heal|p2a: Vaporeon|36/100|[from] item: Leftovers
|upkeep
|turn|5
|
|t:|1633371670
|move|p1a: Pheromosa|Poison Jab|p2a: Vaporeon
|-end|p2a: Vaporeon|Substitute
|move|p2a: Vaporeon|Baton Pass|p2a: Vaporeon
|
|t:|1633371675
|switch|p2a: Smeargle|Smeargle, M, shiny|100/100|[from]move: Baton Pass
|
|upkeep
|turn|6
|
|t:|1633371680
|move|p2a: Smeargle|Spore|p1a: Pheromosa
|-status|p1a: Pheromosa|slp|[from] move: Spore
|cant|p1a: Pheromosa|slp
|
|upkeep
|turn|7
|
|t:|1633371686
|move|p2a: Smeargle|Shell Smash|p2a: Smeargle
|-unboost|p2a: Smeargle|def|1
|-unboost|p2a: Smeargle|spd|1
|-boost|p2a: Smeargle|atk|2
|-boost|p2a: Smeargle|spa|2
|-boost|p2a: Smeargle|spe|2
|cant|p1a: Pheromosa|slp
|
|upkeep
|turn|8
|
|t:|1633371694
|move|p2a: Smeargle|Shell Smash|p2a: Smeargle
|-unboost|p2a: Smeargle|def|1
|-unboost|p2a: Smeargle|spd|1
|-boost|p2a: Smeargle|atk|2
|-boost|p2a: Smeargle|spa|2
|-boost|p2a: Smeargle|spe|2
|cant|p1a: Pheromosa|slp
|
|upkeep
|turn|9
|
|t:|1633371703
|move|p2a: Smeargle|Shell Smash|p2a: Smeargle
|-unboost|p2a: Smeargle|def|1
|-unboost|p2a: Smeargle|spd|1
|-boost|p2a: Smeargle|atk|2
|-boost|p2a: Smeargle|spa|2
|-boost|p2a: Smeargle|spe|0
|-curestatus|p1a: Pheromosa|slp|[msg]
|move|p1a: Pheromosa|Drill Run|p2a: Smeargle
|-crit|p2a: Smeargle
|-enditem|p2a: Smeargle|Focus Sash
|-damage|p2a: Smeargle|1/100
|
|upkeep
|turn|10
|
|t:|1633371716
|move|p2a: Smeargle|Spore|p1a: Pheromosa
|-status|p1a: Pheromosa|slp|[from] move: Spore
|cant|p1a: Pheromosa|slp
|
|upkeep
|turn|11
|
|t:|1633371723
|move|p2a: Smeargle|Baton Pass|p2a: Smeargle
|
|t:|1633371724
|switch|p2a: Mew|Mew, shiny|100/100|[from]move: Baton Pass
|-enditem|p2a: Mew|White Herb
|-clearnegativeboost|p2a: Mew|[silent]
|cant|p1a: Pheromosa|slp
|
|upkeep
|turn|12
|
|t:|1633371732
|move|p2a: Mew|Barrier|p2a: Mew
|-boost|p2a: Mew|def|2
|-curestatus|p1a: Pheromosa|slp|[msg]
|move|p1a: Pheromosa|High Jump Kick|p2a: Mew
|-resisted|p2a: Mew
|-damage|p2a: Mew|88/100
|
|upkeep
|turn|13
|
|t:|1633371741
|move|p2a: Mew|Barrier|p2a: Mew
|-boost|p2a: Mew|def|2
|move|p1a: Pheromosa|U-turn|p2a: Mew
|-supereffective|p2a: Mew
|-damage|p2a: Mew|69/100
|
|t:|1633371746
|switch|p1a: Weavile|Weavile, M|100/100|[from]move: U-turn
|-ability|p1a: Weavile|Pressure
|
|upkeep
|turn|14
|
|t:|1633371753
|move|p1a: Weavile|Fake Out|p2a: Mew
|-damage|p2a: Mew|66/100
|cant|p2a: Mew|flinch
|
|upkeep
|turn|15
|
|t:|1633371759
|move|p2a: Mew|Roost|p2a: Mew
|-heal|p2a: Mew|100/100
|-singleturn|p2a: Mew|move: Roost
|move|p1a: Weavile|Night Slash|p2a: Mew
|-supereffective|p2a: Mew
|-damage|p2a: Mew|83/100
|
|upkeep
|turn|16
|
|t:|1633371766
|move|p2a: Mew|Barrier|p2a: Mew
|-boost|p2a: Mew|def|2
|move|p1a: Weavile|Night Slash|p2a: Mew
|-supereffective|p2a: Mew
|-crit|p2a: Mew
|-damage|p2a: Mew|9/100
|
|upkeep
|turn|17
|
|t:|1633371774
|move|p1a: Weavile|Ice Shard|p2a: Mew
|-damage|p2a: Mew|5/100
|move|p2a: Mew|Roost|p2a: Mew
|-heal|p2a: Mew|55/100
|-singleturn|p2a: Mew|move: Roost
|
|upkeep
|turn|18
|
|t:|1633371783
|move|p2a: Mew|Roost|p2a: Mew
|-heal|p2a: Mew|100/100
|-singleturn|p2a: Mew|move: Roost
|move|p1a: Weavile|Night Slash|p2a: Mew
|-supereffective|p2a: Mew
|-damage|p2a: Mew|88/100
|
|upkeep
|turn|19
|
|t:|1633371791
|move|p2a: Mew|Amnesia|p2a: Mew
|-boost|p2a: Mew|spd|2
|move|p1a: Weavile|Night Slash|p2a: Mew
|-supereffective|p2a: Mew
|-crit|p2a: Mew
|-damage|p2a: Mew|11/100
|
|upkeep
|turn|20
|
|t:|1633371798
|move|p2a: Mew|Baton Pass|p2a: Mew
|
|t:|1633371800
|switch|p2a: Krookodile|Krookodile, F|100/100|[from]move: Baton Pass
|move|p1a: Weavile|Night Slash|p2a: Krookodile
|-resisted|p2a: Krookodile
|-crit|p2a: Krookodile
|-damage|p2a: Krookodile|66/100
|
|upkeep
|turn|21
|
|t:|1633371809
|move|p2a: Krookodile|Power Trip|p1a: Weavile
|-resisted|p1a: Weavile
|-damage|p1a: Weavile|0 fnt
|faint|p1a: Weavile
|
|upkeep
|
|t:|1633371820
|switch|p1a: Pheromosa|Pheromosa, shiny|68/100
|turn|22
|
|t:|1633371826
|move|p2a: Krookodile|Power Trip|p1a: Pheromosa
|-resisted|p1a: Pheromosa
|-damage|p1a: Pheromosa|0 fnt
|faint|p1a: Pheromosa
|
|upkeep
|
|t:|1633371833
|switch|p1a: Zacian|Zacian-Crowned|100/100
|-ability|p1a: Zacian|Intrepid Sword|boost
|-boost|p1a: Zacian|atk|1
|turn|23
|
|t:|1633371842
|move|p2a: Krookodile|Power Trip|p1a: Zacian
|-resisted|p1a: Zacian
|-damage|p1a: Zacian|0 fnt
|faint|p1a: Zacian
|
|upkeep
|
|t:|1633371852
|switch|p1a: Cinderace|Cinderace, M|100/100
|turn|24
|
|t:|1633371860
|-start|p1a: Cinderace|Dynamax
|-formechange|p1a: Cinderace|Cinderace-Gmax
|-heal|p1a: Cinderace|100/100|[silent]
|move|p2a: Krookodile|Power Trip|p1a: Cinderace
|-damage|p1a: Cinderace|0 fnt
|faint|p1a: Cinderace
|
|upkeep
|
|t:|1633371869
|switch|p1a: Salamence|Salamence, F|100/100
|-ability|p1a: Salamence|Intimidate|boost
|-unboost|p2a: Krookodile|atk|1
|turn|25
|
|t:|1633371878
|detailschange|p1a: Salamence|Salamence-Mega, F
|-mega|p1a: Salamence|Salamence|Salamencite
|move|p2a: Krookodile|Power Trip|p1a: Salamence
|-damage|p1a: Salamence|0 fnt
|faint|p1a: Salamence
|-ability|p2a: Krookodile|Moxie|boost
|-boost|p2a: Krookodile|atk|1
|
|upkeep
|-message|Aarsh2601 forfeited.
|
|win|MegaTygnonGucci
|raw|Aarsh2601's rating: 1370 &rarr; <strong>1347</strong><br />(-23 for losing)
|raw|MegaTygnonGucci's rating: 1322 &rarr; <strong>1345</strong><br />(+23 for winning)
|l|☆Aarsh2601
