|j|☆876ModernDayNinja
|j|☆iroeweuio
|t:|1662503172
|gametype|singles
|player|p1|876ModernDayNinja|shadowtriad|1613
|player|p2|iroeweuio|2|1669
|teamsize|p1|6
|teamsize|p2|6
|gen|8
|tier|[Gen 8] National Dex AG
|rated|
|rule|HP Percentage Mod: HP is shown in percentages
|rule|Endless Battle Clause: Forcing endless battles is banned
|clearpoke
|poke|p1|Arceus-*|
|poke|p1|Groudon|
|poke|p1|Chansey, F|
|poke|p1|Marshadow|
|poke|p1|Necrozma-Dusk-Mane|
|poke|p1|Giratina-Origin|
|poke|p2|Chatot, F|
|poke|p2|Weavile, F|
|poke|p2|Giratina-Origin|
|poke|p2|Ditto|
|poke|p2|Breloom, M|
|poke|p2|Wobbuffet, M|
|teampreview
|c|☆876ModernDayNinja|love thw wobbufet
|c|☆iroeweuio|ty
|
|t:|1662503195
|start
|switch|p1a: Groudon|Groudon|100/100
|switch|p2a: Weavile|Weavile, F|100/100
|-ability|p2a: Weavile|Pressure
|detailschange|p1a: Groudon|Groudon-Primal
|-primal|p1a: Groudon
|-weather|DesolateLand|[from] ability: Desolate Land|[of] p1a: Groudon
|turn|1
|
|t:|1662503200
|move|p2a: Weavile|Assist|p2a: Weavile
|move|p2a: Weavile|Spore|p1a: Groudon|[from]move: Assist
|-status|p1a: Groudon|slp|[from] move: Spore
|cant|p1a: Groudon|slp
|
|-weather|DesolateLand|[upkeep]
|upkeep
|turn|2
|c|☆876ModernDayNinja|!dt assist
|raw|<ul class="utilichart"><li class="result"><span class="col movenamecol"><a href="https://dex.pokemonshowdown.com/moves/assist">Assist</a></span> <span class="col typecol"><img src="//play.pokemonshowdown.com/sprites/types/Normal.png" alt="Normal" width="32" height="14"><img src="//play.pokemonshowdown.com/sprites/categories/Status.png" alt="Status" width="32" height="14"></span> <span class="col widelabelcol"><em>Accuracy</em><br>—</span> <span class="col pplabelcol"><em>PP</em><br>32</span> <span class="col movedesccol">Uses a random move known by a team member.</span> </li><li style="clear:both"></li></ul>
|raw|<font size="1"><font color="#686868">Priority:</font> 0&nbsp;|&ThickSpace;<font color="#686868">Gen:</font> 3&nbsp;|&ThickSpace;&#10007; Past Gens Only&nbsp;|&ThickSpace;<font color="#686868">Z-Effect:</font> None&nbsp;|&ThickSpace;<font color="#686868">Target:</font> User</font>

|
|t:|1662503232
|move|p2a: Weavile|Substitute|p2a: Weavile
|-start|p2a: Weavile|Substitute
|-damage|p2a: Weavile|76/100
|-curestatus|p1a: Groudon|slp|[msg]
|move|p1a: Groudon|Stealth Rock|p2a: Weavile
|-sidestart|p2: iroeweuio|move: Stealth Rock
|
|-weather|DesolateLand|[upkeep]
|-heal|p2a: Weavile|82/100|[from] item: Leftovers
|upkeep
|turn|3
|
|t:|1662503238
|move|p2a: Weavile|Assist|p2a: Weavile
|move|p2a: Weavile|Spore|p1a: Groudon|[from]move: Assist
|-status|p1a: Groudon|slp|[from] move: Spore
|cant|p1a: Groudon|slp
|
|-weather|DesolateLand|[upkeep]
|-heal|p2a: Weavile|88/100|[from] item: Leftovers
|upkeep
|turn|4
|c|☆876ModernDayNinja|what
|c|☆876ModernDayNinja|how
|c|☆876ModernDayNinja|its not luck
|
|t:|1662503262
|move|p2a: Weavile|Triple Axel|p1a: Groudon
|-damage|p1a: Groudon|95/100 slp
|-damage|p1a: Groudon|85/100 slp
|-damage|p1a: Groudon|69/100 slp
|-hitcount|p1a: Groudon|3
|-curestatus|p1a: Groudon|slp|[msg]
|move|p1a: Groudon|Heat Crash|p2a: Weavile
|-supereffective|p2a: Weavile
|-end|p2a: Weavile|Substitute
|
|-weather|DesolateLand|[upkeep]
|-heal|p2a: Weavile|94/100|[from] item: Leftovers
|upkeep
|turn|5
|
|t:|1662503286
|move|p2a: Weavile|Assist|p2a: Weavile
|move|p2a: Weavile|Spore|p1a: Groudon|[from]move: Assist
|-status|p1a: Groudon|slp|[from] move: Spore
|cant|p1a: Groudon|slp
|
|-weather|DesolateLand|[upkeep]
|-heal|p2a: Weavile|99/100|[from] item: Leftovers
|upkeep
|turn|6
|
|t:|1662503292
|move|p2a: Weavile|Substitute|p2a: Weavile
|-start|p2a: Weavile|Substitute
|-damage|p2a: Weavile|75/100
|cant|p1a: Groudon|slp
|
|-weather|DesolateLand|[upkeep]
|-heal|p2a: Weavile|81/100|[from] item: Leftovers
|upkeep
|turn|7
|
|t:|1662503298
|move|p2a: Weavile|Triple Axel|p1a: Groudon
|-damage|p1a: Groudon|63/100 slp
|-crit|p1a: Groudon
|-damage|p1a: Groudon|46/100 slp
|-damage|p1a: Groudon|29/100 slp
|-hitcount|p1a: Groudon|3
|cant|p1a: Groudon|slp
|
|-weather|DesolateLand|[upkeep]
|-heal|p2a: Weavile|87/100|[from] item: Leftovers
|upkeep
|turn|8
|
|t:|1662503308
|move|p2a: Weavile|Triple Axel|p1a: Groudon
|-damage|p1a: Groudon|24/100 slp
|-damage|p1a: Groudon|13/100 slp
|-crit|p1a: Groudon
|-damage|p1a: Groudon|0 fnt
|faint|p1a: Groudon
|-weather|none
|-hitcount|p1: Groudon|3
|
|-heal|p2a: Weavile|93/100|[from] item: Leftovers
|upkeep
|
|t:|1662503331
|switch|p1a: Necrozma|Necrozma-Dusk-Mane|100/100
|turn|9
|
|t:|1662503335
|move|p2a: Weavile|Assist|p2a: Weavile
|move|p2a: Weavile|Spore|p1a: Necrozma|[from]move: Assist
|-status|p1a: Necrozma|slp|[from] move: Spore
|cant|p1a: Necrozma|slp
|
|-heal|p2a: Weavile|99/100|[from] item: Leftovers
|upkeep
|turn|10
|
|t:|1662503340
|move|p2a: Weavile|Triple Axel|p1a: Necrozma
|-resisted|p1a: Necrozma
|-damage|p1a: Necrozma|98/100 slp
|-resisted|p1a: Necrozma
|-damage|p1a: Necrozma|93/100 slp
|-resisted|p1a: Necrozma
|-damage|p1a: Necrozma|85/100 slp
|-hitcount|p1a: Necrozma|3
|cant|p1a: Necrozma|slp
|
|-heal|p2a: Weavile|100/100|[from] item: Leftovers
|-heal|p1a: Necrozma|91/100 slp|[from] item: Leftovers
|upkeep
|turn|11
|
|t:|1662503360
|move|p2a: Weavile|Triple Axel|p1a: Necrozma
|-resisted|p1a: Necrozma
|-damage|p1a: Necrozma|89/100 slp
|-resisted|p1a: Necrozma
|-crit|p1a: Necrozma
|-damage|p1a: Necrozma|81/100 slp
|-resisted|p1a: Necrozma
|-damage|p1a: Necrozma|74/100 slp
|-hitcount|p1a: Necrozma|3
|-curestatus|p1a: Necrozma|slp|[msg]
|move|p1a: Necrozma|Sunsteel Strike|p2a: Weavile
|-supereffective|p2a: Weavile
|-end|p2a: Weavile|Substitute
|
|-heal|p1a: Necrozma|80/100|[from] item: Leftovers
|upkeep
|turn|12
|
|t:|1662503376
|move|p2a: Weavile|Assist|p2a: Weavile
|move|p2a: Weavile|Spore|p1a: Necrozma|[from]move: Assist
|-status|p1a: Necrozma|slp|[from] move: Spore
|cant|p1a: Necrozma|slp
|
|-heal|p1a: Necrozma|86/100 slp|[from] item: Leftovers
|upkeep
|turn|13
|
|t:|1662503383
|move|p2a: Weavile|Substitute|p2a: Weavile
|-start|p2a: Weavile|Substitute
|-damage|p2a: Weavile|76/100
|cant|p1a: Necrozma|slp
|
|-heal|p2a: Weavile|82/100|[from] item: Leftovers
|-heal|p1a: Necrozma|92/100 slp|[from] item: Leftovers
|upkeep
|turn|14
|
|t:|1662503391
|move|p2a: Weavile|Swords Dance|p2a: Weavile
|-boost|p2a: Weavile|atk|2
|cant|p1a: Necrozma|slp
|
|-heal|p2a: Weavile|88/100|[from] item: Leftovers
|-heal|p1a: Necrozma|98/100 slp|[from] item: Leftovers
|upkeep
|turn|15
|
|t:|1662503407
|move|p2a: Weavile|Swords Dance|p2a: Weavile
|-boost|p2a: Weavile|atk|2
|-curestatus|p1a: Necrozma|slp|[msg]
|move|p1a: Necrozma|Knock Off|p2a: Weavile
|-resisted|p2a: Weavile
|-end|p2a: Weavile|Substitute
|
|-heal|p2a: Weavile|94/100|[from] item: Leftovers
|-heal|p1a: Necrozma|100/100|[from] item: Leftovers
|upkeep
|turn|16
|
|t:|1662503419
|switch|p1a: Chansey|Chansey, F|100/100
|move|p2a: Weavile|Assist|p2a: Weavile
|move|p2a: Weavile|Spore|p1a: Chansey|[from]move: Assist
|-status|p1a: Chansey|slp|[from] move: Spore
|
|-heal|p2a: Weavile|99/100|[from] item: Leftovers
|upkeep
|turn|17
|
|t:|1662503433
|-curestatus|p1a: Chansey|slp|[from] ability: Natural Cure
|switch|p1a: Marshadow|Marshadow|100/100
|move|p2a: Weavile|Assist|p2a: Weavile
|move|p2a: Weavile|Spore|p1a: Marshadow|[from]move: Assist
|-status|p1a: Marshadow|slp|[from] move: Spore
|
|-heal|p2a: Weavile|100/100|[from] item: Leftovers
|upkeep
|turn|18
|
|t:|1662503460
|move|p2a: Weavile|Triple Axel|p1a: Marshadow
|-damage|p1a: Marshadow|63/100 slp
|-damage|p1a: Marshadow|0 fnt
|faint|p1a: Marshadow
|-hitcount|p1: Marshadow|2
|
|upkeep
|-message|876ModernDayNinja forfeited.
|
|win|iroeweuio
|raw|876ModernDayNinja's rating: 1613 &rarr; <strong>1596</strong><br />(-17 for losing)
|raw|iroeweuio's rating: 1669 &rarr; <strong>1686</strong><br />(+17 for winning)
|l|☆876ModernDayNinja
||Ladder isn't responding, score probably updated but might not have (Request timeout).
