|j|☆85792195wwww
|j|☆Onoufrios
|player|p1|85792195wwww|lady|1675
|player|p2|Onoufrios|psychic-gen4|1793
|teamsize|p1|6
|teamsize|p2|6
|gametype|singles
|gen|8
|tier|[Gen 8] National Dex AG
|rated|
|clearpoke
|poke|p1|Yveltal|
|poke|p1|Rayquaza|
|poke|p1|Zacian-Crowned|
|poke|p1|Arceus-*|
|poke|p1|Eternatus|
|poke|p1|Ditto|
|poke|p2|Necrozma-Dusk-Mane|
|poke|p2|Arceus-*|
|poke|p2|Xerneas|
|poke|p2|Zacian-Crowned|
|poke|p2|Lugia|
|poke|p2|Yveltal|
|rule|HP Percentage Mod: HP is shown in percentages
|rule|Endless Battle Clause: Forcing endless battles is banned
|teampreview
|inactive|Battle timer is ON: inactive players will automatically lose when time's up. (requested by 85792195wwww)
|inactive|Onoufrios has 120 seconds left.
|
|start
|switch|p1a: Eternatus|Eternatus|100/100
|switch|p2a: Necrozma|Necrozma-Dusk-Mane|100/100
|-ability|p1a: Eternatus|Pressure
|turn|1
|
|detailschange|p2a: Necrozma|Necrozma-Ultra
|-burst|p2a: Necrozma|Necrozma|Ultranecrozium Z
|move|p1a: Eternatus|Flamethrower|p2a: Necrozma
|-resisted|p2a: Necrozma
|-damage|p2a: Necrozma|85/100
|move|p2a: Necrozma|Dragon Dance|p2a: Necrozma
|-boost|p2a: Necrozma|atk|1
|-boost|p2a: Necrozma|spe|1
|
|upkeep
|turn|2
|
|move|p2a: Necrozma|Photon Geyser|p1a: Eternatus
|-supereffective|p1a: Eternatus
|-enditem|p1a: Eternatus|Focus Sash
|-damage|p1a: Eternatus|1/100
|move|p1a: Eternatus|Dynamax Cannon|p2a: Necrozma
|-supereffective|p2a: Necrozma
|-damage|p2a: Necrozma|0 fnt
|faint|p2a: Necrozma
|
|upkeep
|inactive|Onoufrios has 120 seconds left.
|
|switch|p2a: Xerneas|Xerneas|100/100
|-ability|p2a: Xerneas|Fairy Aura
|turn|3
|
|move|p1a: Eternatus|Toxic|p2a: Xerneas
|-status|p2a: Xerneas|tox
|move|p2a: Xerneas|Geomancy||[still]
|-prepare|p2a: Xerneas|Geomancy|p2a: Xerneas
|-enditem|p2a: Xerneas|Power Herb
|-anim|p2a: Xerneas|Geomancy|p2a: Xerneas
|-boost|p2a: Xerneas|spa|2
|-boost|p2a: Xerneas|spd|2
|-boost|p2a: Xerneas|spe|2
|
|-damage|p2a: Xerneas|94/100 tox|[from] psn
|upkeep
|turn|4
|
|move|p2a: Xerneas|Moonblast|p1a: Eternatus
|-crit|p1a: Eternatus
|-damage|p1a: Eternatus|0 fnt
|faint|p1a: Eternatus
|
|-damage|p2a: Xerneas|82/100 tox|[from] psn
|upkeep
|
|switch|p1a: Ditto|Ditto|100/100
|-transform|p1a: Ditto|p2a: Xerneas|[from] ability: Imposter
|-ability|p1a: Ditto|Fairy Aura
|turn|5
|
|-start|p2a: Xerneas|Dynamax
|-heal|p2a: Xerneas|82/100 tox|[silent]
|move|p1a: Ditto|Moonblast|p2a: Xerneas
|-damage|p2a: Xerneas|57/100 tox
|-unboost|p2a: Xerneas|spa|1
|move|p2a: Xerneas|Max Starfall|p1a: Ditto
|-damage|p1a: Ditto|18/100
|-fieldstart|move: Misty Terrain
|
|-damage|p2a: Xerneas|47/100 tox|[from] psn
|upkeep
|turn|6
|
|switch|p1a: Rayquaza|Rayquaza|100/100
|-ability|p1a: Rayquaza|Air Lock
|move|p2a: Xerneas|Max Starfall|p1a: Rayquaza
|-supereffective|p1a: Rayquaza
|-damage|p1a: Rayquaza|0 fnt
|faint|p1a: Rayquaza
|
|-damage|p2a: Xerneas|35/100 tox|[from] psn
|upkeep
|
|switch|p1a: Zacian|Zacian-Crowned|100/100
|-ability|p1a: Zacian|Intrepid Sword|boost
|-boost|p1a: Zacian|atk|1
|turn|7
|inactive|Onoufrios has 120 seconds left.
|
|move|p2a: Xerneas|Max Starfall|p1a: Zacian
|-resisted|p1a: Zacian
|-damage|p1a: Zacian|36/100
|move|p1a: Zacian|Behemoth Blade|p2a: Xerneas
|-supereffective|p2a: Xerneas
|-damage|p2a: Xerneas|0 fnt
|faint|p2a: Xerneas
|
|upkeep
|inactive|Onoufrios has 90 seconds left.
|
|switch|p2a: Zacian|Zacian-Crowned|100/100
|-ability|p2a: Zacian|Intrepid Sword|boost
|-boost|p2a: Zacian|atk|1
|turn|8
|
|move|p1a: Zacian|Behemoth Blade|p2a: Zacian
|-damage|p2a: Zacian|10/100
|move|p2a: Zacian|Behemoth Blade|p1a: Zacian
|-damage|p1a: Zacian|0 fnt
|faint|p1a: Zacian
|
|upkeep
|
|switch|p1a: Ditto|Ditto|18/100
|-transform|p1a: Ditto|p2a: Zacian|[from] ability: Imposter
|-ability|p1a: Ditto|Intrepid Sword|boost
|-boost|p1a: Ditto|atk|1
|turn|9
|inactive|Onoufrios has 90 seconds left.
|
|switch|p2a: Yveltal|Yveltal|100/100
|-ability|p2a: Yveltal|Dark Aura
|move|p1a: Ditto|Behemoth Blade|p2a: Yveltal
|-damage|p2a: Yveltal|0 fnt
|faint|p2a: Yveltal
|
|-fieldend|Misty Terrain
|upkeep
|inactive|Onoufrios has 60 seconds left.
|
|switch|p2a: Arceus|Arceus|100/100
|turn|10
|inactive|Onoufrios has 60 seconds left.
|
|move|p2a: Arceus|Extreme Speed|p1a: Ditto
|-resisted|p1a: Ditto
|-damage|p1a: Ditto|0 fnt
|faint|p1a: Ditto
|
|upkeep
|
|switch|p1a: Arceus|Arceus|100/100
|turn|11
|
|switch|p2a: Lugia|Lugia|100/100
|move|p1a: Arceus|Swords Dance|p1a: Arceus
|-boost|p1a: Arceus|atk|2
|
|upkeep
|turn|12
|
|move|p1a: Arceus|Shadow Claw|p2a: Lugia
|-supereffective|p2a: Lugia
|-damage|p2a: Lugia|67/100
|-damage|p1a: Arceus|91/100|[from] item: Life Orb
|move|p2a: Lugia|Thunder Wave|p1a: Arceus
|-status|p1a: Arceus|par
|
|upkeep
|turn|13
|
|move|p1a: Arceus|Extreme Speed|p2a: Lugia
|-damage|p2a: Lugia|13/100
|-damage|p1a: Arceus|81/100 par|[from] item: Life Orb
|move|p2a: Lugia|Whirlwind|p1a: Arceus
|drag|p1a: Yveltal|Yveltal|100/100
|-ability|p1a: Yveltal|Dark Aura
|
|upkeep
|turn|14
|
|-start|p1a: Yveltal|Dynamax
|-heal|p1a: Yveltal|100/100|[silent]
|move|p1a: Yveltal|Max Airstream|p2a: Lugia
|-damage|p2a: Lugia|0 fnt
|-boost|p1a: Yveltal|spe|1
|faint|p2a: Lugia
|
|upkeep
|inactive|Onoufrios has 60 seconds left.
|
|switch|p2a: Zacian|Zacian-Crowned|10/100
|-ability|p2a: Zacian|Intrepid Sword|boost
|-boost|p2a: Zacian|atk|1
|turn|15
|inactive|Onoufrios has 60 seconds left.
|
|move|p1a: Yveltal|Max Darkness|p2a: Zacian
|-resisted|p2a: Zacian
|-damage|p2a: Zacian|0 fnt
|faint|p2a: Zacian
|
|upkeep
|inactive|Onoufrios has 60 seconds left.
|
|switch|p2a: Arceus|Arceus|100/100
|turn|16
|
|move|p1a: Yveltal|Max Darkness|p2a: Arceus
|-damage|p2a: Arceus|15/100
|-unboost|p2a: Arceus|spd|1
|move|p2a: Arceus|Swords Dance|p2a: Arceus
|-boost|p2a: Arceus|atk|2
|
|-end|p1a: Yveltal|Dynamax
|-heal|p1a: Yveltal|100/100|[silent]
|upkeep
|turn|17
|
|move|p2a: Arceus|Extreme Speed|p1a: Yveltal
|-damage|p1a: Yveltal|4/100
|move|p1a: Yveltal|Dark Pulse|p2a: Arceus
|-crit|p2a: Arceus
|-damage|p2a: Arceus|0 fnt
|faint|p2a: Arceus
|
|win|85792195wwww
