|j|☆rorschach reaper
|j|☆jlsdfhpjksdhfni
|t:|1666893900
|gametype|singles
|player|p1|rorschach reaper|roxanne|1740
|player|p2|jlsdfhpjksdhfni|1|1789
|teamsize|p1|6
|teamsize|p2|6
|gen|8
|tier|[Gen 8] National Dex AG
|rated|
|rule|HP Percentage Mod: HP is shown in percentages
|rule|Endless Battle Clause: Forcing endless battles is banned
|clearpoke
|poke|p1|Victini|
|poke|p1|Zekrom|
|poke|p1|Landorus-Therian, M|
|poke|p1|Necrozma-Dusk-Mane|
|poke|p1|Diancie|
|poke|p1|Arceus-*|
|poke|p2|Eternatus|
|poke|p2|Necrozma-Dusk-Mane|
|poke|p2|Ho-Oh|
|poke|p2|Arceus-*|
|poke|p2|Gengar, F|
|poke|p2|Arceus-*|
|teampreview
|c|☆rorschach reaper|hmm
|c|☆jlsdfhpjksdhfni|look at all the hot mons
|c|☆rorschach reaper|based
|c|☆jlsdfhpjksdhfni|based ctc the goat
|
|t:|1666893949
|start
|switch|p1a: here you die|Landorus-Therian, M|100/100
|switch|p2a: Gengar|Gengar, F|100/100
|-ability|p1a: here you die|Intimidate|boost
|-unboost|p2a: Gengar|atk|1
|turn|1
|
|t:|1666893956
|switch|p1a: still nobody here|Arceus-Dark|100/100
|detailschange|p2a: Gengar|Gengar-Mega, F
|-mega|p2a: Gengar|Gengar|Gengarite
|move|p2a: Gengar|Substitute|p2a: Gengar
|-start|p2a: Gengar|Substitute
|-damage|p2a: Gengar|76/100
|
|upkeep
|turn|2
|
|t:|1666893961
|move|p2a: Gengar|Perish Song|p2a: Gengar
|-start|p1a: still nobody here|perish3|[silent]
|-start|p2a: Gengar|perish3|[silent]
|-fieldactivate|move: Perish Song
|move|p1a: still nobody here|Stealth Rock|p2a: Gengar
|-sidestart|p2: jlsdfhpjksdhfni|move: Stealth Rock
|
|-start|p2a: Gengar|perish3
|-start|p1a: still nobody here|perish3
|upkeep
|turn|3
|
|t:|1666893966
|move|p2a: Gengar|Encore|p1a: still nobody here
|-start|p1a: still nobody here|Encore
|move|p1a: still nobody here|Stealth Rock||[still]
|-fail|p1a: still nobody here
|
|-start|p2a: Gengar|perish2
|-start|p1a: still nobody here|perish2
|upkeep
|turn|4
|j| RRRRRRRRRRRRRex
|
|t:|1666893975
|move|p2a: Gengar|Substitute|p2a: Gengar
|-fail|p2a: Gengar|move: Substitute
|move|p1a: still nobody here|Stealth Rock||[still]
|-fail|p1a: still nobody here
|
|-start|p2a: Gengar|perish1
|-start|p1a: still nobody here|perish1
|upkeep
|turn|5
|
|t:|1666893993
|switch|p2a: Eternatus|Eternatus|100/100
|-damage|p2a: Eternatus|88/100|[from] Stealth Rock
|-ability|p2a: Eternatus|Pressure
|move|p1a: still nobody here|Stealth Rock||[still]
|-fail|p1a: still nobody here
|
|-heal|p2a: Eternatus|94/100|[from] item: Black Sludge
|-end|p1a: still nobody here|Encore
|-start|p1a: still nobody here|perish0
|upkeep
|faint|p1a: still nobody here
|
|t:|1666894000
|switch|p1a: stand in your way|Necrozma-Dusk-Mane|100/100
|turn|6
|
|t:|1666894014
|move|p2a: Eternatus|Flamethrower|p1a: stand in your way
|-supereffective|p1a: stand in your way
|-enditem|p1a: stand in your way|Occa Berry|[eat]
|-enditem|p1a: stand in your way|Occa Berry|[weaken]
|-damage|p1a: stand in your way|85/100
|move|p1a: stand in your way|Thunder Wave|p2a: Eternatus
|-status|p2a: Eternatus|par
|
|-heal|p2a: Eternatus|99/100 par|[from] item: Black Sludge
|upkeep
|turn|7
|c|☆jlsdfhpjksdhfni|huh
|c|☆rorschach reaper|for vcreate
|
|t:|1666894032
|move|p1a: stand in your way|Sunsteel Strike|p2a: Eternatus
|-damage|p2a: Eternatus|57/100 par
|move|p2a: Eternatus|Toxic Spikes|p1a: stand in your way
|-sidestart|p1: rorschach reaper|move: Toxic Spikes
|
|-heal|p2a: Eternatus|63/100 par|[from] item: Black Sludge
|upkeep
|turn|8
|
|t:|1666894038
|switch|p1a: here you die|Landorus-Therian, M|100/100
|-ability|p1a: here you die|Intimidate|boost
|-unboost|p2a: Eternatus|atk|1
|move|p2a: Eternatus|Recover|p2a: Eternatus
|-heal|p2a: Eternatus|100/100 par
|
|upkeep
|turn|9
|
|t:|1666894047
|switch|p2a: Arceus|Arceus-Dragon|100/100
|-damage|p2a: Arceus|88/100|[from] Stealth Rock
|move|p1a: here you die|Swords Dance|p1a: here you die
|-boost|p1a: here you die|atk|2
|
|upkeep
|turn|10
|
|t:|1666894050
|-start|p1a: here you die|Dynamax|
|-heal|p1a: here you die|100/100|[silent]
|move|p2a: Arceus|Will-O-Wisp|p1a: here you die
|-status|p1a: here you die|brn
|move|p1a: here you die|Max Airstream|p2a: Arceus
|-damage|p2a: Arceus|40/100
|-boost|p1a: here you die|spe|1
|
|-damage|p1a: here you die|97/100 brn|[from] brn
|upkeep
|turn|11
|
|t:|1666894068
|switch|p2a: Ho-Oh|Ho-Oh|100/100
|move|p1a: here you die|Max Airstream|p2a: Ho-Oh
|-damage|p2a: Ho-Oh|51/100
|-boost|p1a: here you die|spe|1
|
|-damage|p1a: here you die|94/100 brn|[from] brn
|upkeep
|turn|12
|
|t:|1666894079
|switch|p2a: Eternatus|Eternatus|100/100 par
|-damage|p2a: Eternatus|88/100 par|[from] Stealth Rock
|-ability|p2a: Eternatus|Pressure
|move|p1a: here you die|Max Airstream|p2a: Eternatus
|-damage|p2a: Eternatus|29/100 par
|-boost|p1a: here you die|spe|1
|
|-heal|p2a: Eternatus|35/100 par|[from] item: Black Sludge
|-damage|p1a: here you die|91/100 brn|[from] brn
|upkeep
|-end|p1a: here you die|Dynamax
|-heal|p1a: here you die|91/100 brn|[silent]
|turn|13
|
|t:|1666894087
|switch|p2a: Ho-Oh|Ho-Oh|84/100
|move|p1a: here you die|Swords Dance|p1a: here you die
|-boost|p1a: here you die|atk|2
|
|-damage|p1a: here you die|85/100 brn|[from] brn
|upkeep
|turn|14
|
|t:|1666894094
|move|p1a: here you die|Fly||[still]
|-prepare|p1a: here you die|Fly
|move|p2a: Ho-Oh|Sacred Fire|p1a: here you die|[miss]
|-miss|p2a: Ho-Oh|p1a: here you die
|
|-damage|p1a: here you die|79/100 brn|[from] brn
|upkeep
|turn|15
|
|t:|1666894101
|switch|p2a: Necrozma|Necrozma-Dusk-Mane|100/100
|-damage|p2a: Necrozma|94/100|[from] Stealth Rock
|move|p1a: here you die|Fly|p2a: Necrozma|[from]lockedmove
|-resisted|p2a: Necrozma
|-damage|p2a: Necrozma|74/100
|-damage|p1a: here you die|62/100 brn|[from] item: Rocky Helmet|[of] p2a: Necrozma
|
|-damage|p1a: here you die|56/100 brn|[from] brn
|upkeep
|turn|16
|
|t:|1666894105
|switch|p2a: Ho-Oh|Ho-Oh|100/100
|move|p1a: here you die|Earthquake|p2a: Ho-Oh
|-immune|p2a: Ho-Oh
|
|-damage|p1a: here you die|50/100 brn|[from] brn
|upkeep
|turn|17
|
|t:|1666894108
|move|p1a: here you die|Fly||[still]
|-prepare|p1a: here you die|Fly
|move|p2a: Ho-Oh|Defog|p1a: here you die|[miss]
|-miss|p2a: Ho-Oh|p1a: here you die
|
|-damage|p1a: here you die|44/100 brn|[from] brn
|upkeep
|turn|18
|
|t:|1666894112
|switch|p2a: Necrozma|Necrozma-Dusk-Mane|74/100
|-damage|p2a: Necrozma|68/100|[from] Stealth Rock
|move|p1a: here you die|Fly|p2a: Necrozma|[from]lockedmove
|-resisted|p2a: Necrozma
|-damage|p2a: Necrozma|46/100
|-damage|p1a: here you die|27/100 brn|[from] item: Rocky Helmet|[of] p2a: Necrozma
|
|-damage|p1a: here you die|21/100 brn|[from] brn
|upkeep
|-enditem|p1a: here you die|Aguav Berry|[eat]
|-heal|p1a: here you die|54/100 brn|[from] item: Aguav Berry
|turn|19
|
|t:|1666894121
|move|p1a: here you die|Fly||[still]
|-prepare|p1a: here you die|Fly
|move|p2a: Necrozma|Sunsteel Strike|p1a: here you die|[miss]
|-miss|p2a: Necrozma|p1a: here you die
|
|-damage|p1a: here you die|48/100 brn|[from] brn
|upkeep
|turn|20
|
|t:|1666894126
|move|p1a: here you die|Fly|p2a: Necrozma|[from]lockedmove
|-resisted|p2a: Necrozma
|-crit|p2a: Necrozma
|-damage|p2a: Necrozma|12/100
|-damage|p1a: here you die|31/100 brn|[from] item: Rocky Helmet|[of] p2a: Necrozma
|move|p2a: Necrozma|Morning Sun|p2a: Necrozma
|-heal|p2a: Necrozma|62/100
|
|-damage|p1a: here you die|25/100 brn|[from] brn
|upkeep
|turn|21
|
|t:|1666894131
|switch|p2a: Ho-Oh|Ho-Oh|100/100
|move|p1a: here you die|Earthquake|p2a: Ho-Oh
|-immune|p2a: Ho-Oh
|
|-damage|p1a: here you die|19/100 brn|[from] brn
|upkeep
|turn|22
|
|t:|1666894137
|move|p1a: here you die|Fly||[still]
|-prepare|p1a: here you die|Fly
|move|p2a: Ho-Oh|Sacred Fire|p1a: here you die|[miss]
|-miss|p2a: Ho-Oh|p1a: here you die
|
|-damage|p1a: here you die|13/100 brn|[from] brn
|upkeep
|turn|23
|
|t:|1666894140
|switch|p2a: Necrozma|Necrozma-Dusk-Mane|62/100
|-damage|p2a: Necrozma|56/100|[from] Stealth Rock
|move|p1a: here you die|Fly|p2a: Necrozma|[from]lockedmove
|-resisted|p2a: Necrozma
|-damage|p2a: Necrozma|34/100
|-damage|p1a: here you die|0 fnt|[from] item: Rocky Helmet|[of] p2a: Necrozma
|faint|p1a: here you die
|
|upkeep
|
|t:|1666894144
|switch|p1a: just trying|Diancie, shiny|100/100
|-status|p1a: just trying|psn
|turn|24
|
|t:|1666894151
|switch|p2a: Arceus|Arceus-Dragon|40/100
|-damage|p2a: Arceus|28/100|[from] Stealth Rock
|detailschange|p1a: just trying|Diancie-Mega, shiny
|-mega|p1a: just trying|Diancie|Diancite
|move|p1a: just trying|Substitute|p1a: just trying
|-start|p1a: just trying|Substitute
|-damage|p1a: just trying|76/100 psn
|
|-damage|p1a: just trying|63/100 psn|[from] psn
|upkeep
|turn|25
|
|t:|1666894158
|move|p2a: Arceus|Recover|p2a: Arceus
|-heal|p2a: Arceus|78/100
|move|p1a: just trying|Moonblast|p2a: Arceus
|-supereffective|p2a: Arceus
|-damage|p2a: Arceus|0 fnt
|faint|p2a: Arceus
|
|-damage|p1a: just trying|51/100 psn|[from] psn
|upkeep
|
|t:|1666894172
|switch|p2a: Gengar|Gengar-Mega, F|76/100
|-damage|p2a: Gengar|63/100|[from] Stealth Rock
|turn|26
|
|t:|1666894191
|move|p2a: Gengar|Substitute|p2a: Gengar
|-start|p2a: Gengar|Substitute
|-damage|p2a: Gengar|39/100
|move|p1a: just trying|Earth Power|p2a: Gengar
|-supereffective|p2a: Gengar
|-end|p2a: Gengar|Substitute
|
|-damage|p1a: just trying|39/100 psn|[from] psn
|upkeep
|turn|27
|
|t:|1666894200
|move|p2a: Gengar|Substitute|p2a: Gengar
|-start|p2a: Gengar|Substitute
|-damage|p2a: Gengar|14/100
|move|p1a: just trying|Earth Power|p2a: Gengar
|-supereffective|p2a: Gengar
|-end|p2a: Gengar|Substitute
|
|-damage|p1a: just trying|26/100 psn|[from] psn
|upkeep
|turn|28
|
|t:|1666894202
|move|p2a: Gengar|Destiny Bond|p2a: Gengar
|-singlemove|p2a: Gengar|Destiny Bond
|move|p1a: just trying|Moonblast|p2a: Gengar
|-resisted|p2a: Gengar
|-damage|p2a: Gengar|0 fnt
|faint|p2a: Gengar
|-activate|p2a: Gengar|move: Destiny Bond
|faint|p1a: just trying
|
|upkeep
|
|t:|1666894212
|switch|p2a: Arceus|Arceus-Dark|100/100
|switch|p1a: the real uber|Zekrom|100/100
|-damage|p2a: Arceus|88/100|[from] Stealth Rock
|-status|p1a: the real uber|psn
|-ability|p1a: the real uber|Teravolt
|turn|29
|
|t:|1666894217
|move|p2a: Arceus|Calm Mind|p2a: Arceus
|-boost|p2a: Arceus|spa|1
|-boost|p2a: Arceus|spd|1
|move|p1a: the real uber|Dragon Dance|p1a: the real uber
|-boost|p1a: the real uber|atk|1
|-boost|p1a: the real uber|spe|1
|
|-damage|p1a: the real uber|88/100 psn|[from] psn
|upkeep
|turn|30
|
|t:|1666894220
|-start|p2a: Arceus|Dynamax|
|-heal|p2a: Arceus|88/100|[silent]
|move|p1a: the real uber|Fusion Bolt|p2a: Arceus
|-damage|p2a: Arceus|61/100
|move|p2a: Arceus|Max Darkness|p1a: the real uber
|-damage|p1a: the real uber|0 fnt
|faint|p1a: the real uber
|
|upkeep
|-message|rorschach reaper forfeited.
|
|win|jlsdfhpjksdhfni
|raw|rorschach reaper's rating: 1740 &rarr; <strong>1723</strong><br />(-17 for losing)
|raw|jlsdfhpjksdhfni's rating: 1789 &rarr; <strong>1806</strong><br />(+17 for winning)
|l|☆rorschach reaper
|c|☆jlsdfhpjksdhfni|gg
||Ladder isn't responding, score probably updated but might not have (Request timeout).
|l|☆jlsdfhpjksdhfni
