|j|☆ajwaffles
|j|☆Ike745
|t:|1657257868
|gametype|singles
|player|p1|ajwaffles|karen|
|player|p2|Ike745|265|
|teamsize|p1|6
|teamsize|p2|6
|gen|8
|tier|[Gen 8] National Dex AG
|rule|HP Percentage Mod: HP is shown in percentages
|rule|Endless Battle Clause: Forcing endless battles is banned
|clearpoke
|poke|p1|Snorlax, M|
|poke|p1|Milotic, F|
|poke|p1|Yveltal|
|poke|p1|Mewtwo|
|poke|p1|Sylveon, F|
|poke|p1|Nidoking, M|
|poke|p2|Calyrex-Shadow|
|poke|p2|Tapu Lele|
|poke|p2|Rillaboom, M|
|poke|p2|Ferrothorn, M|
|poke|p2|Blissey, F|
|poke|p2|Mamoswine, M|
|teampreview
|j| Marshadow Marchers
|j| ShiftySwamps1
|c|☆ajwaffles|Really wanted to use Nido and Sylv haha good luck!
|j| sean1445645
|c|☆Ike745|thanks, u too
|
|t:|1657257924
|start
|switch|p1a: Leonidas|Nidoking, M|100/100
|switch|p2a: Tapu Lele|Tapu Lele, shiny|100/100
|-fieldstart|move: Psychic Terrain|[from] ability: Psychic Surge|[of] p2a: Tapu Lele
|turn|1
|
|t:|1657258029
|switch|p1a: Suzie Q|Sylveon, F|100/100
|move|p2a: Tapu Lele|Psyshock|p1a: Suzie Q
|-damage|p1a: Suzie Q|30/100
|
|-heal|p1a: Suzie Q|37/100|[from] item: Leftovers
|upkeep
|turn|2
|
|t:|1657258038
|move|p1a: Suzie Q|Protect|p1a: Suzie Q
|-singleturn|p1a: Suzie Q|Protect
|move|p2a: Tapu Lele|Psyshock|p1a: Suzie Q
|-activate|p1a: Suzie Q|move: Protect
|
|-heal|p1a: Suzie Q|43/100|[from] item: Leftovers
|upkeep
|turn|3
|
|t:|1657258069
|switch|p1a: Hades|Yveltal|100/100
|-ability|p1a: Hades|Dark Aura
|move|p2a: Tapu Lele|Psyshock|p1a: Hades
|-immune|p1a: Hades
|
|upkeep
|turn|4
|
|t:|1657258109
|switch|p2a: Blissey|Blissey, F|100/100
|switch|p1a: Frieza|Mewtwo|100/100
|-ability|p1a: Frieza|Unnerve
|
|upkeep
|turn|5
|
|t:|1657258181
|detailschange|p1a: Frieza|Mewtwo-Mega-Y
|-mega|p1a: Frieza|Mewtwo|Mewtwonite Y
|move|p1a: Frieza|Psystrike|p2a: Blissey
|-damage|p2a: Blissey|28/100
|move|p2a: Blissey|Teleport|p2a: Blissey
|
|t:|1657258218
|switch|p2a: Calyrex|Calyrex-Shadow|100/100|[from]move: Teleport
|-ability|p2a: Calyrex|As One
|-ability|p2a: Calyrex|Unnerve
|
|-fieldend|move: Psychic Terrain
|upkeep
|turn|6
|
|t:|1657258226
|switch|p1a: Beans|Snorlax, M|100/100
|move|p2a: Calyrex|Substitute|p2a: Calyrex
|-start|p2a: Calyrex|Substitute
|-damage|p2a: Calyrex|76/100
|
|upkeep
|turn|7
|
|t:|1657258232
|move|p2a: Calyrex|Nasty Plot|p2a: Calyrex
|-boost|p2a: Calyrex|spa|2
|move|p1a: Beans|Darkest Lariat|p2a: Calyrex
|-supereffective|p2a: Calyrex
|-end|p2a: Calyrex|Substitute
|
|upkeep
|turn|8
|
|t:|1657258265
|move|p2a: Calyrex|Psyshock|p1a: Beans
|-damage|p1a: Beans|0 fnt
|faint|p1a: Beans
|-ability|p2a: Calyrex|Grim Neigh|boost
|-boost|p2a: Calyrex|spa|1
|-damage|p2a: Calyrex|66/100|[from] item: Life Orb
|
|upkeep
|
|t:|1657258274
|switch|p1a: Hades|Yveltal|100/100
|-ability|p1a: Hades|Dark Aura
|turn|9
|
|t:|1657258322
|move|p1a: Hades|Sucker Punch||[still]
|-fail|p1a: Hades
|move|p2a: Calyrex|Substitute|p2a: Calyrex
|-start|p2a: Calyrex|Substitute
|-damage|p2a: Calyrex|41/100
|
|upkeep
|turn|10
|
|t:|1657258328
|move|p2a: Calyrex|Astral Barrage|p1a: Hades
|-resisted|p1a: Hades
|-damage|p1a: Hades|14/100
|-damage|p2a: Calyrex|31/100|[from] item: Life Orb
|move|p1a: Hades|Dark Pulse|p2a: Calyrex
|-supereffective|p2a: Calyrex
|-end|p2a: Calyrex|Substitute
|
|upkeep
|turn|11
|
|t:|1657258388
|switch|p2a: Blissey|Blissey, F|28/100
|move|p1a: Hades|Sucker Punch||[still]
|-fail|p1a: Hades
|
|-heal|p2a: Blissey|34/100|[from] item: Leftovers
|upkeep
|turn|12
|
|t:|1657258401
|move|p1a: Hades|Dark Pulse|p2a: Blissey
|-damage|p2a: Blissey|20/100
|cant|p2a: Blissey|flinch
|
|-heal|p2a: Blissey|26/100|[from] item: Leftovers
|upkeep
|turn|13
|
|t:|1657258409
|switch|p1a: Suzie Q|Sylveon, F|43/100
|move|p2a: Blissey|Soft-Boiled|p2a: Blissey
|-heal|p2a: Blissey|76/100
|
|-heal|p1a: Suzie Q|49/100|[from] item: Leftovers
|-heal|p2a: Blissey|82/100|[from] item: Leftovers
|upkeep
|turn|14
|
|t:|1657258418
|move|p1a: Suzie Q|Wish|p1a: Suzie Q
|move|p2a: Blissey|Toxic|p1a: Suzie Q|[miss]
|-miss|p2a: Blissey|p1a: Suzie Q
|
|-heal|p1a: Suzie Q|55/100|[from] item: Leftovers
|-heal|p2a: Blissey|89/100|[from] item: Leftovers
|upkeep
|turn|15
|
|t:|1657258468
|switch|p1a: Hades|Yveltal|14/100
|-ability|p1a: Hades|Dark Aura
|move|p2a: Blissey|Toxic|p1a: Hades
|-status|p1a: Hades|tox
|
|-heal|p1a: Hades|57/100 tox|[from] move: Wish|[wisher] Suzie Q
|-heal|p2a: Blissey|95/100|[from] item: Leftovers
|-damage|p1a: Hades|51/100 tox|[from] psn
|upkeep
|turn|16
|
|t:|1657258487
|switch|p1a: Leonidas|Nidoking, M|100/100
|move|p2a: Blissey|Teleport|p2a: Blissey
|
|t:|1657258547
|switch|p2a: Calyrex|Calyrex-Shadow|31/100|[from]move: Teleport
|-ability|p2a: Calyrex|As One
|-ability|p2a: Calyrex|Unnerve
|
|upkeep
|turn|17
|
|t:|1657258561
|move|p1a: Leonidas|Earth Power|p2a: Calyrex
|-crit|p2a: Calyrex
|-damage|p2a: Calyrex|0 fnt
|faint|p2a: Calyrex
|
|upkeep
|
|t:|1657258611
|switch|p2a: Rillaboom|Rillaboom, M|100/100
|-fieldstart|move: Grassy Terrain|[from] ability: Grassy Surge|[of] p2a: Rillaboom
|turn|18
|
|t:|1657258618
|switch|p1a: Hades|Yveltal|51/100 tox
|-ability|p1a: Hades|Dark Aura
|move|p2a: Rillaboom|Grassy Glide|p1a: Hades
|-resisted|p1a: Hades
|-damage|p1a: Hades|21/100 tox
|
|-damage|p1a: Hades|15/100 tox|[from] psn
|upkeep
|turn|19
|
|t:|1657258630
|move|p1a: Hades|Sucker Punch|p2a: Rillaboom
|-damage|p2a: Rillaboom|67/100
|move|p2a: Rillaboom|Grassy Glide|p1a: Hades
|-resisted|p1a: Hades
|-damage|p1a: Hades|0 fnt
|faint|p1a: Hades
|
|-heal|p2a: Rillaboom|73/100|[from] Grassy Terrain
|upkeep
|
|t:|1657258640
|switch|p1a: Leonidas|Nidoking, M|100/100
|turn|20
|
|t:|1657258647
|switch|p2a: Blissey|Blissey, F|95/100
|move|p1a: Leonidas|Flamethrower|p2a: Blissey
|-damage|p2a: Blissey|85/100
|
|-heal|p2a: Blissey|91/100|[from] Grassy Terrain
|-heal|p2a: Blissey|98/100|[from] item: Leftovers
|upkeep
|turn|21
|
|t:|1657258656
|move|p1a: Leonidas|Flamethrower|p2a: Blissey
|-damage|p2a: Blissey|88/100
|move|p2a: Blissey|Teleport|p2a: Blissey
|
|t:|1657258661
|switch|p2a: Tapu Lele|Tapu Lele, shiny|100/100|[from]move: Teleport
|-fieldstart|move: Psychic Terrain|[from] ability: Psychic Surge|[of] p2a: Tapu Lele
|
|upkeep
|turn|22
|
|t:|1657258710
|switch|p1a: Suzie Q|Sylveon, F|55/100
|move|p2a: Tapu Lele|Psyshock|p1a: Suzie Q
|-damage|p1a: Suzie Q|0 fnt
|faint|p1a: Suzie Q
|
|upkeep
|
|t:|1657258723
|switch|p1a: Leonidas|Nidoking, M|100/100
|turn|23
|
|t:|1657258744
|switch|p1a: Frieza|Mewtwo-Mega-Y|100/100
|move|p2a: Tapu Lele|Psyshock|p1a: Frieza
|-resisted|p1a: Frieza
|-damage|p1a: Frieza|64/100
|
|upkeep
|turn|24
|
|t:|1657258807
|switch|p2a: Blissey|Blissey, F|88/100
|move|p1a: Frieza|Calm Mind|p1a: Frieza
|-boost|p1a: Frieza|spa|1
|-boost|p1a: Frieza|spd|1
|
|-heal|p2a: Blissey|94/100|[from] item: Leftovers
|upkeep
|turn|25
|
|t:|1657258819
|move|p1a: Frieza|Psystrike|p2a: Blissey
|-damage|p2a: Blissey|0 fnt
|faint|p2a: Blissey
|
|-fieldend|move: Psychic Terrain
|upkeep
|
|t:|1657258824
|switch|p2a: Rillaboom|Rillaboom, M|73/100
|-fieldstart|move: Grassy Terrain|[from] ability: Grassy Surge|[of] p2a: Rillaboom
|turn|26
|
|t:|1657258906
|switch|p1a: Bonnie|Milotic, F|100/100
|move|p2a: Rillaboom|Grassy Glide|p1a: Bonnie
|-supereffective|p1a: Bonnie
|-damage|p1a: Bonnie|0 fnt
|faint|p1a: Bonnie
|
|-heal|p2a: Rillaboom|79/100|[from] Grassy Terrain
|upkeep
|
|t:|1657258914
|switch|p1a: Leonidas|Nidoking, M|100/100
|turn|27
|
|t:|1657258943
|move|p2a: Rillaboom|Grassy Glide|p1a: Leonidas
|-damage|p1a: Leonidas|0 fnt
|faint|p1a: Leonidas
|
|-heal|p2a: Rillaboom|86/100|[from] Grassy Terrain
|upkeep
|c|☆ajwaffles|gg!
|
|t:|1657258952
|switch|p1a: Frieza|Mewtwo-Mega-Y|64/100
|turn|28
|c|☆Ike745|gg
|
|t:|1657258955
|move|p2a: Rillaboom|Grassy Glide|p1a: Frieza
|-damage|p1a: Frieza|0 fnt
|faint|p1a: Frieza
|
|win|Ike745
|l|☆ajwaffles
