|j|☆the maraculous
|j|☆TheGirl0nFire
|t:|1650156410
|gametype|singles
|player|p1|the maraculous|dragontamer|1649
|player|p2|TheGirl0nFire|flannery|1715
|teamsize|p1|6
|teamsize|p2|6
|gen|8
|tier|[Gen 8] National Dex AG
|rated|
|rule|HP Percentage Mod: HP is shown in percentages
|rule|Endless Battle Clause: Forcing endless battles is banned
|clearpoke
|poke|p1|Necrozma-Dusk-Mane|
|poke|p1|Shaymin-Sky|
|poke|p1|Marshadow|
|poke|p1|Alakazam, F|
|poke|p1|Eternatus|
|poke|p1|Groudon|
|poke|p2|Dugtrio, F|
|poke|p2|Klefki, F|
|poke|p2|Rayquaza|
|poke|p2|Arceus-*|
|poke|p2|Magearna|
|poke|p2|Calyrex-Ice|
|teampreview
|
|t:|1650156416
|start
|switch|p1a: Alakazam|Alakazam, F|100/100
|switch|p2a: Dugtrio|Dugtrio, F|100/100
|turn|1
|
|t:|1650156420
|detailschange|p1a: Alakazam|Alakazam-Mega, F
|-mega|p1a: Alakazam|Alakazam|Alakazite
|-ability|p1a: Alakazam|Arena Trap|[from] ability: Trace|[of] p2a: Dugtrio
|move|p1a: Alakazam|Psychic|p2a: Dugtrio
|-enditem|p2a: Dugtrio|Focus Sash
|-damage|p2a: Dugtrio|1/100
|move|p2a: Dugtrio|Memento|p1a: Alakazam
|-unboost|p1a: Alakazam|atk|2
|-unboost|p1a: Alakazam|spa|2
|faint|p2a: Dugtrio
|
|upkeep
|
|t:|1650156429
|switch|p2a: Arceus|Arceus-Dark|100/100
|turn|2
|
|t:|1650156440
|switch|p1a: Eternatus|Eternatus|100/100
|-ability|p1a: Eternatus|Pressure
|move|p2a: Arceus|Substitute|p2a: Arceus
|-start|p2a: Arceus|Substitute
|-damage|p2a: Arceus|76/100
|
|upkeep
|turn|3
|
|t:|1650156445
|move|p1a: Eternatus|Sludge Bomb|p2a: Arceus
|-end|p2a: Arceus|Substitute
|move|p2a: Arceus|Calm Mind|p2a: Arceus
|-boost|p2a: Arceus|spa|1
|-boost|p2a: Arceus|spd|1
|
|upkeep
|turn|4
|
|t:|1650156449
|move|p1a: Eternatus|Sludge Bomb|p2a: Arceus
|-damage|p2a: Arceus|48/100
|move|p2a: Arceus|Judgment|p1a: Eternatus
|-damage|p1a: Eternatus|18/100
|
|-heal|p1a: Eternatus|24/100|[from] item: Black Sludge
|upkeep
|turn|5
|
|t:|1650156455
|move|p1a: Eternatus|Dynamax Cannon|p2a: Arceus
|-damage|p2a: Arceus|18/100
|move|p2a: Arceus|Recover|p2a: Arceus
|-heal|p2a: Arceus|68/100
|
|-heal|p1a: Eternatus|30/100|[from] item: Black Sludge
|upkeep
|turn|6
|
|t:|1650156459
|move|p1a: Eternatus|Sludge Bomb|p2a: Arceus
|-damage|p2a: Arceus|41/100
|move|p2a: Arceus|Judgment|p1a: Eternatus
|-damage|p1a: Eternatus|0 fnt
|faint|p1a: Eternatus
|
|upkeep
|
|t:|1650156466
|switch|p1a: Marshadow|Marshadow|100/100
|turn|7
|
|t:|1650156470
|switch|p2a: Klefki|Klefki, F|100/100
|move|p1a: Marshadow|Force Palm|p2a: Klefki
|-damage|p2a: Klefki|63/100
|
|upkeep
|turn|8
|
|t:|1650156473
|move|p2a: Klefki|Reflect|p2a: Klefki
|-sidestart|p2: TheGirl0nFire|Reflect
|move|p1a: Marshadow|Swagger|p2a: Klefki
|-boost|p2a: Klefki|atk|2
|-start|p2a: Klefki|confusion
|
|upkeep
|turn|9
|
|t:|1650156480
|switch|p2a: Magearna|Magearna|100/100
|move|p1a: Marshadow|Spectral Thief|p2a: Magearna
|-damage|p2a: Magearna|77/100
|
|upkeep
|turn|10
|
|t:|1650156483
|move|p1a: Marshadow|Swagger|p2a: Magearna
|-boost|p2a: Magearna|atk|2
|-start|p2a: Magearna|confusion
|-activate|p2a: Magearna|confusion
|-damage|p2a: Magearna|63/100|[from] confusion
|
|upkeep
|turn|11
|
|t:|1650156488
|switch|p2a: Klefki|Klefki, F|63/100
|move|p1a: Marshadow|Force Palm|p2a: Klefki
|-damage|p2a: Klefki|46/100
|-status|p2a: Klefki|par
|
|upkeep
|turn|12
|
|t:|1650156497
|switch|p1a: Necrozma|Necrozma-Dusk-Mane|100/100
|move|p2a: Klefki|Thunder Wave|p1a: Necrozma
|-status|p1a: Necrozma|par
|
|upkeep
|turn|13
|
|t:|1650156500
|switch|p2a: Arceus|Arceus-Dark|41/100
|move|p1a: Necrozma|Stealth Rock|p2a: Arceus
|-sidestart|p2: TheGirl0nFire|move: Stealth Rock
|
|upkeep
|turn|14
|
|t:|1650156507
|switch|p1a: Marshadow|Marshadow|100/100
|move|p2a: Arceus|Recover|p2a: Arceus
|-heal|p2a: Arceus|91/100
|
|upkeep
|turn|15
|
|t:|1650156510
|move|p1a: Marshadow|Swagger|p2a: Arceus
|-boost|p2a: Arceus|atk|2
|-start|p2a: Arceus|confusion
|-activate|p2a: Arceus|confusion
|-damage|p2a: Arceus|77/100|[from] confusion
|
|-sideend|p2: TheGirl0nFire|Reflect
|upkeep
|turn|16
|
|t:|1650156517
|switch|p2a: Klefki|Klefki, F|46/100 par
|-damage|p2a: Klefki|40/100 par|[from] Stealth Rock
|move|p1a: Marshadow|Ice Punch|p2a: Klefki
|-resisted|p2a: Klefki
|-damage|p2a: Klefki|29/100 par
|
|upkeep
|turn|17
|
|t:|1650156522
|move|p2a: Klefki|Reflect|p2a: Klefki
|-sidestart|p2: TheGirl0nFire|Reflect
|move|p1a: Marshadow|Force Palm|p2a: Klefki
|-damage|p2a: Klefki|10/100 par
|
|upkeep
|turn|18
|
|t:|1650156527
|move|p2a: Klefki|Defog|p1a: Marshadow
|-unboost|p1a: Marshadow|evasion|1
|-sideend|p2: TheGirl0nFire|Stealth Rock|[from] move: Defog|[of] p2a: Klefki
|move|p1a: Marshadow|Force Palm|p2a: Klefki
|-damage|p2a: Klefki|0 fnt
|faint|p2a: Klefki
|
|upkeep
|
|t:|1650156532
|switch|p2a: Magearna|Magearna|63/100
|turn|19
|
|t:|1650156535
|move|p1a: Marshadow|Swagger|p2a: Magearna
|-boost|p2a: Magearna|atk|2
|-start|p2a: Magearna|confusion
|-activate|p2a: Magearna|confusion
|move|p2a: Magearna|Draining Kiss|p1a: Marshadow
|-supereffective|p1a: Marshadow
|-damage|p1a: Marshadow|32/100
|-heal|p2a: Magearna|100/100|[from] drain|[of] p1a: Marshadow
|
|upkeep
|turn|20
|
|t:|1650156539
|move|p1a: Marshadow|Spectral Thief||[still]
|-clearpositiveboost|p2a: Magearna|p1a: Marshadow|move: Spectral Thief
|-boost|p1a: Marshadow|atk|2
|-anim|p1a: Marshadow|Spectral Thief|p2a: Magearna
|-damage|p2a: Magearna|58/100
|-end|p2a: Magearna|confusion
|move|p2a: Magearna|Draining Kiss|p1a: Marshadow
|-supereffective|p1a: Marshadow
|-damage|p1a: Marshadow|0 fnt
|-heal|p2a: Magearna|83/100|[from] drain|[of] p1a: Marshadow
|faint|p1a: Marshadow
|-ability|p2a: Magearna|Soul-Heart|boost
|-boost|p2a: Magearna|spa|1
|
|upkeep
|
|t:|1650156551
|switch|p1a: Groudon|Groudon|100/100
|detailschange|p1a: Groudon|Groudon-Primal
|-primal|p1a: Groudon
|-weather|DesolateLand|[from] ability: Desolate Land|[of] p1a: Groudon
|turn|21
|
|t:|1650156554
|move|p2a: Magearna|Shift Gear|p2a: Magearna
|-boost|p2a: Magearna|spe|2
|-boost|p2a: Magearna|atk|1
|move|p1a: Groudon|Hone Claws|p1a: Groudon
|-boost|p1a: Groudon|atk|1
|-boost|p1a: Groudon|accuracy|1
|
|-weather|DesolateLand|[upkeep]
|upkeep
|turn|22
|
|t:|1650156564
|move|p2a: Magearna|Stored Power|p1a: Groudon
|-damage|p1a: Groudon|49/100
|move|p1a: Groudon|Fire Punch|p2a: Magearna
|-supereffective|p2a: Magearna
|-damage|p2a: Magearna|0 fnt
|faint|p2a: Magearna
|
|-weather|DesolateLand|[upkeep]
|upkeep
|
|t:|1650156576
|switch|p2a: Calyrex|Calyrex-Ice|100/100
|-ability|p2a: Calyrex|As One
|-ability|p2a: Calyrex|Unnerve
|turn|23
|
|t:|1650156579
|move|p1a: Groudon|Fire Punch|p2a: Calyrex
|-supereffective|p2a: Calyrex
|-damage|p2a: Calyrex|39/100
|move|p2a: Calyrex|Trick Room|p2a: Calyrex
|-fieldstart|move: Trick Room|[of] p2a: Calyrex
|
|-weather|DesolateLand|[upkeep]
|upkeep
|turn|24
|
|t:|1650156585
|move|p2a: Calyrex|High Horsepower|p1a: Groudon
|-supereffective|p1a: Groudon
|-damage|p1a: Groudon|2/100
|move|p1a: Groudon|Fire Punch|p2a: Calyrex
|-supereffective|p2a: Calyrex
|-damage|p2a: Calyrex|0 fnt
|faint|p2a: Calyrex
|
|-weather|DesolateLand|[upkeep]
|-sideend|p2: TheGirl0nFire|Reflect
|upkeep
|
|t:|1650156590
|switch|p2a: Arceus|Arceus-Dark|77/100
|turn|25
|
|t:|1650156594
|switch|p2a: Rayquaza|Rayquaza|100/100
|-ability|p2a: Rayquaza|Air Lock
|move|p1a: Groudon|Fire Punch|p2a: Rayquaza
|-resisted|p2a: Rayquaza
|-damage|p2a: Rayquaza|59/100
|
|-weather|DesolateLand|[upkeep]
|upkeep
|turn|26
|
|t:|1650156604
|detailschange|p2a: Rayquaza|Rayquaza-Mega
|-mega|p2a: Rayquaza|Rayquaza|
|-weather|DeltaStream|[from] ability: Delta Stream|[of] p2a: Rayquaza
|move|p1a: Groudon|Fire Punch|p2a: Rayquaza
|-resisted|p2a: Rayquaza
|-damage|p2a: Rayquaza|20/100
|move|p2a: Rayquaza|Dragon Ascent|p1a: Groudon
|-crit|p1a: Groudon
|-damage|p1a: Groudon|0 fnt
|-unboost|p2a: Rayquaza|def|1
|-unboost|p2a: Rayquaza|spd|1
|faint|p1a: Groudon
|-damage|p2a: Rayquaza|10/100|[from] item: Life Orb
|
|-weather|DeltaStream|[upkeep]
|upkeep
|
|t:|1650156611
|switch|p1a: Necrozma|Necrozma-Dusk-Mane|100/100 par
|turn|27
|
|t:|1650156617
|-start|p1a: Necrozma|Dynamax|
|-heal|p1a: Necrozma|100/100 par|[silent]
|cant|p1a: Necrozma|par
|move|p2a: Rayquaza|Earthquake|p1a: Necrozma
|-supereffective|p1a: Necrozma
|-damage|p1a: Necrozma|67/100 par
|-enditem|p1a: Necrozma|Weakness Policy
|-boost|p1a: Necrozma|atk|2|[from] item: Weakness Policy
|-boost|p1a: Necrozma|spa|2|[from] item: Weakness Policy
|-damage|p2a: Rayquaza|0 fnt|[from] item: Life Orb
|faint|p2a: Rayquaza
|-weather|none
|
|-fieldend|move: Trick Room
|upkeep
|
|t:|1650156619
|switch|p2a: Arceus|Arceus-Dark|77/100
|turn|28
|
|t:|1650156623
|-start|p2a: Arceus|Dynamax|
|-heal|p2a: Arceus|77/100|[silent]
|move|p2a: Arceus|Max Darkness|p1a: Necrozma
|-supereffective|p1a: Necrozma
|-damage|p1a: Necrozma|15/100 par
|-unboost|p1a: Necrozma|spd|1
|move|p1a: Necrozma|Max Quake|p2a: Arceus
|-damage|p2a: Arceus|33/100
|-boost|p1a: Necrozma|spd|1
|
|upkeep
|turn|29
|
|t:|1650156630
|move|p2a: Arceus|Max Darkness|p1a: Necrozma
|-supereffective|p1a: Necrozma
|-damage|p1a: Necrozma|0 fnt
|faint|p1a: Necrozma
|
|upkeep
|
|t:|1650156633
|switch|p1a: Alakazam|Alakazam-Mega, F|100/100
|turn|30
|
|t:|1650156636
|move|p1a: Alakazam|Dazzling Gleam|p2a: Arceus
|-supereffective|p2a: Arceus
|-damage|p2a: Arceus|5/100
|move|p2a: Arceus|Max Darkness|p1a: Alakazam
|-supereffective|p1a: Alakazam
|-crit|p1a: Alakazam
|-damage|p1a: Alakazam|0 fnt
|faint|p1a: Alakazam
|
|-end|p2a: Arceus|Dynamax
|-heal|p2a: Arceus|5/100|[silent]
|upkeep
|
|t:|1650156640
|switch|p1a: Shaymin|Shaymin-Sky|100/100
|turn|31
|
|t:|1650156646
|move|p1a: Shaymin|Earth Power|p2a: Arceus
|-damage|p2a: Arceus|0 fnt
|faint|p2a: Arceus
|
|win|the maraculous
|raw|the maraculous's rating: 1649 &rarr; <strong>1673</strong><br />(+24 for winning)
|raw|TheGirl0nFire's rating: 1715 &rarr; <strong>1691</strong><br />(-24 for losing)
|l|☆TheGirl0nFire
