|j|☆Spammer of legs
|j|☆Naofumi_Bakugo_Jax
|t:|1664240579
|gametype|singles
|player|p1|Spammer of legs|wallace|1513
|player|p2|Naofumi_Bakugo_Jax|blue|1751
|teamsize|p1|6
|teamsize|p2|6
|gen|8
|tier|[Gen 8] National Dex AG
|rated|
|rule|HP Percentage Mod: HP is shown in percentages
|rule|Endless Battle Clause: Forcing endless battles is banned
|clearpoke
|poke|p1|Deoxys-Speed|
|poke|p1|Rayquaza|
|poke|p1|Ho-Oh|
|poke|p1|Zacian-*|
|poke|p1|Shaymin|
|poke|p1|Kyogre|
|poke|p2|Zacian-*|
|poke|p2|Calyrex-Shadow|
|poke|p2|Yveltal|
|poke|p2|Arceus-*|
|poke|p2|Swampert, M|
|poke|p2|Kyogre|
|teampreview
|
|t:|1664240596
|start
|switch|p1a: speedy speed boy|Deoxys-Speed|100/100
|switch|p2a: Arceus|Arceus, shiny|100/100
|-ability|p1a: speedy speed boy|Pressure
|turn|1
|
|t:|1664240602
|move|p2a: Arceus|Magic Coat|p2a: Arceus
|-singleturn|p2a: Arceus|move: Magic Coat
|move|p1a: speedy speed boy|Thunder Wave|p2a: Arceus
|move|p2a: Arceus|Thunder Wave|p1a: speedy speed boy|[from]Magic Coat
|-status|p1a: speedy speed boy|par
|
|upkeep
|turn|2
|
|t:|1664240623
|switch|p2a: Swampert|Swampert, M|100/100
|move|p1a: speedy speed boy|Thunder Wave|p2a: Swampert
|-immune|p2a: Swampert
|
|upkeep
|turn|3
|
|t:|1664240639
|detailschange|p2a: Swampert|Swampert-Mega, M
|-mega|p2a: Swampert|Swampert|Swampertite
|move|p1a: speedy speed boy|Magic Coat|p1a: speedy speed boy
|-singleturn|p1a: speedy speed boy|move: Magic Coat
|move|p2a: Swampert|Liquidation|p1a: speedy speed boy
|-damage|p1a: speedy speed boy|44/100 par
|
|upkeep
|turn|4
|
|t:|1664240646
|move|p2a: Swampert|Liquidation|p1a: speedy speed boy
|-damage|p1a: speedy speed boy|0 fnt
|faint|p1a: speedy speed boy
|
|upkeep
|
|t:|1664240649
|switch|p1a: grassymuku|Shaymin|100/100
|turn|5
|
|t:|1664240668
|switch|p2a: Arceus|Arceus, shiny|100/100
|move|p1a: grassymuku|Leech Seed|p2a: Arceus
|-start|p2a: Arceus|move: Leech Seed
|
|-damage|p2a: Arceus|88/100|[from] Leech Seed|[of] p1a: grassymuku
|upkeep
|turn|6
|
|t:|1664240679
|move|p2a: Arceus|Reflect|p2a: Arceus
|-sidestart|p2: Naofumi_Bakugo_Jax|Reflect
|move|p1a: grassymuku|Giga Drain|p2a: Arceus
|-damage|p2a: Arceus|71/100
|
|-damage|p2a: Arceus|59/100|[from] Leech Seed|[of] p1a: grassymuku
|upkeep
|turn|7
|
|t:|1664240695
|switch|p1a: wormadam.|Rayquaza, shiny|100/100
|-ability|p1a: wormadam.|Air Lock
|move|p2a: Arceus|Extreme Speed|p1a: wormadam.
|-damage|p1a: wormadam.|51/100
|
|-damage|p2a: Arceus|46/100|[from] Leech Seed|[of] p1a: wormadam.
|-heal|p1a: wormadam.|66/100|[silent]
|upkeep
|turn|8
|
|t:|1664240702
|move|p2a: Arceus|Tailwind|p2a: Arceus
|-sidestart|p2: Naofumi_Bakugo_Jax|move: Tailwind
|move|p1a: wormadam.|Bulk Up|p1a: wormadam.
|-boost|p1a: wormadam.|atk|1
|-boost|p1a: wormadam.|def|1
|
|-damage|p2a: Arceus|34/100|[from] Leech Seed|[of] p1a: wormadam.
|-heal|p1a: wormadam.|82/100|[silent]
|upkeep
|turn|9
|
|t:|1664240729
|switch|p2a: Kyogre|Kyogre|100/100
|-weather|RainDance|[from] ability: Drizzle|[of] p2a: Kyogre
|detailschange|p1a: wormadam.|Rayquaza-Mega, shiny
|-mega|p1a: wormadam.|Rayquaza|
|-weather|DeltaStream|[from] ability: Delta Stream|[of] p1a: wormadam.
|move|p1a: wormadam.|Bulk Up|p1a: wormadam.
|-boost|p1a: wormadam.|atk|1
|-boost|p1a: wormadam.|def|1
|
|-weather|DeltaStream|[upkeep]
|upkeep
|turn|10
|
|t:|1664240743
|-start|p2a: Kyogre|Dynamax|
|-heal|p2a: Kyogre|100/100|[silent]
|move|p2a: Kyogre|Max Hailstorm|p1a: wormadam.
|-activate||deltastream
|-supereffective|p1a: wormadam.
|-damage|p1a: wormadam.|12/100
|move|p1a: wormadam.|Dragon Ascent|p2a: Kyogre
|-damage|p2a: Kyogre|58/100
|-unboost|p1a: wormadam.|def|1
|-unboost|p1a: wormadam.|spd|1
|
|-weather|DeltaStream|[upkeep]
|upkeep
|turn|11
|
|t:|1664240754
|move|p1a: wormadam.|Extreme Speed|p2a: Kyogre
|-damage|p2a: Kyogre|38/100
|move|p2a: Kyogre|Max Geyser|p1a: wormadam.
|-resisted|p1a: wormadam.
|-damage|p1a: wormadam.|0 fnt
|-weather|RainDance
|faint|p1a: wormadam.
|
|-weather|RainDance|[upkeep]
|-sideend|p2: Naofumi_Bakugo_Jax|move: Tailwind
|upkeep
|
|t:|1664240763
|switch|p1a: BIG WHALE AAAAA|Kyogre|100/100
|turn|12
|
|t:|1664240775
|move|p2a: Kyogre|Max Guard|p2a: Kyogre
|-singleturn|p2a: Kyogre|Max Guard
|move|p1a: BIG WHALE AAAAA|Thunder|p2a: Kyogre
|-activate|p2a: Kyogre|move: Max Guard
|
|-weather|RainDance|[upkeep]
|upkeep
|-end|p2a: Kyogre|Dynamax
|-heal|p2a: Kyogre|39/100|[silent]
|turn|13
|
|t:|1664240785
|switch|p2a: Swampert|Swampert-Mega, M|100/100
|switch|p1a: grassymuku|Shaymin|100/100
|
|-weather|RainDance|[upkeep]
|-sideend|p2: Naofumi_Bakugo_Jax|Reflect
|upkeep
|turn|14
|
|t:|1664240808
|switch|p2a: Yveltal|Yveltal, shiny|100/100
|-ability|p2a: Yveltal|Dark Aura
|move|p1a: grassymuku|Leech Seed|p2a: Yveltal
|-start|p2a: Yveltal|move: Leech Seed
|
|-weather|RainDance|[upkeep]
|-damage|p2a: Yveltal|88/100|[from] Leech Seed|[of] p1a: grassymuku
|upkeep
|turn|15
|
|t:|1664240822
|switch|p1a: your moms a ho|Ho-Oh, shiny|100/100
|move|p2a: Yveltal|Tailwind|p2a: Yveltal
|-sidestart|p2: Naofumi_Bakugo_Jax|move: Tailwind
|
|-weather|none
|-damage|p2a: Yveltal|76/100|[from] Leech Seed|[of] p1a: your moms a ho
|upkeep
|turn|16
|
|t:|1664240837
|switch|p2a: Arceus|Arceus, shiny|34/100
|move|p1a: your moms a ho|Sacred Fire|p2a: Arceus
|-damage|p2a: Arceus|6/100
|-status|p2a: Arceus|brn
|
|-damage|p2a: Arceus|0 fnt|[from] brn
|faint|p2a: Arceus
|upkeep
|
|t:|1664240854
|switch|p2a: Zacian|Zacian-Crowned|100/100
|-ability|p2a: Zacian|Intrepid Sword|boost
|-boost|p2a: Zacian|atk|1
|turn|17
|
|t:|1664240858
|move|p2a: Zacian|Wild Charge|p1a: your moms a ho
|-supereffective|p1a: your moms a ho
|-damage|p1a: your moms a ho|21/100
|-damage|p2a: Zacian|75/100|[from] Recoil
|move|p1a: your moms a ho|Sacred Fire|p2a: Zacian
|-supereffective|p2a: Zacian
|-damage|p2a: Zacian|0 fnt
|faint|p2a: Zacian
|
|upkeep
|
|t:|1664240875
|switch|p2a: Calyrex|Calyrex-Shadow|100/100
|-ability|p2a: Calyrex|As One
|-ability|p2a: Calyrex|Unnerve
|turn|18
|
|t:|1664240893
|move|p2a: Calyrex|Nasty Plot|p2a: Calyrex
|-boost|p2a: Calyrex|spa|2
|move|p1a: your moms a ho|Sacred Fire|p2a: Calyrex
|-damage|p2a: Calyrex|51/100
|
|-sideend|p2: Naofumi_Bakugo_Jax|move: Tailwind
|upkeep
|turn|19
|
|t:|1664240898
|move|p2a: Calyrex|Astral Barrage|p1a: your moms a ho
|-damage|p1a: your moms a ho|0 fnt
|faint|p1a: your moms a ho
|-ability|p2a: Calyrex|Grim Neigh|boost
|-boost|p2a: Calyrex|spa|1
|
|upkeep
|
|t:|1664240904
|switch|p1a: grassymuku|Shaymin|100/100
|turn|20
|
|t:|1664240909
|move|p2a: Calyrex|Astral Barrage|p1a: grassymuku
|-damage|p1a: grassymuku|0 fnt
|faint|p1a: grassymuku
|-ability|p2a: Calyrex|Grim Neigh|boost
|-boost|p2a: Calyrex|spa|1
|
|upkeep
|
|t:|1664240912
|switch|p1a: IHateUsingThis|Zacian-Crowned|100/100
|-ability|p1a: IHateUsingThis|Intrepid Sword|boost
|-boost|p1a: IHateUsingThis|atk|1
|turn|21
|
|t:|1664240915
|move|p2a: Calyrex|Astral Barrage|p1a: IHateUsingThis
|-damage|p1a: IHateUsingThis|0 fnt
|faint|p1a: IHateUsingThis
|-ability|p2a: Calyrex|Grim Neigh|boost
|-boost|p2a: Calyrex|spa|1
|
|upkeep
|
|t:|1664240916
|switch|p1a: BIG WHALE AAAAA|Kyogre|100/100
|-weather|RainDance|[from] ability: Drizzle|[of] p1a: BIG WHALE AAAAA
|turn|22
|c|☆Spammer of legs|calyrex no skill
|
|t:|1664240925
|move|p2a: Calyrex|Astral Barrage|p1a: BIG WHALE AAAAA
|-damage|p1a: BIG WHALE AAAAA|0 fnt
|faint|p1a: BIG WHALE AAAAA
|
|win|Naofumi_Bakugo_Jax
|raw|Spammer of legs's rating: 1513 &rarr; <strong>1505</strong><br />(-8 for losing)
|raw|Naofumi_Bakugo_Jax's rating: 1751 &rarr; <strong>1759</strong><br />(+8 for winning)
|l|☆Spammer of legs
