|j|☆pinix aye
|j|☆ChunkyRat
|t:|1629992795
|gametype|singles
|player|p1|pinix aye|guitarist-gen4|1606
|player|p2|ChunkyRat|gentleman|1874
|teamsize|p1|6
|teamsize|p2|6
|gen|8
|tier|[Gen 8] National Dex AG
|rated|
|rule|HP Percentage Mod: HP is shown in percentages
|rule|Endless Battle Clause: Forcing endless battles is banned
|clearpoke
|poke|p1|Ferrothorn, F|
|poke|p1|Calyrex-Shadow|
|poke|p1|Zacian-*|
|poke|p1|Smeargle, M|
|poke|p1|Urshifu-*, F|
|poke|p1|Rayquaza|
|poke|p2|Rayquaza|
|poke|p2|Arceus-*|
|poke|p2|Groudon|
|poke|p2|Calyrex-Shadow|
|poke|p2|Arceus-*|
|poke|p2|Lugia|
|teampreview
|inactive|Battle timer is ON: inactive players will automatically lose when time's up. (requested by pinix aye)
|
|t:|1629992804
|start
|switch|p1a: Smeargle|Smeargle, M|100/100
|switch|p2a: Rayquaza|Rayquaza|100/100
|-ability|p2a: Rayquaza|Air Lock
|turn|1
|
|t:|1629992811
|switch|p1a: Zacian|Zacian-Crowned|100/100
|-ability|p1a: Zacian|Intrepid Sword|boost
|-boost|p1a: Zacian|atk|1
|detailschange|p2a: Rayquaza|Rayquaza-Mega
|-mega|p2a: Rayquaza|Rayquaza|
|-weather|DeltaStream|[from] ability: Delta Stream|[of] p2a: Rayquaza
|move|p2a: Rayquaza|Scale Shot|p1a: Zacian
|-immune|p1a: Zacian
|
|-weather|DeltaStream|[upkeep]
|upkeep
|turn|2
|
|t:|1629992822
|-weather|none
|switch|p2a: Groudon|Groudon|100/100
|detailschange|p2a: Groudon|Groudon-Primal
|-primal|p2a: Groudon
|-weather|DesolateLand|[from] ability: Desolate Land|[of] p2a: Groudon
|move|p1a: Zacian|Play Rough|p2a: Groudon
|-resisted|p2a: Groudon
|-damage|p2a: Groudon|73/100
|
|-weather|DesolateLand|[upkeep]
|upkeep
|turn|3
|
|t:|1629992832
|switch|p1a: Rayquaza|Rayquaza|100/100
|-ability|p1a: Rayquaza|Air Lock
|move|p2a: Groudon|Stealth Rock|p1a: Rayquaza
|-sidestart|p1: pinix aye|move: Stealth Rock
|
|-weather|DesolateLand|[upkeep]
|upkeep
|turn|4
|
|t:|1629992853
|-weather|none
|switch|p2a: Lugia|Lugia|100/100
|detailschange|p1a: Rayquaza|Rayquaza-Mega
|-mega|p1a: Rayquaza|Rayquaza|
|-weather|DeltaStream|[from] ability: Delta Stream|[of] p1a: Rayquaza
|move|p1a: Rayquaza|Scale Shot|p2a: Lugia
|-damage|p2a: Lugia|95/100
|-damage|p2a: Lugia|82/100
|-damage|p2a: Lugia|72/100
|-hitcount|p2a: Lugia|3
|-unboost|p1a: Rayquaza|def|1
|-boost|p1a: Rayquaza|spe|1
|-damage|p1a: Rayquaza|91/100|[from] item: Life Orb
|
|-weather|DeltaStream|[upkeep]
|upkeep
|turn|5
|
|t:|1629992868
|move|p1a: Rayquaza|Dragon Ascent|p2a: Lugia
|-damage|p2a: Lugia|12/100
|-unboost|p1a: Rayquaza|def|1
|-unboost|p1a: Rayquaza|spd|1
|-damage|p1a: Rayquaza|81/100|[from] item: Life Orb
|move|p2a: Lugia|Thunder Wave|p1a: Rayquaza
|-status|p1a: Rayquaza|par
|
|-weather|DeltaStream|[upkeep]
|upkeep
|turn|6
|
|t:|1629992882
|move|p1a: Rayquaza|Extreme Speed|p2a: Lugia
|-damage|p2a: Lugia|0 fnt
|faint|p2a: Lugia
|-damage|p1a: Rayquaza|71/100 par|[from] item: Life Orb
|
|-weather|DeltaStream|[upkeep]
|upkeep
|
|t:|1629992885
|switch|p2a: Rayquaza|Rayquaza-Mega|100/100
|turn|7
|
|t:|1629992891
|move|p1a: Rayquaza|Extreme Speed|p2a: Rayquaza
|-damage|p2a: Rayquaza|57/100
|-damage|p1a: Rayquaza|61/100 par|[from] item: Life Orb
|move|p2a: Rayquaza|Earthquake|p1a: Rayquaza
|-immune|p1a: Rayquaza
|
|-weather|DeltaStream|[upkeep]
|upkeep
|turn|8
|
|t:|1629992899
|cant|p1a: Rayquaza|par
|move|p2a: Rayquaza|Scale Shot|p1a: Rayquaza
|-supereffective|p1a: Rayquaza
|-damage|p1a: Rayquaza|0 fnt
|faint|p1a: Rayquaza
|-hitcount|p1: Rayquaza|1
|-unboost|p2a: Rayquaza|def|1
|-boost|p2a: Rayquaza|spe|1
|-damage|p2a: Rayquaza|47/100|[from] item: Life Orb
|
|-weather|DeltaStream|[upkeep]
|upkeep
|
|t:|1629992909
|switch|p1a: Calyrex|Calyrex-Shadow|100/100
|-ability|p1a: Calyrex|As One
|-ability|p1a: Calyrex|Unnerve
|-damage|p1a: Calyrex|88/100|[from] Stealth Rock
|turn|9
|
|t:|1629992919
|-weather|none
|switch|p2a: Arceus|Arceus|100/100
|move|p1a: Calyrex|Astral Barrage|p2a: Arceus
|-immune|p2a: Arceus
|
|upkeep
|turn|10
|
|t:|1629992928
|switch|p1a: Ferrothorn|Ferrothorn, F|100/100
|-damage|p1a: Ferrothorn|94/100|[from] Stealth Rock
|move|p2a: Arceus|Shadow Claw|p1a: Ferrothorn
|-damage|p1a: Ferrothorn|79/100
|-damage|p2a: Arceus|88/100|[from] ability: Iron Barbs|[of] p1a: Ferrothorn
|
|-heal|p2a: Arceus|94/100|[from] item: Leftovers
|-heal|p1a: Ferrothorn|85/100|[from] item: Leftovers
|upkeep
|turn|11
|
|t:|1629992939
|switch|p2a: Calyrex|Calyrex-Shadow|100/100
|-ability|p2a: Calyrex|As One
|-ability|p2a: Calyrex|Unnerve
|move|p1a: Ferrothorn|Stealth Rock|p2a: Calyrex
|-sidestart|p2: ChunkyRat|move: Stealth Rock
|
|-heal|p1a: Ferrothorn|91/100|[from] item: Leftovers
|upkeep
|turn|12
|
|t:|1629992948
|move|p2a: Calyrex|Encore|p1a: Ferrothorn
|-start|p1a: Ferrothorn|Encore
|move|p1a: Ferrothorn|Stealth Rock||[still]
|-fail|p1a: Ferrothorn
|
|-heal|p1a: Ferrothorn|98/100|[from] item: Leftovers
|upkeep
|turn|13
|
|t:|1629992956
|switch|p1a: Smeargle|Smeargle, M|100/100
|-damage|p1a: Smeargle|88/100|[from] Stealth Rock
|move|p2a: Calyrex|Nasty Plot|p2a: Calyrex
|-boost|p2a: Calyrex|spa|2
|
|upkeep
|turn|14
|
|t:|1629992965
|-start|p2a: Calyrex|Dynamax
|-heal|p2a: Calyrex|100/100|[silent]
|move|p2a: Calyrex|Max Starfall|p1a: Smeargle
|-damage|p1a: Smeargle|0 fnt
|-fieldstart|move: Misty Terrain
|faint|p1a: Smeargle
|-ability|p2a: Calyrex|Grim Neigh|boost
|-boost|p2a: Calyrex|spa|1
|
|upkeep
|
|t:|1629992976
|switch|p1a: Urshifu|Urshifu-Rapid-Strike, F|100/100
|-damage|p1a: Urshifu|94/100|[from] Stealth Rock
|turn|15
|
|t:|1629992994
|move|p1a: Urshifu|Aqua Jet|p2a: Calyrex
|-damage|p2a: Calyrex|89/100
|move|p2a: Calyrex|Max Starfall|p1a: Urshifu
|-supereffective|p1a: Urshifu
|-crit|p1a: Urshifu
|-damage|p1a: Urshifu|0 fnt
|faint|p1a: Urshifu
|-ability|p2a: Calyrex|Grim Neigh|boost
|-boost|p2a: Calyrex|spa|1
|
|upkeep
|
|t:|1629993004
|switch|p1a: Calyrex|Calyrex-Shadow|88/100
|-ability|p1a: Calyrex|As One
|-ability|p1a: Calyrex|Unnerve
|-damage|p1a: Calyrex|76/100|[from] Stealth Rock
|turn|16
|
|t:|1629993011
|move|p1a: Calyrex|Astral Barrage|p2a: Calyrex
|-supereffective|p2a: Calyrex
|-damage|p2a: Calyrex|0 fnt
|faint|p2a: Calyrex
|-ability|p1a: Calyrex|Grim Neigh|boost
|-boost|p1a: Calyrex|spa|1
|
|upkeep
|
|t:|1629993030
|switch|p2a: Arceus|Arceus|94/100
|-damage|p2a: Arceus|82/100|[from] Stealth Rock
|turn|17
|
|t:|1629993037
|switch|p1a: Ferrothorn|Ferrothorn, F|98/100
|-damage|p1a: Ferrothorn|91/100|[from] Stealth Rock
|move|p2a: Arceus|Shadow Claw|p1a: Ferrothorn
|-damage|p1a: Ferrothorn|77/100
|-damage|p2a: Arceus|69/100|[from] ability: Iron Barbs|[of] p1a: Ferrothorn
|
|-heal|p2a: Arceus|75/100|[from] item: Leftovers
|-heal|p1a: Ferrothorn|83/100|[from] item: Leftovers
|upkeep
|turn|18
|
|t:|1629993049
|switch|p2a: Rayquaza|Rayquaza-Mega|47/100
|-damage|p2a: Rayquaza|22/100|[from] Stealth Rock
|-weather|DeltaStream|[from] ability: Delta Stream|[of] p2a: Rayquaza
|move|p1a: Ferrothorn|Toxic|p2a: Rayquaza
|-status|p2a: Rayquaza|tox
|
|-weather|DeltaStream|[upkeep]
|-heal|p1a: Ferrothorn|90/100|[from] item: Leftovers
|-damage|p2a: Rayquaza|16/100 tox|[from] psn
|-fieldend|Misty Terrain
|upkeep
|turn|19
|
|t:|1629993061
|move|p1a: Ferrothorn|Protect|p1a: Ferrothorn
|-singleturn|p1a: Ferrothorn|Protect
|move|p2a: Rayquaza|Earthquake|p1a: Ferrothorn
|-activate|p1a: Ferrothorn|move: Protect
|
|-weather|DeltaStream|[upkeep]
|-heal|p1a: Ferrothorn|96/100|[from] item: Leftovers
|-damage|p2a: Rayquaza|4/100 tox|[from] psn
|upkeep
|turn|20
|
|t:|1629993073
|move|p1a: Ferrothorn|Protect||[still]
|-fail|p1a: Ferrothorn
|move|p2a: Rayquaza|Earthquake|p1a: Ferrothorn
|-crit|p1a: Ferrothorn
|-damage|p1a: Ferrothorn|41/100
|-damage|p2a: Rayquaza|0 fnt|[from] item: Life Orb
|faint|p2a: Rayquaza
|-weather|none
|
|-heal|p1a: Ferrothorn|48/100|[from] item: Leftovers
|upkeep
|
|t:|1629993078
|switch|p2a: Groudon|Groudon-Primal|73/100
|-damage|p2a: Groudon|60/100|[from] Stealth Rock
|-weather|DesolateLand|[from] ability: Desolate Land|[of] p2a: Groudon
|turn|21
|
|t:|1629993086
|move|p1a: Ferrothorn|Protect|p1a: Ferrothorn
|-singleturn|p1a: Ferrothorn|Protect
|move|p2a: Groudon|Lava Plume|p1a: Ferrothorn
|-activate|p1a: Ferrothorn|move: Protect
|
|-weather|DesolateLand|[upkeep]
|-heal|p1a: Ferrothorn|54/100|[from] item: Leftovers
|upkeep
|turn|22
|
|t:|1629993116
|move|p2a: Groudon|Lava Plume|p1a: Ferrothorn
|-supereffective|p1a: Ferrothorn
|-damage|p1a: Ferrothorn|0 fnt
|faint|p1a: Ferrothorn
|
|-weather|DesolateLand|[upkeep]
|upkeep
|
|t:|1629993132
|switch|p1a: Calyrex|Calyrex-Shadow|76/100
|-ability|p1a: Calyrex|As One
|-ability|p1a: Calyrex|Unnerve
|-damage|p1a: Calyrex|64/100|[from] Stealth Rock
|turn|23
|
|t:|1629993143
|-weather|none
|switch|p2a: Arceus|Arceus|75/100
|-damage|p2a: Arceus|63/100|[from] Stealth Rock
|-start|p1a: Calyrex|Dynamax
|-heal|p1a: Calyrex|64/100|[silent]
|move|p1a: Calyrex|Max Mindstorm|p2a: Arceus
|-damage|p2a: Arceus|12/100
|-fieldstart|move: Psychic Terrain
|
|-heal|p2a: Arceus|19/100|[from] item: Leftovers
|upkeep
|turn|24
|
|t:|1629993154
|move|p1a: Calyrex|Max Mindstorm|p2a: Arceus
|-damage|p2a: Arceus|0 fnt
|faint|p2a: Arceus
|-ability|p1a: Calyrex|Grim Neigh|boost
|-boost|p1a: Calyrex|spa|1
|
|upkeep
|
|t:|1629993156
|switch|p2a: Arceus|Arceus-Flying|100/100
|-damage|p2a: Arceus|76/100|[from] Stealth Rock
|turn|25
|
|t:|1629993166
|move|p1a: Calyrex|Max Mindstorm|p2a: Arceus
|-damage|p2a: Arceus|0 fnt
|faint|p2a: Arceus
|-ability|p1a: Calyrex|Grim Neigh|boost
|-boost|p1a: Calyrex|spa|1
|
|-end|p1a: Calyrex|Dynamax
|-heal|p1a: Calyrex|64/100|[silent]
|upkeep
|l|☆ChunkyRat
|inactive|ChunkyRat disconnected and has a minute to reconnect!
|player|p2|
|inactive|ChunkyRat has 30 seconds to reconnect!
|inactive|ChunkyRat has 20 seconds to reconnect!
|inactive|ChunkyRat has 15 seconds to reconnect!
|inactive|ChunkyRat has 10 seconds to reconnect!
|inactiveoff|Battle timer is now OFF.
|c|☆pinix aye|bro
|inactive|Battle timer is ON: inactive players will automatically lose when time's up. (requested by pinix aye)
|inactive|ChunkyRat has 5 seconds to reconnect!
|-message|ChunkyRat lost due to inactivity.
|
|win|pinix aye
|raw|pinix aye's rating: 1606 &rarr; <strong>1639</strong><br />(+33 for winning)
|raw|ChunkyRat's rating: 1874 &rarr; <strong>1841</strong><br />(-33 for losing)
