|j|☆Ike745
|j|☆Apprenti Buck
|t:|1663047867
|gametype|singles
|player|p1|Ike745|blue|1832
|player|p2|Apprenti Buck|ethan|1916
|teamsize|p1|6
|teamsize|p2|6
|gen|8
|tier|[Gen 8] National Dex AG
|rated|
|rule|HP Percentage Mod: HP is shown in percentages
|rule|Endless Battle Clause: Forcing endless battles is banned
|clearpoke
|poke|p1|Rayquaza|
|poke|p1|Groudon|
|poke|p1|Arceus-*|
|poke|p1|Calyrex-Shadow|
|poke|p1|Yveltal|
|poke|p1|Arceus-*|
|poke|p2|Groudon|
|poke|p2|Rayquaza|
|poke|p2|Calyrex-Shadow|
|poke|p2|Arceus-*|
|poke|p2|Yveltal|
|poke|p2|Marshadow|
|teampreview
|inactive|Battle timer is ON: inactive players will automatically lose when time's up. (requested by Apprenti Buck)
|j| Whitedevil12345678
|
|t:|1663047884
|start
|switch|p1a: Groudon|Groudon, shiny|100/100
|switch|p2a: Behemoth|Groudon, shiny|100/100
|detailschange|p2a: Behemoth|Groudon-Primal, shiny
|-primal|p2a: Behemoth
|-weather|DesolateLand|[from] ability: Desolate Land|[of] p2a: Behemoth
|detailschange|p1a: Groudon|Groudon-Primal, shiny
|-primal|p1a: Groudon
|turn|1
|
|t:|1663047888
|move|p2a: Behemoth|Stealth Rock|p1a: Groudon
|-sidestart|p1: Ike745|move: Stealth Rock
|move|p1a: Groudon|Precipice Blades|p2a: Behemoth
|-supereffective|p2a: Behemoth
|-damage|p2a: Behemoth|13/100
|
|-weather|DesolateLand|[upkeep]
|upkeep
|turn|2
|
|t:|1663047893
|move|p2a: Behemoth|Precipice Blades|p1a: Groudon
|-supereffective|p1a: Groudon
|-damage|p1a: Groudon|30/100
|move|p1a: Groudon|Precipice Blades|p2a: Behemoth
|-supereffective|p2a: Behemoth
|-damage|p2a: Behemoth|0 fnt
|faint|p2a: Behemoth
|
|-weather|DesolateLand|[upkeep]
|upkeep
|
|t:|1663047905
|switch|p2a: Ziz|Rayquaza, shiny|100/100
|-ability|p2a: Ziz|Air Lock
|turn|3
|
|t:|1663047908
|detailschange|p2a: Ziz|Rayquaza-Mega, shiny
|-mega|p2a: Ziz|Rayquaza|
|-weather|DeltaStream|[from] ability: Delta Stream|[of] p2a: Ziz
|move|p2a: Ziz|Dragon Dance|p2a: Ziz
|-boost|p2a: Ziz|atk|1
|-boost|p2a: Ziz|spe|1
|move|p1a: Groudon|Thunder Wave|p2a: Ziz
|-status|p2a: Ziz|par
|
|-weather|DeltaStream|[upkeep]
|upkeep
|turn|4
|
|t:|1663047925
|switch|p1a: Arceus|Arceus-Fairy|100/100
|-damage|p1a: Arceus|88/100|[from] Stealth Rock
|move|p2a: Ziz|Earthquake|p1a: Arceus
|-damage|p1a: Arceus|27/100
|-damage|p2a: Ziz|91/100 par|[from] item: Life Orb
|
|-weather|DeltaStream|[upkeep]
|upkeep
|turn|5
|
|t:|1663047931
|move|p2a: Ziz|Extreme Speed|p1a: Arceus
|-damage|p1a: Arceus|0 fnt
|faint|p1a: Arceus
|-damage|p2a: Ziz|81/100 par|[from] item: Life Orb
|
|-weather|DeltaStream|[upkeep]
|upkeep
|
|t:|1663047935
|switch|p1a: Groudon|Groudon-Primal, shiny|30/100
|-damage|p1a: Groudon|18/100|[from] Stealth Rock
|-weather|DesolateLand|[from] ability: Desolate Land|[of] p1a: Groudon
|turn|6
|
|t:|1663047938
|move|p2a: Ziz|Extreme Speed|p1a: Groudon
|-damage|p1a: Groudon|0 fnt
|faint|p1a: Groudon
|-weather|none
|-damage|p2a: Ziz|71/100 par|[from] item: Life Orb
|
|upkeep
|c|☆Ike745|of course no para ever
|
|t:|1663047964
|switch|p1a: Arceus|Arceus, shiny|100/100
|-damage|p1a: Arceus|88/100|[from] Stealth Rock
|turn|7
|
|t:|1663047985
|move|p1a: Arceus|Extreme Speed|p2a: Ziz
|-damage|p2a: Ziz|25/100 par
|move|p2a: Ziz|Dragon Ascent|p1a: Arceus
|-damage|p1a: Arceus|0 fnt
|-unboost|p2a: Ziz|def|1
|-unboost|p2a: Ziz|spd|1
|faint|p1a: Arceus
|-damage|p2a: Ziz|15/100 par|[from] item: Life Orb
|
|upkeep
|c|☆Ike745|...
|
|t:|1663047996
|switch|p1a: Rayquaza|Rayquaza|100/100
|-damage|p1a: Rayquaza|76/100|[from] Stealth Rock
|-ability|p1a: Rayquaza|Air Lock
|turn|8
|c|☆Apprenti Buck|Thats ur problem
|
|t:|1663048010
|detailschange|p1a: Rayquaza|Rayquaza-Mega
|-mega|p1a: Rayquaza|Rayquaza|
|-weather|DeltaStream|[from] ability: Delta Stream|[of] p1a: Rayquaza
|move|p1a: Rayquaza|Extreme Speed|p2a: Ziz
|-damage|p2a: Ziz|0 fnt
|faint|p2a: Ziz
|
|-weather|DeltaStream|[upkeep]
|upkeep
|c|☆Ike745|nnah
|c|☆Ike745|u should forfeit
|c|☆Ike745|all luck
|c|☆Ike745|no skill
|
|t:|1663048019
|switch|p2a: Dawn|Calyrex-Shadow|100/100
|-ability|p2a: Dawn|As One
|-ability|p2a: Dawn|Unnerve
|turn|9
|
|t:|1663048023
|-zpower|p2a: Dawn
|move|p2a: Dawn|Never-Ending Nightmare|p1a: Rayquaza|[zeffect]
|-damage|p1a: Rayquaza|0 fnt
|faint|p1a: Rayquaza
|-weather|none
|-ability|p2a: Dawn|Grim Neigh|boost
|-boost|p2a: Dawn|spa|1
|
|upkeep
|
|t:|1663048026
|switch|p1a: Yveltal|Yveltal|100/100
|-damage|p1a: Yveltal|76/100|[from] Stealth Rock
|-ability|p1a: Yveltal|Dark Aura
|turn|10
|
|t:|1663048031
|move|p1a: Yveltal|Sucker Punch|p2a: Dawn
|-supereffective|p2a: Dawn
|-damage|p2a: Dawn|0 fnt
|faint|p2a: Dawn
|-damage|p1a: Yveltal|66/100|[from] item: Life Orb
|
|upkeep
|
|t:|1663048035
|switch|p2a: Buck’s alter ego|Marshadow|100/100
|turn|11
|
|t:|1663048038
|-start|p1a: Yveltal|Dynamax|
|-heal|p1a: Yveltal|66/100|[silent]
|move|p2a: Buck’s alter ego|Rock Tomb|p1a: Yveltal
|-supereffective|p1a: Yveltal
|-damage|p1a: Yveltal|24/100
|-unboost|p1a: Yveltal|spe|1
|-damage|p2a: Buck’s alter ego|91/100|[from] item: Life Orb
|move|p1a: Yveltal|Max Airstream|p2a: Buck’s alter ego
|-supereffective|p2a: Buck’s alter ego
|-damage|p2a: Buck’s alter ego|0 fnt
|-boost|p1a: Yveltal|spe|1
|faint|p2a: Buck’s alter ego
|-damage|p1a: Yveltal|19/100|[from] item: Life Orb
|
|upkeep
|
|t:|1663048050
|switch|p2a: Twilight|Yveltal|100/100
|-ability|p2a: Twilight|Dark Aura
|turn|12
|
|t:|1663048053
|-start|p2a: Twilight|Dynamax|
|-heal|p2a: Twilight|100/100|[silent]
|move|p2a: Twilight|Max Airstream|p1a: Yveltal
|-damage|p1a: Yveltal|0 fnt
|-boost|p2a: Twilight|spe|1
|faint|p1a: Yveltal
|-damage|p2a: Twilight|96/100|[from] item: Life Orb
|
|upkeep
|
|t:|1663048058
|switch|p1a: Calyrex|Calyrex-Shadow|100/100
|-ability|p1a: Calyrex|As One
|-ability|p1a: Calyrex|Unnerve
|-damage|p1a: Calyrex|88/100|[from] Stealth Rock
|turn|13
|c|☆Ike745|lucky ass
|c|☆Apprenti Buck|Well i won’t
|c|☆Ike745|u should
|c|☆Apprenti Buck|u play badly
|c|☆Ike745|nah u got lucky
|c|☆Ike745|no honor
|c|☆Ike745|u need luck to win
|c|☆Ike745|sad
|c|☆Ike745|for u
|c|☆Apprenti Buck|U should have put rocks
|inactive|Apprenti Buck has 120 seconds left.
|c|☆Apprenti Buck|anyway idc lol
|inactive|Ike745 has 120 seconds left.
|c|☆Ike745|game would have been 100% different if u got parad once
|c|☆Apprenti Buck|the result is all that matters
|c|☆Ike745|u literally had all the luck
|c|☆Ike745|cap
|c|☆Ike745|u won without any skill
|c|☆Ike745|that dont mean shit
|c|☆Apprenti Buck|wutever u say can’t change it
|inactive|Apprenti Buck has 90 seconds left.
|c|☆Ike745|and u gonna take ur rating like u earned
|c|☆Ike745|babies these days
|c|☆Ike745|no honor
|inactive|Ike745 has 90 seconds left.
|c|☆Ike745|they dont make em like they used to
|c|☆Ike745|all soft
|c|☆Apprenti Buck|I don’t give a fuck
|c|☆Ike745|need luck to win
|c|☆Apprenti Buck|about wut u say
|c|☆Ike745|yea cuz this been ur whole life
|c|☆Apprenti Buck|play
|c|☆Ike745|needs luck to win
|c|☆Apprenti Buck|loser
|c|☆Ike745|got no skill
|c|☆Ike745|nah forfeit
|c|☆Ike745|forfeit if u have any honor
|c|☆Apprenti Buck|No
|c|☆Apprenti Buck|idf
|c|☆Apprenti Buck|idc
|inactive|Ike745 has 60 seconds left.
|c|☆Apprenti Buck|stfu
|c|☆Ike745|cant spell either
|c|☆Ike745|gonna be nothing in life
|c|☆Ike745|has to get lucky in mons to win and feel some sort of accomplishment in life
|c|☆Ike745|damn
|c|☆Ike745|its aight bro
|c|☆Ike745|u matter
|inactive|Ike745 has 30 seconds left.
|inactive|Ike745 has 20 seconds left.
|c|☆Ike745|u dont have to be a baby at pokemon to do something with ur life
|inactive|Ike745 has 15 seconds left.
|inactive|Ike745 has 10 seconds left.
|c|☆Ike745|maybe try some hard work
|inactive|Ike745 has 5 seconds left.
|c|☆Ike745|earn it the hard way once
|
|t:|1663048215
|move|p2a: Twilight|Max Darkness|p1a: Calyrex
|-supereffective|p1a: Calyrex
|-damage|p1a: Calyrex|0 fnt
|faint|p1a: Calyrex
|-damage|p2a: Twilight|91/100|[from] item: Life Orb
|
|win|Apprenti Buck
|inactive|Ike745 has 10 seconds left this turn.
|raw|Ike745's rating: 1832 &rarr; <strong>1817</strong><br />(-15 for losing)
|raw|Apprenti Buck's rating: 1916 &rarr; <strong>1931</strong><br />(+15 for winning)
|l|☆Ike745
|l| Whitedevil12345678
