|j|☆starkorea74
|j|☆spicyntegral
|t:|1641336888
|gametype|singles
|player|p1|starkorea74|2|1912
|player|p2|spicyntegral|n|1733
|teamsize|p1|6
|teamsize|p2|6
|gen|8
|tier|[Gen 8] National Dex AG
|rated|
|rule|HP Percentage Mod: HP is shown in percentages
|rule|Endless Battle Clause: Forcing endless battles is banned
|clearpoke
|poke|p1|Calyrex-Shadow|
|poke|p1|Rayquaza|
|poke|p1|Arceus-*|
|poke|p1|Ho-Oh|
|poke|p1|Necrozma-Dusk-Mane|
|poke|p1|Yveltal|
|poke|p2|Kyogre|
|poke|p2|Groudon|
|poke|p2|Rayquaza|
|poke|p2|Arceus-*|
|poke|p2|Yveltal|
|poke|p2|Zacian-*|
|teampreview
|inactive|Battle timer is ON: inactive players will automatically lose when time's up. (requested by starkorea74)
|
|t:|1641336975
|start
|switch|p1a: Rayquaza|Rayquaza|100/100
|switch|p2a: Groudon|Groudon|100/100
|-ability|p1a: Rayquaza|Air Lock
|detailschange|p2a: Groudon|Groudon-Primal
|-primal|p2a: Groudon
|-weather|DesolateLand|[from] ability: Desolate Land|[of] p2a: Groudon
|turn|1
|
|t:|1641336990
|detailschange|p1a: Rayquaza|Rayquaza-Mega
|-mega|p1a: Rayquaza|Rayquaza|
|-weather|DeltaStream|[from] ability: Delta Stream|[of] p1a: Rayquaza
|move|p1a: Rayquaza|Dragon Ascent|p2a: Groudon
|-damage|p2a: Groudon|23/100
|-unboost|p1a: Rayquaza|def|1
|-unboost|p1a: Rayquaza|spd|1
|move|p2a: Groudon|Stealth Rock|p1a: Rayquaza
|-sidestart|p1: starkorea74|move: Stealth Rock
|
|-weather|DeltaStream|[upkeep]
|upkeep
|turn|2
|
|t:|1641337001
|move|p1a: Rayquaza|Dragon Ascent|p2a: Groudon
|-damage|p2a: Groudon|0 fnt
|-unboost|p1a: Rayquaza|def|1
|-unboost|p1a: Rayquaza|spd|1
|faint|p2a: Groudon
|
|-weather|DeltaStream|[upkeep]
|upkeep
|
|t:|1641337014
|switch|p2a: Arceus|Arceus-Ground|100/100
|turn|3
|
|t:|1641337026
|-weather|none
|switch|p1a: Ho-Oh|Ho-Oh|100/100
|move|p2a: Arceus|Ice Beam|p1a: Ho-Oh
|-damage|p1a: Ho-Oh|86/100
|
|upkeep
|turn|4
|
|t:|1641337042
|switch|p2a: Kyogre|Kyogre|100/100
|-weather|RainDance|[from] ability: Drizzle|[of] p2a: Kyogre
|move|p1a: Ho-Oh|Defog|p2a: Kyogre
|-unboost|p2a: Kyogre|evasion|1
|-sideend|p1: starkorea74|Stealth Rock|[from] move: Defog|[of] p1a: Ho-Oh
|
|-weather|RainDance|[upkeep]
|upkeep
|turn|5
|
|t:|1641337058
|switch|p1a: Rayquaza|Rayquaza-Mega|100/100
|-weather|DeltaStream|[from] ability: Delta Stream|[of] p1a: Rayquaza
|move|p2a: Kyogre|Ice Beam|p1a: Rayquaza
|-activate||deltastream
|-supereffective|p1a: Rayquaza
|-damage|p1a: Rayquaza|31/100
|
|-weather|DeltaStream|[upkeep]
|upkeep
|turn|6
|
|t:|1641337077
|-weather|none
|switch|p1a: Necrozma|Necrozma-Dusk-Mane|100/100
|move|p2a: Kyogre|Ice Beam|p1a: Necrozma
|-resisted|p1a: Necrozma
|-damage|p1a: Necrozma|86/100
|
|-heal|p1a: Necrozma|92/100|[from] item: Leftovers
|upkeep
|turn|7
|
|t:|1641337088
|switch|p2a: Arceus|Arceus-Ground|100/100
|switch|p1a: Rayquaza|Rayquaza-Mega|31/100
|-weather|DeltaStream|[from] ability: Delta Stream|[of] p1a: Rayquaza
|
|-weather|DeltaStream|[upkeep]
|upkeep
|turn|8
|
|t:|1641337100
|-weather|none
|switch|p1a: Ho-Oh|Ho-Oh|100/100
|move|p2a: Arceus|Ice Beam|p1a: Ho-Oh
|-damage|p1a: Ho-Oh|86/100
|
|upkeep
|turn|9
|
|t:|1641337114
|switch|p2a: Rayquaza|Rayquaza, shiny|100/100
|-ability|p2a: Rayquaza|Air Lock
|move|p1a: Ho-Oh|Toxic|p2a: Rayquaza
|-status|p2a: Rayquaza|tox
|
|-damage|p2a: Rayquaza|95/100 tox|[from] psn
|upkeep
|turn|10
|
|t:|1641337135
|switch|p1a: Necrozma|Necrozma-Dusk-Mane|92/100
|detailschange|p2a: Rayquaza|Rayquaza-Mega, shiny
|-mega|p2a: Rayquaza|Rayquaza|
|-weather|DeltaStream|[from] ability: Delta Stream|[of] p2a: Rayquaza
|move|p2a: Rayquaza|Overheat|p1a: Necrozma
|-supereffective|p1a: Necrozma
|-damage|p1a: Necrozma|11/100
|-unboost|p2a: Rayquaza|spa|2
|-damage|p2a: Rayquaza|85/100 tox|[from] item: Life Orb
|
|-weather|DeltaStream|[upkeep]
|-heal|p1a: Necrozma|17/100|[from] item: Leftovers
|-damage|p2a: Rayquaza|73/100 tox|[from] psn
|upkeep
|turn|11
|inactive|spicyntegral has 120 seconds left.
|
|t:|1641337166
|switch|p1a: Ho-Oh|Ho-Oh|100/100
|move|p2a: Rayquaza|Dragon Ascent|p1a: Ho-Oh
|-damage|p1a: Ho-Oh|23/100
|-unboost|p2a: Rayquaza|def|1
|-unboost|p2a: Rayquaza|spd|1
|-damage|p2a: Rayquaza|63/100 tox|[from] item: Life Orb
|
|-weather|DeltaStream|[upkeep]
|-damage|p2a: Rayquaza|45/100 tox|[from] psn
|upkeep
|turn|12
|inactive|starkorea74 has 120 seconds left.
|
|t:|1641337210
|switch|p1a: Necrozma|Necrozma-Dusk-Mane|17/100
|move|p2a: Rayquaza|Dragon Ascent|p1a: Necrozma
|-resisted|p1a: Necrozma
|-damage|p1a: Necrozma|0 fnt
|-unboost|p2a: Rayquaza|def|1
|-unboost|p2a: Rayquaza|spd|1
|faint|p1a: Necrozma
|-damage|p2a: Rayquaza|35/100 tox|[from] item: Life Orb
|
|-weather|DeltaStream|[upkeep]
|-damage|p2a: Rayquaza|11/100 tox|[from] psn
|upkeep
|
|t:|1641337221
|switch|p1a: Calyrex|Calyrex-Shadow|100/100
|-ability|p1a: Calyrex|As One
|-ability|p1a: Calyrex|Unnerve
|turn|13
|inactive|spicyntegral has 120 seconds left.
|
|t:|1641337234
|-weather|none
|switch|p2a: Yveltal|Yveltal|100/100
|-ability|p2a: Yveltal|Dark Aura
|move|p1a: Calyrex|Astral Barrage|p2a: Yveltal
|-resisted|p2a: Yveltal
|-damage|p2a: Yveltal|61/100
|
|upkeep
|turn|14
|inactive|spicyntegral has 120 seconds left.
|
|t:|1641337246
|switch|p1a: Arceus|Arceus-Dark|100/100
|-start|p2a: Yveltal|Dynamax
|-heal|p2a: Yveltal|61/100|[silent]
|move|p2a: Yveltal|Max Airstream|p1a: Arceus
|-damage|p1a: Arceus|50/100
|-boost|p2a: Yveltal|spe|1
|-damage|p2a: Yveltal|56/100|[from] item: Life Orb
|
|upkeep
|turn|15
|inactive|spicyntegral has 120 seconds left.
|
|t:|1641337260
|move|p2a: Yveltal|Max Airstream|p1a: Arceus
|-damage|p1a: Arceus|5/100
|-boost|p2a: Yveltal|spe|1
|-damage|p2a: Yveltal|51/100|[from] item: Life Orb
|move|p1a: Arceus|Recover|p1a: Arceus
|-heal|p1a: Arceus|55/100
|
|upkeep
|turn|16
|inactive|spicyntegral has 120 seconds left.
|
|t:|1641337272
|move|p2a: Yveltal|Max Darkness|p1a: Arceus
|-resisted|p1a: Arceus
|-damage|p1a: Arceus|25/100
|-unboost|p1a: Arceus|spd|1
|-damage|p2a: Yveltal|46/100|[from] item: Life Orb
|move|p1a: Arceus|Recover|p1a: Arceus
|-heal|p1a: Arceus|75/100
|
|-end|p2a: Yveltal|Dynamax
|-heal|p2a: Yveltal|46/100|[silent]
|upkeep
|turn|17
|inactive|spicyntegral has 120 seconds left.
|
|t:|1641337287
|switch|p1a: Ho-Oh|Ho-Oh|57/100
|move|p2a: Yveltal|Oblivion Wing|p1a: Ho-Oh
|-damage|p1a: Ho-Oh|22/100
|-heal|p2a: Yveltal|73/100|[from] drain|[of] p1a: Ho-Oh
|-damage|p2a: Yveltal|63/100|[from] item: Life Orb
|
|upkeep
|turn|18
|inactive|spicyntegral has 120 seconds left.
|
|t:|1641337299
|switch|p1a: Arceus|Arceus-Dark|75/100
|move|p2a: Yveltal|Dark Pulse|p1a: Arceus
|-resisted|p1a: Arceus
|-damage|p1a: Arceus|55/100
|-damage|p2a: Yveltal|54/100|[from] item: Life Orb
|
|upkeep
|turn|19
|inactive|starkorea74 has 120 seconds left.
|inactive|spicyntegral has 120 seconds left.
|
|t:|1641337310
|move|p2a: Yveltal|Oblivion Wing|p1a: Arceus
|-damage|p1a: Arceus|25/100
|-heal|p2a: Yveltal|78/100|[from] drain|[of] p1a: Arceus
|-damage|p2a: Yveltal|69/100|[from] item: Life Orb
|move|p1a: Arceus|Recover|p1a: Arceus
|-heal|p1a: Arceus|75/100
|
|upkeep
|turn|20
|inactive|spicyntegral has 120 seconds left.
|
|t:|1641337320
|move|p2a: Yveltal|Oblivion Wing|p1a: Arceus
|-damage|p1a: Arceus|44/100
|-heal|p2a: Yveltal|95/100|[from] drain|[of] p1a: Arceus
|-damage|p2a: Yveltal|85/100|[from] item: Life Orb
|move|p1a: Arceus|Recover|p1a: Arceus
|-heal|p1a: Arceus|94/100
|
|upkeep
|turn|21
|inactive|spicyntegral has 120 seconds left.
|
|t:|1641337333
|switch|p2a: Rayquaza|Rayquaza-Mega, shiny|11/100 tox
|-weather|DeltaStream|[from] ability: Delta Stream|[of] p2a: Rayquaza
|move|p1a: Arceus|Calm Mind|p1a: Arceus
|-boost|p1a: Arceus|spa|1
|-boost|p1a: Arceus|spd|1
|
|-weather|DeltaStream|[upkeep]
|-damage|p2a: Rayquaza|5/100 tox|[from] psn
|upkeep
|turn|22
|inactive|spicyntegral has 120 seconds left.
|
|t:|1641337345
|move|p2a: Rayquaza|Dragon Ascent|p1a: Arceus
|-damage|p1a: Arceus|23/100
|-unboost|p2a: Rayquaza|def|1
|-unboost|p2a: Rayquaza|spd|1
|-damage|p2a: Rayquaza|0 fnt|[from] item: Life Orb
|faint|p2a: Rayquaza
|-weather|none
|move|p1a: Arceus|Recover|p1a: Arceus
|-heal|p1a: Arceus|73/100
|
|upkeep
|inactive|spicyntegral has 120 seconds left.
|
|t:|1641337359
|switch|p2a: Zacian|Zacian-Crowned|100/100
|-ability|p2a: Zacian|Intrepid Sword|boost
|-boost|p2a: Zacian|atk|1
|turn|23
|inactive|spicyntegral has 120 seconds left.
|
|t:|1641337379
|switch|p1a: Ho-Oh|Ho-Oh|56/100
|move|p2a: Zacian|Substitute|p2a: Zacian
|-start|p2a: Zacian|Substitute
|-damage|p2a: Zacian|76/100
|
|upkeep
|turn|24
|inactive|starkorea74 has 120 seconds left.
|
|t:|1641337402
|move|p2a: Zacian|Wild Charge|p1a: Ho-Oh
|-supereffective|p1a: Ho-Oh
|-damage|p1a: Ho-Oh|0 fnt
|faint|p1a: Ho-Oh
|-damage|p2a: Zacian|58/100|[from] Recoil
|
|upkeep
|inactive|starkorea74 has 120 seconds left.
|
|t:|1641337408
|switch|p1a: Calyrex|Calyrex-Shadow|100/100
|-ability|p1a: Calyrex|As One
|-ability|p1a: Calyrex|Unnerve
|turn|25
|
|t:|1641337415
|move|p1a: Calyrex|Astral Barrage|p2a: Zacian
|-end|p2a: Zacian|Substitute
|move|p2a: Zacian|Behemoth Blade|p1a: Calyrex
|-enditem|p1a: Calyrex|Focus Sash
|-damage|p1a: Calyrex|1/100
|
|upkeep
|turn|26
|
|t:|1641337435
|switch|p2a: Yveltal|Yveltal|85/100
|-ability|p2a: Yveltal|Dark Aura
|move|p1a: Calyrex|Astral Barrage|p2a: Yveltal
|-resisted|p2a: Yveltal
|-damage|p2a: Yveltal|50/100
|
|upkeep
|turn|27
|inactive|starkorea74 has 120 seconds left.
|
|t:|1641337461
|move|p1a: Calyrex|Baton Pass|p1a: Calyrex
|
|t:|1641337476
|switch|p1a: Arceus|Arceus-Dark|73/100|[from]move: Baton Pass
|move|p2a: Yveltal|Oblivion Wing|p1a: Arceus
|-damage|p1a: Arceus|42/100
|-heal|p2a: Yveltal|76/100|[from] drain|[of] p1a: Arceus
|-damage|p2a: Yveltal|66/100|[from] item: Life Orb
|
|upkeep
|turn|28
|
|t:|1641337490
|switch|p2a: Zacian|Zacian-Crowned|58/100
|-ability|p2a: Zacian|Intrepid Sword|boost
|-boost|p2a: Zacian|atk|1
|move|p1a: Arceus|Recover|p1a: Arceus
|-heal|p1a: Arceus|92/100
|
|upkeep
|turn|29
|inactive|starkorea74 has 120 seconds left.
|
|t:|1641337501
|switch|p1a: Rayquaza|Rayquaza-Mega|31/100
|-weather|DeltaStream|[from] ability: Delta Stream|[of] p1a: Rayquaza
|move|p2a: Zacian|Substitute|p2a: Zacian
|-start|p2a: Zacian|Substitute
|-damage|p2a: Zacian|33/100
|
|-weather|DeltaStream|[upkeep]
|upkeep
|turn|30
|inactive|starkorea74 has 120 seconds left.
|
|t:|1641337509
|move|p1a: Rayquaza|Extreme Speed|p2a: Zacian
|-resisted|p2a: Zacian
|-end|p2a: Zacian|Substitute
|move|p2a: Zacian|Behemoth Blade|p1a: Rayquaza
|-damage|p1a: Rayquaza|0 fnt
|faint|p1a: Rayquaza
|-weather|none
|
|upkeep
|inactive|starkorea74 has 120 seconds left.
|
|t:|1641337516
|switch|p1a: Calyrex|Calyrex-Shadow|1/100
|-ability|p1a: Calyrex|As One
|-ability|p1a: Calyrex|Unnerve
|turn|31
|
|t:|1641337539
|move|p1a: Calyrex|Astral Barrage|p2a: Zacian
|-damage|p2a: Zacian|0 fnt
|faint|p2a: Zacian
|-ability|p1a: Calyrex|Grim Neigh|boost
|-boost|p1a: Calyrex|spa|1
|
|upkeep
|
|t:|1641337548
|switch|p2a: Arceus|Arceus-Ground|100/100
|turn|32
|
|t:|1641337553
|move|p1a: Calyrex|Baton Pass|p1a: Calyrex
|
|t:|1641337557
|switch|p1a: Arceus|Arceus-Dark|92/100|[from]move: Baton Pass
|move|p2a: Arceus|Judgment|p1a: Arceus
|-damage|p1a: Arceus|68/100
|
|upkeep
|turn|33
|
|t:|1641337567
|switch|p2a: Kyogre|Kyogre|100/100
|-weather|RainDance|[from] ability: Drizzle|[of] p2a: Kyogre
|move|p1a: Arceus|Calm Mind|p1a: Arceus
|-boost|p1a: Arceus|spa|1
|-boost|p1a: Arceus|spd|1
|
|-weather|RainDance|[upkeep]
|upkeep
|turn|34
|inactive|starkorea74 has 120 seconds left.
|
|t:|1641337606
|-start|p1a: Arceus|Dynamax
|-heal|p1a: Arceus|68/100|[silent]
|move|p2a: Kyogre|Origin Pulse|p1a: Arceus
|-damage|p1a: Arceus|52/100
|move|p1a: Arceus|Max Darkness|p2a: Kyogre
|-damage|p2a: Kyogre|15/100
|-unboost|p2a: Kyogre|spd|1
|
|-weather|RainDance|[upkeep]
|upkeep
|turn|35
|inactive|starkorea74 has 120 seconds left.
|
|t:|1641337634
|switch|p2a: Yveltal|Yveltal|66/100
|-ability|p2a: Yveltal|Dark Aura
|move|p1a: Arceus|Max Darkness|p2a: Yveltal
|-resisted|p2a: Yveltal
|-damage|p2a: Yveltal|0 fnt
|faint|p2a: Yveltal
|
|-weather|RainDance|[upkeep]
|upkeep
|
|t:|1641337646
|switch|p2a: Arceus|Arceus-Ground|100/100
|turn|36
|
|t:|1641337655
|move|p2a: Arceus|Judgment|p1a: Arceus
|-damage|p1a: Arceus|44/100
|move|p1a: Arceus|Max Darkness|p2a: Arceus
|-damage|p2a: Arceus|19/100
|-unboost|p2a: Arceus|spd|1
|
|-weather|RainDance|[upkeep]
|-end|p1a: Arceus|Dynamax
|-heal|p1a: Arceus|44/100|[silent]
|upkeep
|turn|37
|inactive|spicyntegral has 120 seconds left.
|
|t:|1641337678
|switch|p2a: Kyogre|Kyogre|15/100
|move|p1a: Arceus|Recover|p1a: Arceus
|-heal|p1a: Arceus|94/100
|
|-weather|none
|upkeep
|turn|38
|
|t:|1641337684
|switch|p2a: Arceus|Arceus-Ground|19/100
|move|p1a: Arceus|Judgment|p2a: Arceus
|-damage|p2a: Arceus|0 fnt
|faint|p2a: Arceus
|
|upkeep
|-message|spicyntegral forfeited.
|
|win|starkorea74
|raw|starkorea74's rating: 1912 &rarr; <strong>1923</strong><br />(+11 for winning)
|raw|spicyntegral's rating: 1733 &rarr; <strong>1722</strong><br />(-11 for losing)
|l|☆spicyntegral
|l|☆starkorea74
||Ladder isn't responding, score probably updated but might not have (Request timeout).
