|j|☆Nobodi_Nowan
|j|☆gerninja1
|t:|1661423515
|gametype|singles
|player|p1|Nobodi_Nowan|akari|1787
|player|p2|gerninja1|101|1911
|teamsize|p1|6
|teamsize|p2|6
|gen|8
|tier|[Gen 8] National Dex AG
|rated|
|rule|HP Percentage Mod: HP is shown in percentages
|rule|Endless Battle Clause: Forcing endless battles is banned
|clearpoke
|poke|p1|Forretress, M|
|poke|p1|Arceus-*|
|poke|p1|Kyogre|
|poke|p1|Calyrex-Shadow|
|poke|p1|Zacian-*|
|poke|p1|Rayquaza|
|poke|p2|Zygarde|
|poke|p2|Necrozma-Dusk-Mane|
|poke|p2|Arceus-*|
|poke|p2|Arceus-*|
|poke|p2|Ho-Oh|
|poke|p2|Calyrex-Shadow|
|teampreview
|
|t:|1661423527
|start
|switch|p1a: Arceus|Arceus|100/100
|switch|p2a: Arceus|Arceus-Dark|100/100
|turn|1
|
|t:|1661423539
|switch|p2a: Ho-Oh|Ho-Oh|100/100
|move|p1a: Arceus|Swords Dance|p1a: Arceus
|-boost|p1a: Arceus|atk|2
|
|upkeep
|turn|2
|
|t:|1661423545
|move|p1a: Arceus|Swords Dance|p1a: Arceus
|-boost|p1a: Arceus|atk|2
|move|p2a: Ho-Oh|Toxic|p1a: Arceus
|-status|p1a: Arceus|tox
|-enditem|p1a: Arceus|Lum Berry|[eat]
|-curestatus|p1a: Arceus|tox|[msg]
|
|upkeep
|turn|3
|
|t:|1661423552
|-start|p1a: Arceus|Dynamax|
|-heal|p1a: Arceus|100/100|[silent]
|move|p1a: Arceus|Max Strike|p2a: Ho-Oh
|-damage|p2a: Ho-Oh|0 fnt
|faint|p2a: Ho-Oh
|
|upkeep
|
|t:|1661423556
|switch|p2a: Necrozma|Necrozma-Dusk-Mane|100/100
|turn|4
|
|t:|1661423559
|-start|p2a: Necrozma|Dynamax|
|-heal|p2a: Necrozma|100/100|[silent]
|move|p2a: Necrozma|Max Guard|p2a: Necrozma
|-singleturn|p2a: Necrozma|Max Guard
|move|p1a: Arceus|Max Phantasm|p2a: Necrozma
|-activate|p2a: Necrozma|move: Max Guard
|
|upkeep
|turn|5
|
|t:|1661423565
|move|p1a: Arceus|Max Phantasm|p2a: Necrozma
|-supereffective|p2a: Necrozma
|-damage|p2a: Necrozma|50/100
|-unboost|p2a: Necrozma|def|1
|move|p2a: Necrozma|Max Steelspike|p1a: Arceus
|-damage|p1a: Arceus|79/100
|-boost|p2a: Necrozma|def|1
|
|upkeep
|-end|p1a: Arceus|Dynamax
|-heal|p1a: Arceus|79/100|[silent]
|turn|6
|j| rahull
|
|t:|1661423577
|move|p1a: Arceus|Recover|p1a: Arceus
|-heal|p1a: Arceus|100/100
|move|p2a: Necrozma|Max Steelspike|p1a: Arceus
|-damage|p1a: Arceus|55/100
|-boost|p2a: Necrozma|def|1
|
|upkeep
|-end|p2a: Necrozma|Dynamax
|-heal|p2a: Necrozma|50/100|[silent]
|turn|7
|
|t:|1661423585
|move|p1a: Arceus|Recover|p1a: Arceus
|-heal|p1a: Arceus|100/100
|move|p2a: Necrozma|Toxic|p1a: Arceus
|-status|p1a: Arceus|tox
|
|-damage|p1a: Arceus|94/100 tox|[from] psn
|upkeep
|turn|8
|
|t:|1661423592
|move|p1a: Arceus|Shadow Claw|p2a: Necrozma
|-supereffective|p2a: Necrozma
|-damage|p2a: Necrozma|13/100
|-damage|p1a: Arceus|78/100 tox|[from] item: Rocky Helmet|[of] p2a: Necrozma
|move|p2a: Necrozma|Morning Sun|p2a: Necrozma
|-heal|p2a: Necrozma|63/100
|
|-damage|p1a: Arceus|66/100 tox|[from] psn
|upkeep
|turn|9
|
|t:|1661423600
|move|p1a: Arceus|Shadow Claw|p2a: Necrozma
|-supereffective|p2a: Necrozma
|-damage|p2a: Necrozma|21/100
|-damage|p1a: Arceus|49/100 tox|[from] item: Rocky Helmet|[of] p2a: Necrozma
|move|p2a: Necrozma|Morning Sun|p2a: Necrozma
|-heal|p2a: Necrozma|71/100
|
|-damage|p1a: Arceus|31/100 tox|[from] psn
|upkeep
|turn|10
|
|t:|1661423609
|switch|p1a: Kyogre|Kyogre|100/100
|detailschange|p1a: Kyogre|Kyogre-Primal
|-primal|p1a: Kyogre
|-weather|PrimordialSea|[from] ability: Primordial Sea|[of] p1a: Kyogre
|move|p2a: Necrozma|Morning Sun|p2a: Necrozma
|-heal|p2a: Necrozma|96/100
|
|-weather|PrimordialSea|[upkeep]
|upkeep
|turn|11
|
|t:|1661423621
|move|p1a: Kyogre|Water Spout|p2a: Necrozma
|-damage|p2a: Necrozma|0 fnt
|faint|p2a: Necrozma
|
|-weather|PrimordialSea|[upkeep]
|upkeep
|
|t:|1661423624
|switch|p2a: Arceus|Arceus-Dark|100/100
|turn|12
|
|t:|1661423628
|-weather|none
|switch|p1a: Arceus|Arceus|31/100 tox
|move|p2a: Arceus|Calm Mind|p2a: Arceus
|-boost|p2a: Arceus|spa|1
|-boost|p2a: Arceus|spd|1
|
|-damage|p1a: Arceus|25/100 tox|[from] psn
|upkeep
|turn|13
|
|t:|1661423636
|move|p2a: Arceus|Calm Mind|p2a: Arceus
|-boost|p2a: Arceus|spa|1
|-boost|p2a: Arceus|spd|1
|move|p1a: Arceus|Swords Dance|p1a: Arceus
|-boost|p1a: Arceus|atk|2
|
|-damage|p1a: Arceus|13/100 tox|[from] psn
|upkeep
|turn|14
|
|t:|1661423643
|move|p1a: Arceus|Extreme Speed|p2a: Arceus
|-damage|p2a: Arceus|39/100
|move|p2a: Arceus|Recover|p2a: Arceus
|-heal|p2a: Arceus|89/100
|
|-damage|p1a: Arceus|0 fnt|[from] psn
|faint|p1a: Arceus
|upkeep
|
|t:|1661423650
|switch|p1a: Zacian|Zacian-Crowned, shiny|100/100
|-ability|p1a: Zacian|Intrepid Sword|boost
|-boost|p1a: Zacian|atk|1
|turn|15
|
|t:|1661423654
|move|p1a: Zacian|Close Combat|p2a: Arceus
|-supereffective|p2a: Arceus
|-damage|p2a: Arceus|0 fnt
|-unboost|p1a: Zacian|def|1
|-unboost|p1a: Zacian|spd|1
|faint|p2a: Arceus
|
|upkeep
|
|t:|1661423668
|switch|p2a: Calyrex|Calyrex-Shadow|100/100
|-ability|p2a: Calyrex|As One
|-ability|p2a: Calyrex|Unnerve
|turn|16
|
|t:|1661423675
|switch|p1a: Forretress|Forretress, M|100/100
|move|p2a: Calyrex|Astral Barrage|p1a: Forretress
|-ability|p1a: Forretress|Sturdy
|-damage|p1a: Forretress|1/100
|
|-heal|p1a: Forretress|7/100|[from] item: Leftovers
|upkeep
|turn|17
|
|t:|1661423683
|move|p2a: Calyrex|Astral Barrage|p1a: Forretress
|-damage|p1a: Forretress|0 fnt
|faint|p1a: Forretress
|-ability|p2a: Calyrex|Grim Neigh|boost
|-boost|p2a: Calyrex|spa|1
|
|upkeep
|
|t:|1661423690
|switch|p1a: Kyogre|Kyogre-Primal|100/100
|-weather|PrimordialSea|[from] ability: Primordial Sea|[of] p1a: Kyogre
|turn|18
|
|t:|1661423693
|move|p2a: Calyrex|Astral Barrage|p1a: Kyogre
|-damage|p1a: Kyogre|23/100
|move|p1a: Kyogre|Thunder|p2a: Calyrex
|-damage|p2a: Calyrex|48/100
|
|-weather|PrimordialSea|[upkeep]
|upkeep
|turn|19
|
|t:|1661423700
|move|p2a: Calyrex|Astral Barrage|p1a: Kyogre
|-damage|p1a: Kyogre|0 fnt
|faint|p1a: Kyogre
|-weather|none
|-ability|p2a: Calyrex|Grim Neigh|boost
|-boost|p2a: Calyrex|spa|1
|
|upkeep
|
|t:|1661423707
|switch|p1a: Calyrex|Calyrex-Shadow|100/100
|-ability|p1a: Calyrex|As One
|-ability|p1a: Calyrex|Unnerve
|turn|20
|
|t:|1661423711
|move|p1a: Calyrex|Astral Barrage|p2a: Calyrex
|-supereffective|p2a: Calyrex
|-damage|p2a: Calyrex|0 fnt
|faint|p2a: Calyrex
|-ability|p1a: Calyrex|Grim Neigh|boost
|-boost|p1a: Calyrex|spa|1
|
|upkeep
|
|t:|1661423720
|switch|p2a: Zygarde|Zygarde|100/100
|turn|21
|
|t:|1661423728
|move|p1a: Calyrex|Astral Barrage|p2a: Zygarde
|-damage|p2a: Zygarde|10/100
|move|p2a: Zygarde|Glare|p1a: Calyrex
|-status|p1a: Calyrex|par
|
|-heal|p2a: Zygarde|16/100|[from] item: Leftovers
|-activate|p2a: Zygarde|ability: Power Construct
|detailschange|p2a: Zygarde|Zygarde-Complete
|-heal|p2a: Zygarde|45/100|[silent]
|upkeep
|turn|22
|
|t:|1661423739
|switch|p2a: Arceus|Arceus-Steel|100/100
|cant|p1a: Calyrex|par
|
|upkeep
|turn|23
|
|t:|1661423744
|move|p2a: Arceus|Calm Mind|p2a: Arceus
|-boost|p2a: Arceus|spa|1
|-boost|p2a: Arceus|spd|1
|move|p1a: Calyrex|Astral Barrage|p2a: Arceus
|-damage|p2a: Arceus|54/100
|
|upkeep
|turn|24
|
|t:|1661423751
|switch|p1a: Zacian|Zacian-Crowned, shiny|100/100
|-ability|p1a: Zacian|Intrepid Sword|boost
|-boost|p1a: Zacian|atk|1
|move|p2a: Arceus|Recover|p2a: Arceus
|-heal|p2a: Arceus|100/100
|
|upkeep
|turn|25
|
|t:|1661423758
|move|p1a: Zacian|Close Combat|p2a: Arceus
|-supereffective|p2a: Arceus
|-damage|p2a: Arceus|4/100
|-unboost|p1a: Zacian|def|1
|-unboost|p1a: Zacian|spd|1
|move|p2a: Arceus|Judgment|p1a: Zacian
|-damage|p1a: Zacian|7/100
|
|upkeep
|turn|26
|l| rahull
|
|t:|1661423768
|move|p1a: Zacian|Close Combat|p2a: Arceus
|-supereffective|p2a: Arceus
|-damage|p2a: Arceus|0 fnt
|-unboost|p1a: Zacian|def|1
|-unboost|p1a: Zacian|spd|1
|faint|p2a: Arceus
|
|upkeep
|
|t:|1661423769
|switch|p2a: Zygarde|Zygarde-Complete|45/100
|turn|27
|
|t:|1661423775
|move|p1a: Zacian|Substitute|p1a: Zacian
|-fail|p1a: Zacian|move: Substitute|[weak]
|move|p2a: Zygarde|Coil|p2a: Zygarde
|-boost|p2a: Zygarde|atk|1
|-boost|p2a: Zygarde|def|1
|-boost|p2a: Zygarde|accuracy|1
|
|-heal|p2a: Zygarde|51/100|[from] item: Leftovers
|upkeep
|turn|28
|c|☆Nobodi_Nowan|fuuuuuuuuuck
|
|t:|1661423783
|move|p1a: Zacian|Behemoth Blade|p2a: Zygarde
|-damage|p2a: Zygarde|30/100
|move|p2a: Zygarde|Coil|p2a: Zygarde
|-boost|p2a: Zygarde|atk|1
|-boost|p2a: Zygarde|def|1
|-boost|p2a: Zygarde|accuracy|1
|
|-heal|p2a: Zygarde|36/100|[from] item: Leftovers
|upkeep
|turn|29
|
|t:|1661423794
|switch|p1a: Calyrex|Calyrex-Shadow|100/100 par
|-ability|p1a: Calyrex|As One
|-ability|p1a: Calyrex|Unnerve
|move|p2a: Zygarde|Coil|p2a: Zygarde
|-boost|p2a: Zygarde|atk|1
|-boost|p2a: Zygarde|def|1
|-boost|p2a: Zygarde|accuracy|1
|
|-heal|p2a: Zygarde|42/100|[from] item: Leftovers
|upkeep
|turn|30
|
|t:|1661423804
|move|p1a: Calyrex|Trick|p2a: Zygarde
|-activate|p1a: Calyrex|move: Trick|[of] p2a: Zygarde
|-item|p2a: Zygarde|Choice Scarf|[from] move: Trick
|-item|p1a: Calyrex|Leftovers|[from] move: Trick
|move|p2a: Zygarde|Thousand Arrows|p1a: Calyrex
|-damage|p1a: Calyrex|15/100 par
|
|-heal|p1a: Calyrex|22/100 par|[from] item: Leftovers
|upkeep
|turn|31
|c|☆gerninja1|oh ur faster anyways
|c|☆gerninja1|WAIT
|c|☆gerninja1|U FOOL
|
|t:|1661423820
|move|p2a: Zygarde|Thousand Arrows|p1a: Calyrex
|-damage|p1a: Calyrex|0 fnt
|faint|p1a: Calyrex
|
|upkeep
|
|t:|1661423824
|switch|p1a: Rayquaza|Rayquaza|100/100
|-ability|p1a: Rayquaza|Air Lock
|turn|32
|
|t:|1661423830
|detailschange|p1a: Rayquaza|Rayquaza-Mega
|-mega|p1a: Rayquaza|Rayquaza|
|-weather|DeltaStream|[from] ability: Delta Stream|[of] p1a: Rayquaza
|move|p1a: Rayquaza|Endure|p1a: Rayquaza
|-singleturn|p1a: Rayquaza|move: Endure
|move|p2a: Zygarde|Thousand Arrows|p1a: Rayquaza
|-damage|p1a: Rayquaza|22/100
|-start|p1a: Rayquaza|Smack Down
|
|-weather|DeltaStream|[upkeep]
|upkeep
|turn|33
|c|☆gerninja1|FOOL
|-enditem|p1a: Rayquaza|Custap Berry|[eat]
|-activate|p1a: Rayquaza|item: Custap Berry|[consumed]
|
|t:|1661423842
|move|p1a: Rayquaza|Surf|p2a: Zygarde
|-damage|p2a: Zygarde|22/100
|move|p2a: Zygarde|Thousand Arrows|p1a: Rayquaza
|-damage|p1a: Rayquaza|0 fnt
|faint|p1a: Rayquaza
|-weather|none
|
|upkeep
|
|t:|1661423850
|switch|p1a: Zacian|Zacian-Crowned, shiny|7/100
|-ability|p1a: Zacian|Intrepid Sword|boost
|-boost|p1a: Zacian|atk|1
|turn|34
|
|t:|1661423854
|move|p1a: Zacian|Behemoth Blade|p2a: Zygarde
|-damage|p2a: Zygarde|8/100
|move|p2a: Zygarde|Thousand Arrows|p1a: Zacian
|-supereffective|p1a: Zacian
|-damage|p1a: Zacian|0 fnt
|faint|p1a: Zacian
|
|win|gerninja1
|raw|Nobodi_Nowan's rating: 1787 &rarr; <strong>1774</strong><br />(-13 for losing)
|raw|gerninja1's rating: 1911 &rarr; <strong>1924</strong><br />(+13 for winning)
|c|☆gerninja1|LMFAOO
|c|☆Nobodi_Nowan|hehe
|l|☆Nobodi_Nowan
|j| Testing teams 596
||Ladder isn't responding, score probably updated but might not have (Request timeout).
