|j|☆alt1445645
|j|☆lemoncell0
|t:|1661398567
|gametype|singles
|player|p1|alt1445645|266|1714
|player|p2|lemoncell0|allister|1900
|teamsize|p1|6
|teamsize|p2|6
|gen|8
|tier|[Gen 8] National Dex AG
|rated|
|rule|HP Percentage Mod: HP is shown in percentages
|rule|Endless Battle Clause: Forcing endless battles is banned
|clearpoke
|poke|p1|Groudon|
|poke|p1|Rayquaza|
|poke|p1|Zygarde|
|poke|p1|Arceus-*|
|poke|p1|Calyrex-Shadow|
|poke|p1|Xerneas-*|
|poke|p2|Latias, F|
|poke|p2|Quagsire, M|
|poke|p2|Tyranitar, M|
|poke|p2|Ditto|
|poke|p2|Gothitelle, M|
|poke|p2|Zacian-*|
|teampreview
|
|t:|1661398580
|start
|switch|p1a: Shi Oh You|Zygarde, shiny|100/100
|switch|p2a: Zacian|Zacian|100/100
|-ability|p2a: Zacian|Intrepid Sword|boost
|-boost|p2a: Zacian|atk|1
|turn|1
|inactive|Battle timer is ON: inactive players will automatically lose when time's up. (requested by lemoncell0)
|j| No Mix Mega
|
|t:|1661398594
|switch|p2a: Quagsire|Quagsire, M|100/100
|move|p1a: Shi Oh You|Glare|p2a: Quagsire
|-status|p2a: Quagsire|par
|
|upkeep
|turn|2
|
|t:|1661398600
|move|p1a: Shi Oh You|Substitute|p1a: Shi Oh You
|-start|p1a: Shi Oh You|Substitute
|-damage|p1a: Shi Oh You|75/100
|move|p2a: Quagsire|Earthquake|p1a: Shi Oh You
|-activate|p1a: Shi Oh You|move: Substitute|[damage]
|
|-heal|p1a: Shi Oh You|82/100|[from] item: Leftovers
|upkeep
|turn|3
|
|t:|1661398605
|move|p1a: Shi Oh You|Thousand Arrows|p2a: Quagsire
|-damage|p2a: Quagsire|79/100 par
|move|p2a: Quagsire|Earthquake|p1a: Shi Oh You
|-end|p1a: Shi Oh You|Substitute
|
|-heal|p1a: Shi Oh You|88/100|[from] item: Leftovers
|upkeep
|turn|4
|
|t:|1661398609
|move|p1a: Shi Oh You|Substitute|p1a: Shi Oh You
|-start|p1a: Shi Oh You|Substitute
|-damage|p1a: Shi Oh You|63/100
|move|p2a: Quagsire|Recover|p2a: Quagsire
|-heal|p2a: Quagsire|100/100 par
|
|-heal|p1a: Shi Oh You|69/100|[from] item: Leftovers
|upkeep
|turn|5
|
|t:|1661398614
|move|p1a: Shi Oh You|Thousand Arrows|p2a: Quagsire
|-damage|p2a: Quagsire|78/100 par
|move|p2a: Quagsire|Earthquake|p1a: Shi Oh You
|-activate|p1a: Shi Oh You|move: Substitute|[damage]
|
|-heal|p1a: Shi Oh You|75/100|[from] item: Leftovers
|upkeep
|turn|6
|
|t:|1661398626
|switch|p1a: Calyrex|Calyrex-Shadow|100/100
|-ability|p1a: Calyrex|As One
|-ability|p1a: Calyrex|Unnerve
|move|p2a: Quagsire|Earthquake|p1a: Calyrex
|-damage|p1a: Calyrex|62/100
|
|-heal|p1a: Calyrex|69/100|[from] item: Leftovers
|upkeep
|turn|7
|
|t:|1661398630
|switch|p1a: Pyra|Groudon|100/100
|detailschange|p1a: Pyra|Groudon-Primal
|-primal|p1a: Pyra
|-weather|DesolateLand|[from] ability: Desolate Land|[of] p1a: Pyra
|switch|p2a: Tyranitar|Tyranitar, M|100/100
|-ability|p2a: Tyranitar|Sand Stream|[from] desolateland|[fail]
|
|-weather|DesolateLand|[upkeep]
|upkeep
|turn|8
|
|t:|1661398632
|switch|p2a: Latias|Latias, F|100/100
|move|p1a: Pyra|Thunder Wave|p2a: Latias
|-status|p2a: Latias|par
|
|-weather|DesolateLand|[upkeep]
|upkeep
|turn|9
|
|t:|1661398636
|detailschange|p2a: Latias|Latias-Mega, F
|-mega|p2a: Latias|Latias|Latiasite
|move|p1a: Pyra|Heat Crash|p2a: Latias
|-resisted|p2a: Latias
|-damage|p2a: Latias|54/100 par
|move|p2a: Latias|Toxic|p1a: Pyra
|-status|p1a: Pyra|tox
|
|-weather|DesolateLand|[upkeep]
|-damage|p1a: Pyra|94/100 tox|[from] psn
|upkeep
|turn|10
|
|t:|1661398639
|move|p1a: Pyra|Stealth Rock|p2a: Latias
|-sidestart|p2: lemoncell0|move: Stealth Rock
|move|p2a: Latias|Recover|p2a: Latias
|-heal|p2a: Latias|100/100 par
|
|-weather|DesolateLand|[upkeep]
|-damage|p1a: Pyra|82/100 tox|[from] psn
|upkeep
|turn|11
|
|t:|1661398646
|-weather|none
|switch|p1a: Calyrex|Calyrex-Shadow|69/100
|-ability|p1a: Calyrex|As One
|-ability|p1a: Calyrex|Unnerve
|move|p2a: Latias|Defog|p1a: Calyrex
|-unboost|p1a: Calyrex|evasion|1
|-sideend|p2: lemoncell0|Stealth Rock|[from] move: Defog|[of] p2a: Latias
|
|-heal|p1a: Calyrex|75/100|[from] item: Leftovers
|upkeep
|turn|12
|
|t:|1661398658
|switch|p2a: Tyranitar|Tyranitar, M|100/100
|-weather|Sandstorm|[from] ability: Sand Stream|[of] p2a: Tyranitar
|move|p1a: Calyrex|Leech Seed|p2a: Tyranitar
|-start|p2a: Tyranitar|move: Leech Seed
|
|-weather|Sandstorm|[upkeep]
|-damage|p1a: Calyrex|69/100|[from] Sandstorm
|-heal|p1a: Calyrex|75/100|[from] item: Leftovers
|-damage|p2a: Tyranitar|88/100|[from] Leech Seed|[of] p1a: Calyrex
|-heal|p1a: Calyrex|89/100|[silent]
|upkeep
|turn|13
|
|t:|1661398660
|move|p1a: Calyrex|Substitute|p1a: Calyrex
|-start|p1a: Calyrex|Substitute
|-damage|p1a: Calyrex|65/100
|move|p2a: Tyranitar|Rock Blast|p1a: Calyrex
|-activate|p1a: Calyrex|move: Substitute|[damage]
|-end|p1a: Calyrex|Substitute
|-damage|p1a: Calyrex|50/100
|-hitcount|p1a: Calyrex|3
|
|-weather|Sandstorm|[upkeep]
|-damage|p1a: Calyrex|44/100|[from] Sandstorm
|-heal|p1a: Calyrex|50/100|[from] item: Leftovers
|-heal|p2a: Tyranitar|94/100|[from] item: Leftovers
|-damage|p2a: Tyranitar|82/100|[from] Leech Seed|[of] p1a: Calyrex
|-heal|p1a: Calyrex|65/100|[silent]
|upkeep
|turn|14
|
|t:|1661398664
|switch|p1a: Shi Oh You|Zygarde, shiny|75/100
|move|p2a: Tyranitar|Rock Blast|p1a: Shi Oh You
|-resisted|p1a: Shi Oh You
|-damage|p1a: Shi Oh You|72/100
|-resisted|p1a: Shi Oh You
|-damage|p1a: Shi Oh You|70/100
|-hitcount|p1a: Shi Oh You|2
|
|-weather|Sandstorm|[upkeep]
|-heal|p1a: Shi Oh You|76/100|[from] item: Leftovers
|-heal|p2a: Tyranitar|88/100|[from] item: Leftovers
|-damage|p2a: Tyranitar|76/100|[from] Leech Seed|[of] p1a: Shi Oh You
|-heal|p1a: Shi Oh You|88/100|[silent]
|upkeep
|turn|15
|
|t:|1661398671
|switch|p1a: Pneuma|Rayquaza|100/100
|-ability|p1a: Pneuma|Air Lock
|switch|p2a: Quagsire|Quagsire, M|78/100 par
|
|-weather|Sandstorm|[upkeep]
|upkeep
|turn|16
|
|t:|1661398679
|detailschange|p1a: Pneuma|Rayquaza-Mega
|-mega|p1a: Pneuma|Rayquaza|
|-weather|DeltaStream|[from] ability: Delta Stream|[of] p1a: Pneuma
|move|p1a: Pneuma|Dragon Ascent|p2a: Quagsire
|-damage|p2a: Quagsire|16/100 par
|-unboost|p1a: Pneuma|def|1
|-unboost|p1a: Pneuma|spd|1
|-damage|p1a: Pneuma|84/100|[from] item: Rocky Helmet|[of] p2a: Quagsire
|cant|p2a: Quagsire|par
|
|-weather|DeltaStream|[upkeep]
|upkeep
|turn|17
|
|t:|1661398684
|move|p1a: Pneuma|Dragon Ascent|p2a: Quagsire
|-damage|p2a: Quagsire|0 fnt
|-unboost|p1a: Pneuma|def|1
|-unboost|p1a: Pneuma|spd|1
|-damage|p1a: Pneuma|67/100|[from] item: Rocky Helmet|[of] p2a: Quagsire
|faint|p2a: Quagsire
|
|-weather|DeltaStream|[upkeep]
|upkeep
|
|t:|1661398686
|switch|p2a: Zacian|Zacian|100/100
|-ability|p2a: Zacian|Intrepid Sword|boost
|-boost|p2a: Zacian|atk|1
|turn|18
|
|t:|1661398691
|move|p1a: Pneuma|Extreme Speed|p2a: Zacian
|-damage|p2a: Zacian|64/100
|move|p2a: Zacian|Play Rough|p1a: Pneuma
|-supereffective|p1a: Pneuma
|-damage|p1a: Pneuma|0 fnt
|faint|p1a: Pneuma
|-weather|none
|
|upkeep
|
|t:|1661398705
|switch|p1a: Pyra|Groudon-Primal|82/100 tox
|-weather|DesolateLand|[from] ability: Desolate Land|[of] p1a: Pyra
|turn|19
|
|t:|1661398719
|switch|p2a: Latias|Latias-Mega, F|100/100 par
|move|p1a: Pyra|Stealth Rock|p2a: Latias
|-sidestart|p2: lemoncell0|move: Stealth Rock
|
|-weather|DesolateLand|[upkeep]
|-damage|p1a: Pyra|76/100 tox|[from] psn
|upkeep
|turn|20
|
|t:|1661398723
|-weather|none
|switch|p1a: Calyrex|Calyrex-Shadow|65/100
|-ability|p1a: Calyrex|As One
|-ability|p1a: Calyrex|Unnerve
|move|p2a: Latias|Defog|p1a: Calyrex
|-unboost|p1a: Calyrex|evasion|1
|-sideend|p2: lemoncell0|Stealth Rock|[from] move: Defog|[of] p2a: Latias
|
|-heal|p1a: Calyrex|71/100|[from] item: Leftovers
|upkeep
|turn|21
|
|t:|1661398726
|switch|p1a: Shi Oh You|Zygarde, shiny|88/100
|switch|p2a: Tyranitar|Tyranitar, M|76/100
|-weather|Sandstorm|[from] ability: Sand Stream|[of] p2a: Tyranitar
|
|-weather|Sandstorm|[upkeep]
|-heal|p1a: Shi Oh You|94/100|[from] item: Leftovers
|-heal|p2a: Tyranitar|82/100|[from] item: Leftovers
|upkeep
|turn|22
|
|t:|1661398732
|switch|p2a: Gothitelle|Gothitelle, M|100/100
|move|p1a: Shi Oh You|Glare|p2a: Gothitelle
|-status|p2a: Gothitelle|par
|
|-weather|Sandstorm|[upkeep]
|-damage|p2a: Gothitelle|94/100 par|[from] Sandstorm
|-heal|p1a: Shi Oh You|99/100|[from] item: Leftovers
|-heal|p2a: Gothitelle|100/100 par|[from] item: Leftovers
|upkeep
|turn|23
|
|t:|1661398736
|move|p1a: Shi Oh You|Substitute|p1a: Shi Oh You
|-start|p1a: Shi Oh You|Substitute
|-damage|p1a: Shi Oh You|75/100
|cant|p2a: Gothitelle|par
|
|-weather|Sandstorm|[upkeep]
|-damage|p2a: Gothitelle|94/100 par|[from] Sandstorm
|-heal|p1a: Shi Oh You|81/100|[from] item: Leftovers
|-heal|p2a: Gothitelle|100/100 par|[from] item: Leftovers
|upkeep
|turn|24
|
|t:|1661398740
|move|p1a: Shi Oh You|Dragon Dance|p1a: Shi Oh You
|-boost|p1a: Shi Oh You|atk|1
|-boost|p1a: Shi Oh You|spe|1
|cant|p2a: Gothitelle|par
|
|-weather|Sandstorm|[upkeep]
|-damage|p2a: Gothitelle|94/100 par|[from] Sandstorm
|-heal|p1a: Shi Oh You|87/100|[from] item: Leftovers
|-heal|p2a: Gothitelle|100/100 par|[from] item: Leftovers
|upkeep
|turn|25
|
|t:|1661398743
|move|p1a: Shi Oh You|Thousand Arrows|p2a: Gothitelle
|-damage|p2a: Gothitelle|65/100 par
|move|p2a: Gothitelle|Cosmic Power|p2a: Gothitelle
|-boost|p2a: Gothitelle|def|1
|-boost|p2a: Gothitelle|spd|1
|
|-weather|none
|-heal|p1a: Shi Oh You|94/100|[from] item: Leftovers
|-heal|p2a: Gothitelle|71/100 par|[from] item: Leftovers
|upkeep
|turn|26
|
|t:|1661398748
|move|p1a: Shi Oh You|Dragon Dance|p1a: Shi Oh You
|-boost|p1a: Shi Oh You|atk|1
|-boost|p1a: Shi Oh You|spe|1
|move|p2a: Gothitelle|Cosmic Power|p2a: Gothitelle
|-boost|p2a: Gothitelle|def|1
|-boost|p2a: Gothitelle|spd|1
|
|-heal|p1a: Shi Oh You|99/100|[from] item: Leftovers
|-heal|p2a: Gothitelle|78/100 par|[from] item: Leftovers
|upkeep
|turn|27
|
|t:|1661398750
|move|p1a: Shi Oh You|Dragon Dance|p1a: Shi Oh You
|-boost|p1a: Shi Oh You|atk|1
|-boost|p1a: Shi Oh You|spe|1
|move|p2a: Gothitelle|Cosmic Power|p2a: Gothitelle
|-boost|p2a: Gothitelle|def|1
|-boost|p2a: Gothitelle|spd|1
|
|-heal|p1a: Shi Oh You|100/100|[from] item: Leftovers
|-heal|p2a: Gothitelle|84/100 par|[from] item: Leftovers
|upkeep
|turn|28
|
|t:|1661398754
|move|p1a: Shi Oh You|Dragon Dance|p1a: Shi Oh You
|-boost|p1a: Shi Oh You|atk|1
|-boost|p1a: Shi Oh You|spe|1
|move|p2a: Gothitelle|Cosmic Power|p2a: Gothitelle
|-boost|p2a: Gothitelle|def|1
|-boost|p2a: Gothitelle|spd|1
|
|-heal|p2a: Gothitelle|90/100 par|[from] item: Leftovers
|upkeep
|turn|29
|
|t:|1661398759
|move|p1a: Shi Oh You|Dragon Dance|p1a: Shi Oh You
|-boost|p1a: Shi Oh You|atk|1
|-boost|p1a: Shi Oh You|spe|1
|move|p2a: Gothitelle|Cosmic Power|p2a: Gothitelle
|-boost|p2a: Gothitelle|def|1
|-boost|p2a: Gothitelle|spd|1
|
|-heal|p2a: Gothitelle|96/100 par|[from] item: Leftovers
|upkeep
|turn|30
|
|t:|1661398761
|move|p1a: Shi Oh You|Dragon Dance|p1a: Shi Oh You
|-boost|p1a: Shi Oh You|atk|1
|-boost|p1a: Shi Oh You|spe|1
|move|p2a: Gothitelle|Cosmic Power|p2a: Gothitelle
|-boost|p2a: Gothitelle|def|1
|-boost|p2a: Gothitelle|spd|1
|
|-heal|p2a: Gothitelle|100/100 par|[from] item: Leftovers
|upkeep
|turn|31
|
|t:|1661398764
|move|p1a: Shi Oh You|Thousand Arrows|p2a: Gothitelle
|-damage|p2a: Gothitelle|78/100 par
|move|p2a: Gothitelle|Taunt|p1a: Shi Oh You
|-start|p1a: Shi Oh You|move: Taunt
|
|-heal|p2a: Gothitelle|84/100 par|[from] item: Leftovers
|upkeep
|turn|32
|
|t:|1661398768
|move|p1a: Shi Oh You|Thousand Arrows|p2a: Gothitelle
|-damage|p2a: Gothitelle|61/100 par
|move|p2a: Gothitelle|Rest|p2a: Gothitelle
|-status|p2a: Gothitelle|slp|[from] move: Rest
|-heal|p2a: Gothitelle|100/100 slp|[silent]
|
|upkeep
|turn|33
|
|t:|1661398773
|move|p1a: Shi Oh You|Thousand Arrows|p2a: Gothitelle
|-damage|p2a: Gothitelle|74/100 slp
|cant|p2a: Gothitelle|slp
|
|-heal|p2a: Gothitelle|80/100 slp|[from] item: Leftovers
|upkeep
|turn|34
|
|t:|1661398776
|move|p1a: Shi Oh You|Thousand Arrows|p2a: Gothitelle
|-damage|p2a: Gothitelle|54/100 slp
|cant|p2a: Gothitelle|slp
|
|-heal|p2a: Gothitelle|60/100 slp|[from] item: Leftovers
|-end|p1a: Shi Oh You|move: Taunt
|upkeep
|turn|35
|
|t:|1661398782
|move|p1a: Shi Oh You|Thousand Arrows|p2a: Gothitelle
|-damage|p2a: Gothitelle|35/100 slp
|-curestatus|p2a: Gothitelle|slp|[msg]
|move|p2a: Gothitelle|Taunt|p1a: Shi Oh You
|-start|p1a: Shi Oh You|move: Taunt
|
|-heal|p2a: Gothitelle|41/100|[from] item: Leftovers
|upkeep
|turn|36
|
|t:|1661398786
|move|p1a: Shi Oh You|Thousand Arrows|p2a: Gothitelle
|-damage|p2a: Gothitelle|14/100
|move|p2a: Gothitelle|Rest|p2a: Gothitelle
|-status|p2a: Gothitelle|slp|[from] move: Rest
|-heal|p2a: Gothitelle|100/100 slp|[silent]
|
|upkeep
|turn|37
|
|t:|1661398789
|move|p1a: Shi Oh You|Thousand Arrows|p2a: Gothitelle
|-crit|p2a: Gothitelle
|-damage|p2a: Gothitelle|0 fnt
|faint|p2a: Gothitelle
|
|upkeep
|
|t:|1661398795
|switch|p2a: Zacian|Zacian|64/100
|-ability|p2a: Zacian|Intrepid Sword|boost
|-boost|p2a: Zacian|atk|1
|turn|38
|
|t:|1661398798
|move|p1a: Shi Oh You|Thousand Arrows|p2a: Zacian
|-damage|p2a: Zacian|0 fnt
|faint|p2a: Zacian
|
|-end|p1a: Shi Oh You|move: Taunt
|upkeep
|-message|lemoncell0 forfeited.
|
|win|alt1445645
|raw|alt1445645's rating: 1714 &rarr; <strong>1744</strong><br />(+30 for winning)
|raw|lemoncell0's rating: 1900 &rarr; <strong>1870</strong><br />(-30 for losing)
|l|☆lemoncell0
||Ladder isn't responding, score probably updated but might not have (Request timeout).
