|j|☆Masta SkillZ
|j|☆Apprenti Buck
|inactive|Battle timer is ON: inactive players will automatically lose when time's up.
|t:|1652126420
|gametype|singles
|player|p1|Masta SkillZ|gambler|
|player|p2|Apprenti Buck|brycen|
|teamsize|p1|6
|teamsize|p2|6
|gen|8
|tier|[Gen 8] National Dex AG
|rated|Tournament battle
|rule|HP Percentage Mod: HP is shown in percentages
|rule|Endless Battle Clause: Forcing endless battles is banned
|clearpoke
|poke|p1|Zacian-*|
|poke|p1|Zacian-*|
|poke|p1|Zacian-*|
|poke|p1|Arceus-*|
|poke|p1|Yveltal|
|poke|p1|Shedinja|
|poke|p2|Excadrill, F|
|poke|p2|Necrozma-Dusk-Mane|
|poke|p2|Xerneas-*|
|poke|p2|Arceus-*|
|poke|p2|Lucario, F|
|poke|p2|Arceus-*|
|teampreview
|inactive|Apprenti Buck also wants the timer to be on.
|j| breaddump
|c|☆Apprenti Buck|I lost
|c|☆Apprenti Buck|Ggwp
|
|t:|1652126443
|start
|switch|p1a: Arceus|Arceus-Ground|100/100
|switch|p2a: Excadrill|Excadrill, F|100/100
|-ability|p2a: Excadrill|Mold Breaker
|turn|1
|inactive|Apprenti Buck has 120 seconds left.
|inactive|Apprenti Buck has 90 seconds left.
|j| cloading..
|
|t:|1652126514
|move|p1a: Arceus|Earthquake|p2a: Excadrill
|-supereffective|p2a: Excadrill
|-enditem|p2a: Excadrill|Focus Sash
|-damage|p2a: Excadrill|1/100
|move|p2a: Excadrill|Rock Tomb|p1a: Arceus
|-resisted|p1a: Arceus
|-damage|p1a: Arceus|92/100
|-unboost|p1a: Arceus|spe|1
|
|upkeep
|turn|2
|
|t:|1652126518
|move|p1a: Arceus|Extreme Speed|p2a: Excadrill
|-resisted|p2a: Excadrill
|-damage|p2a: Excadrill|0 fnt
|faint|p2a: Excadrill
|
|upkeep
|c|☆Apprenti Buck|I knew it
|inactive|Apprenti Buck has 90 seconds left.
|
|t:|1652126534
|switch|p2a: Xerneas|Xerneas|100/100
|-ability|p2a: Xerneas|Fairy Aura
|turn|3
|
|t:|1652126541
|-start|p1a: Arceus|Dynamax|
|-heal|p1a: Arceus|92/100|[silent]
|move|p2a: Xerneas|Grass Knot||[still]
|-fail|p2a: Xerneas|move: Grass Knot|[from] Dynamax
|move|p1a: Arceus|Max Quake|p2a: Xerneas
|-damage|p2a: Xerneas|27/100
|-boost|p1a: Arceus|spd|1
|
|upkeep
|turn|4
|
|t:|1652126549
|switch|p2a: Arceus|Arceus|100/100
|move|p1a: Arceus|Max Quake|p2a: Arceus
|-damage|p2a: Arceus|57/100
|-boost|p1a: Arceus|spd|1
|
|upkeep
|turn|5
|
|t:|1652126556
|move|p2a: Arceus|Recover|p2a: Arceus
|-heal|p2a: Arceus|100/100
|move|p1a: Arceus|Max Quake|p2a: Arceus
|-damage|p2a: Arceus|57/100
|-boost|p1a: Arceus|spd|1
|
|upkeep
|-end|p1a: Arceus|Dynamax
|-heal|p1a: Arceus|92/100|[silent]
|turn|6
|
|t:|1652126561
|move|p2a: Arceus|Will-O-Wisp|p1a: Arceus
|-status|p1a: Arceus|brn
|move|p1a: Arceus|Swords Dance|p1a: Arceus
|-boost|p1a: Arceus|atk|2
|
|-damage|p1a: Arceus|86/100 brn|[from] brn
|upkeep
|turn|7
|
|t:|1652126563
|move|p2a: Arceus|Recover|p2a: Arceus
|-heal|p2a: Arceus|100/100
|move|p1a: Arceus|Swords Dance|p1a: Arceus
|-boost|p1a: Arceus|atk|2
|
|-damage|p1a: Arceus|80/100 brn|[from] brn
|upkeep
|turn|8
|
|t:|1652126567
|move|p2a: Arceus|Shadow Force||[still]
|-prepare|p2a: Arceus|Shadow Force
|move|p1a: Arceus|Earthquake|p2a: Arceus|[miss]
|-miss|p1a: Arceus|p2a: Arceus
|
|-damage|p1a: Arceus|74/100 brn|[from] brn
|upkeep
|turn|9
|
|t:|1652126571
|move|p2a: Arceus|Shadow Force|p1a: Arceus|[from]lockedmove
|-damage|p1a: Arceus|47/100 brn
|move|p1a: Arceus|Earthquake|p2a: Arceus
|-damage|p2a: Arceus|52/100
|
|-damage|p1a: Arceus|41/100 brn|[from] brn
|upkeep
|turn|10
|
|t:|1652126575
|move|p2a: Arceus|Recover|p2a: Arceus
|-heal|p2a: Arceus|100/100
|move|p1a: Arceus|Swords Dance|p1a: Arceus
|-boost|p1a: Arceus|atk|2
|
|-damage|p1a: Arceus|35/100 brn|[from] brn
|upkeep
|turn|11
|
|t:|1652126578
|move|p2a: Arceus|Shadow Force||[still]
|-prepare|p2a: Arceus|Shadow Force
|move|p1a: Arceus|Earthquake|p2a: Arceus|[miss]
|-miss|p1a: Arceus|p2a: Arceus
|
|-damage|p1a: Arceus|29/100 brn|[from] brn
|upkeep
|turn|12
|
|t:|1652126581
|move|p2a: Arceus|Shadow Force|p1a: Arceus|[from]lockedmove
|-damage|p1a: Arceus|3/100 brn
|move|p1a: Arceus|Earthquake|p2a: Arceus
|-damage|p2a: Arceus|35/100
|
|-damage|p1a: Arceus|0 fnt|[from] brn
|faint|p1a: Arceus
|upkeep
|
|t:|1652126588
|switch|p1a: Zacian|Zacian-Crowned|100/100
|-ability|p1a: Zacian|Intrepid Sword|boost
|-boost|p1a: Zacian|atk|1
|turn|13
|
|t:|1652126592
|move|p1a: Zacian|Behemoth Blade|p2a: Arceus
|-damage|p2a: Arceus|0 fnt
|faint|p2a: Arceus
|
|upkeep
|
|t:|1652126603
|switch|p2a: Gen7 Uber|Arceus-Water|100/100
|turn|14
|
|t:|1652126606
|-start|p2a: Gen7 Uber|Dynamax|
|-heal|p2a: Gen7 Uber|100/100|[silent]
|move|p1a: Zacian|Swords Dance|p1a: Zacian
|-boost|p1a: Zacian|atk|2
|move|p2a: Gen7 Uber|Max Quake|p1a: Zacian
|-supereffective|p1a: Zacian
|-damage|p1a: Zacian|7/100
|-boost|p2a: Gen7 Uber|spd|1
|
|upkeep
|turn|15
|
|t:|1652126610
|move|p1a: Zacian|Play Rough|p2a: Gen7 Uber
|-damage|p2a: Gen7 Uber|40/100
|move|p2a: Gen7 Uber|Max Geyser|p1a: Zacian
|-damage|p1a: Zacian|0 fnt
|-weather|RainDance
|faint|p1a: Zacian
|
|-weather|RainDance|[upkeep]
|upkeep
|
|t:|1652126613
|switch|p1a: Shedinja|Shedinja|100/100
|turn|16
|
|t:|1652126621
|-end|p2a: Gen7 Uber|Dynamax
|-heal|p2a: Gen7 Uber|40/100|[silent]
|switch|p2a: Necrozma|Necrozma-Dusk-Mane|100/100
|move|p1a: Shedinja|Baton Pass|p1a: Shedinja
|
|t:|1652126624
|switch|p1a: Yveltal|Yveltal|100/100|[from]move: Baton Pass
|-ability|p1a: Yveltal|Dark Aura
|
|-weather|RainDance|[upkeep]
|upkeep
|turn|17
|
|t:|1652126627
|switch|p2a: Lucario|Lucario, F|100/100
|move|p1a: Yveltal|Dark Pulse|p2a: Lucario
|-resisted|p2a: Lucario
|-damage|p2a: Lucario|40/100
|-ability|p2a: Lucario|Justified|boost
|-boost|p2a: Lucario|atk|1
|-damage|p1a: Yveltal|91/100|[from] item: Life Orb
|
|-weather|RainDance|[upkeep]
|upkeep
|turn|18
|
|t:|1652126632
|detailschange|p2a: Lucario|Lucario-Mega, F
|-mega|p2a: Lucario|Lucario|Lucarionite
|move|p2a: Lucario|Close Combat|p1a: Yveltal
|-damage|p1a: Yveltal|0 fnt
|-unboost|p2a: Lucario|def|1
|-unboost|p2a: Lucario|spd|1
|faint|p1a: Yveltal
|
|-weather|RainDance|[upkeep]
|upkeep
|
|t:|1652126638
|switch|p1a: Zacian|Zacian-Crowned|100/100
|-ability|p1a: Zacian|Intrepid Sword|boost
|-boost|p1a: Zacian|atk|1
|turn|19
|
|t:|1652126640
|move|p2a: Lucario|Bullet Punch|p1a: Zacian
|-damage|p1a: Zacian|61/100
|move|p1a: Zacian|Behemoth Blade|p2a: Lucario
|-resisted|p2a: Lucario
|-damage|p2a: Lucario|0 fnt
|faint|p2a: Lucario
|
|-weather|none
|upkeep
|
|t:|1652126646
|switch|p2a: Necrozma|Necrozma-Dusk-Mane|100/100
|turn|20
|
|t:|1652126649
|detailschange|p2a: Necrozma|Necrozma-Ultra
|-burst|p2a: Necrozma|Necrozma|Ultranecrozium Z
|move|p1a: Zacian|Close Combat|p2a: Necrozma
|-resisted|p2a: Necrozma
|-damage|p2a: Necrozma|60/100
|-unboost|p1a: Zacian|def|1
|-unboost|p1a: Zacian|spd|1
|move|p2a: Necrozma|Earth Power|p1a: Zacian
|-supereffective|p1a: Zacian
|-damage|p1a: Zacian|0 fnt
|faint|p1a: Zacian
|
|upkeep
|
|t:|1652126655
|switch|p1a: Zacian|Zacian-Crowned|100/100
|-ability|p1a: Zacian|Intrepid Sword|boost
|-boost|p1a: Zacian|atk|1
|turn|21
|
|t:|1652126658
|move|p1a: Zacian|Behemoth Blade|p2a: Necrozma
|-damage|p2a: Necrozma|0 fnt
|faint|p2a: Necrozma
|
|upkeep
|c|☆Apprenti Buck|Ggwp
|
|t:|1652126666
|switch|p2a: Xerneas|Xerneas|27/100
|-ability|p2a: Xerneas|Fairy Aura
|turn|22
|
|t:|1652126668
|move|p2a: Xerneas|Hidden Power|p1a: Zacian
|-supereffective|p1a: Zacian
|-damage|p1a: Zacian|60/100
|move|p1a: Zacian|Behemoth Blade|p2a: Xerneas
|-supereffective|p2a: Xerneas
|-damage|p2a: Xerneas|0 fnt
|faint|p2a: Xerneas
|
|upkeep
|
|t:|1652126670
|switch|p2a: Gen7 Uber|Arceus-Water|40/100
|turn|23
|
|t:|1652126676
|move|p1a: Zacian|Wild Charge|p2a: Gen7 Uber
|-supereffective|p2a: Gen7 Uber
|-damage|p2a: Gen7 Uber|0 fnt
|faint|p2a: Gen7 Uber
|-damage|p1a: Zacian|48/100|[from] Recoil
|
|win|Masta SkillZ
|n|☆Masta SkillZ|mastaskillz
|n|☆Apprenti Buck|apprentibuck
|n| breaddump|breaddump
|n| cloading..|cloading
