|j|☆orange overhaul
|j|☆NDEXAG688
|t:|1622218209
|gametype|singles
|player|p1|orange overhaul|jasmine|1097
|player|p2|NDEXAG688|wally|1065
|teamsize|p1|6
|teamsize|p2|6
|gen|8
|tier|[Gen 8] National Dex AG
|rated|
|rule|HP Percentage Mod: HP is shown in percentages
|rule|Endless Battle Clause: Forcing endless battles is banned
|clearpoke
|poke|p1|Gardevoir, F|
|poke|p1|Dragapult, M|
|poke|p1|Slowpoke-Galar, L1, F|
|poke|p1|Charizard, M|
|poke|p1|Sirfetch’d, M|
|poke|p1|Melmetal|
|poke|p2|Mamoswine, F|
|poke|p2|Registeel|
|poke|p2|Clefable, F|
|poke|p2|Tyranitar, F|
|poke|p2|Urshifu-*, M|
|poke|p2|Dragonite, F|
|teampreview
|inactive|Battle timer is ON: inactive players will automatically lose when time's up. (requested by orange overhaul)
|
|t:|1622218227
|start
|switch|p1a: Melmetal|Melmetal|100/100
|switch|p2a: Urshifu|Urshifu, M|100/100
|turn|1
|
|t:|1622218233
|move|p2a: Urshifu|Close Combat|p1a: Melmetal
|-supereffective|p1a: Melmetal
|-damage|p1a: Melmetal|21/100
|-unboost|p2a: Urshifu|def|1
|-unboost|p2a: Urshifu|spd|1
|move|p1a: Melmetal|Dynamic Punch|p2a: Urshifu
|-supereffective|p2a: Urshifu
|-damage|p2a: Urshifu|0 fnt
|faint|p2a: Urshifu
|
|upkeep
|
|t:|1622218245
|switch|p2a: Mamoswine|Mamoswine, F|100/100
|turn|2
|
|t:|1622218249
|move|p2a: Mamoswine|Stealth Rock|p1a: Melmetal
|-sidestart|p1: orange overhaul|move: Stealth Rock
|move|p1a: Melmetal|Double Iron Bash|p2a: Mamoswine
|-supereffective|p2a: Mamoswine
|-damage|p2a: Mamoswine|2/100
|-supereffective|p2a: Mamoswine
|-damage|p2a: Mamoswine|0 fnt
|faint|p2a: Mamoswine
|-hitcount|p2: Mamoswine|2
|
|upkeep
|
|t:|1622218261
|switch|p2a: Dragonite|Dragonite, F|100/100
|turn|3
|
|t:|1622218264
|move|p2a: Dragonite|Flamethrower|p1a: Melmetal
|-supereffective|p1a: Melmetal
|-damage|p1a: Melmetal|0 fnt
|faint|p1a: Melmetal
|
|upkeep
|
|t:|1622218272
|switch|p1a: Dragapult|Dragapult, M, shiny|100/100
|-damage|p1a: Dragapult|88/100|[from] Stealth Rock
|turn|4
|
|t:|1622218282
|move|p1a: Dragapult|Draco Meteor|p2a: Dragonite
|-supereffective|p2a: Dragonite
|-damage|p2a: Dragonite|40/100
|-unboost|p1a: Dragapult|spa|2
|move|p2a: Dragonite|Hurricane|p1a: Dragapult
|-crit|p1a: Dragapult
|-damage|p1a: Dragapult|6/100
|
|upkeep
|turn|5
|
|t:|1622218290
|switch|p2a: Clefable|Clefable, F|100/100
|move|p1a: Dragapult|Draco Meteor|p2a: Clefable
|-immune|p2a: Clefable
|
|upkeep
|turn|6
|
|t:|1622218296
|move|p1a: Dragapult|U-turn|p2a: Clefable
|-resisted|p2a: Clefable
|-damage|p2a: Clefable|95/100
|
|t:|1622218299
|switch|p1a: Sirfetch’d|Sirfetch’d, M|100/100|[from]move: U-turn
|-damage|p1a: Sirfetch’d|95/100|[from] Stealth Rock
|move|p2a: Clefable|Calm Mind|p2a: Clefable
|-boost|p2a: Clefable|spa|1
|-boost|p2a: Clefable|spd|1
|
|upkeep
|turn|7
|
|t:|1622218306
|-start|p2a: Clefable|Dynamax
|-heal|p2a: Clefable|95/100|[silent]
|move|p1a: Sirfetch’d|Poison Jab|p2a: Clefable
|-supereffective|p2a: Clefable
|-crit|p2a: Clefable
|-damage|p2a: Clefable|61/100
|-status|p2a: Clefable|psn
|move|p2a: Clefable|Max Starfall|p1a: Sirfetch’d
|-supereffective|p1a: Sirfetch’d
|-damage|p1a: Sirfetch’d|0 fnt
|-fieldstart|move: Misty Terrain
|faint|p1a: Sirfetch’d
|
|upkeep
|
|t:|1622218319
|switch|p1a: Dragapult|Dragapult, M, shiny|6/100
|-damage|p1a: Dragapult|0 fnt|[from] Stealth Rock
|faint|p1a: Dragapult
|
|t:|1622218323
|switch|p1a: Slowpoke|Slowpoke-Galar, L1, F|100/100
|-damage|p1a: Slowpoke|93/100|[from] Stealth Rock
|turn|8
|
|t:|1622218327
|move|p2a: Clefable|Max Starfall|p1a: Slowpoke
|-damage|p1a: Slowpoke|0 fnt
|faint|p1a: Slowpoke
|
|upkeep
|
|t:|1622218333
|switch|p1a: Charizard|Charizard, M, shiny|100/100
|-damage|p1a: Charizard|51/100|[from] Stealth Rock
|turn|9
|
|t:|1622218337
|move|p1a: Charizard|Protect|p1a: Charizard
|-singleturn|p1a: Charizard|Protect
|move|p2a: Clefable|Max Lightning|p1a: Charizard
|-supereffective|p1a: Charizard
|-zbroken|p1a: Charizard
|-damage|p1a: Charizard|15/100
|-fieldstart|move: Electric Terrain
|
|-end|p2a: Clefable|Dynamax
|-heal|p2a: Clefable|61/100 psn|[silent]
|upkeep
|turn|10
|inactive|NDEXAG688 has 120 seconds left.
|
|t:|1622218370
|move|p1a: Charizard|Air Slash|p2a: Clefable
|-damage|p2a: Clefable|32/100 psn
|-damage|p1a: Charizard|5/100|[from] item: Life Orb
|move|p2a: Clefable|Thunderbolt|p1a: Charizard
|-supereffective|p1a: Charizard
|-damage|p1a: Charizard|0 fnt
|faint|p1a: Charizard
|
|upkeep
|
|t:|1622218377
|switch|p1a: Gardevoir|Gardevoir, F|100/100
|-damage|p1a: Gardevoir|88/100|[from] Stealth Rock
|-ability|p1a: Gardevoir|Magic Guard|[from] ability: Trace|[of] p2a: Clefable
|turn|11
|
|t:|1622218388
|move|p1a: Gardevoir|Charge Beam|p2a: Clefable
|-damage|p2a: Clefable|18/100 psn
|move|p2a: Clefable|Moonblast|p1a: Gardevoir
|-damage|p1a: Gardevoir|26/100
|-unboost|p1a: Gardevoir|spa|1
|
|upkeep
|turn|12
|
|t:|1622218395
|move|p1a: Gardevoir|Charge Beam|p2a: Clefable
|-crit|p2a: Clefable
|-damage|p2a: Clefable|0 fnt
|faint|p2a: Clefable
|
|upkeep
|
|t:|1622218399
|switch|p2a: Tyranitar|Tyranitar, F|100/100
|-weather|Sandstorm|[from] ability: Sand Stream|[of] p2a: Tyranitar
|turn|13
|
|t:|1622218403
|move|p1a: Gardevoir|Magical Leaf|p2a: Tyranitar
|-supereffective|p2a: Tyranitar
|-damage|p2a: Tyranitar|94/100
|move|p2a: Tyranitar|Pursuit|p1a: Gardevoir
|-damage|p1a: Gardevoir|0 fnt
|faint|p1a: Gardevoir
|
|win|NDEXAG688
|raw|orange overhaul's rating: 1096 &rarr; <strong>1069</strong><br />(-27 for losing)
|raw|NDEXAG688's rating: 1066 &rarr; <strong>1099</strong><br />(+33 for winning)
