|j|☆seidou52
|j|☆Opnoob 598♫
|t:|1658054674
|gametype|singles
|player|p1|seidou52|lucas|1799
|player|p2|Opnoob 598♫|supernerd|1909
|teamsize|p1|6
|teamsize|p2|6
|gen|8
|tier|[Gen 8] National Dex AG
|rated|
|rule|HP Percentage Mod: HP is shown in percentages
|rule|Endless Battle Clause: Forcing endless battles is banned
|clearpoke
|poke|p1|Tyranitar, M|
|poke|p1|Ho-Oh|
|poke|p1|Arceus-*|
|poke|p1|Gothitelle, M|
|poke|p1|Necrozma-Dusk-Mane|
|poke|p1|Eternatus|
|poke|p2|Marshadow|
|poke|p2|Arceus-*|
|poke|p2|Arceus-*|
|poke|p2|Arceus-*|
|poke|p2|Necrozma-Dusk-Mane|
|poke|p2|Tyranitar, F|
|teampreview
|
|t:|1658054685
|start
|switch|p1a: Necrozma|Necrozma-Dusk-Mane, shiny|100/100
|switch|p2a: Arceus|Arceus-Water|100/100
|turn|1
|j| AligningStars
|
|t:|1658054689
|switch|p1a: Eternatus|Eternatus|100/100
|-ability|p1a: Eternatus|Pressure
|move|p2a: Arceus|Substitute|p2a: Arceus
|-start|p2a: Arceus|Substitute
|-damage|p2a: Arceus|76/100
|
|upkeep
|turn|2
|
|t:|1658054694
|move|p2a: Arceus|Swords Dance|p2a: Arceus
|-boost|p2a: Arceus|atk|2
|move|p1a: Eternatus|Cosmic Power|p1a: Eternatus
|-boost|p1a: Eternatus|def|1
|-boost|p1a: Eternatus|spd|1
|
|upkeep
|turn|3
|
|t:|1658054701
|move|p2a: Arceus|Earthquake|p1a: Eternatus
|-supereffective|p1a: Eternatus
|-damage|p1a: Eternatus|27/100
|move|p1a: Eternatus|Cosmic Power|p1a: Eternatus
|-boost|p1a: Eternatus|def|1
|-boost|p1a: Eternatus|spd|1
|
|-heal|p1a: Eternatus|33/100|[from] item: Black Sludge
|upkeep
|turn|4
|
|t:|1658054705
|switch|p1a: Ho-Oh|Ho-Oh, shiny|100/100
|move|p2a: Arceus|Earthquake|p1a: Ho-Oh
|-immune|p1a: Ho-Oh
|
|upkeep
|turn|5
|
|t:|1658054708
|move|p2a: Arceus|Liquidation|p1a: Ho-Oh
|-supereffective|p1a: Ho-Oh
|-crit|p1a: Ho-Oh
|-damage|p1a: Ho-Oh|0 fnt
|faint|p1a: Ho-Oh
|
|upkeep
|
|t:|1658054710
|switch|p1a: Arceus|Arceus-Ground, shiny|100/100
|turn|6
|
|t:|1658054716
|-start|p1a: Arceus|Dynamax|
|-heal|p1a: Arceus|100/100|[silent]
|move|p2a: Arceus|Liquidation|p1a: Arceus
|-supereffective|p1a: Arceus
|-damage|p1a: Arceus|43/100
|move|p1a: Arceus|Max Quake|p2a: Arceus
|-end|p2a: Arceus|Substitute
|-boost|p1a: Arceus|spd|1
|
|upkeep
|turn|7
|
|t:|1658054720
|move|p2a: Arceus|Liquidation|p1a: Arceus
|-supereffective|p1a: Arceus
|-damage|p1a: Arceus|0 fnt
|faint|p1a: Arceus
|
|upkeep
|c|☆seidou52|gg
|c|☆Opnoob 598♫|GGS
|-message|seidou52 forfeited.
|
|win|Opnoob 598♫
|raw|seidou52's rating: 1799 &rarr; <strong>1785</strong><br />(-14 for losing)
|raw|Opnoob 598♫'s rating: 1909 &rarr; <strong>1923</strong><br />(+14 for winning)
|c|☆Opnoob 598♫|LOL
|c|☆Opnoob 598♫|Waterceus supremacy
|c|☆seidou52|yeah
|c|☆Opnoob 598♫|wp
|l| AligningStars
||Ladder isn't responding, score probably updated but might not have (Request timeout).
|j| Y6T
|j| spreadfire
|j| Unforgiven/classy
|j| Jasmine Rose4
|l| Unforgiven/classy
|l|☆Opnoob 598♫
|l| Y6T
|j|☆Opnoob 598♫
|player|p2|Opnoob 598♫|supernerd
|l| spreadfire
|j| Faaagamer✔️
