|j|☆AlexnVenusaur
|j|☆amnael01
|t:|1660495091
|gametype|singles
|player|p1|AlexnVenusaur|steven-masters2|1531
|player|p2|amnael01|dawn|1830
|teamsize|p1|6
|teamsize|p2|6
|gen|8
|tier|[Gen 8] National Dex AG
|rated|
|rule|HP Percentage Mod: HP is shown in percentages
|rule|Endless Battle Clause: Forcing endless battles is banned
|clearpoke
|poke|p1|Zacian-*|
|poke|p1|Giratina-Origin|
|poke|p1|Necrozma-Dusk-Mane|
|poke|p1|Arceus-*|
|poke|p1|Mewtwo|
|poke|p1|Ditto|
|poke|p2|Smeargle, M|
|poke|p2|Groudon|
|poke|p2|Espeon, M|
|poke|p2|Rayquaza|
|poke|p2|Xerneas-*|
|poke|p2|Zacian-*|
|teampreview
|inactive|Battle timer is ON: inactive players will automatically lose when time's up. (requested by AlexnVenusaur)
|
|t:|1660495106
|start
|switch|p1a: Mewtwo|Mewtwo, shiny|100/100
|switch|p2a: Smeargle|Smeargle, M|100/100
|-ability|p1a: Mewtwo|Pressure
|turn|1
|
|t:|1660495112
|switch|p2a: Zacian|Zacian-Crowned|100/100
|-ability|p2a: Zacian|Intrepid Sword|boost
|-boost|p2a: Zacian|atk|1
|detailschange|p1a: Mewtwo|Mewtwo-Mega-Y, shiny
|-mega|p1a: Mewtwo|Mewtwo|Mewtwonite Y
|move|p1a: Mewtwo|Aura Sphere|p2a: Zacian
|-damage|p2a: Zacian|59/100
|
|upkeep
|turn|2
|
|t:|1660495119
|switch|p1a: Necrozma|Necrozma-Dusk-Mane|100/100
|move|p2a: Zacian|Close Combat|p1a: Necrozma
|-damage|p1a: Necrozma|51/100
|-unboost|p2a: Zacian|def|1
|-unboost|p2a: Zacian|spd|1
|
|upkeep
|turn|3
|
|t:|1660495130
|switch|p2a: Smeargle|Smeargle, M|100/100
|move|p1a: Necrozma|Stealth Rock|p2a: Smeargle
|-sidestart|p2: amnael01|move: Stealth Rock
|
|-ability|p2a: Smeargle|Moody|boost
|-boost|p2a: Smeargle|spe|2
|-unboost|p2a: Smeargle|spa|1
|upkeep
|turn|4
|
|t:|1660495137
|switch|p1a: Mewtwo|Mewtwo-Mega-Y, shiny|100/100
|move|p2a: Smeargle|Shift Gear|p2a: Smeargle
|-boost|p2a: Smeargle|spe|2
|-boost|p2a: Smeargle|atk|1
|
|-ability|p2a: Smeargle|Moody|boost
|-boost|p2a: Smeargle|spd|2
|-unboost|p2a: Smeargle|def|1
|upkeep
|turn|5
|
|t:|1660495146
|move|p2a: Smeargle|Baton Pass|p2a: Smeargle
|
|t:|1660495148
|switch|p2a: Groudon|Groudon|100/100|[from]move: Baton Pass
|-damage|p2a: Groudon|94/100|[from] Stealth Rock
|detailschange|p2a: Groudon|Groudon-Primal
|-primal|p2a: Groudon
|-weather|DesolateLand|[from] ability: Desolate Land|[of] p2a: Groudon
|move|p1a: Mewtwo|Flamethrower|p2a: Groudon
|-resisted|p2a: Groudon
|-damage|p2a: Groudon|76/100
|
|-weather|DesolateLand|[upkeep]
|upkeep
|turn|6
|
|t:|1660495154
|switch|p1a: Giratina|Giratina-Origin, shiny|100/100
|move|p2a: Groudon|Stealth Rock|p1a: Giratina
|-sidestart|p1: AlexnVenusaur|move: Stealth Rock
|
|-weather|DesolateLand|[upkeep]
|upkeep
|turn|7
|
|t:|1660495160
|move|p2a: Groudon|Fire Punch|p1a: Giratina
|-resisted|p1a: Giratina
|-damage|p1a: Giratina|69/100
|move|p1a: Giratina|Draco Meteor|p2a: Groudon
|-damage|p2a: Groudon|41/100
|-unboost|p1a: Giratina|spa|2
|
|-weather|DesolateLand|[upkeep]
|upkeep
|turn|8
|
|t:|1660495170
|switch|p1a: Zacian-Mega|Ditto, shiny|100/100
|-damage|p1a: Zacian-Mega|88/100|[from] Stealth Rock
|-transform|p1a: Zacian-Mega|p2a: Groudon|[from] ability: Imposter
|move|p2a: Groudon|Fire Punch|p1a: Zacian-Mega
|-resisted|p1a: Zacian-Mega
|-damage|p1a: Zacian-Mega|20/100
|
|-weather|DesolateLand|[upkeep]
|upkeep
|turn|9
|
|t:|1660495183
|move|p1a: Zacian-Mega|Earthquake|p2a: Groudon
|-supereffective|p2a: Groudon
|-damage|p2a: Groudon|0 fnt
|faint|p2a: Groudon
|
|-weather|DesolateLand|[upkeep]
|upkeep
|
|t:|1660495185
|switch|p2a: Rayquaza|Rayquaza|100/100
|-damage|p2a: Rayquaza|76/100|[from] Stealth Rock
|-ability|p2a: Rayquaza|Air Lock
|turn|10
|
|t:|1660495197
|-weather|none
|switch|p1a: Necrozma|Necrozma-Dusk-Mane|51/100
|-damage|p1a: Necrozma|45/100|[from] Stealth Rock
|detailschange|p2a: Rayquaza|Rayquaza-Mega
|-mega|p2a: Rayquaza|Rayquaza|
|-weather|DeltaStream|[from] ability: Delta Stream|[of] p2a: Rayquaza
|move|p2a: Rayquaza|Dragon Dance|p2a: Rayquaza
|-boost|p2a: Rayquaza|atk|1
|-boost|p2a: Rayquaza|spe|1
|
|-weather|DeltaStream|[upkeep]
|upkeep
|turn|11
|
|t:|1660495217
|-start|p1a: Necrozma|Dynamax|
|-heal|p1a: Necrozma|45/100|[silent]
|move|p2a: Rayquaza|Earthquake|p1a: Necrozma
|-supereffective|p1a: Necrozma
|-damage|p1a: Necrozma|15/100
|-enditem|p1a: Necrozma|Weakness Policy
|-boost|p1a: Necrozma|atk|2|[from] item: Weakness Policy
|-boost|p1a: Necrozma|spa|2|[from] item: Weakness Policy
|move|p1a: Necrozma|Max Mindstorm|p2a: Rayquaza
|-damage|p2a: Rayquaza|0 fnt
|-fieldstart|move: Psychic Terrain
|faint|p2a: Rayquaza
|-weather|none
|
|upkeep
|
|t:|1660495243
|switch|p2a: Espeon|Espeon, M|100/100
|-damage|p2a: Espeon|88/100|[from] Stealth Rock
|turn|12
|
|t:|1660495248
|move|p2a: Espeon|Shadow Ball|p1a: Necrozma
|-supereffective|p1a: Necrozma
|-damage|p1a: Necrozma|2/100
|move|p1a: Necrozma|Max Steelspike|p2a: Espeon
|-damage|p2a: Espeon|0 fnt
|-boost|p1a: Necrozma|def|1
|faint|p2a: Espeon
|
|upkeep
|
|t:|1660495256
|switch|p2a: Smeargle|Smeargle, M|100/100
|-damage|p2a: Smeargle|88/100|[from] Stealth Rock
|turn|13
|
|t:|1660495260
|move|p2a: Smeargle|Spore|p1a: Necrozma
|-status|p1a: Necrozma|slp|[from] move: Spore
|cant|p1a: Necrozma|slp
|
|-ability|p2a: Smeargle|Moody|boost
|-boost|p2a: Smeargle|def|2
|-unboost|p2a: Smeargle|spa|1
|upkeep
|-end|p1a: Necrozma|Dynamax
|-heal|p1a: Necrozma|3/100 slp|[silent]
|turn|14
|
|t:|1660495269
|move|p2a: Smeargle|Baton Pass|p2a: Smeargle
|
|t:|1660495271
|switch|p2a: Zacian|Zacian-Crowned|59/100|[from]move: Baton Pass
|-damage|p2a: Zacian|53/100|[from] Stealth Rock
|-ability|p2a: Zacian|Intrepid Sword|boost
|-boost|p2a: Zacian|atk|1
|-curestatus|p1a: Necrozma|slp|[msg]
|move|p1a: Necrozma|Sunsteel Strike|p2a: Zacian
|-damage|p2a: Zacian|3/100
|
|upkeep
|turn|15
|
|t:|1660495283
|move|p2a: Zacian|Behemoth Blade|p1a: Necrozma
|-resisted|p1a: Necrozma
|-damage|p1a: Necrozma|0 fnt
|faint|p1a: Necrozma
|
|-fieldend|move: Psychic Terrain
|upkeep
|
|t:|1660495291
|switch|p1a: Zacian-Mega|Ditto, shiny|20/100
|-damage|p1a: Zacian-Mega|8/100|[from] Stealth Rock
|-transform|p1a: Zacian-Mega|p2a: Zacian|[from] ability: Imposter
|-ability|p1a: Zacian-Mega|Intrepid Sword|boost
|-boost|p1a: Zacian-Mega|atk|1
|turn|16
|
|t:|1660495304
|move|p1a: Zacian-Mega|Behemoth Blade|p2a: Zacian
|-damage|p2a: Zacian|0 fnt
|faint|p2a: Zacian
|
|upkeep
|
|t:|1660495306
|switch|p2a: Smeargle|Smeargle, M|88/100
|-damage|p2a: Smeargle|76/100|[from] Stealth Rock
|turn|17
|
|t:|1660495308
|move|p2a: Smeargle|Spiky Shield|p2a: Smeargle
|-singleturn|p2a: Smeargle|move: Protect
|move|p1a: Zacian-Mega|Behemoth Blade|p2a: Smeargle
|-activate|p2a: Smeargle|move: Protect
|-damage|p1a: Zacian-Mega|0 fnt|[from] Spiky Shield|[of] p2a: Smeargle
|faint|p1a: Zacian-Mega
|
|-ability|p2a: Smeargle|Moody|boost
|-boost|p2a: Smeargle|spe|2
|-unboost|p2a: Smeargle|def|1
|upkeep
|
|t:|1660495317
|switch|p1a: Zacian|Zacian-Crowned|100/100
|-damage|p1a: Zacian|94/100|[from] Stealth Rock
|-ability|p1a: Zacian|Intrepid Sword|boost
|-boost|p1a: Zacian|atk|1
|turn|18
|
|t:|1660495322
|move|p2a: Smeargle|Spore|p1a: Zacian
|-status|p1a: Zacian|slp|[from] move: Spore
|cant|p1a: Zacian|slp
|
|-ability|p2a: Smeargle|Moody|boost
|-boost|p2a: Smeargle|spe|2
|-unboost|p2a: Smeargle|spa|1
|upkeep
|turn|19
|
|t:|1660495327
|move|p2a: Smeargle|Shift Gear|p2a: Smeargle
|-boost|p2a: Smeargle|spe|2
|-boost|p2a: Smeargle|atk|1
|cant|p1a: Zacian|slp
|
|-ability|p2a: Smeargle|Moody|boost
|-boost|p2a: Smeargle|atk|2
|-unboost|p2a: Smeargle|spe|1
|upkeep
|turn|20
|
|t:|1660495335
|move|p2a: Smeargle|Spiky Shield|p2a: Smeargle
|-singleturn|p2a: Smeargle|move: Protect
|cant|p1a: Zacian|slp
|
|-ability|p2a: Smeargle|Moody|boost
|-boost|p2a: Smeargle|spa|2
|-unboost|p2a: Smeargle|def|1
|upkeep
|turn|21
|
|t:|1660495345
|move|p2a: Smeargle|Spiky Shield|p2a: Smeargle
|-singleturn|p2a: Smeargle|move: Protect
|-curestatus|p1a: Zacian|slp|[msg]
|move|p1a: Zacian|Behemoth Blade|p2a: Smeargle
|-activate|p2a: Smeargle|move: Protect
|-damage|p1a: Zacian|82/100|[from] Spiky Shield|[of] p2a: Smeargle
|
|-ability|p2a: Smeargle|Moody|boost
|-boost|p2a: Smeargle|def|2
|-unboost|p2a: Smeargle|spa|1
|upkeep
|turn|22
|
|t:|1660495349
|move|p2a: Smeargle|Spore|p1a: Zacian
|-status|p1a: Zacian|slp|[from] move: Spore
|cant|p1a: Zacian|slp
|
|-ability|p2a: Smeargle|Moody|boost
|-boost|p2a: Smeargle|atk|2
|-unboost|p2a: Smeargle|def|1
|upkeep
|turn|23
|
|t:|1660495353
|move|p2a: Smeargle|Shift Gear|p2a: Smeargle
|-boost|p2a: Smeargle|spe|1
|-boost|p2a: Smeargle|atk|1
|cant|p1a: Zacian|slp
|
|-ability|p2a: Smeargle|Moody|boost
|-boost|p2a: Smeargle|spa|2
|-unboost|p2a: Smeargle|spd|1
|upkeep
|turn|24
|
|t:|1660495363
|move|p2a: Smeargle|Spiky Shield|p2a: Smeargle
|-singleturn|p2a: Smeargle|move: Protect
|cant|p1a: Zacian|slp
|
|-ability|p2a: Smeargle|Moody|boost
|-boost|p2a: Smeargle|spa|2
|-unboost|p2a: Smeargle|def|1
|upkeep
|turn|25
|
|t:|1660495374
|move|p2a: Smeargle|Spiky Shield||[still]
|-fail|p2a: Smeargle
|-curestatus|p1a: Zacian|slp|[msg]
|move|p1a: Zacian|Sacred Sword|p2a: Smeargle
|-supereffective|p2a: Smeargle
|-damage|p2a: Smeargle|0 fnt
|faint|p2a: Smeargle
|
|upkeep
|
|t:|1660495376
|switch|p2a: Xerneas|Xerneas|100/100
|-damage|p2a: Xerneas|88/100|[from] Stealth Rock
|-ability|p2a: Xerneas|Fairy Aura
|turn|26
|
|t:|1660495385
|move|p1a: Zacian|Behemoth Blade|p2a: Xerneas
|-supereffective|p2a: Xerneas
|-damage|p2a: Xerneas|0 fnt
|faint|p2a: Xerneas
|
|win|AlexnVenusaur
|raw|AlexnVenusaur's rating: 1531 &rarr; <strong>1565</strong><br />(+34 for winning)
|raw|amnael01's rating: 1830 &rarr; <strong>1796</strong><br />(-34 for losing)
|l|☆amnael01
||Ladder isn't responding, score probably updated but might not have (Request timeout).
