|j|☆dtc07
|j|☆Ghaudoooo
|t:|1657907968
|gametype|singles
|player|p1|dtc07|grimsley|1743
|player|p2|Ghaudoooo|mira|1569
|teamsize|p1|6
|teamsize|p2|6
|gen|8
|tier|[Gen 8] National Dex AG
|rated|
|rule|HP Percentage Mod: HP is shown in percentages
|rule|Endless Battle Clause: Forcing endless battles is banned
|clearpoke
|poke|p1|Rayquaza|
|poke|p1|Arceus-*|
|poke|p1|Ho-Oh|
|poke|p1|Zygarde|
|poke|p1|Necrozma-Dusk-Mane|
|poke|p1|Calyrex-Shadow|
|poke|p2|Necrozma-Dusk-Mane|
|poke|p2|Giratina-Origin|
|poke|p2|Blaziken, M|
|poke|p2|Arceus-*|
|poke|p2|Deoxys-Attack|
|poke|p2|Zacian-*|
|teampreview
|inactive|Battle timer is ON: inactive players will automatically lose when time's up. (requested by dtc07)
|
|t:|1657907998
|start
|switch|p1a: Calyrex|Calyrex-Shadow|100/100
|switch|p2a: Gregarious Jimbo|Deoxys-Attack|100/100
|-ability|p1a: Calyrex|As One
|-ability|p1a: Calyrex|Unnerve
|-ability|p2a: Gregarious Jimbo|Pressure
|turn|1
|
|t:|1657908012
|switch|p1a: Necrozma|Necrozma-Dusk-Mane|100/100
|switch|p2a: Nimble Nathaniel|Arceus|100/100
|
|upkeep
|turn|2
|
|t:|1657908022
|move|p2a: Nimble Nathaniel|Swords Dance|p2a: Nimble Nathaniel
|-boost|p2a: Nimble Nathaniel|atk|2
|move|p1a: Necrozma|Knock Off|p2a: Nimble Nathaniel
|-damage|p2a: Nimble Nathaniel|80/100
|-enditem|p2a: Nimble Nathaniel|Silk Scarf|[from] move: Knock Off|[of] p1a: Necrozma
|
|upkeep
|turn|3
|
|t:|1657908032
|switch|p1a: Zygarde|Zygarde|100/100
|move|p2a: Nimble Nathaniel|Shadow Claw|p1a: Zygarde
|-damage|p1a: Zygarde|76/100
|
|-heal|p1a: Zygarde|82/100|[from] item: Leftovers
|upkeep
|turn|4
|
|t:|1657908038
|move|p2a: Nimble Nathaniel|Recover|p2a: Nimble Nathaniel
|-heal|p2a: Nimble Nathaniel|100/100
|move|p1a: Zygarde|Coil|p1a: Zygarde
|-boost|p1a: Zygarde|atk|1
|-boost|p1a: Zygarde|def|1
|-boost|p1a: Zygarde|accuracy|1
|
|-heal|p1a: Zygarde|88/100|[from] item: Leftovers
|upkeep
|turn|5
|
|t:|1657908045
|-start|p2a: Nimble Nathaniel|Dynamax|
|-heal|p2a: Nimble Nathaniel|100/100|[silent]
|move|p2a: Nimble Nathaniel|Max Strike|p1a: Zygarde
|-damage|p1a: Zygarde|38/100
|-unboost|p1a: Zygarde|spe|1
|move|p1a: Zygarde|Coil|p1a: Zygarde
|-boost|p1a: Zygarde|atk|1
|-boost|p1a: Zygarde|def|1
|-boost|p1a: Zygarde|accuracy|1
|
|-heal|p1a: Zygarde|44/100|[from] item: Leftovers
|-activate|p1a: Zygarde|ability: Power Construct
|detailschange|p1a: Zygarde|Zygarde-Complete
|-heal|p1a: Zygarde|63/100|[silent]
|upkeep
|turn|6
|j| Apprenti Buck
|
|t:|1657908055
|move|p2a: Nimble Nathaniel|Max Strike|p1a: Zygarde
|-crit|p1a: Zygarde
|-damage|p1a: Zygarde|0 fnt
|faint|p1a: Zygarde
|
|upkeep
|c|☆Ghaudoooo|Mb
|c|☆Ghaudoooo|Sorry
|c|☆dtc07|oh fml
|
|t:|1657908079
|switch|p1a: Arceus|Arceus-Dark|100/100
|turn|7
|c|☆Ghaudoooo|I thought I was +4 so I fucked up maxing
|
|t:|1657908082
|move|p1a: Arceus|Will-O-Wisp|p2a: Nimble Nathaniel
|-status|p2a: Nimble Nathaniel|brn
|move|p2a: Nimble Nathaniel|Max Strike|p1a: Arceus
|-damage|p1a: Arceus|55/100
|-unboost|p1a: Arceus|spe|1
|
|-damage|p2a: Nimble Nathaniel|97/100 brn|[from] brn
|upkeep
|-end|p2a: Nimble Nathaniel|Dynamax
|-heal|p2a: Nimble Nathaniel|98/100 brn|[silent]
|turn|8
|
|t:|1657908098
|switch|p1a: Calyrex|Calyrex-Shadow|100/100
|-ability|p1a: Calyrex|As One
|-ability|p1a: Calyrex|Unnerve
|move|p2a: Nimble Nathaniel|Swords Dance|p2a: Nimble Nathaniel
|-boost|p2a: Nimble Nathaniel|atk|2
|
|-damage|p2a: Nimble Nathaniel|91/100 brn|[from] brn
|upkeep
|turn|9
|
|t:|1657908106
|move|p1a: Calyrex|Substitute|p1a: Calyrex
|-start|p1a: Calyrex|Substitute
|-damage|p1a: Calyrex|76/100
|move|p2a: Nimble Nathaniel|Shadow Claw|p1a: Calyrex
|-supereffective|p1a: Calyrex
|-end|p1a: Calyrex|Substitute
|
|-heal|p1a: Calyrex|82/100|[from] item: Leftovers
|-damage|p2a: Nimble Nathaniel|85/100 brn|[from] brn
|upkeep
|turn|10
|
|t:|1657908118
|switch|p1a: Arceus|Arceus-Dark|55/100
|move|p2a: Nimble Nathaniel|Shadow Claw|p1a: Arceus
|-resisted|p1a: Arceus
|-crit|p1a: Arceus
|-damage|p1a: Arceus|37/100
|
|-damage|p2a: Nimble Nathaniel|79/100 brn|[from] brn
|upkeep
|turn|11
|
|t:|1657908121
|move|p2a: Nimble Nathaniel|Extreme Speed|p1a: Arceus
|-damage|p1a: Arceus|0 fnt
|faint|p1a: Arceus
|
|-damage|p2a: Nimble Nathaniel|73/100 brn|[from] brn
|upkeep
|
|t:|1657908131
|switch|p1a: Ho-Oh|Ho-Oh|100/100
|turn|12
|
|t:|1657908141
|move|p2a: Nimble Nathaniel|Extreme Speed|p1a: Ho-Oh
|-damage|p1a: Ho-Oh|61/100
|move|p1a: Ho-Oh|Sacred Fire|p2a: Nimble Nathaniel
|-damage|p2a: Nimble Nathaniel|46/100 brn
|
|-damage|p2a: Nimble Nathaniel|40/100 brn|[from] brn
|upkeep
|turn|13
|
|t:|1657908147
|move|p2a: Nimble Nathaniel|Recover|p2a: Nimble Nathaniel
|-heal|p2a: Nimble Nathaniel|90/100 brn
|move|p1a: Ho-Oh|Recover|p1a: Ho-Oh
|-heal|p1a: Ho-Oh|100/100
|
|-damage|p2a: Nimble Nathaniel|84/100 brn|[from] brn
|upkeep
|turn|14
|
|t:|1657908157
|move|p2a: Nimble Nathaniel|Swords Dance|p2a: Nimble Nathaniel
|-boost|p2a: Nimble Nathaniel|atk|2
|move|p1a: Ho-Oh|Sacred Fire|p2a: Nimble Nathaniel
|-damage|p2a: Nimble Nathaniel|55/100 brn
|
|-damage|p2a: Nimble Nathaniel|49/100 brn|[from] brn
|upkeep
|turn|15
|
|t:|1657908165
|move|p2a: Nimble Nathaniel|Recover|p2a: Nimble Nathaniel
|-heal|p2a: Nimble Nathaniel|99/100 brn
|move|p1a: Ho-Oh|Sacred Fire|p2a: Nimble Nathaniel
|-damage|p2a: Nimble Nathaniel|72/100 brn
|
|-damage|p2a: Nimble Nathaniel|66/100 brn|[from] brn
|upkeep
|turn|16
|
|t:|1657908173
|switch|p1a: Necrozma|Necrozma-Dusk-Mane|100/100
|move|p2a: Nimble Nathaniel|Extreme Speed|p1a: Necrozma
|-resisted|p1a: Necrozma
|-damage|p1a: Necrozma|76/100
|-damage|p2a: Nimble Nathaniel|50/100 brn|[from] item: Rocky Helmet|[of] p1a: Necrozma
|
|-damage|p2a: Nimble Nathaniel|44/100 brn|[from] brn
|upkeep
|turn|17
|
|t:|1657908179
|switch|p1a: Ho-Oh|Ho-Oh|100/100
|move|p2a: Nimble Nathaniel|Shadow Claw|p1a: Ho-Oh
|-damage|p1a: Ho-Oh|67/100
|
|-damage|p2a: Nimble Nathaniel|38/100 brn|[from] brn
|upkeep
|turn|18
|
|t:|1657908183
|move|p2a: Nimble Nathaniel|Recover|p2a: Nimble Nathaniel
|-heal|p2a: Nimble Nathaniel|88/100 brn
|move|p1a: Ho-Oh|Recover|p1a: Ho-Oh
|-heal|p1a: Ho-Oh|100/100
|
|-damage|p2a: Nimble Nathaniel|81/100 brn|[from] brn
|upkeep
|turn|19
|
|t:|1657908188
|switch|p1a: Necrozma|Necrozma-Dusk-Mane|76/100
|move|p2a: Nimble Nathaniel|Shadow Claw|p1a: Necrozma
|-supereffective|p1a: Necrozma
|-damage|p1a: Necrozma|35/100
|-damage|p2a: Nimble Nathaniel|65/100 brn|[from] item: Rocky Helmet|[of] p1a: Necrozma
|
|-damage|p2a: Nimble Nathaniel|59/100 brn|[from] brn
|upkeep
|turn|20
|c|☆dtc07|that crit really ruined me
|
|t:|1657908198
|move|p2a: Nimble Nathaniel|Recover|p2a: Nimble Nathaniel
|-heal|p2a: Nimble Nathaniel|100/100 brn
|move|p1a: Necrozma|Sunsteel Strike|p2a: Nimble Nathaniel
|-damage|p2a: Nimble Nathaniel|70/100 brn
|
|-damage|p2a: Nimble Nathaniel|64/100 brn|[from] brn
|upkeep
|turn|21
|c|☆Ghaudoooo|Yea
|c|☆Ghaudoooo|I think this was still winnable for me without crit but muuuch harder
|
|t:|1657908226
|move|p2a: Nimble Nathaniel|Shadow Claw|p1a: Necrozma
|-supereffective|p1a: Necrozma
|-damage|p1a: Necrozma|0 fnt
|-damage|p2a: Nimble Nathaniel|47/100 brn|[from] item: Rocky Helmet|[of] p1a: Necrozma
|faint|p1a: Necrozma
|
|-damage|p2a: Nimble Nathaniel|41/100 brn|[from] brn
|upkeep
|c|☆Ghaudoooo|They always happen at the worst times
|c|☆Ghaudoooo|I've lost so many Jump Magikarp games to crit
|
|t:|1657908250
|switch|p1a: Rayquaza|Rayquaza|100/100
|-ability|p1a: Rayquaza|Air Lock
|turn|22
|
|t:|1657908254
|detailschange|p1a: Rayquaza|Rayquaza-Mega
|-mega|p1a: Rayquaza|Rayquaza|
|-weather|DeltaStream|[from] ability: Delta Stream|[of] p1a: Rayquaza
|move|p1a: Rayquaza|Extreme Speed|p2a: Nimble Nathaniel
|-damage|p2a: Nimble Nathaniel|2/100 brn
|move|p2a: Nimble Nathaniel|Extreme Speed|p1a: Rayquaza
|-damage|p1a: Rayquaza|20/100
|
|-weather|DeltaStream|[upkeep]
|-damage|p2a: Nimble Nathaniel|0 fnt|[from] brn
|faint|p2a: Nimble Nathaniel
|upkeep
|c|☆dtc07|lol
|
|t:|1657908269
|switch|p2a: Inevitable Timothy|Zacian-Crowned|100/100
|-ability|p2a: Inevitable Timothy|Intrepid Sword|boost
|-boost|p2a: Inevitable Timothy|atk|1
|turn|23
|
|t:|1657908273
|-weather|none
|switch|p1a: Ho-Oh|Ho-Oh|100/100
|move|p2a: Inevitable Timothy|Behemoth Blade|p1a: Ho-Oh
|-resisted|p1a: Ho-Oh
|-damage|p1a: Ho-Oh|69/100
|
|upkeep
|turn|24
|
|t:|1657908282
|switch|p2a: Egregious Nigel|Giratina-Origin|100/100
|move|p1a: Ho-Oh|Sacred Fire|p2a: Egregious Nigel
|-resisted|p2a: Egregious Nigel
|-damage|p2a: Egregious Nigel|86/100
|-status|p2a: Egregious Nigel|brn
|
|-damage|p2a: Egregious Nigel|80/100 brn|[from] brn
|upkeep
|turn|25
|
|t:|1657908287
|move|p1a: Ho-Oh|Recover|p1a: Ho-Oh
|-heal|p1a: Ho-Oh|100/100
|move|p2a: Egregious Nigel|Thunder Wave|p1a: Ho-Oh|[miss]
|-miss|p2a: Egregious Nigel|p1a: Ho-Oh
|
|-damage|p2a: Egregious Nigel|74/100 brn|[from] brn
|upkeep
|turn|26
|
|t:|1657908295
|move|p1a: Ho-Oh|Sacred Fire|p2a: Egregious Nigel
|-resisted|p2a: Egregious Nigel
|-damage|p2a: Egregious Nigel|60/100 brn
|move|p2a: Egregious Nigel|Thunder Wave|p1a: Ho-Oh
|-status|p1a: Ho-Oh|par
|
|-damage|p2a: Egregious Nigel|54/100 brn|[from] brn
|upkeep
|turn|27
|
|t:|1657908304
|cant|p1a: Ho-Oh|par
|move|p2a: Egregious Nigel|Dragon Tail|p1a: Ho-Oh
|-damage|p1a: Ho-Oh|90/100 par
|drag|p1a: Calyrex|Calyrex-Shadow|82/100
|-ability|p1a: Calyrex|As One
|-ability|p1a: Calyrex|Unnerve
|
|-heal|p1a: Calyrex|88/100|[from] item: Leftovers
|-damage|p2a: Egregious Nigel|48/100 brn|[from] brn
|upkeep
|turn|28
|
|t:|1657908311
|switch|p1a: Ho-Oh|Ho-Oh|100/100 par
|move|p2a: Egregious Nigel|Shadow Sneak|p1a: Ho-Oh
|-damage|p1a: Ho-Oh|94/100 par
|
|-damage|p2a: Egregious Nigel|42/100 brn|[from] brn
|upkeep
|turn|29
|
|t:|1657908320
|move|p1a: Ho-Oh|Sacred Fire|p2a: Egregious Nigel|[miss]
|-miss|p1a: Ho-Oh|p2a: Egregious Nigel
|move|p2a: Egregious Nigel|Dragon Tail|p1a: Ho-Oh|[miss]
|-miss|p2a: Egregious Nigel|p1a: Ho-Oh
|
|-damage|p2a: Egregious Nigel|35/100 brn|[from] brn
|upkeep
|turn|30
|
|t:|1657908325
|move|p1a: Ho-Oh|Sacred Fire|p2a: Egregious Nigel
|-resisted|p2a: Egregious Nigel
|-damage|p2a: Egregious Nigel|20/100 brn
|move|p2a: Egregious Nigel|Dragon Tail|p1a: Ho-Oh
|-damage|p1a: Ho-Oh|84/100 par
|drag|p1a: Rayquaza|Rayquaza-Mega|20/100
|-weather|DeltaStream|[from] ability: Delta Stream|[of] p1a: Rayquaza
|
|-weather|DeltaStream|[upkeep]
|-damage|p2a: Egregious Nigel|13/100 brn|[from] brn
|upkeep
|turn|31
|
|t:|1657908330
|-weather|none
|switch|p1a: Ho-Oh|Ho-Oh|100/100 par
|move|p2a: Egregious Nigel|Dragon Tail|p1a: Ho-Oh|[miss]
|-miss|p2a: Egregious Nigel|p1a: Ho-Oh
|
|-damage|p2a: Egregious Nigel|7/100 brn|[from] brn
|upkeep
|turn|32
|
|t:|1657908336
|move|p2a: Egregious Nigel|Shadow Sneak|p1a: Ho-Oh
|-damage|p1a: Ho-Oh|94/100 par
|move|p1a: Ho-Oh|Recover|p1a: Ho-Oh
|-heal|p1a: Ho-Oh|100/100 par
|
|-damage|p2a: Egregious Nigel|1/100 brn|[from] brn
|upkeep
|turn|33
|
|t:|1657908340
|move|p2a: Egregious Nigel|Shadow Sneak|p1a: Ho-Oh
|-damage|p1a: Ho-Oh|94/100 par
|cant|p1a: Ho-Oh|par
|
|-damage|p2a: Egregious Nigel|0 fnt|[from] brn
|faint|p2a: Egregious Nigel
|upkeep
|
|t:|1657908352
|switch|p2a: Visceral Grandpa|Necrozma-Dusk-Mane|100/100
|turn|34
|
|t:|1657908357
|detailschange|p2a: Visceral Grandpa|Necrozma-Ultra
|-burst|p2a: Visceral Grandpa|Necrozma|Ultranecrozium Z
|move|p2a: Visceral Grandpa|Photon Geyser|p1a: Ho-Oh
|-damage|p1a: Ho-Oh|48/100 par
|move|p1a: Ho-Oh|Sacred Fire|p2a: Visceral Grandpa
|-resisted|p2a: Visceral Grandpa
|-damage|p2a: Visceral Grandpa|82/100
|-status|p2a: Visceral Grandpa|brn
|
|-damage|p2a: Visceral Grandpa|76/100 brn|[from] brn
|upkeep
|turn|35
|c|☆Ghaudoooo|Idk if I can break ho oh tbh
|
|t:|1657908371
|-zpower|p2a: Visceral Grandpa
|move|p2a: Visceral Grandpa|Light That Burns the Sky|p1a: Ho-Oh|[zeffect]
|-damage|p1a: Ho-Oh|5/100 par
|move|p1a: Ho-Oh|Recover|p1a: Ho-Oh
|-heal|p1a: Ho-Oh|55/100 par
|
|-damage|p2a: Visceral Grandpa|70/100 brn|[from] brn
|upkeep
|turn|36
|
|t:|1657908380
|move|p2a: Visceral Grandpa|Photon Geyser|p1a: Ho-Oh
|-damage|p1a: Ho-Oh|33/100 par
|cant|p1a: Ho-Oh|par
|
|-damage|p2a: Visceral Grandpa|63/100 brn|[from] brn
|upkeep
|turn|37
|
|t:|1657908395
|move|p2a: Visceral Grandpa|Photon Geyser|p1a: Ho-Oh
|-crit|p1a: Ho-Oh
|-damage|p1a: Ho-Oh|0 fnt
|faint|p1a: Ho-Oh
|
|-damage|p2a: Visceral Grandpa|57/100 brn|[from] brn
|upkeep
|c|☆Ghaudoooo|...
|c|☆Ghaudoooo|I am so sorry
|c|☆dtc07|pokemon is a very fair game
|c|☆Ghaudoooo|True
|
|t:|1657908414
|switch|p1a: Calyrex|Calyrex-Shadow|88/100
|-ability|p1a: Calyrex|As One
|-ability|p1a: Calyrex|Unnerve
|turn|38
|c|☆Ghaudoooo|You had run out of sacred fires tho
|l| Apprenti Buck
|c|☆Ghaudoooo|So no Zacian answer
|c|☆dtc07|yes
|
|t:|1657908440
|move|p1a: Calyrex|Astral Barrage|p2a: Visceral Grandpa
|-supereffective|p2a: Visceral Grandpa
|-damage|p2a: Visceral Grandpa|0 fnt
|faint|p2a: Visceral Grandpa
|-ability|p1a: Calyrex|Grim Neigh|boost
|-boost|p1a: Calyrex|spa|1
|
|-heal|p1a: Calyrex|94/100|[from] item: Leftovers
|upkeep
|inactive|Ghaudoooo has 120 seconds left.
|
|t:|1657908452
|switch|p2a: Toasty Pingu|Blaziken, M|100/100
|turn|39
|
|t:|1657908455
|detailschange|p2a: Toasty Pingu|Blaziken-Mega, M
|-mega|p2a: Toasty Pingu|Blaziken|Blazikenite
|move|p2a: Toasty Pingu|Protect|p2a: Toasty Pingu
|-singleturn|p2a: Toasty Pingu|Protect
|move|p1a: Calyrex|Substitute|p1a: Calyrex
|-start|p1a: Calyrex|Substitute
|-damage|p1a: Calyrex|69/100
|
|-heal|p1a: Calyrex|75/100|[from] item: Leftovers
|-ability|p2a: Toasty Pingu|Speed Boost|boost
|-boost|p2a: Toasty Pingu|spe|1
|upkeep
|turn|40
|c|☆dtc07|yey
|c|☆Ghaudoooo|Yup
|c|☆Ghaudoooo|Ggs
|
|t:|1657908468
|move|p2a: Toasty Pingu|Flare Blitz|p1a: Calyrex
|-end|p1a: Calyrex|Substitute
|-damage|p2a: Toasty Pingu|91/100|[from] Recoil|[of] p1a: Calyrex
|move|p1a: Calyrex|Astral Barrage|p2a: Toasty Pingu
|-damage|p2a: Toasty Pingu|0 fnt
|faint|p2a: Toasty Pingu
|-ability|p1a: Calyrex|Grim Neigh|boost
|-boost|p1a: Calyrex|spa|1
|
|-heal|p1a: Calyrex|81/100|[from] item: Leftovers
|upkeep
|
|t:|1657908475
|switch|p2a: Gregarious Jimbo|Deoxys-Attack|100/100
|-ability|p2a: Gregarious Jimbo|Pressure
|turn|41
|c|☆dtc07|is deo max spe
|
|t:|1657908483
|move|p1a: Calyrex|Astral Barrage|p2a: Gregarious Jimbo
|-supereffective|p2a: Gregarious Jimbo
|-enditem|p2a: Gregarious Jimbo|Focus Sash
|-damage|p2a: Gregarious Jimbo|1/100
|move|p2a: Gregarious Jimbo|Psycho Boost|p1a: Calyrex
|-resisted|p1a: Calyrex
|-damage|p1a: Calyrex|32/100
|-unboost|p2a: Gregarious Jimbo|spa|2
|
|-heal|p1a: Calyrex|39/100|[from] item: Leftovers
|upkeep
|turn|42
|c|☆dtc07|oh
|c|☆dtc07|gg
|
|t:|1657908490
|-start|p1a: Calyrex|Dynamax|
|-heal|p1a: Calyrex|39/100|[silent]
|move|p1a: Calyrex|Max Phantasm|p2a: Gregarious Jimbo
|-supereffective|p2a: Gregarious Jimbo
|-damage|p2a: Gregarious Jimbo|0 fnt
|faint|p2a: Gregarious Jimbo
|-ability|p1a: Calyrex|Grim Neigh|boost
|-boost|p1a: Calyrex|spa|1
|
|-heal|p1a: Calyrex|42/100|[from] item: Leftovers
|upkeep
|c|☆Ghaudoooo|Nah no max spe
|c|☆Ghaudoooo|Gg
|-message|Ghaudoooo forfeited.
|
|win|dtc07
|raw|dtc07's rating: 1743 &rarr; <strong>1754</strong><br />(+11 for winning)
|raw|Ghaudoooo's rating: 1569 &rarr; <strong>1558</strong><br />(-11 for losing)
|l|☆Ghaudoooo
