|j|☆Ryan96t
|j|☆Log4j
|t:|1648183712
|gametype|singles
|player|p1|Ryan96t|170|1633
|player|p2|Log4j|266|1921
|teamsize|p1|6
|teamsize|p2|6
|gen|8
|tier|[Gen 8] National Dex AG
|rated|
|rule|HP Percentage Mod: HP is shown in percentages
|rule|Endless Battle Clause: Forcing endless battles is banned
|clearpoke
|poke|p1|Smeargle, M|
|poke|p1|Nihilego|
|poke|p1|Zarude|
|poke|p1|Smeargle, M|
|poke|p1|Tapu Lele|
|poke|p1|Mimikyu, F|
|poke|p2|Rayquaza|
|poke|p2|Zacian-*|
|poke|p2|Yveltal|
|poke|p2|Groudon|
|poke|p2|Ho-Oh|
|poke|p2|Ditto|
|teampreview
|
|t:|1648183719
|start
|switch|p1a: Nihilego|Nihilego|100/100
|switch|p2a: Zacian|Zacian-Crowned|100/100
|-ability|p2a: Zacian|Intrepid Sword|boost
|-boost|p2a: Zacian|atk|1
|turn|1
|
|t:|1648183722
|move|p2a: Zacian|Behemoth Blade|p1a: Nihilego
|-supereffective|p1a: Nihilego
|-enditem|p1a: Nihilego|Focus Sash
|-damage|p1a: Nihilego|1/100
|move|p1a: Nihilego|Rock Tomb|p2a: Zacian
|-resisted|p2a: Zacian
|-damage|p2a: Zacian|95/100
|-unboost|p2a: Zacian|spe|1
|
|upkeep
|turn|2
|inactive|Battle timer is ON: inactive players will automatically lose when time's up. (requested by Log4j)
|
|t:|1648183733
|switch|p2a: Ditto|Ditto|100/100
|-transform|p2a: Ditto|p1a: Nihilego|[from] ability: Imposter
|move|p1a: Nihilego|Rock Tomb|p2a: Ditto
|-damage|p2a: Ditto|70/100
|-unboost|p2a: Ditto|spe|1
|
|upkeep
|turn|3
|
|t:|1648183747
|move|p1a: Nihilego|Rock Tomb|p2a: Ditto
|-damage|p2a: Ditto|39/100
|-unboost|p2a: Ditto|spe|1
|move|p2a: Ditto|Stealth Rock|p1a: Nihilego
|-sidestart|p1: Ryan96t|move: Stealth Rock
|
|upkeep
|turn|4
|
|t:|1648183756
|switch|p2a: Zacian|Zacian-Crowned|95/100
|-ability|p2a: Zacian|Intrepid Sword|boost
|-boost|p2a: Zacian|atk|1
|move|p1a: Nihilego|Stealth Rock|p2a: Zacian
|-sidestart|p2: Log4j|move: Stealth Rock
|
|upkeep
|turn|5
|
|t:|1648183765
|move|p2a: Zacian|Behemoth Blade|p1a: Nihilego
|-supereffective|p1a: Nihilego
|-damage|p1a: Nihilego|0 fnt
|faint|p1a: Nihilego
|
|upkeep
|
|t:|1648183767
|switch|p1a: Zarude|Zarude|100/100
|-damage|p1a: Zarude|88/100|[from] Stealth Rock
|turn|6
|
|t:|1648183772
|move|p1a: Zarude|Scary Face|p2a: Zacian
|-unboost|p2a: Zacian|spe|2
|move|p2a: Zacian|Play Rough|p1a: Zarude|[miss]
|-miss|p2a: Zacian|p1a: Zarude
|
|upkeep
|turn|7
|
|t:|1648183786
|switch|p1a: Tapu Lele|Tapu Lele|100/100
|-damage|p1a: Tapu Lele|88/100|[from] Stealth Rock
|-fieldstart|move: Psychic Terrain|[from] ability: Psychic Surge|[of] p1a: Tapu Lele
|switch|p2a: Rayquaza|Rayquaza|100/100
|-damage|p2a: Rayquaza|75/100|[from] Stealth Rock
|-ability|p2a: Rayquaza|Air Lock
|
|upkeep
|turn|8
|
|t:|1648183793
|detailschange|p2a: Rayquaza|Rayquaza-Mega
|-mega|p2a: Rayquaza|Rayquaza|
|-weather|DeltaStream|[from] ability: Delta Stream|[of] p2a: Rayquaza
|move|p2a: Rayquaza|Dragon Ascent|p1a: Tapu Lele
|-damage|p1a: Tapu Lele|0 fnt
|-unboost|p2a: Rayquaza|def|1
|-unboost|p2a: Rayquaza|spd|1
|faint|p1a: Tapu Lele
|
|-weather|DeltaStream|[upkeep]
|upkeep
|
|t:|1648183796
|switch|p1a: Zarude|Zarude|88/100
|-damage|p1a: Zarude|76/100|[from] Stealth Rock
|turn|9
|
|t:|1648183804
|move|p1a: Zarude|Scary Face|p2a: Rayquaza
|-unboost|p2a: Rayquaza|spe|2
|move|p2a: Rayquaza|Dragon Dance|p2a: Rayquaza
|-boost|p2a: Rayquaza|atk|1
|-boost|p2a: Rayquaza|spe|1
|
|-weather|DeltaStream|[upkeep]
|upkeep
|turn|10
|
|t:|1648183808
|move|p1a: Zarude|Scary Face|p2a: Rayquaza
|-unboost|p2a: Rayquaza|spe|2
|move|p2a: Rayquaza|Dragon Dance|p2a: Rayquaza
|-boost|p2a: Rayquaza|atk|1
|-boost|p2a: Rayquaza|spe|1
|
|-weather|DeltaStream|[upkeep]
|upkeep
|turn|11
|
|t:|1648183817
|move|p1a: Zarude|Scary Face|p2a: Rayquaza
|-unboost|p2a: Rayquaza|spe|2
|move|p2a: Rayquaza|Dragon Ascent|p1a: Zarude
|-supereffective|p1a: Zarude
|-damage|p1a: Zarude|0 fnt
|-unboost|p2a: Rayquaza|def|1
|-unboost|p2a: Rayquaza|spd|1
|faint|p1a: Zarude
|
|-weather|DeltaStream|[upkeep]
|upkeep
|
|t:|1648183819
|switch|p1a: Smeargle|Smeargle, M|100/100
|-damage|p1a: Smeargle|88/100|[from] Stealth Rock
|turn|12
|
|t:|1648183822
|move|p2a: Rayquaza|Extreme Speed|p1a: Smeargle
|-activate|p1a: Smeargle|move: Psychic Terrain
|move|p1a: Smeargle|Spore|p2a: Rayquaza
|-status|p2a: Rayquaza|slp|[from] move: Spore
|
|-weather|DeltaStream|[upkeep]
|-ability|p1a: Smeargle|Moody|boost
|-boost|p1a: Smeargle|spd|2
|-unboost|p1a: Smeargle|spe|1
|upkeep
|turn|13
|
|t:|1648183832
|-weather|none
|switch|p2a: Zacian|Zacian-Crowned|95/100
|-damage|p2a: Zacian|89/100|[from] Stealth Rock
|-ability|p2a: Zacian|Intrepid Sword|boost
|-boost|p2a: Zacian|atk|1
|move|p1a: Smeargle|Substitute|p1a: Smeargle
|-start|p1a: Smeargle|Substitute
|-damage|p1a: Smeargle|63/100
|
|-ability|p1a: Smeargle|Moody|boost
|-boost|p1a: Smeargle|spe|2
|-unboost|p1a: Smeargle|atk|1
|upkeep
|turn|14
|
|t:|1648183839
|move|p2a: Zacian|Behemoth Blade|p1a: Smeargle
|-end|p1a: Smeargle|Substitute
|move|p1a: Smeargle|Spore|p2a: Zacian
|-status|p2a: Zacian|slp|[from] move: Spore
|
|-fieldend|move: Psychic Terrain
|-ability|p1a: Smeargle|Moody|boost
|-boost|p1a: Smeargle|spa|2
|-unboost|p1a: Smeargle|def|1
|upkeep
|turn|15
|
|t:|1648183848
|cant|p2a: Zacian|slp
|move|p1a: Smeargle|Substitute|p1a: Smeargle
|-start|p1a: Smeargle|Substitute
|-damage|p1a: Smeargle|38/100
|
|-ability|p1a: Smeargle|Moody|boost
|-boost|p1a: Smeargle|def|2
|-unboost|p1a: Smeargle|spe|1
|upkeep
|turn|16
|
|t:|1648183853
|-curestatus|p2a: Zacian|slp|[msg]
|move|p2a: Zacian|Behemoth Blade|p1a: Smeargle
|-end|p1a: Smeargle|Substitute
|move|p1a: Smeargle|Spore|p2a: Zacian
|-status|p2a: Zacian|slp|[from] move: Spore
|
|-ability|p1a: Smeargle|Moody|boost
|-boost|p1a: Smeargle|spe|2
|-unboost|p1a: Smeargle|atk|1
|upkeep
|turn|17
|
|t:|1648183859
|move|p1a: Smeargle|Substitute|p1a: Smeargle
|-start|p1a: Smeargle|Substitute
|-damage|p1a: Smeargle|14/100
|cant|p2a: Zacian|slp
|
|-ability|p1a: Smeargle|Moody|boost
|-boost|p1a: Smeargle|atk|2
|-unboost|p1a: Smeargle|spe|1
|upkeep
|turn|18
|
|t:|1648183862
|-curestatus|p2a: Zacian|slp|[msg]
|move|p2a: Zacian|Behemoth Blade|p1a: Smeargle
|-end|p1a: Smeargle|Substitute
|move|p1a: Smeargle|Ingrain|p1a: Smeargle
|-start|p1a: Smeargle|move: Ingrain
|
|-heal|p1a: Smeargle|20/100|[from] Ingrain
|-ability|p1a: Smeargle|Moody|boost
|-boost|p1a: Smeargle|spe|2
|-unboost|p1a: Smeargle|spa|1
|upkeep
|turn|19
|
|t:|1648183879
|move|p1a: Smeargle|Spore|p2a: Zacian
|-status|p2a: Zacian|slp|[from] move: Spore
|cant|p2a: Zacian|slp
|
|-heal|p1a: Smeargle|26/100|[from] Ingrain
|-ability|p1a: Smeargle|Moody|boost
|-boost|p1a: Smeargle|atk|2
|-unboost|p1a: Smeargle|spe|1
|upkeep
|turn|20
|
|t:|1648183885
|move|p1a: Smeargle|Substitute|p1a: Smeargle
|-start|p1a: Smeargle|Substitute
|-damage|p1a: Smeargle|1/100
|cant|p2a: Zacian|slp
|
|-heal|p1a: Smeargle|7/100|[from] Ingrain
|-ability|p1a: Smeargle|Moody|boost
|-boost|p1a: Smeargle|spe|2
|-unboost|p1a: Smeargle|atk|1
|upkeep
|turn|21
|
|t:|1648183894
|move|p1a: Smeargle|Baton Pass|p1a: Smeargle
|
|t:|1648183899
|switch|p1a: Smeargle|Smeargle, M, shiny|100/100|[from]move: Baton Pass
|-damage|p1a: Smeargle|88/100|[from] Stealth Rock
|cant|p2a: Zacian|slp
|
|-heal|p1a: Smeargle|94/100|[from] item: Leftovers
|-heal|p1a: Smeargle|99/100|[from] Ingrain
|-ability|p1a: Smeargle|Moody|boost
|-boost|p1a: Smeargle|spe|2
|-unboost|p1a: Smeargle|def|1
|upkeep
|turn|22
|
|t:|1648183904
|move|p1a: Smeargle|Shell Smash|p1a: Smeargle
|-unboost|p1a: Smeargle|def|1
|-unboost|p1a: Smeargle|spd|1
|-boost|p1a: Smeargle|atk|2
|-boost|p1a: Smeargle|spa|2
|-boost|p1a: Smeargle|spe|0
|-curestatus|p2a: Zacian|slp|[msg]
|move|p2a: Zacian|Behemoth Blade|p1a: Smeargle
|-end|p1a: Smeargle|Substitute
|
|-heal|p1a: Smeargle|100/100|[from] item: Leftovers
|-ability|p1a: Smeargle|Moody|boost
|-boost|p1a: Smeargle|atk|2
|-unboost|p1a: Smeargle|spe|1
|upkeep
|turn|23
|
|t:|1648183912
|move|p1a: Smeargle|Spore|p2a: Zacian
|-status|p2a: Zacian|slp|[from] move: Spore
|cant|p2a: Zacian|slp
|
|-ability|p1a: Smeargle|Moody|boost
|-boost|p1a: Smeargle|spe|1
|-unboost|p1a: Smeargle|atk|1
|upkeep
|turn|24
|
|t:|1648183916
|switch|p2a: Ditto|Ditto|39/100
|-damage|p2a: Ditto|27/100|[from] Stealth Rock
|-transform|p2a: Ditto|p1a: Smeargle|[from] ability: Imposter
|move|p1a: Smeargle|Substitute|p1a: Smeargle
|-start|p1a: Smeargle|Substitute
|-damage|p1a: Smeargle|76/100
|
|-heal|p1a: Smeargle|82/100|[from] item: Leftovers
|-heal|p1a: Smeargle|88/100|[from] Ingrain
|-ability|p2a: Ditto|Moody|boost
|-boost|p2a: Ditto|atk|2
|-unboost|p2a: Ditto|spa|1
|-ability|p1a: Smeargle|Moody|boost
|-boost|p1a: Smeargle|spa|2
|-unboost|p1a: Smeargle|atk|1
|upkeep
|turn|25
|inactive|Log4j has 120 seconds left.
|
|t:|1648183946
|move|p2a: Ditto|Power Trip|p1a: Smeargle
|-end|p1a: Smeargle|Substitute
|move|p1a: Smeargle|Spore|p2a: Ditto
|-status|p2a: Ditto|slp|[from] move: Spore
|
|-heal|p1a: Smeargle|94/100|[from] item: Leftovers
|-heal|p1a: Smeargle|99/100|[from] Ingrain
|-ability|p2a: Ditto|Moody|boost
|-boost|p2a: Ditto|spd|2
|-unboost|p2a: Ditto|spe|1
|-ability|p1a: Smeargle|Moody|boost
|-boost|p1a: Smeargle|atk|2
|-unboost|p1a: Smeargle|spe|1
|upkeep
|turn|26
|
|t:|1648183950
|cant|p2a: Ditto|slp
|move|p1a: Smeargle|Substitute|p1a: Smeargle
|-start|p1a: Smeargle|Substitute
|-damage|p1a: Smeargle|75/100
|
|-heal|p1a: Smeargle|81/100|[from] item: Leftovers
|-heal|p1a: Smeargle|87/100|[from] Ingrain
|-ability|p2a: Ditto|Moody|boost
|-boost|p2a: Ditto|spe|1
|-unboost|p2a: Ditto|atk|1
|-ability|p1a: Smeargle|Moody|boost
|-boost|p1a: Smeargle|spe|1
|-unboost|p1a: Smeargle|atk|1
|upkeep
|turn|27
|
|t:|1648183955
|cant|p2a: Ditto|slp
|move|p1a: Smeargle|Spore|p2a: Ditto
|-fail|p2a: Ditto|slp
|
|-heal|p1a: Smeargle|93/100|[from] item: Leftovers
|-heal|p1a: Smeargle|99/100|[from] Ingrain
|-ability|p2a: Ditto|Moody|boost
|-boost|p2a: Ditto|spa|2
|-unboost|p2a: Ditto|spd|1
|-ability|p1a: Smeargle|Moody|boost
|-boost|p1a: Smeargle|atk|2
|-unboost|p1a: Smeargle|spa|1
|upkeep
|turn|28
|
|t:|1648183960
|cant|p2a: Ditto|slp
|move|p1a: Smeargle|Spore|p2a: Ditto
|-fail|p2a: Ditto|slp
|
|-heal|p1a: Smeargle|100/100|[from] item: Leftovers
|-ability|p2a: Ditto|Moody|boost
|-boost|p2a: Ditto|spa|2
|-unboost|p2a: Ditto|spd|1
|-ability|p1a: Smeargle|Moody|boost
|-boost|p1a: Smeargle|spa|2
|-unboost|p1a: Smeargle|spe|1
|upkeep
|turn|29
|
|t:|1648183968
|-curestatus|p2a: Ditto|slp|[msg]
|move|p2a: Ditto|Power Trip|p1a: Smeargle
|-end|p1a: Smeargle|Substitute
|move|p1a: Smeargle|Spore|p2a: Ditto
|-status|p2a: Ditto|slp|[from] move: Spore
|
|-ability|p2a: Ditto|Moody|boost
|-boost|p2a: Ditto|def|2
|-unboost|p2a: Ditto|spe|1
|-ability|p1a: Smeargle|Moody|boost
|-boost|p1a: Smeargle|def|2
|-unboost|p1a: Smeargle|spa|1
|upkeep
|turn|30
|
|t:|1648183975
|cant|p2a: Ditto|slp
|move|p1a: Smeargle|Substitute|p1a: Smeargle
|-start|p1a: Smeargle|Substitute
|-damage|p1a: Smeargle|76/100
|
|-heal|p1a: Smeargle|82/100|[from] item: Leftovers
|-heal|p1a: Smeargle|88/100|[from] Ingrain
|-ability|p2a: Ditto|Moody|boost
|-boost|p2a: Ditto|atk|1
|-unboost|p2a: Ditto|spd|1
|-ability|p1a: Smeargle|Moody|boost
|-boost|p1a: Smeargle|spe|1
|-unboost|p1a: Smeargle|spa|1
|upkeep
|turn|31
|
|t:|1648183988
|cant|p2a: Ditto|slp
|move|p1a: Smeargle|Spore|p2a: Ditto
|-fail|p2a: Ditto|slp
|
|-heal|p1a: Smeargle|94/100|[from] item: Leftovers
|-heal|p1a: Smeargle|99/100|[from] Ingrain
|-ability|p2a: Ditto|Moody|boost
|-boost|p2a: Ditto|def|2
|-unboost|p2a: Ditto|spd|1
|-ability|p1a: Smeargle|Moody|boost
|-boost|p1a: Smeargle|spa|2
|-unboost|p1a: Smeargle|spd|1
|upkeep
|turn|32
|
|t:|1648183996
|cant|p2a: Ditto|slp
|move|p1a: Smeargle|Power Trip|p2a: Ditto
|-damage|p2a: Ditto|0 fnt
|faint|p2a: Ditto
|
|-heal|p1a: Smeargle|100/100|[from] item: Leftovers
|-ability|p1a: Smeargle|Moody|boost
|-boost|p1a: Smeargle|def|2
|-unboost|p1a: Smeargle|spd|1
|upkeep
|-message|Log4j forfeited.
|
|win|Ryan96t
|raw|Ryan96t's rating: 1633 &rarr; <strong>1667</strong><br />(+34 for winning)
|raw|Log4j's rating: 1921 &rarr; <strong>1887</strong><br />(-34 for losing)
|l|☆Log4j
