|j|☆electricdeoxys
|j|☆Ahuehuehue
|t:|1659409128
|gametype|singles
|player|p1|electricdeoxys|n|1668
|player|p2|Ahuehuehue|170|1705
|teamsize|p1|6
|teamsize|p2|6
|gen|8
|tier|[Gen 8] National Dex AG
|rated|
|rule|HP Percentage Mod: HP is shown in percentages
|rule|Endless Battle Clause: Forcing endless battles is banned
|clearpoke
|poke|p1|Zacian-*|
|poke|p1|Rayquaza|
|poke|p1|Yveltal|
|poke|p1|Deoxys-Speed|
|poke|p1|Arceus-*|
|poke|p1|Ditto|
|poke|p2|Ho-Oh|
|poke|p2|Darmanitan-Galar, F|
|poke|p2|Groudon|
|poke|p2|Arceus-*|
|poke|p2|Rayquaza|
|poke|p2|Grimmsnarl, M|
|teampreview
|inactive|Battle timer is ON: inactive players will automatically lose when time's up. (requested by electricdeoxys)
|
|t:|1659409152
|start
|switch|p1a: Yveltal|Yveltal|100/100
|switch|p2a: IMMORTAL PHOENIX|Ho-Oh, shiny|100/100
|-ability|p1a: Yveltal|Dark Aura
|turn|1
|
|t:|1659409166
|-start|p1a: Yveltal|Dynamax|
|-heal|p1a: Yveltal|100/100|[silent]
|move|p1a: Yveltal|Max Darkness|p2a: IMMORTAL PHOENIX
|-damage|p2a: IMMORTAL PHOENIX|47/100
|-unboost|p2a: IMMORTAL PHOENIX|spd|1
|-damage|p1a: Yveltal|96/100|[from] item: Life Orb
|move|p2a: IMMORTAL PHOENIX|Toxic|p1a: Yveltal
|-status|p1a: Yveltal|tox
|
|-damage|p1a: Yveltal|92/100 tox|[from] psn
|upkeep
|turn|2
|
|t:|1659409179
|switch|p2a: ZAYTAN|Grimmsnarl, M|100/100
|move|p1a: Yveltal|Max Airstream|p2a: ZAYTAN
|-damage|p2a: ZAYTAN|4/100
|-boost|p1a: Yveltal|spe|1
|-damage|p1a: Yveltal|88/100 tox|[from] item: Life Orb
|
|-damage|p1a: Yveltal|81/100 tox|[from] psn
|upkeep
|turn|3
|l|☆electricdeoxys
|inactive|electricdeoxys disconnected and has a minute to reconnect!
|player|p1|
|j|☆electricdeoxys
|inactive|electricdeoxys reconnected and has 140 seconds left.
|player|p1|electricdeoxys|n
|
|t:|1659409193
|move|p2a: ZAYTAN|Light Screen|p2a: ZAYTAN
|-sidestart|p2: Ahuehuehue|move: Light Screen
|move|p1a: Yveltal|Max Airstream|p2a: ZAYTAN
|-damage|p2a: ZAYTAN|0 fnt
|-boost|p1a: Yveltal|spe|1
|faint|p2a: ZAYTAN
|-damage|p1a: Yveltal|76/100 tox|[from] item: Life Orb
|
|-damage|p1a: Yveltal|67/100 tox|[from] psn
|upkeep
|
|t:|1659409196
|switch|p2a: IMMORTAL PHOENIX|Ho-Oh, shiny|81/100
|-end|p1a: Yveltal|Dynamax
|-heal|p1a: Yveltal|67/100 tox|[silent]
|turn|4
|
|t:|1659409201
|move|p1a: Yveltal|Taunt|p2a: IMMORTAL PHOENIX
|-start|p2a: IMMORTAL PHOENIX|move: Taunt
|move|p2a: IMMORTAL PHOENIX|Sacred Fire|p1a: Yveltal
|-damage|p1a: Yveltal|30/100 tox
|
|-damage|p1a: Yveltal|5/100 tox|[from] psn
|upkeep
|turn|5
|
|t:|1659409204
|move|p1a: Yveltal|Dark Pulse|p2a: IMMORTAL PHOENIX
|-damage|p2a: IMMORTAL PHOENIX|65/100
|-damage|p1a: Yveltal|0 fnt|[from] item: Life Orb
|faint|p1a: Yveltal
|cant|p2a: IMMORTAL PHOENIX|flinch
|
|upkeep
|
|t:|1659409214
|switch|p1a: Deoxys|Deoxys-Speed|100/100
|-ability|p1a: Deoxys|Pressure
|turn|6
|
|t:|1659409218
|move|p1a: Deoxys|Stealth Rock|p2a: IMMORTAL PHOENIX
|-sidestart|p2: Ahuehuehue|move: Stealth Rock
|move|p2a: IMMORTAL PHOENIX|Sacred Fire|p1a: Deoxys
|-damage|p1a: Deoxys|49/100
|-status|p1a: Deoxys|brn
|
|-damage|p1a: Deoxys|43/100 brn|[from] brn
|-end|p2a: IMMORTAL PHOENIX|move: Taunt
|upkeep
|turn|7
|
|t:|1659409224
|move|p1a: Deoxys|Spikes|p2a: IMMORTAL PHOENIX
|-sidestart|p2: Ahuehuehue|Spikes
|move|p2a: IMMORTAL PHOENIX|Defog|p1a: Deoxys
|-unboost|p1a: Deoxys|evasion|1
|-sideend|p2: Ahuehuehue|Spikes|[from] move: Defog|[of] p2a: IMMORTAL PHOENIX
|-sideend|p2: Ahuehuehue|Stealth Rock|[from] move: Defog|[of] p2a: IMMORTAL PHOENIX
|
|-damage|p1a: Deoxys|37/100 brn|[from] brn
|upkeep
|turn|8
|
|t:|1659409243
|move|p1a: Deoxys|Stealth Rock|p2a: IMMORTAL PHOENIX
|-sidestart|p2: Ahuehuehue|move: Stealth Rock
|move|p2a: IMMORTAL PHOENIX|Sacred Fire|p1a: Deoxys
|-damage|p1a: Deoxys|0 fnt
|faint|p1a: Deoxys
|
|upkeep
|
|t:|1659409256
|switch|p1a: Arceus|Arceus|100/100
|turn|9
|
|t:|1659409260
|move|p1a: Arceus|Swords Dance|p1a: Arceus
|-boost|p1a: Arceus|atk|2
|move|p2a: IMMORTAL PHOENIX|Sacred Fire|p1a: Arceus
|-damage|p1a: Arceus|69/100
|-status|p1a: Arceus|brn
|
|-damage|p1a: Arceus|63/100 brn|[from] brn
|upkeep
|turn|10
|
|t:|1659409267
|move|p1a: Arceus|Swords Dance|p1a: Arceus
|-boost|p1a: Arceus|atk|2
|move|p2a: IMMORTAL PHOENIX|Defog|p1a: Arceus
|-unboost|p1a: Arceus|evasion|1
|-sideend|p2: Ahuehuehue|Stealth Rock|[from] move: Defog|[of] p2a: IMMORTAL PHOENIX
|
|-damage|p1a: Arceus|57/100 brn|[from] brn
|-sideend|p2: Ahuehuehue|move: Light Screen
|upkeep
|turn|11
|
|t:|1659409272
|-zpower|p1a: Arceus
|move|p1a: Arceus|Breakneck Blitz|p2a: IMMORTAL PHOENIX|[zeffect]
|-damage|p2a: IMMORTAL PHOENIX|0 fnt
|faint|p2a: IMMORTAL PHOENIX
|
|-damage|p1a: Arceus|51/100 brn|[from] brn
|upkeep
|
|t:|1659409285
|switch|p2a: ICE MONKE|Darmanitan-Galar, F|100/100
|turn|12
|
|t:|1659409288
|move|p1a: Arceus|Extreme Speed|p2a: ICE MONKE
|-damage|p2a: ICE MONKE|0 fnt
|faint|p2a: ICE MONKE
|
|-damage|p1a: Arceus|45/100 brn|[from] brn
|upkeep
|
|t:|1659409292
|switch|p2a: GOD OR DOG|Arceus-Ground|100/100
|turn|13
|
|t:|1659409295
|move|p1a: Arceus|Extreme Speed|p2a: GOD OR DOG
|-damage|p2a: GOD OR DOG|66/100
|move|p2a: GOD OR DOG|Calm Mind|p2a: GOD OR DOG
|-boost|p2a: GOD OR DOG|spa|1
|-boost|p2a: GOD OR DOG|spd|1
|
|-damage|p1a: Arceus|39/100 brn|[from] brn
|upkeep
|turn|14
|
|t:|1659409299
|move|p1a: Arceus|Extreme Speed|p2a: GOD OR DOG
|-damage|p2a: GOD OR DOG|35/100
|move|p2a: GOD OR DOG|Recover|p2a: GOD OR DOG
|-heal|p2a: GOD OR DOG|85/100
|
|-damage|p1a: Arceus|33/100 brn|[from] brn
|upkeep
|turn|15
|
|t:|1659409303
|move|p1a: Arceus|Swords Dance|p1a: Arceus
|-boost|p1a: Arceus|atk|2
|move|p2a: GOD OR DOG|Recover|p2a: GOD OR DOG
|-heal|p2a: GOD OR DOG|100/100
|
|-damage|p1a: Arceus|26/100 brn|[from] brn
|upkeep
|turn|16
|
|t:|1659409308
|move|p1a: Arceus|Extreme Speed|p2a: GOD OR DOG
|-damage|p2a: GOD OR DOG|58/100
|move|p2a: GOD OR DOG|Judgment|p1a: Arceus
|-damage|p1a: Arceus|0 fnt
|faint|p1a: Arceus
|
|upkeep
|
|t:|1659409317
|switch|p1a: Rayquaza|Rayquaza|100/100
|-ability|p1a: Rayquaza|Air Lock
|turn|17
|
|t:|1659409323
|detailschange|p1a: Rayquaza|Rayquaza-Mega
|-mega|p1a: Rayquaza|Rayquaza|
|-weather|DeltaStream|[from] ability: Delta Stream|[of] p1a: Rayquaza
|-start|p2a: GOD OR DOG|Dynamax|
|-heal|p2a: GOD OR DOG|58/100|[silent]
|move|p1a: Rayquaza|Dragon Dance|p1a: Rayquaza
|-boost|p1a: Rayquaza|atk|1
|-boost|p1a: Rayquaza|spe|1
|move|p2a: GOD OR DOG|Max Hailstorm|p1a: Rayquaza
|-activate||deltastream
|-supereffective|p1a: Rayquaza
|-enditem|p1a: Rayquaza|Focus Sash
|-damage|p1a: Rayquaza|1/100
|
|-weather|DeltaStream|[upkeep]
|upkeep
|turn|18
|
|t:|1659409348
|move|p1a: Rayquaza|Dragon Ascent|p2a: GOD OR DOG
|-damage|p2a: GOD OR DOG|27/100
|-unboost|p1a: Rayquaza|def|1
|-unboost|p1a: Rayquaza|spd|1
|move|p2a: GOD OR DOG|Max Hailstorm|p1a: Rayquaza
|-activate||deltastream
|-supereffective|p1a: Rayquaza
|-damage|p1a: Rayquaza|0 fnt
|-weather|Hail
|faint|p1a: Rayquaza
|
|-weather|Hail|[upkeep]
|-damage|p2a: GOD OR DOG|24/100|[from] Hail
|upkeep
|
|t:|1659409351
|switch|p1a: Zacian|Zacian-Crowned|100/100
|-ability|p1a: Zacian|Intrepid Sword|boost
|-boost|p1a: Zacian|atk|1
|turn|19
|
|t:|1659409360
|move|p1a: Zacian|Behemoth Blade|p2a: GOD OR DOG
|-damage|p2a: GOD OR DOG|0 fnt
|faint|p2a: GOD OR DOG
|
|-weather|Hail|[upkeep]
|-damage|p1a: Zacian|94/100|[from] Hail
|upkeep
|
|t:|1659409364
|switch|p2a: SANIC|Groudon|100/100
|detailschange|p2a: SANIC|Groudon-Primal
|-primal|p2a: SANIC
|-weather|DesolateLand|[from] ability: Desolate Land|[of] p2a: SANIC
|turn|20
|
|t:|1659409369
|switch|p1a: Ditto|Ditto|100/100
|-transform|p1a: Ditto|p2a: SANIC|[from] ability: Imposter
|move|p2a: SANIC|Precipice Blades|p1a: Ditto|[miss]
|-miss|p2a: SANIC|p1a: Ditto
|
|-weather|DesolateLand|[upkeep]
|upkeep
|turn|21
|
|t:|1659409378
|move|p1a: Ditto|Rock Tomb|p2a: SANIC
|-damage|p2a: SANIC|86/100
|-unboost|p2a: SANIC|spe|1
|move|p2a: SANIC|Precipice Blades|p1a: Ditto|[miss]
|-miss|p2a: SANIC|p1a: Ditto
|
|-weather|DesolateLand|[upkeep]
|upkeep
|turn|22
|
|t:|1659409389
|move|p1a: Ditto|Rock Tomb|p2a: SANIC
|-damage|p2a: SANIC|71/100
|-unboost|p2a: SANIC|spe|1
|move|p2a: SANIC|Precipice Blades|p1a: Ditto
|-supereffective|p1a: Ditto
|-damage|p1a: Ditto|0 fnt
|faint|p1a: Ditto
|
|-weather|DesolateLand|[upkeep]
|upkeep
|
|t:|1659409392
|switch|p1a: Zacian|Zacian-Crowned|94/100
|-ability|p1a: Zacian|Intrepid Sword|boost
|-boost|p1a: Zacian|atk|1
|turn|23
|
|t:|1659409395
|move|p1a: Zacian|Crunch|p2a: SANIC
|-damage|p2a: SANIC|42/100
|move|p2a: SANIC|Precipice Blades|p1a: Zacian
|-supereffective|p1a: Zacian
|-damage|p1a: Zacian|0 fnt
|faint|p1a: Zacian
|
|win|Ahuehuehue
|raw|electricdeoxys's rating: 1668 &rarr; <strong>1650</strong><br />(-18 for losing)
|raw|Ahuehuehue's rating: 1705 &rarr; <strong>1723</strong><br />(+18 for winning)
|l|☆Ahuehuehue
