|j|☆chopforce8
|j|☆Blackstar152001
|t:|1665509308
|gametype|singles
|player|p1|chopforce8|red|1872
|player|p2|Blackstar152001|blue-gen3two|2016
|teamsize|p1|6
|teamsize|p2|6
|gen|8
|tier|[Gen 8] National Dex AG
|rated|
|rule|HP Percentage Mod: HP is shown in percentages
|rule|Endless Battle Clause: Forcing endless battles is banned
|clearpoke
|poke|p1|Yveltal|
|poke|p1|Diancie|
|poke|p1|Calyrex-Shadow|
|poke|p1|Zacian-*|
|poke|p1|Ditto|
|poke|p1|Arceus-*|
|poke|p2|Necrozma-Dusk-Mane|
|poke|p2|Yveltal|
|poke|p2|Zygarde|
|poke|p2|Arceus-*|
|poke|p2|Ditto|
|poke|p2|Arceus-*|
|teampreview
|inactive|Battle timer is ON: inactive players will automatically lose when time's up. (requested by Blackstar152001)
|j| FlaminHotFryes
|
|t:|1665509323
|start
|switch|p1a: ProfessorQuirrell|Calyrex-Shadow|100/100
|switch|p2a: Necrozma|Necrozma-Dusk-Mane|100/100
|-ability|p1a: ProfessorQuirrell|As One
|-ability|p1a: ProfessorQuirrell|Unnerve
|turn|1
|
|t:|1665509330
|switch|p2a: Yveltal|Yveltal, shiny|100/100
|-ability|p2a: Yveltal|Dark Aura
|move|p1a: ProfessorQuirrell|Nasty Plot|p1a: ProfessorQuirrell
|-boost|p1a: ProfessorQuirrell|spa|2
|
|upkeep
|turn|2
|
|t:|1665509337
|move|p1a: ProfessorQuirrell|Baton Pass|p1a: ProfessorQuirrell
|
|t:|1665509343
|switch|p1a: Voldemort|Yveltal|100/100|[from]move: Baton Pass
|-ability|p1a: Voldemort|Dark Aura
|move|p2a: Yveltal|U-turn|p1a: Voldemort
|-damage|p1a: Voldemort|80/100
|
|t:|1665509348
|switch|p2a: Ditto|Ditto, shiny|100/100|[from]move: U-turn
|-transform|p2a: Ditto|p1a: Voldemort|[from] ability: Imposter
|-ability|p2a: Ditto|Dark Aura
|
|upkeep
|turn|3
|c| FlaminHotFryes|Glfh
|
|t:|1665509357
|-start|p2a: Ditto|Dynamax|
|-heal|p2a: Ditto|100/100|[silent]
|-start|p1a: Voldemort|Dynamax|
|-heal|p1a: Voldemort|80/100|[silent]
|move|p1a: Voldemort|Max Airstream|p2a: Ditto
|-damage|p2a: Ditto|1/100
|-boost|p1a: Voldemort|spe|1
|-damage|p1a: Voldemort|75/100|[from] item: Life Orb
|move|p2a: Ditto|Max Airstream|p1a: Voldemort
|-damage|p1a: Voldemort|17/100
|-boost|p2a: Ditto|spe|1
|
|upkeep
|turn|4
|
|t:|1665509372
|-end|p2a: Ditto|Dynamax
|-heal|p2a: Ditto|1/100|[silent]
|switch|p2a: Arceus|Arceus-Fairy|100/100
|move|p1a: Voldemort|Max Airstream|p2a: Arceus
|-damage|p2a: Arceus|21/100
|-boost|p1a: Voldemort|spe|1
|-damage|p1a: Voldemort|12/100|[from] item: Life Orb
|
|upkeep
|turn|5
|
|t:|1665509390
|-end|p1a: Voldemort|Dynamax
|-heal|p1a: Voldemort|12/100|[silent]
|switch|p1a: Harry Potter|Diancie|100/100
|move|p2a: Arceus|Stealth Rock|p1a: Harry Potter
|-sidestart|p1: chopforce8|move: Stealth Rock
|
|upkeep
|turn|6
|
|t:|1665509402
|move|p2a: Arceus|Recover|p2a: Arceus
|-heal|p2a: Arceus|71/100
|move|p1a: Harry Potter|Stealth Rock|p2a: Arceus
|-sidestart|p2: Blackstar152001|move: Stealth Rock
|
|upkeep
|turn|7
|
|t:|1665509407
|detailschange|p1a: Harry Potter|Diancie-Mega
|-mega|p1a: Harry Potter|Diancie|Diancite
|move|p1a: Harry Potter|Moonblast|p2a: Arceus
|-damage|p2a: Arceus|42/100
|move|p2a: Arceus|Judgment|p1a: Harry Potter
|-damage|p1a: Harry Potter|41/100
|
|upkeep
|turn|8
|
|t:|1665509415
|switch|p1a: Fluffy|Zacian-Crowned|100/100
|-damage|p1a: Fluffy|94/100|[from] Stealth Rock
|-ability|p1a: Fluffy|Intrepid Sword|boost
|-boost|p1a: Fluffy|atk|1
|move|p2a: Arceus|Recover|p2a: Arceus
|-heal|p2a: Arceus|92/100
|
|upkeep
|turn|9
|
|t:|1665509423
|switch|p2a: Ditto|Ditto, shiny|1/100
|-damage|p2a: Ditto|0 fnt|[from] Stealth Rock
|faint|p2a: Ditto
|move|p1a: Fluffy|Swords Dance|p1a: Fluffy
|-boost|p1a: Fluffy|atk|2
|
|upkeep
|
|t:|1665509428
|switch|p2a: Necrozma|Necrozma-Dusk-Mane|100/100
|-damage|p2a: Necrozma|94/100|[from] Stealth Rock
|turn|10
|
|t:|1665509433
|move|p1a: Fluffy|Close Combat|p2a: Necrozma
|-damage|p2a: Necrozma|32/100
|-unboost|p1a: Fluffy|def|1
|-unboost|p1a: Fluffy|spd|1
|-damage|p1a: Fluffy|78/100|[from] item: Rocky Helmet|[of] p2a: Necrozma
|move|p2a: Necrozma|Sunsteel Strike|p1a: Fluffy
|-damage|p1a: Fluffy|8/100
|
|upkeep
|turn|11
|
|t:|1665509442
|move|p1a: Fluffy|Behemoth Blade|p2a: Necrozma
|-resisted|p2a: Necrozma
|-damage|p2a: Necrozma|0 fnt
|-damage|p1a: Fluffy|0 fnt|[from] item: Rocky Helmet|[of] p2a: Necrozma
|faint|p2a: Necrozma
|faint|p1a: Fluffy
|
|upkeep
|
|t:|1665509452
|switch|p1a: ProfessorQuirrell|Calyrex-Shadow|100/100
|switch|p2a: Arceus|Arceus-Fairy|92/100
|-ability|p1a: ProfessorQuirrell|As One
|-ability|p1a: ProfessorQuirrell|Unnerve
|-damage|p1a: ProfessorQuirrell|88/100|[from] Stealth Rock
|-damage|p2a: Arceus|80/100|[from] Stealth Rock
|turn|12
|
|t:|1665509462
|switch|p2a: Yveltal|Yveltal, shiny|100/100
|-ability|p2a: Yveltal|Dark Aura
|move|p1a: ProfessorQuirrell|Nasty Plot|p1a: ProfessorQuirrell
|-boost|p1a: ProfessorQuirrell|spa|2
|
|upkeep
|turn|13
|l| FlaminHotFryes
|
|t:|1665509477
|move|p1a: ProfessorQuirrell|Baton Pass|p1a: ProfessorQuirrell
|
|t:|1665509479
|switch|p1a: Chess Wizard|Arceus-Flying|100/100|[from]move: Baton Pass
|-damage|p1a: Chess Wizard|76/100|[from] Stealth Rock
|move|p2a: Yveltal|Toxic|p1a: Chess Wizard
|-status|p1a: Chess Wizard|tox
|
|-damage|p1a: Chess Wizard|70/100 tox|[from] psn
|upkeep
|turn|14
|
|t:|1665509486
|switch|p2a: Arceus|Arceus-Fairy|80/100
|-damage|p2a: Arceus|67/100|[from] Stealth Rock
|move|p1a: Chess Wizard|Judgment|p2a: Arceus
|-damage|p2a: Arceus|20/100
|
|-damage|p1a: Chess Wizard|57/100 tox|[from] psn
|upkeep
|turn|15
|
|t:|1665509494
|move|p1a: Chess Wizard|Judgment|p2a: Arceus
|-damage|p2a: Arceus|0 fnt
|faint|p2a: Arceus
|
|-damage|p1a: Chess Wizard|39/100 tox|[from] psn
|upkeep
|
|t:|1665509502
|switch|p2a: Zygarde|Zygarde, shiny|100/100
|-damage|p2a: Zygarde|94/100|[from] Stealth Rock
|turn|16
|
|t:|1665509510
|move|p1a: Chess Wizard|Judgment|p2a: Zygarde
|-damage|p2a: Zygarde|19/100
|move|p2a: Zygarde|Thousand Arrows|p1a: Chess Wizard
|-crit|p1a: Chess Wizard
|-damage|p1a: Chess Wizard|11/100 tox
|-start|p1a: Chess Wizard|Smack Down
|
|-heal|p2a: Zygarde|25/100|[from] item: Leftovers
|-damage|p1a: Chess Wizard|0 fnt|[from] psn
|faint|p1a: Chess Wizard
|-activate|p2a: Zygarde|ability: Power Construct
|detailschange|p2a: Zygarde|Zygarde-Complete, shiny
|-heal|p2a: Zygarde|51/100|[silent]
|upkeep
|
|t:|1665509523
|switch|p1a: Harry Potter|Diancie-Mega|41/100
|-damage|p1a: Harry Potter|28/100|[from] Stealth Rock
|turn|17
|
|t:|1665509530
|move|p1a: Harry Potter|Moonblast|p2a: Zygarde
|-supereffective|p2a: Zygarde
|-damage|p2a: Zygarde|0 fnt
|faint|p2a: Zygarde
|
|upkeep
|
|t:|1665509534
|switch|p2a: Arceus|Arceus|100/100
|-damage|p2a: Arceus|88/100|[from] Stealth Rock
|turn|18
|
|t:|1665509539
|move|p2a: Arceus|Extreme Speed|p1a: Harry Potter
|-resisted|p1a: Harry Potter
|-damage|p1a: Harry Potter|0 fnt
|faint|p1a: Harry Potter
|
|upkeep
|
|t:|1665509558
|switch|p1a: MirrorofErised|Ditto|100/100
|-damage|p1a: MirrorofErised|88/100|[from] Stealth Rock
|-transform|p1a: MirrorofErised|p2a: Arceus|[from] ability: Imposter
|turn|19
|
|t:|1665509567
|switch|p1a: ProfessorQuirrell|Calyrex-Shadow|88/100
|-ability|p1a: ProfessorQuirrell|As One
|-ability|p1a: ProfessorQuirrell|Unnerve
|-damage|p1a: ProfessorQuirrell|76/100|[from] Stealth Rock
|move|p2a: Arceus|Recover|p2a: Arceus
|-heal|p2a: Arceus|100/100
|
|upkeep
|turn|20
|
|t:|1665509577
|move|p1a: ProfessorQuirrell|Substitute|p1a: ProfessorQuirrell
|-start|p1a: ProfessorQuirrell|Substitute
|-damage|p1a: ProfessorQuirrell|51/100
|move|p2a: Arceus|Shadow Claw|p1a: ProfessorQuirrell
|-supereffective|p1a: ProfessorQuirrell
|-end|p1a: ProfessorQuirrell|Substitute
|
|upkeep
|turn|21
|
|t:|1665509583
|switch|p1a: MirrorofErised|Ditto|88/100
|-damage|p1a: MirrorofErised|76/100|[from] Stealth Rock
|-transform|p1a: MirrorofErised|p2a: Arceus|[from] ability: Imposter
|move|p2a: Arceus|Shadow Claw|p1a: MirrorofErised
|-immune|p1a: MirrorofErised
|
|upkeep
|turn|22
|
|t:|1665509592
|switch|p2a: Yveltal|Yveltal, shiny|100/100
|-ability|p2a: Yveltal|Dark Aura
|move|p1a: MirrorofErised|Recover|p1a: MirrorofErised
|-heal|p1a: MirrorofErised|100/100
|
|upkeep
|turn|23
|
|t:|1665509598
|switch|p1a: Voldemort|Yveltal|12/100
|-damage|p1a: Voldemort|0 fnt|[from] Stealth Rock
|faint|p1a: Voldemort
|move|p2a: Yveltal|Knock Off|p1: Voldemort|[notarget]
|-fail|p2a: Yveltal
|
|upkeep
|j| FlaminHotFryes
|
|t:|1665509604
|switch|p1a: MirrorofErised|Ditto|100/100
|-damage|p1a: MirrorofErised|88/100|[from] Stealth Rock
|-transform|p1a: MirrorofErised|p2a: Yveltal|[from] ability: Imposter
|-ability|p1a: MirrorofErised|Dark Aura
|turn|24
|
|t:|1665509612
|move|p1a: MirrorofErised|Toxic|p2a: Yveltal
|-status|p2a: Yveltal|tox
|move|p2a: Yveltal|Toxic|p1a: MirrorofErised
|-status|p1a: MirrorofErised|tox
|
|-damage|p1a: MirrorofErised|82/100 tox|[from] psn
|-damage|p2a: Yveltal|94/100 tox|[from] psn
|upkeep
|turn|25
|
|t:|1665509619
|switch|p1a: ProfessorQuirrell|Calyrex-Shadow|51/100
|-ability|p1a: ProfessorQuirrell|As One
|-ability|p1a: ProfessorQuirrell|Unnerve
|-damage|p1a: ProfessorQuirrell|39/100|[from] Stealth Rock
|move|p2a: Yveltal|U-turn|p1a: ProfessorQuirrell
|-damage|p1a: ProfessorQuirrell|13/100
|
|t:|1665509621
|switch|p2a: Arceus|Arceus|100/100|[from]move: U-turn
|-damage|p2a: Arceus|88/100|[from] Stealth Rock
|
|upkeep
|turn|26
|
|t:|1665509640
|switch|p1a: MirrorofErised|Ditto|82/100 tox
|-damage|p1a: MirrorofErised|70/100 tox|[from] Stealth Rock
|-transform|p1a: MirrorofErised|p2a: Arceus|[from] ability: Imposter
|move|p2a: Arceus|Shadow Claw|p1a: MirrorofErised
|-immune|p1a: MirrorofErised
|
|-damage|p1a: MirrorofErised|64/100 tox|[from] psn
|upkeep
|turn|27
|
|t:|1665509650
|move|p1a: MirrorofErised|Recover|p1a: MirrorofErised
|-heal|p1a: MirrorofErised|100/100 tox
|move|p2a: Arceus|Recover|p2a: Arceus
|-heal|p2a: Arceus|100/100
|
|-damage|p1a: MirrorofErised|88/100 tox|[from] psn
|upkeep
|turn|28
|
|t:|1665509656
|move|p1a: MirrorofErised|Recover|p1a: MirrorofErised
|-heal|p1a: MirrorofErised|100/100 tox
|move|p2a: Arceus|Shadow Claw|p1a: MirrorofErised
|-immune|p1a: MirrorofErised
|
|-damage|p1a: MirrorofErised|82/100 tox|[from] psn
|upkeep
|turn|29
|
|t:|1665509663
|switch|p1a: ProfessorQuirrell|Calyrex-Shadow|13/100
|-ability|p1a: ProfessorQuirrell|As One
|-ability|p1a: ProfessorQuirrell|Unnerve
|-damage|p1a: ProfessorQuirrell|1/100|[from] Stealth Rock
|switch|p2a: Yveltal|Yveltal, shiny|94/100 tox
|-ability|p2a: Yveltal|Dark Aura
|
|-damage|p2a: Yveltal|88/100 tox|[from] psn
|upkeep
|turn|30
|
|t:|1665509675
|switch|p1a: MirrorofErised|Ditto|82/100 tox
|-damage|p1a: MirrorofErised|70/100 tox|[from] Stealth Rock
|-transform|p1a: MirrorofErised|p2a: Yveltal|[from] ability: Imposter
|-ability|p1a: MirrorofErised|Dark Aura
|move|p2a: Yveltal|U-turn|p1a: MirrorofErised
|-damage|p1a: MirrorofErised|44/100 tox
|
|t:|1665509678
|switch|p2a: Arceus|Arceus|100/100|[from]move: U-turn
|-damage|p2a: Arceus|88/100|[from] Stealth Rock
|
|-damage|p1a: MirrorofErised|38/100 tox|[from] psn
|upkeep
|turn|31
|
|t:|1665509689
|move|p2a: Arceus|Extreme Speed|p1a: MirrorofErised
|-damage|p1a: MirrorofErised|0 fnt
|faint|p1a: MirrorofErised
|
|upkeep
|
|t:|1665509693
|switch|p1a: ProfessorQuirrell|Calyrex-Shadow|1/100
|-ability|p1a: ProfessorQuirrell|As One
|-ability|p1a: ProfessorQuirrell|Unnerve
|-damage|p1a: ProfessorQuirrell|0 fnt|[from] Stealth Rock
|faint|p1a: ProfessorQuirrell
|
|win|Blackstar152001
|raw|chopforce8's rating: 1872 &rarr; <strong>1860</strong><br />(-12 for losing)
|raw|Blackstar152001's rating: 2016 &rarr; <strong>2028</strong><br />(+12 for winning)
|c|☆chopforce8|gg
|c|☆Blackstar152001|Gg
|l|☆chopforce8
|c| FlaminHotFryes|Gg
