|j|☆Josh Lazing
|j|☆copperspray
|t:|1624980169
|gametype|singles
|player|p1|Josh Lazing|dawn|1495
|player|p2|copperspray|juan|1623
|teamsize|p1|6
|teamsize|p2|6
|gen|8
|tier|[Gen 8] National Dex AG
|rated|
|rule|HP Percentage Mod: HP is shown in percentages
|rule|Endless Battle Clause: Forcing endless battles is banned
|clearpoke
|poke|p1|Melmetal|
|poke|p1|Xerneas-*|
|poke|p1|Dracovish|
|poke|p1|Zacian-*|
|poke|p1|Arceus-*|
|poke|p1|Ditto|
|poke|p2|Zacian-*|
|poke|p2|Necrozma-Dusk-Mane|
|poke|p2|Rayquaza|
|poke|p2|Tyranitar, F|
|poke|p2|Zygarde|
|poke|p2|Ho-Oh|
|teampreview
|inactive|Battle timer is ON: inactive players will automatically lose when time's up. (requested by copperspray)
|inactive|copperspray has 120 seconds left.
|
|t:|1624980202
|start
|switch|p1a: Dracovish|Dracovish, shiny|100/100
|switch|p2a: Zacian|Zacian-Crowned|100/100
|-ability|p2a: Zacian|Intrepid Sword|boost
|-boost|p2a: Zacian|atk|1
|turn|1
|
|t:|1624980219
|switch|p1a: Ditto|Ditto, shiny|100/100
|-transform|p1a: Ditto|p2a: Zacian|[from] ability: Imposter
|-ability|p1a: Ditto|Intrepid Sword|boost
|-boost|p1a: Ditto|atk|1
|move|p2a: Zacian|Play Rough|p1a: Ditto
|-resisted|p1a: Ditto
|-damage|p1a: Ditto|57/100
|
|upkeep
|turn|2
|
|t:|1624980229
|switch|p2a: Ho-Oh|Ho-Oh|100/100
|move|p1a: Ditto|Behemoth Blade|p2a: Ho-Oh
|-resisted|p2a: Ho-Oh
|-damage|p2a: Ho-Oh|41/100
|
|upkeep
|turn|3
|
|t:|1624980245
|-start|p2a: Ho-Oh|Dynamax
|-heal|p2a: Ho-Oh|41/100|[silent]
|move|p1a: Ditto|Behemoth Blade|p2a: Ho-Oh
|-resisted|p2a: Ho-Oh
|-damage|p2a: Ho-Oh|0 fnt
|faint|p2a: Ho-Oh
|
|upkeep
|
|t:|1624980254
|switch|p2a: Zygarde|Zygarde|100/100
|turn|4
|
|t:|1624980260
|move|p1a: Ditto|Behemoth Blade|p2a: Zygarde
|-damage|p2a: Zygarde|30/100
|move|p2a: Zygarde|Glare|p1a: Ditto
|-status|p1a: Ditto|par
|
|-heal|p2a: Zygarde|36/100|[from] item: Leftovers
|-activate|p2a: Zygarde|ability: Power Construct
|detailschange|p2a: Zygarde|Zygarde-Complete
|-heal|p2a: Zygarde|58/100|[silent]
|upkeep
|turn|5
|
|t:|1624980269
|move|p1a: Ditto|Behemoth Blade|p2a: Zygarde
|-damage|p2a: Zygarde|16/100
|move|p2a: Zygarde|Thousand Arrows|p1a: Ditto
|-supereffective|p1a: Ditto
|-damage|p1a: Ditto|0 fnt
|faint|p1a: Ditto
|
|-heal|p2a: Zygarde|22/100|[from] item: Leftovers
|upkeep
|
|t:|1624980279
|switch|p1a: Dracovish|Dracovish, shiny|100/100
|turn|6
|
|t:|1624980306
|move|p1a: Dracovish|Fishious Rend|p2a: Zygarde
|-damage|p2a: Zygarde|0 fnt
|faint|p2a: Zygarde
|
|upkeep
|
|t:|1624980309
|switch|p2a: Zacian|Zacian-Crowned|100/100
|-ability|p2a: Zacian|Intrepid Sword|boost
|-boost|p2a: Zacian|atk|1
|turn|7
|
|t:|1624980324
|switch|p1a: Melmetal|Melmetal|100/100
|move|p2a: Zacian|Play Rough|p1a: Melmetal
|-resisted|p1a: Melmetal
|-damage|p1a: Melmetal|78/100
|
|upkeep
|turn|8
|
|t:|1624980345
|switch|p2a: Necrozma|Necrozma-Dusk-Mane|100/100
|-start|p1a: Melmetal|Dynamax
|-formechange|p1a: Melmetal|Melmetal-Gmax
|-heal|p1a: Melmetal|78/100|[silent]
|move|p1a: Melmetal|G-Max Meltdown|p2a: Necrozma
|-resisted|p2a: Necrozma
|-damage|p2a: Necrozma|64/100
|-start|p2a: Necrozma|Torment
|
|upkeep
|turn|9
|
|t:|1624980362
|move|p2a: Necrozma|Heat Wave|p1a: Melmetal
|-supereffective|p1a: Melmetal
|-damage|p1a: Melmetal|46/100
|move|p1a: Melmetal|Max Quake|p2a: Necrozma
|-supereffective|p2a: Necrozma
|-damage|p2a: Necrozma|0 fnt
|-boost|p1a: Melmetal|spd|1
|faint|p2a: Necrozma
|
|upkeep
|inactive|copperspray has 120 seconds left.
|
|t:|1624980384
|switch|p2a: Tyranitar|Tyranitar, F|100/100
|-weather|Sandstorm|[from] ability: Sand Stream|[of] p2a: Tyranitar
|turn|10
|
|t:|1624980391
|move|p2a: Tyranitar|Foul Play|p1a: Melmetal
|-damage|p1a: Melmetal|31/100
|move|p1a: Melmetal|G-Max Meltdown|p2a: Tyranitar
|-supereffective|p2a: Tyranitar
|-damage|p2a: Tyranitar|0 fnt
|faint|p2a: Tyranitar
|
|-weather|Sandstorm|[upkeep]
|-end|p1a: Melmetal|Dynamax
|-formechange|p1a: Melmetal|Melmetal
|-heal|p1a: Melmetal|31/100|[silent]
|upkeep
|
|t:|1624980394
|switch|p2a: Rayquaza|Rayquaza|100/100
|-ability|p2a: Rayquaza|Air Lock
|turn|11
|
|t:|1624980405
|detailschange|p2a: Rayquaza|Rayquaza-Mega
|-mega|p2a: Rayquaza|Rayquaza|
|-weather|DeltaStream|[from] ability: Delta Stream|[of] p2a: Rayquaza
|move|p2a: Rayquaza|Earthquake|p1a: Melmetal
|-supereffective|p1a: Melmetal
|-damage|p1a: Melmetal|0 fnt
|faint|p1a: Melmetal
|-damage|p2a: Rayquaza|91/100|[from] item: Life Orb
|
|-weather|DeltaStream|[upkeep]
|upkeep
|
|t:|1624980415
|switch|p1a: Xerneas|Xerneas|100/100
|-ability|p1a: Xerneas|Fairy Aura
|turn|12
|
|t:|1624980420
|move|p2a: Rayquaza|Dragon Ascent|p1a: Xerneas
|-damage|p1a: Xerneas|17/100
|-unboost|p2a: Rayquaza|def|1
|-unboost|p2a: Rayquaza|spd|1
|-damage|p2a: Rayquaza|81/100|[from] item: Life Orb
|move|p1a: Xerneas|Geomancy||[still]
|-prepare|p1a: Xerneas|Geomancy
|-enditem|p1a: Xerneas|Power Herb
|-anim|p1a: Xerneas|Geomancy|p1a: Xerneas
|-boost|p1a: Xerneas|spa|2
|-boost|p1a: Xerneas|spd|2
|-boost|p1a: Xerneas|spe|2
|
|-weather|DeltaStream|[upkeep]
|upkeep
|turn|13
|
|t:|1624980425
|move|p2a: Rayquaza|Extreme Speed|p1a: Xerneas
|-damage|p1a: Xerneas|0 fnt
|faint|p1a: Xerneas
|-damage|p2a: Rayquaza|71/100|[from] item: Life Orb
|
|-weather|DeltaStream|[upkeep]
|upkeep
|
|t:|1624980431
|switch|p1a: Dracovish|Dracovish, shiny|100/100
|turn|14
|
|t:|1624980438
|move|p2a: Rayquaza|Extreme Speed|p1a: Dracovish
|-damage|p1a: Dracovish|53/100
|-damage|p2a: Rayquaza|61/100|[from] item: Life Orb
|move|p1a: Dracovish|Fishious Rend|p2a: Rayquaza
|-resisted|p2a: Rayquaza
|-damage|p2a: Rayquaza|23/100
|
|-weather|DeltaStream|[upkeep]
|upkeep
|turn|15
|
|t:|1624980446
|move|p2a: Rayquaza|Extreme Speed|p1a: Dracovish
|-damage|p1a: Dracovish|0 fnt
|faint|p1a: Dracovish
|-damage|p2a: Rayquaza|13/100|[from] item: Life Orb
|
|-weather|DeltaStream|[upkeep]
|upkeep
|
|t:|1624980453
|switch|p1a: Zacian|Zacian-Crowned|100/100
|-ability|p1a: Zacian|Intrepid Sword|boost
|-boost|p1a: Zacian|atk|1
|turn|16
|
|t:|1624980458
|move|p2a: Rayquaza|Extreme Speed|p1a: Zacian
|-resisted|p1a: Zacian
|-damage|p1a: Zacian|78/100
|-damage|p2a: Rayquaza|3/100|[from] item: Life Orb
|move|p1a: Zacian|Play Rough|p2a: Rayquaza
|-supereffective|p2a: Rayquaza
|-damage|p2a: Rayquaza|0 fnt
|faint|p2a: Rayquaza
|-weather|none
|
|upkeep
|
|t:|1624980466
|switch|p2a: Zacian|Zacian-Crowned|100/100
|-ability|p2a: Zacian|Intrepid Sword|boost
|-boost|p2a: Zacian|atk|1
|turn|17
|
|t:|1624980471
|move|p2a: Zacian|Behemoth Blade|p1a: Zacian
|-damage|p1a: Zacian|0 fnt
|faint|p1a: Zacian
|
|upkeep
|
|t:|1624980474
|switch|p1a: Arceus|Arceus|100/100
|turn|18
|
|t:|1624980478
|move|p2a: Zacian|Sacred Sword|p1a: Arceus
|-supereffective|p1a: Arceus
|-enditem|p1a: Arceus|Chople Berry|[eat]
|-enditem|p1a: Arceus|Chople Berry|[weaken]
|-damage|p1a: Arceus|64/100
|move|p1a: Arceus|Swords Dance|p1a: Arceus
|-boost|p1a: Arceus|atk|2
|
|upkeep
|turn|19
|
|t:|1624980485
|move|p2a: Zacian|Sacred Sword|p1a: Arceus
|-supereffective|p1a: Arceus
|-damage|p1a: Arceus|0 fnt
|faint|p1a: Arceus
|
|win|copperspray
|raw|Josh Lazing's rating: 1495 &rarr; <strong>1482</strong><br />(-13 for losing)
|raw|copperspray's rating: 1623 &rarr; <strong>1636</strong><br />(+13 for winning)
|l|☆Josh Lazing
