|j|☆lmisdreavus
|j|☆Blackstar152001
|t:|1665635234
|gametype|singles
|player|p1|lmisdreavus|101|1854
|player|p2|Blackstar152001|blue-gen3two|1938
|teamsize|p1|6
|teamsize|p2|6
|gen|8
|tier|[Gen 8] National Dex AG
|rated|
|rule|HP Percentage Mod: HP is shown in percentages
|rule|Endless Battle Clause: Forcing endless battles is banned
|clearpoke
|poke|p1|Landorus-Therian, M|
|poke|p1|Ho-Oh|
|poke|p1|Arceus-*|
|poke|p1|Gengar, M|
|poke|p1|Zacian-*|
|poke|p1|Groudon|
|poke|p2|Ditto|
|poke|p2|Arceus-*|
|poke|p2|Donphan, F|
|poke|p2|Giratina|
|poke|p2|Arceus-*|
|poke|p2|Groudon|
|teampreview
|inactive|Battle timer is ON: inactive players will automatically lose when time's up. (requested by Blackstar152001)
|
|t:|1665635266
|start
|switch|p1a: Groudon|Groudon, shiny|100/100
|switch|p2a: Ditto|Ditto, shiny|100/100
|-transform|p2a: Ditto|p1a: Groudon|[from] ability: Imposter
|-weather|SunnyDay|[from] ability: Drought|[of] p2a: Ditto
|detailschange|p1a: Groudon|Groudon-Primal, shiny
|-primal|p1a: Groudon
|-weather|DesolateLand|[from] ability: Desolate Land|[of] p1a: Groudon
|turn|1
|
|t:|1665635284
|-weather|none
|switch|p1a: Ho-Oh|Ho-Oh, shiny|100/100
|move|p2a: Ditto|Earth Power|p1a: Ho-Oh
|-immune|p1a: Ho-Oh
|
|upkeep
|turn|2
|
|t:|1665635290
|switch|p2a: Giratina|Giratina|100/100
|-ability|p2a: Giratina|Pressure
|switch|p1a: Groudon|Groudon-Primal, shiny|100/100
|-weather|DesolateLand|[from] ability: Desolate Land|[of] p1a: Groudon
|
|-weather|DesolateLand|[upkeep]
|upkeep
|turn|3
|
|t:|1665635296
|-weather|none
|switch|p1a: Gengar|Gengar, M, shiny|100/100
|move|p2a: Giratina|Toxic|p1a: Gengar
|-immune|p1a: Gengar
|
|upkeep
|turn|4
|
|t:|1665635304
|switch|p2a: Arceus|Arceus|100/100
|detailschange|p1a: Gengar|Gengar-Mega, M, shiny
|-mega|p1a: Gengar|Gengar|Gengarite
|move|p1a: Gengar|Substitute|p1a: Gengar
|-start|p1a: Gengar|Substitute
|-damage|p1a: Gengar|76/100
|
|upkeep
|turn|5
|
|t:|1665635309
|move|p1a: Gengar|Sludge Bomb|p2a: Arceus
|-damage|p2a: Arceus|68/100
|move|p2a: Arceus|Shadow Claw|p1a: Gengar
|-supereffective|p1a: Gengar
|-end|p1a: Gengar|Substitute
|
|upkeep
|turn|6
|
|t:|1665635313
|switch|p1a: Ho-Oh|Ho-Oh, shiny|100/100
|move|p2a: Arceus|Shadow Claw|p1a: Ho-Oh
|-damage|p1a: Ho-Oh|85/100
|
|upkeep
|turn|7
|
|t:|1665635321
|switch|p2a: Groudon|Groudon|100/100
|detailschange|p2a: Groudon|Groudon-Primal
|-primal|p2a: Groudon
|-weather|DesolateLand|[from] ability: Desolate Land|[of] p2a: Groudon
|move|p1a: Ho-Oh|Toxic|p2a: Groudon
|-status|p2a: Groudon|tox
|
|-weather|DesolateLand|[upkeep]
|-damage|p2a: Groudon|94/100 tox|[from] psn
|upkeep
|turn|8
|
|t:|1665635329
|switch|p1a: Landorus|Landorus-Therian, M, shiny|100/100
|-ability|p1a: Landorus|Intimidate|boost
|-unboost|p2a: Groudon|atk|1
|move|p2a: Groudon|Eruption|p1a: Landorus
|-damage|p1a: Landorus|0 fnt
|faint|p1a: Landorus
|
|-weather|DesolateLand|[upkeep]
|-damage|p2a: Groudon|82/100 tox|[from] psn
|upkeep
|
|t:|1665635334
|switch|p1a: Groudon|Groudon-Primal, shiny|100/100
|turn|9
|
|t:|1665635337
|move|p1a: Groudon|Earth Power|p2a: Groudon
|-supereffective|p2a: Groudon
|-damage|p2a: Groudon|0 fnt
|faint|p2a: Groudon
|
|-weather|DesolateLand|[upkeep]
|upkeep
|
|t:|1665635344
|switch|p2a: Giratina|Giratina|100/100
|-ability|p2a: Giratina|Pressure
|turn|10
|
|t:|1665635353
|-weather|none
|switch|p1a: Ho-Oh|Ho-Oh, shiny|100/100
|move|p2a: Giratina|Will-O-Wisp|p1a: Ho-Oh|[miss]
|-miss|p2a: Giratina|p1a: Ho-Oh
|
|upkeep
|turn|11
|
|t:|1665635360
|move|p1a: Ho-Oh|Toxic|p2a: Giratina
|-status|p2a: Giratina|tox
|move|p2a: Giratina|Toxic|p1a: Ho-Oh
|-status|p1a: Ho-Oh|tox
|
|-damage|p1a: Ho-Oh|94/100 tox|[from] psn
|-damage|p2a: Giratina|94/100 tox|[from] psn
|upkeep
|turn|12
|
|t:|1665635366
|switch|p1a: Gengar|Gengar-Mega, M, shiny|76/100
|move|p2a: Giratina|Dragon Tail|p1a: Gengar
|-damage|p1a: Gengar|49/100
|drag|p1a: Groudon|Groudon-Primal, shiny|100/100
|-weather|DesolateLand|[from] ability: Desolate Land|[of] p1a: Groudon
|
|-weather|DesolateLand|[upkeep]
|-heal|p2a: Giratina|100/100 tox|[from] item: Leftovers
|-damage|p2a: Giratina|88/100 tox|[from] psn
|upkeep
|turn|13
|
|t:|1665635375
|-weather|none
|switch|p1a: Ho-Oh|Ho-Oh, shiny|100/100 tox
|move|p2a: Giratina|Toxic|p1a: Ho-Oh
|-fail|p1a: Ho-Oh|tox
|
|-heal|p2a: Giratina|94/100 tox|[from] item: Leftovers
|-damage|p1a: Ho-Oh|94/100 tox|[from] psn
|-damage|p2a: Giratina|76/100 tox|[from] psn
|upkeep
|turn|14
|
|t:|1665635382
|move|p1a: Ho-Oh|Sacred Fire|p2a: Giratina
|-resisted|p2a: Giratina
|-damage|p2a: Giratina|65/100 tox
|move|p2a: Giratina|Dragon Tail|p1a: Ho-Oh
|-damage|p1a: Ho-Oh|81/100 tox
|drag|p1a: Zacian|Zacian-Crowned, shiny|100/100
|-ability|p1a: Zacian|Intrepid Sword|boost
|-boost|p1a: Zacian|atk|1
|
|-heal|p2a: Giratina|71/100 tox|[from] item: Leftovers
|-damage|p2a: Giratina|47/100 tox|[from] psn
|upkeep
|turn|15
|
|t:|1665635391
|move|p1a: Zacian|Behemoth Blade|p2a: Giratina
|-damage|p2a: Giratina|0 fnt
|faint|p2a: Giratina
|
|upkeep
|
|t:|1665635393
|switch|p2a: Ditto|Ditto, shiny|100/100
|-transform|p2a: Ditto|p1a: Zacian|[from] ability: Imposter
|-ability|p2a: Ditto|Intrepid Sword|boost
|-boost|p2a: Ditto|atk|1
|turn|16
|
|t:|1665635398
|switch|p2a: Arceus|Arceus|68/100
|switch|p1a: Ho-Oh|Ho-Oh, shiny|100/100 tox
|
|-damage|p1a: Ho-Oh|94/100 tox|[from] psn
|upkeep
|turn|17
|
|t:|1665635404
|move|p2a: Arceus|Swords Dance|p2a: Arceus
|-boost|p2a: Arceus|atk|2
|move|p1a: Ho-Oh|Toxic|p2a: Arceus
|-status|p2a: Arceus|tox
|-enditem|p2a: Arceus|Lum Berry|[eat]
|-curestatus|p2a: Arceus|tox|[msg]
|
|-damage|p1a: Ho-Oh|82/100 tox|[from] psn
|upkeep
|turn|18
|
|t:|1665635411
|-start|p2a: Arceus|Dynamax|
|-heal|p2a: Arceus|68/100|[silent]
|move|p2a: Arceus|Max Strike|p1a: Ho-Oh
|-damage|p1a: Ho-Oh|0 fnt
|faint|p1a: Ho-Oh
|
|upkeep
|
|t:|1665635420
|switch|p1a: Zacian|Zacian-Crowned, shiny|100/100
|-ability|p1a: Zacian|Intrepid Sword|boost
|-boost|p1a: Zacian|atk|1
|turn|19
|
|t:|1665635428
|move|p1a: Zacian|Behemoth Blade|p2a: Arceus
|-damage|p2a: Arceus|4/100
|move|p2a: Arceus|Max Phantasm|p1a: Zacian
|-damage|p1a: Zacian|15/100
|-unboost|p1a: Zacian|def|1
|
|upkeep
|turn|20
|
|t:|1665635444
|move|p2a: Arceus|Max Guard|p2a: Arceus
|-singleturn|p2a: Arceus|Max Guard
|move|p1a: Zacian|Behemoth Blade|p2a: Arceus
|-activate|p2a: Arceus|move: Max Guard
|
|upkeep
|-end|p2a: Arceus|Dynamax
|-heal|p2a: Arceus|4/100|[silent]
|turn|21
|
|t:|1665635448
|switch|p1a: Gengar|Gengar-Mega, M, shiny|49/100
|move|p2a: Arceus|Recover|p2a: Arceus
|-heal|p2a: Arceus|54/100
|
|upkeep
|turn|22
|
|t:|1665635452
|move|p1a: Gengar|Encore|p2a: Arceus
|-start|p2a: Arceus|Encore
|move|p2a: Arceus|Recover|p2a: Arceus
|-heal|p2a: Arceus|100/100
|
|upkeep
|turn|23
|
|t:|1665635456
|move|p1a: Gengar|Substitute|p1a: Gengar
|-start|p1a: Gengar|Substitute
|-damage|p1a: Gengar|24/100
|move|p2a: Arceus|Recover||[still]
|-fail|p2a: Arceus|heal
|
|upkeep
|turn|24
|
|t:|1665635459
|move|p1a: Gengar|Sludge Bomb|p2a: Arceus
|-damage|p2a: Arceus|70/100
|move|p2a: Arceus|Recover|p2a: Arceus
|-heal|p2a: Arceus|100/100
|
|-end|p2a: Arceus|Encore
|upkeep
|turn|25
|
|t:|1665635465
|move|p1a: Gengar|Encore|p2a: Arceus
|-start|p2a: Arceus|Encore
|move|p2a: Arceus|Recover||[still]
|-fail|p2a: Arceus|heal
|
|upkeep
|turn|26
|
|t:|1665635468
|move|p1a: Gengar|Sludge Bomb|p2a: Arceus
|-damage|p2a: Arceus|65/100
|move|p2a: Arceus|Recover|p2a: Arceus
|-heal|p2a: Arceus|100/100
|
|upkeep
|turn|27
|
|t:|1665635470
|move|p1a: Gengar|Sludge Bomb|p2a: Arceus
|-damage|p2a: Arceus|67/100
|move|p2a: Arceus|Recover|p2a: Arceus
|-heal|p2a: Arceus|100/100
|
|-end|p2a: Arceus|Encore
|upkeep
|turn|28
|
|t:|1665635473
|move|p1a: Gengar|Encore|p2a: Arceus
|-start|p2a: Arceus|Encore
|move|p2a: Arceus|Recover||[still]
|-fail|p2a: Arceus|heal
|
|upkeep
|turn|29
|
|t:|1665635476
|move|p1a: Gengar|Sludge Bomb|p2a: Arceus
|-damage|p2a: Arceus|66/100
|move|p2a: Arceus|Recover|p2a: Arceus
|-heal|p2a: Arceus|100/100
|
|upkeep
|turn|30
|
|t:|1665635478
|move|p1a: Gengar|Sludge Bomb|p2a: Arceus
|-damage|p2a: Arceus|66/100
|move|p2a: Arceus|Recover|p2a: Arceus
|-heal|p2a: Arceus|100/100
|
|-end|p2a: Arceus|Encore
|upkeep
|turn|31
|
|t:|1665635481
|move|p1a: Gengar|Encore|p2a: Arceus
|-start|p2a: Arceus|Encore
|move|p2a: Arceus|Recover||[still]
|-fail|p2a: Arceus|heal
|
|upkeep
|turn|32
|
|t:|1665635484
|move|p1a: Gengar|Sludge Bomb|p2a: Arceus
|-damage|p2a: Arceus|65/100
|-status|p2a: Arceus|psn
|move|p2a: Arceus|Recover|p2a: Arceus
|-heal|p2a: Arceus|100/100 psn
|
|-damage|p2a: Arceus|88/100 psn|[from] psn
|upkeep
|turn|33
|
|t:|1665635487
|move|p1a: Gengar|Sludge Bomb|p2a: Arceus
|-damage|p2a: Arceus|53/100 psn
|move|p2a: Arceus|Recover|p2a: Arceus
|-heal|p2a: Arceus|100/100 psn
|
|-damage|p2a: Arceus|88/100 psn|[from] psn
|-end|p2a: Arceus|Encore
|upkeep
|turn|34
|
|t:|1665635490
|move|p1a: Gengar|Encore|p2a: Arceus
|-start|p2a: Arceus|Encore
|move|p2a: Arceus|Recover|p2a: Arceus
|-heal|p2a: Arceus|100/100 psn
|
|-damage|p2a: Arceus|88/100 psn|[from] psn
|upkeep
|turn|35
|
|t:|1665635496
|move|p1a: Gengar|Sludge Bomb|p2a: Arceus
|-damage|p2a: Arceus|57/100 psn
|move|p2a: Arceus|Recover|p2a: Arceus
|-heal|p2a: Arceus|100/100 psn
|
|-damage|p2a: Arceus|88/100 psn|[from] psn
|upkeep
|turn|36
|
|t:|1665635500
|move|p1a: Gengar|Sludge Bomb|p2a: Arceus
|-damage|p2a: Arceus|58/100 psn
|move|p2a: Arceus|Recover|p2a: Arceus
|-heal|p2a: Arceus|100/100 psn
|
|-damage|p2a: Arceus|88/100 psn|[from] psn
|-end|p2a: Arceus|Encore
|upkeep
|turn|37
|
|t:|1665635504
|move|p1a: Gengar|Sludge Bomb|p2a: Arceus
|-damage|p2a: Arceus|56/100 psn
|move|p2a: Arceus|Shadow Claw|p1a: Gengar
|-supereffective|p1a: Gengar
|-crit|p1a: Gengar
|-end|p1a: Gengar|Substitute
|
|-damage|p2a: Arceus|43/100 psn|[from] psn
|upkeep
|turn|38
|
|t:|1665635513
|switch|p1a: Arceus|Arceus-Dark, shiny|100/100
|move|p2a: Arceus|Shadow Claw|p1a: Arceus
|-resisted|p1a: Arceus
|-damage|p1a: Arceus|84/100
|
|-damage|p2a: Arceus|31/100 psn|[from] psn
|upkeep
|turn|39
|
|t:|1665635519
|switch|p1a: Gengar|Gengar-Mega, M, shiny|24/100
|move|p2a: Arceus|Shadow Claw|p1a: Gengar
|-supereffective|p1a: Gengar
|-damage|p1a: Gengar|0 fnt
|faint|p1a: Gengar
|
|-damage|p2a: Arceus|19/100 psn|[from] psn
|upkeep
|
|t:|1665635523
|switch|p1a: Arceus|Arceus-Dark, shiny|84/100
|turn|40
|
|t:|1665635528
|move|p2a: Arceus|Extreme Speed|p1a: Arceus
|-damage|p1a: Arceus|23/100
|move|p1a: Arceus|Recover|p1a: Arceus
|-heal|p1a: Arceus|73/100
|
|-damage|p2a: Arceus|6/100 psn|[from] psn
|upkeep
|turn|41
|
|t:|1665635539
|move|p2a: Arceus|Extreme Speed|p1a: Arceus
|-damage|p1a: Arceus|13/100
|move|p1a: Arceus|Recover|p1a: Arceus
|-heal|p1a: Arceus|63/100
|
|-damage|p2a: Arceus|0 fnt|[from] psn
|faint|p2a: Arceus
|upkeep
|
|t:|1665635543
|switch|p2a: Arceus|Arceus-Fairy|100/100
|turn|42
|
|t:|1665635555
|move|p1a: Arceus|Snarl|p2a: Arceus
|-resisted|p2a: Arceus
|-damage|p2a: Arceus|95/100
|-unboost|p2a: Arceus|spa|1
|move|p2a: Arceus|Judgment|p1a: Arceus
|-supereffective|p1a: Arceus
|-damage|p1a: Arceus|30/100
|
|upkeep
|turn|43
|
|t:|1665635558
|move|p1a: Arceus|Recover|p1a: Arceus
|-heal|p1a: Arceus|80/100
|move|p2a: Arceus|Toxic|p1a: Arceus
|-status|p1a: Arceus|tox
|
|-damage|p1a: Arceus|74/100 tox|[from] psn
|upkeep
|turn|44
|
|t:|1665635566
|switch|p1a: Zacian|Zacian-Crowned, shiny|15/100
|-ability|p1a: Zacian|Intrepid Sword|boost
|-boost|p1a: Zacian|atk|1
|move|p2a: Arceus|Judgment|p1a: Zacian
|-resisted|p1a: Zacian
|-damage|p1a: Zacian|1/100
|
|upkeep
|turn|45
|
|t:|1665635574
|switch|p2a: Donphan|Donphan, F|100/100
|move|p1a: Zacian|Behemoth Blade|p2a: Donphan
|-damage|p2a: Donphan|44/100
|
|upkeep
|turn|46
|
|t:|1665635579
|switch|p1a: Arceus|Arceus-Dark, shiny|74/100 tox
|move|p2a: Donphan|Earthquake|p1a: Arceus
|-damage|p1a: Arceus|48/100 tox
|
|-damage|p1a: Arceus|42/100 tox|[from] psn
|upkeep
|turn|47
|
|t:|1665635584
|move|p1a: Arceus|Recover|p1a: Arceus
|-heal|p1a: Arceus|92/100 tox
|move|p2a: Donphan|Endeavor|p1a: Arceus
|-damage|p1a: Arceus|38/100 tox
|
|-damage|p1a: Arceus|26/100 tox|[from] psn
|upkeep
|turn|48
|
|t:|1665635588
|move|p1a: Arceus|Whirlpool|p2a: Donphan
|-supereffective|p2a: Donphan
|-damage|p2a: Donphan|17/100
|-activate|p2a: Donphan|move: Whirlpool|[of] p1a: Arceus
|move|p2a: Donphan|Earthquake|p1a: Arceus
|-damage|p1a: Arceus|0 fnt
|faint|p1a: Arceus
|
|-end|p2a: Donphan|Whirlpool|[partiallytrapped]|[silent]
|upkeep
|
|t:|1665635592
|switch|p1a: Groudon|Groudon-Primal, shiny|100/100
|-weather|DesolateLand|[from] ability: Desolate Land|[of] p1a: Groudon
|turn|49
|
|t:|1665635594
|move|p1a: Groudon|Eruption|p2a: Donphan
|-damage|p2a: Donphan|0 fnt
|faint|p2a: Donphan
|
|-weather|DesolateLand|[upkeep]
|upkeep
|
|t:|1665635598
|switch|p2a: Arceus|Arceus-Fairy|95/100
|turn|50
|
|t:|1665635602
|move|p1a: Groudon|Eruption|p2a: Arceus
|-damage|p2a: Arceus|31/100
|move|p2a: Arceus|Judgment|p1a: Groudon
|-resisted|p1a: Groudon
|-damage|p1a: Groudon|74/100
|
|-weather|DesolateLand|[upkeep]
|upkeep
|turn|51
|
|t:|1665635606
|move|p1a: Groudon|Eruption|p2a: Arceus
|-damage|p2a: Arceus|0 fnt
|faint|p2a: Arceus
|
|-weather|DesolateLand|[upkeep]
|upkeep
|
|t:|1665635608
|switch|p2a: Ditto|Ditto, shiny|100/100
|-transform|p2a: Ditto|p1a: Groudon|[from] ability: Imposter
|turn|52
|
|t:|1665635610
|move|p2a: Ditto|Earth Power|p1a: Groudon
|-supereffective|p1a: Groudon
|-damage|p1a: Groudon|0 fnt
|faint|p1a: Groudon
|
|-weather|DesolateLand|[upkeep]
|upkeep
|
|t:|1665635613
|switch|p1a: Zacian|Zacian-Crowned, shiny|1/100
|-ability|p1a: Zacian|Intrepid Sword|boost
|-boost|p1a: Zacian|atk|1
|turn|53
|
|t:|1665635617
|move|p2a: Ditto|Earth Power|p1a: Zacian
|-supereffective|p1a: Zacian
|-damage|p1a: Zacian|0 fnt
|faint|p1a: Zacian
|
|win|Blackstar152001
|raw|lmisdreavus's rating: 1854 &rarr; <strong>1839</strong><br />(-15 for losing)
|raw|Blackstar152001's rating: 1938 &rarr; <strong>1953</strong><br />(+15 for winning)
|l|☆lmisdreavus
