|j|☆Kamikasero
|j|☆The1Fabi_
|t:|1666795687
|gametype|singles
|player|p1|Kamikasero|clerk|1610
|player|p2|The1Fabi_|2|1646
|teamsize|p1|6
|teamsize|p2|6
|gen|8
|tier|[Gen 8] National Dex AG
|rated|
|rule|HP Percentage Mod: HP is shown in percentages
|rule|Endless Battle Clause: Forcing endless battles is banned
|clearpoke
|poke|p1|Melmetal|
|poke|p1|Hatterene, F|
|poke|p1|Melmetal|
|poke|p1|Hatterene, F|
|poke|p1|Melmetal|
|poke|p1|Hatterene, F|
|poke|p2|Deoxys-Speed|
|poke|p2|Zygarde|
|poke|p2|Zacian-*|
|poke|p2|Xerneas-*|
|poke|p2|Grimmsnarl, M|
|poke|p2|Groudon|
|teampreview
|inactive|Battle timer is ON: inactive players will automatically lose when time's up. (requested by Kamikasero)
|
|t:|1666795703
|start
|switch|p1a: Hatterene|Hatterene, F|100/100
|switch|p2a: Deoxys|Deoxys-Speed|100/100
|-ability|p2a: Deoxys|Pressure
|turn|1
|
|t:|1666795712
|switch|p2a: Zacian|Zacian-Crowned|100/100
|-ability|p2a: Zacian|Intrepid Sword|boost
|-boost|p2a: Zacian|atk|1
|move|p1a: Hatterene|Trick Room|p1a: Hatterene
|-fieldstart|move: Trick Room|[of] p1a: Hatterene
|
|upkeep
|turn|2
|
|t:|1666795714
|move|p1a: Hatterene|Mystical Fire|p2a: Zacian
|-supereffective|p2a: Zacian
|-damage|p2a: Zacian|42/100
|-unboost|p2a: Zacian|spa|1
|move|p2a: Zacian|Behemoth Blade|p1a: Hatterene
|-supereffective|p1a: Hatterene
|-enditem|p1a: Hatterene|Focus Sash
|-damage|p1a: Hatterene|1/100
|
|upkeep
|turn|3
|
|t:|1666795721
|switch|p2a: Groudon|Groudon|100/100
|detailschange|p2a: Groudon|Groudon-Primal
|-primal|p2a: Groudon
|-weather|DesolateLand|[from] ability: Desolate Land|[of] p2a: Groudon
|move|p1a: Hatterene|Mystical Fire|p2a: Groudon
|-resisted|p2a: Groudon
|-damage|p2a: Groudon|78/100
|-unboost|p2a: Groudon|spa|1
|
|-weather|DesolateLand|[upkeep]
|upkeep
|turn|4
|
|t:|1666795726
|move|p1a: Hatterene|Misty Explosion|p2a: Groudon
|-resisted|p2a: Groudon
|-damage|p2a: Groudon|47/100
|faint|p1a: Hatterene
|move|p2a: Groudon|Fire Punch|p1: Hatterene|[notarget]
|-fail|p2a: Groudon
|
|-weather|DesolateLand|[upkeep]
|upkeep
|
|t:|1666795732
|switch|p1a: Melmetal|Melmetal|100/100
|turn|5
|
|t:|1666795737
|move|p1a: Melmetal|Double Iron Bash|p2a: Groudon
|-resisted|p2a: Groudon
|-damage|p2a: Groudon|26/100
|-resisted|p2a: Groudon
|-damage|p2a: Groudon|3/100
|-hitcount|p2a: Groudon|2
|cant|p2a: Groudon|flinch
|
|-weather|DesolateLand|[upkeep]
|-fieldend|move: Trick Room
|upkeep
|turn|6
|
|t:|1666795747
|move|p2a: Groudon|Earthquake|p1a: Melmetal
|-supereffective|p1a: Melmetal
|-damage|p1a: Melmetal|31/100
|move|p1a: Melmetal|Double Iron Bash|p2a: Groudon
|-resisted|p2a: Groudon
|-damage|p2a: Groudon|0 fnt
|faint|p2a: Groudon
|-weather|none
|-hitcount|p2: Groudon|1
|
|upkeep
|
|t:|1666795754
|switch|p2a: Deoxys|Deoxys-Speed|100/100
|-ability|p2a: Deoxys|Pressure
|turn|7
|
|t:|1666795757
|switch|p1a: Hatterene|Hatterene, F|100/100
|move|p2a: Deoxys|Taunt|p1a: Hatterene
|move|p1a: Hatterene|Taunt|p2a: Deoxys|[from]ability: Magic Bounce
|-start|p2a: Deoxys|move: Taunt
|
|upkeep
|turn|8
|
|t:|1666795762
|move|p2a: Deoxys|Psycho Boost|p1a: Hatterene
|-resisted|p1a: Hatterene
|-damage|p1a: Hatterene|69/100
|-unboost|p2a: Deoxys|spa|2
|move|p1a: Hatterene|Trick Room|p1a: Hatterene
|-fieldstart|move: Trick Room|[of] p1a: Hatterene
|
|upkeep
|turn|9
|
|t:|1666795775
|move|p1a: Hatterene|Mystical Fire|p2a: Deoxys
|-damage|p2a: Deoxys|53/100
|-unboost|p2a: Deoxys|spa|1
|move|p2a: Deoxys|Psycho Boost|p1a: Hatterene
|-resisted|p1a: Hatterene
|-damage|p1a: Hatterene|57/100
|-unboost|p2a: Deoxys|spa|2
|
|upkeep
|turn|10
|
|t:|1666795781
|switch|p2a: Zacian|Zacian-Crowned|42/100
|-ability|p2a: Zacian|Intrepid Sword|boost
|-boost|p2a: Zacian|atk|1
|-start|p1a: Hatterene|Dynamax|Gmax
|-heal|p1a: Hatterene|57/100|[silent]
|move|p1a: Hatterene|Max Mindstorm|p2a: Zacian
|-resisted|p2a: Zacian
|-damage|p2a: Zacian|5/100
|-fieldstart|move: Psychic Terrain
|
|upkeep
|turn|11
|j| Ayoub200614
|
|t:|1666795787
|move|p1a: Hatterene|G-Max Smite|p2a: Zacian
|-resisted|p2a: Zacian
|-damage|p2a: Zacian|0 fnt
|faint|p2a: Zacian
|
|upkeep
|l| Ayoub200614
|
|t:|1666795796
|switch|p2a: Grimmsnarl|Grimmsnarl, M|100/100
|turn|12
|
|t:|1666795801
|move|p2a: Grimmsnarl|Light Screen|p2a: Grimmsnarl
|-sidestart|p2: The1Fabi_|move: Light Screen
|move|p1a: Hatterene|G-Max Smite|p2a: Grimmsnarl
|-supereffective|p2a: Grimmsnarl
|-damage|p2a: Grimmsnarl|21/100
|-start|p2a: Grimmsnarl|confusion
|
|-fieldend|move: Trick Room
|upkeep
|-end|p1a: Hatterene|Dynamax
|-heal|p1a: Hatterene|57/100|[silent]
|turn|13
|
|t:|1666795808
|-activate|p2a: Grimmsnarl|confusion
|move|p2a: Grimmsnarl|Reflect|p2a: Grimmsnarl
|-sidestart|p2: The1Fabi_|Reflect
|move|p1a: Hatterene|Trick Room|p1a: Hatterene
|-fieldstart|move: Trick Room|[of] p1a: Hatterene
|
|upkeep
|turn|14
|
|t:|1666795821
|switch|p2a: Xerneas|Xerneas|100/100
|-ability|p2a: Xerneas|Fairy Aura
|move|p1a: Hatterene|Dazzling Gleam|p2a: Xerneas
|-damage|p2a: Xerneas|72/100
|
|-fieldend|move: Psychic Terrain
|upkeep
|turn|15
|
|t:|1666795827
|move|p1a: Hatterene|Mystical Fire|p2a: Xerneas
|-damage|p2a: Xerneas|60/100
|-unboost|p2a: Xerneas|spa|1
|move|p2a: Xerneas|Geomancy||[still]
|-prepare|p2a: Xerneas|Geomancy
|-enditem|p2a: Xerneas|Power Herb
|-anim|p2a: Xerneas|Geomancy|p2a: Xerneas
|-boost|p2a: Xerneas|spa|2
|-boost|p2a: Xerneas|spd|2
|-boost|p2a: Xerneas|spe|2
|
|upkeep
|turn|16
|
|t:|1666795832
|move|p1a: Hatterene|Mystical Fire|p2a: Xerneas
|-damage|p2a: Xerneas|53/100
|-unboost|p2a: Xerneas|spa|1
|move|p2a: Xerneas|Moonblast|p1a: Hatterene
|-damage|p1a: Hatterene|0 fnt
|faint|p1a: Hatterene
|
|upkeep
|
|t:|1666795837
|switch|p1a: Melmetal|Melmetal|31/100
|turn|17
|
|t:|1666795843
|-start|p2a: Xerneas|Dynamax|
|-heal|p2a: Xerneas|53/100|[silent]
|move|p1a: Melmetal|Double Iron Bash|p2a: Xerneas
|-supereffective|p2a: Xerneas
|-damage|p2a: Xerneas|31/100
|-supereffective|p2a: Xerneas
|-damage|p2a: Xerneas|7/100
|-hitcount|p2a: Xerneas|2
|move|p2a: Xerneas|Max Lightning|p1a: Melmetal
|-damage|p1a: Melmetal|0 fnt
|-fieldstart|move: Electric Terrain
|faint|p1a: Melmetal
|
|-fieldend|move: Trick Room
|upkeep
|
|t:|1666795853
|switch|p1a: Hatterene|Hatterene, F|100/100
|turn|18
|
|t:|1666795857
|move|p2a: Xerneas|Max Lightning|p1a: Hatterene
|-damage|p1a: Hatterene|32/100
|move|p1a: Hatterene|Trick Room|p1a: Hatterene
|-fieldstart|move: Trick Room|[of] p1a: Hatterene
|
|upkeep
|turn|19
|
|t:|1666795868
|move|p1a: Hatterene|Misty Explosion|p2a: Xerneas
|-damage|p2a: Xerneas|0 fnt
|faint|p1a: Hatterene
|faint|p2a: Xerneas
|
|-sideend|p2: The1Fabi_|move: Light Screen
|upkeep
|
|t:|1666795877
|switch|p1a: Melmetal|Melmetal|100/100
|switch|p2a: Deoxys|Deoxys-Speed|53/100
|-ability|p2a: Deoxys|Pressure
|turn|20
|
|t:|1666795881
|move|p1a: Melmetal|Double Iron Bash|p2a: Deoxys
|-damage|p2a: Deoxys|4/100
|-damage|p2a: Deoxys|0 fnt
|faint|p2a: Deoxys
|-hitcount|p2: Deoxys|2
|
|-sideend|p2: The1Fabi_|Reflect
|upkeep
|
|t:|1666795885
|switch|p2a: Grimmsnarl|Grimmsnarl, M|21/100
|turn|21
|
|t:|1666795887
|move|p2a: Grimmsnarl|Reflect|p2a: Grimmsnarl
|-sidestart|p2: The1Fabi_|Reflect
|move|p1a: Melmetal|Double Iron Bash|p2a: Grimmsnarl
|-supereffective|p2a: Grimmsnarl
|-damage|p2a: Grimmsnarl|0 fnt
|faint|p2a: Grimmsnarl
|-hitcount|p2: Grimmsnarl|1
|
|-fieldend|move: Electric Terrain
|upkeep
|
|t:|1666795890
|switch|p2a: Zygarde|Zygarde|100/100
|turn|22
|
|t:|1666795896
|move|p1a: Melmetal|Double Iron Bash|p2a: Zygarde
|-damage|p2a: Zygarde|82/100
|-damage|p2a: Zygarde|63/100
|-hitcount|p2a: Zygarde|2
|move|p2a: Zygarde|Glare|p1a: Melmetal
|-status|p1a: Melmetal|par
|
|-heal|p2a: Zygarde|69/100|[from] item: Leftovers
|-fieldend|move: Trick Room
|upkeep
|turn|23
|
|t:|1666795905
|move|p2a: Zygarde|Substitute|p2a: Zygarde
|-start|p2a: Zygarde|Substitute
|-damage|p2a: Zygarde|44/100
|cant|p1a: Melmetal|par
|
|-heal|p2a: Zygarde|51/100|[from] item: Leftovers
|upkeep
|turn|24
|
|t:|1666795909
|move|p2a: Zygarde|Dragon Dance|p2a: Zygarde
|-boost|p2a: Zygarde|atk|1
|-boost|p2a: Zygarde|spe|1
|move|p1a: Melmetal|Double Iron Bash|p2a: Zygarde
|-activate|p2a: Zygarde|move: Substitute|[damage]
|-end|p2a: Zygarde|Substitute
|-hitcount|p2a: Zygarde|2
|
|-heal|p2a: Zygarde|57/100|[from] item: Leftovers
|upkeep
|turn|25
|
|t:|1666795914
|move|p2a: Zygarde|Dragon Dance|p2a: Zygarde
|-boost|p2a: Zygarde|atk|1
|-boost|p2a: Zygarde|spe|1
|cant|p1a: Melmetal|par
|
|-heal|p2a: Zygarde|63/100|[from] item: Leftovers
|upkeep
|turn|26
|
|t:|1666795918
|move|p2a: Zygarde|Substitute|p2a: Zygarde
|-start|p2a: Zygarde|Substitute
|-damage|p2a: Zygarde|38/100
|move|p1a: Melmetal|Double Iron Bash|p2a: Zygarde
|-activate|p2a: Zygarde|move: Substitute|[damage]
|-end|p2a: Zygarde|Substitute
|-hitcount|p2a: Zygarde|2
|
|-heal|p2a: Zygarde|44/100|[from] item: Leftovers
|-activate|p2a: Zygarde|ability: Power Construct
|detailschange|p2a: Zygarde|Zygarde-Complete
|-heal|p2a: Zygarde|65/100|[silent]
|upkeep
|turn|27
|
|t:|1666795931
|move|p2a: Zygarde|Thousand Arrows|p1a: Melmetal
|-supereffective|p1a: Melmetal
|-damage|p1a: Melmetal|37/100 par
|move|p1a: Melmetal|Double Iron Bash|p2a: Zygarde
|-damage|p2a: Zygarde|53/100
|-damage|p2a: Zygarde|40/100
|-hitcount|p2a: Zygarde|2
|
|-heal|p2a: Zygarde|46/100|[from] item: Leftovers
|upkeep
|turn|28
|
|t:|1666795941
|move|p2a: Zygarde|Thousand Arrows|p1a: Melmetal
|-supereffective|p1a: Melmetal
|-damage|p1a: Melmetal|0 fnt
|faint|p1a: Melmetal
|
|-heal|p2a: Zygarde|52/100|[from] item: Leftovers
|-sideend|p2: The1Fabi_|Reflect
|upkeep
|
|t:|1666795944
|switch|p1a: Melmetal|Melmetal, shiny|100/100
|turn|29
|
|t:|1666795946
|move|p2a: Zygarde|Thousand Arrows|p1a: Melmetal
|-supereffective|p1a: Melmetal
|-damage|p1a: Melmetal|41/100
|move|p1a: Melmetal|Double Iron Bash|p2a: Zygarde
|-damage|p2a: Zygarde|26/100
|-damage|p2a: Zygarde|0 fnt
|faint|p2a: Zygarde
|-hitcount|p2: Zygarde|2
|
|win|Kamikasero
|raw|Kamikasero's rating: 1610 &rarr; <strong>1632</strong><br />(+22 for winning)
|raw|The1Fabi_'s rating: 1646 &rarr; <strong>1624</strong><br />(-22 for losing)
|c|☆The1Fabi_|gg
