|j|☆VsP 2969
|j|☆dratini1yt
|t:|1664194886
|gametype|singles
|player|p1|VsP 2969|cynthia|1659
|player|p2|dratini1yt|clair|1771
|teamsize|p1|6
|teamsize|p2|6
|gen|8
|tier|[Gen 8] National Dex AG
|rated|
|rule|HP Percentage Mod: HP is shown in percentages
|rule|Endless Battle Clause: Forcing endless battles is banned
|clearpoke
|poke|p1|Zacian-*|
|poke|p1|Ditto|
|poke|p1|Groudon|
|poke|p1|Yveltal|
|poke|p1|Calyrex-Shadow|
|poke|p1|Ho-Oh|
|poke|p2|Yveltal|
|poke|p2|Xerneas-*|
|poke|p2|Necrozma-Dusk-Mane|
|poke|p2|Rayquaza|
|poke|p2|Arceus-*|
|poke|p2|Marshadow|
|teampreview
|c|☆dratini1yt|glhf
|
|t:|1664194901
|start
|switch|p1a: Best in business|Yveltal|100/100
|switch|p2a: Arceus|Arceus-Ground|100/100
|-ability|p1a: Best in business|Dark Aura
|turn|1
|inactive|Battle timer is ON: inactive players will automatically lose when time's up. (requested by dratini1yt)
|
|t:|1664194910
|move|p1a: Best in business|Taunt|p2a: Arceus
|-start|p2a: Arceus|move: Taunt
|cant|p2a: Arceus|move: Taunt|Toxic
|
|upkeep
|turn|2
|
|t:|1664194940
|switch|p2a: Yveltal|Yveltal|100/100
|-ability|p2a: Yveltal|Dark Aura
|move|p1a: Best in business|Foul Play|p2a: Yveltal
|-resisted|p2a: Yveltal
|-crit|p2a: Yveltal
|-damage|p2a: Yveltal|47/100
|-damage|p1a: Best in business|91/100|[from] item: Life Orb
|
|upkeep
|turn|3
|c|☆dratini1yt|damn f
|
|t:|1664194951
|move|p2a: Yveltal|Oblivion Wing|p1a: Best in business
|-damage|p1a: Best in business|55/100
|-heal|p2a: Yveltal|73/100|[from] drain|[of] p1a: Best in business
|move|p1a: Best in business|Foul Play|p2a: Yveltal
|-resisted|p2a: Yveltal
|-damage|p2a: Yveltal|37/100
|-damage|p1a: Best in business|46/100|[from] item: Life Orb
|
|upkeep
|turn|4
|
|t:|1664194962
|move|p2a: Yveltal|Oblivion Wing|p1a: Best in business
|-damage|p1a: Best in business|8/100
|-heal|p2a: Yveltal|65/100|[from] drain|[of] p1a: Best in business
|move|p1a: Best in business|Oblivion Wing|p2a: Yveltal
|-damage|p2a: Yveltal|34/100
|-heal|p1a: Best in business|32/100|[from] drain|[of] p2a: Yveltal
|-damage|p1a: Best in business|22/100|[from] item: Life Orb
|
|upkeep
|turn|5
|c|☆dratini1yt|same speed
|c|☆dratini1yt|or is it
|
|t:|1664194979
|switch|p1a: Ho-Holder|Ho-Oh|100/100
|move|p2a: Yveltal|Sucker Punch||[still]
|-fail|p2a: Yveltal
|
|upkeep
|turn|6
|
|t:|1664194985
|move|p2a: Yveltal|Dark Pulse|p1a: Ho-Holder
|-damage|p1a: Ho-Holder|75/100
|move|p1a: Ho-Holder|Toxic|p2a: Yveltal
|-status|p2a: Yveltal|tox
|
|-damage|p2a: Yveltal|28/100 tox|[from] psn
|upkeep
|turn|7
|
|t:|1664195008
|switch|p2a: Arceus|Arceus-Ground|100/100
|switch|p1a: Degenerate dragon|Groudon|100/100
|detailschange|p1a: Degenerate dragon|Groudon-Primal
|-primal|p1a: Degenerate dragon
|-weather|DesolateLand|[from] ability: Desolate Land|[of] p1a: Degenerate dragon
|
|-weather|DesolateLand|[upkeep]
|upkeep
|turn|8
|c|☆dratini1yt|not bad
|
|t:|1664195021
|move|p2a: Arceus|Toxic|p1a: Degenerate dragon|[miss]
|-miss|p2a: Arceus|p1a: Degenerate dragon
|move|p1a: Degenerate dragon|Stealth Rock|p2a: Arceus
|-sidestart|p2: dratini1yt|move: Stealth Rock
|
|-weather|DesolateLand|[upkeep]
|upkeep
|turn|9
|
|t:|1664195028
|move|p2a: Arceus|Toxic|p1a: Degenerate dragon
|-status|p1a: Degenerate dragon|tox
|move|p1a: Degenerate dragon|Roar|p2a: Arceus
|drag|p2a: Necrozma|Necrozma-Dusk-Mane|100/100
|-damage|p2a: Necrozma|94/100|[from] Stealth Rock
|
|-weather|DesolateLand|[upkeep]
|-damage|p1a: Degenerate dragon|94/100 tox|[from] psn
|upkeep
|turn|10
|
|t:|1664195039
|switch|p2a: Arceus|Arceus-Ground|100/100
|-damage|p2a: Arceus|94/100|[from] Stealth Rock
|move|p1a: Degenerate dragon|Precipice Blades|p2a: Arceus
|-damage|p2a: Arceus|45/100
|
|-weather|DesolateLand|[upkeep]
|-damage|p1a: Degenerate dragon|82/100 tox|[from] psn
|upkeep
|turn|11
|
|t:|1664195049
|move|p2a: Arceus|Defog|p1a: Degenerate dragon
|-unboost|p1a: Degenerate dragon|evasion|1
|-sideend|p2: dratini1yt|Stealth Rock|[from] move: Defog|[of] p2a: Arceus
|move|p1a: Degenerate dragon|Roar|p2a: Arceus
|drag|p2a: Xerneas|Xerneas|100/100
|-ability|p2a: Xerneas|Fairy Aura
|
|-weather|DesolateLand|[upkeep]
|-damage|p1a: Degenerate dragon|63/100 tox|[from] psn
|upkeep
|turn|12
|
|t:|1664195061
|switch|p2a: Yveltal|Yveltal|28/100 tox
|-ability|p2a: Yveltal|Dark Aura
|move|p1a: Degenerate dragon|Stealth Rock|p2a: Yveltal
|-sidestart|p2: dratini1yt|move: Stealth Rock
|
|-weather|DesolateLand|[upkeep]
|-damage|p2a: Yveltal|22/100 tox|[from] psn
|-damage|p1a: Degenerate dragon|38/100 tox|[from] psn
|upkeep
|turn|13
|
|t:|1664195071
|move|p2a: Yveltal|Oblivion Wing|p1a: Degenerate dragon
|-damage|p1a: Degenerate dragon|0 fnt
|-heal|p2a: Yveltal|48/100 tox|[from] drain|[of] p1a: Degenerate dragon
|faint|p1a: Degenerate dragon
|-weather|none
|
|-damage|p2a: Yveltal|36/100 tox|[from] psn
|upkeep
|
|t:|1664195085
|switch|p1a: Me first|Ditto|100/100
|-transform|p1a: Me first|p2a: Yveltal|[from] ability: Imposter
|-ability|p1a: Me first|Dark Aura
|turn|14
|
|t:|1664195101
|move|p1a: Me first|Oblivion Wing|p2a: Yveltal
|-damage|p2a: Yveltal|12/100 tox
|move|p2a: Yveltal|Oblivion Wing|p1a: Me first
|-damage|p1a: Me first|51/100
|-heal|p2a: Yveltal|40/100 tox|[from] drain|[of] p1a: Me first
|
|-damage|p2a: Yveltal|22/100 tox|[from] psn
|upkeep
|turn|15
|
|t:|1664195115
|move|p2a: Yveltal|Sucker Punch|p1a: Me first
|-resisted|p1a: Me first
|-damage|p1a: Me first|26/100
|move|p1a: Me first|Oblivion Wing|p2a: Yveltal
|-damage|p2a: Yveltal|0 fnt
|-heal|p1a: Me first|47/100|[from] drain|[of] p2a: Yveltal
|faint|p2a: Yveltal
|
|upkeep
|
|t:|1664195124
|switch|p2a: Arceus|Arceus-Ground|45/100
|-damage|p2a: Arceus|39/100|[from] Stealth Rock
|turn|16
|
|t:|1664195134
|switch|p1a: Best in business|Yveltal|22/100
|-ability|p1a: Best in business|Dark Aura
|move|p2a: Arceus|Recover|p2a: Arceus
|-heal|p2a: Arceus|89/100
|
|upkeep
|turn|17
|
|t:|1664195144
|switch|p2a: Xerneas|Xerneas|100/100
|-damage|p2a: Xerneas|88/100|[from] Stealth Rock
|-ability|p2a: Xerneas|Fairy Aura
|move|p1a: Best in business|Taunt|p2a: Xerneas
|-start|p2a: Xerneas|move: Taunt
|
|upkeep
|turn|18
|
|t:|1664195159
|switch|p1a: The infamous doggo|Zacian-Crowned|100/100
|-ability|p1a: The infamous doggo|Intrepid Sword|boost
|-boost|p1a: The infamous doggo|atk|1
|move|p2a: Xerneas|Moonblast|p1a: The infamous doggo
|-resisted|p1a: The infamous doggo
|-damage|p1a: The infamous doggo|67/100
|
|upkeep
|turn|19
|
|t:|1664195169
|switch|p2a: Necrozma|Necrozma-Dusk-Mane|94/100
|-damage|p2a: Necrozma|88/100|[from] Stealth Rock
|move|p1a: The infamous doggo|Swords Dance|p1a: The infamous doggo
|-boost|p1a: The infamous doggo|atk|2
|
|upkeep
|turn|20
|
|t:|1664195178
|switch|p1a: Ho-Holder|Ho-Oh|100/100
|move|p2a: Necrozma|Thunder Wave|p1a: Ho-Holder|[miss]
|-miss|p2a: Necrozma|p1a: Ho-Holder
|
|upkeep
|turn|21
|c|☆dratini1yt|no
|
|t:|1664195187
|switch|p2a: Arceus|Arceus-Ground|89/100
|-damage|p2a: Arceus|83/100|[from] Stealth Rock
|move|p1a: Ho-Holder|Sacred Fire|p2a: Arceus
|-damage|p2a: Arceus|59/100
|-status|p2a: Arceus|brn
|
|-damage|p2a: Arceus|53/100 brn|[from] brn
|upkeep
|turn|22
|c|☆dratini1yt|come on
|c|☆dratini1yt|whyyyy
|
|t:|1664195200
|move|p2a: Arceus|Defog|p1a: Ho-Holder
|-unboost|p1a: Ho-Holder|evasion|1
|-sideend|p2: dratini1yt|Stealth Rock|[from] move: Defog|[of] p2a: Arceus
|move|p1a: Ho-Holder|Sacred Fire|p2a: Arceus
|-damage|p2a: Arceus|30/100 brn
|
|-damage|p2a: Arceus|24/100 brn|[from] brn
|upkeep
|turn|23
|
|t:|1664195210
|move|p2a: Arceus|Recover|p2a: Arceus
|-heal|p2a: Arceus|74/100 brn
|move|p1a: Ho-Holder|Sacred Fire|p2a: Arceus
|-damage|p2a: Arceus|53/100 brn
|
|-damage|p2a: Arceus|46/100 brn|[from] brn
|upkeep
|turn|24
|
|t:|1664195225
|switch|p1a: Best in business|Yveltal|22/100
|-ability|p1a: Best in business|Dark Aura
|move|p2a: Arceus|Recover|p2a: Arceus
|-heal|p2a: Arceus|96/100 brn
|
|-damage|p2a: Arceus|90/100 brn|[from] brn
|upkeep
|turn|25
|c|☆dratini1yt|at least the groudon has already perished
|
|t:|1664195240
|switch|p2a: Xerneas|Xerneas|88/100
|-ability|p2a: Xerneas|Fairy Aura
|move|p1a: Best in business|Oblivion Wing|p2a: Xerneas
|-damage|p2a: Xerneas|40/100
|-heal|p1a: Best in business|58/100|[from] drain|[of] p2a: Xerneas
|-damage|p1a: Best in business|48/100|[from] item: Life Orb
|
|upkeep
|turn|26
|
|t:|1664195252
|move|p1a: Best in business|Oblivion Wing|p2a: Xerneas
|-damage|p2a: Xerneas|0 fnt
|-heal|p1a: Best in business|78/100|[from] drain|[of] p2a: Xerneas
|faint|p2a: Xerneas
|-damage|p1a: Best in business|68/100|[from] item: Life Orb
|
|upkeep
|c|☆dratini1yt|noooo
|
|t:|1664195260
|switch|p2a: Rayquaza|Rayquaza|100/100
|-ability|p2a: Rayquaza|Air Lock
|turn|27
|
|t:|1664195267
|detailschange|p2a: Rayquaza|Rayquaza-Mega
|-mega|p2a: Rayquaza|Rayquaza|
|-weather|DeltaStream|[from] ability: Delta Stream|[of] p2a: Rayquaza
|move|p1a: Best in business|Sucker Punch|p2a: Rayquaza
|-damage|p2a: Rayquaza|52/100
|-damage|p1a: Best in business|58/100|[from] item: Life Orb
|move|p2a: Rayquaza|Dragon Ascent|p1a: Best in business
|-damage|p1a: Best in business|0 fnt
|-unboost|p2a: Rayquaza|def|1
|-unboost|p2a: Rayquaza|spd|1
|faint|p1a: Best in business
|
|-weather|DeltaStream|[upkeep]
|upkeep
|c|☆dratini1yt|f
|
|t:|1664195282
|switch|p1a: The real avenger|Calyrex-Shadow|100/100
|-ability|p1a: The real avenger|As One
|-ability|p1a: The real avenger|Unnerve
|turn|28
|
|t:|1664195290
|-weather|none
|switch|p2a: Arceus|Arceus-Ground|90/100 brn
|move|p1a: The real avenger|Astral Barrage|p2a: Arceus
|-damage|p2a: Arceus|41/100 brn
|
|-damage|p2a: Arceus|35/100 brn|[from] brn
|upkeep
|turn|29
|
|t:|1664195301
|move|p1a: The real avenger|Astral Barrage|p2a: Arceus
|-damage|p2a: Arceus|0 fnt
|faint|p2a: Arceus
|-ability|p1a: The real avenger|Grim Neigh|boost
|-boost|p1a: The real avenger|spa|1
|
|upkeep
|
|t:|1664195307
|switch|p2a: Marshadow|Marshadow|100/100
|turn|30
|
|t:|1664195314
|switch|p1a: Ho-Holder|Ho-Oh|100/100
|move|p2a: Marshadow|Shadow Sneak|p1a: Ho-Holder
|-damage|p1a: Ho-Holder|75/100
|
|upkeep
|turn|31
|
|t:|1664195322
|switch|p2a: Rayquaza|Rayquaza-Mega|52/100
|-weather|DeltaStream|[from] ability: Delta Stream|[of] p2a: Rayquaza
|move|p1a: Ho-Holder|Toxic|p2a: Rayquaza
|-status|p2a: Rayquaza|tox
|
|-weather|DeltaStream|[upkeep]
|-damage|p2a: Rayquaza|46/100 tox|[from] psn
|upkeep
|turn|32
|
|t:|1664195333
|move|p2a: Rayquaza|Dragon Ascent|p1a: Ho-Holder
|-damage|p1a: Ho-Holder|1/100
|-unboost|p2a: Rayquaza|def|1
|-unboost|p2a: Rayquaza|spd|1
|move|p1a: Ho-Holder|Roost|p1a: Ho-Holder
|-heal|p1a: Ho-Holder|51/100
|-singleturn|p1a: Ho-Holder|move: Roost
|
|-weather|DeltaStream|[upkeep]
|-damage|p2a: Rayquaza|34/100 tox|[from] psn
|upkeep
|turn|33
|c|☆dratini1yt|really
|c|☆dratini1yt|damn
|
|t:|1664195349
|move|p2a: Rayquaza|Dragon Ascent|p1a: Ho-Holder
|-damage|p1a: Ho-Holder|0 fnt
|-unboost|p2a: Rayquaza|def|1
|-unboost|p2a: Rayquaza|spd|1
|faint|p1a: Ho-Holder
|
|-weather|DeltaStream|[upkeep]
|-damage|p2a: Rayquaza|16/100 tox|[from] psn
|upkeep
|c|☆dratini1yt|maybe I should use life orb on this thing
|inactive|VsP 2969 has 120 seconds left.
|
|t:|1664195383
|switch|p1a: The infamous doggo|Zacian-Crowned|67/100
|-ability|p1a: The infamous doggo|Intrepid Sword|boost
|-boost|p1a: The infamous doggo|atk|1
|turn|34
|
|t:|1664195388
|move|p2a: Rayquaza|Extreme Speed|p1a: The infamous doggo
|-resisted|p1a: The infamous doggo
|-damage|p1a: The infamous doggo|53/100
|move|p1a: The infamous doggo|Play Rough|p2a: Rayquaza
|-supereffective|p2a: Rayquaza
|-damage|p2a: Rayquaza|0 fnt
|faint|p2a: Rayquaza
|-weather|none
|
|upkeep
|
|t:|1664195396
|switch|p2a: Necrozma|Necrozma-Dusk-Mane|88/100
|turn|35
|
|t:|1664195404
|move|p1a: The infamous doggo|Sacred Sword|p2a: Necrozma
|-damage|p2a: Necrozma|59/100
|-damage|p1a: The infamous doggo|36/100|[from] item: Rocky Helmet|[of] p2a: Necrozma
|move|p2a: Necrozma|Sunsteel Strike|p1a: The infamous doggo
|-damage|p1a: The infamous doggo|0 fnt
|faint|p1a: The infamous doggo
|
|upkeep
|c|☆dratini1yt|lol
|inactive|VsP 2969 has 120 seconds left.
|c|☆dratini1yt|infamous doggo
|
|t:|1664195416
|switch|p1a: The real avenger|Calyrex-Shadow|100/100
|-ability|p1a: The real avenger|As One
|-ability|p1a: The real avenger|Unnerve
|turn|36
|
|t:|1664195426
|-start|p1a: The real avenger|Dynamax|
|-heal|p1a: The real avenger|100/100|[silent]
|-start|p2a: Necrozma|Dynamax|
|-heal|p2a: Necrozma|59/100|[silent]
|move|p1a: The real avenger|Max Phantasm|p2a: Necrozma
|-supereffective|p2a: Necrozma
|-damage|p2a: Necrozma|3/100
|-unboost|p2a: Necrozma|def|1
|move|p2a: Necrozma|Max Darkness|p1a: The real avenger
|-supereffective|p1a: The real avenger
|-enditem|p1a: The real avenger|Focus Sash
|-damage|p1a: The real avenger|1/100
|-unboost|p1a: The real avenger|spd|1
|
|upkeep
|turn|37
|c|☆dratini1yt|nice bro
|c|☆dratini1yt|thats nice
|inactive|VsP 2969 has 120 seconds left.
|
|t:|1664195445
|move|p2a: Necrozma|Max Guard|p2a: Necrozma
|-singleturn|p2a: Necrozma|Max Guard
|move|p1a: The real avenger|Max Phantasm|p2a: Necrozma
|-activate|p2a: Necrozma|move: Max Guard
|
|upkeep
|turn|38
|
|t:|1664195452
|move|p2a: Necrozma|Max Guard||[still]
|-fail|p2a: Necrozma
|move|p1a: The real avenger|Max Mindstorm|p2a: Necrozma
|-resisted|p2a: Necrozma
|-damage|p2a: Necrozma|0 fnt
|-fieldstart|move: Psychic Terrain
|faint|p2a: Necrozma
|-ability|p1a: The real avenger|Grim Neigh|boost
|-boost|p1a: The real avenger|spa|1
|
|upkeep
|c|☆dratini1yt|f
|c|☆dratini1yt|f
|c|☆dratini1yt|f
|c|☆dratini1yt|f
|c|☆dratini1yt|f
|
|t:|1664195465
|switch|p2a: Marshadow|Marshadow|100/100
|-end|p1a: The real avenger|Dynamax
|-heal|p1a: The real avenger|1/100|[silent]
|turn|39
|
|t:|1664195471
|move|p1a: The real avenger|Astral Barrage|p2a: Marshadow
|-supereffective|p2a: Marshadow
|-enditem|p2a: Marshadow|Focus Sash
|-damage|p2a: Marshadow|1/100
|move|p2a: Marshadow|Spectral Thief||[still]
|-clearpositiveboost|p1a: The real avenger|p2a: Marshadow|move: Spectral Thief
|-boost|p2a: Marshadow|spa|1
|-anim|p2a: Marshadow|Spectral Thief|p1a: The real avenger
|-supereffective|p1a: The real avenger
|-damage|p1a: The real avenger|0 fnt
|faint|p1a: The real avenger
|
|upkeep
|c|☆dratini1yt|gg
|-message|dratini1yt forfeited.
|
|win|VsP 2969
|raw|VsP 2969's rating: 1659 &rarr; <strong>1685</strong><br />(+26 for winning)
|raw|dratini1yt's rating: 1771 &rarr; <strong>1745</strong><br />(-26 for losing)
|l|☆dratini1yt
|l|☆VsP 2969
||Ladder isn't responding, score probably updated but might not have (Request timeout).
|j|☆VsP 2969
|player|p1|VsP 2969|cynthia
