|j|☆Log4j
|j|☆Pkmn3443
|t:|1618000802
|gametype|singles
|player|p1|Log4j|2|1766
|player|p2|Pkmn3443|266|1827
|teamsize|p1|6
|teamsize|p2|6
|gen|8
|tier|[Gen 8] National Dex AG
|rated|
|clearpoke
|poke|p1|Kyogre|
|poke|p1|Zacian-Crowned|
|poke|p1|Yveltal|
|poke|p1|Calyrex-Shadow|
|poke|p1|Ho-Oh|
|poke|p1|Ditto|
|poke|p2|Zacian-Crowned|
|poke|p2|Necrozma-Dusk-Mane|
|poke|p2|Ditto|
|poke|p2|Ho-Oh|
|poke|p2|Rayquaza|
|poke|p2|Yveltal|
|rule|HP Percentage Mod: HP is shown in percentages
|rule|Endless Battle Clause: Forcing endless battles is banned
|teampreview
|inactive|Battle timer is ON: inactive players will automatically lose when time's up. (requested by Log4j)
|
|t:|1618000821
|start
|switch|p1a: Yveltal|Yveltal|100/100
|switch|p2a: Rayquaza|Rayquaza|100/100
|-ability|p1a: Yveltal|Dark Aura
|-ability|p2a: Rayquaza|Air Lock
|turn|1
|
|t:|1618000830
|switch|p2a: Ho-Oh|Ho-Oh|100/100
|-start|p1a: Yveltal|Dynamax
|-heal|p1a: Yveltal|100/100|[silent]
|move|p1a: Yveltal|Max Airstream|p2a: Ho-Oh
|-damage|p2a: Ho-Oh|53/100
|-boost|p1a: Yveltal|spe|1
|-damage|p1a: Yveltal|96/100|[from] item: Life Orb
|
|upkeep
|turn|2
|
|t:|1618000836
|switch|p2a: Zacian|Zacian-Crowned|100/100
|-ability|p2a: Zacian|Intrepid Sword|boost
|-boost|p2a: Zacian|atk|1
|move|p1a: Yveltal|Max Darkness|p2a: Zacian
|-resisted|p2a: Zacian
|-damage|p2a: Zacian|38/100
|-unboost|p2a: Zacian|spd|1
|-damage|p1a: Yveltal|91/100|[from] item: Life Orb
|
|upkeep
|turn|3
|j| Redlocker
|
|t:|1618000844
|switch|p2a: Ho-Oh|Ho-Oh|86/100
|move|p1a: Yveltal|Max Darkness|p2a: Ho-Oh
|-damage|p2a: Ho-Oh|20/100
|-unboost|p2a: Ho-Oh|spd|1
|-damage|p1a: Yveltal|86/100|[from] item: Life Orb
|
|-end|p1a: Yveltal|Dynamax
|-heal|p1a: Yveltal|86/100|[silent]
|upkeep
|turn|4
|
|t:|1618000851
|switch|p2a: Zacian|Zacian-Crowned|38/100
|-ability|p2a: Zacian|Intrepid Sword|boost
|-boost|p2a: Zacian|atk|1
|move|p1a: Yveltal|Dark Pulse|p2a: Zacian
|-resisted|p2a: Zacian
|-damage|p2a: Zacian|2/100
|-damage|p1a: Yveltal|76/100|[from] item: Life Orb
|
|upkeep
|turn|5
|
|t:|1618000855
|move|p1a: Yveltal|Oblivion Wing|p2a: Zacian
|-resisted|p2a: Zacian
|-damage|p2a: Zacian|0 fnt
|-heal|p1a: Yveltal|77/100|[from] drain|[of] p2a: Zacian
|-damage|p1a: Yveltal|67/100|[from] item: Life Orb
|faint|p2a: Zacian
|
|upkeep
|
|t:|1618000858
|switch|p2a: Rayquaza|Rayquaza|100/100
|-ability|p2a: Rayquaza|Air Lock
|turn|6
|
|t:|1618000867
|detailschange|p2a: Rayquaza|Rayquaza-Mega
|-mega|p2a: Rayquaza|Rayquaza|
|-weather|DeltaStream|[from] ability: Delta Stream|[of] p2a: Rayquaza
|move|p1a: Yveltal|Oblivion Wing|p2a: Rayquaza
|-damage|p2a: Rayquaza|40/100
|-heal|p1a: Yveltal|100/100|[from] drain|[of] p2a: Rayquaza
|-damage|p1a: Yveltal|91/100|[from] item: Life Orb
|move|p2a: Rayquaza|Dragon Ascent|p1a: Yveltal
|-damage|p1a: Yveltal|0 fnt
|-unboost|p2a: Rayquaza|def|1
|-unboost|p2a: Rayquaza|spd|1
|-damage|p2a: Rayquaza|30/100|[from] item: Life Orb
|faint|p1a: Yveltal
|
|-weather|DeltaStream|[upkeep]
|upkeep
|
|t:|1618000882
|switch|p1a: Calyrex|Calyrex-Shadow|100/100
|-ability|p1a: Calyrex|As One
|-ability|p1a: Calyrex|Unnerve
|turn|7
|
|t:|1618000892
|-weather|none
|switch|p2a: Yveltal|Yveltal|100/100
|-ability|p2a: Yveltal|Dark Aura
|move|p1a: Calyrex|Astral Barrage|p2a: Yveltal
|-resisted|p2a: Yveltal
|-damage|p2a: Yveltal|70/100
|
|upkeep
|turn|8
|
|t:|1618000896
|switch|p1a: Ho-Oh|Ho-Oh|100/100
|move|p2a: Yveltal|Oblivion Wing|p1a: Ho-Oh
|-damage|p1a: Ho-Oh|72/100
|-heal|p2a: Yveltal|93/100|[from] drain|[of] p1a: Ho-Oh
|-damage|p2a: Yveltal|83/100|[from] item: Life Orb
|
|upkeep
|turn|9
|
|t:|1618000903
|switch|p2a: Ho-Oh|Ho-Oh|54/100
|move|p1a: Ho-Oh|Sacred Fire|p2a: Ho-Oh
|-resisted|p2a: Ho-Oh
|-damage|p2a: Ho-Oh|38/100
|
|upkeep
|turn|10
|
|t:|1618000907
|move|p2a: Ho-Oh|Toxic|p1a: Ho-Oh
|-status|p1a: Ho-Oh|tox
|move|p1a: Ho-Oh|Toxic|p2a: Ho-Oh
|-status|p2a: Ho-Oh|tox
|
|-damage|p1a: Ho-Oh|66/100 tox|[from] psn
|-damage|p2a: Ho-Oh|32/100 tox|[from] psn
|upkeep
|turn|11
|
|t:|1618000910
|switch|p2a: Ditto|Ditto|100/100
|-transform|p2a: Ditto|p1a: Ho-Oh|[from] ability: Imposter
|move|p1a: Ho-Oh|Sacred Fire|p2a: Ditto
|-resisted|p2a: Ditto
|-damage|p2a: Ditto|80/100
|
|-damage|p1a: Ho-Oh|54/100 tox|[from] psn
|upkeep
|turn|12
|
|t:|1618000917
|switch|p2a: Ho-Oh|Ho-Oh|65/100 tox
|switch|p1a: Kyogre|Kyogre|100/100
|-weather|RainDance|[from] ability: Drizzle|[of] p1a: Kyogre
|
|-weather|RainDance|[upkeep]
|-damage|p2a: Ho-Oh|59/100 tox|[from] psn
|upkeep
|turn|13
|
|t:|1618000933
|move|p1a: Kyogre|Thunder|p2a: Ho-Oh
|-supereffective|p2a: Ho-Oh
|-damage|p2a: Ho-Oh|13/100 tox
|move|p2a: Ho-Oh|Sacred Fire|p1a: Kyogre
|-resisted|p1a: Kyogre
|-damage|p1a: Kyogre|89/100
|-status|p1a: Kyogre|brn
|
|-weather|RainDance|[upkeep]
|-damage|p1a: Kyogre|83/100 brn|[from] brn
|-damage|p2a: Ho-Oh|0 fnt|[from] psn
|faint|p2a: Ho-Oh
|upkeep
|
|t:|1618000939
|switch|p2a: Rayquaza|Rayquaza-Mega|30/100
|-weather|DeltaStream|[from] ability: Delta Stream|[of] p2a: Rayquaza
|turn|14
|
|t:|1618000955
|switch|p1a: Zacian|Zacian-Crowned|100/100
|-ability|p1a: Zacian|Intrepid Sword|boost
|-boost|p1a: Zacian|atk|1
|move|p2a: Rayquaza|Dragon Ascent|p1a: Zacian
|-resisted|p1a: Zacian
|-damage|p1a: Zacian|51/100
|-unboost|p2a: Rayquaza|def|1
|-unboost|p2a: Rayquaza|spd|1
|-damage|p2a: Rayquaza|20/100|[from] item: Life Orb
|
|-weather|DeltaStream|[upkeep]
|upkeep
|turn|15
|
|t:|1618000974
|-weather|none
|switch|p2a: Necrozma|Necrozma-Dusk-Mane|100/100
|move|p1a: Zacian|Close Combat|p2a: Necrozma
|-damage|p2a: Necrozma|58/100
|-unboost|p1a: Zacian|def|1
|-unboost|p1a: Zacian|spd|1
|-damage|p1a: Zacian|35/100|[from] item: Rocky Helmet|[of] p2a: Necrozma
|
|upkeep
|turn|16
|
|t:|1618000982
|switch|p1a: Kyogre|Kyogre|83/100 brn
|-weather|RainDance|[from] ability: Drizzle|[of] p1a: Kyogre
|move|p2a: Necrozma|Morning Sun|p2a: Necrozma
|-heal|p2a: Necrozma|83/100
|
|-weather|RainDance|[upkeep]
|-damage|p1a: Kyogre|77/100 brn|[from] brn
|upkeep
|turn|17
|
|t:|1618000992
|switch|p2a: Rayquaza|Rayquaza-Mega|20/100
|-weather|DeltaStream|[from] ability: Delta Stream|[of] p2a: Rayquaza
|move|p1a: Kyogre|Surf|p2a: Rayquaza
|-resisted|p2a: Rayquaza
|-damage|p2a: Rayquaza|0 fnt
|faint|p2a: Rayquaza
|-weather|none
|
|-damage|p1a: Kyogre|71/100 brn|[from] brn
|upkeep
|
|t:|1618000998
|switch|p2a: Ditto|Ditto|100/100
|-transform|p2a: Ditto|p1a: Kyogre|[from] ability: Imposter
|-weather|RainDance|[from] ability: Drizzle|[of] p2a: Ditto
|turn|18
|
|t:|1618001007
|switch|p1a: Zacian|Zacian-Crowned|35/100
|-ability|p1a: Zacian|Intrepid Sword|boost
|-boost|p1a: Zacian|atk|1
|move|p2a: Ditto|Thunder|p1a: Zacian
|-damage|p1a: Zacian|0 fnt
|faint|p1a: Zacian
|
|-weather|RainDance|[upkeep]
|upkeep
|
|t:|1618001016
|switch|p1a: Ho-Oh|Ho-Oh|87/100 tox
|turn|19
|
|t:|1618001020
|switch|p2a: Necrozma|Necrozma-Dusk-Mane|83/100
|move|p1a: Ho-Oh|Whirlwind|p2a: Necrozma
|drag|p2a: Yveltal|Yveltal|83/100
|-ability|p2a: Yveltal|Dark Aura
|
|-weather|RainDance|[upkeep]
|-damage|p1a: Ho-Oh|81/100 tox|[from] psn
|upkeep
|turn|20
|
|t:|1618001027
|move|p2a: Yveltal|Oblivion Wing|p1a: Ho-Oh
|-damage|p1a: Ho-Oh|52/100 tox
|-heal|p2a: Yveltal|100/100|[from] drain|[of] p1a: Ho-Oh
|-damage|p2a: Yveltal|91/100|[from] item: Life Orb
|move|p1a: Ho-Oh|Toxic|p2a: Yveltal
|-status|p2a: Yveltal|tox
|
|-weather|RainDance|[upkeep]
|-damage|p2a: Yveltal|84/100 tox|[from] psn
|-damage|p1a: Ho-Oh|40/100 tox|[from] psn
|upkeep
|turn|21
|
|t:|1618001037
|move|p2a: Yveltal|Knock Off|p1a: Ho-Oh
|-damage|p1a: Ho-Oh|0 fnt
|-enditem|p1a: Ho-Oh|Heavy-Duty Boots|[from] move: Knock Off|[of] p2a: Yveltal
|-damage|p2a: Yveltal|75/100 tox|[from] item: Life Orb
|faint|p1a: Ho-Oh
|
|-weather|RainDance|[upkeep]
|-damage|p2a: Yveltal|62/100 tox|[from] psn
|upkeep
|
|t:|1618001051
|switch|p1a: Calyrex|Calyrex-Shadow|100/100
|-ability|p1a: Calyrex|As One
|-ability|p1a: Calyrex|Unnerve
|turn|22
|
|t:|1618001058
|move|p1a: Calyrex|Draining Kiss|p2a: Yveltal
|-supereffective|p2a: Yveltal
|-damage|p2a: Yveltal|28/100 tox
|move|p2a: Yveltal|Oblivion Wing|p1a: Calyrex
|-damage|p1a: Calyrex|45/100
|-heal|p2a: Yveltal|64/100 tox|[from] drain|[of] p1a: Calyrex
|-damage|p2a: Yveltal|54/100 tox|[from] item: Life Orb
|
|-weather|none
|-damage|p2a: Yveltal|36/100 tox|[from] psn
|upkeep
|turn|23
|
|t:|1618001073
|switch|p1a: Kyogre|Kyogre|71/100 brn
|-weather|RainDance|[from] ability: Drizzle|[of] p1a: Kyogre
|move|p2a: Yveltal|Knock Off|p1a: Kyogre
|-damage|p1a: Kyogre|0 fnt
|-enditem|p1a: Kyogre|Choice Scarf|[from] move: Knock Off|[of] p2a: Yveltal
|-damage|p2a: Yveltal|26/100 tox|[from] item: Life Orb
|faint|p1a: Kyogre
|
|-weather|RainDance|[upkeep]
|-damage|p2a: Yveltal|2/100 tox|[from] psn
|upkeep
|
|t:|1618001076
|switch|p1a: Ditto|Ditto|100/100
|-transform|p1a: Ditto|p2a: Yveltal|[from] ability: Imposter
|-ability|p1a: Ditto|Dark Aura
|turn|24
|
|t:|1618001087
|move|p1a: Ditto|Knock Off|p2a: Yveltal
|-resisted|p2a: Yveltal
|-crit|p2a: Yveltal
|-damage|p2a: Yveltal|0 fnt
|-enditem|p2a: Yveltal|Life Orb|[from] move: Knock Off|[of] p1a: Ditto
|faint|p2a: Yveltal
|
|-weather|RainDance|[upkeep]
|upkeep
|
|t:|1618001091
|switch|p2a: Necrozma|Necrozma-Dusk-Mane|83/100
|turn|25
|
|t:|1618001096
|move|p1a: Ditto|Knock Off|p2a: Necrozma
|-supereffective|p2a: Necrozma
|-damage|p2a: Necrozma|36/100
|-damage|p1a: Ditto|84/100|[from] item: Rocky Helmet|[of] p2a: Necrozma
|-enditem|p2a: Necrozma|Rocky Helmet|[from] move: Knock Off|[of] p1a: Ditto
|move|p2a: Necrozma|Morning Sun|p2a: Necrozma
|-heal|p2a: Necrozma|61/100
|
|-weather|RainDance|[upkeep]
|upkeep
|turn|26
|
|t:|1618001103
|switch|p1a: Calyrex|Calyrex-Shadow|45/100
|-ability|p1a: Calyrex|As One
|-ability|p1a: Calyrex|Unnerve
|move|p2a: Necrozma|Morning Sun|p2a: Necrozma
|-heal|p2a: Necrozma|86/100
|
|-weather|RainDance|[upkeep]
|upkeep
|turn|27
|l| Redlocker
|
|t:|1618001114
|switch|p1a: Ditto|Ditto|84/100
|-transform|p1a: Ditto|p2a: Necrozma|[from] ability: Imposter
|move|p2a: Necrozma|Knock Off|p1a: Ditto
|-supereffective|p1a: Ditto
|-damage|p1a: Ditto|44/100
|-enditem|p1a: Ditto|Choice Scarf|[from] move: Knock Off|[of] p2a: Necrozma
|
|-weather|none
|upkeep
|turn|28
|
|t:|1618001122
|move|p1a: Ditto|Morning Sun|p1a: Ditto
|-heal|p1a: Ditto|94/100
|move|p2a: Necrozma|Stealth Rock|p1a: Ditto
|-sidestart|p1: Log4j|move: Stealth Rock
|
|upkeep
|turn|29
|
|t:|1618001126
|move|p2a: Necrozma|Knock Off|p1a: Ditto
|-supereffective|p1a: Ditto
|-damage|p1a: Ditto|65/100
|move|p1a: Ditto|Morning Sun|p1a: Ditto
|-heal|p1a: Ditto|100/100
|
|upkeep
|turn|30
|
|t:|1618001133
|move|p1a: Ditto|Stealth Rock|p2a: Necrozma
|-sidestart|p2: Pkmn3443|move: Stealth Rock
|move|p2a: Necrozma|Knock Off|p1a: Ditto
|-supereffective|p1a: Ditto
|-damage|p1a: Ditto|73/100
|
|upkeep
|turn|31
|
|t:|1618001137
|move|p1a: Ditto|Knock Off|p2a: Necrozma
|-supereffective|p2a: Necrozma
|-damage|p2a: Necrozma|65/100
|move|p2a: Necrozma|Knock Off|p1a: Ditto
|-supereffective|p1a: Ditto
|-damage|p1a: Ditto|45/100
|
|upkeep
|turn|32
|
|t:|1618001143
|move|p2a: Necrozma|Knock Off|p1a: Ditto
|-supereffective|p1a: Ditto
|-damage|p1a: Ditto|15/100
|move|p1a: Ditto|Knock Off|p2a: Necrozma
|-supereffective|p2a: Necrozma
|-damage|p2a: Necrozma|45/100
|
|upkeep
|turn|33
|
|t:|1618001146
|move|p2a: Necrozma|Knock Off|p1a: Ditto
|-supereffective|p1a: Ditto
|-damage|p1a: Ditto|0 fnt
|faint|p1a: Ditto
|
|upkeep
|-message|Log4j forfeited.
|
|win|Pkmn3443
|l|☆Log4j
