|j|☆Capri~#song
|j|☆hjk0hr1
|t:|1664234090
|gametype|singles
|player|p1|Capri~#song|melli|1729
|player|p2|hjk0hr1|lucas|1897
|teamsize|p1|6
|teamsize|p2|6
|gen|8
|tier|[Gen 8] National Dex AG
|rated|
|rule|HP Percentage Mod: HP is shown in percentages
|rule|Endless Battle Clause: Forcing endless battles is banned
|clearpoke
|poke|p1|Quagsire, F|
|poke|p1|Ferrothorn, M|
|poke|p1|Zacian-*|
|poke|p1|Tyranitar, M|
|poke|p1|Salamence, M|
|poke|p1|Ditto|
|poke|p2|Zacian-*|
|poke|p2|Necrozma-Dusk-Mane|
|poke|p2|Eternatus|
|poke|p2|Arceus-*|
|poke|p2|Arceus-*|
|poke|p2|Rayquaza|
|teampreview
|inactive|Battle timer is ON: inactive players will automatically lose when time's up. (requested by Capri~#song)
|
|t:|1664234102
|start
|switch|p1a: MEKAKUSHI CODE|Salamence, M, shiny|100/100
|switch|p2a: Rayquaza|Rayquaza|100/100
|-ability|p2a: Rayquaza|Air Lock
|-ability|p1a: MEKAKUSHI CODE|Intimidate|boost
|-unboost|p2a: Rayquaza|atk|1
|turn|1
|inactive|Capri~#song has 120 seconds left.
|
|t:|1664234135
|detailschange|p2a: Rayquaza|Rayquaza-Mega
|-mega|p2a: Rayquaza|Rayquaza|
|-weather|DeltaStream|[from] ability: Delta Stream|[of] p2a: Rayquaza
|detailschange|p1a: MEKAKUSHI CODE|Salamence-Mega, M, shiny
|-mega|p1a: MEKAKUSHI CODE|Salamence|Salamencite
|move|p2a: Rayquaza|Draco Meteor|p1a: MEKAKUSHI CODE
|-supereffective|p1a: MEKAKUSHI CODE
|-damage|p1a: MEKAKUSHI CODE|0 fnt
|-unboost|p2a: Rayquaza|spa|2
|faint|p1a: MEKAKUSHI CODE
|
|-weather|DeltaStream|[upkeep]
|upkeep
|inactive|Capri~#song has 120 seconds left.
|
|t:|1664234142
|switch|p1a: KAGEROU DAZE|Tyranitar, M|100/100
|-ability|p1a: KAGEROU DAZE|Sand Stream|[from] deltastream|[fail]
|turn|2
|
|t:|1664234165
|-activate|p2a: Rayquaza|move: Pursuit
|move|p1a: KAGEROU DAZE|Pursuit|p2a: Rayquaza|[from]Pursuit
|-damage|p2a: Rayquaza|69/100
|-weather|none
|switch|p2a: Zacian|Zacian-Crowned|100/100
|-ability|p2a: Zacian|Intrepid Sword|boost
|-boost|p2a: Zacian|atk|1
|
|upkeep
|turn|3
|inactive|Capri~#song has 120 seconds left.
|
|t:|1664234195
|switch|p2a: Arceus|Arceus-Dark|100/100
|switch|p1a: GUNJOU RAIN|Quagsire, F|100/100
|
|upkeep
|turn|4
|
|t:|1664234205
|switch|p1a: LAZY GIRL BLUES|Zacian-Crowned, shiny|100/100
|-ability|p1a: LAZY GIRL BLUES|Intrepid Sword|boost
|-boost|p1a: LAZY GIRL BLUES|atk|1
|move|p2a: Arceus|Toxic|p1a: LAZY GIRL BLUES
|-immune|p1a: LAZY GIRL BLUES
|
|upkeep
|turn|5
|inactive|Capri~#song has 120 seconds left.
|
|t:|1664234244
|switch|p2a: Necrozma|Necrozma-Dusk-Mane, shiny|100/100
|move|p1a: LAZY GIRL BLUES|Close Combat|p2a: Necrozma
|-damage|p2a: Necrozma|60/100
|-unboost|p1a: LAZY GIRL BLUES|def|1
|-unboost|p1a: LAZY GIRL BLUES|spd|1
|-damage|p1a: LAZY GIRL BLUES|84/100|[from] item: Rocky Helmet|[of] p2a: Necrozma
|
|upkeep
|turn|6
|
|t:|1664234251
|switch|p1a: KUSOU FOREST|Ferrothorn, M|100/100
|move|p2a: Necrozma|Morning Sun|p2a: Necrozma
|-heal|p2a: Necrozma|100/100
|
|upkeep
|turn|7
|
|t:|1664234254
|switch|p2a: Rayquaza|Rayquaza-Mega|69/100
|-weather|DeltaStream|[from] ability: Delta Stream|[of] p2a: Rayquaza
|move|p1a: KUSOU FOREST|Knock Off|p2a: Rayquaza
|-damage|p2a: Rayquaza|49/100
|-enditem|p2a: Rayquaza|Choice Scarf|[from] move: Knock Off|[of] p1a: KUSOU FOREST
|
|-weather|DeltaStream|[upkeep]
|upkeep
|turn|8
|inactive|Capri~#song has 120 seconds left.
|
|t:|1664234261
|switch|p1a: KAGEROU DAZE|Tyranitar, M|100/100
|-ability|p1a: KAGEROU DAZE|Sand Stream|[from] deltastream|[fail]
|move|p2a: Rayquaza|Surf|p1a: KAGEROU DAZE
|-supereffective|p1a: KAGEROU DAZE
|-damage|p1a: KAGEROU DAZE|51/100
|
|-weather|DeltaStream|[upkeep]
|-heal|p1a: KAGEROU DAZE|58/100|[from] item: Leftovers
|upkeep
|turn|9
|
|t:|1664234265
|move|p2a: Rayquaza|Surf|p1a: KAGEROU DAZE
|-supereffective|p1a: KAGEROU DAZE
|-damage|p1a: KAGEROU DAZE|6/100
|move|p1a: KAGEROU DAZE|Rock Blast|p2a: Rayquaza
|-activate||deltastream
|-damage|p2a: Rayquaza|36/100
|-activate||deltastream
|-damage|p2a: Rayquaza|25/100
|-activate||deltastream
|-damage|p2a: Rayquaza|14/100
|-activate||deltastream
|-damage|p2a: Rayquaza|3/100
|-hitcount|p2a: Rayquaza|4
|
|-weather|DeltaStream|[upkeep]
|-heal|p1a: KAGEROU DAZE|12/100|[from] item: Leftovers
|upkeep
|turn|10
|
|t:|1664234268
|switch|p1a: LAZY GIRL BLUES|Zacian-Crowned, shiny|84/100
|-ability|p1a: LAZY GIRL BLUES|Intrepid Sword|boost
|-boost|p1a: LAZY GIRL BLUES|atk|1
|move|p2a: Rayquaza|Surf|p1a: LAZY GIRL BLUES
|-damage|p1a: LAZY GIRL BLUES|47/100
|
|-weather|DeltaStream|[upkeep]
|upkeep
|turn|11
|
|t:|1664234276
|move|p1a: LAZY GIRL BLUES|Close Combat|p2a: Rayquaza
|-resisted|p2a: Rayquaza
|-crit|p2a: Rayquaza
|-damage|p2a: Rayquaza|0 fnt
|-unboost|p1a: LAZY GIRL BLUES|def|1
|-unboost|p1a: LAZY GIRL BLUES|spd|1
|faint|p2a: Rayquaza
|-weather|none
|
|upkeep
|
|t:|1664234278
|switch|p2a: Necrozma|Necrozma-Dusk-Mane, shiny|100/100
|turn|12
|inactive|Capri~#song has 120 seconds left.
|
|t:|1664234308
|switch|p1a: KUSOU FOREST|Ferrothorn, M|100/100
|move|p2a: Necrozma|Stealth Rock|p1a: KUSOU FOREST
|-sidestart|p1: Capri~#song|move: Stealth Rock
|
|upkeep
|turn|13
|
|t:|1664234317
|switch|p2a: Eternatus|Eternatus|100/100
|-ability|p2a: Eternatus|Pressure
|move|p1a: KUSOU FOREST|Spikes|p2a: Eternatus
|-sidestart|p2: hjk0hr1|Spikes
|
|upkeep
|turn|14
|
|t:|1664234320
|move|p1a: KUSOU FOREST|Protect|p1a: KUSOU FOREST
|-singleturn|p1a: KUSOU FOREST|Protect
|move|p2a: Eternatus|Flamethrower|p1a: KUSOU FOREST
|-activate|p1a: KUSOU FOREST|move: Protect
|
|upkeep
|turn|15
|
|t:|1664234325
|move|p2a: Eternatus|Flamethrower|p1a: KUSOU FOREST
|-supereffective|p1a: KUSOU FOREST
|-damage|p1a: KUSOU FOREST|13/100
|-status|p1a: KUSOU FOREST|brn
|move|p1a: KUSOU FOREST|Leech Seed|p2a: Eternatus
|-start|p2a: Eternatus|move: Leech Seed
|
|-heal|p1a: KUSOU FOREST|19/100 brn|[from] item: Leftovers
|-damage|p2a: Eternatus|88/100|[from] Leech Seed|[of] p1a: KUSOU FOREST
|-heal|p1a: KUSOU FOREST|34/100 brn|[silent]
|-damage|p1a: KUSOU FOREST|28/100 brn|[from] brn
|upkeep
|turn|16
|
|t:|1664234332
|move|p1a: KUSOU FOREST|Protect|p1a: KUSOU FOREST
|-singleturn|p1a: KUSOU FOREST|Protect
|move|p2a: Eternatus|Dynamax Cannon|p1a: KUSOU FOREST
|-activate|p1a: KUSOU FOREST|move: Protect
|
|-heal|p1a: KUSOU FOREST|34/100 brn|[from] item: Leftovers
|-damage|p2a: Eternatus|76/100|[from] Leech Seed|[of] p1a: KUSOU FOREST
|-heal|p1a: KUSOU FOREST|49/100 brn|[silent]
|-damage|p1a: KUSOU FOREST|43/100 brn|[from] brn
|upkeep
|turn|17
|
|t:|1664234337
|move|p2a: Eternatus|Flamethrower|p1a: KUSOU FOREST
|-supereffective|p1a: KUSOU FOREST
|-damage|p1a: KUSOU FOREST|0 fnt
|faint|p1a: KUSOU FOREST
|
|upkeep
|
|t:|1664234341
|switch|p1a: LAZY GIRL BLUES|Zacian-Crowned, shiny|47/100
|-damage|p1a: LAZY GIRL BLUES|40/100|[from] Stealth Rock
|-ability|p1a: LAZY GIRL BLUES|Intrepid Sword|boost
|-boost|p1a: LAZY GIRL BLUES|atk|1
|turn|18
|
|t:|1664234348
|move|p1a: LAZY GIRL BLUES|Swords Dance|p1a: LAZY GIRL BLUES
|-boost|p1a: LAZY GIRL BLUES|atk|2
|move|p2a: Eternatus|Flamethrower|p1a: LAZY GIRL BLUES
|-supereffective|p1a: LAZY GIRL BLUES
|-damage|p1a: LAZY GIRL BLUES|0 fnt
|faint|p1a: LAZY GIRL BLUES
|
|upkeep
|-message|Capri~#song forfeited.
|
|win|hjk0hr1
|raw|Capri~#song's rating: 1729 &rarr; <strong>1718</strong><br />(-11 for losing)
|raw|hjk0hr1's rating: 1897 &rarr; <strong>1908</strong><br />(+11 for winning)
|l|☆Capri~#song
