|j|☆kasak
|j|☆Defensive0
|t:|1668160175
|gametype|singles
|player|p1|kasak|youngster-gen4dp|1758
|player|p2|Defensive0|riley|1974
|teamsize|p1|6
|teamsize|p2|6
|gen|8
|tier|[Gen 8] National Dex AG
|rated|
|rule|HP Percentage Mod: HP is shown in percentages
|rule|Endless Battle Clause: Forcing endless battles is banned
|clearpoke
|poke|p1|Arceus-*|
|poke|p1|Ditto|
|poke|p1|Chansey, F|
|poke|p1|Lugia|
|poke|p1|Groudon|
|poke|p1|Sableye, F|
|poke|p2|Kyogre|
|poke|p2|Ditto|
|poke|p2|Xerneas-*|
|poke|p2|Arceus-*|
|poke|p2|Arceus-*|
|poke|p2|Necrozma-Dusk-Mane|
|teampreview
|inactive|Battle timer is ON: inactive players will automatically lose when time's up. (requested by Defensive0)
|inactive|Defensive0 has 120 seconds left.
|
|t:|1668160227
|start
|switch|p1a: 깜까미|Sableye, F|100/100
|switch|p2a: Xerneas|Xerneas, shiny|100/100
|-ability|p2a: Xerneas|Fairy Aura
|turn|1
|
|t:|1668160237
|switch|p1a: 럭키|Chansey, F|100/100
|move|p2a: Xerneas|Geomancy||[still]
|-prepare|p2a: Xerneas|Geomancy
|-enditem|p2a: Xerneas|Power Herb
|-anim|p2a: Xerneas|Geomancy|p2a: Xerneas
|-boost|p2a: Xerneas|spa|2
|-boost|p2a: Xerneas|spd|2
|-boost|p2a: Xerneas|spe|2
|
|upkeep
|turn|2
|
|t:|1668160240
|move|p2a: Xerneas|Psyshock|p1a: 럭키
|-damage|p1a: 럭키|63/100
|move|p1a: 럭키|Wish|p1a: 럭키
|
|upkeep
|turn|3
|
|t:|1668160265
|move|p2a: Xerneas|Geomancy||[still]
|-prepare|p2a: Xerneas|Geomancy
|move|p1a: 럭키|Toxic|p2a: Xerneas
|-status|p2a: Xerneas|tox
|
|-heal|p1a: 럭키|100/100|[from] move: Wish|[wisher] 럭키
|-damage|p2a: Xerneas|94/100 tox|[from] psn
|upkeep
|turn|4
|
|t:|1668160271
|move|p2a: Xerneas|Geomancy|p2a: Xerneas|[from]lockedmove
|-boost|p2a: Xerneas|spa|2
|-boost|p2a: Xerneas|spd|2
|-boost|p2a: Xerneas|spe|2
|move|p1a: 럭키|Seismic Toss|p2a: Xerneas
|-damage|p2a: Xerneas|72/100 tox
|
|-damage|p2a: Xerneas|60/100 tox|[from] psn
|upkeep
|turn|5
|
|t:|1668160274
|move|p1a: 럭키|Protect|p1a: 럭키
|-singleturn|p1a: 럭키|Protect
|move|p2a: Xerneas|Draining Kiss|p1a: 럭키
|-activate|p1a: 럭키|move: Protect
|
|-damage|p2a: Xerneas|42/100 tox|[from] psn
|upkeep
|turn|6
|
|t:|1668160278
|move|p2a: Xerneas|Psyshock|p1a: 럭키
|-damage|p1a: 럭키|37/100
|move|p1a: 럭키|Wish|p1a: 럭키
|
|-damage|p2a: Xerneas|17/100 tox|[from] psn
|upkeep
|turn|7
|
|t:|1668160295
|move|p1a: 럭키|Protect|p1a: 럭키
|-singleturn|p1a: 럭키|Protect
|move|p2a: Xerneas|Draining Kiss|p1a: 럭키
|-activate|p1a: 럭키|move: Protect
|
|-heal|p1a: 럭키|87/100|[from] move: Wish|[wisher] 럭키
|-damage|p2a: Xerneas|0 fnt|[from] psn
|faint|p2a: Xerneas
|upkeep
|
|t:|1668160309
|switch|p2a: Necrozma|Necrozma-Dusk-Mane|100/100
|turn|8
|
|t:|1668160322
|switch|p1a: 깜까미|Sableye, F|100/100
|move|p2a: Necrozma|Stealth Rock|p1a: 깜까미
|-sidestart|p1: kasak|move: Stealth Rock
|
|upkeep
|turn|9
|
|t:|1668160327
|switch|p2a: Kyogre|Kyogre|100/100
|detailschange|p2a: Kyogre|Kyogre-Primal
|-primal|p2a: Kyogre
|-weather|PrimordialSea|[from] ability: Primordial Sea|[of] p2a: Kyogre
|move|p1a: 깜까미|Encore||[still]
|-fail|p1a: 깜까미
|
|-weather|PrimordialSea|[upkeep]
|upkeep
|turn|10
|
|t:|1668160331
|switch|p1a: 그란돈|Groudon|100/100
|-damage|p1a: 그란돈|94/100|[from] Stealth Rock
|detailschange|p1a: 그란돈|Groudon-Primal
|-primal|p1a: 그란돈
|-weather|DesolateLand|[from] ability: Desolate Land|[of] p1a: 그란돈
|move|p2a: Kyogre|Ice Beam|p1a: 그란돈
|-damage|p1a: 그란돈|60/100
|
|-weather|DesolateLand|[upkeep]
|upkeep
|turn|11
|
|t:|1668160337
|-weather|none
|switch|p1a: 럭키|Chansey, F|87/100
|-damage|p1a: 럭키|74/100|[from] Stealth Rock
|move|p2a: Kyogre|Ice Beam|p1a: 럭키
|-damage|p1a: 럭키|62/100
|
|upkeep
|turn|12
|
|t:|1668160340
|move|p2a: Kyogre|Water Spout|p1a: 럭키
|-damage|p1a: 럭키|31/100
|move|p1a: 럭키|Wish|p1a: 럭키
|
|upkeep
|turn|13
|
|t:|1668160366
|switch|p2a: Arceus|Arceus-Steel|100/100
|move|p1a: 럭키|Protect||[still]
|-fail|p1a: 럭키
|
|-heal|p1a: 럭키|81/100|[from] move: Wish|[wisher] 럭키
|upkeep
|turn|14
|j| zsl 血翼飞龙 403938
|
|t:|1668160369
|move|p2a: Arceus|Calm Mind|p2a: Arceus
|-boost|p2a: Arceus|spa|1
|-boost|p2a: Arceus|spd|1
|move|p1a: 럭키|Wish|p1a: 럭키
|
|upkeep
|turn|15
|
|t:|1668160375
|switch|p1a: 그란돈|Groudon-Primal|60/100
|-damage|p1a: 그란돈|48/100|[from] Stealth Rock
|-weather|DesolateLand|[from] ability: Desolate Land|[of] p1a: 그란돈
|move|p2a: Arceus|Judgment|p1a: 그란돈
|-resisted|p1a: 그란돈
|-damage|p1a: 그란돈|17/100
|
|-weather|DesolateLand|[upkeep]
|-heal|p1a: 그란돈|100/100|[from] move: Wish|[wisher] 럭키
|upkeep
|turn|16
|
|t:|1668160384
|-start|p2a: Arceus|Dynamax|
|-heal|p2a: Arceus|100/100|[silent]
|move|p2a: Arceus|Max Steelspike|p1a: 그란돈
|-resisted|p1a: 그란돈
|-damage|p1a: 그란돈|58/100
|-boost|p2a: Arceus|def|1
|move|p1a: 그란돈|Precipice Blades|p2a: Arceus
|-supereffective|p2a: Arceus
|-damage|p2a: Arceus|65/100
|
|-weather|DesolateLand|[upkeep]
|upkeep
|turn|17
|
|t:|1668160389
|-weather|none
|switch|p1a: 럭키|Chansey, F|81/100
|-damage|p1a: 럭키|69/100|[from] Stealth Rock
|move|p2a: Arceus|Max Steelspike|p1a: 럭키
|-damage|p1a: 럭키|44/100
|-boost|p2a: Arceus|def|1
|
|upkeep
|turn|18
|
|t:|1668160393
|move|p2a: Arceus|Max Steelspike|p1a: 럭키
|-damage|p1a: 럭키|19/100
|-boost|p2a: Arceus|def|1
|move|p1a: 럭키|Wish|p1a: 럭키
|
|upkeep
|-end|p2a: Arceus|Dynamax
|-heal|p2a: Arceus|65/100|[silent]
|turn|19
|
|t:|1668160398
|move|p2a: Arceus|Calm Mind|p2a: Arceus
|-boost|p2a: Arceus|spa|1
|-boost|p2a: Arceus|spd|1
|move|p1a: 럭키|Seismic Toss|p2a: Arceus
|-damage|p2a: Arceus|43/100
|
|-heal|p1a: 럭키|69/100|[from] move: Wish|[wisher] 럭키
|upkeep
|turn|20
|
|t:|1668160402
|move|p2a: Arceus|Calm Mind|p2a: Arceus
|-boost|p2a: Arceus|spa|1
|-boost|p2a: Arceus|spd|1
|move|p1a: 럭키|Wish|p1a: 럭키
|
|upkeep
|turn|21
|
|t:|1668160412
|switch|p1a: 깜까미|Sableye, F|100/100
|-damage|p1a: 깜까미|88/100|[from] Stealth Rock
|move|p2a: Arceus|Judgment|p1a: 깜까미
|-damage|p1a: 깜까미|0 fnt
|faint|p1a: 깜까미
|
|upkeep
|
|t:|1668160416
|switch|p1a: 그란돈|Groudon-Primal|58/100
|-damage|p1a: 그란돈|46/100|[from] Stealth Rock
|-weather|DesolateLand|[from] ability: Desolate Land|[of] p1a: 그란돈
|turn|22
|
|t:|1668160419
|move|p2a: Arceus|Recover|p2a: Arceus
|-heal|p2a: Arceus|93/100
|move|p1a: 그란돈|Fire Punch|p2a: Arceus
|-supereffective|p2a: Arceus
|-damage|p2a: Arceus|49/100
|
|-weather|DesolateLand|[upkeep]
|upkeep
|turn|23
|
|t:|1668160432
|move|p2a: Arceus|Judgment|p1a: 그란돈
|-resisted|p1a: 그란돈
|-damage|p1a: 그란돈|0 fnt
|faint|p1a: 그란돈
|-weather|none
|
|upkeep
|
|t:|1668160438
|switch|p1a: 메타몽|Ditto|100/100
|-damage|p1a: 메타몽|88/100|[from] Stealth Rock
|-transform|p1a: 메타몽|p2a: Arceus|[from] ability: Imposter
|turn|24
|
|t:|1668160444
|-start|p1a: 메타몽|Dynamax|
|-heal|p1a: 메타몽|88/100|[silent]
|move|p2a: Arceus|Recover|p2a: Arceus
|-heal|p2a: Arceus|99/100
|move|p1a: 메타몽|Max Geyser|p2a: Arceus
|-damage|p2a: Arceus|75/100
|-weather|RainDance
|
|-weather|RainDance|[upkeep]
|upkeep
|turn|25
|
|t:|1668160449
|move|p1a: 메타몽|Max Geyser|p2a: Arceus
|-damage|p2a: Arceus|42/100
|move|p2a: Arceus|Calm Mind|p2a: Arceus
|-boost|p2a: Arceus|spa|1
|-boost|p2a: Arceus|spd|1
|
|-weather|RainDance|[upkeep]
|upkeep
|turn|26
|-message|kasak forfeited.
|
|win|Defensive0
|raw|kasak's rating: 1758 &rarr; <strong>1749</strong><br />(-9 for losing)
|raw|Defensive0's rating: 1974 &rarr; <strong>1983</strong><br />(+9 for winning)
|l|☆kasak
|l| zsl 血翼飞龙 403938
