|j|☆iroeweuio
|j|☆Matsui_Miyako
|t:|1662925872
|gametype|singles
|player|p1|iroeweuio|2|1663
|player|p2|Matsui_Miyako|allister|1700
|teamsize|p1|6
|teamsize|p2|6
|gen|8
|tier|[Gen 8] National Dex AG
|rated|
|rule|HP Percentage Mod: HP is shown in percentages
|rule|Endless Battle Clause: Forcing endless battles is banned
|clearpoke
|poke|p1|Chatot, M|
|poke|p1|Weavile, M|
|poke|p1|Giratina-Origin|
|poke|p1|Ditto|
|poke|p1|Breloom, F|
|poke|p1|Wobbuffet, F|
|poke|p2|Yveltal|
|poke|p2|Deoxys-Attack|
|poke|p2|Marshadow|
|poke|p2|Arceus-*|
|poke|p2|Calyrex-Shadow|
|poke|p2|Arceus-*|
|teampreview
|inactive|Battle timer is ON: inactive players will automatically lose when time's up. (requested by iroeweuio)
|
|t:|1662925931
|start
|switch|p1a: Ditto|Ditto|100/100
|switch|p2a: Deoxys|Deoxys-Attack|100/100
|-ability|p2a: Deoxys|Pressure
|-transform|p1a: Ditto|p2a: Deoxys|[from] ability: Imposter
|-ability|p1a: Ditto|Pressure
|turn|1
|
|t:|1662925936
|move|p1a: Ditto|Stealth Rock|p2a: Deoxys
|-sidestart|p2: Matsui_Miyako|move: Stealth Rock
|move|p2a: Deoxys|Knock Off|p1a: Ditto
|-supereffective|p1a: Ditto
|-damage|p1a: Ditto|0 fnt
|-enditem|p1a: Ditto|Choice Scarf|[from] move: Knock Off|[of] p2a: Deoxys
|faint|p1a: Ditto
|
|upkeep
|
|t:|1662925939
|switch|p1a: Breloom|Breloom, F|100/100
|turn|2
|
|t:|1662925947
|-singleturn|p1a: Breloom|move: Focus Punch
|move|p2a: Deoxys|Knock Off|p1a: Breloom
|-resisted|p1a: Breloom
|-damage|p1a: Breloom|68/100
|-enditem|p1a: Breloom|Toxic Orb|[from] move: Knock Off|[of] p2a: Deoxys
|cant|p1a: Breloom|Focus Punch|Focus Punch
|
|upkeep
|turn|3
|
|t:|1662925956
|move|p2a: Deoxys|Extreme Speed|p1a: Breloom
|-damage|p1a: Breloom|11/100
|move|p1a: Breloom|Feint|p2a: Deoxys
|-damage|p2a: Deoxys|54/100
|
|upkeep
|turn|4
|
|t:|1662925962
|move|p2a: Deoxys|Extreme Speed|p1a: Breloom
|-damage|p1a: Breloom|0 fnt
|faint|p1a: Breloom
|
|upkeep
|
|t:|1662925968
|switch|p1a: Giratina|Giratina-Origin|100/100
|turn|5
|
|t:|1662925972
|-start|p1a: Giratina|Dynamax|
|-heal|p1a: Giratina|100/100|[silent]
|move|p2a: Deoxys|Knock Off|p1a: Giratina
|-supereffective|p1a: Giratina
|-damage|p1a: Giratina|77/100
|move|p1a: Giratina|Max Airstream|p2a: Deoxys
|-crit|p2a: Deoxys
|-damage|p2a: Deoxys|0 fnt
|-boost|p1a: Giratina|spe|1
|faint|p2a: Deoxys
|
|upkeep
|j| Vacuum1234
|
|t:|1662925987
|switch|p2a: Titã|Arceus-Ground|100/100
|-damage|p2a: Titã|94/100|[from] Stealth Rock
|turn|6
|
|t:|1662925995
|move|p1a: Giratina|Max Phantasm|p2a: Titã
|-damage|p2a: Titã|26/100
|-unboost|p2a: Titã|def|1
|move|p2a: Titã|Ice Beam|p1a: Giratina
|-supereffective|p1a: Giratina
|-damage|p1a: Giratina|51/100
|
|upkeep
|turn|7
|
|t:|1662926002
|move|p1a: Giratina|Max Airstream|p2a: Titã
|-damage|p2a: Titã|0 fnt
|-boost|p1a: Giratina|spe|1
|faint|p2a: Titã
|
|upkeep
|
|t:|1662926006
|switch|p2a: Cavaleiro Fantasma|Calyrex-Shadow|100/100
|-ability|p2a: Cavaleiro Fantasma|As One
|-ability|p2a: Cavaleiro Fantasma|Unnerve
|-damage|p2a: Cavaleiro Fantasma|88/100|[from] Stealth Rock
|-end|p1a: Giratina|Dynamax
|-heal|p1a: Giratina|51/100|[silent]
|turn|8
|
|t:|1662926014
|move|p1a: Giratina|Shadow Force||[still]
|-prepare|p1a: Giratina|Shadow Force
|move|p2a: Cavaleiro Fantasma|Astral Barrage|p1a: Giratina|[miss]
|-miss|p2a: Cavaleiro Fantasma|p1a: Giratina
|
|upkeep
|turn|9
|
|t:|1662926018
|switch|p2a: Deus|Arceus|100/100
|-damage|p2a: Deus|88/100|[from] Stealth Rock
|move|p1a: Giratina|Shadow Force|p2a: Deus|[from]lockedmove
|-immune|p2a: Deus
|
|-heal|p2a: Deus|94/100|[from] item: Leftovers
|upkeep
|turn|10
|
|t:|1662926022
|move|p2a: Deus|Shadow Claw|p1a: Giratina
|-supereffective|p1a: Giratina
|-damage|p1a: Giratina|8/100
|move|p1a: Giratina|Dragon Tail|p2a: Deus|[miss]
|-miss|p1a: Giratina|p2a: Deus
|
|-heal|p2a: Deus|99/100|[from] item: Leftovers
|upkeep
|turn|11
|
|t:|1662926029
|move|p1a: Giratina|Destiny Bond|p1a: Giratina
|-singlemove|p1a: Giratina|Destiny Bond
|move|p2a: Deus|Shadow Claw|p1a: Giratina
|-supereffective|p1a: Giratina
|-damage|p1a: Giratina|0 fnt
|faint|p1a: Giratina
|-activate|p1a: Giratina|move: Destiny Bond
|faint|p2a: Deus
|
|upkeep
|
|t:|1662926035
|switch|p2a: Sombra|Marshadow|100/100
|switch|p1a: Weavile|Weavile, M|100/100
|-ability|p1a: Weavile|Pressure
|-damage|p2a: Sombra|94/100|[from] Stealth Rock
|turn|12
|
|t:|1662926039
|move|p1a: Weavile|Assist|p1a: Weavile
|move|p1a: Weavile|Spore|p2a: Sombra|[from]move: Assist
|-status|p2a: Sombra|slp|[from] move: Spore
|cant|p2a: Sombra|slp
|
|upkeep
|turn|13
|
|t:|1662926043
|move|p1a: Weavile|Substitute|p1a: Weavile
|-start|p1a: Weavile|Substitute
|-damage|p1a: Weavile|76/100
|cant|p2a: Sombra|slp
|
|-heal|p1a: Weavile|82/100|[from] item: Leftovers
|upkeep
|turn|14
|
|t:|1662926046
|move|p1a: Weavile|Triple Axel|p2a: Sombra
|-damage|p2a: Sombra|81/100 slp
|-damage|p2a: Sombra|54/100 slp
|-damage|p2a: Sombra|20/100 slp
|-hitcount|p2a: Sombra|3
|-curestatus|p2a: Sombra|slp|[msg]
|move|p2a: Sombra|Close Combat|p1a: Weavile
|-supereffective|p1a: Weavile
|-end|p1a: Weavile|Substitute
|-unboost|p2a: Sombra|def|1
|-unboost|p2a: Sombra|spd|1
|
|-heal|p1a: Weavile|88/100|[from] item: Leftovers
|upkeep
|turn|15
|
|t:|1662926057
|move|p2a: Sombra|Shadow Sneak|p1a: Weavile
|-resisted|p1a: Weavile
|-damage|p1a: Weavile|59/100
|move|p1a: Weavile|Assist|p1a: Weavile
|move|p1a: Weavile|Spore|p2a: Sombra|[from]move: Assist
|-status|p2a: Sombra|slp|[from] move: Spore
|
|-heal|p1a: Weavile|65/100|[from] item: Leftovers
|upkeep
|turn|16
|
|t:|1662926063
|move|p1a: Weavile|Substitute|p1a: Weavile
|-start|p1a: Weavile|Substitute
|-damage|p1a: Weavile|40/100
|cant|p2a: Sombra|slp
|
|-heal|p1a: Weavile|46/100|[from] item: Leftovers
|upkeep
|turn|17
|
|t:|1662926066
|cant|p2a: Sombra|slp
|move|p1a: Weavile|Triple Axel|p2a: Sombra
|-damage|p2a: Sombra|0 fnt
|faint|p2a: Sombra
|-hitcount|p2: Sombra|1
|
|-heal|p1a: Weavile|52/100|[from] item: Leftovers
|upkeep
|
|t:|1662926071
|switch|p2a: Cavaleiro Fantasma|Calyrex-Shadow|88/100
|-ability|p2a: Cavaleiro Fantasma|As One
|-ability|p2a: Cavaleiro Fantasma|Unnerve
|-damage|p2a: Cavaleiro Fantasma|76/100|[from] Stealth Rock
|turn|18
|
|t:|1662926077
|move|p2a: Cavaleiro Fantasma|Draining Kiss|p1a: Weavile
|-supereffective|p1a: Weavile
|-end|p1a: Weavile|Substitute
|-heal|p2a: Cavaleiro Fantasma|91/100|[from] drain|[of] p1a: Weavile
|move|p1a: Weavile|Triple Axel|p2a: Cavaleiro Fantasma
|-damage|p2a: Cavaleiro Fantasma|81/100
|-damage|p2a: Cavaleiro Fantasma|56/100
|-damage|p2a: Cavaleiro Fantasma|22/100
|-hitcount|p2a: Cavaleiro Fantasma|3
|
|-heal|p1a: Weavile|58/100|[from] item: Leftovers
|upkeep
|turn|19
|
|t:|1662926085
|move|p2a: Cavaleiro Fantasma|Draining Kiss|p1a: Weavile
|-supereffective|p1a: Weavile
|-damage|p1a: Weavile|0 fnt
|-heal|p2a: Cavaleiro Fantasma|58/100|[from] drain|[of] p1a: Weavile
|faint|p1a: Weavile
|-ability|p2a: Cavaleiro Fantasma|Grim Neigh|boost
|-boost|p2a: Cavaleiro Fantasma|spa|1
|
|upkeep
|
|t:|1662926089
|switch|p1a: Wobbuffet|Wobbuffet, F|100/100
|turn|20
|
|t:|1662926092
|move|p2a: Cavaleiro Fantasma|Draining Kiss|p1a: Wobbuffet
|-damage|p1a: Wobbuffet|81/100
|-heal|p2a: Cavaleiro Fantasma|83/100|[from] drain|[of] p1a: Wobbuffet
|move|p1a: Wobbuffet|Mirror Coat|p2a: Cavaleiro Fantasma
|-damage|p2a: Cavaleiro Fantasma|16/100
|
|upkeep
|turn|21
|
|t:|1662926095
|move|p2a: Cavaleiro Fantasma|Draining Kiss|p1a: Wobbuffet
|-damage|p1a: Wobbuffet|60/100
|-heal|p2a: Cavaleiro Fantasma|43/100|[from] drain|[of] p1a: Wobbuffet
|move|p1a: Wobbuffet|Mirror Coat|p2a: Cavaleiro Fantasma
|-damage|p2a: Cavaleiro Fantasma|0 fnt
|faint|p2a: Cavaleiro Fantasma
|
|upkeep
|
|t:|1662926100
|switch|p2a: Pássaro das Trevas|Yveltal|100/100
|-damage|p2a: Pássaro das Trevas|76/100|[from] Stealth Rock
|-ability|p2a: Pássaro das Trevas|Dark Aura
|turn|22
|
|t:|1662926103
|move|p2a: Pássaro das Trevas|Dark Pulse|p1a: Wobbuffet
|-supereffective|p1a: Wobbuffet
|-damage|p1a: Wobbuffet|0 fnt
|faint|p1a: Wobbuffet
|
|upkeep
|
|t:|1662926105
|switch|p1a: Chatot|Chatot, M|100/100
|turn|23
|
|t:|1662926110
|move|p1a: Chatot|Chatter|p2a: Pássaro das Trevas
|-damage|p2a: Pássaro das Trevas|47/100
|-start|p2a: Pássaro das Trevas|confusion
|-activate|p2a: Pássaro das Trevas|confusion
|move|p2a: Pássaro das Trevas|Dark Pulse|p1a: Chatot
|-damage|p1a: Chatot|0 fnt
|faint|p1a: Chatot
|
|win|Matsui_Miyako
|raw|iroeweuio's rating: 1663 &rarr; <strong>1645</strong><br />(-18 for losing)
|raw|Matsui_Miyako's rating: 1700 &rarr; <strong>1718</strong><br />(+18 for winning)
|l|☆iroeweuio
|l| Vacuum1234
||Ladder isn't responding, score probably updated but might not have (Request timeout).
