|j|☆OnMaWa
|j|☆Gen8WasAMistake
|player|p1|OnMaWa|psychic-gen4|1770
|player|p2|Gen8WasAMistake|blue-gen2|1692
|teamsize|p1|6
|teamsize|p2|6
|gametype|singles
|gen|8
|tier|[Gen 8] National Dex AG
|rated|
|clearpoke
|poke|p1|Arceus-*|
|poke|p1|Lugia|
|poke|p1|Yveltal|
|poke|p1|Rayquaza|
|poke|p1|Zacian-Crowned|
|poke|p1|Necrozma-Dusk-Mane|
|poke|p2|Deoxys-Speed|
|poke|p2|Rayquaza|
|poke|p2|Yveltal|
|poke|p2|Ditto|
|poke|p2|Zacian-Crowned|
|poke|p2|Arceus-*|
|rule|HP Percentage Mod: HP is shown in percentages
|rule|Endless Battle Clause: Forcing endless battles is banned
|teampreview
|
|start
|switch|p1a: Arceus|Arceus|100/100
|switch|p2a: Deoxys|Deoxys-Speed|100/100
|-ability|p2a: Deoxys|Pressure
|turn|1
|
|move|p1a: Arceus|Extreme Speed|p2a: Deoxys
|-damage|p2a: Deoxys|36/100
|move|p2a: Deoxys|Stealth Rock|p1a: Arceus
|-sidestart|p1: OnMaWa|move: Stealth Rock
|
|upkeep
|turn|2
|
|move|p1a: Arceus|Extreme Speed|p2a: Deoxys
|-damage|p2a: Deoxys|0 fnt
|faint|p2a: Deoxys
|
|upkeep
|
|switch|p2a: Arceus|Arceus-Ghost|100/100
|turn|3
|
|switch|p1a: Zacian|Zacian-Crowned|100/100
|-damage|p1a: Zacian|94/100|[from] Stealth Rock
|-ability|p1a: Zacian|Intrepid Sword|boost
|-boost|p1a: Zacian|atk|1
|move|p2a: Arceus|Swords Dance|p2a: Arceus
|-boost|p2a: Arceus|atk|2
|
|upkeep
|turn|4
|
|move|p1a: Zacian|Behemoth Blade|p2a: Arceus
|-damage|p2a: Arceus|22/100
|move|p2a: Arceus|Shadow Force||[still]
|-prepare|p2a: Arceus|Shadow Force|p1a: Zacian
|
|upkeep
|turn|5
|
|switch|p1a: Arceus|Arceus|100/100
|-damage|p1a: Arceus|88/100|[from] Stealth Rock
|move|p2a: Arceus|Shadow Force|p1a: Arceus|[from]lockedmove
|-immune|p1a: Arceus
|
|upkeep
|turn|6
|
|move|p2a: Arceus|Brick Break|p1a: Arceus
|-supereffective|p1a: Arceus
|-damage|p1a: Arceus|11/100
|move|p1a: Arceus|Earthquake|p2a: Arceus
|-damage|p2a: Arceus|0 fnt
|faint|p2a: Arceus
|
|upkeep
|
|switch|p2a: Zacian|Zacian-Crowned|100/100
|-ability|p2a: Zacian|Intrepid Sword|boost
|-boost|p2a: Zacian|atk|1
|turn|7
|
|switch|p1a: Lugia|Lugia|100/100
|move|p2a: Zacian|Behemoth Blade|p1a: Lugia
|-damage|p1a: Lugia|77/100
|
|upkeep
|turn|8
|
|move|p2a: Zacian|Wild Charge|p1a: Lugia
|-supereffective|p1a: Lugia
|-damage|p1a: Lugia|20/100
|-damage|p2a: Zacian|82/100|[from] Recoil
|move|p1a: Lugia|Thunder Wave|p2a: Zacian
|-status|p2a: Zacian|par
|
|upkeep
|turn|9
|
|move|p1a: Lugia|Roost|p1a: Lugia
|-heal|p1a: Lugia|70/100
|-singleturn|p1a: Lugia|move: Roost
|move|p2a: Zacian|Behemoth Blade|p1a: Lugia
|-damage|p1a: Lugia|19/100
|
|upkeep
|turn|10
|
|switch|p2a: Yveltal|Yveltal|100/100
|-ability|p2a: Yveltal|Dark Aura
|move|p1a: Lugia|Roost|p1a: Lugia
|-heal|p1a: Lugia|69/100
|-singleturn|p1a: Lugia|move: Roost
|
|upkeep
|turn|11
|
|switch|p1a: Zacian|Zacian-Crowned|94/100
|-damage|p1a: Zacian|88/100|[from] Stealth Rock
|-ability|p1a: Zacian|Intrepid Sword|boost
|-boost|p1a: Zacian|atk|1
|move|p2a: Yveltal|Dark Pulse|p1a: Zacian
|-resisted|p1a: Zacian
|-damage|p1a: Zacian|51/100
|-damage|p2a: Yveltal|91/100|[from] item: Life Orb
|
|upkeep
|turn|12
|
|switch|p2a: Zacian|Zacian-Crowned|82/100 par
|-ability|p2a: Zacian|Intrepid Sword|boost
|-boost|p2a: Zacian|atk|1
|move|p1a: Zacian|Close Combat|p2a: Zacian
|-damage|p2a: Zacian|15/100 par
|-unboost|p1a: Zacian|def|1
|-unboost|p1a: Zacian|spd|1
|
|upkeep
|turn|13
|
|switch|p1a: Lugia|Lugia|69/100
|move|p2a: Zacian|Substitute|p2a: Zacian
|-fail|p2a: Zacian|move: Substitute|[weak]
|
|upkeep
|turn|14
|
|switch|p2a: Yveltal|Yveltal|91/100
|-ability|p2a: Yveltal|Dark Aura
|move|p1a: Lugia|Roost|p1a: Lugia
|-heal|p1a: Lugia|100/100
|-singleturn|p1a: Lugia|move: Roost
|
|upkeep
|turn|15
|
|move|p2a: Yveltal|Taunt|p1a: Lugia
|-start|p1a: Lugia|move: Taunt
|cant|p1a: Lugia|move: Taunt|Thunder Wave
|
|upkeep
|turn|16
|
|switch|p1a: Zacian|Zacian-Crowned|51/100
|-damage|p1a: Zacian|45/100|[from] Stealth Rock
|-ability|p1a: Zacian|Intrepid Sword|boost
|-boost|p1a: Zacian|atk|1
|move|p2a: Yveltal|Dark Pulse|p1a: Zacian
|-resisted|p1a: Zacian
|-damage|p1a: Zacian|5/100
|-damage|p2a: Yveltal|81/100|[from] item: Life Orb
|
|upkeep
|turn|17
|
|switch|p2a: Zacian|Zacian-Crowned|15/100 par
|-ability|p2a: Zacian|Intrepid Sword|boost
|-boost|p2a: Zacian|atk|1
|move|p1a: Zacian|Close Combat|p2a: Zacian
|-damage|p2a: Zacian|0 fnt
|-unboost|p1a: Zacian|def|1
|-unboost|p1a: Zacian|spd|1
|faint|p2a: Zacian
|
|upkeep
|
|switch|p2a: Ditto|Ditto|100/100
|-transform|p2a: Ditto|p1a: Zacian|[from] ability: Imposter
|-ability|p2a: Ditto|Intrepid Sword|boost
|-boost|p2a: Ditto|atk|1
|turn|18
|
|switch|p1a: Lugia|Lugia|100/100
|move|p2a: Ditto|Wild Charge|p1a: Lugia
|-supereffective|p1a: Lugia
|-damage|p1a: Lugia|64/100
|-damage|p2a: Ditto|88/100|[from] Recoil
|
|upkeep
|turn|19
|
|move|p2a: Ditto|Wild Charge|p1a: Lugia
|-supereffective|p1a: Lugia
|-damage|p1a: Lugia|0 fnt
|-damage|p2a: Ditto|66/100|[from] Recoil
|faint|p1a: Lugia
|
|upkeep
|
|switch|p1a: Rayquaza|Rayquaza|100/100
|-damage|p1a: Rayquaza|75/100|[from] Stealth Rock
|-ability|p1a: Rayquaza|Air Lock
|turn|20
|inactive|Battle timer is ON: inactive players will automatically lose when time's up. (requested by Gen8WasAMistake)
|
|detailschange|p1a: Rayquaza|Rayquaza-Mega
|-mega|p1a: Rayquaza|Rayquaza|
|-weather|DeltaStream|[from] ability: Delta Stream|[of] p1a: Rayquaza
|move|p2a: Ditto|Wild Charge|p1a: Rayquaza
|-activate||deltastream
|-resisted|p1a: Rayquaza
|-damage|p1a: Rayquaza|37/100
|-damage|p2a: Ditto|54/100|[from] Recoil
|move|p1a: Rayquaza|Dragon Dance|p1a: Rayquaza
|-boost|p1a: Rayquaza|atk|1
|-boost|p1a: Rayquaza|spe|1
|
|-weather|DeltaStream|[upkeep]
|upkeep
|turn|21
|
|move|p2a: Ditto|Wild Charge|p1a: Rayquaza
|-activate||deltastream
|-resisted|p1a: Rayquaza
|-damage|p1a: Rayquaza|3/100
|-damage|p2a: Ditto|44/100|[from] Recoil
|move|p1a: Rayquaza|Dragon Ascent|p2a: Ditto
|-resisted|p2a: Ditto
|-damage|p2a: Ditto|0 fnt
|-unboost|p1a: Rayquaza|def|1
|-unboost|p1a: Rayquaza|spd|1
|-damage|p1a: Rayquaza|0 fnt|[from] item: Life Orb
|faint|p2a: Ditto
|faint|p1a: Rayquaza
|-weather|none
|
|upkeep
|c|☆Gen8WasAMistake|lol
|
|switch|p1a: Zacian|Zacian-Crowned|5/100
|switch|p2a: Rayquaza|Rayquaza|100/100
|-damage|p1a: Zacian|0 fnt|[from] Stealth Rock
|faint|p1a: Zacian
|-ability|p2a: Rayquaza|Air Lock
|inactive|OnMaWa has 120 seconds left.
|
|switch|p1a: Necrozma|Necrozma-Dusk-Mane|100/100
|-damage|p1a: Necrozma|94/100|[from] Stealth Rock
|turn|22
|inactive|OnMaWa has 120 seconds left.
|
|detailschange|p2a: Rayquaza|Rayquaza-Mega
|-mega|p2a: Rayquaza|Rayquaza|
|-weather|DeltaStream|[from] ability: Delta Stream|[of] p2a: Rayquaza
|detailschange|p1a: Necrozma|Necrozma-Ultra
|-burst|p1a: Necrozma|Necrozma|Ultranecrozium Z
|move|p2a: Rayquaza|Earthquake|p1a: Necrozma
|-damage|p1a: Necrozma|39/100
|-damage|p2a: Rayquaza|91/100|[from] item: Life Orb
|move|p1a: Necrozma|Photon Geyser|p2a: Rayquaza
|-damage|p2a: Rayquaza|20/100
|
|-weather|DeltaStream|[upkeep]
|upkeep
|turn|23
|inactive|OnMaWa has 120 seconds left.
|
|move|p2a: Rayquaza|Extreme Speed|p1a: Necrozma
|-damage|p1a: Necrozma|0 fnt
|-damage|p2a: Rayquaza|10/100|[from] item: Life Orb
|faint|p1a: Necrozma
|
|-weather|DeltaStream|[upkeep]
|upkeep
|
|switch|p1a: Arceus|Arceus|11/100
|-damage|p1a: Arceus|0 fnt|[from] Stealth Rock
|faint|p1a: Arceus
|
|switch|p1a: Yveltal|Yveltal, shiny|100/100
|-damage|p1a: Yveltal|76/100|[from] Stealth Rock
|-ability|p1a: Yveltal|Dark Aura
|turn|24
|
|-start|p1a: Yveltal|Dynamax
|-heal|p1a: Yveltal|76/100|[silent]
|move|p2a: Rayquaza|Dragon Ascent|p1a: Yveltal
|-damage|p1a: Yveltal|21/100
|-unboost|p2a: Rayquaza|def|1
|-unboost|p2a: Rayquaza|spd|1
|-damage|p2a: Rayquaza|0 fnt|[from] item: Life Orb
|faint|p2a: Rayquaza
|-weather|none
|move|p1a: Yveltal|Max Airstream|p2: Rayquaza|[notarget]
|-fail|p1a: Yveltal
|
|upkeep
|
|switch|p2a: Yveltal|Yveltal|81/100
|-ability|p2a: Yveltal|Dark Aura
|turn|25
|c|☆Gen8WasAMistake|gg
|inactive|OnMaWa has 120 seconds left.
|
|-start|p2a: Yveltal|Dynamax
|-heal|p2a: Yveltal|81/100|[silent]
|move|p2a: Yveltal|Max Airstream|p1a: Yveltal
|-damage|p1a: Yveltal|0 fnt
|-boost|p2a: Yveltal|spe|1
|-damage|p2a: Yveltal|76/100|[from] item: Life Orb
|faint|p1a: Yveltal
|
|win|Gen8WasAMistake
|raw|OnMaWa's rating: 1770 &rarr; <strong>1746</strong><br />(-24 for losing)
|raw|Gen8WasAMistake's rating: 1692 &rarr; <strong>1717</strong><br />(+25 for winning)
|l|☆OnMaWa
|l|☆Gen8WasAMistake
|j|☆Gen8WasAMistake
|player|p2|Gen8WasAMistake|blue-gen2
