|j|☆Reincarnation of .
|j|☆pologizephichi
|t:|1668583558
|gametype|singles
|player|p1|Reincarnation of .|blue-gen3two|1832
|player|p2|pologizephichi|volkner|1700
|teamsize|p1|6
|teamsize|p2|6
|gen|8
|tier|[Gen 8] National Dex AG
|rated|
|rule|HP Percentage Mod: HP is shown in percentages
|rule|Endless Battle Clause: Forcing endless battles is banned
|clearpoke
|poke|p1|Arceus-*|
|poke|p1|Ditto|
|poke|p1|Necrozma-Dusk-Mane|
|poke|p1|Rayquaza|
|poke|p1|Arceus-*|
|poke|p1|Arceus-*|
|poke|p2|Zacian-*|
|poke|p2|Rayquaza|
|poke|p2|Ditto|
|poke|p2|Groudon|
|poke|p2|Xerneas-*|
|poke|p2|Lugia|
|teampreview
|inactive|Battle timer is ON: inactive players will automatically lose when time's up. (requested by pologizephichi)
|inactive|Reincarnation of . also wants the timer to be on.
|
|t:|1668583566
|start
|switch|p1a: 🐉|Rayquaza|100/100
|switch|p2a: Groudon|Groudon, shiny|100/100
|-ability|p1a: 🐉|Air Lock
|detailschange|p2a: Groudon|Groudon-Primal, shiny
|-primal|p2a: Groudon
|-weather|DesolateLand|[from] ability: Desolate Land|[of] p2a: Groudon
|turn|1
|
|t:|1668583577
|detailschange|p1a: 🐉|Rayquaza-Mega
|-mega|p1a: 🐉|Rayquaza|
|-weather|DeltaStream|[from] ability: Delta Stream|[of] p1a: 🐉
|move|p1a: 🐉|Dragon Dance|p1a: 🐉
|-boost|p1a: 🐉|atk|1
|-boost|p1a: 🐉|spe|1
|move|p2a: Groudon|Stealth Rock|p1a: 🐉
|-sidestart|p1: Reincarnation of .|move: Stealth Rock
|
|-weather|DeltaStream|[upkeep]
|upkeep
|turn|2
|
|t:|1668583584
|move|p1a: 🐉|Earthquake|p2a: Groudon
|-supereffective|p2a: Groudon
|-damage|p2a: Groudon|24/100
|move|p2a: Groudon|Roar|p1a: 🐉
|-weather|none
|drag|p1a: 💗|Arceus-Fairy|100/100
|-damage|p1a: 💗|88/100|[from] Stealth Rock
|
|upkeep
|turn|3
|
|t:|1668583592
|move|p1a: 💗|Stealth Rock|p2a: Groudon
|-sidestart|p2: pologizephichi|move: Stealth Rock
|move|p2a: Groudon|Precipice Blades|p1a: 💗
|-damage|p1a: 💗|32/100
|
|upkeep
|turn|4
|
|t:|1668583597
|move|p1a: 💗|Recover|p1a: 💗
|-heal|p1a: 💗|82/100
|move|p2a: Groudon|Precipice Blades|p1a: 💗
|-damage|p1a: 💗|28/100
|
|upkeep
|turn|5
|
|t:|1668583605
|move|p1a: 💗|Recover|p1a: 💗
|-heal|p1a: 💗|78/100
|move|p2a: Groudon|Roar|p1a: 💗
|drag|p1a: 👑|Arceus|100/100
|-damage|p1a: 👑|88/100|[from] Stealth Rock
|
|upkeep
|turn|6
|
|t:|1668583612
|move|p1a: 👑|Extreme Speed|p2a: Groudon
|-damage|p2a: Groudon|1/100
|move|p2a: Groudon|Stone Edge|p1a: 👑
|-damage|p1a: 👑|57/100
|
|upkeep
|turn|7
|
|t:|1668583618
|move|p1a: 👑|Recover|p1a: 👑
|-heal|p1a: 👑|100/100
|move|p2a: Groudon|Precipice Blades|p1a: 👑
|-damage|p1a: 👑|45/100
|
|upkeep
|turn|8
|
|t:|1668583624
|move|p1a: 👑|Recover|p1a: 👑
|-heal|p1a: 👑|95/100
|move|p2a: Groudon|Roar|p1a: 👑
|drag|p1a: 💗|Arceus-Fairy|78/100
|-damage|p1a: 💗|66/100|[from] Stealth Rock
|
|upkeep
|turn|9
|
|t:|1668583630
|move|p1a: 💗|Judgment|p2a: Groudon
|-resisted|p2a: Groudon
|-damage|p2a: Groudon|0 fnt
|faint|p2a: Groudon
|
|upkeep
|
|t:|1668583639
|switch|p2a: Xerneas|Xerneas, shiny|100/100
|-damage|p2a: Xerneas|88/100|[from] Stealth Rock
|-ability|p2a: Xerneas|Fairy Aura
|turn|10
|
|t:|1668583645
|move|p1a: 💗|Judgment|p2a: Xerneas
|-damage|p2a: Xerneas|34/100
|move|p2a: Xerneas|Geomancy||[still]
|-prepare|p2a: Xerneas|Geomancy
|-enditem|p2a: Xerneas|Power Herb
|-anim|p2a: Xerneas|Geomancy|p2a: Xerneas
|-boost|p2a: Xerneas|spa|2
|-boost|p2a: Xerneas|spd|2
|-boost|p2a: Xerneas|spe|2
|
|upkeep
|turn|11
|
|t:|1668583656
|move|p2a: Xerneas|Moonblast|p1a: 💗
|-damage|p1a: 💗|1/100
|-unboost|p1a: 💗|spa|1
|move|p1a: 💗|Judgment|p2a: Xerneas
|-damage|p2a: Xerneas|13/100
|
|upkeep
|turn|12
|
|t:|1668583664
|move|p2a: Xerneas|Moonblast|p1a: 💗
|-damage|p1a: 💗|0 fnt
|faint|p1a: 💗
|
|upkeep
|
|t:|1668583670
|switch|p1a: Kriti Sanon💋|Ditto|100/100
|-damage|p1a: Kriti Sanon💋|88/100|[from] Stealth Rock
|-transform|p1a: Kriti Sanon💋|p2a: Xerneas|[from] ability: Imposter
|-ability|p1a: Kriti Sanon💋|Fairy Aura
|turn|13
|inactive|pologizephichi has 120 seconds left.
|
|t:|1668583701
|-start|p2a: Xerneas|Dynamax|
|-heal|p2a: Xerneas|13/100|[silent]
|move|p2a: Xerneas|Max Guard|p2a: Xerneas
|-singleturn|p2a: Xerneas|Max Guard
|move|p1a: Kriti Sanon💋|Moonblast|p2a: Xerneas
|-activate|p2a: Xerneas|move: Max Guard
|
|upkeep
|turn|14
|
|t:|1668583708
|move|p2a: Xerneas|Max Guard|p2a: Xerneas
|-singleturn|p2a: Xerneas|Max Guard
|move|p1a: Kriti Sanon💋|Moonblast|p2a: Xerneas
|-activate|p2a: Xerneas|move: Max Guard
|
|upkeep
|turn|15
|
|t:|1668583716
|move|p2a: Xerneas|Max Guard||[still]
|-fail|p2a: Xerneas
|move|p1a: Kriti Sanon💋|Moonblast|p2a: Xerneas
|-damage|p2a: Xerneas|0 fnt
|faint|p2a: Xerneas
|
|upkeep
|
|t:|1668583723
|switch|p2a: Lugia|Lugia, shiny|100/100
|turn|16
|
|t:|1668583728
|switch|p1a: 🦁|Necrozma-Dusk-Mane|100/100
|-damage|p1a: 🦁|94/100|[from] Stealth Rock
|move|p2a: Lugia|Toxic|p1a: 🦁
|-immune|p1a: 🦁
|
|upkeep
|turn|17
|
|t:|1668583737
|move|p2a: Lugia|Ice Beam|p1a: 🦁
|-resisted|p1a: 🦁
|-damage|p1a: 🦁|89/100
|move|p1a: 🦁|Dragon Dance|p1a: 🦁
|-boost|p1a: 🦁|atk|1
|-boost|p1a: 🦁|spe|1
|
|upkeep
|turn|18
|
|t:|1668583743
|move|p1a: 🦁|Dragon Dance|p1a: 🦁
|-boost|p1a: 🦁|atk|1
|-boost|p1a: 🦁|spe|1
|move|p2a: Lugia|Ice Beam|p1a: 🦁
|-resisted|p1a: 🦁
|-damage|p1a: 🦁|83/100
|
|upkeep
|turn|19
|
|t:|1668583748
|move|p1a: 🦁|Dragon Dance|p1a: 🦁
|-boost|p1a: 🦁|atk|1
|-boost|p1a: 🦁|spe|1
|move|p2a: Lugia|Ice Beam|p1a: 🦁
|-resisted|p1a: 🦁
|-damage|p1a: 🦁|78/100
|
|upkeep
|turn|20
|
|t:|1668583755
|move|p1a: 🦁|Sunsteel Strike|p2a: Lugia
|-damage|p2a: Lugia|33/100
|move|p2a: Lugia|Ice Beam|p1a: 🦁
|-resisted|p1a: 🦁
|-damage|p1a: 🦁|73/100
|
|upkeep
|turn|21
|
|t:|1668583761
|move|p1a: 🦁|Morning Sun|p1a: 🦁
|-heal|p1a: 🦁|100/100
|move|p2a: Lugia|Ice Beam|p1a: 🦁
|-resisted|p1a: 🦁
|-damage|p1a: 🦁|95/100
|
|upkeep
|turn|22
|
|t:|1668583767
|move|p1a: 🦁|Sunsteel Strike|p2a: Lugia
|-crit|p2a: Lugia
|-damage|p2a: Lugia|0 fnt
|faint|p2a: Lugia
|
|upkeep
|
|t:|1668583776
|switch|p2a: Ditto|Ditto, shiny|100/100
|-damage|p2a: Ditto|88/100|[from] Stealth Rock
|-transform|p2a: Ditto|p1a: 🦁|[from] ability: Imposter
|turn|23
|
|t:|1668583784
|-start|p1a: 🦁|Dynamax|
|-heal|p1a: 🦁|95/100|[silent]
|move|p2a: Ditto|Earthquake|p1a: 🦁
|-supereffective|p1a: 🦁
|-damage|p1a: 🦁|50/100
|-enditem|p1a: 🦁|Weakness Policy
|-boost|p1a: 🦁|atk|2|[from] item: Weakness Policy
|-boost|p1a: 🦁|spa|2|[from] item: Weakness Policy
|move|p1a: 🦁|Max Quake|p2a: Ditto
|-supereffective|p2a: Ditto
|-damage|p2a: Ditto|0 fnt
|-boost|p1a: 🦁|spd|1
|faint|p2a: Ditto
|
|upkeep
|
|t:|1668583796
|switch|p2a: Rayquaza|Rayquaza|100/100
|-damage|p2a: Rayquaza|76/100|[from] Stealth Rock
|-ability|p2a: Rayquaza|Air Lock
|turn|24
|c|☆pologizephichi|ggwp
|
|t:|1668583804
|detailschange|p2a: Rayquaza|Rayquaza-Mega
|-mega|p2a: Rayquaza|Rayquaza|
|-weather|DeltaStream|[from] ability: Delta Stream|[of] p2a: Rayquaza
|move|p1a: 🦁|Max Steelspike|p2a: Rayquaza
|-damage|p2a: Rayquaza|0 fnt
|-boost|p1a: 🦁|def|1
|faint|p2a: Rayquaza
|-weather|none
|
|upkeep
|
|t:|1668583812
|switch|p2a: Zacian|Zacian-Crowned, shiny|100/100
|-damage|p2a: Zacian|94/100|[from] Stealth Rock
|-ability|p2a: Zacian|Intrepid Sword|boost
|-boost|p2a: Zacian|atk|1
|turn|25
|
|t:|1668583817
|move|p1a: 🦁|Max Quake|p2a: Zacian
|-supereffective|p2a: Zacian
|-damage|p2a: Zacian|0 fnt
|-boost|p1a: 🦁|spd|1
|faint|p2a: Zacian
|
|win|Reincarnation of .
|raw|Reincarnation of .'s rating: 1832 &rarr; <strong>1845</strong><br />(+13 for winning)
|raw|pologizephichi's rating: 1700 &rarr; <strong>1687</strong><br />(-13 for losing)
|l|☆pologizephichi
