|j|☆FuanFuanFuan1
|j|☆Clownnin
|t:|1664863073
|gametype|singles
|player|p1|FuanFuanFuan1|102|1564
|player|p2|Clownnin|clown|1641
|teamsize|p1|6
|teamsize|p2|6
|gen|8
|tier|[Gen 8] National Dex AG
|rated|
|rule|HP Percentage Mod: HP is shown in percentages
|rule|Endless Battle Clause: Forcing endless battles is banned
|clearpoke
|poke|p1|Zacian-*|
|poke|p1|Rayquaza|
|poke|p1|Ditto|
|poke|p1|Groudon|
|poke|p1|Xerneas-*|
|poke|p1|Lugia|
|poke|p2|Arceus-*|
|poke|p2|Arceus-*|
|poke|p2|Arceus-*|
|poke|p2|Arceus-*|
|poke|p2|Arceus-*|
|poke|p2|Arceus-*|
|teampreview
|inactive|Battle timer is ON: inactive players will automatically lose when time's up. (requested by Clownnin)
|inactive|FuanFuanFuan1 also wants the timer to be on.
|
|t:|1664863084
|start
|switch|p1a: Zacian|Zacian-Crowned|100/100
|switch|p2a: Arceus|Arceus-Ground|100/100
|-ability|p1a: Zacian|Intrepid Sword|boost
|-boost|p1a: Zacian|atk|1
|turn|1
|
|t:|1664863095
|switch|p1a: Lugia|Lugia|100/100
|move|p2a: Arceus|Judgment|p1a: Lugia
|-immune|p1a: Lugia
|
|upkeep
|turn|2
|
|t:|1664863099
|move|p2a: Arceus|Stealth Rock|p1a: Lugia
|-sidestart|p1: FuanFuanFuan1|move: Stealth Rock
|move|p1a: Lugia|Ice Beam|p2a: Arceus
|-supereffective|p2a: Arceus
|-damage|p2a: Arceus|76/100
|
|upkeep
|turn|3
|
|t:|1664863105
|switch|p2a: Arceus|Arceus-Dark|100/100
|move|p1a: Lugia|Toxic|p2a: Arceus
|-status|p2a: Arceus|tox
|
|-damage|p2a: Arceus|94/100 tox|[from] psn
|upkeep
|turn|4
|
|t:|1664863112
|move|p2a: Arceus|Refresh|p2a: Arceus
|-curestatus|p2a: Arceus|tox|[msg]
|move|p1a: Lugia|Defog|p2a: Arceus
|-unboost|p2a: Arceus|evasion|1
|-sideend|p1: FuanFuanFuan1|Stealth Rock|[from] move: Defog|[of] p1a: Lugia
|
|upkeep
|turn|5
|
|t:|1664863127
|move|p2a: Arceus|Judgment|p1a: Lugia
|-supereffective|p1a: Lugia
|-damage|p1a: Lugia|74/100
|move|p1a: Lugia|Ice Beam|p2a: Arceus
|-damage|p2a: Arceus|81/100
|-status|p2a: Arceus|frz
|
|upkeep
|turn|6
|
|t:|1664863135
|switch|p2a: Arceus|Arceus-Water|100/100
|switch|p1a: Xerneas|Xerneas|100/100
|-ability|p1a: Xerneas|Fairy Aura
|
|upkeep
|turn|7
|c|☆FuanFuanFuan1|yes
|
|t:|1664863141
|move|p2a: Arceus|Toxic|p1a: Xerneas
|-status|p1a: Xerneas|tox
|move|p1a: Xerneas|Geomancy||[still]
|-prepare|p1a: Xerneas|Geomancy
|-enditem|p1a: Xerneas|Power Herb
|-anim|p1a: Xerneas|Geomancy|p1a: Xerneas
|-boost|p1a: Xerneas|spa|2
|-boost|p1a: Xerneas|spd|2
|-boost|p1a: Xerneas|spe|2
|
|-damage|p1a: Xerneas|94/100 tox|[from] psn
|upkeep
|turn|8
|
|t:|1664863146
|-start|p1a: Xerneas|Dynamax|
|-heal|p1a: Xerneas|94/100 tox|[silent]
|-start|p2a: Arceus|Dynamax|
|-heal|p2a: Arceus|100/100|[silent]
|move|p2a: Arceus|Max Guard|p2a: Arceus
|-singleturn|p2a: Arceus|Max Guard
|move|p1a: Xerneas|Max Lightning|p2a: Arceus
|-activate|p2a: Arceus|move: Max Guard
|
|-damage|p1a: Xerneas|88/100 tox|[from] psn
|upkeep
|turn|9
|
|t:|1664863150
|move|p1a: Xerneas|Max Lightning|p2a: Arceus
|-supereffective|p2a: Arceus
|-damage|p2a: Arceus|24/100
|-fieldstart|move: Electric Terrain
|move|p2a: Arceus|Max Geyser|p1a: Xerneas
|-crit|p1a: Xerneas
|-damage|p1a: Xerneas|49/100 tox
|-weather|RainDance
|
|-weather|RainDance|[upkeep]
|-damage|p1a: Xerneas|40/100 tox|[from] psn
|upkeep
|turn|10
|
|t:|1664863155
|move|p2a: Arceus|Max Guard|p2a: Arceus
|-singleturn|p2a: Arceus|Max Guard
|move|p1a: Xerneas|Max Lightning|p2a: Arceus
|-activate|p2a: Arceus|move: Max Guard
|
|-weather|RainDance|[upkeep]
|-damage|p1a: Xerneas|28/100 tox|[from] psn
|upkeep
|-end|p1a: Xerneas|Dynamax
|-heal|p1a: Xerneas|28/100 tox|[silent]
|-end|p2a: Arceus|Dynamax
|-heal|p2a: Arceus|24/100|[silent]
|turn|11
|
|t:|1664863162
|move|p1a: Xerneas|Moonblast|p2a: Arceus
|-damage|p2a: Arceus|0 fnt
|faint|p2a: Arceus
|
|-weather|RainDance|[upkeep]
|-damage|p1a: Xerneas|0 fnt|[from] psn
|faint|p1a: Xerneas
|upkeep
|
|t:|1664863168
|switch|p2a: Arceus|Arceus-Ghost|100/100
|switch|p1a: Zacian|Zacian-Crowned|100/100
|-ability|p1a: Zacian|Intrepid Sword|boost
|-boost|p1a: Zacian|atk|1
|turn|12
|
|t:|1664863177
|move|p1a: Zacian|Behemoth Blade|p2a: Arceus
|-damage|p2a: Arceus|38/100
|-zpower|p2a: Arceus
|move|p2a: Arceus|Never-Ending Nightmare|p1a: Zacian|[zeffect]
|-damage|p1a: Zacian|19/100
|
|-weather|RainDance|[upkeep]
|upkeep
|turn|13
|
|t:|1664863181
|move|p2a: Arceus|Extreme Speed|p1a: Zacian
|-resisted|p1a: Zacian
|-damage|p1a: Zacian|6/100
|move|p1a: Zacian|Behemoth Blade|p2a: Arceus
|-damage|p2a: Arceus|0 fnt
|faint|p2a: Arceus
|
|-weather|none
|-fieldend|move: Electric Terrain
|upkeep
|
|t:|1664863186
|switch|p2a: Arceus|Arceus-Flying|100/100
|turn|14
|
|t:|1664863191
|move|p1a: Zacian|Behemoth Blade|p2a: Arceus
|-damage|p2a: Arceus|44/100
|move|p2a: Arceus|Judgment|p1a: Zacian
|-resisted|p1a: Zacian
|-damage|p1a: Zacian|0 fnt
|faint|p1a: Zacian
|
|upkeep
|
|t:|1664863195
|switch|p1a: Groudon|Groudon|100/100
|detailschange|p1a: Groudon|Groudon-Primal
|-primal|p1a: Groudon
|-weather|DesolateLand|[from] ability: Desolate Land|[of] p1a: Groudon
|turn|15
|
|t:|1664863198
|move|p2a: Arceus|Recover|p2a: Arceus
|-heal|p2a: Arceus|94/100
|move|p1a: Groudon|Stone Edge|p2a: Arceus
|-supereffective|p2a: Arceus
|-damage|p2a: Arceus|24/100
|
|-weather|DesolateLand|[upkeep]
|upkeep
|turn|16
|
|t:|1664863204
|switch|p2a: Arceus|Arceus-Ground|76/100
|move|p1a: Groudon|Stone Edge|p2a: Arceus
|-resisted|p2a: Arceus
|-damage|p2a: Arceus|59/100
|
|-weather|DesolateLand|[upkeep]
|upkeep
|turn|17
|
|t:|1664863209
|move|p2a: Arceus|Recover|p2a: Arceus
|-heal|p2a: Arceus|100/100
|move|p1a: Groudon|Precipice Blades|p2a: Arceus
|-damage|p2a: Arceus|44/100
|
|-weather|DesolateLand|[upkeep]
|upkeep
|turn|18
|
|t:|1664863214
|move|p2a: Arceus|Recover|p2a: Arceus
|-heal|p2a: Arceus|94/100
|move|p1a: Groudon|Stealth Rock|p2a: Arceus
|-sidestart|p2: Clownnin|move: Stealth Rock
|
|-weather|DesolateLand|[upkeep]
|upkeep
|turn|19
|
|t:|1664863218
|move|p2a: Arceus|Judgment|p1a: Groudon
|-supereffective|p1a: Groudon
|-damage|p1a: Groudon|0 fnt
|faint|p1a: Groudon
|-weather|none
|
|upkeep
|
|t:|1664863228
|switch|p1a: Lugia|Lugia|74/100
|turn|20
|
|t:|1664863232
|switch|p2a: Arceus|Arceus-Fairy|100/100
|-damage|p2a: Arceus|88/100|[from] Stealth Rock
|move|p1a: Lugia|Roost|p1a: Lugia
|-heal|p1a: Lugia|100/100
|-singleturn|p1a: Lugia|move: Roost
|
|upkeep
|turn|21
|
|t:|1664863237
|move|p2a: Arceus|Calm Mind|p2a: Arceus
|-boost|p2a: Arceus|spa|1
|-boost|p2a: Arceus|spd|1
|move|p1a: Lugia|Toxic|p2a: Arceus|[miss]
|-miss|p1a: Lugia|p2a: Arceus
|
|upkeep
|turn|22
|
|t:|1664863241
|move|p2a: Arceus|Judgment|p1a: Lugia
|-damage|p1a: Lugia|81/100
|move|p1a: Lugia|Toxic|p2a: Arceus
|-status|p2a: Arceus|tox
|
|-damage|p2a: Arceus|82/100 tox|[from] psn
|upkeep
|turn|23
|
|t:|1664863244
|move|p2a: Arceus|Refresh|p2a: Arceus
|-curestatus|p2a: Arceus|tox|[msg]
|move|p1a: Lugia|Roost|p1a: Lugia
|-heal|p1a: Lugia|100/100
|-singleturn|p1a: Lugia|move: Roost
|
|upkeep
|turn|24
|
|t:|1664863246
|move|p2a: Arceus|Judgment|p1a: Lugia
|-damage|p1a: Lugia|81/100
|move|p1a: Lugia|Toxic|p2a: Arceus
|-status|p2a: Arceus|tox
|
|-damage|p2a: Arceus|76/100 tox|[from] psn
|upkeep
|turn|25
|
|t:|1664863249
|move|p2a: Arceus|Refresh|p2a: Arceus
|-curestatus|p2a: Arceus|tox|[msg]
|move|p1a: Lugia|Roost|p1a: Lugia
|-heal|p1a: Lugia|100/100
|-singleturn|p1a: Lugia|move: Roost
|
|upkeep
|turn|26
|
|t:|1664863253
|move|p2a: Arceus|Calm Mind|p2a: Arceus
|-boost|p2a: Arceus|spa|1
|-boost|p2a: Arceus|spd|1
|move|p1a: Lugia|Ice Beam|p2a: Arceus
|-damage|p2a: Arceus|69/100
|
|upkeep
|turn|27
|
|t:|1664863255
|move|p2a: Arceus|Recover|p2a: Arceus
|-heal|p2a: Arceus|100/100
|move|p1a: Lugia|Ice Beam|p2a: Arceus
|-damage|p2a: Arceus|94/100
|-status|p2a: Arceus|frz
|
|upkeep
|turn|28
|
|t:|1664863257
|cant|p2a: Arceus|frz
|move|p1a: Lugia|Toxic||[still]
|-fail|p1a: Lugia
|
|upkeep
|turn|29
|
|t:|1664863261
|switch|p1a: Ditto|Ditto, shiny|100/100
|-transform|p1a: Ditto|p2a: Arceus|[from] ability: Imposter
|cant|p2a: Arceus|frz
|
|upkeep
|turn|30
|
|t:|1664863267
|move|p1a: Ditto|Calm Mind|p1a: Ditto
|-boost|p1a: Ditto|spa|1
|-boost|p1a: Ditto|spd|1
|cant|p2a: Arceus|frz
|
|upkeep
|turn|31
|
|t:|1664863273
|switch|p1a: Lugia|Lugia|100/100
|cant|p2a: Arceus|frz
|
|upkeep
|turn|32
|
|t:|1664863275
|switch|p1a: Ditto|Ditto, shiny|100/100
|-transform|p1a: Ditto|p2a: Arceus|[from] ability: Imposter
|cant|p2a: Arceus|frz
|
|upkeep
|turn|33
|
|t:|1664863277
|move|p1a: Ditto|Judgment|p2a: Arceus
|-damage|p2a: Arceus|78/100 frz
|cant|p2a: Arceus|frz
|
|upkeep
|turn|34
|
|t:|1664863283
|switch|p1a: Lugia|Lugia|100/100
|cant|p2a: Arceus|frz
|
|upkeep
|turn|35
|
|t:|1664863288
|cant|p2a: Arceus|frz
|move|p1a: Lugia|Ice Beam|p2a: Arceus
|-damage|p2a: Arceus|71/100 frz
|
|upkeep
|turn|36
|
|t:|1664863290
|cant|p2a: Arceus|frz
|move|p1a: Lugia|Ice Beam|p2a: Arceus
|-damage|p2a: Arceus|65/100 frz
|
|upkeep
|turn|37
|
|t:|1664863293
|cant|p2a: Arceus|frz
|move|p1a: Lugia|Ice Beam|p2a: Arceus
|-damage|p2a: Arceus|58/100 frz
|
|upkeep
|turn|38
|c|☆FuanFuanFuan1|lmao
|
|t:|1664863298
|-curestatus|p2a: Arceus|frz|[msg]
|move|p2a: Arceus|Recover|p2a: Arceus
|-heal|p2a: Arceus|100/100
|move|p1a: Lugia|Ice Beam|p2a: Arceus
|-damage|p2a: Arceus|94/100
|
|upkeep
|turn|39
|
|t:|1664863300
|move|p2a: Arceus|Judgment|p1a: Lugia
|-damage|p1a: Lugia|74/100
|move|p1a: Lugia|Ice Beam|p2a: Arceus
|-damage|p2a: Arceus|88/100
|
|upkeep
|turn|40
|
|t:|1664863303
|move|p2a: Arceus|Judgment|p1a: Lugia
|-damage|p1a: Lugia|24/100
|move|p1a: Lugia|Ice Beam|p2a: Arceus
|-damage|p2a: Arceus|82/100
|
|upkeep
|turn|41
|
|t:|1664863305
|move|p2a: Arceus|Judgment|p1a: Lugia
|-damage|p1a: Lugia|0 fnt
|faint|p1a: Lugia
|
|upkeep
|-message|FuanFuanFuan1 forfeited.
|
|win|Clownnin
|raw|FuanFuanFuan1's rating: 1564 &rarr; <strong>1548</strong><br />(-16 for losing)
|raw|Clownnin's rating: 1641 &rarr; <strong>1657</strong><br />(+16 for winning)
|l|☆FuanFuanFuan1
|c|☆Clownnin|lmao indeed
