|j|☆defame TV
|j|☆CLEAR GEM清瑜
|t:|1661787339
|gametype|singles
|player|p1|defame TV|hilbert-wonderlauncher|1738
|player|p2|CLEAR GEM清瑜|skierf|1872
|teamsize|p1|6
|teamsize|p2|6
|gen|8
|tier|[Gen 8] National Dex AG
|rated|
|rule|HP Percentage Mod: HP is shown in percentages
|rule|Endless Battle Clause: Forcing endless battles is banned
|clearpoke
|poke|p1|Excadrill, M|
|poke|p1|Rayquaza|
|poke|p1|Yveltal|
|poke|p1|Arceus-*|
|poke|p1|Marshadow|
|poke|p1|Regieleki|
|poke|p2|Rayquaza|
|poke|p2|Groudon|
|poke|p2|Necrozma-Dusk-Mane|
|poke|p2|Arceus-*|
|poke|p2|Arceus-*|
|poke|p2|Arceus-*|
|teampreview
|inactive|Battle timer is ON: inactive players will automatically lose when time's up. (requested by CLEAR GEM清瑜)
|
|t:|1661787347
|start
|switch|p1a: Excadrill|Excadrill, M, shiny|100/100
|switch|p2a: 究极辅助|Arceus-Dark|100/100
|-ability|p1a: Excadrill|Mold Breaker
|turn|1
|
|t:|1661787360
|move|p2a: 究极辅助|Magic Coat|p2a: 究极辅助
|-singleturn|p2a: 究极辅助|move: Magic Coat
|move|p1a: Excadrill|Toxic|p2a: 究极辅助
|move|p2a: 究极辅助|Toxic|p1a: Excadrill|[from]Magic Coat
|-immune|p1a: Excadrill
|
|upkeep
|turn|2
|
|t:|1661787365
|move|p2a: 究极辅助|Judgment|p1a: Excadrill
|-damage|p1a: Excadrill|26/100
|move|p1a: Excadrill|Earthquake|p2a: 究极辅助
|-damage|p2a: 究极辅助|63/100
|
|upkeep
|turn|3
|
|t:|1661787372
|switch|p1a: Yveltal|Yveltal, shiny|100/100
|-ability|p1a: Yveltal|Dark Aura
|move|p2a: 究极辅助|Judgment|p1a: Yveltal
|-resisted|p1a: Yveltal
|-damage|p1a: Yveltal|64/100
|
|upkeep
|turn|4
|
|t:|1661787380
|move|p1a: Yveltal|Dark Pulse|p2a: 究极辅助
|-resisted|p2a: 究极辅助
|-damage|p2a: 究极辅助|46/100
|move|p2a: 究极辅助|Recover|p2a: 究极辅助
|-heal|p2a: 究极辅助|96/100
|
|upkeep
|turn|5
|
|t:|1661787394
|move|p1a: Yveltal|Dark Pulse|p2a: 究极辅助
|-resisted|p2a: 究极辅助
|-crit|p2a: 究极辅助
|-damage|p2a: 究极辅助|70/100
|move|p2a: 究极辅助|Roar|p1a: Yveltal
|drag|p1a: Arceus|Arceus-Electric|100/100
|
|upkeep
|turn|6
|
|t:|1661787401
|move|p1a: Arceus|Toxic|p2a: 究极辅助
|-status|p2a: 究极辅助|tox
|move|p2a: 究极辅助|Judgment|p1a: Arceus
|-damage|p1a: Arceus|59/100
|
|-damage|p2a: 究极辅助|64/100 tox|[from] psn
|upkeep
|turn|7
|
|t:|1661787408
|move|p1a: Arceus|Judgment|p2a: 究极辅助
|-damage|p2a: 究极辅助|28/100 tox
|move|p2a: 究极辅助|Judgment|p1a: Arceus
|-damage|p1a: Arceus|18/100
|
|-damage|p2a: 究极辅助|15/100 tox|[from] psn
|upkeep
|turn|8
|
|t:|1661787418
|move|p1a: Arceus|Ice Beam|p2a: 究极辅助
|-damage|p2a: 究极辅助|0 fnt
|faint|p2a: 究极辅助
|
|upkeep
|
|t:|1661787424
|switch|p2a: 烈龙无敌|Rayquaza, shiny|100/100
|-ability|p2a: 烈龙无敌|Air Lock
|turn|9
|
|t:|1661787435
|detailschange|p2a: 烈龙无敌|Rayquaza-Mega, shiny
|-mega|p2a: 烈龙无敌|Rayquaza|
|-weather|DeltaStream|[from] ability: Delta Stream|[of] p2a: 烈龙无敌
|move|p2a: 烈龙无敌|Extreme Speed|p1a: Arceus
|-damage|p1a: Arceus|0 fnt
|faint|p1a: Arceus
|
|-weather|DeltaStream|[upkeep]
|upkeep
|
|t:|1661787457
|switch|p1a: Marshadow|Marshadow|100/100
|turn|10
|
|t:|1661787466
|-start|p1a: Marshadow|Dynamax|
|-heal|p1a: Marshadow|100/100|[silent]
|move|p1a: Marshadow|Max Hailstorm|p2a: 烈龙无敌
|-activate||deltastream
|-supereffective|p2a: 烈龙无敌
|-enditem|p2a: 烈龙无敌|Focus Sash
|-damage|p2a: 烈龙无敌|1/100
|-damage|p1a: Marshadow|96/100|[from] item: Life Orb
|move|p2a: 烈龙无敌|Dragon Ascent|p1a: Marshadow
|-supereffective|p1a: Marshadow
|-damage|p1a: Marshadow|0 fnt
|-unboost|p2a: 烈龙无敌|def|1
|-unboost|p2a: 烈龙无敌|spd|1
|faint|p1a: Marshadow
|
|-weather|DeltaStream|[upkeep]
|upkeep
|
|t:|1661787480
|switch|p1a: Rayquaza|Rayquaza|100/100
|-ability|p1a: Rayquaza|Air Lock
|turn|11
|
|t:|1661787485
|detailschange|p1a: Rayquaza|Rayquaza-Mega
|-mega|p1a: Rayquaza|Rayquaza|
|move|p1a: Rayquaza|Extreme Speed|p2a: 烈龙无敌
|-damage|p2a: 烈龙无敌|0 fnt
|faint|p2a: 烈龙无敌
|
|-weather|DeltaStream|[upkeep]
|upkeep
|
|t:|1661787489
|switch|p2a: 乱杀P古|Arceus-Ground|100/100
|turn|12
|
|t:|1661787493
|move|p1a: Rayquaza|Dragon Ascent|p2a: 乱杀P古
|-damage|p2a: 乱杀P古|43/100
|-unboost|p1a: Rayquaza|def|1
|-unboost|p1a: Rayquaza|spd|1
|move|p2a: 乱杀P古|Ice Beam|p1a: Rayquaza
|-activate||deltastream
|-supereffective|p1a: Rayquaza
|-crit|p1a: Rayquaza
|-enditem|p1a: Rayquaza|Focus Sash
|-damage|p1a: Rayquaza|1/100
|
|-weather|DeltaStream|[upkeep]
|upkeep
|turn|13
|
|t:|1661787502
|move|p1a: Rayquaza|Dragon Ascent|p2a: 乱杀P古
|-damage|p2a: 乱杀P古|0 fnt
|-unboost|p1a: Rayquaza|def|1
|-unboost|p1a: Rayquaza|spd|1
|faint|p2a: 乱杀P古
|
|-weather|DeltaStream|[upkeep]
|upkeep
|
|t:|1661787508
|switch|p2a: 悬空羊驼|Arceus-Flying|100/100
|turn|14
|
|t:|1661787518
|-start|p2a: 悬空羊驼|Dynamax|
|-heal|p2a: 悬空羊驼|100/100|[silent]
|move|p1a: Rayquaza|Dragon Ascent|p2a: 悬空羊驼
|-damage|p2a: 悬空羊驼|72/100
|-unboost|p1a: Rayquaza|def|1
|-unboost|p1a: Rayquaza|spd|1
|move|p2a: 悬空羊驼|Max Airstream|p1a: Rayquaza
|-damage|p1a: Rayquaza|0 fnt
|-boost|p2a: 悬空羊驼|spe|1
|faint|p1a: Rayquaza
|-weather|none
|
|upkeep
|
|t:|1661787530
|switch|p1a: Regieleki|Regieleki, shiny|100/100
|turn|15
|
|t:|1661787534
|move|p1a: Regieleki|Thunder|p2a: 悬空羊驼
|-supereffective|p2a: 悬空羊驼
|-damage|p2a: 悬空羊驼|1/100
|-status|p2a: 悬空羊驼|par
|-damage|p1a: Regieleki|91/100|[from] item: Life Orb
|cant|p2a: 悬空羊驼|par
|
|upkeep
|turn|16
|
|t:|1661787541
|move|p1a: Regieleki|Volt Switch|p2a: 悬空羊驼
|-supereffective|p2a: 悬空羊驼
|-damage|p2a: 悬空羊驼|0 fnt
|faint|p2a: 悬空羊驼
|-damage|p1a: Regieleki|81/100|[from] item: Life Orb
|
|t:|1661787552
|switch|p1a: Yveltal|Yveltal, shiny|64/100|[from]move: Volt Switch
|-ability|p1a: Yveltal|Dark Aura
|
|upkeep
|
|t:|1661787555
|switch|p2a: 不会(?)|Groudon|100/100
|detailschange|p2a: 不会(?)|Groudon-Primal
|-primal|p2a: 不会(?)
|-weather|DesolateLand|[from] ability: Desolate Land|[of] p2a: 不会(?)
|turn|17
|
|t:|1661787562
|-zpower|p1a: Yveltal
|move|p1a: Yveltal|Black Hole Eclipse|p2a: 不会(?)|[zeffect]
|-damage|p2a: 不会(?)|7/100
|move|p2a: 不会(?)|Heat Crash|p1a: Yveltal
|-damage|p1a: Yveltal|0 fnt
|faint|p1a: Yveltal
|
|-weather|DesolateLand|[upkeep]
|upkeep
|
|t:|1661787572
|switch|p1a: Excadrill|Excadrill, M, shiny|26/100
|-ability|p1a: Excadrill|Mold Breaker
|turn|18
|
|t:|1661787577
|move|p1a: Excadrill|Earthquake|p2a: 不会(?)
|-supereffective|p2a: 不会(?)
|-damage|p2a: 不会(?)|0 fnt
|faint|p2a: 不会(?)
|-weather|none
|
|upkeep
|
|t:|1661787578
|switch|p2a: 钢铁之躯|Necrozma-Dusk-Mane|100/100
|turn|19
|
|t:|1661787584
|detailschange|p2a: 钢铁之躯|Necrozma-Ultra
|-burst|p2a: 钢铁之躯|Necrozma|Ultranecrozium Z
|move|p1a: Excadrill|Earthquake|p2a: 钢铁之躯
|-damage|p2a: 钢铁之躯|51/100
|move|p2a: 钢铁之躯|Dragon Dance|p2a: 钢铁之躯
|-boost|p2a: 钢铁之躯|atk|1
|-boost|p2a: 钢铁之躯|spe|1
|
|upkeep
|turn|20
|
|t:|1661787593
|move|p2a: 钢铁之躯|Earthquake|p1a: Excadrill
|-supereffective|p1a: Excadrill
|-damage|p1a: Excadrill|0 fnt
|faint|p1a: Excadrill
|
|upkeep
|
|t:|1661787597
|switch|p1a: Regieleki|Regieleki, shiny|81/100
|turn|21
|
|t:|1661787604
|move|p1a: Regieleki|Hyper Beam|p2a: 钢铁之躯|[miss]
|-miss|p1a: Regieleki|p2a: 钢铁之躯
|-zpower|p2a: 钢铁之躯
|move|p2a: 钢铁之躯|Light That Burns the Sky|p1a: Regieleki|[zeffect]
|-damage|p1a: Regieleki|0 fnt
|faint|p1a: Regieleki
|
|win|CLEAR GEM清瑜
|raw|defame TV's rating: 1738 &rarr; <strong>1725</strong><br />(-13 for losing)
|raw|CLEAR GEM清瑜's rating: 1872 &rarr; <strong>1885</strong><br />(+13 for winning)
