|j|☆Emorawr79
|j|☆High ladder bros
|t:|1662928126
|gametype|singles
|player|p1|Emorawr79|ghetsis|1823
|player|p2|High ladder bros|adaman|1827
|teamsize|p1|6
|teamsize|p2|6
|gen|8
|tier|[Gen 8] National Dex AG
|rated|
|rule|HP Percentage Mod: HP is shown in percentages
|rule|Endless Battle Clause: Forcing endless battles is banned
|clearpoke
|poke|p1|Calyrex-Shadow|
|poke|p1|Zygarde|
|poke|p1|Yveltal|
|poke|p1|Ho-Oh|
|poke|p1|Smeargle, M|
|poke|p1|Rayquaza|
|poke|p2|Arceus-*|
|poke|p2|Groudon|
|poke|p2|Necrozma-Dusk-Mane|
|poke|p2|Rayquaza|
|poke|p2|Arceus-*|
|poke|p2|Arceus-*|
|teampreview
|inactive|Battle timer is ON: inactive players will automatically lose when time's up. (requested by High ladder bros)
|
|t:|1662928134
|start
|switch|p1a: Smeargle|Smeargle, M|100/100
|switch|p2a: Arceus|Arceus-Dark, shiny|100/100
|turn|1
|
|t:|1662928137
|move|p2a: Arceus|Magic Coat|p2a: Arceus
|-singleturn|p2a: Arceus|move: Magic Coat
|move|p1a: Smeargle|Spore|p2a: Arceus
|move|p2a: Arceus|Spore|p1a: Smeargle|[from]Magic Coat
|-status|p1a: Smeargle|slp|[from] move: Spore
|
|-ability|p1a: Smeargle|Moody|boost
|-boost|p1a: Smeargle|spe|2
|-unboost|p1a: Smeargle|def|1
|upkeep
|turn|2
|
|t:|1662928140
|cant|p1a: Smeargle|slp
|move|p2a: Arceus|Snarl|p1a: Smeargle|[miss]
|-miss|p2a: Arceus|p1a: Smeargle
|
|-ability|p1a: Smeargle|Moody|boost
|-boost|p1a: Smeargle|def|2
|-unboost|p1a: Smeargle|spa|1
|upkeep
|turn|3
|
|t:|1662928144
|cant|p1a: Smeargle|slp
|move|p2a: Arceus|Snarl|p1a: Smeargle
|-damage|p1a: Smeargle|29/100 slp
|-unboost|p1a: Smeargle|spa|1
|
|-ability|p1a: Smeargle|Moody|boost
|-boost|p1a: Smeargle|atk|2
|-unboost|p1a: Smeargle|spe|1
|upkeep
|turn|4
|
|t:|1662928155
|-curestatus|p1a: Smeargle|slp|[msg]
|move|p1a: Smeargle|Spore|p2a: Arceus
|-status|p2a: Arceus|slp|[from] move: Spore
|cant|p2a: Arceus|slp
|
|-ability|p1a: Smeargle|Moody|boost
|-boost|p1a: Smeargle|atk|2
|-unboost|p1a: Smeargle|spe|1
|upkeep
|turn|5
|
|t:|1662928158
|-curestatus|p2a: Arceus|slp|[msg]
|move|p2a: Arceus|Snarl|p1a: Smeargle
|-damage|p1a: Smeargle|0 fnt
|faint|p1a: Smeargle
|
|upkeep
|
|t:|1662928169
|switch|p1a: Ho-Oh|Ho-Oh|100/100
|turn|6
|
|t:|1662928175
|move|p2a: Arceus|Magic Coat|p2a: Arceus
|-singleturn|p2a: Arceus|move: Magic Coat
|move|p1a: Ho-Oh|Thunder Wave|p2a: Arceus
|move|p2a: Arceus|Thunder Wave|p1a: Ho-Oh|[from]Magic Coat
|-status|p1a: Ho-Oh|par
|
|upkeep
|turn|7
|
|t:|1662928178
|switch|p2a: Groudon|Groudon, shiny|100/100
|detailschange|p2a: Groudon|Groudon-Primal, shiny
|-primal|p2a: Groudon
|-weather|DesolateLand|[from] ability: Desolate Land|[of] p2a: Groudon
|cant|p1a: Ho-Oh|par
|
|-weather|DesolateLand|[upkeep]
|upkeep
|turn|8
|-message|Emorawr79 forfeited.
|
|win|High ladder bros
|raw|Emorawr79's rating: 1823 &rarr; <strong>1803</strong><br />(-20 for losing)
|raw|High ladder bros's rating: 1827 &rarr; <strong>1847</strong><br />(+20 for winning)
|l|☆Emorawr79
