|j|☆Hikhanh123
|j|☆UltimateHydreigon1
|t:|1601040037
|player|p1|Hikhanh123|red|1340
|player|p2|UltimateHydreigon1|giovanni|1260
|teamsize|p1|6
|teamsize|p2|6
|gametype|singles
|gen|8
|tier|[Gen 8] National Dex AG
|rated|
|clearpoke
|poke|p1|Groudon|
|poke|p1|Zacian-Crowned|
|poke|p1|Necrozma-Dusk-Mane|
|poke|p1|Xerneas|
|poke|p1|Shaymin-Sky|
|poke|p1|Rayquaza|
|poke|p2|Hydreigon, F|
|poke|p2|Hydreigon, M|
|poke|p2|Hydreigon, F|
|poke|p2|Hydreigon, M|
|poke|p2|Hydreigon, F|
|poke|p2|Hydreigon, F|
|rule|HP Percentage Mod: HP is shown in percentages
|rule|Endless Battle Clause: Forcing endless battles is banned
|teampreview
|inactive|Battle timer is ON: inactive players will automatically lose when time's up. (requested by Hikhanh123)
|
|t:|1601040042
|start
|switch|p1a: Xerneas|Xerneas, shiny|100/100
|switch|p2a: Hydreigon|Hydreigon, F|100/100
|-ability|p1a: Xerneas|Fairy Aura
|turn|1
|
|t:|1601040053
|move|p1a: Xerneas|Geomancy||[still]
|-prepare|p1a: Xerneas|Geomancy
|-enditem|p1a: Xerneas|Power Herb
|-anim|p1a: Xerneas|Geomancy|p1a: Xerneas
|-boost|p1a: Xerneas|spa|2
|-boost|p1a: Xerneas|spd|2
|-boost|p1a: Xerneas|spe|2
|move|p2a: Hydreigon|Attract||[still]
|-fail|p2a: Hydreigon
|
|upkeep
|turn|2
|
|t:|1601040070
|-start|p1a: Xerneas|Dynamax
|-heal|p1a: Xerneas|100/100|[silent]
|move|p1a: Xerneas|Max Starfall|p2a: Hydreigon
|-supereffective|p2a: Hydreigon
|-damage|p2a: Hydreigon|0 fnt
|-fieldstart|move: Misty Terrain
|faint|p2a: Hydreigon
|
|upkeep
|
|t:|1601040082
|switch|p2a: Hydreigon|Hydreigon, F|100/100
|turn|3
|
|t:|1601040089
|-start|p2a: Hydreigon|Dynamax
|-heal|p2a: Hydreigon|100/100|[silent]
|move|p1a: Xerneas|Max Starfall|p2a: Hydreigon
|-supereffective|p2a: Hydreigon
|-damage|p2a: Hydreigon|0 fnt
|faint|p2a: Hydreigon
|
|upkeep
|inactive|UltimateHydreigon1 has 120 seconds left.
|
|t:|1601040112
|switch|p2a: Hydreigon|Hydreigon, M|100/100
|turn|4
|
|t:|1601040121
|move|p1a: Xerneas|Max Starfall|p2a: Hydreigon
|-supereffective|p2a: Hydreigon
|-damage|p2a: Hydreigon|0 fnt
|faint|p2a: Hydreigon
|
|-end|p1a: Xerneas|Dynamax
|-heal|p1a: Xerneas|100/100|[silent]
|upkeep
|inactive|UltimateHydreigon1 has 120 seconds left.
|
|t:|1601040131
|switch|p2a: Hydreigon|Hydreigon, M|100/100
|turn|5
|
|t:|1601040135
|move|p2a: Hydreigon|Protect|p2a: Hydreigon
|-singleturn|p2a: Hydreigon|Protect
|move|p1a: Xerneas|Moonblast|p2a: Hydreigon
|-activate|p2a: Hydreigon|move: Protect
|
|upkeep
|turn|6
|
|t:|1601040142
|move|p2a: Hydreigon|Protect||[still]
|-fail|p2a: Hydreigon
|move|p1a: Xerneas|Moonblast|p2a: Hydreigon
|-supereffective|p2a: Hydreigon
|-damage|p2a: Hydreigon|0 fnt
|faint|p2a: Hydreigon
|
|-fieldend|Misty Terrain
|upkeep
|
|t:|1601040150
|switch|p2a: Hydreigon|Hydreigon, F|100/100
|turn|7
|
|t:|1601040156
|move|p1a: Xerneas|Moonblast|p2a: Hydreigon
|-supereffective|p2a: Hydreigon
|-damage|p2a: Hydreigon|0 fnt
|faint|p2a: Hydreigon
|
|upkeep
|-message|UltimateHydreigon1 forfeited.
|
|win|Hikhanh123
|l|☆UltimateHydreigon1
|raw|Hikhanh123's rating: 1340 &rarr; <strong>1356</strong><br />(+16 for winning)
|raw|UltimateHydreigon1's rating: 1261 &rarr; <strong>1241</strong><br />(-20 for losing)
