|j|☆Dittlax
|j|☆lmisdreavus
|t:|1661565806
|gametype|singles
|player|p1|Dittlax|hop|1562
|player|p2|lmisdreavus|170|1649
|teamsize|p1|6
|teamsize|p2|6
|gen|8
|tier|[Gen 8] National Dex AG
|rated|
|rule|HP Percentage Mod: HP is shown in percentages
|rule|Endless Battle Clause: Forcing endless battles is banned
|clearpoke
|poke|p1|Melmetal|
|poke|p1|Rayquaza|
|poke|p1|Tapu Koko|
|poke|p1|Ditto|
|poke|p1|Yveltal|
|poke|p1|Zeraora|
|poke|p2|Incineroar, M|
|poke|p2|Salamence, F|
|poke|p2|Hatterene, F|
|poke|p2|Scizor, F|
|poke|p2|Tyranitar, M|
|poke|p2|Marshadow|
|teampreview
|
|t:|1661565823
|start
|switch|p1a: Zeraora|Zeraora|100/100
|switch|p2a: Incineroar|Incineroar, M|100/100
|-ability|p2a: Incineroar|Intimidate|boost
|-unboost|p1a: Zeraora|atk|1
|turn|1
|
|t:|1661565827
|move|p1a: Zeraora|Fake Out|p2a: Incineroar
|-damage|p2a: Incineroar|95/100
|cant|p2a: Incineroar|flinch
|
|-heal|p2a: Incineroar|100/100|[from] item: Leftovers
|upkeep
|turn|2
|
|t:|1661565837
|switch|p2a: Salamence|Salamence, F|100/100
|-ability|p2a: Salamence|Intimidate|boost
|-unboost|p1a: Zeraora|atk|1
|move|p1a: Zeraora|Knock Off|p2a: Salamence
|-damage|p2a: Salamence|90/100
|
|upkeep
|turn|3
|
|t:|1661565844
|switch|p1a: Melmetal|Melmetal|100/100
|detailschange|p2a: Salamence|Salamence-Mega, F
|-mega|p2a: Salamence|Salamence|Salamencite
|move|p2a: Salamence|Return|p1a: Melmetal
|-resisted|p1a: Melmetal
|-damage|p1a: Melmetal|90/100
|
|-heal|p1a: Melmetal|96/100|[from] item: Leftovers
|upkeep
|turn|4
|
|t:|1661565850
|switch|p2a: Incineroar|Incineroar, M|100/100
|-ability|p2a: Incineroar|Intimidate|boost
|-unboost|p1a: Melmetal|atk|1
|move|p1a: Melmetal|Thunder Wave|p2a: Incineroar
|-status|p2a: Incineroar|par
|
|-heal|p1a: Melmetal|100/100|[from] item: Leftovers
|upkeep
|turn|5
|
|t:|1661565859
|move|p1a: Melmetal|Protect|p1a: Melmetal
|-singleturn|p1a: Melmetal|Protect
|move|p2a: Incineroar|Fake Out|p1a: Melmetal
|-activate|p1a: Melmetal|move: Protect
|
|upkeep
|turn|6
|
|t:|1661565873
|switch|p1a: Zeraora|Zeraora|100/100
|move|p2a: Incineroar|Parting Shot|p1a: Zeraora
|-unboost|p1a: Zeraora|atk|1
|-unboost|p1a: Zeraora|spa|1
|
|t:|1661565882
|switch|p2a: Marshadow|Marshadow|100/100|[from]move: Parting Shot
|
|upkeep
|turn|7
|
|t:|1661565889
|move|p1a: Zeraora|Knock Off|p2a: Marshadow
|-damage|p2a: Marshadow|73/100
|-enditem|p2a: Marshadow|Choice Band|[from] move: Knock Off|[of] p1a: Zeraora
|move|p2a: Marshadow|Poltergeist|p1a: Zeraora
|-activate|p1a: Zeraora|move: Poltergeist|Expert Belt
|-crit|p1a: Zeraora
|-damage|p1a: Zeraora|0 fnt
|faint|p1a: Zeraora
|
|upkeep
|
|t:|1661565899
|switch|p1a: Ditto|Ditto|100/100
|-transform|p1a: Ditto|p2a: Marshadow|[from] ability: Imposter
|turn|8
|
|t:|1661565909
|-start|p2a: Marshadow|Dynamax|
|-heal|p2a: Marshadow|73/100|[silent]
|move|p1a: Ditto|Shadow Sneak|p2a: Marshadow
|-supereffective|p2a: Marshadow
|-damage|p2a: Marshadow|32/100
|move|p2a: Marshadow|Max Phantasm|p1a: Ditto
|-supereffective|p1a: Ditto
|-damage|p1a: Ditto|0 fnt
|faint|p1a: Ditto
|
|upkeep
|
|t:|1661565926
|switch|p1a: Tapu Koko|Tapu Koko|100/100
|-fieldstart|move: Electric Terrain|[from] ability: Electric Surge|[of] p1a: Tapu Koko
|turn|9
|
|t:|1661565939
|-end|p2a: Marshadow|Dynamax
|-heal|p2a: Marshadow|32/100|[silent]
|switch|p2a: Tyranitar|Tyranitar, M|100/100
|-weather|Sandstorm|[from] ability: Sand Stream|[of] p2a: Tyranitar
|move|p1a: Tapu Koko|Dazzling Gleam|p2a: Tyranitar
|-supereffective|p2a: Tyranitar
|-damage|p2a: Tyranitar|74/100
|
|-weather|Sandstorm|[upkeep]
|-damage|p1a: Tapu Koko|94/100|[from] Sandstorm
|-heal|p2a: Tyranitar|80/100|[from] item: Leftovers
|upkeep
|turn|10
|
|t:|1661565980
|move|p1a: Tapu Koko|U-turn|p2a: Tyranitar
|-supereffective|p2a: Tyranitar
|-damage|p2a: Tyranitar|55/100
|
|t:|1661565984
|switch|p1a: Melmetal|Melmetal|100/100|[from]move: U-turn
|move|p2a: Tyranitar|Rock Tomb|p1a: Melmetal
|-resisted|p1a: Melmetal
|-damage|p1a: Melmetal|95/100
|-unboost|p1a: Melmetal|spe|1
|
|-weather|Sandstorm|[upkeep]
|-heal|p2a: Tyranitar|61/100|[from] item: Leftovers
|-heal|p1a: Melmetal|100/100|[from] item: Leftovers
|upkeep
|turn|11
|
|t:|1661565990
|switch|p2a: Incineroar|Incineroar, M|100/100 par
|-ability|p2a: Incineroar|Intimidate|boost
|-unboost|p1a: Melmetal|atk|1
|move|p1a: Melmetal|Double Iron Bash|p2a: Incineroar
|-resisted|p2a: Incineroar
|-damage|p2a: Incineroar|94/100 par
|-resisted|p2a: Incineroar
|-damage|p2a: Incineroar|86/100 par
|-hitcount|p2a: Incineroar|2
|
|-weather|Sandstorm|[upkeep]
|-damage|p2a: Incineroar|80/100 par|[from] Sandstorm
|-heal|p2a: Incineroar|86/100 par|[from] item: Leftovers
|upkeep
|turn|12
|
|t:|1661566003
|move|p1a: Melmetal|Protect|p1a: Melmetal
|-singleturn|p1a: Melmetal|Protect
|cant|p2a: Incineroar|par
|
|-weather|Sandstorm|[upkeep]
|-damage|p2a: Incineroar|80/100 par|[from] Sandstorm
|-heal|p2a: Incineroar|86/100 par|[from] item: Leftovers
|upkeep
|turn|13
|
|t:|1661566015
|move|p2a: Incineroar|Flare Blitz|p1a: Melmetal
|-supereffective|p1a: Melmetal
|-damage|p1a: Melmetal|65/100
|-damage|p2a: Incineroar|72/100 par|[from] Recoil
|move|p1a: Melmetal|Double Iron Bash|p2a: Incineroar
|-resisted|p2a: Incineroar
|-damage|p2a: Incineroar|65/100 par
|-resisted|p2a: Incineroar
|-damage|p2a: Incineroar|57/100 par
|-hitcount|p2a: Incineroar|2
|
|-weather|none
|-heal|p2a: Incineroar|63/100 par|[from] item: Leftovers
|-heal|p1a: Melmetal|71/100|[from] item: Leftovers
|-fieldend|move: Electric Terrain
|upkeep
|turn|14
|
|t:|1661566021
|switch|p1a: Rayquaza|Rayquaza|100/100
|-ability|p1a: Rayquaza|Air Lock
|move|p2a: Incineroar|Parting Shot|p1a: Rayquaza
|-unboost|p1a: Rayquaza|atk|1
|-unboost|p1a: Rayquaza|spa|1
|
|t:|1661566029
|switch|p2a: Hatterene|Hatterene, F|100/100|[from]move: Parting Shot
|
|upkeep
|turn|15
|
|t:|1661566039
|switch|p1a: Melmetal|Melmetal|71/100
|move|p2a: Hatterene|Nuzzle|p1a: Melmetal
|-damage|p1a: Melmetal|69/100
|-status|p1a: Melmetal|par
|
|-heal|p1a: Melmetal|76/100 par|[from] item: Leftovers
|upkeep
|turn|16
|
|t:|1661566045
|switch|p2a: Incineroar|Incineroar, M|63/100 par
|-ability|p2a: Incineroar|Intimidate|boost
|-unboost|p1a: Melmetal|atk|1
|cant|p1a: Melmetal|par
|
|-heal|p2a: Incineroar|69/100 par|[from] item: Leftovers
|-heal|p1a: Melmetal|82/100 par|[from] item: Leftovers
|upkeep
|turn|17
|
|t:|1661566055
|move|p1a: Melmetal|Protect|p1a: Melmetal
|-singleturn|p1a: Melmetal|Protect
|cant|p2a: Incineroar|par
|
|-heal|p2a: Incineroar|75/100 par|[from] item: Leftovers
|-heal|p1a: Melmetal|88/100 par|[from] item: Leftovers
|upkeep
|turn|18
|
|t:|1661566063
|move|p2a: Incineroar|Parting Shot|p1a: Melmetal
|-unboost|p1a: Melmetal|atk|1
|-unboost|p1a: Melmetal|spa|1
|
|t:|1661566068
|switch|p2a: Marshadow|Marshadow|32/100|[from]move: Parting Shot
|move|p1a: Melmetal|Double Iron Bash|p2a: Marshadow
|-damage|p2a: Marshadow|10/100
|-damage|p2a: Marshadow|0 fnt
|faint|p2a: Marshadow
|-hitcount|p2: Marshadow|2
|
|-heal|p1a: Melmetal|94/100 par|[from] item: Leftovers
|upkeep
|
|t:|1661566080
|switch|p2a: Incineroar|Incineroar, M|75/100 par
|-ability|p2a: Incineroar|Intimidate|boost
|-unboost|p1a: Melmetal|atk|1
|turn|19
|
|t:|1661566096
|switch|p1a: Yveltal|Yveltal|100/100
|-ability|p1a: Yveltal|Dark Aura
|cant|p2a: Incineroar|par
|
|-heal|p2a: Incineroar|81/100 par|[from] item: Leftovers
|upkeep
|turn|20
|-message|lmisdreavus forfeited.
|
|win|Dittlax
|raw|Dittlax's rating: 1562 &rarr; <strong>1587</strong><br />(+25 for winning)
|raw|lmisdreavus's rating: 1649 &rarr; <strong>1624</strong><br />(-25 for losing)
|l|☆lmisdreavus
||Ladder isn't responding, score probably updated but might not have (Request timeout).
