|j|☆Ike745
|j|☆steven234234
|t:|1657588582
|gametype|singles
|player|p1|Ike745|169|
|player|p2|steven234234|ethan|
|teamsize|p1|6
|teamsize|p2|6
|gen|8
|tier|[Gen 8] National Dex AG
|rule|HP Percentage Mod: HP is shown in percentages
|rule|Endless Battle Clause: Forcing endless battles is banned
|clearpoke
|poke|p1|Mamoswine, F|
|poke|p1|Cinderace, M|
|poke|p1|Tapu Lele|
|poke|p1|Hydreigon, F|
|poke|p1|Calyrex-Shadow|
|poke|p1|Ditto|
|poke|p2|Greninja, M|
|poke|p2|Tyranitar, F|
|poke|p2|Primarina, M|
|poke|p2|Scizor, F|
|poke|p2|Victini|
|poke|p2|Eternatus|
|teampreview
|
|t:|1657588635
|start
|switch|p1a: Hydreigon|Hydreigon, F|100/100
|switch|p2a: Scizor|Scizor, F|100/100
|turn|1
|
|t:|1657588644
|switch|p2a: Primarina|Primarina, M|100/100
|move|p1a: Hydreigon|Fire Blast|p2a: Primarina
|-resisted|p2a: Primarina
|-damage|p2a: Primarina|87/100
|
|-heal|p2a: Primarina|93/100|[from] item: Leftovers
|upkeep
|turn|2
|
|t:|1657588665
|switch|p1a: Tapu Lele|Tapu Lele, shiny|100/100
|-fieldstart|move: Psychic Terrain|[from] ability: Psychic Surge|[of] p1a: Tapu Lele
|move|p2a: Primarina|Whirlpool|p1a: Tapu Lele
|-damage|p1a: Tapu Lele|86/100
|-activate|p1a: Tapu Lele|move: Whirlpool|[of] p2a: Primarina
|
|-heal|p2a: Primarina|99/100|[from] item: Leftovers
|-damage|p1a: Tapu Lele|73/100|[from] move: Whirlpool|[partiallytrapped]
|upkeep
|turn|3
|
|t:|1657588681
|move|p2a: Primarina|Protect|p2a: Primarina
|-singleturn|p2a: Primarina|Protect
|move|p1a: Tapu Lele|Moonblast|p2a: Primarina
|-activate|p2a: Primarina|move: Protect
|
|-heal|p2a: Primarina|100/100|[from] item: Leftovers
|-damage|p1a: Tapu Lele|61/100|[from] move: Whirlpool|[partiallytrapped]
|upkeep
|turn|4
|
|t:|1657588708
|move|p1a: Tapu Lele|Moonblast|p2a: Primarina
|-damage|p2a: Primarina|60/100
|move|p2a: Primarina|Moonblast|p1a: Tapu Lele
|-damage|p1a: Tapu Lele|25/100
|
|-heal|p2a: Primarina|66/100|[from] item: Leftovers
|-damage|p1a: Tapu Lele|13/100|[from] move: Whirlpool|[partiallytrapped]
|upkeep
|turn|5
|
|t:|1657588719
|move|p2a: Primarina|Protect|p2a: Primarina
|-singleturn|p2a: Primarina|Protect
|move|p1a: Tapu Lele|Moonblast|p2a: Primarina
|-activate|p2a: Primarina|move: Protect
|
|-heal|p2a: Primarina|72/100|[from] item: Leftovers
|-damage|p1a: Tapu Lele|0 fnt|[from] move: Whirlpool|[partiallytrapped]
|faint|p1a: Tapu Lele
|upkeep
|
|t:|1657588736
|switch|p1a: Calyrex|Calyrex-Shadow|100/100
|-ability|p1a: Calyrex|As One
|-ability|p1a: Calyrex|Unnerve
|turn|6
|
|t:|1657588761
|switch|p2a: Tyranitar|Tyranitar, F|100/100
|-weather|Sandstorm|[from] ability: Sand Stream|[of] p2a: Tyranitar
|move|p1a: Calyrex|Leaf Storm|p2a: Tyranitar
|-supereffective|p2a: Tyranitar
|-damage|p2a: Tyranitar|51/100
|-unboost|p1a: Calyrex|spa|2
|
|-weather|Sandstorm|[upkeep]
|-damage|p1a: Calyrex|94/100|[from] Sandstorm
|-heal|p2a: Tyranitar|57/100|[from] item: Leftovers
|-fieldend|move: Psychic Terrain
|upkeep
|turn|7
|
|t:|1657588808
|move|p1a: Calyrex|Leaf Storm|p2a: Tyranitar
|-supereffective|p2a: Tyranitar
|-damage|p2a: Tyranitar|34/100
|-unboost|p1a: Calyrex|spa|2
|move|p2a: Tyranitar|Pursuit|p1a: Calyrex
|-supereffective|p1a: Calyrex
|-damage|p1a: Calyrex|7/100
|
|-weather|Sandstorm|[upkeep]
|-damage|p1a: Calyrex|1/100|[from] Sandstorm
|-heal|p2a: Tyranitar|41/100|[from] item: Leftovers
|upkeep
|turn|8
|
|t:|1657588820
|move|p1a: Calyrex|Leaf Storm|p2a: Tyranitar
|-supereffective|p2a: Tyranitar
|-crit|p2a: Tyranitar
|-damage|p2a: Tyranitar|0 fnt
|-unboost|p1a: Calyrex|spa|2
|faint|p2a: Tyranitar
|-ability|p1a: Calyrex|Grim Neigh|boost
|-boost|p1a: Calyrex|spa|1
|
|-weather|Sandstorm|[upkeep]
|-damage|p1a: Calyrex|0 fnt|[from] Sandstorm
|faint|p1a: Calyrex
|upkeep
|
|t:|1657588854
|switch|p1a: Mamoswine|Mamoswine, F|100/100
|switch|p2a: Primarina|Primarina, M|72/100
|turn|9
|
|t:|1657588914
|switch|p1a: Among Us|Ditto, shiny|100/100
|-transform|p1a: Among Us|p2a: Primarina|[from] ability: Imposter
|switch|p2a: Scizor|Scizor, F|100/100
|
|-weather|Sandstorm|[upkeep]
|-damage|p1a: Among Us|94/100|[from] Sandstorm
|upkeep
|turn|10
|
|t:|1657588927
|detailschange|p2a: Scizor|Scizor-Mega, F
|-mega|p2a: Scizor|Scizor|Scizorite
|move|p1a: Among Us|Whirlpool|p2a: Scizor
|-damage|p2a: Scizor|89/100
|-activate|p2a: Scizor|move: Whirlpool|[of] p1a: Among Us
|move|p2a: Scizor|Swords Dance|p2a: Scizor
|-boost|p2a: Scizor|atk|2
|
|-weather|none
|-damage|p2a: Scizor|76/100|[from] move: Whirlpool|[partiallytrapped]
|upkeep
|turn|11
|
|t:|1657588941
|switch|p1a: Hydreigon|Hydreigon, F|100/100
|move|p2a: Scizor|Swords Dance|p2a: Scizor
|-boost|p2a: Scizor|atk|2
|
|-end|p2a: Scizor|Whirlpool|[partiallytrapped]|[silent]
|upkeep
|turn|12
|
|t:|1657588988
|switch|p2a: Victini|Victini|100/100
|move|p1a: Hydreigon|U-turn|p2a: Victini
|-damage|p2a: Victini|88/100
|
|t:|1657588999
|switch|p1a: Mamoswine|Mamoswine, F|100/100|[from]move: U-turn
|
|upkeep
|turn|13
|
|t:|1657589013
|move|p2a: Victini|V-create|p1a: Mamoswine
|-supereffective|p1a: Mamoswine
|-damage|p1a: Mamoswine|31/100
|-unboost|p2a: Victini|spe|1
|-unboost|p2a: Victini|def|1
|-unboost|p2a: Victini|spd|1
|move|p1a: Mamoswine|Earthquake|p2a: Victini
|-supereffective|p2a: Victini
|-damage|p2a: Victini|0 fnt
|faint|p2a: Victini
|
|upkeep
|
|t:|1657589050
|switch|p2a: Eternatus|Eternatus|100/100
|-ability|p2a: Eternatus|Pressure
|turn|14
|
|t:|1657589078
|move|p1a: Mamoswine|Ice Shard|p2a: Eternatus
|-supereffective|p2a: Eternatus
|-damage|p2a: Eternatus|63/100
|move|p2a: Eternatus|Flamethrower|p1a: Mamoswine
|-supereffective|p1a: Mamoswine
|-damage|p1a: Mamoswine|0 fnt
|faint|p1a: Mamoswine
|
|-heal|p2a: Eternatus|70/100|[from] item: Black Sludge
|upkeep
|
|t:|1657589141
|switch|p1a: Among Us|Ditto, shiny|94/100
|-transform|p1a: Among Us|p2a: Eternatus|[from] ability: Imposter
|-ability|p1a: Among Us|Pressure
|turn|15
|
|t:|1657589155
|switch|p2a: Primarina|Primarina, M|72/100
|move|p1a: Among Us|Dragon Pulse|p2a: Primarina
|-immune|p2a: Primarina
|
|-heal|p2a: Primarina|78/100|[from] item: Leftovers
|upkeep
|turn|16
|
|t:|1657589175
|switch|p1a: Cinderace|Cinderace, M|100/100
|switch|p2a: Greninja|Greninja, M|100/100
|
|upkeep
|turn|17
|
|t:|1657589190
|move|p2a: Greninja|Work Up|p2a: Greninja
|-start|p2a: Greninja|typechange|Normal|[from] ability: Protean
|-boost|p2a: Greninja|atk|1
|-boost|p2a: Greninja|spa|1
|move|p1a: Cinderace|U-turn|p2a: Greninja
|-start|p1a: Cinderace|typechange|Bug|[from] ability: Libero
|-damage|p2a: Greninja|37/100
|
|t:|1657589198
|switch|p1a: Among Us|Ditto, shiny|94/100|[from]move: U-turn
|-transform|p1a: Among Us|p2a: Greninja|[from] ability: Imposter
|
|-heal|p2a: Greninja|43/100|[from] item: Leftovers
|upkeep
|turn|18
|c|☆steven234234|nooo my plan
|c|☆Ike745|lmfaoooo
|c|☆Ike745|this set
|
|t:|1657589222
|switch|p2a: Scizor|Scizor-Mega, F|76/100
|move|p1a: Among Us|Ice Beam|p2a: Scizor
|-start|p1a: Among Us|typechange|Ice|[from] ability: Protean
|-resisted|p2a: Scizor
|-crit|p2a: Scizor
|-damage|p2a: Scizor|49/100
|
|upkeep
|turn|19
|
|t:|1657589234
|switch|p1a: Cinderace|Cinderace, M|100/100
|move|p2a: Scizor|Roost|p2a: Scizor
|-heal|p2a: Scizor|99/100
|-singleturn|p2a: Scizor|move: Roost
|
|upkeep
|turn|20
|
|t:|1657589245
|switch|p2a: Eternatus|Eternatus|70/100
|-ability|p2a: Eternatus|Pressure
|move|p1a: Cinderace|Pyro Ball|p2a: Eternatus
|-resisted|p2a: Eternatus
|-damage|p2a: Eternatus|47/100
|
|-heal|p2a: Eternatus|53/100|[from] item: Black Sludge
|upkeep
|turn|21
|
|t:|1657589262
|move|p2a: Eternatus|Recover|p2a: Eternatus
|-heal|p2a: Eternatus|100/100
|move|p1a: Cinderace|U-turn|p2a: Eternatus
|-start|p1a: Cinderace|typechange|Bug|[from] ability: Libero
|-resisted|p2a: Eternatus
|-damage|p2a: Eternatus|87/100
|
|t:|1657589282
|switch|p1a: Hydreigon|Hydreigon, F|100/100|[from]move: U-turn
|
|-heal|p2a: Eternatus|93/100|[from] item: Black Sludge
|upkeep
|turn|22
|
|t:|1657589303
|switch|p2a: Primarina|Primarina, M|78/100
|move|p1a: Hydreigon|U-turn|p2a: Primarina
|-resisted|p2a: Primarina
|-damage|p2a: Primarina|71/100
|
|t:|1657589334
|switch|p1a: Among Us|Ditto, shiny|94/100|[from]move: U-turn
|-transform|p1a: Among Us|p2a: Primarina|[from] ability: Imposter
|
|-heal|p2a: Primarina|77/100|[from] item: Leftovers
|upkeep
|turn|23
|
|t:|1657589342
|move|p1a: Among Us|Moonblast|p2a: Primarina
|-damage|p2a: Primarina|49/100
|move|p2a: Primarina|Whirlpool|p1a: Among Us
|-resisted|p1a: Among Us
|-damage|p1a: Among Us|88/100
|-activate|p1a: Among Us|move: Whirlpool|[of] p2a: Primarina
|
|-heal|p2a: Primarina|55/100|[from] item: Leftovers
|-damage|p1a: Among Us|76/100|[from] move: Whirlpool|[partiallytrapped]
|upkeep
|turn|24
|
|t:|1657589350
|move|p1a: Among Us|Moonblast|p2a: Primarina
|-damage|p2a: Primarina|27/100
|-unboost|p2a: Primarina|spa|1
|move|p2a: Primarina|Perish Song|p2a: Primarina
|-start|p1a: Among Us|perish3|[silent]
|-start|p2a: Primarina|perish3|[silent]
|-fieldactivate|move: Perish Song
|
|-heal|p2a: Primarina|33/100|[from] item: Leftovers
|-damage|p1a: Among Us|63/100|[from] move: Whirlpool|[partiallytrapped]
|-start|p1a: Among Us|perish3
|-start|p2a: Primarina|perish3
|upkeep
|turn|25
|
|t:|1657589361
|move|p2a: Primarina|Protect|p2a: Primarina
|-singleturn|p2a: Primarina|Protect
|move|p1a: Among Us|Moonblast|p2a: Primarina
|-activate|p2a: Primarina|move: Protect
|
|-heal|p2a: Primarina|39/100|[from] item: Leftovers
|-damage|p1a: Among Us|51/100|[from] move: Whirlpool|[partiallytrapped]
|-start|p1a: Among Us|perish2
|-start|p2a: Primarina|perish2
|upkeep
|turn|26
|
|t:|1657589371
|move|p1a: Among Us|Moonblast|p2a: Primarina
|-damage|p2a: Primarina|8/100
|-unboost|p2a: Primarina|spa|1
|move|p2a: Primarina|Moonblast|p1a: Among Us
|-damage|p1a: Among Us|34/100
|
|-heal|p2a: Primarina|14/100|[from] item: Leftovers
|-damage|p1a: Among Us|22/100|[from] move: Whirlpool|[partiallytrapped]
|-start|p1a: Among Us|perish1
|-start|p2a: Primarina|perish1
|upkeep
|turn|27
|
|t:|1657589384
|switch|p2a: Scizor|Scizor-Mega, F|99/100
|move|p1a: Among Us|Moonblast|p2a: Scizor
|-resisted|p2a: Scizor
|-damage|p2a: Scizor|83/100
|-unboost|p2a: Scizor|spa|1
|
|-end|p1a: Among Us|Whirlpool|[partiallytrapped]|[silent]
|-start|p1a: Among Us|perish0
|upkeep
|faint|p1a: Among Us
|
|t:|1657589391
|switch|p1a: Cinderace|Cinderace, M|100/100
|turn|28
|
|t:|1657589402
|switch|p2a: Primarina|Primarina, M|14/100
|move|p1a: Cinderace|Pyro Ball|p2a: Primarina
|-resisted|p2a: Primarina
|-damage|p2a: Primarina|0 fnt
|faint|p2a: Primarina
|
|upkeep
|
|t:|1657589426
|switch|p2a: Eternatus|Eternatus|93/100
|-ability|p2a: Eternatus|Pressure
|turn|29
|
|t:|1657589493
|move|p2a: Eternatus|Dragon Pulse|p1a: Cinderace
|-damage|p1a: Cinderace|47/100
|move|p1a: Cinderace|Pyro Ball|p2a: Eternatus
|-resisted|p2a: Eternatus
|-damage|p2a: Eternatus|70/100
|
|-heal|p2a: Eternatus|76/100|[from] item: Black Sludge
|upkeep
|turn|30
|
|t:|1657589542
|switch|p1a: Hydreigon|Hydreigon, F|100/100
|move|p2a: Eternatus|Dragon Pulse|p1a: Hydreigon
|-supereffective|p1a: Hydreigon
|-damage|p1a: Hydreigon|2/100
|
|-heal|p2a: Eternatus|83/100|[from] item: Black Sludge
|upkeep
|turn|31
|
|t:|1657589554
|switch|p2a: Scizor|Scizor-Mega, F|83/100
|move|p1a: Hydreigon|Draco Meteor|p2a: Scizor
|-resisted|p2a: Scizor
|-damage|p2a: Scizor|56/100
|-unboost|p1a: Hydreigon|spa|2
|
|upkeep
|turn|32
|
|t:|1657589563
|switch|p1a: Cinderace|Cinderace, M|47/100
|switch|p2a: Greninja|Greninja, M|43/100
|
|-heal|p2a: Greninja|49/100|[from] item: Leftovers
|upkeep
|turn|33
|
|t:|1657589572
|move|p2a: Greninja|Dig||[still]
|-prepare|p2a: Greninja|Dig
|-start|p2a: Greninja|typechange|Ground|[from] ability: Protean
|move|p1a: Cinderace|U-turn|p2a: Greninja|[miss]
|-start|p1a: Cinderace|typechange|Bug|[from] ability: Libero
|-miss|p1a: Cinderace|p2a: Greninja
|
|-heal|p2a: Greninja|55/100|[from] item: Leftovers
|upkeep
|turn|34
|
|t:|1657589580
|switch|p1a: Hydreigon|Hydreigon, F|2/100
|move|p2a: Greninja|Dig|p1a: Hydreigon|[from]lockedmove
|-immune|p1a: Hydreigon|[from] ability: Levitate
|
|-heal|p2a: Greninja|61/100|[from] item: Leftovers
|upkeep
|turn|35
|
|t:|1657589592
|move|p2a: Greninja|Protect|p2a: Greninja
|-start|p2a: Greninja|typechange|Normal|[from] ability: Protean
|-singleturn|p2a: Greninja|Protect
|move|p1a: Hydreigon|Fire Blast|p2a: Greninja
|-activate|p2a: Greninja|move: Protect
|
|-heal|p2a: Greninja|67/100|[from] item: Leftovers
|upkeep
|turn|36
|
|t:|1657589601
|move|p1a: Hydreigon|Fire Blast|p2a: Greninja
|-damage|p2a: Greninja|13/100
|move|p2a: Greninja|Ice Beam|p1a: Hydreigon
|-start|p2a: Greninja|typechange|Ice|[from] ability: Protean
|-supereffective|p1a: Hydreigon
|-damage|p1a: Hydreigon|0 fnt
|faint|p1a: Hydreigon
|
|-heal|p2a: Greninja|19/100|[from] item: Leftovers
|upkeep
|
|t:|1657589611
|switch|p1a: Cinderace|Cinderace, M|47/100
|turn|37
|
|t:|1657589618
|move|p1a: Cinderace|Sucker Punch|p2a: Greninja
|-start|p1a: Cinderace|typechange|Dark|[from] ability: Libero
|-damage|p2a: Greninja|0 fnt
|faint|p2a: Greninja
|
|upkeep
|
|t:|1657589622
|switch|p2a: Eternatus|Eternatus|83/100
|-ability|p2a: Eternatus|Pressure
|turn|38
|
|t:|1657589631
|move|p1a: Cinderace|Sucker Punch|p2a: Eternatus
|-damage|p2a: Eternatus|57/100
|move|p2a: Eternatus|Dragon Pulse|p1a: Cinderace
|-damage|p1a: Cinderace|0 fnt
|faint|p1a: Cinderace
|
|win|steven234234
|c|☆steven234234|gg
|c|☆Ike745|gg bro
|c|☆Ike745|good prim set
|c|☆Ike745|trappin lele and then having pursuit ttar
|c|☆Ike745|sheesh
