|j|☆diggersboy660
|j|☆CLEAR GEM清瑜
|t:|1664811893
|gametype|singles
|player|p1|diggersboy660|n|1854
|player|p2|CLEAR GEM清瑜|skierf|1739
|teamsize|p1|6
|teamsize|p2|6
|gen|8
|tier|[Gen 8] National Dex AG
|rated|
|rule|HP Percentage Mod: HP is shown in percentages
|rule|Endless Battle Clause: Forcing endless battles is banned
|clearpoke
|poke|p1|Ditto|
|poke|p1|Relicanth, M|
|poke|p1|Yveltal|
|poke|p1|Arceus-*|
|poke|p1|Xerneas-*|
|poke|p1|Eternatus|
|poke|p2|Rayquaza|
|poke|p2|Groudon|
|poke|p2|Necrozma-Dusk-Mane|
|poke|p2|Arceus-*|
|poke|p2|Arceus-*|
|poke|p2|Arceus-*|
|teampreview
|
|t:|1664811897
|start
|switch|p1a: Relicanth|Relicanth, M|100/100
|switch|p2a: 究极辅助|Arceus-Dark|100/100
|turn|1
|
|t:|1664811903
|move|p2a: 究极辅助|Magic Coat|p2a: 究极辅助
|-singleturn|p2a: 究极辅助|move: Magic Coat
|move|p1a: Relicanth|Stealth Rock|p2a: 究极辅助
|move|p2a: 究极辅助|Stealth Rock|p1a: Relicanth|[from]Magic Coat
|-sidestart|p1: diggersboy660|move: Stealth Rock
|
|upkeep
|turn|2
|
|t:|1664811909
|move|p2a: 究极辅助|Judgment|p1a: Relicanth
|-damage|p1a: Relicanth|23/100
|move|p1a: Relicanth|Stealth Rock|p2a: 究极辅助
|-sidestart|p2: CLEAR GEM清瑜|move: Stealth Rock
|
|upkeep
|turn|3
|-enditem|p1a: Relicanth|Custap Berry|[eat]
|-activate|p1a: Relicanth|item: Custap Berry|[consumed]
|
|t:|1664811913
|move|p1a: Relicanth|Yawn|p2a: 究极辅助
|-start|p2a: 究极辅助|move: Yawn|[of] p1a: Relicanth
|move|p2a: 究极辅助|Judgment|p1a: Relicanth
|-crit|p1a: Relicanth
|-damage|p1a: Relicanth|0 fnt
|faint|p1a: Relicanth
|
|upkeep
|
|t:|1664811916
|switch|p1a: Xerneas|Xerneas|100/100
|-damage|p1a: Xerneas|88/100|[from] Stealth Rock
|-ability|p1a: Xerneas|Fairy Aura
|turn|4
|
|t:|1664811918
|move|p1a: Xerneas|Geomancy||[still]
|-prepare|p1a: Xerneas|Geomancy
|-enditem|p1a: Xerneas|Power Herb
|-anim|p1a: Xerneas|Geomancy|p1a: Xerneas
|-boost|p1a: Xerneas|spa|2
|-boost|p1a: Xerneas|spd|2
|-boost|p1a: Xerneas|spe|2
|move|p2a: 究极辅助|Roar|p1a: Xerneas
|drag|p1a: Eternatus|Eternatus|100/100
|-damage|p1a: Eternatus|88/100|[from] Stealth Rock
|-ability|p1a: Eternatus|Pressure
|
|-heal|p1a: Eternatus|94/100|[from] item: Black Sludge
|-end|p2a: 究极辅助|move: Yawn|[silent]
|-status|p2a: 究极辅助|slp
|upkeep
|turn|5
|
|t:|1664811924
|switch|p1a: Arceus|Arceus|100/100
|-damage|p1a: Arceus|88/100|[from] Stealth Rock
|cant|p2a: 究极辅助|slp
|
|upkeep
|turn|6
|
|t:|1664811932
|move|p1a: Arceus|Swords Dance|p1a: Arceus
|-boost|p1a: Arceus|atk|2
|-curestatus|p2a: 究极辅助|slp|[msg]
|move|p2a: 究极辅助|Roar|p1a: Arceus
|drag|p1a: Ditto|Ditto|100/100
|-damage|p1a: Ditto|88/100|[from] Stealth Rock
|-transform|p1a: Ditto|p2a: 究极辅助|[from] ability: Imposter
|
|upkeep
|turn|7
|inactive|Battle timer is ON: inactive players will automatically lose when time's up. (requested by diggersboy660)
|
|t:|1664811938
|switch|p1a: Eternatus|Eternatus|94/100
|-damage|p1a: Eternatus|82/100|[from] Stealth Rock
|-ability|p1a: Eternatus|Pressure
|move|p2a: 究极辅助|Roar|p1a: Eternatus
|drag|p1a: Arceus|Arceus|88/100
|-damage|p1a: Arceus|76/100|[from] Stealth Rock
|
|upkeep
|turn|8
|
|t:|1664811942
|move|p1a: Arceus|Extreme Speed|p2a: 究极辅助
|-damage|p2a: 究极辅助|72/100
|move|p2a: 究极辅助|Roar|p1a: Arceus
|drag|p1a: Yveltal|Yveltal|100/100
|-damage|p1a: Yveltal|76/100|[from] Stealth Rock
|-ability|p1a: Yveltal|Dark Aura
|
|upkeep
|turn|9
|
|t:|1664811946
|move|p1a: Yveltal|Oblivion Wing|p2a: 究极辅助
|-damage|p2a: 究极辅助|43/100
|-heal|p1a: Yveltal|99/100|[from] drain|[of] p2a: 究极辅助
|move|p2a: 究极辅助|Recover|p2a: 究极辅助
|-heal|p2a: 究极辅助|93/100
|
|upkeep
|turn|10
|
|t:|1664811948
|move|p1a: Yveltal|Taunt|p2a: 究极辅助
|-start|p2a: 究极辅助|move: Taunt
|cant|p2a: 究极辅助|move: Taunt|Roar
|
|upkeep
|turn|11
|
|t:|1664811950
|move|p1a: Yveltal|Dark Pulse|p2a: 究极辅助
|-resisted|p2a: 究极辅助
|-damage|p2a: 究极辅助|77/100
|cant|p2a: 究极辅助|flinch
|
|upkeep
|turn|12
|
|t:|1664811954
|move|p1a: Yveltal|Oblivion Wing|p2a: 究极辅助
|-damage|p2a: 究极辅助|50/100
|-heal|p1a: Yveltal|100/100|[from] drain|[of] p2a: 究极辅助
|move|p2a: 究极辅助|Judgment|p1a: Yveltal
|-resisted|p1a: Yveltal
|-damage|p1a: Yveltal|67/100
|
|-end|p2a: 究极辅助|move: Taunt
|upkeep
|turn|13
|
|t:|1664811958
|move|p1a: Yveltal|Taunt|p2a: 究极辅助
|-start|p2a: 究极辅助|move: Taunt
|cant|p2a: 究极辅助|move: Taunt|Recover
|
|upkeep
|turn|14
|
|t:|1664811961
|move|p1a: Yveltal|Oblivion Wing|p2a: 究极辅助
|-damage|p2a: 究极辅助|24/100
|-heal|p1a: Yveltal|88/100|[from] drain|[of] p2a: 究极辅助
|move|p2a: 究极辅助|Judgment|p1a: Yveltal
|-resisted|p1a: Yveltal
|-crit|p1a: Yveltal
|-damage|p1a: Yveltal|43/100
|
|upkeep
|turn|15
|
|t:|1664811962
|move|p1a: Yveltal|Oblivion Wing|p2a: 究极辅助
|-damage|p2a: 究极辅助|0 fnt
|-heal|p1a: Yveltal|61/100|[from] drain|[of] p2a: 究极辅助
|faint|p2a: 究极辅助
|
|upkeep
|
|t:|1664811967
|switch|p2a: 不会(?)|Groudon|100/100
|-damage|p2a: 不会(?)|94/100|[from] Stealth Rock
|detailschange|p2a: 不会(?)|Groudon-Primal
|-primal|p2a: 不会(?)
|-weather|DesolateLand|[from] ability: Desolate Land|[of] p2a: 不会(?)
|turn|16
|
|t:|1664811970
|move|p1a: Yveltal|Oblivion Wing|p2a: 不会(?)
|-damage|p2a: 不会(?)|56/100
|-heal|p1a: Yveltal|91/100|[from] drain|[of] p2a: 不会(?)
|move|p2a: 不会(?)|Heat Crash|p1a: Yveltal
|-damage|p1a: Yveltal|0 fnt
|faint|p1a: Yveltal
|
|-weather|DesolateLand|[upkeep]
|upkeep
|
|t:|1664811974
|switch|p1a: Arceus|Arceus|76/100
|-damage|p1a: Arceus|63/100|[from] Stealth Rock
|turn|17
|
|t:|1664811978
|move|p1a: Arceus|Earthquake|p2a: 不会(?)
|-supereffective|p2a: 不会(?)
|-damage|p2a: 不会(?)|19/100
|move|p2a: 不会(?)|Heat Crash|p1a: Arceus
|-damage|p1a: Arceus|2/100
|-enditem|p1a: Arceus|Sitrus Berry|[eat]
|-heal|p1a: Arceus|27/100|[from] item: Sitrus Berry
|
|-weather|DesolateLand|[upkeep]
|upkeep
|turn|18
|
|t:|1664811983
|move|p1a: Arceus|Extreme Speed|p2a: 不会(?)
|-damage|p2a: 不会(?)|0 fnt
|faint|p2a: 不会(?)
|-weather|none
|
|upkeep
|
|t:|1664811987
|switch|p2a: 烈龙无敌|Rayquaza|100/100
|-damage|p2a: 烈龙无敌|76/100|[from] Stealth Rock
|-ability|p2a: 烈龙无敌|Air Lock
|turn|19
|
|t:|1664811990
|detailschange|p2a: 烈龙无敌|Rayquaza-Mega
|-mega|p2a: 烈龙无敌|Rayquaza|
|-weather|DeltaStream|[from] ability: Delta Stream|[of] p2a: 烈龙无敌
|move|p2a: 烈龙无敌|Extreme Speed|p1a: Arceus
|-damage|p1a: Arceus|1/100
|move|p1a: Arceus|Extreme Speed|p2a: 烈龙无敌
|-damage|p2a: 烈龙无敌|40/100
|
|-weather|DeltaStream|[upkeep]
|upkeep
|turn|20
|
|t:|1664811992
|move|p2a: 烈龙无敌|Extreme Speed|p1a: Arceus
|-damage|p1a: Arceus|0 fnt
|faint|p1a: Arceus
|
|-weather|DeltaStream|[upkeep]
|upkeep
|
|t:|1664811996
|switch|p1a: Ditto|Ditto|88/100
|-damage|p1a: Ditto|76/100|[from] Stealth Rock
|-transform|p1a: Ditto|p2a: 烈龙无敌|[from] ability: Imposter
|turn|21
|
|t:|1664812006
|move|p1a: Ditto|Dragon Ascent|p2a: 烈龙无敌
|-damage|p2a: 烈龙无敌|0 fnt
|-unboost|p1a: Ditto|def|1
|-unboost|p1a: Ditto|spd|1
|faint|p2a: 烈龙无敌
|
|-weather|DeltaStream|[upkeep]
|upkeep
|
|t:|1664812017
|switch|p2a: 钢铁之躯|Necrozma-Dusk-Mane|100/100
|-damage|p2a: 钢铁之躯|94/100|[from] Stealth Rock
|turn|22
|
|t:|1664812021
|-weather|none
|switch|p1a: Xerneas|Xerneas|88/100
|-damage|p1a: Xerneas|76/100|[from] Stealth Rock
|-ability|p1a: Xerneas|Fairy Aura
|move|p2a: 钢铁之躯|Dragon Dance|p2a: 钢铁之躯
|-boost|p2a: 钢铁之躯|atk|1
|-boost|p2a: 钢铁之躯|spe|1
|
|upkeep
|turn|23
|
|t:|1664812027
|detailschange|p2a: 钢铁之躯|Necrozma-Ultra
|-burst|p2a: 钢铁之躯|Necrozma|Ultranecrozium Z
|move|p2a: 钢铁之躯|Photon Geyser|p1a: Xerneas
|-damage|p1a: Xerneas|0 fnt
|faint|p1a: Xerneas
|
|upkeep
|
|t:|1664812030
|switch|p1a: Ditto|Ditto|76/100
|-damage|p1a: Ditto|63/100|[from] Stealth Rock
|-transform|p1a: Ditto|p2a: 钢铁之躯|[from] ability: Imposter
|turn|24
|
|t:|1664812034
|move|p1a: Ditto|Stone Edge|p2a: 钢铁之躯
|-damage|p2a: 钢铁之躯|33/100
|-zpower|p2a: 钢铁之躯
|move|p2a: 钢铁之躯|Light That Burns the Sky|p1a: Ditto|[zeffect]
|-resisted|p1a: Ditto
|-damage|p1a: Ditto|0 fnt
|faint|p1a: Ditto
|
|upkeep
|
|t:|1664812037
|switch|p1a: Eternatus|Eternatus|82/100
|-damage|p1a: Eternatus|70/100|[from] Stealth Rock
|-ability|p1a: Eternatus|Pressure
|turn|25
|
|t:|1664812040
|move|p2a: 钢铁之躯|Photon Geyser|p1a: Eternatus
|-supereffective|p1a: Eternatus
|-damage|p1a: Eternatus|0 fnt
|faint|p1a: Eternatus
|
|win|CLEAR GEM清瑜
|raw|diggersboy660's rating: 1854 &rarr; <strong>1828</strong><br />(-26 for losing)
|raw|CLEAR GEM清瑜's rating: 1739 &rarr; <strong>1765</strong><br />(+26 for winning)
|l|☆diggersboy660
||Ladder isn't responding, score probably updated but might not have (Request timeout).
