|j|☆soviet glonk
|j|☆chamatorio
|t:|1632368004
|gametype|singles
|player|p1|soviet glonk|ghetsis|1639
|player|p2|chamatorio|riley|1654
|teamsize|p1|6
|teamsize|p2|6
|gen|8
|tier|[Gen 8] National Dex AG
|rated|
|rule|HP Percentage Mod: HP is shown in percentages
|rule|Endless Battle Clause: Forcing endless battles is banned
|clearpoke
|poke|p1|Zekrom|
|poke|p1|Arceus-*|
|poke|p1|Arceus-*|
|poke|p1|Necrozma-Dusk-Mane|
|poke|p1|Yveltal|
|poke|p1|Ditto|
|poke|p2|Arceus-*|
|poke|p2|Rayquaza|
|poke|p2|Zacian-*|
|poke|p2|Marshadow|
|poke|p2|Ho-Oh|
|poke|p2|Yveltal|
|teampreview
|inactive|Battle timer is ON: inactive players will automatically lose when time's up. (requested by soviet glonk)
|j| Beatboxing_Phantom
|
|t:|1632368027
|start
|switch|p1a: Necrozma|Necrozma-Dusk-Mane|100/100
|switch|p2a: Ho-Oh|Ho-Oh, shiny|100/100
|turn|1
|
|t:|1632368037
|move|p2a: Ho-Oh|Sacred Fire|p1a: Necrozma
|-supereffective|p1a: Necrozma
|-damage|p1a: Necrozma|68/100
|-status|p1a: Necrozma|brn
|move|p1a: Necrozma|Stealth Rock|p2a: Ho-Oh
|-sidestart|p2: chamatorio|move: Stealth Rock
|
|-damage|p1a: Necrozma|62/100 brn|[from] brn
|upkeep
|turn|2
|
|t:|1632368052
|move|p2a: Ho-Oh|Sacred Fire|p1a: Necrozma
|-supereffective|p1a: Necrozma
|-damage|p1a: Necrozma|25/100 brn
|move|p1a: Necrozma|Moonlight|p1a: Necrozma
|-heal|p1a: Necrozma|75/100 brn
|
|-damage|p1a: Necrozma|69/100 brn|[from] brn
|upkeep
|turn|3
|
|t:|1632368069
|switch|p1a: Arceus|Arceus-Water|100/100
|-start|p2a: Ho-Oh|Dynamax
|-heal|p2a: Ho-Oh|100/100|[silent]
|move|p2a: Ho-Oh|Max Flare|p1a: Arceus
|-resisted|p1a: Arceus
|-damage|p1a: Arceus|87/100
|-weather|SunnyDay
|
|-weather|SunnyDay|[upkeep]
|upkeep
|turn|4
|inactive|chamatorio has 120 seconds left.
|
|t:|1632368100
|move|p1a: Arceus|Whirlpool|p2a: Ho-Oh|[miss]
|-miss|p1a: Arceus|p2a: Ho-Oh
|move|p2a: Ho-Oh|Max Airstream|p1a: Arceus
|-damage|p1a: Arceus|55/100
|-boost|p2a: Ho-Oh|spe|1
|
|-weather|SunnyDay|[upkeep]
|upkeep
|turn|5
|
|t:|1632368109
|move|p2a: Ho-Oh|Max Airstream|p1a: Arceus
|-damage|p1a: Arceus|26/100
|-boost|p2a: Ho-Oh|spe|1
|move|p1a: Arceus|Recover|p1a: Arceus
|-heal|p1a: Arceus|76/100
|
|-weather|SunnyDay|[upkeep]
|-end|p2a: Ho-Oh|Dynamax
|-heal|p2a: Ho-Oh|100/100|[silent]
|upkeep
|turn|6
|inactive|chamatorio has 120 seconds left.
|
|t:|1632368128
|switch|p2a: Yveltal|Yveltal, shiny|100/100
|-damage|p2a: Yveltal|76/100|[from] Stealth Rock
|-ability|p2a: Yveltal|Dark Aura
|move|p1a: Arceus|Perish Song|p1a: Arceus
|-start|p1a: Arceus|perish3|[silent]
|-start|p2a: Yveltal|perish3|[silent]
|-fieldactivate|move: Perish Song
|
|-weather|SunnyDay|[upkeep]
|-heal|p2a: Yveltal|82/100|[from] item: Leftovers
|-start|p1a: Arceus|perish3
|-start|p2a: Yveltal|perish3
|upkeep
|turn|7
|inactive|chamatorio has 120 seconds left.
|
|t:|1632368142
|move|p1a: Arceus|Whirlpool|p2a: Yveltal|[miss]
|-miss|p1a: Arceus|p2a: Yveltal
|move|p2a: Yveltal|Defog|p1a: Arceus
|-unboost|p1a: Arceus|evasion|1
|-sideend|p2: chamatorio|Stealth Rock|[from] move: Defog|[of] p2a: Yveltal
|
|-weather|none
|-heal|p2a: Yveltal|88/100|[from] item: Leftovers
|-start|p1a: Arceus|perish2
|-start|p2a: Yveltal|perish2
|upkeep
|turn|8
|inactive|chamatorio has 120 seconds left.
|
|t:|1632368154
|switch|p2a: Arceus|Arceus|100/100
|move|p1a: Arceus|Whirlpool|p2a: Arceus
|-damage|p2a: Arceus|90/100
|-activate|p2a: Arceus|move: Whirlpool|[of] p1a: Arceus
|
|-damage|p2a: Arceus|78/100|[from] move: Whirlpool|[partiallytrapped]
|-start|p1a: Arceus|perish1
|upkeep
|turn|9
|l| Beatboxing_Phantom
|
|t:|1632368182
|switch|p1a: Necrozma|Necrozma-Dusk-Mane|69/100 brn
|move|p2a: Arceus|Swords Dance|p2a: Arceus
|-boost|p2a: Arceus|atk|2
|
|-damage|p1a: Necrozma|63/100 brn|[from] brn
|-end|p2a: Arceus|Whirlpool|[partiallytrapped]|[silent]
|upkeep
|turn|10
|
|t:|1632368194
|move|p2a: Arceus|Shadow Claw|p1a: Necrozma
|-supereffective|p1a: Necrozma
|-damage|p1a: Necrozma|12/100 brn
|-damage|p2a: Arceus|61/100|[from] item: Rocky Helmet|[of] p1a: Necrozma
|-damage|p2a: Arceus|51/100|[from] item: Life Orb
|move|p1a: Necrozma|Moonlight|p1a: Necrozma
|-heal|p1a: Necrozma|62/100 brn
|
|-damage|p1a: Necrozma|56/100 brn|[from] brn
|upkeep
|turn|11
|
|t:|1632368211
|move|p2a: Arceus|Recover|p2a: Arceus
|-heal|p2a: Arceus|100/100
|move|p1a: Necrozma|Moonlight|p1a: Necrozma
|-heal|p1a: Necrozma|100/100 brn
|
|-damage|p1a: Necrozma|94/100 brn|[from] brn
|upkeep
|turn|12
|
|t:|1632368222
|move|p2a: Arceus|Swords Dance|p2a: Arceus
|-boost|p2a: Arceus|atk|2
|move|p1a: Necrozma|Stealth Rock|p2a: Arceus
|-sidestart|p2: chamatorio|move: Stealth Rock
|
|-damage|p1a: Necrozma|88/100 brn|[from] brn
|upkeep
|turn|13
|
|t:|1632368232
|move|p2a: Arceus|Shadow Claw|p1a: Necrozma
|-supereffective|p1a: Necrozma
|-damage|p1a: Necrozma|14/100 brn
|-damage|p2a: Arceus|84/100|[from] item: Rocky Helmet|[of] p1a: Necrozma
|-damage|p2a: Arceus|74/100|[from] item: Life Orb
|move|p1a: Necrozma|Toxic|p2a: Arceus
|-status|p2a: Arceus|tox
|
|-damage|p2a: Arceus|68/100 tox|[from] psn
|-damage|p1a: Necrozma|8/100 brn|[from] brn
|upkeep
|turn|14
|
|t:|1632368248
|move|p2a: Arceus|Extreme Speed|p1a: Necrozma
|-resisted|p1a: Necrozma
|-damage|p1a: Necrozma|0 fnt
|-damage|p2a: Arceus|51/100 tox|[from] item: Rocky Helmet|[of] p1a: Necrozma
|faint|p1a: Necrozma
|-damage|p2a: Arceus|41/100 tox|[from] item: Life Orb
|
|-damage|p2a: Arceus|29/100 tox|[from] psn
|upkeep
|inactive|soviet glonk has 120 seconds left.
|
|t:|1632368268
|switch|p1a: Ditto|Ditto|100/100
|-transform|p1a: Ditto|p2a: Arceus|[from] ability: Imposter
|turn|15
|inactive|soviet glonk has 120 seconds left.
|
|t:|1632368295
|move|p1a: Ditto|Extreme Speed|p2a: Arceus
|-damage|p2a: Arceus|0 fnt
|faint|p2a: Arceus
|
|upkeep
|
|t:|1632368304
|switch|p2a: Marshadow|Marshadow|100/100
|-damage|p2a: Marshadow|94/100|[from] Stealth Rock
|turn|16
|
|t:|1632368327
|switch|p1a: Arceus|Arceus-Water|76/100
|move|p2a: Marshadow|Close Combat|p1a: Arceus
|-damage|p1a: Arceus|47/100
|-unboost|p2a: Marshadow|def|1
|-unboost|p2a: Marshadow|spd|1
|
|upkeep
|turn|17
|
|t:|1632368342
|switch|p2a: Yveltal|Yveltal, shiny|88/100
|-damage|p2a: Yveltal|63/100|[from] Stealth Rock
|-ability|p2a: Yveltal|Dark Aura
|move|p1a: Arceus|Recover|p1a: Arceus
|-heal|p1a: Arceus|97/100
|
|-heal|p2a: Yveltal|69/100|[from] item: Leftovers
|upkeep
|turn|18
|inactive|soviet glonk has 90 seconds left.
|
|t:|1632368370
|move|p1a: Arceus|Whirlpool|p2a: Yveltal
|-damage|p2a: Yveltal|57/100
|-activate|p2a: Yveltal|move: Whirlpool|[of] p1a: Arceus
|move|p2a: Yveltal|Substitute|p2a: Yveltal
|-start|p2a: Yveltal|Substitute
|-end|p2a: Yveltal|Whirlpool|[partiallytrapped]|[silent]
|-damage|p2a: Yveltal|33/100
|
|-heal|p2a: Yveltal|39/100|[from] item: Leftovers
|upkeep
|turn|19
|
|t:|1632368380
|move|p1a: Arceus|Perish Song|p1a: Arceus
|-start|p1a: Arceus|perish3|[silent]
|-start|p2a: Yveltal|perish3|[silent]
|-fieldactivate|move: Perish Song
|move|p2a: Yveltal|Defog|p1a: Arceus
|-unboost|p1a: Arceus|evasion|1
|-sideend|p2: chamatorio|Stealth Rock|[from] move: Defog|[of] p2a: Yveltal
|
|-heal|p2a: Yveltal|45/100|[from] item: Leftovers
|-start|p1a: Arceus|perish3
|-start|p2a: Yveltal|perish3
|upkeep
|turn|20
|inactive|soviet glonk has 90 seconds left.
|
|t:|1632368402
|switch|p1a: Zekrom|Zekrom|100/100
|-ability|p1a: Zekrom|Teravolt
|move|p2a: Yveltal|Oblivion Wing|p1a: Zekrom
|-resisted|p1a: Zekrom
|-damage|p1a: Zekrom|78/100
|-heal|p2a: Yveltal|57/100|[from] drain|[of] p1a: Zekrom
|
|-heal|p1a: Zekrom|84/100|[from] item: Leftovers
|-heal|p2a: Yveltal|64/100|[from] item: Leftovers
|-start|p2a: Yveltal|perish2
|upkeep
|turn|21
|inactive|soviet glonk has 90 seconds left.
|
|t:|1632368420
|move|p1a: Zekrom|Substitute|p1a: Zekrom
|-start|p1a: Zekrom|Substitute
|-damage|p1a: Zekrom|59/100
|move|p2a: Yveltal|Dark Pulse|p1a: Zekrom
|-end|p1a: Zekrom|Substitute
|
|-heal|p1a: Zekrom|66/100|[from] item: Leftovers
|-heal|p2a: Yveltal|70/100|[from] item: Leftovers
|-start|p2a: Yveltal|perish1
|upkeep
|turn|22
|inactive|soviet glonk has 90 seconds left.
|
|t:|1632368436
|move|p1a: Zekrom|Dragon Dance|p1a: Zekrom
|-boost|p1a: Zekrom|atk|1
|-boost|p1a: Zekrom|spe|1
|move|p2a: Yveltal|Dark Pulse|p1a: Zekrom
|-damage|p1a: Zekrom|1/100
|
|-heal|p1a: Zekrom|7/100|[from] item: Leftovers
|-heal|p2a: Yveltal|76/100|[from] item: Leftovers
|-start|p2a: Yveltal|perish0
|upkeep
|faint|p2a: Yveltal
|inactive|chamatorio has 120 seconds left.
|
|t:|1632368464
|switch|p2a: Marshadow|Marshadow|94/100
|turn|23
|inactive|soviet glonk has 90 seconds left.
|
|t:|1632368481
|switch|p1a: Arceus|Arceus-Water|97/100
|move|p2a: Marshadow|Shadow Sneak|p1a: Arceus
|-damage|p1a: Arceus|81/100
|
|upkeep
|turn|24
|inactive|soviet glonk has 90 seconds left.
|inactive|chamatorio has 120 seconds left.
|
|t:|1632368515
|switch|p2a: Rayquaza|Rayquaza|100/100
|-ability|p2a: Rayquaza|Air Lock
|move|p1a: Arceus|Whirlpool|p2a: Rayquaza
|-resisted|p2a: Rayquaza
|-damage|p2a: Rayquaza|92/100
|-activate|p2a: Rayquaza|move: Whirlpool|[of] p1a: Arceus
|
|-damage|p2a: Rayquaza|80/100|[from] move: Whirlpool|[partiallytrapped]
|upkeep
|turn|25
|inactive|soviet glonk has 90 seconds left.
|
|t:|1632368533
|detailschange|p2a: Rayquaza|Rayquaza-Mega
|-mega|p2a: Rayquaza|Rayquaza|
|-weather|DeltaStream|[from] ability: Delta Stream|[of] p2a: Rayquaza
|move|p2a: Rayquaza|Dragon Ascent|p1a: Arceus
|-damage|p1a: Arceus|33/100
|-unboost|p2a: Rayquaza|def|1
|-unboost|p2a: Rayquaza|spd|1
|move|p1a: Arceus|Perish Song|p1a: Arceus
|-start|p1a: Arceus|perish3|[silent]
|-start|p2a: Rayquaza|perish3|[silent]
|-fieldactivate|move: Perish Song
|
|-weather|DeltaStream|[upkeep]
|-damage|p2a: Rayquaza|67/100|[from] move: Whirlpool|[partiallytrapped]
|-start|p2a: Rayquaza|perish3
|-start|p1a: Arceus|perish3
|upkeep
|turn|26
|inactive|soviet glonk has 90 seconds left.
|inactive|soviet glonk has 60 seconds left.
|
|t:|1632368586
|switch|p1a: Zekrom|Zekrom|7/100
|-ability|p1a: Zekrom|Teravolt
|move|p2a: Rayquaza|Dragon Ascent|p1a: Zekrom
|-resisted|p1a: Zekrom
|-damage|p1a: Zekrom|0 fnt
|-unboost|p2a: Rayquaza|def|1
|-unboost|p2a: Rayquaza|spd|1
|faint|p1a: Zekrom
|
|-weather|DeltaStream|[upkeep]
|-end|p2a: Rayquaza|Whirlpool|[partiallytrapped]|[silent]
|-start|p2a: Rayquaza|perish2
|upkeep
|
|t:|1632368595
|switch|p1a: Arceus|Arceus-Ground|100/100
|turn|27
|
|t:|1632368603
|-weather|none
|switch|p2a: Ho-Oh|Ho-Oh, shiny|100/100
|move|p1a: Arceus|Calm Mind|p1a: Arceus
|-boost|p1a: Arceus|spa|1
|-boost|p1a: Arceus|spd|1
|
|upkeep
|turn|28
|
|t:|1632368625
|switch|p1a: Arceus|Arceus-Water|33/100
|move|p2a: Ho-Oh|Sacred Fire|p1a: Arceus
|-resisted|p1a: Arceus
|-damage|p1a: Arceus|22/100
|
|upkeep
|turn|29
|
|t:|1632368633
|move|p1a: Arceus|Recover|p1a: Arceus
|-heal|p1a: Arceus|72/100
|move|p2a: Ho-Oh|Brave Bird|p1a: Arceus
|-damage|p1a: Arceus|47/100
|-damage|p2a: Ho-Oh|92/100|[from] Recoil
|
|-heal|p2a: Ho-Oh|98/100|[from] item: Leftovers
|upkeep
|turn|30
|inactive|chamatorio has 90 seconds left.
|inactive|chamatorio has 60 seconds left.
|
|t:|1632368706
|switch|p2a: Zacian|Zacian-Crowned|100/100
|-ability|p2a: Zacian|Intrepid Sword|boost
|-boost|p2a: Zacian|atk|1
|move|p1a: Arceus|Recover|p1a: Arceus
|-heal|p1a: Arceus|97/100
|
|upkeep
|turn|31
|
|t:|1632368726
|move|p2a: Zacian|Swords Dance|p2a: Zacian
|-boost|p2a: Zacian|atk|2
|move|p1a: Arceus|Earth Power|p2a: Zacian
|-supereffective|p2a: Zacian
|-damage|p2a: Zacian|51/100
|
|upkeep
|turn|32
|inactive|chamatorio has 30 seconds left.
|
|t:|1632368754
|move|p2a: Zacian|Play Rough|p1a: Arceus
|-damage|p1a: Arceus|22/100
|move|p1a: Arceus|Whirlpool|p2a: Zacian
|-damage|p2a: Zacian|36/100
|-activate|p2a: Zacian|move: Whirlpool|[of] p1a: Arceus
|
|-damage|p2a: Zacian|23/100|[from] move: Whirlpool|[partiallytrapped]
|upkeep
|turn|33
|
|t:|1632368766
|move|p2a: Zacian|Sacred Sword|p1a: Arceus
|-damage|p1a: Arceus|0 fnt
|faint|p1a: Arceus
|
|-end|p2a: Zacian|Whirlpool|[partiallytrapped]|[silent]
|upkeep
|
|t:|1632368770
|switch|p1a: Ditto|Ditto|100/100
|-transform|p1a: Ditto|p2a: Zacian|[from] ability: Imposter
|-ability|p1a: Ditto|Intrepid Sword|boost
|-boost|p1a: Ditto|atk|1
|turn|34
|inactive|soviet glonk has 60 seconds left.
|
|t:|1632368784
|move|p1a: Ditto|Behemoth Blade|p2a: Zacian
|-damage|p2a: Zacian|0 fnt
|faint|p2a: Zacian
|
|upkeep
|
|t:|1632368790
|switch|p2a: Ho-Oh|Ho-Oh, shiny|100/100
|turn|35
|
|t:|1632368796
|move|p1a: Ditto|Behemoth Blade|p2a: Ho-Oh
|-resisted|p2a: Ho-Oh
|-damage|p2a: Ho-Oh|13/100
|move|p2a: Ho-Oh|Sacred Fire|p1a: Ditto
|-supereffective|p1a: Ditto
|-damage|p1a: Ditto|14/100
|
|-heal|p2a: Ho-Oh|20/100|[from] item: Leftovers
|upkeep
|turn|36
|inactive|chamatorio has 60 seconds left.
|
|t:|1632368806
|move|p1a: Ditto|Behemoth Blade|p2a: Ho-Oh
|-resisted|p2a: Ho-Oh
|-damage|p2a: Ho-Oh|0 fnt
|faint|p2a: Ho-Oh
|
|upkeep
|inactive|chamatorio has 60 seconds left.
|
|t:|1632368811
|switch|p2a: Marshadow|Marshadow|94/100
|turn|37
|
|t:|1632368836
|move|p2a: Marshadow|Shadow Sneak|p1a: Ditto
|-damage|p1a: Ditto|0 fnt
|faint|p1a: Ditto
|
|upkeep
|
|t:|1632368842
|switch|p1a: Arceus|Arceus-Ground|100/100
|turn|38
|inactive|soviet glonk has 60 seconds left.
|
|t:|1632368866
|-start|p1a: Arceus|Dynamax
|-heal|p1a: Arceus|100/100|[silent]
|move|p2a: Marshadow|Close Combat|p1a: Arceus
|-damage|p1a: Arceus|76/100
|-unboost|p2a: Marshadow|def|1
|-unboost|p2a: Marshadow|spd|1
|move|p1a: Arceus|Max Quake|p2a: Marshadow
|-damage|p2a: Marshadow|0 fnt
|-boost|p1a: Arceus|spd|1
|faint|p2a: Marshadow
|
|upkeep
|
|t:|1632368879
|switch|p2a: Rayquaza|Rayquaza-Mega|67/100
|-weather|DeltaStream|[from] ability: Delta Stream|[of] p2a: Rayquaza
|turn|39
|
|t:|1632368885
|move|p2a: Rayquaza|Waterfall|p1a: Arceus
|-supereffective|p1a: Arceus
|-damage|p1a: Arceus|44/100
|move|p1a: Arceus|Max Hailstorm|p2a: Rayquaza
|-activate||deltastream
|-supereffective|p2a: Rayquaza
|-damage|p2a: Rayquaza|0 fnt
|faint|p2a: Rayquaza
|-weather|none
|
|win|soviet glonk
|raw|soviet glonk's rating: 1639 &rarr; <strong>1660</strong><br />(+21 for winning)
|raw|chamatorio's rating: 1654 &rarr; <strong>1633</strong><br />(-21 for losing)
|l|☆chamatorio
|c|☆soviet glonk|ggs
