|j|☆NeoPlasmaDennis
|j|☆IWSK
|player|p1|NeoPlasmaDennis|cress|1192
|player|p2|IWSK|1|1285
|teamsize|p1|6
|teamsize|p2|6
|gametype|singles
|gen|8
|tier|[Gen 8] National Dex AG
|rated|
|clearpoke
|poke|p1|Serperior, M|
|poke|p1|Staraptor, F|
|poke|p1|Cofagrigus, F|
|poke|p1|Golisopod, M|
|poke|p1|Garchomp, F|
|poke|p1|Kyurem-Black|
|poke|p2|Hippowdon, F|
|poke|p2|Arceus-*|
|poke|p2|Ferrothorn, F|
|poke|p2|Gengar, F|
|poke|p2|Garchomp, F|
|poke|p2|Blaziken, M|
|rule|HP Percentage Mod: HP is shown in percentages
|rule|Endless Battle Clause: Forcing endless battles is banned
|teampreview
|inactive|Battle timer is ON: inactive players will automatically lose when time's up. (requested by NeoPlasmaDennis)
|
|start
|switch|p1a: Best Birb|Staraptor, F|100/100
|switch|p2a: Gengar|Gengar, F|100/100
|turn|1
|
|switch|p2a: Ferrothorn|Ferrothorn, F|100/100
|move|p1a: Best Birb|Brave Bird|p2a: Ferrothorn
|-damage|p2a: Ferrothorn|54/100
|-damage|p1a: Best Birb|88/100|[from] ability: Iron Barbs|[of] p2a: Ferrothorn
|-damage|p1a: Best Birb|71/100|[from] Recoil
|
|upkeep
|turn|2
|
|move|p1a: Best Birb|Brave Bird|p2a: Ferrothorn
|-damage|p2a: Ferrothorn|13/100
|-damage|p1a: Best Birb|59/100|[from] ability: Iron Barbs|[of] p2a: Ferrothorn
|-enditem|p2a: Ferrothorn|Aguav Berry|[eat]
|-heal|p2a: Ferrothorn|46/100|[from] item: Aguav Berry
|-damage|p1a: Best Birb|44/100|[from] Recoil
|move|p2a: Ferrothorn|Gyro Ball|p1a: Best Birb
|-damage|p1a: Best Birb|0 fnt
|faint|p1a: Best Birb
|
|upkeep
|
|switch|p1a: Best Bug|Golisopod, M|100/100
|turn|3
|
|move|p1a: Best Bug|First Impression|p2a: Ferrothorn
|-damage|p2a: Ferrothorn|16/100
|-damage|p1a: Best Bug|88/100|[from] ability: Iron Barbs|[of] p2a: Ferrothorn
|move|p2a: Ferrothorn|Leech Seed|p1a: Best Bug|[miss]
|-miss|p2a: Ferrothorn|p1a: Best Bug
|
|upkeep
|turn|4
|
|move|p1a: Best Bug|Leech Life|p2a: Ferrothorn
|-damage|p2a: Ferrothorn|0 fnt
|-heal|p1a: Best Bug|96/100|[from] drain|[of] p2a: Ferrothorn
|-damage|p1a: Best Bug|84/100|[from] ability: Iron Barbs|[of] p2a: Ferrothorn
|faint|p2a: Ferrothorn
|
|upkeep
|
|switch|p2a: Garchomp|Garchomp, F|100/100
|turn|5
|
|move|p2a: Garchomp|Stealth Rock|p1a: Best Bug
|-sidestart|p1: NeoPlasmaDennis|move: Stealth Rock
|move|p1a: Best Bug|Liquidation|p2a: Garchomp
|-damage|p2a: Garchomp|52/100
|-damage|p1a: Best Bug|72/100|[from] ability: Rough Skin|[of] p2a: Garchomp
|
|upkeep
|turn|6
|
|move|p2a: Garchomp|Rock Tomb|p1a: Best Bug
|-supereffective|p1a: Best Bug
|-damage|p1a: Best Bug|42/100
|-unboost|p1a: Best Bug|spe|1
|-enditem|p1a: Best Bug|Sitrus Berry|[eat]
|-heal|p1a: Best Bug|67/100|[from] item: Sitrus Berry
|move|p1a: Best Bug|Liquidation|p2a: Garchomp
|-damage|p2a: Garchomp|1/100
|-unboost|p2a: Garchomp|def|1
|-damage|p1a: Best Bug|54/100|[from] ability: Rough Skin|[of] p2a: Garchomp
|
|upkeep
|turn|7
|
|move|p1a: Best Bug|Aqua Jet|p2a: Garchomp
|-damage|p2a: Garchomp|0 fnt
|-damage|p1a: Best Bug|42/100|[from] ability: Rough Skin|[of] p2a: Garchomp
|-activate|p1a: Best Bug|ability: Emergency Exit
|faint|p2a: Garchomp
|
|switch|p1a: Best Dragon|Garchomp, F|100/100
|-damage|p1a: Best Dragon|94/100|[from] Stealth Rock
|
|upkeep
|
|switch|p2a: Hippowdon|Hippowdon, F|100/100
|-weather|Sandstorm|[from] ability: Sand Stream|[of] p2a: Hippowdon
|turn|8
|
|detailschange|p1a: Best Dragon|Garchomp-Mega, F
|-mega|p1a: Best Dragon|Garchomp|Garchompite
|move|p1a: Best Dragon|Swords Dance|p1a: Best Dragon
|-boost|p1a: Best Dragon|atk|2
|move|p2a: Hippowdon|Yawn|p1a: Best Dragon
|-start|p1a: Best Dragon|move: Yawn|[of] p2a: Hippowdon
|
|-weather|Sandstorm|[upkeep]
|upkeep
|turn|9
|
|switch|p1a: Best Starter|Serperior, M|100/100
|-damage|p1a: Best Starter|88/100|[from] Stealth Rock
|move|p2a: Hippowdon|Yawn|p1a: Best Starter
|-start|p1a: Best Starter|move: Yawn|[of] p2a: Hippowdon
|
|-weather|Sandstorm|[upkeep]
|-damage|p1a: Best Starter|82/100|[from] Sandstorm
|-heal|p1a: Best Starter|88/100|[from] item: Leftovers
|upkeep
|turn|10
|
|move|p1a: Best Starter|Leaf Storm|p2a: Hippowdon
|-supereffective|p2a: Hippowdon
|-damage|p2a: Hippowdon|32/100
|-boost|p1a: Best Starter|spa|2
|-enditem|p2a: Hippowdon|Sitrus Berry|[eat]
|-heal|p2a: Hippowdon|57/100|[from] item: Sitrus Berry
|move|p2a: Hippowdon|Yawn||[still]
|-fail|p2a: Hippowdon
|
|-weather|Sandstorm|[upkeep]
|-damage|p1a: Best Starter|82/100|[from] Sandstorm
|-heal|p1a: Best Starter|88/100|[from] item: Leftovers
|-end|p1a: Best Starter|move: Yawn|[silent]
|-status|p1a: Best Starter|slp
|upkeep
|turn|11
|
|switch|p2a: Arceus|Arceus|100/100
|cant|p1a: Best Starter|slp
|
|-weather|Sandstorm|[upkeep]
|-damage|p1a: Best Starter|82/100 slp|[from] Sandstorm
|-damage|p2a: Arceus|94/100|[from] Sandstorm
|-heal|p1a: Best Starter|88/100 slp|[from] item: Leftovers
|upkeep
|turn|12
|
|-curestatus|p1a: Best Starter|slp|[msg]
|move|p1a: Best Starter|Leaf Storm|p2a: Arceus
|-damage|p2a: Arceus|35/100
|-boost|p1a: Best Starter|spa|2
|move|p2a: Arceus|Swords Dance|p2a: Arceus
|-boost|p2a: Arceus|atk|2
|
|-weather|none
|-heal|p1a: Best Starter|94/100|[from] item: Leftovers
|upkeep
|turn|13
|
|move|p2a: Arceus|Extreme Speed|p1a: Best Starter
|-damage|p1a: Best Starter|0 fnt
|-damage|p2a: Arceus|25/100|[from] item: Life Orb
|faint|p1a: Best Starter
|
|upkeep
|
|switch|p1a: Best Bug|Golisopod, M|42/100
|-damage|p1a: Best Bug|17/100|[from] Stealth Rock
|turn|14
|
|move|p2a: Arceus|Extreme Speed|p1a: Best Bug
|-damage|p1a: Best Bug|0 fnt
|-damage|p2a: Arceus|15/100|[from] item: Life Orb
|faint|p1a: Best Bug
|
|upkeep
|
|switch|p1a: Best Ghost|Cofagrigus, F|100/100
|-damage|p1a: Best Ghost|88/100|[from] Stealth Rock
|turn|15
|
|move|p2a: Arceus|Shadow Claw|p1a: Best Ghost
|-supereffective|p1a: Best Ghost
|-damage|p1a: Best Ghost|0 fnt
|-damage|p2a: Arceus|5/100|[from] item: Life Orb
|faint|p1a: Best Ghost
|
|upkeep
|
|switch|p1a: Best Dragon|Garchomp-Mega, F|94/100
|-damage|p1a: Best Dragon|88/100|[from] Stealth Rock
|turn|16
|
|move|p2a: Arceus|Extreme Speed|p1a: Best Dragon
|-damage|p1a: Best Dragon|0 fnt
|-damage|p2a: Arceus|0 fnt|[from] item: Life Orb
|faint|p1a: Best Dragon
|faint|p2a: Arceus
|
|upkeep
|
|switch|p1a: Best Legendary|Kyurem-Black|100/100
|switch|p2a: Gengar|Gengar, F|100/100
|-damage|p1a: Best Legendary|76/100|[from] Stealth Rock
|-ability|p1a: Best Legendary|Teravolt
|turn|17
|
|detailschange|p2a: Gengar|Gengar-Mega, F
|-mega|p2a: Gengar|Gengar|Gengarite
|-start|p1a: Best Legendary|Dynamax
|-heal|p1a: Best Legendary|76/100|[silent]
|move|p2a: Gengar|Sludge Bomb|p1a: Best Legendary
|-damage|p1a: Best Legendary|48/100
|move|p1a: Best Legendary|Max Lightning|p2a: Gengar
|-damage|p2a: Gengar|13/100
|-fieldstart|move: Electric Terrain
|
|-heal|p1a: Best Legendary|51/100|[from] item: Leftovers
|upkeep
|turn|18
|
|move|p2a: Gengar|Sludge Bomb|p1a: Best Legendary
|-damage|p1a: Best Legendary|22/100
|move|p1a: Best Legendary|Max Hailstorm|p2a: Gengar
|-damage|p2a: Gengar|0 fnt
|-weather|Hail
|faint|p2a: Gengar
|
|-weather|Hail|[upkeep]
|-heal|p1a: Best Legendary|25/100|[from] item: Leftovers
|upkeep
|
|switch|p2a: Hippowdon|Hippowdon, F|57/100
|-weather|Sandstorm|[from] ability: Sand Stream|[of] p2a: Hippowdon
|turn|19
|
|move|p1a: Best Legendary|Max Hailstorm|p2a: Hippowdon
|-supereffective|p2a: Hippowdon
|-damage|p2a: Hippowdon|0 fnt
|-weather|Hail
|faint|p2a: Hippowdon
|
|-weather|Hail|[upkeep]
|-heal|p1a: Best Legendary|29/100|[from] item: Leftovers
|-end|p1a: Best Legendary|Dynamax
|-heal|p1a: Best Legendary|29/100|[silent]
|upkeep
|
|switch|p2a: Blaziken|Blaziken, M|100/100
|turn|20
|c|☆NeoPlasmaDennis|gg
|
|move|p2a: Blaziken|Protect|p2a: Blaziken
|-singleturn|p2a: Blaziken|Protect
|move|p1a: Best Legendary|Substitute|p1a: Best Legendary
|-start|p1a: Best Legendary|Substitute
|-damage|p1a: Best Legendary|4/100
|
|-weather|Hail|[upkeep]
|-damage|p2a: Blaziken|95/100|[from] Hail
|-heal|p1a: Best Legendary|10/100|[from] item: Leftovers
|-ability|p2a: Blaziken|Speed Boost|boost
|-boost|p2a: Blaziken|spe|1
|upkeep
|turn|21
|
|move|p2a: Blaziken|Flare Blitz|p1a: Best Legendary
|-end|p1a: Best Legendary|Substitute
|-damage|p2a: Blaziken|84/100|[from] Recoil|[of] p1a: Best Legendary
|move|p1a: Best Legendary|Fusion Bolt|p2a: Blaziken
|-damage|p2a: Blaziken|0 fnt
|faint|p2a: Blaziken
|
|win|NeoPlasmaDennis
|l|☆IWSK
