|j|☆LinktheAnnihilator
|j|☆ArceusMaliciousJR
|t:|1621237990
|gametype|singles
|player|p1|LinktheAnnihilator|mars|1735
|player|p2|ArceusMaliciousJR|steven|1912
|teamsize|p1|6
|teamsize|p2|6
|gen|8
|tier|[Gen 8] National Dex AG
|rated|
|rule|HP Percentage Mod: HP is shown in percentages
|rule|Endless Battle Clause: Forcing endless battles is banned
|clearpoke
|poke|p1|Rayquaza|
|poke|p1|Necrozma-Dusk-Mane|
|poke|p1|Arceus-*|
|poke|p1|Arceus-*|
|poke|p1|Xerneas-*|
|poke|p1|Ho-Oh|
|poke|p2|Xerneas-*|
|poke|p2|Necrozma-Dusk-Mane|
|poke|p2|Rayquaza|
|poke|p2|Yveltal|
|poke|p2|Arceus-*|
|poke|p2|Groudon|
|teampreview
|inactive|Battle timer is ON: inactive players will automatically lose when time's up. (requested by LinktheAnnihilator)
|
|t:|1621238000
|start
|switch|p1a: Rayquaza|Rayquaza|100/100
|switch|p2a: Rayquaza|Rayquaza|100/100
|-ability|p1a: Rayquaza|Air Lock
|-ability|p2a: Rayquaza|Air Lock
|turn|1
|
|t:|1621238006
|detailschange|p1a: Rayquaza|Rayquaza-Mega
|-mega|p1a: Rayquaza|Rayquaza|
|-weather|DeltaStream|[from] ability: Delta Stream|[of] p1a: Rayquaza
|detailschange|p2a: Rayquaza|Rayquaza-Mega
|-mega|p2a: Rayquaza|Rayquaza|
|move|p1a: Rayquaza|Scale Shot|p2a: Rayquaza
|-supereffective|p2a: Rayquaza
|-crit|p2a: Rayquaza
|-damage|p2a: Rayquaza|39/100
|-supereffective|p2a: Rayquaza
|-damage|p2a: Rayquaza|0 fnt
|faint|p2a: Rayquaza
|-hitcount|p2: Rayquaza|2
|-unboost|p1a: Rayquaza|def|1
|-boost|p1a: Rayquaza|spe|1
|-damage|p1a: Rayquaza|91/100|[from] item: Life Orb
|
|-weather|DeltaStream|[upkeep]
|upkeep
|c|☆LinktheAnnihilator|finally
|c|☆LinktheAnnihilator|luck after years
|
|t:|1621238018
|switch|p2a: Arceus|Arceus|100/100
|turn|2
|
|t:|1621238034
|move|p2a: Arceus|Extreme Speed|p1a: Rayquaza
|-damage|p1a: Rayquaza|15/100
|-damage|p2a: Arceus|91/100|[from] item: Life Orb
|move|p1a: Rayquaza|Dragon Ascent|p2a: Arceus
|-damage|p2a: Arceus|16/100
|-unboost|p1a: Rayquaza|def|1
|-unboost|p1a: Rayquaza|spd|1
|-damage|p1a: Rayquaza|5/100|[from] item: Life Orb
|
|-weather|DeltaStream|[upkeep]
|upkeep
|turn|3
|
|t:|1621238043
|move|p1a: Rayquaza|Extreme Speed|p2a: Arceus
|-crit|p2a: Arceus
|-damage|p2a: Arceus|0 fnt
|faint|p2a: Arceus
|-damage|p1a: Rayquaza|0 fnt|[from] item: Life Orb
|faint|p1a: Rayquaza
|-weather|none
|
|upkeep
|
|t:|1621238052
|switch|p1a: Arceus|Arceus|100/100
|switch|p2a: Groudon|Groudon|100/100
|detailschange|p2a: Groudon|Groudon-Primal
|-primal|p2a: Groudon
|-weather|DesolateLand|[from] ability: Desolate Land|[of] p2a: Groudon
|turn|4
|
|t:|1621238056
|move|p1a: Arceus|Swords Dance|p1a: Arceus
|-boost|p1a: Arceus|atk|2
|move|p2a: Groudon|Fire Punch|p1a: Arceus
|-damage|p1a: Arceus|55/100
|
|-weather|DesolateLand|[upkeep]
|upkeep
|turn|5
|
|t:|1621238059
|move|p1a: Arceus|Earthquake|p2a: Groudon
|-supereffective|p2a: Groudon
|-damage|p2a: Groudon|0 fnt
|faint|p2a: Groudon
|-weather|none
|-damage|p1a: Arceus|45/100|[from] item: Life Orb
|
|upkeep
|
|t:|1621238085
|switch|p2a: Yveltal|Yveltal|100/100
|-ability|p2a: Yveltal|Dark Aura
|turn|6
|j| cr78v6d5i43o.a2
|inactive|LinktheAnnihilator has 120 seconds left.
|inactive|LinktheAnnihilator has 90 seconds left.
|
|t:|1621238164
|switch|p1a: Necrozma|Necrozma-Dusk-Mane|100/100
|-start|p2a: Yveltal|Dynamax
|-heal|p2a: Yveltal|100/100|[silent]
|move|p2a: Yveltal|Max Airstream|p1a: Necrozma
|-resisted|p1a: Necrozma
|-damage|p1a: Necrozma|64/100
|-boost|p2a: Yveltal|spe|1
|-damage|p2a: Yveltal|96/100|[from] item: Life Orb
|
|upkeep
|turn|7
|
|t:|1621238170
|move|p2a: Yveltal|Max Darkness|p1a: Necrozma
|-supereffective|p1a: Necrozma
|-damage|p1a: Necrozma|0 fnt
|faint|p1a: Necrozma
|-damage|p2a: Yveltal|91/100|[from] item: Life Orb
|
|upkeep
|
|t:|1621238178
|switch|p1a: Arceus|Arceus-Dark|100/100
|turn|8
|
|t:|1621238182
|move|p2a: Yveltal|Max Airstream|p1a: Arceus
|-damage|p1a: Arceus|51/100
|-boost|p2a: Yveltal|spe|1
|-damage|p2a: Yveltal|86/100|[from] item: Life Orb
|move|p1a: Arceus|Calm Mind|p1a: Arceus
|-boost|p1a: Arceus|spa|1
|-boost|p1a: Arceus|spd|1
|
|-end|p2a: Yveltal|Dynamax
|-heal|p2a: Yveltal|86/100|[silent]
|upkeep
|turn|9
|
|t:|1621238189
|move|p2a: Yveltal|Dark Pulse|p1a: Arceus
|-resisted|p1a: Arceus
|-damage|p1a: Arceus|38/100
|-damage|p2a: Yveltal|76/100|[from] item: Life Orb
|move|p1a: Arceus|Recover|p1a: Arceus
|-heal|p1a: Arceus|88/100
|
|upkeep
|turn|10
|
|t:|1621238197
|switch|p2a: Xerneas|Xerneas|100/100
|-ability|p2a: Xerneas|Fairy Aura
|switch|p1a: Ho-Oh|Ho-Oh, shiny|100/100
|
|upkeep
|turn|11
|
|t:|1621238205
|switch|p2a: Yveltal|Yveltal|76/100
|-ability|p2a: Yveltal|Dark Aura
|move|p1a: Ho-Oh|Whirlwind|p2a: Yveltal
|drag|p2a: Xerneas|Xerneas|100/100
|-ability|p2a: Xerneas|Fairy Aura
|
|upkeep
|turn|12
|
|t:|1621238211
|switch|p2a: Yveltal|Yveltal|76/100
|-ability|p2a: Yveltal|Dark Aura
|move|p1a: Ho-Oh|Toxic|p2a: Yveltal
|-status|p2a: Yveltal|tox
|
|-damage|p2a: Yveltal|70/100 tox|[from] psn
|upkeep
|turn|13
|
|t:|1621238222
|switch|p1a: Arceus|Arceus-Dark|88/100
|move|p2a: Yveltal|Dark Pulse|p1a: Arceus
|-resisted|p1a: Arceus
|-damage|p1a: Arceus|67/100
|-damage|p2a: Yveltal|60/100 tox|[from] item: Life Orb
|
|-damage|p2a: Yveltal|48/100 tox|[from] psn
|upkeep
|turn|14
|
|t:|1621238225
|switch|p1a: Ho-Oh|Ho-Oh, shiny|100/100
|switch|p2a: Xerneas|Xerneas|100/100
|-ability|p2a: Xerneas|Fairy Aura
|
|upkeep
|turn|15
|
|t:|1621238228
|switch|p2a: Yveltal|Yveltal|48/100 tox
|-ability|p2a: Yveltal|Dark Aura
|move|p1a: Ho-Oh|Toxic|p2a: Yveltal
|-fail|p2a: Yveltal|tox
|
|-damage|p2a: Yveltal|42/100 tox|[from] psn
|upkeep
|turn|16
|
|t:|1621238233
|move|p2a: Yveltal|Oblivion Wing|p1a: Ho-Oh
|-damage|p1a: Ho-Oh|69/100
|-heal|p2a: Yveltal|66/100 tox|[from] drain|[of] p1a: Ho-Oh
|-damage|p2a: Yveltal|56/100 tox|[from] item: Life Orb
|move|p1a: Ho-Oh|Whirlwind|p2a: Yveltal
|drag|p2a: Xerneas|Xerneas|100/100
|-ability|p2a: Xerneas|Fairy Aura
|
|upkeep
|turn|17
|j| Mak the ZekLord
|
|t:|1621238237
|switch|p2a: Yveltal|Yveltal|56/100 tox
|-ability|p2a: Yveltal|Dark Aura
|move|p1a: Ho-Oh|Toxic|p2a: Yveltal
|-fail|p2a: Yveltal|tox
|
|-damage|p2a: Yveltal|50/100 tox|[from] psn
|upkeep
|turn|18
|
|t:|1621238241
|switch|p1a: Arceus|Arceus-Dark|67/100
|move|p2a: Yveltal|Oblivion Wing|p1a: Arceus
|-damage|p1a: Arceus|34/100
|-heal|p2a: Yveltal|78/100 tox|[from] drain|[of] p1a: Arceus
|-damage|p2a: Yveltal|68/100 tox|[from] item: Life Orb
|
|-damage|p2a: Yveltal|56/100 tox|[from] psn
|upkeep
|turn|19
|
|t:|1621238248
|move|p1a: Arceus|Recover|p1a: Arceus
|-heal|p1a: Arceus|84/100
|move|p2a: Yveltal|Oblivion Wing|p1a: Arceus
|-damage|p1a: Arceus|54/100
|-heal|p2a: Yveltal|81/100 tox|[from] drain|[of] p1a: Arceus
|-damage|p2a: Yveltal|71/100 tox|[from] item: Life Orb
|
|-damage|p2a: Yveltal|53/100 tox|[from] psn
|upkeep
|turn|20
|inactive|LinktheAnnihilator has 120 seconds left.
|
|t:|1621238303
|switch|p2a: Xerneas|Xerneas|100/100
|-ability|p2a: Xerneas|Fairy Aura
|move|p1a: Arceus|Recover|p1a: Arceus
|-heal|p1a: Arceus|100/100
|
|upkeep
|turn|21
|
|t:|1621238309
|switch|p1a: Ho-Oh|Ho-Oh, shiny|100/100
|move|p2a: Xerneas|Geomancy||[still]
|-prepare|p2a: Xerneas|Geomancy
|-enditem|p2a: Xerneas|Power Herb
|-anim|p2a: Xerneas|Geomancy|p2a: Xerneas
|-boost|p2a: Xerneas|spa|2
|-boost|p2a: Xerneas|spd|2
|-boost|p2a: Xerneas|spe|2
|
|upkeep
|turn|22
|
|t:|1621238312
|move|p2a: Xerneas|Thunder|p1a: Ho-Oh
|-supereffective|p1a: Ho-Oh
|-damage|p1a: Ho-Oh|6/100
|-status|p1a: Ho-Oh|par
|move|p1a: Ho-Oh|Whirlwind|p2a: Xerneas
|drag|p2a: Necrozma|Necrozma-Dusk-Mane|100/100
|
|upkeep
|turn|23
|inactive|LinktheAnnihilator has 120 seconds left.
|
|t:|1621238328
|switch|p2a: Yveltal|Yveltal|53/100 tox
|-ability|p2a: Yveltal|Dark Aura
|move|p1a: Ho-Oh|Sacred Fire|p2a: Yveltal
|-damage|p2a: Yveltal|12/100 tox
|
|-damage|p2a: Yveltal|6/100 tox|[from] psn
|upkeep
|turn|24
|
|t:|1621238332
|switch|p1a: Arceus|Arceus-Dark|100/100
|move|p2a: Yveltal|Oblivion Wing|p1a: Arceus
|-crit|p1a: Arceus
|-damage|p1a: Arceus|53/100
|-heal|p2a: Yveltal|46/100 tox|[from] drain|[of] p1a: Arceus
|-damage|p2a: Yveltal|37/100 tox|[from] item: Life Orb
|
|-damage|p2a: Yveltal|24/100 tox|[from] psn
|upkeep
|turn|25
|
|t:|1621238336
|move|p1a: Arceus|Recover|p1a: Arceus
|-heal|p1a: Arceus|100/100
|move|p2a: Yveltal|Oblivion Wing|p1a: Arceus
|-damage|p1a: Arceus|69/100
|-heal|p2a: Yveltal|51/100 tox|[from] drain|[of] p1a: Arceus
|-damage|p2a: Yveltal|41/100 tox|[from] item: Life Orb
|
|-damage|p2a: Yveltal|23/100 tox|[from] psn
|upkeep
|turn|26
|c|☆LinktheAnnihilator|crit
|
|t:|1621238340
|switch|p2a: Xerneas|Xerneas|100/100
|-ability|p2a: Xerneas|Fairy Aura
|move|p1a: Arceus|Calm Mind|p1a: Arceus
|-boost|p1a: Arceus|spa|1
|-boost|p1a: Arceus|spd|1
|
|upkeep
|turn|27
|
|t:|1621238342
|switch|p1a: Ho-Oh|Ho-Oh, shiny|39/100 par
|move|p2a: Xerneas|Geomancy||[still]
|-prepare|p2a: Xerneas|Geomancy
|
|upkeep
|turn|28
|
|t:|1621238345
|move|p2a: Xerneas|Geomancy|p2a: Xerneas|[from]lockedmove
|-boost|p2a: Xerneas|spa|2
|-boost|p2a: Xerneas|spd|2
|-boost|p2a: Xerneas|spe|2
|move|p1a: Ho-Oh|Whirlwind|p2a: Xerneas
|drag|p2a: Yveltal|Yveltal|23/100 tox
|-ability|p2a: Yveltal|Dark Aura
|
|-damage|p2a: Yveltal|17/100 tox|[from] psn
|upkeep
|turn|29
|
|t:|1621238359
|switch|p2a: Xerneas|Xerneas|100/100
|-ability|p2a: Xerneas|Fairy Aura
|switch|p1a: Xerneas|Xerneas|100/100
|-ability|p1a: Xerneas|Fairy Aura
|
|upkeep
|turn|30
|
|t:|1621238362
|move|p1a: Xerneas|Geomancy||[still]
|-prepare|p1a: Xerneas|Geomancy
|-enditem|p1a: Xerneas|Power Herb
|-anim|p1a: Xerneas|Geomancy|p1a: Xerneas
|-boost|p1a: Xerneas|spa|2
|-boost|p1a: Xerneas|spd|2
|-boost|p1a: Xerneas|spe|2
|move|p2a: Xerneas|Geomancy||[still]
|-prepare|p2a: Xerneas|Geomancy
|
|upkeep
|turn|31
|
|t:|1621238367
|-start|p1a: Xerneas|Dynamax
|-heal|p1a: Xerneas|100/100|[silent]
|move|p1a: Xerneas|Max Starfall|p2a: Xerneas
|-crit|p2a: Xerneas
|-damage|p2a: Xerneas|0 fnt
|-fieldstart|move: Misty Terrain
|faint|p2a: Xerneas
|
|upkeep
|
|t:|1621238371
|switch|p2a: Yveltal|Yveltal|17/100 tox
|-ability|p2a: Yveltal|Dark Aura
|turn|32
|c|☆LinktheAnnihilator|crit lole
|
|t:|1621238373
|move|p2a: Yveltal|Sucker Punch|p1a: Xerneas
|-resisted|p1a: Xerneas
|-damage|p1a: Xerneas|89/100
|-damage|p2a: Yveltal|7/100 tox|[from] item: Life Orb
|move|p1a: Xerneas|Max Starfall|p2a: Yveltal
|-supereffective|p2a: Yveltal
|-damage|p2a: Yveltal|0 fnt
|faint|p2a: Yveltal
|
|upkeep
|
|t:|1621238376
|switch|p2a: Necrozma|Necrozma-Dusk-Mane|100/100
|turn|33
|
|t:|1621238379
|move|p1a: Xerneas|Max Starfall|p2a: Necrozma
|-resisted|p2a: Necrozma
|-damage|p2a: Necrozma|14/100
|move|p2a: Necrozma|Photon Geyser|p1a: Xerneas
|-damage|p1a: Xerneas|60/100
|
|-end|p1a: Xerneas|Dynamax
|-heal|p1a: Xerneas|60/100|[silent]
|upkeep
|turn|34
|c|☆LinktheAnnihilator|gg
|
|t:|1621238386
|move|p1a: Xerneas|Moonblast|p2a: Necrozma
|-resisted|p2a: Necrozma
|-damage|p2a: Necrozma|0 fnt
|faint|p2a: Necrozma
|
|win|LinktheAnnihilator
|raw|LinktheAnnihilator's rating: 1735 &rarr; <strong>1764</strong><br />(+29 for winning)
|raw|ArceusMaliciousJR's rating: 1912 &rarr; <strong>1883</strong><br />(-29 for losing)
|l|☆ArceusMaliciousJR
|c|☆LinktheAnnihilator|oml I beat arceusmaliciousjr for the first time
