|j|☆Bigjoocy
|j|☆Isnezhny
|t:|1650793795
|gametype|singles
|player|p1|Bigjoocy|pokekid|1609
|player|p2|Isnezhny|grimsley-gen7|1554
|teamsize|p1|6
|teamsize|p2|6
|gen|8
|tier|[Gen 8] National Dex AG
|rated|
|rule|HP Percentage Mod: HP is shown in percentages
|rule|Endless Battle Clause: Forcing endless battles is banned
|clearpoke
|poke|p1|Genesect|
|poke|p1|Groudon|
|poke|p1|Shaymin-Sky|
|poke|p1|Yveltal|
|poke|p1|Deoxys-Attack|
|poke|p1|Ditto|
|poke|p2|Hatterene, F|
|poke|p2|Melmetal|
|poke|p2|Porygon2|
|poke|p2|Xerneas-*|
|poke|p2|Arceus-*|
|poke|p2|Palkia|
|teampreview
|l|☆Isnezhny
|player|p2|
|j|☆Isnezhny
|player|p2|Isnezhny|grimsley-gen7
|inactive|Battle timer is ON: inactive players will automatically lose when time's up. (requested by Bigjoocy)
|inactive|Bigjoocy has 120 seconds left.
|
|t:|1650793863
|start
|switch|p1a: SISSYOFFREEMONT|Deoxys-Attack|100/100
|switch|p2a: Hatterene|Hatterene, F|100/100
|-ability|p1a: SISSYOFFREEMONT|Pressure
|turn|1
|
|t:|1650793870
|move|p1a: SISSYOFFREEMONT|Knock Off|p2a: Hatterene
|-damage|p2a: Hatterene|50/100
|-enditem|p2a: Hatterene|Focus Sash|[from] move: Knock Off|[of] p1a: SISSYOFFREEMONT
|move|p2a: Hatterene|Trick Room|p2a: Hatterene
|-fieldstart|move: Trick Room|[of] p2a: Hatterene
|
|upkeep
|turn|2
|
|t:|1650793881
|switch|p1a: TIM|Genesect, shiny|100/100
|-ability|p1a: TIM|Download|boost
|-boost|p1a: TIM|atk|1
|move|p2a: Hatterene|Mystical Fire|p1a: TIM
|-supereffective|p1a: TIM
|-enditem|p1a: TIM|Focus Sash
|-damage|p1a: TIM|1/100
|-unboost|p1a: TIM|spa|1
|
|upkeep
|turn|3
|
|t:|1650793893
|switch|p2a: Melmetal|Melmetal|100/100
|move|p1a: TIM|Iron Head|p2a: Melmetal
|-resisted|p2a: Melmetal
|-damage|p2a: Melmetal|83/100
|
|upkeep
|turn|4
|
|t:|1650793901
|move|p2a: Melmetal|Double Iron Bash|p1a: TIM
|-resisted|p1a: TIM
|-damage|p1a: TIM|0 fnt
|faint|p1a: TIM
|-hitcount|p1: TIM|1
|-damage|p2a: Melmetal|73/100|[from] item: Life Orb
|
|upkeep
|
|t:|1650793905
|switch|p1a: BERTKERSHNER|Groudon|100/100
|detailschange|p1a: BERTKERSHNER|Groudon-Primal
|-primal|p1a: BERTKERSHNER
|-weather|DesolateLand|[from] ability: Desolate Land|[of] p1a: BERTKERSHNER
|turn|5
|
|t:|1650793910
|switch|p2a: Arceus|Arceus-Ground|100/100
|move|p1a: BERTKERSHNER|Hone Claws|p1a: BERTKERSHNER
|-boost|p1a: BERTKERSHNER|atk|1
|-boost|p1a: BERTKERSHNER|accuracy|1
|
|-weather|DesolateLand|[upkeep]
|-fieldend|move: Trick Room
|upkeep
|turn|6
|
|t:|1650793912
|move|p1a: BERTKERSHNER|Precipice Blades|p2a: Arceus
|-damage|p2a: Arceus|34/100
|move|p2a: Arceus|Judgment|p1a: BERTKERSHNER
|-supereffective|p1a: BERTKERSHNER
|-damage|p1a: BERTKERSHNER|8/100
|
|-weather|DesolateLand|[upkeep]
|upkeep
|turn|7
|
|t:|1650793928
|move|p1a: BERTKERSHNER|Precipice Blades|p2a: Arceus
|-damage|p2a: Arceus|0 fnt
|faint|p2a: Arceus
|
|-weather|DesolateLand|[upkeep]
|upkeep
|
|t:|1650793945
|switch|p2a: Porygon2|Porygon2|100/100
|-ability|p2a: Porygon2|Desolate Land|[from] ability: Trace|[of] p1a: BERTKERSHNER
|turn|8
|
|t:|1650793948
|move|p1a: BERTKERSHNER|Precipice Blades|p2a: Porygon2
|-damage|p2a: Porygon2|15/100
|move|p2a: Porygon2|Trick Room|p2a: Porygon2
|-fieldstart|move: Trick Room|[of] p2a: Porygon2
|
|-weather|DesolateLand|[upkeep]
|upkeep
|turn|9
|
|t:|1650793954
|move|p2a: Porygon2|Foul Play|p1a: BERTKERSHNER
|-damage|p1a: BERTKERSHNER|0 fnt
|faint|p1a: BERTKERSHNER
|
|-weather|DesolateLand|[upkeep]
|upkeep
|
|t:|1650793964
|switch|p1a: SISSYOFFREEMONT|Deoxys-Attack|100/100
|-ability|p1a: SISSYOFFREEMONT|Pressure
|turn|10
|
|t:|1650793968
|move|p2a: Porygon2|Foul Play|p1a: SISSYOFFREEMONT
|-supereffective|p1a: SISSYOFFREEMONT
|-crit|p1a: SISSYOFFREEMONT
|-enditem|p1a: SISSYOFFREEMONT|Focus Sash
|-damage|p1a: SISSYOFFREEMONT|1/100
|move|p1a: SISSYOFFREEMONT|Stealth Rock|p2a: Porygon2
|-sidestart|p2: Isnezhny|move: Stealth Rock
|
|-weather|DesolateLand|[upkeep]
|upkeep
|turn|11
|
|t:|1650793977
|move|p2a: Porygon2|Recover|p2a: Porygon2
|-heal|p2a: Porygon2|65/100
|move|p1a: SISSYOFFREEMONT|Knock Off|p2a: Porygon2
|-damage|p2a: Porygon2|37/100
|-enditem|p2a: Porygon2|Eviolite|[from] move: Knock Off|[of] p1a: SISSYOFFREEMONT
|
|-weather|DesolateLand|[upkeep]
|upkeep
|turn|12
|
|t:|1650793988
|move|p2a: Porygon2|Recover|p2a: Porygon2
|-heal|p2a: Porygon2|87/100
|move|p1a: SISSYOFFREEMONT|Thunder Wave|p2a: Porygon2
|-status|p2a: Porygon2|par
|
|-weather|DesolateLand|[upkeep]
|-fieldend|move: Trick Room
|upkeep
|turn|13
|
|t:|1650793994
|move|p1a: SISSYOFFREEMONT|Taunt|p2a: Porygon2
|-start|p2a: Porygon2|move: Taunt
|cant|p2a: Porygon2|move: Taunt|Trick Room
|
|-weather|DesolateLand|[upkeep]
|upkeep
|turn|14
|
|t:|1650793999
|move|p1a: SISSYOFFREEMONT|Knock Off|p2a: Porygon2
|-damage|p2a: Porygon2|59/100 par
|move|p2a: Porygon2|Foul Play|p1a: SISSYOFFREEMONT
|-supereffective|p1a: SISSYOFFREEMONT
|-damage|p1a: SISSYOFFREEMONT|0 fnt
|faint|p1a: SISSYOFFREEMONT
|
|-weather|DesolateLand|[upkeep]
|upkeep
|
|t:|1650794004
|switch|p1a: QUEENABOVE18|Yveltal|100/100
|-ability|p1a: QUEENABOVE18|Dark Aura
|turn|15
|
|t:|1650794011
|-start|p1a: QUEENABOVE18|Dynamax|
|-heal|p1a: QUEENABOVE18|100/100|[silent]
|move|p1a: QUEENABOVE18|Max Ooze|p2a: Porygon2
|-damage|p2a: Porygon2|20/100 par
|-boost|p1a: QUEENABOVE18|spa|1
|-damage|p1a: QUEENABOVE18|96/100|[from] item: Life Orb
|move|p2a: Porygon2|Foul Play|p1a: QUEENABOVE18
|-resisted|p1a: QUEENABOVE18
|-damage|p1a: QUEENABOVE18|89/100
|
|-weather|DesolateLand|[upkeep]
|-end|p2a: Porygon2|move: Taunt
|upkeep
|turn|16
|c|☆Bigjoocy|Gg
|
|t:|1650794023
|move|p1a: QUEENABOVE18|Max Airstream|p2a: Porygon2
|-damage|p2a: Porygon2|0 fnt
|-boost|p1a: QUEENABOVE18|spe|1
|faint|p2a: Porygon2
|-weather|none
|-damage|p1a: QUEENABOVE18|84/100|[from] item: Life Orb
|
|upkeep
|
|t:|1650794037
|switch|p2a: Melmetal|Melmetal|73/100
|-damage|p2a: Melmetal|67/100|[from] Stealth Rock
|turn|17
|
|t:|1650794041
|switch|p2a: Hatterene|Hatterene, F|50/100
|-damage|p2a: Hatterene|38/100|[from] Stealth Rock
|move|p1a: QUEENABOVE18|Max Flare|p2a: Hatterene
|-damage|p2a: Hatterene|0 fnt
|-weather|SunnyDay
|faint|p2a: Hatterene
|-damage|p1a: QUEENABOVE18|79/100|[from] item: Life Orb
|
|-weather|SunnyDay|[upkeep]
|-end|p1a: QUEENABOVE18|Dynamax
|-heal|p1a: QUEENABOVE18|79/100|[silent]
|upkeep
|
|t:|1650794068
|switch|p2a: Xerneas|Xerneas|100/100
|-damage|p2a: Xerneas|88/100|[from] Stealth Rock
|-ability|p2a: Xerneas|Fairy Aura
|turn|18
|
|t:|1650794071
|move|p1a: QUEENABOVE18|Oblivion Wing|p2a: Xerneas
|-damage|p2a: Xerneas|20/100
|-heal|p1a: QUEENABOVE18|100/100|[from] drain|[of] p2a: Xerneas
|-damage|p1a: QUEENABOVE18|91/100|[from] item: Life Orb
|move|p2a: Xerneas|Moonblast|p1a: QUEENABOVE18
|-supereffective|p1a: QUEENABOVE18
|-damage|p1a: QUEENABOVE18|0 fnt
|faint|p1a: QUEENABOVE18
|
|-weather|SunnyDay|[upkeep]
|upkeep
|
|t:|1650794088
|switch|p1a: Ditto|Ditto|100/100
|-transform|p1a: Ditto|p2a: Xerneas|[from] ability: Imposter
|-ability|p1a: Ditto|Fairy Aura
|turn|19
|
|t:|1650794094
|move|p1a: Ditto|Focus Blast|p2a: Xerneas
|-resisted|p2a: Xerneas
|-damage|p2a: Xerneas|2/100
|move|p2a: Xerneas|Moonblast|p1a: Ditto
|-crit|p1a: Ditto
|-damage|p1a: Ditto|0 fnt
|faint|p1a: Ditto
|
|-weather|SunnyDay|[upkeep]
|upkeep
|
|t:|1650794097
|switch|p1a: FEDSMOKER|Shaymin-Sky|100/100
|turn|20
|
|t:|1650794102
|move|p1a: FEDSMOKER|Ominous Wind|p2a: Xerneas
|-damage|p2a: Xerneas|0 fnt
|faint|p2a: Xerneas
|
|-weather|SunnyDay|[upkeep]
|upkeep
|
|t:|1650794113
|switch|p2a: Palkia|Palkia|100/100
|-damage|p2a: Palkia|88/100|[from] Stealth Rock
|-ability|p2a: Palkia|Pressure
|turn|21
|
|t:|1650794115
|move|p1a: FEDSMOKER|Air Slash|p2a: Palkia
|-crit|p2a: Palkia
|-damage|p2a: Palkia|44/100
|cant|p2a: Palkia|flinch
|
|-weather|none
|upkeep
|turn|22
|
|t:|1650794124
|move|p1a: FEDSMOKER|Air Slash|p2a: Palkia
|-damage|p2a: Palkia|16/100
|move|p2a: Palkia|Trick Room|p2a: Palkia
|-fieldstart|move: Trick Room|[of] p2a: Palkia
|
|upkeep
|turn|23
|
|t:|1650794134
|move|p2a: Palkia|Thunderbolt|p1a: FEDSMOKER
|-damage|p1a: FEDSMOKER|54/100
|move|p1a: FEDSMOKER|Ominous Wind|p2a: Palkia
|-damage|p2a: Palkia|3/100
|
|upkeep
|turn|24
|
|t:|1650794139
|move|p2a: Palkia|Thunderbolt|p1a: FEDSMOKER
|-damage|p1a: FEDSMOKER|10/100
|move|p1a: FEDSMOKER|Ominous Wind|p2a: Palkia
|-damage|p2a: Palkia|0 fnt
|faint|p2a: Palkia
|
|upkeep
|
|t:|1650794142
|switch|p2a: Melmetal|Melmetal|67/100
|-damage|p2a: Melmetal|60/100|[from] Stealth Rock
|turn|25
|-message|Bigjoocy forfeited.
|
|win|Isnezhny
|raw|Bigjoocy's rating: 1609 &rarr; <strong>1586</strong><br />(-23 for losing)
|raw|Isnezhny's rating: 1554 &rarr; <strong>1577</strong><br />(+23 for winning)
|l|☆Bigjoocy
|c|☆Isnezhny|gg)
