|j|☆aglt vrs eblurb
|j|☆Hogwashimperial
|player|p1|aglt vrs eblurb|170|1567
|player|p2|Hogwashimperial|swimmer-gen4|1578
|teamsize|p1|6
|teamsize|p2|6
|gametype|singles
|gen|8
|tier|[Gen 8] National Dex AG
|rated|
|clearpoke
|poke|p1|Stakataka|
|poke|p1|Magearna|
|poke|p1|Necrozma-Dusk-Mane|
|poke|p1|Stakataka|
|poke|p1|Rayquaza|
|poke|p1|Palkia|
|poke|p2|Rayquaza|
|poke|p2|Zacian-Crowned|
|poke|p2|Groudon|
|poke|p2|Smeargle, M|
|poke|p2|Necrozma-Dusk-Mane|
|poke|p2|Zygarde|
|rule|HP Percentage Mod: HP is shown in percentages
|rule|Endless Battle Clause: Forcing endless battles is banned
|teampreview
|j| SteamboatGeyser
|c|☆Hogwashimperial|oh its u
|c|☆Hogwashimperial|ur really good right
|
|start
|switch|p1a: Ndm|Necrozma-Dusk-Mane|100/100
|switch|p2a: Smeargle|Smeargle, M|100/100
|turn|1
|c| SteamboatGeyser|GO BLURB
|
|move|p2a: Smeargle|Spore|p1a: Ndm
|-status|p1a: Ndm|slp|[from] move: Spore
|cant|p1a: Ndm|slp
|
|-ability|p2a: Smeargle|Moody|boost
|-boost|p2a: Smeargle|spd|2
|-unboost|p2a: Smeargle|spa|1
|upkeep
|turn|2
|j| aglt vrs staxoat
|c|☆Hogwashimperial|l dont speak spectator
|
|move|p2a: Smeargle|Shell Smash|p2a: Smeargle
|-unboost|p2a: Smeargle|def|1
|-unboost|p2a: Smeargle|spd|1
|-boost|p2a: Smeargle|atk|2
|-boost|p2a: Smeargle|spa|2
|-boost|p2a: Smeargle|spe|2
|cant|p1a: Ndm|slp
|
|-ability|p2a: Smeargle|Moody|boost
|-boost|p2a: Smeargle|spa|2
|-unboost|p2a: Smeargle|spe|1
|upkeep
|turn|3
|
|move|p2a: Smeargle|Baton Pass|p2a: Smeargle
|
|switch|p2a: Rayquaza|Rayquaza|100/100|[from]move: Baton Pass
|-ability|p2a: Rayquaza|Air Lock
|-curestatus|p1a: Ndm|slp|[msg]
|move|p1a: Ndm|Trick Room|p1a: Ndm
|-fieldstart|move: Trick Room|[of] p1a: Ndm
|
|upkeep
|turn|4
|c|☆aglt vrs eblurb|racism
|j| Aglt vrs Zayele
|c|☆aglt vrs eblurb|what is waking up
|
|detailschange|p2a: Rayquaza|Rayquaza-Mega
|-mega|p2a: Rayquaza|Rayquaza|
|-weather|DeltaStream|[from] ability: Delta Stream|[of] p2a: Rayquaza
|move|p1a: Ndm|Sunsteel Strike|p2a: Rayquaza
|-damage|p2a: Rayquaza|7/100
|move|p2a: Rayquaza|V-create|p1a: Ndm|[miss]
|-miss|p2a: Rayquaza|p1a: Ndm
|
|-weather|DeltaStream|[upkeep]
|upkeep
|turn|5
|c|☆Hogwashimperial|oh shoot
|c|☆Hogwashimperial|dats bad
|c|☆aglt vrs eblurb|thats a bad look
|j| A Bread Sandwich
|
|move|p2a: Rayquaza|Extreme Speed|p1a: Ndm
|-resisted|p1a: Ndm
|-crit|p1a: Ndm
|-damage|p1a: Ndm|61/100
|move|p1a: Ndm|Sunsteel Strike|p2a: Rayquaza
|-damage|p2a: Rayquaza|0 fnt
|faint|p2a: Rayquaza
|-weather|none
|
|upkeep
|c|☆Hogwashimperial|i missed a 95%
|c|☆Hogwashimperial|ok
|c|☆Hogwashimperial|thats fine
|c|☆aglt vrs eblurb|alright so what we do is go shadow lugia
|
|switch|p2a: Groudon|Groudon|100/100
|detailschange|p2a: Groudon|Groudon-Primal
|-primal|p2a: Groudon
|-weather|DesolateLand|[from] ability: Desolate Land|[of] p2a: Groudon
|turn|6
|
|move|p1a: Ndm|Earthquake|p2a: Groudon
|-supereffective|p2a: Groudon
|-damage|p2a: Groudon|49/100
|move|p2a: Groudon|Earth Power|p1a: Ndm
|-supereffective|p1a: Ndm
|-damage|p1a: Ndm|0 fnt
|faint|p1a: Ndm
|
|-weather|DesolateLand|[upkeep]
|upkeep
|c|☆Hogwashimperial|y
|c|☆Hogwashimperial|are there so many ppl
|
|switch|p1a: Ray|Rayquaza|100/100
|-ability|p1a: Ray|Air Lock
|turn|7
|c|☆Hogwashimperial|ur famous man
|c|☆aglt vrs eblurb|wait what am i doing
|c| SteamboatGeyser|we’re spectators
|c| SteamboatGeyser|LOL
|c|☆aglt vrs eblurb|to stay in or not to stay in
|c|☆aglt vrs eblurb|that is the question
|
|detailschange|p1a: Ray|Rayquaza-Mega
|-mega|p1a: Ray|Rayquaza|
|-weather|DeltaStream|[from] ability: Delta Stream|[of] p1a: Ray
|move|p2a: Groudon|Stealth Rock|p1a: Ray
|-sidestart|p1: aglt vrs eblurb|move: Stealth Rock
|move|p1a: Ray|Surf|p2a: Groudon
|-supereffective|p2a: Groudon
|-damage|p2a: Groudon|0 fnt
|faint|p2a: Groudon
|
|-weather|DeltaStream|[upkeep]
|-fieldend|move: Trick Room
|upkeep
|c|☆Hogwashimperial|to sub to hogwash56
|j| Staxi's Love
|c|☆Hogwashimperial|that is the answer
|c|☆aglt vrs eblurb|what
|c|☆aglt vrs eblurb|what
|c| SteamboatGeyser|brain.exe has stopped working
|c|☆Hogwashimperial|i think its sashed
|c|☆aglt vrs eblurb|mhm
|c|☆Hogwashimperial|cause bread said somethign in the ag chat
|c|☆aglt vrs eblurb|this is sash
|
|switch|p2a: Zygarde|Zygarde|100/100
|turn|8
|
|move|p1a: Ray|Surf|p2a: Zygarde
|-damage|p2a: Zygarde|68/100
|move|p2a: Zygarde|Glare|p1a: Ray
|-status|p1a: Ray|par
|
|-weather|DeltaStream|[upkeep]
|-heal|p2a: Zygarde|74/100|[from] item: Leftovers
|upkeep
|turn|9
|c|☆Hogwashimperial|if no surf then sashed
|c|☆Hogwashimperial|oh
|c|☆Hogwashimperial|wel
|c| A Bread Sandwich|it is scarf
|c| A Bread Sandwich|lol
|c|☆Hogwashimperial|hm
|c|☆Hogwashimperial|idk
|c|☆aglt vrs eblurb|alright so basically what happened was
|j| AGLT VRS FY
|
|-weather|none
|switch|p1a: Palkia|Palkia|100/100
|-damage|p1a: Palkia|88/100|[from] Stealth Rock
|-ability|p1a: Palkia|Pressure
|move|p2a: Zygarde|Substitute|p2a: Zygarde
|-start|p2a: Zygarde|Substitute
|-damage|p2a: Zygarde|49/100
|
|-heal|p2a: Zygarde|55/100|[from] item: Leftovers
|upkeep
|turn|10
|
|move|p2a: Zygarde|Glare|p1a: Palkia
|-status|p1a: Palkia|par
|move|p1a: Palkia|Trick Room|p1a: Palkia
|-fieldstart|move: Trick Room|[of] p1a: Palkia
|
|-heal|p2a: Zygarde|61/100|[from] item: Leftovers
|upkeep
|turn|11
|c| SteamboatGeyser|Agl how could you
|l| Staxi's Love
|c| SteamboatGeyser|set speculate
|
|move|p1a: Palkia|Spacial Rend|p2a: Zygarde
|-supereffective|p2a: Zygarde
|-end|p2a: Zygarde|Substitute
|-damage|p1a: Palkia|78/100 par|[from] item: Life Orb
|move|p2a: Zygarde|Thousand Arrows|p1a: Palkia
|-damage|p1a: Palkia|43/100 par
|
|-heal|p2a: Zygarde|68/100|[from] item: Leftovers
|upkeep
|turn|12
|c| SteamboatGeyser|in a tournament battle!
|c|☆aglt vrs eblurb|yes
|
|cant|p1a: Palkia|par
|move|p2a: Zygarde|Substitute|p2a: Zygarde
|-start|p2a: Zygarde|Substitute
|-damage|p2a: Zygarde|43/100
|
|-heal|p2a: Zygarde|49/100|[from] item: Leftovers
|-activate|p2a: Zygarde|ability: Power Construct
|detailschange|p2a: Zygarde|Zygarde-Complete
|-heal|p2a: Zygarde|67/100|[silent]
|upkeep
|turn|13
|c|☆aglt vrs eblurb|ban speculations
|c|☆aglt vrs eblurb|NO
|c|☆Hogwashimperial|yee
|c|☆aglt vrs eblurb|WHY
|
|move|p1a: Palkia|Spacial Rend|p2a: Zygarde
|-supereffective|p2a: Zygarde
|-end|p2a: Zygarde|Substitute
|-damage|p1a: Palkia|33/100 par|[from] item: Life Orb
|move|p2a: Zygarde|Thousand Arrows|p1a: Palkia
|-damage|p1a: Palkia|0 fnt
|faint|p1a: Palkia
|
|-heal|p2a: Zygarde|73/100|[from] item: Leftovers
|upkeep
|c| SteamboatGeyser|I’m reporting you to megazard >:(
|
|switch|p1a: Staka 1|Stakataka|100/100
|-damage|p1a: Staka 1|94/100|[from] Stealth Rock
|turn|14
|c| SteamboatGeyser|WHY
|c| SteamboatGeyser|WHY
|c| SteamboatGeyser|WHY
|c|☆aglt vrs eblurb|wrong staka bros
|c| SteamboatGeyser|YOU HAVE A MAGEARNA
|c|☆aglt vrs eblurb|wrong staka
|c|☆Hogwashimperial|oof
|c| SteamboatGeyser|IDIOCY
|c| SteamboatGeyser|AAAHHHH
|c| SteamboatGeyser|THIS KILLS ME
|c|☆aglt vrs eblurb|this dude not serious
|
|move|p1a: Staka 1|Gyro Ball|p2a: Zygarde
|-damage|p2a: Zygarde|20/100
|-damage|p1a: Staka 1|85/100|[from] item: Life Orb
|move|p2a: Zygarde|Thousand Arrows|p1a: Staka 1
|-supereffective|p1a: Staka 1
|-damage|p1a: Staka 1|0 fnt
|faint|p1a: Staka 1
|
|-heal|p2a: Zygarde|26/100|[from] item: Leftovers
|-fieldend|move: Trick Room
|upkeep
|c|☆Hogwashimperial|welp
|c|☆Hogwashimperial|that didnt work
|c|☆aglt vrs eblurb|this is clear ghosting
|c|☆aglt vrs eblurb|obvious evidence
|
|switch|p1a: Mag (which one?)|Magearna|100/100
|-damage|p1a: Mag (which one?)|94/100|[from] Stealth Rock
|turn|15
|c|☆Hogwashimperial|yeah it is
|c|☆Hogwashimperial|report
|c|☆aglt vrs eblurb|report
|c|☆aglt vrs eblurb|banned
|c|☆aglt vrs eblurb|mted
|
|move|p2a: Zygarde|Thousand Arrows|p1a: Mag (which one?)
|-supereffective|p1a: Mag (which one?)
|-damage|p1a: Mag (which one?)|25/100
|move|p1a: Mag (which one?)|Trick Room|p1a: Mag (which one?)
|-fieldstart|move: Trick Room|[of] p1a: Mag (which one?)
|
|-heal|p2a: Zygarde|33/100|[from] item: Leftovers
|upkeep
|turn|16
|j| Staxi's Love
|c|☆Hogwashimperial|omg
|c| SteamboatGeyser|It’s not ghosting
|
|move|p1a: Mag (which one?)|Fleur Cannon|p2a: Zygarde
|-supereffective|p2a: Zygarde
|-damage|p2a: Zygarde|0 fnt
|-unboost|p1a: Mag (which one?)|spa|2
|faint|p2a: Zygarde
|-ability|p1a: Mag (which one?)|Soul-Heart|boost
|-boost|p1a: Mag (which one?)|spa|1
|
|upkeep
|c| SteamboatGeyser|if it’s after the fact
|c|☆Hogwashimperial|the trickroom team
|c|☆Hogwashimperial|i hate it
|c|☆aglt vrs eblurb|alright hol on hol on
|
|switch|p2a: Necrozma|Necrozma-Dusk-Mane|100/100
|turn|17
|c| SteamboatGeyser|Dw I made it
|c| SteamboatGeyser|blame me
|
|move|p1a: Mag (which one?)|Volt Switch|p2a: Necrozma
|-damage|p2a: Necrozma|84/100
|
|switch|p1a: Staka 2|Stakataka|100/100|[from]move: Volt Switch
|-damage|p1a: Staka 2|94/100|[from] Stealth Rock
|-item|p1a: Staka 2|Air Balloon
|move|p2a: Necrozma|Earthquake|p1a: Staka 2
|-immune|p1a: Staka 2
|
|upkeep
|turn|18
|c|☆Hogwashimperial|NO
|c| SteamboatGeyser|>8 people
|c| aglt vrs staxoat|,
|c| SteamboatGeyser|in a random ladder match
|
|-start|p2a: Necrozma|Dynamax
|-heal|p2a: Necrozma|84/100|[silent]
|move|p1a: Staka 2|Earthquake|p2a: Necrozma
|-supereffective|p2a: Necrozma
|-damage|p2a: Necrozma|62/100
|-enditem|p2a: Necrozma|Weakness Policy
|-boost|p2a: Necrozma|atk|2|[from] item: Weakness Policy
|-boost|p2a: Necrozma|spa|2|[from] item: Weakness Policy
|move|p2a: Necrozma|Max Steelspike|p1a: Staka 2
|-damage|p1a: Staka 2|0 fnt
|-boost|p2a: Necrozma|def|1
|-enditem|p1a: Staka 2|Air Balloon
|faint|p1a: Staka 2
|
|upkeep
|c|☆aglt vrs eblurb|we got every single aglt vrs player
|c|☆Hogwashimperial|thx
|c| aglt vrs staxoat|lmao
|
|switch|p1a: Mag (which one?)|Magearna|25/100
|-damage|p1a: Mag (which one?)|19/100|[from] Stealth Rock
|turn|19
|l| Staxi's Love
|c| SteamboatGeyser|Btw blurb nice ava
|c|☆Hogwashimperial|im confused
|c|☆Hogwashimperial|whats aglt
|
|move|p2a: Necrozma|Max Quake|p1a: Mag (which one?)
|-supereffective|p1a: Mag (which one?)
|-damage|p1a: Mag (which one?)|0 fnt
|-boost|p2a: Necrozma|spd|1
|faint|p1a: Mag (which one?)
|
|-fieldend|move: Trick Room
|upkeep
|c|☆Hogwashimperial|and y so many ppl
|c|☆aglt vrs eblurb|aight hol on
|c| SteamboatGeyser|Ag ladder tour
|c| SteamboatGeyser|oh shit
|c|☆aglt vrs eblurb|so i lost
|c|☆aglt vrs eblurb|but before we continue
|c|☆aglt vrs eblurb|i have a few things to say
|c| SteamboatGeyser|the evs
|c|☆aglt vrs eblurb|i dont
|c| SteamboatGeyser|on mag
|c| SteamboatGeyser|I forgot to fix those LOL
|
|switch|p1a: Ray|Rayquaza-Mega|100/100 par
|-damage|p1a: Ray|76/100 par|[from] Stealth Rock
|-weather|DeltaStream|[from] ability: Delta Stream|[of] p1a: Ray
|turn|20
|c|☆Hogwashimperial|why are there so many aglt vrs
|c|☆aglt vrs eblurb|this ur fault
|
|move|p1a: Ray|V-create|p2a: Necrozma
|-supereffective|p2a: Necrozma
|-damage|p2a: Necrozma|31/100
|-unboost|p1a: Ray|spe|1
|-unboost|p1a: Ray|def|1
|-unboost|p1a: Ray|spd|1
|move|p2a: Necrozma|Max Steelspike|p1a: Ray
|-damage|p1a: Ray|0 fnt
|-boost|p2a: Necrozma|def|1
|faint|p1a: Ray
|-weather|none
|
|win|Hogwashimperial
|c| SteamboatGeyser|It should have 0 spe ivs
|c|☆Hogwashimperial|gg
|c|☆Hogwashimperial|lol
|c|☆aglt vrs eblurb|it is a cult
|l|☆aglt vrs eblurb
|c|☆Hogwashimperial|clearly
