|j|☆agdp
|j|☆IWSK
|t:|1635951729
|gametype|singles
|player|p1|agdp|2|1563
|player|p2|IWSK|cyclist-gen4|1749
|teamsize|p1|6
|teamsize|p2|6
|gen|8
|tier|[Gen 8] National Dex AG
|rated|
|rule|HP Percentage Mod: HP is shown in percentages
|rule|Endless Battle Clause: Forcing endless battles is banned
|clearpoke
|poke|p1|Giratina-Origin|
|poke|p1|Ditto|
|poke|p1|Groudon|
|poke|p1|Yveltal|
|poke|p1|Kyogre|
|poke|p1|Eternatus|
|poke|p2|Arceus-*|
|poke|p2|Necrozma-Dusk-Mane|
|poke|p2|Kangaskhan, F|
|poke|p2|Ho-Oh|
|poke|p2|Gliscor, F|
|poke|p2|Yveltal|
|teampreview
|inactive|Battle timer is ON: inactive players will automatically lose when time's up. (requested by IWSK)
|
|t:|1635951743
|start
|switch|p1a: Eternatus|Eternatus|100/100
|switch|p2a: Kangaskhan|Kangaskhan, F|100/100
|-ability|p1a: Eternatus|Pressure
|turn|1
|
|t:|1635951751
|switch|p1a: Giratina|Giratina-Origin, shiny|100/100
|detailschange|p2a: Kangaskhan|Kangaskhan-Mega, F
|-mega|p2a: Kangaskhan|Kangaskhan|Kangaskhanite
|move|p2a: Kangaskhan|Fake Out|p1a: Giratina
|-immune|p1a: Giratina
|
|upkeep
|turn|2
|
|t:|1635951761
|switch|p2a: Arceus|Arceus-Water|100/100
|move|p1a: Giratina|Hone Claws|p1a: Giratina
|-boost|p1a: Giratina|atk|1
|-boost|p1a: Giratina|accuracy|1
|
|upkeep
|turn|3
|
|t:|1635951768
|move|p2a: Arceus|Toxic|p1a: Giratina
|-status|p1a: Giratina|tox
|move|p1a: Giratina|Outrage|p2a: Arceus
|-damage|p2a: Arceus|36/100
|
|-damage|p1a: Giratina|94/100 tox|[from] psn
|upkeep
|turn|4
|
|t:|1635951776
|switch|p2a: Necrozma|Necrozma-Dusk-Mane|100/100
|move|p1a: Giratina|Outrage|p2a: Necrozma|[from]lockedmove
|-resisted|p2a: Necrozma
|-damage|p2a: Necrozma|72/100
|-damage|p1a: Giratina|78/100 tox|[from] item: Rocky Helmet|[of] p2a: Necrozma
|-start|p1a: Giratina|confusion|[fatigue]
|
|-damage|p1a: Giratina|66/100 tox|[from] psn
|upkeep
|turn|5
|
|t:|1635951789
|-activate|p1a: Giratina|confusion
|-damage|p1a: Giratina|49/100 tox|[from] confusion
|move|p2a: Necrozma|Morning Sun|p2a: Necrozma
|-heal|p2a: Necrozma|100/100
|
|-damage|p1a: Giratina|30/100 tox|[from] psn
|upkeep
|turn|6
|
|t:|1635951799
|switch|p2a: Kangaskhan|Kangaskhan-Mega, F|100/100
|-activate|p1a: Giratina|confusion
|move|p1a: Giratina|Shadow Force||[still]
|-prepare|p1a: Giratina|Shadow Force
|
|-damage|p1a: Giratina|6/100 tox|[from] psn
|upkeep
|turn|7
|
|t:|1635951807
|move|p2a: Kangaskhan|Fake Out|p1a: Giratina|[miss]
|-miss|p2a: Kangaskhan|p1a: Giratina
|-end|p1a: Giratina|confusion
|move|p1a: Giratina|Shadow Force|p2a: Kangaskhan|[from]lockedmove
|-immune|p2a: Kangaskhan
|
|-damage|p1a: Giratina|0 fnt|[from] psn
|faint|p1a: Giratina
|upkeep
|
|t:|1635951827
|switch|p1a: Groudon|Groudon|100/100
|detailschange|p1a: Groudon|Groudon-Primal
|-primal|p1a: Groudon
|-weather|DesolateLand|[from] ability: Desolate Land|[of] p1a: Groudon
|turn|8
|
|t:|1635951847
|switch|p2a: Ho-Oh|Ho-Oh|100/100
|move|p1a: Groudon|Heat Crash|p2a: Ho-Oh
|-resisted|p2a: Ho-Oh
|-damage|p2a: Ho-Oh|42/100
|
|-weather|DesolateLand|[upkeep]
|upkeep
|turn|9
|
|t:|1635951854
|move|p1a: Groudon|Rock Tomb|p2a: Ho-Oh
|-supereffective|p2a: Ho-Oh
|-damage|p2a: Ho-Oh|0 fnt
|faint|p2a: Ho-Oh
|
|-weather|DesolateLand|[upkeep]
|upkeep
|
|t:|1635951858
|switch|p2a: Yveltal|Yveltal|100/100
|-ability|p2a: Yveltal|Dark Aura
|turn|10
|
|t:|1635951863
|-start|p2a: Yveltal|Dynamax
|-heal|p2a: Yveltal|100/100|[silent]
|move|p2a: Yveltal|Max Airstream|p1a: Groudon
|-damage|p1a: Groudon|27/100
|-boost|p2a: Yveltal|spe|1
|move|p1a: Groudon|Rock Tomb|p2a: Yveltal
|-supereffective|p2a: Yveltal
|-damage|p2a: Yveltal|77/100
|-unboost|p2a: Yveltal|spe|1
|
|-weather|DesolateLand|[upkeep]
|upkeep
|turn|11
|
|t:|1635951878
|move|p2a: Yveltal|Max Airstream|p1a: Groudon
|-damage|p1a: Groudon|0 fnt
|-boost|p2a: Yveltal|spe|1
|faint|p1a: Groudon
|-weather|none
|
|upkeep
|inactive|agdp has 120 seconds left.
|
|t:|1635951908
|switch|p1a: Yveltal|Yveltal|100/100
|-ability|p1a: Yveltal|Dark Aura
|turn|12
|inactive|agdp has 120 seconds left.
|
|t:|1635951916
|-start|p1a: Yveltal|Dynamax
|-heal|p1a: Yveltal|100/100|[silent]
|move|p1a: Yveltal|Max Guard|p1a: Yveltal
|-singleturn|p1a: Yveltal|Max Guard
|move|p2a: Yveltal|Max Airstream|p1a: Yveltal
|-activate|p1a: Yveltal|move: Max Guard
|
|-end|p2a: Yveltal|Dynamax
|-heal|p2a: Yveltal|77/100|[silent]
|upkeep
|turn|13
|inactive|agdp has 120 seconds left.
|
|t:|1635951927
|move|p2a: Yveltal|Oblivion Wing|p1a: Yveltal
|-damage|p1a: Yveltal|79/100
|-heal|p2a: Yveltal|100/100|[from] drain|[of] p1a: Yveltal
|move|p1a: Yveltal|Max Airstream|p2a: Yveltal
|-damage|p2a: Yveltal|66/100
|-boost|p1a: Yveltal|spe|1
|
|upkeep
|turn|14
|inactive|agdp has 120 seconds left.
|
|t:|1635951938
|move|p1a: Yveltal|Max Airstream|p2a: Yveltal
|-damage|p2a: Yveltal|29/100
|-boost|p1a: Yveltal|spe|1
|move|p2a: Yveltal|Oblivion Wing|p1a: Yveltal
|-damage|p1a: Yveltal|57/100
|-heal|p2a: Yveltal|57/100|[from] drain|[of] p1a: Yveltal
|
|-end|p1a: Yveltal|Dynamax
|-heal|p1a: Yveltal|57/100|[silent]
|upkeep
|turn|15
|inactive|agdp has 120 seconds left.
|
|t:|1635951950
|move|p1a: Yveltal|Oblivion Wing|p2a: Yveltal
|-damage|p2a: Yveltal|36/100
|-heal|p1a: Yveltal|75/100|[from] drain|[of] p2a: Yveltal
|move|p2a: Yveltal|Oblivion Wing|p1a: Yveltal
|-damage|p1a: Yveltal|36/100
|-heal|p2a: Yveltal|62/100|[from] drain|[of] p1a: Yveltal
|
|upkeep
|turn|16
|inactive|agdp has 120 seconds left.
|
|t:|1635951961
|move|p1a: Yveltal|Oblivion Wing|p2a: Yveltal
|-damage|p2a: Yveltal|41/100
|-heal|p1a: Yveltal|55/100|[from] drain|[of] p2a: Yveltal
|move|p2a: Yveltal|Oblivion Wing|p1a: Yveltal
|-damage|p1a: Yveltal|16/100
|-heal|p2a: Yveltal|66/100|[from] drain|[of] p1a: Yveltal
|
|upkeep
|turn|17
|inactive|agdp has 120 seconds left.
|
|t:|1635951974
|move|p1a: Yveltal|Oblivion Wing|p2a: Yveltal
|-damage|p2a: Yveltal|44/100
|-heal|p1a: Yveltal|35/100|[from] drain|[of] p2a: Yveltal
|move|p2a: Yveltal|Oblivion Wing|p1a: Yveltal
|-damage|p1a: Yveltal|0 fnt
|-heal|p2a: Yveltal|67/100|[from] drain|[of] p1a: Yveltal
|faint|p1a: Yveltal
|
|upkeep
|inactive|agdp has 120 seconds left.
|
|t:|1635951989
|switch|p1a: Eternatus|Eternatus|100/100
|-ability|p1a: Eternatus|Pressure
|turn|18
|
|t:|1635951995
|move|p1a: Eternatus|Meteor Beam||[still]
|-prepare|p1a: Eternatus|Meteor Beam
|-boost|p1a: Eternatus|spa|1
|-enditem|p1a: Eternatus|Power Herb
|-anim|p1a: Eternatus|Meteor Beam|p2a: Yveltal
|-supereffective|p2a: Yveltal
|-damage|p2a: Yveltal|2/100
|move|p2a: Yveltal|Dark Pulse|p1a: Eternatus
|-damage|p1a: Eternatus|53/100
|
|upkeep
|turn|19
|inactive|agdp has 120 seconds left.
|
|t:|1635952005
|move|p2a: Yveltal|Sucker Punch|p1a: Eternatus
|-damage|p1a: Eternatus|23/100
|move|p1a: Eternatus|Flamethrower|p2a: Yveltal
|-damage|p2a: Yveltal|0 fnt
|faint|p2a: Yveltal
|
|upkeep
|
|t:|1635952016
|switch|p2a: Kangaskhan|Kangaskhan-Mega, F|100/100
|turn|20
|
|t:|1635952020
|move|p2a: Kangaskhan|Fake Out|p1a: Eternatus
|-damage|p1a: Eternatus|6/100
|-damage|p1a: Eternatus|2/100
|-hitcount|p1a: Eternatus|2
|cant|p1a: Eternatus|flinch
|
|upkeep
|turn|21
|
|t:|1635952032
|move|p2a: Kangaskhan|Sucker Punch|p1a: Eternatus
|-damage|p1a: Eternatus|0 fnt
|faint|p1a: Eternatus
|-hitcount|p1: Eternatus|1
|
|upkeep
|
|t:|1635952046
|switch|p1a: Ditto|Ditto|100/100
|-transform|p1a: Ditto|p2a: Kangaskhan|[from] ability: Imposter
|turn|22
|
|t:|1635952062
|switch|p2a: Necrozma|Necrozma-Dusk-Mane|100/100
|move|p1a: Ditto|Seismic Toss|p2a: Necrozma
|-damage|p2a: Necrozma|75/100
|-damage|p1a: Ditto|84/100|[from] item: Rocky Helmet|[of] p2a: Necrozma
|-damage|p2a: Necrozma|50/100
|-damage|p1a: Ditto|68/100|[from] item: Rocky Helmet|[of] p2a: Necrozma
|-hitcount|p2a: Necrozma|2
|
|upkeep
|turn|23
|
|t:|1635952074
|move|p1a: Ditto|Seismic Toss|p2a: Necrozma
|-damage|p2a: Necrozma|25/100
|-damage|p1a: Ditto|51/100|[from] item: Rocky Helmet|[of] p2a: Necrozma
|-damage|p2a: Necrozma|0 fnt
|-damage|p1a: Ditto|35/100|[from] item: Rocky Helmet|[of] p2a: Necrozma
|faint|p2a: Necrozma
|-hitcount|p2: Necrozma|2
|
|upkeep
|
|t:|1635952081
|switch|p2a: Gliscor|Gliscor, F|100/100
|turn|24
|
|t:|1635952090
|move|p1a: Ditto|Seismic Toss|p2a: Gliscor
|-damage|p2a: Gliscor|72/100
|-damage|p2a: Gliscor|44/100
|-hitcount|p2a: Gliscor|2
|move|p2a: Gliscor|Toxic|p1a: Ditto|[miss]
|-miss|p2a: Gliscor|p1a: Ditto
|
|-status|p2a: Gliscor|tox|[from] item: Toxic Orb
|upkeep
|turn|25
|
|t:|1635952100
|move|p2a: Gliscor|Protect|p2a: Gliscor
|-singleturn|p2a: Gliscor|Protect
|move|p1a: Ditto|Seismic Toss|p2a: Gliscor
|-activate|p2a: Gliscor|move: Protect
|
|-heal|p2a: Gliscor|56/100 tox|[from] ability: Poison Heal
|upkeep
|turn|26
|
|t:|1635952109
|move|p2a: Gliscor|Protect||[still]
|-fail|p2a: Gliscor
|move|p1a: Ditto|Seismic Toss|p2a: Gliscor
|-damage|p2a: Gliscor|28/100 tox
|-damage|p2a: Gliscor|0 fnt
|faint|p2a: Gliscor
|-hitcount|p2: Gliscor|2
|
|upkeep
|
|t:|1635952116
|switch|p2a: Kangaskhan|Kangaskhan-Mega, F|100/100
|turn|27
|
|t:|1635952126
|switch|p1a: Kyogre|Kyogre|100/100
|-weather|RainDance|[from] ability: Drizzle|[of] p1a: Kyogre
|move|p2a: Kangaskhan|Return|p1a: Kyogre
|-damage|p1a: Kyogre|42/100
|-damage|p1a: Kyogre|28/100
|-hitcount|p1a: Kyogre|2
|
|-weather|RainDance|[upkeep]
|upkeep
|turn|28
|
|t:|1635952138
|move|p2a: Kangaskhan|Sucker Punch|p1a: Kyogre
|-damage|p1a: Kyogre|4/100
|-damage|p1a: Kyogre|0 fnt
|faint|p1a: Kyogre
|-hitcount|p1: Kyogre|2
|
|-weather|RainDance|[upkeep]
|upkeep
|
|t:|1635952146
|switch|p1a: Ditto|Ditto|35/100
|-transform|p1a: Ditto|p2a: Kangaskhan|[from] ability: Imposter
|turn|29
|
|t:|1635952151
|move|p1a: Ditto|Return|p2a: Kangaskhan
|-damage|p2a: Kangaskhan|46/100
|-damage|p2a: Kangaskhan|33/100
|-hitcount|p2a: Kangaskhan|2
|move|p2a: Kangaskhan|Seismic Toss|p1a: Ditto
|-damage|p1a: Ditto|2/100
|-damage|p1a: Ditto|0 fnt
|faint|p1a: Ditto
|-hitcount|p1: Ditto|2
|
|win|IWSK
|raw|agdp's rating: 1563 &rarr; <strong>1553</strong><br />(-10 for losing)
|raw|IWSK's rating: 1749 &rarr; <strong>1759</strong><br />(+10 for winning)
|l|☆IWSK
