|j|☆Mangoru123
|j|☆xLeonisx
|t:|1650590528
|gametype|singles
|player|p1|Mangoru123|red|1641
|player|p2|xLeonisx|1|1568
|teamsize|p1|6
|teamsize|p2|6
|gen|8
|tier|[Gen 8] National Dex AG
|rated|
|rule|HP Percentage Mod: HP is shown in percentages
|rule|Endless Battle Clause: Forcing endless battles is banned
|clearpoke
|poke|p1|Zacian-*|
|poke|p1|Rayquaza|
|poke|p1|Calyrex-Shadow|
|poke|p1|Weavile, M|
|poke|p1|Ditto|
|poke|p1|Arceus-*|
|poke|p2|Kyogre|
|poke|p2|Arceus-*|
|poke|p2|Lugia|
|poke|p2|Calyrex-Shadow|
|poke|p2|Deoxys-Speed|
|poke|p2|Zacian-*|
|teampreview
|inactive|Battle timer is ON: inactive players will automatically lose when time's up. (requested by xLeonisx)
|
|t:|1650590535
|start
|switch|p1a: Weavile|Weavile, M|100/100
|switch|p2a: Kyogre|Kyogre|100/100
|-ability|p1a: Weavile|Pressure
|detailschange|p2a: Kyogre|Kyogre-Primal
|-primal|p2a: Kyogre
|-weather|PrimordialSea|[from] ability: Primordial Sea|[of] p2a: Kyogre
|turn|1
|
|t:|1650590540
|-weather|none
|switch|p2a: Zacian|Zacian-Crowned|100/100
|-ability|p2a: Zacian|Intrepid Sword|boost
|-boost|p2a: Zacian|atk|1
|move|p1a: Weavile|Fake Out|p2a: Zacian
|-resisted|p2a: Zacian
|-damage|p2a: Zacian|94/100
|
|upkeep
|turn|2
|
|t:|1650590548
|switch|p1a: Arceus|Arceus-Steel, shiny|100/100
|move|p2a: Zacian|Swords Dance|p2a: Zacian
|-boost|p2a: Zacian|atk|2
|
|upkeep
|turn|3
|
|t:|1650590553
|move|p2a: Zacian|Close Combat|p1a: Arceus
|-supereffective|p1a: Arceus
|-damage|p1a: Arceus|0 fnt
|-unboost|p2a: Zacian|def|1
|-unboost|p2a: Zacian|spd|1
|faint|p1a: Arceus
|
|upkeep
|
|t:|1650590556
|switch|p1a: Ditto|Ditto|100/100
|-transform|p1a: Ditto|p2a: Zacian|[from] ability: Imposter
|-ability|p1a: Ditto|Intrepid Sword|boost
|-boost|p1a: Ditto|atk|1
|turn|4
|
|t:|1650590569
|switch|p2a: Kyogre|Kyogre-Primal|100/100
|-weather|PrimordialSea|[from] ability: Primordial Sea|[of] p2a: Kyogre
|move|p1a: Ditto|Behemoth Blade|p2a: Kyogre
|-resisted|p2a: Kyogre
|-damage|p2a: Kyogre|0 fnt
|faint|p2a: Kyogre
|-weather|none
|
|upkeep
|
|t:|1650590571
|switch|p2a: Deoxys|Deoxys-Speed|100/100
|-ability|p2a: Deoxys|Pressure
|turn|5
|
|t:|1650590573
|move|p1a: Ditto|Behemoth Blade|p2a: Deoxys
|-enditem|p2a: Deoxys|Focus Sash
|-damage|p2a: Deoxys|1/100
|move|p2a: Deoxys|Thunder Wave|p1a: Ditto|[miss]
|-miss|p2a: Deoxys|p1a: Ditto
|
|upkeep
|turn|6
|c|☆xLeonisx|gg
|c|☆Mangoru123|lol
|c|☆xLeonisx|u win because of that miss
|c|☆Mangoru123|i prolly would have won either way
|c|☆Mangoru123|but gg
|c|☆xLeonisx|no
|c|☆Mangoru123|maybe
|inactive|xLeonisx has 120 seconds left.
|
|t:|1650590615
|switch|p2a: Lugia|Lugia|100/100
|move|p1a: Ditto|Behemoth Blade|p2a: Lugia
|-damage|p2a: Lugia|36/100
|
|upkeep
|turn|7
|
|t:|1650590624
|switch|p1a: Weavile|Weavile, M|100/100
|-ability|p1a: Weavile|Pressure
|move|p2a: Lugia|Roost|p2a: Lugia
|-heal|p2a: Lugia|86/100
|-singleturn|p2a: Lugia|move: Roost
|
|upkeep
|turn|8
|
|t:|1650590627
|move|p1a: Weavile|Fake Out|p2a: Lugia
|-damage|p2a: Lugia|77/100
|cant|p2a: Lugia|flinch
|
|upkeep
|turn|9
|
|t:|1650590630
|move|p1a: Weavile|Beat Up|p2a: Lugia
|-supereffective|p2a: Lugia
|-damage|p2a: Lugia|66/100
|-supereffective|p2a: Lugia
|-damage|p2a: Lugia|51/100
|-supereffective|p2a: Lugia
|-damage|p2a: Lugia|44/100
|-supereffective|p2a: Lugia
|-damage|p2a: Lugia|29/100
|-supereffective|p2a: Lugia
|-damage|p2a: Lugia|24/100
|-hitcount|p2a: Lugia|5
|cant|p2a: Lugia|flinch
|
|upkeep
|turn|10
|
|t:|1650590636
|move|p1a: Weavile|Beat Up|p2a: Lugia
|-supereffective|p2a: Lugia
|-damage|p2a: Lugia|12/100
|-supereffective|p2a: Lugia
|-damage|p2a: Lugia|0 fnt
|faint|p2a: Lugia
|-hitcount|p2: Lugia|2
|
|upkeep
|
|t:|1650590640
|switch|p2a: Deoxys|Deoxys-Speed|1/100
|-ability|p2a: Deoxys|Pressure
|turn|11
|
|t:|1650590646
|move|p1a: Weavile|Ice Shard|p2a: Deoxys
|-damage|p2a: Deoxys|0 fnt
|faint|p2a: Deoxys
|
|upkeep
|-message|xLeonisx forfeited.
|
|win|Mangoru123
|raw|Mangoru123's rating: 1641 &rarr; <strong>1657</strong><br />(+16 for winning)
|raw|xLeonisx's rating: 1568 &rarr; <strong>1552</strong><br />(-16 for losing)
|l|☆xLeonisx
|c|☆Mangoru123|gg
||Ladder isn't responding, score probably updated but might not have (Request timeout).
