|j|☆carrier ant attack
|j|☆Adil
|t:|1642085803
|gametype|singles
|player|p1|carrier ant attack|lusamine-nihilego|1718
|player|p2|Adil|170|1937
|teamsize|p1|6
|teamsize|p2|6
|gen|8
|tier|[Gen 8] National Dex AG
|rated|
|rule|HP Percentage Mod: HP is shown in percentages
|rule|Endless Battle Clause: Forcing endless battles is banned
|clearpoke
|poke|p1|Calyrex-Ice|
|poke|p1|Melmetal|
|poke|p1|Necrozma-Dusk-Mane|
|poke|p1|Hatterene, F|
|poke|p1|Rayquaza|
|poke|p1|Tyranitar, F|
|poke|p2|Zygarde|
|poke|p2|Calyrex-Shadow|
|poke|p2|Zacian-*|
|poke|p2|Necrozma-Dusk-Mane|
|poke|p2|Tyranitar, M|
|poke|p2|Rayquaza|
|teampreview
|inactive|Battle timer is ON: inactive players will automatically lose when time's up. (requested by carrier ant attack)
|j| Iamalwayssad
|c| Iamalwayssad|gl
|
|t:|1642085836
|start
|switch|p1a: Rayquaza|Rayquaza|100/100
|switch|p2a: Zacian|Zacian-Crowned|100/100
|-ability|p2a: Zacian|Intrepid Sword|boost
|-boost|p2a: Zacian|atk|1
|-ability|p1a: Rayquaza|Air Lock
|turn|1
|inactive|Adil has 120 seconds left.
|inactive|Adil has 90 seconds left.
|inactive|Adil has 60 seconds left.
|
|t:|1642085948
|switch|p1a: Necrozma|Necrozma-Dusk-Mane|100/100
|move|p2a: Zacian|Play Rough|p1a: Necrozma
|-resisted|p1a: Necrozma
|-damage|p1a: Necrozma|74/100
|
|upkeep
|turn|2
|
|t:|1642085966
|switch|p2a: Zygarde|Zygarde|100/100
|move|p1a: Necrozma|Trick Room|p1a: Necrozma
|-fieldstart|move: Trick Room|[of] p1a: Necrozma
|
|upkeep
|turn|3
|
|t:|1642085970
|switch|p1a: Hatterene|Hatterene, F|100/100
|move|p2a: Zygarde|Substitute|p2a: Zygarde
|-start|p2a: Zygarde|Substitute
|-damage|p2a: Zygarde|76/100
|
|-heal|p2a: Zygarde|82/100|[from] item: Leftovers
|upkeep
|turn|4
|
|t:|1642085978
|switch|p1a: Calyrex|Calyrex-Ice|100/100
|-ability|p1a: Calyrex|As One
|-ability|p1a: Calyrex|Unnerve
|move|p2a: Zygarde|Substitute|p2a: Zygarde
|-fail|p2a: Zygarde|move: Substitute
|
|-heal|p2a: Zygarde|88/100|[from] item: Leftovers
|upkeep
|turn|5
|
|t:|1642085987
|move|p1a: Calyrex|Glacial Lance|p2a: Zygarde
|-supereffective|p2a: Zygarde
|-end|p2a: Zygarde|Substitute
|move|p2a: Zygarde|Substitute|p2a: Zygarde
|-start|p2a: Zygarde|Substitute
|-damage|p2a: Zygarde|63/100
|
|-heal|p2a: Zygarde|69/100|[from] item: Leftovers
|upkeep
|turn|6
|inactive|Adil has 60 seconds left.
|
|t:|1642085995
|move|p1a: Calyrex|Glacial Lance|p2a: Zygarde
|-supereffective|p2a: Zygarde
|-end|p2a: Zygarde|Substitute
|move|p2a: Zygarde|Glare|p1a: Calyrex
|-status|p1a: Calyrex|par
|-enditem|p1a: Calyrex|Lum Berry|[eat]
|-curestatus|p1a: Calyrex|par|[msg]
|
|-heal|p2a: Zygarde|75/100|[from] item: Leftovers
|-fieldend|move: Trick Room
|upkeep
|turn|7
|inactive|Adil has 60 seconds left.
|
|t:|1642086006
|switch|p2a: Necrozma|Necrozma-Dusk-Mane|100/100
|move|p1a: Calyrex|Trick Room|p1a: Calyrex
|-fieldstart|move: Trick Room|[of] p1a: Calyrex
|
|upkeep
|turn|8
|inactive|Adil has 60 seconds left.
|
|t:|1642086018
|move|p1a: Calyrex|Baton Pass|p1a: Calyrex
|
|t:|1642086020
|switch|p1a: Hatterene|Hatterene, F|100/100|[from]move: Baton Pass
|move|p2a: Necrozma|Stealth Rock|p1a: Hatterene
|move|p1a: Hatterene|Stealth Rock|p2a: Necrozma|[from]ability: Magic Bounce
|-sidestart|p2: Adil|move: Stealth Rock
|
|upkeep
|turn|9
|inactive|Adil has 60 seconds left.
|inactive|carrier ant attack has 120 seconds left.
|
|t:|1642086075
|move|p1a: Hatterene|Healing Wish|p1a: Hatterene
|faint|p1a: Hatterene
|move|p2a: Necrozma|Sunsteel Strike|p1: Hatterene|[notarget]
|-fail|p2a: Necrozma
|
|upkeep
|inactive|carrier ant attack has 90 seconds left.
|
|t:|1642086088
|switch|p1a: Calyrex|Calyrex-Ice|100/100
|-ability|p1a: Calyrex|As One
|-ability|p1a: Calyrex|Unnerve
|turn|10
|
|t:|1642086094
|move|p1a: Calyrex|Growth|p1a: Calyrex
|-boost|p1a: Calyrex|atk|1
|-boost|p1a: Calyrex|spa|1
|move|p2a: Necrozma|Stealth Rock|p1a: Calyrex
|-sidestart|p1: carrier ant attack|move: Stealth Rock
|
|upkeep
|turn|11
|
|t:|1642086100
|move|p1a: Calyrex|Baton Pass|p1a: Calyrex
|
|t:|1642086102
|switch|p1a: Melmetal|Melmetal|100/100|[from]move: Baton Pass
|-damage|p1a: Melmetal|94/100|[from] Stealth Rock
|move|p2a: Necrozma|Sunsteel Strike|p1a: Melmetal
|-resisted|p1a: Melmetal
|-damage|p1a: Melmetal|80/100
|
|-fieldend|move: Trick Room
|upkeep
|turn|12
|
|t:|1642086113
|-start|p1a: Melmetal|Dynamax
|-heal|p1a: Melmetal|80/100|[silent]
|move|p2a: Necrozma|Earthquake|p1a: Melmetal
|-supereffective|p1a: Melmetal
|-damage|p1a: Melmetal|61/100
|move|p1a: Melmetal|Max Quake|p2a: Necrozma
|-supereffective|p2a: Necrozma
|-damage|p2a: Necrozma|19/100
|-boost|p1a: Melmetal|spd|1
|-damage|p1a: Melmetal|57/100|[from] item: Life Orb
|
|upkeep
|turn|13
|
|t:|1642086125
|move|p2a: Necrozma|Earthquake|p1a: Melmetal
|-supereffective|p1a: Melmetal
|-damage|p1a: Melmetal|40/100
|move|p1a: Melmetal|Max Steelspike|p2a: Necrozma
|-resisted|p2a: Necrozma
|-damage|p2a: Necrozma|0 fnt
|-boost|p1a: Melmetal|def|1
|faint|p2a: Necrozma
|-damage|p1a: Melmetal|35/100|[from] item: Life Orb
|
|upkeep
|inactive|Adil has 60 seconds left.
|
|t:|1642086146
|switch|p2a: Zygarde|Zygarde|75/100
|-damage|p2a: Zygarde|69/100|[from] Stealth Rock
|turn|14
|inactive|Adil has 60 seconds left.
|
|t:|1642086159
|move|p2a: Zygarde|Substitute|p2a: Zygarde
|-start|p2a: Zygarde|Substitute
|-damage|p2a: Zygarde|44/100
|move|p1a: Melmetal|Max Steelspike|p2a: Zygarde
|-end|p2a: Zygarde|Substitute
|-boost|p1a: Melmetal|def|1
|-damage|p1a: Melmetal|30/100|[from] item: Life Orb
|
|-heal|p2a: Zygarde|50/100|[from] item: Leftovers
|-activate|p2a: Zygarde|ability: Power Construct
|detailschange|p2a: Zygarde|Zygarde-Complete
|-heal|p2a: Zygarde|68/100|[silent]
|-end|p1a: Melmetal|Dynamax
|-heal|p1a: Melmetal|30/100|[silent]
|upkeep
|turn|15
|inactive|carrier ant attack has 120 seconds left.
|
|t:|1642086174
|move|p2a: Zygarde|Coil|p2a: Zygarde
|-boost|p2a: Zygarde|atk|1
|-boost|p2a: Zygarde|def|1
|-boost|p2a: Zygarde|accuracy|1
|move|p1a: Melmetal|Double Iron Bash|p2a: Zygarde
|-damage|p2a: Zygarde|49/100
|-damage|p2a: Zygarde|31/100
|-hitcount|p2a: Zygarde|2
|-damage|p1a: Melmetal|20/100|[from] item: Life Orb
|
|-heal|p2a: Zygarde|37/100|[from] item: Leftovers
|upkeep
|turn|16
|
|t:|1642086186
|move|p2a: Zygarde|Thousand Arrows|p1a: Melmetal
|-supereffective|p1a: Melmetal
|-damage|p1a: Melmetal|0 fnt
|faint|p1a: Melmetal
|
|-heal|p2a: Zygarde|43/100|[from] item: Leftovers
|upkeep
|
|t:|1642086192
|switch|p1a: Calyrex|Calyrex-Ice|100/100
|-ability|p1a: Calyrex|As One
|-ability|p1a: Calyrex|Unnerve
|-damage|p1a: Calyrex|76/100|[from] Stealth Rock
|turn|17
|inactive|Adil has 60 seconds left.
|inactive|Adil has 30 seconds left.
|
|t:|1642086244
|switch|p2a: Zacian|Zacian-Crowned|100/100
|-damage|p2a: Zacian|94/100|[from] Stealth Rock
|-ability|p2a: Zacian|Intrepid Sword|boost
|-boost|p2a: Zacian|atk|1
|move|p1a: Calyrex|Trick Room|p1a: Calyrex
|-fieldstart|move: Trick Room|[of] p1a: Calyrex
|
|upkeep
|turn|18
|
|t:|1642086253
|move|p1a: Calyrex|Baton Pass|p1a: Calyrex
|
|t:|1642086254
|switch|p1a: Necrozma|Necrozma-Dusk-Mane|74/100|[from]move: Baton Pass
|-heal|p1a: Necrozma|100/100|[from] move: Healing Wish
|-damage|p1a: Necrozma|94/100|[from] Stealth Rock
|move|p2a: Zacian|Behemoth Blade|p1a: Necrozma
|-resisted|p1a: Necrozma
|-damage|p1a: Necrozma|66/100
|
|upkeep
|turn|19
|
|t:|1642086277
|switch|p2a: Zygarde|Zygarde-Complete|43/100
|-damage|p2a: Zygarde|37/100|[from] Stealth Rock
|move|p1a: Necrozma|Swords Dance|p1a: Necrozma
|-boost|p1a: Necrozma|atk|2
|
|-heal|p2a: Zygarde|43/100|[from] item: Leftovers
|upkeep
|turn|20
|
|t:|1642086296
|move|p1a: Necrozma|Sunsteel Strike|p2a: Zygarde
|-crit|p2a: Zygarde
|-damage|p2a: Zygarde|0 fnt
|faint|p2a: Zygarde
|
|upkeep
|inactive|Adil has 30 seconds left.
|
|t:|1642086307
|switch|p2a: Tyranitar|Tyranitar, M|100/100
|-damage|p2a: Tyranitar|88/100|[from] Stealth Rock
|-weather|Sandstorm|[from] ability: Sand Stream|[of] p2a: Tyranitar
|turn|21
|
|t:|1642086336
|move|p1a: Necrozma|Sunsteel Strike|p2a: Tyranitar
|-supereffective|p2a: Tyranitar
|-damage|p2a: Tyranitar|0 fnt
|faint|p2a: Tyranitar
|
|-weather|Sandstorm|[upkeep]
|-fieldend|move: Trick Room
|upkeep
|
|t:|1642086340
|switch|p2a: Calyrex|Calyrex-Shadow|100/100
|-ability|p2a: Calyrex|As One
|-ability|p2a: Calyrex|Unnerve
|-damage|p2a: Calyrex|88/100|[from] Stealth Rock
|turn|22
|
|t:|1642086347
|switch|p1a: Tyranitar|Tyranitar, F|100/100
|-damage|p1a: Tyranitar|88/100|[from] Stealth Rock
|move|p2a: Calyrex|Astral Barrage|p1a: Tyranitar
|-resisted|p1a: Tyranitar
|-damage|p1a: Tyranitar|74/100
|
|-weather|Sandstorm|[upkeep]
|-damage|p2a: Calyrex|82/100|[from] Sandstorm
|-heal|p1a: Tyranitar|80/100|[from] item: Leftovers
|upkeep
|turn|23
|
|t:|1642086360
|-start|p2a: Calyrex|Dynamax
|-heal|p2a: Calyrex|82/100|[silent]
|move|p2a: Calyrex|Max Starfall|p1a: Tyranitar
|-supereffective|p1a: Tyranitar
|-damage|p1a: Tyranitar|49/100
|-fieldstart|move: Misty Terrain
|move|p1a: Tyranitar|Pursuit|p2a: Calyrex
|-supereffective|p2a: Calyrex
|-damage|p2a: Calyrex|36/100
|
|-weather|Sandstorm|[upkeep]
|-damage|p2a: Calyrex|33/100|[from] Sandstorm
|-heal|p1a: Tyranitar|55/100|[from] item: Leftovers
|upkeep
|turn|24
|inactive|Adil has 60 seconds left.
|
|t:|1642086372
|move|p2a: Calyrex|Max Starfall|p1a: Tyranitar
|-supereffective|p1a: Tyranitar
|-damage|p1a: Tyranitar|21/100
|move|p1a: Tyranitar|Pursuit|p2a: Calyrex
|-supereffective|p2a: Calyrex
|-damage|p2a: Calyrex|0 fnt
|faint|p2a: Calyrex
|
|-weather|Sandstorm|[upkeep]
|-heal|p1a: Tyranitar|27/100|[from] item: Leftovers
|upkeep
|inactive|Adil has 60 seconds left.
|
|t:|1642086380
|switch|p2a: Zacian|Zacian-Crowned|94/100
|-damage|p2a: Zacian|88/100|[from] Stealth Rock
|-ability|p2a: Zacian|Intrepid Sword|boost
|-boost|p2a: Zacian|atk|1
|turn|25
|
|t:|1642086387
|switch|p1a: Necrozma|Necrozma-Dusk-Mane|66/100
|-damage|p1a: Necrozma|60/100|[from] Stealth Rock
|move|p2a: Zacian|Behemoth Blade|p1a: Necrozma
|-resisted|p1a: Necrozma
|-damage|p1a: Necrozma|30/100
|-enditem|p1a: Necrozma|Sitrus Berry|[eat]
|-heal|p1a: Necrozma|55/100|[from] item: Sitrus Berry
|
|-weather|none
|upkeep
|turn|26
|
|t:|1642086396
|move|p2a: Zacian|Behemoth Blade|p1a: Necrozma
|-resisted|p1a: Necrozma
|-damage|p1a: Necrozma|26/100
|move|p1a: Necrozma|Trick Room|p1a: Necrozma
|-fieldstart|move: Trick Room|[of] p1a: Necrozma
|
|upkeep
|turn|27
|
|t:|1642086408
|switch|p2a: Rayquaza|Rayquaza|100/100
|-damage|p2a: Rayquaza|76/100|[from] Stealth Rock
|-ability|p2a: Rayquaza|Air Lock
|move|p1a: Necrozma|Sunsteel Strike|p2a: Rayquaza
|-damage|p2a: Rayquaza|18/100
|
|-fieldend|Misty Terrain
|upkeep
|turn|28
|
|t:|1642086419
|detailschange|p2a: Rayquaza|Rayquaza-Mega
|-mega|p2a: Rayquaza|Rayquaza|
|-weather|DeltaStream|[from] ability: Delta Stream|[of] p2a: Rayquaza
|move|p2a: Rayquaza|Extreme Speed|p1a: Necrozma
|-resisted|p1a: Necrozma
|-damage|p1a: Necrozma|16/100
|move|p1a: Necrozma|Sunsteel Strike|p2a: Rayquaza
|-damage|p2a: Rayquaza|0 fnt
|faint|p2a: Rayquaza
|-weather|none
|
|upkeep
|
|t:|1642086425
|switch|p2a: Zacian|Zacian-Crowned|88/100
|-damage|p2a: Zacian|82/100|[from] Stealth Rock
|-ability|p2a: Zacian|Intrepid Sword|boost
|-boost|p2a: Zacian|atk|1
|turn|29
|
|t:|1642086434
|move|p2a: Zacian|Quick Attack|p1a: Necrozma
|-resisted|p1a: Necrozma
|-damage|p1a: Necrozma|9/100
|move|p1a: Necrozma|Sunsteel Strike|p2a: Zacian
|-damage|p2a: Zacian|33/100
|
|upkeep
|turn|30
|
|t:|1642086442
|move|p2a: Zacian|Quick Attack|p1a: Necrozma
|-resisted|p1a: Necrozma
|-damage|p1a: Necrozma|2/100
|move|p1a: Necrozma|Sunsteel Strike|p2a: Zacian
|-damage|p2a: Zacian|0 fnt
|faint|p2a: Zacian
|
|win|carrier ant attack
|raw|carrier ant attack's rating: 1718 &rarr; <strong>1749</strong><br />(+31 for winning)
|raw|Adil's rating: 1937 &rarr; <strong>1906</strong><br />(-31 for losing)
|c|☆carrier ant attack|gg
|l|☆Adil
|c| Iamalwayssad|gg
|c|☆carrier ant attack|i beat 1900
|c|☆carrier ant attack|let's gooo
|c| Iamalwayssad|ya
||Ladder isn't responding, score probably updated but might not have (Request timeout).
