|j|☆Hoenn Militian
|j|☆FenixFyre04
|t:|1650018621
|gametype|singles
|player|p1|Hoenn Militian|ingo|1871
|player|p2|FenixFyre04|benga|1961
|teamsize|p1|6
|teamsize|p2|6
|gen|8
|tier|[Gen 8] National Dex AG
|rated|
|rule|HP Percentage Mod: HP is shown in percentages
|rule|Endless Battle Clause: Forcing endless battles is banned
|clearpoke
|poke|p1|Yveltal|
|poke|p1|Quagsire, F|
|poke|p1|Mamoswine, M|
|poke|p1|Shedinja|
|poke|p1|Kyogre|
|poke|p1|Zacian-*|
|poke|p2|Tyranitar, M|
|poke|p2|Ho-Oh|
|poke|p2|Necrozma-Dusk-Mane|
|poke|p2|Zacian-*|
|poke|p2|Rayquaza|
|poke|p2|Calyrex-Shadow|
|teampreview
|inactive|Battle timer is ON: inactive players will automatically lose when time's up. (requested by FenixFyre04)
|
|t:|1650018632
|start
|switch|p1a: Mamoswine|Mamoswine, M|100/100
|switch|p2a: Rayquaza|Rayquaza|100/100
|-ability|p2a: Rayquaza|Air Lock
|turn|1
|
|t:|1650018642
|detailschange|p2a: Rayquaza|Rayquaza-Mega
|-mega|p2a: Rayquaza|Rayquaza|
|-weather|DeltaStream|[from] ability: Delta Stream|[of] p2a: Rayquaza
|move|p2a: Rayquaza|Dragon Ascent|p1a: Mamoswine
|-enditem|p1a: Mamoswine|Focus Sash
|-damage|p1a: Mamoswine|1/100
|-unboost|p2a: Rayquaza|def|1
|-unboost|p2a: Rayquaza|spd|1
|move|p1a: Mamoswine|Endeavor|p2a: Rayquaza
|-damage|p2a: Rayquaza|1/100
|
|-weather|DeltaStream|[upkeep]
|upkeep
|turn|2
|
|t:|1650018655
|-weather|none
|switch|p2a: Necrozma|Necrozma-Dusk-Mane|100/100
|switch|p1a: Quagsire|Quagsire, F|100/100
|
|upkeep
|turn|3
|
|t:|1650018661
|move|p2a: Necrozma|Stealth Rock|p1a: Quagsire
|-sidestart|p1: Hoenn Militian|move: Stealth Rock
|move|p1a: Quagsire|Curse|p1a: Quagsire
|-unboost|p1a: Quagsire|spe|1
|-boost|p1a: Quagsire|atk|1
|-boost|p1a: Quagsire|def|1
|
|upkeep
|turn|4
|inactive|FenixFyre04 has 120 seconds left.
|
|t:|1650018698
|move|p2a: Necrozma|Knock Off|p1a: Quagsire
|-damage|p1a: Quagsire|83/100
|-damage|p2a: Necrozma|84/100|[from] item: Rocky Helmet|[of] p1a: Quagsire
|-enditem|p1a: Quagsire|Rocky Helmet|[from] move: Knock Off|[of] p2a: Necrozma
|move|p1a: Quagsire|Earthquake|p2a: Necrozma
|-supereffective|p2a: Necrozma
|-damage|p2a: Necrozma|49/100
|
|upkeep
|turn|5
|inactive|FenixFyre04 has 120 seconds left.
|
|t:|1650018708
|switch|p2a: Ho-Oh|Ho-Oh, shiny|100/100
|move|p1a: Quagsire|Curse|p1a: Quagsire
|-unboost|p1a: Quagsire|spe|1
|-boost|p1a: Quagsire|atk|1
|-boost|p1a: Quagsire|def|1
|
|upkeep
|turn|6
|
|t:|1650018715
|move|p1a: Quagsire|Toxic|p2a: Ho-Oh
|-status|p2a: Ho-Oh|tox
|move|p2a: Ho-Oh|Whirlwind|p1a: Quagsire
|drag|p1a: Kyogre|Kyogre|100/100
|-damage|p1a: Kyogre|88/100|[from] Stealth Rock
|-weather|RainDance|[from] ability: Drizzle|[of] p1a: Kyogre
|
|-weather|RainDance|[upkeep]
|-damage|p2a: Ho-Oh|94/100 tox|[from] psn
|upkeep
|turn|7
|
|t:|1650018725
|switch|p2a: Necrozma|Necrozma-Dusk-Mane|49/100
|move|p1a: Kyogre|Water Spout|p2a: Necrozma
|-damage|p2a: Necrozma|0 fnt
|faint|p2a: Necrozma
|
|-weather|RainDance|[upkeep]
|upkeep
|
|t:|1650018730
|switch|p2a: Rayquaza|Rayquaza-Mega|1/100
|-weather|DeltaStream|[from] ability: Delta Stream|[of] p2a: Rayquaza
|turn|8
|
|t:|1650018735
|switch|p1a: Quagsire|Quagsire, F|83/100
|-damage|p1a: Quagsire|77/100|[from] Stealth Rock
|move|p2a: Rayquaza|Extreme Speed|p1a: Quagsire
|-damage|p1a: Quagsire|30/100
|
|-weather|DeltaStream|[upkeep]
|upkeep
|turn|9
|
|t:|1650018745
|move|p2a: Rayquaza|Extreme Speed|p1a: Quagsire
|-damage|p1a: Quagsire|0 fnt
|faint|p1a: Quagsire
|
|-weather|DeltaStream|[upkeep]
|upkeep
|
|t:|1650018752
|switch|p1a: Zacian|Zacian-Crowned|100/100
|-damage|p1a: Zacian|94/100|[from] Stealth Rock
|-ability|p1a: Zacian|Intrepid Sword|boost
|-boost|p1a: Zacian|atk|1
|turn|10
|
|t:|1650018761
|move|p2a: Rayquaza|Extreme Speed|p1a: Zacian
|-resisted|p1a: Zacian
|-damage|p1a: Zacian|69/100
|move|p1a: Zacian|Behemoth Blade|p2a: Rayquaza
|-damage|p2a: Rayquaza|0 fnt
|faint|p2a: Rayquaza
|-weather|none
|
|upkeep
|
|t:|1650018778
|switch|p2a: Calyrex|Calyrex-Shadow|100/100
|-ability|p2a: Calyrex|As One
|-ability|p2a: Calyrex|Unnerve
|turn|11
|
|t:|1650018784
|switch|p1a: Yveltal|Yveltal|100/100
|-ability|p1a: Yveltal|Dark Aura
|move|p2a: Calyrex|Astral Barrage|p1a: Yveltal
|-resisted|p1a: Yveltal
|-damage|p1a: Yveltal|68/100
|
|upkeep
|turn|12
|
|t:|1650018793
|switch|p2a: Tyranitar|Tyranitar, M, shiny|100/100
|-weather|Sandstorm|[from] ability: Sand Stream|[of] p2a: Tyranitar
|switch|p1a: Mamoswine|Mamoswine, M|1/100
|-damage|p1a: Mamoswine|0 fnt|[from] Stealth Rock
|faint|p1a: Mamoswine
|
|-weather|Sandstorm|[upkeep]
|upkeep
|
|t:|1650018803
|switch|p1a: Kyogre|Kyogre|88/100
|-damage|p1a: Kyogre|76/100|[from] Stealth Rock
|-weather|RainDance|[from] ability: Drizzle|[of] p1a: Kyogre
|turn|13
|
|t:|1650018813
|switch|p2a: Ho-Oh|Ho-Oh, shiny|100/100 tox
|move|p1a: Kyogre|Water Spout|p2a: Ho-Oh
|-supereffective|p2a: Ho-Oh
|-damage|p2a: Ho-Oh|0 fnt
|faint|p2a: Ho-Oh
|
|-weather|RainDance|[upkeep]
|upkeep
|
|t:|1650018834
|switch|p2a: Calyrex|Calyrex-Shadow|100/100
|-ability|p2a: Calyrex|As One
|-ability|p2a: Calyrex|Unnerve
|turn|14
|
|t:|1650018840
|-start|p1a: Kyogre|Dynamax|
|-heal|p1a: Kyogre|76/100|[silent]
|move|p2a: Calyrex|Astral Barrage|p1a: Kyogre
|-crit|p1a: Kyogre
|-damage|p1a: Kyogre|35/100
|move|p1a: Kyogre|Max Geyser|p2a: Calyrex
|-damage|p2a: Calyrex|0 fnt
|faint|p2a: Calyrex
|
|-weather|RainDance|[upkeep]
|upkeep
|
|t:|1650018848
|switch|p2a: Zacian|Zacian-Crowned|100/100
|-ability|p2a: Zacian|Intrepid Sword|boost
|-boost|p2a: Zacian|atk|1
|turn|15
|
|t:|1650018855
|move|p2a: Zacian|Behemoth Blade|p1a: Kyogre
|-resisted|p1a: Kyogre
|-damage|p1a: Kyogre|0 fnt
|faint|p1a: Kyogre
|
|-weather|RainDance|[upkeep]
|upkeep
|
|t:|1650018863
|switch|p1a: Shedinja|Shedinja|100/100
|turn|16
|
|t:|1650018867
|switch|p2a: Tyranitar|Tyranitar, M, shiny|100/100
|-weather|Sandstorm|[from] ability: Sand Stream|[of] p2a: Tyranitar
|move|p1a: Shedinja|Baton Pass|p1a: Shedinja
|
|t:|1650018872
|switch|p1a: Zacian|Zacian-Crowned|69/100|[from]move: Baton Pass
|-damage|p1a: Zacian|63/100|[from] Stealth Rock
|-ability|p1a: Zacian|Intrepid Sword|boost
|-boost|p1a: Zacian|atk|1
|
|-weather|Sandstorm|[upkeep]
|upkeep
|turn|17
|
|t:|1650018882
|move|p1a: Zacian|Behemoth Blade|p2a: Tyranitar
|-supereffective|p2a: Tyranitar
|-damage|p2a: Tyranitar|0 fnt
|faint|p2a: Tyranitar
|
|-weather|Sandstorm|[upkeep]
|upkeep
|
|t:|1650018884
|switch|p2a: Zacian|Zacian-Crowned|100/100
|-ability|p2a: Zacian|Intrepid Sword|boost
|-boost|p2a: Zacian|atk|1
|turn|18
|
|t:|1650018893
|move|p1a: Zacian|Behemoth Blade|p2a: Zacian
|-damage|p2a: Zacian|13/100
|move|p2a: Zacian|Behemoth Blade|p1a: Zacian
|-damage|p1a: Zacian|0 fnt
|faint|p1a: Zacian
|
|-weather|Sandstorm|[upkeep]
|upkeep
|
|t:|1650018901
|switch|p1a: Yveltal|Yveltal|68/100
|-ability|p1a: Yveltal|Dark Aura
|turn|19
|
|t:|1650018907
|move|p2a: Zacian|Behemoth Blade|p1a: Yveltal
|-crit|p1a: Yveltal
|-damage|p1a: Yveltal|0 fnt
|faint|p1a: Yveltal
|
|-weather|Sandstorm|[upkeep]
|upkeep
|
|t:|1650018914
|switch|p1a: Shedinja|Shedinja|100/100
|turn|20
|
|t:|1650018918
|move|p1a: Shedinja|Shadow Sneak|p2a: Zacian
|-damage|p2a: Zacian|0 fnt
|faint|p2a: Zacian
|
|win|Hoenn Militian
|raw|Hoenn Militian's rating: 1871 &rarr; <strong>1896</strong><br />(+25 for winning)
|raw|FenixFyre04's rating: 1961 &rarr; <strong>1936</strong><br />(-25 for losing)
|l|☆FenixFyre04
