|j|☆AG Champion Red
|j|☆alt1445645
|t:|1659854444
|gametype|singles
|player|p1|AG Champion Red|red-masters|1660
|player|p2|alt1445645|170|1754
|teamsize|p1|6
|teamsize|p2|6
|gen|8
|tier|[Gen 8] National Dex AG
|rated|
|rule|HP Percentage Mod: HP is shown in percentages
|rule|Endless Battle Clause: Forcing endless battles is banned
|clearpoke
|poke|p1|Ditto|
|poke|p1|Rayquaza|
|poke|p1|Zacian-*|
|poke|p1|Zygarde|
|poke|p1|Ho-Oh|
|poke|p1|Toxapex, F|
|poke|p2|Arceus-*|
|poke|p2|Groudon|
|poke|p2|Zacian-*|
|poke|p2|Rayquaza|
|poke|p2|Calyrex-Shadow|
|poke|p2|Yveltal|
|teampreview
|
|t:|1659854457
|start
|switch|p1a: Rayquaza|Rayquaza, shiny|100/100
|switch|p2a: Rayquaza|Rayquaza|100/100
|-ability|p1a: Rayquaza|Air Lock
|-ability|p2a: Rayquaza|Air Lock
|turn|1
|
|t:|1659854461
|detailschange|p1a: Rayquaza|Rayquaza-Mega, shiny
|-mega|p1a: Rayquaza|Rayquaza|
|-weather|DeltaStream|[from] ability: Delta Stream|[of] p1a: Rayquaza
|detailschange|p2a: Rayquaza|Rayquaza-Mega
|-mega|p2a: Rayquaza|Rayquaza|
|move|p1a: Rayquaza|Draco Meteor|p2a: Rayquaza
|-supereffective|p2a: Rayquaza
|-enditem|p2a: Rayquaza|Focus Sash
|-damage|p2a: Rayquaza|1/100
|-unboost|p1a: Rayquaza|spa|2
|move|p2a: Rayquaza|Dragon Ascent|p1a: Rayquaza
|-damage|p1a: Rayquaza|14/100
|-unboost|p2a: Rayquaza|def|1
|-unboost|p2a: Rayquaza|spd|1
|
|-weather|DeltaStream|[upkeep]
|upkeep
|turn|2
|
|t:|1659854475
|move|p2a: Rayquaza|Extreme Speed|p1a: Rayquaza
|-damage|p1a: Rayquaza|0 fnt
|faint|p1a: Rayquaza
|
|-weather|DeltaStream|[upkeep]
|upkeep
|
|t:|1659854479
|switch|p1a: Ditto|Ditto, shiny|100/100
|-transform|p1a: Ditto|p2a: Rayquaza|[from] ability: Imposter
|turn|3
|
|t:|1659854483
|move|p1a: Ditto|Extreme Speed|p2a: Rayquaza
|-damage|p2a: Rayquaza|0 fnt
|faint|p2a: Rayquaza
|
|-weather|DeltaStream|[upkeep]
|upkeep
|
|t:|1659854485
|switch|p2a: Calyrex|Calyrex-Shadow|100/100
|-ability|p2a: Calyrex|As One
|-ability|p2a: Calyrex|Unnerve
|turn|4
|
|t:|1659854492
|-weather|none
|switch|p1a: Ho-Oh|Ho-Oh, shiny|100/100
|move|p2a: Calyrex|Nasty Plot|p2a: Calyrex
|-boost|p2a: Calyrex|spa|2
|
|upkeep
|turn|5
|
|t:|1659854510
|move|p2a: Calyrex|Psyshock|p1a: Ho-Oh
|-damage|p1a: Ho-Oh|11/100
|move|p1a: Ho-Oh|Sacred Fire|p2a: Calyrex
|-damage|p2a: Calyrex|53/100
|
|upkeep
|turn|6
|
|t:|1659854514
|move|p2a: Calyrex|Astral Barrage|p1a: Ho-Oh
|-damage|p1a: Ho-Oh|0 fnt
|faint|p1a: Ho-Oh
|-ability|p2a: Calyrex|Grim Neigh|boost
|-boost|p2a: Calyrex|spa|1
|
|upkeep
|
|t:|1659854518
|switch|p1a: Ditto|Ditto, shiny|100/100
|-transform|p1a: Ditto|p2a: Calyrex|[from] ability: Imposter
|turn|7
|
|t:|1659854523
|switch|p2a: Arceus|Arceus|100/100
|move|p1a: Ditto|Astral Barrage|p2a: Arceus
|-immune|p2a: Arceus
|
|upkeep
|turn|8
|
|t:|1659854530
|switch|p2a: Yveltal|Yveltal|100/100
|-ability|p2a: Yveltal|Dark Aura
|-start|p1a: Ditto|Dynamax|
|-heal|p1a: Ditto|100/100|[silent]
|move|p1a: Ditto|Max Starfall|p2a: Yveltal
|-supereffective|p2a: Yveltal
|-damage|p2a: Yveltal|0 fnt
|-fieldstart|move: Misty Terrain
|faint|p2a: Yveltal
|-ability|p1a: Ditto|Grim Neigh|boost
|-boost|p1a: Ditto|spa|1
|
|upkeep
|
|t:|1659854534
|switch|p2a: Calyrex|Calyrex-Shadow|53/100
|-ability|p2a: Calyrex|As One
|-ability|p2a: Calyrex|Unnerve
|turn|9
|
|t:|1659854538
|move|p1a: Ditto|Max Phantasm|p2a: Calyrex
|-supereffective|p2a: Calyrex
|-damage|p2a: Calyrex|0 fnt
|faint|p2a: Calyrex
|-ability|p1a: Ditto|Grim Neigh|boost
|-boost|p1a: Ditto|spa|1
|
|upkeep
|
|t:|1659854544
|switch|p2a: Groudon|Groudon|100/100
|detailschange|p2a: Groudon|Groudon-Primal
|-primal|p2a: Groudon
|-weather|DesolateLand|[from] ability: Desolate Land|[of] p2a: Groudon
|turn|10
|
|t:|1659854555
|move|p1a: Ditto|Max Mindstorm|p2a: Groudon
|-damage|p2a: Groudon|0 fnt
|-fieldstart|move: Psychic Terrain
|faint|p2a: Groudon
|-weather|none
|-ability|p1a: Ditto|Grim Neigh|boost
|-boost|p1a: Ditto|spa|1
|
|upkeep
|
|t:|1659854557
|switch|p2a: Arceus|Arceus|100/100
|-end|p1a: Ditto|Dynamax
|-heal|p1a: Ditto|100/100|[silent]
|turn|11
|
|t:|1659854561
|switch|p1a: Zacian|Zacian, shiny|100/100
|-ability|p1a: Zacian|Intrepid Sword|boost
|-boost|p1a: Zacian|atk|1
|move|p2a: Arceus|Swords Dance|p2a: Arceus
|-boost|p2a: Arceus|atk|2
|
|upkeep
|turn|12
|
|t:|1659854566
|-start|p2a: Arceus|Dynamax|
|-heal|p2a: Arceus|100/100|[silent]
|move|p1a: Zacian|Play Rough|p2a: Arceus
|-damage|p2a: Arceus|61/100
|move|p2a: Arceus|Max Strike|p1a: Zacian
|-damage|p1a: Zacian|0 fnt
|faint|p1a: Zacian
|
|upkeep
|
|t:|1659854579
|switch|p1a: Toxapex|Toxapex, F, shiny|100/100
|turn|13
|
|t:|1659854583
|move|p1a: Toxapex|Baneful Bunker|p1a: Toxapex
|-singleturn|p1a: Toxapex|move: Protect
|move|p2a: Arceus|Max Strike|p1a: Toxapex
|-zbroken|p1a: Toxapex
|-damage|p1a: Toxapex|78/100
|-unboost|p1a: Toxapex|spe|1
|
|-heal|p1a: Toxapex|84/100|[from] item: Black Sludge
|upkeep
|turn|14
|
|t:|1659854607
|switch|p1a: Zygarde|Zygarde, shiny|100/100
|move|p2a: Arceus|Max Strike|p1a: Zygarde
|-damage|p1a: Zygarde|0 fnt
|faint|p1a: Zygarde
|
|-fieldend|move: Psychic Terrain
|upkeep
|inactive|Battle timer is ON: inactive players will automatically lose when time's up. (requested by alt1445645)
|
|t:|1659854614
|switch|p1a: Ditto|Ditto, shiny|100/100
|-transform|p1a: Ditto|p2a: Arceus|[from] ability: Imposter
|-end|p2a: Arceus|Dynamax
|-heal|p2a: Arceus|61/100|[silent]
|turn|15
|
|t:|1659854617
|move|p1a: Ditto|Extreme Speed|p2a: Arceus
|-damage|p2a: Arceus|1/100
|move|p2a: Arceus|Extreme Speed|p1a: Ditto
|-damage|p1a: Ditto|11/100
|
|upkeep
|turn|16
|
|t:|1659854623
|switch|p2a: Zacian|Zacian-Crowned|100/100
|-ability|p2a: Zacian|Intrepid Sword|boost
|-boost|p2a: Zacian|atk|1
|move|p1a: Ditto|Extreme Speed|p2a: Zacian
|-resisted|p2a: Zacian
|-damage|p2a: Zacian|57/100
|
|upkeep
|turn|17
|
|t:|1659854627
|switch|p1a: Toxapex|Toxapex, F, shiny|100/100
|move|p2a: Zacian|Wild Charge|p1a: Toxapex
|-supereffective|p1a: Toxapex
|-damage|p1a: Toxapex|29/100
|-damage|p2a: Zacian|40/100|[from] Recoil
|
|-heal|p1a: Toxapex|35/100|[from] item: Black Sludge
|upkeep
|turn|18
|
|t:|1659854634
|move|p1a: Toxapex|Baneful Bunker|p1a: Toxapex
|-singleturn|p1a: Toxapex|move: Protect
|move|p2a: Zacian|Wild Charge|p1a: Toxapex
|-activate|p1a: Toxapex|move: Protect
|
|-heal|p1a: Toxapex|41/100|[from] item: Black Sludge
|upkeep
|turn|19
|
|t:|1659854639
|move|p2a: Zacian|Wild Charge|p1a: Toxapex
|-supereffective|p1a: Toxapex
|-damage|p1a: Toxapex|0 fnt
|faint|p1a: Toxapex
|-damage|p2a: Zacian|31/100|[from] Recoil
|
|upkeep
|
|t:|1659854643
|switch|p1a: Ditto|Ditto, shiny|11/100
|-transform|p1a: Ditto|p2a: Zacian|[from] ability: Imposter
|-ability|p1a: Ditto|Intrepid Sword|boost
|-boost|p1a: Ditto|atk|1
|turn|20
|
|t:|1659854646
|move|p1a: Ditto|Behemoth Blade|p2a: Zacian
|-damage|p2a: Zacian|0 fnt
|faint|p2a: Zacian
|
|upkeep
|
|t:|1659854648
|switch|p2a: Arceus|Arceus|1/100
|turn|21
|
|t:|1659854651
|move|p2a: Arceus|Extreme Speed|p1a: Ditto
|-resisted|p1a: Ditto
|-damage|p1a: Ditto|0 fnt
|faint|p1a: Ditto
|
|win|alt1445645
|raw|AG Champion Red's rating: 1660 &rarr; <strong>1645</strong><br />(-15 for losing)
|raw|alt1445645's rating: 1754 &rarr; <strong>1769</strong><br />(+15 for winning)
|c|☆AG Champion Red|U win
|c|☆AG Champion Red|Gg
|c|☆alt1445645|close one
|c|☆AG Champion Red|Fr
