|j|☆SpookyMareep
|j|☆Naofumi_Bakugo_Jax
|t:|1658447916
|gametype|singles
|player|p1|SpookyMareep|rocketgruntf|1619
|player|p2|Naofumi_Bakugo_Jax|blue|1632
|teamsize|p1|6
|teamsize|p2|6
|gen|8
|tier|[Gen 8] National Dex AG
|rated|
|rule|HP Percentage Mod: HP is shown in percentages
|rule|Endless Battle Clause: Forcing endless battles is banned
|clearpoke
|poke|p1|Ditto|
|poke|p1|Marshadow|
|poke|p1|Toxapex, F|
|poke|p1|Shedinja|
|poke|p1|Quagsire, F|
|poke|p1|Landorus-Therian, M|
|poke|p2|Kyogre|
|poke|p2|Swampert, F|
|poke|p2|Zacian-*|
|poke|p2|Calyrex-Shadow|
|poke|p2|Yveltal|
|poke|p2|Marshadow|
|teampreview
|inactive|Battle timer is ON: inactive players will automatically lose when time's up. (requested by Naofumi_Bakugo_Jax)
|
|t:|1658447927
|start
|switch|p1a: >1440 ELO TEAM|Landorus-Therian, M|100/100
|switch|p2a: Calyrex|Calyrex-Shadow|100/100
|-ability|p2a: Calyrex|As One
|-ability|p2a: Calyrex|Unnerve
|-ability|p1a: >1440 ELO TEAM|Intimidate|boost
|-unboost|p2a: Calyrex|atk|1
|turn|1
|
|t:|1658447942
|switch|p1a: Yakuza.|Shedinja|100/100
|move|p2a: Calyrex|Astral Barrage|p1a: Yakuza.
|-supereffective|p1a: Yakuza.
|-enditem|p1a: Yakuza.|Focus Sash
|-damage|p1a: Yakuza.|100/100
|
|upkeep
|turn|2
|
|t:|1658447949
|move|p1a: Yakuza.|Shadow Sneak|p2a: Calyrex
|-supereffective|p2a: Calyrex
|-damage|p2a: Calyrex|22/100
|move|p2a: Calyrex|Astral Barrage|p1a: Yakuza.
|-supereffective|p1a: Yakuza.
|-damage|p1a: Yakuza.|0 fnt
|faint|p1a: Yakuza.
|-ability|p2a: Calyrex|Grim Neigh|boost
|-boost|p2a: Calyrex|spa|1
|
|upkeep
|
|t:|1658447953
|switch|p1a: Zacian is bad|Ditto|100/100
|-transform|p1a: Zacian is bad|p2a: Calyrex|[from] ability: Imposter
|turn|3
|
|t:|1658447969
|switch|p2a: Yveltal|Yveltal|100/100
|-ability|p2a: Yveltal|Dark Aura
|move|p1a: Zacian is bad|Astral Barrage|p2a: Yveltal
|-resisted|p2a: Yveltal
|-damage|p2a: Yveltal|57/100
|
|upkeep
|turn|4
|
|t:|1658447986
|switch|p1a: :)|Quagsire, F|100/100
|move|p2a: Yveltal|Tailwind|p2a: Yveltal
|-sidestart|p2: Naofumi_Bakugo_Jax|move: Tailwind
|
|upkeep
|turn|5
|
|t:|1658448001
|move|p2a: Yveltal|Oblivion Wing|p1a: :)
|-crit|p1a: :)
|-damage|p1a: :)|0 fnt
|-heal|p2a: Yveltal|100/100|[from] drain|[of] p1a: :)
|faint|p1a: :)
|-damage|p2a: Yveltal|91/100|[from] item: Life Orb
|
|upkeep
|
|t:|1658448004
|switch|p1a: >1440 ELO TEAM|Landorus-Therian, M|100/100
|-ability|p1a: >1440 ELO TEAM|Intimidate|boost
|-unboost|p2a: Yveltal|atk|1
|turn|6
|
|t:|1658448016
|-start|p1a: >1440 ELO TEAM|Dynamax|
|-heal|p1a: >1440 ELO TEAM|100/100|[silent]
|move|p2a: Yveltal|Dark Pulse|p1a: >1440 ELO TEAM
|-crit|p1a: >1440 ELO TEAM
|-damage|p1a: >1440 ELO TEAM|19/100
|-damage|p2a: Yveltal|81/100|[from] item: Life Orb
|move|p1a: >1440 ELO TEAM|Max Rockfall|p2a: Yveltal
|-supereffective|p2a: Yveltal
|-damage|p2a: Yveltal|0 fnt
|-weather|Sandstorm
|faint|p2a: Yveltal
|
|-weather|Sandstorm|[upkeep]
|upkeep
|inactive|Naofumi_Bakugo_Jax has 120 seconds left.
|
|t:|1658448041
|switch|p2a: Calyrex|Calyrex-Shadow|22/100
|-ability|p2a: Calyrex|As One
|-ability|p2a: Calyrex|Unnerve
|turn|7
|
|t:|1658448053
|move|p1a: >1440 ELO TEAM|Max Guard|p1a: >1440 ELO TEAM
|-singleturn|p1a: >1440 ELO TEAM|Max Guard
|move|p2a: Calyrex|Astral Barrage|p1a: >1440 ELO TEAM
|-activate|p1a: >1440 ELO TEAM|move: Max Guard
|
|-weather|Sandstorm|[upkeep]
|-damage|p2a: Calyrex|16/100|[from] Sandstorm
|-sideend|p2: Naofumi_Bakugo_Jax|move: Tailwind
|upkeep
|turn|8
|
|t:|1658448064
|move|p2a: Calyrex|Astral Barrage|p1a: >1440 ELO TEAM
|-damage|p1a: >1440 ELO TEAM|0 fnt
|faint|p1a: >1440 ELO TEAM
|-ability|p2a: Calyrex|Grim Neigh|boost
|-boost|p2a: Calyrex|spa|1
|
|-weather|Sandstorm|[upkeep]
|-damage|p2a: Calyrex|10/100|[from] Sandstorm
|upkeep
|
|t:|1658448066
|switch|p1a: Zacian is bad|Ditto|100/100
|-transform|p1a: Zacian is bad|p2a: Calyrex|[from] ability: Imposter
|turn|9
|inactive|Naofumi_Bakugo_Jax has 120 seconds left.
|
|t:|1658448096
|move|p1a: Zacian is bad|Astral Barrage|p2a: Calyrex
|-supereffective|p2a: Calyrex
|-damage|p2a: Calyrex|0 fnt
|faint|p2a: Calyrex
|-ability|p1a: Zacian is bad|Grim Neigh|boost
|-boost|p1a: Zacian is bad|spa|1
|
|-weather|Sandstorm|[upkeep]
|-damage|p1a: Zacian is bad|95/100|[from] Sandstorm
|upkeep
|inactive|Naofumi_Bakugo_Jax has 120 seconds left.
|
|t:|1658448103
|switch|p2a: Marshadow|Marshadow|100/100
|turn|10
|
|t:|1658448110
|-activate|p1a: Zacian is bad|move: Pursuit
|move|p2a: Marshadow|Pursuit|p1a: Zacian is bad|[from]Pursuit
|-supereffective|p1a: Zacian is bad
|-crit|p1a: Zacian is bad
|-damage|p1a: Zacian is bad|0 fnt
|faint|p1a: Zacian is bad
|-hint|A Pokemon can't switch between when it runs out of HP and when it faints
|
|-weather|none
|upkeep
|
|t:|1658448114
|switch|p1a: Yakuza|Toxapex, F|100/100
|turn|11
|c|☆SpookyMareep|is it meta?
|c|☆SpookyMareep|i ice punch
|
|t:|1658448129
|switch|p2a: Kyogre|Kyogre|100/100
|-weather|RainDance|[from] ability: Drizzle|[of] p2a: Kyogre
|move|p1a: Yakuza|Toxic Spikes|p2a: Kyogre
|-sidestart|p2: Naofumi_Bakugo_Jax|move: Toxic Spikes
|
|-weather|RainDance|[upkeep]
|upkeep
|turn|12
|c|☆SpookyMareep|but was considering dropping
|
|t:|1658448139
|move|p2a: Kyogre|Thunder|p1a: Yakuza
|-supereffective|p1a: Yakuza
|-damage|p1a: Yakuza|33/100
|move|p1a: Yakuza|Toxic|p2a: Kyogre
|-status|p2a: Kyogre|tox
|
|-weather|RainDance|[upkeep]
|-damage|p2a: Kyogre|94/100 tox|[from] psn
|upkeep
|turn|13
|
|t:|1658448157
|switch|p1a: xXWingsRippedXx|Marshadow|100/100
|-start|p2a: Kyogre|Dynamax|
|-heal|p2a: Kyogre|94/100 tox|[silent]
|move|p2a: Kyogre|Max Lightning|p1a: xXWingsRippedXx
|-damage|p1a: xXWingsRippedXx|38/100
|-fieldstart|move: Electric Terrain
|
|-weather|RainDance|[upkeep]
|-damage|p2a: Kyogre|88/100 tox|[from] psn
|upkeep
|turn|14
|
|t:|1658448170
|move|p1a: xXWingsRippedXx|Drain Punch|p2a: Kyogre
|-damage|p2a: Kyogre|68/100 tox
|-heal|p1a: xXWingsRippedXx|59/100|[from] drain|[of] p2a: Kyogre
|move|p2a: Kyogre|Max Lightning|p1a: xXWingsRippedXx
|-damage|p1a: xXWingsRippedXx|0 fnt
|faint|p1a: xXWingsRippedXx
|
|-weather|RainDance|[upkeep]
|-damage|p2a: Kyogre|59/100 tox|[from] psn
|upkeep
|
|t:|1658448173
|switch|p1a: Yakuza|Toxapex, F|67/100
|turn|15
|
|t:|1658448183
|move|p2a: Kyogre|Max Lightning|p1a: Yakuza
|-supereffective|p1a: Yakuza
|-damage|p1a: Yakuza|0 fnt
|faint|p1a: Yakuza
|
|win|Naofumi_Bakugo_Jax
|raw|SpookyMareep's rating: 1619 &rarr; <strong>1600</strong><br />(-19 for losing)
|raw|Naofumi_Bakugo_Jax's rating: 1632 &rarr; <strong>1651</strong><br />(+19 for winning)
|l|☆SpookyMareep
||Ladder isn't responding, score probably updated but might not have (Request timeout).
