|j|☆Zapdeoxys
|j|☆TheGirl0nFire
|t:|1659658672
|gametype|singles
|player|p1|Zapdeoxys|n|1661
|player|p2|TheGirl0nFire|flannery|1675
|teamsize|p1|6
|teamsize|p2|6
|gen|8
|tier|[Gen 8] National Dex AG
|rated|
|rule|HP Percentage Mod: HP is shown in percentages
|rule|Endless Battle Clause: Forcing endless battles is banned
|clearpoke
|poke|p1|Excadrill, M|
|poke|p1|Smeargle, F|
|poke|p1|Calyrex-Shadow|
|poke|p1|Kartana|
|poke|p1|Necrozma-Dusk-Mane|
|poke|p1|Obstagoon, M|
|poke|p2|Volcarona, F|
|poke|p2|Klefki, M|
|poke|p2|Dugtrio, M|
|poke|p2|Yveltal|
|poke|p2|Zacian-*|
|poke|p2|Zygarde|
|teampreview
|
|t:|1659658678
|start
|switch|p1a: Excadrill|Excadrill, M|100/100
|switch|p2a: Dugtrio|Dugtrio, M|100/100
|-ability|p1a: Excadrill|Mold Breaker
|turn|1
|
|t:|1659658686
|move|p2a: Dugtrio|Earthquake|p1a: Excadrill
|-supereffective|p1a: Excadrill
|-damage|p1a: Excadrill|1/100
|move|p1a: Excadrill|Rapid Spin|p2a: Dugtrio
|-damage|p2a: Dugtrio|57/100
|-boost|p1a: Excadrill|spe|1
|
|upkeep
|turn|2
|
|t:|1659658690
|move|p2a: Dugtrio|Sucker Punch||[still]
|-fail|p2a: Dugtrio
|move|p1a: Excadrill|Stealth Rock|p2a: Dugtrio
|-sidestart|p2: TheGirl0nFire|move: Stealth Rock
|
|upkeep
|turn|3
|j| alwaysrinse
|
|t:|1659658695
|move|p2a: Dugtrio|Sucker Punch|p1a: Excadrill
|-damage|p1a: Excadrill|0 fnt
|faint|p1a: Excadrill
|
|upkeep
|
|t:|1659658700
|switch|p1a: Smeargle|Smeargle, F|100/100
|turn|4
|l| alwaysrinse
|
|t:|1659658705
|move|p2a: Dugtrio|Memento|p1a: Smeargle
|-unboost|p1a: Smeargle|atk|2
|-unboost|p1a: Smeargle|spa|2
|faint|p2a: Dugtrio
|move|p1a: Smeargle|Spore|p2: Dugtrio|[notarget]
|-fail|p1a: Smeargle
|
|-ability|p1a: Smeargle|Moody|boost
|-boost|p1a: Smeargle|spa|2
|-unboost|p1a: Smeargle|spd|1
|upkeep
|
|t:|1659658712
|switch|p2a: Klefki|Klefki, M|100/100
|-damage|p2a: Klefki|95/100|[from] Stealth Rock
|turn|5
|
|t:|1659658715
|move|p2a: Klefki|Defog|p1a: Smeargle
|-unboost|p1a: Smeargle|evasion|1
|-sideend|p2: TheGirl0nFire|Stealth Rock|[from] move: Defog|[of] p2a: Klefki
|move|p1a: Smeargle|Spore|p2a: Klefki
|-status|p2a: Klefki|slp|[from] move: Spore
|
|-ability|p1a: Smeargle|Moody|boost
|-boost|p1a: Smeargle|spa|2
|-unboost|p1a: Smeargle|spe|1
|upkeep
|turn|6
|
|t:|1659658719
|switch|p2a: Volcarona|Volcarona, F|100/100
|move|p1a: Smeargle|Shell Smash|p1a: Smeargle
|-unboost|p1a: Smeargle|def|1
|-unboost|p1a: Smeargle|spd|1
|-boost|p1a: Smeargle|atk|2
|-boost|p1a: Smeargle|spa|2
|-boost|p1a: Smeargle|spe|2
|
|-ability|p1a: Smeargle|Moody|boost
|-boost|p1a: Smeargle|def|2
|-unboost|p1a: Smeargle|atk|1
|upkeep
|turn|7
|
|t:|1659658725
|move|p1a: Smeargle|Spore|p2a: Volcarona
|-activate|p2a: Volcarona|item: Safety Goggles|Spore
|move|p2a: Volcarona|Quiver Dance|p2a: Volcarona
|-boost|p2a: Volcarona|spa|1
|-boost|p2a: Volcarona|spd|1
|-boost|p2a: Volcarona|spe|1
|
|-ability|p1a: Smeargle|Moody|boost
|-boost|p1a: Smeargle|spa|2
|-unboost|p1a: Smeargle|spe|1
|upkeep
|turn|8
|
|t:|1659658746
|move|p2a: Volcarona|Quiver Dance|p2a: Volcarona
|-boost|p2a: Volcarona|spa|1
|-boost|p2a: Volcarona|spd|1
|-boost|p2a: Volcarona|spe|1
|move|p1a: Smeargle|Baton Pass|p1a: Smeargle
|
|t:|1659658752
|switch|p1a: Calyrex|Calyrex-Shadow|100/100|[from]move: Baton Pass
|-ability|p1a: Calyrex|As One
|-ability|p1a: Calyrex|Unnerve
|
|upkeep
|turn|9
|inactive|Battle timer is ON: inactive players will automatically lose when time's up. (requested by Zapdeoxys)
|
|t:|1659658765
|-start|p2a: Volcarona|Dynamax|
|-heal|p2a: Volcarona|100/100|[silent]
|move|p2a: Volcarona|Max Flare|p1a: Calyrex
|-enditem|p1a: Calyrex|Focus Sash
|-damage|p1a: Calyrex|1/100
|-weather|SunnyDay
|move|p1a: Calyrex|Psyshock|p2a: Volcarona
|-damage|p2a: Volcarona|0 fnt
|faint|p2a: Volcarona
|
|-weather|SunnyDay|[upkeep]
|upkeep
|
|t:|1659658777
|switch|p2a: Zacian|Zacian|100/100
|-ability|p2a: Zacian|Intrepid Sword|boost
|-boost|p2a: Zacian|atk|1
|turn|10
|
|t:|1659658784
|switch|p1a: Necrozma|Necrozma-Dusk-Mane|100/100
|move|p2a: Zacian|Play Rough|p1a: Necrozma
|-resisted|p1a: Necrozma
|-damage|p1a: Necrozma|70/100
|
|-weather|SunnyDay|[upkeep]
|upkeep
|turn|11
|
|t:|1659658787
|-zpower|p2a: Zacian
|move|p2a: Zacian|Tectonic Rage|p1a: Necrozma|[zeffect]
|-supereffective|p1a: Necrozma
|-damage|p1a: Necrozma|0 fnt
|faint|p1a: Necrozma
|
|-weather|SunnyDay|[upkeep]
|upkeep
|
|t:|1659658802
|switch|p1a: Smeargle|Smeargle, F|100/100
|turn|12
|
|t:|1659658805
|move|p2a: Zacian|Substitute|p2a: Zacian
|-start|p2a: Zacian|Substitute
|-damage|p2a: Zacian|76/100
|move|p1a: Smeargle|Spore||[still]
|-fail|p1a: Smeargle
|
|-weather|SunnyDay|[upkeep]
|-ability|p1a: Smeargle|Moody|boost
|-boost|p1a: Smeargle|spa|2
|-unboost|p1a: Smeargle|spd|1
|upkeep
|turn|13
|
|t:|1659658812
|move|p2a: Zacian|Play Rough|p1a: Smeargle
|-enditem|p1a: Smeargle|Focus Sash
|-damage|p1a: Smeargle|1/100
|move|p1a: Smeargle|Shell Smash|p1a: Smeargle
|-unboost|p1a: Smeargle|def|1
|-unboost|p1a: Smeargle|spd|1
|-boost|p1a: Smeargle|atk|2
|-boost|p1a: Smeargle|spa|2
|-boost|p1a: Smeargle|spe|2
|
|-weather|none
|-ability|p1a: Smeargle|Moody|boost
|-boost|p1a: Smeargle|spa|2
|-unboost|p1a: Smeargle|spe|1
|upkeep
|turn|14
|
|t:|1659658819
|move|p1a: Smeargle|Baton Pass|p1a: Smeargle
|
|t:|1659658821
|switch|p1a: Kartana|Kartana|100/100|[from]move: Baton Pass
|move|p2a: Zacian|Play Rough|p1a: Kartana
|-resisted|p1a: Kartana
|-damage|p1a: Kartana|39/100
|
|upkeep
|turn|15
|
|t:|1659658826
|-start|p1a: Kartana|Dynamax|
|-heal|p1a: Kartana|39/100|[silent]
|move|p1a: Kartana|Max Airstream|p2a: Zacian
|-end|p2a: Zacian|Substitute
|-boost|p1a: Kartana|spe|1
|move|p2a: Zacian|Play Rough|p1a: Kartana
|-resisted|p1a: Kartana
|-damage|p1a: Kartana|10/100
|
|upkeep
|turn|16
|
|t:|1659658837
|switch|p2a: Klefki|Klefki, M|95/100 slp
|move|p1a: Kartana|Max Steelspike|p2a: Klefki
|-damage|p2a: Klefki|0 fnt
|-boost|p1a: Kartana|def|1
|faint|p2a: Klefki
|-ability|p1a: Kartana|Beast Boost|boost
|-boost|p1a: Kartana|atk|1
|
|upkeep
|
|t:|1659658842
|switch|p2a: Zygarde|Zygarde|100/100
|turn|17
|
|t:|1659658847
|move|p1a: Kartana|Max Steelspike|p2a: Zygarde
|-damage|p2a: Zygarde|0 fnt
|-boost|p1a: Kartana|def|1
|faint|p2a: Zygarde
|-ability|p1a: Kartana|Beast Boost|boost
|-boost|p1a: Kartana|atk|1
|
|upkeep
|-message|TheGirl0nFire forfeited.
|
|win|Zapdeoxys
|raw|Zapdeoxys's rating: 1661 &rarr; <strong>1682</strong><br />(+21 for winning)
|raw|TheGirl0nFire's rating: 1675 &rarr; <strong>1654</strong><br />(-21 for losing)
|l|☆TheGirl0nFire
