|j|☆cyberpal
|j|‽llmmllmm
|t:|1649098300
|gametype|singles
|player|p1|cyberpal|pokemaniac|1579
|player|p2|llmmllmm|170|1695
|teamsize|p1|6
|teamsize|p2|6
|gen|8
|tier|[Gen 8] National Dex AG
|rated|
|rule|HP Percentage Mod: HP is shown in percentages
|rule|Endless Battle Clause: Forcing endless battles is banned
|clearpoke
|poke|p1|Rayquaza|
|poke|p1|Groudon|
|poke|p1|Malamar, F|
|poke|p1|Shaymin-Sky|
|poke|p1|Marshadow|
|poke|p1|Zacian-*|
|poke|p2|Arceus-*|
|poke|p2|Groudon|
|poke|p2|Ho-Oh|
|poke|p2|Calyrex-Shadow|
|poke|p2|Rayquaza|
|poke|p2|Ditto|
|teampreview
|
|t:|1649098307
|start
|switch|p1a: Shaymin|Shaymin-Sky, shiny|100/100
|switch|p2a: Arceus|Arceus-Ground|100/100
|turn|1
|inactive|Battle timer is ON: inactive players will automatically lose when time's up. (requested by cyberpal)
|c|☆cyberpal|glhf
|
|t:|1649098314
|switch|p2a: Ho-Oh|Ho-Oh|100/100
|move|p1a: Shaymin|Air Slash|p2a: Ho-Oh
|-damage|p2a: Ho-Oh|78/100
|
|upkeep
|turn|2
|
|t:|1649098321
|move|p1a: Shaymin|Air Slash|p2a: Ho-Oh
|-damage|p2a: Ho-Oh|54/100
|cant|p2a: Ho-Oh|flinch
|
|upkeep
|turn|3
|
|t:|1649098324
|move|p1a: Shaymin|Air Slash|p2a: Ho-Oh
|-damage|p2a: Ho-Oh|30/100
|cant|p2a: Ho-Oh|flinch
|
|upkeep
|turn|4
|
|t:|1649098328
|move|p1a: Shaymin|Air Slash|p2a: Ho-Oh
|-damage|p2a: Ho-Oh|6/100
|cant|p2a: Ho-Oh|flinch
|
|upkeep
|turn|5
|
|t:|1649098335
|move|p1a: Shaymin|Air Slash|p2a: Ho-Oh
|-crit|p2a: Ho-Oh
|-damage|p2a: Ho-Oh|0 fnt
|faint|p2a: Ho-Oh
|
|upkeep
|
|t:|1649098337
|switch|p2a: Ditto|Ditto|100/100
|-transform|p2a: Ditto|p1a: Shaymin|[from] ability: Imposter
|turn|6
|
|t:|1649098341
|-start|p1a: Shaymin|Dynamax|
|-heal|p1a: Shaymin|100/100|[silent]
|move|p2a: Ditto|Air Slash|p1a: Shaymin
|-supereffective|p1a: Shaymin
|-damage|p1a: Shaymin|58/100
|move|p1a: Shaymin|Max Airstream|p2a: Ditto
|-supereffective|p2a: Ditto
|-damage|p2a: Ditto|0 fnt
|-boost|p1a: Shaymin|spe|1
|faint|p2a: Ditto
|
|upkeep
|
|t:|1649098348
|switch|p2a: Groudon|Groudon|100/100
|detailschange|p2a: Groudon|Groudon-Primal
|-primal|p2a: Groudon
|-weather|DesolateLand|[from] ability: Desolate Land|[of] p2a: Groudon
|turn|7
|
|t:|1649098354
|move|p1a: Shaymin|Max Quake|p2a: Groudon
|-supereffective|p2a: Groudon
|-damage|p2a: Groudon|8/100
|-boost|p1a: Shaymin|spd|1
|move|p2a: Groudon|Fire Punch|p1a: Shaymin
|-supereffective|p1a: Shaymin
|-crit|p1a: Shaymin
|-damage|p1a: Shaymin|0 fnt
|faint|p1a: Shaymin
|
|-weather|DesolateLand|[upkeep]
|upkeep
|
|t:|1649098361
|switch|p1a: Rayquaza|Rayquaza, shiny|100/100
|-ability|p1a: Rayquaza|Air Lock
|turn|8
|
|t:|1649098367
|-weather|none
|switch|p2a: Calyrex|Calyrex-Shadow|100/100
|-ability|p2a: Calyrex|As One
|-ability|p2a: Calyrex|Unnerve
|detailschange|p1a: Rayquaza|Rayquaza-Mega, shiny
|-mega|p1a: Rayquaza|Rayquaza|
|-weather|DeltaStream|[from] ability: Delta Stream|[of] p1a: Rayquaza
|move|p1a: Rayquaza|Extreme Speed|p2a: Calyrex
|-immune|p2a: Calyrex
|
|-weather|DeltaStream|[upkeep]
|upkeep
|turn|9
|
|t:|1649098371
|move|p2a: Calyrex|Astral Barrage|p1a: Rayquaza
|-damage|p1a: Rayquaza|27/100
|move|p1a: Rayquaza|Dragon Ascent|p2a: Calyrex
|-damage|p2a: Calyrex|9/100
|-unboost|p1a: Rayquaza|def|1
|-unboost|p1a: Rayquaza|spd|1
|
|-weather|DeltaStream|[upkeep]
|upkeep
|turn|10
|
|t:|1649098382
|move|p2a: Calyrex|Psyshock|p1a: Rayquaza
|-damage|p1a: Rayquaza|0 fnt
|faint|p1a: Rayquaza
|-weather|none
|-ability|p2a: Calyrex|Grim Neigh|boost
|-boost|p2a: Calyrex|spa|1
|
|upkeep
|
|t:|1649098384
|switch|p1a: Marshadow|Marshadow|100/100
|turn|11
|
|t:|1649098398
|switch|p2a: Arceus|Arceus-Ground|100/100
|move|p1a: Marshadow|Shadow Sneak|p2a: Arceus
|-damage|p2a: Arceus|80/100
|
|upkeep
|turn|12
|
|t:|1649098403
|-zpower|p1a: Marshadow
|move|p1a: Marshadow|Soul-Stealing 7-Star Strike|p2a: Arceus|[zeffect]
|-damage|p2a: Arceus|18/100
|move|p2a: Arceus|Judgment|p1a: Marshadow
|-damage|p1a: Marshadow|31/100
|
|upkeep
|turn|13
|
|t:|1649098416
|switch|p2a: Groudon|Groudon-Primal|8/100
|-weather|DesolateLand|[from] ability: Desolate Land|[of] p2a: Groudon
|move|p1a: Marshadow|Drain Punch|p2a: Groudon
|-damage|p2a: Groudon|0 fnt
|-heal|p1a: Marshadow|35/100|[from] drain|[of] p2a: Groudon
|faint|p2a: Groudon
|-weather|none
|
|upkeep
|
|t:|1649098419
|switch|p2a: Rayquaza|Rayquaza|100/100
|-ability|p2a: Rayquaza|Air Lock
|turn|14
|
|t:|1649098424
|switch|p1a: Zacian|Zacian-Crowned|100/100
|-ability|p1a: Zacian|Intrepid Sword|boost
|-boost|p1a: Zacian|atk|1
|detailschange|p2a: Rayquaza|Rayquaza-Mega
|-mega|p2a: Rayquaza|Rayquaza|
|-weather|DeltaStream|[from] ability: Delta Stream|[of] p2a: Rayquaza
|move|p2a: Rayquaza|Earthquake|p1a: Zacian
|-supereffective|p1a: Zacian
|-damage|p1a: Zacian|7/100
|
|-weather|DeltaStream|[upkeep]
|upkeep
|turn|15
|
|t:|1649098428
|move|p2a: Rayquaza|Earthquake|p1a: Zacian
|-supereffective|p1a: Zacian
|-damage|p1a: Zacian|0 fnt
|faint|p1a: Zacian
|
|-weather|DeltaStream|[upkeep]
|upkeep
|
|t:|1649098439
|switch|p1a: Groudon|Groudon, shiny|100/100
|detailschange|p1a: Groudon|Groudon-Primal, shiny
|-primal|p1a: Groudon
|-weather|DesolateLand|[from] ability: Desolate Land|[of] p1a: Groudon
|turn|16
|
|t:|1649098442
|move|p2a: Rayquaza|Earthquake|p1a: Groudon
|-supereffective|p1a: Groudon
|-damage|p1a: Groudon|37/100
|move|p1a: Groudon|Stone Edge|p2a: Rayquaza
|-supereffective|p2a: Rayquaza
|-damage|p2a: Rayquaza|9/100
|
|-weather|DesolateLand|[upkeep]
|upkeep
|turn|17
|
|t:|1649098450
|move|p2a: Rayquaza|Earthquake|p1a: Groudon
|-supereffective|p1a: Groudon
|-damage|p1a: Groudon|0 fnt
|faint|p1a: Groudon
|-weather|none
|
|upkeep
|
|t:|1649098454
|switch|p1a: Malamar|Malamar, F, shiny|100/100
|turn|18
|
|t:|1649098456
|move|p2a: Rayquaza|Earthquake|p1a: Malamar
|-damage|p1a: Malamar|44/100
|move|p1a: Malamar|Psycho Cut|p2a: Rayquaza
|-damage|p2a: Rayquaza|0 fnt
|faint|p2a: Rayquaza
|
|upkeep
|
|t:|1649098462
|switch|p2a: Calyrex|Calyrex-Shadow|9/100
|-ability|p2a: Calyrex|As One
|-ability|p2a: Calyrex|Unnerve
|turn|19
|
|t:|1649098465
|move|p2a: Calyrex|Astral Barrage|p1a: Malamar
|-damage|p1a: Malamar|0 fnt
|faint|p1a: Malamar
|-ability|p2a: Calyrex|Grim Neigh|boost
|-boost|p2a: Calyrex|spa|1
|
|upkeep
|
|t:|1649098467
|switch|p1a: Marshadow|Marshadow|35/100
|turn|20
|
|t:|1649098470
|move|p1a: Marshadow|Shadow Sneak|p2a: Calyrex
|-supereffective|p2a: Calyrex
|-damage|p2a: Calyrex|0 fnt
|faint|p2a: Calyrex
|
|upkeep
|
|t:|1649098472
|switch|p2a: Arceus|Arceus-Ground|18/100
|turn|21
|
|t:|1649098476
|-start|p2a: Arceus|Dynamax|
|-heal|p2a: Arceus|18/100|[silent]
|move|p1a: Marshadow|Spectral Thief|p2a: Arceus
|-damage|p2a: Arceus|2/100
|move|p2a: Arceus|Max Quake|p1a: Marshadow
|-damage|p1a: Marshadow|0 fnt
|-boost|p2a: Arceus|spd|1
|faint|p1a: Marshadow
|
|win|llmmllmm
|raw|cyberpal's rating: 1579 &rarr; <strong>1565</strong><br />(-14 for losing)
|raw|llmmllmm's rating: 1695 &rarr; <strong>1709</strong><br />(+14 for winning)
|c|☆cyberpal|gg
|l|‽llmmllmm
