|j|‽soda49
|j|☆niun
|t:|1641493516
|gametype|singles
|player|p1|soda49|265|1697
|player|p2|niun|gentleman-gen4dp|1715
|teamsize|p1|6
|teamsize|p2|6
|gen|8
|tier|[Gen 8] National Dex AG
|rated|
|rule|HP Percentage Mod: HP is shown in percentages
|rule|Endless Battle Clause: Forcing endless battles is banned
|clearpoke
|poke|p1|Smeargle, F|
|poke|p1|Charizard, M|
|poke|p1|Mimikyu, F|
|poke|p1|Calyrex-Shadow|
|poke|p1|Thundurus, M|
|poke|p1|Rayquaza|
|poke|p2|Yveltal|
|poke|p2|Calyrex-Shadow|
|poke|p2|Zygarde|
|poke|p2|Necrozma-Dusk-Mane|
|poke|p2|Ho-Oh|
|poke|p2|Arceus-*|
|teampreview
|inactive|Battle timer is ON: inactive players will automatically lose when time's up. (requested by soda49)
|inactive|niun also wants the timer to be on.
|
|t:|1641493520
|start
|switch|p1a: Charizard|Charizard, M|100/100
|switch|p2a: Zygarde|Zygarde|100/100
|turn|1
|
|t:|1641493525
|-start|p1a: Charizard|Dynamax
|-formechange|p1a: Charizard|Charizard-Gmax
|-heal|p1a: Charizard|100/100|[silent]
|move|p2a: Zygarde|Glare|p1a: Charizard
|-status|p1a: Charizard|par
|-enditem|p1a: Charizard|Lum Berry|[eat]
|-curestatus|p1a: Charizard|par|[msg]
|move|p1a: Charizard|Max Airstream|p2a: Zygarde
|-damage|p2a: Zygarde|41/100
|-boost|p1a: Charizard|spe|1
|
|-heal|p2a: Zygarde|47/100|[from] item: Leftovers
|-activate|p2a: Zygarde|ability: Power Construct
|detailschange|p2a: Zygarde|Zygarde-Complete
|-heal|p2a: Zygarde|65/100|[silent]
|upkeep
|turn|2
|
|t:|1641493541
|move|p1a: Charizard|G-Max Wildfire|p2a: Zygarde
|-resisted|p2a: Zygarde
|-damage|p2a: Zygarde|44/100
|-sidestart|p2: niun|G-Max Wildfire
|move|p2a: Zygarde|Glare|p1a: Charizard
|-status|p1a: Charizard|par
|
|-damage|p2a: Zygarde|27/100|[from] G-Max Wildfire
|-heal|p2a: Zygarde|34/100|[from] item: Leftovers
|upkeep
|turn|3
|
|t:|1641493552
|switch|p2a: Ho-Oh|Ho-Oh|100/100
|move|p1a: Charizard|Max Airstream|p2a: Ho-Oh
|-damage|p2a: Ho-Oh|69/100
|-boost|p1a: Charizard|spe|1
|
|-end|p1a: Charizard|Dynamax
|-formechange|p1a: Charizard|Charizard
|-heal|p1a: Charizard|100/100 par|[silent]
|upkeep
|turn|4
|
|t:|1641493563
|move|p1a: Charizard|Air Slash|p2a: Ho-Oh
|-damage|p2a: Ho-Oh|53/100
|move|p2a: Ho-Oh|Sacred Fire|p1a: Charizard
|-resisted|p1a: Charizard
|-damage|p1a: Charizard|69/100 par
|
|upkeep
|turn|5
|
|t:|1641493570
|move|p1a: Charizard|Air Slash|p2a: Ho-Oh
|-damage|p2a: Ho-Oh|35/100
|move|p2a: Ho-Oh|Sacred Fire|p1a: Charizard
|-resisted|p1a: Charizard
|-damage|p1a: Charizard|41/100 par
|
|-sideend|p2: niun|G-Max Wildfire
|upkeep
|turn|6
|
|t:|1641493580
|cant|p1a: Charizard|par
|move|p2a: Ho-Oh|Sacred Fire|p1a: Charizard
|-resisted|p1a: Charizard
|-damage|p1a: Charizard|9/100 par
|
|upkeep
|turn|7
|
|t:|1641493594
|switch|p2a: Zygarde|Zygarde-Complete|34/100
|move|p1a: Charizard|Tailwind|p1a: Charizard
|-sidestart|p1: soda49|move: Tailwind
|
|-heal|p2a: Zygarde|40/100|[from] item: Leftovers
|upkeep
|turn|8
|
|t:|1641493604
|move|p1a: Charizard|Air Slash|p2a: Zygarde
|-damage|p2a: Zygarde|18/100
|move|p2a: Zygarde|Haze|p2a: Zygarde
|-clearallboost
|
|-heal|p2a: Zygarde|24/100|[from] item: Leftovers
|upkeep
|turn|9
|
|t:|1641493616
|switch|p2a: Ho-Oh|Ho-Oh|68/100
|move|p1a: Charizard|Air Slash|p2a: Ho-Oh
|-damage|p2a: Ho-Oh|52/100
|
|upkeep
|turn|10
|inactive|niun has 120 seconds left.
|
|t:|1641493649
|switch|p2a: Arceus|Arceus-Dark|100/100
|move|p1a: Charizard|Air Slash|p2a: Arceus
|-damage|p2a: Arceus|77/100
|
|-sideend|p1: soda49|move: Tailwind
|upkeep
|turn|11
|
|t:|1641493655
|move|p2a: Arceus|Calm Mind|p2a: Arceus
|-boost|p2a: Arceus|spa|1
|-boost|p2a: Arceus|spd|1
|move|p1a: Charizard|Tailwind|p1a: Charizard
|-sidestart|p1: soda49|move: Tailwind
|
|upkeep
|turn|12
|
|t:|1641493666
|move|p2a: Arceus|Recover|p2a: Arceus
|-heal|p2a: Arceus|100/100
|move|p1a: Charizard|Air Slash|p2a: Arceus
|-damage|p2a: Arceus|85/100
|
|upkeep
|turn|13
|
|t:|1641493676
|move|p2a: Arceus|Calm Mind|p2a: Arceus
|-boost|p2a: Arceus|spa|1
|-boost|p2a: Arceus|spd|1
|move|p1a: Charizard|Air Slash|p2a: Arceus
|-damage|p2a: Arceus|73/100
|
|upkeep
|turn|14
|
|t:|1641493681
|switch|p1a: Mimikyu|Mimikyu, F|100/100
|move|p2a: Arceus|Snarl|p1a: Mimikyu
|-activate|p1a: Mimikyu|ability: Disguise
|-damage|p1a: Mimikyu|100/100
|-unboost|p1a: Mimikyu|spa|1
|detailschange|p1a: Mimikyu|Mimikyu-Busted, F
|-damage|p1a: Mimikyu|88/100|[from] pokemon: Mimikyu-Busted
|
|-sideend|p1: soda49|move: Tailwind
|upkeep
|turn|15
|
|t:|1641493691
|switch|p2a: Necrozma|Necrozma-Dusk-Mane|100/100
|move|p1a: Mimikyu|Trick Room|p1a: Mimikyu
|-fieldstart|move: Trick Room|[of] p1a: Mimikyu
|
|upkeep
|turn|16
|
|t:|1641493698
|move|p1a: Mimikyu|Destiny Bond|p1a: Mimikyu
|-singlemove|p1a: Mimikyu|Destiny Bond
|move|p2a: Necrozma|Stealth Rock|p1a: Mimikyu
|-sidestart|p1: soda49|move: Stealth Rock
|
|upkeep
|turn|17
|
|t:|1641493704
|switch|p2a: Ho-Oh|Ho-Oh|85/100
|move|p1a: Mimikyu|Curse|p2a: Ho-Oh
|-start|p2a: Ho-Oh|Curse|[of] p1a: Mimikyu
|-damage|p1a: Mimikyu|38/100
|
|-damage|p2a: Ho-Oh|60/100|[from] Curse
|upkeep
|turn|18
|
|t:|1641493717
|switch|p2a: Necrozma|Necrozma-Dusk-Mane|100/100
|-zpower|p1a: Mimikyu
|move|p1a: Mimikyu|Never-Ending Nightmare|p2a: Necrozma|[zeffect]
|-supereffective|p2a: Necrozma
|-damage|p2a: Necrozma|68/100
|
|upkeep
|turn|19
|
|t:|1641493735
|switch|p2a: Yveltal|Yveltal|100/100
|-ability|p2a: Yveltal|Dark Aura
|move|p1a: Mimikyu|Curse|p2a: Yveltal
|-start|p2a: Yveltal|Curse|[of] p1a: Mimikyu
|-damage|p1a: Mimikyu|0 fnt
|faint|p1a: Mimikyu
|
|-damage|p2a: Yveltal|76/100|[from] Curse
|-fieldend|move: Trick Room
|upkeep
|
|t:|1641493741
|switch|p1a: Thundurus|Thundurus, M|100/100
|turn|20
|
|t:|1641493751
|switch|p2a: Zygarde|Zygarde-Complete|24/100
|move|p1a: Thundurus|Wild Charge|p2a: Zygarde
|-immune|p2a: Zygarde
|
|-heal|p2a: Zygarde|31/100|[from] item: Leftovers
|upkeep
|turn|21
|
|t:|1641493758
|move|p2a: Zygarde|Thousand Arrows|p1a: Thundurus
|-damage|p1a: Thundurus|72/100
|-start|p1a: Thundurus|Smack Down
|move|p1a: Thundurus|Knock Off|p2a: Zygarde
|-damage|p2a: Zygarde|20/100
|-enditem|p2a: Zygarde|Leftovers|[from] move: Knock Off|[of] p1a: Thundurus
|
|upkeep
|turn|22
|
|t:|1641493768
|switch|p1a: Charizard|Charizard, M|9/100 par
|-damage|p1a: Charizard|0 fnt|[from] Stealth Rock
|faint|p1a: Charizard
|move|p2a: Zygarde|Thousand Arrows|p1: Charizard|[notarget]
|-fail|p2a: Zygarde
|
|upkeep
|
|t:|1641493773
|switch|p1a: Thundurus|Thundurus, M|72/100
|turn|23
|
|t:|1641493778
|move|p1a: Thundurus|Defog|p2a: Zygarde
|-unboost|p2a: Zygarde|evasion|1
|-sideend|p1: soda49|Stealth Rock|[from] move: Defog|[of] p1a: Thundurus
|move|p2a: Zygarde|Thousand Arrows|p1a: Thundurus
|-damage|p1a: Thundurus|47/100
|-start|p1a: Thundurus|Smack Down
|
|upkeep
|turn|24
|
|t:|1641493795
|switch|p2a: Necrozma|Necrozma-Dusk-Mane|68/100
|move|p1a: Thundurus|Scary Face|p2a: Necrozma
|-unboost|p2a: Necrozma|spe|2
|
|upkeep
|turn|25
|
|t:|1641493811
|switch|p2a: Arceus|Arceus-Dark|73/100
|move|p1a: Thundurus|Knock Off|p2a: Arceus
|-resisted|p2a: Arceus
|-damage|p2a: Arceus|68/100
|
|upkeep
|turn|26
|
|t:|1641493820
|move|p2a: Arceus|Calm Mind|p2a: Arceus
|-boost|p2a: Arceus|spa|1
|-boost|p2a: Arceus|spd|1
|move|p1a: Thundurus|Wild Charge|p2a: Arceus
|-damage|p2a: Arceus|45/100
|-damage|p1a: Thundurus|40/100|[from] Recoil
|
|upkeep
|turn|27
|
|t:|1641493827
|move|p2a: Arceus|Recover|p2a: Arceus
|-heal|p2a: Arceus|95/100
|move|p1a: Thundurus|Wild Charge|p2a: Arceus
|-damage|p2a: Arceus|72/100
|-damage|p1a: Thundurus|34/100|[from] Recoil
|
|upkeep
|turn|28
|
|t:|1641493835
|switch|p1a: Smeargle|Smeargle, F|100/100
|move|p2a: Arceus|Calm Mind|p2a: Arceus
|-boost|p2a: Arceus|spa|1
|-boost|p2a: Arceus|spd|1
|
|-ability|p1a: Smeargle|Moody|boost
|-boost|p1a: Smeargle|spa|2
|-unboost|p1a: Smeargle|atk|1
|upkeep
|turn|29
|
|t:|1641493845
|switch|p1a: Rayquaza|Rayquaza|100/100
|-ability|p1a: Rayquaza|Air Lock
|move|p2a: Arceus|Snarl|p1a: Rayquaza
|-crit|p1a: Rayquaza
|-damage|p1a: Rayquaza|11/100
|-unboost|p1a: Rayquaza|spa|1
|
|upkeep
|turn|30
|
|t:|1641493853
|switch|p2a: Necrozma|Necrozma-Dusk-Mane|68/100
|detailschange|p1a: Rayquaza|Rayquaza-Mega
|-mega|p1a: Rayquaza|Rayquaza|
|-weather|DeltaStream|[from] ability: Delta Stream|[of] p1a: Rayquaza
|move|p1a: Rayquaza|Dragon Ascent|p2a: Necrozma
|-resisted|p2a: Necrozma
|-damage|p2a: Necrozma|42/100
|-unboost|p1a: Rayquaza|def|1
|-unboost|p1a: Rayquaza|spd|1
|-damage|p1a: Rayquaza|0 fnt|[from] item: Rocky Helmet|[of] p2a: Necrozma
|faint|p1a: Rayquaza
|-weather|none
|
|upkeep
|
|t:|1641493856
|switch|p1a: Smeargle|Smeargle, F|100/100
|turn|31
|
|t:|1641493867
|switch|p2a: Ho-Oh|Ho-Oh|93/100
|move|p1a: Smeargle|Spore|p2a: Ho-Oh
|-status|p2a: Ho-Oh|slp|[from] move: Spore
|
|-ability|p1a: Smeargle|Moody|boost
|-boost|p1a: Smeargle|spa|2
|-unboost|p1a: Smeargle|def|1
|upkeep
|turn|32
|
|t:|1641493876
|move|p1a: Smeargle|Substitute|p1a: Smeargle
|-start|p1a: Smeargle|Substitute
|-damage|p1a: Smeargle|76/100
|cant|p2a: Ho-Oh|slp
|
|-heal|p1a: Smeargle|82/100|[from] item: Leftovers
|-ability|p1a: Smeargle|Moody|boost
|-boost|p1a: Smeargle|spa|2
|-unboost|p1a: Smeargle|atk|1
|upkeep
|turn|33
|
|t:|1641493884
|move|p1a: Smeargle|Shell Smash|p1a: Smeargle
|-unboost|p1a: Smeargle|def|1
|-unboost|p1a: Smeargle|spd|1
|-boost|p1a: Smeargle|atk|2
|-boost|p1a: Smeargle|spa|2
|-boost|p1a: Smeargle|spe|2
|cant|p2a: Ho-Oh|slp
|
|-heal|p1a: Smeargle|88/100|[from] item: Leftovers
|-ability|p1a: Smeargle|Moody|boost
|-boost|p1a: Smeargle|spd|2
|-unboost|p1a: Smeargle|def|1
|upkeep
|turn|34
|
|t:|1641493894
|move|p1a: Smeargle|Power Trip|p2a: Ho-Oh
|-damage|p2a: Ho-Oh|55/100 slp
|cant|p2a: Ho-Oh|slp
|
|-heal|p1a: Smeargle|94/100|[from] item: Leftovers
|-ability|p1a: Smeargle|Moody|boost
|-boost|p1a: Smeargle|spd|2
|-unboost|p1a: Smeargle|atk|1
|upkeep
|turn|35
|
|t:|1641493904
|move|p1a: Smeargle|Power Trip|p2a: Ho-Oh
|-damage|p2a: Ho-Oh|29/100 slp
|-curestatus|p2a: Ho-Oh|slp|[msg]
|move|p2a: Ho-Oh|Whirlwind|p1a: Smeargle
|drag|p1a: Calyrex|Calyrex-Shadow|100/100
|-ability|p1a: Calyrex|As One
|-ability|p1a: Calyrex|Unnerve
|
|upkeep
|turn|36
|
|t:|1641493915
|switch|p2a: Arceus|Arceus-Dark|72/100
|move|p1a: Calyrex|Draining Kiss|p2a: Arceus
|-supereffective|p2a: Arceus
|-damage|p2a: Arceus|49/100
|
|upkeep
|turn|37
|
|t:|1641493921
|move|p1a: Calyrex|Draining Kiss|p2a: Arceus
|-supereffective|p2a: Arceus
|-damage|p2a: Arceus|25/100
|move|p2a: Arceus|Snarl|p1a: Calyrex
|-supereffective|p1a: Calyrex
|-enditem|p1a: Calyrex|Focus Sash
|-damage|p1a: Calyrex|1/100
|-unboost|p1a: Calyrex|spa|1
|
|upkeep
|turn|38
|
|t:|1641493940
|switch|p2a: Zygarde|Zygarde-Complete|20/100
|move|p1a: Calyrex|Draining Kiss|p2a: Zygarde
|-supereffective|p2a: Zygarde
|-damage|p2a: Zygarde|4/100
|-heal|p1a: Calyrex|23/100|[from] drain|[of] p2a: Zygarde
|
|upkeep
|turn|39
|
|t:|1641493947
|move|p1a: Calyrex|Draining Kiss|p2a: Zygarde
|-supereffective|p2a: Zygarde
|-damage|p2a: Zygarde|0 fnt
|-heal|p1a: Calyrex|27/100|[from] drain|[of] p2a: Zygarde
|faint|p2a: Zygarde
|-ability|p1a: Calyrex|Grim Neigh|boost
|-boost|p1a: Calyrex|spa|1
|
|upkeep
|
|t:|1641493953
|switch|p2a: Yveltal|Yveltal|76/100
|-ability|p2a: Yveltal|Dark Aura
|turn|40
|
|t:|1641493958
|-start|p2a: Yveltal|Dynamax
|-heal|p2a: Yveltal|76/100|[silent]
|move|p1a: Calyrex|Nasty Plot|p1a: Calyrex
|-boost|p1a: Calyrex|spa|2
|move|p2a: Yveltal|Max Airstream|p1a: Calyrex
|-damage|p1a: Calyrex|0 fnt
|-boost|p2a: Yveltal|spe|1
|faint|p1a: Calyrex
|
|upkeep
|
|t:|1641493966
|switch|p1a: Thundurus|Thundurus, M|34/100
|turn|41
|
|t:|1641493971
|move|p2a: Yveltal|Max Darkness|p1a: Thundurus
|-damage|p1a: Thundurus|0 fnt
|faint|p1a: Thundurus
|
|upkeep
|
|t:|1641493981
|switch|p1a: Smeargle|Smeargle, F|94/100
|turn|42
|
|t:|1641493983
|move|p2a: Yveltal|Max Darkness|p1a: Smeargle
|-damage|p1a: Smeargle|0 fnt
|faint|p1a: Smeargle
|
|win|niun
|raw|soda49's rating: 1697 &rarr; <strong>1678</strong><br />(-19 for losing)
|raw|niun's rating: 1715 &rarr; <strong>1734</strong><br />(+19 for winning)
|l|‽soda49
|l|☆niun
||Ladder isn't responding, score probably updated but might not have (Request timeout).
|j|‽soda49
|player|p1|soda49|265
|n|‽soda49|soda49
|inactive|Battle timer is ON: inactive players will automatically lose when time's up. (requested by soda49)
