|j|☆Glaliegoesboom ❤
|j|☆hjksgdf
|inactive|Battle timer is ON: inactive players will automatically lose when time's up.
|t:|1646355355
|gametype|singles
|player|p1|Glaliegoesboom ❤|ingo|
|player|p2|hjksgdf|hilbert|
|teamsize|p1|6
|teamsize|p2|6
|gen|8
|tier|[Gen 8] National Dex AG
|rated|Tournament battle
|rule|HP Percentage Mod: HP is shown in percentages
|rule|Endless Battle Clause: Forcing endless battles is banned
|clearpoke
|poke|p1|Excadrill, M|
|poke|p1|Zacian-*|
|poke|p1|Kyogre|
|poke|p1|Yveltal|
|poke|p1|Rayquaza|
|poke|p1|Xerneas-*|
|poke|p2|Excadrill, M|
|poke|p2|Ribombee, M|
|poke|p2|Groudon|
|poke|p2|Kyogre|
|poke|p2|Yveltal|
|poke|p2|Calyrex-Shadow|
|teampreview
|inactive|Glaliegoesboom ❤ also wants the timer to be on.
|inactive|hjksgdf also wants the timer to be on.
|c|☆hjksgdf|oi
|
|t:|1646355369
|start
|switch|p1a: Rayquaza|Rayquaza, shiny|100/100
|switch|p2a: Excadrill|Excadrill, M|100/100
|-ability|p2a: Excadrill|Mold Breaker
|-ability|p1a: Rayquaza|Air Lock
|turn|1
|
|t:|1646355373
|detailschange|p1a: Rayquaza|Rayquaza-Mega, shiny
|-mega|p1a: Rayquaza|Rayquaza|
|-weather|DeltaStream|[from] ability: Delta Stream|[of] p1a: Rayquaza
|move|p1a: Rayquaza|Scale Shot|p2a: Excadrill
|-resisted|p2a: Excadrill
|-damage|p2a: Excadrill|83/100
|-resisted|p2a: Excadrill
|-damage|p2a: Excadrill|67/100
|-resisted|p2a: Excadrill
|-damage|p2a: Excadrill|50/100
|-hitcount|p2a: Excadrill|3
|-unboost|p1a: Rayquaza|def|1
|-boost|p1a: Rayquaza|spe|1
|-damage|p1a: Rayquaza|91/100|[from] item: Life Orb
|move|p2a: Excadrill|Stealth Rock|p1a: Rayquaza
|-sidestart|p1: Glaliegoesboom ❤|move: Stealth Rock
|
|-weather|DeltaStream|[upkeep]
|upkeep
|turn|2
|
|t:|1646355377
|move|p1a: Rayquaza|Surf|p2a: Excadrill
|-supereffective|p2a: Excadrill
|-damage|p2a: Excadrill|0 fnt
|faint|p2a: Excadrill
|-damage|p1a: Rayquaza|81/100|[from] item: Life Orb
|
|-weather|DeltaStream|[upkeep]
|upkeep
|
|t:|1646355380
|switch|p2a: Ribombee|Ribombee, M|100/100
|turn|3
|
|t:|1646355386
|-weather|none
|switch|p1a: Excadrill|Excadrill, M|100/100
|-damage|p1a: Excadrill|97/100|[from] Stealth Rock
|-ability|p1a: Excadrill|Mold Breaker
|move|p2a: Ribombee|Stun Spore|p1a: Excadrill
|-status|p1a: Excadrill|par
|
|upkeep
|turn|4
|
|t:|1646355390
|move|p2a: Ribombee|Sticky Web|p1a: Excadrill
|-sidestart|p1: Glaliegoesboom ❤|move: Sticky Web
|move|p1a: Excadrill|Stealth Rock|p2a: Ribombee
|-sidestart|p2: hjksgdf|move: Stealth Rock
|
|upkeep
|turn|5
|j| uoudush
|
|t:|1646355394
|move|p2a: Ribombee|Moonblast|p1a: Excadrill
|-resisted|p1a: Excadrill
|-damage|p1a: Excadrill|77/100 par
|move|p1a: Excadrill|Earthquake|p2a: Ribombee
|-resisted|p2a: Ribombee
|-damage|p2a: Ribombee|57/100
|
|upkeep
|turn|6
|
|t:|1646355397
|move|p2a: Ribombee|Moonblast|p1a: Excadrill
|-resisted|p1a: Excadrill
|-damage|p1a: Excadrill|54/100 par
|move|p1a: Excadrill|Rapid Spin|p2a: Ribombee
|-damage|p2a: Ribombee|28/100
|-boost|p1a: Excadrill|spe|1
|-sideend|p1: Glaliegoesboom ❤|Stealth Rock|[from] move: Rapid Spin|[of] p1a: Excadrill
|-sideend|p1: Glaliegoesboom ❤|Sticky Web|[from] move: Rapid Spin|[of] p1a: Excadrill
|
|upkeep
|turn|7
|
|t:|1646355400
|move|p2a: Ribombee|Sticky Web|p1a: Excadrill
|-sidestart|p1: Glaliegoesboom ❤|move: Sticky Web
|cant|p1a: Excadrill|par
|
|upkeep
|turn|8
|
|t:|1646355404
|move|p2a: Ribombee|Sticky Web||[still]
|-fail|p2a: Ribombee
|move|p1a: Excadrill|Earthquake|p2a: Ribombee
|-resisted|p2a: Ribombee
|-damage|p2a: Ribombee|0 fnt
|faint|p2a: Ribombee
|
|upkeep
|
|t:|1646355417
|switch|p2a: Calyrex|Calyrex-Shadow|100/100
|-ability|p2a: Calyrex|As One
|-ability|p2a: Calyrex|Unnerve
|-damage|p2a: Calyrex|88/100|[from] Stealth Rock
|turn|9
|
|t:|1646355426
|switch|p1a: Yveltal|Yveltal|100/100
|-ability|p1a: Yveltal|Dark Aura
|move|p2a: Calyrex|Nasty Plot|p2a: Calyrex
|-boost|p2a: Calyrex|spa|2
|
|upkeep
|turn|10
|
|t:|1646355431
|-start|p1a: Yveltal|Dynamax
|-heal|p1a: Yveltal|100/100|[silent]
|move|p2a: Calyrex|Baton Pass|p2a: Calyrex
|
|t:|1646355433
|switch|p2a: Yveltal|Yveltal|100/100|[from]move: Baton Pass
|-damage|p2a: Yveltal|76/100|[from] Stealth Rock
|-ability|p2a: Yveltal|Dark Aura
|move|p1a: Yveltal|Max Airstream|p2a: Yveltal
|-damage|p2a: Yveltal|0 fnt
|-boost|p1a: Yveltal|spe|1
|faint|p2a: Yveltal
|-damage|p1a: Yveltal|96/100|[from] item: Life Orb
|
|upkeep
|c|☆hjksgdf|gg
|c|☆Glaliegoesboom ❤|gg
|j|%jerryl309
|
|t:|1646355449
|switch|p2a: Calyrex|Calyrex-Shadow|88/100
|-ability|p2a: Calyrex|As One
|-ability|p2a: Calyrex|Unnerve
|-damage|p2a: Calyrex|76/100|[from] Stealth Rock
|turn|11
|
|t:|1646355451
|-start|p2a: Calyrex|Dynamax
|-heal|p2a: Calyrex|76/100|[silent]
|move|p2a: Calyrex|Max Guard|p2a: Calyrex
|-singleturn|p2a: Calyrex|Max Guard
|move|p1a: Yveltal|Max Darkness|p2a: Calyrex
|-activate|p2a: Calyrex|move: Max Guard
|
|upkeep
|turn|12
|
|t:|1646355455
|move|p2a: Calyrex|Max Guard||[still]
|-fail|p2a: Calyrex
|move|p1a: Yveltal|Max Darkness|p2a: Calyrex
|-supereffective|p2a: Calyrex
|-damage|p2a: Calyrex|0 fnt
|faint|p2a: Calyrex
|-damage|p1a: Yveltal|91/100|[from] item: Life Orb
|
|-end|p1a: Yveltal|Dynamax
|-heal|p1a: Yveltal|91/100|[silent]
|upkeep
|
|t:|1646355471
|switch|p2a: Groudon|Groudon|100/100
|-damage|p2a: Groudon|94/100|[from] Stealth Rock
|detailschange|p2a: Groudon|Groudon-Primal
|-primal|p2a: Groudon
|-weather|DesolateLand|[from] ability: Desolate Land|[of] p2a: Groudon
|turn|13
|
|t:|1646355473
|move|p1a: Yveltal|Foul Play|p2a: Groudon
|-damage|p2a: Groudon|29/100
|-damage|p1a: Yveltal|81/100|[from] item: Life Orb
|move|p2a: Groudon|Stone Edge|p1a: Yveltal
|-supereffective|p1a: Yveltal
|-damage|p1a: Yveltal|13/100
|
|-weather|DesolateLand|[upkeep]
|upkeep
|turn|14
|j| ItzTurt
|
|t:|1646355479
|move|p1a: Yveltal|Foul Play|p2a: Groudon
|-damage|p2a: Groudon|0 fnt
|faint|p2a: Groudon
|-weather|none
|-damage|p1a: Yveltal|4/100|[from] item: Life Orb
|
|upkeep
|l| ItzTurt
|
|t:|1646355481
|switch|p2a: Kyogre|Kyogre|100/100
|-damage|p2a: Kyogre|88/100|[from] Stealth Rock
|detailschange|p2a: Kyogre|Kyogre-Primal
|-primal|p2a: Kyogre
|-weather|PrimordialSea|[from] ability: Primordial Sea|[of] p2a: Kyogre
|turn|15
|
|t:|1646355484
|move|p1a: Yveltal|Foul Play|p2a: Kyogre
|-damage|p2a: Kyogre|12/100
|-damage|p1a: Yveltal|0 fnt|[from] item: Life Orb
|faint|p1a: Yveltal
|move|p2a: Kyogre|Thunder|p1: Yveltal|[notarget]
|-fail|p2a: Kyogre
|
|-weather|PrimordialSea|[upkeep]
|upkeep
|
|t:|1646355486
|switch|p1a: Rayquaza|Rayquaza-Mega, shiny|81/100
|-weather|DeltaStream|[from] ability: Delta Stream|[of] p1a: Rayquaza
|turn|16
|
|t:|1646355489
|move|p1a: Rayquaza|Overheat|p2a: Kyogre
|-resisted|p2a: Kyogre
|-damage|p2a: Kyogre|0 fnt
|-unboost|p1a: Rayquaza|spa|2
|faint|p2a: Kyogre
|-damage|p1a: Rayquaza|71/100|[from] item: Life Orb
|
|win|Glaliegoesboom ❤
|n|☆Glaliegoesboom ❤|glaliegoesboom
|n|☆hjksgdf|hjksgdf
|n| uoudush|uoudush
|n| jerryl309|jerryl309
