|j|☆Teostra the king
|j|☆jlsdfhpjksdhfni
|t:|1666972746
|gametype|singles
|player|p1|Teostra the king|169|1647
|player|p2|jlsdfhpjksdhfni|2|1790
|teamsize|p1|6
|teamsize|p2|6
|gen|8
|tier|[Gen 8] National Dex AG
|rated|
|rule|HP Percentage Mod: HP is shown in percentages
|rule|Endless Battle Clause: Forcing endless battles is banned
|clearpoke
|poke|p1|Deoxys-Speed|
|poke|p1|Necrozma-Dusk-Mane|
|poke|p1|Yveltal|
|poke|p1|Arceus-*|
|poke|p1|Calyrex-Shadow|
|poke|p1|Kyogre|
|poke|p2|Eternatus|
|poke|p2|Necrozma-Dusk-Mane|
|poke|p2|Ho-Oh|
|poke|p2|Arceus-*|
|poke|p2|Gengar, M|
|poke|p2|Arceus-*|
|teampreview
|
|t:|1666972760
|start
|switch|p1a: Deoxys|Deoxys-Speed|100/100
|switch|p2a: Arceus|Arceus-Dark|100/100
|-ability|p1a: Deoxys|Pressure
|turn|1
|
|t:|1666972778
|move|p1a: Deoxys|Stealth Rock|p2a: Arceus
|-sidestart|p2: jlsdfhpjksdhfni|move: Stealth Rock
|move|p2a: Arceus|Judgment|p1a: Deoxys
|-supereffective|p1a: Deoxys
|-enditem|p1a: Deoxys|Focus Sash
|-damage|p1a: Deoxys|1/100
|
|upkeep
|turn|2
|
|t:|1666972783
|move|p1a: Deoxys|Spikes|p2a: Arceus
|-sidestart|p2: jlsdfhpjksdhfni|Spikes
|move|p2a: Arceus|Judgment|p1a: Deoxys
|-supereffective|p1a: Deoxys
|-damage|p1a: Deoxys|0 fnt
|faint|p1a: Deoxys
|
|upkeep
|
|t:|1666972807
|switch|p1a: Kyogre|Kyogre|100/100
|-weather|RainDance|[from] ability: Drizzle|[of] p1a: Kyogre
|turn|3
|
|t:|1666972817
|-start|p1a: Kyogre|Dynamax|
|-heal|p1a: Kyogre|100/100|[silent]
|move|p2a: Arceus|Judgment|p1a: Kyogre
|-damage|p1a: Kyogre|83/100
|move|p1a: Kyogre|Max Geyser|p2a: Arceus
|-damage|p2a: Arceus|4/100
|-damage|p1a: Kyogre|78/100|[from] item: Life Orb
|
|-weather|RainDance|[upkeep]
|upkeep
|turn|4
|
|t:|1666972846
|switch|p2a: Eternatus|Eternatus|100/100
|-damage|p2a: Eternatus|88/100|[from] Stealth Rock
|-damage|p2a: Eternatus|76/100|[from] Spikes
|-ability|p2a: Eternatus|Pressure
|move|p1a: Kyogre|Max Airstream|p2a: Eternatus
|-damage|p2a: Eternatus|46/100
|-boost|p1a: Kyogre|spe|1
|-damage|p1a: Kyogre|73/100|[from] item: Life Orb
|
|-weather|RainDance|[upkeep]
|-heal|p2a: Eternatus|52/100|[from] item: Black Sludge
|upkeep
|turn|5
|
|t:|1666972866
|switch|p2a: Necrozma|Necrozma-Dusk-Mane|100/100
|-damage|p2a: Necrozma|94/100|[from] Stealth Rock
|-damage|p2a: Necrozma|82/100|[from] Spikes
|move|p1a: Kyogre|Max Hailstorm|p2a: Necrozma
|-resisted|p2a: Necrozma
|-damage|p2a: Necrozma|57/100
|-weather|Hail
|-damage|p1a: Kyogre|68/100|[from] item: Life Orb
|
|-weather|Hail|[upkeep]
|-damage|p1a: Kyogre|65/100|[from] Hail
|-damage|p2a: Necrozma|51/100|[from] Hail
|upkeep
|-end|p1a: Kyogre|Dynamax
|-heal|p1a: Kyogre|65/100|[silent]
|turn|6
|
|t:|1666972883
|switch|p2a: Arceus|Arceus-Dark|4/100
|-damage|p2a: Arceus|0 fnt|[from] Stealth Rock
|faint|p2a: Arceus
|move|p1a: Kyogre|Origin Pulse|p2: Arceus|[notarget]
|-fail|p1a: Kyogre
|
|-weather|Hail|[upkeep]
|-damage|p1a: Kyogre|59/100|[from] Hail
|upkeep
|
|t:|1666972896
|switch|p2a: Ho-Oh|Ho-Oh|100/100
|turn|7
|
|t:|1666972901
|move|p1a: Kyogre|Origin Pulse|p2a: Ho-Oh
|-supereffective|p2a: Ho-Oh
|-damage|p2a: Ho-Oh|12/100
|-damage|p1a: Kyogre|49/100|[from] item: Life Orb
|move|p2a: Ho-Oh|Defog|p1a: Kyogre
|-unboost|p1a: Kyogre|evasion|1
|-sideend|p2: jlsdfhpjksdhfni|Spikes|[from] move: Defog|[of] p2a: Ho-Oh
|-sideend|p2: jlsdfhpjksdhfni|Stealth Rock|[from] move: Defog|[of] p2a: Ho-Oh
|
|-weather|Hail|[upkeep]
|-damage|p1a: Kyogre|43/100|[from] Hail
|-damage|p2a: Ho-Oh|6/100|[from] Hail
|upkeep
|turn|8
|
|t:|1666972918
|switch|p2a: Necrozma|Necrozma-Dusk-Mane|51/100
|move|p1a: Kyogre|Ice Beam|p2a: Necrozma
|-resisted|p2a: Necrozma
|-damage|p2a: Necrozma|32/100
|-damage|p1a: Kyogre|33/100|[from] item: Life Orb
|
|-weather|Hail|[upkeep]
|-damage|p1a: Kyogre|27/100|[from] Hail
|-damage|p2a: Necrozma|26/100|[from] Hail
|upkeep
|turn|9
|
|t:|1666972925
|move|p1a: Kyogre|Origin Pulse|p2a: Necrozma
|-damage|p2a: Necrozma|0 fnt
|faint|p2a: Necrozma
|-damage|p1a: Kyogre|17/100|[from] item: Life Orb
|
|-weather|none
|upkeep
|
|t:|1666972934
|switch|p2a: Arceus|Arceus-Dragon|100/100
|turn|10
|
|t:|1666972942
|move|p1a: Kyogre|Ice Beam|p2a: Arceus
|-supereffective|p2a: Arceus
|-damage|p2a: Arceus|43/100
|-damage|p1a: Kyogre|7/100|[from] item: Life Orb
|move|p2a: Arceus|Judgment|p1a: Kyogre
|-damage|p1a: Kyogre|0 fnt
|faint|p1a: Kyogre
|
|upkeep
|
|t:|1666972962
|switch|p1a: Calyrex|Calyrex-Shadow|100/100
|-ability|p1a: Calyrex|As One
|-ability|p1a: Calyrex|Unnerve
|turn|11
|
|t:|1666972985
|move|p1a: Calyrex|Astral Barrage|p2a: Arceus
|-damage|p2a: Arceus|0 fnt
|faint|p2a: Arceus
|-ability|p1a: Calyrex|Grim Neigh|boost
|-boost|p1a: Calyrex|spa|1
|
|upkeep
|-message|jlsdfhpjksdhfni forfeited.
|
|win|Teostra the king
|raw|Teostra the king's rating: 1647 &rarr; <strong>1675</strong><br />(+28 for winning)
|raw|jlsdfhpjksdhfni's rating: 1790 &rarr; <strong>1762</strong><br />(-28 for losing)
|l|☆jlsdfhpjksdhfni
||Ladder isn't responding, score probably updated but might not have (Request timeout).
