|j|☆alt1445645
|j|☆CLEAR GEM清瑜
|t:|1661836878
|gametype|singles
|player|p1|alt1445645|266|1812
|player|p2|CLEAR GEM清瑜|skierf|1963
|teamsize|p1|6
|teamsize|p2|6
|gen|8
|tier|[Gen 8] National Dex AG
|rated|
|rule|HP Percentage Mod: HP is shown in percentages
|rule|Endless Battle Clause: Forcing endless battles is banned
|clearpoke
|poke|p1|Arceus-*|
|poke|p1|Groudon|
|poke|p1|Zacian-*|
|poke|p1|Rayquaza|
|poke|p1|Calyrex-Shadow|
|poke|p1|Yveltal|
|poke|p2|Rayquaza|
|poke|p2|Groudon|
|poke|p2|Necrozma-Dusk-Mane|
|poke|p2|Arceus-*|
|poke|p2|Arceus-*|
|poke|p2|Arceus-*|
|teampreview
|inactive|Battle timer is ON: inactive players will automatically lose when time's up. (requested by CLEAR GEM清瑜)
|
|t:|1661836891
|start
|switch|p1a: Zacian|Zacian-Crowned|100/100
|switch|p2a: 乱杀P古|Arceus-Ground|100/100
|-ability|p1a: Zacian|Intrepid Sword|boost
|-boost|p1a: Zacian|atk|1
|turn|1
|
|t:|1661836895
|move|p1a: Zacian|Behemoth Blade|p2a: 乱杀P古
|-damage|p2a: 乱杀P古|36/100
|move|p2a: 乱杀P古|Judgment|p1a: Zacian
|-supereffective|p1a: Zacian
|-damage|p1a: Zacian|0 fnt
|faint|p1a: Zacian
|
|upkeep
|
|t:|1661836907
|switch|p1a: Calyrex|Calyrex-Shadow|100/100
|-ability|p1a: Calyrex|As One
|-ability|p1a: Calyrex|Unnerve
|turn|2
|
|t:|1661836910
|switch|p2a: 究极辅助|Arceus-Dark|100/100
|move|p1a: Calyrex|Substitute|p1a: Calyrex
|-start|p1a: Calyrex|Substitute
|-damage|p1a: Calyrex|76/100
|
|-heal|p1a: Calyrex|82/100|[from] item: Leftovers
|upkeep
|turn|3
|
|t:|1661836912
|move|p1a: Calyrex|Leech Seed|p2a: 究极辅助
|-start|p2a: 究极辅助|move: Leech Seed
|move|p2a: 究极辅助|Roar|p1a: Calyrex
|drag|p1a: Arceus|Arceus|100/100
|
|-damage|p2a: 究极辅助|88/100|[from] Leech Seed|[of] p1a: Arceus
|upkeep
|turn|4
|
|t:|1661836916
|move|p2a: 究极辅助|Judgment|p1a: Arceus
|-damage|p1a: Arceus|60/100
|move|p1a: Arceus|Swords Dance|p1a: Arceus
|-boost|p1a: Arceus|atk|2
|
|-damage|p2a: 究极辅助|76/100|[from] Leech Seed|[of] p1a: Arceus
|-heal|p1a: Arceus|72/100|[silent]
|upkeep
|turn|5
|
|t:|1661836919
|move|p1a: Arceus|Extreme Speed|p2a: 究极辅助
|-damage|p2a: 究极辅助|19/100
|move|p2a: 究极辅助|Roar|p1a: Arceus
|drag|p1a: Groudon|Groudon|100/100
|detailschange|p1a: Groudon|Groudon-Primal
|-primal|p1a: Groudon
|-weather|DesolateLand|[from] ability: Desolate Land|[of] p1a: Groudon
|
|-weather|DesolateLand|[upkeep]
|-damage|p2a: 究极辅助|7/100|[from] Leech Seed|[of] p1a: Groudon
|upkeep
|turn|6
|
|t:|1661836925
|move|p2a: 究极辅助|Judgment|p1a: Groudon
|-damage|p1a: Groudon|51/100
|move|p1a: Groudon|Stealth Rock|p2a: 究极辅助
|-sidestart|p2: CLEAR GEM清瑜|move: Stealth Rock
|
|-weather|DesolateLand|[upkeep]
|-damage|p2a: 究极辅助|0 fnt|[from] Leech Seed|[of] p1a: Groudon
|-heal|p1a: Groudon|57/100|[silent]
|faint|p2a: 究极辅助
|upkeep
|
|t:|1661836927
|switch|p2a: 乱杀P古|Arceus-Ground|36/100
|-damage|p2a: 乱杀P古|30/100|[from] Stealth Rock
|turn|7
|
|t:|1661836933
|move|p2a: 乱杀P古|Stealth Rock|p1a: Groudon
|-sidestart|p1: alt1445645|move: Stealth Rock
|move|p1a: Groudon|Precipice Blades|p2a: 乱杀P古
|-damage|p2a: 乱杀P古|0 fnt
|faint|p2a: 乱杀P古
|
|-weather|DesolateLand|[upkeep]
|upkeep
|
|t:|1661836938
|switch|p2a: 悬空羊驼|Arceus-Flying|100/100
|-damage|p2a: 悬空羊驼|76/100|[from] Stealth Rock
|turn|8
|
|t:|1661836941
|-start|p2a: 悬空羊驼|Dynamax|
|-heal|p2a: 悬空羊驼|76/100|[silent]
|move|p2a: 悬空羊驼|Max Airstream|p1a: Groudon
|-damage|p1a: Groudon|0 fnt
|-boost|p2a: 悬空羊驼|spe|1
|faint|p1a: Groudon
|-weather|none
|
|upkeep
|
|t:|1661836944
|switch|p1a: Arceus|Arceus|72/100
|-damage|p1a: Arceus|60/100|[from] Stealth Rock
|turn|9
|
|t:|1661836947
|-start|p1a: Arceus|Dynamax|
|-heal|p1a: Arceus|60/100|[silent]
|move|p1a: Arceus|Max Guard|p1a: Arceus
|-singleturn|p1a: Arceus|Max Guard
|move|p2a: 悬空羊驼|Max Airstream|p1a: Arceus
|-activate|p1a: Arceus|move: Max Guard
|
|upkeep
|turn|10
|
|t:|1661836949
|move|p2a: 悬空羊驼|Max Airstream|p1a: Arceus
|-damage|p1a: Arceus|32/100
|-boost|p2a: 悬空羊驼|spe|1
|move|p1a: Arceus|Max Strike|p2a: 悬空羊驼
|-damage|p2a: 悬空羊驼|49/100
|-unboost|p2a: 悬空羊驼|spe|1
|
|upkeep
|-end|p2a: 悬空羊驼|Dynamax
|-heal|p2a: 悬空羊驼|49/100|[silent]
|turn|11
|
|t:|1661836953
|move|p2a: 悬空羊驼|Recover|p2a: 悬空羊驼
|-heal|p2a: 悬空羊驼|99/100
|move|p1a: Arceus|Max Strike|p2a: 悬空羊驼
|-damage|p2a: 悬空羊驼|46/100
|-unboost|p2a: 悬空羊驼|spe|1
|
|upkeep
|-end|p1a: Arceus|Dynamax
|-heal|p1a: Arceus|32/100|[silent]
|turn|12
|
|t:|1661836963
|move|p2a: 悬空羊驼|Judgment|p1a: Arceus
|-damage|p1a: Arceus|0 fnt
|faint|p1a: Arceus
|
|upkeep
|
|t:|1661836968
|switch|p1a: Rayquaza|Rayquaza|100/100
|-damage|p1a: Rayquaza|76/100|[from] Stealth Rock
|-ability|p1a: Rayquaza|Air Lock
|turn|13
|
|t:|1661836976
|detailschange|p1a: Rayquaza|Rayquaza-Mega
|-mega|p1a: Rayquaza|Rayquaza|
|-weather|DeltaStream|[from] ability: Delta Stream|[of] p1a: Rayquaza
|move|p1a: Rayquaza|Dragon Ascent|p2a: 悬空羊驼
|-damage|p2a: 悬空羊驼|0 fnt
|-unboost|p1a: Rayquaza|def|1
|-unboost|p1a: Rayquaza|spd|1
|faint|p2a: 悬空羊驼
|
|-weather|DeltaStream|[upkeep]
|upkeep
|
|t:|1661836978
|switch|p2a: 钢铁之躯|Necrozma-Dusk-Mane|100/100
|-damage|p2a: 钢铁之躯|94/100|[from] Stealth Rock
|turn|14
|c|☆alt1445645|i didnt think it was ground this time lol
|
|t:|1661836987
|detailschange|p2a: 钢铁之躯|Necrozma-Ultra
|-burst|p2a: 钢铁之躯|Necrozma|Ultranecrozium Z
|move|p1a: Rayquaza|Earthquake|p2a: 钢铁之躯
|-damage|p2a: 钢铁之躯|53/100
|move|p2a: 钢铁之躯|Dragon Dance|p2a: 钢铁之躯
|-boost|p2a: 钢铁之躯|atk|1
|-boost|p2a: 钢铁之躯|spe|1
|
|-weather|DeltaStream|[upkeep]
|upkeep
|turn|15
|
|t:|1661836990
|move|p1a: Rayquaza|Extreme Speed|p2a: 钢铁之躯
|-damage|p2a: 钢铁之躯|17/100
|move|p2a: 钢铁之躯|Photon Geyser|p1a: Rayquaza
|-damage|p1a: Rayquaza|0 fnt
|faint|p1a: Rayquaza
|-weather|none
|
|upkeep
|
|t:|1661836993
|switch|p1a: Yveltal|Yveltal|100/100
|-damage|p1a: Yveltal|76/100|[from] Stealth Rock
|-ability|p1a: Yveltal|Dark Aura
|turn|16
|
|t:|1661836995
|move|p1a: Yveltal|Sucker Punch|p2a: 钢铁之躯
|-supereffective|p2a: 钢铁之躯
|-damage|p2a: 钢铁之躯|0 fnt
|faint|p2a: 钢铁之躯
|-damage|p1a: Yveltal|66/100|[from] item: Life Orb
|
|upkeep
|
|t:|1661836999
|switch|p2a: 烈龙无敌|Rayquaza, shiny|100/100
|-damage|p2a: 烈龙无敌|76/100|[from] Stealth Rock
|-ability|p2a: 烈龙无敌|Air Lock
|turn|17
|
|t:|1661837006
|detailschange|p2a: 烈龙无敌|Rayquaza-Mega, shiny
|-mega|p2a: 烈龙无敌|Rayquaza|
|-weather|DeltaStream|[from] ability: Delta Stream|[of] p2a: 烈龙无敌
|move|p2a: 烈龙无敌|Dragon Dance|p2a: 烈龙无敌
|-boost|p2a: 烈龙无敌|atk|1
|-boost|p2a: 烈龙无敌|spe|1
|move|p1a: Yveltal|Dark Pulse|p2a: 烈龙无敌
|-damage|p2a: 烈龙无敌|1/100
|-damage|p1a: Yveltal|56/100|[from] item: Life Orb
|
|-weather|DeltaStream|[upkeep]
|upkeep
|turn|18
|
|t:|1661837008
|move|p2a: 烈龙无敌|Extreme Speed|p1a: Yveltal
|-damage|p1a: Yveltal|0 fnt
|faint|p1a: Yveltal
|
|-weather|DeltaStream|[upkeep]
|upkeep
|
|t:|1661837012
|switch|p1a: Calyrex|Calyrex-Shadow|82/100
|-ability|p1a: Calyrex|As One
|-ability|p1a: Calyrex|Unnerve
|-damage|p1a: Calyrex|69/100|[from] Stealth Rock
|turn|19
|c|☆alt1445645|zamn the role
|
|t:|1661837020
|move|p2a: 烈龙无敌|Dragon Ascent|p1a: Calyrex
|-damage|p1a: Calyrex|0 fnt
|-unboost|p2a: 烈龙无敌|def|1
|-unboost|p2a: 烈龙无敌|spd|1
|faint|p1a: Calyrex
|
|win|CLEAR GEM清瑜
|raw|alt1445645's rating: 1812 &rarr; <strong>1800</strong><br />(-12 for losing)
|raw|CLEAR GEM清瑜's rating: 1963 &rarr; <strong>1975</strong><br />(+12 for winning)
