|j|☆vn3nt
|j|☆NOAH MK2
|t:|1664493740
|gametype|singles
|player|p1|vn3nt|lucas|1573
|player|p2|NOAH MK2|170|1841
|teamsize|p1|6
|teamsize|p2|6
|gen|8
|tier|[Gen 8] National Dex AG
|rated|
|rule|HP Percentage Mod: HP is shown in percentages
|rule|Endless Battle Clause: Forcing endless battles is banned
|clearpoke
|poke|p1|Deoxys-Speed|
|poke|p1|Ditto|
|poke|p1|Wobbuffet, M|
|poke|p1|Dracovish|
|poke|p1|Groudon|
|poke|p1|Lugia|
|poke|p2|Whimsicott, F|
|poke|p2|Klefki, F|
|poke|p2|Arceus-*|
|poke|p2|Groudon|
|poke|p2|Rayquaza|
|poke|p2|Xerneas-*|
|teampreview
|
|t:|1664493770
|start
|switch|p1a: Lugia|Lugia, shiny|100/100
|switch|p2a: Rayquaza|Rayquaza|100/100
|-ability|p1a: Lugia|Pressure
|-ability|p2a: Rayquaza|Air Lock
|turn|1
|
|t:|1664493777
|switch|p2a: Klefki|Klefki, F|100/100
|move|p1a: Lugia|Roar|p2a: Klefki
|drag|p2a: Rayquaza|Rayquaza|100/100
|-ability|p2a: Rayquaza|Air Lock
|
|upkeep
|turn|2
|
|t:|1664493787
|switch|p1a: Groudon|Groudon|100/100
|detailschange|p1a: Groudon|Groudon-Primal
|-primal|p1a: Groudon
|-weather|DesolateLand|[from] ability: Desolate Land|[of] p1a: Groudon
|switch|p2a: Klefki|Klefki, F|100/100
|
|-weather|DesolateLand|[upkeep]
|upkeep
|turn|3
|
|t:|1664493794
|switch|p2a: Arceus|Arceus|100/100
|move|p1a: Groudon|Stealth Rock|p2a: Arceus
|-sidestart|p2: NOAH MK2|move: Stealth Rock
|
|-weather|DesolateLand|[upkeep]
|upkeep
|turn|4
|
|t:|1664493799
|move|p2a: Arceus|Defog|p1a: Groudon
|-unboost|p1a: Groudon|evasion|1
|-sideend|p2: NOAH MK2|Stealth Rock|[from] move: Defog|[of] p2a: Arceus
|move|p1a: Groudon|Rock Tomb|p2a: Arceus
|-damage|p2a: Arceus|88/100
|-unboost|p2a: Arceus|spe|1
|
|-weather|DesolateLand|[upkeep]
|upkeep
|turn|5
|
|t:|1664493810
|move|p1a: Groudon|Swords Dance|p1a: Groudon
|-boost|p1a: Groudon|atk|2
|move|p2a: Arceus|Stealth Rock|p1a: Groudon
|-sidestart|p1: vn3nt|move: Stealth Rock
|
|-weather|DesolateLand|[upkeep]
|upkeep
|turn|6
|
|t:|1664493824
|switch|p2a: Whimsicott|Whimsicott, F|100/100
|move|p1a: Groudon|Precipice Blades|p2a: Whimsicott
|-resisted|p2a: Whimsicott
|-damage|p2a: Whimsicott|0 fnt
|faint|p2a: Whimsicott
|
|-weather|DesolateLand|[upkeep]
|upkeep
|
|t:|1664493831
|switch|p2a: Rayquaza|Rayquaza|100/100
|-ability|p2a: Rayquaza|Air Lock
|turn|7
|
|t:|1664493834
|detailschange|p2a: Rayquaza|Rayquaza-Mega
|-mega|p2a: Rayquaza|Rayquaza|
|-weather|DeltaStream|[from] ability: Delta Stream|[of] p2a: Rayquaza
|move|p2a: Rayquaza|Earthquake|p1a: Groudon
|-supereffective|p1a: Groudon
|-damage|p1a: Groudon|31/100
|-damage|p2a: Rayquaza|91/100|[from] item: Life Orb
|move|p1a: Groudon|Rock Tomb|p2a: Rayquaza
|-activate||deltastream
|-damage|p2a: Rayquaza|40/100
|-unboost|p2a: Rayquaza|spe|1
|
|-weather|DeltaStream|[upkeep]
|upkeep
|turn|8
|
|t:|1664493846
|move|p2a: Rayquaza|Extreme Speed|p1a: Groudon
|-crit|p1a: Groudon
|-damage|p1a: Groudon|0 fnt
|faint|p1a: Groudon
|-damage|p2a: Rayquaza|30/100|[from] item: Life Orb
|
|-weather|DeltaStream|[upkeep]
|upkeep
|
|t:|1664493852
|switch|p1a: Lugia|Lugia, shiny|100/100
|-ability|p1a: Lugia|Pressure
|turn|9
|
|t:|1664493858
|move|p1a: Lugia|Defog|p2a: Rayquaza
|-unboost|p2a: Rayquaza|evasion|1
|-sideend|p1: vn3nt|Stealth Rock|[from] move: Defog|[of] p1a: Lugia
|move|p2a: Rayquaza|Dragon Dance|p2a: Rayquaza
|-boost|p2a: Rayquaza|atk|1
|-boost|p2a: Rayquaza|spe|1
|
|-weather|DeltaStream|[upkeep]
|upkeep
|turn|10
|
|t:|1664493862
|move|p1a: Lugia|Aeroblast|p2a: Rayquaza
|-damage|p2a: Rayquaza|0 fnt
|faint|p2a: Rayquaza
|-weather|none
|
|upkeep
|
|t:|1664493871
|switch|p2a: Arceus|Arceus|88/100
|turn|11
|
|t:|1664493873
|move|p1a: Lugia|Toxic|p2a: Arceus
|-status|p2a: Arceus|tox
|move|p2a: Arceus|Will-O-Wisp|p1a: Lugia|[miss]
|-miss|p2a: Arceus|p1a: Lugia
|
|-damage|p2a: Arceus|82/100 tox|[from] psn
|upkeep
|turn|12
|
|t:|1664493878
|move|p1a: Lugia|Aeroblast|p2a: Arceus
|-damage|p2a: Arceus|60/100 tox
|move|p2a: Arceus|Will-O-Wisp|p1a: Lugia
|-status|p1a: Lugia|brn
|
|-damage|p2a: Arceus|47/100 tox|[from] psn
|-damage|p1a: Lugia|94/100 brn|[from] brn
|upkeep
|turn|13
|
|t:|1664493892
|switch|p2a: Klefki|Klefki, F|100/100
|move|p1a: Lugia|Aeroblast|p2a: Klefki
|-resisted|p2a: Klefki
|-crit|p2a: Klefki
|-damage|p2a: Klefki|73/100
|
|-damage|p1a: Lugia|88/100 brn|[from] brn
|upkeep
|turn|14
|
|t:|1664493900
|switch|p1a: Wobbuffet|Wobbuffet, M|100/100
|move|p2a: Klefki|Reflect|p2a: Klefki
|-sidestart|p2: NOAH MK2|Reflect
|
|upkeep
|turn|15
|
|t:|1664493908
|move|p2a: Klefki|Thunder Wave|p1a: Wobbuffet
|-status|p1a: Wobbuffet|par
|move|p1a: Wobbuffet|Encore|p2a: Klefki
|-start|p2a: Klefki|Encore
|
|upkeep
|turn|16
|
|t:|1664493913
|move|p2a: Klefki|Thunder Wave|p1a: Wobbuffet
|-fail|p1a: Wobbuffet|par
|move|p1a: Wobbuffet|Mirror Coat||[still]
|-fail|p1a: Wobbuffet
|
|upkeep
|turn|17
|
|t:|1664493918
|move|p2a: Klefki|Thunder Wave|p1a: Wobbuffet|[miss]
|-miss|p2a: Klefki|p1a: Wobbuffet
|move|p1a: Wobbuffet|Safeguard|p1a: Wobbuffet
|-sidestart|p1: vn3nt|Safeguard
|
|upkeep
|turn|18
|
|t:|1664493923
|switch|p1a: Dracovish|Dracovish|100/100
|move|p2a: Klefki|Thunder Wave|p1a: Dracovish
|-activate|p1a: Dracovish|move: Safeguard
|
|-end|p2a: Klefki|Encore
|upkeep
|turn|19
|
|t:|1664493929
|switch|p1a: Wobbuffet|Wobbuffet, M|100/100 par
|switch|p2a: Groudon|Groudon|100/100
|detailschange|p2a: Groudon|Groudon-Primal
|-primal|p2a: Groudon
|-weather|DesolateLand|[from] ability: Desolate Land|[of] p2a: Groudon
|
|-weather|DesolateLand|[upkeep]
|upkeep
|turn|20
|
|t:|1664493936
|move|p2a: Groudon|Stone Edge|p1a: Wobbuffet
|-damage|p1a: Wobbuffet|59/100 par
|move|p1a: Wobbuffet|Encore|p2a: Groudon
|-start|p2a: Groudon|Encore
|
|-weather|DesolateLand|[upkeep]
|upkeep
|turn|21
|
|t:|1664493943
|move|p2a: Groudon|Stone Edge|p1a: Wobbuffet
|-damage|p1a: Wobbuffet|20/100 par
|-enditem|p1a: Wobbuffet|Sitrus Berry|[eat]
|-heal|p1a: Wobbuffet|44/100 par|[from] item: Sitrus Berry
|move|p1a: Wobbuffet|Counter|p2a: Groudon
|-damage|p2a: Groudon|0 fnt
|faint|p2a: Groudon
|-weather|none
|
|-sideend|p2: NOAH MK2|Reflect
|-sideend|p1: vn3nt|Safeguard
|upkeep
|
|t:|1664493952
|switch|p2a: Xerneas|Xerneas|100/100
|-ability|p2a: Xerneas|Fairy Aura
|turn|22
|
|t:|1664493958
|move|p2a: Xerneas|Geomancy||[still]
|-prepare|p2a: Xerneas|Geomancy
|-enditem|p2a: Xerneas|Power Herb
|-anim|p2a: Xerneas|Geomancy|p2a: Xerneas
|-boost|p2a: Xerneas|spa|2
|-boost|p2a: Xerneas|spd|2
|-boost|p2a: Xerneas|spe|2
|move|p1a: Wobbuffet|Encore|p2a: Xerneas
|-start|p2a: Xerneas|Encore
|
|upkeep
|turn|23
|
|t:|1664493977
|switch|p1a: Dracovish|Dracovish|100/100
|-start|p2a: Xerneas|Dynamax|
|-heal|p2a: Xerneas|100/100|[silent]
|move|p2a: Xerneas|Max Lightning|p1a: Dracovish
|-damage|p1a: Dracovish|0 fnt
|-fieldstart|move: Electric Terrain
|faint|p1a: Dracovish
|
|upkeep
|
|t:|1664493994
|switch|p1a: Deoxys|Deoxys-Speed|100/100
|-ability|p1a: Deoxys|Pressure
|turn|24
|
|t:|1664493997
|move|p2a: Xerneas|Max Quake|p1a: Deoxys
|-enditem|p1a: Deoxys|Focus Sash
|-damage|p1a: Deoxys|1/100
|-boost|p2a: Xerneas|spd|1
|move|p1a: Deoxys|Thunder Wave|p2a: Xerneas|[miss]
|-miss|p1a: Deoxys|p2a: Xerneas
|
|upkeep
|turn|25
|
|t:|1664494005
|move|p2a: Xerneas|Max Starfall|p1a: Deoxys
|-damage|p1a: Deoxys|0 fnt
|-fieldstart|move: Misty Terrain
|faint|p1a: Deoxys
|
|-end|p2a: Xerneas|Encore
|upkeep
|
|t:|1664494013
|switch|p1a: Ditto|Ditto|100/100
|-transform|p1a: Ditto|p2a: Xerneas|[from] ability: Imposter
|-ability|p1a: Ditto|Fairy Aura
|-end|p2a: Xerneas|Dynamax
|-heal|p2a: Xerneas|100/100|[silent]
|turn|26
|
|t:|1664494024
|-start|p1a: Ditto|Dynamax|
|-heal|p1a: Ditto|100/100|[silent]
|move|p2a: Xerneas|Geomancy||[still]
|-prepare|p2a: Xerneas|Geomancy
|move|p1a: Ditto|Max Starfall|p2a: Xerneas
|-damage|p2a: Xerneas|26/100
|
|upkeep
|turn|27
|-message|NOAH MK2 forfeited.
|
|win|vn3nt
|raw|vn3nt's rating: 1573 &rarr; <strong>1606</strong><br />(+33 for winning)
|raw|NOAH MK2's rating: 1841 &rarr; <strong>1808</strong><br />(-33 for losing)
|l|☆NOAH MK2
