|j|☆KinglerCookie
|j|☆xLeonisx
|t:|1662327406
|gametype|singles
|player|p1|KinglerCookie|n|1569
|player|p2|xLeonisx|170|1690
|teamsize|p1|6
|teamsize|p2|6
|gen|8
|tier|[Gen 8] National Dex AG
|rated|
|rule|HP Percentage Mod: HP is shown in percentages
|rule|Endless Battle Clause: Forcing endless battles is banned
|clearpoke
|poke|p1|Rayquaza|
|poke|p1|Excadrill, F|
|poke|p1|Marshadow|
|poke|p1|Kyogre|
|poke|p1|Zacian-*|
|poke|p1|Yveltal|
|poke|p2|Arceus-*|
|poke|p2|Giratina|
|poke|p2|Chansey, F|
|poke|p2|Lugia|
|poke|p2|Sableye, F|
|poke|p2|Quagsire, F|
|teampreview
|inactive|Battle timer is ON: inactive players will automatically lose when time's up. (requested by KinglerCookie)
|inactive|xLeonisx has 120 seconds left.
|inactive|xLeonisx has 90 seconds left.
|
|t:|1662327471
|start
|switch|p1a: Yveltal|Yveltal|100/100
|switch|p2a: Sableye|Sableye, F|100/100
|-ability|p1a: Yveltal|Dark Aura
|turn|1
|
|t:|1662327476
|detailschange|p2a: Sableye|Sableye-Mega, F
|-mega|p2a: Sableye|Sableye|Sablenite
|move|p2a: Sableye|Fake Out|p1a: Yveltal
|-damage|p1a: Yveltal|93/100
|cant|p1a: Yveltal|flinch
|
|upkeep
|turn|2
|
|t:|1662327480
|switch|p2a: Arceus|Arceus-Dark|100/100
|move|p1a: Yveltal|Dark Pulse|p2a: Arceus
|-resisted|p2a: Arceus
|-damage|p2a: Arceus|75/100
|-damage|p1a: Yveltal|83/100|[from] item: Life Orb
|
|upkeep
|turn|3
|
|t:|1662327483
|move|p1a: Yveltal|Taunt|p2a: Arceus
|-start|p2a: Arceus|move: Taunt
|cant|p2a: Arceus|move: Taunt|Perish Song
|
|upkeep
|turn|4
|
|t:|1662327489
|switch|p1a: Zacian|Zacian-Crowned, shiny|100/100
|-ability|p1a: Zacian|Intrepid Sword|boost
|-boost|p1a: Zacian|atk|1
|switch|p2a: Giratina|Giratina|100/100
|-ability|p2a: Giratina|Pressure
|
|upkeep
|turn|5
|
|t:|1662327495
|switch|p2a: Quagsire|Quagsire, F|100/100
|move|p1a: Zacian|Play Rough|p2a: Quagsire
|-damage|p2a: Quagsire|61/100
|-damage|p1a: Zacian|84/100|[from] item: Rocky Helmet|[of] p2a: Quagsire
|
|upkeep
|turn|6
|
|t:|1662327500
|switch|p1a: Yveltal|Yveltal|83/100
|-ability|p1a: Yveltal|Dark Aura
|move|p2a: Quagsire|Recover|p2a: Quagsire
|-heal|p2a: Quagsire|100/100
|
|upkeep
|turn|7
|
|t:|1662327507
|switch|p2a: Giratina|Giratina|100/100
|-ability|p2a: Giratina|Pressure
|move|p1a: Yveltal|Dark Pulse|p2a: Giratina
|-supereffective|p2a: Giratina
|-damage|p2a: Giratina|25/100
|-damage|p1a: Yveltal|73/100|[from] item: Life Orb
|
|-heal|p2a: Giratina|31/100|[from] item: Leftovers
|upkeep
|turn|8
|
|t:|1662327511
|switch|p2a: Chansey|Chansey, F|100/100
|move|p1a: Yveltal|Dark Pulse|p2a: Chansey
|-damage|p2a: Chansey|84/100
|-damage|p1a: Yveltal|63/100|[from] item: Life Orb
|
|upkeep
|turn|9
|
|t:|1662327517
|switch|p1a: Excadrill|Excadrill, F|100/100
|-ability|p1a: Excadrill|Mold Breaker
|move|p2a: Chansey|Soft-Boiled|p2a: Chansey
|-heal|p2a: Chansey|100/100
|
|upkeep
|turn|10
|
|t:|1662327521
|switch|p2a: Giratina|Giratina|31/100
|-ability|p2a: Giratina|Pressure
|move|p1a: Excadrill|Stealth Rock|p2a: Giratina
|-sidestart|p2: xLeonisx|move: Stealth Rock
|
|-heal|p2a: Giratina|37/100|[from] item: Leftovers
|upkeep
|turn|11
|
|t:|1662327524
|move|p1a: Excadrill|Earthquake|p2a: Giratina
|-damage|p2a: Giratina|11/100
|move|p2a: Giratina|Rest|p2a: Giratina
|-status|p2a: Giratina|slp|[from] move: Rest
|-heal|p2a: Giratina|100/100 slp|[silent]
|
|upkeep
|turn|12
|
|t:|1662327529
|switch|p1a: Marshadow|Marshadow|100/100
|cant|p2a: Giratina|slp
|
|upkeep
|turn|13
|
|t:|1662327533
|switch|p2a: Arceus|Arceus-Dark|75/100
|-damage|p2a: Arceus|62/100|[from] Stealth Rock
|move|p1a: Marshadow|Poltergeist|p2a: Arceus
|-activate|p2a: Arceus|move: Poltergeist|Dread Plate
|-resisted|p2a: Arceus
|-damage|p2a: Arceus|44/100
|-damage|p1a: Marshadow|91/100|[from] item: Life Orb
|
|upkeep
|turn|14
|
|t:|1662327537
|move|p1a: Marshadow|Poltergeist|p2a: Arceus
|-activate|p2a: Arceus|move: Poltergeist|Dread Plate
|-resisted|p2a: Arceus
|-crit|p2a: Arceus
|-damage|p2a: Arceus|17/100
|-damage|p1a: Marshadow|81/100|[from] item: Life Orb
|move|p2a: Arceus|Recover|p2a: Arceus
|-heal|p2a: Arceus|67/100
|
|upkeep
|turn|15
|
|t:|1662327540
|move|p1a: Marshadow|Close Combat|p2a: Arceus
|-supereffective|p2a: Arceus
|-damage|p2a: Arceus|0 fnt
|-unboost|p1a: Marshadow|def|1
|-unboost|p1a: Marshadow|spd|1
|faint|p2a: Arceus
|-damage|p1a: Marshadow|71/100|[from] item: Life Orb
|
|upkeep
|
|t:|1662327546
|switch|p2a: Sableye|Sableye-Mega, F|100/100
|-damage|p2a: Sableye|88/100|[from] Stealth Rock
|turn|16
|
|t:|1662327554
|switch|p1a: Yveltal|Yveltal|63/100
|-ability|p1a: Yveltal|Dark Aura
|move|p2a: Sableye|Foul Play|p1a: Yveltal
|-resisted|p1a: Yveltal
|-damage|p1a: Yveltal|33/100
|
|upkeep
|turn|17
|
|t:|1662327559
|switch|p2a: Chansey|Chansey, F|100/100
|-damage|p2a: Chansey|88/100|[from] Stealth Rock
|move|p1a: Yveltal|Dark Pulse|p2a: Chansey
|-damage|p2a: Chansey|70/100
|-damage|p1a: Yveltal|23/100|[from] item: Life Orb
|
|upkeep
|turn|18
|
|t:|1662327563
|move|p1a: Yveltal|Oblivion Wing|p2a: Chansey
|-damage|p2a: Chansey|57/100
|-heal|p1a: Yveltal|39/100|[from] drain|[of] p2a: Chansey
|-damage|p1a: Yveltal|29/100|[from] item: Life Orb
|move|p2a: Chansey|Toxic|p1a: Yveltal
|-status|p1a: Yveltal|tox
|
|-damage|p1a: Yveltal|23/100 tox|[from] psn
|upkeep
|turn|19
|
|t:|1662327566
|move|p1a: Yveltal|Sucker Punch||[still]
|-fail|p1a: Yveltal
|move|p2a: Chansey|Soft-Boiled|p2a: Chansey
|-heal|p2a: Chansey|100/100
|
|-damage|p1a: Yveltal|11/100 tox|[from] psn
|upkeep
|turn|20
|
|t:|1662327570
|switch|p1a: Zacian|Zacian-Crowned, shiny|84/100
|-ability|p1a: Zacian|Intrepid Sword|boost
|-boost|p1a: Zacian|atk|1
|move|p2a: Chansey|Aromatherapy|p2a: Chansey
|-activate|p2a: Chansey|move: Aromatherapy
|-curestatus|p2: Giratina|slp|[msg]
|
|upkeep
|turn|21
|
|t:|1662327573
|switch|p2a: Quagsire|Quagsire, F|100/100
|-damage|p2a: Quagsire|94/100|[from] Stealth Rock
|move|p1a: Zacian|Behemoth Blade|p2a: Quagsire
|-resisted|p2a: Quagsire
|-damage|p2a: Quagsire|72/100
|-damage|p1a: Zacian|67/100|[from] item: Rocky Helmet|[of] p2a: Quagsire
|
|upkeep
|turn|22
|
|t:|1662327577
|switch|p1a: Kyogre|Kyogre|100/100
|-weather|RainDance|[from] ability: Drizzle|[of] p1a: Kyogre
|move|p2a: Quagsire|Recover|p2a: Quagsire
|-heal|p2a: Quagsire|100/100
|
|-weather|RainDance|[upkeep]
|upkeep
|turn|23
|
|t:|1662327583
|switch|p1a: Marshadow|Marshadow|71/100
|switch|p2a: Chansey|Chansey, F|100/100
|-damage|p2a: Chansey|88/100|[from] Stealth Rock
|
|-weather|RainDance|[upkeep]
|upkeep
|turn|24
|j| haveyes
|
|t:|1662327593
|switch|p2a: Sableye|Sableye-Mega, F|88/100
|-damage|p2a: Sableye|75/100|[from] Stealth Rock
|move|p1a: Marshadow|Poltergeist|p2a: Sableye
|-activate|p2a: Sableye|move: Poltergeist|Sablenite
|-damage|p2a: Sableye|25/100
|-damage|p1a: Marshadow|61/100|[from] item: Life Orb
|
|-weather|RainDance|[upkeep]
|upkeep
|turn|25
|l| haveyes
|
|t:|1662327612
|switch|p2a: Chansey|Chansey, F|88/100
|-damage|p2a: Chansey|76/100|[from] Stealth Rock
|move|p1a: Marshadow|Poltergeist|p2a: Chansey
|-immune|p2a: Chansey
|
|-weather|RainDance|[upkeep]
|upkeep
|turn|26
|
|t:|1662327619
|switch|p2a: Sableye|Sableye-Mega, F|25/100
|-damage|p2a: Sableye|13/100|[from] Stealth Rock
|move|p1a: Marshadow|Close Combat|p2a: Sableye
|-immune|p2a: Sableye
|
|-weather|none
|upkeep
|turn|27
|
|t:|1662327631
|move|p1a: Marshadow|Shadow Sneak|p2a: Sableye
|-damage|p2a: Sableye|0 fnt
|faint|p2a: Sableye
|-damage|p1a: Marshadow|51/100|[from] item: Life Orb
|
|upkeep
|
|t:|1662327636
|switch|p2a: Quagsire|Quagsire, F|100/100
|-damage|p2a: Quagsire|94/100|[from] Stealth Rock
|turn|28
|
|t:|1662327640
|switch|p1a: Kyogre|Kyogre|100/100
|-weather|RainDance|[from] ability: Drizzle|[of] p1a: Kyogre
|move|p2a: Quagsire|Earthquake|p1a: Kyogre
|-damage|p1a: Kyogre|64/100
|
|-weather|RainDance|[upkeep]
|upkeep
|turn|29
|
|t:|1662327643
|move|p1a: Kyogre|Origin Pulse|p2a: Quagsire
|-damage|p2a: Quagsire|0 fnt
|faint|p2a: Quagsire
|
|-weather|RainDance|[upkeep]
|upkeep
|-message|xLeonisx forfeited.
|
|win|KinglerCookie
|raw|KinglerCookie's rating: 1569 &rarr; <strong>1596</strong><br />(+27 for winning)
|raw|xLeonisx's rating: 1690 &rarr; <strong>1663</strong><br />(-27 for losing)
|l|☆xLeonisx
