|j|☆dtc07
|j|☆lemoncell0
|t:|1657990325
|gametype|singles
|player|p1|dtc07|grimsley|1767
|player|p2|lemoncell0|allister|1850
|teamsize|p1|6
|teamsize|p2|6
|gen|8
|tier|[Gen 8] National Dex AG
|rated|
|rule|HP Percentage Mod: HP is shown in percentages
|rule|Endless Battle Clause: Forcing endless battles is banned
|clearpoke
|poke|p1|Rayquaza|
|poke|p1|Arceus-*|
|poke|p1|Ho-Oh|
|poke|p1|Zygarde|
|poke|p1|Necrozma-Dusk-Mane|
|poke|p1|Calyrex-Shadow|
|poke|p2|Sableye, M|
|poke|p2|Quagsire, F|
|poke|p2|Latias, F|
|poke|p2|Blissey, F|
|poke|p2|Ferrothorn, M|
|poke|p2|Tyranitar, M|
|teampreview
|inactive|Battle timer is ON: inactive players will automatically lose when time's up. (requested by dtc07)
|
|t:|1657990343
|start
|switch|p1a: Arceus|Arceus-Dark|100/100
|switch|p2a: Quagsire|Quagsire, F|100/100
|turn|1
|
|t:|1657990365
|switch|p1a: Necrozma|Necrozma-Dusk-Mane|100/100
|switch|p2a: Ferrothorn|Ferrothorn, M|100/100
|
|upkeep
|turn|2
|
|t:|1657990375
|move|p1a: Necrozma|Stealth Rock|p2a: Ferrothorn
|-sidestart|p2: lemoncell0|move: Stealth Rock
|move|p2a: Ferrothorn|Leech Seed|p1a: Necrozma|[miss]
|-miss|p2a: Ferrothorn|p1a: Necrozma
|
|upkeep
|turn|3
|
|t:|1657990382
|switch|p1a: Ho-Oh|Ho-Oh|100/100
|move|p2a: Ferrothorn|Leech Seed|p1a: Ho-Oh
|-start|p1a: Ho-Oh|move: Leech Seed
|
|-damage|p1a: Ho-Oh|88/100|[from] Leech Seed|[of] p2a: Ferrothorn
|upkeep
|turn|4
|
|t:|1657990388
|move|p2a: Ferrothorn|Protect|p2a: Ferrothorn
|-singleturn|p2a: Ferrothorn|Protect
|move|p1a: Ho-Oh|Toxic|p2a: Ferrothorn
|-activate|p2a: Ferrothorn|move: Protect
|
|-damage|p1a: Ho-Oh|76/100|[from] Leech Seed|[of] p2a: Ferrothorn
|upkeep
|turn|5
|
|t:|1657990408
|switch|p2a: Tyranitar|Tyranitar, M|100/100
|-damage|p2a: Tyranitar|88/100|[from] Stealth Rock
|-weather|Sandstorm|[from] ability: Sand Stream|[of] p2a: Tyranitar
|move|p1a: Ho-Oh|Toxic|p2a: Tyranitar
|-status|p2a: Tyranitar|tox
|
|-weather|Sandstorm|[upkeep]
|-damage|p1a: Ho-Oh|70/100|[from] Sandstorm
|-heal|p2a: Tyranitar|94/100 tox|[from] item: Leftovers
|-damage|p1a: Ho-Oh|58/100|[from] Leech Seed|[of] p2a: Tyranitar
|-heal|p2a: Tyranitar|100/100 tox|[silent]
|-damage|p2a: Tyranitar|94/100 tox|[from] psn
|upkeep
|turn|6
|
|t:|1657990415
|-activate|p1a: Ho-Oh|move: Pursuit
|move|p2a: Tyranitar|Pursuit|p1a: Ho-Oh|[from]Pursuit
|-damage|p1a: Ho-Oh|34/100
|switch|p1a: Zygarde|Zygarde|100/100
|
|-weather|Sandstorm|[upkeep]
|-heal|p2a: Tyranitar|100/100 tox|[from] item: Leftovers
|-damage|p2a: Tyranitar|88/100 tox|[from] psn
|upkeep
|turn|7
|
|t:|1657990442
|switch|p1a: Arceus|Arceus-Dark|100/100
|switch|p2a: Ferrothorn|Ferrothorn, M|100/100
|-damage|p2a: Ferrothorn|94/100|[from] Stealth Rock
|
|-weather|Sandstorm|[upkeep]
|-damage|p1a: Arceus|94/100|[from] Sandstorm
|-heal|p2a: Ferrothorn|100/100|[from] item: Leftovers
|upkeep
|turn|8
|
|t:|1657990451
|move|p1a: Arceus|Will-O-Wisp|p2a: Ferrothorn
|-status|p2a: Ferrothorn|brn
|move|p2a: Ferrothorn|Leech Seed|p1a: Arceus
|-start|p1a: Arceus|move: Leech Seed
|
|-weather|Sandstorm|[upkeep]
|-damage|p1a: Arceus|88/100|[from] Sandstorm
|-damage|p1a: Arceus|76/100|[from] Leech Seed|[of] p2a: Ferrothorn
|-damage|p2a: Ferrothorn|94/100 brn|[from] brn
|upkeep
|turn|9
|
|t:|1657990462
|switch|p1a: Calyrex|Calyrex-Shadow|100/100
|-ability|p1a: Calyrex|As One
|-ability|p1a: Calyrex|Unnerve
|move|p2a: Ferrothorn|Knock Off|p1a: Calyrex
|-supereffective|p1a: Calyrex
|-damage|p1a: Calyrex|51/100
|-enditem|p1a: Calyrex|Leftovers|[from] move: Knock Off|[of] p2a: Ferrothorn
|
|-weather|none
|-heal|p2a: Ferrothorn|100/100 brn|[from] item: Leftovers
|-damage|p2a: Ferrothorn|94/100 brn|[from] brn
|upkeep
|turn|10
|inactive|dtc07 has 120 seconds left.
|
|t:|1657990486
|switch|p2a: Tyranitar|Tyranitar, M|88/100 tox
|-damage|p2a: Tyranitar|76/100 tox|[from] Stealth Rock
|-weather|Sandstorm|[from] ability: Sand Stream|[of] p2a: Tyranitar
|move|p1a: Calyrex|Nasty Plot|p1a: Calyrex
|-boost|p1a: Calyrex|spa|2
|
|-weather|Sandstorm|[upkeep]
|-damage|p1a: Calyrex|45/100|[from] Sandstorm
|-heal|p2a: Tyranitar|82/100 tox|[from] item: Leftovers
|-damage|p2a: Tyranitar|76/100 tox|[from] psn
|upkeep
|turn|11
|
|t:|1657990490
|-start|p1a: Calyrex|Dynamax|
|-heal|p1a: Calyrex|45/100|[silent]
|move|p1a: Calyrex|Max Starfall|p2a: Tyranitar
|-supereffective|p2a: Tyranitar
|-damage|p2a: Tyranitar|13/100 tox
|-fieldstart|move: Misty Terrain
|move|p2a: Tyranitar|Pursuit|p1a: Calyrex
|-supereffective|p1a: Calyrex
|-damage|p1a: Calyrex|6/100
|
|-weather|Sandstorm|[upkeep]
|-damage|p1a: Calyrex|3/100|[from] Sandstorm
|-heal|p2a: Tyranitar|19/100 tox|[from] item: Leftovers
|-damage|p2a: Tyranitar|7/100 tox|[from] psn
|upkeep
|turn|12
|
|t:|1657990500
|move|p1a: Calyrex|Max Phantasm|p2a: Tyranitar
|-resisted|p2a: Tyranitar
|-damage|p2a: Tyranitar|0 fnt
|faint|p2a: Tyranitar
|-ability|p1a: Calyrex|Grim Neigh|boost
|-boost|p1a: Calyrex|spa|1
|
|-weather|Sandstorm|[upkeep]
|-damage|p1a: Calyrex|0 fnt|[from] Sandstorm
|faint|p1a: Calyrex
|upkeep
|
|t:|1657990513
|switch|p1a: Rayquaza|Rayquaza|100/100
|switch|p2a: Latias|Latias, F|100/100
|-ability|p1a: Rayquaza|Air Lock
|-damage|p2a: Latias|88/100|[from] Stealth Rock
|turn|13
|
|t:|1657990540
|switch|p1a: Necrozma|Necrozma-Dusk-Mane|100/100
|switch|p2a: Quagsire|Quagsire, F|100/100
|-damage|p2a: Quagsire|94/100|[from] Stealth Rock
|
|-weather|Sandstorm|[upkeep]
|upkeep
|turn|14
|
|t:|1657990555
|switch|p1a: Rayquaza|Rayquaza|100/100
|-ability|p1a: Rayquaza|Air Lock
|move|p2a: Quagsire|Earthquake|p1a: Rayquaza
|-immune|p1a: Rayquaza
|
|-weather|none
|upkeep
|turn|15
|
|t:|1657990561
|detailschange|p1a: Rayquaza|Rayquaza-Mega
|-mega|p1a: Rayquaza|Rayquaza|
|-weather|DeltaStream|[from] ability: Delta Stream|[of] p1a: Rayquaza
|move|p1a: Rayquaza|Dragon Ascent|p2a: Quagsire
|-damage|p2a: Quagsire|5/100
|-unboost|p1a: Rayquaza|def|1
|-unboost|p1a: Rayquaza|spd|1
|-damage|p1a: Rayquaza|84/100|[from] item: Rocky Helmet|[of] p2a: Quagsire
|move|p2a: Quagsire|Counter|p1a: Rayquaza
|-damage|p1a: Rayquaza|0 fnt
|faint|p1a: Rayquaza
|-weather|none
|
|-fieldend|Misty Terrain
|upkeep
|inactive|dtc07 has 120 seconds left.
|
|t:|1657990586
|switch|p1a: Ho-Oh|Ho-Oh|68/100
|turn|16
|
|t:|1657990593
|move|p1a: Ho-Oh|Sacred Fire|p2a: Quagsire
|-resisted|p2a: Quagsire
|-damage|p2a: Quagsire|0 fnt
|faint|p2a: Quagsire
|
|upkeep
|
|t:|1657990603
|switch|p2a: Sableye|Sableye, M|100/100
|-damage|p2a: Sableye|88/100|[from] Stealth Rock
|turn|17
|
|t:|1657990613
|switch|p1a: Zygarde|Zygarde|100/100
|detailschange|p2a: Sableye|Sableye-Mega, M
|-mega|p2a: Sableye|Sableye|Sablenite
|move|p2a: Sableye|Toxic|p1a: Zygarde
|-status|p1a: Zygarde|tox
|
|-damage|p1a: Zygarde|94/100 tox|[from] psn
|upkeep
|turn|18
|
|t:|1657990624
|switch|p1a: Arceus|Arceus-Dark|76/100
|switch|p2a: Ferrothorn|Ferrothorn, M|94/100 brn
|-damage|p2a: Ferrothorn|88/100 brn|[from] Stealth Rock
|
|-heal|p2a: Ferrothorn|94/100 brn|[from] item: Leftovers
|-damage|p2a: Ferrothorn|88/100 brn|[from] brn
|upkeep
|turn|19
|
|t:|1657990637
|move|p1a: Arceus|Calm Mind|p1a: Arceus
|-boost|p1a: Arceus|spa|1
|-boost|p1a: Arceus|spd|1
|move|p2a: Ferrothorn|Leech Seed|p1a: Arceus
|-start|p1a: Arceus|move: Leech Seed
|
|-heal|p2a: Ferrothorn|94/100 brn|[from] item: Leftovers
|-damage|p1a: Arceus|63/100|[from] Leech Seed|[of] p2a: Ferrothorn
|-heal|p2a: Ferrothorn|100/100 brn|[silent]
|-damage|p2a: Ferrothorn|94/100 brn|[from] brn
|upkeep
|turn|20
|
|t:|1657990642
|move|p1a: Arceus|Calm Mind|p1a: Arceus
|-boost|p1a: Arceus|spa|1
|-boost|p1a: Arceus|spd|1
|move|p2a: Ferrothorn|Spikes|p1a: Arceus
|-sidestart|p1: dtc07|Spikes
|
|-heal|p2a: Ferrothorn|100/100 brn|[from] item: Leftovers
|-damage|p1a: Arceus|51/100|[from] Leech Seed|[of] p2a: Ferrothorn
|-damage|p2a: Ferrothorn|94/100 brn|[from] brn
|upkeep
|turn|21
|
|t:|1657990649
|move|p2a: Ferrothorn|Protect|p2a: Ferrothorn
|-singleturn|p2a: Ferrothorn|Protect
|move|p1a: Arceus|Calm Mind|p1a: Arceus
|-boost|p1a: Arceus|spa|1
|-boost|p1a: Arceus|spd|1
|
|-heal|p2a: Ferrothorn|100/100 brn|[from] item: Leftovers
|-damage|p1a: Arceus|39/100|[from] Leech Seed|[of] p2a: Ferrothorn
|-damage|p2a: Ferrothorn|94/100 brn|[from] brn
|upkeep
|turn|22
|
|t:|1657990664
|switch|p2a: Blissey|Blissey, F|100/100
|-damage|p2a: Blissey|88/100|[from] Stealth Rock
|move|p1a: Arceus|Judgment|p2a: Blissey
|-damage|p2a: Blissey|49/100
|
|-damage|p1a: Arceus|26/100|[from] Leech Seed|[of] p2a: Blissey
|-heal|p2a: Blissey|58/100|[silent]
|upkeep
|turn|23
|
|t:|1657990668
|move|p1a: Arceus|Recover|p1a: Arceus
|-heal|p1a: Arceus|76/100
|move|p2a: Blissey|Confide|p1a: Arceus
|-unboost|p1a: Arceus|spa|1
|
|-damage|p1a: Arceus|64/100|[from] Leech Seed|[of] p2a: Blissey
|-heal|p2a: Blissey|66/100|[silent]
|upkeep
|turn|24
|
|t:|1657990695
|move|p1a: Arceus|Judgment|p2a: Blissey
|-damage|p2a: Blissey|37/100
|move|p2a: Blissey|Toxic|p1a: Arceus
|-status|p1a: Arceus|tox
|
|-damage|p1a: Arceus|52/100 tox|[from] Leech Seed|[of] p2a: Blissey
|-heal|p2a: Blissey|46/100|[silent]
|-damage|p1a: Arceus|45/100 tox|[from] psn
|upkeep
|turn|25
|
|t:|1657990701
|switch|p1a: Ho-Oh|Ho-Oh|100/100
|move|p2a: Blissey|Confide|p1a: Ho-Oh
|-unboost|p1a: Ho-Oh|spa|1
|
|upkeep
|turn|26
|
|t:|1657990717
|switch|p2a: Sableye|Sableye-Mega, M|88/100
|-damage|p2a: Sableye|75/100|[from] Stealth Rock
|move|p1a: Ho-Oh|Sacred Fire|p2a: Sableye
|-damage|p2a: Sableye|48/100
|-status|p2a: Sableye|brn
|
|-damage|p2a: Sableye|42/100 brn|[from] brn
|upkeep
|turn|27
|
|t:|1657990734
|switch|p1a: Zygarde|Zygarde|94/100 tox
|-damage|p1a: Zygarde|82/100 tox|[from] Spikes
|move|p2a: Sableye|Recover|p2a: Sableye
|-heal|p2a: Sableye|92/100 brn
|
|-heal|p1a: Zygarde|88/100 tox|[from] item: Leftovers
|-damage|p1a: Zygarde|82/100 tox|[from] psn
|-damage|p2a: Sableye|85/100 brn|[from] brn
|upkeep
|turn|28
|
|t:|1657990741
|switch|p2a: Ferrothorn|Ferrothorn, M|94/100 brn
|-damage|p2a: Ferrothorn|88/100 brn|[from] Stealth Rock
|move|p1a: Zygarde|Thousand Arrows|p2a: Ferrothorn
|-damage|p2a: Ferrothorn|65/100 brn
|
|-heal|p1a: Zygarde|88/100 tox|[from] item: Leftovers
|-heal|p2a: Ferrothorn|71/100 brn|[from] item: Leftovers
|-damage|p1a: Zygarde|76/100 tox|[from] psn
|-damage|p2a: Ferrothorn|65/100 brn|[from] brn
|upkeep
|turn|29
|
|t:|1657990745
|switch|p1a: Ho-Oh|Ho-Oh|100/100
|move|p2a: Ferrothorn|Leech Seed|p1a: Ho-Oh
|-start|p1a: Ho-Oh|move: Leech Seed
|
|-heal|p2a: Ferrothorn|71/100 brn|[from] item: Leftovers
|-damage|p1a: Ho-Oh|88/100|[from] Leech Seed|[of] p2a: Ferrothorn
|-heal|p2a: Ferrothorn|86/100 brn|[silent]
|-damage|p2a: Ferrothorn|79/100 brn|[from] brn
|upkeep
|turn|30
|
|t:|1657990754
|switch|p1a: Arceus|Arceus-Dark|45/100 tox
|-damage|p1a: Arceus|33/100 tox|[from] Spikes
|move|p2a: Ferrothorn|Protect||[still]
|-fail|p2a: Ferrothorn
|
|-heal|p2a: Ferrothorn|86/100 brn|[from] item: Leftovers
|-damage|p1a: Arceus|27/100 tox|[from] psn
|-damage|p2a: Ferrothorn|79/100 brn|[from] brn
|upkeep
|turn|31
|
|t:|1657990761
|move|p1a: Arceus|Calm Mind|p1a: Arceus
|-boost|p1a: Arceus|spa|1
|-boost|p1a: Arceus|spd|1
|move|p2a: Ferrothorn|Leech Seed|p1a: Arceus
|-start|p1a: Arceus|move: Leech Seed
|
|-heal|p2a: Ferrothorn|86/100 brn|[from] item: Leftovers
|-damage|p1a: Arceus|14/100 tox|[from] Leech Seed|[of] p2a: Ferrothorn
|-heal|p2a: Ferrothorn|100/100 brn|[silent]
|-damage|p1a: Arceus|2/100 tox|[from] psn
|-damage|p2a: Ferrothorn|94/100 brn|[from] brn
|upkeep
|turn|32
|
|t:|1657990766
|move|p1a: Arceus|Recover|p1a: Arceus
|-heal|p1a: Arceus|52/100 tox
|move|p2a: Ferrothorn|Knock Off|p1a: Arceus
|-resisted|p1a: Arceus
|-damage|p1a: Arceus|50/100 tox
|
|-heal|p2a: Ferrothorn|100/100 brn|[from] item: Leftovers
|-damage|p1a: Arceus|38/100 tox|[from] Leech Seed|[of] p2a: Ferrothorn
|-damage|p1a: Arceus|20/100 tox|[from] psn
|-damage|p2a: Ferrothorn|94/100 brn|[from] brn
|upkeep
|turn|33
|
|t:|1657990774
|switch|p1a: Ho-Oh|Ho-Oh|100/100
|move|p2a: Ferrothorn|Knock Off|p1a: Ho-Oh
|-damage|p1a: Ho-Oh|94/100
|-enditem|p1a: Ho-Oh|Heavy-Duty Boots|[from] move: Knock Off|[of] p2a: Ferrothorn
|
|-heal|p2a: Ferrothorn|100/100 brn|[from] item: Leftovers
|-damage|p2a: Ferrothorn|94/100 brn|[from] brn
|upkeep
|turn|34
|
|t:|1657990788
|switch|p2a: Sableye|Sableye-Mega, M|85/100 brn
|-damage|p2a: Sableye|73/100 brn|[from] Stealth Rock
|move|p1a: Ho-Oh|Sacred Fire|p2a: Sableye
|-damage|p2a: Sableye|45/100 brn
|
|-damage|p2a: Sableye|39/100 brn|[from] brn
|upkeep
|turn|35
|
|t:|1657990799
|move|p1a: Ho-Oh|Sacred Fire|p2a: Sableye
|-damage|p2a: Sableye|8/100 brn
|move|p2a: Sableye|Recover|p2a: Sableye
|-heal|p2a: Sableye|58/100 brn
|
|-damage|p2a: Sableye|51/100 brn|[from] brn
|upkeep
|turn|36
|
|t:|1657990815
|switch|p1a: Zygarde|Zygarde|76/100 tox
|-damage|p1a: Zygarde|63/100 tox|[from] Spikes
|move|p2a: Sableye|Recover|p2a: Sableye
|-heal|p2a: Sableye|100/100 brn
|
|-heal|p1a: Zygarde|70/100 tox|[from] item: Leftovers
|-damage|p1a: Zygarde|63/100 tox|[from] psn
|-damage|p2a: Sableye|94/100 brn|[from] brn
|upkeep
|turn|37
|
|t:|1657990821
|switch|p2a: Ferrothorn|Ferrothorn, M|94/100 brn
|-damage|p2a: Ferrothorn|88/100 brn|[from] Stealth Rock
|move|p1a: Zygarde|Thousand Arrows|p2a: Ferrothorn
|-damage|p2a: Ferrothorn|66/100 brn
|
|-heal|p1a: Zygarde|70/100 tox|[from] item: Leftovers
|-heal|p2a: Ferrothorn|73/100 brn|[from] item: Leftovers
|-damage|p1a: Zygarde|57/100 tox|[from] psn
|-damage|p2a: Ferrothorn|66/100 brn|[from] brn
|upkeep
|turn|38
|
|t:|1657990826
|move|p1a: Zygarde|Thousand Arrows|p2a: Ferrothorn
|-damage|p2a: Ferrothorn|43/100 brn
|move|p2a: Ferrothorn|Leech Seed|p1a: Zygarde
|-start|p1a: Zygarde|move: Leech Seed
|
|-heal|p1a: Zygarde|63/100 tox|[from] item: Leftovers
|-heal|p2a: Ferrothorn|49/100 brn|[from] item: Leftovers
|-damage|p1a: Zygarde|51/100 tox|[from] Leech Seed|[of] p2a: Ferrothorn
|-heal|p2a: Ferrothorn|64/100 brn|[silent]
|-damage|p1a: Zygarde|32/100 tox|[from] psn
|-damage|p2a: Ferrothorn|58/100 brn|[from] brn
|-activate|p1a: Zygarde|ability: Power Construct
|detailschange|p1a: Zygarde|Zygarde-Complete
|-heal|p1a: Zygarde|56/100 tox|[silent]
|upkeep
|turn|39
|
|t:|1657990835
|move|p2a: Ferrothorn|Protect|p2a: Ferrothorn
|-singleturn|p2a: Ferrothorn|Protect
|move|p1a: Zygarde|Thousand Arrows|p2a: Ferrothorn
|-activate|p2a: Ferrothorn|move: Protect
|
|-heal|p1a: Zygarde|62/100 tox|[from] item: Leftovers
|-heal|p2a: Ferrothorn|64/100 brn|[from] item: Leftovers
|-damage|p1a: Zygarde|49/100 tox|[from] Leech Seed|[of] p2a: Ferrothorn
|-heal|p2a: Ferrothorn|87/100 brn|[silent]
|-damage|p1a: Zygarde|25/100 tox|[from] psn
|-damage|p2a: Ferrothorn|80/100 brn|[from] brn
|upkeep
|turn|40
|
|t:|1657990838
|move|p1a: Zygarde|Rest|p1a: Zygarde
|-status|p1a: Zygarde|slp|[from] move: Rest
|-heal|p1a: Zygarde|100/100 slp|[silent]
|move|p2a: Ferrothorn|Knock Off|p1a: Zygarde
|-damage|p1a: Zygarde|97/100 slp
|-enditem|p1a: Zygarde|Leftovers|[from] move: Knock Off|[of] p2a: Ferrothorn
|
|-heal|p2a: Ferrothorn|87/100 brn|[from] item: Leftovers
|-damage|p1a: Zygarde|84/100 slp|[from] Leech Seed|[of] p2a: Ferrothorn
|-heal|p2a: Ferrothorn|100/100 brn|[silent]
|-damage|p2a: Ferrothorn|94/100 brn|[from] brn
|upkeep
|turn|41
|
|t:|1657990845
|cant|p1a: Zygarde|slp
|move|p2a: Ferrothorn|Spikes|p1a: Zygarde
|-sidestart|p1: dtc07|Spikes
|
|-heal|p2a: Ferrothorn|100/100 brn|[from] item: Leftovers
|-damage|p1a: Zygarde|72/100 slp|[from] Leech Seed|[of] p2a: Ferrothorn
|-damage|p2a: Ferrothorn|94/100 brn|[from] brn
|upkeep
|turn|42
|
|t:|1657990848
|switch|p1a: Ho-Oh|Ho-Oh|100/100
|move|p2a: Ferrothorn|Spikes|p1a: Ho-Oh
|-sidestart|p1: dtc07|Spikes
|
|-heal|p2a: Ferrothorn|100/100 brn|[from] item: Leftovers
|-damage|p2a: Ferrothorn|94/100 brn|[from] brn
|upkeep
|turn|43
|
|t:|1657990851
|switch|p2a: Sableye|Sableye-Mega, M|94/100 brn
|-damage|p2a: Sableye|82/100 brn|[from] Stealth Rock
|move|p1a: Ho-Oh|Defog|p2a: Sableye
|move|p2a: Sableye|Defog|p1a: Ho-Oh|[from]ability: Magic Bounce
|-unboost|p1a: Ho-Oh|evasion|1
|-sideend|p1: dtc07|Spikes|[from] move: Defog|[of] p2a: Sableye
|-sideend|p2: lemoncell0|Stealth Rock|[from] move: Defog|[of] p2a: Sableye
|
|-damage|p2a: Sableye|75/100 brn|[from] brn
|upkeep
|turn|44
|
|t:|1657990866
|switch|p1a: Zygarde|Zygarde-Complete|72/100 slp
|move|p2a: Sableye|Toxic||[still]
|-fail|p2a: Sableye
|
|-damage|p2a: Sableye|69/100 brn|[from] brn
|upkeep
|turn|45
|
|t:|1657990872
|switch|p2a: Ferrothorn|Ferrothorn, M|94/100 brn
|cant|p1a: Zygarde|slp
|
|-heal|p2a: Ferrothorn|100/100 brn|[from] item: Leftovers
|-damage|p2a: Ferrothorn|94/100 brn|[from] brn
|upkeep
|turn|46
|
|t:|1657990886
|-curestatus|p1a: Zygarde|slp|[msg]
|move|p1a: Zygarde|Thousand Arrows|p2a: Ferrothorn
|-damage|p2a: Ferrothorn|70/100 brn
|move|p2a: Ferrothorn|Leech Seed|p1a: Zygarde|[miss]
|-miss|p2a: Ferrothorn|p1a: Zygarde
|
|-heal|p2a: Ferrothorn|76/100 brn|[from] item: Leftovers
|-damage|p2a: Ferrothorn|70/100 brn|[from] brn
|upkeep
|turn|47
|
|t:|1657990895
|move|p1a: Zygarde|Thousand Arrows|p2a: Ferrothorn
|-damage|p2a: Ferrothorn|46/100 brn
|move|p2a: Ferrothorn|Leech Seed|p1a: Zygarde
|-start|p1a: Zygarde|move: Leech Seed
|
|-heal|p2a: Ferrothorn|52/100 brn|[from] item: Leftovers
|-damage|p1a: Zygarde|60/100|[from] Leech Seed|[of] p2a: Ferrothorn
|-heal|p2a: Ferrothorn|75/100 brn|[silent]
|-damage|p2a: Ferrothorn|68/100 brn|[from] brn
|upkeep
|turn|48
|
|t:|1657990900
|switch|p1a: Ho-Oh|Ho-Oh|100/100
|move|p2a: Ferrothorn|Knock Off|p1a: Ho-Oh
|-damage|p1a: Ho-Oh|96/100
|
|-heal|p2a: Ferrothorn|75/100 brn|[from] item: Leftovers
|-damage|p2a: Ferrothorn|68/100 brn|[from] brn
|upkeep
|turn|49
|
|t:|1657990910
|switch|p1a: Necrozma|Necrozma-Dusk-Mane|100/100
|switch|p2a: Sableye|Sableye-Mega, M|69/100 brn
|
|-damage|p2a: Sableye|63/100 brn|[from] brn
|upkeep
|turn|50
|
|t:|1657990915
|switch|p2a: Ferrothorn|Ferrothorn, M|68/100 brn
|move|p1a: Necrozma|Sunsteel Strike|p2a: Ferrothorn
|-resisted|p2a: Ferrothorn
|-damage|p2a: Ferrothorn|48/100 brn
|-damage|p1a: Necrozma|88/100|[from] ability: Iron Barbs|[of] p2a: Ferrothorn
|
|-heal|p2a: Ferrothorn|54/100 brn|[from] item: Leftovers
|-damage|p2a: Ferrothorn|48/100 brn|[from] brn
|upkeep
|turn|51
|
|t:|1657990925
|move|p1a: Necrozma|Stealth Rock|p2a: Ferrothorn
|-sidestart|p2: lemoncell0|move: Stealth Rock
|move|p2a: Ferrothorn|Leech Seed|p1a: Necrozma
|-start|p1a: Necrozma|move: Leech Seed
|
|-heal|p2a: Ferrothorn|54/100 brn|[from] item: Leftovers
|-damage|p1a: Necrozma|76/100|[from] Leech Seed|[of] p2a: Ferrothorn
|-heal|p2a: Ferrothorn|68/100 brn|[silent]
|-damage|p2a: Ferrothorn|62/100 brn|[from] brn
|upkeep
|turn|52
|
|t:|1657990947
|move|p1a: Necrozma|Knock Off|p2a: Ferrothorn
|-damage|p2a: Ferrothorn|35/100 brn
|-damage|p1a: Necrozma|64/100|[from] ability: Iron Barbs|[of] p2a: Ferrothorn
|-enditem|p2a: Ferrothorn|Leftovers|[from] move: Knock Off|[of] p1a: Necrozma
|move|p2a: Ferrothorn|Leech Seed||[still]
|-fail|p2a: Ferrothorn
|
|-damage|p1a: Necrozma|51/100|[from] Leech Seed|[of] p2a: Ferrothorn
|-heal|p2a: Ferrothorn|49/100 brn|[silent]
|-damage|p2a: Ferrothorn|43/100 brn|[from] brn
|upkeep
|turn|53
|
|t:|1657990953
|switch|p1a: Ho-Oh|Ho-Oh|100/100
|move|p2a: Ferrothorn|Protect||[still]
|-fail|p2a: Ferrothorn
|
|-damage|p2a: Ferrothorn|36/100 brn|[from] brn
|upkeep
|turn|54
|inactive|lemoncell0 has 120 seconds left.
|
|t:|1657990985
|switch|p2a: Sableye|Sableye-Mega, M|63/100 brn
|-damage|p2a: Sableye|50/100 brn|[from] Stealth Rock
|move|p1a: Ho-Oh|Sacred Fire|p2a: Sableye
|-damage|p2a: Sableye|22/100 brn
|
|-damage|p2a: Sableye|15/100 brn|[from] brn
|upkeep
|turn|55
|
|t:|1657990991
|move|p1a: Ho-Oh|Sacred Fire|p2a: Sableye
|-damage|p2a: Sableye|0 fnt
|faint|p2a: Sableye
|
|upkeep
|c|☆dtc07|get outta here you gremlin
|
|t:|1657991006
|switch|p2a: Latias|Latias, F|88/100
|-damage|p2a: Latias|76/100|[from] Stealth Rock
|turn|56
|
|t:|1657991012
|move|p2a: Latias|Draco Meteor|p1a: Ho-Oh
|-damage|p1a: Ho-Oh|73/100
|-unboost|p2a: Latias|spa|2
|move|p1a: Ho-Oh|Toxic|p2a: Latias
|-status|p2a: Latias|tox
|
|-heal|p2a: Latias|82/100 tox|[from] item: Leftovers
|-damage|p2a: Latias|76/100 tox|[from] psn
|upkeep
|turn|57
|
|t:|1657991016
|switch|p1a: Necrozma|Necrozma-Dusk-Mane|51/100
|move|p2a: Latias|Draco Meteor|p1a: Necrozma|[miss]
|-miss|p2a: Latias|p1a: Necrozma
|
|-heal|p2a: Latias|82/100 tox|[from] item: Leftovers
|-damage|p2a: Latias|70/100 tox|[from] psn
|upkeep
|turn|58
|
|t:|1657991036
|switch|p2a: Ferrothorn|Ferrothorn, M|36/100 brn
|-damage|p2a: Ferrothorn|30/100 brn|[from] Stealth Rock
|move|p1a: Necrozma|Morning Sun|p1a: Necrozma
|-heal|p1a: Necrozma|100/100
|
|-damage|p2a: Ferrothorn|24/100 brn|[from] brn
|upkeep
|turn|59
|
|t:|1657991048
|move|p1a: Necrozma|Knock Off|p2a: Ferrothorn
|-crit|p2a: Ferrothorn
|-damage|p2a: Ferrothorn|0 fnt
|-damage|p1a: Necrozma|88/100|[from] ability: Iron Barbs|[of] p2a: Ferrothorn
|faint|p2a: Ferrothorn
|
|upkeep
|c|☆dtc07|gg
|
|t:|1657991076
|switch|p2a: Latias|Latias, F|70/100 tox
|-damage|p2a: Latias|57/100 tox|[from] Stealth Rock
|turn|60
|c|☆lemoncell0|gg
|
|t:|1657991080
|move|p2a: Latias|Draco Meteor|p1a: Necrozma
|-resisted|p1a: Necrozma
|-damage|p1a: Necrozma|68/100
|-unboost|p2a: Latias|spa|2
|move|p1a: Necrozma|Sunsteel Strike|p2a: Latias
|-damage|p2a: Latias|18/100 tox
|
|-heal|p2a: Latias|24/100 tox|[from] item: Leftovers
|-damage|p2a: Latias|18/100 tox|[from] psn
|upkeep
|turn|61
|
|t:|1657991086
|move|p2a: Latias|Draco Meteor|p1a: Necrozma
|-resisted|p1a: Necrozma
|-damage|p1a: Necrozma|58/100
|-unboost|p2a: Latias|spa|2
|move|p1a: Necrozma|Morning Sun|p1a: Necrozma
|-heal|p1a: Necrozma|100/100
|
|-heal|p2a: Latias|24/100 tox|[from] item: Leftovers
|-damage|p2a: Latias|12/100 tox|[from] psn
|upkeep
|turn|62
|
|t:|1657991096
|move|p2a: Latias|Draco Meteor|p1a: Necrozma
|-resisted|p1a: Necrozma
|-damage|p1a: Necrozma|94/100
|-unboost|p2a: Latias|spa|2
|move|p1a: Necrozma|Knock Off|p2a: Latias
|-supereffective|p2a: Latias
|-damage|p2a: Latias|0 fnt
|-enditem|p2a: Latias|Leftovers|[from] move: Knock Off|[of] p1a: Necrozma
|faint|p2a: Latias
|
|upkeep
|
|t:|1657991097
|switch|p2a: Blissey|Blissey, F|46/100
|-damage|p2a: Blissey|33/100|[from] Stealth Rock
|turn|63
|
|t:|1657991100
|move|p1a: Necrozma|Sunsteel Strike|p2a: Blissey
|-damage|p2a: Blissey|0 fnt
|faint|p2a: Blissey
|
|win|dtc07
|raw|dtc07's rating: 1767 &rarr; <strong>1792</strong><br />(+25 for winning)
|raw|lemoncell0's rating: 1850 &rarr; <strong>1825</strong><br />(-25 for losing)
|l|☆lemoncell0
