|j|☆Omnial2
|j|☆chopforce8
|t:|1663936437
|gametype|singles
|player|p1|Omnial2|brendan-masters|1653
|player|p2|chopforce8|red|1918
|teamsize|p1|6
|teamsize|p2|6
|gen|8
|tier|[Gen 8] National Dex AG
|rated|
|rule|HP Percentage Mod: HP is shown in percentages
|rule|Endless Battle Clause: Forcing endless battles is banned
|clearpoke
|poke|p1|Zacian-*|
|poke|p1|Groudon|
|poke|p1|Calyrex-Shadow|
|poke|p1|Rayquaza|
|poke|p1|Pheromosa|
|poke|p1|Xerneas-*|
|poke|p2|Yveltal|
|poke|p2|Diancie|
|poke|p2|Calyrex-Shadow|
|poke|p2|Zacian-*|
|poke|p2|Ditto|
|poke|p2|Arceus-*|
|teampreview
|inactive|Battle timer is ON: inactive players will automatically lose when time's up. (requested by Omnial2)
|c|☆Omnial2|glhf
|
|t:|1663936460
|start
|switch|p1a: Pheromosa|Pheromosa, shiny|100/100
|switch|p2a: ProfessorQuirrell|Calyrex-Shadow|100/100
|-ability|p2a: ProfessorQuirrell|As One
|-ability|p2a: ProfessorQuirrell|Unnerve
|turn|1
|c|☆chopforce8|gl hf
|
|t:|1663936472
|move|p1a: Pheromosa|Drill Run|p2a: ProfessorQuirrell
|-damage|p2a: ProfessorQuirrell|69/100
|move|p2a: ProfessorQuirrell|Astral Barrage|p1a: Pheromosa
|-damage|p1a: Pheromosa|0 fnt
|faint|p1a: Pheromosa
|-ability|p2a: ProfessorQuirrell|Grim Neigh|boost
|-boost|p2a: ProfessorQuirrell|spa|1
|
|upkeep
|
|t:|1663936479
|switch|p1a: Calyrex|Calyrex-Shadow|100/100
|-ability|p1a: Calyrex|As One
|-ability|p1a: Calyrex|Unnerve
|turn|2
|
|t:|1663936485
|switch|p2a: Voldemort|Yveltal|100/100
|-ability|p2a: Voldemort|Dark Aura
|move|p1a: Calyrex|Astral Barrage|p2a: Voldemort
|-resisted|p2a: Voldemort
|-damage|p2a: Voldemort|68/100
|
|upkeep
|turn|3
|
|t:|1663936494
|switch|p1a: Rayquaza|Rayquaza|100/100
|-ability|p1a: Rayquaza|Air Lock
|move|p2a: Voldemort|Heat Wave|p1a: Rayquaza
|-resisted|p1a: Rayquaza
|-damage|p1a: Rayquaza|78/100
|-damage|p2a: Voldemort|58/100|[from] item: Life Orb
|
|upkeep
|turn|4
|
|t:|1663936502
|detailschange|p1a: Rayquaza|Rayquaza-Mega
|-mega|p1a: Rayquaza|Rayquaza|
|-weather|DeltaStream|[from] ability: Delta Stream|[of] p1a: Rayquaza
|move|p1a: Rayquaza|Extreme Speed|p2a: Voldemort
|-damage|p2a: Voldemort|9/100
|-damage|p1a: Rayquaza|68/100|[from] item: Life Orb
|move|p2a: Voldemort|Sucker Punch||[still]
|-fail|p2a: Voldemort
|
|-weather|DeltaStream|[upkeep]
|upkeep
|turn|5
|
|t:|1663936512
|switch|p2a: ProfessorQuirrell|Calyrex-Shadow|69/100
|-ability|p2a: ProfessorQuirrell|As One
|-ability|p2a: ProfessorQuirrell|Unnerve
|move|p1a: Rayquaza|Extreme Speed|p2a: ProfessorQuirrell
|-immune|p2a: ProfessorQuirrell
|
|-weather|DeltaStream|[upkeep]
|upkeep
|turn|6
|
|t:|1663936520
|move|p2a: ProfessorQuirrell|Substitute|p2a: ProfessorQuirrell
|-start|p2a: ProfessorQuirrell|Substitute
|-damage|p2a: ProfessorQuirrell|44/100
|move|p1a: Rayquaza|Dragon Ascent|p2a: ProfessorQuirrell
|-end|p2a: ProfessorQuirrell|Substitute
|-unboost|p1a: Rayquaza|def|1
|-unboost|p1a: Rayquaza|spd|1
|-damage|p1a: Rayquaza|58/100|[from] item: Life Orb
|
|-weather|DeltaStream|[upkeep]
|upkeep
|turn|7
|
|t:|1663936528
|move|p2a: ProfessorQuirrell|Astral Barrage|p1a: Rayquaza
|-damage|p1a: Rayquaza|0 fnt
|faint|p1a: Rayquaza
|-weather|none
|-ability|p2a: ProfessorQuirrell|Grim Neigh|boost
|-boost|p2a: ProfessorQuirrell|spa|1
|
|upkeep
|
|t:|1663936533
|switch|p1a: Calyrex|Calyrex-Shadow|100/100
|-ability|p1a: Calyrex|As One
|-ability|p1a: Calyrex|Unnerve
|turn|8
|
|t:|1663936547
|move|p1a: Calyrex|Astral Barrage|p2a: ProfessorQuirrell
|-supereffective|p2a: ProfessorQuirrell
|-damage|p2a: ProfessorQuirrell|0 fnt
|faint|p2a: ProfessorQuirrell
|-ability|p1a: Calyrex|Grim Neigh|boost
|-boost|p1a: Calyrex|spa|1
|
|upkeep
|
|t:|1663936553
|switch|p2a: Voldemort|Yveltal|9/100
|-ability|p2a: Voldemort|Dark Aura
|turn|9
|
|t:|1663936564
|switch|p1a: Groudon|Groudon, shiny|100/100
|detailschange|p1a: Groudon|Groudon-Primal, shiny
|-primal|p1a: Groudon
|-weather|DesolateLand|[from] ability: Desolate Land|[of] p1a: Groudon
|move|p2a: Voldemort|Sucker Punch||[still]
|-fail|p2a: Voldemort
|
|-weather|DesolateLand|[upkeep]
|upkeep
|turn|10
|
|t:|1663936571
|move|p2a: Voldemort|Dark Pulse|p1a: Groudon
|-damage|p1a: Groudon|35/100
|-damage|p2a: Voldemort|0 fnt|[from] item: Life Orb
|faint|p2a: Voldemort
|move|p1a: Groudon|Stealth Rock|p2: Voldemort
|-sidestart|p2: chopforce8|move: Stealth Rock
|
|-weather|DesolateLand|[upkeep]
|upkeep
|
|t:|1663936585
|switch|p2a: Harry Potter|Diancie|100/100
|-damage|p2a: Harry Potter|88/100|[from] Stealth Rock
|turn|11
|
|t:|1663936590
|detailschange|p2a: Harry Potter|Diancie-Mega
|-mega|p2a: Harry Potter|Diancie|Diancite
|move|p2a: Harry Potter|Stealth Rock|p1a: Groudon
|-sidestart|p1: Omnial2|move: Stealth Rock
|move|p1a: Groudon|Solar Beam||[still]
|-prepare|p1a: Groudon|Solar Beam
|-anim|p1a: Groudon|Solar Beam|p2a: Harry Potter
|-supereffective|p2a: Harry Potter
|-damage|p2a: Harry Potter|0 fnt
|faint|p2a: Harry Potter
|
|-weather|DesolateLand|[upkeep]
|upkeep
|
|t:|1663936599
|switch|p2a: Chess Wizard|Arceus-Flying|100/100
|-damage|p2a: Chess Wizard|76/100|[from] Stealth Rock
|turn|12
|
|t:|1663936604
|move|p2a: Chess Wizard|Judgment|p1a: Groudon
|-damage|p1a: Groudon|0 fnt
|faint|p1a: Groudon
|-weather|none
|
|upkeep
|
|t:|1663936614
|switch|p1a: Zacian|Zacian-Crowned|100/100
|-damage|p1a: Zacian|94/100|[from] Stealth Rock
|-ability|p1a: Zacian|Intrepid Sword|boost
|-boost|p1a: Zacian|atk|1
|turn|13
|inactive|chopforce8 has 120 seconds left.
|
|t:|1663936648
|switch|p2a: Fluffy|Zacian-Crowned|100/100
|-damage|p2a: Fluffy|94/100|[from] Stealth Rock
|-ability|p2a: Fluffy|Intrepid Sword|boost
|-boost|p2a: Fluffy|atk|1
|move|p1a: Zacian|Behemoth Blade|p2a: Fluffy
|-damage|p2a: Fluffy|0 fnt
|faint|p2a: Fluffy
|
|upkeep
|inactive|chopforce8 has 120 seconds left.
|
|t:|1663936656
|switch|p2a: MirrorofErised|Ditto|100/100
|-damage|p2a: MirrorofErised|88/100|[from] Stealth Rock
|-transform|p2a: MirrorofErised|p1a: Zacian|[from] ability: Imposter
|-ability|p2a: MirrorofErised|Intrepid Sword|boost
|-boost|p2a: MirrorofErised|atk|1
|turn|14
|inactive|chopforce8 has 120 seconds left.
|
|t:|1663936670
|move|p2a: MirrorofErised|Behemoth Blade|p1a: Zacian
|-damage|p1a: Zacian|0 fnt
|faint|p1a: Zacian
|
|upkeep
|
|t:|1663936674
|switch|p1a: Calyrex|Calyrex-Shadow|100/100
|-ability|p1a: Calyrex|As One
|-ability|p1a: Calyrex|Unnerve
|-damage|p1a: Calyrex|88/100|[from] Stealth Rock
|turn|15
|
|t:|1663936681
|move|p1a: Calyrex|Astral Barrage|p2a: MirrorofErised
|-damage|p2a: MirrorofErised|19/100
|move|p2a: MirrorofErised|Behemoth Blade|p1a: Calyrex
|-damage|p1a: Calyrex|0 fnt
|faint|p1a: Calyrex
|
|upkeep
|
|t:|1663936688
|switch|p1a: Xerneas|Xerneas|100/100
|-damage|p1a: Xerneas|88/100|[from] Stealth Rock
|-ability|p1a: Xerneas|Fairy Aura
|turn|16
|
|t:|1663936693
|-start|p1a: Xerneas|Dynamax|
|-heal|p1a: Xerneas|88/100|[silent]
|move|p2a: MirrorofErised|Behemoth Blade|p1a: Xerneas
|-supereffective|p1a: Xerneas
|-damage|p1a: Xerneas|0 fnt
|faint|p1a: Xerneas
|
|win|chopforce8
|raw|Omnial2's rating: 1653 &rarr; <strong>1646</strong><br />(-7 for losing)
|raw|chopforce8's rating: 1918 &rarr; <strong>1925</strong><br />(+7 for winning)
|c|☆chopforce8|gg
|c|☆Omnial2|gg
|l|☆chopforce8
|l|☆Omnial2
|j|☆Omnial2
|player|p1|Omnial2|brendan-masters
