|j|☆wafflecone67
|j|☆700club
|t:|1666461404
|gametype|singles
|player|p1|wafflecone67|1|1656
|player|p2|700club|shadowtriad|1531
|teamsize|p1|6
|teamsize|p2|6
|gen|8
|tier|[Gen 8] National Dex AG
|rated|
|rule|HP Percentage Mod: HP is shown in percentages
|rule|Endless Battle Clause: Forcing endless battles is banned
|clearpoke
|poke|p1|Scolipede, M|
|poke|p1|Smeargle, F|
|poke|p1|Magearna|
|poke|p1|Smeargle, M|
|poke|p1|Espeon, F|
|poke|p1|Mr. Mime, M|
|poke|p2|Greninja, M|
|poke|p2|Rayquaza|
|poke|p2|Necrozma-Dusk-Mane|
|poke|p2|Deoxys-Speed|
|poke|p2|Zacian-*|
|poke|p2|Yveltal|
|teampreview
|c|☆700club|hi
|
|t:|1666461419
|start
|switch|p1a: Scolipede|Scolipede, M|100/100
|switch|p2a: Zacian|Zacian-Crowned|100/100
|-ability|p2a: Zacian|Intrepid Sword|boost
|-boost|p2a: Zacian|atk|1
|turn|1
|
|t:|1666461436
|move|p1a: Scolipede|Protect|p1a: Scolipede
|-singleturn|p1a: Scolipede|Protect
|move|p2a: Zacian|Substitute|p2a: Zacian
|-start|p2a: Zacian|Substitute
|-damage|p2a: Zacian|76/100
|
|-ability|p1a: Scolipede|Speed Boost|boost
|-boost|p1a: Scolipede|spe|1
|upkeep
|turn|2
|
|t:|1666461463
|move|p1a: Scolipede|Iron Defense|p1a: Scolipede
|-boost|p1a: Scolipede|def|2
|move|p2a: Zacian|Behemoth Blade|p1a: Scolipede
|-damage|p1a: Scolipede|49/100
|
|-ability|p1a: Scolipede|Speed Boost|boost
|-boost|p1a: Scolipede|spe|1
|upkeep
|turn|3
|
|t:|1666461485
|move|p1a: Scolipede|Iron Defense|p1a: Scolipede
|-boost|p1a: Scolipede|def|2
|move|p2a: Zacian|Behemoth Blade|p1a: Scolipede
|-damage|p1a: Scolipede|17/100
|
|-ability|p1a: Scolipede|Speed Boost|boost
|-boost|p1a: Scolipede|spe|1
|upkeep
|turn|4
|
|t:|1666461525
|move|p1a: Scolipede|Baton Pass|p1a: Scolipede
|
|t:|1666461532
|switch|p1a: Espeon|Espeon, F|100/100|[from]move: Baton Pass
|move|p2a: Zacian|Behemoth Blade|p1a: Espeon
|-crit|p1a: Espeon
|-damage|p1a: Espeon|0 fnt
|faint|p1a: Espeon
|
|upkeep
|
|t:|1666461541
|switch|p1a: Smeargle|Smeargle, M|100/100
|turn|5
|
|t:|1666461545
|move|p1a: Smeargle|Spiky Shield|p1a: Smeargle
|-singleturn|p1a: Smeargle|move: Protect
|move|p2a: Zacian|Behemoth Blade|p1a: Smeargle
|-activate|p1a: Smeargle|move: Protect
|-damage|p2a: Zacian|63/100|[from] Spiky Shield|[of] p1a: Smeargle
|
|-ability|p1a: Smeargle|Moody|boost
|-boost|p1a: Smeargle|spe|2
|-unboost|p1a: Smeargle|spd|1
|upkeep
|turn|6
|inactive|Battle timer is ON: inactive players will automatically lose when time's up. (requested by wafflecone67)
|
|t:|1666461555
|move|p1a: Smeargle|Substitute|p1a: Smeargle
|-start|p1a: Smeargle|Substitute
|-damage|p1a: Smeargle|76/100
|move|p2a: Zacian|Behemoth Blade|p1a: Smeargle
|-end|p1a: Smeargle|Substitute
|
|-ability|p1a: Smeargle|Moody|boost
|-boost|p1a: Smeargle|spa|2
|-unboost|p1a: Smeargle|atk|1
|upkeep
|turn|7
|
|t:|1666461564
|move|p1a: Smeargle|Spiky Shield|p1a: Smeargle
|-singleturn|p1a: Smeargle|move: Protect
|move|p2a: Zacian|Behemoth Blade|p1a: Smeargle
|-activate|p1a: Smeargle|move: Protect
|-damage|p2a: Zacian|51/100|[from] Spiky Shield|[of] p1a: Smeargle
|
|-ability|p1a: Smeargle|Moody|boost
|-boost|p1a: Smeargle|spa|2
|-unboost|p1a: Smeargle|spe|1
|upkeep
|turn|8
|
|t:|1666461575
|move|p1a: Smeargle|Spiky Shield||[still]
|-fail|p1a: Smeargle
|move|p2a: Zacian|Behemoth Blade|p1a: Smeargle
|-damage|p1a: Smeargle|0 fnt
|faint|p1a: Smeargle
|
|upkeep
|
|t:|1666461577
|switch|p1a: Smeargle|Smeargle, F|100/100
|turn|9
|
|t:|1666461585
|move|p2a: Zacian|Behemoth Blade|p1a: Smeargle
|-enditem|p1a: Smeargle|Focus Sash
|-damage|p1a: Smeargle|1/100
|move|p1a: Smeargle|Spectral Thief||[still]
|-clearpositiveboost|p2a: Zacian|p1a: Smeargle|move: Spectral Thief
|-boost|p1a: Smeargle|atk|1
|-anim|p1a: Smeargle|Spectral Thief|p2a: Zacian
|-damage|p2a: Zacian|41/100
|
|-ability|p1a: Smeargle|Moody|boost
|-boost|p1a: Smeargle|spe|2
|-unboost|p1a: Smeargle|spd|1
|upkeep
|turn|10
|
|t:|1666461603
|move|p1a: Smeargle|Baton Pass|p1a: Smeargle
|
|t:|1666461616
|switch|p1a: labrys|Magearna|100/100|[from]move: Baton Pass
|move|p2a: Zacian|Wild Charge|p1a: labrys
|-damage|p1a: labrys|65/100
|-damage|p2a: Zacian|32/100|[from] Recoil
|
|upkeep
|turn|11
|
|t:|1666461627
|move|p2a: Zacian|Wild Charge|p1a: labrys
|-damage|p1a: labrys|32/100
|-damage|p2a: Zacian|23/100|[from] Recoil
|move|p1a: labrys|Baton Pass|p1a: labrys
|
|t:|1666461633
|switch|p1a: Mr. Mime|Mr. Mime, M|100/100|[from]move: Baton Pass
|
|upkeep
|turn|12
|
|t:|1666461640
|move|p1a: Mr. Mime|Reflect|p1a: Mr. Mime
|-sidestart|p1: wafflecone67|Reflect
|move|p2a: Zacian|Wild Charge|p1a: Mr. Mime
|-damage|p1a: Mr. Mime|70/100
|-damage|p2a: Zacian|16/100|[from] Recoil
|
|upkeep
|turn|13
|
|t:|1666461646
|move|p1a: Mr. Mime|Calm Mind|p1a: Mr. Mime
|-boost|p1a: Mr. Mime|spa|1
|-boost|p1a: Mr. Mime|spd|1
|move|p2a: Zacian|Wild Charge|p1a: Mr. Mime
|-damage|p1a: Mr. Mime|34/100
|-damage|p2a: Zacian|9/100|[from] Recoil
|
|upkeep
|turn|14
|
|t:|1666461660
|move|p1a: Mr. Mime|Calm Mind|p1a: Mr. Mime
|-boost|p1a: Mr. Mime|spa|1
|-boost|p1a: Mr. Mime|spd|1
|move|p2a: Zacian|Wild Charge|p1a: Mr. Mime
|-damage|p1a: Mr. Mime|0 fnt
|faint|p1a: Mr. Mime
|-damage|p2a: Zacian|1/100|[from] Recoil
|
|upkeep
|-message|wafflecone67 forfeited.
|
|win|700club
|raw|wafflecone67's rating: 1656 &rarr; <strong>1629</strong><br />(-27 for losing)
|raw|700club's rating: 1531 &rarr; <strong>1558</strong><br />(+27 for winning)
|l|☆wafflecone67
