|j|☆oooossk
|j|☆guppy09
|t:|1665551482
|gametype|singles
|player|p1|oooossk|1|1000
|player|p2|guppy09|101|1088
|teamsize|p1|6
|teamsize|p2|4
|gen|8
|tier|[Gen 8] National Dex AG
|rated|
|rule|HP Percentage Mod: HP is shown in percentages
|rule|Endless Battle Clause: Forcing endless battles is banned
|clearpoke
|poke|p1|Marshadow|
|poke|p1|Calyrex-Shadow|
|poke|p1|Yveltal|
|poke|p1|Arceus-*|
|poke|p1|Xerneas-*|
|poke|p1|Arceus-*|
|poke|p2|Clefable, F|
|poke|p2|Porygon-Z|
|poke|p2|Vivillon, M|
|poke|p2|Articuno|
|teampreview
|
|t:|1665551492
|start
|switch|p1a: Arceus|Arceus|100/100
|switch|p2a: Vivillon|Vivillon, M, shiny|100/100
|turn|1
|
|t:|1665551508
|move|p1a: Arceus|Magic Coat|p1a: Arceus
|-singleturn|p1a: Arceus|move: Magic Coat
|move|p2a: Vivillon|Hurricane|p1a: Arceus
|-damage|p1a: Arceus|78/100
|
|upkeep
|turn|2
|
|t:|1665551519
|move|p1a: Arceus|Extreme Speed|p2a: Vivillon
|-damage|p2a: Vivillon|36/100
|move|p2a: Vivillon|Hurricane|p1a: Arceus
|-damage|p1a: Arceus|53/100
|
|upkeep
|turn|3
|
|t:|1665551527
|move|p1a: Arceus|Stealth Rock|p2a: Vivillon
|-sidestart|p2: guppy09|move: Stealth Rock
|move|p2a: Vivillon|Hurricane|p1a: Arceus
|-damage|p1a: Arceus|31/100
|
|upkeep
|turn|4
|
|t:|1665551533
|move|p1a: Arceus|Extreme Speed|p2a: Vivillon
|-damage|p2a: Vivillon|0 fnt
|faint|p2a: Vivillon
|
|upkeep
|
|t:|1665551543
|switch|p2a: Porygon-Z|Porygon-Z, shiny|100/100
|-damage|p2a: Porygon-Z|88/100|[from] Stealth Rock
|turn|5
|
|t:|1665551551
|move|p1a: Arceus|Extreme Speed|p2a: Porygon-Z
|-damage|p2a: Porygon-Z|38/100
|move|p2a: Porygon-Z|Agility|p2a: Porygon-Z
|-boost|p2a: Porygon-Z|spe|2
|
|upkeep
|turn|6
|
|t:|1665551562
|-start|p2a: Porygon-Z|Dynamax|
|-heal|p2a: Porygon-Z|38/100|[silent]
|move|p1a: Arceus|Extreme Speed|p2a: Porygon-Z
|-damage|p2a: Porygon-Z|13/100
|move|p2a: Porygon-Z|Max Strike|p1a: Arceus
|-damage|p1a: Arceus|0 fnt
|faint|p1a: Arceus
|
|upkeep
|
|t:|1665551567
|switch|p1a: Arceus|Arceus|100/100
|turn|7
|
|t:|1665551576
|move|p1a: Arceus|Extreme Speed|p2a: Porygon-Z
|-damage|p2a: Porygon-Z|0 fnt
|faint|p2a: Porygon-Z
|
|upkeep
|c|☆guppy09|How is it like having no friends, living in your mother basement, getting no bitches, and being a waste of air
|inactive|Battle timer is ON: inactive players will automatically lose when time's up. (requested by oooossk)
|
|t:|1665551649
|switch|p2a: Articuno|Articuno, shiny|100/100
|-damage|p2a: Articuno|50/100|[from] Stealth Rock
|turn|8
|inactive|oooossk has 120 seconds left.
|
|t:|1665551697
|move|p1a: Arceus|Swords Dance|p1a: Arceus
|-boost|p1a: Arceus|atk|2
|move|p2a: Articuno|Sheer Cold|p1a: Arceus|[miss]
|-miss|p2a: Articuno|p1a: Arceus
|
|upkeep
|turn|9
|
|t:|1665551708
|move|p1a: Arceus|Extreme Speed|p2a: Articuno
|-damage|p2a: Articuno|0 fnt
|faint|p2a: Articuno
|
|upkeep
|-message|guppy09 forfeited.
|
|win|oooossk
|raw|oooossk's rating: 1000 &rarr; <strong>1050</strong><br />(+50 for winning)
|raw|guppy09's rating: 1088 &rarr; <strong>1059</strong><br />(-29 for losing)
|l|☆guppy09
