|j|☆seidou27
|j|☆Adil
|t:|1642213854
|gametype|singles
|player|p1|seidou27|wallace|1665
|player|p2|Adil|169|1854
|teamsize|p1|6
|teamsize|p2|6
|gen|8
|tier|[Gen 8] National Dex AG
|rated|
|rule|HP Percentage Mod: HP is shown in percentages
|rule|Endless Battle Clause: Forcing endless battles is banned
|clearpoke
|poke|p1|Clefable, M|
|poke|p1|Zapdos|
|poke|p1|Tyranitar, M|
|poke|p1|Arceus-*|
|poke|p1|Yveltal|
|poke|p1|Eternatus|
|poke|p2|Zygarde|
|poke|p2|Calyrex-Shadow|
|poke|p2|Zacian-*|
|poke|p2|Necrozma-Dusk-Mane|
|poke|p2|Tyranitar, F|
|poke|p2|Rayquaza|
|teampreview
|
|t:|1642213865
|start
|switch|p1a: Arceus|Arceus-Ground, shiny|100/100
|switch|p2a: Zacian|Zacian-Crowned|100/100
|-ability|p2a: Zacian|Intrepid Sword|boost
|-boost|p2a: Zacian|atk|1
|turn|1
|
|t:|1642213870
|move|p2a: Zacian|Behemoth Blade|p1a: Arceus
|-damage|p1a: Arceus|47/100
|move|p1a: Arceus|Will-O-Wisp|p2a: Zacian
|-status|p2a: Zacian|brn
|
|-damage|p2a: Zacian|94/100 brn|[from] brn
|upkeep
|turn|2
|
|t:|1642213885
|switch|p2a: Calyrex|Calyrex-Shadow|100/100
|-ability|p2a: Calyrex|As One
|-ability|p2a: Calyrex|Unnerve
|move|p1a: Arceus|Recover|p1a: Arceus
|-heal|p1a: Arceus|98/100
|
|upkeep
|turn|3
|inactive|Battle timer is ON: inactive players will automatically lose when time's up. (requested by Adil)
|
|t:|1642213894
|switch|p1a: Tyranitar|Tyranitar, M, shiny|100/100
|-weather|Sandstorm|[from] ability: Sand Stream|[of] p1a: Tyranitar
|move|p2a: Calyrex|Trick|p1a: Tyranitar
|-activate|p2a: Calyrex|move: Trick|[of] p1a: Tyranitar
|-item|p1a: Tyranitar|Choice Scarf|[from] move: Trick
|-item|p2a: Calyrex|Leftovers|[from] move: Trick
|
|-weather|Sandstorm|[upkeep]
|-damage|p2a: Calyrex|94/100|[from] Sandstorm
|-heal|p2a: Calyrex|100/100|[from] item: Leftovers
|upkeep
|turn|4
|
|t:|1642213899
|move|p2a: Calyrex|Baton Pass|p2a: Calyrex
|
|t:|1642213909
|switch|p2a: Zygarde|Zygarde|100/100|[from]move: Baton Pass
|move|p1a: Tyranitar|Pursuit|p2a: Zygarde
|-damage|p2a: Zygarde|91/100
|
|-weather|Sandstorm|[upkeep]
|-heal|p2a: Zygarde|97/100|[from] item: Leftovers
|upkeep
|turn|5
|
|t:|1642213915
|switch|p1a: Arceus|Arceus-Ground, shiny|98/100
|move|p2a: Zygarde|Substitute|p2a: Zygarde
|-start|p2a: Zygarde|Substitute
|-damage|p2a: Zygarde|72/100
|
|-weather|Sandstorm|[upkeep]
|-heal|p2a: Zygarde|78/100|[from] item: Leftovers
|upkeep
|turn|6
|
|t:|1642213917
|move|p1a: Arceus|Ice Beam|p2a: Zygarde
|-supereffective|p2a: Zygarde
|-end|p2a: Zygarde|Substitute
|move|p2a: Zygarde|Glare|p1a: Arceus
|-status|p1a: Arceus|par
|
|-weather|Sandstorm|[upkeep]
|-heal|p2a: Zygarde|84/100|[from] item: Leftovers
|upkeep
|turn|7
|
|t:|1642213926
|switch|p2a: Necrozma|Necrozma-Dusk-Mane|100/100
|move|p1a: Arceus|Ice Beam|p2a: Necrozma
|-resisted|p2a: Necrozma
|-damage|p2a: Necrozma|91/100
|
|-weather|none
|upkeep
|turn|8
|
|t:|1642213931
|move|p2a: Necrozma|Stealth Rock|p1a: Arceus
|-sidestart|p1: seidou27|move: Stealth Rock
|move|p1a: Arceus|Will-O-Wisp|p2a: Necrozma
|-status|p2a: Necrozma|brn
|
|-damage|p2a: Necrozma|85/100 brn|[from] brn
|upkeep
|turn|9
|
|t:|1642213937
|switch|p2a: Rayquaza|Rayquaza|100/100
|-ability|p2a: Rayquaza|Air Lock
|move|p1a: Arceus|Will-O-Wisp|p2a: Rayquaza
|-status|p2a: Rayquaza|brn
|
|-damage|p2a: Rayquaza|95/100 brn|[from] brn
|upkeep
|turn|10
|
|t:|1642213944
|detailschange|p2a: Rayquaza|Rayquaza-Mega
|-mega|p2a: Rayquaza|Rayquaza|
|-weather|DeltaStream|[from] ability: Delta Stream|[of] p2a: Rayquaza
|move|p2a: Rayquaza|Draco Meteor|p1a: Arceus
|-damage|p1a: Arceus|49/100 par
|-unboost|p2a: Rayquaza|spa|2
|cant|p1a: Arceus|par
|
|-weather|DeltaStream|[upkeep]
|-damage|p2a: Rayquaza|89/100 brn|[from] brn
|upkeep
|turn|11
|
|t:|1642213953
|-weather|none
|switch|p2a: Calyrex|Calyrex-Shadow|100/100
|-ability|p2a: Calyrex|As One
|-ability|p2a: Calyrex|Unnerve
|cant|p1a: Arceus|par
|
|upkeep
|turn|12
|
|t:|1642213960
|switch|p1a: Tyranitar|Tyranitar, M, shiny|100/100
|-damage|p1a: Tyranitar|88/100|[from] Stealth Rock
|-weather|Sandstorm|[from] ability: Sand Stream|[of] p1a: Tyranitar
|move|p2a: Calyrex|Astral Barrage|p1a: Tyranitar
|-resisted|p1a: Tyranitar
|-damage|p1a: Tyranitar|72/100
|
|-weather|Sandstorm|[upkeep]
|-damage|p2a: Calyrex|94/100|[from] Sandstorm
|-heal|p2a: Calyrex|100/100|[from] item: Leftovers
|upkeep
|turn|13
|
|t:|1642213963
|move|p2a: Calyrex|Baton Pass|p2a: Calyrex
|
|t:|1642213967
|switch|p2a: Zygarde|Zygarde|84/100|[from]move: Baton Pass
|move|p1a: Tyranitar|Foul Play|p2a: Zygarde
|-damage|p2a: Zygarde|66/100
|
|-weather|Sandstorm|[upkeep]
|-heal|p2a: Zygarde|72/100|[from] item: Leftovers
|upkeep
|turn|14
|
|t:|1642213976
|switch|p1a: Arceus|Arceus-Ground, shiny|49/100 par
|-damage|p1a: Arceus|43/100 par|[from] Stealth Rock
|move|p2a: Zygarde|Substitute|p2a: Zygarde
|-start|p2a: Zygarde|Substitute
|-damage|p2a: Zygarde|47/100
|
|-weather|Sandstorm|[upkeep]
|-heal|p2a: Zygarde|54/100|[from] item: Leftovers
|upkeep
|turn|15
|
|t:|1642213980
|move|p2a: Zygarde|Coil|p2a: Zygarde
|-boost|p2a: Zygarde|atk|1
|-boost|p2a: Zygarde|def|1
|-boost|p2a: Zygarde|accuracy|1
|cant|p1a: Arceus|par
|
|-weather|Sandstorm|[upkeep]
|-heal|p2a: Zygarde|60/100|[from] item: Leftovers
|upkeep
|turn|16
|
|t:|1642213983
|move|p2a: Zygarde|Thousand Arrows|p1a: Arceus
|-damage|p1a: Arceus|19/100 par
|cant|p1a: Arceus|par
|
|-weather|none
|-heal|p2a: Zygarde|66/100|[from] item: Leftovers
|upkeep
|turn|17
|
|t:|1642213992
|switch|p1a: Clefable|Clefable, M, shiny|100/100
|-damage|p1a: Clefable|88/100|[from] Stealth Rock
|move|p2a: Zygarde|Thousand Arrows|p1a: Clefable
|-damage|p1a: Clefable|51/100
|
|-heal|p2a: Zygarde|72/100|[from] item: Leftovers
|-heal|p1a: Clefable|57/100|[from] item: Leftovers
|upkeep
|turn|18
|
|t:|1642213996
|move|p2a: Zygarde|Glare|p1a: Clefable
|-status|p1a: Clefable|par
|move|p1a: Clefable|Soft-Boiled|p1a: Clefable
|-heal|p1a: Clefable|100/100 par
|
|-heal|p2a: Zygarde|78/100|[from] item: Leftovers
|upkeep
|turn|19
|
|t:|1642214004
|move|p2a: Zygarde|Thousand Arrows|p1a: Clefable
|-damage|p1a: Clefable|67/100 par
|move|p1a: Clefable|Aromatherapy|p1a: Clefable
|-activate|p1a: Clefable|move: Aromatherapy
|-curestatus|p1a: Clefable|par|[msg]
|-curestatus|p1: Arceus|par|[msg]
|
|-heal|p2a: Zygarde|84/100|[from] item: Leftovers
|-heal|p1a: Clefable|73/100|[from] item: Leftovers
|upkeep
|turn|20
|
|t:|1642214016
|move|p2a: Zygarde|Glare|p1a: Clefable
|-status|p1a: Clefable|par
|cant|p1a: Clefable|par
|
|-heal|p2a: Zygarde|90/100|[from] item: Leftovers
|-heal|p1a: Clefable|79/100 par|[from] item: Leftovers
|upkeep
|turn|21
|
|t:|1642214026
|move|p2a: Zygarde|Thousand Arrows|p1a: Clefable
|-damage|p1a: Clefable|46/100 par
|move|p1a: Clefable|Soft-Boiled|p1a: Clefable
|-heal|p1a: Clefable|96/100 par
|
|-heal|p2a: Zygarde|96/100|[from] item: Leftovers
|-heal|p1a: Clefable|100/100 par|[from] item: Leftovers
|upkeep
|turn|22
|
|t:|1642214043
|switch|p2a: Zacian|Zacian-Crowned|94/100 brn
|-ability|p2a: Zacian|Intrepid Sword|boost
|-boost|p2a: Zacian|atk|1
|move|p1a: Clefable|Aromatherapy|p1a: Clefable
|-activate|p1a: Clefable|move: Aromatherapy
|-curestatus|p1a: Clefable|par|[msg]
|
|-damage|p2a: Zacian|88/100 brn|[from] brn
|upkeep
|turn|23
|
|t:|1642214064
|switch|p2a: Calyrex|Calyrex-Shadow|100/100
|-ability|p2a: Calyrex|As One
|-ability|p2a: Calyrex|Unnerve
|switch|p1a: Zapdos|Zapdos, shiny|100/100
|
|upkeep
|turn|24
|
|t:|1642214073
|move|p2a: Calyrex|Astral Barrage|p1a: Zapdos
|-damage|p1a: Zapdos|28/100
|move|p1a: Zapdos|Volt Switch|p2a: Calyrex
|-damage|p2a: Calyrex|72/100
|
|t:|1642214075
|switch|p1a: Tyranitar|Tyranitar, M, shiny|72/100|[from]move: Volt Switch
|-damage|p1a: Tyranitar|59/100|[from] Stealth Rock
|-weather|Sandstorm|[from] ability: Sand Stream|[of] p1a: Tyranitar
|
|-weather|Sandstorm|[upkeep]
|-damage|p2a: Calyrex|66/100|[from] Sandstorm
|-heal|p2a: Calyrex|72/100|[from] item: Leftovers
|upkeep
|turn|25
|
|t:|1642214079
|move|p2a: Calyrex|Baton Pass|p2a: Calyrex
|
|t:|1642214080
|switch|p2a: Zygarde|Zygarde|96/100|[from]move: Baton Pass
|move|p1a: Tyranitar|Foul Play|p2a: Zygarde
|-damage|p2a: Zygarde|80/100
|
|-weather|Sandstorm|[upkeep]
|-heal|p2a: Zygarde|86/100|[from] item: Leftovers
|upkeep
|turn|26
|
|t:|1642214099
|switch|p1a: Clefable|Clefable, M, shiny|100/100
|-damage|p1a: Clefable|88/100|[from] Stealth Rock
|move|p2a: Zygarde|Thousand Arrows|p1a: Clefable
|-damage|p1a: Clefable|51/100
|
|-weather|Sandstorm|[upkeep]
|-damage|p1a: Clefable|45/100|[from] Sandstorm
|-heal|p2a: Zygarde|92/100|[from] item: Leftovers
|-heal|p1a: Clefable|51/100|[from] item: Leftovers
|upkeep
|turn|27
|
|t:|1642214103
|switch|p2a: Zacian|Zacian-Crowned|88/100 brn
|-ability|p2a: Zacian|Intrepid Sword|boost
|-boost|p2a: Zacian|atk|1
|move|p1a: Clefable|Soft-Boiled|p1a: Clefable
|-heal|p1a: Clefable|100/100
|
|-weather|Sandstorm|[upkeep]
|-damage|p1a: Clefable|94/100|[from] Sandstorm
|-heal|p1a: Clefable|100/100|[from] item: Leftovers
|-damage|p2a: Zacian|82/100 brn|[from] brn
|upkeep
|turn|28
|
|t:|1642214110
|switch|p1a: Eternatus|Eternatus|100/100
|-damage|p1a: Eternatus|88/100|[from] Stealth Rock
|-ability|p1a: Eternatus|Pressure
|move|p2a: Zacian|Behemoth Blade|p1a: Eternatus
|-crit|p1a: Eternatus
|-damage|p1a: Eternatus|33/100
|
|-weather|none
|-heal|p1a: Eternatus|39/100|[from] item: Black Sludge
|-damage|p2a: Zacian|76/100 brn|[from] brn
|upkeep
|turn|29
|
|t:|1642214122
|switch|p2a: Calyrex|Calyrex-Shadow|72/100
|-ability|p2a: Calyrex|As One
|-ability|p2a: Calyrex|Unnerve
|move|p1a: Eternatus|Recover|p1a: Eternatus
|-heal|p1a: Eternatus|89/100
|
|-heal|p2a: Calyrex|79/100|[from] item: Leftovers
|-heal|p1a: Eternatus|96/100|[from] item: Black Sludge
|upkeep
|turn|30
|
|t:|1642214128
|switch|p1a: Tyranitar|Tyranitar, M, shiny|59/100
|-damage|p1a: Tyranitar|47/100|[from] Stealth Rock
|-weather|Sandstorm|[from] ability: Sand Stream|[of] p1a: Tyranitar
|move|p2a: Calyrex|Astral Barrage|p1a: Tyranitar
|-resisted|p1a: Tyranitar
|-damage|p1a: Tyranitar|30/100
|
|-weather|Sandstorm|[upkeep]
|-damage|p2a: Calyrex|72/100|[from] Sandstorm
|-heal|p2a: Calyrex|79/100|[from] item: Leftovers
|upkeep
|turn|31
|
|t:|1642214136
|move|p2a: Calyrex|Baton Pass|p2a: Calyrex
|
|t:|1642214137
|switch|p2a: Zygarde|Zygarde|92/100|[from]move: Baton Pass
|move|p1a: Tyranitar|Rest|p1a: Tyranitar
|-status|p1a: Tyranitar|slp|[from] move: Rest
|-heal|p1a: Tyranitar|100/100 slp|[silent]
|
|-weather|Sandstorm|[upkeep]
|-heal|p2a: Zygarde|99/100|[from] item: Leftovers
|upkeep
|turn|32
|
|t:|1642214146
|switch|p1a: Clefable|Clefable, M, shiny|100/100
|-damage|p1a: Clefable|88/100|[from] Stealth Rock
|move|p2a: Zygarde|Thousand Arrows|p1a: Clefable
|-damage|p1a: Clefable|53/100
|
|-weather|Sandstorm|[upkeep]
|-damage|p1a: Clefable|47/100|[from] Sandstorm
|-heal|p2a: Zygarde|100/100|[from] item: Leftovers
|-heal|p1a: Clefable|53/100|[from] item: Leftovers
|upkeep
|turn|33
|
|t:|1642214155
|move|p2a: Zygarde|Glare|p1a: Clefable
|-status|p1a: Clefable|par
|move|p1a: Clefable|Soft-Boiled|p1a: Clefable
|-heal|p1a: Clefable|100/100 par
|
|-weather|Sandstorm|[upkeep]
|-damage|p1a: Clefable|94/100 par|[from] Sandstorm
|-heal|p1a: Clefable|100/100 par|[from] item: Leftovers
|upkeep
|turn|34
|
|t:|1642214173
|switch|p2a: Calyrex|Calyrex-Shadow|79/100
|-ability|p2a: Calyrex|As One
|-ability|p2a: Calyrex|Unnerve
|move|p1a: Clefable|Sing|p2a: Calyrex|[miss]
|-miss|p1a: Clefable|p2a: Calyrex
|
|-weather|none
|-heal|p2a: Calyrex|85/100|[from] item: Leftovers
|upkeep
|turn|35
|
|t:|1642214186
|switch|p1a: Tyranitar|Tyranitar, M, shiny|100/100 slp
|-damage|p1a: Tyranitar|88/100 slp|[from] Stealth Rock
|-weather|Sandstorm|[from] ability: Sand Stream|[of] p1a: Tyranitar
|move|p2a: Calyrex|Baton Pass|p2a: Calyrex
|
|t:|1642214197
|switch|p2a: Necrozma|Necrozma-Dusk-Mane|85/100 brn|[from]move: Baton Pass
|
|-weather|Sandstorm|[upkeep]
|-damage|p2a: Necrozma|79/100 brn|[from] brn
|upkeep
|turn|36
|
|t:|1642214202
|switch|p1a: Zapdos|Zapdos, shiny|28/100
|move|p2a: Necrozma|Sunsteel Strike|p1a: Zapdos
|-resisted|p1a: Zapdos
|-damage|p1a: Zapdos|19/100
|
|-weather|Sandstorm|[upkeep]
|-damage|p1a: Zapdos|13/100|[from] Sandstorm
|-damage|p2a: Necrozma|73/100 brn|[from] brn
|upkeep
|turn|37
|
|t:|1642214207
|move|p1a: Zapdos|Roost|p1a: Zapdos
|-heal|p1a: Zapdos|63/100
|-singleturn|p1a: Zapdos|move: Roost
|move|p2a: Necrozma|Earthquake|p1a: Zapdos
|-supereffective|p1a: Zapdos
|-damage|p1a: Zapdos|40/100
|
|-weather|Sandstorm|[upkeep]
|-damage|p1a: Zapdos|34/100|[from] Sandstorm
|-damage|p2a: Necrozma|67/100 brn|[from] brn
|upkeep
|turn|38
|
|t:|1642214218
|switch|p2a: Zygarde|Zygarde|100/100
|move|p1a: Zapdos|Defog|p2a: Zygarde
|-unboost|p2a: Zygarde|evasion|1
|-sideend|p1: seidou27|Stealth Rock|[from] move: Defog|[of] p1a: Zapdos
|
|-weather|Sandstorm|[upkeep]
|-damage|p1a: Zapdos|28/100|[from] Sandstorm
|upkeep
|turn|39
|
|t:|1642214226
|switch|p1a: Eternatus|Eternatus|96/100
|-ability|p1a: Eternatus|Pressure
|move|p2a: Zygarde|Thousand Arrows|p1a: Eternatus
|-supereffective|p1a: Eternatus
|-damage|p1a: Eternatus|50/100
|
|-weather|none
|-heal|p1a: Eternatus|56/100|[from] item: Black Sludge
|upkeep
|turn|40
|
|t:|1642214231
|switch|p2a: Tyranitar|Tyranitar, F|100/100
|-weather|Sandstorm|[from] ability: Sand Stream|[of] p2a: Tyranitar
|move|p1a: Eternatus|Substitute|p1a: Eternatus
|-start|p1a: Eternatus|Substitute
|-damage|p1a: Eternatus|31/100
|
|-weather|Sandstorm|[upkeep]
|-damage|p1a: Eternatus|25/100|[from] Sandstorm
|-heal|p1a: Eternatus|31/100|[from] item: Black Sludge
|upkeep
|turn|41
|
|t:|1642214237
|switch|p2a: Calyrex|Calyrex-Shadow|85/100
|-ability|p2a: Calyrex|As One
|-ability|p2a: Calyrex|Unnerve
|move|p1a: Eternatus|Recover|p1a: Eternatus
|-heal|p1a: Eternatus|81/100
|
|-weather|Sandstorm|[upkeep]
|-damage|p2a: Calyrex|79/100|[from] Sandstorm
|-damage|p1a: Eternatus|75/100|[from] Sandstorm
|-heal|p2a: Calyrex|85/100|[from] item: Leftovers
|-heal|p1a: Eternatus|81/100|[from] item: Black Sludge
|upkeep
|turn|42
|
|t:|1642214240
|move|p2a: Calyrex|Astral Barrage|p1a: Eternatus
|-end|p1a: Eternatus|Substitute
|move|p1a: Eternatus|Mystical Fire|p2a: Calyrex
|-damage|p2a: Calyrex|63/100
|-unboost|p2a: Calyrex|spa|1
|
|-weather|Sandstorm|[upkeep]
|-damage|p2a: Calyrex|57/100|[from] Sandstorm
|-damage|p1a: Eternatus|75/100|[from] Sandstorm
|-heal|p2a: Calyrex|63/100|[from] item: Leftovers
|-heal|p1a: Eternatus|81/100|[from] item: Black Sludge
|upkeep
|turn|43
|
|t:|1642214248
|switch|p2a: Zacian|Zacian-Crowned|76/100 brn
|-ability|p2a: Zacian|Intrepid Sword|boost
|-boost|p2a: Zacian|atk|1
|switch|p1a: Tyranitar|Tyranitar, M, shiny|88/100 slp
|
|-weather|Sandstorm|[upkeep]
|-damage|p2a: Zacian|70/100 brn|[from] brn
|upkeep
|turn|44
|
|t:|1642214255
|switch|p1a: Eternatus|Eternatus|81/100
|-ability|p1a: Eternatus|Pressure
|move|p2a: Zacian|Behemoth Blade|p1a: Eternatus
|-damage|p1a: Eternatus|44/100
|
|-weather|none
|-heal|p1a: Eternatus|50/100|[from] item: Black Sludge
|-damage|p2a: Zacian|64/100 brn|[from] brn
|upkeep
|turn|45
|
|t:|1642214262
|move|p2a: Zacian|Behemoth Blade|p1a: Eternatus
|-damage|p1a: Eternatus|8/100
|move|p1a: Eternatus|Recover|p1a: Eternatus
|-heal|p1a: Eternatus|59/100
|
|-heal|p1a: Eternatus|65/100|[from] item: Black Sludge
|-damage|p2a: Zacian|57/100 brn|[from] brn
|upkeep
|turn|46
|
|t:|1642214278
|move|p2a: Zacian|Play Rough|p1a: Eternatus
|-damage|p1a: Eternatus|29/100
|move|p1a: Eternatus|Substitute|p1a: Eternatus
|-start|p1a: Eternatus|Substitute
|-damage|p1a: Eternatus|4/100
|
|-heal|p1a: Eternatus|10/100|[from] item: Black Sludge
|-damage|p2a: Zacian|51/100 brn|[from] brn
|upkeep
|turn|47
|
|t:|1642214286
|move|p2a: Zacian|Play Rough|p1a: Eternatus
|-end|p1a: Eternatus|Substitute
|move|p1a: Eternatus|Recover|p1a: Eternatus
|-heal|p1a: Eternatus|60/100
|
|-heal|p1a: Eternatus|66/100|[from] item: Black Sludge
|-damage|p2a: Zacian|45/100 brn|[from] brn
|upkeep
|turn|48
|
|t:|1642214298
|switch|p2a: Tyranitar|Tyranitar, F|100/100
|-weather|Sandstorm|[from] ability: Sand Stream|[of] p2a: Tyranitar
|move|p1a: Eternatus|Recover|p1a: Eternatus
|-heal|p1a: Eternatus|100/100
|
|-weather|Sandstorm|[upkeep]
|-damage|p1a: Eternatus|94/100|[from] Sandstorm
|-heal|p1a: Eternatus|100/100|[from] item: Black Sludge
|upkeep
|turn|49
|
|t:|1642214302
|move|p1a: Eternatus|Substitute|p1a: Eternatus
|-start|p1a: Eternatus|Substitute
|-damage|p1a: Eternatus|76/100
|move|p2a: Tyranitar|Rock Tomb|p1a: Eternatus
|-activate|p1a: Eternatus|move: Substitute|[damage]
|
|-weather|Sandstorm|[upkeep]
|-damage|p1a: Eternatus|69/100|[from] Sandstorm
|-heal|p1a: Eternatus|76/100|[from] item: Black Sludge
|upkeep
|turn|50
|
|t:|1642214305
|move|p1a: Eternatus|Toxic|p2a: Tyranitar
|-status|p2a: Tyranitar|tox
|move|p2a: Tyranitar|Rock Tomb|p1a: Eternatus
|-end|p1a: Eternatus|Substitute
|
|-weather|Sandstorm|[upkeep]
|-damage|p1a: Eternatus|69/100|[from] Sandstorm
|-heal|p1a: Eternatus|76/100|[from] item: Black Sludge
|-damage|p2a: Tyranitar|94/100 tox|[from] psn
|upkeep
|turn|51
|
|t:|1642214317
|move|p1a: Eternatus|Substitute|p1a: Eternatus
|-start|p1a: Eternatus|Substitute
|-damage|p1a: Eternatus|51/100
|move|p2a: Tyranitar|Rock Tomb|p1a: Eternatus
|-activate|p1a: Eternatus|move: Substitute|[damage]
|
|-weather|Sandstorm|[upkeep]
|-damage|p1a: Eternatus|44/100|[from] Sandstorm
|-heal|p1a: Eternatus|51/100|[from] item: Black Sludge
|-heal|p2a: Tyranitar|100/100 tox|[from] item: Leftovers
|-damage|p2a: Tyranitar|88/100 tox|[from] psn
|upkeep
|turn|52
|
|t:|1642214339
|move|p1a: Eternatus|Recover|p1a: Eternatus
|-heal|p1a: Eternatus|100/100
|move|p2a: Tyranitar|Rock Tomb|p1a: Eternatus
|-end|p1a: Eternatus|Substitute
|
|-weather|none
|-heal|p2a: Tyranitar|94/100 tox|[from] item: Leftovers
|-damage|p2a: Tyranitar|76/100 tox|[from] psn
|upkeep
|turn|53
|
|t:|1642214344
|switch|p2a: Necrozma|Necrozma-Dusk-Mane|67/100 brn
|move|p1a: Eternatus|Substitute|p1a: Eternatus
|-start|p1a: Eternatus|Substitute
|-damage|p1a: Eternatus|76/100
|
|-heal|p1a: Eternatus|82/100|[from] item: Black Sludge
|-damage|p2a: Necrozma|61/100 brn|[from] brn
|upkeep
|turn|54
|
|t:|1642214348
|move|p1a: Eternatus|Mystical Fire|p2a: Necrozma
|-supereffective|p2a: Necrozma
|-damage|p2a: Necrozma|34/100 brn
|-unboost|p2a: Necrozma|spa|1
|move|p2a: Necrozma|Morning Sun|p2a: Necrozma
|-heal|p2a: Necrozma|84/100 brn
|
|-heal|p1a: Eternatus|88/100|[from] item: Black Sludge
|-damage|p2a: Necrozma|78/100 brn|[from] brn
|upkeep
|turn|55
|
|t:|1642214354
|switch|p1a: Arceus|Arceus-Ground, shiny|19/100
|move|p2a: Necrozma|Stealth Rock|p1a: Arceus
|-sidestart|p1: seidou27|move: Stealth Rock
|
|-damage|p2a: Necrozma|72/100 brn|[from] brn
|upkeep
|turn|56
|
|t:|1642214358
|switch|p2a: Calyrex|Calyrex-Shadow|63/100
|-ability|p2a: Calyrex|As One
|-ability|p2a: Calyrex|Unnerve
|move|p1a: Arceus|Recover|p1a: Arceus
|-heal|p1a: Arceus|69/100
|
|-heal|p2a: Calyrex|69/100|[from] item: Leftovers
|upkeep
|turn|57
|
|t:|1642214367
|switch|p1a: Tyranitar|Tyranitar, M, shiny|88/100 slp
|-damage|p1a: Tyranitar|76/100 slp|[from] Stealth Rock
|-weather|Sandstorm|[from] ability: Sand Stream|[of] p1a: Tyranitar
|-start|p2a: Calyrex|Dynamax
|-heal|p2a: Calyrex|69/100|[silent]
|move|p2a: Calyrex|Max Starfall|p1a: Tyranitar
|-supereffective|p1a: Tyranitar
|-damage|p1a: Tyranitar|43/100 slp
|-fieldstart|move: Misty Terrain
|
|-weather|Sandstorm|[upkeep]
|-damage|p2a: Calyrex|66/100|[from] Sandstorm
|-heal|p2a: Calyrex|69/100|[from] item: Leftovers
|upkeep
|turn|58
|
|t:|1642214378
|move|p2a: Calyrex|Max Phantasm|p1a: Tyranitar
|-resisted|p1a: Tyranitar
|-damage|p1a: Tyranitar|25/100 slp
|-unboost|p1a: Tyranitar|def|1
|cant|p1a: Tyranitar|slp
|
|-weather|Sandstorm|[upkeep]
|-damage|p2a: Calyrex|66/100|[from] Sandstorm
|-heal|p2a: Calyrex|69/100|[from] item: Leftovers
|upkeep
|turn|59
|
|t:|1642214390
|move|p2a: Calyrex|Max Starfall|p1a: Tyranitar
|-supereffective|p1a: Tyranitar
|-damage|p1a: Tyranitar|0 fnt
|faint|p1a: Tyranitar
|-ability|p2a: Calyrex|Grim Neigh|boost
|-boost|p2a: Calyrex|spa|1
|
|-weather|Sandstorm|[upkeep]
|-damage|p2a: Calyrex|66/100|[from] Sandstorm
|-heal|p2a: Calyrex|69/100|[from] item: Leftovers
|-end|p2a: Calyrex|Dynamax
|-heal|p2a: Calyrex|69/100|[silent]
|upkeep
|
|t:|1642214392
|switch|p1a: Yveltal|Yveltal, shiny|100/100
|-damage|p1a: Yveltal|76/100|[from] Stealth Rock
|-ability|p1a: Yveltal|Dark Aura
|turn|60
|
|t:|1642214400
|switch|p2a: Tyranitar|Tyranitar, F|76/100 tox
|move|p1a: Yveltal|Sucker Punch||[still]
|-fail|p1a: Yveltal
|
|-weather|Sandstorm|[upkeep]
|-damage|p1a: Yveltal|69/100|[from] Sandstorm
|-heal|p2a: Tyranitar|82/100 tox|[from] item: Leftovers
|-damage|p2a: Tyranitar|76/100 tox|[from] psn
|upkeep
|turn|61
|
|t:|1642214410
|move|p1a: Yveltal|U-turn|p2a: Tyranitar
|-supereffective|p2a: Tyranitar
|-damage|p2a: Tyranitar|20/100 tox
|-damage|p1a: Yveltal|60/100|[from] item: Life Orb
|
|t:|1642214415
|switch|p1a: Arceus|Arceus-Ground, shiny|69/100|[from]move: U-turn
|-damage|p1a: Arceus|63/100|[from] Stealth Rock
|move|p2a: Tyranitar|Rock Tomb|p1a: Arceus
|-resisted|p1a: Arceus
|-damage|p1a: Arceus|57/100
|-unboost|p1a: Arceus|spe|1
|
|-weather|none
|-heal|p2a: Tyranitar|26/100 tox|[from] item: Leftovers
|-damage|p2a: Tyranitar|14/100 tox|[from] psn
|-fieldend|Misty Terrain
|upkeep
|turn|62
|
|t:|1642214423
|switch|p2a: Rayquaza|Rayquaza-Mega|89/100 brn
|-weather|DeltaStream|[from] ability: Delta Stream|[of] p2a: Rayquaza
|move|p1a: Arceus|Recover|p1a: Arceus
|-heal|p1a: Arceus|100/100
|
|-weather|DeltaStream|[upkeep]
|-damage|p2a: Rayquaza|83/100 brn|[from] brn
|upkeep
|turn|63
|
|t:|1642214429
|move|p2a: Rayquaza|Draco Meteor|p1a: Arceus|[miss]
|-miss|p2a: Rayquaza|p1a: Arceus
|move|p1a: Arceus|Recover||[still]
|-fail|p1a: Arceus|heal
|
|-weather|DeltaStream|[upkeep]
|-damage|p2a: Rayquaza|77/100 brn|[from] brn
|upkeep
|turn|64
|
|t:|1642214433
|move|p2a: Rayquaza|Draco Meteor|p1a: Arceus
|-damage|p1a: Arceus|49/100
|-unboost|p2a: Rayquaza|spa|2
|move|p1a: Arceus|Recover|p1a: Arceus
|-heal|p1a: Arceus|99/100
|
|-weather|DeltaStream|[upkeep]
|-damage|p2a: Rayquaza|71/100 brn|[from] brn
|upkeep
|turn|65
|
|t:|1642214438
|-weather|none
|switch|p2a: Tyranitar|Tyranitar, F|14/100 tox
|-weather|Sandstorm|[from] ability: Sand Stream|[of] p2a: Tyranitar
|move|p1a: Arceus|Ice Beam|p2a: Tyranitar
|-damage|p2a: Tyranitar|4/100 tox
|
|-weather|Sandstorm|[upkeep]
|-heal|p2a: Tyranitar|10/100 tox|[from] item: Leftovers
|-damage|p2a: Tyranitar|4/100 tox|[from] psn
|upkeep
|turn|66
|
|t:|1642214447
|move|p1a: Arceus|Recover|p1a: Arceus
|-heal|p1a: Arceus|100/100
|move|p2a: Tyranitar|Rest|p2a: Tyranitar
|-status|p2a: Tyranitar|slp|[from] move: Rest
|-heal|p2a: Tyranitar|100/100 slp|[silent]
|
|-weather|Sandstorm|[upkeep]
|upkeep
|turn|67
|
|t:|1642214452
|switch|p2a: Rayquaza|Rayquaza-Mega|71/100 brn
|-weather|DeltaStream|[from] ability: Delta Stream|[of] p2a: Rayquaza
|move|p1a: Arceus|Judgment|p2a: Rayquaza
|-immune|p2a: Rayquaza
|
|-weather|DeltaStream|[upkeep]
|-damage|p2a: Rayquaza|65/100 brn|[from] brn
|upkeep
|turn|68
|
|t:|1642214464
|-weather|none
|switch|p2a: Zygarde|Zygarde|100/100
|move|p1a: Arceus|Recover||[still]
|-fail|p1a: Arceus|heal
|
|upkeep
|turn|69
|
|t:|1642214468
|move|p2a: Zygarde|Glare|p1a: Arceus
|-status|p1a: Arceus|par
|cant|p1a: Arceus|par
|
|upkeep
|turn|70
|
|t:|1642214486
|switch|p2a: Tyranitar|Tyranitar, F|100/100 slp
|-weather|Sandstorm|[from] ability: Sand Stream|[of] p2a: Tyranitar
|switch|p1a: Eternatus|Eternatus|88/100
|-damage|p1a: Eternatus|76/100|[from] Stealth Rock
|-ability|p1a: Eternatus|Pressure
|
|-weather|Sandstorm|[upkeep]
|-damage|p1a: Eternatus|69/100|[from] Sandstorm
|-heal|p1a: Eternatus|76/100|[from] item: Black Sludge
|upkeep
|turn|71
|
|t:|1642214490
|move|p1a: Eternatus|Substitute|p1a: Eternatus
|-start|p1a: Eternatus|Substitute
|-damage|p1a: Eternatus|51/100
|cant|p2a: Tyranitar|slp
|
|-weather|Sandstorm|[upkeep]
|-damage|p1a: Eternatus|44/100|[from] Sandstorm
|-heal|p1a: Eternatus|51/100|[from] item: Black Sludge
|upkeep
|turn|72
|
|t:|1642214493
|move|p1a: Eternatus|Recover|p1a: Eternatus
|-heal|p1a: Eternatus|100/100
|cant|p2a: Tyranitar|slp
|
|-weather|Sandstorm|[upkeep]
|-damage|p1a: Eternatus|94/100|[from] Sandstorm
|-heal|p1a: Eternatus|100/100|[from] item: Black Sludge
|upkeep
|turn|73
|
|t:|1642214496
|move|p1a: Eternatus|Mystical Fire|p2a: Tyranitar
|-resisted|p2a: Tyranitar
|-damage|p2a: Tyranitar|96/100 slp
|-unboost|p2a: Tyranitar|spa|1
|-curestatus|p2a: Tyranitar|slp|[msg]
|move|p2a: Tyranitar|Pursuit|p1a: Eternatus
|-activate|p1a: Eternatus|move: Substitute|[damage]
|
|-weather|Sandstorm|[upkeep]
|-damage|p1a: Eternatus|94/100|[from] Sandstorm
|-heal|p1a: Eternatus|100/100|[from] item: Black Sludge
|-heal|p2a: Tyranitar|100/100|[from] item: Leftovers
|upkeep
|turn|74
|
|t:|1642214499
|move|p1a: Eternatus|Toxic|p2a: Tyranitar
|-status|p2a: Tyranitar|tox
|move|p2a: Tyranitar|Pursuit|p1a: Eternatus
|-end|p1a: Eternatus|Substitute
|
|-weather|none
|-damage|p2a: Tyranitar|94/100 tox|[from] psn
|upkeep
|turn|75
|
|t:|1642214502
|move|p1a: Eternatus|Substitute|p1a: Eternatus
|-start|p1a: Eternatus|Substitute
|-damage|p1a: Eternatus|76/100
|move|p2a: Tyranitar|Pursuit|p1a: Eternatus
|-activate|p1a: Eternatus|move: Substitute|[damage]
|
|-heal|p1a: Eternatus|82/100|[from] item: Black Sludge
|-heal|p2a: Tyranitar|100/100 tox|[from] item: Leftovers
|-damage|p2a: Tyranitar|88/100 tox|[from] psn
|upkeep
|turn|76
|
|t:|1642214506
|move|p1a: Eternatus|Mystical Fire|p2a: Tyranitar
|-resisted|p2a: Tyranitar
|-damage|p2a: Tyranitar|81/100 tox
|-unboost|p2a: Tyranitar|spa|1
|move|p2a: Tyranitar|Pursuit|p1a: Eternatus
|-end|p1a: Eternatus|Substitute
|
|-heal|p1a: Eternatus|88/100|[from] item: Black Sludge
|-heal|p2a: Tyranitar|87/100 tox|[from] item: Leftovers
|-damage|p2a: Tyranitar|69/100 tox|[from] psn
|upkeep
|turn|77
|
|t:|1642214509
|move|p1a: Eternatus|Substitute|p1a: Eternatus
|-start|p1a: Eternatus|Substitute
|-damage|p1a: Eternatus|63/100
|move|p2a: Tyranitar|Pursuit|p1a: Eternatus
|-activate|p1a: Eternatus|move: Substitute|[damage]
|
|-heal|p1a: Eternatus|69/100|[from] item: Black Sludge
|-heal|p2a: Tyranitar|75/100 tox|[from] item: Leftovers
|-damage|p2a: Tyranitar|50/100 tox|[from] psn
|upkeep
|turn|78
|
|t:|1642214512
|move|p1a: Eternatus|Recover|p1a: Eternatus
|-heal|p1a: Eternatus|100/100
|move|p2a: Tyranitar|Rest|p2a: Tyranitar
|-status|p2a: Tyranitar|slp|[from] move: Rest
|-heal|p2a: Tyranitar|100/100 slp|[silent]
|
|upkeep
|turn|79
|
|t:|1642214517
|switch|p1a: Zapdos|Zapdos, shiny|28/100
|cant|p2a: Tyranitar|slp
|
|upkeep
|turn|80
|
|t:|1642214528
|switch|p2a: Zygarde|Zygarde|100/100
|move|p1a: Zapdos|Volt Switch|p2a: Zygarde
|-immune|p2a: Zygarde
|
|upkeep
|turn|81
|
|t:|1642214531
|switch|p1a: Arceus|Arceus-Ground, shiny|100/100 par
|-damage|p1a: Arceus|94/100 par|[from] Stealth Rock
|move|p2a: Zygarde|Thousand Arrows|p1a: Arceus
|-damage|p1a: Arceus|80/100 par
|
|upkeep
|turn|82
|
|t:|1642214538
|switch|p2a: Tyranitar|Tyranitar, F|100/100 slp
|-weather|Sandstorm|[from] ability: Sand Stream|[of] p2a: Tyranitar
|switch|p1a: Eternatus|Eternatus|100/100
|-damage|p1a: Eternatus|88/100|[from] Stealth Rock
|-ability|p1a: Eternatus|Pressure
|
|-weather|Sandstorm|[upkeep]
|-damage|p1a: Eternatus|82/100|[from] Sandstorm
|-heal|p1a: Eternatus|88/100|[from] item: Black Sludge
|upkeep
|turn|83
|
|t:|1642214542
|move|p1a: Eternatus|Substitute|p1a: Eternatus
|-start|p1a: Eternatus|Substitute
|-damage|p1a: Eternatus|63/100
|cant|p2a: Tyranitar|slp
|
|-weather|Sandstorm|[upkeep]
|-damage|p1a: Eternatus|57/100|[from] Sandstorm
|-heal|p1a: Eternatus|63/100|[from] item: Black Sludge
|upkeep
|turn|84
|
|t:|1642214548
|move|p1a: Eternatus|Recover|p1a: Eternatus
|-heal|p1a: Eternatus|100/100
|-curestatus|p2a: Tyranitar|slp|[msg]
|move|p2a: Tyranitar|Pursuit|p1a: Eternatus
|-activate|p1a: Eternatus|move: Substitute|[damage]
|
|-weather|Sandstorm|[upkeep]
|-damage|p1a: Eternatus|94/100|[from] Sandstorm
|-heal|p1a: Eternatus|100/100|[from] item: Black Sludge
|upkeep
|turn|85
|
|t:|1642214552
|move|p1a: Eternatus|Toxic|p2a: Tyranitar
|-status|p2a: Tyranitar|tox
|move|p2a: Tyranitar|Pursuit|p1a: Eternatus
|-end|p1a: Eternatus|Substitute
|
|-weather|Sandstorm|[upkeep]
|-damage|p1a: Eternatus|94/100|[from] Sandstorm
|-heal|p1a: Eternatus|100/100|[from] item: Black Sludge
|-damage|p2a: Tyranitar|94/100 tox|[from] psn
|upkeep
|turn|86
|
|t:|1642214558
|move|p1a: Eternatus|Substitute|p1a: Eternatus
|-start|p1a: Eternatus|Substitute
|-damage|p1a: Eternatus|76/100
|move|p2a: Tyranitar|Rock Tomb|p1a: Eternatus|[miss]
|-miss|p2a: Tyranitar|p1a: Eternatus
|
|-weather|none
|-heal|p1a: Eternatus|82/100|[from] item: Black Sludge
|-heal|p2a: Tyranitar|100/100 tox|[from] item: Leftovers
|-damage|p2a: Tyranitar|88/100 tox|[from] psn
|upkeep
|turn|87
|
|t:|1642214561
|move|p1a: Eternatus|Mystical Fire|p2a: Tyranitar
|-resisted|p2a: Tyranitar
|-damage|p2a: Tyranitar|80/100 tox
|-unboost|p2a: Tyranitar|spa|1
|move|p2a: Tyranitar|Rock Tomb|p1a: Eternatus
|-activate|p1a: Eternatus|move: Substitute|[damage]
|
|-heal|p1a: Eternatus|88/100|[from] item: Black Sludge
|-heal|p2a: Tyranitar|86/100 tox|[from] item: Leftovers
|-damage|p2a: Tyranitar|68/100 tox|[from] psn
|upkeep
|turn|88
|
|t:|1642214565
|move|p1a: Eternatus|Mystical Fire|p2a: Tyranitar
|-resisted|p2a: Tyranitar
|-damage|p2a: Tyranitar|60/100 tox
|-unboost|p2a: Tyranitar|spa|1
|move|p2a: Tyranitar|Pursuit|p1a: Eternatus
|-end|p1a: Eternatus|Substitute
|
|-heal|p1a: Eternatus|94/100|[from] item: Black Sludge
|-heal|p2a: Tyranitar|66/100 tox|[from] item: Leftovers
|-damage|p2a: Tyranitar|42/100 tox|[from] psn
|upkeep
|turn|89
|
|t:|1642214568
|move|p1a: Eternatus|Substitute|p1a: Eternatus
|-start|p1a: Eternatus|Substitute
|-damage|p1a: Eternatus|69/100
|move|p2a: Tyranitar|Rest|p2a: Tyranitar
|-status|p2a: Tyranitar|slp|[from] move: Rest
|-heal|p2a: Tyranitar|100/100 slp|[silent]
|
|-heal|p1a: Eternatus|76/100|[from] item: Black Sludge
|upkeep
|turn|90
|
|t:|1642214570
|move|p1a: Eternatus|Recover|p1a: Eternatus
|-heal|p1a: Eternatus|100/100
|cant|p2a: Tyranitar|slp
|
|upkeep
|turn|91
|
|t:|1642214573
|switch|p1a: Arceus|Arceus-Ground, shiny|80/100 par
|-damage|p1a: Arceus|73/100 par|[from] Stealth Rock
|cant|p2a: Tyranitar|slp
|
|upkeep
|turn|92
|
|t:|1642214585
|switch|p2a: Rayquaza|Rayquaza-Mega|65/100 brn
|-weather|DeltaStream|[from] ability: Delta Stream|[of] p2a: Rayquaza
|move|p1a: Arceus|Will-O-Wisp|p2a: Rayquaza
|-fail|p2a: Rayquaza|brn
|
|-weather|DeltaStream|[upkeep]
|-damage|p2a: Rayquaza|59/100 brn|[from] brn
|upkeep
|turn|93
|
|t:|1642214589
|move|p2a: Rayquaza|Draco Meteor|p1a: Arceus|[miss]
|-miss|p2a: Rayquaza|p1a: Arceus
|move|p1a: Arceus|Recover|p1a: Arceus
|-heal|p1a: Arceus|100/100 par
|
|-weather|DeltaStream|[upkeep]
|-damage|p2a: Rayquaza|53/100 brn|[from] brn
|upkeep
|turn|94
|
|t:|1642214595
|move|p2a: Rayquaza|Draco Meteor|p1a: Arceus|[miss]
|-miss|p2a: Rayquaza|p1a: Arceus
|move|p1a: Arceus|Recover||[still]
|-fail|p1a: Arceus|heal
|
|-weather|DeltaStream|[upkeep]
|-damage|p2a: Rayquaza|47/100 brn|[from] brn
|upkeep
|turn|95
|
|t:|1642214599
|move|p2a: Rayquaza|Draco Meteor|p1a: Arceus
|-damage|p1a: Arceus|54/100 par
|-unboost|p2a: Rayquaza|spa|2
|move|p1a: Arceus|Recover|p1a: Arceus
|-heal|p1a: Arceus|100/100 par
|
|-weather|DeltaStream|[upkeep]
|-damage|p2a: Rayquaza|41/100 brn|[from] brn
|upkeep
|turn|96
|
|t:|1642214605
|-weather|none
|switch|p2a: Tyranitar|Tyranitar, F|100/100 slp
|-weather|Sandstorm|[from] ability: Sand Stream|[of] p2a: Tyranitar
|cant|p1a: Arceus|par
|
|-weather|Sandstorm|[upkeep]
|upkeep
|turn|97
|
|t:|1642214612
|switch|p2a: Rayquaza|Rayquaza-Mega|41/100 brn
|-weather|DeltaStream|[from] ability: Delta Stream|[of] p2a: Rayquaza
|move|p1a: Arceus|Judgment|p2a: Rayquaza
|-immune|p2a: Rayquaza
|
|-weather|DeltaStream|[upkeep]
|-damage|p2a: Rayquaza|35/100 brn|[from] brn
|upkeep
|turn|98
|
|t:|1642214624
|-weather|none
|switch|p2a: Tyranitar|Tyranitar, F|100/100 slp
|-weather|Sandstorm|[from] ability: Sand Stream|[of] p2a: Tyranitar
|move|p1a: Arceus|Recover||[still]
|-fail|p1a: Arceus|heal
|
|-weather|Sandstorm|[upkeep]
|upkeep
|turn|99
|
|t:|1642214630
|-curestatus|p2a: Tyranitar|slp|[msg]
|move|p2a: Tyranitar|Rock Tomb|p1a: Arceus
|-resisted|p1a: Arceus
|-damage|p1a: Arceus|94/100 par
|-unboost|p1a: Arceus|spe|1
|move|p1a: Arceus|Judgment|p2a: Tyranitar
|-supereffective|p2a: Tyranitar
|-damage|p2a: Tyranitar|63/100
|
|-weather|Sandstorm|[upkeep]
|-heal|p2a: Tyranitar|69/100|[from] item: Leftovers
|upkeep
|turn|100
|
|t:|1642214639
|move|p2a: Tyranitar|Rest|p2a: Tyranitar
|-status|p2a: Tyranitar|slp|[from] move: Rest
|-heal|p2a: Tyranitar|100/100 slp|[silent]
|move|p1a: Arceus|Will-O-Wisp||[still]
|-fail|p1a: Arceus
|
|-weather|Sandstorm|[upkeep]
|upkeep
|turn|101
|
|t:|1642214643
|switch|p2a: Rayquaza|Rayquaza-Mega|35/100 brn
|-weather|DeltaStream|[from] ability: Delta Stream|[of] p2a: Rayquaza
|move|p1a: Arceus|Ice Beam|p2a: Rayquaza
|-activate||deltastream
|-supereffective|p2a: Rayquaza
|-damage|p2a: Rayquaza|0 fnt
|faint|p2a: Rayquaza
|-weather|none
|
|upkeep
|
|t:|1642214649
|switch|p2a: Calyrex|Calyrex-Shadow|69/100
|-ability|p2a: Calyrex|As One
|-ability|p2a: Calyrex|Unnerve
|turn|102
|
|t:|1642214653
|switch|p1a: Eternatus|Eternatus|100/100
|-damage|p1a: Eternatus|88/100|[from] Stealth Rock
|-ability|p1a: Eternatus|Pressure
|move|p2a: Calyrex|Astral Barrage|p1a: Eternatus
|-damage|p1a: Eternatus|45/100
|
|-heal|p2a: Calyrex|75/100|[from] item: Leftovers
|-heal|p1a: Eternatus|52/100|[from] item: Black Sludge
|upkeep
|turn|103
|
|t:|1642214660
|move|p2a: Calyrex|Baton Pass|p2a: Calyrex
|
|t:|1642214664
|switch|p2a: Tyranitar|Tyranitar, F|100/100 slp|[from]move: Baton Pass
|-weather|Sandstorm|[from] ability: Sand Stream|[of] p2a: Tyranitar
|move|p1a: Eternatus|Mystical Fire|p2a: Tyranitar
|-resisted|p2a: Tyranitar
|-damage|p2a: Tyranitar|96/100 slp
|-unboost|p2a: Tyranitar|spa|1
|
|-weather|Sandstorm|[upkeep]
|-damage|p1a: Eternatus|45/100|[from] Sandstorm
|-heal|p1a: Eternatus|52/100|[from] item: Black Sludge
|-heal|p2a: Tyranitar|100/100 slp|[from] item: Leftovers
|upkeep
|turn|104
|
|t:|1642214668
|move|p1a: Eternatus|Recover|p1a: Eternatus
|-heal|p1a: Eternatus|100/100
|cant|p2a: Tyranitar|slp
|
|-weather|Sandstorm|[upkeep]
|-damage|p1a: Eternatus|94/100|[from] Sandstorm
|-heal|p1a: Eternatus|100/100|[from] item: Black Sludge
|upkeep
|turn|105
|
|t:|1642214680
|switch|p1a: Arceus|Arceus-Ground, shiny|94/100 par
|-damage|p1a: Arceus|88/100 par|[from] Stealth Rock
|switch|p2a: Zygarde|Zygarde|100/100
|
|-weather|Sandstorm|[upkeep]
|upkeep
|turn|106
|
|t:|1642214685
|move|p2a: Zygarde|Coil|p2a: Zygarde
|-boost|p2a: Zygarde|atk|1
|-boost|p2a: Zygarde|def|1
|-boost|p2a: Zygarde|accuracy|1
|move|p1a: Arceus|Ice Beam|p2a: Zygarde
|-supereffective|p2a: Zygarde
|-damage|p2a: Zygarde|14/100
|
|-weather|Sandstorm|[upkeep]
|-heal|p2a: Zygarde|21/100|[from] item: Leftovers
|-activate|p2a: Zygarde|ability: Power Construct
|detailschange|p2a: Zygarde|Zygarde-Complete
|-heal|p2a: Zygarde|48/100|[silent]
|upkeep
|turn|107
|
|t:|1642214689
|move|p2a: Zygarde|Thousand Arrows|p1a: Arceus
|-damage|p1a: Arceus|66/100 par
|move|p1a: Arceus|Will-O-Wisp|p2a: Zygarde
|-status|p2a: Zygarde|brn
|
|-weather|none
|-heal|p2a: Zygarde|54/100 brn|[from] item: Leftovers
|-damage|p2a: Zygarde|48/100 brn|[from] brn
|upkeep
|turn|108
|
|t:|1642214694
|move|p2a: Zygarde|Thousand Arrows|p1a: Arceus
|-damage|p1a: Arceus|55/100 par
|move|p1a: Arceus|Recover|p1a: Arceus
|-heal|p1a: Arceus|100/100 par
|
|-heal|p2a: Zygarde|54/100 brn|[from] item: Leftovers
|-damage|p2a: Zygarde|48/100 brn|[from] brn
|upkeep
|turn|109
|-message|Adil forfeited.
|
|win|seidou27
|raw|seidou27's rating: 1665 &rarr; <strong>1695</strong><br />(+30 for winning)
|raw|Adil's rating: 1854 &rarr; <strong>1824</strong><br />(-30 for losing)
|l|☆Adil
|l|☆seidou27
