|j|☆anoffficelady
|j|☆Acornion
|t:|1661216339
|gametype|singles
|player|p1|anoffficelady|n|1555
|player|p2|Acornion|giovanni|1547
|teamsize|p1|6
|teamsize|p2|6
|gen|8
|tier|[Gen 8] National Dex AG
|rated|
|rule|HP Percentage Mod: HP is shown in percentages
|rule|Endless Battle Clause: Forcing endless battles is banned
|clearpoke
|poke|p1|Indeedee, M|
|poke|p1|Lugia|
|poke|p1|Gardevoir, F|
|poke|p1|Deoxys-Attack|
|poke|p1|Tapu Lele|
|poke|p1|Necrozma-Dusk-Mane|
|poke|p2|Darkrai|
|poke|p2|Quagsire, F|
|poke|p2|Shaymin-Sky|
|poke|p2|Diancie|
|poke|p2|Kyogre|
|poke|p2|Zacian-*|
|teampreview
|inactive|Battle timer is ON: inactive players will automatically lose when time's up. (requested by Acornion)
|
|t:|1661216347
|start
|switch|p1a: Indeedee|Indeedee, M, shiny|100/100
|switch|p2a: Diancie|Diancie|100/100
|-fieldstart|move: Psychic Terrain|[from] ability: Psychic Surge|[of] p1a: Indeedee
|turn|1
|
|t:|1661216350
|detailschange|p2a: Diancie|Diancie-Mega
|-mega|p2a: Diancie|Diancie|Diancite
|move|p1a: Indeedee|Expanding Force|p2a: Diancie
|-damage|p2a: Diancie|0 fnt
|faint|p2a: Diancie
|
|upkeep
|
|t:|1661216353
|switch|p2a: Darkrai|Darkrai|100/100
|turn|2
|
|t:|1661216377
|switch|p1a: Gardevoir|Gardevoir, F|100/100
|move|p2a: Darkrai|Hypnosis|p1a: Gardevoir|[miss]
|-miss|p2a: Darkrai|p1a: Gardevoir
|
|upkeep
|turn|3
|
|t:|1661216384
|detailschange|p1a: Gardevoir|Gardevoir-Mega, F
|-mega|p1a: Gardevoir|Gardevoir|Gardevoirite
|move|p2a: Darkrai|Hypnosis|p1a: Gardevoir
|-status|p1a: Gardevoir|slp|[from] move: Hypnosis
|cant|p1a: Gardevoir|slp
|
|-damage|p1a: Gardevoir|88/100 slp|[from] ability: Bad Dreams|[of] p2a: Darkrai
|upkeep
|turn|4
|
|t:|1661216391
|move|p2a: Darkrai|Nasty Plot|p2a: Darkrai
|-boost|p2a: Darkrai|spa|2
|-curestatus|p1a: Gardevoir|slp|[msg]
|move|p1a: Gardevoir|Hyper Voice|p2a: Darkrai
|-supereffective|p2a: Darkrai
|-enditem|p2a: Darkrai|Focus Sash
|-damage|p2a: Darkrai|1/100
|
|upkeep
|turn|5
|
|t:|1661216396
|-start|p2a: Darkrai|Dynamax|
|-heal|p2a: Darkrai|1/100|[silent]
|move|p2a: Darkrai|Max Ooze|p1a: Gardevoir
|-supereffective|p1a: Gardevoir
|-damage|p1a: Gardevoir|0 fnt
|-boost|p2a: Darkrai|spa|1
|faint|p1a: Gardevoir
|
|-fieldend|move: Psychic Terrain
|upkeep
|
|t:|1661216401
|switch|p1a: Indeedee|Indeedee, M, shiny|100/100
|-fieldstart|move: Psychic Terrain|[from] ability: Psychic Surge|[of] p1a: Indeedee
|turn|6
|
|t:|1661216404
|move|p1a: Indeedee|Dazzling Gleam|p2a: Darkrai
|-supereffective|p2a: Darkrai
|-damage|p2a: Darkrai|0 fnt
|faint|p2a: Darkrai
|
|upkeep
|
|t:|1661216407
|switch|p2a: Zacian|Zacian-Crowned|100/100
|-ability|p2a: Zacian|Intrepid Sword|boost
|-boost|p2a: Zacian|atk|1
|turn|7
|
|t:|1661216413
|move|p1a: Indeedee|Dazzling Gleam|p2a: Zacian
|-resisted|p2a: Zacian
|-damage|p2a: Zacian|89/100
|move|p2a: Zacian|Close Combat|p1a: Indeedee
|-damage|p1a: Indeedee|0 fnt
|-unboost|p2a: Zacian|def|1
|-unboost|p2a: Zacian|spd|1
|faint|p1a: Indeedee
|
|upkeep
|
|t:|1661216415
|switch|p1a: Necrozma|Necrozma-Dusk-Mane|100/100
|turn|8
|
|t:|1661216417
|move|p2a: Zacian|Close Combat|p1a: Necrozma
|-damage|p1a: Necrozma|42/100
|-unboost|p2a: Zacian|def|1
|-unboost|p2a: Zacian|spd|1
|move|p1a: Necrozma|Autotomize|p1a: Necrozma
|-boost|p1a: Necrozma|spe|2
|-start|p1a: Necrozma|Autotomize
|
|upkeep
|turn|9
|
|t:|1661216420
|move|p1a: Necrozma|Earthquake|p2a: Zacian
|-supereffective|p2a: Zacian
|-damage|p2a: Zacian|0 fnt
|faint|p2a: Zacian
|
|upkeep
|
|t:|1661216421
|switch|p2a: Shaymin|Shaymin-Sky|100/100
|turn|10
|
|t:|1661216425
|move|p1a: Necrozma|Photon Geyser|p2a: Shaymin
|-damage|p2a: Shaymin|0 fnt
|faint|p2a: Shaymin
|
|-fieldend|move: Psychic Terrain
|upkeep
|
|t:|1661216427
|switch|p2a: Kyogre|Kyogre|100/100
|-weather|RainDance|[from] ability: Drizzle|[of] p2a: Kyogre
|turn|11
|
|t:|1661216430
|move|p1a: Necrozma|Photon Geyser|p2a: Kyogre
|-damage|p2a: Kyogre|23/100
|move|p2a: Kyogre|Origin Pulse|p1a: Necrozma
|-damage|p1a: Necrozma|0 fnt
|faint|p1a: Necrozma
|
|-weather|RainDance|[upkeep]
|upkeep
|
|t:|1661216434
|switch|p1a: Tapu Lele|Tapu Lele|100/100
|-fieldstart|move: Psychic Terrain|[from] ability: Psychic Surge|[of] p1a: Tapu Lele
|turn|12
|
|t:|1661216436
|move|p2a: Kyogre|Origin Pulse|p1a: Tapu Lele
|-damage|p1a: Tapu Lele|32/100
|move|p1a: Tapu Lele|Energy Ball|p2a: Kyogre
|-supereffective|p2a: Kyogre
|-damage|p2a: Kyogre|0 fnt
|faint|p2a: Kyogre
|
|-weather|RainDance|[upkeep]
|upkeep
|
|t:|1661216439
|switch|p2a: Quagsire|Quagsire, F|100/100
|turn|13
|
|t:|1661216441
|move|p1a: Tapu Lele|Energy Ball|p2a: Quagsire
|-supereffective|p2a: Quagsire
|-damage|p2a: Quagsire|0 fnt
|faint|p2a: Quagsire
|
|win|anoffficelady
|raw|anoffficelady's rating: 1555 &rarr; <strong>1575</strong><br />(+20 for winning)
|raw|Acornion's rating: 1547 &rarr; <strong>1527</strong><br />(-20 for losing)
|l|☆Acornion
