|j|☆Xx_MLGprosniper_xX
|j|☆sgtbattle4
|t:|1651622822
|gametype|singles
|player|p1|Xx_MLGprosniper_xX|acetrainerf|1374
|player|p2|sgtbattle4|266|1386
|teamsize|p1|6
|teamsize|p2|6
|gen|8
|tier|[Gen 8] National Dex AG
|rated|
|rule|HP Percentage Mod: HP is shown in percentages
|rule|Endless Battle Clause: Forcing endless battles is banned
|clearpoke
|poke|p1|Dugtrio, M|
|poke|p1|Gothitelle, M|
|poke|p1|Gengar, F|
|poke|p1|Wobbuffet, M|
|poke|p1|Salamence, F|
|poke|p1|Quagsire, M|
|poke|p2|Arceus-*|
|poke|p2|Yveltal|
|poke|p2|Zacian-*|
|poke|p2|Ditto|
|poke|p2|Necrozma-Dusk-Mane|
|poke|p2|Marshadow|
|teampreview
|inactive|Battle timer is ON: inactive players will automatically lose when time's up. (requested by Xx_MLGprosniper_xX)
|
|t:|1651622852
|start
|switch|p1a: Wobbuffet|Wobbuffet, M|100/100
|switch|p2a: Necrozma|Necrozma-Dusk-Mane|100/100
|turn|1
|
|t:|1651622862
|move|p2a: Necrozma|Stealth Rock|p1a: Wobbuffet
|-sidestart|p1: Xx_MLGprosniper_xX|move: Stealth Rock
|move|p1a: Wobbuffet|Encore|p2a: Necrozma
|-start|p2a: Necrozma|Encore
|
|upkeep
|turn|2
|
|t:|1651622870
|switch|p1a: Dugtrio|Dugtrio, M|100/100
|-damage|p1a: Dugtrio|94/100|[from] Stealth Rock
|move|p2a: Necrozma|Stealth Rock||[still]
|-fail|p2a: Necrozma
|
|upkeep
|turn|3
|
|t:|1651622876
|move|p1a: Dugtrio|Stealth Rock|p2a: Necrozma
|-sidestart|p2: sgtbattle4|move: Stealth Rock
|move|p2a: Necrozma|Stealth Rock||[still]
|-fail|p2a: Necrozma
|
|upkeep
|turn|4
|
|t:|1651622884
|move|p1a: Dugtrio|Charm|p2a: Necrozma
|-unboost|p2a: Necrozma|atk|2
|move|p2a: Necrozma|Stealth Rock||[still]
|-fail|p2a: Necrozma
|
|-end|p2a: Necrozma|Encore
|upkeep
|turn|5
|
|t:|1651622892
|move|p1a: Dugtrio|Charm|p2a: Necrozma
|-unboost|p2a: Necrozma|atk|2
|move|p2a: Necrozma|Toxic|p1a: Dugtrio
|-status|p1a: Dugtrio|tox
|
|-damage|p1a: Dugtrio|88/100 tox|[from] psn
|upkeep
|turn|6
|inactive|Xx_MLGprosniper_xX has 120 seconds left.
|
|t:|1651622930
|switch|p1a: Gengar|Gengar, F|100/100
|-damage|p1a: Gengar|88/100|[from] Stealth Rock
|move|p2a: Necrozma|Sunsteel Strike|p1a: Gengar
|-crit|p1a: Gengar
|-damage|p1a: Gengar|0 fnt
|-start|p2a: Necrozma|Disable|Sunsteel Strike|[from] ability: Cursed Body|[of] p1a: Gengar
|faint|p1a: Gengar
|
|upkeep
|inactive|Xx_MLGprosniper_xX has 120 seconds left.
|
|t:|1651622959
|switch|p1a: Dugtrio|Dugtrio, M|88/100 tox
|-damage|p1a: Dugtrio|82/100 tox|[from] Stealth Rock
|turn|7
|
|t:|1651622967
|move|p1a: Dugtrio|Earthquake|p2a: Necrozma
|-supereffective|p2a: Necrozma
|-damage|p2a: Necrozma|71/100
|move|p2a: Necrozma|Morning Sun|p2a: Necrozma
|-heal|p2a: Necrozma|100/100
|
|-damage|p1a: Dugtrio|76/100 tox|[from] psn
|upkeep
|turn|8
|
|t:|1651622982
|move|p1a: Dugtrio|Memento|p2a: Necrozma
|-unboost|p2a: Necrozma|atk|2
|-unboost|p2a: Necrozma|spa|2
|faint|p1a: Dugtrio
|move|p2a: Necrozma|Morning Sun|p2a: Necrozma
|-fail|p2a: Necrozma|heal
|
|upkeep
|
|t:|1651622995
|switch|p1a: Salamence|Salamence, F|100/100
|-damage|p1a: Salamence|76/100|[from] Stealth Rock
|turn|9
|
|t:|1651623000
|move|p1a: Salamence|Earthquake|p2a: Necrozma
|-supereffective|p2a: Necrozma
|-damage|p2a: Necrozma|72/100
|move|p2a: Necrozma|Toxic|p1a: Salamence
|-status|p1a: Salamence|tox
|
|-heal|p1a: Salamence|82/100 tox|[from] item: Leftovers
|-damage|p1a: Salamence|76/100 tox|[from] psn
|-end|p2a: Necrozma|Disable
|upkeep
|turn|10
|-message|Xx_MLGprosniper_xX forfeited.
|
|win|sgtbattle4
|raw|Xx_MLGprosniper_xX's rating: 1374 &rarr; <strong>1355</strong><br />(-19 for losing)
|raw|sgtbattle4's rating: 1386 &rarr; <strong>1405</strong><br />(+19 for winning)
|l|☆Xx_MLGprosniper_xX
