|j|☆MiguelRRM
|j|☆BuckfromGothamCity
|t:|1667285859
|gametype|singles
|player|p1|MiguelRRM|lucas|1826
|player|p2|BuckfromGothamCity|rye|2118
|teamsize|p1|6
|teamsize|p2|6
|gen|8
|tier|[Gen 8] National Dex AG
|rated|
|rule|HP Percentage Mod: HP is shown in percentages
|rule|Endless Battle Clause: Forcing endless battles is banned
|clearpoke
|poke|p1|Yveltal|
|poke|p1|Ho-Oh|
|poke|p1|Rayquaza|
|poke|p1|Necrozma-Dusk-Mane|
|poke|p1|Calyrex-Shadow|
|poke|p1|Arceus-*|
|poke|p2|Ho-Oh|
|poke|p2|Zygarde|
|poke|p2|Necrozma-Dusk-Mane|
|poke|p2|Yveltal|
|poke|p2|Chansey, F|
|poke|p2|Arceus-*|
|teampreview
|inactive|Battle timer is ON: inactive players will automatically lose when time's up. (requested by BuckfromGothamCity)
|
|t:|1667285866
|start
|switch|p1a: Yveltal|Yveltal|100/100
|switch|p2a: Arceus|Arceus-Fairy|100/100
|-ability|p1a: Yveltal|Dark Aura
|turn|1
|
|t:|1667285873
|-start|p1a: Yveltal|Dynamax|
|-heal|p1a: Yveltal|100/100|[silent]
|move|p1a: Yveltal|Max Airstream|p2a: Arceus
|-damage|p2a: Arceus|59/100
|-boost|p1a: Yveltal|spe|1
|-damage|p1a: Yveltal|96/100|[from] item: Life Orb
|move|p2a: Arceus|Judgment|p1a: Yveltal
|-supereffective|p1a: Yveltal
|-damage|p1a: Yveltal|51/100
|
|upkeep
|turn|2
|
|t:|1667285881
|move|p1a: Yveltal|Max Airstream|p2a: Arceus
|-damage|p2a: Arceus|16/100
|-boost|p1a: Yveltal|spe|1
|-damage|p1a: Yveltal|46/100|[from] item: Life Orb
|move|p2a: Arceus|Recover|p2a: Arceus
|-heal|p2a: Arceus|66/100
|
|upkeep
|turn|3
|
|t:|1667285885
|move|p1a: Yveltal|Max Darkness|p2a: Arceus
|-resisted|p2a: Arceus
|-damage|p2a: Arceus|38/100
|-unboost|p2a: Arceus|spd|1
|-damage|p1a: Yveltal|41/100|[from] item: Life Orb
|move|p2a: Arceus|Recover|p2a: Arceus
|-heal|p2a: Arceus|88/100
|
|upkeep
|-end|p1a: Yveltal|Dynamax
|-heal|p1a: Yveltal|41/100|[silent]
|turn|4
|
|t:|1667285893
|move|p1a: Yveltal|Taunt|p2a: Arceus
|-start|p2a: Arceus|move: Taunt
|cant|p2a: Arceus|move: Taunt|Recover
|
|upkeep
|turn|5
|
|t:|1667285903
|switch|p1a: Ho-Oh|Ho-Oh|100/100
|switch|p2a: Phoenix Emperor|Ho-Oh|100/100
|
|upkeep
|turn|6
|
|t:|1667285906
|switch|p2a: Solar mountain|Necrozma-Dusk-Mane|100/100
|move|p1a: Ho-Oh|Toxic|p2a: Solar mountain
|-immune|p2a: Solar mountain
|
|upkeep
|turn|7
|
|t:|1667285909
|move|p1a: Ho-Oh|Sacred Fire|p2a: Solar mountain
|-supereffective|p2a: Solar mountain
|-damage|p2a: Solar mountain|66/100
|move|p2a: Solar mountain|Knock Off|p1a: Ho-Oh
|-damage|p1a: Ho-Oh|78/100
|-enditem|p1a: Ho-Oh|Heavy-Duty Boots|[from] move: Knock Off|[of] p2a: Solar mountain
|
|upkeep
|turn|8
|
|t:|1667285912
|move|p1a: Ho-Oh|Sacred Fire|p2a: Solar mountain
|-supereffective|p2a: Solar mountain
|-damage|p2a: Solar mountain|29/100
|-status|p2a: Solar mountain|brn
|move|p2a: Solar mountain|Morning Sun|p2a: Solar mountain
|-heal|p2a: Solar mountain|79/100 brn
|
|-damage|p2a: Solar mountain|73/100 brn|[from] brn
|upkeep
|turn|9
|
|t:|1667285917
|move|p1a: Ho-Oh|Sacred Fire|p2a: Solar mountain
|-supereffective|p2a: Solar mountain
|-damage|p2a: Solar mountain|41/100 brn
|move|p2a: Solar mountain|Morning Sun|p2a: Solar mountain
|-heal|p2a: Solar mountain|91/100 brn
|
|-damage|p2a: Solar mountain|85/100 brn|[from] brn
|upkeep
|turn|10
|
|t:|1667285921
|switch|p1a: Yveltal|Yveltal|41/100
|-ability|p1a: Yveltal|Dark Aura
|move|p2a: Solar mountain|Stealth Rock|p1a: Yveltal
|-sidestart|p1: MiguelRRM|move: Stealth Rock
|
|-damage|p2a: Solar mountain|79/100 brn|[from] brn
|upkeep
|turn|11
|
|t:|1667285926
|switch|p2a: Phoenix Emperor|Ho-Oh|100/100
|move|p1a: Yveltal|Knock Off|p2a: Phoenix Emperor
|-damage|p2a: Phoenix Emperor|21/100
|-enditem|p2a: Phoenix Emperor|Heavy-Duty Boots|[from] move: Knock Off|[of] p1a: Yveltal
|-damage|p1a: Yveltal|32/100|[from] item: Life Orb
|
|upkeep
|turn|12
|
|t:|1667285938
|switch|p2a: Arceus|Arceus-Fairy|88/100
|move|p1a: Yveltal|Knock Off|p2a: Arceus
|-resisted|p2a: Arceus
|-crit|p2a: Arceus
|-damage|p2a: Arceus|66/100
|-damage|p1a: Yveltal|22/100|[from] item: Life Orb
|
|upkeep
|turn|13
|
|t:|1667285942
|switch|p1a: Necrozma|Necrozma-Dusk-Mane|100/100
|-damage|p1a: Necrozma|94/100|[from] Stealth Rock
|move|p2a: Arceus|Judgment|p1a: Necrozma
|-resisted|p1a: Necrozma
|-damage|p1a: Necrozma|75/100
|
|upkeep
|turn|14
|
|t:|1667285944
|move|p2a: Arceus|Will-O-Wisp|p1a: Necrozma
|-status|p1a: Necrozma|brn
|move|p1a: Necrozma|Stealth Rock|p2a: Arceus
|-sidestart|p2: BuckfromGothamCity|move: Stealth Rock
|
|-damage|p1a: Necrozma|69/100 brn|[from] brn
|upkeep
|turn|15
|
|t:|1667285947
|move|p2a: Arceus|Defog|p1a: Necrozma
|-unboost|p1a: Necrozma|evasion|1
|-sideend|p1: MiguelRRM|Stealth Rock|[from] move: Defog|[of] p2a: Arceus
|-sideend|p2: BuckfromGothamCity|Stealth Rock|[from] move: Defog|[of] p2a: Arceus
|move|p1a: Necrozma|Thunder Wave|p2a: Arceus
|-status|p2a: Arceus|par
|
|-damage|p1a: Necrozma|63/100 brn|[from] brn
|upkeep
|turn|16
|
|t:|1667285950
|switch|p2a: Phoenix Emperor|Ho-Oh|54/100
|move|p1a: Necrozma|Stealth Rock|p2a: Phoenix Emperor
|-sidestart|p2: BuckfromGothamCity|move: Stealth Rock
|
|-damage|p1a: Necrozma|57/100 brn|[from] brn
|upkeep
|turn|17
|
|t:|1667285955
|move|p2a: Phoenix Emperor|Defog|p1a: Necrozma
|-unboost|p1a: Necrozma|evasion|1
|-sideend|p2: BuckfromGothamCity|Stealth Rock|[from] move: Defog|[of] p2a: Phoenix Emperor
|move|p1a: Necrozma|Thunder Wave|p2a: Phoenix Emperor
|-status|p2a: Phoenix Emperor|par
|
|-damage|p1a: Necrozma|50/100 brn|[from] brn
|upkeep
|turn|18
|
|t:|1667285958
|switch|p2a: Chansey|Chansey, F|100/100
|move|p1a: Necrozma|Morning Sun|p1a: Necrozma
|-heal|p1a: Necrozma|100/100 brn
|
|-damage|p1a: Necrozma|94/100 brn|[from] brn
|upkeep
|turn|19
|
|t:|1667285961
|move|p1a: Necrozma|Knock Off|p2a: Chansey
|-damage|p2a: Chansey|87/100
|-enditem|p2a: Chansey|Eviolite|[from] move: Knock Off|[of] p1a: Necrozma
|move|p2a: Chansey|Heal Bell|p2a: Chansey
|-activate|p2a: Chansey|move: Heal Bell
|-curestatus|p2: Solar mountain|brn|[msg]
|-curestatus|p2: Phoenix Emperor|par|[msg]
|-curestatus|p2: Arceus|par|[msg]
|
|-damage|p1a: Necrozma|88/100 brn|[from] brn
|upkeep
|turn|20
|
|t:|1667285968
|switch|p2a: Phoenix Emperor|Ho-Oh|87/100
|move|p1a: Necrozma|Stealth Rock|p2a: Phoenix Emperor
|-sidestart|p2: BuckfromGothamCity|move: Stealth Rock
|
|-damage|p1a: Necrozma|82/100 brn|[from] brn
|upkeep
|turn|21
|
|t:|1667285972
|move|p2a: Phoenix Emperor|Defog|p1a: Necrozma
|-unboost|p1a: Necrozma|evasion|1
|-sideend|p2: BuckfromGothamCity|Stealth Rock|[from] move: Defog|[of] p2a: Phoenix Emperor
|move|p1a: Necrozma|Thunder Wave|p2a: Phoenix Emperor
|-status|p2a: Phoenix Emperor|par
|
|-damage|p1a: Necrozma|76/100 brn|[from] brn
|upkeep
|turn|22
|
|t:|1667285975
|move|p1a: Necrozma|Stealth Rock|p2a: Phoenix Emperor
|-sidestart|p2: BuckfromGothamCity|move: Stealth Rock
|move|p2a: Phoenix Emperor|Sacred Fire|p1a: Necrozma
|-supereffective|p1a: Necrozma
|-damage|p1a: Necrozma|33/100 brn
|
|-damage|p1a: Necrozma|27/100 brn|[from] brn
|upkeep
|turn|23
|
|t:|1667285978
|move|p1a: Necrozma|Morning Sun|p1a: Necrozma
|-heal|p1a: Necrozma|77/100 brn
|move|p2a: Phoenix Emperor|Defog|p1a: Necrozma
|-unboost|p1a: Necrozma|evasion|1
|-sideend|p2: BuckfromGothamCity|Stealth Rock|[from] move: Defog|[of] p2a: Phoenix Emperor
|
|-damage|p1a: Necrozma|71/100 brn|[from] brn
|upkeep
|turn|24
|
|t:|1667285982
|move|p1a: Necrozma|Stealth Rock|p2a: Phoenix Emperor
|-sidestart|p2: BuckfromGothamCity|move: Stealth Rock
|move|p2a: Phoenix Emperor|Sacred Fire|p1a: Necrozma
|-supereffective|p1a: Necrozma
|-damage|p1a: Necrozma|24/100 brn
|
|-damage|p1a: Necrozma|18/100 brn|[from] brn
|upkeep
|turn|25
|
|t:|1667285985
|move|p1a: Necrozma|Morning Sun|p1a: Necrozma
|-heal|p1a: Necrozma|68/100 brn
|move|p2a: Phoenix Emperor|Defog|p1a: Necrozma
|-unboost|p1a: Necrozma|evasion|1
|-sideend|p2: BuckfromGothamCity|Stealth Rock|[from] move: Defog|[of] p2a: Phoenix Emperor
|
|-damage|p1a: Necrozma|62/100 brn|[from] brn
|upkeep
|turn|26
|
|t:|1667285989
|move|p1a: Necrozma|Stealth Rock|p2a: Phoenix Emperor
|-sidestart|p2: BuckfromGothamCity|move: Stealth Rock
|cant|p2a: Phoenix Emperor|par
|
|-damage|p1a: Necrozma|56/100 brn|[from] brn
|upkeep
|turn|27
|
|t:|1667285995
|move|p1a: Necrozma|Knock Off|p2a: Phoenix Emperor
|-damage|p2a: Phoenix Emperor|78/100 par
|move|p2a: Phoenix Emperor|Defog|p1a: Necrozma
|-unboost|p1a: Necrozma|evasion|1
|-sideend|p2: BuckfromGothamCity|Stealth Rock|[from] move: Defog|[of] p2a: Phoenix Emperor
|
|-damage|p1a: Necrozma|50/100 brn|[from] brn
|upkeep
|turn|28
|
|t:|1667285998
|move|p1a: Necrozma|Stealth Rock|p2a: Phoenix Emperor
|-sidestart|p2: BuckfromGothamCity|move: Stealth Rock
|move|p2a: Phoenix Emperor|Sacred Fire|p1a: Necrozma
|-supereffective|p1a: Necrozma
|-damage|p1a: Necrozma|6/100 brn
|
|-damage|p1a: Necrozma|0 fnt|[from] brn
|faint|p1a: Necrozma
|upkeep
|
|t:|1667286005
|switch|p1a: Yveltal|Yveltal|22/100
|-ability|p1a: Yveltal|Dark Aura
|turn|29
|
|t:|1667286009
|move|p1a: Yveltal|Taunt|p2a: Phoenix Emperor
|-start|p2a: Phoenix Emperor|move: Taunt
|cant|p2a: Phoenix Emperor|par
|
|upkeep
|turn|30
|
|t:|1667286019
|move|p1a: Yveltal|Knock Off|p2a: Phoenix Emperor
|-damage|p2a: Phoenix Emperor|22/100 par
|-damage|p1a: Yveltal|12/100|[from] item: Life Orb
|cant|p2a: Phoenix Emperor|par
|
|upkeep
|turn|31
|c|☆BuckfromGothamCity|bro
|
|t:|1667286028
|switch|p2a: dragon guardian|Zygarde|100/100
|-damage|p2a: dragon guardian|94/100|[from] Stealth Rock
|move|p1a: Yveltal|Knock Off|p2a: dragon guardian
|-damage|p2a: dragon guardian|51/100
|-enditem|p2a: dragon guardian|Safety Goggles|[from] move: Knock Off|[of] p1a: Yveltal
|-damage|p1a: Yveltal|2/100|[from] item: Life Orb
|
|upkeep
|turn|32
|
|t:|1667286032
|move|p1a: Yveltal|Taunt|p2a: dragon guardian
|-start|p2a: dragon guardian|move: Taunt
|move|p2a: dragon guardian|Thousand Arrows|p1a: Yveltal
|-damage|p1a: Yveltal|0 fnt
|faint|p1a: Yveltal
|
|upkeep
|
|t:|1667286036
|switch|p1a: Rayquaza|Rayquaza|100/100
|-ability|p1a: Rayquaza|Air Lock
|turn|33
|
|t:|1667286038
|switch|p2a: Solar mountain|Necrozma-Dusk-Mane|79/100
|-damage|p2a: Solar mountain|73/100|[from] Stealth Rock
|detailschange|p1a: Rayquaza|Rayquaza-Mega
|-mega|p1a: Rayquaza|Rayquaza|
|-weather|DeltaStream|[from] ability: Delta Stream|[of] p1a: Rayquaza
|move|p1a: Rayquaza|Scale Shot|p2a: Solar mountain
|-resisted|p2a: Solar mountain
|-damage|p2a: Solar mountain|67/100
|-resisted|p2a: Solar mountain
|-crit|p2a: Solar mountain
|-damage|p2a: Solar mountain|58/100
|-hitcount|p2a: Solar mountain|2
|-unboost|p1a: Rayquaza|def|1
|-boost|p1a: Rayquaza|spe|1
|-damage|p1a: Rayquaza|91/100|[from] item: Life Orb
|
|-weather|DeltaStream|[upkeep]
|upkeep
|turn|34
|
|t:|1667286042
|-start|p2a: Solar mountain|Dynamax|
|-heal|p2a: Solar mountain|58/100|[silent]
|move|p1a: Rayquaza|V-create|p2a: Solar mountain
|-supereffective|p2a: Solar mountain
|-damage|p2a: Solar mountain|16/100
|-unboost|p1a: Rayquaza|spe|1
|-unboost|p1a: Rayquaza|def|1
|-unboost|p1a: Rayquaza|spd|1
|-damage|p1a: Rayquaza|74/100|[from] item: Rocky Helmet|[of] p2a: Solar mountain
|-damage|p1a: Rayquaza|64/100|[from] item: Life Orb
|move|p2a: Solar mountain|Max Steelspike|p1a: Rayquaza
|-damage|p1a: Rayquaza|0 fnt
|-boost|p2a: Solar mountain|def|1
|faint|p1a: Rayquaza
|-weather|none
|
|upkeep
|
|t:|1667286044
|switch|p1a: Calyrex|Calyrex-Shadow|100/100
|-ability|p1a: Calyrex|As One
|-ability|p1a: Calyrex|Unnerve
|turn|35
|
|t:|1667286050
|-end|p2a: Solar mountain|Dynamax
|-heal|p2a: Solar mountain|16/100|[silent]
|switch|p2a: Yveltal|Yveltal|100/100
|-ability|p2a: Yveltal|Dark Aura
|move|p1a: Calyrex|Astral Barrage|p2a: Yveltal
|-resisted|p2a: Yveltal
|-damage|p2a: Yveltal|78/100
|
|upkeep
|turn|36
|
|t:|1667286056
|switch|p1a: Arceus|Arceus-Dark|100/100
|move|p2a: Yveltal|Foul Play|p1a: Arceus
|-resisted|p1a: Arceus
|-damage|p1a: Arceus|84/100
|
|upkeep
|turn|37
|
|t:|1667286059
|switch|p1a: Calyrex|Calyrex-Shadow|100/100
|-ability|p1a: Calyrex|As One
|-ability|p1a: Calyrex|Unnerve
|switch|p2a: Arceus|Arceus-Fairy|66/100
|-damage|p2a: Arceus|53/100|[from] Stealth Rock
|
|upkeep
|turn|38
|
|t:|1667286064
|switch|p2a: Yveltal|Yveltal|78/100
|-ability|p2a: Yveltal|Dark Aura
|move|p1a: Calyrex|Taunt|p2a: Yveltal
|-start|p2a: Yveltal|move: Taunt
|
|upkeep
|turn|39
|
|t:|1667286068
|switch|p1a: Ho-Oh|Ho-Oh|100/100
|switch|p2a: Arceus|Arceus-Fairy|53/100
|-damage|p2a: Arceus|41/100|[from] Stealth Rock
|
|upkeep
|turn|40
|
|t:|1667286071
|move|p2a: Arceus|Defog|p1a: Ho-Oh
|-unboost|p1a: Ho-Oh|evasion|1
|-sideend|p2: BuckfromGothamCity|Stealth Rock|[from] move: Defog|[of] p2a: Arceus
|move|p1a: Ho-Oh|Toxic|p2a: Arceus
|-status|p2a: Arceus|tox
|
|-damage|p2a: Arceus|35/100 tox|[from] psn
|upkeep
|turn|41
|
|t:|1667286074
|move|p2a: Arceus|Recover|p2a: Arceus
|-heal|p2a: Arceus|85/100 tox
|move|p1a: Ho-Oh|Sacred Fire|p2a: Arceus
|-damage|p2a: Arceus|65/100 tox
|
|-damage|p2a: Arceus|53/100 tox|[from] psn
|upkeep
|turn|42
|
|t:|1667286077
|switch|p2a: dragon guardian|Zygarde|51/100
|move|p1a: Ho-Oh|Sacred Fire|p2a: dragon guardian
|-resisted|p2a: dragon guardian
|-damage|p2a: dragon guardian|41/100
|
|-activate|p2a: dragon guardian|ability: Power Construct
|detailschange|p2a: dragon guardian|Zygarde-Complete
|-heal|p2a: dragon guardian|61/100|[silent]
|upkeep
|turn|43
|
|t:|1667286086
|move|p1a: Ho-Oh|Toxic|p2a: dragon guardian|[miss]
|-miss|p1a: Ho-Oh|p2a: dragon guardian
|move|p2a: dragon guardian|Glare|p1a: Ho-Oh
|-status|p1a: Ho-Oh|par
|
|upkeep
|turn|44
|
|t:|1667286089
|move|p2a: dragon guardian|Rest|p2a: dragon guardian
|-status|p2a: dragon guardian|slp|[from] move: Rest
|-heal|p2a: dragon guardian|100/100 slp|[silent]
|cant|p1a: Ho-Oh|par
|
|upkeep
|turn|45
|
|t:|1667286092
|switch|p2a: Yveltal|Yveltal|78/100
|-ability|p2a: Yveltal|Dark Aura
|switch|p1a: Calyrex|Calyrex-Shadow|100/100
|-ability|p1a: Calyrex|As One
|-ability|p1a: Calyrex|Unnerve
|
|upkeep
|turn|46
|
|t:|1667286095
|move|p1a: Calyrex|Draining Kiss|p2a: Yveltal
|-supereffective|p2a: Yveltal
|-damage|p2a: Yveltal|55/100
|move|p2a: Yveltal|Roost|p2a: Yveltal
|-heal|p2a: Yveltal|100/100
|-singleturn|p2a: Yveltal|move: Roost
|
|upkeep
|turn|47
|
|t:|1667286098
|move|p1a: Calyrex|Taunt|p2a: Yveltal
|-start|p2a: Yveltal|move: Taunt
|cant|p2a: Yveltal|move: Taunt|Toxic
|
|upkeep
|turn|48
|-message|MiguelRRM forfeited.
|
|win|BuckfromGothamCity
|raw|MiguelRRM's rating: 1826 &rarr; <strong>1820</strong><br />(-6 for losing)
|raw|BuckfromGothamCity's rating: 2118 &rarr; <strong>2124</strong><br />(+6 for winning)
|l|☆MiguelRRM
