|j|☆Dugtrio Is Broken
|j|☆NOAH MK2
|t:|1638370335
|gametype|singles
|player|p1|Dugtrio Is Broken|rood|1842
|player|p2|NOAH MK2|1|1787
|teamsize|p1|6
|teamsize|p2|6
|gen|8
|tier|[Gen 8] National Dex AG
|rated|
|rule|HP Percentage Mod: HP is shown in percentages
|rule|Endless Battle Clause: Forcing endless battles is banned
|clearpoke
|poke|p1|Arceus-*|
|poke|p1|Yveltal|
|poke|p1|Ferrothorn, F|
|poke|p1|Groudon|
|poke|p1|Rayquaza|
|poke|p1|Ditto|
|poke|p2|Klefki, M|
|poke|p2|Lugia|
|poke|p2|Zacian-*|
|poke|p2|Arceus-*|
|poke|p2|Groudon|
|poke|p2|Rayquaza|
|teampreview
|
|t:|1638370360
|start
|switch|p1a: Groudon|Groudon|100/100
|switch|p2a: Klefki|Klefki, M|100/100
|detailschange|p1a: Groudon|Groudon-Primal
|-primal|p1a: Groudon
|-weather|DesolateLand|[from] ability: Desolate Land|[of] p1a: Groudon
|turn|1
|
|t:|1638370366
|move|p2a: Klefki|Reflect|p2a: Klefki
|-sidestart|p2: NOAH MK2|Reflect
|move|p1a: Groudon|Stealth Rock|p2a: Klefki
|-sidestart|p2: NOAH MK2|move: Stealth Rock
|
|-weather|DesolateLand|[upkeep]
|upkeep
|turn|2
|
|t:|1638370369
|move|p2a: Klefki|Light Screen|p2a: Klefki
|-sidestart|p2: NOAH MK2|move: Light Screen
|move|p1a: Groudon|Precipice Blades|p2a: Klefki
|-supereffective|p2a: Klefki
|-damage|p2a: Klefki|46/100
|
|-weather|DesolateLand|[upkeep]
|upkeep
|turn|3
|
|t:|1638370376
|switch|p2a: Rayquaza|Rayquaza|100/100
|-damage|p2a: Rayquaza|76/100|[from] Stealth Rock
|-ability|p2a: Rayquaza|Air Lock
|move|p1a: Groudon|Precipice Blades|p2a: Rayquaza
|-immune|p2a: Rayquaza
|
|-weather|DesolateLand|[upkeep]
|upkeep
|turn|4
|
|t:|1638370380
|detailschange|p2a: Rayquaza|Rayquaza-Mega
|-mega|p2a: Rayquaza|Rayquaza|
|-weather|DeltaStream|[from] ability: Delta Stream|[of] p2a: Rayquaza
|move|p2a: Rayquaza|Swords Dance|p2a: Rayquaza
|-boost|p2a: Rayquaza|atk|2
|move|p1a: Groudon|Dragon Tail|p2a: Rayquaza
|-supereffective|p2a: Rayquaza
|-damage|p2a: Rayquaza|51/100
|-weather|none
|drag|p2a: Zacian|Zacian-Crowned|100/100
|-damage|p2a: Zacian|94/100|[from] Stealth Rock
|-ability|p2a: Zacian|Intrepid Sword|boost
|-boost|p2a: Zacian|atk|1
|
|upkeep
|turn|5
|
|t:|1638370389
|switch|p2a: Rayquaza|Rayquaza-Mega|51/100
|-damage|p2a: Rayquaza|27/100|[from] Stealth Rock
|-weather|DeltaStream|[from] ability: Delta Stream|[of] p2a: Rayquaza
|move|p1a: Groudon|Precipice Blades|p2a: Rayquaza
|-immune|p2a: Rayquaza
|
|-weather|DeltaStream|[upkeep]
|upkeep
|turn|6
|
|t:|1638370392
|move|p2a: Rayquaza|Dragon Ascent|p1a: Groudon
|-damage|p1a: Groudon|52/100
|-unboost|p2a: Rayquaza|def|1
|-unboost|p2a: Rayquaza|spd|1
|-damage|p2a: Rayquaza|17/100|[from] item: Life Orb
|move|p1a: Groudon|Dragon Tail|p2a: Rayquaza
|-supereffective|p2a: Rayquaza
|-damage|p2a: Rayquaza|0 fnt
|faint|p2a: Rayquaza
|-weather|none
|
|upkeep
|
|t:|1638370401
|switch|p2a: Zacian|Zacian-Crowned|94/100
|-damage|p2a: Zacian|88/100|[from] Stealth Rock
|-ability|p2a: Zacian|Intrepid Sword|boost
|-boost|p2a: Zacian|atk|1
|turn|7
|
|t:|1638370404
|move|p2a: Zacian|Close Combat|p1a: Groudon
|-damage|p1a: Groudon|17/100
|-unboost|p2a: Zacian|def|1
|-unboost|p2a: Zacian|spd|1
|move|p1a: Groudon|Precipice Blades|p2a: Zacian
|-supereffective|p2a: Zacian
|-damage|p2a: Zacian|0 fnt
|faint|p2a: Zacian
|
|upkeep
|
|t:|1638370412
|switch|p2a: Arceus|Arceus-Dark|100/100
|-damage|p2a: Arceus|88/100|[from] Stealth Rock
|turn|8
|
|t:|1638370416
|move|p2a: Arceus|Judgment|p1a: Groudon
|-damage|p1a: Groudon|0 fnt
|faint|p1a: Groudon
|
|-sideend|p2: NOAH MK2|Reflect
|upkeep
|
|t:|1638370422
|switch|p1a: Yveltal|Yveltal|100/100
|-ability|p1a: Yveltal|Dark Aura
|turn|9
|
|t:|1638370425
|move|p2a: Arceus|Calm Mind|p2a: Arceus
|-boost|p2a: Arceus|spa|1
|-boost|p2a: Arceus|spd|1
|move|p1a: Yveltal|Toxic|p2a: Arceus|[miss]
|-miss|p1a: Yveltal|p2a: Arceus
|
|-sideend|p2: NOAH MK2|move: Light Screen
|upkeep
|turn|10
|
|t:|1638370430
|-start|p2a: Arceus|Dynamax
|-heal|p2a: Arceus|88/100|[silent]
|move|p2a: Arceus|Max Hailstorm|p1a: Yveltal
|-supereffective|p1a: Yveltal
|-damage|p1a: Yveltal|28/100
|-weather|Hail
|move|p1a: Yveltal|Toxic|p2a: Arceus
|-status|p2a: Arceus|tox
|
|-weather|Hail|[upkeep]
|-damage|p2a: Arceus|85/100 tox|[from] Hail
|-damage|p1a: Yveltal|21/100|[from] Hail
|-damage|p2a: Arceus|82/100 tox|[from] psn
|upkeep
|turn|11
|
|t:|1638370439
|switch|p1a: Ditto|Ditto|100/100
|-transform|p1a: Ditto|p2a: Arceus|[from] ability: Imposter
|move|p2a: Arceus|Max Hailstorm|p1a: Ditto
|-damage|p1a: Ditto|57/100
|
|-weather|Hail|[upkeep]
|-damage|p1a: Ditto|51/100|[from] Hail
|-damage|p2a: Arceus|79/100 tox|[from] Hail
|-damage|p2a: Arceus|73/100 tox|[from] psn
|upkeep
|turn|12
|
|t:|1638370444
|move|p1a: Ditto|Recover|p1a: Ditto
|-heal|p1a: Ditto|100/100
|move|p2a: Arceus|Max Darkness|p1a: Ditto
|-resisted|p1a: Ditto
|-damage|p1a: Ditto|62/100
|-unboost|p1a: Ditto|spd|1
|
|-weather|Hail|[upkeep]
|-damage|p1a: Ditto|57/100|[from] Hail
|-damage|p2a: Arceus|70/100 tox|[from] Hail
|-damage|p2a: Arceus|61/100 tox|[from] psn
|-end|p2a: Arceus|Dynamax
|-heal|p2a: Arceus|61/100 tox|[silent]
|upkeep
|turn|13
|
|t:|1638370448
|move|p1a: Ditto|Recover|p1a: Ditto
|-heal|p1a: Ditto|100/100
|move|p2a: Arceus|Ice Beam|p1a: Ditto
|-damage|p1a: Ditto|55/100
|
|-weather|Hail|[upkeep]
|-damage|p1a: Ditto|49/100|[from] Hail
|-damage|p2a: Arceus|55/100 tox|[from] Hail
|-damage|p2a: Arceus|31/100 tox|[from] psn
|upkeep
|turn|14
|
|t:|1638370454
|move|p1a: Ditto|Recover|p1a: Ditto
|-heal|p1a: Ditto|99/100
|move|p2a: Arceus|Judgment|p1a: Ditto
|-resisted|p1a: Ditto
|-damage|p1a: Ditto|54/100
|
|-weather|none
|-damage|p2a: Arceus|1/100 tox|[from] psn
|upkeep
|turn|15
|
|t:|1638370459
|move|p1a: Ditto|Recover|p1a: Ditto
|-heal|p1a: Ditto|100/100
|move|p2a: Arceus|Judgment|p1a: Ditto
|-resisted|p1a: Ditto
|-damage|p1a: Ditto|61/100
|
|-damage|p2a: Arceus|0 fnt|[from] psn
|faint|p2a: Arceus
|upkeep
|
|t:|1638370464
|switch|p2a: Groudon|Groudon|100/100
|-damage|p2a: Groudon|94/100|[from] Stealth Rock
|detailschange|p2a: Groudon|Groudon-Primal
|-primal|p2a: Groudon
|-weather|DesolateLand|[from] ability: Desolate Land|[of] p2a: Groudon
|turn|16
|
|t:|1638370470
|switch|p1a: Yveltal|Yveltal|21/100
|-ability|p1a: Yveltal|Dark Aura
|move|p2a: Groudon|Stealth Rock|p1a: Yveltal
|-sidestart|p1: Dugtrio Is Broken|move: Stealth Rock
|
|-weather|DesolateLand|[upkeep]
|upkeep
|turn|17
|
|t:|1638370477
|-weather|none
|switch|p2a: Klefki|Klefki, M|46/100
|-damage|p2a: Klefki|40/100|[from] Stealth Rock
|move|p1a: Yveltal|Roost|p1a: Yveltal
|-heal|p1a: Yveltal|71/100
|-singleturn|p1a: Yveltal|move: Roost
|
|upkeep
|turn|18
|
|t:|1638370483
|move|p2a: Klefki|Light Screen|p2a: Klefki
|-sidestart|p2: NOAH MK2|move: Light Screen
|move|p1a: Yveltal|Defog|p2a: Klefki
|-unboost|p2a: Klefki|evasion|1
|-sideend|p2: NOAH MK2|move: Light Screen
|-sideend|p2: NOAH MK2|Stealth Rock|[from] move: Defog|[of] p1a: Yveltal
|-sideend|p1: Dugtrio Is Broken|Stealth Rock|[from] move: Defog|[of] p1a: Yveltal
|
|upkeep
|turn|19
|-message|NOAH MK2 forfeited.
|
|win|Dugtrio Is Broken
|raw|Dugtrio Is Broken's rating: 1842 &rarr; <strong>1859</strong><br />(+17 for winning)
|raw|NOAH MK2's rating: 1787 &rarr; <strong>1770</strong><br />(-17 for losing)
|l|☆NOAH MK2
