|j|☆SacredLatias ☯
|j|☆BigDuckie
|t:|1622779823
|gametype|singles
|player|p1|SacredLatias ☯|furisodegirl-black|1644
|player|p2|BigDuckie|clair|1814
|teamsize|p1|6
|teamsize|p2|6
|gen|8
|tier|[Gen 8] National Dex AG
|rated|
|rule|HP Percentage Mod: HP is shown in percentages
|rule|Endless Battle Clause: Forcing endless battles is banned
|clearpoke
|poke|p1|Yveltal|
|poke|p1|Regieleki|
|poke|p1|Zygarde|
|poke|p1|Xerneas-*|
|poke|p1|Kyogre|
|poke|p1|Lunala|
|poke|p2|Arceus-*|
|poke|p2|Arceus-*|
|poke|p2|Ditto|
|poke|p2|Grimmsnarl, M|
|poke|p2|Arceus-*|
|poke|p2|Arceus-*|
|teampreview
|inactive|Battle timer is ON: inactive players will automatically lose when time's up. (requested by BigDuckie)
|
|t:|1622779854
|start
|switch|p1a: Lunala|Lunala, shiny|100/100
|switch|p2a: Arceus|Arceus-Ground|100/100
|turn|1
|
|t:|1622779859
|move|p2a: Arceus|Swords Dance|p2a: Arceus
|-boost|p2a: Arceus|atk|2
|move|p1a: Lunala|Ice Beam|p2a: Arceus
|-supereffective|p2a: Arceus
|-damage|p2a: Arceus|56/100
|
|upkeep
|turn|2
|
|t:|1622779863
|move|p2a: Arceus|Earthquake|p1a: Lunala
|-damage|p1a: Lunala|70/100
|move|p1a: Lunala|Will-O-Wisp|p2a: Arceus
|-status|p2a: Arceus|brn
|
|-damage|p2a: Arceus|50/100 brn|[from] brn
|upkeep
|turn|3
|
|t:|1622779867
|move|p2a: Arceus|Earthquake|p1a: Lunala
|-damage|p1a: Lunala|36/100
|move|p1a: Lunala|Roost|p1a: Lunala
|-heal|p1a: Lunala|86/100
|-singleturn|p1a: Lunala|move: Roost
|
|-damage|p2a: Arceus|44/100 brn|[from] brn
|upkeep
|turn|4
|
|t:|1622779876
|switch|p2a: Ditto|Ditto|100/100
|-transform|p2a: Ditto|p1a: Lunala|[from] ability: Imposter
|move|p1a: Lunala|Roost|p1a: Lunala
|-heal|p1a: Lunala|100/100
|-singleturn|p1a: Lunala|move: Roost
|
|upkeep
|turn|5
|-activate|p2a: Ditto|item: Quick Claw
|
|t:|1622779893
|switch|p1a: Yveltal|Yveltal|100/100
|-ability|p1a: Yveltal|Dark Aura
|move|p2a: Ditto|Will-O-Wisp|p1a: Yveltal
|-status|p1a: Yveltal|brn
|
|-damage|p1a: Yveltal|94/100 brn|[from] brn
|upkeep
|turn|6
|
|t:|1622779905
|switch|p2a: Grimmsnarl|Grimmsnarl, M|100/100
|move|p1a: Yveltal|Snarl|p2a: Grimmsnarl|[miss]
|-miss|p1a: Yveltal|p2a: Grimmsnarl
|
|-damage|p1a: Yveltal|88/100 brn|[from] brn
|upkeep
|turn|7
|
|t:|1622779912
|switch|p1a: Xerneas|Xerneas, shiny|100/100
|-ability|p1a: Xerneas|Fairy Aura
|move|p2a: Grimmsnarl|Light Screen|p2a: Grimmsnarl
|-sidestart|p2: BigDuckie|move: Light Screen
|
|upkeep
|turn|8
|
|t:|1622779917
|move|p2a: Grimmsnarl|Thunder Wave|p1a: Xerneas
|-status|p1a: Xerneas|par
|move|p1a: Xerneas|Moonblast|p2a: Grimmsnarl
|-supereffective|p2a: Grimmsnarl
|-damage|p2a: Grimmsnarl|47/100
|
|upkeep
|turn|9
|
|t:|1622779924
|move|p2a: Grimmsnarl|Spirit Break|p1a: Xerneas
|-damage|p1a: Xerneas|69/100 par
|-unboost|p1a: Xerneas|spa|1
|move|p1a: Xerneas|Moonblast|p2a: Grimmsnarl
|-supereffective|p2a: Grimmsnarl
|-damage|p2a: Grimmsnarl|11/100
|-unboost|p2a: Grimmsnarl|spa|1
|
|upkeep
|turn|10
|
|t:|1622779936
|move|p2a: Grimmsnarl|Spirit Break|p1a: Xerneas
|-damage|p1a: Xerneas|33/100 par
|-unboost|p1a: Xerneas|spa|1
|move|p1a: Xerneas|Moonblast|p2a: Grimmsnarl
|-supereffective|p2a: Grimmsnarl
|-damage|p2a: Grimmsnarl|0 fnt
|faint|p2a: Grimmsnarl
|
|upkeep
|
|t:|1622779950
|switch|p2a: Arceus|Arceus-Flying|100/100
|turn|11
|
|t:|1622779957
|switch|p1a: Regieleki|Regieleki|100/100
|move|p2a: Arceus|Swords Dance|p2a: Arceus
|-boost|p2a: Arceus|atk|2
|
|upkeep
|turn|12
|
|t:|1622779971
|switch|p2a: Arceus|Arceus-Ground|100/100
|move|p1a: Regieleki|Reflect|p1a: Regieleki
|-sidestart|p1: SacredLatias ☯|Reflect
|
|upkeep
|turn|13
|
|t:|1622779980
|move|p1a: Regieleki|Light Screen|p1a: Regieleki
|-sidestart|p1: SacredLatias ☯|move: Light Screen
|move|p2a: Arceus|Swords Dance|p2a: Arceus
|-boost|p2a: Arceus|atk|2
|
|upkeep
|turn|14
|
|t:|1622779987
|switch|p1a: Lunala|Lunala, shiny|100/100
|move|p2a: Arceus|Swords Dance|p2a: Arceus
|-boost|p2a: Arceus|atk|2
|
|-sideend|p2: BigDuckie|move: Light Screen
|upkeep
|turn|15
|
|t:|1622780002
|-zpower|p2a: Arceus
|move|p2a: Arceus|Tectonic Rage|p1a: Lunala|[zeffect]
|-damage|p1a: Lunala|60/100
|move|p1a: Lunala|Will-O-Wisp|p2a: Arceus
|-status|p2a: Arceus|brn
|
|-damage|p2a: Arceus|94/100 brn|[from] brn
|upkeep
|turn|16
|
|t:|1622780007
|move|p2a: Arceus|Earthquake|p1a: Lunala
|-damage|p1a: Lunala|39/100
|move|p1a: Lunala|Roost|p1a: Lunala
|-heal|p1a: Lunala|89/100
|-singleturn|p1a: Lunala|move: Roost
|
|-damage|p2a: Arceus|88/100 brn|[from] brn
|upkeep
|turn|17
|
|t:|1622780011
|switch|p2a: Ditto|Ditto|100/100
|-transform|p2a: Ditto|p1a: Lunala|[from] ability: Imposter
|move|p1a: Lunala|Roost|p1a: Lunala
|-heal|p1a: Lunala|100/100
|-singleturn|p1a: Lunala|move: Roost
|
|upkeep
|turn|18
|
|t:|1622780022
|move|p2a: Ditto|Hex|p1a: Lunala
|-supereffective|p1a: Lunala
|-damage|p1a: Lunala|82/100
|move|p1a: Lunala|Hex|p2a: Ditto
|-supereffective|p2a: Ditto
|-damage|p2a: Ditto|36/100
|
|upkeep
|turn|19
|
|t:|1622780033
|switch|p2a: Arceus|Arceus-Ground|88/100 brn
|move|p1a: Lunala|Hex|p2a: Arceus
|-damage|p2a: Arceus|41/100 brn
|
|-damage|p2a: Arceus|35/100 brn|[from] brn
|-sideend|p1: SacredLatias ☯|Reflect
|upkeep
|turn|20
|
|t:|1622780037
|move|p2a: Arceus|Earthquake|p1a: Lunala
|-damage|p1a: Lunala|66/100
|move|p1a: Lunala|Roost|p1a: Lunala
|-heal|p1a: Lunala|100/100
|-singleturn|p1a: Lunala|move: Roost
|
|-damage|p2a: Arceus|29/100 brn|[from] brn
|-sideend|p1: SacredLatias ☯|move: Light Screen
|upkeep
|turn|21
|
|t:|1622780042
|move|p2a: Arceus|Earthquake|p1a: Lunala
|-crit|p1a: Lunala
|-damage|p1a: Lunala|89/100
|move|p1a: Lunala|Ice Beam|p2a: Arceus
|-supereffective|p2a: Arceus
|-damage|p2a: Arceus|0 fnt
|faint|p2a: Arceus
|
|upkeep
|
|t:|1622780048
|switch|p2a: Ditto|Ditto|36/100
|-transform|p2a: Ditto|p1a: Lunala|[from] ability: Imposter
|turn|22
|
|t:|1622780059
|move|p2a: Ditto|Hex|p1a: Lunala
|-supereffective|p1a: Lunala
|-damage|p1a: Lunala|8/100
|move|p1a: Lunala|Roost|p1a: Lunala
|-heal|p1a: Lunala|58/100
|-singleturn|p1a: Lunala|move: Roost
|
|upkeep
|turn|23
|
|t:|1622780067
|switch|p1a: Regieleki|Regieleki|100/100
|move|p2a: Ditto|Hex|p1a: Regieleki
|-damage|p1a: Regieleki|47/100
|
|upkeep
|turn|24
|
|t:|1622780072
|move|p1a: Regieleki|Light Screen|p1a: Regieleki
|-sidestart|p1: SacredLatias ☯|move: Light Screen
|move|p2a: Ditto|Roost|p2a: Ditto
|-heal|p2a: Ditto|86/100
|-singleturn|p2a: Ditto|move: Roost
|
|upkeep
|turn|25
|
|t:|1622780080
|move|p1a: Regieleki|Reflect|p1a: Regieleki
|-sidestart|p1: SacredLatias ☯|Reflect
|move|p2a: Ditto|Roost|p2a: Ditto
|-heal|p2a: Ditto|100/100
|-singleturn|p2a: Ditto|move: Roost
|
|upkeep
|turn|26
|
|t:|1622780083
|move|p1a: Regieleki|Volt Switch|p2a: Ditto
|-damage|p2a: Ditto|77/100
|
|t:|1622780089
|switch|p1a: Kyogre|Kyogre|100/100|[from]move: Volt Switch
|detailschange|p1a: Kyogre|Kyogre-Primal
|-primal|p1a: Kyogre
|-weather|PrimordialSea|[from] ability: Primordial Sea|[of] p1a: Kyogre
|move|p2a: Ditto|Will-O-Wisp|p1a: Kyogre
|-status|p1a: Kyogre|brn
|
|-weather|PrimordialSea|[upkeep]
|-damage|p1a: Kyogre|94/100 brn|[from] brn
|upkeep
|turn|27
|-activate|p2a: Ditto|item: Quick Claw
|
|t:|1622780098
|move|p2a: Ditto|Roost|p2a: Ditto
|-heal|p2a: Ditto|100/100
|-singleturn|p2a: Ditto|move: Roost
|move|p1a: Kyogre|Water Spout|p2a: Ditto
|-damage|p2a: Ditto|31/100
|
|-weather|PrimordialSea|[upkeep]
|-damage|p1a: Kyogre|88/100 brn|[from] brn
|upkeep
|turn|28
|
|t:|1622780111
|switch|p2a: Arceus|Arceus-Ground|44/100 brn
|move|p1a: Kyogre|Water Spout|p2a: Arceus
|-supereffective|p2a: Arceus
|-crit|p2a: Arceus
|-damage|p2a: Arceus|0 fnt
|faint|p2a: Arceus
|
|-weather|PrimordialSea|[upkeep]
|-damage|p1a: Kyogre|82/100 brn|[from] brn
|upkeep
|
|t:|1622780115
|switch|p2a: Ditto|Ditto|31/100
|-transform|p2a: Ditto|p1a: Kyogre|[from] ability: Imposter
|turn|29
|
|t:|1622780119
|move|p2a: Ditto|Thunder|p1a: Kyogre
|-supereffective|p1a: Kyogre
|-damage|p1a: Kyogre|52/100 brn
|move|p1a: Kyogre|Thunder|p2a: Ditto
|-supereffective|p2a: Ditto
|-damage|p2a: Ditto|0 fnt
|faint|p2a: Ditto
|
|-weather|PrimordialSea|[upkeep]
|-damage|p1a: Kyogre|46/100 brn|[from] brn
|upkeep
|
|t:|1622780126
|switch|p2a: Arceus|Arceus-Flying|100/100
|turn|30
|
|t:|1622780131
|move|p2a: Arceus|Swords Dance|p2a: Arceus
|-boost|p2a: Arceus|atk|2
|move|p1a: Kyogre|Thunder|p2a: Arceus
|-supereffective|p2a: Arceus
|-damage|p2a: Arceus|33/100
|
|-weather|PrimordialSea|[upkeep]
|-damage|p1a: Kyogre|40/100 brn|[from] brn
|upkeep
|turn|31
|
|t:|1622780137
|-start|p2a: Arceus|Dynamax
|-heal|p2a: Arceus|33/100|[silent]
|move|p2a: Arceus|Max Airstream|p1a: Kyogre
|-damage|p1a: Kyogre|0 fnt
|-boost|p2a: Arceus|spe|1
|faint|p1a: Kyogre
|-weather|none
|
|-sideend|p1: SacredLatias ☯|move: Light Screen
|upkeep
|
|t:|1622780140
|switch|p1a: Regieleki|Regieleki|47/100
|turn|32
|
|t:|1622780143
|move|p1a: Regieleki|Volt Switch|p2a: Arceus
|-supereffective|p2a: Arceus
|-crit|p2a: Arceus
|-damage|p2a: Arceus|0 fnt
|faint|p2a: Arceus
|
|t:|1622780150
|switch|p1a: Lunala|Lunala, shiny|58/100|[from]move: Volt Switch
|
|-sideend|p1: SacredLatias ☯|Reflect
|upkeep
|
|t:|1622780153
|switch|p2a: Arceus|Arceus-Ground|100/100
|turn|33
|-message|BigDuckie forfeited.
|
|win|SacredLatias ☯
|raw|SacredLatias ☯'s rating: 1644 &rarr; <strong>1673</strong><br />(+29 for winning)
|raw|BigDuckie's rating: 1814 &rarr; <strong>1785</strong><br />(-29 for losing)
|l|☆BigDuckie
