|j|☆NameSome2Better
|j|☆Emorawr79
|t:|1657141185
|gametype|singles
|player|p1|NameSome2Better|hugh|1640
|player|p2|Emorawr79|ghetsis|1832
|teamsize|p1|6
|teamsize|p2|6
|gen|8
|tier|[Gen 8] National Dex AG
|rated|
|rule|HP Percentage Mod: HP is shown in percentages
|rule|Endless Battle Clause: Forcing endless battles is banned
|clearpoke
|poke|p1|Gengar, F|
|poke|p1|Marshadow|
|poke|p1|Yveltal|
|poke|p1|Zygarde|
|poke|p1|Arceus-*|
|poke|p1|Necrozma-Dusk-Mane|
|poke|p2|Calyrex-Shadow|
|poke|p2|Smeargle, F|
|poke|p2|Ditto|
|poke|p2|Zygarde|
|poke|p2|Yveltal|
|poke|p2|Ho-Oh|
|teampreview
|j| Delirious-Bryce
|inactive|Battle timer is ON: inactive players will automatically lose when time's up. (requested by NameSome2Better)
|j| AnswerzWasLast
|
|t:|1657141228
|start
|switch|p1a: Gengar|Gengar, F|100/100
|switch|p2a: Smeargle|Smeargle, F|100/100
|turn|1
|
|t:|1657141238
|detailschange|p1a: Gengar|Gengar-Mega, F
|-mega|p1a: Gengar|Gengar|Gengarite
|move|p1a: Gengar|Substitute|p1a: Gengar
|-start|p1a: Gengar|Substitute
|-damage|p1a: Gengar|76/100
|move|p2a: Smeargle|Spore||[still]
|-fail|p2a: Smeargle
|
|-ability|p2a: Smeargle|Moody|boost
|-boost|p2a: Smeargle|spa|2
|-unboost|p2a: Smeargle|def|1
|upkeep
|turn|2
|
|t:|1657141243
|move|p1a: Gengar|Encore|p2a: Smeargle
|-start|p2a: Smeargle|Encore
|move|p2a: Smeargle|Spore||[still]
|-fail|p2a: Smeargle
|
|-ability|p2a: Smeargle|Moody|boost
|-boost|p2a: Smeargle|spe|2
|-unboost|p2a: Smeargle|spa|1
|upkeep
|turn|3
|
|t:|1657141247
|move|p2a: Smeargle|Spore||[still]
|-fail|p2a: Smeargle
|move|p1a: Gengar|Disable|p2a: Smeargle
|-start|p2a: Smeargle|Disable|Spore
|
|-ability|p2a: Smeargle|Moody|boost
|-boost|p2a: Smeargle|spe|2
|-unboost|p2a: Smeargle|spd|1
|upkeep
|turn|4
|
|t:|1657141253
|-activate|p2a: Smeargle|move: Struggle
|move|p2a: Smeargle|Struggle|p1a: Gengar
|-activate|p1a: Gengar|move: Substitute|[damage]
|-damage|p2a: Smeargle|75/100|[from] recoil
|move|p1a: Gengar|Shadow Ball|p2a: Smeargle
|-immune|p2a: Smeargle
|
|-end|p2a: Smeargle|Encore
|-ability|p2a: Smeargle|Moody|boost
|-boost|p2a: Smeargle|spa|2
|-unboost|p2a: Smeargle|spd|1
|upkeep
|turn|5
|
|t:|1657141259
|move|p2a: Smeargle|Stealth Rock|p1a: Gengar
|-sidestart|p1: NameSome2Better|move: Stealth Rock
|move|p1a: Gengar|Shadow Ball|p2a: Smeargle
|-immune|p2a: Smeargle
|
|-ability|p2a: Smeargle|Moody|boost
|-boost|p2a: Smeargle|spe|2
|-unboost|p2a: Smeargle|atk|1
|upkeep
|turn|6
|
|t:|1657141266
|move|p2a: Smeargle|Endeavor|p1a: Gengar
|-immune|p1a: Gengar
|move|p1a: Gengar|Encore|p2a: Smeargle
|-start|p2a: Smeargle|Encore
|
|-ability|p2a: Smeargle|Moody|boost
|-boost|p2a: Smeargle|atk|2
|-unboost|p2a: Smeargle|spa|1
|upkeep
|turn|7
|
|t:|1657141291
|move|p2a: Smeargle|Endeavor|p1a: Gengar
|-immune|p1a: Gengar
|move|p1a: Gengar|Shadow Ball|p2a: Smeargle
|-immune|p2a: Smeargle
|
|-end|p2a: Smeargle|Disable
|-ability|p2a: Smeargle|Moody|boost
|-boost|p2a: Smeargle|spa|2
|-unboost|p2a: Smeargle|atk|1
|upkeep
|turn|8
|
|t:|1657141294
|move|p2a: Smeargle|Endeavor|p1a: Gengar
|-immune|p1a: Gengar
|move|p1a: Gengar|Disable|p2a: Smeargle
|-start|p2a: Smeargle|Disable|Endeavor
|
|-ability|p2a: Smeargle|Moody|boost
|-boost|p2a: Smeargle|spd|2
|-unboost|p2a: Smeargle|spa|1
|upkeep
|turn|9
|
|t:|1657141297
|-activate|p2a: Smeargle|move: Struggle
|move|p2a: Smeargle|Struggle|p1a: Gengar
|-activate|p1a: Gengar|move: Substitute|[damage]
|-damage|p2a: Smeargle|50/100|[from] recoil
|move|p1a: Gengar|Shadow Ball|p2a: Smeargle
|-immune|p2a: Smeargle
|
|-end|p2a: Smeargle|Encore
|-ability|p2a: Smeargle|Moody|boost
|-boost|p2a: Smeargle|spd|2
|-unboost|p2a: Smeargle|spe|1
|upkeep
|turn|10
|
|t:|1657141302
|move|p2a: Smeargle|Spore||[still]
|-fail|p2a: Smeargle
|move|p1a: Gengar|Encore|p2a: Smeargle
|-start|p2a: Smeargle|Encore
|
|-ability|p2a: Smeargle|Moody|boost
|-boost|p2a: Smeargle|spe|1
|-unboost|p2a: Smeargle|atk|1
|upkeep
|turn|11
|
|t:|1657141310
|move|p2a: Smeargle|Spore||[still]
|-fail|p2a: Smeargle
|move|p1a: Gengar|Shadow Ball|p2a: Smeargle
|-immune|p2a: Smeargle
|
|-ability|p2a: Smeargle|Moody|boost
|-boost|p2a: Smeargle|spa|2
|-unboost|p2a: Smeargle|def|1
|upkeep
|turn|12
|
|t:|1657141318
|move|p2a: Smeargle|Spore||[still]
|-fail|p2a: Smeargle
|move|p1a: Gengar|Shadow Ball|p2a: Smeargle
|-immune|p2a: Smeargle
|
|-end|p2a: Smeargle|Disable
|-ability|p2a: Smeargle|Moody|boost
|-boost|p2a: Smeargle|def|2
|-unboost|p2a: Smeargle|spa|1
|upkeep
|turn|13
|
|t:|1657141327
|move|p2a: Smeargle|Spore||[still]
|-fail|p2a: Smeargle
|move|p1a: Gengar|Disable|p2a: Smeargle
|-start|p2a: Smeargle|Disable|Spore
|
|-end|p2a: Smeargle|Encore
|-ability|p2a: Smeargle|Moody|boost
|-boost|p2a: Smeargle|atk|2
|-unboost|p2a: Smeargle|spd|1
|upkeep
|turn|14
|
|t:|1657141331
|move|p2a: Smeargle|Endeavor|p1a: Gengar
|-immune|p1a: Gengar
|move|p1a: Gengar|Encore|p2a: Smeargle
|-start|p2a: Smeargle|Encore
|
|-ability|p2a: Smeargle|Moody|boost
|-boost|p2a: Smeargle|spd|2
|-unboost|p2a: Smeargle|def|1
|upkeep
|turn|15
|
|t:|1657141334
|move|p2a: Smeargle|Endeavor|p1a: Gengar
|-immune|p1a: Gengar
|move|p1a: Gengar|Shadow Ball|p2a: Smeargle
|-immune|p2a: Smeargle
|
|-ability|p2a: Smeargle|Moody|boost
|-boost|p2a: Smeargle|spa|2
|-unboost|p2a: Smeargle|spe|1
|upkeep
|turn|16
|
|t:|1657141338
|move|p2a: Smeargle|Endeavor|p1a: Gengar
|-immune|p1a: Gengar
|move|p1a: Gengar|Shadow Ball|p2a: Smeargle
|-immune|p2a: Smeargle
|
|-ability|p2a: Smeargle|Moody|boost
|-boost|p2a: Smeargle|def|2
|-unboost|p2a: Smeargle|spa|1
|upkeep
|turn|17
|
|t:|1657141340
|move|p2a: Smeargle|Endeavor|p1a: Gengar
|-immune|p1a: Gengar
|move|p1a: Gengar|Shadow Ball|p2a: Smeargle
|-immune|p2a: Smeargle
|
|-end|p2a: Smeargle|Encore
|-end|p2a: Smeargle|Disable
|-ability|p2a: Smeargle|Moody|boost
|-boost|p2a: Smeargle|spd|2
|-unboost|p2a: Smeargle|atk|1
|upkeep
|turn|18
|
|t:|1657141344
|move|p2a: Smeargle|Endeavor|p1a: Gengar
|-immune|p1a: Gengar
|move|p1a: Gengar|Encore||[still]
|-fail|p1a: Gengar
|
|-ability|p2a: Smeargle|Moody|boost
|-boost|p2a: Smeargle|atk|2
|-unboost|p2a: Smeargle|spa|1
|upkeep
|turn|19
|
|t:|1657141348
|move|p2a: Smeargle|Stealth Rock||[still]
|-fail|p2a: Smeargle
|move|p1a: Gengar|Disable|p2a: Smeargle
|-start|p2a: Smeargle|Disable|Stealth Rock
|
|-ability|p2a: Smeargle|Moody|boost
|-boost|p2a: Smeargle|spd|1
|-unboost|p2a: Smeargle|def|1
|upkeep
|turn|20
|
|t:|1657141351
|move|p2a: Smeargle|Spore||[still]
|-fail|p2a: Smeargle
|move|p1a: Gengar|Encore|p2a: Smeargle
|-start|p2a: Smeargle|Encore
|
|-ability|p2a: Smeargle|Moody|boost
|-boost|p2a: Smeargle|spe|1
|-unboost|p2a: Smeargle|spa|1
|upkeep
|turn|21
|
|t:|1657141355
|move|p2a: Smeargle|Spore||[still]
|-fail|p2a: Smeargle
|move|p1a: Gengar|Shadow Ball|p2a: Smeargle
|-immune|p2a: Smeargle
|
|-ability|p2a: Smeargle|Moody|boost
|-boost|p2a: Smeargle|spa|2
|-unboost|p2a: Smeargle|spd|1
|upkeep
|turn|22
|
|t:|1657141359
|move|p2a: Smeargle|Spore||[still]
|-fail|p2a: Smeargle
|move|p1a: Gengar|Shadow Ball|p2a: Smeargle
|-immune|p2a: Smeargle
|
|-ability|p2a: Smeargle|Moody|boost
|-boost|p2a: Smeargle|atk|2
|-unboost|p2a: Smeargle|spa|1
|upkeep
|turn|23
|
|t:|1657141363
|move|p2a: Smeargle|Spore||[still]
|-fail|p2a: Smeargle
|move|p1a: Gengar|Shadow Ball|p2a: Smeargle
|-immune|p2a: Smeargle
|
|-end|p2a: Smeargle|Encore
|-end|p2a: Smeargle|Disable
|-ability|p2a: Smeargle|Moody|boost
|-boost|p2a: Smeargle|spa|2
|-unboost|p2a: Smeargle|def|1
|upkeep
|turn|24
|l| Delirious-Bryce
|
|t:|1657141371
|move|p2a: Smeargle|Spore||[still]
|-fail|p2a: Smeargle
|move|p1a: Gengar|Encore|p2a: Smeargle
|-start|p2a: Smeargle|Encore
|
|-ability|p2a: Smeargle|Moody|boost
|-boost|p2a: Smeargle|def|2
|-unboost|p2a: Smeargle|atk|1
|upkeep
|turn|25
|
|t:|1657141373
|move|p2a: Smeargle|Spore||[still]
|-fail|p2a: Smeargle
|move|p1a: Gengar|Disable|p2a: Smeargle
|-start|p2a: Smeargle|Disable|Spore
|
|-ability|p2a: Smeargle|Moody|boost
|-boost|p2a: Smeargle|atk|2
|-unboost|p2a: Smeargle|spd|1
|upkeep
|turn|26
|
|t:|1657141376
|-activate|p2a: Smeargle|move: Struggle
|move|p2a: Smeargle|Struggle|p1a: Gengar
|-end|p1a: Gengar|Substitute
|-damage|p2a: Smeargle|25/100|[from] recoil
|move|p1a: Gengar|Shadow Ball|p2a: Smeargle
|-immune|p2a: Smeargle
|
|-ability|p2a: Smeargle|Moody|boost
|-boost|p2a: Smeargle|def|2
|-unboost|p2a: Smeargle|atk|1
|upkeep
|turn|27
|
|t:|1657141378
|-activate|p2a: Smeargle|move: Struggle
|move|p2a: Smeargle|Struggle|p1a: Gengar
|-damage|p1a: Gengar|42/100
|-damage|p2a: Smeargle|0 fnt|[from] recoil
|faint|p2a: Smeargle
|move|p1a: Gengar|Substitute|p1a: Gengar
|-start|p1a: Gengar|Substitute
|-damage|p1a: Gengar|17/100
|
|upkeep
|
|t:|1657141382
|switch|p2a: Ho-Oh|Ho-Oh|100/100
|turn|28
|
|t:|1657141385
|move|p1a: Gengar|Shadow Ball|p2a: Ho-Oh
|-damage|p2a: Ho-Oh|77/100
|move|p2a: Ho-Oh|Whirlwind|p1a: Gengar
|drag|p1a: Zygarde|Zygarde|100/100
|-damage|p1a: Zygarde|94/100|[from] Stealth Rock
|
|-heal|p1a: Zygarde|100/100|[from] item: Leftovers
|upkeep
|turn|29
|
|t:|1657141392
|move|p1a: Zygarde|Glare|p2a: Ho-Oh
|-status|p2a: Ho-Oh|par
|move|p2a: Ho-Oh|Toxic|p1a: Zygarde
|-status|p1a: Zygarde|tox
|
|-damage|p1a: Zygarde|94/100 tox|[from] psn
|upkeep
|turn|30
|
|t:|1657141398
|move|p1a: Zygarde|Thousand Arrows|p2a: Ho-Oh
|-damage|p2a: Ho-Oh|53/100 par
|-start|p2a: Ho-Oh|Smack Down
|move|p2a: Ho-Oh|Sacred Fire|p1a: Zygarde
|-resisted|p1a: Zygarde
|-damage|p1a: Zygarde|84/100 tox
|
|-heal|p1a: Zygarde|90/100 tox|[from] item: Leftovers
|-damage|p1a: Zygarde|78/100 tox|[from] psn
|upkeep
|turn|31
|
|t:|1657141401
|move|p1a: Zygarde|Thousand Arrows|p2a: Ho-Oh
|-supereffective|p2a: Ho-Oh
|-damage|p2a: Ho-Oh|2/100 par
|cant|p2a: Ho-Oh|par
|
|-heal|p1a: Zygarde|84/100 tox|[from] item: Leftovers
|-damage|p1a: Zygarde|65/100 tox|[from] psn
|upkeep
|turn|32
|
|t:|1657141404
|move|p1a: Zygarde|Thousand Arrows|p2a: Ho-Oh
|-supereffective|p2a: Ho-Oh
|-damage|p2a: Ho-Oh|0 fnt
|faint|p2a: Ho-Oh
|
|-heal|p1a: Zygarde|71/100 tox|[from] item: Leftovers
|-damage|p1a: Zygarde|47/100 tox|[from] psn
|-activate|p1a: Zygarde|ability: Power Construct
|detailschange|p1a: Zygarde|Zygarde-Complete
|-heal|p1a: Zygarde|65/100 tox|[silent]
|upkeep
|
|t:|1657141410
|switch|p2a: Calyrex|Calyrex-Shadow|100/100
|-ability|p2a: Calyrex|As One
|-ability|p2a: Calyrex|Unnerve
|turn|33
|
|t:|1657141413
|switch|p1a: Yveltal|Yveltal|100/100
|-ability|p1a: Yveltal|Dark Aura
|move|p2a: Calyrex|Astral Barrage|p1a: Yveltal
|-resisted|p1a: Yveltal
|-damage|p1a: Yveltal|79/100
|
|upkeep
|turn|34
|
|t:|1657141418
|-start|p1a: Yveltal|Dynamax|
|-heal|p1a: Yveltal|79/100|[silent]
|move|p2a: Calyrex|Nasty Plot|p2a: Calyrex
|-boost|p2a: Calyrex|spa|2
|move|p1a: Yveltal|Max Darkness|p2a: Calyrex
|-supereffective|p2a: Calyrex
|-enditem|p2a: Calyrex|Focus Sash
|-damage|p2a: Calyrex|1/100
|-unboost|p2a: Calyrex|spd|1
|
|upkeep
|turn|35
|
|t:|1657141421
|move|p2a: Calyrex|Draining Kiss|p1a: Yveltal
|-supereffective|p1a: Yveltal
|-damage|p1a: Yveltal|55/100
|-heal|p2a: Calyrex|49/100|[from] drain|[of] p1a: Yveltal
|move|p1a: Yveltal|Max Darkness|p2a: Calyrex
|-supereffective|p2a: Calyrex
|-damage|p2a: Calyrex|0 fnt
|faint|p2a: Calyrex
|
|upkeep
|
|t:|1657141427
|switch|p2a: Yveltal|Yveltal|100/100
|-ability|p2a: Yveltal|Dark Aura
|turn|36
|
|t:|1657141433
|-start|p2a: Yveltal|Dynamax|
|-heal|p2a: Yveltal|100/100|[silent]
|move|p2a: Yveltal|Max Airstream|p1a: Yveltal
|-damage|p1a: Yveltal|27/100
|-boost|p2a: Yveltal|spe|1
|-damage|p2a: Yveltal|96/100|[from] item: Life Orb
|move|p1a: Yveltal|Max Darkness|p2a: Yveltal
|-resisted|p2a: Yveltal
|-damage|p2a: Yveltal|77/100
|-unboost|p2a: Yveltal|spd|1
|
|upkeep
|-end|p1a: Yveltal|Dynamax
|-heal|p1a: Yveltal|27/100|[silent]
|turn|37
|
|t:|1657141439
|move|p2a: Yveltal|Max Airstream|p1a: Yveltal
|-damage|p1a: Yveltal|0 fnt
|-boost|p2a: Yveltal|spe|1
|faint|p1a: Yveltal
|-damage|p2a: Yveltal|72/100|[from] item: Life Orb
|
|upkeep
|
|t:|1657141441
|switch|p1a: Arceus|Arceus-Fairy|100/100
|-damage|p1a: Arceus|88/100|[from] Stealth Rock
|turn|38
|
|t:|1657141445
|move|p2a: Yveltal|Max Airstream|p1a: Arceus
|-damage|p1a: Arceus|29/100
|-boost|p2a: Yveltal|spe|1
|-damage|p2a: Yveltal|68/100|[from] item: Life Orb
|move|p1a: Arceus|Recover|p1a: Arceus
|-heal|p1a: Arceus|79/100
|
|upkeep
|-end|p2a: Yveltal|Dynamax
|-heal|p2a: Yveltal|68/100|[silent]
|turn|39
|
|t:|1657141449
|move|p2a: Yveltal|Oblivion Wing|p1a: Arceus
|-damage|p1a: Arceus|40/100
|-heal|p2a: Yveltal|99/100|[from] drain|[of] p1a: Arceus
|-damage|p2a: Yveltal|89/100|[from] item: Life Orb
|move|p1a: Arceus|Judgment|p2a: Yveltal
|-supereffective|p2a: Yveltal
|-damage|p2a: Yveltal|0 fnt
|faint|p2a: Yveltal
|
|upkeep
|
|t:|1657141452
|switch|p2a: Zygarde|Zygarde|100/100
|turn|40
|
|t:|1657141455
|move|p1a: Arceus|Will-O-Wisp|p2a: Zygarde
|-status|p2a: Zygarde|brn
|move|p2a: Zygarde|Glare|p1a: Arceus
|-status|p1a: Arceus|par
|
|-damage|p2a: Zygarde|94/100 brn|[from] brn
|upkeep
|turn|41
|-message|Emorawr79 forfeited.
|
|win|NameSome2Better
|raw|NameSome2Better's rating: 1640 &rarr; <strong>1670</strong><br />(+30 for winning)
|raw|Emorawr79's rating: 1832 &rarr; <strong>1802</strong><br />(-30 for losing)
|l|☆Emorawr79
