|j|☆WhiteCapeMarth
|j|☆FloomFlooms
|t:|1665513004
|gametype|singles
|player|p1|WhiteCapeMarth|emmet|1437
|player|p2|FloomFlooms|flannery|1479
|teamsize|p1|6
|teamsize|p2|6
|gen|8
|tier|[Gen 8] National Dex AG
|rated|
|rule|HP Percentage Mod: HP is shown in percentages
|rule|Endless Battle Clause: Forcing endless battles is banned
|clearpoke
|poke|p1|Smeargle, M|
|poke|p1|Necrozma-Dawn-Wings|
|poke|p1|Yveltal|
|poke|p1|Xerneas-*|
|poke|p1|Mewtwo|
|poke|p1|Pheromosa|
|poke|p2|Buzzwole|
|poke|p2|Cinccino, F|
|poke|p2|Magearna|
|poke|p2|Smeargle, M|
|poke|p2|Grimmsnarl, M|
|poke|p2|Cinderace, F|
|teampreview
|
|t:|1665513020
|start
|switch|p1a: Smeargle|Smeargle, M|100/100
|switch|p2a: Puffball|Cinccino, F|100/100
|turn|1
|
|t:|1665513027
|move|p2a: Puffball|Thunder Wave|p1a: Smeargle
|-status|p1a: Smeargle|par
|move|p1a: Smeargle|Spore|p2a: Puffball
|-status|p2a: Puffball|slp|[from] move: Spore
|
|-ability|p1a: Smeargle|Moody|boost
|-boost|p1a: Smeargle|spe|2
|-unboost|p1a: Smeargle|atk|1
|upkeep
|turn|2
|
|t:|1665513036
|cant|p2a: Puffball|slp
|move|p1a: Smeargle|No Retreat|p1a: Smeargle
|-boost|p1a: Smeargle|atk|1
|-boost|p1a: Smeargle|def|1
|-boost|p1a: Smeargle|spa|1
|-boost|p1a: Smeargle|spd|1
|-boost|p1a: Smeargle|spe|1
|-start|p1a: Smeargle|move: No Retreat
|
|-ability|p1a: Smeargle|Moody|boost
|-boost|p1a: Smeargle|spa|2
|-unboost|p1a: Smeargle|spe|1
|upkeep
|turn|3
|
|t:|1665513045
|cant|p2a: Puffball|slp
|move|p1a: Smeargle|Baton Pass|p1a: Smeargle
|c|☆FloomFlooms|Uh oh
|c|☆WhiteCapeMarth|xD
|c|☆FloomFlooms|Don't tell me its xerneas
|
|t:|1665513070
|switch|p1a: Necrozma|Necrozma-Dawn-Wings|100/100|[from]move: Baton Pass
|
|upkeep
|turn|4
|c|☆FloomFlooms|Ah I thought geomancy
|
|t:|1665513081
|move|p1a: Necrozma|Stored Power|p2a: Puffball
|-damage|p2a: Puffball|0 fnt
|faint|p2a: Puffball
|
|upkeep
|
|t:|1665513084
|switch|p2a: Painty|Smeargle, M|100/100
|turn|5
|
|t:|1665513097
|switch|p2a: Bunbun|Cinderace, F, shiny|100/100
|move|p1a: Necrozma|Stored Power|p2a: Bunbun
|-damage|p2a: Bunbun|0 fnt
|faint|p2a: Bunbun
|
|upkeep
|
|t:|1665513100
|switch|p2a: Snarl|Grimmsnarl, M|100/100
|turn|6
|c|☆WhiteCapeMarth|this is a lil more powerful
|
|t:|1665513110
|-start|p1a: Necrozma|Dynamax|
|-heal|p1a: Necrozma|100/100|[silent]
|move|p2a: Snarl|Thunder Wave|p1a: Necrozma
|-status|p1a: Necrozma|par
|move|p1a: Necrozma|Max Phantasm|p2a: Snarl
|-resisted|p2a: Snarl
|-damage|p2a: Snarl|25/100
|-unboost|p2a: Snarl|def|1
|
|upkeep
|turn|7
|
|t:|1665513120
|move|p2a: Snarl|Trick|p1a: Necrozma
|-activate|p2a: Snarl|move: Trick|[of] p1a: Necrozma
|-item|p1a: Necrozma|Lagging Tail|[from] move: Trick
|-item|p2a: Snarl|Weakness Policy|[from] move: Trick
|move|p1a: Necrozma|Max Phantasm|p2a: Snarl
|-resisted|p2a: Snarl
|-damage|p2a: Snarl|0 fnt
|faint|p2a: Snarl
|
|upkeep
|c|☆FloomFlooms|Fair fair
|
|t:|1665513126
|switch|p2a: Painty|Smeargle, M|100/100
|turn|8
|
|t:|1665513132
|move|p2a: Painty|Spectral Thief||[still]
|-clearpositiveboost|p1a: Necrozma|p2a: Painty|move: Spectral Thief
|-boost|p2a: Painty|def|1
|-boost|p2a: Painty|spa|3
|-boost|p2a: Painty|spd|1
|-boost|p2a: Painty|spe|2
|-anim|p2a: Painty|Spectral Thief|p1a: Necrozma
|-supereffective|p1a: Necrozma
|-damage|p1a: Necrozma|93/100 par
|move|p1a: Necrozma|Max Phantasm|p2a: Painty
|-immune|p2a: Painty
|
|-ability|p2a: Painty|Moody|boost
|-boost|p2a: Painty|def|2
|-unboost|p2a: Painty|atk|1
|upkeep
|-end|p1a: Necrozma|Dynamax
|-heal|p1a: Necrozma|93/100 par|[silent]
|turn|9
|c|☆FloomFlooms|Oh well
|c|☆WhiteCapeMarth|lmao i love it
|
|t:|1665513149
|move|p2a: Painty|Minimize|p2a: Painty
|-boost|p2a: Painty|evasion|2
|cant|p1a: Necrozma|par
|
|-ability|p2a: Painty|Moody|boost
|-boost|p2a: Painty|atk|2
|-unboost|p2a: Painty|spa|1
|upkeep
|turn|10
|c|☆WhiteCapeMarth|thats actually fire
|c|☆FloomFlooms|:3
|c|☆WhiteCapeMarth|never thought to do that
|c|☆FloomFlooms|No 1 expects it haha
|
|t:|1665513167
|switch|p1a: Smeargle|Smeargle, M|100/100 par
|move|p2a: Painty|Minimize|p2a: Painty
|-boost|p2a: Painty|evasion|2
|
|-ability|p2a: Painty|Moody|boost
|-boost|p2a: Painty|spa|2
|-unboost|p2a: Painty|spd|1
|-ability|p1a: Smeargle|Moody|boost
|-boost|p1a: Smeargle|spa|2
|-unboost|p1a: Smeargle|spd|1
|upkeep
|turn|11
|c|☆FloomFlooms|Wait
|c|☆FloomFlooms|What ?
|c|☆FloomFlooms|You had no retreat
|c|☆WhiteCapeMarth|hahahha i dont know why u can do that tbh
|
|t:|1665513192
|move|p2a: Painty|Ingrain|p2a: Painty
|-start|p2a: Painty|move: Ingrain
|move|p1a: Smeargle|Spore|p2a: Painty|[miss]
|-miss|p1a: Smeargle|p2a: Painty
|
|-ability|p2a: Painty|Moody|boost
|-boost|p2a: Painty|spa|2
|-unboost|p2a: Painty|atk|1
|-ability|p1a: Smeargle|Moody|boost
|-boost|p1a: Smeargle|atk|2
|-unboost|p1a: Smeargle|def|1
|upkeep
|turn|12
|
|t:|1665513202
|move|p2a: Painty|Minimize|p2a: Painty
|-boost|p2a: Painty|evasion|2
|cant|p1a: Smeargle|par
|
|-ability|p2a: Painty|Moody|boost
|-boost|p2a: Painty|def|2
|-unboost|p2a: Painty|atk|1
|-ability|p1a: Smeargle|Moody|boost
|-boost|p1a: Smeargle|spe|2
|-unboost|p1a: Smeargle|def|1
|upkeep
|turn|13
|
|t:|1665513212
|move|p2a: Painty|Baton Pass|p2a: Painty
|
|t:|1665513214
|switch|p2a: Mawa|Magearna|100/100|[from]move: Baton Pass
|move|p1a: Smeargle|Spore|p2a: Mawa|[miss]
|-miss|p1a: Smeargle|p2a: Mawa
|
|-ability|p1a: Smeargle|Moody|boost
|-boost|p1a: Smeargle|atk|2
|-unboost|p1a: Smeargle|def|1
|upkeep
|turn|14
|c|☆WhiteCapeMarth|oh no
|c|☆FloomFlooms|:3
|
|t:|1665513223
|move|p2a: Mawa|Substitute|p2a: Mawa
|-start|p2a: Mawa|Substitute
|-damage|p2a: Mawa|76/100
|cant|p1a: Smeargle|par
|
|-heal|p2a: Mawa|82/100|[from] Ingrain
|-ability|p1a: Smeargle|Moody|boost
|-boost|p1a: Smeargle|spd|2
|-unboost|p1a: Smeargle|spa|1
|upkeep
|turn|15
|c|☆WhiteCapeMarth|oh nooo
|
|t:|1665513237
|move|p2a: Mawa|Shift Gear|p2a: Mawa
|-boost|p2a: Mawa|spe|2
|-boost|p2a: Mawa|atk|1
|cant|p1a: Smeargle|par
|
|-heal|p2a: Mawa|88/100|[from] Ingrain
|-ability|p1a: Smeargle|Moody|boost
|-boost|p1a: Smeargle|spd|2
|-unboost|p1a: Smeargle|atk|1
|upkeep
|turn|16
|
|t:|1665513246
|move|p2a: Mawa|Shift Gear|p2a: Mawa
|-boost|p2a: Mawa|spe|2
|-boost|p2a: Mawa|atk|1
|move|p1a: Smeargle|No Retreat|p1a: Smeargle
|-boost|p1a: Smeargle|atk|1
|-boost|p1a: Smeargle|def|1
|-boost|p1a: Smeargle|spa|1
|-boost|p1a: Smeargle|spd|1
|-boost|p1a: Smeargle|spe|1
|-start|p1a: Smeargle|move: No Retreat
|
|-heal|p2a: Mawa|94/100|[from] Ingrain
|-ability|p1a: Smeargle|Moody|boost
|-boost|p1a: Smeargle|spd|2
|-unboost|p1a: Smeargle|def|1
|upkeep
|turn|17
|
|t:|1665513258
|move|p2a: Mawa|Baton Pass|p2a: Mawa
|
|t:|1665513260
|switch|p2a: Painty|Smeargle, M|100/100|[from]move: Baton Pass
|move|p1a: Smeargle|Baton Pass|p1a: Smeargle
|c|☆FloomFlooms|:3
|
|t:|1665513267
|switch|p1a: Yveltal|Yveltal|100/100|[from]move: Baton Pass
|-ability|p1a: Yveltal|Dark Aura
|
|-ability|p2a: Painty|Moody|boost
|-boost|p2a: Painty|atk|2
|-unboost|p2a: Painty|spe|1
|upkeep
|turn|18
|
|t:|1665513276
|move|p2a: Painty|Spectral Thief||[still]
|-clearpositiveboost|p1a: Yveltal|p2a: Painty|move: Spectral Thief
|-boost|p2a: Painty|atk|3
|-boost|p2a: Painty|spa|0
|-boost|p2a: Painty|spd|6
|-boost|p2a: Painty|spe|1
|-anim|p2a: Painty|Spectral Thief|p1a: Yveltal
|-resisted|p1a: Yveltal
|-damage|p1a: Yveltal|71/100
|move|p1a: Yveltal|Dual Wingbeat|p2a: Painty|[miss]
|-miss|p1a: Yveltal|p2a: Painty
|
|-ability|p2a: Painty|Moody|boost
|-boost|p2a: Painty|def|1
|-unboost|p2a: Painty|spa|1
|upkeep
|turn|19
|c|☆WhiteCapeMarth|oh god
|c|☆FloomFlooms|I mean
|c|☆FloomFlooms|You should've seen it
|c|☆WhiteCapeMarth|what else am i supposed to do about this xD
|
|t:|1665513304
|move|p2a: Painty|Baton Pass|p2a: Painty
|c|☆FloomFlooms|Switch when you saw Painty again haha
|
|t:|1665513313
|switch|p2a: Mawa|Magearna|94/100|[from]move: Baton Pass
|move|p1a: Yveltal|Dual Wingbeat|p2a: Mawa
|-resisted|p2a: Mawa
|-activate|p2a: Mawa|move: Substitute|[damage]
|-resisted|p2a: Mawa
|-activate|p2a: Mawa|move: Substitute|[damage]
|-hitcount|p2a: Mawa|2
|
|-heal|p2a: Mawa|99/100|[from] Ingrain
|upkeep
|turn|20
|c|☆WhiteCapeMarth|painty xD
|c|☆FloomFlooms|Yeh
|
|t:|1665513332
|move|p2a: Mawa|Shift Gear|p2a: Mawa
|-boost|p2a: Mawa|spe|0
|-boost|p2a: Mawa|atk|0
|move|p1a: Yveltal|Dual Wingbeat|p2a: Mawa|[miss]
|-miss|p1a: Yveltal|p2a: Mawa
|
|-heal|p2a: Mawa|100/100|[from] Ingrain
|upkeep
|turn|21
|c|☆FloomFlooms|Oop
|c|☆FloomFlooms|Missclick sorry
|-message|WhiteCapeMarth forfeited.
|
|win|FloomFlooms
|raw|WhiteCapeMarth's rating: 1437 &rarr; <strong>1419</strong><br />(-18 for losing)
|raw|FloomFlooms's rating: 1479 &rarr; <strong>1497</strong><br />(+18 for winning)
|l|☆WhiteCapeMarth
||Ladder isn't responding, score probably updated but might not have (Request timeout).
