|j|☆NidoTheKing
|j|☆High ladder bros
|t:|1662583169
|gametype|singles
|player|p1|NidoTheKing|silver|1682
|player|p2|High ladder bros|adaman|1819
|teamsize|p1|6
|teamsize|p2|6
|gen|8
|tier|[Gen 8] National Dex AG
|rated|
|rule|HP Percentage Mod: HP is shown in percentages
|rule|Endless Battle Clause: Forcing endless battles is banned
|clearpoke
|poke|p1|Smeargle, F|
|poke|p1|Smeargle, F|
|poke|p1|Gengar, F|
|poke|p1|Xerneas-*|
|poke|p1|Ditto|
|poke|p1|Zacian-*|
|poke|p2|Arceus-*|
|poke|p2|Rayquaza|
|poke|p2|Arceus-*|
|poke|p2|Necrozma-Dusk-Mane|
|poke|p2|Arceus-*|
|poke|p2|Ferrothorn, M|
|teampreview
|inactive|Battle timer is ON: inactive players will automatically lose when time's up. (requested by High ladder bros)
|
|t:|1662583191
|start
|switch|p1a: Gengar|Gengar, F|100/100
|switch|p2a: Arceus|Arceus-Dark, shiny|100/100
|turn|1
|
|t:|1662583204
|detailschange|p1a: Gengar|Gengar-Mega, F
|-mega|p1a: Gengar|Gengar|Gengarite
|move|p2a: Arceus|Magic Coat|p2a: Arceus
|-singleturn|p2a: Arceus|move: Magic Coat
|move|p1a: Gengar|Substitute|p1a: Gengar
|-start|p1a: Gengar|Substitute
|-damage|p1a: Gengar|76/100
|
|upkeep
|turn|2
|
|t:|1662583226
|move|p2a: Arceus|Magic Coat|p2a: Arceus
|-singleturn|p2a: Arceus|move: Magic Coat
|move|p1a: Gengar|Encore|p2a: Arceus
|move|p2a: Arceus|Encore||[from]Magic Coat|[still]
|-fail|p2a: Arceus
|
|upkeep
|turn|3
|
|t:|1662583232
|move|p2a: Arceus|Magic Coat|p2a: Arceus
|-singleturn|p2a: Arceus|move: Magic Coat
|move|p1a: Gengar|Shadow Ball|p2a: Arceus
|-resisted|p2a: Arceus
|-damage|p2a: Arceus|87/100
|
|upkeep
|turn|4
|
|t:|1662583239
|move|p1a: Gengar|Encore|p2a: Arceus
|-start|p2a: Arceus|Encore
|move|p2a: Arceus|Magic Coat|p2a: Arceus
|-singleturn|p2a: Arceus|move: Magic Coat
|
|upkeep
|turn|5
|
|t:|1662583252
|switch|p1a: Xerneas|Xerneas|100/100
|-ability|p1a: Xerneas|Fairy Aura
|move|p2a: Arceus|Magic Coat|p2a: Arceus
|-singleturn|p2a: Arceus|move: Magic Coat
|
|upkeep
|turn|6
|
|t:|1662583255
|switch|p2a: Necrozma|Necrozma-Dusk-Mane, shiny|100/100
|move|p1a: Xerneas|Geomancy||[still]
|-prepare|p1a: Xerneas|Geomancy
|-enditem|p1a: Xerneas|Power Herb
|-anim|p1a: Xerneas|Geomancy|p1a: Xerneas
|-boost|p1a: Xerneas|spa|2
|-boost|p1a: Xerneas|spd|2
|-boost|p1a: Xerneas|spe|2
|
|upkeep
|turn|7
|
|t:|1662583280
|-start|p1a: Xerneas|Dynamax|
|-heal|p1a: Xerneas|100/100|[silent]
|-start|p2a: Necrozma|Dynamax|
|-heal|p2a: Necrozma|100/100|[silent]
|move|p2a: Necrozma|Max Guard|p2a: Necrozma
|-singleturn|p2a: Necrozma|Max Guard
|move|p1a: Xerneas|Max Flare|p2a: Necrozma
|-activate|p2a: Necrozma|move: Max Guard
|
|upkeep
|turn|8
|
|t:|1662583291
|move|p1a: Xerneas|Max Flare|p2a: Necrozma
|-supereffective|p2a: Necrozma
|-damage|p2a: Necrozma|52/100
|-weather|SunnyDay
|move|p2a: Necrozma|Max Steelspike|p1a: Xerneas
|-supereffective|p1a: Xerneas
|-damage|p1a: Xerneas|46/100
|-boost|p2a: Necrozma|def|1
|
|-weather|SunnyDay|[upkeep]
|-heal|p2a: Necrozma|55/100|[from] item: Leftovers
|upkeep
|turn|9
|
|t:|1662583304
|move|p2a: Necrozma|Max Guard|p2a: Necrozma
|-singleturn|p2a: Necrozma|Max Guard
|move|p1a: Xerneas|Max Flare|p2a: Necrozma
|-activate|p2a: Necrozma|move: Max Guard
|
|-weather|SunnyDay|[upkeep]
|-heal|p2a: Necrozma|58/100|[from] item: Leftovers
|upkeep
|-end|p1a: Xerneas|Dynamax
|-heal|p1a: Xerneas|46/100|[silent]
|-end|p2a: Necrozma|Dynamax
|-heal|p2a: Necrozma|58/100|[silent]
|turn|10
|
|t:|1662583311
|move|p1a: Xerneas|Hidden Power|p2a: Necrozma
|-supereffective|p2a: Necrozma
|-damage|p2a: Necrozma|0 fnt
|faint|p2a: Necrozma
|
|-weather|SunnyDay|[upkeep]
|upkeep
|
|t:|1662583324
|switch|p2a: Rayquaza|Rayquaza|100/100
|-ability|p2a: Rayquaza|Air Lock
|turn|11
|
|t:|1662583329
|detailschange|p2a: Rayquaza|Rayquaza-Mega
|-mega|p2a: Rayquaza|Rayquaza|
|-weather|DeltaStream|[from] ability: Delta Stream|[of] p2a: Rayquaza
|move|p2a: Rayquaza|Extreme Speed|p1a: Xerneas
|-crit|p1a: Xerneas
|-damage|p1a: Xerneas|0 fnt
|faint|p1a: Xerneas
|-damage|p2a: Rayquaza|91/100|[from] item: Life Orb
|
|-weather|DeltaStream|[upkeep]
|upkeep
|
|t:|1662583348
|switch|p1a: Smeargle|Smeargle, F|100/100
|turn|12
|
|t:|1662583352
|-weather|none
|switch|p2a: Ferrothorn|Ferrothorn, M, shiny|100/100
|move|p1a: Smeargle|Spore|p2a: Ferrothorn
|-immune|p2a: Ferrothorn
|
|upkeep
|turn|13
|
|t:|1662583369
|move|p1a: Smeargle|Stealth Rock|p2a: Ferrothorn
|-sidestart|p2: High ladder bros|move: Stealth Rock
|move|p2a: Ferrothorn|Leech Seed|p1a: Smeargle
|-start|p1a: Smeargle|move: Leech Seed
|
|-damage|p1a: Smeargle|88/100|[from] Leech Seed|[of] p2a: Ferrothorn
|upkeep
|turn|14
|
|t:|1662583374
|move|p1a: Smeargle|Sticky Web|p2a: Ferrothorn
|-sidestart|p2: High ladder bros|move: Sticky Web
|move|p2a: Ferrothorn|Spikes|p1a: Smeargle
|-sidestart|p1: NidoTheKing|Spikes
|
|-damage|p1a: Smeargle|76/100|[from] Leech Seed|[of] p2a: Ferrothorn
|upkeep
|turn|15
|
|t:|1662583381
|move|p1a: Smeargle|U-turn|p2a: Ferrothorn
|-damage|p2a: Ferrothorn|97/100
|-damage|p1a: Smeargle|64/100|[from] ability: Iron Barbs|[of] p2a: Ferrothorn
|
|t:|1662583385
|switch|p1a: Gengar|Gengar-Mega, F|76/100|[from]move: U-turn
|-damage|p1a: Gengar|64/100|[from] Spikes
|move|p2a: Ferrothorn|Spikes|p1a: Gengar
|-sidestart|p1: NidoTheKing|Spikes
|
|-heal|p2a: Ferrothorn|100/100|[from] item: Leftovers
|upkeep
|turn|16
|
|t:|1662583394
|move|p1a: Gengar|Encore|p2a: Ferrothorn
|-start|p2a: Ferrothorn|Encore
|move|p2a: Ferrothorn|Spikes|p1a: Gengar
|-sidestart|p1: NidoTheKing|Spikes
|
|upkeep
|turn|17
|
|t:|1662583397
|move|p1a: Gengar|Substitute|p1a: Gengar
|-start|p1a: Gengar|Substitute
|-damage|p1a: Gengar|39/100
|move|p2a: Ferrothorn|Spikes||[still]
|-fail|p2a: Ferrothorn
|
|upkeep
|turn|18
|
|t:|1662583400
|move|p1a: Gengar|Shadow Ball|p2a: Ferrothorn
|-damage|p2a: Ferrothorn|67/100
|move|p2a: Ferrothorn|Spikes||[still]
|-fail|p2a: Ferrothorn
|
|-heal|p2a: Ferrothorn|74/100|[from] item: Leftovers
|-end|p2a: Ferrothorn|Encore
|upkeep
|turn|19
|
|t:|1662583405
|move|p2a: Ferrothorn|Protect|p2a: Ferrothorn
|-singleturn|p2a: Ferrothorn|Protect
|move|p1a: Gengar|Encore|p2a: Ferrothorn
|-activate|p2a: Ferrothorn|move: Protect
|
|-heal|p2a: Ferrothorn|80/100|[from] item: Leftovers
|upkeep
|turn|20
|
|t:|1662583413
|move|p1a: Gengar|Encore|p2a: Ferrothorn
|-start|p2a: Ferrothorn|Encore
|move|p2a: Ferrothorn|Protect||[still]
|-fail|p2a: Ferrothorn
|
|-heal|p2a: Ferrothorn|86/100|[from] item: Leftovers
|upkeep
|turn|21
|
|t:|1662583416
|move|p2a: Ferrothorn|Protect|p2a: Ferrothorn
|-singleturn|p2a: Ferrothorn|Protect
|move|p1a: Gengar|Shadow Ball|p2a: Ferrothorn
|-activate|p2a: Ferrothorn|move: Protect
|
|-heal|p2a: Ferrothorn|92/100|[from] item: Leftovers
|upkeep
|turn|22
|
|t:|1662583425
|move|p2a: Ferrothorn|Protect||[still]
|-fail|p2a: Ferrothorn
|move|p1a: Gengar|Shadow Ball|p2a: Ferrothorn
|-damage|p2a: Ferrothorn|60/100
|-unboost|p2a: Ferrothorn|spd|1
|
|-heal|p2a: Ferrothorn|67/100|[from] item: Leftovers
|-end|p2a: Ferrothorn|Encore
|upkeep
|turn|23
|
|t:|1662583431
|move|p1a: Gengar|Shadow Ball|p2a: Ferrothorn
|-damage|p2a: Ferrothorn|16/100
|move|p2a: Ferrothorn|Knock Off|p1a: Gengar
|-supereffective|p1a: Gengar
|-end|p1a: Gengar|Substitute
|
|-heal|p2a: Ferrothorn|23/100|[from] item: Leftovers
|upkeep
|turn|24
|
|t:|1662583438
|move|p1a: Gengar|Shadow Ball|p2a: Ferrothorn
|-damage|p2a: Ferrothorn|0 fnt
|faint|p2a: Ferrothorn
|
|upkeep
|
|t:|1662583443
|switch|p2a: Arceus|Arceus-Dark, shiny|87/100
|-damage|p2a: Arceus|75/100|[from] Stealth Rock
|-activate|p2a: Arceus|move: Sticky Web
|-unboost|p2a: Arceus|spe|1
|turn|25
|
|t:|1662583454
|move|p1a: Gengar|Destiny Bond|p1a: Gengar
|-singlemove|p1a: Gengar|Destiny Bond
|move|p2a: Arceus|Defog|p1a: Gengar
|-unboost|p1a: Gengar|evasion|1
|-sideend|p1: NidoTheKing|Spikes|[from] move: Defog|[of] p2a: Arceus
|-sideend|p2: High ladder bros|Stealth Rock|[from] move: Defog|[of] p2a: Arceus
|-sideend|p2: High ladder bros|Sticky Web|[from] move: Defog|[of] p2a: Arceus
|
|upkeep
|turn|26
|
|t:|1662583474
|move|p2a: Arceus|Magic Coat|p2a: Arceus
|-singleturn|p2a: Arceus|move: Magic Coat
|move|p1a: Gengar|Substitute|p1a: Gengar
|-start|p1a: Gengar|Substitute
|-damage|p1a: Gengar|14/100
|
|upkeep
|turn|27
|
|t:|1662583480
|move|p2a: Arceus|Magic Coat|p2a: Arceus
|-singleturn|p2a: Arceus|move: Magic Coat
|move|p1a: Gengar|Encore|p2a: Arceus
|move|p2a: Arceus|Encore||[from]Magic Coat|[still]
|-fail|p2a: Arceus
|
|upkeep
|turn|28
|
|t:|1662583489
|move|p2a: Arceus|Magic Coat|p2a: Arceus
|-singleturn|p2a: Arceus|move: Magic Coat
|move|p1a: Gengar|Shadow Ball|p2a: Arceus
|-resisted|p2a: Arceus
|-damage|p2a: Arceus|62/100
|-unboost|p2a: Arceus|spd|1
|
|upkeep
|turn|29
|
|t:|1662583497
|move|p1a: Gengar|Encore|p2a: Arceus
|-start|p2a: Arceus|Encore
|move|p2a: Arceus|Magic Coat|p2a: Arceus
|-singleturn|p2a: Arceus|move: Magic Coat
|
|upkeep
|turn|30
|
|t:|1662583517
|switch|p1a: Smeargle|Smeargle, F|100/100
|move|p2a: Arceus|Magic Coat|p2a: Arceus
|-singleturn|p2a: Arceus|move: Magic Coat
|
|-ability|p1a: Smeargle|Moody|boost
|-boost|p1a: Smeargle|spd|2
|-unboost|p1a: Smeargle|spa|1
|upkeep
|turn|31
|
|t:|1662583528
|move|p2a: Arceus|Magic Coat|p2a: Arceus
|-singleturn|p2a: Arceus|move: Magic Coat
|move|p1a: Smeargle|Substitute|p1a: Smeargle
|-start|p1a: Smeargle|Substitute
|-damage|p1a: Smeargle|76/100
|
|-heal|p1a: Smeargle|82/100|[from] item: Leftovers
|-end|p2a: Arceus|Encore
|-ability|p1a: Smeargle|Moody|boost
|-boost|p1a: Smeargle|spe|2
|-unboost|p1a: Smeargle|def|1
|upkeep
|turn|32
|
|t:|1662583547
|move|p1a: Smeargle|Spore|p2a: Arceus
|-status|p2a: Arceus|slp|[from] move: Spore
|cant|p2a: Arceus|slp
|
|-heal|p1a: Smeargle|88/100|[from] item: Leftovers
|-ability|p1a: Smeargle|Moody|boost
|-boost|p1a: Smeargle|spd|2
|-unboost|p1a: Smeargle|atk|1
|upkeep
|turn|33
|
|t:|1662583552
|move|p1a: Smeargle|Shell Smash|p1a: Smeargle
|-unboost|p1a: Smeargle|def|1
|-unboost|p1a: Smeargle|spd|1
|-boost|p1a: Smeargle|atk|2
|-boost|p1a: Smeargle|spa|2
|-boost|p1a: Smeargle|spe|2
|cant|p2a: Arceus|slp
|
|-heal|p1a: Smeargle|94/100|[from] item: Leftovers
|-ability|p1a: Smeargle|Moody|boost
|-boost|p1a: Smeargle|def|2
|-unboost|p1a: Smeargle|atk|1
|upkeep
|turn|34
|
|t:|1662583561
|move|p1a: Smeargle|Shell Smash|p1a: Smeargle
|-unboost|p1a: Smeargle|def|1
|-unboost|p1a: Smeargle|spd|1
|-boost|p1a: Smeargle|atk|2
|-boost|p1a: Smeargle|spa|2
|-boost|p1a: Smeargle|spe|2
|cant|p2a: Arceus|slp
|
|-heal|p1a: Smeargle|99/100|[from] item: Leftovers
|-ability|p1a: Smeargle|Moody|boost
|-boost|p1a: Smeargle|spa|2
|-unboost|p1a: Smeargle|spe|1
|upkeep
|turn|35
|inactive|High ladder bros has 120 seconds left.
|c|☆High ladder bros|My goodness I despise you players bunch of no skill cheesin noobs :/
|c|☆NidoTheKing|I love you too
|inactive|High ladder bros has 90 seconds left.
|inactive|High ladder bros has 60 seconds left.
|c|☆High ladder bros|Oh be quite lol enjoy your elo sometimes I wish smeargle could be banned lol
|-message|High ladder bros forfeited.
|
|win|NidoTheKing
|raw|NidoTheKing's rating: 1682 &rarr; <strong>1710</strong><br />(+28 for winning)
|raw|High ladder bros's rating: 1819 &rarr; <strong>1791</strong><br />(-28 for losing)
|l|☆High ladder bros
|c|☆NidoTheKing|Salt :P
||Ladder isn't responding, score probably updated but might not have (Request timeout).
