|j|☆cosmos dream
|j|☆DrMario69
|t:|1664250710
|gametype|singles
|player|p1|cosmos dream|169|1832
|player|p2|DrMario69|lucas|1846
|teamsize|p1|6
|teamsize|p2|6
|gen|8
|tier|[Gen 8] National Dex AG
|rated|
|rule|HP Percentage Mod: HP is shown in percentages
|rule|Endless Battle Clause: Forcing endless battles is banned
|clearpoke
|poke|p1|Marshadow|
|poke|p1|Marshadow|
|poke|p1|Arceus-*|
|poke|p1|Arceus-*|
|poke|p1|Arceus-*|
|poke|p1|Tyranitar, F|
|poke|p2|Groudon|
|poke|p2|Rayquaza|
|poke|p2|Zygarde|
|poke|p2|Calyrex-Shadow|
|poke|p2|Arceus-*|
|poke|p2|Arceus-*|
|teampreview
|
|t:|1664250717
|start
|switch|p1a: Arceus|Arceus-Ice|100/100
|switch|p2a: the gwoat|Rayquaza|100/100
|-ability|p2a: the gwoat|Air Lock
|turn|1
|
|t:|1664250728
|switch|p2a: Arceus|Arceus-Fairy|100/100
|move|p1a: Arceus|Judgment|p2a: Arceus
|-damage|p2a: Arceus|70/100
|
|upkeep
|turn|2
|
|t:|1664250740
|move|p1a: Arceus|Magic Coat|p1a: Arceus
|-singleturn|p1a: Arceus|move: Magic Coat
|move|p2a: Arceus|Thunder Wave|p1a: Arceus
|move|p1a: Arceus|Thunder Wave|p2a: Arceus|[from]Magic Coat
|-status|p2a: Arceus|par
|
|upkeep
|turn|3
|
|t:|1664250745
|move|p1a: Arceus|Stealth Rock|p2a: Arceus
|-sidestart|p2: DrMario69|move: Stealth Rock
|cant|p2a: Arceus|par
|
|upkeep
|turn|4
|
|t:|1664250753
|switch|p1a: Arceus|Arceus-Ground|100/100
|cant|p2a: Arceus|par
|
|upkeep
|turn|5
|
|t:|1664250757
|move|p1a: Arceus|Swords Dance|p1a: Arceus
|-boost|p1a: Arceus|atk|2
|cant|p2a: Arceus|par
|
|upkeep
|turn|6
|c|☆DrMario69|maaan
|
|t:|1664250763
|move|p1a: Arceus|Earthquake|p2a: Arceus
|-damage|p2a: Arceus|0 fnt
|faint|p2a: Arceus
|
|upkeep
|
|t:|1664250765
|switch|p2a: the goat|Zygarde, shiny|100/100
|-damage|p2a: the goat|94/100|[from] Stealth Rock
|turn|7
|
|t:|1664250771
|switch|p1a: Arceus|Arceus-Electric|100/100
|move|p2a: the goat|Glare|p1a: Arceus
|-immune|p1a: Arceus
|
|-heal|p2a: the goat|100/100|[from] item: Leftovers
|upkeep
|turn|8
|
|t:|1664250774
|switch|p2a: Pyra|Groudon|100/100
|-damage|p2a: Pyra|94/100|[from] Stealth Rock
|detailschange|p2a: Pyra|Groudon-Primal
|-primal|p2a: Pyra
|-weather|DesolateLand|[from] ability: Desolate Land|[of] p2a: Pyra
|move|p1a: Arceus|Ice Beam|p2a: Pyra
|-damage|p2a: Pyra|68/100
|
|-weather|DesolateLand|[upkeep]
|upkeep
|turn|9
|
|t:|1664250786
|-start|p1a: Arceus|Dynamax|
|-heal|p1a: Arceus|100/100|[silent]
|move|p1a: Arceus|Max Quake|p2a: Pyra
|-supereffective|p2a: Pyra
|-damage|p2a: Pyra|0 fnt
|-boost|p1a: Arceus|spd|1
|faint|p2a: Pyra
|-weather|none
|
|upkeep
|
|t:|1664250791
|switch|p2a: the goat|Zygarde, shiny|100/100
|-damage|p2a: the goat|94/100|[from] Stealth Rock
|turn|10
|
|t:|1664250796
|move|p1a: Arceus|Max Hailstorm|p2a: the goat
|-supereffective|p2a: the goat
|-crit|p2a: the goat
|-damage|p2a: the goat|0 fnt
|-weather|Hail
|faint|p2a: the goat
|
|-weather|Hail|[upkeep]
|-damage|p1a: Arceus|97/100|[from] Hail
|upkeep
|
|t:|1664250798
|switch|p2a: the gwoat|Rayquaza|100/100
|-damage|p2a: the gwoat|76/100|[from] Stealth Rock
|-ability|p2a: the gwoat|Air Lock
|turn|11
|
|t:|1664250802
|detailschange|p2a: the gwoat|Rayquaza-Mega
|-mega|p2a: the gwoat|Rayquaza|
|-weather|DeltaStream|[from] ability: Delta Stream|[of] p2a: the gwoat
|move|p1a: Arceus|Max Hailstorm|p2a: the gwoat
|-activate||deltastream
|-supereffective|p2a: the gwoat
|-damage|p2a: the gwoat|0 fnt
|-weather|Hail
|faint|p2a: the gwoat
|
|-weather|Hail|[upkeep]
|-damage|p1a: Arceus|94/100|[from] Hail
|upkeep
|
|t:|1664250807
|switch|p2a: Arceus|Arceus|100/100
|-damage|p2a: Arceus|88/100|[from] Stealth Rock
|-end|p1a: Arceus|Dynamax
|-heal|p1a: Arceus|94/100|[silent]
|turn|12
|
|t:|1664250816
|-start|p2a: Arceus|Dynamax|
|-heal|p2a: Arceus|88/100|[silent]
|move|p1a: Arceus|Judgment|p2a: Arceus
|-damage|p2a: Arceus|65/100
|move|p2a: Arceus|Max Strike|p1a: Arceus
|-damage|p1a: Arceus|44/100
|-unboost|p1a: Arceus|spe|1
|
|-weather|Hail|[upkeep]
|-damage|p2a: Arceus|62/100|[from] Hail
|-damage|p1a: Arceus|38/100|[from] Hail
|upkeep
|turn|13
|
|t:|1664250822
|move|p2a: Arceus|Max Phantasm|p1a: Arceus
|-damage|p1a: Arceus|4/100
|-unboost|p1a: Arceus|def|1
|move|p1a: Arceus|Judgment|p2a: Arceus
|-damage|p2a: Arceus|40/100
|
|-weather|Hail|[upkeep]
|-damage|p2a: Arceus|37/100|[from] Hail
|-damage|p1a: Arceus|0 fnt|[from] Hail
|faint|p1a: Arceus
|upkeep
|
|t:|1664250826
|switch|p1a: Marshadow|Marshadow|100/100
|turn|14
|
|t:|1664250828
|move|p1a: Marshadow|Close Combat|p2a: Arceus
|-supereffective|p2a: Arceus
|-crit|p2a: Arceus
|-damage|p2a: Arceus|0 fnt
|-unboost|p1a: Marshadow|def|1
|-unboost|p1a: Marshadow|spd|1
|faint|p2a: Arceus
|-damage|p1a: Marshadow|91/100|[from] item: Life Orb
|
|-weather|Hail|[upkeep]
|-damage|p1a: Marshadow|84/100|[from] Hail
|upkeep
|
|t:|1664250829
|switch|p2a: Calyrex|Calyrex-Shadow|100/100
|-ability|p2a: Calyrex|As One
|-ability|p2a: Calyrex|Unnerve
|-damage|p2a: Calyrex|88/100|[from] Stealth Rock
|turn|15
|
|t:|1664250832
|move|p1a: Marshadow|Shadow Sneak|p2a: Calyrex
|-supereffective|p2a: Calyrex
|-damage|p2a: Calyrex|0 fnt
|faint|p2a: Calyrex
|-damage|p1a: Marshadow|74/100|[from] item: Life Orb
|
|win|cosmos dream
|raw|cosmos dream's rating: 1832 &rarr; <strong>1853</strong><br />(+21 for winning)
|raw|DrMario69's rating: 1846 &rarr; <strong>1825</strong><br />(-21 for losing)
|l|☆DrMario69
||Ladder isn't responding, score probably updated but might not have (Request timeout).
