|j|☆t621
|j|☆iHaveAsthma
|t:|1638986932
|gametype|singles
|player|p1|t621|policeman-gen4|1695
|player|p2|iHaveAsthma|doctor|1797
|teamsize|p1|6
|teamsize|p2|6
|gen|8
|tier|[Gen 8] National Dex AG
|rated|
|rule|HP Percentage Mod: HP is shown in percentages
|rule|Endless Battle Clause: Forcing endless battles is banned
|clearpoke
|poke|p1|Arceus-*|
|poke|p1|Zacian-*|
|poke|p1|Rayquaza|
|poke|p1|Necrozma-Dusk-Mane|
|poke|p1|Groudon|
|poke|p1|Ditto|
|poke|p2|Rayquaza|
|poke|p2|Lugia|
|poke|p2|Arceus-*|
|poke|p2|Arceus-*|
|poke|p2|Darmanitan-Galar, M|
|poke|p2|Smeargle, M|
|teampreview
|inactive|Battle timer is ON: inactive players will automatically lose when time's up. (requested by t621)
|
|t:|1638986948
|start
|switch|p1a: Ditto|Ditto|100/100
|switch|p2a: Rayquaza|Rayquaza|100/100
|-transform|p1a: Ditto|p2a: Rayquaza|[from] ability: Imposter
|-ability|p2a: Rayquaza|Air Lock
|turn|1
|
|t:|1638986955
|switch|p1a: Groudon|Groudon|100/100
|detailschange|p1a: Groudon|Groudon-Primal
|-primal|p1a: Groudon
|-weather|DesolateLand|[from] ability: Desolate Land|[of] p1a: Groudon
|switch|p2a: Lugia|Lugia|100/100
|
|-weather|DesolateLand|[upkeep]
|upkeep
|turn|2
|
|t:|1638986962
|switch|p2a: Smeargle|Smeargle, M|100/100
|move|p1a: Groudon|Thunder Wave|p2a: Smeargle|[miss]
|-miss|p1a: Groudon|p2a: Smeargle
|
|-weather|DesolateLand|[upkeep]
|-ability|p2a: Smeargle|Moody|boost
|-boost|p2a: Smeargle|spd|2
|-unboost|p2a: Smeargle|spa|1
|upkeep
|turn|3
|
|t:|1638986977
|move|p2a: Smeargle|Spore|p1a: Groudon
|-status|p1a: Groudon|slp|[from] move: Spore
|cant|p1a: Groudon|slp
|
|-weather|DesolateLand|[upkeep]
|-ability|p2a: Smeargle|Moody|boost
|-boost|p2a: Smeargle|spa|2
|-unboost|p2a: Smeargle|spd|1
|upkeep
|turn|4
|
|t:|1638986983
|move|p2a: Smeargle|Sticky Web|p1a: Groudon
|-sidestart|p1: t621|move: Sticky Web
|cant|p1a: Groudon|slp
|
|-weather|DesolateLand|[upkeep]
|-ability|p2a: Smeargle|Moody|boost
|-boost|p2a: Smeargle|atk|2
|-unboost|p2a: Smeargle|spa|1
|upkeep
|turn|5
|
|t:|1638986987
|move|p2a: Smeargle|Stealth Rock|p1a: Groudon
|-sidestart|p1: t621|move: Stealth Rock
|cant|p1a: Groudon|slp
|
|-weather|DesolateLand|[upkeep]
|-ability|p2a: Smeargle|Moody|boost
|-boost|p2a: Smeargle|spe|2
|-unboost|p2a: Smeargle|spa|1
|upkeep
|turn|6
|
|t:|1638986990
|move|p2a: Smeargle|Baton Pass|p2a: Smeargle
|
|t:|1638986993
|switch|p2a: Rayquaza|Rayquaza|100/100|[from]move: Baton Pass
|-ability|p2a: Rayquaza|Air Lock
|-curestatus|p1a: Groudon|slp|[msg]
|move|p1a: Groudon|Dragon Tail|p2a: Rayquaza
|-supereffective|p2a: Rayquaza
|-damage|p2a: Rayquaza|34/100
|drag|p2a: Darmanitan|Darmanitan-Galar, M|100/100
|
|-weather|DesolateLand|[upkeep]
|upkeep
|turn|7
|
|t:|1638987003
|move|p2a: Darmanitan|U-turn|p1a: Groudon
|-resisted|p1a: Groudon
|-crit|p1a: Groudon
|-damage|p1a: Groudon|84/100
|
|t:|1638987006
|switch|p2a: Rayquaza|Rayquaza|34/100|[from]move: U-turn
|-ability|p2a: Rayquaza|Air Lock
|move|p1a: Groudon|Thunder Wave|p2a: Rayquaza
|-status|p2a: Rayquaza|par
|
|-weather|DesolateLand|[upkeep]
|upkeep
|turn|8
|
|t:|1638987010
|detailschange|p2a: Rayquaza|Rayquaza-Mega
|-mega|p2a: Rayquaza|Rayquaza|
|-weather|DeltaStream|[from] ability: Delta Stream|[of] p2a: Rayquaza
|move|p2a: Rayquaza|Extreme Speed|p1a: Groudon
|-damage|p1a: Groudon|62/100
|move|p1a: Groudon|Stealth Rock|p2a: Rayquaza
|-sidestart|p2: iHaveAsthma|move: Stealth Rock
|
|-weather|DeltaStream|[upkeep]
|upkeep
|turn|9
|
|t:|1638987014
|cant|p2a: Rayquaza|par
|move|p1a: Groudon|Dragon Tail|p2a: Rayquaza
|-supereffective|p2a: Rayquaza
|-damage|p2a: Rayquaza|0 fnt
|faint|p2a: Rayquaza
|-weather|none
|
|upkeep
|
|t:|1638987017
|switch|p2a: Arceus|Arceus-Ground|100/100
|-damage|p2a: Arceus|94/100|[from] Stealth Rock
|turn|10
|
|t:|1638987020
|move|p2a: Arceus|Calm Mind|p2a: Arceus
|-boost|p2a: Arceus|spa|1
|-boost|p2a: Arceus|spd|1
|move|p1a: Groudon|Precipice Blades|p2a: Arceus
|-damage|p2a: Arceus|50/100
|
|upkeep
|turn|11
|
|t:|1638987031
|move|p2a: Arceus|Recover|p2a: Arceus
|-heal|p2a: Arceus|99/100
|move|p1a: Groudon|Precipice Blades|p2a: Arceus
|-damage|p2a: Arceus|60/100
|
|upkeep
|turn|12
|
|t:|1638987034
|move|p2a: Arceus|Recover|p2a: Arceus
|-heal|p2a: Arceus|100/100
|move|p1a: Groudon|Dragon Tail|p2a: Arceus
|-damage|p2a: Arceus|86/100
|drag|p2a: Smeargle|Smeargle, M|100/100
|-damage|p2a: Smeargle|88/100|[from] Stealth Rock
|
|-ability|p2a: Smeargle|Moody|boost
|-boost|p2a: Smeargle|spa|2
|-unboost|p2a: Smeargle|def|1
|upkeep
|turn|13
|
|t:|1638987043
|move|p2a: Smeargle|Spore|p1a: Groudon
|-status|p1a: Groudon|slp|[from] move: Spore
|cant|p1a: Groudon|slp
|
|-ability|p2a: Smeargle|Moody|boost
|-boost|p2a: Smeargle|spe|2
|-unboost|p2a: Smeargle|def|1
|upkeep
|turn|14
|
|t:|1638987047
|move|p2a: Smeargle|Baton Pass|p2a: Smeargle
|
|t:|1638987048
|switch|p2a: Arceus|Arceus-Ground|86/100|[from]move: Baton Pass
|-damage|p2a: Arceus|80/100|[from] Stealth Rock
|-curestatus|p1a: Groudon|slp|[msg]
|move|p1a: Groudon|Dragon Tail|p2a: Arceus
|-damage|p2a: Arceus|51/100
|drag|p2a: Arceus|Arceus-Flying|100/100
|-damage|p2a: Arceus|76/100|[from] Stealth Rock
|
|upkeep
|turn|15
|
|t:|1638987065
|move|p2a: Arceus|Recover|p2a: Arceus
|-heal|p2a: Arceus|100/100
|move|p1a: Groudon|Thunder Wave|p2a: Arceus
|-status|p2a: Arceus|par
|
|upkeep
|turn|16
|
|t:|1638987069
|move|p1a: Groudon|Precipice Blades|p2a: Arceus
|-immune|p2a: Arceus
|move|p2a: Arceus|Earthquake|p1a: Groudon
|-supereffective|p1a: Groudon
|-damage|p1a: Groudon|19/100
|
|upkeep
|turn|17
|
|t:|1638987076
|switch|p2a: Arceus|Arceus-Ground|51/100
|-damage|p2a: Arceus|45/100|[from] Stealth Rock
|move|p1a: Groudon|Dragon Tail|p2a: Arceus
|-damage|p2a: Arceus|31/100
|drag|p2a: Darmanitan|Darmanitan-Galar, M|100/100
|-damage|p2a: Darmanitan|75/100|[from] Stealth Rock
|
|upkeep
|turn|18
|
|t:|1638987084
|move|p2a: Darmanitan|Icicle Crash|p1a: Groudon|[miss]
|-miss|p2a: Darmanitan|p1a: Groudon
|move|p1a: Groudon|Thunder Wave|p2a: Darmanitan
|-status|p2a: Darmanitan|par
|
|upkeep
|turn|19
|
|t:|1638987088
|move|p2a: Darmanitan|Icicle Crash|p1a: Groudon|[miss]
|-miss|p2a: Darmanitan|p1a: Groudon
|move|p1a: Groudon|Thunder Wave|p2a: Darmanitan
|-fail|p2a: Darmanitan|par
|
|upkeep
|turn|20
|
|t:|1638987091
|cant|p2a: Darmanitan|par
|move|p1a: Groudon|Precipice Blades|p2a: Darmanitan
|-damage|p2a: Darmanitan|0 fnt
|faint|p2a: Darmanitan
|
|upkeep
|
|t:|1638987097
|switch|p2a: Smeargle|Smeargle, M|88/100
|-damage|p2a: Smeargle|76/100|[from] Stealth Rock
|turn|21
|
|t:|1638987102
|move|p2a: Smeargle|Spore|p1a: Groudon
|-status|p1a: Groudon|slp|[from] move: Spore
|cant|p1a: Groudon|slp
|
|-ability|p2a: Smeargle|Moody|boost
|-boost|p2a: Smeargle|spe|2
|-unboost|p2a: Smeargle|spd|1
|upkeep
|turn|22
|
|t:|1638987105
|move|p2a: Smeargle|Stealth Rock||[still]
|-fail|p2a: Smeargle
|cant|p1a: Groudon|slp
|
|-ability|p2a: Smeargle|Moody|boost
|-boost|p2a: Smeargle|spd|2
|-unboost|p2a: Smeargle|atk|1
|upkeep
|turn|23
|
|t:|1638987108
|move|p2a: Smeargle|Baton Pass|p2a: Smeargle
|
|t:|1638987110
|switch|p2a: Arceus|Arceus-Flying|100/100 par|[from]move: Baton Pass
|-damage|p2a: Arceus|76/100 par|[from] Stealth Rock
|-curestatus|p1a: Groudon|slp|[msg]
|move|p1a: Groudon|Dragon Tail|p2a: Arceus
|-damage|p2a: Arceus|55/100 par
|drag|p2a: Smeargle|Smeargle, M|76/100
|-damage|p2a: Smeargle|63/100|[from] Stealth Rock
|
|-ability|p2a: Smeargle|Moody|boost
|-boost|p2a: Smeargle|spe|2
|-unboost|p2a: Smeargle|spa|1
|upkeep
|turn|24
|-message|iHaveAsthma forfeited.
|
|win|t621
|raw|t621's rating: 1695 &rarr; <strong>1721</strong><br />(+26 for winning)
|raw|iHaveAsthma's rating: 1797 &rarr; <strong>1771</strong><br />(-26 for losing)
|l|☆iHaveAsthma
|c|☆t621|bad luck
||Ladder isn't responding, score probably updated but might not have (Request timeout).
