|j|☆Rmpemeta
|j|☆SpookyMareep
|t:|1665010585
|gametype|singles
|player|p1|Rmpemeta|n|1551
|player|p2|SpookyMareep|scientistf|1655
|teamsize|p1|6
|teamsize|p2|6
|gen|8
|tier|[Gen 8] National Dex AG
|rated|
|rule|HP Percentage Mod: HP is shown in percentages
|rule|Endless Battle Clause: Forcing endless battles is banned
|clearpoke
|poke|p1|Marshadow|
|poke|p1|Donphan, M|
|poke|p1|Tapu Fini|
|poke|p1|Darmanitan, F|
|poke|p1|Celesteela|
|poke|p1|Landorus-Therian, M|
|poke|p2|Ditto|
|poke|p2|Marshadow|
|poke|p2|Toxapex, M|
|poke|p2|Shedinja|
|poke|p2|Quagsire, M|
|poke|p2|Landorus-Therian, M|
|teampreview
|inactive|Battle timer is ON: inactive players will automatically lose when time's up. (requested by Rmpemeta)
|
|t:|1665010600
|start
|switch|p1a: Landorus|Landorus-Therian, M|100/100
|switch|p2a: SpookyMareep(YT)|Marshadow|100/100
|-ability|p1a: Landorus|Intimidate|boost
|-unboost|p2a: SpookyMareep(YT)|atk|1
|turn|1
|
|t:|1665010606
|move|p2a: SpookyMareep(YT)|Ice Punch|p1a: Landorus
|-supereffective|p1a: Landorus
|-damage|p1a: Landorus|37/100
|-damage|p2a: SpookyMareep(YT)|91/100|[from] item: Life Orb
|move|p1a: Landorus|Stealth Rock|p2a: SpookyMareep(YT)
|-sidestart|p2: SpookyMareep|move: Stealth Rock
|
|-heal|p1a: Landorus|43/100|[from] item: Leftovers
|upkeep
|turn|2
|
|t:|1665010616
|switch|p1a: Nepe Brillante|Celesteela, shiny|100/100
|move|p2a: SpookyMareep(YT)|Spectral Thief|p1a: Nepe Brillante
|-crit|p1a: Nepe Brillante
|-damage|p1a: Nepe Brillante|35/100
|-damage|p2a: SpookyMareep(YT)|81/100|[from] item: Life Orb
|
|-heal|p1a: Nepe Brillante|41/100|[from] item: Leftovers
|upkeep
|turn|3
|
|t:|1665010627
|switch|p2a: >1440 ELO TEAM|Landorus-Therian, M|100/100
|-ability|p2a: >1440 ELO TEAM|Intimidate|boost
|-unboost|p1a: Nepe Brillante|atk|1
|move|p1a: Nepe Brillante|Leech Seed|p2a: >1440 ELO TEAM
|-start|p2a: >1440 ELO TEAM|move: Leech Seed
|
|-heal|p1a: Nepe Brillante|47/100|[from] item: Leftovers
|-damage|p2a: >1440 ELO TEAM|88/100|[from] Leech Seed|[of] p1a: Nepe Brillante
|-heal|p1a: Nepe Brillante|58/100|[silent]
|upkeep
|turn|4
|
|t:|1665010639
|move|p2a: >1440 ELO TEAM|Defog|p1a: Nepe Brillante
|-unboost|p1a: Nepe Brillante|evasion|1
|-sideend|p2: SpookyMareep|Stealth Rock|[from] move: Defog|[of] p2a: >1440 ELO TEAM
|move|p1a: Nepe Brillante|Flash Cannon|p2a: >1440 ELO TEAM
|-damage|p2a: >1440 ELO TEAM|52/100
|
|-heal|p1a: Nepe Brillante|64/100|[from] item: Leftovers
|-damage|p2a: >1440 ELO TEAM|39/100|[from] Leech Seed|[of] p1a: Nepe Brillante
|-heal|p1a: Nepe Brillante|74/100|[silent]
|upkeep
|turn|5
|
|t:|1665010647
|switch|p2a: Yakuza|Toxapex, M|100/100
|move|p1a: Nepe Brillante|Leech Seed|p2a: Yakuza
|-start|p2a: Yakuza|move: Leech Seed
|
|-heal|p1a: Nepe Brillante|81/100|[from] item: Leftovers
|-damage|p2a: Yakuza|88/100|[from] Leech Seed|[of] p1a: Nepe Brillante
|-heal|p1a: Nepe Brillante|91/100|[silent]
|upkeep
|turn|6
|
|t:|1665010660
|switch|p1a: Tapu Fini|Tapu Fini|100/100
|-fieldstart|move: Misty Terrain|[from] ability: Misty Surge|[of] p1a: Tapu Fini
|move|p2a: Yakuza|Scald|p1a: Tapu Fini
|-resisted|p1a: Tapu Fini
|-damage|p1a: Tapu Fini|95/100
|
|-heal|p1a: Tapu Fini|100/100|[from] item: Leftovers
|-damage|p2a: Yakuza|76/100|[from] Leech Seed|[of] p1a: Tapu Fini
|upkeep
|turn|7
|
|t:|1665010671
|switch|p1a: Landorus|Landorus-Therian, M|43/100
|-ability|p1a: Landorus|Intimidate|boost
|-unboost|p2a: Yakuza|atk|1
|move|p2a: Yakuza|Toxic Spikes|p1a: Landorus
|-sidestart|p1: Rmpemeta|move: Toxic Spikes
|
|-heal|p1a: Landorus|49/100|[from] item: Leftovers
|-damage|p2a: Yakuza|64/100|[from] Leech Seed|[of] p1a: Landorus
|-heal|p1a: Landorus|58/100|[silent]
|upkeep
|turn|8
|
|t:|1665010679
|move|p1a: Landorus|Stealth Rock|p2a: Yakuza
|-sidestart|p2: SpookyMareep|move: Stealth Rock
|move|p2a: Yakuza|Scald|p1a: Landorus
|-supereffective|p1a: Landorus
|-damage|p1a: Landorus|25/100
|
|-heal|p1a: Landorus|31/100|[from] item: Leftovers
|-damage|p2a: Yakuza|52/100|[from] Leech Seed|[of] p1a: Landorus
|-heal|p1a: Landorus|41/100|[silent]
|upkeep
|turn|9
|
|t:|1665010688
|switch|p1a: Sherloc.H|Donphan, M|100/100
|switch|p2a: Zacian! Wait STOP!|Ditto|100/100
|-damage|p2a: Zacian! Wait STOP!|88/100|[from] Stealth Rock
|-transform|p2a: Zacian! Wait STOP!|p1a: Sherloc.H|[from] ability: Imposter
|
|upkeep
|turn|10
|
|t:|1665010699
|move|p2a: Zacian! Wait STOP!|Rapid Spin|p1a: Sherloc.H
|-damage|p1a: Sherloc.H|91/100
|-boost|p2a: Zacian! Wait STOP!|spe|1
|-sideend|p2: SpookyMareep|Stealth Rock|[from] move: Rapid Spin|[of] p2a: Zacian! Wait STOP!
|move|p1a: Sherloc.H|Rapid Spin|p2a: Zacian! Wait STOP!
|-damage|p2a: Zacian! Wait STOP!|73/100
|-boost|p1a: Sherloc.H|spe|1
|-sideend|p1: Rmpemeta|Toxic Spikes|[from] move: Rapid Spin|[of] p1a: Sherloc.H
|
|-fieldend|Misty Terrain
|upkeep
|turn|11
|
|t:|1665010710
|switch|p2a: :)|Quagsire, M|100/100
|switch|p1a: Landorus|Landorus-Therian, M|41/100
|-ability|p1a: Landorus|Intimidate|boost
|-unboost|p2a: :)|atk|1
|
|-heal|p1a: Landorus|47/100|[from] item: Leftovers
|upkeep
|turn|12
|
|t:|1665010718
|move|p1a: Landorus|Stealth Rock|p2a: :)
|-sidestart|p2: SpookyMareep|move: Stealth Rock
|move|p2a: :)|Scald|p1a: Landorus
|-supereffective|p1a: Landorus
|-damage|p1a: Landorus|1/100
|
|-heal|p1a: Landorus|7/100|[from] item: Leftovers
|upkeep
|turn|13
|
|t:|1665010729
|switch|p1a: Tapu Fini|Tapu Fini|100/100
|-fieldstart|move: Misty Terrain|[from] ability: Misty Surge|[of] p1a: Tapu Fini
|switch|p2a: Yakuza|Toxapex, M|85/100
|-damage|p2a: Yakuza|73/100|[from] Stealth Rock
|
|upkeep
|turn|14
|
|t:|1665010737
|move|p1a: Tapu Fini|Whirlpool|p2a: Yakuza
|-resisted|p2a: Yakuza
|-damage|p2a: Yakuza|67/100
|-activate|p2a: Yakuza|move: Whirlpool|[of] p1a: Tapu Fini
|move|p2a: Yakuza|Toxic Spikes|p1a: Tapu Fini
|-sidestart|p1: Rmpemeta|move: Toxic Spikes
|
|-damage|p2a: Yakuza|55/100|[from] move: Whirlpool|[partiallytrapped]
|upkeep
|turn|15
|
|t:|1665010744
|move|p1a: Tapu Fini|Taunt|p2a: Yakuza
|-start|p2a: Yakuza|move: Taunt
|cant|p2a: Yakuza|move: Taunt|Recover
|
|-damage|p2a: Yakuza|43/100|[from] move: Whirlpool|[partiallytrapped]
|upkeep
|turn|16
|
|t:|1665010751
|move|p1a: Tapu Fini|Moonblast|p2a: Yakuza
|-resisted|p2a: Yakuza
|-damage|p2a: Yakuza|28/100
|move|p2a: Yakuza|Scald|p1a: Tapu Fini
|-resisted|p1a: Tapu Fini
|-damage|p1a: Tapu Fini|94/100
|
|-heal|p1a: Tapu Fini|100/100|[from] item: Leftovers
|-damage|p2a: Yakuza|15/100|[from] move: Whirlpool|[partiallytrapped]
|upkeep
|turn|17
|
|t:|1665010761
|move|p1a: Tapu Fini|Moonblast|p2a: Yakuza
|-resisted|p2a: Yakuza
|-damage|p2a: Yakuza|0 fnt
|faint|p2a: Yakuza
|
|-fieldend|Misty Terrain
|upkeep
|
|t:|1665010767
|switch|p2a: SpookyMareep(YT)|Marshadow|81/100
|-damage|p2a: SpookyMareep(YT)|74/100|[from] Stealth Rock
|turn|18
|
|t:|1665010771
|-start|p2a: SpookyMareep(YT)|Dynamax|
|-heal|p2a: SpookyMareep(YT)|74/100|[silent]
|move|p2a: SpookyMareep(YT)|Max Phantasm|p1a: Tapu Fini
|-damage|p1a: Tapu Fini|17/100
|-unboost|p1a: Tapu Fini|def|1
|-damage|p2a: SpookyMareep(YT)|69/100|[from] item: Life Orb
|move|p1a: Tapu Fini|Moonblast|p2a: SpookyMareep(YT)
|-supereffective|p2a: SpookyMareep(YT)
|-damage|p2a: SpookyMareep(YT)|30/100
|
|-heal|p1a: Tapu Fini|23/100|[from] item: Leftovers
|upkeep
|turn|19
|
|t:|1665010784
|move|p2a: SpookyMareep(YT)|Max Knuckle|p1a: Tapu Fini
|-resisted|p1a: Tapu Fini
|-damage|p1a: Tapu Fini|0 fnt
|-boost|p2a: SpookyMareep(YT)|atk|1
|faint|p1a: Tapu Fini
|-damage|p2a: SpookyMareep(YT)|25/100|[from] item: Life Orb
|
|upkeep
|
|t:|1665010800
|switch|p1a: Nepe Brillante|Celesteela, shiny|91/100
|turn|20
|
|t:|1665010809
|-start|p1a: Nepe Brillante|Dynamax|
|-heal|p1a: Nepe Brillante|91/100|[silent]
|move|p1a: Nepe Brillante|Max Guard|p1a: Nepe Brillante
|-singleturn|p1a: Nepe Brillante|Max Guard
|move|p2a: SpookyMareep(YT)|Max Phantasm|p1a: Nepe Brillante
|-activate|p1a: Nepe Brillante|move: Max Guard
|
|-heal|p1a: Nepe Brillante|94/100|[from] item: Leftovers
|upkeep
|-end|p2a: SpookyMareep(YT)|Dynamax
|-heal|p2a: SpookyMareep(YT)|25/100|[silent]
|turn|21
|
|t:|1665010823
|switch|p2a: :)|Quagsire, M|100/100
|-damage|p2a: :)|94/100|[from] Stealth Rock
|move|p1a: Nepe Brillante|Max Overgrowth|p2a: :)
|-supereffective|p2a: :)
|-damage|p2a: :)|0 fnt
|-fieldstart|move: Grassy Terrain
|faint|p2a: :)
|-ability|p1a: Nepe Brillante|Beast Boost|boost
|-boost|p1a: Nepe Brillante|def|1
|
|-heal|p1a: Nepe Brillante|97/100|[from] item: Leftovers
|upkeep
|c|☆SpookyMareep|lol
|c|☆SpookyMareep|ok
|
|t:|1665010831
|switch|p2a: Zacian! Wait STOP!|Ditto|73/100
|-damage|p2a: Zacian! Wait STOP!|61/100|[from] Stealth Rock
|-transform|p2a: Zacian! Wait STOP!|p1a: Nepe Brillante|[from] ability: Imposter
|turn|22
|
|t:|1665010838
|move|p2a: Zacian! Wait STOP!|Flamethrower|p1a: Nepe Brillante
|-supereffective|p1a: Nepe Brillante
|-damage|p1a: Nepe Brillante|80/100
|move|p1a: Nepe Brillante|Max Flare|p2a: Zacian! Wait STOP!
|-supereffective|p2a: Zacian! Wait STOP!
|-damage|p2a: Zacian! Wait STOP!|0 fnt
|-weather|SunnyDay
|faint|p2a: Zacian! Wait STOP!
|-ability|p1a: Nepe Brillante|Beast Boost|boost
|-boost|p1a: Nepe Brillante|def|1
|
|-weather|SunnyDay|[upkeep]
|-heal|p1a: Nepe Brillante|84/100|[from] item: Leftovers
|upkeep
|
|t:|1665010842
|switch|p2a: SpookyMareep(YT)|Marshadow|25/100
|-damage|p2a: SpookyMareep(YT)|19/100|[from] Stealth Rock
|-end|p1a: Nepe Brillante|Dynamax
|-heal|p1a: Nepe Brillante|84/100|[silent]
|turn|23
|
|t:|1665010858
|move|p2a: SpookyMareep(YT)|Spectral Thief||[still]
|-clearpositiveboost|p1a: Nepe Brillante|p2a: SpookyMareep(YT)|move: Spectral Thief
|-boost|p2a: SpookyMareep(YT)|def|2
|-anim|p2a: SpookyMareep(YT)|Spectral Thief|p1a: Nepe Brillante
|-damage|p1a: Nepe Brillante|41/100
|-damage|p2a: SpookyMareep(YT)|9/100|[from] item: Life Orb
|move|p1a: Nepe Brillante|Flash Cannon|p2a: SpookyMareep(YT)
|-damage|p2a: SpookyMareep(YT)|0 fnt
|faint|p2a: SpookyMareep(YT)
|-ability|p1a: Nepe Brillante|Beast Boost|boost
|-boost|p1a: Nepe Brillante|def|1
|
|-weather|SunnyDay|[upkeep]
|-heal|p1a: Nepe Brillante|47/100|[from] item: Leftovers
|upkeep
|
|t:|1665010865
|switch|p2a: >1440 ELO TEAM|Landorus-Therian, M|39/100
|-ability|p2a: >1440 ELO TEAM|Intimidate|boost
|-unboost|p1a: Nepe Brillante|atk|1
|turn|24
|
|t:|1665010876
|move|p2a: >1440 ELO TEAM|Stealth Rock|p1a: Nepe Brillante
|-sidestart|p1: Rmpemeta|move: Stealth Rock
|move|p1a: Nepe Brillante|Leech Seed|p2a: >1440 ELO TEAM
|-start|p2a: >1440 ELO TEAM|move: Leech Seed
|
|-weather|SunnyDay|[upkeep]
|-heal|p1a: Nepe Brillante|54/100|[from] item: Leftovers
|-damage|p2a: >1440 ELO TEAM|27/100|[from] Leech Seed|[of] p1a: Nepe Brillante
|-heal|p1a: Nepe Brillante|64/100|[silent]
|upkeep
|turn|25
|
|t:|1665010883
|move|p2a: >1440 ELO TEAM|Stone Edge|p1a: Nepe Brillante
|-damage|p1a: Nepe Brillante|44/100
|move|p1a: Nepe Brillante|Giga Drain|p2a: >1440 ELO TEAM
|-damage|p2a: >1440 ELO TEAM|4/100
|-heal|p1a: Nepe Brillante|54/100|[from] drain|[of] p2a: >1440 ELO TEAM
|
|-weather|SunnyDay|[upkeep]
|-heal|p1a: Nepe Brillante|61/100|[from] item: Leftovers
|-damage|p2a: >1440 ELO TEAM|0 fnt|[from] Leech Seed|[of] p1a: Nepe Brillante
|-heal|p1a: Nepe Brillante|64/100|[silent]
|faint|p2a: >1440 ELO TEAM
|-fieldend|move: Grassy Terrain
|upkeep
|
|t:|1665010886
|switch|p2a: Yakuza.|Shedinja|100/100
|-damage|p2a: Yakuza.|0 fnt|[from] Stealth Rock
|faint|p2a: Yakuza.
|
|win|Rmpemeta
|raw|Rmpemeta's rating: 1551 &rarr; <strong>1577</strong><br />(+26 for winning)
|raw|SpookyMareep's rating: 1655 &rarr; <strong>1629</strong><br />(-26 for losing)
|l|☆SpookyMareep
||Ladder isn't responding, score probably updated but might not have (Request timeout).
