|j|☆dividing by 0
|j|☆aselia the eternal
|t:|1658890155
|gametype|singles
|player|p1|dividing by 0|pokemaniac|1779
|player|p2|aselia the eternal|102|1746
|teamsize|p1|6
|teamsize|p2|6
|gen|8
|tier|[Gen 8] National Dex AG
|rated|
|rule|HP Percentage Mod: HP is shown in percentages
|rule|Endless Battle Clause: Forcing endless battles is banned
|clearpoke
|poke|p1|Rayquaza|
|poke|p1|Groudon|
|poke|p1|Kyogre|
|poke|p1|Yveltal|
|poke|p1|Necrozma-Dusk-Mane|
|poke|p1|Pheromosa|
|poke|p2|Kyogre|
|poke|p2|Yveltal|
|poke|p2|Rayquaza|
|poke|p2|Calyrex-Shadow|
|poke|p2|Arceus-*|
|poke|p2|Marshadow|
|teampreview
|
|t:|1658890186
|start
|switch|p1a: Kyogre|Kyogre|100/100
|switch|p2a: Arceus|Arceus-Ground|100/100
|-weather|RainDance|[from] ability: Drizzle|[of] p1a: Kyogre
|turn|1
|
|t:|1658890191
|move|p1a: Kyogre|Water Spout|p2a: Arceus
|-supereffective|p2a: Arceus
|-damage|p2a: Arceus|0 fnt
|faint|p2a: Arceus
|
|-weather|RainDance|[upkeep]
|upkeep
|
|t:|1658890197
|switch|p2a: Rayquaza|Rayquaza|100/100
|-ability|p2a: Rayquaza|Air Lock
|turn|2
|
|t:|1658890209
|switch|p1a: Pheromosa|Pheromosa|100/100
|detailschange|p2a: Rayquaza|Rayquaza-Mega
|-mega|p2a: Rayquaza|Rayquaza|
|-weather|DeltaStream|[from] ability: Delta Stream|[of] p2a: Rayquaza
|move|p2a: Rayquaza|Dragon Ascent|p1a: Pheromosa
|-supereffective|p1a: Pheromosa
|-enditem|p1a: Pheromosa|Focus Sash
|-damage|p1a: Pheromosa|1/100
|-unboost|p2a: Rayquaza|def|1
|-unboost|p2a: Rayquaza|spd|1
|
|-weather|DeltaStream|[upkeep]
|upkeep
|turn|3
|
|t:|1658890213
|move|p1a: Pheromosa|Triple Axel|p2a: Rayquaza
|-activate||deltastream
|-supereffective|p2a: Rayquaza
|-damage|p2a: Rayquaza|80/100
|-activate||deltastream
|-supereffective|p2a: Rayquaza
|-damage|p2a: Rayquaza|43/100
|-hitcount|p2a: Rayquaza|2
|move|p2a: Rayquaza|Dragon Ascent|p1a: Pheromosa
|-supereffective|p1a: Pheromosa
|-damage|p1a: Pheromosa|0 fnt
|-unboost|p2a: Rayquaza|def|1
|-unboost|p2a: Rayquaza|spd|1
|faint|p1a: Pheromosa
|
|-weather|DeltaStream|[upkeep]
|upkeep
|
|t:|1658890234
|switch|p1a: Necrozma|Necrozma-Dusk-Mane|100/100
|turn|4
|
|t:|1658890242
|-weather|none
|switch|p2a: Calyrex|Calyrex-Shadow|100/100
|-ability|p2a: Calyrex|As One
|-ability|p2a: Calyrex|Unnerve
|move|p1a: Necrozma|Iron Head|p2a: Calyrex
|-damage|p2a: Calyrex|47/100
|
|upkeep
|turn|5
|
|t:|1658890264
|switch|p1a: Yveltal|Yveltal|100/100
|-ability|p1a: Yveltal|Dark Aura
|move|p2a: Calyrex|Nasty Plot|p2a: Calyrex
|-boost|p2a: Calyrex|spa|2
|
|upkeep
|turn|6
|
|t:|1658890271
|move|p1a: Yveltal|Sucker Punch||[still]
|-fail|p1a: Yveltal
|move|p2a: Calyrex|Baton Pass|p2a: Calyrex
|
|t:|1658890277
|switch|p2a: Yveltal|Yveltal|100/100|[from]move: Baton Pass
|-ability|p2a: Yveltal|Dark Aura
|
|upkeep
|turn|7
|
|t:|1658890285
|-start|p2a: Yveltal|Dynamax|
|-heal|p2a: Yveltal|100/100|[silent]
|-start|p1a: Yveltal|Dynamax|
|-heal|p1a: Yveltal|100/100|[silent]
|move|p1a: Yveltal|Max Guard|p1a: Yveltal
|-singleturn|p1a: Yveltal|Max Guard
|move|p2a: Yveltal|Max Airstream|p1a: Yveltal
|-activate|p1a: Yveltal|move: Max Guard
|
|upkeep
|turn|8
|
|t:|1658890292
|move|p2a: Yveltal|Max Airstream|p1a: Yveltal
|-damage|p1a: Yveltal|18/100
|-boost|p2a: Yveltal|spe|1
|-damage|p2a: Yveltal|96/100|[from] item: Life Orb
|move|p1a: Yveltal|Max Darkness|p2a: Yveltal
|-resisted|p2a: Yveltal
|-damage|p2a: Yveltal|81/100
|-unboost|p2a: Yveltal|spd|1
|
|upkeep
|turn|9
|
|t:|1658890299
|move|p1a: Yveltal|Max Guard|p1a: Yveltal
|-singleturn|p1a: Yveltal|Max Guard
|move|p2a: Yveltal|Max Airstream|p1a: Yveltal
|-activate|p1a: Yveltal|move: Max Guard
|
|upkeep
|-end|p2a: Yveltal|Dynamax
|-heal|p2a: Yveltal|81/100|[silent]
|-end|p1a: Yveltal|Dynamax
|-heal|p1a: Yveltal|18/100|[silent]
|turn|10
|
|t:|1658890304
|move|p2a: Yveltal|Dark Pulse|p1a: Yveltal
|-resisted|p1a: Yveltal
|-damage|p1a: Yveltal|0 fnt
|faint|p1a: Yveltal
|-damage|p2a: Yveltal|71/100|[from] item: Life Orb
|
|upkeep
|j| MeloMeloMeloetta
|
|t:|1658890308
|switch|p1a: Rayquaza|Rayquaza|100/100
|-ability|p1a: Rayquaza|Air Lock
|turn|11
|
|t:|1658890313
|detailschange|p1a: Rayquaza|Rayquaza-Mega
|-mega|p1a: Rayquaza|Rayquaza|
|-weather|DeltaStream|[from] ability: Delta Stream|[of] p1a: Rayquaza
|move|p1a: Rayquaza|Dragon Ascent|p2a: Yveltal
|-damage|p2a: Yveltal|3/100
|-unboost|p1a: Rayquaza|def|1
|-unboost|p1a: Rayquaza|spd|1
|move|p2a: Yveltal|Dark Pulse|p1a: Rayquaza
|-damage|p1a: Rayquaza|0 fnt
|faint|p1a: Rayquaza
|-weather|none
|-damage|p2a: Yveltal|0 fnt|[from] item: Life Orb
|faint|p2a: Yveltal
|
|upkeep
|
|t:|1658890335
|switch|p1a: Kyogre|Kyogre|100/100
|switch|p2a: Marshadow|Marshadow|100/100
|-weather|RainDance|[from] ability: Drizzle|[of] p1a: Kyogre
|turn|12
|
|t:|1658890385
|move|p2a: Marshadow|Shadow Sneak|p1a: Kyogre
|-damage|p1a: Kyogre|65/100
|move|p1a: Kyogre|Origin Pulse|p2a: Marshadow|[miss]
|-miss|p1a: Kyogre|p2a: Marshadow
|
|-weather|RainDance|[upkeep]
|upkeep
|turn|13
|
|t:|1658890404
|move|p2a: Marshadow|Shadow Sneak|p1a: Kyogre
|-damage|p1a: Kyogre|26/100
|move|p1a: Kyogre|Origin Pulse|p2a: Marshadow
|-damage|p2a: Marshadow|0 fnt
|faint|p2a: Marshadow
|
|-weather|RainDance|[upkeep]
|upkeep
|
|t:|1658890407
|switch|p2a: Rayquaza|Rayquaza-Mega|43/100
|-weather|DeltaStream|[from] ability: Delta Stream|[of] p2a: Rayquaza
|turn|14
|
|t:|1658890414
|move|p1a: Kyogre|Origin Pulse|p2a: Rayquaza
|-resisted|p2a: Rayquaza
|-damage|p2a: Rayquaza|15/100
|move|p2a: Rayquaza|Earthquake|p1a: Kyogre
|-damage|p1a: Kyogre|0 fnt
|faint|p1a: Kyogre
|
|-weather|DeltaStream|[upkeep]
|upkeep
|l| MeloMeloMeloetta
|
|t:|1658890424
|switch|p1a: Necrozma|Necrozma-Dusk-Mane|100/100
|turn|15
|j| MeloMeloMeloetta
|
|t:|1658890459
|move|p2a: Rayquaza|Earthquake|p1a: Necrozma
|-supereffective|p1a: Necrozma
|-damage|p1a: Necrozma|41/100
|move|p1a: Necrozma|Thunder Wave|p2a: Rayquaza
|-status|p2a: Rayquaza|par
|
|-weather|DeltaStream|[upkeep]
|-heal|p1a: Necrozma|47/100|[from] item: Leftovers
|upkeep
|turn|16
|
|t:|1658890482
|move|p1a: Necrozma|Morning Sun|p1a: Necrozma
|-heal|p1a: Necrozma|97/100
|move|p2a: Rayquaza|Earthquake|p1a: Necrozma
|-supereffective|p1a: Necrozma
|-damage|p1a: Necrozma|34/100
|
|-weather|DeltaStream|[upkeep]
|-heal|p1a: Necrozma|40/100|[from] item: Leftovers
|upkeep
|turn|17
|inactive|Battle timer is ON: inactive players will automatically lose when time's up. (requested by dividing by 0)
|
|t:|1658890502
|-weather|none
|switch|p2a: Kyogre|Kyogre|100/100
|-weather|RainDance|[from] ability: Drizzle|[of] p2a: Kyogre
|move|p1a: Necrozma|Morning Sun|p1a: Necrozma
|-heal|p1a: Necrozma|65/100
|
|-weather|RainDance|[upkeep]
|-heal|p1a: Necrozma|71/100|[from] item: Leftovers
|upkeep
|turn|18
|
|t:|1658890511
|switch|p2a: Rayquaza|Rayquaza-Mega|15/100 par
|-weather|DeltaStream|[from] ability: Delta Stream|[of] p2a: Rayquaza
|move|p1a: Necrozma|Thunder Wave|p2a: Rayquaza|[miss]
|-miss|p1a: Necrozma|p2a: Rayquaza
|
|-weather|DeltaStream|[upkeep]
|-heal|p1a: Necrozma|77/100|[from] item: Leftovers
|upkeep
|turn|19
|
|t:|1658890516
|move|p1a: Necrozma|Morning Sun|p1a: Necrozma
|-heal|p1a: Necrozma|100/100
|move|p2a: Rayquaza|Earthquake|p1a: Necrozma
|-supereffective|p1a: Necrozma
|-damage|p1a: Necrozma|35/100
|
|-weather|DeltaStream|[upkeep]
|-heal|p1a: Necrozma|41/100|[from] item: Leftovers
|upkeep
|turn|20
|
|t:|1658890521
|-weather|none
|switch|p2a: Kyogre|Kyogre|100/100
|-weather|RainDance|[from] ability: Drizzle|[of] p2a: Kyogre
|move|p1a: Necrozma|Morning Sun|p1a: Necrozma
|-heal|p1a: Necrozma|66/100
|
|-weather|RainDance|[upkeep]
|-heal|p1a: Necrozma|72/100|[from] item: Leftovers
|upkeep
|turn|21
|
|t:|1658890527
|move|p2a: Kyogre|Water Spout|p1a: Necrozma
|-damage|p1a: Necrozma|0 fnt
|faint|p1a: Necrozma
|
|-weather|RainDance|[upkeep]
|upkeep
|
|t:|1658890529
|switch|p1a: Groudon|Groudon|100/100
|detailschange|p1a: Groudon|Groudon-Primal
|-primal|p1a: Groudon
|-weather|DesolateLand|[from] ability: Desolate Land|[of] p1a: Groudon
|turn|22
|
|t:|1658890558
|switch|p2a: Rayquaza|Rayquaza-Mega|15/100 par
|-weather|DeltaStream|[from] ability: Delta Stream|[of] p2a: Rayquaza
|move|p1a: Groudon|Rock Polish|p1a: Groudon
|-boost|p1a: Groudon|spe|2
|
|-weather|DeltaStream|[upkeep]
|upkeep
|turn|23
|
|t:|1658890561
|move|p2a: Rayquaza|Extreme Speed|p1a: Groudon
|-damage|p1a: Groudon|69/100
|move|p1a: Groudon|Heat Crash|p2a: Rayquaza
|-resisted|p2a: Rayquaza
|-damage|p2a: Rayquaza|0 fnt
|faint|p2a: Rayquaza
|-weather|none
|
|upkeep
|
|t:|1658890569
|switch|p2a: Kyogre|Kyogre|100/100
|-weather|RainDance|[from] ability: Drizzle|[of] p2a: Kyogre
|turn|24
|
|t:|1658890571
|move|p2a: Kyogre|Ice Beam|p1a: Groudon
|-damage|p1a: Groudon|35/100
|move|p1a: Groudon|Precipice Blades|p2a: Kyogre
|-damage|p2a: Kyogre|0 fnt
|faint|p2a: Kyogre
|
|-weather|RainDance|[upkeep]
|upkeep
|
|t:|1658890575
|switch|p2a: Calyrex|Calyrex-Shadow|47/100
|-ability|p2a: Calyrex|As One
|-ability|p2a: Calyrex|Unnerve
|turn|25
|
|t:|1658890577
|move|p1a: Groudon|Precipice Blades|p2a: Calyrex
|-damage|p2a: Calyrex|0 fnt
|faint|p2a: Calyrex
|
|win|dividing by 0
|raw|dividing by 0's rating: 1779 &rarr; <strong>1797</strong><br />(+18 for winning)
|raw|aselia the eternal's rating: 1746 &rarr; <strong>1728</strong><br />(-18 for losing)
|c|☆dividing by 0|GG
