|j|☆SpookyMareep
|j|☆Smeargle'sBoss
|inactive|Battle timer is ON: inactive players will automatically lose when time's up.
|t:|1657130827
|gametype|singles
|player|p1|SpookyMareep|rocketgruntf|
|player|p2|Smeargle'sBoss|101|
|teamsize|p1|6
|teamsize|p2|6
|gen|8
|tier|[Gen 8] National Dex AG
|rated|Tournament battle
|rule|HP Percentage Mod: HP is shown in percentages
|rule|Endless Battle Clause: Forcing endless battles is banned
|clearpoke
|poke|p1|Ditto|
|poke|p1|Marshadow|
|poke|p1|Toxapex, F|
|poke|p1|Shedinja|
|poke|p1|Quagsire, M|
|poke|p1|Landorus-Therian, M|
|poke|p2|Arceus-*|
|poke|p2|Smeargle, F|
|poke|p2|Rayquaza|
|poke|p2|Yveltal|
|poke|p2|Aerodactyl, F|
|poke|p2|Zacian-*|
|teampreview
|inactive|Smeargle'sBoss also wants the timer to be on.
|
|t:|1657130851
|start
|switch|p1a: Zacian is bad|Ditto|100/100
|switch|p2a: Aerodactyl|Aerodactyl, F|100/100
|-ability|p2a: Aerodactyl|Pressure
|-transform|p1a: Zacian is bad|p2a: Aerodactyl|[from] ability: Imposter
|-ability|p1a: Zacian is bad|Pressure
|turn|1
|
|t:|1657130860
|move|p1a: Zacian is bad|Taunt|p2a: Aerodactyl
|-start|p2a: Aerodactyl|move: Taunt
|move|p2a: Aerodactyl|Rock Tomb|p1a: Zacian is bad
|-supereffective|p1a: Zacian is bad
|-damage|p1a: Zacian is bad|12/100
|-unboost|p1a: Zacian is bad|spe|1
|
|upkeep
|turn|2
|
|t:|1657130868
|switch|p2a: Yveltal|Yveltal|100/100
|-ability|p2a: Yveltal|Dark Aura
|switch|p1a: >1440 ELO TEAM|Landorus-Therian, M|100/100
|-ability|p1a: >1440 ELO TEAM|Intimidate|boost
|-unboost|p2a: Yveltal|atk|1
|
|upkeep
|turn|3
|
|t:|1657130871
|-start|p1a: >1440 ELO TEAM|Dynamax|
|-heal|p1a: >1440 ELO TEAM|100/100|[silent]
|move|p2a: Yveltal|Dark Pulse|p1a: >1440 ELO TEAM
|-damage|p1a: >1440 ELO TEAM|51/100
|-damage|p2a: Yveltal|91/100|[from] item: Life Orb
|move|p1a: >1440 ELO TEAM|Max Rockfall|p2a: Yveltal
|-supereffective|p2a: Yveltal
|-damage|p2a: Yveltal|0 fnt
|-weather|Sandstorm
|faint|p2a: Yveltal
|
|-weather|Sandstorm|[upkeep]
|upkeep
|
|t:|1657130878
|switch|p2a: 2nd best ag mon|Rayquaza|100/100
|-ability|p2a: 2nd best ag mon|Air Lock
|turn|4
|
|t:|1657130883
|detailschange|p2a: 2nd best ag mon|Rayquaza-Mega
|-mega|p2a: 2nd best ag mon|Rayquaza|
|-weather|DeltaStream|[from] ability: Delta Stream|[of] p2a: 2nd best ag mon
|move|p2a: 2nd best ag mon|Dragon Ascent|p1a: >1440 ELO TEAM
|-damage|p1a: >1440 ELO TEAM|0 fnt
|-unboost|p2a: 2nd best ag mon|def|1
|-unboost|p2a: 2nd best ag mon|spd|1
|faint|p1a: >1440 ELO TEAM
|
|-weather|DeltaStream|[upkeep]
|upkeep
|
|t:|1657130888
|switch|p1a: Zacian is bad|Ditto|12/100
|-transform|p1a: Zacian is bad|p2a: 2nd best ag mon|[from] ability: Imposter
|turn|5
|
|t:|1657130895
|switch|p1a: Yakuza|Toxapex, F|100/100
|-weather|none
|switch|p2a: Aerodactyl|Aerodactyl, F|100/100
|-ability|p2a: Aerodactyl|Pressure
|
|upkeep
|turn|6
|
|t:|1657130900
|move|p2a: Aerodactyl|Taunt|p1a: Yakuza
|-start|p1a: Yakuza|move: Taunt
|cant|p1a: Yakuza|move: Taunt|Toxic Spikes
|
|upkeep
|turn|7
|
|t:|1657130903
|switch|p1a: Zacian is bad|Ditto|12/100
|-transform|p1a: Zacian is bad|p2a: Aerodactyl|[from] ability: Imposter
|-ability|p1a: Zacian is bad|Pressure
|move|p2a: Aerodactyl|Stealth Rock|p1a: Zacian is bad
|-sidestart|p1: SpookyMareep|move: Stealth Rock
|
|upkeep
|turn|8
|
|t:|1657130905
|move|p1a: Zacian is bad|Stealth Rock|p2a: Aerodactyl
|-sidestart|p2: Smeargle'sBoss|move: Stealth Rock
|move|p2a: Aerodactyl|Rock Tomb|p1a: Zacian is bad
|-supereffective|p1a: Zacian is bad
|-damage|p1a: Zacian is bad|0 fnt
|faint|p1a: Zacian is bad
|
|upkeep
|
|t:|1657130907
|switch|p1a: Yakuza|Toxapex, F|100/100
|-damage|p1a: Yakuza|88/100|[from] Stealth Rock
|turn|9
|
|t:|1657130910
|move|p2a: Aerodactyl|Defog|p1a: Yakuza
|-unboost|p1a: Yakuza|evasion|1
|-sideend|p1: SpookyMareep|Stealth Rock|[from] move: Defog|[of] p2a: Aerodactyl
|-sideend|p2: Smeargle'sBoss|Stealth Rock|[from] move: Defog|[of] p2a: Aerodactyl
|move|p1a: Yakuza|Scald|p2a: Aerodactyl
|-supereffective|p2a: Aerodactyl
|-damage|p2a: Aerodactyl|57/100
|
|upkeep
|turn|10
|
|t:|1657130913
|move|p2a: Aerodactyl|Taunt|p1a: Yakuza
|-start|p1a: Yakuza|move: Taunt
|cant|p1a: Yakuza|move: Taunt|Toxic Spikes
|
|upkeep
|turn|11
|
|t:|1657130916
|move|p2a: Aerodactyl|Stealth Rock|p1a: Yakuza
|-sidestart|p1: SpookyMareep|move: Stealth Rock
|move|p1a: Yakuza|Scald|p2a: Aerodactyl
|-supereffective|p2a: Aerodactyl
|-damage|p2a: Aerodactyl|20/100
|
|upkeep
|turn|12
|
|t:|1657130918
|switch|p1a: :)|Quagsire, M|100/100
|-damage|p1a: :)|94/100|[from] Stealth Rock
|move|p2a: Aerodactyl|Rock Tomb|p1a: :)
|-resisted|p1a: :)
|-damage|p1a: :)|87/100
|-unboost|p1a: :)|spe|1
|
|upkeep
|turn|13
|
|t:|1657130923
|move|p2a: Aerodactyl|Taunt|p1a: :)
|-start|p1a: :)|move: Taunt
|move|p1a: :)|Scald|p2a: Aerodactyl
|-supereffective|p2a: Aerodactyl
|-damage|p2a: Aerodactyl|0 fnt
|faint|p2a: Aerodactyl
|
|upkeep
|
|t:|1657130927
|switch|p2a: 2nd best ag mon|Rayquaza-Mega|100/100
|-weather|DeltaStream|[from] ability: Delta Stream|[of] p2a: 2nd best ag mon
|turn|14
|
|t:|1657130930
|move|p2a: 2nd best ag mon|Dragon Ascent|p1a: :)
|-damage|p1a: :)|23/100
|-unboost|p2a: 2nd best ag mon|def|1
|-unboost|p2a: 2nd best ag mon|spd|1
|-damage|p2a: 2nd best ag mon|84/100|[from] item: Rocky Helmet|[of] p1a: :)
|move|p1a: :)|Scald|p2a: 2nd best ag mon
|-resisted|p2a: 2nd best ag mon
|-damage|p2a: 2nd best ag mon|75/100
|
|-weather|DeltaStream|[upkeep]
|upkeep
|turn|15
|
|t:|1657130935
|move|p2a: 2nd best ag mon|Scale Shot|p1a: :)|[miss]
|-miss|p2a: 2nd best ag mon|p1a: :)
|move|p1a: :)|Scald|p2a: 2nd best ag mon
|-resisted|p2a: 2nd best ag mon
|-damage|p2a: 2nd best ag mon|66/100
|
|-weather|DeltaStream|[upkeep]
|-end|p1a: :)|move: Taunt
|upkeep
|turn|16
|c|☆SpookyMareep|wp
|
|t:|1657130939
|move|p2a: 2nd best ag mon|Dragon Ascent|p1a: :)
|-damage|p1a: :)|0 fnt
|-unboost|p2a: 2nd best ag mon|def|1
|-unboost|p2a: 2nd best ag mon|spd|1
|-damage|p2a: 2nd best ag mon|50/100|[from] item: Rocky Helmet|[of] p1a: :)
|faint|p1a: :)
|
|-weather|DeltaStream|[upkeep]
|upkeep
|
|t:|1657130942
|switch|p1a: xXWingsRippedXx|Marshadow|100/100
|-damage|p1a: xXWingsRippedXx|94/100|[from] Stealth Rock
|turn|17
|
|t:|1657130945
|-weather|none
|switch|p2a: Best ag mon|Smeargle, F|100/100
|move|p1a: xXWingsRippedXx|Ice Punch|p2a: Best ag mon
|-damage|p2a: Best ag mon|43/100
|
|-ability|p2a: Best ag mon|Moody|boost
|-boost|p2a: Best ag mon|spa|2
|-unboost|p2a: Best ag mon|spd|1
|upkeep
|turn|18
|
|t:|1657130949
|move|p1a: xXWingsRippedXx|Drain Punch|p2a: Best ag mon
|-supereffective|p2a: Best ag mon
|-damage|p2a: Best ag mon|0 fnt
|-heal|p1a: xXWingsRippedXx|100/100|[from] drain|[of] p2a: Best ag mon
|faint|p2a: Best ag mon
|
|upkeep
|
|t:|1657130953
|switch|p2a: Arceus|Arceus|100/100
|turn|19
|
|t:|1657130958
|switch|p1a: Yakuza|Toxapex, F|100/100
|-damage|p1a: Yakuza|88/100|[from] Stealth Rock
|-start|p2a: Arceus|Dynamax|
|-heal|p2a: Arceus|100/100|[silent]
|move|p2a: Arceus|Max Phantasm|p1a: Yakuza
|-damage|p1a: Yakuza|56/100
|-unboost|p1a: Yakuza|def|1
|-damage|p2a: Arceus|96/100|[from] item: Life Orb
|
|upkeep
|turn|20
|
|t:|1657130963
|move|p2a: Arceus|Max Quake|p1a: Yakuza
|-supereffective|p1a: Yakuza
|-damage|p1a: Yakuza|0 fnt
|-boost|p2a: Arceus|spd|1
|faint|p1a: Yakuza
|-damage|p2a: Arceus|91/100|[from] item: Life Orb
|
|upkeep
|c|☆SpookyMareep|okk
|
|t:|1657130968
|switch|p1a: Yakuza.|Shedinja|100/100
|-damage|p1a: Yakuza.|0 fnt|[from] Stealth Rock
|faint|p1a: Yakuza.
|
|t:|1657130970
|switch|p1a: xXWingsRippedXx|Marshadow|100/100
|-damage|p1a: xXWingsRippedXx|94/100|[from] Stealth Rock
|turn|21
|
|t:|1657130973
|move|p1a: xXWingsRippedXx|Drain Punch|p2a: Arceus
|-supereffective|p2a: Arceus
|-crit|p2a: Arceus
|-damage|p2a: Arceus|47/100
|-heal|p1a: xXWingsRippedXx|100/100|[from] drain|[of] p2a: Arceus
|move|p2a: Arceus|Max Phantasm|p1a: xXWingsRippedXx
|-supereffective|p1a: xXWingsRippedXx
|-enditem|p1a: xXWingsRippedXx|Focus Sash
|-damage|p1a: xXWingsRippedXx|1/100
|-unboost|p1a: xXWingsRippedXx|def|1
|-damage|p2a: Arceus|42/100|[from] item: Life Orb
|
|upkeep
|-end|p2a: Arceus|Dynamax
|-heal|p2a: Arceus|42/100|[silent]
|turn|22
|c|☆Smeargle'sBoss|: )
|
|t:|1657130981
|move|p1a: xXWingsRippedXx|Drain Punch|p2a: Arceus
|-supereffective|p2a: Arceus
|-damage|p2a: Arceus|0 fnt
|-heal|p1a: xXWingsRippedXx|26/100|[from] drain|[of] p2a: Arceus
|faint|p2a: Arceus
|
|upkeep
|c|☆SpookyMareep|:V
|
|t:|1657130984
|switch|p2a: Izanagi royal|Zacian-Crowned|100/100
|-ability|p2a: Izanagi royal|Intrepid Sword|boost
|-boost|p2a: Izanagi royal|atk|1
|turn|23
|c|☆Smeargle'sBoss|: p
|
|t:|1657130993
|move|p2a: Izanagi royal|Behemoth Blade|p1a: xXWingsRippedXx
|-damage|p1a: xXWingsRippedXx|0 fnt
|faint|p1a: xXWingsRippedXx
|
|win|Smeargle'sBoss
|n|☆SpookyMareep|spookymareep
|n|☆Smeargle'sBoss|smearglesboss
|l|☆SpookyMareep
