|j|☆wheelien
|j|☆xenogitch99
|player|p1|wheelien|214|1478
|player|p2|xenogitch99|yellow|1370
|teamsize|p1|6
|teamsize|p2|6
|gametype|singles
|gen|8
|tier|[Gen 8] National Dex AG
|rated|
|clearpoke
|poke|p1|Arceus-*|
|poke|p1|Arceus-*|
|poke|p1|Arceus-*|
|poke|p1|Arceus-*|
|poke|p1|Arceus-*|
|poke|p1|Arceus-*|
|poke|p2|Kyogre|
|poke|p2|Necrozma-Dusk-Mane|
|poke|p2|Xerneas|
|poke|p2|Rayquaza|
|poke|p2|Arceus-*|
|poke|p2|Groudon|
|rule|HP Percentage Mod: HP is shown in percentages
|rule|Endless Battle Clause: Forcing endless battles is banned
|teampreview
|
|start
|switch|p1a: Love|Arceus|100/100
|switch|p2a: Rayquaza|Rayquaza|100/100
|-ability|p2a: Rayquaza|Air Lock
|turn|1
|inactive|Battle timer is ON: inactive players will automatically lose when time's up. (requested by xenogitch99)
|
|detailschange|p2a: Rayquaza|Rayquaza-Mega
|-mega|p2a: Rayquaza|Rayquaza|
|-weather|DeltaStream|[from] ability: Delta Stream|[of] p2a: Rayquaza
|move|p1a: Love|Reflect|p1a: Love
|-sidestart|p1: wheelien|Reflect
|move|p2a: Rayquaza|Dragon Dance|p2a: Rayquaza
|-boost|p2a: Rayquaza|atk|1
|-boost|p2a: Rayquaza|spe|1
|
|-weather|DeltaStream|[upkeep]
|upkeep
|turn|2
|
|move|p2a: Rayquaza|Dragon Ascent|p1a: Love
|-damage|p1a: Love|51/100
|-unboost|p2a: Rayquaza|def|1
|-unboost|p2a: Rayquaza|spd|1
|-damage|p2a: Rayquaza|91/100|[from] item: Life Orb
|move|p1a: Love|Perish Song|p1a: Love
|-start|p1a: Love|perish3|[silent]
|-start|p2a: Rayquaza|perish3|[silent]
|-fieldactivate|move: Perish Song
|
|-weather|DeltaStream|[upkeep]
|-start|p2a: Rayquaza|perish3
|-start|p1a: Love|perish3
|upkeep
|turn|3
|
|-weather|none
|switch|p2a: Necrozma|Necrozma-Dusk-Mane|100/100
|move|p1a: Love|Stealth Rock|p2a: Necrozma
|-sidestart|p2: xenogitch99|move: Stealth Rock
|
|-start|p1a: Love|perish2
|upkeep
|turn|4
|
|detailschange|p2a: Necrozma|Necrozma-Ultra
|-burst|p2a: Necrozma|Necrozma|Ultranecrozium Z
|move|p2a: Necrozma|Dragon Dance|p2a: Necrozma
|-boost|p2a: Necrozma|atk|1
|-boost|p2a: Necrozma|spe|1
|move|p1a: Love|Perish Song|p1a: Love
|-start|p2a: Necrozma|perish3|[silent]
|-fieldactivate|move: Perish Song
|
|-start|p2a: Necrozma|perish3
|-start|p1a: Love|perish1
|upkeep
|turn|5
|
|switch|p1a: Sacrifice|Arceus|100/100
|move|p2a: Necrozma|Knock Off|p1a: Sacrifice
|-damage|p1a: Sacrifice|79/100
|-enditem|p1a: Sacrifice|Chople Berry|[from] move: Knock Off|[of] p2a: Necrozma
|
|-start|p2a: Necrozma|perish2
|upkeep
|turn|6
|
|move|p2a: Necrozma|Outrage|p1a: Sacrifice
|-damage|p1a: Sacrifice|42/100
|move|p1a: Sacrifice|Swords Dance|p1a: Sacrifice
|-boost|p1a: Sacrifice|atk|2
|
|-start|p2a: Necrozma|perish1
|upkeep
|turn|7
|
|move|p2a: Necrozma|Outrage|p1a: Sacrifice|[from]lockedmove
|-damage|p1a: Sacrifice|0 fnt
|-start|p2a: Necrozma|confusion|[fatigue]
|faint|p1a: Sacrifice
|
|-start|p2a: Necrozma|perish0
|faint|p2a: Necrozma
|upkeep
|
|switch|p2a: Groudon|Groudon|100/100
|switch|p1a: Love|Arceus|51/100
|-damage|p2a: Groudon|94/100|[from] Stealth Rock
|detailschange|p2a: Groudon|Groudon-Primal
|-primal|p2a: Groudon
|-weather|DesolateLand|[from] ability: Desolate Land|[of] p2a: Groudon
|turn|8
|
|move|p1a: Love|Light Screen|p1a: Love
|-sidestart|p1: wheelien|move: Light Screen
|move|p2a: Groudon|Swords Dance|p2a: Groudon
|-boost|p2a: Groudon|atk|2
|
|-weather|DesolateLand|[upkeep]
|-sideend|p1: wheelien|Reflect
|upkeep
|turn|9
|
|move|p1a: Love|Reflect|p1a: Love
|-sidestart|p1: wheelien|Reflect
|move|p2a: Groudon|Precipice Blades|p1a: Love
|-damage|p1a: Love|9/100
|
|-weather|DesolateLand|[upkeep]
|upkeep
|turn|10
|
|move|p1a: Love|Perish Song|p1a: Love
|-start|p1a: Love|perish3|[silent]
|-start|p2a: Groudon|perish3|[silent]
|-fieldactivate|move: Perish Song
|move|p2a: Groudon|Precipice Blades|p1a: Love|[miss]
|-miss|p2a: Groudon|p1a: Love
|
|-weather|DesolateLand|[upkeep]
|-start|p1a: Love|perish3
|-start|p2a: Groudon|perish3
|upkeep
|turn|11
|
|move|p1a: Love|Perish Song||[still]
|-fail|p1a: Love
|move|p2a: Groudon|Precipice Blades|p1a: Love
|-damage|p1a: Love|0 fnt
|faint|p1a: Love
|
|-weather|DesolateLand|[upkeep]
|-start|p2a: Groudon|perish2
|upkeep
|
|switch|p1a: Miracle|Arceus|100/100
|turn|12
|
|move|p1a: Miracle|Swords Dance|p1a: Miracle
|-boost|p1a: Miracle|atk|2
|move|p2a: Groudon|Fire Punch|p1a: Miracle
|-damage|p1a: Miracle|46/100
|
|-weather|DesolateLand|[upkeep]
|-start|p2a: Groudon|perish1
|upkeep
|turn|13
|
|-weather|none
|switch|p2a: Rayquaza|Rayquaza-Mega|91/100
|-damage|p2a: Rayquaza|66/100|[from] Stealth Rock
|-weather|DeltaStream|[from] ability: Delta Stream|[of] p2a: Rayquaza
|move|p1a: Miracle|Shadow Force||[still]
|-prepare|p1a: Miracle|Shadow Force|p2a: Rayquaza
|
|-weather|DeltaStream|[upkeep]
|upkeep
|turn|14
|
|move|p2a: Rayquaza|Dragon Dance|p2a: Rayquaza
|-boost|p2a: Rayquaza|atk|1
|-boost|p2a: Rayquaza|spe|1
|move|p1a: Miracle|Shadow Force|p2a: Rayquaza|[from]lockedmove
|-damage|p2a: Rayquaza|0 fnt
|faint|p2a: Rayquaza
|-weather|none
|
|upkeep
|
|switch|p2a: Groudon|Groudon-Primal|94/100
|-damage|p2a: Groudon|82/100|[from] Stealth Rock
|-weather|DesolateLand|[from] ability: Desolate Land|[of] p2a: Groudon
|turn|15
|
|-zpower|p1a: Miracle
|move|p1a: Miracle|Breakneck Blitz|p2a: Groudon|[zeffect]
|-damage|p2a: Groudon|0 fnt
|faint|p2a: Groudon
|-weather|none
|
|-sideend|p1: wheelien|move: Light Screen
|upkeep
|
|switch|p2a: I am the way and l|Arceus-Ground|100/100
|-damage|p2a: I am the way and l|94/100|[from] Stealth Rock
|turn|16
|
|move|p1a: Miracle|Extreme Speed|p2a: I am the way and l
|-damage|p2a: I am the way and l|28/100
|move|p2a: I am the way and l|Calm Mind|p2a: I am the way and l
|-boost|p2a: I am the way and l|spa|1
|-boost|p2a: I am the way and l|spd|1
|
|-sideend|p1: wheelien|Reflect
|upkeep
|turn|17
|
|move|p1a: Miracle|Extreme Speed|p2a: I am the way and l
|-damage|p2a: I am the way and l|0 fnt
|faint|p2a: I am the way and l
|
|upkeep
|
|switch|p2a: Xerneas|Xerneas|100/100
|-damage|p2a: Xerneas|88/100|[from] Stealth Rock
|-ability|p2a: Xerneas|Fairy Aura
|turn|18
|
|move|p1a: Miracle|Last Resort|p2a: Xerneas
|-damage|p2a: Xerneas|0 fnt
|faint|p2a: Xerneas
|
|upkeep
|
|switch|p2a: Kyogre|Kyogre|100/100
|-damage|p2a: Kyogre|88/100|[from] Stealth Rock
|detailschange|p2a: Kyogre|Kyogre-Primal
|-primal|p2a: Kyogre
|-weather|PrimordialSea|[from] ability: Primordial Sea|[of] p2a: Kyogre
|turn|19
|c|☆wheelien|gg
|
|move|p1a: Miracle|Last Resort|p2a: Kyogre
|-damage|p2a: Kyogre|0 fnt
|faint|p2a: Kyogre
|-weather|none
|
|win|wheelien
|raw|wheelien's rating: 1479 &rarr; <strong>1493</strong><br />(+14 for winning)
|raw|xenogitch99's rating: 1370 &rarr; <strong>1357</strong><br />(-13 for losing)
