|j|☆Pr3ssur3
|j|☆Alpha1013
|t:|1651913156
|gametype|singles
|player|p1|Pr3ssur3|rei|1821
|player|p2|Alpha1013|clair|1689
|teamsize|p1|6
|teamsize|p2|6
|gen|8
|tier|[Gen 8] National Dex AG
|rated|
|rule|HP Percentage Mod: HP is shown in percentages
|rule|Endless Battle Clause: Forcing endless battles is banned
|clearpoke
|poke|p1|Calyrex-Shadow|
|poke|p1|Kyogre|
|poke|p1|Donphan, M|
|poke|p1|Arceus-*|
|poke|p1|Yveltal|
|poke|p1|Marshadow|
|poke|p2|Deoxys-Speed|
|poke|p2|Necrozma-Dusk-Mane|
|poke|p2|Yveltal|
|poke|p2|Arceus-*|
|poke|p2|Calyrex-Shadow|
|poke|p2|Kyogre|
|teampreview
|inactive|Battle timer is ON: inactive players will automatically lose when time's up. (requested by Pr3ssur3)
|inactive|Pr3ssur3 has 120 seconds left.
|
|t:|1651913196
|start
|switch|p1a: Donphan|Donphan, M|100/100
|switch|p2a: Kyogre|Kyogre|100/100
|-weather|RainDance|[from] ability: Drizzle|[of] p2a: Kyogre
|turn|1
|
|t:|1651913203
|move|p2a: Kyogre|Origin Pulse|p1a: Donphan
|-supereffective|p1a: Donphan
|-ability|p1a: Donphan|Sturdy
|-damage|p1a: Donphan|1/100
|-enditem|p1a: Donphan|Red Card|[of] p2a: Kyogre
|drag|p2a: Necrozma|Necrozma-Dusk-Mane|100/100
|move|p1a: Donphan|Stealth Rock|p2a: Necrozma
|-sidestart|p2: Alpha1013|move: Stealth Rock
|
|-weather|RainDance|[upkeep]
|upkeep
|turn|2
|
|t:|1651913214
|detailschange|p2a: Necrozma|Necrozma-Ultra
|-burst|p2a: Necrozma|Necrozma|Ultranecrozium Z
|move|p2a: Necrozma|Photon Geyser|p1a: Donphan
|-damage|p1a: Donphan|0 fnt
|faint|p1a: Donphan
|
|-weather|RainDance|[upkeep]
|upkeep
|
|t:|1651913219
|switch|p1a: Barry|Calyrex-Shadow|100/100
|-ability|p1a: Barry|As One
|-ability|p1a: Barry|Unnerve
|turn|3
|
|t:|1651913232
|switch|p2a: Yveltal|Yveltal|100/100
|-damage|p2a: Yveltal|76/100|[from] Stealth Rock
|-ability|p2a: Yveltal|Dark Aura
|move|p1a: Barry|Astral Barrage|p2a: Yveltal
|-resisted|p2a: Yveltal
|-damage|p2a: Yveltal|45/100
|
|-weather|RainDance|[upkeep]
|upkeep
|turn|4
|inactive|Pr3ssur3 has 120 seconds left.
|
|t:|1651913267
|move|p1a: Barry|Astral Barrage|p2a: Yveltal
|-resisted|p2a: Yveltal
|-crit|p2a: Yveltal
|-damage|p2a: Yveltal|0 fnt
|faint|p2a: Yveltal
|-ability|p1a: Barry|Grim Neigh|boost
|-boost|p1a: Barry|spa|1
|
|-weather|RainDance|[upkeep]
|upkeep
|
|t:|1651913282
|switch|p2a: Deoxys|Deoxys-Speed|100/100
|-damage|p2a: Deoxys|88/100|[from] Stealth Rock
|-ability|p2a: Deoxys|Pressure
|turn|5
|
|t:|1651913289
|move|p2a: Deoxys|Thunder Wave|p1a: Barry
|-status|p1a: Barry|par
|cant|p1a: Barry|par
|
|-weather|none
|upkeep
|turn|6
|
|t:|1651913300
|move|p2a: Deoxys|Stealth Rock|p1a: Barry
|-sidestart|p1: Pr3ssur3|move: Stealth Rock
|move|p1a: Barry|Astral Barrage|p2a: Deoxys
|-supereffective|p2a: Deoxys
|-damage|p2a: Deoxys|0 fnt
|faint|p2a: Deoxys
|-ability|p1a: Barry|Grim Neigh|boost
|-boost|p1a: Barry|spa|1
|
|upkeep
|
|t:|1651913310
|switch|p2a: Calyrex|Calyrex-Shadow|100/100
|-ability|p2a: Calyrex|As One
|-ability|p2a: Calyrex|Unnerve
|-damage|p2a: Calyrex|88/100|[from] Stealth Rock
|turn|7
|
|t:|1651913318
|move|p2a: Calyrex|Astral Barrage|p1a: Barry
|-supereffective|p1a: Barry
|-enditem|p1a: Barry|Focus Sash
|-damage|p1a: Barry|1/100 par
|cant|p1a: Barry|par
|
|upkeep
|turn|8
|
|t:|1651913326
|move|p2a: Calyrex|Astral Barrage|p1a: Barry
|-supereffective|p1a: Barry
|-damage|p1a: Barry|0 fnt
|faint|p1a: Barry
|-ability|p2a: Calyrex|Grim Neigh|boost
|-boost|p2a: Calyrex|spa|1
|
|upkeep
|
|t:|1651913329
|switch|p1a: Marshadow|Marshadow|100/100
|-damage|p1a: Marshadow|94/100|[from] Stealth Rock
|turn|9
|
|t:|1651913340
|move|p1a: Marshadow|Shadow Sneak|p2a: Calyrex
|-supereffective|p2a: Calyrex
|-damage|p2a: Calyrex|0 fnt
|faint|p2a: Calyrex
|
|upkeep
|
|t:|1651913344
|switch|p2a: Arceus|Arceus-Ground|100/100
|-damage|p2a: Arceus|94/100|[from] Stealth Rock
|turn|10
|
|t:|1651913355
|-start|p2a: Arceus|Dynamax|
|-heal|p2a: Arceus|94/100|[silent]
|move|p2a: Arceus|Max Quake|p1a: Marshadow
|-damage|p1a: Marshadow|0 fnt
|-boost|p2a: Arceus|spd|1
|faint|p1a: Marshadow
|
|upkeep
|
|t:|1651913363
|switch|p1a: Arceus|Arceus|100/100
|-damage|p1a: Arceus|88/100|[from] Stealth Rock
|turn|11
|
|t:|1651913370
|switch|p1a: Drake|Yveltal|100/100
|-damage|p1a: Drake|76/100|[from] Stealth Rock
|-ability|p1a: Drake|Dark Aura
|move|p2a: Arceus|Max Rockfall|p1a: Drake
|-supereffective|p1a: Drake
|-damage|p1a: Drake|0 fnt
|-weather|Sandstorm
|faint|p1a: Drake
|
|-weather|Sandstorm|[upkeep]
|upkeep
|
|t:|1651913376
|switch|p1a: Kyogre|Kyogre|100/100
|-damage|p1a: Kyogre|88/100|[from] Stealth Rock
|-weather|RainDance|[from] ability: Drizzle|[of] p1a: Kyogre
|turn|12
|
|t:|1651913391
|-start|p1a: Kyogre|Dynamax|
|-heal|p1a: Kyogre|88/100|[silent]
|move|p2a: Arceus|Max Quake|p1a: Kyogre
|-crit|p1a: Kyogre
|-damage|p1a: Kyogre|25/100
|-boost|p2a: Arceus|spd|1
|move|p1a: Kyogre|Max Airstream|p2a: Arceus
|-damage|p2a: Arceus|85/100
|-boost|p1a: Kyogre|spe|1
|
|-weather|RainDance|[upkeep]
|upkeep
|-end|p2a: Arceus|Dynamax
|-heal|p2a: Arceus|85/100|[silent]
|turn|13
|
|t:|1651913406
|move|p1a: Kyogre|Max Geyser|p2a: Arceus
|-supereffective|p2a: Arceus
|-damage|p2a: Arceus|0 fnt
|faint|p2a: Arceus
|
|-weather|RainDance|[upkeep]
|upkeep
|
|t:|1651913419
|switch|p2a: Kyogre|Kyogre|100/100
|-damage|p2a: Kyogre|88/100|[from] Stealth Rock
|turn|14
|
|t:|1651913424
|move|p1a: Kyogre|Max Lightning|p2a: Kyogre
|-supereffective|p2a: Kyogre
|-damage|p2a: Kyogre|5/100
|-fieldstart|move: Electric Terrain
|move|p2a: Kyogre|Origin Pulse|p1a: Kyogre
|-resisted|p1a: Kyogre
|-damage|p1a: Kyogre|0 fnt
|faint|p1a: Kyogre
|-damage|p2a: Kyogre|0 fnt|[from] item: Life Orb
|faint|p2a: Kyogre
|
|-weather|RainDance|[upkeep]
|upkeep
|
|t:|1651913435
|switch|p2a: Necrozma|Necrozma-Ultra|100/100
|switch|p1a: Arceus|Arceus|88/100
|-damage|p2a: Necrozma|88/100|[from] Stealth Rock
|-damage|p1a: Arceus|76/100|[from] Stealth Rock
|turn|15
|
|t:|1651913442
|-zpower|p2a: Necrozma
|move|p2a: Necrozma|Light That Burns the Sky|p1a: Arceus|[zeffect]
|-damage|p1a: Arceus|0 fnt
|faint|p1a: Arceus
|
|win|Alpha1013
|raw|Pr3ssur3's rating: 1830 &rarr; <strong>1802</strong><br />(-28 for losing)
|raw|Alpha1013's rating: 1689 &rarr; <strong>1717</strong><br />(+28 for winning)
|l|☆Pr3ssur3
|c|☆Alpha1013|gg
