|j|☆Buck X
|j|☆MiguelRRM
|t:|1661134611
|gametype|singles
|player|p1|Buck X|ethan-masters|1734
|player|p2|MiguelRRM|2|1805
|teamsize|p1|6
|teamsize|p2|6
|gen|8
|tier|[Gen 8] National Dex AG
|rated|
|rule|HP Percentage Mod: HP is shown in percentages
|rule|Endless Battle Clause: Forcing endless battles is banned
|clearpoke
|poke|p1|Garchomp, M|
|poke|p1|Xerneas-*|
|poke|p1|Yveltal|
|poke|p1|Arceus-*|
|poke|p1|Calyrex-Shadow|
|poke|p1|Rayquaza|
|poke|p2|Yveltal|
|poke|p2|Ho-Oh|
|poke|p2|Rayquaza|
|poke|p2|Necrozma-Dusk-Mane|
|poke|p2|Calyrex-Shadow|
|poke|p2|Smeargle, F|
|teampreview
|inactive|Battle timer is ON: inactive players will automatically lose when time's up. (requested by Buck X)
|
|t:|1661134631
|start
|switch|p1a: Calyrex|Calyrex-Shadow|100/100
|switch|p2a: Ho-Oh|Ho-Oh|100/100
|-ability|p1a: Calyrex|As One
|-ability|p1a: Calyrex|Unnerve
|turn|1
|
|t:|1661134641
|move|p1a: Calyrex|Nasty Plot|p1a: Calyrex
|-boost|p1a: Calyrex|spa|2
|move|p2a: Ho-Oh|Sacred Fire|p1a: Calyrex
|-damage|p1a: Calyrex|46/100
|-status|p1a: Calyrex|brn
|
|-damage|p1a: Calyrex|40/100 brn|[from] brn
|upkeep
|turn|2
|
|t:|1661134645
|switch|p2a: Smeargle|Smeargle, F|100/100
|move|p1a: Calyrex|Baton Pass|p1a: Calyrex
|
|t:|1661134651
|switch|p1a: Xerneas|Xerneas|100/100|[from]move: Baton Pass
|-ability|p1a: Xerneas|Fairy Aura
|
|upkeep
|turn|3
|
|t:|1661134658
|move|p1a: Xerneas|Substitute|p1a: Xerneas
|-start|p1a: Xerneas|Substitute
|-damage|p1a: Xerneas|76/100
|move|p2a: Smeargle|Nuzzle|p1a: Xerneas
|-activate|p1a: Xerneas|move: Substitute|[damage]
|
|upkeep
|turn|4
|
|t:|1661134669
|move|p1a: Xerneas|Geomancy||[still]
|-prepare|p1a: Xerneas|Geomancy
|-enditem|p1a: Xerneas|Power Herb
|-anim|p1a: Xerneas|Geomancy|p1a: Xerneas
|-boost|p1a: Xerneas|spa|2
|-boost|p1a: Xerneas|spd|2
|-boost|p1a: Xerneas|spe|2
|move|p2a: Smeargle|Encore|p1a: Xerneas
|-start|p1a: Xerneas|Encore
|
|upkeep
|turn|5
|
|t:|1661134679
|-end|p1a: Xerneas|Substitute
|-start|p1a: Xerneas|Dynamax|
|-heal|p1a: Xerneas|76/100|[silent]
|move|p1a: Xerneas|Max Lightning|p2a: Smeargle
|-enditem|p2a: Smeargle|Focus Sash
|-damage|p2a: Smeargle|1/100
|-fieldstart|move: Electric Terrain
|move|p2a: Smeargle|Sticky Web|p1a: Xerneas
|-sidestart|p1: Buck X|move: Sticky Web
|
|upkeep
|turn|6
|
|t:|1661134689
|move|p1a: Xerneas|Max Lightning|p2a: Smeargle
|-damage|p2a: Smeargle|0 fnt
|faint|p2a: Smeargle
|
|upkeep
|
|t:|1661134700
|switch|p2a: Necrozma|Necrozma-Dusk-Mane|100/100
|turn|7
|
|t:|1661134703
|move|p1a: Xerneas|Max Lightning|p2a: Necrozma
|-damage|p2a: Necrozma|0 fnt
|faint|p2a: Necrozma
|
|-end|p1a: Xerneas|Encore
|upkeep
|
|t:|1661134712
|switch|p2a: Ho-Oh|Ho-Oh|100/100
|-end|p1a: Xerneas|Dynamax
|-heal|p1a: Xerneas|76/100|[silent]
|turn|8
|
|t:|1661134716
|move|p1a: Xerneas|Thunder|p2a: Ho-Oh|[miss]
|-miss|p1a: Xerneas|p2a: Ho-Oh
|move|p2a: Ho-Oh|Whirlwind|p1a: Xerneas
|drag|p1a: Garchomp|Garchomp, M|100/100
|-activate|p1a: Garchomp|move: Sticky Web
|-unboost|p1a: Garchomp|spe|1
|
|upkeep
|turn|9
|
|t:|1661134724
|switch|p1a: Arceus|Arceus|100/100
|-activate|p1a: Arceus|move: Sticky Web
|-unboost|p1a: Arceus|spe|1
|move|p2a: Ho-Oh|Sacred Fire|p1a: Arceus
|-damage|p1a: Arceus|65/100
|-status|p1a: Arceus|brn
|
|-damage|p1a: Arceus|59/100 brn|[from] brn
|-fieldend|move: Electric Terrain
|upkeep
|turn|10
|
|t:|1661134730
|move|p1a: Arceus|Defog|p2a: Ho-Oh
|-unboost|p2a: Ho-Oh|evasion|1
|-sideend|p1: Buck X|Sticky Web|[from] move: Defog|[of] p1a: Arceus
|move|p2a: Ho-Oh|Sacred Fire|p1a: Arceus
|-damage|p1a: Arceus|24/100 brn
|
|-damage|p1a: Arceus|18/100 brn|[from] brn
|upkeep
|turn|11
|
|t:|1661134733
|move|p1a: Arceus|Extreme Speed|p2a: Ho-Oh
|-damage|p2a: Ho-Oh|84/100
|move|p2a: Ho-Oh|Sacred Fire|p1a: Arceus
|-damage|p1a: Arceus|0 fnt
|faint|p1a: Arceus
|
|upkeep
|
|t:|1661134736
|switch|p1a: Garchomp|Garchomp, M|100/100
|turn|12
|
|t:|1661134739
|move|p1a: Garchomp|Rock Tomb|p2a: Ho-Oh
|-supereffective|p2a: Ho-Oh
|-damage|p2a: Ho-Oh|12/100
|-unboost|p2a: Ho-Oh|spe|1
|move|p2a: Ho-Oh|Sacred Fire|p1a: Garchomp
|-resisted|p1a: Garchomp
|-damage|p1a: Garchomp|80/100
|
|upkeep
|turn|13
|
|t:|1661134745
|move|p1a: Garchomp|Stealth Rock|p2a: Ho-Oh
|-sidestart|p2: MiguelRRM|move: Stealth Rock
|move|p2a: Ho-Oh|Sacred Fire|p1a: Garchomp
|-resisted|p1a: Garchomp
|-damage|p1a: Garchomp|59/100
|-status|p1a: Garchomp|brn
|
|-damage|p1a: Garchomp|53/100 brn|[from] brn
|upkeep
|turn|14
|
|t:|1661134750
|switch|p2a: Rayquaza|Rayquaza|100/100
|-damage|p2a: Rayquaza|76/100|[from] Stealth Rock
|-ability|p2a: Rayquaza|Air Lock
|move|p1a: Garchomp|Rock Tomb|p2a: Rayquaza
|-supereffective|p2a: Rayquaza
|-damage|p2a: Rayquaza|55/100
|-unboost|p2a: Rayquaza|spe|1
|
|-damage|p1a: Garchomp|47/100 brn|[from] brn
|upkeep
|turn|15
|
|t:|1661134755
|detailschange|p2a: Rayquaza|Rayquaza-Mega
|-mega|p2a: Rayquaza|Rayquaza|
|-weather|DeltaStream|[from] ability: Delta Stream|[of] p2a: Rayquaza
|move|p1a: Garchomp|Rock Tomb|p2a: Rayquaza
|-activate||deltastream
|-damage|p2a: Rayquaza|46/100
|-unboost|p2a: Rayquaza|spe|1
|move|p2a: Rayquaza|Scale Shot|p1a: Garchomp
|-supereffective|p1a: Garchomp
|-damage|p1a: Garchomp|13/100 brn
|-supereffective|p1a: Garchomp
|-damage|p1a: Garchomp|0 fnt
|faint|p1a: Garchomp
|-hitcount|p1: Garchomp|2
|-unboost|p2a: Rayquaza|def|1
|-boost|p2a: Rayquaza|spe|1
|
|-weather|DeltaStream|[upkeep]
|upkeep
|
|t:|1661134778
|switch|p1a: Rayquaza|Rayquaza|100/100
|-ability|p1a: Rayquaza|Air Lock
|turn|16
|
|t:|1661134781
|detailschange|p1a: Rayquaza|Rayquaza-Mega
|-mega|p1a: Rayquaza|Rayquaza|
|move|p1a: Rayquaza|Extreme Speed|p2a: Rayquaza
|-damage|p2a: Rayquaza|0 fnt
|faint|p2a: Rayquaza
|
|-weather|DeltaStream|[upkeep]
|upkeep
|
|t:|1661134784
|switch|p2a: Yveltal|Yveltal|100/100
|-damage|p2a: Yveltal|76/100|[from] Stealth Rock
|-ability|p2a: Yveltal|Dark Aura
|turn|17
|
|t:|1661134796
|move|p2a: Yveltal|Sucker Punch|p1a: Rayquaza
|-crit|p1a: Rayquaza
|-damage|p1a: Rayquaza|4/100
|-damage|p2a: Yveltal|66/100|[from] item: Life Orb
|move|p1a: Rayquaza|Dragon Ascent|p2a: Yveltal
|-crit|p2a: Yveltal
|-damage|p2a: Yveltal|0 fnt
|-unboost|p1a: Rayquaza|def|1
|-unboost|p1a: Rayquaza|spd|1
|faint|p2a: Yveltal
|
|-weather|DeltaStream|[upkeep]
|upkeep
|
|t:|1661134800
|switch|p2a: Calyrex|Calyrex-Shadow|100/100
|-ability|p2a: Calyrex|As One
|-ability|p2a: Calyrex|Unnerve
|-damage|p2a: Calyrex|88/100|[from] Stealth Rock
|turn|18
|
|t:|1661134805
|move|p2a: Calyrex|Astral Barrage|p1a: Rayquaza
|-damage|p1a: Rayquaza|0 fnt
|faint|p1a: Rayquaza
|-weather|none
|-ability|p2a: Calyrex|Grim Neigh|boost
|-boost|p2a: Calyrex|spa|1
|
|upkeep
|
|t:|1661134807
|switch|p1a: Yveltal|Yveltal|100/100
|-ability|p1a: Yveltal|Dark Aura
|turn|19
|
|t:|1661134812
|-start|p2a: Calyrex|Dynamax|
|-heal|p2a: Calyrex|88/100|[silent]
|move|p2a: Calyrex|Max Starfall|p1a: Yveltal
|-supereffective|p1a: Yveltal
|-damage|p1a: Yveltal|0 fnt
|-fieldstart|move: Misty Terrain
|faint|p1a: Yveltal
|-ability|p2a: Calyrex|Grim Neigh|boost
|-boost|p2a: Calyrex|spa|1
|
|upkeep
|
|t:|1661134816
|switch|p1a: Calyrex|Calyrex-Shadow|40/100 brn
|-ability|p1a: Calyrex|As One
|-ability|p1a: Calyrex|Unnerve
|turn|20
|
|t:|1661134819
|-zpower|p1a: Calyrex
|move|p1a: Calyrex|Never-Ending Nightmare|p2a: Calyrex|[zeffect]
|-supereffective|p2a: Calyrex
|-damage|p2a: Calyrex|0 fnt
|faint|p2a: Calyrex
|-ability|p1a: Calyrex|Grim Neigh|boost
|-boost|p1a: Calyrex|spa|1
|
|-damage|p1a: Calyrex|33/100 brn|[from] brn
|upkeep
|
|t:|1661134821
|switch|p2a: Ho-Oh|Ho-Oh|46/100
|turn|21
|
|t:|1661134824
|move|p1a: Calyrex|Astral Barrage|p2a: Ho-Oh
|-damage|p2a: Ho-Oh|0 fnt
|faint|p2a: Ho-Oh
|
|win|Buck X
|raw|Buck X's rating: 1734 &rarr; <strong>1758</strong><br />(+24 for winning)
|raw|MiguelRRM's rating: 1805 &rarr; <strong>1781</strong><br />(-24 for losing)
|c|☆Buck X|Ggwp
