|j|☆Isnezhny
|j|☆juoo
|t:|1653725278
|gametype|singles
|player|p1|Isnezhny|grimsley-gen7|1700
|player|p2|juoo|zinnia|1740
|teamsize|p1|6
|teamsize|p2|6
|gen|8
|tier|[Gen 8] National Dex AG
|rated|
|rule|HP Percentage Mod: HP is shown in percentages
|rule|Endless Battle Clause: Forcing endless battles is banned
|clearpoke
|poke|p1|Hatterene, F|
|poke|p1|Melmetal|
|poke|p1|Porygon2|
|poke|p1|Xerneas-*|
|poke|p1|Arceus-*|
|poke|p1|Palkia|
|poke|p2|Ditto|
|poke|p2|Calyrex-Ice|
|poke|p2|Marshadow|
|poke|p2|Mewtwo|
|poke|p2|Zacian-*|
|poke|p2|Groudon|
|teampreview
|inactive|Battle timer is ON: inactive players will automatically lose when time's up. (requested by juoo)
|
|t:|1653725293
|start
|switch|p1a: Wizz|Hatterene, F|100/100
|switch|p2a: Calyrex|Calyrex-Ice|100/100
|-ability|p2a: Calyrex|As One
|-ability|p2a: Calyrex|Unnerve
|turn|1
|
|t:|1653725301
|move|p2a: Calyrex|Glacial Lance|p1a: Wizz
|-damage|p1a: Wizz|5/100
|move|p1a: Wizz|Trick Room|p1a: Wizz
|-fieldstart|move: Trick Room|[of] p1a: Wizz
|
|upkeep
|turn|2
|
|t:|1653725307
|move|p1a: Wizz|Healing Wish|p1a: Wizz
|faint|p1a: Wizz
|move|p2a: Calyrex|Glacial Lance|p1: Wizz|[notarget]
|-fail|p2a: Calyrex
|
|upkeep
|
|t:|1653725311
|switch|p1a: Blacksmith|Melmetal|100/100
|turn|3
|
|t:|1653725322
|move|p1a: Blacksmith|Double Iron Bash|p2a: Calyrex
|-supereffective|p2a: Calyrex
|-damage|p2a: Calyrex|37/100
|-enditem|p2a: Calyrex|Weakness Policy
|-boost|p2a: Calyrex|atk|2|[from] item: Weakness Policy
|-boost|p2a: Calyrex|spa|2|[from] item: Weakness Policy
|-supereffective|p2a: Calyrex
|-damage|p2a: Calyrex|0 fnt
|faint|p2a: Calyrex
|-hitcount|p2: Calyrex|2
|-damage|p1a: Blacksmith|91/100|[from] item: Life Orb
|
|upkeep
|
|t:|1653725329
|switch|p2a: Groudon|Groudon|100/100
|detailschange|p2a: Groudon|Groudon-Primal
|-primal|p2a: Groudon
|-weather|DesolateLand|[from] ability: Desolate Land|[of] p2a: Groudon
|turn|4
|
|t:|1653725343
|switch|p1a: Antarctica|Arceus-Ground|100/100
|move|p2a: Groudon|Precipice Blades|p1a: Antarctica
|-damage|p1a: Antarctica|59/100
|
|-weather|DesolateLand|[upkeep]
|upkeep
|turn|5
|
|t:|1653725350
|move|p1a: Antarctica|Recover|p1a: Antarctica
|-heal|p1a: Antarctica|100/100
|move|p2a: Groudon|Heat Crash|p1a: Antarctica
|-damage|p1a: Antarctica|57/100
|
|-weather|DesolateLand|[upkeep]
|-fieldend|move: Trick Room
|upkeep
|turn|6
|
|t:|1653725359
|move|p2a: Groudon|Heat Crash|p1a: Antarctica
|-crit|p1a: Antarctica
|-damage|p1a: Antarctica|0 fnt
|faint|p1a: Antarctica
|
|-weather|DesolateLand|[upkeep]
|upkeep
|
|t:|1653725380
|switch|p1a: 3.14 Two|Porygon2|100/100
|-ability|p1a: 3.14 Two|Desolate Land|[from] ability: Trace|[of] p2a: Groudon
|turn|7
|
|t:|1653725383
|move|p2a: Groudon|Heat Crash|p1a: 3.14 Two
|-damage|p1a: 3.14 Two|10/100
|move|p1a: 3.14 Two|Trick Room|p1a: 3.14 Two
|-fieldstart|move: Trick Room|[of] p1a: 3.14 Two
|
|-weather|DesolateLand|[upkeep]
|upkeep
|turn|8
|
|t:|1653725387
|move|p1a: 3.14 Two|Foul Play|p2a: Groudon
|-damage|p2a: Groudon|74/100
|move|p2a: Groudon|Heat Crash|p1a: 3.14 Two
|-damage|p1a: 3.14 Two|0 fnt
|faint|p1a: 3.14 Two
|
|-weather|DesolateLand|[upkeep]
|upkeep
|
|t:|1653725408
|switch|p1a: Blacksmith|Melmetal|91/100
|-heal|p1a: Blacksmith|100/100|[from] move: Healing Wish
|turn|9
|
|t:|1653725411
|-start|p1a: Blacksmith|Dynamax|
|-heal|p1a: Blacksmith|100/100|[silent]
|move|p1a: Blacksmith|Max Quake|p2a: Groudon
|-supereffective|p2a: Groudon
|-damage|p2a: Groudon|0 fnt
|-boost|p1a: Blacksmith|spd|1
|faint|p2a: Groudon
|-weather|none
|-damage|p1a: Blacksmith|96/100|[from] item: Life Orb
|
|upkeep
|
|t:|1653725426
|switch|p2a: Zacian|Zacian-Crowned|100/100
|-ability|p2a: Zacian|Intrepid Sword|boost
|-boost|p2a: Zacian|atk|1
|turn|10
|
|t:|1653725435
|move|p1a: Blacksmith|Max Quake|p2a: Zacian
|-supereffective|p2a: Zacian
|-damage|p2a: Zacian|0 fnt
|-boost|p1a: Blacksmith|spd|1
|faint|p2a: Zacian
|-damage|p1a: Blacksmith|91/100|[from] item: Life Orb
|
|upkeep
|
|t:|1653725440
|switch|p2a: Marshadow|Marshadow|100/100
|turn|11
|
|t:|1653725445
|-end|p1a: Blacksmith|Dynamax
|-heal|p1a: Blacksmith|91/100|[silent]
|switch|p1a: Moonlight|Xerneas|100/100
|-ability|p1a: Moonlight|Fairy Aura
|move|p2a: Marshadow|Spectral Thief|p1a: Moonlight
|-damage|p1a: Moonlight|62/100
|
|-fieldend|move: Trick Room
|upkeep
|turn|12
|
|t:|1653725458
|move|p2a: Marshadow|Spectral Thief|p1a: Moonlight
|-crit|p1a: Moonlight
|-damage|p1a: Moonlight|0 fnt
|faint|p1a: Moonlight
|
|upkeep
|
|t:|1653725464
|switch|p1a: Collapse|Palkia|100/100
|-ability|p1a: Collapse|Pressure
|turn|13
|
|t:|1653725473
|-start|p2a: Marshadow|Dynamax|
|-heal|p2a: Marshadow|100/100|[silent]
|move|p2a: Marshadow|Max Knuckle|p1a: Collapse
|-damage|p1a: Collapse|54/100
|-boost|p2a: Marshadow|atk|1
|move|p1a: Collapse|Trick Room|p1a: Collapse
|-fieldstart|move: Trick Room|[of] p1a: Collapse
|
|upkeep
|turn|14
|
|t:|1653725483
|move|p1a: Collapse|Spacial Rend|p2a: Marshadow
|-crit|p2a: Marshadow
|-damage|p2a: Marshadow|39/100
|move|p2a: Marshadow|Max Knuckle|p1a: Collapse
|-damage|p1a: Collapse|0 fnt
|-boost|p2a: Marshadow|atk|1
|faint|p1a: Collapse
|
|upkeep
|
|t:|1653725489
|switch|p1a: Blacksmith|Melmetal|91/100
|turn|15
|
|t:|1653725497
|move|p1a: Blacksmith|Double Iron Bash|p2a: Marshadow
|-damage|p2a: Marshadow|2/100
|-damage|p2a: Marshadow|0 fnt
|faint|p2a: Marshadow
|-hitcount|p2: Marshadow|2
|-damage|p1a: Blacksmith|81/100|[from] item: Life Orb
|
|upkeep
|
|t:|1653725500
|switch|p2a: Ditto|Ditto|100/100
|-transform|p2a: Ditto|p1a: Blacksmith|[from] ability: Imposter
|turn|16
|
|t:|1653725504
|move|p1a: Blacksmith|Earthquake|p2a: Ditto
|-supereffective|p2a: Ditto
|-damage|p2a: Ditto|14/100
|-damage|p1a: Blacksmith|71/100|[from] item: Life Orb
|move|p2a: Ditto|Earthquake|p1a: Blacksmith
|-supereffective|p1a: Blacksmith
|-damage|p1a: Blacksmith|26/100
|
|upkeep
|turn|17
|
|t:|1653725511
|move|p1a: Blacksmith|Double Iron Bash|p2a: Ditto
|-resisted|p2a: Ditto
|-damage|p2a: Ditto|0 fnt
|faint|p2a: Ditto
|-hitcount|p2: Ditto|1
|-damage|p1a: Blacksmith|17/100|[from] item: Life Orb
|
|-fieldend|move: Trick Room
|upkeep
|
|t:|1653725513
|switch|p2a: Mewtwo|Mewtwo|100/100
|-ability|p2a: Mewtwo|Unnerve
|turn|18
|
|t:|1653725516
|detailschange|p2a: Mewtwo|Mewtwo-Mega-Y
|-mega|p2a: Mewtwo|Mewtwo|Mewtwonite Y
|move|p2a: Mewtwo|Fire Blast|p1a: Blacksmith
|-supereffective|p1a: Blacksmith
|-damage|p1a: Blacksmith|0 fnt
|faint|p1a: Blacksmith
|
|win|juoo
|raw|Isnezhny's rating: 1700 &rarr; <strong>1682</strong><br />(-18 for losing)
|raw|juoo's rating: 1740 &rarr; <strong>1758</strong><br />(+18 for winning)
|l|☆juoo
