|j|‽MoeZilla
|j|☆DarkboiJ
|t:|1665729957
|gametype|singles
|player|p1|MoeZilla|2|1590
|player|p2|DarkboiJ|blue-gen3two|1870
|teamsize|p1|6
|teamsize|p2|6
|gen|8
|tier|[Gen 8] National Dex AG
|rated|
|rule|HP Percentage Mod: HP is shown in percentages
|rule|Endless Battle Clause: Forcing endless battles is banned
|clearpoke
|poke|p1|Zacian-*|
|poke|p1|Rayquaza|
|poke|p1|Arceus-*|
|poke|p1|Ditto|
|poke|p1|Necrozma-Dusk-Mane|
|poke|p1|Arceus-*|
|poke|p2|Necrozma-Dusk-Mane|
|poke|p2|Arceus-*|
|poke|p2|Ditto|
|poke|p2|Yveltal|
|poke|p2|Grimmsnarl, M|
|poke|p2|Smeargle, F|
|teampreview
|inactive|Battle timer is ON: inactive players will automatically lose when time's up. (requested by DarkboiJ)
|inactive|MoeZilla also wants the timer to be on.
|
|t:|1665729965
|start
|switch|p1a: Arceus|Arceus-Dark|100/100
|switch|p2a: Smeargle|Smeargle, F|100/100
|turn|1
|
|t:|1665729972
|move|p1a: Arceus|Judgment|p2a: Smeargle
|-enditem|p2a: Smeargle|Focus Sash
|-damage|p2a: Smeargle|1/100
|move|p2a: Smeargle|Spore|p1a: Arceus
|-status|p1a: Arceus|slp|[from] move: Spore
|
|-ability|p2a: Smeargle|Moody|boost
|-boost|p2a: Smeargle|atk|2
|-unboost|p2a: Smeargle|spe|1
|upkeep
|turn|2
|
|t:|1665729975
|cant|p1a: Arceus|slp
|move|p2a: Smeargle|Stealth Rock|p1a: Arceus
|-sidestart|p1: MoeZilla|move: Stealth Rock
|
|-ability|p2a: Smeargle|Moody|boost
|-boost|p2a: Smeargle|atk|2
|-unboost|p2a: Smeargle|spa|1
|upkeep
|turn|3
|
|t:|1665729979
|cant|p1a: Arceus|slp
|move|p2a: Smeargle|Baton Pass|p2a: Smeargle
|
|t:|1665729986
|switch|p2a: 👑|Arceus|100/100|[from]move: Baton Pass
|
|upkeep
|turn|4
|j| Splatdude431
|
|t:|1665729991
|move|p2a: 👑|Extreme Speed|p1a: Arceus
|-damage|p1a: Arceus|16/100 slp
|-curestatus|p1a: Arceus|slp|[msg]
|move|p1a: Arceus|Defog|p2a: 👑
|-unboost|p2a: 👑|evasion|1
|-sideend|p1: MoeZilla|Stealth Rock|[from] move: Defog|[of] p1a: Arceus
|
|upkeep
|turn|5
|
|t:|1665729998
|switch|p1a: Necrozma|Necrozma-Dusk-Mane|100/100
|move|p2a: 👑|Extreme Speed|p1a: Necrozma
|-resisted|p1a: Necrozma
|-damage|p1a: Necrozma|64/100
|-damage|p2a: 👑|84/100|[from] item: Rocky Helmet|[of] p1a: Necrozma
|
|upkeep
|turn|6
|
|t:|1665730004
|switch|p2a: Smeargle|Smeargle, F|1/100
|move|p1a: Necrozma|Stealth Rock|p2a: Smeargle
|-sidestart|p2: DarkboiJ|move: Stealth Rock
|
|-ability|p2a: Smeargle|Moody|boost
|-boost|p2a: Smeargle|atk|2
|-unboost|p2a: Smeargle|def|1
|upkeep
|turn|7
|
|t:|1665730007
|move|p2a: Smeargle|Spore|p1a: Necrozma
|-status|p1a: Necrozma|slp|[from] move: Spore
|cant|p1a: Necrozma|slp
|
|-ability|p2a: Smeargle|Moody|boost
|-boost|p2a: Smeargle|spa|2
|-unboost|p2a: Smeargle|def|1
|upkeep
|turn|8
|
|t:|1665730011
|switch|p1a: Zacian|Zacian-Crowned|100/100
|-ability|p1a: Zacian|Intrepid Sword|boost
|-boost|p1a: Zacian|atk|1
|move|p2a: Smeargle|Stealth Rock|p1a: Zacian
|-sidestart|p1: MoeZilla|move: Stealth Rock
|
|-ability|p2a: Smeargle|Moody|boost
|-boost|p2a: Smeargle|spd|2
|-unboost|p2a: Smeargle|def|1
|upkeep
|turn|9
|
|t:|1665730014
|move|p2a: Smeargle|Baneful Bunker|p2a: Smeargle
|-singleturn|p2a: Smeargle|move: Protect
|move|p1a: Zacian|Close Combat|p2a: Smeargle
|-activate|p2a: Smeargle|move: Protect
|
|-ability|p2a: Smeargle|Moody|boost
|-boost|p2a: Smeargle|spd|2
|-unboost|p2a: Smeargle|spa|1
|upkeep
|turn|10
|
|t:|1665730020
|move|p2a: Smeargle|Baneful Bunker||[still]
|-fail|p2a: Smeargle
|move|p1a: Zacian|Close Combat|p2a: Smeargle
|-supereffective|p2a: Smeargle
|-damage|p2a: Smeargle|0 fnt
|-unboost|p1a: Zacian|def|1
|-unboost|p1a: Zacian|spd|1
|faint|p2a: Smeargle
|
|upkeep
|
|t:|1665730023
|switch|p2a: Kriti Sanon💋|Ditto|100/100
|-damage|p2a: Kriti Sanon💋|88/100|[from] Stealth Rock
|-transform|p2a: Kriti Sanon💋|p1a: Zacian|[from] ability: Imposter
|-ability|p2a: Kriti Sanon💋|Intrepid Sword|boost
|-boost|p2a: Kriti Sanon💋|atk|1
|turn|11
|
|t:|1665730028
|switch|p1a: Arceus|Arceus-Dark|16/100
|-damage|p1a: Arceus|3/100|[from] Stealth Rock
|move|p2a: Kriti Sanon💋|Behemoth Blade|p1a: Arceus
|-damage|p1a: Arceus|0 fnt
|faint|p1a: Arceus
|
|upkeep
|
|t:|1665730028
|switch|p1a: Necrozma|Necrozma-Dusk-Mane|64/100 slp
|-damage|p1a: Necrozma|58/100 slp|[from] Stealth Rock
|turn|12
|
|t:|1665730039
|switch|p2a: 🦁|Necrozma-Dusk-Mane|100/100
|-damage|p2a: 🦁|94/100|[from] Stealth Rock
|-curestatus|p1a: Necrozma|slp|[msg]
|move|p1a: Necrozma|Sunsteel Strike|p2a: 🦁
|-resisted|p2a: 🦁
|-damage|p2a: 🦁|81/100
|
|upkeep
|turn|13
|
|t:|1665730041
|move|p1a: Necrozma|Moonlight|p1a: Necrozma
|-heal|p1a: Necrozma|100/100
|move|p2a: 🦁|Calm Mind|p2a: 🦁
|-boost|p2a: 🦁|spa|1
|-boost|p2a: 🦁|spd|1
|
|upkeep
|turn|14
|
|t:|1665730044
|move|p1a: Necrozma|Sunsteel Strike|p2a: 🦁
|-resisted|p2a: 🦁
|-damage|p2a: 🦁|65/100
|move|p2a: 🦁|Calm Mind|p2a: 🦁
|-boost|p2a: 🦁|spa|1
|-boost|p2a: 🦁|spd|1
|
|upkeep
|turn|15
|
|t:|1665730046
|move|p1a: Necrozma|Sunsteel Strike|p2a: 🦁
|-resisted|p2a: 🦁
|-damage|p2a: 🦁|51/100
|move|p2a: 🦁|Morning Sun|p2a: 🦁
|-heal|p2a: 🦁|100/100
|
|upkeep
|turn|16
|
|t:|1665730048
|move|p1a: Necrozma|Sunsteel Strike|p2a: 🦁
|-resisted|p2a: 🦁
|-damage|p2a: 🦁|85/100
|move|p2a: 🦁|Calm Mind|p2a: 🦁
|-boost|p2a: 🦁|spa|1
|-boost|p2a: 🦁|spd|1
|
|upkeep
|turn|17
|
|t:|1665730050
|move|p1a: Necrozma|Sunsteel Strike|p2a: 🦁
|-resisted|p2a: 🦁
|-damage|p2a: 🦁|71/100
|move|p2a: 🦁|Calm Mind|p2a: 🦁
|-boost|p2a: 🦁|spa|1
|-boost|p2a: 🦁|spd|1
|
|upkeep
|turn|18
|
|t:|1665730052
|move|p1a: Necrozma|Sunsteel Strike|p2a: 🦁
|-resisted|p2a: 🦁
|-damage|p2a: 🦁|57/100
|move|p2a: 🦁|Morning Sun|p2a: 🦁
|-heal|p2a: 🦁|100/100
|
|upkeep
|turn|19
|
|t:|1665730054
|move|p1a: Necrozma|Sunsteel Strike|p2a: 🦁
|-resisted|p2a: 🦁
|-damage|p2a: 🦁|87/100
|move|p2a: 🦁|Calm Mind|p2a: 🦁
|-boost|p2a: 🦁|spa|1
|-boost|p2a: 🦁|spd|1
|
|upkeep
|turn|20
|
|t:|1665730057
|move|p1a: Necrozma|Sunsteel Strike|p2a: 🦁
|-resisted|p2a: 🦁
|-damage|p2a: 🦁|71/100
|move|p2a: 🦁|Calm Mind|p2a: 🦁
|-boost|p2a: 🦁|spa|1
|-boost|p2a: 🦁|spd|1
|
|upkeep
|turn|21
|
|t:|1665730059
|move|p1a: Necrozma|Knock Off|p2a: 🦁
|-supereffective|p2a: 🦁
|-damage|p2a: 🦁|44/100
|-enditem|p2a: 🦁|Weakness Policy
|-boost|p2a: 🦁|atk|2|[from] item: Weakness Policy
|-boost|p2a: 🦁|spa|0
|move|p2a: 🦁|Morning Sun|p2a: 🦁
|-heal|p2a: 🦁|94/100
|
|upkeep
|turn|22
|
|t:|1665730067
|-start|p2a: 🦁|Dynamax|
|-heal|p2a: 🦁|94/100|[silent]
|move|p1a: Necrozma|Moonlight|p1a: Necrozma
|-fail|p1a: Necrozma|heal
|move|p2a: 🦁|Max Steelspike|p1a: Necrozma
|-resisted|p1a: Necrozma
|-damage|p1a: Necrozma|71/100
|-boost|p2a: 🦁|def|1
|
|upkeep
|turn|23
|
|t:|1665730069
|move|p1a: Necrozma|Moonlight|p1a: Necrozma
|-heal|p1a: Necrozma|100/100
|move|p2a: 🦁|Max Steelspike|p1a: Necrozma
|-resisted|p1a: Necrozma
|-crit|p1a: Necrozma
|-damage|p1a: Necrozma|56/100
|-boost|p2a: 🦁|def|1
|
|upkeep
|turn|24
|
|t:|1665730071
|move|p1a: Necrozma|Moonlight|p1a: Necrozma
|-heal|p1a: Necrozma|100/100
|move|p2a: 🦁|Max Steelspike|p1a: Necrozma
|-resisted|p1a: Necrozma
|-damage|p1a: Necrozma|69/100
|-boost|p2a: 🦁|def|1
|
|upkeep
|-end|p2a: 🦁|Dynamax
|-heal|p2a: 🦁|94/100|[silent]
|turn|25
|
|t:|1665730075
|move|p1a: Necrozma|Moonlight|p1a: Necrozma
|-heal|p1a: Necrozma|100/100
|move|p2a: 🦁|Stored Power|p1a: Necrozma
|-resisted|p1a: Necrozma
|-damage|p1a: Necrozma|0 fnt
|faint|p1a: Necrozma
|
|upkeep
|
|t:|1665730075
|switch|p1a: Rayquaza|Rayquaza|100/100
|-damage|p1a: Rayquaza|76/100|[from] Stealth Rock
|-ability|p1a: Rayquaza|Air Lock
|turn|26
|
|t:|1665730087
|detailschange|p1a: Rayquaza|Rayquaza-Mega
|-mega|p1a: Rayquaza|Rayquaza|
|-weather|DeltaStream|[from] ability: Delta Stream|[of] p1a: Rayquaza
|move|p1a: Rayquaza|V-create|p2a: 🦁
|-supereffective|p2a: 🦁
|-damage|p2a: 🦁|51/100
|-unboost|p1a: Rayquaza|spe|1
|-unboost|p1a: Rayquaza|def|1
|-unboost|p1a: Rayquaza|spd|1
|move|p2a: 🦁|Stored Power|p1a: Rayquaza
|-crit|p1a: Rayquaza
|-damage|p1a: Rayquaza|0 fnt
|faint|p1a: Rayquaza
|-weather|none
|
|upkeep
|
|t:|1665730087
|switch|p1a: Zacian|Zacian-Crowned|100/100
|-damage|p1a: Zacian|94/100|[from] Stealth Rock
|-ability|p1a: Zacian|Intrepid Sword|boost
|-boost|p1a: Zacian|atk|1
|turn|27
|
|t:|1665730091
|move|p1a: Zacian|Close Combat|p2a: 🦁
|-damage|p2a: 🦁|34/100
|-unboost|p1a: Zacian|def|1
|-unboost|p1a: Zacian|spd|1
|move|p2a: 🦁|Morning Sun|p2a: 🦁
|-heal|p2a: 🦁|84/100
|
|upkeep
|turn|28
|
|t:|1665730094
|move|p1a: Zacian|Close Combat|p2a: 🦁
|-crit|p2a: 🦁
|-damage|p2a: 🦁|13/100
|-unboost|p1a: Zacian|def|1
|-unboost|p1a: Zacian|spd|1
|move|p2a: 🦁|Stored Power|p1a: Zacian
|-resisted|p1a: Zacian
|-crit|p1a: Zacian
|-damage|p1a: Zacian|0 fnt
|faint|p1a: Zacian
|
|upkeep
|
|t:|1665730094
|switch|p1a: Arceus|Arceus-Water|100/100
|-damage|p1a: Arceus|88/100|[from] Stealth Rock
|turn|29
|
|t:|1665730098
|move|p1a: Arceus|Whirlpool|p2a: 🦁
|-crit|p2a: 🦁
|-damage|p2a: 🦁|0 fnt
|faint|p2a: 🦁
|
|upkeep
|
|t:|1665730113
|switch|p2a: ⬛|Grimmsnarl, M|100/100
|-damage|p2a: ⬛|88/100|[from] Stealth Rock
|turn|30
|
|t:|1665730116
|move|p2a: ⬛|Taunt|p1a: Arceus
|-start|p1a: Arceus|move: Taunt
|move|p1a: Arceus|Whirlpool|p2a: ⬛
|-damage|p2a: ⬛|72/100
|-activate|p2a: ⬛|move: Whirlpool|[of] p1a: Arceus
|
|-damage|p2a: ⬛|59/100|[from] move: Whirlpool|[partiallytrapped]
|upkeep
|turn|31
|
|t:|1665730121
|move|p2a: ⬛|Light Screen|p2a: ⬛
|-sidestart|p2: DarkboiJ|move: Light Screen
|move|p1a: Arceus|Whirlpool|p2a: ⬛
|-damage|p2a: ⬛|50/100
|
|-damage|p2a: ⬛|38/100|[from] move: Whirlpool|[partiallytrapped]
|upkeep
|turn|32
|
|t:|1665730123
|move|p2a: ⬛|Reflect|p2a: ⬛
|-sidestart|p2: DarkboiJ|Reflect
|move|p1a: Arceus|Whirlpool|p2a: ⬛
|-damage|p2a: ⬛|28/100
|
|-damage|p2a: ⬛|16/100|[from] move: Whirlpool|[partiallytrapped]
|-end|p1a: Arceus|move: Taunt
|upkeep
|turn|33
|
|t:|1665730126
|move|p2a: ⬛|Taunt|p1a: Arceus
|-start|p1a: Arceus|move: Taunt
|move|p1a: Arceus|Whirlpool|p2a: ⬛|[miss]
|-miss|p1a: Arceus|p2a: ⬛
|
|-damage|p2a: ⬛|4/100|[from] move: Whirlpool|[partiallytrapped]
|upkeep
|turn|34
|
|t:|1665730128
|move|p2a: ⬛|Taunt||[still]
|-fail|p2a: ⬛
|move|p1a: Arceus|Whirlpool|p2a: ⬛
|-damage|p2a: ⬛|0 fnt
|faint|p2a: ⬛
|
|upkeep
|
|t:|1665730133
|switch|p2a: 😈|Yveltal|100/100
|-ability|p2a: 😈|Dark Aura
|turn|35
|
|t:|1665730135
|move|p1a: Arceus|Whirlpool|p2a: 😈
|-damage|p2a: 😈|93/100
|-activate|p2a: 😈|move: Whirlpool|[of] p1a: Arceus
|move|p2a: 😈|Toxic|p1a: Arceus
|-status|p1a: Arceus|tox
|
|-damage|p1a: Arceus|82/100 tox|[from] psn
|-damage|p2a: 😈|81/100|[from] move: Whirlpool|[partiallytrapped]
|-end|p1a: Arceus|move: Taunt
|upkeep
|turn|36
|
|t:|1665730141
|move|p1a: Arceus|Whirlpool|p2a: 😈
|-damage|p2a: 😈|73/100
|move|p2a: 😈|Foul Play|p1a: Arceus
|-damage|p1a: Arceus|52/100 tox
|
|-damage|p1a: Arceus|40/100 tox|[from] psn
|-damage|p2a: 😈|61/100|[from] move: Whirlpool|[partiallytrapped]
|upkeep
|turn|37
|
|t:|1665730144
|move|p1a: Arceus|Whirlpool|p2a: 😈
|-damage|p2a: 😈|53/100
|move|p2a: 😈|Foul Play|p1a: Arceus
|-damage|p1a: Arceus|11/100 tox
|
|-damage|p1a: Arceus|0 fnt|[from] psn
|faint|p1a: Arceus
|-end|p2a: 😈|Whirlpool|[partiallytrapped]|[silent]
|upkeep
|
|t:|1665730144
|switch|p1a: Ditto|Ditto|100/100
|-damage|p1a: Ditto|88/100|[from] Stealth Rock
|-transform|p1a: Ditto|p2a: 😈|[from] ability: Imposter
|-ability|p1a: Ditto|Dark Aura
|turn|38
|
|t:|1665730148
|-start|p1a: Ditto|Dynamax|
|-heal|p1a: Ditto|88/100|[silent]
|move|p2a: 😈|Roost|p2a: 😈
|-heal|p2a: 😈|100/100
|-singleturn|p2a: 😈|move: Roost
|move|p1a: Ditto|Max Darkness|p2a: 😈
|-resisted|p2a: 😈
|-damage|p2a: 😈|90/100
|-unboost|p2a: 😈|spd|1
|
|-sideend|p2: DarkboiJ|move: Light Screen
|upkeep
|turn|39
|
|t:|1665730151
|move|p1a: Ditto|Max Guard|p1a: Ditto
|-singleturn|p1a: Ditto|Max Guard
|move|p2a: 😈|Roost|p2a: 😈
|-heal|p2a: 😈|100/100
|-singleturn|p2a: 😈|move: Roost
|
|-sideend|p2: DarkboiJ|Reflect
|upkeep
|turn|40
|
|t:|1665730153
|move|p1a: Ditto|Max Guard||[still]
|-fail|p1a: Ditto
|move|p2a: 😈|Toxic|p1a: Ditto
|-status|p1a: Ditto|tox
|
|-damage|p1a: Ditto|85/100 tox|[from] psn
|upkeep
|-end|p1a: Ditto|Dynamax
|-heal|p1a: Ditto|85/100 tox|[silent]
|turn|41
|
|t:|1665730157
|move|p1a: Ditto|Toxic|p2a: 😈
|-status|p2a: 😈|tox
|move|p2a: 😈|Foul Play|p1a: Ditto
|-resisted|p1a: Ditto
|-damage|p1a: Ditto|63/100 tox
|
|-damage|p1a: Ditto|51/100 tox|[from] psn
|-damage|p2a: 😈|94/100 tox|[from] psn
|upkeep
|turn|42
|
|t:|1665730160
|switch|p2a: Kriti Sanon💋|Ditto|88/100
|-damage|p2a: Kriti Sanon💋|76/100|[from] Stealth Rock
|move|p1a: Ditto|Toxic|p2a: Kriti Sanon💋
|-status|p2a: Kriti Sanon💋|tox
|
|-damage|p1a: Ditto|33/100 tox|[from] psn
|-damage|p2a: Kriti Sanon💋|70/100 tox|[from] psn
|upkeep
|turn|43
|
|t:|1665730163
|switch|p2a: 😈|Yveltal|94/100 tox
|-ability|p2a: 😈|Dark Aura
|move|p1a: Ditto|Toxic|p2a: 😈
|-fail|p2a: 😈|tox
|
|-damage|p1a: Ditto|9/100 tox|[from] psn
|-damage|p2a: 😈|88/100 tox|[from] psn
|upkeep
|turn|44
|
|t:|1665730164
|switch|p2a: Kriti Sanon💋|Ditto|70/100 tox
|-damage|p2a: Kriti Sanon💋|57/100 tox|[from] Stealth Rock
|-activate|p1a: Ditto|move: Struggle
|move|p1a: Ditto|Struggle|p2a: Kriti Sanon💋
|-damage|p2a: Kriti Sanon💋|39/100 tox
|-damage|p1a: Ditto|0 fnt|[from] recoil
|faint|p1a: Ditto
|
|win|DarkboiJ
|raw|MoeZilla's rating: 1590 &rarr; <strong>1583</strong><br />(-7 for losing)
|raw|DarkboiJ's rating: 1870 &rarr; <strong>1877</strong><br />(+7 for winning)
|l|‽MoeZilla
