|j|☆Fly Milk
|j|☆Silver Jay#2240
|t:|1663645224
|gametype|singles
|player|p1|Fly Milk|170|1650
|player|p2|Silver Jay#2240|klara|1559
|teamsize|p1|6
|teamsize|p2|6
|gen|8
|tier|[Gen 8] National Dex AG
|rated|
|rule|HP Percentage Mod: HP is shown in percentages
|rule|Endless Battle Clause: Forcing endless battles is banned
|clearpoke
|poke|p1|Arceus-*|
|poke|p1|Giratina|
|poke|p1|Arceus-*|
|poke|p1|Chansey, F|
|poke|p1|Quagsire, F|
|poke|p1|Arceus-*|
|poke|p2|Liepard, M|
|poke|p2|Rayquaza|
|poke|p2|Ditto|
|poke|p2|Gengar, F|
|poke|p2|Smeargle, F|
|poke|p2|Sharpedo, F|
|teampreview
|c|☆Silver Jay#2240|stall goddd
|
|t:|1663645233
|start
|switch|p1a: I Wanna|Arceus-Fairy, shiny|100/100
|switch|p2a: *pranks you|Liepard, M|100/100
|turn|1
|
|t:|1663645238
|move|p2a: *pranks you|Assist|p2a: *pranks you
|move|p2a: *pranks you|Spore|p1a: I Wanna|[from]move: Assist
|-status|p1a: I Wanna|slp|[from] move: Spore
|cant|p1a: I Wanna|slp
|
|upkeep
|turn|2
|
|t:|1663645243
|move|p2a: *pranks you|Substitute|p2a: *pranks you
|-start|p2a: *pranks you|Substitute
|-damage|p2a: *pranks you|75/100
|-curestatus|p1a: I Wanna|slp|[msg]
|move|p1a: I Wanna|Stealth Rock|p2a: *pranks you
|-sidestart|p2: Silver Jay#2240|move: Stealth Rock
|
|-heal|p2a: *pranks you|82/100|[from] item: Leftovers
|upkeep
|turn|3
|
|t:|1663645249
|move|p2a: *pranks you|Assist|p2a: *pranks you
|move|p2a: *pranks you|Spore|p1a: I Wanna|[from]move: Assist
|-status|p1a: I Wanna|slp|[from] move: Spore
|cant|p1a: I Wanna|slp
|
|-heal|p2a: *pranks you|88/100|[from] item: Leftovers
|upkeep
|turn|4
|
|t:|1663645266
|move|p2a: *pranks you|Nasty Plot|p2a: *pranks you
|-boost|p2a: *pranks you|spa|2
|cant|p1a: I Wanna|slp
|
|-heal|p2a: *pranks you|94/100|[from] item: Leftovers
|upkeep
|turn|5
|inactive|Battle timer is ON: inactive players will automatically lose when time's up. (requested by Fly Milk)
|
|t:|1663645287
|move|p2a: *pranks you|Nasty Plot|p2a: *pranks you
|-boost|p2a: *pranks you|spa|2
|-curestatus|p1a: I Wanna|slp|[msg]
|move|p1a: I Wanna|Judgment|p2a: *pranks you
|-supereffective|p2a: *pranks you
|-end|p2a: *pranks you|Substitute
|
|-heal|p2a: *pranks you|99/100|[from] item: Leftovers
|upkeep
|turn|6
|
|t:|1663645305
|move|p2a: *pranks you|Assist|p2a: *pranks you
|move|p2a: *pranks you|Spore|p1a: I Wanna|[from]move: Assist
|-status|p1a: I Wanna|slp|[from] move: Spore
|cant|p1a: I Wanna|slp
|
|-heal|p2a: *pranks you|100/100|[from] item: Leftovers
|upkeep
|turn|7
|
|t:|1663645312
|move|p2a: *pranks you|Substitute|p2a: *pranks you
|-start|p2a: *pranks you|Substitute
|-damage|p2a: *pranks you|75/100
|-curestatus|p1a: I Wanna|slp|[msg]
|move|p1a: I Wanna|Judgment|p2a: *pranks you
|-supereffective|p2a: *pranks you
|-end|p2a: *pranks you|Substitute
|
|-heal|p2a: *pranks you|82/100|[from] item: Leftovers
|upkeep
|turn|8
|
|t:|1663645329
|switch|p1a: Like|Chansey, F, shiny|100/100
|move|p2a: *pranks you|Assist|p2a: *pranks you
|move|p2a: *pranks you|Spore|p1a: Like|[from]move: Assist
|-status|p1a: Like|slp|[from] move: Spore
|
|-heal|p2a: *pranks you|88/100|[from] item: Leftovers
|upkeep
|turn|9
|
|t:|1663645332
|-curestatus|p1a: Like|slp|[from] ability: Natural Cure
|switch|p1a: The Very Best|Arceus-Dark, shiny|100/100
|move|p2a: *pranks you|Substitute|p2a: *pranks you
|-start|p2a: *pranks you|Substitute
|-damage|p2a: *pranks you|63/100
|
|-heal|p2a: *pranks you|69/100|[from] item: Leftovers
|upkeep
|turn|10
|
|t:|1663645336
|move|p2a: *pranks you|Dark Pulse|p1a: The Very Best
|-resisted|p1a: The Very Best
|-damage|p1a: The Very Best|81/100
|move|p1a: The Very Best|Roar|p2a: *pranks you
|drag|p2a: *mimikyou|Ditto|100/100
|-damage|p2a: *mimikyou|88/100|[from] Stealth Rock
|-transform|p2a: *mimikyou|p1a: The Very Best|[from] ability: Imposter
|
|upkeep
|turn|11
|c|☆Silver Jay#2240|nice
|
|t:|1663645343
|switch|p1a: Like|Chansey, F, shiny|100/100
|move|p2a: *mimikyou|Toxic|p1a: Like
|-status|p1a: Like|tox
|
|-damage|p1a: Like|94/100 tox|[from] psn
|upkeep
|turn|12
|
|t:|1663645347
|move|p2a: *mimikyou|Toxic|p1a: Like
|-fail|p1a: Like|tox
|move|p1a: Like|Seismic Toss|p2a: *mimikyou
|-damage|p2a: *mimikyou|55/100
|
|-damage|p1a: Like|82/100 tox|[from] psn
|upkeep
|turn|13
|
|t:|1663645351
|switch|p2a: *tags you|Gengar, F|100/100
|-damage|p2a: *tags you|88/100|[from] Stealth Rock
|move|p1a: Like|Heal Bell|p1a: Like
|-activate|p1a: Like|move: Heal Bell
|-curestatus|p1a: Like|tox|[msg]
|
|upkeep
|turn|14
|
|t:|1663645374
|switch|p1a: The Very Best|Arceus-Dark, shiny|81/100
|detailschange|p2a: *tags you|Gengar-Mega, F
|-mega|p2a: *tags you|Gengar|Gengarite
|-singleturn|p2a: *tags you|move: Focus Punch
|move|p2a: *tags you|Focus Punch|p1a: The Very Best
|-supereffective|p1a: The Very Best
|-damage|p1a: The Very Best|38/100
|
|upkeep
|turn|15
|c|☆Silver Jay#2240|nice
|
|t:|1663645384
|move|p2a: *tags you|Protect|p2a: *tags you
|-singleturn|p2a: *tags you|Protect
|move|p1a: The Very Best|Recover|p1a: The Very Best
|-heal|p1a: The Very Best|88/100
|
|upkeep
|turn|16
|
|t:|1663645387
|move|p2a: *tags you|Destiny Bond|p2a: *tags you
|-singlemove|p2a: *tags you|Destiny Bond
|move|p1a: The Very Best|Judgment|p2a: *tags you
|-supereffective|p2a: *tags you
|-damage|p2a: *tags you|0 fnt
|faint|p2a: *tags you
|-activate|p2a: *tags you|move: Destiny Bond
|faint|p1a: The Very Best
|
|upkeep
|c|☆Silver Jay#2240|niceee
|
|t:|1663645402
|switch|p2a: *pranks you|Liepard, M|69/100
|switch|p1a: Was|Arceus-Fairy, shiny|100/100
|-damage|p2a: *pranks you|56/100|[from] Stealth Rock
|turn|17
|
|t:|1663645411
|move|p2a: *pranks you|Assist|p2a: *pranks you
|move|p2a: *pranks you|Spore|p1a: Was|[from]move: Assist
|-status|p1a: Was|slp|[from] move: Spore
|cant|p1a: Was|slp
|
|-heal|p2a: *pranks you|62/100|[from] item: Leftovers
|upkeep
|turn|18
|
|t:|1663645430
|move|p2a: *pranks you|Substitute|p2a: *pranks you
|-start|p2a: *pranks you|Substitute
|-damage|p2a: *pranks you|37/100
|cant|p1a: Was|slp
|
|-heal|p2a: *pranks you|43/100|[from] item: Leftovers
|upkeep
|turn|19
|
|t:|1663645441
|move|p2a: *pranks you|Nasty Plot|p2a: *pranks you
|-boost|p2a: *pranks you|spa|2
|cant|p1a: Was|slp
|
|-heal|p2a: *pranks you|49/100|[from] item: Leftovers
|upkeep
|turn|20
|c|☆Silver Jay#2240|damn 3 turn
|
|t:|1663645450
|move|p2a: *pranks you|Nasty Plot|p2a: *pranks you
|-boost|p2a: *pranks you|spa|2
|-curestatus|p1a: Was|slp|[msg]
|move|p1a: Was|Judgment|p2a: *pranks you
|-supereffective|p2a: *pranks you
|-end|p2a: *pranks you|Substitute
|
|-heal|p2a: *pranks you|55/100|[from] item: Leftovers
|upkeep
|turn|21
|
|t:|1663645454
|move|p2a: *pranks you|Assist|p2a: *pranks you
|move|p2a: *pranks you|Spore|p1a: Was|[from]move: Assist
|-status|p1a: Was|slp|[from] move: Spore
|cant|p1a: Was|slp
|
|-heal|p2a: *pranks you|61/100|[from] item: Leftovers
|upkeep
|turn|22
|
|t:|1663645467
|move|p2a: *pranks you|Substitute|p2a: *pranks you
|-start|p2a: *pranks you|Substitute
|-damage|p2a: *pranks you|36/100
|cant|p1a: Was|slp
|
|-heal|p2a: *pranks you|42/100|[from] item: Leftovers
|upkeep
|turn|23
|
|t:|1663645494
|move|p2a: *pranks you|Nasty Plot|p2a: *pranks you
|-boost|p2a: *pranks you|spa|2
|cant|p1a: Was|slp
|
|-heal|p2a: *pranks you|48/100|[from] item: Leftovers
|upkeep
|turn|24
|
|t:|1663645500
|-curestatus|p1a: Was|slp|[msg]
|move|p1a: Was|Judgment|p2a: *pranks you
|-supereffective|p2a: *pranks you
|-end|p2a: *pranks you|Substitute
|move|p2a: *pranks you|Dark Pulse|p1a: Was
|-resisted|p1a: Was
|-damage|p1a: Was|68/100
|
|-heal|p2a: *pranks you|54/100|[from] item: Leftovers
|upkeep
|turn|25
|
|t:|1663645509
|move|p2a: *pranks you|Assist|p2a: *pranks you
|move|p2a: *pranks you|Spore|p1a: Was|[from]move: Assist
|-status|p1a: Was|slp|[from] move: Spore
|cant|p1a: Was|slp
|
|-heal|p2a: *pranks you|60/100|[from] item: Leftovers
|upkeep
|turn|26
|
|t:|1663645515
|switch|p1a: Like|Chansey, F, shiny|82/100
|move|p2a: *pranks you|Substitute|p2a: *pranks you
|-start|p2a: *pranks you|Substitute
|-damage|p2a: *pranks you|35/100
|
|-heal|p2a: *pranks you|41/100|[from] item: Leftovers
|upkeep
|turn|27
|
|t:|1663645535
|move|p2a: *pranks you|Assist|p2a: *pranks you
|move|p2a: *pranks you|Spore|p1a: Like|[from]move: Assist
|-status|p1a: Like|slp|[from] move: Spore
|cant|p1a: Like|slp
|
|-heal|p2a: *pranks you|47/100|[from] item: Leftovers
|upkeep
|turn|28
|
|t:|1663645547
|-curestatus|p1a: Like|slp|[from] ability: Natural Cure
|switch|p1a: No One Ever|Quagsire, F, shiny|100/100
|move|p2a: *pranks you|Dark Pulse|p1a: No One Ever
|-damage|p1a: No One Ever|71/100
|
|-heal|p2a: *pranks you|54/100|[from] item: Leftovers
|upkeep
|turn|29
|
|t:|1663645551
|move|p2a: *pranks you|Assist|p2a: *pranks you
|move|p2a: *pranks you|Spore|p1a: No One Ever|[from]move: Assist
|-status|p1a: No One Ever|slp|[from] move: Spore
|cant|p1a: No One Ever|slp
|
|-heal|p2a: *pranks you|60/100|[from] item: Leftovers
|upkeep
|turn|30
|
|t:|1663645553
|switch|p1a: Like|Chansey, F, shiny|82/100
|move|p2a: *pranks you|Dark Pulse|p1a: Like
|-damage|p1a: Like|58/100
|
|-heal|p2a: *pranks you|66/100|[from] item: Leftovers
|upkeep
|turn|31
|
|t:|1663645559
|move|p2a: *pranks you|Assist|p2a: *pranks you
|move|p2a: *pranks you|Spore|p1a: Like|[from]move: Assist
|-status|p1a: Like|slp|[from] move: Spore
|cant|p1a: Like|slp
|
|-heal|p2a: *pranks you|72/100|[from] item: Leftovers
|upkeep
|turn|32
|
|t:|1663645566
|-curestatus|p1a: Like|slp|[from] ability: Natural Cure
|switch|p1a: I Wanna|Arceus-Fairy, shiny|100/100
|move|p2a: *pranks you|Dark Pulse|p1a: I Wanna
|-resisted|p1a: I Wanna
|-damage|p1a: I Wanna|70/100
|
|-heal|p2a: *pranks you|78/100|[from] item: Leftovers
|upkeep
|turn|33
|
|t:|1663645574
|-start|p1a: I Wanna|Dynamax|
|-heal|p1a: I Wanna|70/100|[silent]
|move|p2a: *pranks you|Assist|p2a: *pranks you
|move|p2a: *pranks you|Spore|p1a: I Wanna|[from]move: Assist
|-status|p1a: I Wanna|slp|[from] move: Spore
|cant|p1a: I Wanna|slp
|
|-heal|p2a: *pranks you|84/100|[from] item: Leftovers
|upkeep
|turn|34
|c|☆Silver Jay#2240|r u tryna pp stall???
|
|t:|1663645577
|move|p2a: *pranks you|Dark Pulse|p1a: I Wanna
|-resisted|p1a: I Wanna
|-crit|p1a: I Wanna
|-damage|p1a: I Wanna|45/100 slp
|cant|p1a: I Wanna|slp
|
|-heal|p2a: *pranks you|90/100|[from] item: Leftovers
|upkeep
|turn|35
|
|t:|1663645582
|move|p2a: *pranks you|Dark Pulse|p1a: I Wanna
|-resisted|p1a: I Wanna
|-damage|p1a: I Wanna|29/100 slp
|cant|p1a: I Wanna|slp
|
|-heal|p2a: *pranks you|96/100|[from] item: Leftovers
|upkeep
|-end|p1a: I Wanna|Dynamax
|-heal|p1a: I Wanna|29/100 slp|[silent]
|turn|36
|c|☆Silver Jay#2240|pls 3 turn
|
|t:|1663645587
|move|p2a: *pranks you|Dark Pulse|p1a: I Wanna
|-resisted|p1a: I Wanna
|-damage|p1a: I Wanna|0 fnt
|faint|p1a: I Wanna
|
|-heal|p2a: *pranks you|100/100|[from] item: Leftovers
|upkeep
|c|☆Silver Jay#2240|niceee
|
|t:|1663645592
|switch|p1a: Like|Chansey, F, shiny|58/100
|turn|37
|c|☆Silver Jay#2240|stall bad
|-message|Fly Milk forfeited.
|
|win|Silver Jay#2240
|raw|Fly Milk's rating: 1650 &rarr; <strong>1625</strong><br />(-25 for losing)
|raw|Silver Jay#2240's rating: 1559 &rarr; <strong>1584</strong><br />(+25 for winning)
|l|☆Fly Milk
||Ladder isn't responding, score probably updated but might not have (Request timeout).
