|j|☆rowletroost
|j|☆ReactJS3
|t:|1636263364
|gametype|singles
|player|p1|rowletroost|candice|1842
|player|p2|ReactJS3|1|1843
|teamsize|p1|6
|teamsize|p2|6
|gen|8
|tier|[Gen 8] National Dex AG
|rated|
|rule|HP Percentage Mod: HP is shown in percentages
|rule|Endless Battle Clause: Forcing endless battles is banned
|clearpoke
|poke|p1|Arceus-*|
|poke|p1|Xerneas-*|
|poke|p1|Kyogre|
|poke|p1|Marshadow|
|poke|p1|Ribombee, F|
|poke|p1|Vivillon-Savanna, M|
|poke|p2|Rayquaza|
|poke|p2|Zacian-*|
|poke|p2|Yveltal|
|poke|p2|Groudon|
|poke|p2|Ho-Oh|
|poke|p2|Ditto|
|teampreview
|inactive|Battle timer is ON: inactive players will automatically lose when time's up. (requested by rowletroost)
|
|t:|1636263377
|start
|switch|p1a: Arceus|Arceus-Ground|100/100
|switch|p2a: Zacian|Zacian-Crowned|100/100
|-ability|p2a: Zacian|Intrepid Sword|boost
|-boost|p2a: Zacian|atk|1
|turn|1
|
|t:|1636263381
|switch|p2a: Ditto|Ditto|100/100
|-transform|p2a: Ditto|p1a: Arceus|[from] ability: Imposter
|move|p1a: Arceus|Judgment|p2a: Ditto
|-damage|p2a: Ditto|56/100
|
|upkeep
|turn|2
|
|t:|1636263386
|switch|p2a: Ho-Oh|Ho-Oh|100/100
|switch|p1a: Kyogre|Kyogre, shiny|100/100
|detailschange|p1a: Kyogre|Kyogre-Primal, shiny
|-primal|p1a: Kyogre
|-weather|PrimordialSea|[from] ability: Primordial Sea|[of] p1a: Kyogre
|
|-weather|PrimordialSea|[upkeep]
|upkeep
|turn|3
|
|t:|1636263390
|switch|p2a: Groudon|Groudon|100/100
|detailschange|p2a: Groudon|Groudon-Primal
|-primal|p2a: Groudon
|-weather|DesolateLand|[from] ability: Desolate Land|[of] p2a: Groudon
|move|p1a: Kyogre|Ice Beam|p2a: Groudon
|-damage|p2a: Groudon|63/100
|
|-weather|DesolateLand|[upkeep]
|upkeep
|turn|4
|
|t:|1636263394
|switch|p1a: Arceus|Arceus-Ground|100/100
|move|p2a: Groudon|Stealth Rock|p1a: Arceus
|-sidestart|p1: rowletroost|move: Stealth Rock
|
|-weather|DesolateLand|[upkeep]
|upkeep
|turn|5
|
|t:|1636263396
|-weather|none
|switch|p2a: Ho-Oh|Ho-Oh|100/100
|move|p1a: Arceus|Defog|p2a: Ho-Oh
|-unboost|p2a: Ho-Oh|evasion|1
|-sideend|p1: rowletroost|Stealth Rock|[from] move: Defog|[of] p1a: Arceus
|
|upkeep
|turn|6
|
|t:|1636263399
|switch|p1a: Kyogre|Kyogre-Primal, shiny|100/100
|-weather|PrimordialSea|[from] ability: Primordial Sea|[of] p1a: Kyogre
|move|p2a: Ho-Oh|Toxic|p1a: Kyogre
|-status|p1a: Kyogre|tox
|
|-weather|PrimordialSea|[upkeep]
|-damage|p1a: Kyogre|94/100 tox|[from] psn
|upkeep
|turn|7
|
|t:|1636263404
|switch|p2a: Zacian|Zacian-Crowned|100/100
|-ability|p2a: Zacian|Intrepid Sword|boost
|-boost|p2a: Zacian|atk|1
|move|p1a: Kyogre|Ice Beam|p2a: Zacian
|-resisted|p2a: Zacian
|-damage|p2a: Zacian|80/100
|
|-weather|PrimordialSea|[upkeep]
|-damage|p1a: Kyogre|82/100 tox|[from] psn
|upkeep
|turn|8
|
|t:|1636263410
|-weather|none
|switch|p1a: Arceus|Arceus-Ground|100/100
|move|p2a: Zacian|Close Combat|p1a: Arceus
|-damage|p1a: Arceus|62/100
|-unboost|p2a: Zacian|def|1
|-unboost|p2a: Zacian|spd|1
|
|upkeep
|turn|9
|
|t:|1636263416
|switch|p2a: Ho-Oh|Ho-Oh|100/100
|switch|p1a: Kyogre|Kyogre-Primal, shiny|82/100 tox
|-weather|PrimordialSea|[from] ability: Primordial Sea|[of] p1a: Kyogre
|
|-weather|PrimordialSea|[upkeep]
|-damage|p1a: Kyogre|76/100 tox|[from] psn
|upkeep
|turn|10
|
|t:|1636263420
|switch|p2a: Groudon|Groudon-Primal|63/100
|-weather|DesolateLand|[from] ability: Desolate Land|[of] p2a: Groudon
|move|p1a: Kyogre|Origin Pulse||[still]
|-fail|p1a: Kyogre|Origin Pulse|[from] Desolate Land
|
|-weather|DesolateLand|[upkeep]
|-damage|p1a: Kyogre|63/100 tox|[from] psn
|upkeep
|turn|11
|
|t:|1636263424
|switch|p1a: Arceus|Arceus-Ground|62/100
|move|p2a: Groudon|Earthquake|p1a: Arceus
|-damage|p1a: Arceus|36/100
|
|-weather|DesolateLand|[upkeep]
|upkeep
|turn|12
|
|t:|1636263429
|-weather|none
|switch|p2a: Ho-Oh|Ho-Oh|100/100
|move|p1a: Arceus|Recover|p1a: Arceus
|-heal|p1a: Arceus|86/100
|
|upkeep
|turn|13
|
|t:|1636263440
|switch|p1a: Kyogre|Kyogre-Primal, shiny|63/100 tox
|-weather|PrimordialSea|[from] ability: Primordial Sea|[of] p1a: Kyogre
|switch|p2a: Zacian|Zacian-Crowned|80/100
|-ability|p2a: Zacian|Intrepid Sword|boost
|-boost|p2a: Zacian|atk|1
|
|-weather|PrimordialSea|[upkeep]
|-damage|p1a: Kyogre|57/100 tox|[from] psn
|upkeep
|turn|14
|
|t:|1636263446
|move|p2a: Zacian|Behemoth Blade|p1a: Kyogre
|-resisted|p1a: Kyogre
|-damage|p1a: Kyogre|10/100 tox
|move|p1a: Kyogre|Origin Pulse|p2a: Zacian
|-damage|p2a: Zacian|0 fnt
|faint|p2a: Zacian
|
|-weather|PrimordialSea|[upkeep]
|-damage|p1a: Kyogre|0 fnt|[from] psn
|faint|p1a: Kyogre
|-weather|none
|upkeep
|
|t:|1636263458
|switch|p2a: Rayquaza|Rayquaza|100/100
|switch|p1a: Marshadow|Marshadow|100/100
|-ability|p2a: Rayquaza|Air Lock
|turn|15
|
|t:|1636263467
|switch|p2a: Ho-Oh|Ho-Oh|100/100
|move|p1a: Marshadow|Spectral Thief|p2a: Ho-Oh
|-damage|p2a: Ho-Oh|72/100
|
|upkeep
|turn|16
|
|t:|1636263469
|move|p1a: Marshadow|Rock Tomb|p2a: Ho-Oh|[miss]
|-miss|p1a: Marshadow|p2a: Ho-Oh
|move|p2a: Ho-Oh|Sacred Fire|p1a: Marshadow
|-damage|p1a: Marshadow|50/100
|
|upkeep
|turn|17
|
|t:|1636263476
|move|p1a: Marshadow|Rock Tomb|p2a: Ho-Oh
|-supereffective|p2a: Ho-Oh
|-damage|p2a: Ho-Oh|0 fnt
|faint|p2a: Ho-Oh
|
|upkeep
|
|t:|1636263482
|switch|p2a: Ditto|Ditto|56/100
|-transform|p2a: Ditto|p1a: Marshadow|[from] ability: Imposter
|turn|18
|
|t:|1636263485
|switch|p1a: Arceus|Arceus-Ground|86/100
|move|p2a: Ditto|Shadow Sneak|p1a: Arceus
|-damage|p1a: Arceus|70/100
|
|upkeep
|turn|19
|
|t:|1636263491
|switch|p2a: Groudon|Groudon-Primal|63/100
|-weather|DesolateLand|[from] ability: Desolate Land|[of] p2a: Groudon
|move|p1a: Arceus|Recover|p1a: Arceus
|-heal|p1a: Arceus|100/100
|
|-weather|DesolateLand|[upkeep]
|upkeep
|turn|20
|
|t:|1636263499
|-weather|none
|switch|p2a: Rayquaza|Rayquaza|100/100
|-ability|p2a: Rayquaza|Air Lock
|move|p1a: Arceus|Judgment|p2a: Rayquaza
|-immune|p2a: Rayquaza
|
|upkeep
|turn|21
|
|t:|1636263502
|detailschange|p2a: Rayquaza|Rayquaza-Mega
|-mega|p2a: Rayquaza|Rayquaza|
|-weather|DeltaStream|[from] ability: Delta Stream|[of] p2a: Rayquaza
|move|p2a: Rayquaza|Dragon Dance|p2a: Rayquaza
|-boost|p2a: Rayquaza|atk|1
|-boost|p2a: Rayquaza|spe|1
|move|p1a: Arceus|Ice Beam|p2a: Rayquaza
|-activate||deltastream
|-supereffective|p2a: Rayquaza
|-damage|p2a: Rayquaza|56/100
|
|-weather|DeltaStream|[upkeep]
|upkeep
|turn|22
|
|t:|1636263509
|-start|p1a: Arceus|Dynamax
|-heal|p1a: Arceus|100/100|[silent]
|move|p2a: Rayquaza|Dragon Dance|p2a: Rayquaza
|-boost|p2a: Rayquaza|atk|1
|-boost|p2a: Rayquaza|spe|1
|move|p1a: Arceus|Max Hailstorm|p2a: Rayquaza
|-activate||deltastream
|-supereffective|p2a: Rayquaza
|-damage|p2a: Rayquaza|0 fnt
|faint|p2a: Rayquaza
|-weather|none
|
|upkeep
|
|t:|1636263518
|switch|p2a: Ditto|Ditto|56/100
|-transform|p2a: Ditto|p1a: Arceus|[from] ability: Imposter
|turn|23
|
|t:|1636263522
|move|p2a: Ditto|Recover|p2a: Ditto
|-heal|p2a: Ditto|100/100
|move|p1a: Arceus|Max Hailstorm|p2a: Ditto
|-supereffective|p2a: Ditto
|-damage|p2a: Ditto|29/100
|-weather|Hail
|
|-weather|Hail|[upkeep]
|-damage|p2a: Ditto|23/100|[from] Hail
|-damage|p1a: Arceus|97/100|[from] Hail
|upkeep
|turn|24
|
|t:|1636263529
|move|p2a: Ditto|Recover|p2a: Ditto
|-heal|p2a: Ditto|73/100
|move|p1a: Arceus|Max Hailstorm|p2a: Ditto
|-supereffective|p2a: Ditto
|-damage|p2a: Ditto|1/100
|
|-weather|Hail|[upkeep]
|-damage|p2a: Ditto|0 fnt|[from] Hail
|-damage|p1a: Arceus|94/100|[from] Hail
|faint|p2a: Ditto
|-end|p1a: Arceus|Dynamax
|-heal|p1a: Arceus|94/100|[silent]
|upkeep
|
|t:|1636263536
|switch|p2a: Yveltal|Yveltal|100/100
|-ability|p2a: Yveltal|Dark Aura
|turn|25
|
|t:|1636263544
|-start|p2a: Yveltal|Dynamax
|-heal|p2a: Yveltal|100/100|[silent]
|move|p2a: Yveltal|Max Darkness|p1a: Arceus
|-damage|p1a: Arceus|6/100
|-unboost|p1a: Arceus|spd|1
|-damage|p2a: Yveltal|96/100|[from] item: Life Orb
|move|p1a: Arceus|Recover|p1a: Arceus
|-heal|p1a: Arceus|56/100
|
|-weather|Hail|[upkeep]
|-damage|p2a: Yveltal|93/100|[from] Hail
|-damage|p1a: Arceus|50/100|[from] Hail
|upkeep
|turn|26
|
|t:|1636263546
|move|p2a: Yveltal|Max Airstream|p1a: Arceus
|-damage|p1a: Arceus|0 fnt
|-boost|p2a: Yveltal|spe|1
|faint|p1a: Arceus
|-damage|p2a: Yveltal|88/100|[from] item: Life Orb
|
|-weather|Hail|[upkeep]
|-damage|p2a: Yveltal|85/100|[from] Hail
|upkeep
|
|t:|1636263560
|switch|p1a: Marshadow|Marshadow|50/100
|turn|27
|
|t:|1636263563
|move|p1a: Marshadow|Shadow Sneak|p2a: Yveltal
|-resisted|p2a: Yveltal
|-damage|p2a: Yveltal|77/100
|move|p2a: Yveltal|Max Airstream|p1a: Marshadow
|-supereffective|p1a: Marshadow
|-damage|p1a: Marshadow|0 fnt
|-boost|p2a: Yveltal|spe|1
|faint|p1a: Marshadow
|-damage|p2a: Yveltal|72/100|[from] item: Life Orb
|
|-weather|none
|-end|p2a: Yveltal|Dynamax
|-heal|p2a: Yveltal|72/100|[silent]
|upkeep
|
|t:|1636263565
|switch|p1a: Xerneas|Xerneas, shiny|100/100
|-ability|p1a: Xerneas|Fairy Aura
|turn|28
|
|t:|1636263569
|move|p2a: Yveltal|Oblivion Wing|p1a: Xerneas
|-damage|p1a: Xerneas|49/100
|-heal|p2a: Yveltal|100/100|[from] drain|[of] p1a: Xerneas
|-damage|p2a: Yveltal|91/100|[from] item: Life Orb
|move|p1a: Xerneas|Moonblast|p2a: Yveltal
|-supereffective|p2a: Yveltal
|-damage|p2a: Yveltal|0 fnt
|faint|p2a: Yveltal
|
|upkeep
|-message|ReactJS3 forfeited.
|
|win|rowletroost
|raw|rowletroost's rating: 1842 &rarr; <strong>1862</strong><br />(+20 for winning)
|raw|ReactJS3's rating: 1843 &rarr; <strong>1823</strong><br />(-20 for losing)
|l|☆ReactJS3
