|j|☆psychictrainerario
|j|☆chopforce8
|t:|1667755595
|gametype|singles
|player|p1|psychictrainerario|tate|1677
|player|p2|chopforce8|red|1946
|teamsize|p1|6
|teamsize|p2|6
|gen|8
|tier|[Gen 8] National Dex AG
|rated|
|rule|HP Percentage Mod: HP is shown in percentages
|rule|Endless Battle Clause: Forcing endless battles is banned
|clearpoke
|poke|p1|Breloom, F|
|poke|p1|Yveltal|
|poke|p1|Gengar, M|
|poke|p1|Ditto|
|poke|p1|Primarina, F|
|poke|p1|Pheromosa|
|poke|p2|Yveltal|
|poke|p2|Diancie|
|poke|p2|Calyrex-Shadow|
|poke|p2|Zacian-*|
|poke|p2|Ditto|
|poke|p2|Arceus-*|
|teampreview
|
|t:|1667755611
|start
|switch|p1a: Brooml|Breloom, F|100/100
|switch|p2a: Harry Potter|Diancie|100/100
|turn|1
|
|t:|1667755629
|detailschange|p2a: Harry Potter|Diancie-Mega
|-mega|p2a: Harry Potter|Diancie|Diancite
|move|p2a: Harry Potter|Stealth Rock|p1a: Brooml
|-sidestart|p1: psychictrainerario|move: Stealth Rock
|move|p1a: Brooml|Bullet Seed|p2a: Harry Potter
|-supereffective|p2a: Harry Potter
|-damage|p2a: Harry Potter|45/100
|-supereffective|p2a: Harry Potter
|-damage|p2a: Harry Potter|0 fnt
|faint|p2a: Harry Potter
|-hitcount|p2: Harry Potter|2
|
|upkeep
|
|t:|1667755641
|switch|p2a: Fluffy|Zacian-Crowned|100/100
|-ability|p2a: Fluffy|Intrepid Sword|boost
|-boost|p2a: Fluffy|atk|1
|turn|2
|
|t:|1667755647
|move|p2a: Fluffy|Substitute|p2a: Fluffy
|-start|p2a: Fluffy|Substitute
|-damage|p2a: Fluffy|76/100
|move|p1a: Brooml|Spore||[still]
|-fail|p1a: Brooml
|
|upkeep
|turn|3
|
|t:|1667755653
|move|p1a: Brooml|Mach Punch|p2a: Fluffy
|-end|p2a: Fluffy|Substitute
|move|p2a: Fluffy|Behemoth Blade|p1a: Brooml
|-crit|p1a: Brooml
|-enditem|p1a: Brooml|Focus Sash
|-damage|p1a: Brooml|1/100
|
|upkeep
|turn|4
|
|t:|1667755666
|move|p1a: Brooml|Mach Punch|p2a: Fluffy
|-damage|p2a: Fluffy|48/100
|move|p2a: Fluffy|Substitute|p2a: Fluffy
|-start|p2a: Fluffy|Substitute
|-damage|p2a: Fluffy|23/100
|
|upkeep
|turn|5
|
|t:|1667755672
|switch|p2a: Chess Wizard|Arceus-Flying|100/100
|move|p1a: Brooml|Mach Punch|p2a: Chess Wizard
|-resisted|p2a: Chess Wizard
|-damage|p2a: Chess Wizard|91/100
|
|upkeep
|turn|6
|
|t:|1667755678
|move|p1a: Brooml|Mach Punch|p2a: Chess Wizard
|-resisted|p2a: Chess Wizard
|-damage|p2a: Chess Wizard|81/100
|move|p2a: Chess Wizard|Judgment|p1a: Brooml
|-supereffective|p1a: Brooml
|-damage|p1a: Brooml|0 fnt
|faint|p1a: Brooml
|
|upkeep
|
|t:|1667755687
|switch|p1a: Pheromosa|Pheromosa|100/100
|-damage|p1a: Pheromosa|88/100|[from] Stealth Rock
|turn|7
|
|t:|1667755693
|switch|p2a: ProfessorQuirrel|Calyrex-Shadow|100/100
|-ability|p2a: ProfessorQuirrel|As One
|-ability|p2a: ProfessorQuirrel|Unnerve
|move|p1a: Pheromosa|Ice Beam|p2a: ProfessorQuirrel
|-damage|p2a: ProfessorQuirrel|67/100
|
|upkeep
|turn|8
|c|☆psychictrainerario|Gambl
|
|t:|1667755706
|switch|p2a: Fluffy|Zacian-Crowned|23/100
|-ability|p2a: Fluffy|Intrepid Sword|boost
|-boost|p2a: Fluffy|atk|1
|move|p1a: Pheromosa|Quiver Dance|p1a: Pheromosa
|-boost|p1a: Pheromosa|spa|1
|-boost|p1a: Pheromosa|spd|1
|-boost|p1a: Pheromosa|spe|1
|
|upkeep
|turn|9
|
|t:|1667755717
|switch|p2a: MirrorOfErised|Ditto|100/100
|-transform|p2a: MirrorOfErised|p1a: Pheromosa|[from] ability: Imposter
|move|p1a: Pheromosa|Bug Buzz|p2a: MirrorOfErised
|-resisted|p2a: MirrorOfErised
|-crit|p2a: MirrorOfErised
|-damage|p2a: MirrorOfErised|0 fnt
|faint|p2a: MirrorOfErised
|-ability|p1a: Pheromosa|Beast Boost|boost
|-boost|p1a: Pheromosa|spa|1
|
|upkeep
|
|t:|1667755726
|switch|p2a: Voldemort|Yveltal|100/100
|-ability|p2a: Voldemort|Dark Aura
|turn|10
|
|t:|1667755730
|move|p2a: Voldemort|Sucker Punch|p1a: Pheromosa
|-resisted|p1a: Pheromosa
|-damage|p1a: Pheromosa|25/100
|-damage|p2a: Voldemort|91/100|[from] item: Life Orb
|move|p1a: Pheromosa|Ice Beam|p2a: Voldemort
|-supereffective|p2a: Voldemort
|-damage|p2a: Voldemort|0 fnt
|faint|p2a: Voldemort
|-ability|p1a: Pheromosa|Beast Boost|boost
|-boost|p1a: Pheromosa|spa|1
|
|upkeep
|
|t:|1667755738
|switch|p2a: ProfessorQuirrel|Calyrex-Shadow|67/100
|-ability|p2a: ProfessorQuirrel|As One
|-ability|p2a: ProfessorQuirrel|Unnerve
|turn|11
|
|t:|1667755744
|move|p1a: Pheromosa|Bug Buzz|p2a: ProfessorQuirrel
|-damage|p2a: ProfessorQuirrel|0 fnt
|faint|p2a: ProfessorQuirrel
|-ability|p1a: Pheromosa|Beast Boost|boost
|-boost|p1a: Pheromosa|spa|1
|
|upkeep
|
|t:|1667755749
|switch|p2a: Chess Wizard|Arceus-Flying|81/100
|turn|12
|
|t:|1667755764
|-start|p2a: Chess Wizard|Dynamax|
|-heal|p2a: Chess Wizard|81/100|[silent]
|move|p1a: Pheromosa|Ice Beam|p2a: Chess Wizard
|-supereffective|p2a: Chess Wizard
|-crit|p2a: Chess Wizard
|-damage|p2a: Chess Wizard|0 fnt
|faint|p2a: Chess Wizard
|-ability|p1a: Pheromosa|Beast Boost|boost
|-boost|p1a: Pheromosa|spa|1
|
|upkeep
|c|☆chopforce8|nightmare
|
|t:|1667755772
|switch|p2a: Fluffy|Zacian-Crowned|23/100
|-ability|p2a: Fluffy|Intrepid Sword|boost
|-boost|p2a: Fluffy|atk|1
|turn|13
|
|t:|1667755780
|move|p1a: Pheromosa|Bug Buzz|p2a: Fluffy
|-resisted|p2a: Fluffy
|-damage|p2a: Fluffy|0 fnt
|faint|p2a: Fluffy
|
|win|psychictrainerario
|raw|psychictrainerario's rating: 1677 &rarr; <strong>1710</strong><br />(+33 for winning)
|raw|chopforce8's rating: 1946 &rarr; <strong>1913</strong><br />(-33 for losing)
|c|☆psychictrainerario|Very
|l|☆chopforce8
