|j|☆velvet
|j|☆Master kushagra
|inactive|Battle timer is ON: inactive players will automatically lose when time's up.
|t:|1646722321
|gametype|singles
|player|p1|velvet|preschoolerf|
|player|p2|Master kushagra|leon-tower|
|teamsize|p1|6
|teamsize|p2|6
|gen|8
|tier|[Gen 8] National Dex AG
|rated|Tournament battle
|rule|HP Percentage Mod: HP is shown in percentages
|rule|Endless Battle Clause: Forcing endless battles is banned
|clearpoke
|poke|p1|Yveltal|
|poke|p1|Arceus-*|
|poke|p1|Rayquaza|
|poke|p1|Marshadow|
|poke|p1|Groudon|
|poke|p1|Ditto|
|poke|p2|Ditto|
|poke|p2|Zacian-*|
|poke|p2|Xerneas-*|
|poke|p2|Arceus-*|
|poke|p2|Marshadow|
|poke|p2|Necrozma-Dusk-Mane|
|teampreview
|j| zygarde supremacy
|j| Testing 4AG
|j| 09-10a
|c|☆Master kushagra|gl
|
|t:|1646722344
|start
|switch|p1a: Groudon|Groudon|100/100
|switch|p2a: zacian destroyer|Necrozma-Dusk-Mane|100/100
|detailschange|p1a: Groudon|Groudon-Primal
|-primal|p1a: Groudon
|-weather|DesolateLand|[from] ability: Desolate Land|[of] p1a: Groudon
|turn|1
|c|☆velvet|Hf
|
|t:|1646722352
|-start|p2a: zacian destroyer|Dynamax
|-heal|p2a: zacian destroyer|100/100|[silent]
|move|p1a: Groudon|Stealth Rock|p2a: zacian destroyer
|-sidestart|p2: Master kushagra|move: Stealth Rock
|move|p2a: zacian destroyer|Max Quake|p1a: Groudon
|-supereffective|p1a: Groudon
|-damage|p1a: Groudon|62/100
|-boost|p2a: zacian destroyer|spd|1
|
|-weather|DesolateLand|[upkeep]
|upkeep
|turn|2
|
|t:|1646722362
|move|p1a: Groudon|Precipice Blades|p2a: zacian destroyer
|-supereffective|p2a: zacian destroyer
|-damage|p2a: zacian destroyer|73/100
|-enditem|p2a: zacian destroyer|Weakness Policy
|-boost|p2a: zacian destroyer|atk|2|[from] item: Weakness Policy
|-boost|p2a: zacian destroyer|spa|2|[from] item: Weakness Policy
|move|p2a: zacian destroyer|Max Quake|p1a: Groudon
|-supereffective|p1a: Groudon
|-damage|p1a: Groudon|0 fnt
|-boost|p2a: zacian destroyer|spd|1
|faint|p1a: Groudon
|-weather|none
|
|upkeep
|j| Rogue Nick
|
|t:|1646722368
|switch|p1a: Marshadow|Marshadow|100/100
|turn|3
|
|t:|1646722372
|move|p2a: zacian destroyer|Max Guard|p2a: zacian destroyer
|-singleturn|p2a: zacian destroyer|Max Guard
|move|p1a: Marshadow|Spectral Thief|p2a: zacian destroyer
|-activate|p2a: zacian destroyer|move: Max Guard
|
|-end|p2a: zacian destroyer|Dynamax
|-heal|p2a: zacian destroyer|73/100|[silent]
|upkeep
|turn|4
|c|☆velvet|gimme
|c| Rogue Nick|lol
|
|t:|1646722386
|switch|p2a: Arceus|Arceus-Dark|100/100
|-damage|p2a: Arceus|88/100|[from] Stealth Rock
|move|p1a: Marshadow|Bulk Up|p1a: Marshadow
|-boost|p1a: Marshadow|atk|1
|-boost|p1a: Marshadow|def|1
|
|upkeep
|turn|5
|
|t:|1646722390
|move|p1a: Marshadow|Close Combat|p2a: Arceus
|-supereffective|p2a: Arceus
|-damage|p2a: Arceus|0 fnt
|-unboost|p1a: Marshadow|def|1
|-unboost|p1a: Marshadow|spd|1
|faint|p2a: Arceus
|
|upkeep
|j| Opnoob 598
|j|@Mbouchon
|c|☆Master kushagra|ooo
|
|t:|1646722418
|switch|p2a: Marshadow|Marshadow|100/100
|-damage|p2a: Marshadow|94/100|[from] Stealth Rock
|turn|6
|
|t:|1646722422
|move|p1a: Marshadow|Shadow Sneak|p2a: Marshadow
|-supereffective|p2a: Marshadow
|-damage|p2a: Marshadow|0 fnt
|faint|p2a: Marshadow
|
|upkeep
|
|t:|1646722429
|switch|p2a: Xerneas|Xerneas, shiny|100/100
|-damage|p2a: Xerneas|88/100|[from] Stealth Rock
|-ability|p2a: Xerneas|Fairy Aura
|turn|7
|
|t:|1646722440
|move|p1a: Marshadow|Spectral Thief|p2a: Xerneas
|-damage|p2a: Xerneas|32/100
|move|p2a: Xerneas|Moonblast|p1a: Marshadow
|-supereffective|p1a: Marshadow
|-damage|p1a: Marshadow|0 fnt
|faint|p1a: Marshadow
|
|upkeep
|
|t:|1646722444
|switch|p1a: Arceus|Arceus|100/100
|turn|8
|
|t:|1646722460
|switch|p2a: Zacian|Zacian-Crowned, shiny|100/100
|-damage|p2a: Zacian|94/100|[from] Stealth Rock
|-ability|p2a: Zacian|Intrepid Sword|boost
|-boost|p2a: Zacian|atk|1
|move|p1a: Arceus|Extreme Speed|p2a: Zacian
|-resisted|p2a: Zacian
|-damage|p2a: Zacian|70/100
|-damage|p1a: Arceus|91/100|[from] item: Life Orb
|
|upkeep
|turn|9
|
|t:|1646722467
|switch|p1a: Yveltal|Yveltal|100/100
|-ability|p1a: Yveltal|Dark Aura
|move|p2a: Zacian|Sacred Sword|p1a: Yveltal
|-damage|p1a: Yveltal|40/100
|
|upkeep
|turn|10
|
|t:|1646722470
|move|p1a: Yveltal|Sucker Punch|p2a: Zacian
|-resisted|p2a: Zacian
|-damage|p2a: Zacian|46/100
|-damage|p1a: Yveltal|30/100|[from] item: Life Orb
|move|p2a: Zacian|Behemoth Blade|p1a: Yveltal
|-damage|p1a: Yveltal|0 fnt
|faint|p1a: Yveltal
|
|upkeep
|
|t:|1646722472
|switch|p1a: Ditto|Ditto|100/100
|-transform|p1a: Ditto|p2a: Zacian|[from] ability: Imposter
|-ability|p1a: Ditto|Intrepid Sword|boost
|-boost|p1a: Ditto|atk|1
|turn|11
|
|t:|1646722475
|switch|p2a: zacian destroyer|Necrozma-Dusk-Mane|73/100
|-damage|p2a: zacian destroyer|67/100|[from] Stealth Rock
|move|p1a: Ditto|Behemoth Blade|p2a: zacian destroyer
|-resisted|p2a: zacian destroyer
|-damage|p2a: zacian destroyer|29/100
|
|upkeep
|turn|12
|
|t:|1646722479
|move|p1a: Ditto|Behemoth Blade|p2a: zacian destroyer
|-resisted|p2a: zacian destroyer
|-damage|p2a: zacian destroyer|0 fnt
|faint|p2a: zacian destroyer
|
|upkeep
|j| Pokemh
|c| Opnoob 598|Ggwp
|c| Opnoob 598|Velvet wins
|c| Opnoob 598|Oml
|inactive|Master kushagra has 120 seconds left.
|c|☆Master kushagra|dont tell me this is my first tour without caly and yeykatal and i am gonna loose
|
|t:|1646722526
|switch|p2a: Zacian|Zacian-Crowned, shiny|46/100
|-damage|p2a: Zacian|40/100|[from] Stealth Rock
|-ability|p2a: Zacian|Intrepid Sword|boost
|-boost|p2a: Zacian|atk|1
|turn|13
|c|☆Master kushagra|lol ggwp
|
|t:|1646722535
|move|p1a: Ditto|Behemoth Blade|p2a: Zacian
|-damage|p2a: Zacian|0 fnt
|faint|p2a: Zacian
|
|upkeep
|c|☆velvet|Oh shoot you’re right, I’m not using dog or horse
|
|t:|1646722541
|switch|p2a: Xerneas|Xerneas, shiny|32/100
|-damage|p2a: Xerneas|20/100|[from] Stealth Rock
|-ability|p2a: Xerneas|Fairy Aura
|turn|14
|
|t:|1646722548
|move|p1a: Ditto|Behemoth Blade|p2a: Xerneas
|-supereffective|p2a: Xerneas
|-damage|p2a: Xerneas|0 fnt
|faint|p2a: Xerneas
|
|upkeep
|
|t:|1646722550
|switch|p2a: Ditto|Ditto|100/100
|-damage|p2a: Ditto|88/100|[from] Stealth Rock
|turn|15
|
|t:|1646722554
|move|p1a: Ditto|Behemoth Blade|p2a: Ditto
|-damage|p2a: Ditto|0 fnt
|faint|p2a: Ditto
|
|win|velvet
|n|☆velvet|velvet
|n|☆Master kushagra|masterkushagra
|n| zygarde supremacy|zygardesupremacy
|n| Testing 4AG|testing4ag
|n| 09-10a|0910a
|n| Rogue Nick|roguenick
|n| Opnoob 598|opnoob598
|n| Mbouchon|mbouchon
|n| Pokemh|pokemh
