|j|☆Glass101
|j|☆AmoghOp(
|t:|1667199652
|gametype|singles
|player|p1|Glass101|rocketgrunt|1677
|player|p2|AmoghOp(|chili|1695
|teamsize|p1|6
|teamsize|p2|6
|gen|8
|tier|[Gen 8] National Dex AG
|rated|
|rule|HP Percentage Mod: HP is shown in percentages
|rule|Endless Battle Clause: Forcing endless battles is banned
|clearpoke
|poke|p1|Zacian-*|
|poke|p1|Groudon|
|poke|p1|Yveltal|
|poke|p1|Shedinja|
|poke|p1|Rayquaza|
|poke|p1|Arceus-*|
|poke|p2|Arceus-*|
|poke|p2|Arceus-*|
|poke|p2|Rayquaza|
|poke|p2|Calyrex-Shadow|
|poke|p2|Groudon|
|poke|p2|Ditto|
|teampreview
|inactive|Battle timer is ON: inactive players will automatically lose when time's up. (requested by AmoghOp()
|
|t:|1667199662
|start
|switch|p1a: Rayquaza|Rayquaza|100/100
|switch|p2a: Udne wala saap|Rayquaza|100/100
|-ability|p1a: Rayquaza|Air Lock
|-ability|p2a: Udne wala saap|Air Lock
|turn|1
|
|t:|1667199669
|detailschange|p1a: Rayquaza|Rayquaza-Mega
|-mega|p1a: Rayquaza|Rayquaza|
|-weather|DeltaStream|[from] ability: Delta Stream|[of] p1a: Rayquaza
|detailschange|p2a: Udne wala saap|Rayquaza-Mega
|-mega|p2a: Udne wala saap|Rayquaza|
|move|p1a: Rayquaza|Thunder Wave|p2a: Udne wala saap
|-status|p2a: Udne wala saap|par
|move|p2a: Udne wala saap|Dragon Ascent|p1a: Rayquaza
|-enditem|p1a: Rayquaza|Focus Sash
|-damage|p1a: Rayquaza|1/100
|-unboost|p2a: Udne wala saap|def|1
|-unboost|p2a: Udne wala saap|spd|1
|-damage|p2a: Udne wala saap|91/100 par|[from] item: Life Orb
|
|-weather|DeltaStream|[upkeep]
|upkeep
|turn|2
|j| Araigneeke
|
|t:|1667199676
|switch|p1a: The Removanator|Zacian-Crowned|100/100
|-ability|p1a: The Removanator|Intrepid Sword|boost
|-boost|p1a: The Removanator|atk|1
|move|p2a: Udne wala saap|Extreme Speed|p1a: The Removanator
|-resisted|p1a: The Removanator
|-damage|p1a: The Removanator|75/100
|-damage|p2a: Udne wala saap|81/100 par|[from] item: Life Orb
|
|-weather|DeltaStream|[upkeep]
|upkeep
|turn|3
|
|t:|1667199680
|-weather|none
|switch|p2a: Aag wala danav|Groudon|100/100
|detailschange|p2a: Aag wala danav|Groudon-Primal
|-primal|p2a: Aag wala danav
|-weather|DesolateLand|[from] ability: Desolate Land|[of] p2a: Aag wala danav
|move|p1a: The Removanator|Behemoth Blade|p2a: Aag wala danav
|-resisted|p2a: Aag wala danav
|-damage|p2a: Aag wala danav|80/100
|
|-weather|DesolateLand|[upkeep]
|upkeep
|turn|4
|
|t:|1667199684
|switch|p1a: Rayquaza|Rayquaza-Mega|1/100
|-weather|DeltaStream|[from] ability: Delta Stream|[of] p1a: Rayquaza
|move|p2a: Aag wala danav|Stealth Rock|p1a: Rayquaza
|-sidestart|p1: Glass101|move: Stealth Rock
|
|-weather|DeltaStream|[upkeep]
|upkeep
|turn|5
|
|t:|1667199686
|move|p1a: Rayquaza|Surf|p2a: Aag wala danav
|-supereffective|p2a: Aag wala danav
|-damage|p2a: Aag wala danav|0 fnt
|faint|p2a: Aag wala danav
|
|-weather|DeltaStream|[upkeep]
|upkeep
|
|t:|1667199694
|switch|p2a: Mera ghoda|Calyrex-Shadow|100/100
|-ability|p2a: Mera ghoda|As One
|-ability|p2a: Mera ghoda|Unnerve
|turn|6
|
|t:|1667199696
|-weather|none
|switch|p1a: Little Wacky|Arceus|100/100
|-damage|p1a: Little Wacky|88/100|[from] Stealth Rock
|move|p2a: Mera ghoda|Trick|p1a: Little Wacky
|-activate|p2a: Mera ghoda|move: Trick|[of] p1a: Little Wacky
|-item|p1a: Little Wacky|Choice Scarf|[from] move: Trick
|-item|p2a: Mera ghoda|Leftovers|[from] move: Trick
|
|upkeep
|turn|7
|
|t:|1667199703
|switch|p1a: Shake It Like Dis|Yveltal|100/100
|-ability|p1a: Shake It Like Dis|Dark Aura
|move|p2a: Mera ghoda|Aromatherapy|p2a: Mera ghoda
|-activate|p2a: Mera ghoda|move: Aromatherapy
|-curestatus|p2: Udne wala saap|par|[msg]
|
|upkeep
|turn|8
|
|t:|1667199709
|switch|p2a: Dariyayi ghoda|Arceus-Dark|100/100
|move|p1a: Shake It Like Dis|Defog|p2a: Dariyayi ghoda
|-unboost|p2a: Dariyayi ghoda|evasion|1
|-sideend|p1: Glass101|Stealth Rock|[from] move: Defog|[of] p1a: Shake It Like Dis
|
|upkeep
|turn|9
|
|t:|1667199714
|move|p1a: Shake It Like Dis|Taunt|p2a: Dariyayi ghoda
|-start|p2a: Dariyayi ghoda|move: Taunt
|cant|p2a: Dariyayi ghoda|move: Taunt|Toxic
|
|upkeep
|turn|10
|
|t:|1667199717
|switch|p2a: Udne wala saap|Rayquaza-Mega|81/100
|-weather|DeltaStream|[from] ability: Delta Stream|[of] p2a: Udne wala saap
|move|p1a: Shake It Like Dis|Oblivion Wing|p2a: Udne wala saap
|-damage|p2a: Udne wala saap|36/100
|
|-weather|DeltaStream|[upkeep]
|upkeep
|turn|11
|
|t:|1667199723
|switch|p1a: The Removanator|Zacian-Crowned|75/100
|-ability|p1a: The Removanator|Intrepid Sword|boost
|-boost|p1a: The Removanator|atk|1
|move|p2a: Udne wala saap|Dragon Ascent|p1a: The Removanator
|-resisted|p1a: The Removanator
|-damage|p1a: The Removanator|21/100
|-unboost|p2a: Udne wala saap|def|1
|-unboost|p2a: Udne wala saap|spd|1
|-damage|p2a: Udne wala saap|26/100|[from] item: Life Orb
|
|-weather|DeltaStream|[upkeep]
|upkeep
|turn|12
|
|t:|1667199725
|move|p2a: Udne wala saap|Extreme Speed|p1a: The Removanator
|-resisted|p1a: The Removanator
|-damage|p1a: The Removanator|0 fnt
|faint|p1a: The Removanator
|-damage|p2a: Udne wala saap|16/100|[from] item: Life Orb
|
|-weather|DeltaStream|[upkeep]
|upkeep
|
|t:|1667199729
|switch|p1a: Little Wacky|Arceus|88/100
|turn|13
|
|t:|1667199733
|-weather|none
|switch|p2a: Mera ghoda|Calyrex-Shadow|100/100
|-ability|p2a: Mera ghoda|As One
|-ability|p2a: Mera ghoda|Unnerve
|move|p1a: Little Wacky|Extreme Speed|p2a: Mera ghoda
|-immune|p2a: Mera ghoda
|
|upkeep
|turn|14
|
|t:|1667199739
|-start|p1a: Little Wacky|Dynamax|
|-heal|p1a: Little Wacky|88/100|[silent]
|move|p2a: Mera ghoda|Psyshock|p1a: Little Wacky
|-damage|p1a: Little Wacky|71/100
|move|p1a: Little Wacky|Max Phantasm|p2a: Mera ghoda
|-supereffective|p2a: Mera ghoda
|-damage|p2a: Mera ghoda|0 fnt
|faint|p2a: Mera ghoda
|
|upkeep
|
|t:|1667199746
|switch|p2a: Chaap le usko|Ditto|100/100
|-transform|p2a: Chaap le usko|p1a: Little Wacky|[from] ability: Imposter
|turn|15
|
|t:|1667199752
|-start|p2a: Chaap le usko|Dynamax|
|-heal|p2a: Chaap le usko|100/100|[silent]
|move|p2a: Chaap le usko|Max Strike|p1a: Little Wacky
|-damage|p1a: Little Wacky|54/100
|-unboost|p1a: Little Wacky|spe|1
|move|p1a: Little Wacky|Max Strike|p2a: Chaap le usko
|-crit|p2a: Chaap le usko
|-damage|p2a: Chaap le usko|56/100
|-unboost|p2a: Chaap le usko|spe|1
|
|upkeep
|turn|16
|
|t:|1667199756
|move|p1a: Little Wacky|Max Strike|p2a: Chaap le usko
|-damage|p2a: Chaap le usko|25/100
|-unboost|p2a: Chaap le usko|spe|1
|move|p2a: Chaap le usko|Max Strike|p1a: Little Wacky
|-damage|p1a: Little Wacky|35/100
|-unboost|p1a: Little Wacky|spe|1
|
|upkeep
|-end|p1a: Little Wacky|Dynamax
|-heal|p1a: Little Wacky|35/100|[silent]
|turn|17
|
|t:|1667199765
|move|p2a: Chaap le usko|Max Guard|p2a: Chaap le usko
|-singleturn|p2a: Chaap le usko|Max Guard
|move|p1a: Little Wacky|Extreme Speed|p2a: Chaap le usko
|-activate|p2a: Chaap le usko|move: Max Guard
|
|upkeep
|-end|p2a: Chaap le usko|Dynamax
|-heal|p2a: Chaap le usko|25/100|[silent]
|turn|18
|
|t:|1667199767
|move|p1a: Little Wacky|Extreme Speed|p2a: Chaap le usko
|-damage|p2a: Chaap le usko|0 fnt
|faint|p2a: Chaap le usko
|
|upkeep
|
|t:|1667199771
|switch|p2a: Bijli ghoda|Arceus-Electric|100/100
|turn|19
|
|t:|1667199774
|switch|p1a: Thunder Thighs|Groudon, shiny|100/100
|detailschange|p1a: Thunder Thighs|Groudon-Primal, shiny
|-primal|p1a: Thunder Thighs
|-weather|DesolateLand|[from] ability: Desolate Land|[of] p1a: Thunder Thighs
|move|p2a: Bijli ghoda|Calm Mind|p2a: Bijli ghoda
|-boost|p2a: Bijli ghoda|spa|1
|-boost|p2a: Bijli ghoda|spd|1
|
|-weather|DesolateLand|[upkeep]
|upkeep
|turn|20
|
|t:|1667199778
|move|p2a: Bijli ghoda|Ice Beam|p1a: Thunder Thighs
|-damage|p1a: Thunder Thighs|64/100
|move|p1a: Thunder Thighs|Earthquake|p2a: Bijli ghoda
|-supereffective|p2a: Bijli ghoda
|-damage|p2a: Bijli ghoda|12/100
|
|-weather|DesolateLand|[upkeep]
|upkeep
|turn|21
|
|t:|1667199780
|switch|p2a: Udne wala saap|Rayquaza-Mega|16/100
|-weather|DeltaStream|[from] ability: Delta Stream|[of] p2a: Udne wala saap
|move|p1a: Thunder Thighs|Heat Crash|p2a: Udne wala saap
|-resisted|p2a: Udne wala saap
|-damage|p2a: Udne wala saap|0 fnt
|faint|p2a: Udne wala saap
|-weather|none
|
|upkeep
|
|t:|1667199785
|switch|p2a: Bijli ghoda|Arceus-Electric|12/100
|turn|22
|
|t:|1667199788
|move|p2a: Bijli ghoda|Ice Beam|p1a: Thunder Thighs
|-damage|p1a: Thunder Thighs|40/100
|move|p1a: Thunder Thighs|Earthquake|p2a: Bijli ghoda
|-supereffective|p2a: Bijli ghoda
|-crit|p2a: Bijli ghoda
|-damage|p2a: Bijli ghoda|0 fnt
|faint|p2a: Bijli ghoda
|
|upkeep
|
|t:|1667199791
|switch|p2a: Dariyayi ghoda|Arceus-Dark|100/100
|turn|23
|
|t:|1667199793
|move|p2a: Dariyayi ghoda|Judgment|p1a: Thunder Thighs
|-damage|p1a: Thunder Thighs|0 fnt
|faint|p1a: Thunder Thighs
|
|upkeep
|
|t:|1667199795
|switch|p1a: Shake It Like Dis|Yveltal|100/100
|-ability|p1a: Shake It Like Dis|Dark Aura
|turn|24
|
|t:|1667199798
|move|p1a: Shake It Like Dis|Taunt|p2a: Dariyayi ghoda
|-start|p2a: Dariyayi ghoda|move: Taunt
|cant|p2a: Dariyayi ghoda|move: Taunt|Toxic
|
|upkeep
|turn|25
|
|t:|1667199800
|move|p1a: Shake It Like Dis|Oblivion Wing|p2a: Dariyayi ghoda
|-damage|p2a: Dariyayi ghoda|80/100
|move|p2a: Dariyayi ghoda|Judgment|p1a: Shake It Like Dis
|-resisted|p1a: Shake It Like Dis
|-damage|p1a: Shake It Like Dis|74/100
|
|upkeep
|turn|26
|
|t:|1667199802
|move|p1a: Shake It Like Dis|Oblivion Wing|p2a: Dariyayi ghoda
|-damage|p2a: Dariyayi ghoda|59/100
|-heal|p1a: Shake It Like Dis|91/100|[from] drain|[of] p2a: Dariyayi ghoda
|move|p2a: Dariyayi ghoda|Judgment|p1a: Shake It Like Dis
|-resisted|p1a: Shake It Like Dis
|-damage|p1a: Shake It Like Dis|64/100
|
|-end|p2a: Dariyayi ghoda|move: Taunt
|upkeep
|turn|27
|
|t:|1667199805
|move|p1a: Shake It Like Dis|Taunt|p2a: Dariyayi ghoda
|-start|p2a: Dariyayi ghoda|move: Taunt
|move|p2a: Dariyayi ghoda|Judgment|p1a: Shake It Like Dis
|-resisted|p1a: Shake It Like Dis
|-damage|p1a: Shake It Like Dis|36/100
|
|upkeep
|turn|28
|
|t:|1667199807
|move|p1a: Shake It Like Dis|Oblivion Wing|p2a: Dariyayi ghoda
|-damage|p2a: Dariyayi ghoda|37/100
|-heal|p1a: Shake It Like Dis|54/100|[from] drain|[of] p2a: Dariyayi ghoda
|move|p2a: Dariyayi ghoda|Judgment|p1a: Shake It Like Dis
|-resisted|p1a: Shake It Like Dis
|-damage|p1a: Shake It Like Dis|29/100
|
|upkeep
|turn|29
|
|t:|1667199809
|move|p1a: Shake It Like Dis|Oblivion Wing|p2a: Dariyayi ghoda
|-damage|p2a: Dariyayi ghoda|14/100
|-heal|p1a: Shake It Like Dis|47/100|[from] drain|[of] p2a: Dariyayi ghoda
|move|p2a: Dariyayi ghoda|Judgment|p1a: Shake It Like Dis
|-resisted|p1a: Shake It Like Dis
|-damage|p1a: Shake It Like Dis|22/100
|
|-end|p2a: Dariyayi ghoda|move: Taunt
|upkeep
|turn|30
|
|t:|1667199811
|move|p1a: Shake It Like Dis|Taunt|p2a: Dariyayi ghoda
|-start|p2a: Dariyayi ghoda|move: Taunt
|move|p2a: Dariyayi ghoda|Judgment|p1a: Shake It Like Dis
|-resisted|p1a: Shake It Like Dis
|-damage|p1a: Shake It Like Dis|0 fnt
|faint|p1a: Shake It Like Dis
|
|upkeep
|
|t:|1667199814
|switch|p1a: Rayquaza|Rayquaza-Mega|1/100
|-weather|DeltaStream|[from] ability: Delta Stream|[of] p1a: Rayquaza
|turn|31
|
|t:|1667199816
|move|p1a: Rayquaza|Dragon Ascent|p2a: Dariyayi ghoda
|-damage|p2a: Dariyayi ghoda|0 fnt
|-unboost|p1a: Rayquaza|def|1
|-unboost|p1a: Rayquaza|spd|1
|faint|p2a: Dariyayi ghoda
|
|win|Glass101
|raw|Glass101's rating: 1677 &rarr; <strong>1698</strong><br />(+21 for winning)
|raw|AmoghOp('s rating: 1695 &rarr; <strong>1674</strong><br />(-21 for losing)
|c|☆Glass101|Gg
|c|☆AmoghOp(|Vg
|c|☆AmoghOp(|Gg*
