|j|☆Dr. Drake6782
|j|☆NOAH MK2
|t:|1662248236
|gametype|singles
|player|p1|Dr. Drake6782|hilbert-masters|1615
|player|p2|NOAH MK2|266|1761
|teamsize|p1|6
|teamsize|p2|6
|gen|8
|tier|[Gen 8] National Dex AG
|rated|
|rule|HP Percentage Mod: HP is shown in percentages
|rule|Endless Battle Clause: Forcing endless battles is banned
|clearpoke
|poke|p1|Sableye, M|
|poke|p1|Quagsire, M|
|poke|p1|Chansey, F|
|poke|p1|Tyranitar, M|
|poke|p1|Lugia|
|poke|p1|Giratina|
|poke|p2|Necrozma-Dusk-Mane|
|poke|p2|Whimsicott, M|
|poke|p2|Ho-Oh|
|poke|p2|Groudon|
|poke|p2|Kyogre|
|poke|p2|Zygarde|
|teampreview
|inactive|Battle timer is ON: inactive players will automatically lose when time's up. (requested by Dr. Drake6782)
|
|t:|1662248260
|start
|switch|p1a: Sableye|Sableye, M|100/100
|switch|p2a: Kyogre|Kyogre|100/100
|detailschange|p2a: Kyogre|Kyogre-Primal
|-primal|p2a: Kyogre
|-weather|PrimordialSea|[from] ability: Primordial Sea|[of] p2a: Kyogre
|turn|1
|
|t:|1662248279
|detailschange|p1a: Sableye|Sableye-Mega, M
|-mega|p1a: Sableye|Sableye|Sablenite
|move|p1a: Sableye|Protect|p1a: Sableye
|-singleturn|p1a: Sableye|Protect
|move|p2a: Kyogre|Calm Mind|p2a: Kyogre
|-boost|p2a: Kyogre|spa|1
|-boost|p2a: Kyogre|spd|1
|
|-weather|PrimordialSea|[upkeep]
|upkeep
|turn|2
|
|t:|1662248284
|switch|p1a: Chansey|Chansey, F|100/100
|move|p2a: Kyogre|Calm Mind|p2a: Kyogre
|-boost|p2a: Kyogre|spa|1
|-boost|p2a: Kyogre|spd|1
|
|-weather|PrimordialSea|[upkeep]
|upkeep
|turn|3
|
|t:|1662248291
|move|p2a: Kyogre|Origin Pulse|p1a: Chansey
|-damage|p1a: Chansey|50/100
|move|p1a: Chansey|Confide|p2a: Kyogre
|-unboost|p2a: Kyogre|spa|1
|
|-weather|PrimordialSea|[upkeep]
|upkeep
|turn|4
|
|t:|1662248305
|move|p2a: Kyogre|Calm Mind|p2a: Kyogre
|-boost|p2a: Kyogre|spa|1
|-boost|p2a: Kyogre|spd|1
|move|p1a: Chansey|Soft-Boiled|p1a: Chansey
|-heal|p1a: Chansey|99/100
|
|-weather|PrimordialSea|[upkeep]
|upkeep
|turn|5
|
|t:|1662248317
|switch|p1a: Giratina|Giratina, shiny|100/100
|-ability|p1a: Giratina|Pressure
|move|p2a: Kyogre|Origin Pulse|p1a: Giratina
|-resisted|p1a: Giratina
|-damage|p1a: Giratina|38/100
|
|-weather|PrimordialSea|[upkeep]
|-heal|p1a: Giratina|44/100|[from] item: Leftovers
|upkeep
|turn|6
|
|t:|1662248324
|move|p2a: Kyogre|Ice Beam|p1a: Giratina
|-supereffective|p1a: Giratina
|-damage|p1a: Giratina|0 fnt
|faint|p1a: Giratina
|
|-weather|PrimordialSea|[upkeep]
|upkeep
|
|t:|1662248330
|switch|p1a: Lugia|Lugia|100/100
|turn|7
|
|t:|1662248345
|-weather|none
|switch|p2a: Necrozma|Necrozma-Dusk-Mane|100/100
|move|p1a: Lugia|Whirlwind|p2a: Necrozma
|drag|p2a: Groudon|Groudon|100/100
|detailschange|p2a: Groudon|Groudon-Primal
|-primal|p2a: Groudon
|-weather|DesolateLand|[from] ability: Desolate Land|[of] p2a: Groudon
|
|-weather|DesolateLand|[upkeep]
|upkeep
|turn|8
|
|t:|1662248361
|-weather|none
|switch|p2a: Necrozma|Necrozma-Dusk-Mane|100/100
|move|p1a: Lugia|Toxic|p2a: Necrozma
|-immune|p2a: Necrozma
|
|upkeep
|turn|9
|
|t:|1662248372
|switch|p1a: Sableye|Sableye-Mega, M|100/100
|switch|p2a: Kyogre|Kyogre-Primal|100/100
|-weather|PrimordialSea|[from] ability: Primordial Sea|[of] p2a: Kyogre
|
|-weather|PrimordialSea|[upkeep]
|upkeep
|turn|10
|
|t:|1662248387
|move|p2a: Kyogre|Calm Mind|p2a: Kyogre
|-boost|p2a: Kyogre|spa|1
|-boost|p2a: Kyogre|spd|1
|move|p1a: Sableye|Foul Play|p2a: Kyogre
|-damage|p2a: Kyogre|57/100
|
|-weather|PrimordialSea|[upkeep]
|upkeep
|turn|11
|
|t:|1662248392
|switch|p1a: Lugia|Lugia|100/100
|move|p2a: Kyogre|Origin Pulse|p1a: Lugia|[miss]
|-miss|p2a: Kyogre|p1a: Lugia
|
|-weather|PrimordialSea|[upkeep]
|upkeep
|turn|12
|
|t:|1662248397
|move|p2a: Kyogre|Thunder|p1a: Lugia
|-supereffective|p1a: Lugia
|-damage|p1a: Lugia|62/100
|move|p1a: Lugia|Whirlwind|p2a: Kyogre
|-weather|none
|drag|p2a: Whimsicott|Whimsicott, M|100/100
|
|-heal|p1a: Lugia|68/100|[from] item: Leftovers
|upkeep
|turn|13
|
|t:|1662248409
|move|p2a: Whimsicott|Stun Spore|p1a: Lugia
|-status|p1a: Lugia|par
|move|p1a: Lugia|Substitute|p1a: Lugia
|-start|p1a: Lugia|Substitute
|-damage|p1a: Lugia|43/100 par
|
|-heal|p1a: Lugia|49/100 par|[from] item: Leftovers
|upkeep
|turn|14
|
|t:|1662248413
|move|p2a: Whimsicott|Encore|p1a: Lugia
|-start|p1a: Lugia|Encore
|cant|p1a: Lugia|par
|
|-heal|p1a: Lugia|56/100 par|[from] item: Leftovers
|upkeep
|turn|15
|
|t:|1662248418
|move|p2a: Whimsicott|Moonblast|p1a: Lugia
|-activate|p1a: Lugia|move: Substitute|[damage]
|move|p1a: Lugia|Substitute|p1a: Lugia
|-fail|p1a: Lugia|move: Substitute
|
|-heal|p1a: Lugia|62/100 par|[from] item: Leftovers
|upkeep
|turn|16
|
|t:|1662248425
|move|p2a: Whimsicott|Moonblast|p1a: Lugia
|-end|p1a: Lugia|Substitute
|move|p1a: Lugia|Substitute|p1a: Lugia
|-start|p1a: Lugia|Substitute
|-damage|p1a: Lugia|37/100 par
|
|-heal|p1a: Lugia|43/100 par|[from] item: Leftovers
|-end|p1a: Lugia|Encore
|upkeep
|turn|17
|
|t:|1662248429
|move|p2a: Whimsicott|Encore|p1a: Lugia
|-start|p1a: Lugia|Encore
|move|p1a: Lugia|Substitute|p1a: Lugia
|-fail|p1a: Lugia|move: Substitute
|
|-heal|p1a: Lugia|49/100 par|[from] item: Leftovers
|upkeep
|turn|18
|
|t:|1662248438
|move|p2a: Whimsicott|Moonblast|p1a: Lugia
|-activate|p1a: Lugia|move: Substitute|[damage]
|move|p1a: Lugia|Substitute|p1a: Lugia
|-fail|p1a: Lugia|move: Substitute
|
|-heal|p1a: Lugia|56/100 par|[from] item: Leftovers
|upkeep
|turn|19
|
|t:|1662248468
|switch|p1a: Chansey|Chansey, F|99/100
|move|p2a: Whimsicott|Moonblast|p1a: Chansey
|-damage|p1a: Chansey|91/100
|
|upkeep
|turn|20
|inactive|NOAH MK2 has 120 seconds left.
|
|t:|1662248504
|switch|p2a: Necrozma|Necrozma-Dusk-Mane|100/100
|move|p1a: Chansey|Seismic Toss|p2a: Necrozma
|-damage|p2a: Necrozma|75/100
|-damage|p1a: Chansey|74/100|[from] item: Rocky Helmet|[of] p2a: Necrozma
|
|upkeep
|turn|21
|inactive|NOAH MK2 has 120 seconds left.
|
|t:|1662248516
|switch|p2a: Groudon|Groudon-Primal|100/100
|-weather|DesolateLand|[from] ability: Desolate Land|[of] p2a: Groudon
|switch|p1a: Sableye|Sableye-Mega, M|100/100
|
|-weather|DesolateLand|[upkeep]
|upkeep
|turn|22
|inactive|NOAH MK2 has 120 seconds left.
|
|t:|1662248539
|-weather|none
|switch|p2a: Zygarde|Zygarde|100/100
|move|p1a: Sableye|Foul Play|p2a: Zygarde
|-damage|p2a: Zygarde|83/100
|
|-heal|p2a: Zygarde|90/100|[from] item: Leftovers
|upkeep
|turn|23
|
|t:|1662248550
|switch|p2a: Ho-Oh|Ho-Oh|100/100
|move|p1a: Sableye|Will-O-Wisp|p2a: Ho-Oh
|-immune|p2a: Ho-Oh
|
|upkeep
|turn|24
|
|t:|1662248556
|move|p1a: Sableye|Protect|p1a: Sableye
|-singleturn|p1a: Sableye|Protect
|move|p2a: Ho-Oh|Sacred Fire|p1a: Sableye
|-activate|p1a: Sableye|move: Protect
|
|upkeep
|turn|25
|
|t:|1662248567
|switch|p1a: Tyranitar|Tyranitar, M, shiny|100/100
|-weather|Sandstorm|[from] ability: Sand Stream|[of] p1a: Tyranitar
|move|p2a: Ho-Oh|Sacred Fire|p1a: Tyranitar
|-resisted|p1a: Tyranitar
|-damage|p1a: Tyranitar|83/100
|-status|p1a: Tyranitar|brn
|
|-weather|Sandstorm|[upkeep]
|-damage|p2a: Ho-Oh|94/100|[from] Sandstorm
|-heal|p1a: Tyranitar|89/100 brn|[from] item: Leftovers
|-damage|p1a: Tyranitar|83/100 brn|[from] brn
|upkeep
|turn|26
|
|t:|1662248572
|switch|p2a: Groudon|Groudon-Primal|100/100
|-weather|DesolateLand|[from] ability: Desolate Land|[of] p2a: Groudon
|move|p1a: Tyranitar|Stealth Rock|p2a: Groudon
|-sidestart|p2: NOAH MK2|move: Stealth Rock
|
|-weather|DesolateLand|[upkeep]
|-heal|p1a: Tyranitar|89/100 brn|[from] item: Leftovers
|-damage|p1a: Tyranitar|83/100 brn|[from] brn
|upkeep
|turn|27
|
|t:|1662248580
|switch|p1a: Chansey|Chansey, F|74/100
|move|p2a: Groudon|Swords Dance|p2a: Groudon
|-boost|p2a: Groudon|atk|2
|
|-weather|DesolateLand|[upkeep]
|upkeep
|turn|28
|
|t:|1662248583
|switch|p1a: Quagsire|Quagsire, M, shiny|100/100
|move|p2a: Groudon|Precipice Blades|p1a: Quagsire|[miss]
|-miss|p2a: Groudon|p1a: Quagsire
|
|-weather|DesolateLand|[upkeep]
|upkeep
|turn|29
|
|t:|1662248592
|move|p2a: Groudon|Precipice Blades|p1a: Quagsire
|-damage|p1a: Quagsire|45/100
|move|p1a: Quagsire|Toxic|p2a: Groudon
|-status|p2a: Groudon|tox
|
|-weather|DesolateLand|[upkeep]
|-damage|p2a: Groudon|94/100 tox|[from] psn
|upkeep
|turn|30
|
|t:|1662248599
|switch|p1a: Lugia|Lugia|56/100 par
|move|p2a: Groudon|Precipice Blades|p1a: Lugia
|-immune|p1a: Lugia
|
|-weather|DesolateLand|[upkeep]
|-heal|p1a: Lugia|62/100 par|[from] item: Leftovers
|-damage|p2a: Groudon|82/100 tox|[from] psn
|upkeep
|turn|31
|
|t:|1662248607
|switch|p1a: Quagsire|Quagsire, M, shiny|45/100
|move|p2a: Groudon|Fire Punch|p1a: Quagsire
|-resisted|p1a: Quagsire
|-damage|p1a: Quagsire|20/100
|-damage|p2a: Groudon|66/100 tox|[from] item: Rocky Helmet|[of] p1a: Quagsire
|
|-weather|DesolateLand|[upkeep]
|-damage|p2a: Groudon|47/100 tox|[from] psn
|upkeep
|turn|32
|
|t:|1662248612
|move|p2a: Groudon|Fire Punch|p1a: Quagsire
|-resisted|p1a: Quagsire
|-damage|p1a: Quagsire|0 fnt
|-damage|p2a: Groudon|31/100 tox|[from] item: Rocky Helmet|[of] p1a: Quagsire
|faint|p1a: Quagsire
|
|-weather|DesolateLand|[upkeep]
|-damage|p2a: Groudon|6/100 tox|[from] psn
|upkeep
|
|t:|1662248615
|switch|p1a: Sableye|Sableye-Mega, M|100/100
|turn|33
|
|t:|1662248627
|-weather|none
|switch|p2a: Ho-Oh|Ho-Oh|100/100
|move|p1a: Sableye|Protect||[still]
|-fail|p1a: Sableye
|
|upkeep
|turn|34
|
|t:|1662248630
|switch|p1a: Tyranitar|Tyranitar, M, shiny|83/100 brn
|-weather|Sandstorm|[from] ability: Sand Stream|[of] p1a: Tyranitar
|move|p2a: Ho-Oh|Defog|p1a: Tyranitar
|-unboost|p1a: Tyranitar|evasion|1
|-sideend|p2: NOAH MK2|Stealth Rock|[from] move: Defog|[of] p2a: Ho-Oh
|
|-weather|Sandstorm|[upkeep]
|-damage|p2a: Ho-Oh|94/100|[from] Sandstorm
|-heal|p1a: Tyranitar|89/100 brn|[from] item: Leftovers
|-damage|p1a: Tyranitar|83/100 brn|[from] brn
|upkeep
|turn|35
|
|t:|1662248646
|-activate|p2a: Ho-Oh|move: Pursuit
|move|p1a: Tyranitar|Pursuit|p2a: Ho-Oh|[from]Pursuit
|-damage|p2a: Ho-Oh|80/100
|switch|p2a: Zygarde|Zygarde|90/100
|
|-weather|Sandstorm|[upkeep]
|-heal|p2a: Zygarde|96/100|[from] item: Leftovers
|-heal|p1a: Tyranitar|89/100 brn|[from] item: Leftovers
|-damage|p1a: Tyranitar|83/100 brn|[from] brn
|upkeep
|turn|36
|
|t:|1662248663
|switch|p2a: Kyogre|Kyogre-Primal|57/100
|-weather|PrimordialSea|[from] ability: Primordial Sea|[of] p2a: Kyogre
|switch|p1a: Sableye|Sableye-Mega, M|100/100
|
|-weather|PrimordialSea|[upkeep]
|upkeep
|turn|37
|
|t:|1662248679
|-weather|none
|switch|p2a: Zygarde|Zygarde|96/100
|move|p1a: Sableye|Foul Play|p2a: Zygarde
|-damage|p2a: Zygarde|79/100
|
|-heal|p2a: Zygarde|85/100|[from] item: Leftovers
|upkeep
|turn|38
|
|t:|1662248686
|switch|p2a: Ho-Oh|Ho-Oh|100/100
|switch|p1a: Chansey|Chansey, F|74/100
|
|upkeep
|turn|39
|
|t:|1662248691
|move|p2a: Ho-Oh|Toxic|p1a: Chansey
|-status|p1a: Chansey|tox
|move|p1a: Chansey|Heal Bell|p1a: Chansey
|-activate|p1a: Chansey|move: Heal Bell
|-curestatus|p1a: Chansey|tox|[msg]
|-curestatus|p1: Tyranitar|brn|[msg]
|-curestatus|p1: Lugia|par|[msg]
|
|upkeep
|turn|40
|
|t:|1662248702
|switch|p1a: Tyranitar|Tyranitar, M, shiny|83/100
|-weather|Sandstorm|[from] ability: Sand Stream|[of] p1a: Tyranitar
|move|p2a: Ho-Oh|Toxic|p1a: Tyranitar
|-status|p1a: Tyranitar|tox
|
|-weather|Sandstorm|[upkeep]
|-damage|p2a: Ho-Oh|94/100|[from] Sandstorm
|-heal|p1a: Tyranitar|89/100 tox|[from] item: Leftovers
|-damage|p1a: Tyranitar|83/100 tox|[from] psn
|upkeep
|turn|41
|
|t:|1662248708
|-activate|p2a: Ho-Oh|move: Pursuit
|move|p1a: Tyranitar|Pursuit|p2a: Ho-Oh|[from]Pursuit
|-damage|p2a: Ho-Oh|63/100
|switch|p2a: Zygarde|Zygarde|85/100
|
|-weather|Sandstorm|[upkeep]
|-heal|p2a: Zygarde|91/100|[from] item: Leftovers
|-heal|p1a: Tyranitar|89/100 tox|[from] item: Leftovers
|-damage|p1a: Tyranitar|76/100 tox|[from] psn
|upkeep
|turn|42
|
|t:|1662248724
|switch|p1a: Chansey|Chansey, F|74/100
|move|p2a: Zygarde|Thousand Arrows|p1a: Chansey
|-damage|p1a: Chansey|50/100
|
|-weather|Sandstorm|[upkeep]
|-damage|p1a: Chansey|44/100|[from] Sandstorm
|-heal|p2a: Zygarde|97/100|[from] item: Leftovers
|upkeep
|turn|43
|j|+Dragonillis
|
|t:|1662248738
|move|p2a: Zygarde|Dragon Dance|p2a: Zygarde
|-boost|p2a: Zygarde|atk|1
|-boost|p2a: Zygarde|spe|1
|move|p1a: Chansey|Soft-Boiled|p1a: Chansey
|-heal|p1a: Chansey|94/100
|
|-weather|Sandstorm|[upkeep]
|-damage|p1a: Chansey|88/100|[from] Sandstorm
|-heal|p2a: Zygarde|100/100|[from] item: Leftovers
|upkeep
|turn|44
|
|t:|1662248750
|move|p2a: Zygarde|Thousand Arrows|p1a: Chansey
|-damage|p1a: Chansey|54/100
|move|p1a: Chansey|Heal Bell|p1a: Chansey
|-activate|p1a: Chansey|move: Heal Bell
|-curestatus|p1: Tyranitar|tox|[msg]
|
|-weather|none
|upkeep
|turn|45
|
|t:|1662248778
|move|p2a: Zygarde|Dragon Dance|p2a: Zygarde
|-boost|p2a: Zygarde|atk|1
|-boost|p2a: Zygarde|spe|1
|move|p1a: Chansey|Soft-Boiled|p1a: Chansey
|-heal|p1a: Chansey|100/100
|
|upkeep
|turn|46
|
|t:|1662248783
|switch|p1a: Sableye|Sableye-Mega, M|100/100
|move|p2a: Zygarde|Dragon Dance|p2a: Zygarde
|-boost|p2a: Zygarde|atk|1
|-boost|p2a: Zygarde|spe|1
|
|upkeep
|turn|47
|
|t:|1662248790
|-start|p2a: Zygarde|Dynamax|
|-heal|p2a: Zygarde|100/100|[silent]
|move|p2a: Zygarde|Max Wyrmwind|p1a: Sableye
|-damage|p1a: Sableye|18/100
|-unboost|p1a: Sableye|atk|1
|move|p1a: Sableye|Foul Play|p2a: Zygarde
|-damage|p2a: Zygarde|79/100
|
|-heal|p2a: Zygarde|82/100|[from] item: Leftovers
|upkeep
|turn|48
|
|t:|1662248800
|move|p1a: Sableye|Protect|p1a: Sableye
|-singleturn|p1a: Sableye|Protect
|move|p2a: Zygarde|Max Wyrmwind|p1a: Sableye
|-zbroken|p1a: Sableye
|-damage|p1a: Sableye|0 fnt
|faint|p1a: Sableye
|
|-heal|p2a: Zygarde|85/100|[from] item: Leftovers
|upkeep
|-message|Dr. Drake6782 forfeited.
|
|win|NOAH MK2
|raw|Dr. Drake6782's rating: 1629 &rarr; <strong>1616</strong><br />(-13 for losing)
|raw|NOAH MK2's rating: 1761 &rarr; <strong>1774</strong><br />(+13 for winning)
|l|☆Dr. Drake6782
|l|☆NOAH MK2
||Ladder isn't responding, score probably updated but might not have (Request timeout).
