|j|☆Midimpactassault
|j|☆xLeonisx
|t:|1649887073
|gametype|singles
|player|p1|Midimpactassault|hilda|1547
|player|p2|xLeonisx|265|1648
|teamsize|p1|6
|teamsize|p2|6
|gen|8
|tier|[Gen 8] National Dex AG
|rated|
|rule|HP Percentage Mod: HP is shown in percentages
|rule|Endless Battle Clause: Forcing endless battles is banned
|clearpoke
|poke|p1|Calyrex-Shadow|
|poke|p1|Gengar, F|
|poke|p1|Giratina|
|poke|p1|Arceus-*|
|poke|p1|Dragapult, F|
|poke|p1|Marshadow|
|poke|p2|Kyogre|
|poke|p2|Arceus-*|
|poke|p2|Lugia|
|poke|p2|Calyrex-Shadow|
|poke|p2|Deoxys-Speed|
|poke|p2|Zacian-*|
|teampreview
|inactive|Battle timer is ON: inactive players will automatically lose when time's up. (requested by Midimpactassault)
|
|t:|1649887082
|start
|switch|p1a: Giratina|Giratina|100/100
|switch|p2a: Deoxys|Deoxys-Speed|100/100
|-ability|p2a: Deoxys|Pressure
|-ability|p1a: Giratina|Pressure
|turn|1
|
|t:|1649887087
|move|p1a: Giratina|Magic Coat|p1a: Giratina
|-singleturn|p1a: Giratina|move: Magic Coat
|move|p2a: Deoxys|Thunder Wave|p1a: Giratina
|move|p1a: Giratina|Thunder Wave|p2a: Deoxys|[from]Magic Coat
|-status|p2a: Deoxys|par
|
|upkeep
|turn|2
|
|t:|1649887092
|move|p2a: Deoxys|Magic Coat|p2a: Deoxys
|-singleturn|p2a: Deoxys|move: Magic Coat
|move|p1a: Giratina|Dragon Claw|p2a: Deoxys
|-damage|p2a: Deoxys|57/100 par
|
|upkeep
|turn|3
|
|t:|1649887097
|move|p1a: Giratina|Magic Coat|p1a: Giratina
|-singleturn|p1a: Giratina|move: Magic Coat
|cant|p2a: Deoxys|par
|
|upkeep
|turn|4
|
|t:|1649887101
|move|p2a: Deoxys|Knock Off|p1a: Giratina
|-supereffective|p1a: Giratina
|-damage|p1a: Giratina|75/100
|-enditem|p1a: Giratina|Weakness Policy
|-boost|p1a: Giratina|atk|2|[from] item: Weakness Policy
|-boost|p1a: Giratina|spa|2|[from] item: Weakness Policy
|move|p1a: Giratina|Dragon Claw|p2a: Deoxys
|-damage|p2a: Deoxys|0 fnt
|faint|p2a: Deoxys
|
|upkeep
|
|t:|1649887109
|switch|p2a: Calyrex|Calyrex-Shadow|100/100
|-ability|p2a: Calyrex|As One
|-ability|p2a: Calyrex|Unnerve
|turn|5
|
|t:|1649887112
|-start|p1a: Giratina|Dynamax|
|-heal|p1a: Giratina|75/100|[silent]
|move|p2a: Calyrex|Astral Barrage|p1a: Giratina
|-supereffective|p1a: Giratina
|-damage|p1a: Giratina|38/100
|move|p1a: Giratina|Max Quake|p2a: Calyrex
|-damage|p2a: Calyrex|31/100
|-boost|p1a: Giratina|spd|1
|
|upkeep
|turn|6
|
|t:|1649887122
|move|p2a: Calyrex|Astral Barrage|p1a: Giratina
|-supereffective|p1a: Giratina
|-damage|p1a: Giratina|12/100
|move|p1a: Giratina|Max Quake|p2a: Calyrex
|-damage|p2a: Calyrex|0 fnt
|-boost|p1a: Giratina|spd|1
|faint|p2a: Calyrex
|
|upkeep
|
|t:|1649887126
|switch|p2a: Arceus|Arceus|100/100
|turn|7
|
|t:|1649887136
|switch|p2a: Lugia|Lugia|100/100
|move|p1a: Giratina|Max Wyrmwind|p2a: Lugia
|-damage|p2a: Lugia|69/100
|-unboost|p2a: Lugia|atk|1
|
|-end|p1a: Giratina|Dynamax
|-heal|p1a: Giratina|12/100|[silent]
|upkeep
|turn|8
|
|t:|1649887141
|move|p1a: Giratina|Dragon Claw|p2a: Lugia
|-damage|p2a: Lugia|34/100
|move|p2a: Lugia|Whirlwind|p1a: Giratina
|drag|p1a: Arceus|Arceus-Ghost|100/100
|
|upkeep
|turn|9
|
|t:|1649887151
|move|p2a: Lugia|Thunder Wave|p1a: Arceus|[miss]
|-miss|p2a: Lugia|p1a: Arceus
|-zpower|p1a: Arceus
|move|p1a: Arceus|Never-Ending Nightmare|p2a: Lugia|[zeffect]
|-supereffective|p2a: Lugia
|-damage|p2a: Lugia|0 fnt
|faint|p2a: Lugia
|
|upkeep
|c|☆xLeonisx|bruh
|
|t:|1649887157
|switch|p2a: Zacian|Zacian-Crowned|100/100
|-ability|p2a: Zacian|Intrepid Sword|boost
|-boost|p2a: Zacian|atk|1
|turn|10
|
|t:|1649887160
|move|p2a: Zacian|Swords Dance|p2a: Zacian
|-boost|p2a: Zacian|atk|2
|move|p1a: Arceus|Shadow Force||[still]
|-prepare|p1a: Arceus|Shadow Force
|
|upkeep
|turn|11
|
|t:|1649887166
|move|p2a: Zacian|Swords Dance|p2a: Zacian
|-boost|p2a: Zacian|atk|2
|move|p1a: Arceus|Shadow Force|p2a: Zacian|[from]lockedmove
|-damage|p2a: Zacian|57/100
|
|upkeep
|turn|12
|
|t:|1649887173
|move|p2a: Zacian|Behemoth Blade|p1a: Arceus
|-crit|p1a: Arceus
|-damage|p1a: Arceus|0 fnt
|faint|p1a: Arceus
|
|upkeep
|
|t:|1649887174
|switch|p1a: Marshadow|Marshadow|100/100
|turn|13
|
|t:|1649887178
|switch|p2a: Arceus|Arceus|100/100
|move|p1a: Marshadow|Spectral Thief|p2a: Arceus
|-immune|p2a: Arceus
|
|upkeep
|turn|14
|
|t:|1649887180
|move|p1a: Marshadow|Close Combat|p2a: Arceus
|-supereffective|p2a: Arceus
|-damage|p2a: Arceus|5/100
|-unboost|p1a: Marshadow|def|1
|-unboost|p1a: Marshadow|spd|1
|move|p2a: Arceus|Swords Dance|p2a: Arceus
|-boost|p2a: Arceus|atk|2
|
|upkeep
|turn|15
|
|t:|1649887186
|move|p1a: Marshadow|Knock Off|p2a: Arceus
|-damage|p2a: Arceus|0 fnt
|-enditem|p2a: Arceus|Life Orb|[from] move: Knock Off|[of] p1a: Marshadow
|faint|p2a: Arceus
|
|upkeep
|
|t:|1649887190
|switch|p2a: Kyogre|Kyogre|100/100
|detailschange|p2a: Kyogre|Kyogre-Primal
|-primal|p2a: Kyogre
|-weather|PrimordialSea|[from] ability: Primordial Sea|[of] p2a: Kyogre
|turn|16
|
|t:|1649887197
|switch|p1a: Giratina|Giratina|12/100
|-ability|p1a: Giratina|Pressure
|move|p2a: Kyogre|Origin Pulse|p1a: Giratina
|-resisted|p1a: Giratina
|-damage|p1a: Giratina|0 fnt
|faint|p1a: Giratina
|
|-weather|PrimordialSea|[upkeep]
|upkeep
|
|t:|1649887199
|switch|p1a: Calyrex|Calyrex-Shadow|100/100
|-ability|p1a: Calyrex|As One
|-ability|p1a: Calyrex|Unnerve
|turn|17
|
|t:|1649887204
|move|p1a: Calyrex|Astral Barrage|p2a: Kyogre
|-damage|p2a: Kyogre|27/100
|move|p2a: Kyogre|Water Spout|p1a: Calyrex
|-damage|p1a: Calyrex|58/100
|
|-weather|PrimordialSea|[upkeep]
|upkeep
|turn|18
|
|t:|1649887209
|move|p1a: Calyrex|Astral Barrage|p2a: Kyogre
|-damage|p2a: Kyogre|0 fnt
|faint|p2a: Kyogre
|-weather|none
|-ability|p1a: Calyrex|Grim Neigh|boost
|-boost|p1a: Calyrex|spa|1
|
|upkeep
|-message|xLeonisx forfeited.
|
|win|Midimpactassault
|raw|Midimpactassault's rating: 1547 &rarr; <strong>1573</strong><br />(+26 for winning)
|raw|xLeonisx's rating: 1648 &rarr; <strong>1622</strong><br />(-26 for losing)
|l|☆xLeonisx
