|j|☆iroeweuio
|j|☆KT1120
|t:|1662780540
|gametype|singles
|player|p1|iroeweuio|2|1695
|player|p2|KT1120|102|1642
|teamsize|p1|6
|teamsize|p2|6
|gen|8
|tier|[Gen 8] National Dex AG
|rated|
|rule|HP Percentage Mod: HP is shown in percentages
|rule|Endless Battle Clause: Forcing endless battles is banned
|clearpoke
|poke|p1|Chatot, M|
|poke|p1|Weavile, M|
|poke|p1|Giratina-Origin|
|poke|p1|Ditto|
|poke|p1|Breloom, F|
|poke|p1|Wobbuffet, M|
|poke|p2|Yveltal|
|poke|p2|Zacian-*|
|poke|p2|Calyrex-Shadow|
|poke|p2|Rayquaza|
|poke|p2|Necrozma-Dusk-Mane|
|poke|p2|Ho-Oh|
|teampreview
|inactive|Battle timer is ON: inactive players will automatically lose when time's up. (requested by KT1120)
|
|t:|1662780564
|start
|switch|p1a: Weavile|Weavile, M|100/100
|switch|p2a: Zacian|Zacian-Crowned|100/100
|-ability|p2a: Zacian|Intrepid Sword|boost
|-boost|p2a: Zacian|atk|1
|-ability|p1a: Weavile|Pressure
|turn|1
|
|t:|1662780572
|switch|p1a: Wobbuffet|Wobbuffet, M|100/100
|move|p2a: Zacian|Behemoth Blade|p1a: Wobbuffet
|-damage|p1a: Wobbuffet|7/100
|
|upkeep
|turn|2
|-enditem|p1a: Wobbuffet|Custap Berry|[eat]
|-activate|p1a: Wobbuffet|item: Custap Berry|[consumed]
|
|t:|1662780581
|move|p1a: Wobbuffet|Destiny Bond|p1a: Wobbuffet
|-singlemove|p1a: Wobbuffet|Destiny Bond
|move|p2a: Zacian|Behemoth Blade|p1a: Wobbuffet
|-damage|p1a: Wobbuffet|0 fnt
|faint|p1a: Wobbuffet
|-activate|p1a: Wobbuffet|move: Destiny Bond
|faint|p2a: Zacian
|
|upkeep
|
|t:|1662780592
|switch|p2a: Ho-Oh|Ho-Oh|100/100
|switch|p1a: Weavile|Weavile, M|100/100
|-ability|p1a: Weavile|Pressure
|turn|3
|
|t:|1662780596
|move|p1a: Weavile|Assist|p1a: Weavile
|move|p1a: Weavile|Spore|p2a: Ho-Oh|[from]move: Assist
|-status|p2a: Ho-Oh|slp|[from] move: Spore
|cant|p2a: Ho-Oh|slp
|
|upkeep
|turn|4
|
|t:|1662780604
|move|p1a: Weavile|Substitute|p1a: Weavile
|-start|p1a: Weavile|Substitute
|-damage|p1a: Weavile|76/100
|cant|p2a: Ho-Oh|slp
|
|-heal|p1a: Weavile|82/100|[from] item: Leftovers
|upkeep
|turn|5
|
|t:|1662780608
|move|p1a: Weavile|Triple Axel|p2a: Ho-Oh
|-damage|p2a: Ho-Oh|92/100 slp
|-damage|p2a: Ho-Oh|75/100 slp
|-damage|p2a: Ho-Oh|50/100 slp
|-hitcount|p2a: Ho-Oh|3
|cant|p2a: Ho-Oh|slp
|
|-heal|p1a: Weavile|88/100|[from] item: Leftovers
|upkeep
|turn|6
|
|t:|1662780615
|switch|p2a: Necrozma|Necrozma-Dusk-Mane|100/100
|move|p1a: Weavile|Triple Axel|p2a: Necrozma
|-resisted|p2a: Necrozma
|-damage|p2a: Necrozma|98/100
|-damage|p1a: Weavile|71/100|[from] item: Rocky Helmet|[of] p2a: Necrozma
|-hitcount|p2a: Necrozma|1
|
|-heal|p1a: Weavile|77/100|[from] item: Leftovers
|upkeep
|turn|7
|
|t:|1662780634
|switch|p2a: Ho-Oh|Ho-Oh|83/100 slp
|move|p1a: Weavile|Assist|p1a: Weavile
|move|p1a: Weavile|Spore|p2a: Ho-Oh|[from]move: Assist
|-fail|p2a: Ho-Oh|slp
|
|-heal|p1a: Weavile|83/100|[from] item: Leftovers
|upkeep
|turn|8
|
|t:|1662780639
|move|p1a: Weavile|Swords Dance|p1a: Weavile
|-boost|p1a: Weavile|atk|2
|-curestatus|p2a: Ho-Oh|slp|[msg]
|move|p2a: Ho-Oh|Whirlwind|p1a: Weavile
|drag|p1a: Giratina|Giratina-Origin|100/100
|
|upkeep
|turn|9
|
|t:|1662780647
|switch|p1a: Breloom|Breloom, F|100/100
|move|p2a: Ho-Oh|Toxic|p1a: Breloom
|-status|p1a: Breloom|tox
|
|upkeep
|turn|10
|
|t:|1662780664
|move|p1a: Breloom|Spore|p2a: Ho-Oh
|-status|p2a: Ho-Oh|slp|[from] move: Spore
|cant|p2a: Ho-Oh|slp
|
|upkeep
|turn|11
|
|t:|1662780676
|move|p1a: Breloom|Spore|p2a: Ho-Oh
|-fail|p2a: Ho-Oh|slp
|cant|p2a: Ho-Oh|slp
|
|upkeep
|turn|12
|
|t:|1662780681
|move|p1a: Breloom|Protect|p1a: Breloom
|-singleturn|p1a: Breloom|Protect
|cant|p2a: Ho-Oh|slp
|
|upkeep
|turn|13
|
|t:|1662780688
|switch|p1a: Ditto|Ditto|100/100
|-transform|p1a: Ditto|p2a: Ho-Oh|[from] ability: Imposter
|-curestatus|p2a: Ho-Oh|slp|[msg]
|move|p2a: Ho-Oh|Sacred Fire|p1a: Ditto
|-resisted|p1a: Ditto
|-damage|p1a: Ditto|76/100
|
|upkeep
|turn|14
|
|t:|1662780698
|switch|p1a: Breloom|Breloom, F|100/100 tox
|move|p2a: Ho-Oh|Toxic|p1a: Breloom
|-fail|p1a: Breloom|tox
|
|upkeep
|turn|15
|
|t:|1662780703
|move|p1a: Breloom|Spore|p2a: Ho-Oh
|-status|p2a: Ho-Oh|slp|[from] move: Spore
|cant|p2a: Ho-Oh|slp
|
|upkeep
|turn|16
|
|t:|1662780711
|switch|p1a: Chatot|Chatot, M|100/100
|cant|p2a: Ho-Oh|slp
|
|upkeep
|turn|17
|
|t:|1662780715
|move|p1a: Chatot|Chatter|p2a: Ho-Oh
|-damage|p2a: Ho-Oh|67/100 slp
|-start|p2a: Ho-Oh|confusion
|-curestatus|p2a: Ho-Oh|slp|[msg]
|-activate|p2a: Ho-Oh|confusion
|move|p2a: Ho-Oh|Sacred Fire|p1a: Chatot
|-damage|p1a: Chatot|8/100
|
|upkeep
|turn|18
|
|t:|1662780725
|switch|p2a: Necrozma|Necrozma-Dusk-Mane|98/100
|move|p1a: Chatot|Chatter|p2a: Necrozma
|-resisted|p2a: Necrozma
|-damage|p2a: Necrozma|86/100
|-start|p2a: Necrozma|confusion
|
|upkeep
|turn|19
|
|t:|1662780735
|move|p1a: Chatot|Chatter|p2a: Necrozma
|-resisted|p2a: Necrozma
|-damage|p2a: Necrozma|73/100
|-activate|p2a: Necrozma|confusion
|-damage|p2a: Necrozma|65/100|[from] confusion
|
|upkeep
|turn|20
|
|t:|1662780740
|move|p1a: Chatot|Chatter|p2a: Necrozma
|-resisted|p2a: Necrozma
|-damage|p2a: Necrozma|53/100
|-activate|p2a: Necrozma|confusion
|-damage|p2a: Necrozma|46/100|[from] confusion
|
|upkeep
|turn|21
|
|t:|1662780742
|move|p1a: Chatot|Chatter|p2a: Necrozma
|-resisted|p2a: Necrozma
|-damage|p2a: Necrozma|33/100
|-activate|p2a: Necrozma|confusion
|move|p2a: Necrozma|Morning Sun|p2a: Necrozma
|-heal|p2a: Necrozma|83/100
|
|upkeep
|turn|22
|
|t:|1662780748
|move|p1a: Chatot|Chatter|p2a: Necrozma
|-resisted|p2a: Necrozma
|-damage|p2a: Necrozma|71/100
|-end|p2a: Necrozma|confusion
|move|p2a: Necrozma|Stealth Rock|p1a: Chatot
|-sidestart|p1: iroeweuio|move: Stealth Rock
|
|upkeep
|turn|23
|
|t:|1662780755
|move|p1a: Chatot|Chatter|p2a: Necrozma
|-resisted|p2a: Necrozma
|-damage|p2a: Necrozma|59/100
|-start|p2a: Necrozma|confusion
|-activate|p2a: Necrozma|confusion
|-damage|p2a: Necrozma|52/100|[from] confusion
|
|upkeep
|turn|24
|
|t:|1662780758
|move|p1a: Chatot|Mimic|p2a: Necrozma
|-start|p1a: Chatot|Mimic|Stealth Rock
|-activate|p2a: Necrozma|confusion
|-damage|p2a: Necrozma|44/100|[from] confusion
|
|upkeep
|turn|25
|
|t:|1662780769
|move|p1a: Chatot|Stealth Rock|p2a: Necrozma
|-sidestart|p2: KT1120|move: Stealth Rock
|-activate|p2a: Necrozma|confusion
|move|p2a: Necrozma|Morning Sun|p2a: Necrozma
|-heal|p2a: Necrozma|94/100
|
|upkeep
|turn|26
|
|t:|1662780775
|move|p1a: Chatot|Chatter|p2a: Necrozma
|-resisted|p2a: Necrozma
|-damage|p2a: Necrozma|81/100
|-activate|p2a: Necrozma|confusion
|move|p2a: Necrozma|Sunsteel Strike|p1a: Chatot
|-damage|p1a: Chatot|0 fnt
|faint|p1a: Chatot
|
|upkeep
|
|t:|1662780779
|switch|p1a: Ditto|Ditto|100/100
|-damage|p1a: Ditto|88/100|[from] Stealth Rock
|-transform|p1a: Ditto|p2a: Necrozma|[from] ability: Imposter
|turn|27
|
|t:|1662780790
|switch|p1a: Breloom|Breloom, F|100/100 tox
|-damage|p1a: Breloom|94/100 tox|[from] Stealth Rock
|-end|p2a: Necrozma|confusion
|move|p2a: Necrozma|Thunder Wave||[still]
|-fail|p2a: Necrozma
|
|-heal|p1a: Breloom|100/100 tox|[from] ability: Poison Heal
|upkeep
|turn|28
|
|t:|1662780795
|switch|p2a: Ho-Oh|Ho-Oh|100/100
|move|p1a: Breloom|Spore|p2a: Ho-Oh
|-status|p2a: Ho-Oh|slp|[from] move: Spore
|
|upkeep
|turn|29
|
|t:|1662780799
|switch|p1a: Ditto|Ditto|88/100
|-damage|p1a: Ditto|76/100|[from] Stealth Rock
|-transform|p1a: Ditto|p2a: Ho-Oh|[from] ability: Imposter
|cant|p2a: Ho-Oh|slp
|
|upkeep
|turn|30
|
|t:|1662780806
|-curestatus|p2a: Ho-Oh|slp|[msg]
|move|p2a: Ho-Oh|Toxic|p1a: Ditto
|-status|p1a: Ditto|tox
|move|p1a: Ditto|Whirlwind|p2a: Ho-Oh
|drag|p2a: Calyrex|Calyrex-Shadow|100/100
|-ability|p2a: Calyrex|As One
|-ability|p2a: Calyrex|Unnerve
|-damage|p2a: Calyrex|88/100|[from] Stealth Rock
|
|-damage|p1a: Ditto|70/100 tox|[from] psn
|upkeep
|turn|31
|
|t:|1662780821
|move|p2a: Calyrex|Astral Barrage|p1a: Ditto
|-damage|p1a: Ditto|22/100 tox
|move|p1a: Ditto|Whirlwind|p2a: Calyrex
|drag|p2a: Rayquaza|Rayquaza|100/100
|-damage|p2a: Rayquaza|76/100|[from] Stealth Rock
|-ability|p2a: Rayquaza|Air Lock
|
|-damage|p1a: Ditto|10/100 tox|[from] psn
|upkeep
|turn|32
|
|t:|1662780834
|detailschange|p2a: Rayquaza|Rayquaza-Mega
|-mega|p2a: Rayquaza|Rayquaza|
|-weather|DeltaStream|[from] ability: Delta Stream|[of] p2a: Rayquaza
|move|p2a: Rayquaza|Extreme Speed|p1a: Ditto
|-damage|p1a: Ditto|0 fnt
|faint|p1a: Ditto
|-damage|p2a: Rayquaza|66/100|[from] item: Life Orb
|
|-weather|DeltaStream|[upkeep]
|upkeep
|
|t:|1662780837
|switch|p1a: Giratina|Giratina-Origin|100/100
|-damage|p1a: Giratina|88/100|[from] Stealth Rock
|turn|33
|
|t:|1662780847
|-start|p1a: Giratina|Dynamax|
|-heal|p1a: Giratina|88/100|[silent]
|move|p2a: Rayquaza|Dragon Ascent|p1a: Giratina
|-damage|p1a: Giratina|41/100
|-unboost|p2a: Rayquaza|def|1
|-unboost|p2a: Rayquaza|spd|1
|-damage|p2a: Rayquaza|56/100|[from] item: Life Orb
|move|p1a: Giratina|Max Airstream|p2a: Rayquaza
|-damage|p2a: Rayquaza|0 fnt
|-boost|p1a: Giratina|spe|1
|faint|p2a: Rayquaza
|-weather|none
|
|upkeep
|
|t:|1662780856
|switch|p2a: Yveltal|Yveltal|100/100
|-damage|p2a: Yveltal|76/100|[from] Stealth Rock
|-ability|p2a: Yveltal|Dark Aura
|turn|34
|
|t:|1662780863
|-start|p2a: Yveltal|Dynamax|
|-heal|p2a: Yveltal|76/100|[silent]
|move|p1a: Giratina|Max Phantasm|p2a: Yveltal
|-resisted|p2a: Yveltal
|-damage|p2a: Yveltal|53/100
|-unboost|p2a: Yveltal|def|1
|move|p2a: Yveltal|Max Airstream|p1a: Giratina
|-damage|p1a: Giratina|8/100
|-boost|p2a: Yveltal|spe|1
|-damage|p2a: Yveltal|48/100|[from] item: Life Orb
|
|upkeep
|turn|35
|
|t:|1662780872
|move|p2a: Yveltal|Max Darkness|p1a: Giratina
|-supereffective|p1a: Giratina
|-damage|p1a: Giratina|0 fnt
|faint|p1a: Giratina
|-damage|p2a: Yveltal|43/100|[from] item: Life Orb
|
|upkeep
|
|t:|1662780875
|switch|p1a: Breloom|Breloom, F|100/100 tox
|-damage|p1a: Breloom|94/100 tox|[from] Stealth Rock
|turn|36
|
|t:|1662780881
|move|p1a: Breloom|Protect|p1a: Breloom
|-singleturn|p1a: Breloom|Protect
|move|p2a: Yveltal|Max Airstream|p1a: Breloom
|-supereffective|p1a: Breloom
|-crit|p1a: Breloom
|-zbroken|p1a: Breloom
|-damage|p1a: Breloom|0 fnt
|-boost|p2a: Yveltal|spe|1
|faint|p1a: Breloom
|-damage|p2a: Yveltal|38/100|[from] item: Life Orb
|
|upkeep
|
|t:|1662780883
|switch|p1a: Weavile|Weavile, M|83/100
|-damage|p1a: Weavile|59/100|[from] Stealth Rock
|-ability|p1a: Weavile|Pressure
|-end|p2a: Yveltal|Dynamax
|-heal|p2a: Yveltal|38/100|[silent]
|turn|37
|
|t:|1662780888
|move|p2a: Yveltal|Oblivion Wing|p1a: Weavile
|-damage|p1a: Weavile|0 fnt
|-heal|p2a: Yveltal|69/100|[from] drain|[of] p1a: Weavile
|faint|p1a: Weavile
|-damage|p2a: Yveltal|59/100|[from] item: Life Orb
|
|win|KT1120
|raw|iroeweuio's rating: 1695 &rarr; <strong>1672</strong><br />(-23 for losing)
|raw|KT1120's rating: 1642 &rarr; <strong>1665</strong><br />(+23 for winning)
|c|☆iroeweuio|gg
|c|☆KT1120|gg
|l|☆iroeweuio
||Ladder isn't responding, score probably updated but might not have (Request timeout).
