|j|☆BiGBoNeDBoYZ
|j|☆Prottay1317❤
|inactive|Battle timer is ON: inactive players will automatically lose when time's up.
|t:|1650706747
|gametype|singles
|player|p1|BiGBoNeDBoYZ|crasherwake|
|player|p2|Prottay1317❤|eusine|
|teamsize|p1|6
|teamsize|p2|6
|gen|8
|tier|[Gen 8] National Dex AG
|rated|Tournament battle
|rule|HP Percentage Mod: HP is shown in percentages
|rule|Endless Battle Clause: Forcing endless battles is banned
|clearpoke
|poke|p1|Blissey, F|
|poke|p1|Blissey, F|
|poke|p1|Blissey, F|
|poke|p1|Blissey, F|
|poke|p1|Blissey, F|
|poke|p1|Blissey, F|
|poke|p2|Zacian-*|
|poke|p2|Necrozma-Dusk-Mane|
|poke|p2|Yveltal|
|poke|p2|Ditto|
|poke|p2|Kyurem-White|
|poke|p2|Calyrex-Shadow|
|teampreview
|inactive|BiGBoNeDBoYZ also wants the timer to be on.
|j| RNG Wizard
|j| Fartconsumer
|c| RNG Wizard|lol
|c| Fartconsumer|Bruh
|c| Fartconsumer|This man is a menace
|c| RNG Wizard|zacian :)
|
|t:|1650706770
|start
|switch|p1a: Blissey|Blissey, F|100/100
|switch|p2a: Calyrex|Calyrex-Shadow|100/100
|-ability|p2a: Calyrex|As One
|-ability|p2a: Calyrex|Unnerve
|turn|1
|j| LaprasPlayer
|
|t:|1650706776
|move|p2a: Calyrex|Taunt|p1a: Blissey
|-start|p1a: Blissey|move: Taunt
|cant|p1a: Blissey|move: Taunt|Minimize
|
|upkeep
|turn|2
|
|t:|1650706779
|move|p2a: Calyrex|Nasty Plot|p2a: Calyrex
|-boost|p2a: Calyrex|spa|2
|move|p1a: Blissey|Charge Beam|p2a: Calyrex
|-damage|p2a: Calyrex|91/100
|-boost|p1a: Blissey|spa|1
|
|upkeep
|turn|3
|c| Fartconsumer|Terrible day to be Kyu-w
|c| RNG Wizard|nice
|
|t:|1650706786
|move|p2a: Calyrex|Leaf Storm|p1a: Blissey
|-damage|p1a: Blissey|63/100
|-unboost|p2a: Calyrex|spa|2
|move|p1a: Blissey|Charge Beam|p2a: Calyrex
|-damage|p2a: Calyrex|77/100
|-boost|p1a: Blissey|spa|1
|
|-heal|p1a: Blissey|69/100|[from] item: Leftovers
|-end|p1a: Blissey|move: Taunt
|upkeep
|turn|4
|j|+AGCL6 Swas
|
|t:|1650706800
|move|p2a: Calyrex|Taunt|p1a: Blissey
|-start|p1a: Blissey|move: Taunt
|cant|p1a: Blissey|move: Taunt|Minimize
|
|-heal|p1a: Blissey|75/100|[from] item: Leftovers
|upkeep
|turn|5
|
|t:|1650706805
|switch|p2a: Zacian|Zacian-Crowned|100/100
|-ability|p2a: Zacian|Intrepid Sword|boost
|-boost|p2a: Zacian|atk|1
|move|p1a: Blissey|Charge Beam|p2a: Zacian
|-damage|p2a: Zacian|82/100
|-boost|p1a: Blissey|spa|1
|
|-heal|p1a: Blissey|81/100|[from] item: Leftovers
|upkeep
|turn|6
|l|+AGCL6 Swas
|
|t:|1650706821
|move|p2a: Zacian|Substitute|p2a: Zacian
|-start|p2a: Zacian|Substitute
|-damage|p2a: Zacian|57/100
|move|p1a: Blissey|Charge Beam|p2a: Zacian
|-activate|p2a: Zacian|move: Substitute|[damage]
|-boost|p1a: Blissey|spa|1
|
|-heal|p1a: Blissey|88/100|[from] item: Leftovers
|-end|p1a: Blissey|move: Taunt
|upkeep
|turn|7
|
|t:|1650706831
|move|p2a: Zacian|Close Combat|p1a: Blissey
|-supereffective|p1a: Blissey
|-damage|p1a: Blissey|0 fnt
|-unboost|p2a: Zacian|def|1
|-unboost|p2a: Zacian|spd|1
|faint|p1a: Blissey
|
|upkeep
|c| RNG Wizard|sweep now ig
|c| Fartconsumer|Yeah
|inactive|BiGBoNeDBoYZ has 120 seconds left.
|c| Fartconsumer|he should’ve brought stockpile Snorlax lmao
|j| JedTheHumanoid
|c| LaprasPlayer|mhm
|c| RNG Wizard|it dies to cc I think
|c| RNG Wizard|from zacian
|inactive|BiGBoNeDBoYZ has 90 seconds left.
|c| Fartconsumer|Clicks double team on caly
|c| LaprasPlayer|sash counter
|c| Fartconsumer|then dodges everything
|
|t:|1650706891
|switch|p1a: Blissey|Blissey, F|100/100
|turn|8
|c| RNG Wizard|rocks
|inactive|BiGBoNeDBoYZ has 90 seconds left.
|
|t:|1650706897
|move|p2a: Zacian|Close Combat|p1a: Blissey
|-supereffective|p1a: Blissey
|-enditem|p1a: Blissey|Focus Sash
|-damage|p1a: Blissey|1/100
|-unboost|p2a: Zacian|def|1
|-unboost|p2a: Zacian|spd|1
|move|p1a: Blissey|Counter|p2a: Zacian
|-end|p2a: Zacian|Substitute
|
|upkeep
|turn|9
|c| RNG Wizard|sash blissey
|inactive|BiGBoNeDBoYZ has 90 seconds left.
|c| Fartconsumer|Sash blissey burhhg
|
|t:|1650706910
|move|p2a: Zacian|Substitute|p2a: Zacian
|-start|p2a: Zacian|Substitute
|-damage|p2a: Zacian|32/100
|move|p1a: Blissey|Minimize|p1a: Blissey
|-boost|p1a: Blissey|evasion|2
|
|upkeep
|turn|10
|c| Fartconsumer|im dying
|c| LaprasPlayer|Miss
|
|t:|1650706916
|move|p2a: Zacian|Wild Charge|p1a: Blissey|[miss]
|-miss|p2a: Zacian|p1a: Blissey
|move|p1a: Blissey|Minimize|p1a: Blissey
|-boost|p1a: Blissey|evasion|2
|
|upkeep
|turn|11
|c| LaprasPlayer|Miss
|j| Clueless Oofles
|c| JedTheHumanoid|lmfaoo
|c| Fartconsumer|No way
|
|t:|1650706923
|move|p2a: Zacian|Wild Charge|p1a: Blissey|[miss]
|-miss|p2a: Zacian|p1a: Blissey
|move|p1a: Blissey|Minimize|p1a: Blissey
|-boost|p1a: Blissey|evasion|2
|
|upkeep
|turn|12
|c| Fartconsumer|ahahaha
|c| RNG Wizard|it cant touch u lol
|
|t:|1650706927
|move|p2a: Zacian|Behemoth Blade|p1a: Blissey
|-damage|p1a: Blissey|0 fnt
|faint|p1a: Blissey
|
|upkeep
|c| LaprasPlayer|bruh
|c| Fartconsumer|Boooo
|c| LaprasPlayer|lnb
|inactive|BiGBoNeDBoYZ has 90 seconds left.
|
|t:|1650706964
|switch|p1a: Blissey|Blissey, F|100/100
|turn|13
|c| JedTheHumanoid|my night has been ruined
|
|t:|1650706972
|move|p2a: Zacian|Close Combat|p1a: Blissey
|-supereffective|p1a: Blissey
|-enditem|p1a: Blissey|Focus Sash
|-damage|p1a: Blissey|1/100
|-unboost|p2a: Zacian|def|1
|-unboost|p2a: Zacian|spd|1
|move|p1a: Blissey|Counter|p2a: Zacian
|-end|p2a: Zacian|Substitute
|
|upkeep
|turn|14
|
|t:|1650706981
|move|p2a: Zacian|Behemoth Blade|p1a: Blissey
|-damage|p1a: Blissey|0 fnt
|faint|p1a: Blissey
|
|upkeep
|inactive|BiGBoNeDBoYZ has 90 seconds left.
|
|t:|1650706996
|switch|p1a: Blissey|Blissey, F|100/100
|turn|15
|
|t:|1650707004
|move|p2a: Zacian|Close Combat|p1a: Blissey
|-supereffective|p1a: Blissey
|-enditem|p1a: Blissey|Focus Sash
|-damage|p1a: Blissey|1/100
|-unboost|p2a: Zacian|def|1
|-unboost|p2a: Zacian|spd|1
|move|p1a: Blissey|Counter|p2a: Zacian
|-damage|p2a: Zacian|0 fnt
|faint|p2a: Zacian
|
|upkeep
|
|t:|1650707007
|switch|p2a: Necrozma|Necrozma-Dusk-Mane|100/100
|turn|16
|
|t:|1650707022
|move|p2a: Necrozma|Stealth Rock|p1a: Blissey
|-sidestart|p1: BiGBoNeDBoYZ|move: Stealth Rock
|move|p1a: Blissey|Flamethrower|p2a: Necrozma
|-supereffective|p2a: Necrozma
|-damage|p2a: Necrozma|79/100
|
|upkeep
|turn|17
|
|t:|1650707029
|move|p2a: Necrozma|Earthquake|p1a: Blissey
|-damage|p1a: Blissey|0 fnt
|faint|p1a: Blissey
|
|upkeep
|c| Fartconsumer|Bruh the coverage
|c| JedTheHumanoid|Are these
|
|t:|1650707036
|switch|p1a: Blissey|Blissey, F|100/100
|-damage|p1a: Blissey|88/100|[from] Stealth Rock
|turn|18
|c| JedTheHumanoid|Serene Grace Blisseys?
|c| RNG Wizard|probs
|
|t:|1650707042
|-start|p2a: Necrozma|Dynamax|
|-heal|p2a: Necrozma|79/100|[silent]
|move|p2a: Necrozma|Max Quake|p1a: Blissey
|-damage|p1a: Blissey|49/100
|-boost|p2a: Necrozma|spd|1
|move|p1a: Blissey|Minimize|p1a: Blissey
|-boost|p1a: Blissey|evasion|2
|
|-heal|p1a: Blissey|55/100|[from] item: Leftovers
|upkeep
|turn|19
|j| MetaAbuserLOL
|c| Fartconsumer|Yeah
|
|t:|1650707051
|-start|p1a: Blissey|Dynamax|
|-heal|p1a: Blissey|55/100|[silent]
|move|p1a: Blissey|Max Guard|p1a: Blissey
|-singleturn|p1a: Blissey|Max Guard
|move|p2a: Necrozma|Max Quake|p1a: Blissey
|-activate|p1a: Blissey|move: Max Guard
|
|-heal|p1a: Blissey|58/100|[from] item: Leftovers
|upkeep
|turn|20
|c| MetaAbuserLOL|oh god
|inactive|BiGBoNeDBoYZ has 120 seconds left.
|c| JedTheHumanoid|What a demon
|c| RNG Wizard|uh oh
|c| Fartconsumer|one of them was running like charge beam and shit lol
|c| RNG Wizard|ya
|c| JedTheHumanoid|lmao
|c| Fartconsumer|Dynamax blissey
|c| Fartconsumer|bruh
|c| JedTheHumanoid|respect the tech
|c| Fartconsumer|10000 ho
|c| RNG Wizard|1.4k hp
|c| MetaAbuserLOL|blissey actually has a crazy good moveset ngl
|inactive|BiGBoNeDBoYZ has 90 seconds left.
|c| RNG Wizard|ya
|
|t:|1650707100
|move|p1a: Blissey|Max Guard||[still]
|-fail|p1a: Blissey
|move|p2a: Necrozma|Max Quake|p1a: Blissey
|-damage|p1a: Blissey|36/100
|-boost|p2a: Necrozma|spd|1
|
|-heal|p1a: Blissey|39/100|[from] item: Leftovers
|-end|p2a: Necrozma|Dynamax
|-heal|p2a: Necrozma|79/100|[silent]
|upkeep
|turn|21
|
|t:|1650707111
|move|p2a: Necrozma|Earthquake|p1a: Blissey
|-damage|p1a: Blissey|23/100
|move|p1a: Blissey|Max Flare|p2a: Necrozma
|-supereffective|p2a: Necrozma
|-damage|p2a: Necrozma|66/100
|-weather|SunnyDay
|
|-weather|SunnyDay|[upkeep]
|-heal|p1a: Blissey|26/100|[from] item: Leftovers
|-end|p1a: Blissey|Dynamax
|-heal|p1a: Blissey|26/100|[silent]
|upkeep
|turn|22
|inactive|BiGBoNeDBoYZ has 90 seconds left.
|c| RNG Wizard|omg so much dmg
|
|t:|1650707122
|move|p2a: Necrozma|Earthquake|p1a: Blissey
|-damage|p1a: Blissey|0 fnt
|faint|p1a: Blissey
|
|-weather|SunnyDay|[upkeep]
|upkeep
|inactive|BiGBoNeDBoYZ has 90 seconds left.
|
|t:|1650707138
|switch|p1a: Blissey|Blissey, F|100/100
|-damage|p1a: Blissey|88/100|[from] Stealth Rock
|turn|23
|
|t:|1650707143
|move|p2a: Necrozma|Earthquake|p1a: Blissey
|-damage|p1a: Blissey|57/100
|move|p1a: Blissey|Minimize|p1a: Blissey
|-boost|p1a: Blissey|evasion|2
|
|-weather|SunnyDay|[upkeep]
|-heal|p1a: Blissey|63/100|[from] item: Leftovers
|upkeep
|turn|24
|c| JedTheHumanoid|Clutch plays incoming
|
|t:|1650707149
|move|p2a: Necrozma|Earthquake|p1a: Blissey|[miss]
|-miss|p2a: Necrozma|p1a: Blissey
|move|p1a: Blissey|Minimize|p1a: Blissey
|-boost|p1a: Blissey|evasion|2
|
|-weather|SunnyDay|[upkeep]
|-heal|p1a: Blissey|69/100|[from] item: Leftovers
|upkeep
|turn|25
|c| MetaAbuserLOL|my question is who this guy beat with the blissey team
|
|t:|1650707158
|move|p2a: Necrozma|Earthquake|p1a: Blissey|[miss]
|-miss|p2a: Necrozma|p1a: Blissey
|move|p1a: Blissey|Minimize|p1a: Blissey
|-boost|p1a: Blissey|evasion|2
|
|-weather|none
|-heal|p1a: Blissey|75/100|[from] item: Leftovers
|upkeep
|turn|26
|
|t:|1650707163
|switch|p2a: Ditto|Ditto|100/100
|-transform|p2a: Ditto|p1a: Blissey|[from] ability: Imposter
|move|p1a: Blissey|Calm Mind|p1a: Blissey
|-boost|p1a: Blissey|spa|1
|-boost|p1a: Blissey|spd|1
|
|-heal|p1a: Blissey|82/100|[from] item: Leftovers
|upkeep
|turn|27
|c| RNG Wizard|he beat someone with stockpile snorlax team
|c| MetaAbuserLOL|jesus
|c| RNG Wizard|like he was using full snorlax
|c| RNG Wizard|and he won lol
|
|t:|1650707185
|switch|p2a: Necrozma|Necrozma-Dusk-Mane|66/100
|move|p1a: Blissey|Calm Mind|p1a: Blissey
|-boost|p1a: Blissey|spa|1
|-boost|p1a: Blissey|spd|1
|
|-heal|p1a: Blissey|88/100|[from] item: Leftovers
|upkeep
|turn|28
|c|☆BiGBoNeDBoYZ|Senor
|c|☆BiGBoNeDBoYZ|PIG God. Is legend
|c|☆BiGBoNeDBoYZ|Snorlax bueno
|c|☆BiGBoNeDBoYZ|Jajaja
|
|t:|1650707209
|move|p2a: Necrozma|Earthquake|p1a: Blissey|[miss]
|-miss|p2a: Necrozma|p1a: Blissey
|move|p1a: Blissey|Calm Mind|p1a: Blissey
|-boost|p1a: Blissey|spa|1
|-boost|p1a: Blissey|spd|1
|
|-heal|p1a: Blissey|94/100|[from] item: Leftovers
|upkeep
|turn|29
|
|t:|1650707213
|move|p2a: Necrozma|Earthquake|p1a: Blissey
|-damage|p1a: Blissey|60/100
|move|p1a: Blissey|Calm Mind|p1a: Blissey
|-boost|p1a: Blissey|spa|1
|-boost|p1a: Blissey|spd|1
|
|-heal|p1a: Blissey|66/100|[from] item: Leftovers
|upkeep
|turn|30
|c| RNG Wizard|yikes
|
|t:|1650707217
|move|p2a: Necrozma|Earthquake|p1a: Blissey
|-damage|p1a: Blissey|35/100
|move|p1a: Blissey|Calm Mind|p1a: Blissey
|-boost|p1a: Blissey|spa|1
|-boost|p1a: Blissey|spd|1
|
|-heal|p1a: Blissey|42/100|[from] item: Leftovers
|upkeep
|turn|31
|
|t:|1650707221
|move|p2a: Necrozma|Earthquake|p1a: Blissey|[miss]
|-miss|p2a: Necrozma|p1a: Blissey
|move|p1a: Blissey|Rest|p1a: Blissey
|-status|p1a: Blissey|slp|[from] move: Rest
|-heal|p1a: Blissey|100/100 slp|[silent]
|
|upkeep
|turn|32
|
|t:|1650707228
|move|p2a: Necrozma|Thunder Wave||[still]
|-fail|p2a: Necrozma
|cant|p1a: Blissey|slp
|
|upkeep
|turn|33
|c| JedTheHumanoid|lets goooo
|c| MetaAbuserLOL|stored power
|c| RNG Wizard|uh oh
|
|t:|1650707243
|move|p2a: Necrozma|Stealth Rock||[still]
|-fail|p2a: Necrozma
|cant|p1a: Blissey|slp
|
|upkeep
|turn|34
|
|t:|1650707247
|move|p2a: Necrozma|Stealth Rock||[still]
|-fail|p2a: Necrozma
|-curestatus|p1a: Blissey|slp|[msg]
|move|p1a: Blissey|Calm Mind|p1a: Blissey
|-boost|p1a: Blissey|spa|1
|-boost|p1a: Blissey|spd|1
|
|upkeep
|turn|35
|c| RNG Wizard|stored power cant touch yveltal tho
|
|t:|1650707255
|move|p2a: Necrozma|Stealth Rock||[still]
|-fail|p2a: Necrozma
|move|p1a: Blissey|Ice Beam|p2a: Necrozma
|-resisted|p2a: Necrozma
|-damage|p2a: Necrozma|39/100
|
|upkeep
|turn|36
|
|t:|1650707262
|move|p2a: Necrozma|Moonlight|p2a: Necrozma
|-heal|p2a: Necrozma|89/100
|move|p1a: Blissey|Ice Beam|p2a: Necrozma
|-resisted|p2a: Necrozma
|-damage|p2a: Necrozma|61/100
|-status|p2a: Necrozma|frz
|
|upkeep
|turn|37
|c| RNG Wizard|oh ice beam
|c| Fartconsumer|Bruh
|c| MetaAbuserLOL|hes got a back up for sure
|c| RNG Wizard|rip
|c| JedTheHumanoid|rip
|l| LaprasPlayer
|
|t:|1650707288
|cant|p2a: Necrozma|frz
|move|p1a: Blissey|Ice Beam|p2a: Necrozma
|-resisted|p2a: Necrozma
|-damage|p2a: Necrozma|34/100 frz
|
|upkeep
|turn|38
|c| MetaAbuserLOL|wait lets put some respect on this guy
|c| Fartconsumer|If this dude wins I swear to god lol
|c| RNG Wizard|I wonder if pp stall works
|c| RNG Wizard|with ditto
|c| Fartconsumer|Maybe
|
|t:|1650707299
|switch|p2a: Ditto|Ditto|100/100
|-transform|p2a: Ditto|p1a: Blissey|[from] ability: Imposter
|move|p1a: Blissey|Ice Beam|p2a: Ditto|[miss]
|-miss|p1a: Blissey|p2a: Ditto
|
|upkeep
|turn|39
|c| JedTheHumanoid|respec the tec yall, fr
|c| MetaAbuserLOL|he killed a zacian with blissey
|
|t:|1650707308
|move|p2a: Ditto|Ice Beam|p1a: Blissey
|-damage|p1a: Blissey|95/100
|move|p1a: Blissey|Calm Mind|p1a: Blissey
|-boost|p1a: Blissey|spa|0
|-boost|p1a: Blissey|spd|0
|
|-heal|p1a: Blissey|100/100|[from] item: Leftovers
|upkeep
|turn|40
|c| JedTheHumanoid|dude knows what he's doing
|
|t:|1650707313
|move|p2a: Ditto|Ice Beam|p1a: Blissey|[miss]
|-miss|p2a: Ditto|p1a: Blissey
|move|p1a: Blissey|Calm Mind|p1a: Blissey
|-boost|p1a: Blissey|spa|0
|-boost|p1a: Blissey|spd|0
|
|upkeep
|turn|41
|
|t:|1650707318
|switch|p2a: Necrozma|Necrozma-Dusk-Mane|34/100 frz
|move|p1a: Blissey|Calm Mind|p1a: Blissey
|-boost|p1a: Blissey|spa|0
|-boost|p1a: Blissey|spd|0
|
|upkeep
|turn|42
|
|t:|1650707321
|switch|p2a: Ditto|Ditto|100/100
|-transform|p2a: Ditto|p1a: Blissey|[from] ability: Imposter
|move|p1a: Blissey|Ice Beam|p2a: Ditto|[miss]
|-miss|p1a: Blissey|p2a: Ditto
|
|upkeep
|turn|43
|c|☆BiGBoNeDBoYZ|Jajaja courage break
|c|☆BiGBoNeDBoYZ|Runnings
|c|☆BiGBoNeDBoYZ|TEAM BLISSEY SUPREMO
|j| Babu & Shone♥♥
|c|☆BiGBoNeDBoYZ|MAKINGS LEGEND RUN
|c|☆BiGBoNeDBoYZ|JAJAJA
|inactive|BiGBoNeDBoYZ has 120 seconds left.
|
|t:|1650707353
|move|p2a: Ditto|Minimize|p2a: Ditto
|-boost|p2a: Ditto|evasion|0
|move|p1a: Blissey|Calm Mind|p1a: Blissey
|-boost|p1a: Blissey|spa|0
|-boost|p1a: Blissey|spd|0
|
|upkeep
|turn|44
|c| MetaAbuserLOL|this guys crazy
|c| JedTheHumanoid|of all the languages on earth, he spoke facts
|inactive|BiGBoNeDBoYZ has 120 seconds left.
|c| Fartconsumer|He’s going mad from all the power
|c| Fartconsumer|blissey tech too strong
|c| RNG Wizard|go for freeze hax
|c|☆BiGBoNeDBoYZ|COME LEGEND. FACE YOU FIGHT LIKE MAN SENOR
|
|t:|1650707393
|switch|p2a: Necrozma|Necrozma-Dusk-Mane|34/100 frz
|move|p1a: Blissey|Calm Mind|p1a: Blissey
|-boost|p1a: Blissey|spa|0
|-boost|p1a: Blissey|spd|0
|
|upkeep
|turn|45
|
|t:|1650707398
|cant|p2a: Necrozma|frz
|move|p1a: Blissey|Calm Mind|p1a: Blissey
|-boost|p1a: Blissey|spa|0
|-boost|p1a: Blissey|spd|0
|
|upkeep
|turn|46
|
|t:|1650707402
|switch|p2a: Ditto|Ditto|100/100
|-transform|p2a: Ditto|p1a: Blissey|[from] ability: Imposter
|move|p1a: Blissey|Ice Beam|p2a: Ditto|[miss]
|-miss|p1a: Blissey|p2a: Ditto
|
|upkeep
|turn|47
|c| MetaAbuserLOL|hes gonna run out of ice beam
|c| RNG Wizard|ya
|
|t:|1650707409
|move|p2a: Ditto|Ice Beam|p1a: Blissey
|-damage|p1a: Blissey|95/100
|-status|p1a: Blissey|frz
|cant|p1a: Blissey|frz
|
|-heal|p1a: Blissey|100/100 frz|[from] item: Leftovers
|upkeep
|turn|48
|c| Fartconsumer|Big sad
|c|☆BiGBoNeDBoYZ|SENOR
|c| RNG Wizard|yo
|c|☆BiGBoNeDBoYZ|NO. CARE
|c| MetaAbuserLOL|FREEZE
|c| JedTheHumanoid|that's actually good imo
|c| RNG Wizard|wait
|c| JedTheHumanoid|save pp
|inactive|BiGBoNeDBoYZ has 120 seconds left.
|c|☆BiGBoNeDBoYZ|AM LEGEND
|c| RNG Wizard|no pp stall
|c| Babu & Shone♥♥|Yes
|
|t:|1650707433
|switch|p2a: Necrozma|Necrozma-Dusk-Mane|34/100 frz
|cant|p1a: Blissey|frz
|
|upkeep
|turn|49
|c| Fartconsumer|Some people just want to watch the world brun
|
|t:|1650707438
|cant|p2a: Necrozma|frz
|cant|p1a: Blissey|frz
|
|upkeep
|turn|50
|c| RNG Wizard|lmao
|j| chemistry noob
|c| Fartconsumer|burn*
|c| RNG Wizard|both sides are frozen
|c| Babu & Shone♥♥|But he will just switch endlessly
|inactive|BiGBoNeDBoYZ has 120 seconds left.
|c| Fartconsumer|Bruh
|c|☆BiGBoNeDBoYZ|God pokemon runnings from blissey
|c|☆BiGBoNeDBoYZ|Jajajaja
|c| MetaAbuserLOL|prottay dead silent
|j| Little Luvie❤
|c| MetaAbuserLOL|in the zone
|c|☆BiGBoNeDBoYZ|Team big is of legend
|c| Fartconsumer|We stan blissey
|c| Clueless Oofles|watch boyz hit ditto with crit.
|inactive|BiGBoNeDBoYZ has 90 seconds left.
|c| JedTheHumanoid|imagine if this tier didn't have ditto
|c| MetaAbuserLOL|we stan big boned boyz
|c|☆Prottay1317❤|i am trying to understand gods language
|c| JedTheHumanoid|it would be 9000% more fun
|
|t:|1650707492
|cant|p2a: Necrozma|frz
|cant|p1a: Blissey|frz
|
|upkeep
|turn|51
|inactive|BiGBoNeDBoYZ has 90 seconds left.
|
|t:|1650707498
|cant|p2a: Necrozma|frz
|cant|p1a: Blissey|frz
|
|upkeep
|turn|52
|c| Fartconsumer|The freeze off
|inactive|BiGBoNeDBoYZ has 90 seconds left.
|l|☆BiGBoNeDBoYZ
|inactive|BiGBoNeDBoYZ disconnected and has a minute to reconnect!
|player|p1|
|c| JedTheHumanoid|come back
|c| RNG Wizard|nooooo why
|c| JedTheHumanoid|:'c
|j| Nitryxium
|j|☆BiGBoNeDBoYZ
|inactive|BiGBoNeDBoYZ reconnected and has 70 seconds left.
|player|p1|BiGBoNeDBoYZ|crasherwake
|
|t:|1650707531
|cant|p2a: Necrozma|frz
|cant|p1a: Blissey|frz
|
|upkeep
|turn|53
|c| MetaAbuserLOL|fart are u scared of what u could verse in the finals
|c| Fartconsumer|Wait didn’t he have taunt in caly
|c| Fartconsumer|howd he let this happen lol
|c| RNG Wizard|fart is probs c teaming now
|c| JedTheHumanoid|LOL
|c|☆BiGBoNeDBoYZ|Pottay senor
|inactive|BiGBoNeDBoYZ has 60 seconds left.
|c|☆BiGBoNeDBoYZ|Why you of runnings
|
|t:|1650707559
|cant|p2a: Necrozma|frz
|-curestatus|p1a: Blissey|frz|[msg]
|move|p1a: Blissey|Calm Mind|p1a: Blissey
|-boost|p1a: Blissey|spa|0
|-boost|p1a: Blissey|spd|0
|
|upkeep
|turn|54
|c|☆Prottay1317❤|no moves on caly to touch blissey
|
|t:|1650707567
|cant|p2a: Necrozma|frz
|move|p1a: Blissey|Calm Mind|p1a: Blissey
|-boost|p1a: Blissey|spa|0
|-boost|p1a: Blissey|spd|0
|
|upkeep
|turn|55
|c| JedTheHumanoid|He's speaking the language of the gods
|inactive|BiGBoNeDBoYZ no longer wants the timer on, but the timer is staying on because staff still does.
|
|t:|1650707571
|switch|p2a: Ditto|Ditto|100/100
|-transform|p2a: Ditto|p1a: Blissey|[from] ability: Imposter
|move|p1a: Blissey|Calm Mind|p1a: Blissey
|-boost|p1a: Blissey|spa|0
|-boost|p1a: Blissey|spd|0
|
|upkeep
|turn|56
|c| RNG Wizard|oof
|c| Fartconsumer|Can’t you taunt then switch in something to deal with bliss ?
|
|t:|1650707586
|move|p2a: Ditto|Ice Beam|p1a: Blissey
|-crit|p1a: Blissey
|-damage|p1a: Blissey|67/100
|move|p1a: Blissey|Calm Mind|p1a: Blissey
|-boost|p1a: Blissey|spa|0
|-boost|p1a: Blissey|spd|0
|
|-heal|p1a: Blissey|73/100|[from] item: Leftovers
|upkeep
|turn|57
|c| Little Luvie❤|you could have taunted the bliss when you had the chance
|c| RNG Wizard|it will get pp stalled
|c|☆Prottay1317❤|evasion
|c| RNG Wizard|so
|
|t:|1650707605
|move|p2a: Ditto|Ice Beam|p1a: Blissey
|-damage|p1a: Blissey|67/100
|-status|p1a: Blissey|frz
|cant|p1a: Blissey|frz
|
|-heal|p1a: Blissey|74/100 frz|[from] item: Leftovers
|upkeep
|turn|58
|c|☆BiGBoNeDBoYZ|Subscribe Bigbonedboyz YouTube channel
|inactive|BiGBoNeDBoYZ has 90 seconds left.
|c|☆BiGBoNeDBoYZ|Senors
|c| Little Luvie❤|before evasion
|c|☆BiGBoNeDBoYZ|Jajaja
|c| JedTheHumanoid|lol
|c| Nitryxium|if you win ill sub
|
|t:|1650707622
|switch|p2a: Necrozma|Necrozma-Dusk-Mane|34/100 frz
|cant|p1a: Blissey|frz
|
|-heal|p1a: Blissey|80/100 frz|[from] item: Leftovers
|upkeep
|turn|59
|j| MasterSmol
|c| MetaAbuserLOL|prottay forfeit let big bone go to the finals and ill paypal u
|c| MetaAbuserLOL|2$
|c| JedTheHumanoid|Stonks
|c|☆Prottay1317❤|2$?
|c|☆Prottay1317❤|nah
|inactive|Prottay1317❤ has 120 seconds left.
|c| MasterSmol|ill pp u $3
|
|t:|1650707653
|-curestatus|p2a: Necrozma|frz|[msg]
|move|p2a: Necrozma|Moonlight|p2a: Necrozma
|-heal|p2a: Necrozma|84/100
|cant|p1a: Blissey|frz
|
|-heal|p1a: Blissey|86/100 frz|[from] item: Leftovers
|upkeep
|turn|60
|c| MasterSmol|5 in total
|c| MetaAbuserLOL|thats 5
|
|t:|1650707666
|switch|p2a: Ditto|Ditto|100/100
|-transform|p2a: Ditto|p1a: Blissey|[from] ability: Imposter
|-curestatus|p1a: Blissey|frz|[msg]
|move|p1a: Blissey|Calm Mind|p1a: Blissey
|-boost|p1a: Blissey|spa|0
|-boost|p1a: Blissey|spd|0
|
|-heal|p1a: Blissey|92/100|[from] item: Leftovers
|upkeep
|turn|61
|c| MetaAbuserLOL|cmon prottay
|c|☆BiGBoNeDBoYZ|Am no care if losses
|c| JedTheHumanoid|Chad behavior
|c|☆BiGBoNeDBoYZ|Am. Want showings world power team bignpokemon
|c|☆Prottay1317❤|will fartconsumer forfeit the final as well?
|inactive|BiGBoNeDBoYZ has 60 seconds left.
|
|t:|1650707691
|move|p2a: Ditto|Ice Beam|p1a: Blissey
|-damage|p1a: Blissey|87/100
|move|p1a: Blissey|Calm Mind|p1a: Blissey
|-boost|p1a: Blissey|spa|0
|-boost|p1a: Blissey|spd|0
|
|-heal|p1a: Blissey|93/100|[from] item: Leftovers
|upkeep
|turn|62
|c| MetaAbuserLOL|fart?
|
|t:|1650707701
|switch|p2a: Necrozma|Necrozma-Dusk-Mane|84/100
|move|p1a: Blissey|Rest|p1a: Blissey
|-status|p1a: Blissey|slp|[from] move: Rest
|-heal|p1a: Blissey|100/100 slp|[silent]
|
|upkeep
|turn|63
|c| Fartconsumer|Sure lol
|c| Fartconsumer|blissey Supremacy
|c|☆BiGBoNeDBoYZ|Senor. This video for is of mi YouTube channels
|inactive|BiGBoNeDBoYZ has 60 seconds left.
|c|☆BiGBoNeDBoYZ|Bigbonedboyz
|c| MetaAbuserLOL|blissey man must win
|c|☆BiGBoNeDBoYZ|Jajajja
|c| MetaAbuserLOL|jajajajajaj
|c| MetaAbuserLOL|a
|c|☆Prottay1317❤|ok than
|
|t:|1650707729
|switch|p2a: Ditto|Ditto|100/100
|-transform|p2a: Ditto|p1a: Blissey|[from] ability: Imposter
|cant|p1a: Blissey|slp
|
|upkeep
|turn|64
|inactive|BiGBoNeDBoYZ has 60 seconds left.
|c|☆Prottay1317❤|doing it for the majority
|inactive|Prottay1317❤ has 120 seconds left.
|c| Fartconsumer|Yayy
|c|☆Prottay1317❤|an blissy supremay
|c| JedTheHumanoid|I love democracy
|-message|Prottay1317❤ forfeited.
|
|win|BiGBoNeDBoYZ
|n|☆Prottay1317❤|prottay1317
|n| RNG Wizard|rngwizard
|n| Fartconsumer|fartconsumer
|n| JedTheHumanoid|jedthehumanoid
|n| Clueless Oofles|cluelessoofles
|n| MetaAbuserLOL|metaabuserlol
|n| Babu & Shone♥♥|babushone
|n| chemistry noob|chemistrynoob
|n| Little Luvie❤|littleluvie
|n| Nitryxium|nitryxium
|n|☆BiGBoNeDBoYZ|bigbonedboyz
|n| MasterSmol|mastersmol
|l|☆Prottay1317❤
|c| MetaAbuserLOL|we stan boned
|j|☆Prottay1317❤
|player|p2|Prottay1317❤|eusine
|l| Nitryxium
|c|☆BiGBoNeDBoYZ|Subscribe bigbonedboyz youtube
|c|☆BiGBoNeDBoYZ|Jajaja
|l| RNG Wizard
|c| MetaAbuserLOL|i got you
|l| Little Luvie❤
