|j|☆Felix.st
|j|☆JedTheHumanoid
|t:|1651551894
|gametype|singles
|player|p1|Felix.st|brycenman|1758
|player|p2|JedTheHumanoid|tuber-gen3|1855
|teamsize|p1|6
|teamsize|p2|6
|gen|8
|tier|[Gen 8] National Dex AG
|rated|
|rule|HP Percentage Mod: HP is shown in percentages
|rule|Endless Battle Clause: Forcing endless battles is banned
|clearpoke
|poke|p1|Groudon|
|poke|p1|Yveltal|
|poke|p1|Xerneas-*|
|poke|p1|Deoxys-Attack|
|poke|p1|Vivillon-Fancy, F|
|poke|p1|Ditto|
|poke|p2|Palkia|
|poke|p2|Marshadow|
|poke|p2|Arceus-*|
|poke|p2|Calyrex-Shadow|
|poke|p2|Xerneas-*|
|poke|p2|Excadrill, F|
|teampreview
|
|t:|1651551905
|start
|switch|p1a: Deoxys|Deoxys-Attack|100/100
|switch|p2a: Excadrill|Excadrill, F|100/100
|-ability|p1a: Deoxys|Pressure
|-ability|p2a: Excadrill|Mold Breaker
|turn|1
|
|t:|1651551914
|move|p1a: Deoxys|Icy Wind|p2a: Excadrill
|-damage|p2a: Excadrill|61/100
|-unboost|p2a: Excadrill|spe|1
|move|p2a: Excadrill|Rapid Spin|p1a: Deoxys
|-damage|p1a: Deoxys|18/100
|-boost|p2a: Excadrill|spe|1
|
|upkeep
|turn|2
|
|t:|1651551922
|move|p1a: Deoxys|Psycho Boost|p2a: Excadrill
|-resisted|p2a: Excadrill
|-damage|p2a: Excadrill|0 fnt
|-unboost|p1a: Deoxys|spa|2
|faint|p2a: Excadrill
|
|upkeep
|
|t:|1651551929
|switch|p2a: Marshadow|Marshadow|100/100
|turn|3
|
|t:|1651551954
|switch|p1a: Groudon|Groudon|100/100
|detailschange|p1a: Groudon|Groudon-Primal
|-primal|p1a: Groudon
|-weather|DesolateLand|[from] ability: Desolate Land|[of] p1a: Groudon
|move|p2a: Marshadow|Shadow Sneak|p1a: Groudon
|-damage|p1a: Groudon|83/100
|
|-weather|DesolateLand|[upkeep]
|upkeep
|turn|4
|inactive|Battle timer is ON: inactive players will automatically lose when time's up. (requested by Felix.st)
|
|t:|1651551967
|move|p2a: Marshadow|Close Combat|p1a: Groudon
|-damage|p1a: Groudon|48/100
|-unboost|p2a: Marshadow|def|1
|-unboost|p2a: Marshadow|spd|1
|move|p1a: Groudon|Heat Crash|p2a: Marshadow
|-enditem|p2a: Marshadow|Focus Sash
|-damage|p2a: Marshadow|1/100
|
|-weather|DesolateLand|[upkeep]
|upkeep
|turn|5
|
|t:|1651551997
|move|p2a: Marshadow|Endeavor|p1a: Groudon
|-damage|p1a: Groudon|1/100
|move|p1a: Groudon|Heat Crash|p2a: Marshadow
|-damage|p2a: Marshadow|0 fnt
|faint|p2a: Marshadow
|
|-weather|DesolateLand|[upkeep]
|upkeep
|
|t:|1651552007
|switch|p2a: Xerneas|Xerneas|100/100
|-ability|p2a: Xerneas|Fairy Aura
|turn|6
|
|t:|1651552021
|move|p2a: Xerneas|Moonblast|p1a: Groudon
|-resisted|p1a: Groudon
|-damage|p1a: Groudon|0 fnt
|faint|p1a: Groudon
|-weather|none
|
|upkeep
|
|t:|1651552024
|switch|p1a: Vivillon|Vivillon-Fancy, F|100/100
|turn|7
|
|t:|1651552030
|move|p2a: Xerneas|Thunder|p1a: Vivillon|[miss]
|-miss|p2a: Xerneas|p1a: Vivillon
|move|p1a: Vivillon|Sleep Powder|p2a: Xerneas
|-status|p2a: Xerneas|slp|[from] move: Sleep Powder
|
|upkeep
|turn|8
|
|t:|1651552036
|switch|p2a: Calyrex|Calyrex-Shadow|100/100
|-ability|p2a: Calyrex|As One
|-ability|p2a: Calyrex|Unnerve
|move|p1a: Vivillon|Substitute|p1a: Vivillon
|-start|p1a: Vivillon|Substitute
|-damage|p1a: Vivillon|76/100
|
|-heal|p1a: Vivillon|82/100|[from] item: Leftovers
|upkeep
|turn|9
|
|t:|1651552039
|move|p2a: Calyrex|Substitute|p2a: Calyrex
|-start|p2a: Calyrex|Substitute
|-damage|p2a: Calyrex|76/100
|move|p1a: Vivillon|Sleep Powder||[still]
|-fail|p1a: Vivillon
|
|-heal|p1a: Vivillon|88/100|[from] item: Leftovers
|upkeep
|turn|10
|
|t:|1651552046
|move|p2a: Calyrex|Astral Barrage|p1a: Vivillon
|-end|p1a: Vivillon|Substitute
|move|p1a: Vivillon|Hurricane|p2a: Calyrex
|-end|p2a: Calyrex|Substitute
|
|-heal|p1a: Vivillon|94/100|[from] item: Leftovers
|upkeep
|turn|11
|
|t:|1651552061
|switch|p1a: Deoxys|Deoxys-Attack|18/100
|-ability|p1a: Deoxys|Pressure
|move|p2a: Calyrex|Astral Barrage|p1a: Deoxys
|-supereffective|p1a: Deoxys
|-damage|p1a: Deoxys|0 fnt
|faint|p1a: Deoxys
|-ability|p2a: Calyrex|Grim Neigh|boost
|-boost|p2a: Calyrex|spa|1
|
|upkeep
|
|t:|1651552064
|switch|p1a: Ditto|Ditto|100/100
|-transform|p1a: Ditto|p2a: Calyrex|[from] ability: Imposter
|turn|12
|
|t:|1651552068
|switch|p2a: Arceus|Arceus|100/100
|move|p1a: Ditto|Astral Barrage|p2a: Arceus
|-immune|p2a: Arceus
|
|upkeep
|turn|13
|
|t:|1651552076
|switch|p1a: Xerneas|Xerneas|100/100
|-ability|p1a: Xerneas|Fairy Aura
|move|p2a: Arceus|Swords Dance|p2a: Arceus
|-boost|p2a: Arceus|atk|2
|
|upkeep
|turn|14
|inactive|Felix.st has 120 seconds left.
|
|t:|1651552108
|-start|p2a: Arceus|Dynamax|
|-heal|p2a: Arceus|100/100|[silent]
|move|p2a: Arceus|Max Strike|p1a: Xerneas
|-damage|p1a: Xerneas|0 fnt
|faint|p1a: Xerneas
|
|upkeep
|
|t:|1651552113
|switch|p1a: Yveltal|Yveltal|100/100
|-ability|p1a: Yveltal|Dark Aura
|turn|15
|
|t:|1651552117
|-start|p1a: Yveltal|Dynamax|
|-heal|p1a: Yveltal|100/100|[silent]
|move|p1a: Yveltal|Max Airstream|p2a: Arceus
|-damage|p2a: Arceus|66/100
|-boost|p1a: Yveltal|spe|1
|-damage|p1a: Yveltal|96/100|[from] item: Life Orb
|move|p2a: Arceus|Max Strike|p1a: Yveltal
|-damage|p1a: Yveltal|27/100
|-unboost|p1a: Yveltal|spe|1
|
|upkeep
|turn|16
|
|t:|1651552123
|move|p1a: Yveltal|Max Darkness|p2a: Arceus
|-damage|p2a: Arceus|24/100
|-unboost|p2a: Arceus|spd|1
|-damage|p1a: Yveltal|23/100|[from] item: Life Orb
|move|p2a: Arceus|Max Strike|p1a: Yveltal
|-damage|p1a: Yveltal|0 fnt
|faint|p1a: Yveltal
|
|upkeep
|
|t:|1651552126
|switch|p1a: Ditto|Ditto|100/100
|-transform|p1a: Ditto|p2a: Arceus|[from] ability: Imposter
|-end|p2a: Arceus|Dynamax
|-heal|p2a: Arceus|24/100|[silent]
|turn|17
|
|t:|1651552129
|move|p1a: Ditto|Extreme Speed|p2a: Arceus
|-damage|p2a: Arceus|0 fnt
|faint|p2a: Arceus
|
|upkeep
|
|t:|1651552134
|switch|p2a: Calyrex|Calyrex-Shadow|76/100
|-ability|p2a: Calyrex|As One
|-ability|p2a: Calyrex|Unnerve
|turn|18
|inactive|Felix.st has 120 seconds left.
|
|t:|1651552164
|switch|p1a: Vivillon|Vivillon-Fancy, F|94/100
|move|p2a: Calyrex|Substitute|p2a: Calyrex
|-start|p2a: Calyrex|Substitute
|-damage|p2a: Calyrex|51/100
|
|-heal|p1a: Vivillon|99/100|[from] item: Leftovers
|upkeep
|turn|19
|
|t:|1651552172
|move|p2a: Calyrex|Astral Barrage|p1a: Vivillon
|-damage|p1a: Vivillon|0 fnt
|faint|p1a: Vivillon
|-ability|p2a: Calyrex|Grim Neigh|boost
|-boost|p2a: Calyrex|spa|1
|
|upkeep
|
|t:|1651552174
|switch|p1a: Ditto|Ditto|100/100
|turn|20
|-message|Felix.st forfeited.
|
|win|JedTheHumanoid
|raw|Felix.st's rating: 1758 &rarr; <strong>1743</strong><br />(-15 for losing)
|raw|JedTheHumanoid's rating: 1855 &rarr; <strong>1870</strong><br />(+15 for winning)
|l|☆Felix.st
|c|☆JedTheHumanoid|gg
