|j|☆Ngyesmemes
|j|☆Maxime et fildrong
|t:|1627158905
|gametype|singles
|player|p1|Ngyesmemes|lance-gen1|1343
|player|p2|Maxime et fildrong|ingo|1634
|teamsize|p1|6
|teamsize|p2|6
|gen|8
|tier|[Gen 8] National Dex AG
|rated|
|rule|HP Percentage Mod: HP is shown in percentages
|rule|Endless Battle Clause: Forcing endless battles is banned
|clearpoke
|poke|p1|Moltres-Galar|
|poke|p1|Torkoal, M|
|poke|p1|Giratina|
|poke|p1|Ninetales-Alola, F|
|poke|p1|Garchomp, M|
|poke|p1|Mawile, F|
|poke|p2|Arceus-*|
|poke|p2|Rayquaza|
|poke|p2|Groudon|
|poke|p2|Marshadow|
|poke|p2|Xerneas-*|
|poke|p2|Arceus-*|
|teampreview
|inactive|Battle timer is ON: inactive players will automatically lose when time's up. (requested by Maxime et fildrong)
|c|☆Ngyesmemes|glhf
|
|t:|1627158929
|start
|switch|p1a: Beauty|Ninetales-Alola, F|100/100
|switch|p2a: Groudon|Groudon|100/100
|-weather|Hail|[from] ability: Snow Warning|[of] p1a: Beauty
|detailschange|p2a: Groudon|Groudon-Primal
|-primal|p2a: Groudon
|-weather|DesolateLand|[from] ability: Desolate Land|[of] p2a: Groudon
|turn|1
|
|t:|1627158945
|switch|p1a: Chain Chomp|Garchomp, M|100/100
|move|p2a: Groudon|Precipice Blades|p1a: Chain Chomp
|-damage|p1a: Chain Chomp|18/100
|
|-weather|DesolateLand|[upkeep]
|upkeep
|turn|2
|c|☆Ngyesmemes|eh wow
|
|t:|1627158956
|-weather|none
|switch|p2a: Arceus|Arceus-Ground|100/100
|-zpower|p1a: Chain Chomp
|move|p1a: Chain Chomp|Tectonic Rage|p2a: Arceus|[zeffect]
|-damage|p2a: Arceus|57/100
|
|upkeep
|turn|3
|inactive|Maxime et fildrong has 120 seconds left.
|c|☆Maxime et fildrong|regarde mes point je suis pas la pour faire mumuse
|
|t:|1627158989
|switch|p1a: Beauty|Ninetales-Alola, F|100/100
|-weather|Hail|[from] ability: Snow Warning|[of] p1a: Beauty
|move|p2a: Arceus|Will-O-Wisp|p1a: Beauty
|-status|p1a: Beauty|brn
|
|-weather|Hail|[upkeep]
|-damage|p2a: Arceus|50/100|[from] Hail
|-damage|p1a: Beauty|95/100 brn|[from] brn
|upkeep
|turn|4
|c|☆Ngyesmemes|non
|c|☆Ngyesmemes|:>
|c|☆Maxime et fildrong|ok
|c|☆Ngyesmemes|on prend du plaisir en jouant
|inactive|Ngyesmemes has 120 seconds left.
|
|t:|1627159023
|switch|p2a: Arceus|Arceus-Steel|100/100
|move|p1a: Beauty|Aurora Veil|p1a: Beauty
|-sidestart|p1: Ngyesmemes|move: Aurora Veil
|
|-weather|Hail|[upkeep]
|-damage|p2a: Arceus|94/100|[from] Hail
|-damage|p1a: Beauty|89/100 brn|[from] brn
|upkeep
|turn|5
|c|☆Maxime et fildrong|oui
|
|t:|1627159028
|switch|p1a: Torkoal|Torkoal, M|100/100
|-weather|SunnyDay|[from] ability: Drought|[of] p1a: Torkoal
|move|p2a: Arceus|Stealth Rock|p1a: Torkoal
|-sidestart|p1: Ngyesmemes|move: Stealth Rock
|
|-weather|SunnyDay|[upkeep]
|upkeep
|turn|6
|
|t:|1627159036
|switch|p2a: Rayquaza|Rayquaza|100/100
|-ability|p2a: Rayquaza|Air Lock
|move|p1a: Torkoal|Stealth Rock|p2a: Rayquaza
|-sidestart|p2: Maxime et fildrong|move: Stealth Rock
|
|-weather|SunnyDay|[upkeep]
|upkeep
|turn|7
|
|t:|1627159047
|detailschange|p2a: Rayquaza|Rayquaza-Mega
|-mega|p2a: Rayquaza|Rayquaza|
|-weather|DeltaStream|[from] ability: Delta Stream|[of] p2a: Rayquaza
|move|p2a: Rayquaza|Dragon Ascent|p1a: Torkoal
|-damage|p1a: Torkoal|55/100
|-unboost|p2a: Rayquaza|def|1
|-unboost|p2a: Rayquaza|spd|1
|move|p1a: Torkoal|Yawn|p2a: Rayquaza
|-start|p2a: Rayquaza|move: Yawn|[of] p1a: Torkoal
|
|-weather|DeltaStream|[upkeep]
|upkeep
|turn|8
|
|t:|1627159066
|-weather|none
|switch|p2a: Arceus|Arceus-Ground|50/100
|-damage|p2a: Arceus|44/100|[from] Stealth Rock
|switch|p1a: Nightmarish|Giratina|100/100
|-damage|p1a: Nightmarish|88/100|[from] Stealth Rock
|-ability|p1a: Nightmarish|Pressure
|
|-heal|p1a: Nightmarish|94/100|[from] item: Leftovers
|upkeep
|turn|9
|inactive|Maxime et fildrong has 120 seconds left.
|c|☆Ngyesmemes|attends une seconde
|c|☆Maxime et fildrong|ok
|inactive|Maxime et fildrong has 90 seconds left.
|c|☆Ngyesmemes|t'es pas un youtuber par hasard ?
|c|☆Ngyesmemes|j'ai entendu ça quelque oart
|c|☆Ngyesmemes|part*
|c|☆Maxime et fildrong|nan
|
|t:|1627159147
|move|p2a: Arceus|Will-O-Wisp|p1a: Nightmarish
|-status|p1a: Nightmarish|brn
|move|p1a: Nightmarish|Defog|p2a: Arceus
|-unboost|p2a: Arceus|evasion|1
|-sideend|p2: Maxime et fildrong|Stealth Rock|[from] move: Defog|[of] p1a: Nightmarish
|-sideend|p1: Ngyesmemes|Stealth Rock|[from] move: Defog|[of] p1a: Nightmarish
|
|-heal|p1a: Nightmarish|99/100 brn|[from] item: Leftovers
|-damage|p1a: Nightmarish|94/100 brn|[from] brn
|upkeep
|turn|10
|c|☆Ngyesmemes|ah ok
|
|t:|1627159158
|move|p2a: Arceus|Recover|p2a: Arceus
|-heal|p2a: Arceus|94/100
|move|p1a: Nightmarish|Will-O-Wisp|p2a: Arceus
|-status|p2a: Arceus|brn
|
|-heal|p1a: Nightmarish|99/100 brn|[from] item: Leftovers
|-damage|p2a: Arceus|88/100 brn|[from] brn
|-damage|p1a: Nightmarish|94/100 brn|[from] brn
|upkeep
|turn|11
|
|t:|1627159168
|switch|p2a: Xerneas|Xerneas|100/100
|-ability|p2a: Xerneas|Fairy Aura
|move|p1a: Nightmarish|Hex|p2a: Xerneas
|-damage|p2a: Xerneas|81/100
|
|-heal|p1a: Nightmarish|99/100 brn|[from] item: Leftovers
|-damage|p1a: Nightmarish|94/100 brn|[from] brn
|-sideend|p1: Ngyesmemes|move: Aurora Veil
|upkeep
|turn|12
|
|t:|1627159174
|switch|p1a: ok|Moltres-Galar|100/100
|move|p2a: Xerneas|Geomancy||[still]
|-prepare|p2a: Xerneas|Geomancy
|-enditem|p2a: Xerneas|Power Herb
|-anim|p2a: Xerneas|Geomancy|p2a: Xerneas
|-boost|p2a: Xerneas|spa|2
|-boost|p2a: Xerneas|spd|2
|-boost|p2a: Xerneas|spe|2
|
|upkeep
|turn|13
|
|t:|1627159186
|-start|p2a: Xerneas|Dynamax
|-heal|p2a: Xerneas|81/100|[silent]
|-start|p1a: ok|Dynamax
|-heal|p1a: ok|100/100|[silent]
|move|p2a: Xerneas|Max Lightning|p1a: ok
|-supereffective|p1a: ok
|-damage|p1a: ok|15/100
|-fieldstart|move: Electric Terrain
|-enditem|p1a: ok|Weakness Policy
|-boost|p1a: ok|atk|2|[from] item: Weakness Policy
|-boost|p1a: ok|spa|2|[from] item: Weakness Policy
|-ability|p1a: ok|Berserk|boost
|-boost|p1a: ok|spa|1
|move|p1a: ok|Max Airstream|p2a: Xerneas
|-damage|p2a: Xerneas|53/100
|-boost|p1a: ok|spe|1
|
|upkeep
|turn|14
|
|t:|1627159203
|move|p1a: ok|Max Guard|p1a: ok
|-singleturn|p1a: ok|Max Guard
|move|p2a: Xerneas|Max Lightning|p1a: ok
|-activate|p1a: ok|move: Max Guard
|
|upkeep
|turn|15
|inactive|Maxime et fildrong has 90 seconds left.
|
|t:|1627159216
|move|p1a: ok|Max Guard||[still]
|-fail|p1a: ok
|move|p2a: Xerneas|Max Starfall|p1a: ok
|-supereffective|p1a: ok
|-damage|p1a: ok|0 fnt
|-fieldstart|move: Misty Terrain
|faint|p1a: ok
|
|-end|p2a: Xerneas|Dynamax
|-heal|p2a: Xerneas|53/100|[silent]
|upkeep
|
|t:|1627159226
|switch|p1a: Better Zacian|Mawile, F|100/100
|-ability|p1a: Better Zacian|Intimidate|boost
|-unboost|p2a: Xerneas|atk|1
|turn|16
|inactive|Maxime et fildrong has 90 seconds left.
|
|t:|1627159236
|detailschange|p1a: Better Zacian|Mawile-Mega, F
|-mega|p1a: Better Zacian|Mawile|Mawilite
|move|p2a: Xerneas|Focus Blast|p1a: Better Zacian|[miss]
|-miss|p2a: Xerneas|p1a: Better Zacian
|move|p1a: Better Zacian|Iron Head|p2a: Xerneas
|-supereffective|p2a: Xerneas
|-damage|p2a: Xerneas|0 fnt
|faint|p2a: Xerneas
|
|upkeep
|inactive|Maxime et fildrong has 90 seconds left.
|
|t:|1627159241
|switch|p2a: Groudon|Groudon-Primal|100/100
|-weather|DesolateLand|[from] ability: Desolate Land|[of] p2a: Groudon
|turn|17
|
|t:|1627159249
|switch|p1a: Nightmarish|Giratina|94/100 brn
|-ability|p1a: Nightmarish|Pressure
|move|p2a: Groudon|Fire Punch|p1a: Nightmarish
|-resisted|p1a: Nightmarish
|-damage|p1a: Nightmarish|73/100 brn
|
|-weather|DesolateLand|[upkeep]
|-heal|p1a: Nightmarish|79/100 brn|[from] item: Leftovers
|-damage|p1a: Nightmarish|73/100 brn|[from] brn
|upkeep
|turn|18
|inactive|Maxime et fildrong has 90 seconds left.
|
|t:|1627159279
|-weather|none
|switch|p2a: Arceus|Arceus-Steel|94/100
|move|p1a: Nightmarish|Hex|p2a: Arceus
|-damage|p2a: Arceus|83/100
|
|-heal|p1a: Nightmarish|79/100 brn|[from] item: Leftovers
|-damage|p1a: Nightmarish|73/100 brn|[from] brn
|upkeep
|turn|19
|c|☆Ngyesmemes|je reviens
|inactive|Maxime et fildrong has 90 seconds left.
|c|☆Ngyesmemes|dxole
|inactiveoff|Battle timer is now OFF.
|l|☆Ngyesmemes
|player|p1|
|j|☆Ngyesmemes
|player|p1|Ngyesmemes|lance-gen1
|c|☆Ngyesmemes|finis
|c|☆Ngyesmemes|merci
|
|t:|1627159786
|move|p2a: Arceus|Stealth Rock|p1a: Nightmarish
|-sidestart|p1: Ngyesmemes|move: Stealth Rock
|move|p1a: Nightmarish|Hex|p2a: Arceus
|-damage|p2a: Arceus|71/100
|
|-heal|p1a: Nightmarish|79/100 brn|[from] item: Leftovers
|-damage|p1a: Nightmarish|73/100 brn|[from] brn
|-fieldend|Misty Terrain
|upkeep
|turn|20
|
|t:|1627159815
|switch|p2a: Groudon|Groudon-Primal|100/100
|-weather|DesolateLand|[from] ability: Desolate Land|[of] p2a: Groudon
|move|p1a: Nightmarish|Defog|p2a: Groudon
|-unboost|p2a: Groudon|evasion|1
|-sideend|p1: Ngyesmemes|Stealth Rock|[from] move: Defog|[of] p1a: Nightmarish
|
|-weather|DesolateLand|[upkeep]
|-heal|p1a: Nightmarish|79/100 brn|[from] item: Leftovers
|-damage|p1a: Nightmarish|73/100 brn|[from] brn
|upkeep
|turn|21
|
|t:|1627159827
|move|p2a: Groudon|Precipice Blades|p1a: Nightmarish|[miss]
|-miss|p2a: Groudon|p1a: Nightmarish
|move|p1a: Nightmarish|Hex|p2a: Groudon
|-damage|p2a: Groudon|76/100
|
|-weather|DesolateLand|[upkeep]
|-heal|p1a: Nightmarish|79/100 brn|[from] item: Leftovers
|-damage|p1a: Nightmarish|73/100 brn|[from] brn
|upkeep
|turn|22
|
|t:|1627159863
|move|p1a: Nightmarish|Hex|p2a: Groudon
|-damage|p2a: Groudon|53/100
|move|p2a: Groudon|Precipice Blades|p1a: Nightmarish
|-damage|p1a: Nightmarish|32/100 brn
|
|-weather|DesolateLand|[upkeep]
|-heal|p1a: Nightmarish|38/100 brn|[from] item: Leftovers
|-damage|p1a: Nightmarish|32/100 brn|[from] brn
|upkeep
|turn|23
|c|☆Ngyesmemes|c vraiment serré
|
|t:|1627159926
|move|p2a: Groudon|Precipice Blades|p1a: Nightmarish
|-damage|p1a: Nightmarish|0 fnt
|faint|p1a: Nightmarish
|
|-weather|DesolateLand|[upkeep]
|upkeep
|
|t:|1627159934
|switch|p1a: Chain Chomp|Garchomp, M|18/100
|turn|24
|c|☆Maxime et fildrong|vas falloir bien joué pour clean
|c|☆Ngyesmemes|chais
|
|t:|1627159948
|-weather|none
|switch|p2a: Rayquaza|Rayquaza-Mega|100/100
|-weather|DeltaStream|[from] ability: Delta Stream|[of] p2a: Rayquaza
|move|p1a: Chain Chomp|Earthquake|p2a: Rayquaza
|-immune|p2a: Rayquaza
|
|-weather|DeltaStream|[upkeep]
|upkeep
|turn|25
|c|☆Ngyesmemes|mouais
|c|☆Ngyesmemes|j'aurai du mky attendre
|
|t:|1627159975
|switch|p1a: Better Zacian|Mawile-Mega, F|100/100
|move|p2a: Rayquaza|Earthquake|p1a: Better Zacian
|-supereffective|p1a: Better Zacian
|-damage|p1a: Better Zacian|0 fnt
|faint|p1a: Better Zacian
|
|-weather|DeltaStream|[upkeep]
|upkeep
|c|☆Ngyesmemes|encore
|
|t:|1627159991
|switch|p1a: Torkoal|Torkoal, M|55/100
|-ability|p1a: Torkoal|Drought|[from] deltastream|[fail]
|turn|26
|
|t:|1627159998
|switch|p1a: Beauty|Ninetales-Alola, F|89/100 brn
|-ability|p1a: Beauty|Snow Warning|[from] deltastream|[fail]
|move|p2a: Rayquaza|Earthquake|p1a: Beauty
|-damage|p1a: Beauty|0 fnt
|faint|p1a: Beauty
|
|-weather|DeltaStream|[upkeep]
|upkeep
|
|t:|1627160005
|switch|p1a: Chain Chomp|Garchomp, M|18/100
|turn|27
|c|☆Ngyesmemes|bon bas c pas mon jour  de chance
|c|☆Ngyesmemes|d'habitude je joue pas comme cela
|c|☆Ngyesmemes|mais gg quand même
|
|t:|1627160088
|move|p2a: Rayquaza|Earthquake|p1a: Chain Chomp
|-damage|p1a: Chain Chomp|0 fnt
|faint|p1a: Chain Chomp
|
|-weather|DeltaStream|[upkeep]
|upkeep
|
|t:|1627160092
|switch|p1a: Torkoal|Torkoal, M|55/100
|-ability|p1a: Torkoal|Drought|[from] deltastream|[fail]
|turn|28
|c|☆Maxime et fildrong|gg tu joue bien
|
|t:|1627160099
|move|p2a: Rayquaza|Earthquake|p1a: Torkoal
|-supereffective|p1a: Torkoal
|-damage|p1a: Torkoal|0 fnt
|faint|p1a: Torkoal
|
|win|Maxime et fildrong
|raw|Ngyesmemes's rating: 1343 &rarr; <strong>1337</strong><br />(-6 for losing)
|raw|Maxime et fildrong's rating: 1634 &rarr; <strong>1640</strong><br />(+6 for winning)
|c|☆Ngyesmemes|merci
|c|☆Ngyesmemes|wow
|c|☆Ngyesmemes|160p
|c|☆Ngyesmemes|jm'attendais pas
|c|☆Ngyesmemes|jp'ense que mon équipe doit être améliorer
|c|☆Ngyesmemes|gg
|l|☆Ngyesmemes
|j|☆Ngyesmemes
|player|p1|Ngyesmemes|lance-gen1
