|j|☆pA Pa pAnDa/K
|j|☆Shadixsman
|t:|1631207997
|gametype|singles
|player|p1|pA Pa pAnDa/K|unknown|1773
|player|p2|Shadixsman|170|1767
|teamsize|p1|6
|teamsize|p2|6
|gen|8
|tier|[Gen 8] National Dex AG
|rated|
|rule|HP Percentage Mod: HP is shown in percentages
|rule|Endless Battle Clause: Forcing endless battles is banned
|clearpoke
|poke|p1|Calyrex-Shadow|
|poke|p1|Groudon|
|poke|p1|Rayquaza|
|poke|p1|Zacian-*|
|poke|p1|Ditto|
|poke|p1|Yveltal|
|poke|p2|Calyrex-Shadow|
|poke|p2|Tyranitar, F|
|poke|p2|Arceus-*|
|poke|p2|Necrozma-Dusk-Mane|
|poke|p2|Groudon|
|poke|p2|Zacian-*|
|teampreview
|
|t:|1631208011
|start
|switch|p1a: depression|Groudon|100/100
|switch|p2a: Arceus|Arceus|100/100
|detailschange|p1a: depression|Groudon-Primal
|-primal|p1a: depression
|-weather|DesolateLand|[from] ability: Desolate Land|[of] p1a: depression
|turn|1
|
|t:|1631208020
|move|p1a: depression|Fire Punch|p2a: Arceus
|-damage|p2a: Arceus|58/100
|move|p2a: Arceus|Toxic|p1a: depression|[miss]
|-miss|p2a: Arceus|p1a: depression
|
|-weather|DesolateLand|[upkeep]
|upkeep
|turn|2
|c|☆Shadixsman|bruh my luck today
|
|t:|1631208031
|move|p1a: depression|Precipice Blades|p2a: Arceus
|-damage|p2a: Arceus|16/100
|move|p2a: Arceus|Recover|p2a: Arceus
|-heal|p2a: Arceus|66/100
|
|-weather|DesolateLand|[upkeep]
|upkeep
|turn|3
|
|t:|1631208042
|-weather|none
|switch|p1a: steel-type type|Zacian-Crowned|100/100
|-ability|p1a: steel-type type|Intrepid Sword|boost
|-boost|p1a: steel-type type|atk|1
|move|p2a: Arceus|Toxic|p1a: steel-type type
|-immune|p1a: steel-type type
|
|upkeep
|turn|4
|
|t:|1631208049
|switch|p2a: Necrozma|Necrozma-Dusk-Mane|100/100
|move|p1a: steel-type type|Close Combat|p2a: Necrozma
|-damage|p2a: Necrozma|57/100
|-unboost|p1a: steel-type type|def|1
|-unboost|p1a: steel-type type|spd|1
|-damage|p1a: steel-type type|84/100|[from] item: Rocky Helmet|[of] p2a: Necrozma
|
|upkeep
|turn|5
|
|t:|1631208057
|switch|p1a: batman|Yveltal|100/100
|-ability|p1a: batman|Dark Aura
|move|p2a: Necrozma|Morning Sun|p2a: Necrozma
|-heal|p2a: Necrozma|100/100
|
|upkeep
|turn|6
|
|t:|1631208066
|switch|p1a: steel-type type|Zacian-Crowned|84/100
|-ability|p1a: steel-type type|Intrepid Sword|boost
|-boost|p1a: steel-type type|atk|1
|switch|p2a: Tyranitar|Tyranitar, F|100/100
|-weather|Sandstorm|[from] ability: Sand Stream|[of] p2a: Tyranitar
|
|-weather|Sandstorm|[upkeep]
|upkeep
|turn|7
|
|t:|1631208076
|switch|p1a: depression|Groudon-Primal|100/100
|-weather|DesolateLand|[from] ability: Desolate Land|[of] p1a: depression
|switch|p2a: Necrozma|Necrozma-Dusk-Mane|100/100
|
|-weather|DesolateLand|[upkeep]
|upkeep
|turn|8
|
|t:|1631208082
|move|p1a: depression|Precipice Blades|p2a: Necrozma
|-supereffective|p2a: Necrozma
|-damage|p2a: Necrozma|33/100
|move|p2a: Necrozma|Toxic|p1a: depression
|-status|p1a: depression|tox
|
|-weather|DesolateLand|[upkeep]
|-damage|p1a: depression|94/100 tox|[from] psn
|upkeep
|turn|9
|
|t:|1631208087
|move|p1a: depression|Fire Punch|p2a: Necrozma
|-supereffective|p2a: Necrozma
|-damage|p2a: Necrozma|0 fnt
|-damage|p1a: depression|78/100 tox|[from] item: Rocky Helmet|[of] p2a: Necrozma
|faint|p2a: Necrozma
|
|-weather|DesolateLand|[upkeep]
|-damage|p1a: depression|66/100 tox|[from] psn
|upkeep
|
|t:|1631208093
|switch|p2a: Calyrex|Calyrex-Shadow|100/100
|-ability|p2a: Calyrex|As One
|-ability|p2a: Calyrex|Unnerve
|turn|10
|
|t:|1631208101
|-weather|none
|switch|p1a: batman|Yveltal|100/100
|-ability|p1a: batman|Dark Aura
|move|p2a: Calyrex|Trick|p1a: batman
|-activate|p2a: Calyrex|move: Trick|[of] p1a: batman
|-item|p1a: batman|Choice Scarf|[from] move: Trick
|-item|p2a: Calyrex|Life Orb|[from] move: Trick
|
|upkeep
|turn|11
|
|t:|1631208113
|switch|p1a: steel-type type|Zacian-Crowned|84/100
|-ability|p1a: steel-type type|Intrepid Sword|boost
|-boost|p1a: steel-type type|atk|1
|switch|p2a: Tyranitar|Tyranitar, F|100/100
|-weather|Sandstorm|[from] ability: Sand Stream|[of] p2a: Tyranitar
|
|-weather|Sandstorm|[upkeep]
|upkeep
|turn|12
|
|t:|1631208120
|switch|p2a: Groudon|Groudon|100/100
|detailschange|p2a: Groudon|Groudon-Primal
|-primal|p2a: Groudon
|-weather|DesolateLand|[from] ability: Desolate Land|[of] p2a: Groudon
|move|p1a: steel-type type|Close Combat|p2a: Groudon
|-damage|p2a: Groudon|47/100
|-unboost|p1a: steel-type type|def|1
|-unboost|p1a: steel-type type|spd|1
|
|-weather|DesolateLand|[upkeep]
|upkeep
|turn|13
|
|t:|1631208125
|move|p1a: steel-type type|Close Combat|p2a: Groudon
|-damage|p2a: Groudon|0 fnt
|-unboost|p1a: steel-type type|def|1
|-unboost|p1a: steel-type type|spd|1
|faint|p2a: Groudon
|-weather|none
|
|upkeep
|
|t:|1631208130
|switch|p2a: Calyrex|Calyrex-Shadow|100/100
|-ability|p2a: Calyrex|As One
|-ability|p2a: Calyrex|Unnerve
|turn|14
|inactive|Battle timer is ON: inactive players will automatically lose when time's up. (requested by Shadixsman)
|
|t:|1631208144
|switch|p1a: batman|Yveltal|100/100
|-ability|p1a: batman|Dark Aura
|move|p2a: Calyrex|Astral Barrage|p1a: batman
|-resisted|p1a: batman
|-damage|p1a: batman|60/100
|-damage|p2a: Calyrex|91/100|[from] item: Life Orb
|
|upkeep
|turn|15
|
|t:|1631208151
|switch|p2a: Zacian|Zacian-Crowned|100/100
|-ability|p2a: Zacian|Intrepid Sword|boost
|-boost|p2a: Zacian|atk|1
|move|p1a: batman|Knock Off|p2a: Zacian
|-resisted|p2a: Zacian
|-damage|p2a: Zacian|83/100
|
|upkeep
|turn|16
|
|t:|1631208169
|move|p1a: batman|Knock Off|p2a: Zacian
|-resisted|p2a: Zacian
|-damage|p2a: Zacian|65/100
|move|p2a: Zacian|Behemoth Blade|p1a: batman
|-damage|p1a: batman|0 fnt
|faint|p1a: batman
|
|upkeep
|
|t:|1631208174
|switch|p1a: I'm fast|Ditto|100/100
|-transform|p1a: I'm fast|p2a: Zacian|[from] ability: Imposter
|-ability|p1a: I'm fast|Intrepid Sword|boost
|-boost|p1a: I'm fast|atk|1
|turn|17
|
|t:|1631208183
|move|p1a: I'm fast|Behemoth Blade|p2a: Zacian
|-damage|p2a: Zacian|0 fnt
|faint|p2a: Zacian
|
|upkeep
|
|t:|1631208186
|switch|p2a: Arceus|Arceus|66/100
|turn|18
|
|t:|1631208192
|move|p2a: Arceus|Extreme Speed|p1a: I'm fast
|-resisted|p1a: I'm fast
|-damage|p1a: I'm fast|83/100
|move|p1a: I'm fast|Behemoth Blade|p2a: Arceus
|-crit|p2a: Arceus
|-damage|p2a: Arceus|0 fnt
|faint|p2a: Arceus
|
|upkeep
|
|t:|1631208195
|switch|p2a: Calyrex|Calyrex-Shadow|91/100
|-ability|p2a: Calyrex|As One
|-ability|p2a: Calyrex|Unnerve
|turn|19
|
|t:|1631208197
|move|p1a: I'm fast|Behemoth Blade|p2a: Calyrex
|-damage|p2a: Calyrex|0 fnt
|faint|p2a: Calyrex
|
|upkeep
|-message|Shadixsman forfeited.
|
|win|pA Pa pAnDa/K
|l|☆Shadixsman
|raw|pA Pa pAnDa&#x2f;K's rating: 1773 &rarr; <strong>1793</strong><br />(+20 for winning)
|raw|Shadixsman's rating: 1769 &rarr; <strong>1749</strong><br />(-20 for losing)
||Ladder isn't responding, score probably updated but might not have (Request timeout).
