|j|☆BEASTADARSH
|j|☆TaxFraud094
|inactive|Battle timer is ON: inactive players will automatically lose when time's up.
|t:|1668173468
|gametype|singles
|player|p1|BEASTADARSH|lusamine-nihilego|
|player|p2|TaxFraud094|acetrainerf-gen4|
|teamsize|p1|6
|teamsize|p2|6
|gen|8
|tier|[Gen 8] National Dex AG
|rated|Tournament battle
|rule|HP Percentage Mod: HP is shown in percentages
|rule|Endless Battle Clause: Forcing endless battles is banned
|clearpoke
|poke|p1|Calyrex-Shadow|
|poke|p1|Eternatus|
|poke|p1|Necrozma-Dusk-Mane|
|poke|p1|Yveltal|
|poke|p1|Ho-Oh|
|poke|p1|Xerneas-*|
|poke|p2|Groudon|
|poke|p2|Arceus-*|
|poke|p2|Necrozma-Dusk-Mane|
|poke|p2|Yveltal|
|poke|p2|Marshadow|
|poke|p2|Zacian-*|
|teampreview
|inactive|TaxFraud094 also wants the timer to be on.
|c|☆TaxFraud094|glhf
|c|☆BEASTADARSH|gen 8 ag ftw, hf
|
|t:|1668173489
|start
|switch|p1a: X Strange's Horns|Xerneas, shiny|100/100
|switch|p2a: Groudon|Groudon|100/100
|-ability|p1a: X Strange's Horns|Fairy Aura
|detailschange|p2a: Groudon|Groudon-Primal
|-primal|p2a: Groudon
|-weather|DesolateLand|[from] ability: Desolate Land|[of] p2a: Groudon
|turn|1
|c|☆TaxFraud094|ngl if you sent out anything but caly into this it was a losing matchup
|j| Karlaaaaaa
|inactive|BEASTADARSH has 120 seconds left.
|
|t:|1668173522
|move|p2a: Groudon|Eruption|p1a: X Strange's Horns
|-damage|p1a: X Strange's Horns|0 fnt
|faint|p1a: X Strange's Horns
|
|-weather|DesolateLand|[upkeep]
|upkeep
|inactive|BEASTADARSH has 120 seconds left.
|
|t:|1668173536
|switch|p1a: Zen's Barbie Girl|Calyrex-Shadow|100/100
|-ability|p1a: Zen's Barbie Girl|As One
|-ability|p1a: Zen's Barbie Girl|Unnerve
|turn|2
|inactive|BEASTADARSH has 120 seconds left.
|
|t:|1668173544
|-weather|none
|switch|p2a: Yveltal|Yveltal|100/100
|-ability|p2a: Yveltal|Dark Aura
|move|p1a: Zen's Barbie Girl|Nasty Plot|p1a: Zen's Barbie Girl
|-boost|p1a: Zen's Barbie Girl|spa|2
|
|upkeep
|turn|3
|j|+Frozoid
|
|t:|1668173553
|-start|p1a: Zen's Barbie Girl|Dynamax|
|-heal|p1a: Zen's Barbie Girl|100/100|[silent]
|move|p1a: Zen's Barbie Girl|Max Starfall|p2a: Yveltal
|-supereffective|p2a: Yveltal
|-damage|p2a: Yveltal|9/100
|-fieldstart|move: Misty Terrain
|move|p2a: Yveltal|U-turn|p1a: Zen's Barbie Girl
|-damage|p1a: Zen's Barbie Girl|89/100
|
|t:|1668173560
|switch|p2a: Marshadow|Marshadow|100/100|[from]move: U-turn
|
|upkeep
|turn|4
|
|t:|1668173569
|move|p2a: Marshadow|Shadow Sneak|p1a: Zen's Barbie Girl
|-supereffective|p1a: Zen's Barbie Girl
|-damage|p1a: Zen's Barbie Girl|0 fnt
|faint|p1a: Zen's Barbie Girl
|-damage|p2a: Marshadow|91/100|[from] item: Life Orb
|
|upkeep
|l|+Frozoid
|
|t:|1668173580
|switch|p1a: Danse's Daddy|Eternatus|100/100
|-ability|p1a: Danse's Daddy|Pressure
|turn|5
|c|☆TaxFraud094|gg
|
|t:|1668173593
|move|p2a: Marshadow|Poltergeist|p1a: Danse's Daddy
|-activate|p1a: Danse's Daddy|move: Poltergeist|Haban Berry
|-damage|p1a: Danse's Daddy|46/100
|-damage|p2a: Marshadow|81/100|[from] item: Life Orb
|move|p1a: Danse's Daddy|Dynamax Cannon|p2a: Marshadow
|-damage|p2a: Marshadow|51/100
|
|upkeep
|turn|6
|
|t:|1668173603
|switch|p1a: William's Drip|Yveltal, shiny|100/100
|-ability|p1a: William's Drip|Dark Aura
|move|p2a: Marshadow|Poltergeist|p1a: William's Drip
|-activate|p1a: William's Drip|move: Poltergeist|Heavy-Duty Boots
|-resisted|p1a: William's Drip
|-damage|p1a: William's Drip|73/100
|-damage|p2a: Marshadow|41/100|[from] item: Life Orb
|
|upkeep
|turn|7
|
|t:|1668173615
|switch|p1a: Kaede's Nightmare|Necrozma-Dusk-Mane|100/100
|move|p2a: Marshadow|Rock Tomb|p1a: Kaede's Nightmare
|-resisted|p1a: Kaede's Nightmare
|-damage|p1a: Kaede's Nightmare|90/100
|-unboost|p1a: Kaede's Nightmare|spe|1
|-damage|p2a: Marshadow|31/100|[from] item: Life Orb
|
|-fieldend|Misty Terrain
|upkeep
|turn|8
|
|t:|1668173627
|switch|p1a: William's Drip|Yveltal, shiny|73/100
|-ability|p1a: William's Drip|Dark Aura
|move|p2a: Marshadow|Poltergeist|p1a: William's Drip
|-activate|p1a: William's Drip|move: Poltergeist|Heavy-Duty Boots
|-resisted|p1a: William's Drip
|-damage|p1a: William's Drip|45/100
|-damage|p2a: Marshadow|21/100|[from] item: Life Orb
|
|upkeep
|turn|9
|
|t:|1668173637
|move|p1a: William's Drip|Sucker Punch|p2a: Marshadow
|-damage|p2a: Marshadow|0 fnt
|faint|p2a: Marshadow
|
|upkeep
|
|t:|1668173641
|switch|p2a: Groudon|Groudon-Primal|100/100
|-weather|DesolateLand|[from] ability: Desolate Land|[of] p2a: Groudon
|turn|10
|
|t:|1668173650
|switch|p1a: Rohan's Hoe|Ho-Oh, shiny|100/100
|move|p2a: Groudon|Eruption|p1a: Rohan's Hoe
|-resisted|p1a: Rohan's Hoe
|-damage|p1a: Rohan's Hoe|67/100
|
|-weather|DesolateLand|[upkeep]
|upkeep
|turn|11
|
|t:|1668173657
|move|p2a: Groudon|Rock Tomb|p1a: Rohan's Hoe
|-supereffective|p1a: Rohan's Hoe
|-damage|p1a: Rohan's Hoe|0 fnt
|faint|p1a: Rohan's Hoe
|
|-weather|DesolateLand|[upkeep]
|upkeep
|
|t:|1668173663
|switch|p1a: Danse's Daddy|Eternatus|46/100
|-ability|p1a: Danse's Daddy|Pressure
|turn|12
|c|☆TaxFraud094|!showset 2
|c| TaxFraud094|/raw <div class="infobox">Arceus (Arceus-Ground) @ Earth Plate  <br />Ability: Multitype  <br />EVs: 4 Def &#x2f; 252 SpA &#x2f; 252 Spe  <br />Timid Nature  <br />IVs: 0 Atk  <br />- Calm Mind  <br />- Judgment  <br />- Ice Beam  <br />- Recover  <br /><br /></div>
|
|t:|1668173672
|move|p1a: Danse's Daddy|Dynamax Cannon|p2a: Groudon
|-damage|p2a: Groudon|38/100
|move|p2a: Groudon|Precipice Blades|p1a: Danse's Daddy|[miss]
|-miss|p2a: Groudon|p1a: Danse's Daddy
|
|-weather|DesolateLand|[upkeep]
|upkeep
|turn|13
|
|t:|1668173680
|move|p1a: Danse's Daddy|Dynamax Cannon|p2a: Groudon
|-damage|p2a: Groudon|0 fnt
|faint|p2a: Groudon
|-weather|none
|
|upkeep
|
|t:|1668173682
|switch|p2a: Arceus|Arceus-Ground|100/100
|turn|14
|
|t:|1668173693
|move|p2a: Arceus|Judgment|p1a: Danse's Daddy
|-supereffective|p1a: Danse's Daddy
|-damage|p1a: Danse's Daddy|0 fnt
|faint|p1a: Danse's Daddy
|
|upkeep
|
|t:|1668173704
|switch|p1a: Kaede's Nightmare|Necrozma-Dusk-Mane|90/100
|turn|15
|j| SteelPhoenix363
|
|t:|1668173712
|move|p2a: Arceus|Calm Mind|p2a: Arceus
|-boost|p2a: Arceus|spa|1
|-boost|p2a: Arceus|spd|1
|move|p1a: Kaede's Nightmare|Sunsteel Strike|p2a: Arceus
|-damage|p2a: Arceus|60/100
|
|upkeep
|turn|16
|
|t:|1668173720
|move|p2a: Arceus|Recover|p2a: Arceus
|-heal|p2a: Arceus|100/100
|move|p1a: Kaede's Nightmare|Sunsteel Strike|p2a: Arceus
|-damage|p2a: Arceus|65/100
|
|upkeep
|turn|17
|
|t:|1668173727
|move|p2a: Arceus|Judgment|p1a: Kaede's Nightmare
|-supereffective|p1a: Kaede's Nightmare
|-damage|p1a: Kaede's Nightmare|0 fnt
|faint|p1a: Kaede's Nightmare
|
|upkeep
|
|t:|1668173733
|switch|p1a: William's Drip|Yveltal, shiny|45/100
|-ability|p1a: William's Drip|Dark Aura
|turn|18
|
|t:|1668173738
|move|p2a: Arceus|Ice Beam|p1a: William's Drip
|-supereffective|p1a: William's Drip
|-damage|p1a: William's Drip|0 fnt
|faint|p1a: William's Drip
|
|win|TaxFraud094
|n|☆BEASTADARSH|beastadarsh
|n|☆TaxFraud094|taxfraud094
|n| Karlaaaaaa|karlaaaaaa
|n| SteelPhoenix363|steelphoenix363
