|j|☆rowletroost
|j|☆skottles
|t:|1630186613
|gametype|singles
|player|p1|rowletroost|iris|1626
|player|p2|skottles|youngster-gen4|1672
|teamsize|p1|6
|teamsize|p2|6
|gen|8
|tier|[Gen 8] National Dex AG
|rated|
|rule|HP Percentage Mod: HP is shown in percentages
|rule|Endless Battle Clause: Forcing endless battles is banned
|clearpoke
|poke|p1|Xerneas-*|
|poke|p1|Arceus-*|
|poke|p1|Kyogre|
|poke|p1|Marshadow|
|poke|p1|Ribombee, F|
|poke|p1|Vivillon-Savanna, M|
|poke|p2|Calyrex-Shadow|
|poke|p2|Arceus-*|
|poke|p2|Yveltal|
|poke|p2|Yveltal|
|poke|p2|Rayquaza|
|poke|p2|Ditto|
|teampreview
|inactive|Battle timer is ON: inactive players will automatically lose when time's up. (requested by rowletroost)
|
|t:|1630186621
|start
|switch|p1a: Ribombee|Ribombee, F, shiny|100/100
|switch|p2a: Ditto|Ditto|100/100
|-transform|p2a: Ditto|p1a: Ribombee|[from] ability: Imposter
|turn|1
|
|t:|1630186629
|move|p2a: Ditto|Sticky Web|p1a: Ribombee
|-sidestart|p1: rowletroost|move: Sticky Web
|move|p1a: Ribombee|Moonblast|p2a: Ditto
|-damage|p2a: Ditto|42/100
|-unboost|p2a: Ditto|spa|1
|
|upkeep
|turn|2
|
|t:|1630186636
|switch|p2a: Arceus|Arceus-Ground|100/100
|move|p1a: Ribombee|Defog|p2a: Arceus
|-unboost|p2a: Arceus|evasion|1
|-sideend|p1: rowletroost|Sticky Web|[from] move: Defog|[of] p1a: Ribombee
|
|upkeep
|turn|3
|
|t:|1630186639
|switch|p1a: Kyogre|Kyogre, shiny|100/100
|detailschange|p1a: Kyogre|Kyogre-Primal, shiny
|-primal|p1a: Kyogre
|-weather|PrimordialSea|[from] ability: Primordial Sea|[of] p1a: Kyogre
|move|p2a: Arceus|Toxic|p1a: Kyogre
|-status|p1a: Kyogre|tox
|
|-weather|PrimordialSea|[upkeep]
|-damage|p1a: Kyogre|94/100 tox|[from] psn
|upkeep
|turn|4
|
|t:|1630186644
|move|p2a: Arceus|Stealth Rock|p1a: Kyogre
|-sidestart|p1: rowletroost|move: Stealth Rock
|move|p1a: Kyogre|Origin Pulse|p2a: Arceus
|-supereffective|p2a: Arceus
|-damage|p2a: Arceus|0 fnt
|faint|p2a: Arceus
|
|-weather|PrimordialSea|[upkeep]
|-damage|p1a: Kyogre|82/100 tox|[from] psn
|upkeep
|
|t:|1630186646
|switch|p2a: Rayquaza|Rayquaza|100/100
|-ability|p2a: Rayquaza|Air Lock
|turn|5
|
|t:|1630186650
|detailschange|p2a: Rayquaza|Rayquaza-Mega
|-mega|p2a: Rayquaza|Rayquaza|
|-weather|DeltaStream|[from] ability: Delta Stream|[of] p2a: Rayquaza
|move|p2a: Rayquaza|Dragon Dance|p2a: Rayquaza
|-boost|p2a: Rayquaza|atk|1
|-boost|p2a: Rayquaza|spe|1
|move|p1a: Kyogre|Ice Beam|p2a: Rayquaza
|-activate||deltastream
|-supereffective|p2a: Rayquaza
|-crit|p2a: Rayquaza
|-damage|p2a: Rayquaza|0 fnt
|faint|p2a: Rayquaza
|-weather|none
|
|-damage|p1a: Kyogre|63/100 tox|[from] psn
|upkeep
|
|t:|1630186654
|switch|p2a: Yveltal|Yveltal|100/100
|-ability|p2a: Yveltal|Dark Aura
|turn|6
|
|t:|1630186659
|-start|p2a: Yveltal|Dynamax
|-heal|p2a: Yveltal|100/100|[silent]
|move|p2a: Yveltal|Max Airstream|p1a: Kyogre
|-damage|p1a: Kyogre|11/100 tox
|-boost|p2a: Yveltal|spe|1
|-damage|p2a: Yveltal|96/100|[from] item: Life Orb
|move|p1a: Kyogre|Thunder|p2a: Yveltal
|-supereffective|p2a: Yveltal
|-damage|p2a: Yveltal|48/100
|
|-damage|p1a: Kyogre|0 fnt|[from] psn
|faint|p1a: Kyogre
|upkeep
|
|t:|1630186663
|switch|p1a: Arceus|Arceus-Ground|100/100
|-damage|p1a: Arceus|94/100|[from] Stealth Rock
|turn|7
|
|t:|1630186666
|move|p2a: Yveltal|Max Darkness|p1a: Arceus
|-damage|p1a: Arceus|14/100
|-unboost|p1a: Arceus|spd|1
|-damage|p2a: Yveltal|43/100|[from] item: Life Orb
|move|p1a: Arceus|Defog|p2a: Yveltal
|-unboost|p2a: Yveltal|evasion|1
|-sideend|p1: rowletroost|Stealth Rock|[from] move: Defog|[of] p1a: Arceus
|
|upkeep
|turn|8
|
|t:|1630186671
|move|p2a: Yveltal|Max Airstream|p1a: Arceus
|-damage|p1a: Arceus|0 fnt
|-boost|p2a: Yveltal|spe|1
|faint|p1a: Arceus
|-damage|p2a: Yveltal|38/100|[from] item: Life Orb
|
|-end|p2a: Yveltal|Dynamax
|-heal|p2a: Yveltal|38/100|[silent]
|upkeep
|
|t:|1630186683
|switch|p1a: Ribombee|Ribombee, F, shiny|100/100
|turn|9
|
|t:|1630186686
|move|p2a: Yveltal|Oblivion Wing|p1a: Ribombee
|-supereffective|p1a: Ribombee
|-enditem|p1a: Ribombee|Focus Sash
|-damage|p1a: Ribombee|1/100
|-heal|p2a: Yveltal|88/100|[from] drain|[of] p1a: Ribombee
|-damage|p2a: Yveltal|78/100|[from] item: Life Orb
|move|p1a: Ribombee|Moonblast|p2a: Yveltal
|-supereffective|p2a: Yveltal
|-damage|p2a: Yveltal|2/100
|-unboost|p2a: Yveltal|spa|1
|
|upkeep
|turn|10
|
|t:|1630186692
|move|p2a: Yveltal|Oblivion Wing|p1a: Ribombee
|-supereffective|p1a: Ribombee
|-damage|p1a: Ribombee|0 fnt
|-heal|p2a: Yveltal|3/100|[from] drain|[of] p1a: Ribombee
|faint|p1a: Ribombee
|-damage|p2a: Yveltal|0 fnt|[from] item: Life Orb
|faint|p2a: Yveltal
|
|upkeep
|
|t:|1630186697
|switch|p1a: Marshadow|Marshadow|100/100
|switch|p2a: Calyrex|Calyrex-Shadow|100/100
|-ability|p2a: Calyrex|As One
|-ability|p2a: Calyrex|Unnerve
|turn|11
|
|t:|1630186699
|switch|p2a: Yveltal|Yveltal|100/100
|-ability|p2a: Yveltal|Dark Aura
|move|p1a: Marshadow|Rock Tomb|p2a: Yveltal
|-supereffective|p2a: Yveltal
|-damage|p2a: Yveltal|51/100
|-unboost|p2a: Yveltal|spe|1
|
|upkeep
|turn|12
|
|t:|1630186703
|move|p1a: Marshadow|Rock Tomb|p2a: Yveltal
|-supereffective|p2a: Yveltal
|-crit|p2a: Yveltal
|-damage|p2a: Yveltal|0 fnt
|faint|p2a: Yveltal
|
|upkeep
|
|t:|1630186705
|switch|p2a: Ditto|Ditto|42/100
|-transform|p2a: Ditto|p1a: Marshadow|[from] ability: Imposter
|turn|13
|
|t:|1630186709
|switch|p1a: Xerneas|Xerneas, shiny|100/100
|-ability|p1a: Xerneas|Fairy Aura
|move|p2a: Ditto|Shadow Sneak|p1a: Xerneas
|-damage|p1a: Xerneas|77/100
|
|upkeep
|turn|14
|-message|skottles forfeited.
|
|win|rowletroost
|l|☆skottles
|raw|rowletroost's rating: 1625 &rarr; <strong>1648</strong><br />(+23 for winning)
|raw|skottles's rating: 1672 &rarr; <strong>1649</strong><br />(-23 for losing)
||Ladder isn't responding, score probably updated but might not have (Request timeout).
