|j|☆JAY100064
|j|☆DDK2
|t:|1622564629
|gametype|singles
|player|p1|JAY100064|preschooler|1347
|player|p2|DDK2|101|1440
|teamsize|p1|6
|teamsize|p2|6
|gen|8
|tier|[Gen 8] National Dex AG
|rated|
|rule|HP Percentage Mod: HP is shown in percentages
|rule|Endless Battle Clause: Forcing endless battles is banned
|clearpoke
|poke|p1|Eternatus|
|poke|p1|Cinderace, M|
|poke|p1|Darmanitan-Galar, M|
|poke|p1|Marshadow|
|poke|p1|Dracovish|
|poke|p1|Zacian-*|
|poke|p2|Forretress, M|
|poke|p2|Smeargle, M|
|poke|p2|Volcarona, M|
|poke|p2|Marshadow|
|poke|p2|Calyrex-Shadow|
|poke|p2|Ditto|
|teampreview
|
|t:|1622564639
|start
|switch|p1a: Darmanitan|Darmanitan-Galar, M, shiny|100/100
|switch|p2a: Forretress|Forretress, M|100/100
|turn|1
|c|☆DDK2|scarf team :?
|
|t:|1622564646
|move|p1a: Darmanitan|Flare Blitz|p2a: Forretress
|-supereffective|p2a: Forretress
|-ability|p2a: Forretress|Sturdy
|-damage|p2a: Forretress|1/100
|-damage|p1a: Darmanitan|67/100|[from] Recoil
|move|p2a: Forretress|Stealth Rock|p1a: Darmanitan
|-sidestart|p1: JAY100064|move: Stealth Rock
|
|upkeep
|turn|2
|
|t:|1622564660
|move|p1a: Darmanitan|Flare Blitz|p2a: Forretress
|-supereffective|p2a: Forretress
|-damage|p2a: Forretress|0 fnt
|faint|p2a: Forretress
|-damage|p1a: Darmanitan|67/100|[from] Recoil
|
|upkeep
|
|t:|1622564668
|switch|p2a: Ditto|Ditto|100/100
|-transform|p2a: Ditto|p1a: Darmanitan|[from] ability: Imposter
|turn|3
|
|t:|1622564678
|move|p1a: Darmanitan|Flare Blitz|p2a: Ditto
|-supereffective|p2a: Ditto
|-damage|p2a: Ditto|0 fnt
|faint|p2a: Ditto
|-damage|p1a: Darmanitan|45/100|[from] Recoil
|
|upkeep
|
|t:|1622564694
|switch|p2a: Marshadow|Marshadow|100/100
|turn|4
|
|t:|1622564713
|-start|p1a: Darmanitan|Dynamax
|-heal|p1a: Darmanitan|45/100|[silent]
|move|p2a: Marshadow|Close Combat|p1a: Darmanitan
|-supereffective|p1a: Darmanitan
|-damage|p1a: Darmanitan|0 fnt
|-unboost|p2a: Marshadow|def|1
|-unboost|p2a: Marshadow|spd|1
|faint|p1a: Darmanitan
|
|upkeep
|
|t:|1622564744
|switch|p1a: Zacian|Zacian-Crowned|100/100
|-damage|p1a: Zacian|94/100|[from] Stealth Rock
|-ability|p1a: Zacian|Intrepid Sword|boost
|-boost|p1a: Zacian|atk|1
|turn|5
|
|t:|1622564753
|move|p1a: Zacian|Play Rough|p2a: Marshadow
|-supereffective|p2a: Marshadow
|-enditem|p2a: Marshadow|Focus Sash
|-damage|p2a: Marshadow|1/100
|-unboost|p2a: Marshadow|atk|1
|move|p2a: Marshadow|Spectral Thief||[still]
|-clearpositiveboost|p1a: Zacian|p2a: Marshadow|move: Spectral Thief
|-boost|p2a: Marshadow|atk|1
|-anim|p2a: Marshadow|Spectral Thief|p1a: Zacian
|-damage|p1a: Zacian|52/100
|
|upkeep
|turn|6
|
|t:|1622564773
|move|p2a: Marshadow|Shadow Sneak|p1a: Zacian
|-crit|p1a: Zacian
|-damage|p1a: Zacian|13/100
|move|p1a: Zacian|Behemoth Blade|p2a: Marshadow
|-damage|p2a: Marshadow|0 fnt
|faint|p2a: Marshadow
|
|upkeep
|
|t:|1622564780
|switch|p2a: Smeargle|Smeargle, M|100/100
|turn|7
|
|t:|1622564783
|move|p1a: Zacian|Behemoth Blade|p2a: Smeargle
|-enditem|p2a: Smeargle|Focus Sash
|-damage|p2a: Smeargle|1/100
|move|p2a: Smeargle|Spore|p1a: Zacian
|-status|p1a: Zacian|slp|[from] move: Spore
|
|-ability|p2a: Smeargle|Moody|boost
|-boost|p2a: Smeargle|spe|2
|-unboost|p2a: Smeargle|atk|1
|upkeep
|turn|8
|
|t:|1622564814
|switch|p1a: Cinderace|Cinderace, M|100/100
|move|p2a: Smeargle|No Retreat|p2a: Smeargle
|-boost|p2a: Smeargle|atk|1
|-boost|p2a: Smeargle|def|1
|-boost|p2a: Smeargle|spa|1
|-boost|p2a: Smeargle|spd|1
|-boost|p2a: Smeargle|spe|1
|-start|p2a: Smeargle|move: No Retreat
|
|-ability|p2a: Smeargle|Moody|boost
|-boost|p2a: Smeargle|def|2
|-unboost|p2a: Smeargle|spa|1
|upkeep
|turn|9
|
|t:|1622564833
|move|p2a: Smeargle|Spore|p1a: Cinderace
|-status|p1a: Cinderace|slp|[from] move: Spore
|cant|p1a: Cinderace|slp
|
|-ability|p2a: Smeargle|Moody|boost
|-boost|p2a: Smeargle|spe|2
|-unboost|p2a: Smeargle|def|1
|upkeep
|turn|10
|inactive|Battle timer is ON: inactive players will automatically lose when time's up. (requested by DDK2)
|
|t:|1622564862
|switch|p1a: Dracovish|Dracovish|100/100
|-damage|p1a: Dracovish|88/100|[from] Stealth Rock
|move|p2a: Smeargle|Baton Pass|p2a: Smeargle
|
|t:|1622564869
|switch|p2a: Calyrex|Calyrex-Shadow|100/100|[from]move: Baton Pass
|-ability|p2a: Calyrex|As One
|-ability|p2a: Calyrex|Unnerve
|
|upkeep
|turn|11
|
|t:|1622564883
|move|p2a: Calyrex|Stored Power|p1a: Dracovish
|-damage|p1a: Dracovish|0 fnt
|faint|p1a: Dracovish
|-ability|p2a: Calyrex|Grim Neigh|boost
|-boost|p2a: Calyrex|spa|1
|
|upkeep
|
|t:|1622564898
|switch|p1a: Marshadow|Marshadow|100/100
|-damage|p1a: Marshadow|94/100|[from] Stealth Rock
|turn|12
|c|☆DDK2|now now
|c|☆DDK2|the true battle is begin
|
|t:|1622564910
|move|p1a: Marshadow|Shadow Sneak|p2a: Calyrex
|-supereffective|p2a: Calyrex
|-damage|p2a: Calyrex|30/100
|move|p2a: Calyrex|Stored Power|p1a: Marshadow
|-supereffective|p1a: Marshadow
|-damage|p1a: Marshadow|0 fnt
|faint|p1a: Marshadow
|-ability|p2a: Calyrex|Grim Neigh|boost
|-boost|p2a: Calyrex|spa|1
|
|upkeep
|
|t:|1622564929
|switch|p1a: Eternatus|Eternatus|100/100
|-damage|p1a: Eternatus|88/100|[from] Stealth Rock
|-ability|p1a: Eternatus|Pressure
|turn|13
|
|t:|1622564940
|move|p2a: Calyrex|Stored Power|p1a: Eternatus
|-supereffective|p1a: Eternatus
|-damage|p1a: Eternatus|0 fnt
|faint|p1a: Eternatus
|-ability|p2a: Calyrex|Grim Neigh|boost
|-boost|p2a: Calyrex|spa|1
|
|upkeep
|
|t:|1622564949
|switch|p1a: Cinderace|Cinderace, M|100/100 slp
|turn|14
|-message|JAY100064 forfeited.
|
|win|DDK2
|raw|JAY100064's rating: 1347 &rarr; <strong>1332</strong><br />(-15 for losing)
|raw|DDK2's rating: 1440 &rarr; <strong>1455</strong><br />(+15 for winning)
|l|☆JAY100064
||Ladder isn't responding, score probably updated but might not have (Request timeout).
