|j|☆the bugcatcher pr
|j|☆OnTheGrindTo1
|t:|1657392554
|gametype|singles
|player|p1|the bugcatcher pr|sabrina|1410
|player|p2|OnTheGrindTo1|unknown|1559
|teamsize|p1|6
|teamsize|p2|6
|gen|8
|tier|[Gen 8] National Dex AG
|rated|
|rule|HP Percentage Mod: HP is shown in percentages
|rule|Endless Battle Clause: Forcing endless battles is banned
|clearpoke
|poke|p1|Vikavolt, F|
|poke|p1|Volcarona, M|
|poke|p1|Scizor, F|
|poke|p1|Buzzwole|
|poke|p1|Yveltal|
|poke|p1|Pheromosa|
|poke|p2|Banette, F|
|poke|p2|Krookodile, M|
|poke|p2|Dragapult, M|
|poke|p2|Excadrill, M|
|poke|p2|Blastoise, F|
|poke|p2|Kyogre|
|teampreview
|
|t:|1657392560
|start
|switch|p1a: Vikavolt|Vikavolt, F|100/100
|switch|p2a: Excadrill|Excadrill, M|100/100
|-ability|p2a: Excadrill|Mold Breaker
|turn|1
|inactive|Battle timer is ON: inactive players will automatically lose when time's up. (requested by OnTheGrindTo1)
|
|t:|1657392576
|-start|p1a: Vikavolt|Dynamax|
|-heal|p1a: Vikavolt|100/100|[silent]
|move|p2a: Excadrill|Stealth Rock|p1a: Vikavolt
|-sidestart|p1: the bugcatcher pr|move: Stealth Rock
|move|p1a: Vikavolt|Max Steelspike|p2a: Excadrill
|-resisted|p2a: Excadrill
|-damage|p2a: Excadrill|71/100
|-boost|p1a: Vikavolt|def|1
|
|upkeep
|turn|2
|
|t:|1657392585
|move|p2a: Excadrill|Rapid Spin|p1a: Vikavolt
|-damage|p1a: Vikavolt|96/100
|-boost|p2a: Excadrill|spe|1
|move|p1a: Vikavolt|Max Quake|p2a: Excadrill
|-supereffective|p2a: Excadrill
|-damage|p2a: Excadrill|0 fnt
|-boost|p1a: Vikavolt|spd|1
|faint|p2a: Excadrill
|
|upkeep
|
|t:|1657392593
|switch|p2a: Kyogre|Kyogre|100/100
|-weather|RainDance|[from] ability: Drizzle|[of] p2a: Kyogre
|turn|3
|
|t:|1657392601
|move|p2a: Kyogre|Water Spout|p1a: Vikavolt
|-damage|p1a: Vikavolt|58/100
|move|p1a: Vikavolt|Max Quake|p2a: Kyogre
|-damage|p2a: Kyogre|72/100
|-boost|p1a: Vikavolt|spd|1
|
|-weather|RainDance|[upkeep]
|upkeep
|-end|p1a: Vikavolt|Dynamax
|-heal|p1a: Vikavolt|58/100|[silent]
|turn|4
|
|t:|1657392612
|switch|p2a: Banette|Banette, F|100/100
|-item|p1a: Vikavolt|Assault Vest|[from] ability: Frisk|[of] p2a: Banette|[identify]
|move|p1a: Vikavolt|Charge Beam|p2a: Banette
|-damage|p2a: Banette|72/100
|-boost|p1a: Vikavolt|spa|1
|
|-weather|RainDance|[upkeep]
|upkeep
|turn|5
|
|t:|1657392622
|detailschange|p2a: Banette|Banette-Mega, F
|-mega|p2a: Banette|Banette|Banettite
|move|p2a: Banette|Destiny Bond|p2a: Banette
|-singlemove|p2a: Banette|Destiny Bond
|move|p1a: Vikavolt|Charge Beam|p2a: Banette
|-damage|p2a: Banette|38/100
|-boost|p1a: Vikavolt|spa|1
|
|-weather|RainDance|[upkeep]
|upkeep
|turn|6
|
|t:|1657392635
|move|p2a: Banette|Gunk Shot|p1a: Vikavolt
|-damage|p1a: Vikavolt|36/100
|move|p1a: Vikavolt|Air Slash|p2a: Banette
|-damage|p2a: Banette|0 fnt
|faint|p2a: Banette
|
|-weather|RainDance|[upkeep]
|upkeep
|
|t:|1657392647
|switch|p2a: Krookodile|Krookodile, M|100/100
|turn|7
|
|t:|1657392654
|move|p2a: Krookodile|Scale Shot|p1a: Vikavolt
|-damage|p1a: Vikavolt|31/100
|-damage|p1a: Vikavolt|27/100
|-hitcount|p1a: Vikavolt|2
|-unboost|p2a: Krookodile|def|1
|-boost|p2a: Krookodile|spe|1
|move|p1a: Vikavolt|Flash Cannon|p2a: Krookodile
|-damage|p2a: Krookodile|19/100
|
|-weather|none
|upkeep
|turn|8
|
|t:|1657392664
|move|p2a: Krookodile|Knock Off|p1a: Vikavolt
|-damage|p1a: Vikavolt|2/100
|-enditem|p1a: Vikavolt|Assault Vest|[from] move: Knock Off|[of] p2a: Krookodile
|move|p1a: Vikavolt|Air Slash|p2a: Krookodile
|-damage|p2a: Krookodile|0 fnt
|faint|p2a: Krookodile
|
|upkeep
|
|t:|1657392670
|switch|p2a: Dragapult|Dragapult, M|100/100
|turn|9
|
|t:|1657392674
|move|p2a: Dragapult|Dragon Dance|p2a: Dragapult
|-boost|p2a: Dragapult|atk|1
|-boost|p2a: Dragapult|spe|1
|move|p1a: Vikavolt|Flash Cannon|p2a: Dragapult
|-damage|p2a: Dragapult|24/100
|
|upkeep
|turn|10
|
|t:|1657392680
|move|p2a: Dragapult|Dragon Darts|p1a: Vikavolt
|-damage|p1a: Vikavolt|0 fnt
|faint|p1a: Vikavolt
|
|upkeep
|
|t:|1657392685
|switch|p1a: Volcarona|Volcarona, M|100/100
|turn|11
|
|t:|1657392689
|move|p2a: Dragapult|Dragon Darts|p1a: Volcarona
|-damage|p1a: Volcarona|66/100
|-anim|p2a: Dragapult|Dragon Darts|p1a: Volcarona
|-damage|p1a: Volcarona|29/100
|move|p1a: Volcarona|Psychic|p2a: Dragapult
|-damage|p2a: Dragapult|0 fnt
|faint|p2a: Dragapult
|
|upkeep
|
|t:|1657392702
|switch|p2a: Blastoise|Blastoise, F|100/100
|turn|12
|
|t:|1657392706
|move|p2a: Blastoise|Shell Smash|p2a: Blastoise
|-unboost|p2a: Blastoise|def|1
|-unboost|p2a: Blastoise|spd|1
|-boost|p2a: Blastoise|atk|2
|-boost|p2a: Blastoise|spa|2
|-boost|p2a: Blastoise|spe|2
|-enditem|p2a: Blastoise|White Herb
|-clearnegativeboost|p2a: Blastoise|[silent]
|move|p1a: Volcarona|Substitute|p1a: Volcarona
|-start|p1a: Volcarona|Substitute
|-damage|p1a: Volcarona|4/100
|
|upkeep
|turn|13
|
|t:|1657392717
|move|p2a: Blastoise|Dark Pulse|p1a: Volcarona
|-end|p1a: Volcarona|Substitute
|move|p1a: Volcarona|Psychic|p2a: Blastoise
|-damage|p2a: Blastoise|71/100
|-unboost|p2a: Blastoise|spd|1
|
|upkeep
|turn|14
|
|t:|1657392723
|-start|p2a: Blastoise|Dynamax|Gmax
|-heal|p2a: Blastoise|71/100|[silent]
|move|p2a: Blastoise|G-Max Cannonade|p1a: Volcarona
|-supereffective|p1a: Volcarona
|-damage|p1a: Volcarona|0 fnt
|-sidestart|p1: the bugcatcher pr|G-Max Cannonade
|faint|p1a: Volcarona
|
|upkeep
|
|t:|1657392742
|switch|p1a: Pheromosa|Pheromosa|100/100
|-damage|p1a: Pheromosa|88/100|[from] Stealth Rock
|turn|15
|
|t:|1657392748
|move|p2a: Blastoise|G-Max Cannonade|p1a: Pheromosa
|-damage|p1a: Pheromosa|0 fnt
|faint|p1a: Pheromosa
|
|upkeep
|
|t:|1657392754
|switch|p1a: Buzzwole|Buzzwole|100/100
|-damage|p1a: Buzzwole|88/100|[from] Stealth Rock
|turn|16
|
|t:|1657392758
|move|p2a: Blastoise|G-Max Cannonade|p1a: Buzzwole
|-damage|p1a: Buzzwole|0 fnt
|faint|p1a: Buzzwole
|
|upkeep
|
|t:|1657392765
|switch|p1a: Scizor|Scizor, F|100/100
|-damage|p1a: Scizor|88/100|[from] Stealth Rock
|-end|p2a: Blastoise|Dynamax
|-heal|p2a: Blastoise|71/100|[silent]
|turn|17
|
|t:|1657392774
|detailschange|p1a: Scizor|Scizor-Mega, F
|-mega|p1a: Scizor|Scizor|Scizorite
|move|p2a: Blastoise|Hydro Pump|p1a: Scizor
|-crit|p1a: Scizor
|-damage|p1a: Scizor|0 fnt
|faint|p1a: Scizor
|
|-sideend|p1: the bugcatcher pr|G-Max Cannonade
|upkeep
|c|☆the bugcatcher pr|-_-
|
|t:|1657392784
|switch|p1a: Yveltal|Yveltal|100/100
|-damage|p1a: Yveltal|76/100|[from] Stealth Rock
|-ability|p1a: Yveltal|Dark Aura
|turn|18
|
|t:|1657392796
|move|p2a: Blastoise|Ice Beam|p1a: Yveltal
|-supereffective|p1a: Yveltal
|-damage|p1a: Yveltal|27/100
|move|p1a: Yveltal|Oblivion Wing|p2a: Blastoise
|-damage|p2a: Blastoise|0 fnt
|-heal|p1a: Yveltal|64/100|[from] drain|[of] p2a: Blastoise
|faint|p2a: Blastoise
|
|upkeep
|
|t:|1657392803
|switch|p2a: Kyogre|Kyogre|72/100
|-weather|RainDance|[from] ability: Drizzle|[of] p2a: Kyogre
|turn|19
|
|t:|1657392814
|move|p2a: Kyogre|Water Spout|p1a: Yveltal
|-damage|p1a: Yveltal|21/100
|move|p1a: Yveltal|Dark Pulse|p2a: Kyogre
|-damage|p2a: Kyogre|26/100
|
|-weather|RainDance|[upkeep]
|upkeep
|turn|20
|
|t:|1657392821
|move|p2a: Kyogre|Water Spout|p1a: Yveltal
|-damage|p1a: Yveltal|5/100
|move|p1a: Yveltal|Dark Pulse|p2a: Kyogre
|-damage|p2a: Kyogre|0 fnt
|faint|p2a: Kyogre
|
|win|the bugcatcher pr
|raw|the bugcatcher pr's rating: 1410 &rarr; <strong>1438</strong><br />(+28 for winning)
|raw|OnTheGrindTo1's rating: 1559 &rarr; <strong>1531</strong><br />(-28 for losing)
|c|☆the bugcatcher pr|gg
|c|☆OnTheGrindTo1|Roll
|l|☆OnTheGrindTo1
||Ladder isn't responding, score probably updated but might not have (Request timeout).
