|j|☆irlusernamenocap
|j|☆Freeity
|t:|1649360646
|gametype|singles
|player|p1|irlusernamenocap|riley|
|player|p2|Freeity|iris-gen5bw2|
|teamsize|p1|6
|teamsize|p2|6
|gen|8
|tier|[Gen 8] National Dex AG
|rule|HP Percentage Mod: HP is shown in percentages
|rule|Endless Battle Clause: Forcing endless battles is banned
|clearpoke
|poke|p1|Corviknight, M|
|poke|p1|Garchomp, F|
|poke|p1|Weavile, F|
|poke|p1|Blacephalon|
|poke|p1|Slowbro-Galar, M|
|poke|p1|Gallade, M|
|poke|p2|Arceus-*|
|poke|p2|Rayquaza|
|poke|p2|Arceus-*|
|poke|p2|Necrozma-Dusk-Mane|
|poke|p2|Kyogre|
|poke|p2|Arceus-*|
|teampreview
|inactive|Battle timer is ON: inactive players will automatically lose when time's up. (requested by irlusernamenocap)
|inactive|irlusernamenocap has 270 seconds left.
|
|t:|1649360684
|start
|switch|p1a: Weavile|Weavile, F|100/100
|switch|p2a: Rayquaza|Rayquaza|100/100
|-ability|p2a: Rayquaza|Air Lock
|-ability|p1a: Weavile|Pressure
|turn|1
|
|t:|1649360703
|detailschange|p2a: Rayquaza|Rayquaza-Mega
|-mega|p2a: Rayquaza|Rayquaza|
|-weather|DeltaStream|[from] ability: Delta Stream|[of] p2a: Rayquaza
|move|p2a: Rayquaza|Scale Shot|p1a: Weavile
|-damage|p1a: Weavile|74/100
|-damage|p1a: Weavile|47/100
|-hitcount|p1a: Weavile|2
|-unboost|p2a: Rayquaza|def|1
|-boost|p2a: Rayquaza|spe|1
|-damage|p2a: Rayquaza|91/100|[from] item: Life Orb
|move|p1a: Weavile|Foul Play|p2a: Rayquaza
|-damage|p2a: Rayquaza|0 fnt
|faint|p2a: Rayquaza
|-weather|none
|
|-heal|p1a: Weavile|53/100|[from] item: Leftovers
|upkeep
|c|☆Freeity|GRRRRRAAAAAAAAAAH
|
|t:|1649360718
|switch|p2a: Arceus|Arceus-Fairy|100/100
|turn|2
|
|t:|1649360730
|switch|p1a: Corviknight|Corviknight, M, shiny|100/100
|move|p2a: Arceus|Judgment|p1a: Corviknight
|-resisted|p1a: Corviknight
|-damage|p1a: Corviknight|76/100
|
|-heal|p1a: Corviknight|82/100|[from] item: Leftovers
|upkeep
|turn|3
|
|t:|1649360750
|move|p2a: Arceus|Will-O-Wisp|p1a: Corviknight
|-status|p1a: Corviknight|brn
|move|p1a: Corviknight|Steel Beam|p2a: Arceus
|-supereffective|p2a: Arceus
|-damage|p2a: Arceus|49/100
|-damage|p1a: Corviknight|32/100 brn|[from] mindblown
|
|-heal|p1a: Corviknight|38/100 brn|[from] item: Leftovers
|-damage|p1a: Corviknight|32/100 brn|[from] brn
|upkeep
|turn|4
|
|t:|1649360757
|move|p2a: Arceus|Recover|p2a: Arceus
|-heal|p2a: Arceus|99/100
|move|p1a: Corviknight|Flash Cannon|p2a: Arceus
|-supereffective|p2a: Arceus
|-damage|p2a: Arceus|68/100
|
|-heal|p1a: Corviknight|38/100 brn|[from] item: Leftovers
|-damage|p1a: Corviknight|32/100 brn|[from] brn
|upkeep
|turn|5
|
|t:|1649360765
|move|p2a: Arceus|Recover|p2a: Arceus
|-heal|p2a: Arceus|100/100
|move|p1a: Corviknight|Steel Beam|p2a: Arceus
|-supereffective|p2a: Arceus
|-damage|p2a: Arceus|48/100
|-damage|p1a: Corviknight|0 fnt|[from] mindblown
|faint|p1a: Corviknight
|
|upkeep
|
|t:|1649360770
|switch|p1a: Slowbro|Slowbro-Galar, M|100/100
|turn|6
|
|t:|1649360794
|move|p2a: Arceus|Recover|p2a: Arceus
|-heal|p2a: Arceus|98/100
|move|p1a: Slowbro|Calm Mind|p1a: Slowbro
|-boost|p1a: Slowbro|spa|1
|-boost|p1a: Slowbro|spd|1
|
|upkeep
|turn|7
|-activate|p1a: Slowbro|ability: Quick Draw
|
|t:|1649360804
|switch|p2a: Arceus|Arceus-Dark|100/100
|-start|p1a: Slowbro|Dynamax|
|-heal|p1a: Slowbro|100/100|[silent]
|move|p1a: Slowbro|Max Ooze|p2a: Arceus
|-damage|p2a: Arceus|71/100
|-boost|p1a: Slowbro|spa|1
|
|upkeep
|turn|8
|
|t:|1649360812
|move|p2a: Arceus|Calm Mind|p2a: Arceus
|-boost|p2a: Arceus|spa|1
|-boost|p2a: Arceus|spd|1
|move|p1a: Slowbro|Max Ooze|p2a: Arceus
|-damage|p2a: Arceus|41/100
|-boost|p1a: Slowbro|spa|1
|
|upkeep
|turn|9
|-activate|p1a: Slowbro|ability: Quick Draw
|
|t:|1649360821
|-start|p2a: Arceus|Dynamax|
|-heal|p2a: Arceus|41/100|[silent]
|move|p2a: Arceus|Max Guard|p2a: Arceus
|-singleturn|p2a: Arceus|Max Guard
|move|p1a: Slowbro|Max Ooze|p2a: Arceus
|-activate|p2a: Arceus|move: Max Guard
|
|-end|p1a: Slowbro|Dynamax
|-heal|p1a: Slowbro|100/100|[silent]
|upkeep
|turn|10
|
|t:|1649360831
|move|p2a: Arceus|Max Darkness|p1a: Slowbro
|-supereffective|p1a: Slowbro
|-damage|p1a: Slowbro|0 fnt
|faint|p1a: Slowbro
|
|upkeep
|
|t:|1649360839
|switch|p1a: Gallade|Gallade, M|100/100
|turn|11
|inactive|Freeity has 270 seconds left.
|inactive|Freeity has 240 seconds left.
|
|t:|1649360904
|move|p1a: Gallade|Close Combat|p2a: Arceus
|-supereffective|p2a: Arceus
|-damage|p2a: Arceus|0 fnt
|-unboost|p1a: Gallade|def|1
|-unboost|p1a: Gallade|spd|1
|faint|p2a: Arceus
|
|upkeep
|inactive|Freeity has 240 seconds left.
|
|t:|1649360910
|switch|p2a: Arceus|Arceus-Fairy|98/100
|turn|12
|
|t:|1649360918
|switch|p1a: Blacephalon|Blacephalon|100/100
|move|p2a: Arceus|Judgment|p1a: Blacephalon
|-resisted|p1a: Blacephalon
|-damage|p1a: Blacephalon|70/100
|
|upkeep
|turn|13
|inactive|Freeity has 240 seconds left.
|
|t:|1649360955
|switch|p2a: Kyogre|Kyogre|100/100
|detailschange|p2a: Kyogre|Kyogre-Primal
|-primal|p2a: Kyogre
|-weather|PrimordialSea|[from] ability: Primordial Sea|[of] p2a: Kyogre
|move|p1a: Blacephalon|Will-O-Wisp|p2a: Kyogre
|-status|p2a: Kyogre|brn
|
|-weather|PrimordialSea|[upkeep]
|-damage|p2a: Kyogre|94/100 brn|[from] brn
|upkeep
|turn|14
|
|t:|1649360963
|move|p1a: Blacephalon|Shadow Claw|p2a: Kyogre
|-damage|p2a: Kyogre|77/100 brn
|move|p2a: Kyogre|Scald|p1a: Blacephalon
|-supereffective|p1a: Blacephalon
|-damage|p1a: Blacephalon|0 fnt
|faint|p1a: Blacephalon
|
|-weather|PrimordialSea|[upkeep]
|-damage|p2a: Kyogre|71/100 brn|[from] brn
|upkeep
|j| Isijs
|
|t:|1649360968
|switch|p1a: Gallade|Gallade, M|100/100
|turn|15
|
|t:|1649360976
|-weather|none
|switch|p2a: Necrozma|Necrozma-Dusk-Mane|100/100
|move|p1a: Gallade|Leaf Blade|p2a: Necrozma
|-resisted|p2a: Necrozma
|-crit|p2a: Necrozma
|-damage|p2a: Necrozma|89/100
|-damage|p1a: Gallade|84/100|[from] item: Rocky Helmet|[of] p2a: Necrozma
|
|upkeep
|turn|16
|
|t:|1649360982
|move|p1a: Gallade|Shadow Ball|p2a: Necrozma
|-supereffective|p2a: Necrozma
|-damage|p2a: Necrozma|71/100
|move|p2a: Necrozma|Stealth Rock|p1a: Gallade
|-sidestart|p1: irlusernamenocap|move: Stealth Rock
|
|upkeep
|turn|17
|n| Isijs|isijs
|
|t:|1649360991
|switch|p1a: Garchomp|Garchomp, F|100/100
|-damage|p1a: Garchomp|94/100|[from] Stealth Rock
|move|p2a: Necrozma|Knock Off|p1a: Garchomp
|-damage|p1a: Garchomp|67/100
|-damage|p2a: Necrozma|59/100|[from] ability: Rough Skin|[of] p1a: Garchomp
|-enditem|p1a: Garchomp|Leftovers|[from] move: Knock Off|[of] p2a: Necrozma
|
|upkeep
|turn|18
|c| Isijs|Y’all are ass
|inactive|Freeity has 270 seconds left.
|c| Isijs|Pdon solos both of u
|c| Isijs|ong
|inactive|Freeity has 240 seconds left.
|
|t:|1649361042
|switch|p2a: Kyogre|Kyogre-Primal|71/100 brn
|-weather|PrimordialSea|[from] ability: Primordial Sea|[of] p2a: Kyogre
|move|p1a: Garchomp|Earthquake|p2a: Kyogre
|-damage|p2a: Kyogre|47/100 brn
|
|-weather|PrimordialSea|[upkeep]
|-damage|p2a: Kyogre|40/100 brn|[from] brn
|upkeep
|turn|19
|c|☆irlusernamenocap|shut
|c| Isijs|No
|
|t:|1649361057
|move|p1a: Garchomp|Earthquake|p2a: Kyogre
|-damage|p2a: Kyogre|13/100 brn
|move|p2a: Kyogre|Scald|p1a: Garchomp
|-damage|p1a: Garchomp|2/100
|
|-weather|PrimordialSea|[upkeep]
|-damage|p2a: Kyogre|6/100 brn|[from] brn
|upkeep
|turn|20
|inactive|Freeity has 240 seconds left.
|c| Isijs|noq I can say 1000 slura
|c| Isijs|and not get wanred
|c| Isijs|in discord
|c| Isijs|penis boogie seman cum
|c|☆irlusernamenocap|who u
|c| Isijs|Tricky
|c|☆irlusernamenocap|oh
|inactive|Freeity has 210 seconds left.
|c|☆irlusernamenocap|good
|c| Isijs|I cummed in a hippopotamus and if ate my family’s penis
|inactive|Freeity has 180 seconds left.
|c| Isijs|It
|c| Isijs|The hippopotamus is mean
|c|☆irlusernamenocap|🤨down bad
|c| Isijs|im never letting it sucker my family’s penis again
|
|t:|1649361151
|-weather|none
|switch|p2a: Arceus|Arceus-Ground|100/100
|move|p1a: Garchomp|Earthquake|p2a: Arceus
|-damage|p2a: Arceus|80/100
|
|upkeep
|turn|21
|
|t:|1649361163
|switch|p1a: Gallade|Gallade, M|84/100
|-damage|p1a: Gallade|78/100|[from] Stealth Rock
|move|p2a: Arceus|Ice Beam|p1a: Gallade
|-damage|p1a: Gallade|53/100
|
|upkeep
|turn|22
|l| Isijs
|inactive|Freeity has 150 seconds left.
|
|t:|1649361196
|move|p2a: Arceus|Judgment|p1a: Gallade
|-damage|p1a: Gallade|0 fnt
|faint|p1a: Gallade
|
|upkeep
|
|t:|1649361204
|switch|p1a: Weavile|Weavile, F|53/100
|-damage|p1a: Weavile|29/100|[from] Stealth Rock
|-ability|p1a: Weavile|Pressure
|turn|23
|
|t:|1649361210
|move|p2a: Arceus|Judgment|p1a: Weavile
|-damage|p1a: Weavile|0 fnt
|faint|p1a: Weavile
|
|upkeep
|
|t:|1649361213
|switch|p1a: Garchomp|Garchomp, F|2/100
|-damage|p1a: Garchomp|0 fnt|[from] Stealth Rock
|faint|p1a: Garchomp
|
|win|Freeity
|c|☆Freeity|zamn
|l|☆Freeity
|l|☆irlusernamenocap
|j|☆irlusernamenocap
|player|p1|irlusernamenocap|riley
|l|☆irlusernamenocap
|player|p1|
|j|☆irlusernamenocap
|player|p1|irlusernamenocap|riley
