|j|☆Rottenscrew
|j|☆Buck is stallish
|t:|1660987138
|gametype|singles
|player|p1|Rottenscrew|hiker-gen4|
|player|p2|Buck is stallish|ethan-masters|
|teamsize|p1|6
|teamsize|p2|6
|gen|8
|tier|[Gen 8] National Dex AG
|rule|HP Percentage Mod: HP is shown in percentages
|rule|Endless Battle Clause: Forcing endless battles is banned
|clearpoke
|poke|p1|Arceus-*|
|poke|p1|Calyrex-Shadow|
|poke|p1|Yveltal|
|poke|p1|Zacian-*|
|poke|p1|Rayquaza|
|poke|p1|Ditto|
|poke|p2|Kyogre|
|poke|p2|Chansey, F|
|poke|p2|Sableye, F|
|poke|p2|Lugia|
|poke|p2|Yveltal|
|poke|p2|Arceus-*|
|teampreview
|inactive|Battle timer is ON: inactive players will automatically lose when time's up. (requested by Buck is stallish)
|inactive|Rottenscrew also wants the timer to be on.
|c|☆Rottenscrew|Daaamn
|inactive|Rottenscrew has 270 seconds left.
|c|☆Rottenscrew|Can you give me some suggestions about my team?
|
|t:|1660987180
|start
|switch|p1a: Zacian|Zacian-Crowned|100/100
|switch|p2a: Pretty gem|Sableye, F|100/100
|-ability|p1a: Zacian|Intrepid Sword|boost
|-boost|p1a: Zacian|atk|1
|turn|1
|
|t:|1660987207
|move|p2a: Pretty gem|Will-O-Wisp|p1a: Zacian|[miss]
|-miss|p2a: Pretty gem|p1a: Zacian
|move|p1a: Zacian|Play Rough|p2a: Pretty gem
|-supereffective|p2a: Pretty gem
|-damage|p2a: Pretty gem|0 fnt
|faint|p2a: Pretty gem
|
|upkeep
|
|t:|1660987216
|switch|p2a: Fearless priest|Arceus-Ground|100/100
|turn|2
|
|t:|1660987222
|switch|p1a: Arceus|Arceus-Ground|100/100
|move|p2a: Fearless priest|Will-O-Wisp|p1a: Arceus|[miss]
|-miss|p2a: Fearless priest|p1a: Arceus
|
|upkeep
|turn|3
|
|t:|1660987228
|move|p2a: Fearless priest|Stealth Rock|p1a: Arceus
|-sidestart|p1: Rottenscrew|move: Stealth Rock
|move|p1a: Arceus|Stealth Rock|p2a: Fearless priest
|-sidestart|p2: Buck is stallish|move: Stealth Rock
|
|upkeep
|turn|4
|
|t:|1660987239
|move|p2a: Fearless priest|Will-O-Wisp|p1a: Arceus
|-status|p1a: Arceus|brn
|move|p1a: Arceus|Ice Beam|p2a: Fearless priest
|-supereffective|p2a: Fearless priest
|-damage|p2a: Fearless priest|69/100
|
|-damage|p1a: Arceus|94/100 brn|[from] brn
|upkeep
|turn|5
|
|t:|1660987250
|move|p2a: Fearless priest|Recover|p2a: Fearless priest
|-heal|p2a: Fearless priest|100/100
|move|p1a: Arceus|Ice Beam|p2a: Fearless priest
|-supereffective|p2a: Fearless priest
|-damage|p2a: Fearless priest|68/100
|
|-damage|p1a: Arceus|88/100 brn|[from] brn
|upkeep
|turn|6
|
|t:|1660987261
|move|p2a: Fearless priest|Judgment|p1a: Arceus
|-damage|p1a: Arceus|55/100 brn
|move|p1a: Arceus|Ice Beam|p2a: Fearless priest
|-supereffective|p2a: Fearless priest
|-damage|p2a: Fearless priest|38/100
|
|-damage|p1a: Arceus|49/100 brn|[from] brn
|upkeep
|turn|7
|
|t:|1660987270
|move|p2a: Fearless priest|Recover|p2a: Fearless priest
|-heal|p2a: Fearless priest|88/100
|move|p1a: Arceus|Recover|p1a: Arceus
|-heal|p1a: Arceus|99/100 brn
|
|-damage|p1a: Arceus|93/100 brn|[from] brn
|upkeep
|turn|8
|
|t:|1660987289
|switch|p2a: White phoenix|Lugia|100/100
|-damage|p2a: White phoenix|75/100|[from] Stealth Rock
|move|p1a: Arceus|Ice Beam|p2a: White phoenix
|-supereffective|p2a: White phoenix
|-damage|p2a: White phoenix|50/100
|
|-heal|p2a: White phoenix|56/100|[from] item: Leftovers
|-damage|p1a: Arceus|87/100 brn|[from] brn
|upkeep
|turn|9
|
|t:|1660987291
|move|p1a: Arceus|Ice Beam|p2a: White phoenix
|-supereffective|p2a: White phoenix
|-damage|p2a: White phoenix|29/100
|move|p2a: White phoenix|Roost|p2a: White phoenix
|-heal|p2a: White phoenix|79/100
|-singleturn|p2a: White phoenix|move: Roost
|
|-heal|p2a: White phoenix|86/100|[from] item: Leftovers
|-damage|p1a: Arceus|81/100 brn|[from] brn
|upkeep
|turn|10
|
|t:|1660987302
|move|p1a: Arceus|Ice Beam|p2a: White phoenix
|-supereffective|p2a: White phoenix
|-damage|p2a: White phoenix|56/100
|move|p2a: White phoenix|Roost|p2a: White phoenix
|-heal|p2a: White phoenix|100/100
|-singleturn|p2a: White phoenix|move: Roost
|
|-damage|p1a: Arceus|75/100 brn|[from] brn
|upkeep
|turn|11
|
|t:|1660987306
|move|p1a: Arceus|Ice Beam|p2a: White phoenix
|-supereffective|p2a: White phoenix
|-damage|p2a: White phoenix|86/100
|-status|p2a: White phoenix|frz
|cant|p2a: White phoenix|frz
|
|-heal|p2a: White phoenix|92/100 frz|[from] item: Leftovers
|-damage|p1a: Arceus|69/100 brn|[from] brn
|upkeep
|turn|12
|
|t:|1660987311
|switch|p2a: Tough pink lady|Chansey, F|100/100
|-damage|p2a: Tough pink lady|88/100|[from] Stealth Rock
|move|p1a: Arceus|Ice Beam|p2a: Tough pink lady
|-damage|p2a: Tough pink lady|82/100
|
|-damage|p1a: Arceus|62/100 brn|[from] brn
|upkeep
|turn|13
|
|t:|1660987316
|move|p1a: Arceus|Ice Beam|p2a: Tough pink lady
|-damage|p2a: Tough pink lady|76/100
|move|p2a: Tough pink lady|Aromatherapy|p2a: Tough pink lady
|-activate|p2a: Tough pink lady|move: Aromatherapy
|-curestatus|p2: White phoenix|frz|[msg]
|
|-damage|p1a: Arceus|56/100 brn|[from] brn
|upkeep
|turn|14
|c|☆Rottenscrew|Nice move
|
|t:|1660987325
|switch|p1a: Yveltal|Yveltal|100/100
|-damage|p1a: Yveltal|76/100|[from] Stealth Rock
|-ability|p1a: Yveltal|Dark Aura
|move|p2a: Tough pink lady|Soft-Boiled|p2a: Tough pink lady
|-heal|p2a: Tough pink lady|100/100
|
|upkeep
|turn|15
|
|t:|1660987333
|move|p1a: Yveltal|Taunt|p2a: Tough pink lady
|-start|p2a: Tough pink lady|move: Taunt
|cant|p2a: Tough pink lady|move: Taunt|Confide
|
|upkeep
|turn|16
|
|t:|1660987342
|move|p1a: Yveltal|Oblivion Wing|p2a: Tough pink lady
|-damage|p2a: Tough pink lady|89/100
|-heal|p1a: Yveltal|87/100|[from] drain|[of] p2a: Tough pink lady
|-damage|p1a: Yveltal|77/100|[from] item: Life Orb
|move|p2a: Tough pink lady|Seismic Toss|p1a: Yveltal
|-damage|p1a: Yveltal|55/100
|
|upkeep
|turn|17
|
|t:|1660987344
|move|p1a: Yveltal|Sucker Punch|p2a: Tough pink lady
|-crit|p2a: Tough pink lady
|-damage|p2a: Tough pink lady|31/100
|-damage|p1a: Yveltal|46/100|[from] item: Life Orb
|move|p2a: Tough pink lady|Seismic Toss|p1a: Yveltal
|-damage|p1a: Yveltal|24/100
|
|-end|p2a: Tough pink lady|move: Taunt
|upkeep
|turn|18
|
|t:|1660987347
|move|p1a: Yveltal|Sucker Punch|p2a: Tough pink lady
|-damage|p2a: Tough pink lady|0 fnt
|faint|p2a: Tough pink lady
|-damage|p1a: Yveltal|14/100|[from] item: Life Orb
|
|upkeep
|
|t:|1660987352
|switch|p2a: Raven of death|Yveltal, shiny|100/100
|-damage|p2a: Raven of death|76/100|[from] Stealth Rock
|-ability|p2a: Raven of death|Dark Aura
|turn|19
|
|t:|1660987363
|move|p2a: Raven of death|Foul Play|p1a: Yveltal
|-resisted|p1a: Yveltal
|-crit|p1a: Yveltal
|-damage|p1a: Yveltal|0 fnt
|faint|p1a: Yveltal
|
|upkeep
|
|t:|1660987376
|switch|p1a: Zacian|Zacian-Crowned|100/100
|-damage|p1a: Zacian|94/100|[from] Stealth Rock
|-ability|p1a: Zacian|Intrepid Sword|boost
|-boost|p1a: Zacian|atk|1
|turn|20
|inactive|Buck is stallish has 270 seconds left.
|
|t:|1660987414
|switch|p2a: Eternal storm|Kyogre|100/100
|-damage|p2a: Eternal storm|88/100|[from] Stealth Rock
|-weather|RainDance|[from] ability: Drizzle|[of] p2a: Eternal storm
|move|p1a: Zacian|Wild Charge|p2a: Eternal storm
|-supereffective|p2a: Eternal storm
|-damage|p2a: Eternal storm|18/100
|-damage|p1a: Zacian|72/100|[from] Recoil
|
|-weather|RainDance|[upkeep]
|-heal|p2a: Eternal storm|25/100|[from] item: Leftovers
|upkeep
|turn|21
|inactive|Buck is stallish has 270 seconds left.
|c|☆Buck is stallish|Yh that miss was game
|c|☆Buck is stallish|Gg
|inactive|Rottenscrew has 270 seconds left.
|inactive|Rottenscrew has 240 seconds left.
|
|t:|1660987489
|switch|p2a: Fearless priest|Arceus-Ground|88/100
|-damage|p2a: Fearless priest|82/100|[from] Stealth Rock
|move|p1a: Zacian|Wild Charge|p2a: Fearless priest
|-immune|p2a: Fearless priest
|
|-weather|RainDance|[upkeep]
|upkeep
|turn|22
|
|t:|1660987500
|switch|p1a: Arceus|Arceus-Ground|56/100 brn
|-damage|p1a: Arceus|50/100 brn|[from] Stealth Rock
|move|p2a: Fearless priest|Judgment|p1a: Arceus
|-damage|p1a: Arceus|20/100 brn
|
|-weather|RainDance|[upkeep]
|-damage|p1a: Arceus|14/100 brn|[from] brn
|upkeep
|turn|23
|
|t:|1660987508
|move|p2a: Fearless priest|Judgment|p1a: Arceus
|-damage|p1a: Arceus|0 fnt
|faint|p1a: Arceus
|
|-weather|RainDance|[upkeep]
|upkeep
|inactive|Rottenscrew has 240 seconds left.
|
|t:|1660987516
|switch|p1a: Rayquaza|Rayquaza|100/100
|-damage|p1a: Rayquaza|76/100|[from] Stealth Rock
|-ability|p1a: Rayquaza|Air Lock
|turn|24
|c|☆Buck is stallish|Or maybe I win
|
|t:|1660987523
|switch|p2a: Eternal storm|Kyogre|25/100
|-damage|p2a: Eternal storm|12/100|[from] Stealth Rock
|detailschange|p1a: Rayquaza|Rayquaza-Mega
|-mega|p1a: Rayquaza|Rayquaza|
|-weather|DeltaStream|[from] ability: Delta Stream|[of] p1a: Rayquaza
|move|p1a: Rayquaza|Dragon Ascent|p2a: Eternal storm
|-damage|p2a: Eternal storm|0 fnt
|-unboost|p1a: Rayquaza|def|1
|-unboost|p1a: Rayquaza|spd|1
|faint|p2a: Eternal storm
|
|-weather|DeltaStream|[upkeep]
|upkeep
|
|t:|1660987526
|switch|p2a: White phoenix|Lugia|92/100
|-damage|p2a: White phoenix|67/100|[from] Stealth Rock
|turn|25
|
|t:|1660987528
|move|p1a: Rayquaza|Dragon Ascent|p2a: White phoenix
|-crit|p2a: White phoenix
|-damage|p2a: White phoenix|9/100
|-unboost|p1a: Rayquaza|def|1
|-unboost|p1a: Rayquaza|spd|1
|move|p2a: White phoenix|Roost|p2a: White phoenix
|-heal|p2a: White phoenix|59/100
|-singleturn|p2a: White phoenix|move: Roost
|
|-weather|DeltaStream|[upkeep]
|-heal|p2a: White phoenix|65/100|[from] item: Leftovers
|upkeep
|turn|26
|
|t:|1660987535
|move|p1a: Rayquaza|Dragon Ascent|p2a: White phoenix
|-damage|p2a: White phoenix|23/100
|-unboost|p1a: Rayquaza|def|1
|-unboost|p1a: Rayquaza|spd|1
|move|p2a: White phoenix|Roost|p2a: White phoenix
|-heal|p2a: White phoenix|73/100
|-singleturn|p2a: White phoenix|move: Roost
|
|-weather|DeltaStream|[upkeep]
|-heal|p2a: White phoenix|79/100|[from] item: Leftovers
|upkeep
|turn|27
|
|t:|1660987539
|move|p1a: Rayquaza|Swords Dance|p1a: Rayquaza
|-boost|p1a: Rayquaza|atk|2
|move|p2a: White phoenix|Ice Beam|p1a: Rayquaza
|-activate||deltastream
|-supereffective|p1a: Rayquaza
|-damage|p1a: Rayquaza|0 fnt
|faint|p1a: Rayquaza
|-weather|none
|
|-heal|p2a: White phoenix|85/100|[from] item: Leftovers
|upkeep
|
|t:|1660987542
|switch|p1a: Calyrex|Calyrex-Shadow|100/100
|-ability|p1a: Calyrex|As One
|-ability|p1a: Calyrex|Unnerve
|-damage|p1a: Calyrex|88/100|[from] Stealth Rock
|turn|28
|
|t:|1660987547
|move|p1a: Calyrex|Nasty Plot|p1a: Calyrex
|-boost|p1a: Calyrex|spa|2
|move|p2a: White phoenix|Whirlwind|p1a: Calyrex
|drag|p1a: Ditto|Ditto|100/100
|-damage|p1a: Ditto|88/100|[from] Stealth Rock
|-transform|p1a: Ditto|p2a: White phoenix|[from] ability: Imposter
|
|-heal|p2a: White phoenix|91/100|[from] item: Leftovers
|upkeep
|turn|29
|
|t:|1660987562
|move|p1a: Ditto|Toxic|p2a: White phoenix
|-status|p2a: White phoenix|tox
|move|p2a: White phoenix|Toxic|p1a: Ditto
|-status|p1a: Ditto|tox
|
|-heal|p2a: White phoenix|98/100 tox|[from] item: Leftovers
|-damage|p1a: Ditto|82/100 tox|[from] psn
|-damage|p2a: White phoenix|91/100 tox|[from] psn
|upkeep
|turn|30
|
|t:|1660987575
|switch|p1a: Zacian|Zacian-Crowned|72/100
|-damage|p1a: Zacian|66/100|[from] Stealth Rock
|-ability|p1a: Zacian|Intrepid Sword|boost
|-boost|p1a: Zacian|atk|1
|move|p2a: White phoenix|Roost|p2a: White phoenix
|-heal|p2a: White phoenix|100/100 tox
|-singleturn|p2a: White phoenix|move: Roost
|
|-damage|p2a: White phoenix|88/100 tox|[from] psn
|upkeep
|turn|31
|
|t:|1660987583
|move|p1a: Zacian|Swords Dance|p1a: Zacian
|-boost|p1a: Zacian|atk|2
|move|p2a: White phoenix|Whirlwind|p1a: Zacian
|drag|p1a: Ditto|Ditto|82/100 tox
|-damage|p1a: Ditto|70/100 tox|[from] Stealth Rock
|-transform|p1a: Ditto|p2a: White phoenix|[from] ability: Imposter
|
|-heal|p2a: White phoenix|94/100 tox|[from] item: Leftovers
|-damage|p1a: Ditto|64/100 tox|[from] psn
|-damage|p2a: White phoenix|75/100 tox|[from] psn
|upkeep
|turn|32
|inactive|Buck is stallish has 270 seconds left.
|
|t:|1660987616
|move|p1a: Ditto|Roost|p1a: Ditto
|-heal|p1a: Ditto|100/100 tox
|-singleturn|p1a: Ditto|move: Roost
|move|p2a: White phoenix|Whirlwind|p1a: Ditto
|drag|p1a: Calyrex|Calyrex-Shadow|88/100
|-ability|p1a: Calyrex|As One
|-ability|p1a: Calyrex|Unnerve
|-damage|p1a: Calyrex|76/100|[from] Stealth Rock
|
|-heal|p2a: White phoenix|82/100 tox|[from] item: Leftovers
|-damage|p2a: White phoenix|57/100 tox|[from] psn
|upkeep
|turn|33
|
|t:|1660987619
|move|p1a: Calyrex|Astral Barrage|p2a: White phoenix
|-supereffective|p2a: White phoenix
|-damage|p2a: White phoenix|0 fnt
|faint|p2a: White phoenix
|-ability|p1a: Calyrex|Grim Neigh|boost
|-boost|p1a: Calyrex|spa|1
|
|upkeep
|
|t:|1660987622
|switch|p2a: Raven of death|Yveltal, shiny|76/100
|-damage|p2a: Raven of death|51/100|[from] Stealth Rock
|-ability|p2a: Raven of death|Dark Aura
|turn|34
|
|t:|1660987625
|switch|p1a: Zacian|Zacian-Crowned|66/100
|-damage|p1a: Zacian|60/100|[from] Stealth Rock
|-ability|p1a: Zacian|Intrepid Sword|boost
|-boost|p1a: Zacian|atk|1
|move|p2a: Raven of death|Foul Play|p1a: Zacian
|-resisted|p1a: Zacian
|-damage|p1a: Zacian|6/100
|
|upkeep
|turn|35
|
|t:|1660987629
|move|p2a: Raven of death|Foul Play|p1a: Zacian
|-resisted|p1a: Zacian
|-damage|p1a: Zacian|0 fnt
|faint|p1a: Zacian
|
|upkeep
|
|t:|1660987636
|switch|p1a: Ditto|Ditto|100/100 tox
|-damage|p1a: Ditto|88/100 tox|[from] Stealth Rock
|-transform|p1a: Ditto|p2a: Raven of death|[from] ability: Imposter
|-ability|p1a: Ditto|Dark Aura
|turn|36
|
|t:|1660987643
|switch|p2a: Fearless priest|Arceus-Ground|82/100
|-damage|p2a: Fearless priest|76/100|[from] Stealth Rock
|-start|p1a: Ditto|Dynamax|
|-heal|p1a: Ditto|88/100 tox|[silent]
|move|p1a: Ditto|Max Flutterby|p2a: Fearless priest
|-damage|p2a: Fearless priest|57/100
|-unboost|p2a: Fearless priest|spa|1
|
|-damage|p1a: Ditto|85/100 tox|[from] psn
|upkeep
|turn|37
|
|t:|1660987646
|move|p1a: Ditto|Max Darkness|p2a: Fearless priest
|-damage|p2a: Fearless priest|13/100
|-unboost|p2a: Fearless priest|spd|1
|move|p2a: Fearless priest|Recover|p2a: Fearless priest
|-heal|p2a: Fearless priest|63/100
|
|-damage|p1a: Ditto|79/100 tox|[from] psn
|upkeep
|turn|38
|c|☆Rottenscrew|Daamn
|
|t:|1660987659
|-end|p1a: Ditto|Dynamax
|-heal|p1a: Ditto|79/100 tox|[silent]
|switch|p1a: Calyrex|Calyrex-Shadow|76/100
|-ability|p1a: Calyrex|As One
|-ability|p1a: Calyrex|Unnerve
|-damage|p1a: Calyrex|64/100|[from] Stealth Rock
|move|p2a: Fearless priest|Recover|p2a: Fearless priest
|-heal|p2a: Fearless priest|100/100
|
|upkeep
|turn|39
|
|t:|1660987669
|-start|p2a: Fearless priest|Dynamax|
|-heal|p2a: Fearless priest|100/100|[silent]
|move|p1a: Calyrex|Nasty Plot|p1a: Calyrex
|-boost|p1a: Calyrex|spa|2
|move|p2a: Fearless priest|Max Quake|p1a: Calyrex
|-damage|p1a: Calyrex|23/100
|-boost|p2a: Fearless priest|spd|1
|
|upkeep
|turn|40
|
|t:|1660987671
|move|p1a: Calyrex|Astral Barrage|p2a: Fearless priest
|-damage|p2a: Fearless priest|55/100
|move|p2a: Fearless priest|Max Quake|p1a: Calyrex
|-damage|p1a: Calyrex|0 fnt
|-boost|p2a: Fearless priest|spd|1
|faint|p1a: Calyrex
|
|upkeep
|
|t:|1660987675
|switch|p1a: Ditto|Ditto|79/100 tox
|-damage|p1a: Ditto|67/100 tox|[from] Stealth Rock
|-transform|p1a: Ditto|p2a: Fearless priest|[from] ability: Imposter
|turn|41
|c|☆Buck is stallish|Ggwp
|c|☆Rottenscrew|What should I change?
|inactive|Rottenscrew has 270 seconds left.
|c|☆Rottenscrew|i mean I go easily to 1750 but no more
|
|t:|1660987717
|move|p1a: Ditto|Judgment|p2a: Fearless priest
|-damage|p2a: Fearless priest|51/100
|move|p2a: Fearless priest|Max Quake|p1a: Ditto
|-damage|p1a: Ditto|38/100 tox
|-boost|p2a: Fearless priest|spd|1
|
|-damage|p1a: Ditto|32/100 tox|[from] psn
|upkeep
|-end|p2a: Fearless priest|Dynamax
|-heal|p2a: Fearless priest|51/100|[silent]
|turn|42
|
|t:|1660987732
|move|p1a: Ditto|Judgment|p2a: Fearless priest
|-damage|p2a: Fearless priest|45/100
|move|p2a: Fearless priest|Recover|p2a: Fearless priest
|-heal|p2a: Fearless priest|95/100
|
|-damage|p1a: Ditto|20/100 tox|[from] psn
|upkeep
|turn|43
|inactive|Rottenscrew has 270 seconds left.
|c|☆Buck is stallish|Ok first 1700 is bad
|inactive|Buck is stallish has 270 seconds left.
|inactive|Rottenscrew has 240 seconds left.
|inactive|Buck is stallish has 240 seconds left.
|inactive|Rottenscrew has 210 seconds left.
|c|☆Buck is stallish|Second make the ray life orb
|inactive|Rottenscrew has 180 seconds left.
|
|t:|1660987834
|move|p1a: Ditto|Judgment|p2a: Fearless priest
|-damage|p2a: Fearless priest|88/100
|move|p2a: Fearless priest|Judgment|p1a: Ditto
|-damage|p1a: Ditto|0 fnt
|faint|p1a: Ditto
|
|win|Buck is stallish
|c|☆Rottenscrew|I can do that
|c|☆Rottenscrew|Maybe remove ditto for lugya?
|c|☆Buck is stallish|Yes
|c|☆Buck is stallish|if ur caly is sash
|c|☆Buck is stallish|use defog
|l|☆Buck is stallish
|c|☆Rottenscrew|I have defog on yveltal
|j|☆Buck is stallish
|player|p2|Buck is stallish|ethan-masters
