|j|☆Ghosterol
|j|☆Aglt5tx sasasasa
|inactive|Battle timer is ON: inactive players will automatically lose when time's up.
|t:|1665675543
|gametype|singles
|player|p1|Ghosterol|siebold-masters|
|player|p2|Aglt5tx sasasasa|265|
|teamsize|p1|6
|teamsize|p2|6
|gen|8
|tier|[Gen 8] National Dex AG
|rated|Tournament battle
|rule|HP Percentage Mod: HP is shown in percentages
|rule|Endless Battle Clause: Forcing endless battles is banned
|clearpoke
|poke|p1|Groudon|
|poke|p1|Deoxys-Speed|
|poke|p1|Rayquaza|
|poke|p1|Calyrex-Shadow|
|poke|p1|Yveltal|
|poke|p1|Necrozma-Dusk-Mane|
|poke|p2|Arceus-*|
|poke|p2|Groudon|
|poke|p2|Yveltal|
|poke|p2|Arceus-*|
|poke|p2|Necrozma-Dusk-Mane|
|poke|p2|Ditto|
|teampreview
|inactive|Ghosterol also wants the timer to be on.
|j| RandomTestingStuff
|
|t:|1665675548
|start
|switch|p1a: The pants thief|Deoxys-Speed|100/100
|switch|p2a: Arceus|Arceus-Water|100/100
|-ability|p1a: The pants thief|Pressure
|turn|1
|j|#cromagnet
|c|☆Ghosterol|glhf
|
|t:|1665675555
|move|p2a: Arceus|Magic Coat|p2a: Arceus
|-singleturn|p2a: Arceus|move: Magic Coat
|move|p1a: The pants thief|Stealth Rock|p2a: Arceus
|move|p2a: Arceus|Stealth Rock|p1a: The pants thief|[from]Magic Coat
|-sidestart|p1: Ghosterol|move: Stealth Rock
|
|upkeep
|turn|2
|c|☆Aglt5tx sasasasa|U2
|
|t:|1665675563
|move|p2a: Arceus|Magic Coat|p2a: Arceus
|-singleturn|p2a: Arceus|move: Magic Coat
|move|p1a: The pants thief|Stealth Rock|p2a: Arceus
|move|p2a: Arceus|Stealth Rock||[from]Magic Coat|[still]
|-fail|p2a: Arceus
|
|upkeep
|turn|3
|
|t:|1665675568
|move|p1a: The pants thief|Stealth Rock|p2a: Arceus
|-sidestart|p2: Aglt5tx sasasasa|move: Stealth Rock
|move|p2a: Arceus|Toxic|p1a: The pants thief
|-status|p1a: The pants thief|tox
|
|-damage|p1a: The pants thief|94/100 tox|[from] psn
|upkeep
|turn|4
|
|t:|1665675575
|move|p1a: The pants thief|Magic Coat|p1a: The pants thief
|-singleturn|p1a: The pants thief|move: Magic Coat
|move|p2a: Arceus|Magic Coat|p2a: Arceus
|-singleturn|p2a: Arceus|move: Magic Coat
|
|-damage|p1a: The pants thief|82/100 tox|[from] psn
|upkeep
|turn|5
|
|t:|1665675581
|switch|p1a: Dog|Necrozma-Dusk-Mane|100/100
|-damage|p1a: Dog|95/100|[from] Stealth Rock
|move|p2a: Arceus|Magic Coat|p2a: Arceus
|-singleturn|p2a: Arceus|move: Magic Coat
|
|upkeep
|turn|6
|
|t:|1665675595
|switch|p2a: Arceus|Arceus-Dark|100/100
|-damage|p2a: Arceus|88/100|[from] Stealth Rock
|move|p1a: Dog|Dragon Dance|p1a: Dog
|-boost|p1a: Dog|atk|1
|-boost|p1a: Dog|spe|1
|
|upkeep
|turn|7
|
|t:|1665675607
|detailschange|p1a: Dog|Necrozma-Ultra
|-burst|p1a: Dog|Necrozma|Ultranecrozium Z
|-start|p2a: Arceus|Dynamax|
|-heal|p2a: Arceus|88/100|[silent]
|move|p1a: Dog|Earthquake|p2a: Arceus
|-damage|p2a: Arceus|66/100
|move|p2a: Arceus|Max Darkness|p1a: Dog
|-supereffective|p1a: Dog
|-damage|p1a: Dog|0 fnt
|faint|p1a: Dog
|
|upkeep
|
|t:|1665675620
|switch|p1a: The pants thief|Deoxys-Speed|82/100 tox
|-damage|p1a: The pants thief|69/100 tox|[from] Stealth Rock
|-ability|p1a: The pants thief|Pressure
|turn|8
|
|t:|1665675626
|-end|p2a: Arceus|Dynamax
|-heal|p2a: Arceus|66/100|[silent]
|switch|p2a: Arceus|Arceus-Water|100/100
|-damage|p2a: Arceus|88/100|[from] Stealth Rock
|move|p1a: The pants thief|Spikes|p2a: Arceus
|-sidestart|p2: Aglt5tx sasasasa|Spikes
|
|-damage|p1a: The pants thief|63/100 tox|[from] psn
|upkeep
|turn|9
|
|t:|1665675640
|switch|p1a: My little Pony|Calyrex-Shadow|100/100
|-ability|p1a: My little Pony|As One
|-ability|p1a: My little Pony|Unnerve
|-damage|p1a: My little Pony|88/100|[from] Stealth Rock
|move|p2a: Arceus|Defog|p1a: My little Pony
|-unboost|p1a: My little Pony|evasion|1
|-sideend|p1: Ghosterol|Stealth Rock|[from] move: Defog|[of] p2a: Arceus
|-sideend|p2: Aglt5tx sasasasa|Spikes|[from] move: Defog|[of] p2a: Arceus
|-sideend|p2: Aglt5tx sasasasa|Stealth Rock|[from] move: Defog|[of] p2a: Arceus
|
|upkeep
|turn|10
|
|t:|1665675650
|switch|p2a: Yveltal|Yveltal|100/100
|-ability|p2a: Yveltal|Dark Aura
|move|p1a: My little Pony|Nasty Plot|p1a: My little Pony
|-boost|p1a: My little Pony|spa|2
|
|upkeep
|turn|11
|j|+Frozoid
|
|t:|1665675659
|move|p1a: My little Pony|Baton Pass|p1a: My little Pony
|
|t:|1665675660
|switch|p1a: Pigeon|Yveltal, shiny|100/100|[from]move: Baton Pass
|-ability|p1a: Pigeon|Dark Aura
|move|p2a: Yveltal|Dark Pulse|p1a: Pigeon
|-resisted|p1a: Pigeon
|-damage|p1a: Pigeon|66/100
|-damage|p2a: Yveltal|91/100|[from] item: Life Orb
|
|upkeep
|turn|12
|c|☆Ghosterol|wait
|c|☆Ghosterol|ditto wins
|c|☆Ghosterol|aw fuck
|
|t:|1665675678
|-start|p1a: Pigeon|Dynamax|
|-heal|p1a: Pigeon|66/100|[silent]
|move|p2a: Yveltal|Oblivion Wing|p1a: Pigeon
|-damage|p1a: Pigeon|43/100
|-heal|p2a: Yveltal|100/100|[from] drain|[of] p1a: Pigeon
|-damage|p2a: Yveltal|91/100|[from] item: Life Orb
|move|p1a: Pigeon|Max Airstream|p2a: Yveltal
|-damage|p2a: Yveltal|0 fnt
|-boost|p1a: Pigeon|spe|1
|faint|p2a: Yveltal
|-damage|p1a: Pigeon|38/100|[from] item: Life Orb
|
|upkeep
|j| TaxFraud094
|
|t:|1665675689
|switch|p2a: Arceus|Arceus-Water|88/100
|turn|13
|
|t:|1665675693
|move|p1a: Pigeon|Max Darkness|p2a: Arceus
|-damage|p2a: Arceus|0 fnt
|faint|p2a: Arceus
|-damage|p1a: Pigeon|33/100|[from] item: Life Orb
|
|upkeep
|
|t:|1665675696
|switch|p2a: Groudon|Groudon|100/100
|detailschange|p2a: Groudon|Groudon-Primal
|-primal|p2a: Groudon
|-weather|DesolateLand|[from] ability: Desolate Land|[of] p2a: Groudon
|turn|14
|
|t:|1665675705
|move|p1a: Pigeon|Max Flare|p2a: Groudon
|-resisted|p2a: Groudon
|-damage|p2a: Groudon|36/100
|-damage|p1a: Pigeon|28/100|[from] item: Life Orb
|move|p2a: Groudon|Stealth Rock|p1a: Pigeon
|-sidestart|p1: Ghosterol|move: Stealth Rock
|
|-weather|DesolateLand|[upkeep]
|upkeep
|-end|p1a: Pigeon|Dynamax
|-heal|p1a: Pigeon|28/100|[silent]
|turn|15
|c| TaxFraud094|nice
|j| Wrathoftheleopard
|
|t:|1665675715
|switch|p1a: The pants thief|Deoxys-Speed|63/100 tox
|-damage|p1a: The pants thief|50/100 tox|[from] Stealth Rock
|-ability|p1a: The pants thief|Pressure
|move|p2a: Groudon|Stone Edge|p1a: The pants thief
|-damage|p1a: The pants thief|4/100 tox
|
|-weather|DesolateLand|[upkeep]
|-damage|p1a: The pants thief|0 fnt|[from] psn
|faint|p1a: The pants thief
|upkeep
|
|t:|1665675726
|switch|p1a: My little Pony|Calyrex-Shadow|88/100
|-ability|p1a: My little Pony|As One
|-ability|p1a: My little Pony|Unnerve
|-damage|p1a: My little Pony|76/100|[from] Stealth Rock
|turn|16
|
|t:|1665675733
|-weather|none
|switch|p2a: Arceus|Arceus-Dark|66/100
|move|p1a: My little Pony|Astral Barrage|p2a: Arceus
|-resisted|p2a: Arceus
|-damage|p2a: Arceus|47/100
|
|upkeep
|turn|17
|n| Swas|randomtestingstuff
|n| RandomTestingStuff|swas
|
|t:|1665675748
|switch|p1a: Landfill|Groudon, shiny|100/100
|-damage|p1a: Landfill|94/100|[from] Stealth Rock
|detailschange|p1a: Landfill|Groudon-Primal, shiny
|-primal|p1a: Landfill
|-weather|DesolateLand|[from] ability: Desolate Land|[of] p1a: Landfill
|move|p2a: Arceus|Recover|p2a: Arceus
|-heal|p2a: Arceus|97/100
|
|-weather|DesolateLand|[upkeep]
|upkeep
|turn|18
|j|%Wildfiree ❤
|
|t:|1665675760
|move|p2a: Arceus|Judgment|p1a: Landfill
|-damage|p1a: Landfill|32/100
|move|p1a: Landfill|Rock Tomb|p2a: Arceus|[miss]
|-miss|p1a: Landfill|p2a: Arceus
|
|-weather|DesolateLand|[upkeep]
|upkeep
|turn|19
|l|%Wildfiree ❤
|c|☆Ghosterol|:///////////////////////////////////////////////////////
|c|☆Ghosterol|i lose
|c|☆Ghosterol|cuz miss D:
|
|t:|1665675781
|move|p2a: Arceus|Judgment|p1a: Landfill
|-damage|p1a: Landfill|0 fnt
|faint|p1a: Landfill
|-weather|none
|
|upkeep
|j| RandumbRaccoon
|c|☆Aglt5tx sasasasa|Nah
|
|t:|1665675786
|switch|p1a: The belt|Rayquaza|100/100
|-damage|p1a: The belt|76/100|[from] Stealth Rock
|-ability|p1a: The belt|Air Lock
|turn|20
|c|☆Aglt5tx sasasasa|That didn't matter
|
|t:|1665675796
|detailschange|p1a: The belt|Rayquaza-Mega
|-mega|p1a: The belt|Rayquaza|
|-weather|DeltaStream|[from] ability: Delta Stream|[of] p1a: The belt
|move|p1a: The belt|Dragon Dance|p1a: The belt
|-boost|p1a: The belt|atk|1
|-boost|p1a: The belt|spe|1
|move|p2a: Arceus|Judgment|p1a: The belt
|-damage|p1a: The belt|26/100
|
|-weather|DeltaStream|[upkeep]
|upkeep
|turn|21
|c|#cromagnet|it did a bit
|
|t:|1665675806
|switch|p2a: Groudon|Groudon-Primal|36/100
|-weather|DesolateLand|[from] ability: Desolate Land|[of] p2a: Groudon
|move|p1a: The belt|Dragon Ascent|p2a: Groudon
|-damage|p2a: Groudon|0 fnt
|-unboost|p1a: The belt|def|1
|-unboost|p1a: The belt|spd|1
|faint|p2a: Groudon
|-weather|none
|-damage|p1a: The belt|16/100|[from] item: Life Orb
|
|upkeep
|
|t:|1665675807
|switch|p2a: Ditto|Ditto|100/100
|-transform|p2a: Ditto|p1a: The belt|[from] ability: Imposter
|-weather|DeltaStream|[from] ability: Delta Stream|[of] p2a: Ditto
|turn|22
|
|t:|1665675821
|move|p2a: Ditto|Extreme Speed|p1a: The belt
|-damage|p1a: The belt|0 fnt
|faint|p1a: The belt
|
|-weather|DeltaStream|[upkeep]
|upkeep
|c|☆Aglt5tx sasasasa|Well it might have
|c|☆Ghosterol|YESSSSSSSSSSSSSSSSSSSSSSSSSSSSSSSSSSSSSSSSSSSSSSSSSSSSSSSSSSSSSSSSSSSSSSSSSSSSSSSSSSSS
|
|t:|1665675831
|switch|p1a: My little Pony|Calyrex-Shadow|76/100
|-ability|p1a: My little Pony|As One
|-ability|p1a: My little Pony|Unnerve
|-damage|p1a: My little Pony|64/100|[from] Stealth Rock
|turn|23
|
|t:|1665675837
|-weather|none
|switch|p2a: Arceus|Arceus-Dark|97/100
|move|p1a: My little Pony|Astral Barrage|p2a: Arceus
|-resisted|p2a: Arceus
|-damage|p2a: Arceus|77/100
|
|upkeep
|turn|24
|j| Dockiva
|c|☆Ghosterol|aw
|
|t:|1665675857
|move|p1a: My little Pony|Astral Barrage|p2a: Arceus
|-resisted|p2a: Arceus
|-damage|p2a: Arceus|59/100
|move|p2a: Arceus|Perish Song|p2a: Arceus
|-start|p1a: My little Pony|perish3|[silent]
|-start|p2a: Arceus|perish3|[silent]
|-fieldactivate|move: Perish Song
|
|-start|p1a: My little Pony|perish3
|-start|p2a: Arceus|perish3
|upkeep
|turn|25
|
|t:|1665675866
|move|p1a: My little Pony|Nasty Plot|p1a: My little Pony
|-boost|p1a: My little Pony|spa|2
|move|p2a: Arceus|Recover|p2a: Arceus
|-heal|p2a: Arceus|100/100
|
|-start|p1a: My little Pony|perish2
|-start|p2a: Arceus|perish2
|upkeep
|turn|26
|
|t:|1665675874
|switch|p2a: Necrozma|Necrozma-Dusk-Mane|100/100
|move|p1a: My little Pony|Nasty Plot|p1a: My little Pony
|-boost|p1a: My little Pony|spa|2
|
|-start|p1a: My little Pony|perish1
|upkeep
|turn|27
|
|t:|1665675881
|move|p1a: My little Pony|Astral Barrage|p2a: Necrozma
|-supereffective|p2a: Necrozma
|-damage|p2a: Necrozma|0 fnt
|faint|p2a: Necrozma
|-ability|p1a: My little Pony|Grim Neigh|boost
|-boost|p1a: My little Pony|spa|1
|
|-start|p1a: My little Pony|perish0
|upkeep
|faint|p1a: My little Pony
|l| RandomTestingStuff
|
|t:|1665675889
|switch|p1a: Pigeon|Yveltal, shiny|28/100
|switch|p2a: Arceus|Arceus-Dark|100/100
|-damage|p1a: Pigeon|4/100|[from] Stealth Rock
|-ability|p1a: Pigeon|Dark Aura
|turn|28
|
|t:|1665675896
|move|p2a: Arceus|Perish Song|p2a: Arceus
|-start|p1a: Pigeon|perish3|[silent]
|-start|p2a: Arceus|perish3|[silent]
|-fieldactivate|move: Perish Song
|move|p1a: Pigeon|Oblivion Wing|p2a: Arceus
|-damage|p2a: Arceus|70/100
|-heal|p1a: Pigeon|29/100|[from] drain|[of] p2a: Arceus
|-damage|p1a: Pigeon|19/100|[from] item: Life Orb
|
|-start|p2a: Arceus|perish3
|-start|p1a: Pigeon|perish3
|upkeep
|turn|29
|c|☆Ghosterol|gg D:
|
|t:|1665675911
|move|p2a: Arceus|Recover|p2a: Arceus
|-heal|p2a: Arceus|100/100
|move|p1a: Pigeon|Oblivion Wing|p2a: Arceus
|-damage|p2a: Arceus|70/100
|-heal|p1a: Pigeon|45/100|[from] drain|[of] p2a: Arceus
|-damage|p1a: Pigeon|35/100|[from] item: Life Orb
|
|-start|p2a: Arceus|perish2
|-start|p1a: Pigeon|perish2
|upkeep
|turn|30
|c|☆Aglt5tx sasasasa|gg
|
|t:|1665675921
|move|p2a: Arceus|Recover|p2a: Arceus
|-heal|p2a: Arceus|100/100
|move|p1a: Pigeon|Dark Pulse|p2a: Arceus
|-resisted|p2a: Arceus
|-damage|p2a: Arceus|79/100
|-damage|p1a: Pigeon|25/100|[from] item: Life Orb
|
|-start|p2a: Arceus|perish1
|-start|p1a: Pigeon|perish1
|upkeep
|turn|31
|c| TaxFraud094|Miss guaranteed the loss
|l| Dockiva
|c| TaxFraud094|might not have mattered
|
|t:|1665675932
|switch|p2a: Ditto|Ditto|100/100
|-transform|p2a: Ditto|p1a: Pigeon|[from] ability: Imposter
|-ability|p2a: Ditto|Dark Aura
|move|p1a: Pigeon|Dark Pulse|p2a: Ditto
|-resisted|p2a: Ditto
|-damage|p2a: Ditto|56/100
|-damage|p1a: Pigeon|15/100|[from] item: Life Orb
|
|-start|p1a: Pigeon|perish0
|upkeep
|faint|p1a: Pigeon
|
|win|Aglt5tx sasasasa
|n|☆Ghosterol|ghosterol
|n|☆Aglt5tx sasasasa|aglt5txsasasasa
|n|%cromagnet|cromagnet
|n| Frozoid|frozoid
|n| TaxFraud094|taxfraud094
|n| Wrathoftheleopard|wrathoftheleopard
|n| RandumbRaccoon|randumbraccoon
