|j|☆SpriggySpryzen
|j|☆SyaNinja
|t:|1650612312
|gametype|singles
|player|p1|SpriggySpryzen|skierf|1180
|player|p2|SyaNinja|169|1122
|teamsize|p1|6
|teamsize|p2|6
|gen|8
|tier|[Gen 8] National Dex AG
|rated|
|rule|HP Percentage Mod: HP is shown in percentages
|rule|Endless Battle Clause: Forcing endless battles is banned
|clearpoke
|poke|p1|Quagsire, M|
|poke|p1|Rayquaza|
|poke|p1|Rotom-Heat|
|poke|p1|Klefki, M|
|poke|p1|Honchkrow, F|
|poke|p1|Bibarel, F|
|poke|p2|Kommo-o, F|
|poke|p2|Slurpuff, F|
|poke|p2|Linoone, M|
|poke|p2|Darmanitan, M|
|poke|p2|Darmanitan-Galar, F|
|poke|p2|Azumarill, F|
|teampreview
|inactive|Battle timer is ON: inactive players will automatically lose when time's up. (requested by SyaNinja)
|c|☆SpriggySpryzen|Does everyone have Belly Drum
|
|t:|1650612341
|start
|switch|p1a: Walmart Urshifu|Bibarel, F|100/100
|switch|p2a: Slurpuff|Slurpuff, F, shiny|100/100
|turn|1
|c|☆SyaNinja|Yes, just copied someone else team
|c|☆SyaNinja|XD
|
|t:|1650612353
|move|p2a: Slurpuff|Sticky Web|p1a: Walmart Urshifu
|-sidestart|p1: SpriggySpryzen|move: Sticky Web
|move|p1a: Walmart Urshifu|Curse|p1a: Walmart Urshifu
|-unboost|p1a: Walmart Urshifu|spe|2
|-boost|p1a: Walmart Urshifu|atk|2
|-boost|p1a: Walmart Urshifu|def|2
|
|upkeep
|turn|2
|
|t:|1650612360
|move|p2a: Slurpuff|Belly Drum|p2a: Slurpuff
|-damage|p2a: Slurpuff|50/100
|-setboost|p2a: Slurpuff|atk|6|[from] move: Belly Drum
|-enditem|p2a: Slurpuff|Sitrus Berry|[eat]
|-heal|p2a: Slurpuff|75/100|[from] item: Sitrus Berry
|move|p1a: Walmart Urshifu|Curse|p1a: Walmart Urshifu
|-unboost|p1a: Walmart Urshifu|spe|2
|-boost|p1a: Walmart Urshifu|atk|2
|-boost|p1a: Walmart Urshifu|def|2
|
|upkeep
|turn|3
|
|t:|1650612370
|move|p1a: Walmart Urshifu|Aqua Jet|p2a: Slurpuff
|-damage|p2a: Slurpuff|21/100
|move|p2a: Slurpuff|Drain Punch|p1a: Walmart Urshifu
|-supereffective|p1a: Walmart Urshifu
|-damage|p1a: Walmart Urshifu|42/100
|-heal|p2a: Slurpuff|49/100|[from] drain|[of] p1a: Walmart Urshifu
|
|upkeep
|turn|4
|
|t:|1650612377
|move|p1a: Walmart Urshifu|Aqua Jet|p2a: Slurpuff
|-damage|p2a: Slurpuff|0 fnt
|faint|p2a: Slurpuff
|
|upkeep
|
|t:|1650612382
|switch|p2a: Kommo-o|Kommo-o, F, shiny|100/100
|turn|5
|
|t:|1650612388
|move|p1a: Walmart Urshifu|Quick Attack|p2a: Kommo-o
|-damage|p2a: Kommo-o|51/100
|move|p2a: Kommo-o|Substitute|p2a: Kommo-o
|-start|p2a: Kommo-o|Substitute
|-damage|p2a: Kommo-o|26/100
|
|upkeep
|turn|6
|
|t:|1650612395
|move|p1a: Walmart Urshifu|Quick Attack|p2a: Kommo-o
|-end|p2a: Kommo-o|Substitute
|move|p2a: Kommo-o|Drain Punch|p1a: Walmart Urshifu
|-supereffective|p1a: Walmart Urshifu
|-damage|p1a: Walmart Urshifu|18/100
|-heal|p2a: Kommo-o|39/100|[from] drain|[of] p1a: Walmart Urshifu
|
|upkeep
|turn|7
|-enditem|p1a: Walmart Urshifu|Custap Berry|[eat]
|-activate|p1a: Walmart Urshifu|item: Custap Berry|[consumed]
|
|t:|1650612402
|move|p1a: Walmart Urshifu|Quick Attack|p2a: Kommo-o
|-damage|p2a: Kommo-o|0 fnt
|faint|p2a: Kommo-o
|
|upkeep
|
|t:|1650612409
|switch|p2a: Linoone|Linoone, M, shiny|100/100
|turn|8
|
|t:|1650612413
|move|p2a: Linoone|Extreme Speed|p1a: Walmart Urshifu
|-damage|p1a: Walmart Urshifu|8/100
|move|p1a: Walmart Urshifu|Aqua Jet|p2a: Linoone
|-damage|p2a: Linoone|23/100
|-enditem|p2a: Linoone|Figy Berry|[eat]
|-heal|p2a: Linoone|56/100|[from] item: Figy Berry
|
|upkeep
|turn|9
|
|t:|1650612421
|move|p2a: Linoone|Extreme Speed|p1a: Walmart Urshifu
|-damage|p1a: Walmart Urshifu|0 fnt
|faint|p1a: Walmart Urshifu
|
|upkeep
|
|t:|1650612426
|switch|p1a: Dollar Tree Corv|Honchkrow, F|100/100
|turn|10
|c|☆SpriggySpryzen|That was kinda fun ngl
|c|☆SpriggySpryzen|I gotta save this battle
|
|t:|1650612440
|move|p2a: Linoone|Extreme Speed|p1a: Dollar Tree Corv
|-damage|p1a: Dollar Tree Corv|51/100
|move|p1a: Dollar Tree Corv|Night Slash|p2a: Linoone
|-crit|p2a: Linoone
|-damage|p2a: Linoone|0 fnt
|faint|p2a: Linoone
|
|upkeep
|
|t:|1650612463
|switch|p2a: Darmanitan|Darmanitan, M, shiny|100/100
|turn|11
|
|t:|1650612467
|move|p2a: Darmanitan|Substitute|p2a: Darmanitan
|-start|p2a: Darmanitan|Substitute
|-damage|p2a: Darmanitan|75/100
|move|p1a: Dollar Tree Corv|Defog|p2a: Darmanitan
|-sideend|p1: SpriggySpryzen|Sticky Web|[from] move: Defog|[of] p1a: Dollar Tree Corv
|
|upkeep
|turn|12
|
|t:|1650612472
|move|p2a: Darmanitan|Belly Drum|p2a: Darmanitan
|-damage|p2a: Darmanitan|25/100
|-setboost|p2a: Darmanitan|atk|6|[from] move: Belly Drum
|-enditem|p2a: Darmanitan|Sitrus Berry|[eat]
|-heal|p2a: Darmanitan|50/100|[from] item: Sitrus Berry
|move|p1a: Dollar Tree Corv|Night Slash|p2a: Darmanitan
|-crit|p2a: Darmanitan
|-end|p2a: Darmanitan|Substitute
|
|upkeep
|turn|13
|c|☆SyaNinja|sure
|c|☆SyaNinja|you won already I guess
|
|t:|1650612498
|move|p2a: Darmanitan|Fire Punch|p1a: Dollar Tree Corv
|-damage|p1a: Dollar Tree Corv|0 fnt
|faint|p1a: Dollar Tree Corv
|
|upkeep
|c|☆SpriggySpryzen|You still got Galar Darm
|
|t:|1650612511
|switch|p1a: Trash Bin Magearna|Klefki, M|100/100
|turn|14
|
|t:|1650612524
|switch|p1a: Pizza Time|Rotom-Heat|100/100
|move|p2a: Darmanitan|Fire Punch|p1a: Pizza Time
|-resisted|p1a: Pizza Time
|-damage|p1a: Pizza Time|0 fnt
|faint|p1a: Pizza Time
|
|upkeep
|
|t:|1650612531
|switch|p1a: Actually Rayquaza|Rayquaza|100/100
|-ability|p1a: Actually Rayquaza|Air Lock
|turn|15
|c|☆SyaNinja|lol
|
|t:|1650612544
|move|p2a: Darmanitan|Fire Punch|p1a: Actually Rayquaza
|-resisted|p1a: Actually Rayquaza
|-damage|p1a: Actually Rayquaza|0 fnt
|faint|p1a: Actually Rayquaza
|
|upkeep
|
|t:|1650612549
|switch|p1a: Trash Bin Magearna|Klefki, M|100/100
|turn|16
|c|☆SyaNinja|loooool
|
|t:|1650612555
|move|p1a: Trash Bin Magearna|Switcheroo|p2a: Darmanitan
|-activate|p1a: Trash Bin Magearna|move: Trick|[of] p2a: Darmanitan
|-item|p2a: Darmanitan|Lagging Tail|[from] move: Switcheroo
|-enditem|p1a: Trash Bin Magearna|Lagging Tail|[silent]|[from] move: Switcheroo
|move|p2a: Darmanitan|Earthquake|p1a: Trash Bin Magearna
|-supereffective|p1a: Trash Bin Magearna
|-damage|p1a: Trash Bin Magearna|0 fnt
|faint|p1a: Trash Bin Magearna
|
|upkeep
|
|t:|1650612565
|switch|p1a: Who else but|Quagsire, M|100/100
|turn|17
|
|t:|1650612569
|move|p1a: Who else but|Earthquake|p2a: Darmanitan
|-supereffective|p2a: Darmanitan
|-damage|p2a: Darmanitan|0 fnt
|faint|p2a: Darmanitan
|
|upkeep
|
|t:|1650612577
|switch|p2a: Azumarill|Azumarill, F, shiny|100/100
|turn|18
|
|t:|1650612581
|-zpower|p2a: Azumarill
|move|p2a: Azumarill|Z-Belly Drum|p2a: Azumarill|[anim]Belly Drum
|-damage|p2a: Azumarill|51/100
|-setboost|p2a: Azumarill|atk|6|[from] move: Belly Drum
|move|p1a: Who else but|Earthquake|p2a: Azumarill
|-damage|p2a: Azumarill|6/100
|
|upkeep
|turn|19
|
|t:|1650612591
|move|p2a: Azumarill|Aqua Jet|p1a: Who else but
|-damage|p1a: Who else but|78/100
|move|p1a: Who else but|Earthquake|p2a: Azumarill
|-damage|p2a: Azumarill|0 fnt
|faint|p2a: Azumarill
|
|-heal|p1a: Who else but|84/100|[from] item: Leftovers
|upkeep
|c|☆SyaNinja|aaa
|c|☆SyaNinja|damn it
|
|t:|1650612601
|switch|p2a: Darmanitan|Darmanitan-Galar, F, shiny|100/100
|turn|20
|
|t:|1650612612
|move|p2a: Darmanitan|Belly Drum|p2a: Darmanitan
|-damage|p2a: Darmanitan|50/100
|-setboost|p2a: Darmanitan|atk|6|[from] move: Belly Drum
|move|p1a: Who else but|Yawn|p2a: Darmanitan
|-start|p2a: Darmanitan|move: Yawn|[of] p1a: Who else but
|
|-heal|p1a: Who else but|90/100|[from] item: Leftovers
|-formechange|p2a: Darmanitan|Darmanitan-Galar-Zen|
|upkeep
|turn|21
|
|t:|1650612624
|-start|p2a: Darmanitan|Dynamax|
|-heal|p2a: Darmanitan|50/100|[silent]
|move|p2a: Darmanitan|Max Quake|p1a: Who else but
|-damage|p1a: Who else but|46/100
|-boost|p2a: Darmanitan|spd|1
|move|p1a: Who else but|Earthquake|p2a: Darmanitan
|-supereffective|p2a: Darmanitan
|-damage|p2a: Darmanitan|0 fnt
|faint|p2a: Darmanitan
|
|win|SpriggySpryzen
|raw|SpriggySpryzen's rating: 1180 &rarr; <strong>1201</strong><br />(+21 for winning)
|raw|SyaNinja's rating: 1122 &rarr; <strong>1101</strong><br />(-21 for losing)
|c|☆SyaNinja|ggwp
|l|☆SyaNinja
|c|☆SpriggySpryzen|gg you too
