|j|☆Sauceyooter
|j|☆amnael1
|t:|1654886094
|gametype|singles
|player|p1|Sauceyooter|n|1754
|player|p2|amnael1|dawn|1858
|teamsize|p1|6
|teamsize|p2|6
|gen|8
|tier|[Gen 8] National Dex AG
|rated|
|rule|HP Percentage Mod: HP is shown in percentages
|rule|Endless Battle Clause: Forcing endless battles is banned
|clearpoke
|poke|p1|Ditto|
|poke|p1|Kyogre|
|poke|p1|Rillaboom, M|
|poke|p1|Regieleki|
|poke|p1|Rhyperior, M|
|poke|p1|Gengar, F|
|poke|p2|Smeargle, M|
|poke|p2|Groudon|
|poke|p2|Espeon, F|
|poke|p2|Rayquaza|
|poke|p2|Xerneas-*|
|poke|p2|Zacian-*|
|teampreview
|inactive|Battle timer is ON: inactive players will automatically lose when time's up. (requested by Sauceyooter)
|
|t:|1654886108
|start
|switch|p1a: jimmy|Gengar, F, shiny|100/100
|switch|p2a: Smeargle|Smeargle, M|100/100
|turn|1
|
|t:|1654886113
|switch|p1a: Ape Band|Rillaboom, M|100/100
|-fieldstart|move: Grassy Terrain|[from] ability: Grassy Surge|[of] p1a: Ape Band
|move|p2a: Smeargle|Shift Gear|p2a: Smeargle
|-boost|p2a: Smeargle|spe|2
|-boost|p2a: Smeargle|atk|1
|
|-ability|p2a: Smeargle|Moody|boost
|-boost|p2a: Smeargle|spa|2
|-unboost|p2a: Smeargle|def|1
|upkeep
|turn|2
|
|t:|1654886122
|move|p2a: Smeargle|Spiky Shield|p2a: Smeargle
|-singleturn|p2a: Smeargle|move: Protect
|move|p1a: Ape Band|Grassy Glide|p2a: Smeargle
|-activate|p2a: Smeargle|move: Protect
|-damage|p1a: Ape Band|88/100|[from] Spiky Shield|[of] p2a: Smeargle
|
|-heal|p1a: Ape Band|94/100|[from] Grassy Terrain
|-heal|p1a: Ape Band|100/100|[from] item: Leftovers
|-ability|p2a: Smeargle|Moody|boost
|-boost|p2a: Smeargle|atk|2
|-unboost|p2a: Smeargle|spa|1
|upkeep
|turn|3
|
|t:|1654886133
|move|p1a: Ape Band|Grassy Glide|p2a: Smeargle
|-enditem|p2a: Smeargle|Focus Sash
|-damage|p2a: Smeargle|1/100
|move|p2a: Smeargle|Baton Pass|p2a: Smeargle
|
|t:|1654886136
|switch|p2a: Rayquaza|Rayquaza|100/100|[from]move: Baton Pass
|-ability|p2a: Rayquaza|Air Lock
|
|upkeep
|turn|4
|j| SweeperGatr
|
|t:|1654886147
|detailschange|p2a: Rayquaza|Rayquaza-Mega
|-mega|p2a: Rayquaza|Rayquaza|
|-weather|DeltaStream|[from] ability: Delta Stream|[of] p2a: Rayquaza
|move|p1a: Ape Band|Grassy Glide|p2a: Rayquaza
|-resisted|p2a: Rayquaza
|-damage|p2a: Rayquaza|81/100
|move|p2a: Rayquaza|Dragon Ascent|p1a: Ape Band
|-supereffective|p1a: Ape Band
|-damage|p1a: Ape Band|0 fnt
|-unboost|p2a: Rayquaza|def|1
|-unboost|p2a: Rayquaza|spd|1
|faint|p1a: Ape Band
|
|-weather|DeltaStream|[upkeep]
|upkeep
|
|t:|1654886172
|switch|p1a: Uno-Reverse|Ditto, shiny|100/100
|-transform|p1a: Uno-Reverse|p2a: Rayquaza|[from] ability: Imposter
|turn|5
|inactive|Sauceyooter has 120 seconds left.
|
|t:|1654886192
|switch|p2a: Smeargle|Smeargle, M|1/100
|move|p1a: Uno-Reverse|Extreme Speed|p2a: Smeargle
|-damage|p2a: Smeargle|0 fnt
|faint|p2a: Smeargle
|
|-weather|DeltaStream|[upkeep]
|-fieldend|move: Grassy Terrain
|upkeep
|
|t:|1654886196
|switch|p2a: Zacian|Zacian-Crowned|100/100
|-ability|p2a: Zacian|Intrepid Sword|boost
|-boost|p2a: Zacian|atk|1
|turn|6
|inactive|Sauceyooter has 120 seconds left.
|
|t:|1654886238
|-weather|none
|switch|p1a: jimmy|Gengar, F, shiny|100/100
|move|p2a: Zacian|Play Rough|p1a: jimmy
|-resisted|p1a: jimmy
|-damage|p1a: jimmy|30/100
|
|upkeep
|turn|7
|inactive|Sauceyooter has 90 seconds left.
|inactive|amnael1 has 120 seconds left.
|
|t:|1654886277
|detailschange|p1a: jimmy|Gengar-Mega, F, shiny
|-mega|p1a: jimmy|Gengar|Gengarite
|move|p1a: jimmy|Protect|p1a: jimmy
|-singleturn|p1a: jimmy|Protect
|move|p2a: Zacian|Behemoth Blade|p1a: jimmy
|-activate|p1a: jimmy|move: Protect
|
|upkeep
|turn|8
|
|t:|1654886283
|move|p2a: Zacian|Behemoth Blade|p1a: jimmy
|-damage|p1a: jimmy|0 fnt
|faint|p1a: jimmy
|
|upkeep
|
|t:|1654886288
|switch|p1a: Rageki Break|Regieleki|100/100
|turn|9
|
|t:|1654886291
|switch|p2a: Groudon|Groudon|100/100
|detailschange|p2a: Groudon|Groudon-Primal
|-primal|p2a: Groudon
|-weather|DesolateLand|[from] ability: Desolate Land|[of] p2a: Groudon
|-zpower|p1a: Rageki Break
|move|p1a: Rageki Break|Gigavolt Havoc|p2a: Groudon|[zeffect]
|-immune|p2a: Groudon
|
|-weather|DesolateLand|[upkeep]
|upkeep
|turn|10
|inactive|Sauceyooter has 90 seconds left.
|
|t:|1654886321
|move|p1a: Rageki Break|Extreme Speed|p2a: Groudon
|-crit|p2a: Groudon
|-damage|p2a: Groudon|85/100
|move|p2a: Groudon|Earthquake|p1a: Rageki Break
|-supereffective|p1a: Rageki Break
|-damage|p1a: Rageki Break|0 fnt
|faint|p1a: Rageki Break
|
|-weather|DesolateLand|[upkeep]
|upkeep
|inactive|Sauceyooter has 90 seconds left.
|
|t:|1654886330
|switch|p1a: Ripe Pear|Rhyperior, M|100/100
|turn|11
|
|t:|1654886333
|-start|p1a: Ripe Pear|Dynamax|
|-heal|p1a: Ripe Pear|100/100|[silent]
|move|p2a: Groudon|Earthquake|p1a: Ripe Pear
|-supereffective|p1a: Ripe Pear
|-damage|p1a: Ripe Pear|68/100
|-enditem|p1a: Ripe Pear|Weakness Policy
|-boost|p1a: Ripe Pear|atk|2|[from] item: Weakness Policy
|-boost|p1a: Ripe Pear|spa|2|[from] item: Weakness Policy
|move|p1a: Ripe Pear|Max Quake|p2a: Groudon
|-supereffective|p2a: Groudon
|-damage|p2a: Groudon|0 fnt
|-boost|p1a: Ripe Pear|spd|1
|faint|p2a: Groudon
|-weather|none
|
|upkeep
|
|t:|1654886336
|switch|p2a: Espeon|Espeon, F|100/100
|turn|12
|
|t:|1654886357
|move|p2a: Espeon|Yawn|p1a: Ripe Pear
|-start|p1a: Ripe Pear|move: Yawn|[of] p2a: Espeon
|move|p1a: Ripe Pear|Max Rockfall|p2a: Espeon
|-enditem|p2a: Espeon|Focus Sash
|-damage|p2a: Espeon|1/100
|-weather|Sandstorm
|
|-weather|Sandstorm|[upkeep]
|-damage|p2a: Espeon|0 fnt|[from] Sandstorm
|faint|p2a: Espeon
|upkeep
|
|t:|1654886362
|switch|p2a: Zacian|Zacian-Crowned|100/100
|-ability|p2a: Zacian|Intrepid Sword|boost
|-boost|p2a: Zacian|atk|1
|turn|13
|
|t:|1654886370
|switch|p2a: Rayquaza|Rayquaza-Mega|81/100
|-weather|DeltaStream|[from] ability: Delta Stream|[of] p2a: Rayquaza
|move|p1a: Ripe Pear|Max Quake|p2a: Rayquaza
|-immune|p2a: Rayquaza
|
|-weather|DeltaStream|[upkeep]
|-end|p1a: Ripe Pear|move: Yawn|[silent]
|-status|p1a: Ripe Pear|slp
|upkeep
|-end|p1a: Ripe Pear|Dynamax
|-heal|p1a: Ripe Pear|68/100 slp|[silent]
|turn|14
|
|t:|1654886380
|move|p2a: Rayquaza|Dragon Dance|p2a: Rayquaza
|-boost|p2a: Rayquaza|atk|1
|-boost|p2a: Rayquaza|spe|1
|cant|p1a: Ripe Pear|slp
|
|-weather|DeltaStream|[upkeep]
|upkeep
|turn|15
|
|t:|1654886386
|move|p2a: Rayquaza|Earthquake|p1a: Ripe Pear
|-supereffective|p1a: Ripe Pear
|-damage|p1a: Ripe Pear|9/100 slp
|cant|p1a: Ripe Pear|slp
|
|-weather|DeltaStream|[upkeep]
|upkeep
|turn|16
|
|t:|1654886391
|move|p2a: Rayquaza|Earthquake|p1a: Ripe Pear
|-supereffective|p1a: Ripe Pear
|-damage|p1a: Ripe Pear|0 fnt
|faint|p1a: Ripe Pear
|
|-weather|DeltaStream|[upkeep]
|upkeep
|inactive|Sauceyooter has 120 seconds left.
|
|t:|1654886398
|switch|p1a: Uno-Reverse|Ditto, shiny|100/100
|-transform|p1a: Uno-Reverse|p2a: Rayquaza|[from] ability: Imposter
|turn|17
|j| Lance's Time
|
|t:|1654886407
|move|p1a: Uno-Reverse|Dragon Ascent|p2a: Rayquaza
|-damage|p2a: Rayquaza|0 fnt
|-unboost|p1a: Uno-Reverse|def|1
|-unboost|p1a: Uno-Reverse|spd|1
|faint|p2a: Rayquaza
|
|-weather|DeltaStream|[upkeep]
|upkeep
|
|t:|1654886410
|switch|p2a: Zacian|Zacian-Crowned|100/100
|-ability|p2a: Zacian|Intrepid Sword|boost
|-boost|p2a: Zacian|atk|1
|turn|18
|
|t:|1654886422
|-weather|none
|switch|p1a: THE MYCYCLE.|Kyogre|100/100
|-weather|RainDance|[from] ability: Drizzle|[of] p1a: THE MYCYCLE.
|move|p2a: Zacian|Play Rough|p1a: THE MYCYCLE.
|-crit|p1a: THE MYCYCLE.
|-damage|p1a: THE MYCYCLE.|0 fnt
|faint|p1a: THE MYCYCLE.
|
|-weather|RainDance|[upkeep]
|upkeep
|
|t:|1654886431
|switch|p1a: Uno-Reverse|Ditto, shiny|100/100
|-transform|p1a: Uno-Reverse|p2a: Zacian|[from] ability: Imposter
|-ability|p1a: Uno-Reverse|Intrepid Sword|boost
|-boost|p1a: Uno-Reverse|atk|1
|turn|19
|
|t:|1654886437
|move|p1a: Uno-Reverse|Behemoth Blade|p2a: Zacian
|-damage|p2a: Zacian|0 fnt
|faint|p2a: Zacian
|
|-weather|RainDance|[upkeep]
|upkeep
|
|t:|1654886440
|switch|p2a: Xerneas|Xerneas|100/100
|-ability|p2a: Xerneas|Fairy Aura
|turn|20
|
|t:|1654886445
|-start|p2a: Xerneas|Dynamax|
|-heal|p2a: Xerneas|100/100|[silent]
|move|p2a: Xerneas|Max Guard|p2a: Xerneas
|-singleturn|p2a: Xerneas|Max Guard
|move|p1a: Uno-Reverse|Behemoth Blade|p2a: Xerneas
|-activate|p2a: Xerneas|move: Max Guard
|
|-weather|RainDance|[upkeep]
|upkeep
|turn|21
|
|t:|1654886452
|move|p2a: Xerneas|Max Guard||[still]
|-fail|p2a: Xerneas
|move|p1a: Uno-Reverse|Behemoth Blade|p2a: Xerneas
|-supereffective|p2a: Xerneas
|-damage|p2a: Xerneas|0 fnt
|faint|p2a: Xerneas
|
|win|Sauceyooter
|raw|Sauceyooter's rating: 1754 &rarr; <strong>1780</strong><br />(+26 for winning)
|raw|amnael1's rating: 1858 &rarr; <strong>1832</strong><br />(-26 for losing)
|l|☆amnael1
|c|☆Sauceyooter|gg
|c|☆Sauceyooter|thx for top 100
|l| SweeperGatr
||Ladder isn't responding, score probably updated but might not have (Request timeout).
