|j|☆NOAH MK2
|j|☆Gohansenju
|t:|1665384356
|gametype|singles
|player|p1|NOAH MK2|170|1586
|player|p2|Gohansenju|blue-gen3two|1813
|teamsize|p1|6
|teamsize|p2|6
|gen|8
|tier|[Gen 8] National Dex AG
|rated|
|rule|HP Percentage Mod: HP is shown in percentages
|rule|Endless Battle Clause: Forcing endless battles is banned
|clearpoke
|poke|p1|Klefki, M|
|poke|p1|Gengar, M|
|poke|p1|Whimsicott, F|
|poke|p1|Ho-Oh|
|poke|p1|Groudon|
|poke|p1|Rayquaza|
|poke|p2|Kangaskhan, F|
|poke|p2|Corviknight, F|
|poke|p2|Arceus-*|
|poke|p2|Celesteela|
|poke|p2|Necrozma-Dusk-Mane|
|poke|p2|Ditto|
|teampreview
|inactive|Battle timer is ON: inactive players will automatically lose when time's up. (requested by Gohansenju)
|
|t:|1665384361
|start
|switch|p1a: Klefki|Klefki, M|100/100
|switch|p2a: Arceus|Arceus-Ground|100/100
|turn|1
|
|t:|1665384368
|switch|p1a: Ho-Oh|Ho-Oh|100/100
|move|p2a: Arceus|Judgment|p1a: Ho-Oh
|-immune|p1a: Ho-Oh
|
|upkeep
|turn|2
|
|t:|1665384381
|switch|p2a: Ditto|Ditto, shiny|100/100
|-transform|p2a: Ditto|p1a: Ho-Oh|[from] ability: Imposter
|move|p1a: Ho-Oh|Sacred Fire|p2a: Ditto
|-resisted|p2a: Ditto
|-damage|p2a: Ditto|74/100
|
|upkeep
|turn|3
|
|t:|1665384391
|move|p2a: Ditto|Sacred Fire|p1a: Ho-Oh
|-resisted|p1a: Ho-Oh
|-damage|p1a: Ho-Oh|82/100
|move|p1a: Ho-Oh|Sacred Fire|p2a: Ditto
|-resisted|p2a: Ditto
|-damage|p2a: Ditto|47/100
|
|upkeep
|turn|4
|
|t:|1665384412
|switch|p2a: Arceus|Arceus-Ground|100/100
|move|p1a: Ho-Oh|Sacred Fire|p2a: Arceus
|-damage|p2a: Arceus|70/100
|
|upkeep
|turn|5
|
|t:|1665384418
|move|p2a: Arceus|Stealth Rock|p1a: Ho-Oh
|-sidestart|p1: NOAH MK2|move: Stealth Rock
|move|p1a: Ho-Oh|Sacred Fire|p2a: Arceus
|-damage|p2a: Arceus|38/100
|-status|p2a: Arceus|brn
|
|-damage|p2a: Arceus|32/100 brn|[from] brn
|upkeep
|turn|6
|
|t:|1665384421
|switch|p2a: Ditto|Ditto, shiny|80/100
|-transform|p2a: Ditto|p1a: Ho-Oh|[from] ability: Imposter
|move|p1a: Ho-Oh|Defog|p2a: Ditto
|-unboost|p2a: Ditto|evasion|1
|-sideend|p1: NOAH MK2|Stealth Rock|[from] move: Defog|[of] p1a: Ho-Oh
|
|upkeep
|turn|7
|
|t:|1665384449
|switch|p2a: Arceus|Arceus-Ground|32/100 brn
|switch|p1a: Groudon|Groudon|100/100
|detailschange|p1a: Groudon|Groudon-Primal
|-primal|p1a: Groudon
|-weather|DesolateLand|[from] ability: Desolate Land|[of] p1a: Groudon
|
|-weather|DesolateLand|[upkeep]
|-damage|p2a: Arceus|26/100 brn|[from] brn
|upkeep
|turn|8
|
|t:|1665384458
|-weather|none
|switch|p1a: Ho-Oh|Ho-Oh|100/100
|move|p2a: Arceus|Stealth Rock|p1a: Ho-Oh
|-sidestart|p1: NOAH MK2|move: Stealth Rock
|
|-damage|p2a: Arceus|20/100 brn|[from] brn
|upkeep
|turn|9
|
|t:|1665384462
|switch|p2a: Celesteela|Celesteela|100/100
|move|p1a: Ho-Oh|Defog|p2a: Celesteela
|-unboost|p2a: Celesteela|evasion|1
|-sideend|p1: NOAH MK2|Stealth Rock|[from] move: Defog|[of] p1a: Ho-Oh
|
|upkeep
|turn|10
|
|t:|1665384465
|move|p2a: Celesteela|Meteor Beam||[still]
|-prepare|p2a: Celesteela|Meteor Beam
|-boost|p2a: Celesteela|spa|1
|-enditem|p2a: Celesteela|Power Herb
|-anim|p2a: Celesteela|Meteor Beam|p1a: Ho-Oh
|-supereffective|p1a: Ho-Oh
|-damage|p1a: Ho-Oh|6/100
|move|p1a: Ho-Oh|Sacred Fire|p2a: Celesteela
|-supereffective|p2a: Celesteela
|-damage|p2a: Celesteela|12/100
|-status|p2a: Celesteela|brn
|
|-damage|p2a: Celesteela|6/100 brn|[from] brn
|upkeep
|turn|11
|
|t:|1665384477
|switch|p1a: Klefki|Klefki, M|100/100
|move|p2a: Celesteela|Air Slash|p1a: Klefki
|-resisted|p1a: Klefki
|-damage|p1a: Klefki|68/100
|
|-damage|p2a: Celesteela|0 fnt|[from] brn
|faint|p2a: Celesteela
|upkeep
|
|t:|1665384485
|switch|p2a: Necrozma|Necrozma-Dusk-Mane, shiny|100/100
|turn|12
|
|t:|1665384491
|detailschange|p2a: Necrozma|Necrozma-Ultra, shiny
|-burst|p2a: Necrozma|Necrozma|Ultranecrozium Z
|move|p1a: Klefki|Reflect|p1a: Klefki
|-sidestart|p1: NOAH MK2|Reflect
|move|p2a: Necrozma|Earth Power|p1a: Klefki
|-supereffective|p1a: Klefki
|-damage|p1a: Klefki|0 fnt
|faint|p1a: Klefki
|
|upkeep
|
|t:|1665384504
|switch|p1a: Gengar|Gengar, M|100/100
|turn|13
|
|t:|1665384512
|switch|p2a: Arceus|Arceus-Ground|20/100 brn
|detailschange|p1a: Gengar|Gengar-Mega, M
|-mega|p1a: Gengar|Gengar|Gengarite
|move|p1a: Gengar|Shadow Ball|p2a: Arceus
|-damage|p2a: Arceus|0 fnt
|faint|p2a: Arceus
|
|upkeep
|
|t:|1665384522
|switch|p2a: Ditto|Ditto, shiny|100/100
|-transform|p2a: Ditto|p1a: Gengar|[from] ability: Imposter
|turn|14
|
|t:|1665384550
|switch|p1a: Whimsicott|Whimsicott, F|100/100
|move|p2a: Ditto|Shadow Ball|p1a: Whimsicott
|-damage|p1a: Whimsicott|16/100
|-unboost|p1a: Whimsicott|spd|1
|
|-heal|p1a: Whimsicott|22/100|[from] item: Leftovers
|upkeep
|turn|15
|
|t:|1665384554
|move|p1a: Whimsicott|Leech Seed|p2a: Ditto
|-start|p2a: Ditto|move: Leech Seed
|move|p2a: Ditto|Shadow Ball|p1a: Whimsicott
|-damage|p1a: Whimsicott|0 fnt
|faint|p1a: Whimsicott
|
|upkeep
|
|t:|1665384556
|switch|p1a: Ho-Oh|Ho-Oh|39/100
|turn|16
|
|t:|1665384559
|switch|p2a: Necrozma|Necrozma-Ultra, shiny|100/100
|move|p1a: Ho-Oh|Roost|p1a: Ho-Oh
|-heal|p1a: Ho-Oh|89/100
|-singleturn|p1a: Ho-Oh|move: Roost
|
|upkeep
|turn|17
|
|t:|1665384563
|move|p2a: Necrozma|Power Gem|p1a: Ho-Oh
|-supereffective|p1a: Ho-Oh
|-damage|p1a: Ho-Oh|18/100
|move|p1a: Ho-Oh|Whirlwind|p2a: Necrozma
|drag|p2a: Kangaskhan|Kangaskhan, F|100/100
|
|upkeep
|turn|18
|
|t:|1665384572
|switch|p1a: Gengar|Gengar-Mega, M|100/100
|move|p2a: Kangaskhan|Fake Out|p1a: Gengar
|-damage|p1a: Gengar|87/100
|
|upkeep
|turn|19
|j| Shade Master 101
|
|t:|1665384579
|move|p1a: Gengar|Encore|p2a: Kangaskhan
|-start|p2a: Kangaskhan|Encore
|move|p2a: Kangaskhan|Fake Out||[still]
|-hint|Fake Out only works on your first turn out.
|-fail|p2a: Kangaskhan
|
|-sideend|p1: NOAH MK2|Reflect
|upkeep
|turn|20
|c| Shade Master 101|hello there
|c| Shade Master 101|seen both u guys before lol
|c| Shade Master 101|jus wanna see what's going on
|inactive|NOAH MK2 has 120 seconds left.
|
|t:|1665384624
|switch|p1a: Ho-Oh|Ho-Oh|52/100
|move|p2a: Kangaskhan|Fake Out||[still]
|-hint|Fake Out only works on your first turn out.
|-fail|p2a: Kangaskhan
|
|upkeep
|turn|21
|
|t:|1665384641
|switch|p2a: Ditto|Ditto, shiny|100/100
|-transform|p2a: Ditto|p1a: Ho-Oh|[from] ability: Imposter
|move|p1a: Ho-Oh|Sacred Fire|p2a: Ditto
|-resisted|p2a: Ditto
|-damage|p2a: Ditto|74/100
|
|upkeep
|turn|22
|
|t:|1665384647
|switch|p2a: Necrozma|Necrozma-Ultra, shiny|100/100
|move|p1a: Ho-Oh|Roost|p1a: Ho-Oh
|-heal|p1a: Ho-Oh|100/100
|-singleturn|p1a: Ho-Oh|move: Roost
|
|upkeep
|turn|23
|
|t:|1665384655
|switch|p1a: Gengar|Gengar-Mega, M|87/100
|move|p2a: Necrozma|Photon Geyser|p1a: Gengar
|-supereffective|p1a: Gengar
|-damage|p1a: Gengar|0 fnt
|faint|p1a: Gengar
|
|upkeep
|
|t:|1665384663
|switch|p1a: Rayquaza|Rayquaza|100/100
|-ability|p1a: Rayquaza|Air Lock
|turn|24
|
|t:|1665384670
|switch|p1a: Groudon|Groudon-Primal|100/100
|-weather|DesolateLand|[from] ability: Desolate Land|[of] p1a: Groudon
|move|p2a: Necrozma|Dragon Pulse|p1a: Groudon
|-damage|p1a: Groudon|42/100
|
|-weather|DesolateLand|[upkeep]
|upkeep
|turn|25
|-message|NOAH MK2 forfeited.
|
|win|Gohansenju
|raw|NOAH MK2's rating: 1586 &rarr; <strong>1577</strong><br />(-9 for losing)
|raw|Gohansenju's rating: 1813 &rarr; <strong>1822</strong><br />(+9 for winning)
|l|☆NOAH MK2
|c|☆Gohansenju|Gg
