|j|☆IamHrrimann
|j|☆123Ayan
|t:|1628422809
|gametype|singles
|player|p1|IamHrrimann|1|
|player|p2|123Ayan|red|
|teamsize|p1|6
|teamsize|p2|6
|gen|8
|tier|[Gen 8] National Dex AG
|rule|HP Percentage Mod: HP is shown in percentages
|rule|Endless Battle Clause: Forcing endless battles is banned
|clearpoke
|poke|p1|Lugia|
|poke|p1|Toxapex, M|
|poke|p1|Zeraora|
|poke|p1|Mandibuzz, F|
|poke|p1|Hippowdon, M|
|poke|p1|Lycanroc, M|
|poke|p2|Tapu Koko|
|poke|p2|Calyrex-Shadow|
|poke|p2|Medicham, M|
|poke|p2|Victini|
|poke|p2|Smeargle, M|
|poke|p2|Ho-Oh|
|teampreview
|c|☆123Ayan|Ready?
|c|☆123Ayan|Toh bolbe
|j| JRxR1AD
|c|☆123Ayan|Ready?
|c| JRxR1AD|Ok
|
|t:|1628422865
|start
|switch|p1a: Hippowdon|Hippowdon, M|100/100
|switch|p2a: Smeargle|Smeargle, M|100/100
|-weather|Sandstorm|[from] ability: Sand Stream|[of] p1a: Hippowdon
|turn|1
|
|t:|1628422880
|switch|p1a: Mandibuzz|Mandibuzz, F|100/100
|move|p2a: Smeargle|Spore|p1a: Mandibuzz
|-immune|p1a: Mandibuzz|[from] ability: Overcoat
|
|-weather|Sandstorm|[upkeep]
|-damage|p2a: Smeargle|94/100|[from] Sandstorm
|-ability|p2a: Smeargle|Moody|boost
|-boost|p2a: Smeargle|spd|2
|-unboost|p2a: Smeargle|spa|1
|upkeep
|turn|2
|
|t:|1628422892
|move|p2a: Smeargle|Sticky Web|p1a: Mandibuzz
|-sidestart|p1: IamHrrimann|move: Sticky Web
|move|p1a: Mandibuzz|Toxic|p2a: Smeargle|[miss]
|-miss|p1a: Mandibuzz|p2a: Smeargle
|
|-weather|Sandstorm|[upkeep]
|-damage|p2a: Smeargle|88/100|[from] Sandstorm
|-ability|p2a: Smeargle|Moody|boost
|-boost|p2a: Smeargle|spe|2
|-unboost|p2a: Smeargle|atk|1
|upkeep
|turn|3
|
|t:|1628422903
|move|p2a: Smeargle|Stealth Rock|p1a: Mandibuzz
|-sidestart|p1: IamHrrimann|move: Stealth Rock
|move|p1a: Mandibuzz|Toxic|p2a: Smeargle
|-status|p2a: Smeargle|tox
|
|-weather|Sandstorm|[upkeep]
|-damage|p2a: Smeargle|82/100 tox|[from] Sandstorm
|-damage|p2a: Smeargle|76/100 tox|[from] psn
|-ability|p2a: Smeargle|Moody|boost
|-boost|p2a: Smeargle|spd|2
|-unboost|p2a: Smeargle|spe|1
|upkeep
|turn|4
|
|t:|1628422928
|move|p2a: Smeargle|Baton Pass|p2a: Smeargle
|
|t:|1628422941
|switch|p2a: Tapu Koko|Tapu Koko|100/100|[from]move: Baton Pass
|-fieldstart|move: Electric Terrain|[from] ability: Electric Surge|[of] p2a: Tapu Koko
|move|p1a: Mandibuzz|U-turn|p2a: Tapu Koko
|-resisted|p2a: Tapu Koko
|-damage|p2a: Tapu Koko|93/100
|
|t:|1628422949
|switch|p1a: Hippowdon|Hippowdon, M|100/100|[from]move: U-turn
|-damage|p1a: Hippowdon|94/100|[from] Stealth Rock
|-activate|p1a: Hippowdon|move: Sticky Web
|-unboost|p1a: Hippowdon|spe|1
|
|-weather|Sandstorm|[upkeep]
|-damage|p2a: Tapu Koko|87/100|[from] Sandstorm
|-heal|p1a: Hippowdon|100/100|[from] item: Leftovers
|upkeep
|turn|5
|
|t:|1628422962
|move|p2a: Tapu Koko|U-turn|p1a: Hippowdon
|-damage|p1a: Hippowdon|93/100
|
|t:|1628422966
|switch|p2a: Ho-Oh|Ho-Oh|100/100|[from]move: U-turn
|-ability|p2a: Ho-Oh|Pressure
|move|p1a: Hippowdon|Toxic|p2a: Ho-Oh
|-status|p2a: Ho-Oh|tox
|
|-weather|none
|-heal|p1a: Hippowdon|99/100|[from] item: Leftovers
|-damage|p2a: Ho-Oh|94/100 tox|[from] psn
|upkeep
|turn|6
|
|t:|1628422981
|move|p2a: Ho-Oh|Toxic|p1a: Hippowdon|[miss]
|-miss|p2a: Ho-Oh|p1a: Hippowdon
|move|p1a: Hippowdon|Stealth Rock|p2a: Ho-Oh
|-sidestart|p2: 123Ayan|move: Stealth Rock
|
|-heal|p2a: Ho-Oh|100/100 tox|[from] item: Leftovers
|-heal|p1a: Hippowdon|100/100|[from] item: Leftovers
|-damage|p2a: Ho-Oh|88/100 tox|[from] psn
|upkeep
|turn|7
|
|t:|1628422992
|switch|p1a: Toxapex|Toxapex, M, shiny|100/100
|-activate|p1a: Toxapex|move: Sticky Web
|-unboost|p1a: Toxapex|spe|1
|-damage|p1a: Toxapex|88/100|[from] Stealth Rock
|move|p2a: Ho-Oh|Toxic|p1a: Toxapex
|-immune|p1a: Toxapex
|
|-heal|p2a: Ho-Oh|94/100 tox|[from] item: Leftovers
|-heal|p1a: Toxapex|94/100|[from] item: Black Sludge
|-damage|p2a: Ho-Oh|75/100 tox|[from] psn
|upkeep
|turn|8
|
|t:|1628423005
|switch|p2a: Smeargle|Smeargle, M|76/100 tox
|-damage|p2a: Smeargle|64/100 tox|[from] Stealth Rock
|move|p1a: Toxapex|Toxic Spikes|p2a: Smeargle
|-sidestart|p2: 123Ayan|move: Toxic Spikes
|
|-heal|p1a: Toxapex|100/100|[from] item: Black Sludge
|-damage|p2a: Smeargle|58/100 tox|[from] psn
|-fieldend|move: Electric Terrain
|-ability|p2a: Smeargle|Moody|boost
|-boost|p2a: Smeargle|atk|2
|-unboost|p2a: Smeargle|spe|1
|upkeep
|turn|9
|
|t:|1628423021
|switch|p1a: Mandibuzz|Mandibuzz, F|100/100
|-damage|p1a: Mandibuzz|75/100|[from] Stealth Rock
|move|p2a: Smeargle|Spore|p1a: Mandibuzz
|-immune|p1a: Mandibuzz|[from] ability: Overcoat
|
|-heal|p1a: Mandibuzz|82/100|[from] item: Leftovers
|-damage|p2a: Smeargle|46/100 tox|[from] psn
|-ability|p2a: Smeargle|Moody|boost
|-boost|p2a: Smeargle|spd|2
|-unboost|p2a: Smeargle|spe|1
|upkeep
|turn|10
|
|t:|1628423042
|move|p1a: Mandibuzz|U-turn|p2a: Smeargle
|-damage|p2a: Smeargle|16/100 tox
|
|t:|1628423046
|switch|p1a: Hippowdon|Hippowdon, M|100/100|[from]move: U-turn
|-activate|p1a: Hippowdon|move: Sticky Web
|-unboost|p1a: Hippowdon|spe|1
|-damage|p1a: Hippowdon|94/100|[from] Stealth Rock
|-weather|Sandstorm|[from] ability: Sand Stream|[of] p1a: Hippowdon
|move|p2a: Smeargle|Baton Pass|p2a: Smeargle
|
|t:|1628423057
|switch|p2a: Ho-Oh|Ho-Oh|75/100 tox|[from]move: Baton Pass
|-damage|p2a: Ho-Oh|25/100 tox|[from] Stealth Rock
|-ability|p2a: Ho-Oh|Pressure
|
|-weather|Sandstorm|[upkeep]
|-damage|p2a: Ho-Oh|19/100 tox|[from] Sandstorm
|-heal|p2a: Ho-Oh|25/100 tox|[from] item: Leftovers
|-heal|p1a: Hippowdon|100/100|[from] item: Leftovers
|-damage|p2a: Ho-Oh|19/100 tox|[from] psn
|upkeep
|turn|11
|
|t:|1628423072
|switch|p1a: Toxapex|Toxapex, M, shiny|100/100
|-damage|p1a: Toxapex|88/100|[from] Stealth Rock
|-activate|p1a: Toxapex|move: Sticky Web
|-unboost|p1a: Toxapex|spe|1
|move|p2a: Ho-Oh|Toxic|p1a: Toxapex
|-immune|p1a: Toxapex
|
|-weather|Sandstorm|[upkeep]
|-damage|p2a: Ho-Oh|13/100 tox|[from] Sandstorm
|-damage|p1a: Toxapex|82/100|[from] Sandstorm
|-heal|p2a: Ho-Oh|19/100 tox|[from] item: Leftovers
|-heal|p1a: Toxapex|88/100|[from] item: Black Sludge
|-damage|p2a: Ho-Oh|7/100 tox|[from] psn
|upkeep
|turn|12
|c| JRxR1AD|Protect ache Smeargle er
|c| JRxR1AD|ar Ho oh r heavy duty boots
|
|t:|1628423087
|move|p2a: Ho-Oh|Recover|p2a: Ho-Oh
|-heal|p2a: Ho-Oh|57/100 tox
|move|p1a: Toxapex|Toxic Spikes|p2a: Ho-Oh
|-sidestart|p2: 123Ayan|move: Toxic Spikes
|
|-weather|Sandstorm|[upkeep]
|-damage|p2a: Ho-Oh|50/100 tox|[from] Sandstorm
|-damage|p1a: Toxapex|82/100|[from] Sandstorm
|-heal|p2a: Ho-Oh|57/100 tox|[from] item: Leftovers
|-heal|p1a: Toxapex|88/100|[from] item: Black Sludge
|-damage|p2a: Ho-Oh|38/100 tox|[from] psn
|upkeep
|turn|13
|
|t:|1628423106
|move|p2a: Ho-Oh|Brave Bird|p1a: Toxapex
|-damage|p1a: Toxapex|25/100
|-damage|p2a: Ho-Oh|23/100 tox|[from] Recoil
|move|p1a: Toxapex|Scald|p2a: Ho-Oh
|-supereffective|p2a: Ho-Oh
|-damage|p2a: Ho-Oh|14/100 tox
|
|-weather|Sandstorm|[upkeep]
|-damage|p2a: Ho-Oh|8/100 tox|[from] Sandstorm
|-damage|p1a: Toxapex|19/100|[from] Sandstorm
|-heal|p2a: Ho-Oh|14/100 tox|[from] item: Leftovers
|-heal|p1a: Toxapex|25/100|[from] item: Black Sludge
|-damage|p2a: Ho-Oh|0 fnt|[from] psn
|faint|p2a: Ho-Oh
|upkeep
|
|t:|1628423125
|switch|p2a: Smeargle|Smeargle, M|16/100 tox
|-damage|p2a: Smeargle|3/100 tox|[from] Stealth Rock
|turn|14
|
|t:|1628423132
|move|p1a: Toxapex|Baneful Bunker|p1a: Toxapex
|-singleturn|p1a: Toxapex|move: Protect
|move|p2a: Smeargle|Spore|p1a: Toxapex
|-activate|p1a: Toxapex|move: Protect
|
|-weather|none
|-heal|p1a: Toxapex|31/100|[from] item: Black Sludge
|-damage|p2a: Smeargle|0 fnt|[from] psn
|faint|p2a: Smeargle
|upkeep
|c| JRxR1AD|Accha sp defensive Pec
|c| JRxR1AD|Pex
|
|t:|1628423138
|switch|p2a: Medicham|Medicham, M|100/100
|-status|p2a: Medicham|tox
|-damage|p2a: Medicham|94/100 tox|[from] Stealth Rock
|turn|15
|
|t:|1628423149
|switch|p1a: Lugia|Lugia, shiny|100/100
|-damage|p1a: Lugia|75/100|[from] Stealth Rock
|-ability|p1a: Lugia|Pressure
|detailschange|p2a: Medicham|Medicham-Mega, M
|-mega|p2a: Medicham|Medicham|Medichamite
|move|p2a: Medicham|Fake Out|p1a: Lugia
|-damage|p1a: Lugia|63/100
|
|-heal|p1a: Lugia|70/100|[from] item: Leftovers
|-damage|p2a: Medicham|88/100 tox|[from] psn
|upkeep
|turn|16
|
|t:|1628423171
|switch|p1a: Toxapex|Toxapex, M, shiny|64/100
|-damage|p1a: Toxapex|52/100|[from] Stealth Rock
|-activate|p1a: Toxapex|move: Sticky Web
|-unboost|p1a: Toxapex|spe|1
|move|p2a: Medicham|Zen Headbutt|p1a: Toxapex
|-supereffective|p1a: Toxapex
|-damage|p1a: Toxapex|0 fnt
|faint|p1a: Toxapex
|
|-damage|p2a: Medicham|76/100 tox|[from] psn
|upkeep
|
|t:|1628423184
|switch|p1a: Hippowdon|Hippowdon, M|100/100
|-activate|p1a: Hippowdon|move: Sticky Web
|-unboost|p1a: Hippowdon|spe|1
|-damage|p1a: Hippowdon|94/100|[from] Stealth Rock
|-weather|Sandstorm|[from] ability: Sand Stream|[of] p1a: Hippowdon
|turn|17
|
|t:|1628423193
|move|p2a: Medicham|High Jump Kick|p1a: Hippowdon|[miss]
|-miss|p2a: Medicham|p1a: Hippowdon
|-damage|p2a: Medicham|26/100 tox|[from] highjumpkick
|move|p1a: Hippowdon|Earthquake|p2a: Medicham
|-damage|p2a: Medicham|0 fnt
|faint|p2a: Medicham
|
|-weather|Sandstorm|[upkeep]
|-heal|p1a: Hippowdon|100/100|[from] item: Leftovers
|upkeep
|c|☆123Ayan|Amar luck kharap🤣
|
|t:|1628423214
|switch|p2a: Tapu Koko|Tapu Koko|87/100
|-damage|p2a: Tapu Koko|74/100|[from] Stealth Rock
|-status|p2a: Tapu Koko|tox
|-fieldstart|move: Electric Terrain|[from] ability: Electric Surge|[of] p2a: Tapu Koko
|turn|18
|c| JRxR1AD|Matter kore na i guess🤔
|
|t:|1628423224
|move|p2a: Tapu Koko|Iron Head|p1a: Hippowdon
|-damage|p1a: Hippowdon|86/100
|cant|p1a: Hippowdon|flinch
|
|-weather|Sandstorm|[upkeep]
|-damage|p2a: Tapu Koko|68/100 tox|[from] Sandstorm
|-heal|p1a: Hippowdon|92/100|[from] item: Leftovers
|-damage|p2a: Tapu Koko|62/100 tox|[from] psn
|upkeep
|turn|19
|
|t:|1628423236
|move|p2a: Tapu Koko|Brave Bird|p1a: Hippowdon
|-damage|p1a: Hippowdon|73/100
|-damage|p2a: Tapu Koko|53/100 tox|[from] Recoil
|move|p1a: Hippowdon|Earthquake|p2a: Tapu Koko
|-supereffective|p2a: Tapu Koko
|-crit|p2a: Tapu Koko
|-damage|p2a: Tapu Koko|0 fnt
|faint|p2a: Tapu Koko
|
|-weather|Sandstorm|[upkeep]
|-heal|p1a: Hippowdon|80/100|[from] item: Leftovers
|upkeep
|c| JRxR1AD|but eq na diye ekhane Slack off better hoio
|
|t:|1628423250
|switch|p2a: Calyrex|Calyrex-Shadow|100/100
|-ability|p2a: Calyrex|As One
|-ability|p2a: Calyrex|Unnerve
|-status|p2a: Calyrex|tox
|-damage|p2a: Calyrex|88/100 tox|[from] Stealth Rock
|turn|20
|
|t:|1628423273
|-start|p2a: Calyrex|Dynamax
|-heal|p2a: Calyrex|88/100 tox|[silent]
|move|p2a: Calyrex|Max Phantasm|p1a: Hippowdon
|-damage|p1a: Hippowdon|0 fnt
|faint|p1a: Hippowdon
|-ability|p2a: Calyrex|Grim Neigh|boost
|-boost|p2a: Calyrex|spa|1
|
|-weather|Sandstorm|[upkeep]
|-damage|p2a: Calyrex|85/100 tox|[from] Sandstorm
|-damage|p2a: Calyrex|82/100 tox|[from] psn
|upkeep
|
|t:|1628423287
|switch|p1a: Lycanroc|Lycanroc, M, shiny|100/100
|-activate|p1a: Lycanroc|move: Sticky Web
|-unboost|p1a: Lycanroc|spe|1
|-damage|p1a: Lycanroc|88/100|[from] Stealth Rock
|turn|21
|
|t:|1628423294
|move|p1a: Lycanroc|Sucker Punch|p2a: Calyrex
|-supereffective|p2a: Calyrex
|-damage|p2a: Calyrex|18/100 tox
|move|p2a: Calyrex|Max Mindstorm|p1a: Lycanroc
|-damage|p1a: Lycanroc|0 fnt
|-fieldstart|move: Psychic Terrain
|faint|p1a: Lycanroc
|-ability|p2a: Calyrex|Grim Neigh|boost
|-boost|p2a: Calyrex|spa|1
|
|-weather|none
|-damage|p2a: Calyrex|11/100 tox|[from] psn
|upkeep
|c|☆123Ayan|Hoe jetoh nice try
|
|t:|1628423321
|switch|p1a: Mandibuzz|Mandibuzz, F|82/100
|-damage|p1a: Mandibuzz|57/100|[from] Stealth Rock
|turn|22
|
|t:|1628423329
|move|p2a: Calyrex|Max Starfall|p1a: Mandibuzz
|-supereffective|p1a: Mandibuzz
|-crit|p1a: Mandibuzz
|-damage|p1a: Mandibuzz|0 fnt
|-fieldstart|move: Misty Terrain
|faint|p1a: Mandibuzz
|-ability|p2a: Calyrex|Grim Neigh|boost
|-boost|p2a: Calyrex|spa|1
|
|-damage|p2a: Calyrex|2/100 tox|[from] psn
|-end|p2a: Calyrex|Dynamax
|-heal|p2a: Calyrex|2/100 tox|[silent]
|upkeep
|
|t:|1628423348
|switch|p1a: Lugia|Lugia, shiny|70/100
|-damage|p1a: Lugia|45/100|[from] Stealth Rock
|-ability|p1a: Lugia|Pressure
|turn|23
|
|t:|1628423371
|move|p2a: Calyrex|Astral Barrage|p1a: Lugia
|-supereffective|p1a: Lugia
|-damage|p1a: Lugia|0 fnt
|faint|p1a: Lugia
|-ability|p2a: Calyrex|Grim Neigh|boost
|-boost|p2a: Calyrex|spa|1
|
|-damage|p2a: Calyrex|0 fnt|[from] psn
|faint|p2a: Calyrex
|upkeep
|
|t:|1628423382
|switch|p2a: Victini|Victini|100/100
|switch|p1a: Zeraora|Zeraora|100/100
|-activate|p1a: Zeraora|move: Sticky Web
|-unboost|p1a: Zeraora|spe|1
|-damage|p1a: Zeraora|88/100|[from] Stealth Rock
|-damage|p2a: Victini|76/100|[from] Stealth Rock
|turn|24
|
|t:|1628423398
|move|p2a: Victini|V-create|p1a: Zeraora
|-damage|p1a: Zeraora|0 fnt
|-unboost|p2a: Victini|spe|1
|-unboost|p2a: Victini|def|1
|-unboost|p2a: Victini|spd|1
|faint|p1a: Zeraora
|
|win|123Ayan
|c|☆123Ayan|Woah
|c|☆IamHrrimann|Okk got it aschi...ek minute
|c|☆123Ayan|Riad?
|c| JRxR1AD|Hm bo
|c| JRxR1AD|bolo
|c|☆123Ayan|Khelbe
