|j|☆ggfdkhhhkh
|j|☆C0ld as Ice
|t:|1648295149
|gametype|singles
|player|p1|ggfdkhhhkh|crasherwake|1629
|player|p2|C0ld as Ice|schoolkid-gen4dp|1858
|teamsize|p1|6
|teamsize|p2|6
|gen|8
|tier|[Gen 8] National Dex AG
|rated|
|rule|HP Percentage Mod: HP is shown in percentages
|rule|Endless Battle Clause: Forcing endless battles is banned
|clearpoke
|poke|p1|Calyrex-Shadow|
|poke|p1|Arceus-*|
|poke|p1|Arceus-*|
|poke|p1|Rayquaza|
|poke|p1|Yveltal|
|poke|p1|Lugia|
|poke|p2|Necrozma-Dusk-Mane|
|poke|p2|Arceus-*|
|poke|p2|Yveltal|
|poke|p2|Magnezone|
|poke|p2|Eternatus|
|poke|p2|Zacian-*|
|teampreview
|inactive|Battle timer is ON: inactive players will automatically lose when time's up. (requested by C0ld as Ice)
|inactive|ggfdkhhhkh also wants the timer to be on.
|
|t:|1648295164
|start
|switch|p1a: Calyrex|Calyrex-Shadow|100/100
|switch|p2a: Arceus|Arceus-Ground|100/100
|-ability|p1a: Calyrex|As One
|-ability|p1a: Calyrex|Unnerve
|turn|1
|
|t:|1648295178
|switch|p2a: Yveltal|Yveltal|100/100
|-ability|p2a: Yveltal|Dark Aura
|move|p1a: Calyrex|Nasty Plot|p1a: Calyrex
|-boost|p1a: Calyrex|spa|2
|
|upkeep
|turn|2
|
|t:|1648295200
|-start|p2a: Yveltal|Dynamax
|-heal|p2a: Yveltal|100/100|[silent]
|move|p1a: Calyrex|Baton Pass|p1a: Calyrex
|
|t:|1648295208
|switch|p1a: Arceus|Arceus-Steel|100/100|[from]move: Baton Pass
|move|p2a: Yveltal|Max Flutterby|p1a: Arceus
|-resisted|p1a: Arceus
|-damage|p1a: Arceus|89/100
|-unboost|p1a: Arceus|spa|1
|
|upkeep
|turn|3
|
|t:|1648295218
|-end|p2a: Yveltal|Dynamax
|-heal|p2a: Yveltal|100/100|[silent]
|switch|p2a: Arceus|Arceus-Ground|100/100
|move|p1a: Arceus|Calm Mind|p1a: Arceus
|-boost|p1a: Arceus|spa|1
|-boost|p1a: Arceus|spd|1
|
|upkeep
|turn|4
|
|t:|1648295224
|move|p1a: Arceus|Calm Mind|p1a: Arceus
|-boost|p1a: Arceus|spa|1
|-boost|p1a: Arceus|spd|1
|move|p2a: Arceus|Calm Mind|p2a: Arceus
|-boost|p2a: Arceus|spa|1
|-boost|p2a: Arceus|spd|1
|
|upkeep
|turn|5
|
|t:|1648295231
|-start|p1a: Arceus|Dynamax
|-heal|p1a: Arceus|89/100|[silent]
|move|p1a: Arceus|Max Steelspike|p2a: Arceus
|-damage|p2a: Arceus|24/100
|-boost|p1a: Arceus|def|1
|move|p2a: Arceus|Calm Mind|p2a: Arceus
|-boost|p2a: Arceus|spa|1
|-boost|p2a: Arceus|spd|1
|
|upkeep
|turn|6
|
|t:|1648295234
|move|p1a: Arceus|Max Steelspike|p2a: Arceus
|-damage|p2a: Arceus|0 fnt
|-boost|p1a: Arceus|def|1
|faint|p2a: Arceus
|
|upkeep
|
|t:|1648295238
|switch|p2a: Magnezone|Magnezone|100/100
|-item|p2a: Magnezone|Air Balloon
|turn|7
|
|t:|1648295241
|move|p1a: Arceus|Max Steelspike|p2a: Magnezone
|-resisted|p2a: Magnezone
|-damage|p2a: Magnezone|46/100
|-boost|p1a: Arceus|def|1
|-enditem|p2a: Magnezone|Air Balloon
|move|p2a: Magnezone|Thunder Wave|p1a: Arceus
|-status|p1a: Arceus|par
|
|-end|p1a: Arceus|Dynamax
|-heal|p1a: Arceus|89/100 par|[silent]
|upkeep
|turn|8
|
|t:|1648295251
|move|p2a: Magnezone|Body Press|p1a: Arceus
|-supereffective|p1a: Arceus
|-damage|p1a: Arceus|74/100 par
|move|p1a: Arceus|Calm Mind|p1a: Arceus
|-boost|p1a: Arceus|spa|1
|-boost|p1a: Arceus|spd|1
|
|upkeep
|turn|9
|
|t:|1648295255
|move|p2a: Magnezone|Body Press|p1a: Arceus
|-supereffective|p1a: Arceus
|-damage|p1a: Arceus|59/100 par
|cant|p1a: Arceus|par
|
|upkeep
|turn|10
|
|t:|1648295276
|move|p2a: Magnezone|Iron Defense|p2a: Magnezone
|-boost|p2a: Magnezone|def|2
|move|p1a: Arceus|Recover|p1a: Arceus
|-heal|p1a: Arceus|100/100 par
|
|upkeep
|turn|11
|
|t:|1648295283
|move|p2a: Magnezone|Body Press|p1a: Arceus
|-supereffective|p1a: Arceus
|-damage|p1a: Arceus|73/100 par
|move|p1a: Arceus|Judgment|p2a: Magnezone
|-resisted|p2a: Magnezone
|-damage|p2a: Magnezone|0 fnt
|faint|p2a: Magnezone
|
|upkeep
|
|t:|1648295294
|switch|p2a: Zacian|Zacian-Crowned|100/100
|-ability|p2a: Zacian|Intrepid Sword|boost
|-boost|p2a: Zacian|atk|1
|turn|12
|
|t:|1648295296
|move|p2a: Zacian|Close Combat|p1a: Arceus
|-supereffective|p1a: Arceus
|-damage|p1a: Arceus|27/100 par
|-unboost|p2a: Zacian|def|1
|-unboost|p2a: Zacian|spd|1
|move|p1a: Arceus|Judgment|p2a: Zacian
|-damage|p2a: Zacian|0 fnt
|faint|p2a: Zacian
|
|upkeep
|-message|C0ld as Ice forfeited.
|
|win|ggfdkhhhkh
|raw|ggfdkhhhkh's rating: 1629 &rarr; <strong>1661</strong><br />(+32 for winning)
|raw|C0ld as Ice's rating: 1858 &rarr; <strong>1826</strong><br />(-32 for losing)
|l|☆C0ld as Ice
