|j|☆Tahz
|j|☆Crystal55
|t:|1666014006
|gametype|singles
|player|p1|Tahz|veteran|1832
|player|p2|Crystal55|cynthia|1792
|teamsize|p1|6
|teamsize|p2|6
|gen|8
|tier|[Gen 8] National Dex AG
|rated|
|rule|HP Percentage Mod: HP is shown in percentages
|rule|Endless Battle Clause: Forcing endless battles is banned
|clearpoke
|poke|p1|Marshadow|
|poke|p1|Necrozma-Dusk-Mane|
|poke|p1|Arceus-*|
|poke|p1|Ditto|
|poke|p1|Yveltal|
|poke|p1|Arceus-*|
|poke|p2|Regieleki|
|poke|p2|Banette, F|
|poke|p2|Groudon|
|poke|p2|Zacian-*|
|poke|p2|Yveltal|
|poke|p2|Arceus-*|
|teampreview
|inactive|Battle timer is ON: inactive players will automatically lose when time's up. (requested by Tahz)
|
|t:|1666014013
|start
|switch|p1a: Arceus|Arceus-Ground|100/100
|switch|p2a: Banette|Banette, F|100/100
|turn|1
|
|t:|1666014023
|detailschange|p2a: Banette|Banette-Mega, F
|-mega|p2a: Banette|Banette|Banettite
|move|p1a: Arceus|Magic Coat|p1a: Arceus
|-singleturn|p1a: Arceus|move: Magic Coat
|move|p2a: Banette|Taunt|p1a: Arceus
|move|p1a: Arceus|Taunt|p2a: Banette|[from]Magic Coat
|-start|p2a: Banette|move: Taunt
|
|upkeep
|turn|2
|
|t:|1666014037
|switch|p2a: Arceus|Arceus-Ground|100/100
|move|p1a: Arceus|Stealth Rock|p2a: Arceus
|-sidestart|p2: Crystal55|move: Stealth Rock
|
|upkeep
|turn|3
|
|t:|1666014045
|switch|p2a: Zacian|Zacian-Crowned|100/100
|-damage|p2a: Zacian|94/100|[from] Stealth Rock
|-ability|p2a: Zacian|Intrepid Sword|boost
|-boost|p2a: Zacian|atk|1
|move|p1a: Arceus|Earthquake|p2a: Zacian
|-supereffective|p2a: Zacian
|-damage|p2a: Zacian|0 fnt
|faint|p2a: Zacian
|
|upkeep
|j| Pokemetros OP....!
|c|☆Crystal55|lol
|c|☆Crystal55|why
|c|☆Crystal55|equake there
|c| Pokemetros OP....!|Look same to my team
|c|☆Tahz|?
|c| Pokemetros OP....!|Tahz 's team
|inactive|Crystal55 has 120 seconds left.
|
|t:|1666014079
|switch|p2a: Arceus|Arceus-Ground|100/100
|-damage|p2a: Arceus|94/100|[from] Stealth Rock
|turn|4
|c|☆Tahz|physical arc beats defog hooh
|
|t:|1666014090
|move|p2a: Arceus|Calm Mind|p2a: Arceus
|-boost|p2a: Arceus|spa|1
|-boost|p2a: Arceus|spd|1
|move|p1a: Arceus|Earthquake|p2a: Arceus
|-damage|p2a: Arceus|61/100
|
|upkeep
|turn|5
|
|t:|1666014097
|move|p2a: Arceus|Recover|p2a: Arceus
|-heal|p2a: Arceus|100/100
|move|p1a: Arceus|Earthquake|p2a: Arceus
|-damage|p2a: Arceus|71/100
|
|upkeep
|turn|6
|c| Pokemetros OP....!|https://pokepast.es/c6222088461d6cf3
|c| Pokemetros OP....!|Is this same
|
|t:|1666014102
|switch|p1a: Watch yo tone|Yveltal|100/100
|-ability|p1a: Watch yo tone|Dark Aura
|move|p2a: Arceus|Calm Mind|p2a: Arceus
|-boost|p2a: Arceus|spa|1
|-boost|p2a: Arceus|spd|1
|
|upkeep
|turn|7
|
|t:|1666014111
|-start|p1a: Watch yo tone|Dynamax|
|-heal|p1a: Watch yo tone|100/100|[silent]
|move|p2a: Arceus|Ice Beam|p1a: Watch yo tone
|-supereffective|p1a: Watch yo tone
|-damage|p1a: Watch yo tone|56/100
|move|p1a: Watch yo tone|Max Airstream|p2a: Arceus
|-damage|p2a: Arceus|38/100
|-boost|p1a: Watch yo tone|spe|1
|-damage|p1a: Watch yo tone|51/100|[from] item: Life Orb
|
|upkeep
|turn|8
|c| Pokemetros OP....!|Ignore slash Arc
|c|☆Tahz|what is that team
|c| Pokemetros OP....!|It's groundium Arc
|c|☆Tahz|its fully wrong
|
|t:|1666014133
|-start|p2a: Arceus|Dynamax|
|-heal|p2a: Arceus|38/100|[silent]
|move|p1a: Watch yo tone|Max Darkness|p2a: Arceus
|-damage|p2a: Arceus|17/100
|-unboost|p2a: Arceus|spd|1
|-damage|p1a: Watch yo tone|46/100|[from] item: Life Orb
|move|p2a: Arceus|Max Hailstorm|p1a: Watch yo tone
|-supereffective|p1a: Watch yo tone
|-damage|p1a: Watch yo tone|0 fnt
|-weather|Hail
|faint|p1a: Watch yo tone
|
|-weather|Hail|[upkeep]
|-damage|p2a: Arceus|14/100|[from] Hail
|upkeep
|
|t:|1666014142
|switch|p1a: hello caly|Marshadow|100/100
|turn|9
|c| Pokemetros OP....!|What is type of ur Arc
|c| Pokemetros OP....!|Mine is electric & ground
|
|t:|1666014150
|move|p2a: Arceus|Max Guard|p2a: Arceus
|-singleturn|p2a: Arceus|Max Guard
|move|p1a: hello caly|Shadow Sneak|p2a: Arceus
|-activate|p2a: Arceus|move: Max Guard
|
|-weather|Hail|[upkeep]
|-damage|p1a: hello caly|94/100|[from] Hail
|-damage|p2a: Arceus|11/100|[from] Hail
|upkeep
|turn|10
|c|☆Tahz|thats a secret
|
|t:|1666014159
|-end|p2a: Arceus|Dynamax
|-heal|p2a: Arceus|11/100|[silent]
|switch|p2a: Groudon|Groudon|100/100
|-damage|p2a: Groudon|94/100|[from] Stealth Rock
|detailschange|p2a: Groudon|Groudon-Primal
|-primal|p2a: Groudon
|-weather|DesolateLand|[from] ability: Desolate Land|[of] p2a: Groudon
|move|p1a: hello caly|Shadow Sneak|p2a: Groudon
|-damage|p2a: Groudon|76/100
|-damage|p1a: hello caly|84/100|[from] item: Life Orb
|
|-weather|DesolateLand|[upkeep]
|upkeep
|turn|11
|inactive|Tahz has 120 seconds left.
|
|t:|1666014195
|switch|p1a: Arceus|Arceus-Ground|100/100
|move|p2a: Groudon|Stealth Rock|p1a: Arceus
|-sidestart|p1: Tahz|move: Stealth Rock
|
|-weather|DesolateLand|[upkeep]
|upkeep
|turn|12
|
|t:|1666014202
|move|p1a: Arceus|Earthquake|p2a: Groudon
|-supereffective|p2a: Groudon
|-damage|p2a: Groudon|34/100
|move|p2a: Groudon|Toxic|p1a: Arceus
|-status|p1a: Arceus|tox
|
|-weather|DesolateLand|[upkeep]
|-damage|p1a: Arceus|94/100 tox|[from] psn
|upkeep
|turn|13
|c| Pokemetros OP....!|Moves sl rocks, magiccoat ,se,EQ
|c|☆Tahz|do i know you
|
|t:|1666014222
|-weather|none
|switch|p2a: Yveltal|Yveltal|100/100
|-damage|p2a: Yveltal|75/100|[from] Stealth Rock
|-ability|p2a: Yveltal|Dark Aura
|move|p1a: Arceus|Stone Edge|p2a: Yveltal
|-supereffective|p2a: Yveltal
|-damage|p2a: Yveltal|31/100
|
|-damage|p1a: Arceus|82/100 tox|[from] psn
|upkeep
|turn|14
|c| Pokemetros OP....!|From where u get this team
|inactive|Tahz has 120 seconds left.
|c|☆Tahz|someone
|
|t:|1666014252
|move|p1a: Arceus|Stone Edge|p2a: Yveltal
|-supereffective|p2a: Yveltal
|-damage|p2a: Yveltal|0 fnt
|faint|p2a: Yveltal
|
|-damage|p1a: Arceus|64/100 tox|[from] psn
|upkeep
|c| Pokemetros OP....!|This team is first invented by opnoob598
|inactive|Crystal55 has 120 seconds left.
|
|t:|1666014265
|switch|p2a: Arceus|Arceus-Ground|11/100
|-damage|p2a: Arceus|5/100|[from] Stealth Rock
|turn|15
|
|t:|1666014270
|move|p2a: Arceus|Recover|p2a: Arceus
|-heal|p2a: Arceus|55/100
|move|p1a: Arceus|Earthquake|p2a: Arceus
|-damage|p2a: Arceus|22/100
|
|-damage|p1a: Arceus|40/100 tox|[from] psn
|upkeep
|turn|16
|
|t:|1666014280
|switch|p1a: Arceus|Arceus-Electric|100/100
|-damage|p1a: Arceus|88/100|[from] Stealth Rock
|move|p2a: Arceus|Recover|p2a: Arceus
|-heal|p2a: Arceus|72/100
|
|upkeep
|turn|17
|c| Pokemetros OP....!|Hmm u r an Indian
|
|t:|1666014286
|move|p1a: Arceus|Calm Mind|p1a: Arceus
|-boost|p1a: Arceus|spa|1
|-boost|p1a: Arceus|spd|1
|move|p2a: Arceus|Judgment|p1a: Arceus
|-supereffective|p1a: Arceus
|-damage|p1a: Arceus|44/100
|
|upkeep
|turn|18
|c|☆Tahz|what
|c| Pokemetros OP....!|I have a doubt
|c| Pokemetros OP....!|Tahz=opnoob?
|c| Pokemetros OP....!|R u alt of opnoob
|inactive|Tahz has 120 seconds left.
|
|t:|1666014336
|move|p2a: Arceus|Judgment|p1a: Arceus
|-supereffective|p1a: Arceus
|-damage|p1a: Arceus|0 fnt
|faint|p1a: Arceus
|
|upkeep
|inactive|Tahz has 90 seconds left.
|
|t:|1666014357
|switch|p1a: Necrozma|Necrozma-Dusk-Mane|100/100
|-damage|p1a: Necrozma|95/100|[from] Stealth Rock
|turn|19
|
|t:|1666014367
|detailschange|p1a: Necrozma|Necrozma-Ultra
|-burst|p1a: Necrozma|Necrozma|Ultranecrozium Z
|move|p2a: Arceus|Judgment|p1a: Necrozma
|-damage|p1a: Necrozma|46/100
|move|p1a: Necrozma|Dragon Dance|p1a: Necrozma
|-boost|p1a: Necrozma|atk|1
|-boost|p1a: Necrozma|spe|1
|
|upkeep
|turn|20
|inactive|Tahz has 90 seconds left.
|
|t:|1666014401
|switch|p2a: Groudon|Groudon-Primal|34/100
|-damage|p2a: Groudon|22/100|[from] Stealth Rock
|-weather|DesolateLand|[from] ability: Desolate Land|[of] p2a: Groudon
|move|p1a: Necrozma|Photon Geyser|p2a: Groudon
|-damage|p2a: Groudon|0 fnt
|faint|p2a: Groudon
|-weather|none
|
|upkeep
|
|t:|1666014412
|switch|p2a: Banette|Banette-Mega, F|100/100
|-damage|p2a: Banette|88/100|[from] Stealth Rock
|turn|21
|
|t:|1666014430
|move|p2a: Banette|Shadow Sneak|p1a: Necrozma
|-supereffective|p1a: Necrozma
|-damage|p1a: Necrozma|5/100
|move|p1a: Necrozma|Dragon Dance|p1a: Necrozma
|-boost|p1a: Necrozma|atk|1
|-boost|p1a: Necrozma|spe|1
|
|upkeep
|turn|22
|
|t:|1666014447
|move|p2a: Banette|Shadow Sneak|p1a: Necrozma
|-supereffective|p1a: Necrozma
|-damage|p1a: Necrozma|0 fnt
|faint|p1a: Necrozma
|
|upkeep
|
|t:|1666014451
|switch|p1a: hello caly|Marshadow|84/100
|-damage|p1a: hello caly|78/100|[from] Stealth Rock
|turn|23
|inactive|Tahz has 60 seconds left.
|
|t:|1666014494
|move|p1a: hello caly|Shadow Sneak|p2a: Banette
|-supereffective|p2a: Banette
|-damage|p2a: Banette|0 fnt
|faint|p2a: Banette
|-damage|p1a: hello caly|68/100|[from] item: Life Orb
|
|upkeep
|
|t:|1666014500
|switch|p2a: Regieleki|Regieleki|100/100
|-damage|p2a: Regieleki|88/100|[from] Stealth Rock
|turn|24
|
|t:|1666014511
|move|p2a: Regieleki|Electro Ball|p1a: hello caly
|-damage|p1a: hello caly|15/100
|move|p1a: hello caly|Close Combat|p2a: Regieleki
|-damage|p2a: Regieleki|0 fnt
|-unboost|p1a: hello caly|def|1
|-unboost|p1a: hello caly|spd|1
|faint|p2a: Regieleki
|-damage|p1a: hello caly|5/100|[from] item: Life Orb
|
|upkeep
|
|t:|1666014520
|switch|p2a: Arceus|Arceus-Ground|72/100
|-damage|p2a: Arceus|66/100|[from] Stealth Rock
|turn|25
|
|t:|1666014524
|move|p1a: hello caly|Close Combat|p2a: Arceus
|-damage|p2a: Arceus|10/100
|-unboost|p1a: hello caly|def|1
|-unboost|p1a: hello caly|spd|1
|-damage|p1a: hello caly|0 fnt|[from] item: Life Orb
|faint|p1a: hello caly
|move|p2a: Arceus|Recover|p2a: Arceus
|-heal|p2a: Arceus|60/100
|
|upkeep
|
|t:|1666014529
|switch|p1a: Arceus|Arceus-Ground|40/100 tox
|-damage|p1a: Arceus|33/100 tox|[from] Stealth Rock
|turn|26
|
|t:|1666014536
|move|p2a: Arceus|Recover|p2a: Arceus
|-heal|p2a: Arceus|100/100
|move|p1a: Arceus|Earthquake|p2a: Arceus
|-damage|p2a: Arceus|71/100
|
|-damage|p1a: Arceus|27/100 tox|[from] psn
|upkeep
|turn|27
|
|t:|1666014546
|move|p2a: Arceus|Calm Mind|p2a: Arceus
|-boost|p2a: Arceus|spa|1
|-boost|p2a: Arceus|spd|1
|move|p1a: Arceus|Earthquake|p2a: Arceus
|-damage|p2a: Arceus|41/100
|
|-damage|p1a: Arceus|15/100 tox|[from] psn
|upkeep
|turn|28
|
|t:|1666014552
|move|p2a: Arceus|Recover|p2a: Arceus
|-heal|p2a: Arceus|91/100
|move|p1a: Arceus|Earthquake|p2a: Arceus
|-damage|p2a: Arceus|61/100
|
|-damage|p1a: Arceus|0 fnt|[from] psn
|faint|p1a: Arceus
|upkeep
|
|t:|1666014561
|switch|p1a: ._.|Ditto|100/100
|-damage|p1a: ._.|88/100|[from] Stealth Rock
|-transform|p1a: ._.|p2a: Arceus|[from] ability: Imposter
|turn|29
|
|t:|1666014567
|move|p1a: ._.|Ice Beam|p2a: Arceus
|-supereffective|p2a: Arceus
|-damage|p2a: Arceus|27/100
|move|p2a: Arceus|Recover|p2a: Arceus
|-heal|p2a: Arceus|77/100
|
|upkeep
|turn|30
|inactive|Tahz has 120 seconds left.
|
|t:|1666014573
|move|p1a: ._.|Ice Beam|p2a: Arceus
|-supereffective|p2a: Arceus
|-damage|p2a: Arceus|46/100
|move|p2a: Arceus|Recover|p2a: Arceus
|-heal|p2a: Arceus|96/100
|
|upkeep
|turn|31
|inactive|Tahz has 120 seconds left.
|
|t:|1666014599
|move|p1a: ._.|Ice Beam|p2a: Arceus
|-supereffective|p2a: Arceus
|-damage|p2a: Arceus|65/100
|move|p2a: Arceus|Calm Mind|p2a: Arceus
|-boost|p2a: Arceus|spa|1
|-boost|p2a: Arceus|spd|1
|
|upkeep
|turn|32
|-message|Tahz forfeited.
|
|win|Crystal55
|raw|Tahz's rating: 1832 &rarr; <strong>1810</strong><br />(-22 for losing)
|raw|Crystal55's rating: 1792 &rarr; <strong>1814</strong><br />(+22 for winning)
