|j|☆thicsucttv
|j|☆CLEAR GEM清瑜
|t:|1661878431
|gametype|singles
|player|p1|thicsucttv|265|1664
|player|p2|CLEAR GEM清瑜|skierf|1770
|teamsize|p1|6
|teamsize|p2|6
|gen|8
|tier|[Gen 8] National Dex AG
|rated|
|rule|HP Percentage Mod: HP is shown in percentages
|rule|Endless Battle Clause: Forcing endless battles is banned
|clearpoke
|poke|p1|Shuckle, F|
|poke|p1|Marshadow|
|poke|p1|Yveltal|
|poke|p1|Necrozma-Dusk-Mane|
|poke|p1|Ditto|
|poke|p1|Lucario, F|
|poke|p2|Rayquaza|
|poke|p2|Groudon|
|poke|p2|Necrozma-Dusk-Mane|
|poke|p2|Arceus-*|
|poke|p2|Arceus-*|
|poke|p2|Arceus-*|
|teampreview
|inactive|Battle timer is ON: inactive players will automatically lose when time's up. (requested by CLEAR GEM清瑜)
|inactive|thicsucttv also wants the timer to be on.
|
|t:|1661878439
|start
|switch|p1a: Shuckle|Shuckle, F, shiny|100/100
|switch|p2a: 不会(?)|Groudon|100/100
|detailschange|p2a: 不会(?)|Groudon-Primal
|-primal|p2a: 不会(?)
|-weather|DesolateLand|[from] ability: Desolate Land|[of] p2a: 不会(?)
|turn|1
|
|t:|1661878449
|move|p1a: Shuckle|Stealth Rock|p2a: 不会(?)
|-sidestart|p2: CLEAR GEM清瑜|move: Stealth Rock
|move|p2a: 不会(?)|Roar|p1a: Shuckle
|drag|p1a: Ditto|Ditto|100/100
|-transform|p1a: Ditto|p2a: 不会(?)|[from] ability: Imposter
|
|-weather|DesolateLand|[upkeep]
|upkeep
|turn|2
|
|t:|1661878460
|move|p1a: Ditto|Precipice Blades|p2a: 不会(?)|[miss]
|-miss|p1a: Ditto|p2a: 不会(?)
|move|p2a: 不会(?)|Stealth Rock|p1a: Ditto
|-sidestart|p1: thicsucttv|move: Stealth Rock
|
|-weather|DesolateLand|[upkeep]
|upkeep
|turn|3
|
|t:|1661878466
|move|p1a: Ditto|Precipice Blades|p2a: 不会(?)
|-supereffective|p2a: 不会(?)
|-damage|p2a: 不会(?)|0 fnt
|faint|p2a: 不会(?)
|
|-weather|DesolateLand|[upkeep]
|upkeep
|
|t:|1661878469
|switch|p2a: 悬空羊驼|Arceus-Flying|100/100
|-damage|p2a: 悬空羊驼|76/100|[from] Stealth Rock
|turn|4
|
|t:|1661878480
|-weather|none
|switch|p1a: Necrozma|Necrozma-Dusk-Mane|100/100
|-damage|p1a: Necrozma|94/100|[from] Stealth Rock
|move|p2a: 悬空羊驼|Calm Mind|p2a: 悬空羊驼
|-boost|p2a: 悬空羊驼|spa|1
|-boost|p2a: 悬空羊驼|spd|1
|
|upkeep
|turn|5
|
|t:|1661878489
|detailschange|p1a: Necrozma|Necrozma-Ultra
|-burst|p1a: Necrozma|Necrozma|Ultranecrozium Z
|-start|p2a: 悬空羊驼|Dynamax|
|-heal|p2a: 悬空羊驼|76/100|[silent]
|move|p1a: Necrozma|Stone Edge|p2a: 悬空羊驼
|-supereffective|p2a: 悬空羊驼
|-damage|p2a: 悬空羊驼|42/100
|move|p2a: 悬空羊驼|Max Airstream|p1a: Necrozma
|-damage|p1a: Necrozma|0 fnt
|-boost|p2a: 悬空羊驼|spe|1
|faint|p1a: Necrozma
|
|upkeep
|
|t:|1661878508
|switch|p1a: Yveltal|Yveltal|100/100
|-damage|p1a: Yveltal|76/100|[from] Stealth Rock
|-ability|p1a: Yveltal|Dark Aura
|turn|6
|
|t:|1661878514
|-start|p1a: Yveltal|Dynamax|
|-heal|p1a: Yveltal|76/100|[silent]
|move|p1a: Yveltal|Max Guard|p1a: Yveltal
|-singleturn|p1a: Yveltal|Max Guard
|move|p2a: 悬空羊驼|Max Airstream|p1a: Yveltal
|-activate|p1a: Yveltal|move: Max Guard
|
|upkeep
|turn|7
|
|t:|1661878524
|move|p2a: 悬空羊驼|Max Airstream|p1a: Yveltal
|-damage|p1a: Yveltal|17/100
|-boost|p2a: 悬空羊驼|spe|1
|move|p1a: Yveltal|Max Darkness|p2a: 悬空羊驼
|-damage|p2a: 悬空羊驼|0 fnt
|faint|p2a: 悬空羊驼
|-damage|p1a: Yveltal|12/100|[from] item: Life Orb
|
|upkeep
|
|t:|1661878530
|switch|p2a: 烈龙无敌|Rayquaza, shiny|100/100
|-damage|p2a: 烈龙无敌|76/100|[from] Stealth Rock
|-ability|p2a: 烈龙无敌|Air Lock
|turn|8
|
|t:|1661878545
|-end|p1a: Yveltal|Dynamax
|-heal|p1a: Yveltal|12/100|[silent]
|switch|p1a: Marshadow|Marshadow|100/100
|-damage|p1a: Marshadow|94/100|[from] Stealth Rock
|detailschange|p2a: 烈龙无敌|Rayquaza-Mega, shiny
|-mega|p2a: 烈龙无敌|Rayquaza|
|-weather|DeltaStream|[from] ability: Delta Stream|[of] p2a: 烈龙无敌
|move|p2a: 烈龙无敌|Extreme Speed|p1a: Marshadow
|-immune|p1a: Marshadow
|
|-weather|DeltaStream|[upkeep]
|upkeep
|turn|9
|
|t:|1661878564
|move|p1a: Marshadow|Spectral Thief|p2a: 烈龙无敌
|-damage|p2a: 烈龙无敌|31/100
|move|p2a: 烈龙无敌|Dragon Ascent|p1a: Marshadow
|-supereffective|p1a: Marshadow
|-damage|p1a: Marshadow|0 fnt
|-unboost|p2a: 烈龙无敌|def|1
|-unboost|p2a: 烈龙无敌|spd|1
|faint|p1a: Marshadow
|
|-weather|DeltaStream|[upkeep]
|upkeep
|
|t:|1661878579
|switch|p1a: Shuckle|Shuckle, F, shiny|100/100
|-damage|p1a: Shuckle|75/100|[from] Stealth Rock
|turn|10
|
|t:|1661878584
|move|p2a: 烈龙无敌|Dragon Ascent|p1a: Shuckle
|-damage|p1a: Shuckle|24/100
|-unboost|p2a: 烈龙无敌|def|1
|-unboost|p2a: 烈龙无敌|spd|1
|move|p1a: Shuckle|Sticky Web|p2a: 烈龙无敌
|-sidestart|p2: CLEAR GEM清瑜|move: Sticky Web
|
|-weather|DeltaStream|[upkeep]
|upkeep
|turn|11
|
|t:|1661878592
|move|p2a: 烈龙无敌|Dragon Ascent|p1a: Shuckle
|-damage|p1a: Shuckle|0 fnt
|-unboost|p2a: 烈龙无敌|def|1
|-unboost|p2a: 烈龙无敌|spd|1
|faint|p1a: Shuckle
|
|-weather|DeltaStream|[upkeep]
|upkeep
|
|t:|1661878599
|switch|p1a: Lucario|Lucario, F|100/100
|-damage|p1a: Lucario|98/100|[from] Stealth Rock
|turn|12
|
|t:|1661878608
|detailschange|p1a: Lucario|Lucario-Mega, F
|-mega|p1a: Lucario|Lucario|Lucarionite
|move|p1a: Lucario|Bullet Punch|p2a: 烈龙无敌
|-damage|p2a: 烈龙无敌|0 fnt
|faint|p2a: 烈龙无敌
|-weather|none
|
|upkeep
|
|t:|1661878614
|switch|p2a: 乱杀P固|Arceus-Ground|100/100
|-damage|p2a: 乱杀P固|94/100|[from] Stealth Rock
|-activate|p2a: 乱杀P固|move: Sticky Web
|-unboost|p2a: 乱杀P固|spe|1
|turn|13
|
|t:|1661878634
|move|p1a: Lucario|Swords Dance|p1a: Lucario
|-boost|p1a: Lucario|atk|2
|move|p2a: 乱杀P固|Judgment|p1a: Lucario
|-supereffective|p1a: Lucario
|-damage|p1a: Lucario|0 fnt
|faint|p1a: Lucario
|
|upkeep
|
|t:|1661878642
|switch|p1a: Yveltal|Yveltal|12/100
|-damage|p1a: Yveltal|0 fnt|[from] Stealth Rock
|faint|p1a: Yveltal
|
|t:|1661878648
|switch|p1a: Ditto|Ditto|100/100
|-damage|p1a: Ditto|88/100|[from] Stealth Rock
|-transform|p1a: Ditto|p2a: 乱杀P固|[from] ability: Imposter
|turn|14
|
|t:|1661878656
|move|p1a: Ditto|Ice Beam|p2a: 乱杀P固
|-supereffective|p2a: 乱杀P固
|-damage|p2a: 乱杀P固|50/100
|move|p2a: 乱杀P固|Ice Beam|p1a: Ditto
|-supereffective|p1a: Ditto
|-damage|p1a: Ditto|15/100
|
|upkeep
|turn|15
|
|t:|1661878663
|move|p1a: Ditto|Ice Beam|p2a: 乱杀P固
|-supereffective|p2a: 乱杀P固
|-damage|p2a: 乱杀P固|2/100
|move|p2a: 乱杀P固|Ice Beam|p1a: Ditto
|-supereffective|p1a: Ditto
|-damage|p1a: Ditto|0 fnt
|faint|p1a: Ditto
|
|win|CLEAR GEM清瑜
|raw|thicsucttv's rating: 1664 &rarr; <strong>1650</strong><br />(-14 for losing)
|raw|CLEAR GEM清瑜's rating: 1770 &rarr; <strong>1784</strong><br />(+14 for winning)
|l|☆thicsucttv
||Ladder isn't responding, score probably updated but might not have (Request timeout).
