|j|☆09-10a
|j|☆Opnoob 598
|t:|1650961995
|gametype|singles
|player|p1|09-10a|schoolkid-gen4dp|1740
|player|p2|Opnoob 598|leon|1827
|teamsize|p1|6
|teamsize|p2|6
|gen|8
|tier|[Gen 8] National Dex AG
|rated|
|rule|HP Percentage Mod: HP is shown in percentages
|rule|Endless Battle Clause: Forcing endless battles is banned
|clearpoke
|poke|p1|Necrozma-Dusk-Mane|
|poke|p1|Zygarde|
|poke|p1|Calyrex-Shadow|
|poke|p1|Marshadow|
|poke|p1|Xerneas-*|
|poke|p1|Skarmory, F|
|poke|p2|Yveltal|
|poke|p2|Zacian-*|
|poke|p2|Quagsire, F|
|poke|p2|Arceus-*|
|poke|p2|Rayquaza|
|poke|p2|Marshadow|
|teampreview
|inactive|Battle timer is ON: inactive players will automatically lose when time's up. (requested by 09-10a)
|
|t:|1650962003
|start
|switch|p1a: Skarmory|Skarmory, F|100/100
|switch|p2a: Bye cya|Yveltal|100/100
|-ability|p2a: Bye cya|Dark Aura
|turn|1
|
|t:|1650962007
|move|p1a: Skarmory|Spikes|p2a: Bye cya
|-sidestart|p2: Opnoob 598|Spikes
|move|p2a: Bye cya|U-turn|p1a: Skarmory
|-resisted|p1a: Skarmory
|-damage|p1a: Skarmory|95/100
|-damage|p2a: Bye cya|84/100|[from] item: Rocky Helmet|[of] p1a: Skarmory
|
|t:|1650962011
|switch|p2a: I am op|Zacian-Crowned|100/100|[from]move: U-turn
|-damage|p2a: I am op|88/100|[from] Spikes
|-ability|p2a: I am op|Intrepid Sword|boost
|-boost|p2a: I am op|atk|1
|
|upkeep
|turn|2
|
|t:|1650962014
|move|p2a: I am op|Wild Charge|p1a: Skarmory
|-supereffective|p1a: Skarmory
|-damage|p1a: Skarmory|0 fnt
|-damage|p2a: I am op|72/100|[from] item: Rocky Helmet|[of] p1a: Skarmory
|faint|p1a: Skarmory
|-damage|p2a: I am op|54/100|[from] Recoil
|
|upkeep
|
|t:|1650962018
|switch|p1a: Calyrex|Calyrex-Shadow|100/100
|-ability|p1a: Calyrex|As One
|-ability|p1a: Calyrex|Unnerve
|turn|3
|j| Steifmann
|
|t:|1650962024
|switch|p2a: Bye cya|Yveltal|84/100
|-ability|p2a: Bye cya|Dark Aura
|move|p1a: Calyrex|Nasty Plot|p1a: Calyrex
|-boost|p1a: Calyrex|spa|2
|
|upkeep
|turn|4
|
|t:|1650962028
|move|p1a: Calyrex|Taunt|p2a: Bye cya
|-start|p2a: Bye cya|move: Taunt
|move|p2a: Bye cya|U-turn|p1a: Calyrex
|-damage|p1a: Calyrex|76/100
|
|t:|1650962031
|switch|p2a: Eyyy boiii|Marshadow|100/100|[from]move: U-turn
|-damage|p2a: Eyyy boiii|88/100|[from] Spikes
|
|upkeep
|turn|5
|
|t:|1650962040
|switch|p1a: Xerneas|Xerneas|100/100
|-ability|p1a: Xerneas|Fairy Aura
|move|p2a: Eyyy boiii|Shadow Sneak|p1a: Xerneas
|-damage|p1a: Xerneas|71/100
|-damage|p2a: Eyyy boiii|78/100|[from] item: Life Orb
|
|upkeep
|turn|6
|
|t:|1650962049
|switch|p2a: Hahahhahah|Arceus-Ground|100/100
|-damage|p2a: Hahahhahah|88/100|[from] Spikes
|move|p1a: Xerneas|Moonblast|p2a: Hahahhahah
|-damage|p2a: Hahahhahah|31/100
|-unboost|p2a: Hahahhahah|spa|1
|
|upkeep
|turn|7
|
|t:|1650962052
|move|p2a: Hahahhahah|Stealth Rock|p1a: Xerneas
|-sidestart|p1: 09-10a|move: Stealth Rock
|move|p1a: Xerneas|Geomancy||[still]
|-prepare|p1a: Xerneas|Geomancy
|-enditem|p1a: Xerneas|Power Herb
|-anim|p1a: Xerneas|Geomancy|p1a: Xerneas
|-boost|p1a: Xerneas|spa|2
|-boost|p1a: Xerneas|spd|2
|-boost|p1a: Xerneas|spe|2
|
|upkeep
|turn|8
|
|t:|1650962057
|move|p1a: Xerneas|Moonblast|p2a: Hahahhahah
|-damage|p2a: Hahahhahah|0 fnt
|faint|p2a: Hahahhahah
|
|upkeep
|
|t:|1650962061
|switch|p2a: Eyyy boiii|Marshadow|78/100
|-damage|p2a: Eyyy boiii|66/100|[from] Spikes
|turn|9
|j| AnimeZZZZ5
|
|t:|1650962066
|-start|p1a: Xerneas|Dynamax|
|-heal|p1a: Xerneas|71/100|[silent]
|move|p2a: Eyyy boiii|Shadow Sneak|p1a: Xerneas
|-damage|p1a: Xerneas|55/100
|-damage|p2a: Eyyy boiii|56/100|[from] item: Life Orb
|move|p1a: Xerneas|Max Starfall|p2a: Eyyy boiii
|-supereffective|p2a: Eyyy boiii
|-damage|p2a: Eyyy boiii|0 fnt
|-fieldstart|move: Misty Terrain
|faint|p2a: Eyyy boiii
|
|upkeep
|
|t:|1650962071
|switch|p2a: Ur living a hit?|Rayquaza|100/100
|-ability|p2a: Ur living a hit?|Air Lock
|turn|10
|
|t:|1650962075
|detailschange|p2a: Ur living a hit?|Rayquaza-Mega
|-mega|p2a: Ur living a hit?|Rayquaza|
|-weather|DeltaStream|[from] ability: Delta Stream|[of] p2a: Ur living a hit?
|move|p2a: Ur living a hit?|Extreme Speed|p1a: Xerneas
|-damage|p1a: Xerneas|32/100
|-damage|p2a: Ur living a hit?|91/100|[from] item: Life Orb
|move|p1a: Xerneas|Max Starfall|p2a: Ur living a hit?
|-supereffective|p2a: Ur living a hit?
|-damage|p2a: Ur living a hit?|0 fnt
|faint|p2a: Ur living a hit?
|-weather|none
|
|upkeep
|
|t:|1650962078
|switch|p2a: Stfu zacian|Quagsire, F|100/100
|-damage|p2a: Stfu zacian|88/100|[from] Spikes
|turn|11
|
|t:|1650962086
|-start|p2a: Stfu zacian|Dynamax|
|-heal|p2a: Stfu zacian|88/100|[silent]
|move|p2a: Stfu zacian|Max Guard|p2a: Stfu zacian
|-singleturn|p2a: Stfu zacian|Max Guard
|move|p1a: Xerneas|Max Starfall|p2a: Stfu zacian
|-activate|p2a: Stfu zacian|move: Max Guard
|
|-end|p1a: Xerneas|Dynamax
|-heal|p1a: Xerneas|32/100|[silent]
|upkeep
|turn|12
|
|t:|1650962089
|move|p1a: Xerneas|Moonblast|p2a: Stfu zacian
|-damage|p2a: Stfu zacian|44/100
|move|p2a: Stfu zacian|Max Quake|p1a: Xerneas
|-damage|p1a: Xerneas|0 fnt
|-boost|p2a: Stfu zacian|spd|1
|faint|p1a: Xerneas
|
|upkeep
|
|t:|1650962096
|switch|p1a: Necrozma|Necrozma-Dusk-Mane|100/100
|-damage|p1a: Necrozma|95/100|[from] Stealth Rock
|turn|13
|
|t:|1650962103
|detailschange|p1a: Necrozma|Necrozma-Ultra
|-burst|p1a: Necrozma|Necrozma|Ultranecrozium Z
|move|p1a: Necrozma|Dragon Dance|p1a: Necrozma
|-boost|p1a: Necrozma|atk|1
|-boost|p1a: Necrozma|spe|1
|move|p2a: Stfu zacian|Max Quake|p1a: Necrozma
|-damage|p1a: Necrozma|55/100
|-boost|p2a: Stfu zacian|spd|1
|
|-fieldend|Misty Terrain
|-end|p2a: Stfu zacian|Dynamax
|-heal|p2a: Stfu zacian|44/100|[silent]
|upkeep
|turn|14
|
|t:|1650962110
|switch|p2a: Bye cya|Yveltal|84/100
|-ability|p2a: Bye cya|Dark Aura
|move|p1a: Necrozma|Outrage|p2a: Bye cya
|-damage|p2a: Bye cya|0 fnt
|faint|p2a: Bye cya
|
|upkeep
|
|t:|1650962115
|switch|p2a: I am op|Zacian-Crowned|54/100
|-damage|p2a: I am op|42/100|[from] Spikes
|-ability|p2a: I am op|Intrepid Sword|boost
|-boost|p2a: I am op|atk|1
|turn|15
|
|t:|1650962118
|move|p1a: Necrozma|Outrage|p2a: I am op|[from]lockedmove
|-immune|p2a: I am op
|move|p2a: I am op|Behemoth Blade|p1a: Necrozma
|-damage|p1a: Necrozma|0 fnt
|faint|p1a: Necrozma
|
|upkeep
|
|t:|1650962121
|switch|p1a: Calyrex|Calyrex-Shadow|76/100
|-ability|p1a: Calyrex|As One
|-ability|p1a: Calyrex|Unnerve
|-damage|p1a: Calyrex|63/100|[from] Stealth Rock
|turn|16
|c|☆Opnoob 598|Gg
|-message|Opnoob 598 forfeited.
|
|win|09-10a
|raw|09-10a's rating: 1740 &rarr; <strong>1765</strong><br />(+25 for winning)
|raw|Opnoob 598's rating: 1827 &rarr; <strong>1802</strong><br />(-25 for losing)
|l|☆Opnoob 598
