|j|☆MRH1106
|j|☆amnael01
|t:|1662073411
|gametype|singles
|player|p1|MRH1106|ghetsis|1883
|player|p2|amnael01|1|1806
|teamsize|p1|6
|teamsize|p2|6
|gen|8
|tier|[Gen 8] National Dex AG
|rated|
|rule|HP Percentage Mod: HP is shown in percentages
|rule|Endless Battle Clause: Forcing endless battles is banned
|clearpoke
|poke|p1|Zacian-*|
|poke|p1|Calyrex-Shadow|
|poke|p1|Rayquaza|
|poke|p1|Ditto|
|poke|p1|Yveltal|
|poke|p1|Arceus-*|
|poke|p2|Smeargle, F|
|poke|p2|Groudon|
|poke|p2|Espeon, M|
|poke|p2|Rayquaza|
|poke|p2|Xerneas-*|
|poke|p2|Zacian-*|
|teampreview
|inactive|Battle timer is ON: inactive players will automatically lose when time's up. (requested by MRH1106)
|j|+Dragonillis
|inactive|MRH1106 has 120 seconds left.
|
|t:|1662073443
|start
|switch|p1a: Hells dragon|Yveltal, shiny|100/100
|switch|p2a: Rayquaza|Rayquaza|100/100
|-ability|p1a: Hells dragon|Dark Aura
|-ability|p2a: Rayquaza|Air Lock
|turn|1
|
|t:|1662073458
|detailschange|p2a: Rayquaza|Rayquaza-Mega
|-mega|p2a: Rayquaza|Rayquaza|
|-weather|DeltaStream|[from] ability: Delta Stream|[of] p2a: Rayquaza
|-start|p1a: Hells dragon|Dynamax|
|-heal|p1a: Hells dragon|100/100|[silent]
|move|p2a: Rayquaza|Dragon Ascent|p1a: Hells dragon
|-damage|p1a: Hells dragon|62/100
|-unboost|p2a: Rayquaza|def|1
|-unboost|p2a: Rayquaza|spd|1
|move|p1a: Hells dragon|Max Airstream|p2a: Rayquaza
|-enditem|p2a: Rayquaza|Focus Sash
|-damage|p2a: Rayquaza|1/100
|-boost|p1a: Hells dragon|spe|1
|-damage|p1a: Hells dragon|57/100|[from] item: Life Orb
|
|-weather|DeltaStream|[upkeep]
|upkeep
|turn|2
|
|t:|1662073470
|move|p2a: Rayquaza|Extreme Speed|p1a: Hells dragon
|-damage|p1a: Hells dragon|40/100
|move|p1a: Hells dragon|Max Flare|p2a: Rayquaza
|-resisted|p2a: Rayquaza
|-damage|p2a: Rayquaza|0 fnt
|-weather|SunnyDay
|faint|p2a: Rayquaza
|-damage|p1a: Hells dragon|35/100|[from] item: Life Orb
|
|-weather|SunnyDay|[upkeep]
|upkeep
|
|t:|1662073479
|switch|p2a: Smeargle|Smeargle, F|100/100
|turn|3
|
|t:|1662073504
|move|p1a: Hells dragon|Max Guard|p1a: Hells dragon
|-singleturn|p1a: Hells dragon|Max Guard
|move|p2a: Smeargle|Spore|p1a: Hells dragon
|-activate|p1a: Hells dragon|move: Max Guard
|
|-weather|SunnyDay|[upkeep]
|-ability|p2a: Smeargle|Moody|boost
|-boost|p2a: Smeargle|def|2
|-unboost|p2a: Smeargle|spd|1
|upkeep
|-end|p1a: Hells dragon|Dynamax
|-heal|p1a: Hells dragon|35/100|[silent]
|turn|4
|
|t:|1662073509
|move|p2a: Smeargle|Spiky Shield|p2a: Smeargle
|-singleturn|p2a: Smeargle|move: Protect
|move|p1a: Hells dragon|Oblivion Wing|p2a: Smeargle
|-activate|p2a: Smeargle|move: Protect
|
|-weather|SunnyDay|[upkeep]
|-ability|p2a: Smeargle|Moody|boost
|-boost|p2a: Smeargle|spa|2
|-unboost|p2a: Smeargle|spd|1
|upkeep
|turn|5
|
|t:|1662073512
|move|p1a: Hells dragon|Taunt|p2a: Smeargle
|-start|p2a: Smeargle|move: Taunt
|cant|p2a: Smeargle|move: Taunt|Spore
|
|-weather|SunnyDay|[upkeep]
|-ability|p2a: Smeargle|Moody|boost
|-boost|p2a: Smeargle|spa|2
|-unboost|p2a: Smeargle|spe|1
|upkeep
|turn|6
|
|t:|1662073517
|switch|p2a: Groudon|Groudon|100/100
|detailschange|p2a: Groudon|Groudon-Primal
|-primal|p2a: Groudon
|-weather|DesolateLand|[from] ability: Desolate Land|[of] p2a: Groudon
|move|p1a: Hells dragon|Oblivion Wing|p2a: Groudon
|-damage|p2a: Groudon|45/100
|-heal|p1a: Hells dragon|71/100|[from] drain|[of] p2a: Groudon
|-damage|p1a: Hells dragon|61/100|[from] item: Life Orb
|
|-weather|DesolateLand|[upkeep]
|upkeep
|turn|7
|
|t:|1662073520
|move|p1a: Hells dragon|Oblivion Wing|p2a: Groudon
|-damage|p2a: Groudon|0 fnt
|-heal|p1a: Hells dragon|90/100|[from] drain|[of] p2a: Groudon
|faint|p2a: Groudon
|-weather|none
|-damage|p1a: Hells dragon|80/100|[from] item: Life Orb
|
|upkeep
|
|t:|1662073524
|switch|p2a: Xerneas|Xerneas|100/100
|-ability|p2a: Xerneas|Fairy Aura
|turn|8
|inactive|MRH1106 has 120 seconds left.
|
|t:|1662073583
|move|p1a: Hells dragon|Taunt|p2a: Xerneas
|-start|p2a: Xerneas|move: Taunt
|move|p2a: Xerneas|Moonblast|p1a: Hells dragon
|-supereffective|p1a: Hells dragon
|-damage|p1a: Hells dragon|0 fnt
|faint|p1a: Hells dragon
|
|upkeep
|
|t:|1662073584
|switch|p1a: Knifepuppy|Zacian-Crowned|100/100
|-ability|p1a: Knifepuppy|Intrepid Sword|boost
|-boost|p1a: Knifepuppy|atk|1
|turn|9
|
|t:|1662073596
|switch|p2a: Smeargle|Smeargle, F|100/100
|move|p1a: Knifepuppy|Behemoth Blade|p2a: Smeargle
|-enditem|p2a: Smeargle|Focus Sash
|-damage|p2a: Smeargle|1/100
|
|-ability|p2a: Smeargle|Moody|boost
|-boost|p2a: Smeargle|spa|2
|-unboost|p2a: Smeargle|atk|1
|upkeep
|turn|10
|
|t:|1662073605
|move|p2a: Smeargle|Spiky Shield|p2a: Smeargle
|-singleturn|p2a: Smeargle|move: Protect
|move|p1a: Knifepuppy|Behemoth Blade|p2a: Smeargle
|-activate|p2a: Smeargle|move: Protect
|-damage|p1a: Knifepuppy|88/100|[from] Spiky Shield|[of] p2a: Smeargle
|
|-ability|p2a: Smeargle|Moody|boost
|-boost|p2a: Smeargle|spe|2
|-unboost|p2a: Smeargle|atk|1
|upkeep
|turn|11
|inactive|MRH1106 has 120 seconds left.
|
|t:|1662073611
|move|p2a: Smeargle|Spore|p1a: Knifepuppy
|-status|p1a: Knifepuppy|slp|[from] move: Spore
|cant|p1a: Knifepuppy|slp
|
|-ability|p2a: Smeargle|Moody|boost
|-boost|p2a: Smeargle|spe|2
|-unboost|p2a: Smeargle|spd|1
|upkeep
|turn|12
|
|t:|1662073614
|move|p2a: Smeargle|Baton Pass|p2a: Smeargle
|
|t:|1662073616
|switch|p2a: Xerneas|Xerneas|100/100|[from]move: Baton Pass
|-ability|p2a: Xerneas|Fairy Aura
|cant|p1a: Knifepuppy|slp
|
|upkeep
|turn|13
|
|t:|1662073622
|-start|p2a: Xerneas|Dynamax|
|-heal|p2a: Xerneas|100/100|[silent]
|move|p2a: Xerneas|Max Flare|p1a: Knifepuppy
|-supereffective|p1a: Knifepuppy
|-damage|p1a: Knifepuppy|0 fnt
|-weather|SunnyDay
|faint|p1a: Knifepuppy
|
|-weather|SunnyDay|[upkeep]
|upkeep
|inactive|MRH1106 has 120 seconds left.
|
|t:|1662073655
|switch|p1a: Rayyyy|Rayquaza|100/100
|-ability|p1a: Rayyyy|Air Lock
|turn|14
|
|t:|1662073661
|detailschange|p1a: Rayyyy|Rayquaza-Mega
|-mega|p1a: Rayyyy|Rayquaza|
|-weather|DeltaStream|[from] ability: Delta Stream|[of] p1a: Rayyyy
|move|p2a: Xerneas|Max Starfall|p1a: Rayyyy
|-supereffective|p1a: Rayyyy
|-enditem|p1a: Rayyyy|Focus Sash
|-damage|p1a: Rayyyy|1/100
|-fieldstart|move: Misty Terrain
|move|p1a: Rayyyy|Dragon Ascent|p2a: Xerneas
|-damage|p2a: Xerneas|69/100
|-unboost|p1a: Rayyyy|def|1
|-unboost|p1a: Rayyyy|spd|1
|
|-weather|DeltaStream|[upkeep]
|upkeep
|turn|15
|
|t:|1662073668
|move|p1a: Rayyyy|Extreme Speed|p2a: Xerneas
|-damage|p2a: Xerneas|55/100
|move|p2a: Xerneas|Max Overgrowth|p1a: Rayyyy
|-resisted|p1a: Rayyyy
|-damage|p1a: Rayyyy|0 fnt
|-fieldstart|move: Grassy Terrain
|faint|p1a: Rayyyy
|-weather|none
|
|-heal|p2a: Xerneas|58/100|[from] Grassy Terrain
|upkeep
|
|t:|1662073674
|switch|p1a: Fuck you <3|Ditto, shiny|100/100
|-transform|p1a: Fuck you <3|p2a: Xerneas|[from] ability: Imposter
|-ability|p1a: Fuck you <3|Fairy Aura
|-end|p2a: Xerneas|Dynamax
|-heal|p2a: Xerneas|58/100|[silent]
|turn|16
|
|t:|1662073677
|move|p1a: Fuck you <3|Moonblast|p2a: Xerneas
|-damage|p2a: Xerneas|0 fnt
|faint|p2a: Xerneas
|
|upkeep
|
|t:|1662073679
|switch|p2a: Zacian|Zacian-Crowned|100/100
|-ability|p2a: Zacian|Intrepid Sword|boost
|-boost|p2a: Zacian|atk|1
|turn|17
|
|t:|1662073682
|switch|p1a: Legit god|Arceus-Ground|100/100
|move|p2a: Zacian|Behemoth Blade|p1a: Legit god
|-damage|p1a: Legit god|35/100
|
|-heal|p1a: Legit god|41/100|[from] Grassy Terrain
|upkeep
|turn|18
|
|t:|1662073684
|move|p2a: Zacian|Behemoth Blade|p1a: Legit god
|-damage|p1a: Legit god|0 fnt
|faint|p1a: Legit god
|
|upkeep
|
|t:|1662073686
|switch|p1a: Fuck you <3|Ditto, shiny|100/100
|-transform|p1a: Fuck you <3|p2a: Zacian|[from] ability: Imposter
|-ability|p1a: Fuck you <3|Intrepid Sword|boost
|-boost|p1a: Fuck you <3|atk|1
|turn|19
|c|☆MRH1106|gg
|
|t:|1662073694
|switch|p2a: Smeargle|Smeargle, F|1/100
|move|p1a: Fuck you <3|Behemoth Blade|p2a: Smeargle
|-damage|p2a: Smeargle|0 fnt
|faint|p2a: Smeargle
|
|-fieldend|move: Grassy Terrain
|upkeep
|
|t:|1662073695
|switch|p2a: Espeon|Espeon, M|100/100
|turn|20
|
|t:|1662073704
|move|p1a: Fuck you <3|Behemoth Blade|p2a: Espeon
|-enditem|p2a: Espeon|Focus Sash
|-damage|p2a: Espeon|1/100
|move|p2a: Espeon|Yawn|p1a: Fuck you <3
|-start|p1a: Fuck you <3|move: Yawn|[of] p2a: Espeon
|
|upkeep
|turn|21
|
|t:|1662073706
|switch|p1a: YeeHaw~|Calyrex-Shadow|100/100
|-ability|p1a: YeeHaw~|As One
|-ability|p1a: YeeHaw~|Unnerve
|move|p2a: Espeon|Shadow Ball|p1a: YeeHaw~
|-supereffective|p1a: YeeHaw~
|-enditem|p1a: YeeHaw~|Focus Sash
|-damage|p1a: YeeHaw~|1/100
|
|upkeep
|turn|22
|
|t:|1662073711
|move|p1a: YeeHaw~|Astral Barrage|p2a: Espeon
|-supereffective|p2a: Espeon
|-damage|p2a: Espeon|0 fnt
|faint|p2a: Espeon
|-ability|p1a: YeeHaw~|Grim Neigh|boost
|-boost|p1a: YeeHaw~|spa|1
|
|upkeep
|
|t:|1662073712
|switch|p2a: Zacian|Zacian-Crowned|100/100
|-ability|p2a: Zacian|Intrepid Sword|boost
|-boost|p2a: Zacian|atk|1
|turn|23
|
|t:|1662073714
|move|p1a: YeeHaw~|Astral Barrage|p2a: Zacian
|-damage|p2a: Zacian|0 fnt
|faint|p2a: Zacian
|
|win|MRH1106
|raw|MRH1106's rating: 1875 &rarr; <strong>1891</strong><br />(+16 for winning)
|raw|amnael01's rating: 1806 &rarr; <strong>1790</strong><br />(-16 for losing)
|l|☆amnael01
||Ladder isn't responding, score probably updated but might not have (Request timeout).
|l|☆MRH1106
