|j|☆hellotempt6t
|j|☆IAmJklol
|t:|1666064907
|gametype|singles
|player|p1|hellotempt6t|266|
|player|p2|IAmJklol|red|
|teamsize|p1|6
|teamsize|p2|6
|gen|8
|tier|[Gen 8] National Dex AG
|rule|HP Percentage Mod: HP is shown in percentages
|rule|Endless Battle Clause: Forcing endless battles is banned
|clearpoke
|poke|p1|Yveltal|
|poke|p1|Rayquaza|
|poke|p1|Arceus-*|
|poke|p1|Calyrex-Shadow|
|poke|p1|Donphan, F|
|poke|p1|Marshadow|
|poke|p2|Zacian-*|
|poke|p2|Zacian-*|
|poke|p2|Zacian-*|
|poke|p2|Zacian-*|
|poke|p2|Zoroark, F|
|poke|p2|Arceus-*|
|teampreview
|inactive|Battle timer is ON: inactive players will automatically lose when time's up. (requested by IAmJklol)
|c|☆IAmJklol|dont ask lol
|c|☆hellotempt6t|U also have a team that has a ditto scarf
|c|☆hellotempt6t|That beats everything
|inactive|hellotempt6t has 270 seconds left.
|
|t:|1666064943
|start
|switch|p1a: Donphan|Donphan, F|100/100
|switch|p2a: Zacian|Zacian-Crowned|100/100
|turn|1
|c|☆IAmJklol|nah this isn't one of the teams I use
|c|☆IAmJklol|:/
|c|☆IAmJklol|also I have counterplay against that
|
|t:|1666064962
|move|p2a: Zacian|Dark Pulse|p1a: Donphan
|-damage|p1a: Donphan|26/100
|move|p1a: Donphan|Stealth Rock|p2a: Zacian
|-sidestart|p2: IAmJklol|move: Stealth Rock
|
|upkeep
|turn|2
|c|☆hellotempt6t|I’m sure ditto would destroy this entire team
|c|☆IAmJklol|this is more of a troll
|c|☆IAmJklol|I have an imprison zacian
|
|t:|1666064977
|move|p2a: Zacian|Dark Pulse|p1a: Donphan
|-damage|p1a: Donphan|0 fnt
|faint|p1a: Donphan
|
|upkeep
|c|☆IAmJklol|and others either cant ohko
|c|☆IAmJklol|or
|
|t:|1666064983
|switch|p1a: Focussashboost|Marshadow|100/100
|turn|3
|c|☆hellotempt6t|Yes zoraak is there
|c|☆IAmJklol|true
|
|t:|1666065011
|switch|p2a: Arceus-Elec|Arceus|100/100
|-damage|p2a: Arceus-Elec|88/100|[from] Stealth Rock
|move|p1a: Focussashboost|Close Combat|p2a: Arceus-Elec
|-supereffective|p2a: Arceus-Elec
|-damage|p2a: Arceus-Elec|0 fnt
|-unboost|p1a: Focussashboost|def|1
|-unboost|p1a: Focussashboost|spd|1
|faint|p2a: Arceus-Elec
|-damage|p1a: Focussashboost|91/100|[from] item: Life Orb
|
|upkeep
|
|t:|1666065016
|switch|p2a: Zacian|Zacian|100/100
|-damage|p2a: Zacian|88/100|[from] Stealth Rock
|-ability|p2a: Zacian|Intrepid Sword|boost
|-boost|p2a: Zacian|atk|1
|turn|4
|c|☆hellotempt6t|Ok
|c|☆IAmJklol|wrong thing
|c|☆IAmJklol|;-;
|
|t:|1666065044
|switch|p1a: Rayquaza|Rayquaza|100/100
|-ability|p1a: Rayquaza|Air Lock
|move|p2a: Zacian|Play Rough|p1a: Rayquaza
|-supereffective|p1a: Rayquaza
|-damage|p1a: Rayquaza|0 fnt
|faint|p1a: Rayquaza
|
|upkeep
|
|t:|1666065046
|switch|p1a: Calyrex|Calyrex-Shadow|100/100
|-ability|p1a: Calyrex|As One
|-ability|p1a: Calyrex|Unnerve
|turn|5
|c|☆hellotempt6t|I just realized
|inactive|IAmJklol has 270 seconds left.
|c|☆hellotempt6t|Well for that match just now
|
|t:|1666065074
|move|p2a: Zacian|Play Rough|p1a: Calyrex
|-damage|p1a: Calyrex|14/100
|move|p1a: Calyrex|Substitute|p1a: Calyrex
|-fail|p1a: Calyrex|move: Substitute|[weak]
|
|upkeep
|turn|6
|c|☆IAmJklol|;)
|c|☆hellotempt6t|Scarf
|c|☆hellotempt6t|well
|c|☆hellotempt6t|i did not expect that
|inactive|hellotempt6t has 270 seconds left.
|c|☆IAmJklol|pranked
|
|t:|1666065108
|move|p2a: Zacian|Play Rough|p1a: Calyrex|[miss]
|-miss|p2a: Zacian|p1a: Calyrex
|move|p1a: Calyrex|Astral Barrage|p2a: Zacian
|-damage|p2a: Zacian|18/100
|
|upkeep
|turn|7
|
|t:|1666065111
|move|p2a: Zacian|Play Rough|p1a: Calyrex
|-damage|p1a: Calyrex|0 fnt
|faint|p1a: Calyrex
|
|upkeep
|
|t:|1666065113
|switch|p1a: Arceus|Arceus|100/100
|turn|8
|
|t:|1666065117
|move|p2a: Zacian|Play Rough|p1a: Arceus
|-damage|p1a: Arceus|46/100
|move|p1a: Arceus|Swords Dance|p1a: Arceus
|-boost|p1a: Arceus|atk|2
|
|upkeep
|turn|9
|
|t:|1666065121
|move|p1a: Arceus|Extreme Speed|p2a: Zacian
|-damage|p2a: Zacian|0 fnt
|faint|p2a: Zacian
|
|upkeep
|
|t:|1666065126
|switch|p2a: Zacian|Zacian-Crowned|100/100
|-damage|p2a: Zacian|94/100|[from] Stealth Rock
|-ability|p2a: Zacian|Intrepid Sword|boost
|-boost|p2a: Zacian|atk|1
|turn|10
|
|t:|1666065132
|move|p1a: Arceus|Extreme Speed|p2a: Zacian
|-resisted|p2a: Zacian
|-damage|p2a: Zacian|56/100
|move|p2a: Zacian|Behemoth Blade|p1a: Arceus
|-damage|p1a: Arceus|0 fnt
|faint|p1a: Arceus
|
|upkeep
|
|t:|1666065135
|switch|p1a: Yveltal|Yveltal|100/100
|-ability|p1a: Yveltal|Dark Aura
|turn|11
|
|t:|1666065139
|-start|p1a: Yveltal|Dynamax|
|-heal|p1a: Yveltal|100/100|[silent]
|move|p2a: Zacian|Behemoth Blade|p1a: Yveltal
|-damage|p1a: Yveltal|16/100
|move|p1a: Yveltal|Max Airstream|p2a: Zacian
|-resisted|p2a: Zacian
|-crit|p2a: Zacian
|-damage|p2a: Zacian|1/100
|-boost|p1a: Yveltal|spe|1
|-damage|p1a: Yveltal|11/100|[from] item: Life Orb
|
|upkeep
|turn|12
|c|☆IAmJklol|o-o
|
|t:|1666065145
|move|p1a: Yveltal|Max Flare|p2a: Zacian
|-supereffective|p2a: Zacian
|-damage|p2a: Zacian|0 fnt
|-weather|SunnyDay
|faint|p2a: Zacian
|-damage|p1a: Yveltal|6/100|[from] item: Life Orb
|
|-weather|SunnyDay|[upkeep]
|upkeep
|
|t:|1666065150
|switch|p2a: Zacian|Zacian-Crowned|100/100
|-damage|p2a: Zacian|88/100|[from] Stealth Rock
|turn|13
|c|☆hellotempt6t|Gg u won
|c|☆hellotempt6t|That scarf
|c|☆IAmJklol|gg
|c|☆hellotempt6t|i did not bring ditto with scarf
|inactive|hellotempt6t has 270 seconds left.
|c|☆hellotempt6t|it would obliterate your team
|
|t:|1666065202
|move|p1a: Yveltal|Max Flare|p2a: Zacian
|-damage|p2a: Zacian|0 fnt
|replace|p2a: sus!!|Zoroark, F
|-end|p2a: sus!!|Illusion
|faint|p2a: sus!!
|-damage|p1a: Yveltal|1/100|[from] item: Life Orb
|
|-weather|SunnyDay|[upkeep]
|upkeep
|
|t:|1666065210
|switch|p2a: Zacian|Zacian-Crowned|100/100
|-damage|p2a: Zacian|94/100|[from] Stealth Rock
|-ability|p2a: Zacian|Intrepid Sword|boost
|-boost|p2a: Zacian|atk|1
|-end|p1a: Yveltal|Dynamax
|-heal|p1a: Yveltal|1/100|[silent]
|turn|14
|c|☆IAmJklol|mayb
|
|t:|1666065216
|move|p1a: Yveltal|Heat Wave|p2a: Zacian
|-supereffective|p2a: Zacian
|-damage|p2a: Zacian|0 fnt
|faint|p2a: Zacian
|-damage|p1a: Yveltal|0 fnt|[from] item: Life Orb
|faint|p1a: Yveltal
|
|-weather|SunnyDay|[upkeep]
|upkeep
|
|t:|1666065219
|switch|p1a: Focussashboost|Marshadow|91/100
|switch|p2a: Zacian|Zacian|100/100
|-damage|p2a: Zacian|88/100|[from] Stealth Rock
|-ability|p2a: Zacian|Intrepid Sword|boost
|-boost|p2a: Zacian|atk|1
|turn|15
|
|t:|1666065223
|move|p1a: Focussashboost|Shadow Sneak|p2a: Zacian
|-damage|p2a: Zacian|50/100
|-damage|p1a: Focussashboost|81/100|[from] item: Life Orb
|move|p2a: Zacian|Play Rough|p1a: Focussashboost
|-supereffective|p1a: Focussashboost
|-damage|p1a: Focussashboost|0 fnt
|faint|p1a: Focussashboost
|
|win|IAmJklol
|l|☆hellotempt6t
|l|☆IAmJklol
|j|☆IAmJklol
|player|p2|IAmJklol|red
