|j|☆starkorea74
|j|☆85792195wwww
|player|p1|starkorea74|cynthia|1925
|player|p2|85792195wwww|lady|1788
|teamsize|p1|6
|teamsize|p2|6
|gametype|singles
|gen|8
|tier|[Gen 8] National Dex AG
|rated|
|clearpoke
|poke|p1|Necrozma-Dusk-Mane|
|poke|p1|Ho-Oh|
|poke|p1|Ditto|
|poke|p1|Arceus-*|
|poke|p1|Rayquaza|
|poke|p1|Yveltal|
|poke|p2|Rayquaza|
|poke|p2|Zacian-Crowned|
|poke|p2|Ditto|
|poke|p2|Kyogre|
|poke|p2|Kyurem-Black|
|poke|p2|Arceus-*|
|rule|HP Percentage Mod: HP is shown in percentages
|rule|Endless Battle Clause: Forcing endless battles is banned
|teampreview
|
|start
|switch|p1a: Arceus|Arceus-Fairy|100/100
|switch|p2a: Arceus|Arceus|100/100
|turn|1
|j| Galbart Glover
|
|move|p2a: Arceus|Swords Dance|p2a: Arceus
|-boost|p2a: Arceus|atk|2
|move|p1a: Arceus|Thunder Wave|p2a: Arceus
|-status|p2a: Arceus|par
|
|upkeep
|turn|2
|
|move|p2a: Arceus|Extreme Speed|p1a: Arceus
|-damage|p1a: Arceus|28/100
|-damage|p2a: Arceus|91/100 par|[from] item: Life Orb
|move|p1a: Arceus|Judgment|p2a: Arceus
|-damage|p2a: Arceus|53/100 par
|
|upkeep
|turn|3
|
|switch|p1a: Necrozma|Necrozma-Dusk-Mane|100/100
|move|p2a: Arceus|Extreme Speed|p1a: Necrozma
|-resisted|p1a: Necrozma
|-damage|p1a: Necrozma|70/100
|-damage|p2a: Arceus|43/100 par|[from] item: Life Orb
|
|-heal|p1a: Necrozma|76/100|[from] item: Leftovers
|upkeep
|turn|4
|
|move|p1a: Necrozma|Sunsteel Strike|p2a: Arceus
|-damage|p2a: Arceus|8/100 par
|move|p2a: Arceus|Earthquake|p1a: Necrozma
|-supereffective|p1a: Necrozma
|-damage|p1a: Necrozma|0 fnt
|-damage|p2a: Arceus|0 fnt|[from] item: Life Orb
|faint|p1a: Necrozma
|faint|p2a: Arceus
|
|upkeep
|
|switch|p2a: Rayquaza|Rayquaza|100/100
|switch|p1a: Rayquaza|Rayquaza|100/100
|-ability|p1a: Rayquaza|Air Lock
|-ability|p2a: Rayquaza|Air Lock
|turn|5
|
|switch|p2a: Zacian|Zacian-Crowned|100/100
|-ability|p2a: Zacian|Intrepid Sword|boost
|-boost|p2a: Zacian|atk|1
|detailschange|p1a: Rayquaza|Rayquaza-Mega
|-mega|p1a: Rayquaza|Rayquaza|
|-weather|DeltaStream|[from] ability: Delta Stream|[of] p1a: Rayquaza
|move|p1a: Rayquaza|Draco Meteor|p2a: Zacian
|-immune|p2a: Zacian
|
|-weather|DeltaStream|[upkeep]
|upkeep
|turn|6
|
|-weather|none
|switch|p1a: Arceus|Arceus-Fairy|28/100
|move|p2a: Zacian|Substitute|p2a: Zacian
|-start|p2a: Zacian|Substitute
|-damage|p2a: Zacian|76/100
|
|upkeep
|turn|7
|
|move|p2a: Zacian|Behemoth Blade|p1a: Arceus
|-supereffective|p1a: Arceus
|-damage|p1a: Arceus|0 fnt
|faint|p1a: Arceus
|
|upkeep
|
|switch|p1a: Ho-Oh|Ho-Oh|100/100
|turn|8
|
|move|p2a: Zacian|Wild Charge|p1a: Ho-Oh
|-supereffective|p1a: Ho-Oh
|-damage|p1a: Ho-Oh|24/100
|-damage|p2a: Zacian|51/100|[from] Recoil
|move|p1a: Ho-Oh|Sacred Fire|p2a: Zacian
|-supereffective|p2a: Zacian
|-end|p2a: Zacian|Substitute
|
|upkeep
|turn|9
|
|move|p2a: Zacian|Behemoth Blade|p1a: Ho-Oh
|-resisted|p1a: Ho-Oh
|-damage|p1a: Ho-Oh|0 fnt
|faint|p1a: Ho-Oh
|
|upkeep
|
|switch|p1a: Ditto|Ditto|100/100
|-transform|p1a: Ditto|p2a: Zacian|[from] ability: Imposter
|-ability|p1a: Ditto|Intrepid Sword|boost
|-boost|p1a: Ditto|atk|1
|turn|10
|
|move|p1a: Ditto|Behemoth Blade|p2a: Zacian
|-damage|p2a: Zacian|0 fnt
|faint|p2a: Zacian
|
|upkeep
|
|switch|p2a: Kyogre|Kyogre|100/100
|detailschange|p2a: Kyogre|Kyogre-Primal
|-primal|p2a: Kyogre
|-weather|PrimordialSea|[from] ability: Primordial Sea|[of] p2a: Kyogre
|turn|11
|
|switch|p1a: Rayquaza|Rayquaza-Mega|100/100
|-weather|DeltaStream|[from] ability: Delta Stream|[of] p1a: Rayquaza
|move|p2a: Kyogre|Scald|p1a: Rayquaza
|-resisted|p1a: Rayquaza
|-damage|p1a: Rayquaza|71/100
|
|-weather|DeltaStream|[upkeep]
|upkeep
|turn|12
|
|move|p1a: Rayquaza|Dragon Ascent|p2a: Kyogre
|-damage|p2a: Kyogre|2/100
|-unboost|p1a: Rayquaza|def|1
|-unboost|p1a: Rayquaza|spd|1
|-damage|p1a: Rayquaza|61/100|[from] item: Life Orb
|move|p2a: Kyogre|Ice Beam|p1a: Rayquaza
|-activate||deltastream
|-supereffective|p1a: Rayquaza
|-damage|p1a: Rayquaza|0 fnt
|faint|p1a: Rayquaza
|-weather|none
|
|upkeep
|
|switch|p1a: Yveltal|Yveltal|100/100
|-ability|p1a: Yveltal|Dark Aura
|turn|13
|
|-start|p1a: Yveltal|Dynamax
|-heal|p1a: Yveltal|100/100|[silent]
|move|p1a: Yveltal|Max Airstream|p2a: Kyogre
|-damage|p2a: Kyogre|0 fnt
|-boost|p1a: Yveltal|spe|1
|-damage|p1a: Yveltal|96/100|[from] item: Life Orb
|faint|p2a: Kyogre
|
|upkeep
|
|switch|p2a: Kyurem|Kyurem-Black|100/100
|-ability|p2a: Kyurem|Teravolt
|turn|14
|
|-start|p2a: Kyurem|Dynamax
|-heal|p2a: Kyurem|100/100|[silent]
|move|p1a: Yveltal|Max Darkness|p2a: Kyurem
|-damage|p2a: Kyurem|41/100
|-unboost|p2a: Kyurem|spd|1
|-damage|p1a: Yveltal|91/100|[from] item: Life Orb
|move|p2a: Kyurem|Max Hailstorm|p1a: Yveltal
|-supereffective|p1a: Yveltal
|-damage|p1a: Yveltal|21/100
|-weather|Hail
|
|-weather|Hail|[upkeep]
|-damage|p1a: Yveltal|18/100|[from] Hail
|upkeep
|turn|15
|
|-end|p2a: Kyurem|Dynamax
|-heal|p2a: Kyurem|41/100|[silent]
|switch|p2a: Rayquaza|Rayquaza|100/100
|-ability|p2a: Rayquaza|Air Lock
|move|p1a: Yveltal|Max Ooze|p2a: Rayquaza
|-damage|p2a: Rayquaza|51/100
|-boost|p1a: Yveltal|spa|1
|-damage|p1a: Yveltal|13/100|[from] item: Life Orb
|
|-weather|Hail|[upkeep]
|-end|p1a: Yveltal|Dynamax
|-heal|p1a: Yveltal|13/100|[silent]
|upkeep
|turn|16
|
|move|p2a: Rayquaza|Extreme Speed|p1a: Yveltal
|-damage|p1a: Yveltal|0 fnt
|-damage|p2a: Rayquaza|41/100|[from] item: Life Orb
|faint|p1a: Yveltal
|
|-weather|Hail|[upkeep]
|upkeep
|
|switch|p1a: Ditto|Ditto|100/100
|-transform|p1a: Ditto|p2a: Rayquaza|[from] ability: Imposter
|-ability|p1a: Ditto|Air Lock
|turn|17
|
|switch|p2a: Ditto|Ditto|100/100
|move|p1a: Ditto|Dragon Ascent|p2a: Ditto
|-damage|p2a: Ditto|0 fnt
|-unboost|p1a: Ditto|def|1
|-unboost|p1a: Ditto|spd|1
|faint|p2a: Ditto
|
|-weather|Hail|[upkeep]
|upkeep
|c| Galbart Glover|lol hard choke
|
|switch|p2a: Kyurem|Kyurem-Black|41/100
|-ability|p2a: Kyurem|Teravolt
|turn|18
|
|move|p1a: Ditto|Dragon Ascent|p2a: Kyurem
|-damage|p2a: Kyurem|0 fnt
|-unboost|p1a: Ditto|def|1
|-unboost|p1a: Ditto|spd|1
|faint|p2a: Kyurem
|
|-weather|none
|upkeep
|
|switch|p2a: Rayquaza|Rayquaza|41/100
|-ability|p2a: Rayquaza|Air Lock
|turn|19
|
|detailschange|p2a: Rayquaza|Rayquaza-Mega
|-mega|p2a: Rayquaza|Rayquaza|
|-weather|DeltaStream|[from] ability: Delta Stream|[of] p2a: Rayquaza
|move|p2a: Rayquaza|Extreme Speed|p1a: Ditto
|-crit|p1a: Ditto
|-damage|p1a: Ditto|0 fnt
|-damage|p2a: Rayquaza|31/100|[from] item: Life Orb
|faint|p1a: Ditto
|
|win|85792195wwww
