|j|☆King-HenryTheThird
|j|☆OnMaWa
|player|p1|King-HenryTheThird|ghetsis|1764
|player|p2|OnMaWa|psychic-gen4|1797
|teamsize|p1|6
|teamsize|p2|6
|gametype|singles
|gen|8
|tier|[Gen 8] National Dex AG
|rated|
|clearpoke
|poke|p1|Zygarde|
|poke|p1|Zacian-Crowned|
|poke|p1|Groudon|
|poke|p1|Ho-Oh|
|poke|p1|Yveltal|
|poke|p1|Ditto|
|poke|p2|Arceus-*|
|poke|p2|Xerneas|
|poke|p2|Lugia|
|poke|p2|Zacian-Crowned|
|poke|p2|Necrozma-Dusk-Mane|
|poke|p2|Yveltal|
|rule|HP Percentage Mod: HP is shown in percentages
|rule|Endless Battle Clause: Forcing endless battles is banned
|teampreview
|inactive|Battle timer is ON: inactive players will automatically lose when time's up. (requested by King-HenryTheThird)
|j| brotherbrot
|inactive|OnMaWa has 120 seconds left.
|c| brotherbrot|can one of u battle me
|
|start
|switch|p1a: 死亡|Yveltal|100/100
|switch|p2a: Necrozma|Necrozma-Dusk-Mane|100/100
|-ability|p1a: 死亡|Dark Aura
|turn|1
|
|detailschange|p2a: Necrozma|Necrozma-Ultra
|-burst|p2a: Necrozma|Necrozma|Ultranecrozium Z
|-start|p1a: 死亡|Dynamax
|-heal|p1a: 死亡|100/100|[silent]
|move|p2a: Necrozma|Rock Slide|p1a: 死亡
|-supereffective|p1a: 死亡
|-damage|p1a: 死亡|61/100
|move|p1a: 死亡|Max Airstream|p2a: Necrozma
|-damage|p2a: Necrozma|2/100
|-boost|p1a: 死亡|spe|1
|-damage|p1a: 死亡|56/100|[from] item: Life Orb
|
|upkeep
|turn|2
|c|☆King-HenryTheThird|last battle for today
|
|move|p1a: 死亡|Max Steelspike|p2a: Necrozma
|-crit|p2a: Necrozma
|-damage|p2a: Necrozma|0 fnt
|-boost|p1a: 死亡|def|1
|-damage|p1a: 死亡|51/100|[from] item: Life Orb
|faint|p2a: Necrozma
|
|upkeep
|
|switch|p2a: Lugia|Lugia|100/100
|turn|3
|
|move|p1a: 死亡|Max Darkness|p2a: Lugia
|-supereffective|p2a: Lugia
|-damage|p2a: Lugia|30/100
|-unboost|p2a: Lugia|spd|1
|-damage|p1a: 死亡|46/100|[from] item: Life Orb
|move|p2a: Lugia|Thunder Wave|p1a: 死亡|[miss]
|-miss|p2a: Lugia|p1a: 死亡
|
|-end|p1a: 死亡|Dynamax
|-heal|p1a: 死亡|46/100|[silent]
|upkeep
|turn|4
|
|move|p1a: 死亡|Dark Pulse|p2a: Lugia
|-supereffective|p2a: Lugia
|-damage|p2a: Lugia|0 fnt
|-damage|p1a: 死亡|37/100|[from] item: Life Orb
|faint|p2a: Lugia
|
|upkeep
|c| brotherbrot|hey how about me
|c|☆OnMaWa|Lucky
|c| brotherbrot|lol
|c|☆King-HenryTheThird|haha
|
|switch|p2a: Xerneas|Xerneas, shiny|100/100
|-ability|p2a: Xerneas|Fairy Aura
|turn|5
|c|☆King-HenryTheThird|90% accuracy
|
|move|p1a: 死亡|Oblivion Wing|p2a: Xerneas
|-damage|p2a: Xerneas|46/100
|-heal|p1a: 死亡|77/100|[from] drain|[of] p2a: Xerneas
|-damage|p1a: 死亡|68/100|[from] item: Life Orb
|move|p2a: Xerneas|Geomancy||[still]
|-prepare|p2a: Xerneas|Geomancy|p2a: Xerneas
|-enditem|p2a: Xerneas|Power Herb
|-anim|p2a: Xerneas|Geomancy|p2a: Xerneas
|-boost|p2a: Xerneas|spa|2
|-boost|p2a: Xerneas|spd|2
|-boost|p2a: Xerneas|spe|2
|
|upkeep
|turn|6
|c|☆OnMaWa|Exactly
|c|☆OnMaWa|90
|c| brotherbrot|wow
|
|move|p2a: Xerneas|Moonblast|p1a: 死亡
|-supereffective|p1a: 死亡
|-damage|p1a: 死亡|0 fnt
|faint|p1a: 死亡
|
|upkeep
|
|switch|p1a: 怪物|Groudon, shiny|100/100
|detailschange|p1a: 怪物|Groudon-Primal, shiny
|-primal|p1a: 怪物
|-weather|DesolateLand|[from] ability: Desolate Land|[of] p1a: 怪物
|turn|7
|
|move|p2a: Xerneas|Moonblast|p1a: 怪物
|-resisted|p1a: 怪物
|-damage|p1a: 怪物|52/100
|move|p1a: 怪物|Earthquake|p2a: Xerneas
|-damage|p2a: Xerneas|0 fnt
|faint|p2a: Xerneas
|
|-weather|DesolateLand|[upkeep]
|upkeep
|
|switch|p2a: Yveltal|Yveltal, shiny|100/100
|-ability|p2a: Yveltal|Dark Aura
|turn|8
|
|-start|p2a: Yveltal|Dynamax
|-heal|p2a: Yveltal|100/100|[silent]
|move|p2a: Yveltal|Max Airstream|p1a: 怪物
|-damage|p1a: 怪物|0 fnt
|-boost|p2a: Yveltal|spe|1
|-damage|p2a: Yveltal|96/100|[from] item: Life Orb
|faint|p1a: 怪物
|-weather|none
|
|upkeep
|
|switch|p1a: 王様|Zacian-Crowned|100/100
|-ability|p1a: 王様|Intrepid Sword|boost
|-boost|p1a: 王様|atk|1
|turn|9
|
|switch|p1a: 虹の神|Ho-Oh, shiny|100/100
|move|p2a: Yveltal|Max Flare|p1a: 虹の神
|-resisted|p1a: 虹の神
|-damage|p1a: 虹の神|82/100
|-weather|SunnyDay
|-damage|p2a: Yveltal|91/100|[from] item: Life Orb
|
|-weather|SunnyDay|[upkeep]
|upkeep
|turn|10
|
|move|p2a: Yveltal|Max Darkness|p1a: 虹の神
|-damage|p1a: 虹の神|12/100
|-unboost|p1a: 虹の神|spd|1
|-damage|p2a: Yveltal|86/100|[from] item: Life Orb
|move|p1a: 虹の神|Recover|p1a: 虹の神
|-heal|p1a: 虹の神|62/100
|
|-weather|SunnyDay|[upkeep]
|-end|p2a: Yveltal|Dynamax
|-heal|p2a: Yveltal|86/100|[silent]
|upkeep
|turn|11
|
|switch|p1a: 竜|Zygarde, shiny|100/100
|move|p2a: Yveltal|Dark Pulse|p1a: 竜
|-damage|p1a: 竜|38/100
|-damage|p2a: Yveltal|76/100|[from] item: Life Orb
|
|-weather|SunnyDay|[upkeep]
|-activate|p1a: 竜|ability: Power Construct
|detailschange|p1a: 竜|Zygarde-Complete, shiny
|-heal|p1a: 竜|59/100|[silent]
|upkeep
|turn|12
|
|move|p2a: Yveltal|Taunt|p1a: 竜
|-start|p1a: 竜|move: Taunt
|cant|p1a: 竜|move: Taunt|Glare
|
|-weather|SunnyDay|[upkeep]
|upkeep
|turn|13
|
|move|p2a: Yveltal|Dark Pulse|p1a: 竜
|-damage|p1a: 竜|18/100
|-damage|p2a: Yveltal|66/100|[from] item: Life Orb
|move|p1a: 竜|Thousand Arrows|p2a: Yveltal
|-damage|p2a: Yveltal|37/100
|-start|p2a: Yveltal|Smack Down
|
|-weather|none
|upkeep
|turn|14
|
|move|p2a: Yveltal|Oblivion Wing|p1a: 竜
|-damage|p1a: 竜|0 fnt
|-heal|p2a: Yveltal|58/100|[from] drain|[of] p1a: 竜
|-damage|p2a: Yveltal|48/100|[from] item: Life Orb
|faint|p1a: 竜
|
|upkeep
|
|switch|p1a: 悪魔|Ditto, shiny|100/100
|-transform|p1a: 悪魔|p2a: Yveltal|[from] ability: Imposter
|-ability|p1a: 悪魔|Dark Aura
|turn|15
|
|switch|p2a: Zacian|Zacian-Crowned|100/100
|-ability|p2a: Zacian|Intrepid Sword|boost
|-boost|p2a: Zacian|atk|1
|move|p1a: 悪魔|Oblivion Wing|p2a: Zacian
|-resisted|p2a: Zacian
|-damage|p2a: Zacian|78/100
|
|upkeep
|turn|16
|
|switch|p1a: 虹の神|Ho-Oh, shiny|95/100
|move|p2a: Zacian|Crunch|p1a: 虹の神
|-damage|p1a: 虹の神|64/100
|
|upkeep
|turn|17
|inactive|OnMaWa has 120 seconds left.
|
|switch|p2a: Yveltal|Yveltal, shiny|48/100
|-ability|p2a: Yveltal|Dark Aura
|move|p1a: 虹の神|Recover|p1a: 虹の神
|-heal|p1a: 虹の神|100/100
|
|upkeep
|turn|18
|inactive|OnMaWa has 120 seconds left.
|
|move|p2a: Yveltal|Dark Pulse|p1a: 虹の神
|-damage|p1a: 虹の神|53/100
|-damage|p2a: Yveltal|38/100|[from] item: Life Orb
|cant|p1a: 虹の神|flinch
|
|upkeep
|turn|19
|
|move|p2a: Yveltal|Dark Pulse|p1a: 虹の神
|-damage|p1a: 虹の神|8/100
|-damage|p2a: Yveltal|28/100|[from] item: Life Orb
|move|p1a: 虹の神|Recover|p1a: 虹の神
|-heal|p1a: 虹の神|58/100
|
|upkeep
|turn|20
|
|move|p2a: Yveltal|Dark Pulse|p1a: 虹の神
|-damage|p1a: 虹の神|12/100
|-damage|p2a: Yveltal|18/100|[from] item: Life Orb
|move|p1a: 虹の神|Recover|p1a: 虹の神
|-heal|p1a: 虹の神|62/100
|
|upkeep
|turn|21
|
|move|p2a: Yveltal|Taunt|p1a: 虹の神
|-start|p1a: 虹の神|move: Taunt
|cant|p1a: 虹の神|move: Taunt|Recover
|
|upkeep
|turn|22
|
|move|p2a: Yveltal|Dark Pulse|p1a: 虹の神
|-damage|p1a: 虹の神|17/100
|-damage|p2a: Yveltal|8/100|[from] item: Life Orb
|move|p1a: 虹の神|Brave Bird|p2a: Yveltal
|-damage|p2a: Yveltal|0 fnt
|-damage|p1a: 虹の神|15/100|[from] Recoil
|faint|p2a: Yveltal
|
|upkeep
|
|switch|p2a: Arceus|Arceus|100/100
|turn|23
|
|move|p2a: Arceus|Swords Dance|p2a: Arceus
|-boost|p2a: Arceus|atk|2
|move|p1a: 虹の神|Sacred Fire|p2a: Arceus
|-damage|p2a: Arceus|69/100
|
|-end|p1a: 虹の神|move: Taunt
|upkeep
|turn|24
|
|move|p2a: Arceus|Extreme Speed|p1a: 虹の神
|-damage|p1a: 虹の神|0 fnt
|faint|p1a: 虹の神
|
|upkeep
|
|switch|p1a: 王様|Zacian-Crowned|100/100
|-ability|p1a: 王様|Intrepid Sword|boost
|-boost|p1a: 王様|atk|1
|turn|25
|
|switch|p2a: Zacian|Zacian-Crowned|78/100
|-ability|p2a: Zacian|Intrepid Sword|boost
|-boost|p2a: Zacian|atk|1
|move|p1a: 王様|Close Combat|p2a: Zacian
|-damage|p2a: Zacian|6/100
|-unboost|p1a: 王様|def|1
|-unboost|p1a: 王様|spd|1
|
|upkeep
|turn|26
|
|move|p2a: Zacian|Behemoth Blade|p1a: 王様
|-damage|p1a: 王様|0 fnt
|faint|p1a: 王様
|
|upkeep
|
|switch|p1a: 悪魔|Ditto, shiny|100/100
|-transform|p1a: 悪魔|p2a: Zacian|[from] ability: Imposter
|-ability|p1a: 悪魔|Intrepid Sword|boost
|-boost|p1a: 悪魔|atk|1
|turn|27
|c|☆King-HenryTheThird|gg
|
|move|p1a: 悪魔|Behemoth Blade|p2a: Zacian
|-damage|p2a: Zacian|0 fnt
|faint|p2a: Zacian
|
|upkeep
|
|switch|p2a: Arceus|Arceus|69/100
|turn|28
|
|move|p1a: 悪魔|Behemoth Blade|p2a: Arceus
|-damage|p2a: Arceus|0 fnt
|faint|p2a: Arceus
|
|win|King-HenryTheThird
|c|☆King-HenryTheThird|ggwp
