|j|☆ashfqwer5
|j|☆Lance's Time
|inactive|Battle timer is ON: inactive players will automatically lose when time's up.
|t:|1654424646
|gametype|singles
|player|p1|ashfqwer5|irida|
|player|p2|Lance's Time|lance-gen1|
|teamsize|p1|6
|teamsize|p2|6
|gen|8
|tier|[Gen 8] National Dex AG
|rated|Tournament battle
|rule|HP Percentage Mod: HP is shown in percentages
|rule|Endless Battle Clause: Forcing endless battles is banned
|clearpoke
|poke|p1|Calyrex-Shadow|
|poke|p1|Arceus-*|
|poke|p1|Groudon|
|poke|p1|Necrozma-Dusk-Mane|
|poke|p1|Yveltal|
|poke|p1|Zacian-*|
|poke|p2|Rayquaza|
|poke|p2|Melmetal|
|poke|p2|Dracovish|
|poke|p2|Lunala|
|poke|p2|Tyranitar, M|
|poke|p2|Yveltal|
|teampreview
|inactive|ashfqwer5 also wants the timer to be on.
|j| adhiraj8202
|c|☆ashfqwer5|I was planning on lance stall this battle
|
|t:|1654424674
|start
|switch|p1a: Groudon|Groudon|100/100
|switch|p2a: Rayquaza|Rayquaza|100/100
|-ability|p2a: Rayquaza|Air Lock
|detailschange|p1a: Groudon|Groudon-Primal
|-primal|p1a: Groudon
|-weather|DesolateLand|[from] ability: Desolate Land|[of] p1a: Groudon
|turn|1
|
|t:|1654424685
|detailschange|p2a: Rayquaza|Rayquaza-Mega
|-mega|p2a: Rayquaza|Rayquaza|
|-weather|DeltaStream|[from] ability: Delta Stream|[of] p2a: Rayquaza
|move|p2a: Rayquaza|Dragon Ascent|p1a: Groudon
|-damage|p1a: Groudon|57/100
|-unboost|p2a: Rayquaza|def|1
|-unboost|p2a: Rayquaza|spd|1
|move|p1a: Groudon|Toxic|p2a: Rayquaza
|-status|p2a: Rayquaza|tox
|
|-weather|DeltaStream|[upkeep]
|-damage|p2a: Rayquaza|94/100 tox|[from] psn
|upkeep
|turn|2
|
|t:|1654424697
|move|p2a: Rayquaza|V-create|p1a: Groudon
|-resisted|p1a: Groudon
|-damage|p1a: Groudon|35/100
|-unboost|p2a: Rayquaza|spe|1
|-unboost|p2a: Rayquaza|def|1
|-unboost|p2a: Rayquaza|spd|1
|move|p1a: Groudon|Rock Tomb|p2a: Rayquaza
|-activate||deltastream
|-damage|p2a: Rayquaza|39/100 tox
|-unboost|p2a: Rayquaza|spe|1
|
|-weather|DeltaStream|[upkeep]
|-damage|p2a: Rayquaza|26/100 tox|[from] psn
|upkeep
|turn|3
|
|t:|1654424704
|move|p1a: Groudon|Rock Tomb|p2a: Rayquaza
|-activate||deltastream
|-damage|p2a: Rayquaza|0 fnt
|faint|p2a: Rayquaza
|-weather|none
|
|upkeep
|l| adhiraj8202
|c|☆ashfqwer5|On using*
|
|t:|1654424723
|switch|p2a: Yveltal|Yveltal|100/100
|-ability|p2a: Yveltal|Dark Aura
|turn|4
|
|t:|1654424729
|-start|p2a: Yveltal|Dynamax|
|-heal|p2a: Yveltal|100/100|[silent]
|move|p2a: Yveltal|Max Airstream|p1a: Groudon
|-damage|p1a: Groudon|0 fnt
|-boost|p2a: Yveltal|spe|1
|faint|p1a: Groudon
|-damage|p2a: Yveltal|96/100|[from] item: Life Orb
|
|upkeep
|c|☆Lance's Time|meme team btw
|
|t:|1654424740
|switch|p1a: Yveltal|Yveltal|100/100
|-ability|p1a: Yveltal|Dark Aura
|turn|5
|
|t:|1654424744
|move|p2a: Yveltal|Max Airstream|p1a: Yveltal
|-damage|p1a: Yveltal|44/100
|-boost|p2a: Yveltal|spe|1
|-damage|p2a: Yveltal|91/100|[from] item: Life Orb
|move|p1a: Yveltal|Roost|p1a: Yveltal
|-heal|p1a: Yveltal|94/100
|-singleturn|p1a: Yveltal|move: Roost
|
|upkeep
|turn|6
|
|t:|1654424749
|move|p2a: Yveltal|Max Darkness|p1a: Yveltal
|-resisted|p1a: Yveltal
|-damage|p1a: Yveltal|59/100
|-unboost|p1a: Yveltal|spd|1
|-damage|p2a: Yveltal|86/100|[from] item: Life Orb
|move|p1a: Yveltal|Roost|p1a: Yveltal
|-heal|p1a: Yveltal|100/100
|-singleturn|p1a: Yveltal|move: Roost
|
|upkeep
|-end|p2a: Yveltal|Dynamax
|-heal|p2a: Yveltal|86/100|[silent]
|turn|7
|
|t:|1654424751
|switch|p2a: Tyrant Rex|Tyranitar, M|100/100
|-weather|Sandstorm|[from] ability: Sand Stream|[of] p2a: Tyrant Rex
|move|p1a: Yveltal|U-turn|p2a: Tyrant Rex
|-supereffective|p2a: Tyrant Rex
|-damage|p2a: Tyrant Rex|68/100
|-enditem|p2a: Tyrant Rex|Eject Button
|
|t:|1654424766
|switch|p2a: Lunala|Lunala|100/100
|
|-weather|Sandstorm|[upkeep]
|-damage|p1a: Yveltal|94/100|[from] Sandstorm
|-damage|p2a: Lunala|94/100|[from] Sandstorm
|upkeep
|turn|8
|
|t:|1654424785
|switch|p1a: Calyrex|Calyrex-Shadow|100/100
|-ability|p1a: Calyrex|As One
|-ability|p1a: Calyrex|Unnerve
|switch|p2a: Yveltal|Yveltal|86/100
|-ability|p2a: Yveltal|Dark Aura
|
|-weather|Sandstorm|[upkeep]
|-damage|p1a: Calyrex|94/100|[from] Sandstorm
|-damage|p2a: Yveltal|80/100|[from] Sandstorm
|upkeep
|turn|9
|c|☆ashfqwer5|I thought this was u turn
|
|t:|1654424812
|switch|p1a: Yveltal|Yveltal|94/100
|-ability|p1a: Yveltal|Dark Aura
|move|p2a: Yveltal|Heat Wave|p1a: Yveltal|[miss]
|-miss|p2a: Yveltal|p1a: Yveltal
|
|-weather|Sandstorm|[upkeep]
|-damage|p2a: Yveltal|74/100|[from] Sandstorm
|-damage|p1a: Yveltal|88/100|[from] Sandstorm
|upkeep
|turn|10
|
|t:|1654424820
|move|p2a: Yveltal|Oblivion Wing|p1a: Yveltal
|-damage|p1a: Yveltal|54/100
|-heal|p2a: Yveltal|100/100|[from] drain|[of] p1a: Yveltal
|-damage|p2a: Yveltal|91/100|[from] item: Life Orb
|move|p1a: Yveltal|U-turn|p2a: Yveltal
|-damage|p2a: Yveltal|71/100
|
|t:|1654424823
|switch|p1a: Zacian|Zacian-Crowned|100/100|[from]move: U-turn
|-ability|p1a: Zacian|Intrepid Sword|boost
|-boost|p1a: Zacian|atk|1
|
|-weather|Sandstorm|[upkeep]
|-damage|p2a: Yveltal|65/100|[from] Sandstorm
|upkeep
|turn|11
|
|t:|1654424831
|switch|p2a: Lunala|Lunala|94/100
|move|p1a: Zacian|Behemoth Blade|p2a: Lunala
|-damage|p2a: Lunala|37/100
|
|-weather|none
|upkeep
|turn|12
|
|t:|1654424834
|move|p1a: Zacian|Behemoth Blade|p2a: Lunala
|-damage|p2a: Lunala|0 fnt
|faint|p2a: Lunala
|
|upkeep
|
|t:|1654424836
|switch|p2a: Melmetal|Melmetal|100/100
|turn|13
|
|t:|1654424840
|switch|p1a: Necrozma|Necrozma-Dusk-Mane|100/100
|move|p2a: Melmetal|Double Iron Bash|p1a: Necrozma
|-resisted|p1a: Necrozma
|-damage|p1a: Necrozma|82/100
|-damage|p2a: Melmetal|84/100|[from] item: Rocky Helmet|[of] p1a: Necrozma
|-resisted|p1a: Necrozma
|-damage|p1a: Necrozma|64/100
|-damage|p2a: Melmetal|67/100|[from] item: Rocky Helmet|[of] p1a: Necrozma
|-hitcount|p1a: Necrozma|2
|
|upkeep
|turn|14
|
|t:|1654424843
|switch|p2a: Dracovish|Dracovish|100/100
|move|p1a: Necrozma|Stealth Rock|p2a: Dracovish
|-sidestart|p2: Lance's Time|move: Stealth Rock
|
|upkeep
|turn|15
|
|t:|1654424846
|move|p2a: Dracovish|Fishious Rend|p1a: Necrozma
|-damage|p1a: Necrozma|8/100
|-damage|p2a: Dracovish|84/100|[from] item: Rocky Helmet|[of] p1a: Necrozma
|move|p1a: Necrozma|Sunsteel Strike|p2a: Dracovish
|-resisted|p2a: Dracovish
|-damage|p2a: Dracovish|58/100
|
|upkeep
|turn|16
|
|t:|1654424849
|move|p2a: Dracovish|Fishious Rend|p1a: Necrozma
|-damage|p1a: Necrozma|0 fnt
|-damage|p2a: Dracovish|42/100|[from] item: Rocky Helmet|[of] p1a: Necrozma
|faint|p1a: Necrozma
|
|upkeep
|
|t:|1654424852
|switch|p1a: Calyrex|Calyrex-Shadow|94/100
|-ability|p1a: Calyrex|As One
|-ability|p1a: Calyrex|Unnerve
|turn|17
|
|t:|1654424854
|move|p1a: Calyrex|Draining Kiss|p2a: Dracovish
|-supereffective|p2a: Dracovish
|-damage|p2a: Dracovish|0 fnt
|-heal|p1a: Calyrex|100/100|[from] drain|[of] p2a: Dracovish
|faint|p2a: Dracovish
|-ability|p1a: Calyrex|Grim Neigh|boost
|-boost|p1a: Calyrex|spa|1
|-damage|p1a: Calyrex|91/100|[from] item: Life Orb
|
|upkeep
|
|t:|1654424857
|switch|p2a: Tyrant Rex|Tyranitar, M|68/100
|-damage|p2a: Tyrant Rex|56/100|[from] Stealth Rock
|-weather|Sandstorm|[from] ability: Sand Stream|[of] p2a: Tyrant Rex
|turn|18
|
|t:|1654424861
|move|p1a: Calyrex|Draining Kiss|p2a: Tyrant Rex
|-supereffective|p2a: Tyrant Rex
|-damage|p2a: Tyrant Rex|23/100
|-heal|p1a: Calyrex|100/100|[from] drain|[of] p2a: Tyrant Rex
|-damage|p1a: Calyrex|91/100|[from] item: Life Orb
|move|p2a: Tyrant Rex|Pursuit|p1a: Calyrex
|-supereffective|p1a: Calyrex
|-damage|p1a: Calyrex|0 fnt
|faint|p1a: Calyrex
|
|-weather|Sandstorm|[upkeep]
|upkeep
|
|t:|1654424867
|switch|p1a: Zacian|Zacian-Crowned|100/100
|-ability|p1a: Zacian|Intrepid Sword|boost
|-boost|p1a: Zacian|atk|1
|turn|19
|
|t:|1654424869
|move|p1a: Zacian|Behemoth Blade|p2a: Tyrant Rex
|-supereffective|p2a: Tyrant Rex
|-damage|p2a: Tyrant Rex|0 fnt
|faint|p2a: Tyrant Rex
|
|-weather|Sandstorm|[upkeep]
|upkeep
|
|t:|1654424871
|switch|p2a: Melmetal|Melmetal|67/100
|-damage|p2a: Melmetal|61/100|[from] Stealth Rock
|turn|20
|
|t:|1654424873
|move|p1a: Zacian|Close Combat|p2a: Melmetal
|-supereffective|p2a: Melmetal
|-damage|p2a: Melmetal|0 fnt
|-unboost|p1a: Zacian|def|1
|-unboost|p1a: Zacian|spd|1
|faint|p2a: Melmetal
|
|-weather|Sandstorm|[upkeep]
|upkeep
|c|☆ashfqwer5|gg
|c|☆Lance's Time|gg
|-message|Lance's Time forfeited.
|
|win|ashfqwer5
|n|☆ashfqwer5|ashfqwer5
|n|☆Lance's Time|lancestime
|l|☆Lance's Time
|player|p1|ashfqwer5|irida
