|j|☆dgddgdgdddgdwr
|j|☆PidgeyIsGodLol
|t:|1618085573
|gametype|singles
|player|p1|dgddgdgdddgdwr|265|1066
|player|p2|PidgeyIsGodLol|cynthia|1078
|teamsize|p1|6
|teamsize|p2|6
|gen|8
|tier|[Gen 8] National Dex AG
|rated|
|clearpoke
|poke|p1|Electivire, M|
|poke|p1|Infernape, M|
|poke|p1|Greninja, M|
|poke|p1|Gallade, M|
|poke|p1|Garchomp, M|
|poke|p1|Toxtricity, M|
|poke|p2|Hawlucha, M|
|poke|p2|Charizard, F|
|poke|p2|Greninja, M|
|poke|p2|Crobat, M|
|poke|p2|Blaziken, M|
|poke|p2|Pikachu-Original, M|
|rule|HP Percentage Mod: HP is shown in percentages
|rule|Endless Battle Clause: Forcing endless battles is banned
|teampreview
|
|t:|1618085579
|start
|switch|p1a: Psycho Blade|Gallade, M|100/100
|switch|p2a: Pikachu|Pikachu-Original, M|100/100
|turn|1
|
|t:|1618085585
|detailschange|p1a: Psycho Blade|Gallade-Mega, M
|-mega|p1a: Psycho Blade|Gallade|Galladite
|move|p1a: Psycho Blade|Earthquake|p2a: Pikachu
|-supereffective|p2a: Pikachu
|-damage|p2a: Pikachu|0 fnt
|faint|p2a: Pikachu
|
|upkeep
|
|t:|1618085594
|switch|p2a: Blaziken|Blaziken, M, shiny|100/100
|turn|2
|
|t:|1618085597
|move|p2a: Blaziken|Endure|p2a: Blaziken
|-singleturn|p2a: Blaziken|move: Endure
|move|p1a: Psycho Blade|Earthquake|p2a: Blaziken
|-supereffective|p2a: Blaziken
|-activate|p2a: Blaziken|move: Endure
|-damage|p2a: Blaziken|1/100
|-enditem|p2a: Blaziken|Weakness Policy
|-boost|p2a: Blaziken|atk|2|[from] item: Weakness Policy
|-boost|p2a: Blaziken|spa|2|[from] item: Weakness Policy
|
|-ability|p2a: Blaziken|Speed Boost|boost
|-boost|p2a: Blaziken|spe|1
|upkeep
|turn|3
|
|t:|1618085608
|switch|p1a: Draco Rage|Garchomp, M|100/100
|move|p2a: Blaziken|Acrobatics|p1a: Draco Rage
|-damage|p1a: Draco Rage|23/100
|-damage|p2a: Blaziken|0 fnt|[from] ability: Rough Skin|[of] p1a: Draco Rage
|faint|p2a: Blaziken
|
|upkeep
|j| Somebohdywancetol
|
|t:|1618085618
|switch|p2a: Greninja|Greninja, M|100/100
|turn|4
|
|t:|1618085621
|move|p2a: Greninja|Waterfall|p1a: Draco Rage
|-damage|p1a: Draco Rage|0 fnt
|-damage|p2a: Greninja|88/100|[from] ability: Rough Skin|[of] p1a: Draco Rage
|-damage|p2a: Greninja|78/100|[from] item: Life Orb
|faint|p1a: Draco Rage
|-activate|p2a: Greninja|ability: Battle Bond
|detailschange|p2a: Greninja|Greninja-Ash, M
|
|upkeep
|
|t:|1618085628
|switch|p1a: Electro Bolt|Electivire, M|100/100
|turn|5
|
|t:|1618085639
|-start|p1a: Electro Bolt|Dynamax
|-heal|p1a: Electro Bolt|100/100|[silent]
|move|p2a: Greninja|Waterfall|p1a: Electro Bolt
|-crit|p1a: Electro Bolt
|-damage|p1a: Electro Bolt|31/100
|-damage|p2a: Greninja|69/100|[from] item: Life Orb
|move|p1a: Electro Bolt|Max Lightning|p2a: Greninja
|-supereffective|p2a: Greninja
|-damage|p2a: Greninja|0 fnt
|-fieldstart|move: Electric Terrain
|-damage|p1a: Electro Bolt|26/100|[from] item: Life Orb
|faint|p2a: Greninja
|
|upkeep
|
|t:|1618085657
|switch|p2a: Hawlucha|Hawlucha, M|100/100
|turn|6
|
|t:|1618085661
|move|p2a: Hawlucha|Endure|p2a: Hawlucha
|-singleturn|p2a: Hawlucha|move: Endure
|move|p1a: Electro Bolt|Max Lightning|p2a: Hawlucha
|-supereffective|p2a: Hawlucha
|-crit|p2a: Hawlucha
|-activate|p2a: Hawlucha|move: Endure
|-damage|p2a: Hawlucha|1/100
|-enditem|p2a: Hawlucha|Liechi Berry|[eat]
|-boost|p2a: Hawlucha|atk|1|[from] item: Liechi Berry
|-damage|p1a: Electro Bolt|21/100|[from] item: Life Orb
|
|upkeep
|turn|7
|
|t:|1618085673
|-start|p2a: Hawlucha|Dynamax
|-heal|p2a: Hawlucha|1/100|[silent]
|move|p2a: Hawlucha|Max Knuckle|p1a: Electro Bolt
|-damage|p1a: Electro Bolt|0 fnt
|-boost|p2a: Hawlucha|atk|1
|faint|p1a: Electro Bolt
|
|upkeep
|
|t:|1618085676
|switch|p1a: Hydro Shuriken|Greninja, M|100/100
|turn|8
|
|t:|1618085685
|move|p2a: Hawlucha|Max Guard|p2a: Hawlucha
|-singleturn|p2a: Hawlucha|Max Guard
|move|p1a: Hydro Shuriken|Water Shuriken|p2a: Hawlucha
|-activate|p2a: Hawlucha|move: Max Guard
|
|upkeep
|turn|9
|
|t:|1618085696
|move|p1a: Hydro Shuriken|Water Shuriken|p2a: Hawlucha
|-damage|p2a: Hawlucha|0 fnt
|-hitcount|p2a: Hawlucha|1
|-damage|p1a: Hydro Shuriken|91/100|[from] item: Life Orb
|faint|p2a: Hawlucha
|-activate|p1a: Hydro Shuriken|ability: Battle Bond
|detailschange|p1a: Hydro Shuriken|Greninja-Ash, M
|
|-fieldend|move: Electric Terrain
|upkeep
|
|t:|1618085706
|switch|p2a: Charizard|Charizard, F, shiny|100/100
|turn|10
|
|t:|1618085710
|detailschange|p2a: Charizard|Charizard-Mega-X, F, shiny
|-mega|p2a: Charizard|Charizard|Charizardite X
|move|p1a: Hydro Shuriken|Surf|p2a: Charizard
|-damage|p2a: Charizard|3/100
|-damage|p1a: Hydro Shuriken|81/100|[from] item: Life Orb
|move|p2a: Charizard|Dragon Dance|p2a: Charizard
|-boost|p2a: Charizard|atk|1
|-boost|p2a: Charizard|spe|1
|
|upkeep
|turn|11
|-message|PidgeyIsGodLol forfeited.
|
|win|dgddgdgdddgdwr
|l|☆PidgeyIsGodLol
|l| Somebohdywancetol
|raw|dgddgdgdddgdwr's rating: 1066 &rarr; <strong>1097</strong><br />(+31 for winning)
|raw|PidgeyIsGodLol's rating: 1078 &rarr; <strong>1056</strong><br />(-22 for losing)
||Ladder isn't responding, score probably updated but might not have (Request timeout).
