|j|☆digging your grave
|j|‽shadebinder
|t:|1654627226
|gametype|singles
|player|p1|digging your grave|byron|1239
|player|p2|shadebinder|170|1312
|teamsize|p1|6
|teamsize|p2|6
|gen|8
|tier|[Gen 8] National Dex AG
|rated|
|rule|HP Percentage Mod: HP is shown in percentages
|rule|Endless Battle Clause: Forcing endless battles is banned
|clearpoke
|poke|p1|Ninetales-Alola, M|
|poke|p1|Cryogonal|
|poke|p1|Steelix, F|
|poke|p1|Articuno|
|poke|p1|Glalie, M|
|poke|p1|Tauros, M|
|poke|p2|Tyranitar, F|
|poke|p2|Dugtrio, M|
|poke|p2|Eevee, F|
|poke|p2|Urshifu-*, M|
|poke|p2|Dugtrio, M|
|poke|p2|Gothitelle, M|
|teampreview
|inactive|Battle timer is ON: inactive players will automatically lose when time's up. (requested by digging your grave)
|
|t:|1654627250
|start
|switch|p1a: Glalie|Glalie, M|100/100
|switch|p2a: Dugtrio|Dugtrio, M|100/100
|turn|1
|
|t:|1654627255
|move|p1a: Glalie|Protect|p1a: Glalie
|-singleturn|p1a: Glalie|Protect
|move|p2a: Dugtrio|Earthquake|p1a: Glalie
|-activate|p1a: Glalie|move: Protect
|
|-ability|p1a: Glalie|Moody|boost
|-boost|p1a: Glalie|def|2
|-unboost|p1a: Glalie|spe|1
|upkeep
|turn|2
|
|t:|1654627259
|move|p2a: Dugtrio|Earthquake|p1a: Glalie
|-damage|p1a: Glalie|74/100
|move|p1a: Glalie|Substitute|p1a: Glalie
|-start|p1a: Glalie|Substitute
|-damage|p1a: Glalie|49/100
|
|-heal|p1a: Glalie|55/100|[from] item: Leftovers
|-ability|p1a: Glalie|Moody|boost
|-boost|p1a: Glalie|spa|2
|-unboost|p1a: Glalie|def|1
|upkeep
|turn|3
|
|t:|1654627264
|move|p1a: Glalie|Protect|p1a: Glalie
|-singleturn|p1a: Glalie|Protect
|move|p2a: Dugtrio|Substitute|p2a: Dugtrio
|-start|p2a: Dugtrio|Substitute
|-damage|p2a: Dugtrio|76/100
|
|-heal|p1a: Glalie|61/100|[from] item: Leftovers
|-ability|p1a: Glalie|Moody|boost
|-boost|p1a: Glalie|def|2
|-unboost|p1a: Glalie|spe|1
|upkeep
|turn|4
|
|t:|1654627272
|move|p2a: Dugtrio|Earthquake|p1a: Glalie
|-crit|p1a: Glalie
|-end|p1a: Glalie|Substitute
|move|p1a: Glalie|Disable|p2a: Dugtrio
|-start|p2a: Dugtrio|Disable|Earthquake
|
|-heal|p1a: Glalie|67/100|[from] item: Leftovers
|-ability|p1a: Glalie|Moody|boost
|-boost|p1a: Glalie|spa|2
|-unboost|p1a: Glalie|spe|1
|upkeep
|turn|5
|
|t:|1654627282
|move|p2a: Dugtrio|Stone Edge|p1a: Glalie
|-supereffective|p1a: Glalie
|-damage|p1a: Glalie|39/100
|move|p1a: Glalie|Substitute|p1a: Glalie
|-start|p1a: Glalie|Substitute
|-damage|p1a: Glalie|14/100
|
|-heal|p1a: Glalie|20/100|[from] item: Leftovers
|-ability|p1a: Glalie|Moody|boost
|-boost|p1a: Glalie|spe|2
|-unboost|p1a: Glalie|spa|1
|upkeep
|turn|6
|
|t:|1654627290
|move|p1a: Glalie|Protect|p1a: Glalie
|-singleturn|p1a: Glalie|Protect
|move|p2a: Dugtrio|Stone Edge|p1a: Glalie
|-activate|p1a: Glalie|move: Protect
|
|-heal|p1a: Glalie|26/100|[from] item: Leftovers
|-ability|p1a: Glalie|Moody|boost
|-boost|p1a: Glalie|def|2
|-unboost|p1a: Glalie|spd|1
|upkeep
|turn|7
|
|t:|1654627307
|move|p2a: Dugtrio|Stone Edge|p1a: Glalie
|-supereffective|p1a: Glalie
|-activate|p1a: Glalie|move: Substitute|[damage]
|move|p1a: Glalie|Substitute|p1a: Glalie
|-fail|p1a: Glalie|move: Substitute
|
|-heal|p1a: Glalie|32/100|[from] item: Leftovers
|-ability|p1a: Glalie|Moody|boost
|-boost|p1a: Glalie|spd|2
|-unboost|p1a: Glalie|spa|1
|upkeep
|turn|8
|
|t:|1654627313
|move|p1a: Glalie|Protect|p1a: Glalie
|-singleturn|p1a: Glalie|Protect
|move|p2a: Dugtrio|Stone Edge|p1a: Glalie
|-activate|p1a: Glalie|move: Protect
|
|-heal|p1a: Glalie|38/100|[from] item: Leftovers
|-end|p2a: Dugtrio|Disable
|-ability|p1a: Glalie|Moody|boost
|-boost|p1a: Glalie|def|1
|-unboost|p1a: Glalie|spe|1
|upkeep
|turn|9
|
|t:|1654627315
|move|p2a: Dugtrio|Stone Edge|p1a: Glalie|[miss]
|-miss|p2a: Dugtrio|p1a: Glalie
|move|p1a: Glalie|Substitute|p1a: Glalie
|-fail|p1a: Glalie|move: Substitute
|
|-heal|p1a: Glalie|44/100|[from] item: Leftovers
|-ability|p1a: Glalie|Moody|boost
|-boost|p1a: Glalie|spd|2
|-unboost|p1a: Glalie|spe|1
|upkeep
|turn|10
|
|t:|1654627317
|move|p1a: Glalie|Protect|p1a: Glalie
|-singleturn|p1a: Glalie|Protect
|move|p2a: Dugtrio|Stone Edge|p1a: Glalie
|-activate|p1a: Glalie|move: Protect
|
|-heal|p1a: Glalie|50/100|[from] item: Leftovers
|-ability|p1a: Glalie|Moody|boost
|-boost|p1a: Glalie|atk|2
|-unboost|p1a: Glalie|spd|1
|upkeep
|turn|11
|
|t:|1654627327
|move|p2a: Dugtrio|Earthquake|p1a: Glalie
|-end|p1a: Glalie|Substitute
|move|p1a: Glalie|Substitute|p1a: Glalie
|-start|p1a: Glalie|Substitute
|-damage|p1a: Glalie|25/100
|
|-heal|p1a: Glalie|32/100|[from] item: Leftovers
|-ability|p1a: Glalie|Moody|boost
|-boost|p1a: Glalie|spe|2
|-unboost|p1a: Glalie|atk|1
|upkeep
|turn|12
|
|t:|1654627337
|move|p1a: Glalie|Protect|p1a: Glalie
|-singleturn|p1a: Glalie|Protect
|move|p2a: Dugtrio|Earthquake|p1a: Glalie
|-activate|p1a: Glalie|move: Protect
|
|-heal|p1a: Glalie|38/100|[from] item: Leftovers
|-ability|p1a: Glalie|Moody|boost
|-boost|p1a: Glalie|spd|2
|-unboost|p1a: Glalie|spa|1
|upkeep
|turn|13
|
|t:|1654627342
|move|p2a: Dugtrio|Stone Edge|p1a: Glalie
|-supereffective|p1a: Glalie
|-activate|p1a: Glalie|move: Substitute|[damage]
|move|p1a: Glalie|Substitute|p1a: Glalie
|-fail|p1a: Glalie|move: Substitute
|
|-heal|p1a: Glalie|44/100|[from] item: Leftovers
|-ability|p1a: Glalie|Moody|boost
|-boost|p1a: Glalie|spa|2
|-unboost|p1a: Glalie|spd|1
|upkeep
|turn|14
|
|t:|1654627349
|move|p1a: Glalie|Protect|p1a: Glalie
|-singleturn|p1a: Glalie|Protect
|move|p2a: Dugtrio|Earthquake|p1a: Glalie
|-activate|p1a: Glalie|move: Protect
|
|-heal|p1a: Glalie|50/100|[from] item: Leftovers
|-ability|p1a: Glalie|Moody|boost
|-boost|p1a: Glalie|spd|2
|-unboost|p1a: Glalie|spe|1
|upkeep
|turn|15
|
|t:|1654627352
|move|p2a: Dugtrio|Stone Edge|p1a: Glalie
|-supereffective|p1a: Glalie
|-end|p1a: Glalie|Substitute
|move|p1a: Glalie|Substitute|p1a: Glalie
|-start|p1a: Glalie|Substitute
|-damage|p1a: Glalie|25/100
|
|-heal|p1a: Glalie|31/100|[from] item: Leftovers
|-ability|p1a: Glalie|Moody|boost
|-boost|p1a: Glalie|spa|2
|-unboost|p1a: Glalie|spd|1
|upkeep
|turn|16
|
|t:|1654627355
|move|p1a: Glalie|Protect|p1a: Glalie
|-singleturn|p1a: Glalie|Protect
|move|p2a: Dugtrio|Earthquake|p1a: Glalie
|-activate|p1a: Glalie|move: Protect
|
|-heal|p1a: Glalie|37/100|[from] item: Leftovers
|-ability|p1a: Glalie|Moody|boost
|-boost|p1a: Glalie|spd|2
|-unboost|p1a: Glalie|atk|1
|upkeep
|turn|17
|
|t:|1654627360
|move|p2a: Dugtrio|Earthquake|p1a: Glalie
|-activate|p1a: Glalie|move: Substitute|[damage]
|move|p1a: Glalie|Substitute|p1a: Glalie
|-fail|p1a: Glalie|move: Substitute
|
|-heal|p1a: Glalie|43/100|[from] item: Leftovers
|-ability|p1a: Glalie|Moody|boost
|-boost|p1a: Glalie|spe|2
|-unboost|p1a: Glalie|atk|1
|upkeep
|turn|18
|
|t:|1654627363
|move|p2a: Dugtrio|Earthquake|p1a: Glalie
|-end|p1a: Glalie|Substitute
|move|p1a: Glalie|Substitute|p1a: Glalie
|-start|p1a: Glalie|Substitute
|-damage|p1a: Glalie|18/100
|
|-heal|p1a: Glalie|24/100|[from] item: Leftovers
|-ability|p1a: Glalie|Moody|boost
|-boost|p1a: Glalie|spa|1
|-unboost|p1a: Glalie|def|1
|upkeep
|turn|19
|
|t:|1654627367
|move|p1a: Glalie|Protect|p1a: Glalie
|-singleturn|p1a: Glalie|Protect
|move|p2a: Dugtrio|Earthquake|p1a: Glalie
|-activate|p1a: Glalie|move: Protect
|
|-heal|p1a: Glalie|30/100|[from] item: Leftovers
|-ability|p1a: Glalie|Moody|boost
|-boost|p1a: Glalie|atk|2
|-unboost|p1a: Glalie|spa|1
|upkeep
|turn|20
|
|t:|1654627371
|move|p2a: Dugtrio|Earthquake|p1a: Glalie
|-activate|p1a: Glalie|move: Substitute|[damage]
|move|p1a: Glalie|Substitute|p1a: Glalie
|-fail|p1a: Glalie|move: Substitute
|
|-heal|p1a: Glalie|36/100|[from] item: Leftovers
|-ability|p1a: Glalie|Moody|boost
|-boost|p1a: Glalie|spe|2
|-unboost|p1a: Glalie|spd|1
|upkeep
|turn|21
|
|t:|1654627377
|move|p1a: Glalie|Substitute|p1a: Glalie
|-fail|p1a: Glalie|move: Substitute
|move|p2a: Dugtrio|Earthquake|p1a: Glalie
|-end|p1a: Glalie|Substitute
|
|-heal|p1a: Glalie|42/100|[from] item: Leftovers
|-ability|p1a: Glalie|Moody|boost
|-boost|p1a: Glalie|spd|1
|-unboost|p1a: Glalie|def|1
|upkeep
|turn|22
|
|t:|1654627387
|move|p1a: Glalie|Protect|p1a: Glalie
|-singleturn|p1a: Glalie|Protect
|move|p2a: Dugtrio|Earthquake|p1a: Glalie
|-activate|p1a: Glalie|move: Protect
|
|-heal|p1a: Glalie|48/100|[from] item: Leftovers
|-ability|p1a: Glalie|Moody|boost
|-boost|p1a: Glalie|atk|2
|-unboost|p1a: Glalie|def|1
|upkeep
|turn|23
|
|t:|1654627390
|move|p1a: Glalie|Substitute|p1a: Glalie
|-start|p1a: Glalie|Substitute
|-damage|p1a: Glalie|23/100
|move|p2a: Dugtrio|Earthquake|p1a: Glalie
|-activate|p1a: Glalie|move: Substitute|[damage]
|
|-heal|p1a: Glalie|29/100|[from] item: Leftovers
|-ability|p1a: Glalie|Moody|boost
|-boost|p1a: Glalie|spe|2
|-unboost|p1a: Glalie|spd|1
|upkeep
|turn|24
|
|t:|1654627395
|move|p1a: Glalie|Protect|p1a: Glalie
|-singleturn|p1a: Glalie|Protect
|move|p2a: Dugtrio|Earthquake|p1a: Glalie
|-activate|p1a: Glalie|move: Protect
|
|-heal|p1a: Glalie|35/100|[from] item: Leftovers
|-ability|p1a: Glalie|Moody|boost
|-boost|p1a: Glalie|def|2
|-unboost|p1a: Glalie|spe|1
|upkeep
|turn|25
|
|t:|1654627400
|move|p1a: Glalie|Substitute|p1a: Glalie
|-fail|p1a: Glalie|move: Substitute
|move|p2a: Dugtrio|Earthquake|p1a: Glalie
|-end|p1a: Glalie|Substitute
|
|-heal|p1a: Glalie|41/100|[from] item: Leftovers
|-ability|p1a: Glalie|Moody|boost
|-boost|p1a: Glalie|def|1
|-unboost|p1a: Glalie|atk|1
|upkeep
|turn|26
|
|t:|1654627405
|-start|p1a: Glalie|Dynamax|
|-heal|p1a: Glalie|41/100|[silent]
|move|p1a: Glalie|Max Hailstorm|p2a: Dugtrio
|-supereffective|p2a: Dugtrio
|-end|p2a: Dugtrio|Substitute
|-weather|Hail
|move|p2a: Dugtrio|Memento|p1a: Glalie
|-unboost|p1a: Glalie|atk|2
|-unboost|p1a: Glalie|spa|2
|faint|p2a: Dugtrio
|
|-weather|Hail|[upkeep]
|-heal|p1a: Glalie|44/100|[from] item: Leftovers
|-ability|p1a: Glalie|Moody|boost
|-boost|p1a: Glalie|spe|2
|-unboost|p1a: Glalie|spd|1
|upkeep
|
|t:|1654627412
|switch|p2a: Urshifu|Urshifu-Rapid-Strike, M|100/100
|turn|27
|
|t:|1654627420
|move|p1a: Glalie|Max Hailstorm|p2a: Urshifu
|-resisted|p2a: Urshifu
|-damage|p2a: Urshifu|30/100
|move|p2a: Urshifu|Surging Strikes|p1a: Glalie
|-crit|p1a: Glalie
|-damage|p1a: Glalie|33/100
|-crit|p1a: Glalie
|-damage|p1a: Glalie|20/100
|-crit|p1a: Glalie
|-damage|p1a: Glalie|7/100
|-hitcount|p1a: Glalie|3
|
|-weather|Hail|[upkeep]
|-damage|p2a: Urshifu|24/100|[from] Hail
|-heal|p1a: Glalie|10/100|[from] item: Leftovers
|-ability|p1a: Glalie|Moody|boost
|-boost|p1a: Glalie|spd|2
|-unboost|p1a: Glalie|spe|1
|upkeep
|turn|28
|
|t:|1654627427
|move|p2a: Urshifu|Aqua Jet|p1a: Glalie
|-damage|p1a: Glalie|6/100
|move|p1a: Glalie|Max Hailstorm|p2a: Urshifu
|-resisted|p2a: Urshifu
|-damage|p2a: Urshifu|0 fnt
|faint|p2a: Urshifu
|
|-weather|Hail|[upkeep]
|-heal|p1a: Glalie|9/100|[from] item: Leftovers
|-ability|p1a: Glalie|Moody|boost
|-boost|p1a: Glalie|spe|2
|-unboost|p1a: Glalie|spd|1
|upkeep
|
|t:|1654627435
|switch|p2a: Tyranitar|Tyranitar, F|100/100
|-weather|Sandstorm|[from] ability: Sand Stream|[of] p2a: Tyranitar
|-end|p1a: Glalie|Dynamax
|-heal|p1a: Glalie|9/100|[silent]
|turn|29
|
|t:|1654627440
|detailschange|p2a: Tyranitar|Tyranitar-Mega, F
|-mega|p2a: Tyranitar|Tyranitar|Tyranitarite
|move|p1a: Glalie|Protect|p1a: Glalie
|-singleturn|p1a: Glalie|Protect
|move|p2a: Tyranitar|Crunch|p1a: Glalie
|-activate|p1a: Glalie|move: Protect
|
|-weather|Sandstorm|[upkeep]
|-damage|p1a: Glalie|3/100|[from] Sandstorm
|-heal|p1a: Glalie|9/100|[from] item: Leftovers
|-ability|p1a: Glalie|Moody|boost
|-boost|p1a: Glalie|spa|2
|-unboost|p1a: Glalie|def|1
|upkeep
|turn|30
|
|t:|1654627447
|move|p1a: Glalie|Disable|p2a: Tyranitar
|-start|p2a: Tyranitar|Disable|Crunch
|cant|p2a: Tyranitar|Disable|Crunch
|
|-weather|Sandstorm|[upkeep]
|-damage|p1a: Glalie|3/100|[from] Sandstorm
|-heal|p1a: Glalie|9/100|[from] item: Leftovers
|-ability|p1a: Glalie|Moody|boost
|-boost|p1a: Glalie|spd|1
|-unboost|p1a: Glalie|def|1
|upkeep
|turn|31
|
|t:|1654627451
|move|p1a: Glalie|Protect|p1a: Glalie
|-singleturn|p1a: Glalie|Protect
|move|p2a: Tyranitar|Body Press|p1a: Glalie
|-activate|p1a: Glalie|move: Protect
|
|-weather|Sandstorm|[upkeep]
|-damage|p1a: Glalie|3/100|[from] Sandstorm
|-heal|p1a: Glalie|9/100|[from] item: Leftovers
|-ability|p1a: Glalie|Moody|boost
|-boost|p1a: Glalie|spa|1
|-unboost|p1a: Glalie|atk|1
|upkeep
|turn|32
|
|t:|1654627454
|move|p1a: Glalie|Sheer Cold|p2a: Tyranitar
|-damage|p2a: Tyranitar|0 fnt
|faint|p2a: Tyranitar
|-ohko
|
|-weather|Sandstorm|[upkeep]
|-damage|p1a: Glalie|3/100|[from] Sandstorm
|-heal|p1a: Glalie|9/100|[from] item: Leftovers
|-ability|p1a: Glalie|Moody|boost
|-boost|p1a: Glalie|atk|2
|-unboost|p1a: Glalie|spd|1
|upkeep
|
|t:|1654627459
|switch|p2a: Dugtrio|Dugtrio, M|100/100
|turn|33
|
|t:|1654627463
|move|p1a: Glalie|Protect|p1a: Glalie
|-singleturn|p1a: Glalie|Protect
|move|p2a: Dugtrio|Earthquake|p1a: Glalie
|-activate|p1a: Glalie|move: Protect
|
|-weather|none
|-heal|p1a: Glalie|15/100|[from] item: Leftovers
|-ability|p1a: Glalie|Moody|boost
|-boost|p1a: Glalie|spd|1
|-unboost|p1a: Glalie|spe|1
|upkeep
|turn|34
|
|t:|1654627467
|move|p1a: Glalie|Disable|p2a: Dugtrio
|-start|p2a: Dugtrio|Disable|Earthquake
|cant|p2a: Dugtrio|Disable|Earthquake
|
|-heal|p1a: Glalie|21/100|[from] item: Leftovers
|-ability|p1a: Glalie|Moody|boost
|-boost|p1a: Glalie|spe|1
|-unboost|p1a: Glalie|def|1
|upkeep
|turn|35
|inactive|shadebinder has 120 seconds left.
|c|☆digging your grave|im a
|c|☆digging your grave|scumbag
|c|☆digging your grave|arent i
|inactive|shadebinder has 90 seconds left.
|inactive|shadebinder has 60 seconds left.
|inactive|shadebinder has 30 seconds left.
|inactive|shadebinder has 20 seconds left.
|inactive|shadebinder has 15 seconds left.
|inactive|shadebinder has 10 seconds left.
|inactive|shadebinder has 5 seconds left.
|-message|shadebinder lost due to inactivity.
|
|win|digging your grave
|raw|digging your grave's rating: 1239 &rarr; <strong>1268</strong><br />(+29 for winning)
|raw|shadebinder's rating: 1291 &rarr; <strong>1262</strong><br />(-29 for losing)
|l|‽shadebinder
||Ladder isn't responding, score probably updated but might not have (Request timeout).
