|j|☆capri...song?!
|j|☆Hikhanh123
|t:|1665253289
|gametype|singles
|player|p1|capri...song?!|melli|1725
|player|p2|Hikhanh123|wallace|1602
|teamsize|p1|6
|teamsize|p2|6
|gen|8
|tier|[Gen 8] National Dex AG
|rated|
|rule|HP Percentage Mod: HP is shown in percentages
|rule|Endless Battle Clause: Forcing endless battles is banned
|clearpoke
|poke|p1|Arceus-*|
|poke|p1|Arceus-*|
|poke|p1|Lugia|
|poke|p1|Necrozma-Dusk-Mane|
|poke|p1|Chansey, F|
|poke|p1|Zacian-*|
|poke|p2|Zacian-*|
|poke|p2|Groudon|
|poke|p2|Yveltal|
|poke|p2|Calyrex-Shadow|
|poke|p2|Rayquaza|
|poke|p2|Marshadow|
|teampreview
|inactive|Battle timer is ON: inactive players will automatically lose when time's up. (requested by capri...song?!)
|inactive|Hikhanh123 also wants the timer to be on.
|
|t:|1665253296
|start
|switch|p1a: my guy|Necrozma-Dusk-Mane, shiny|100/100
|switch|p2a: Groudon|Groudon|100/100
|detailschange|p2a: Groudon|Groudon-Primal
|-primal|p2a: Groudon
|-weather|DesolateLand|[from] ability: Desolate Land|[of] p2a: Groudon
|turn|1
|
|t:|1665253301
|switch|p1a: adorable rebirth|Arceus-Ground|100/100
|move|p2a: Groudon|Thunder Wave|p1a: adorable rebirth
|-immune|p1a: adorable rebirth
|
|-weather|DesolateLand|[upkeep]
|upkeep
|turn|2
|
|t:|1665253306
|move|p1a: adorable rebirth|Toxic|p2a: Groudon
|-status|p2a: Groudon|tox
|move|p2a: Groudon|Stealth Rock|p1a: adorable rebirth
|-sidestart|p1: capri...song?!|move: Stealth Rock
|
|-weather|DesolateLand|[upkeep]
|-damage|p2a: Groudon|94/100 tox|[from] psn
|upkeep
|turn|3
|
|t:|1665253309
|move|p1a: adorable rebirth|Defog|p2a: Groudon
|-unboost|p2a: Groudon|evasion|1
|-sideend|p1: capri...song?!|Stealth Rock|[from] move: Defog|[of] p1a: adorable rebirth
|move|p2a: Groudon|Fire Punch|p1a: adorable rebirth
|-damage|p1a: adorable rebirth|68/100
|
|-weather|DesolateLand|[upkeep]
|-damage|p2a: Groudon|82/100 tox|[from] psn
|upkeep
|turn|4
|
|t:|1665253314
|-weather|none
|switch|p2a: Rayquaza|Rayquaza|100/100
|-ability|p2a: Rayquaza|Air Lock
|move|p1a: adorable rebirth|Judgment|p2a: Rayquaza
|-immune|p2a: Rayquaza
|
|upkeep
|turn|5
|
|t:|1665253320
|switch|p1a: starlight|Lugia|100/100
|detailschange|p2a: Rayquaza|Rayquaza-Mega
|-mega|p2a: Rayquaza|Rayquaza|
|-weather|DeltaStream|[from] ability: Delta Stream|[of] p2a: Rayquaza
|move|p2a: Rayquaza|Waterfall|p1a: starlight
|-damage|p1a: starlight|91/100
|
|-weather|DeltaStream|[upkeep]
|upkeep
|turn|6
|
|t:|1665253323
|-weather|none
|switch|p2a: Groudon|Groudon-Primal|82/100 tox
|-weather|DesolateLand|[from] ability: Desolate Land|[of] p2a: Groudon
|move|p1a: starlight|Toxic|p2a: Groudon
|-fail|p2a: Groudon|tox
|
|-weather|DesolateLand|[upkeep]
|-damage|p2a: Groudon|76/100 tox|[from] psn
|upkeep
|turn|7
|
|t:|1665253330
|switch|p1a: adorable rebirth|Arceus-Ground|68/100
|move|p2a: Groudon|Stealth Rock|p1a: adorable rebirth
|-sidestart|p1: capri...song?!|move: Stealth Rock
|
|-weather|DesolateLand|[upkeep]
|-damage|p2a: Groudon|63/100 tox|[from] psn
|upkeep
|turn|8
|
|t:|1665253334
|-weather|none
|switch|p2a: Calyrex|Calyrex-Shadow|100/100
|-ability|p2a: Calyrex|As One
|-ability|p2a: Calyrex|Unnerve
|move|p1a: adorable rebirth|Defog|p2a: Calyrex
|-unboost|p2a: Calyrex|evasion|1
|-sideend|p1: capri...song?!|Stealth Rock|[from] move: Defog|[of] p1a: adorable rebirth
|
|upkeep
|turn|9
|
|t:|1665253338
|switch|p1a: magical symphony|Arceus-Dark|100/100
|move|p2a: Calyrex|Astral Barrage|p1a: magical symphony
|-resisted|p1a: magical symphony
|-damage|p1a: magical symphony|66/100
|
|upkeep
|turn|10
|
|t:|1665253344
|switch|p2a: Zacian|Zacian-Crowned|100/100
|-ability|p2a: Zacian|Intrepid Sword|boost
|-boost|p2a: Zacian|atk|1
|move|p1a: magical symphony|Judgment|p2a: Zacian
|-resisted|p2a: Zacian
|-damage|p2a: Zacian|79/100
|
|upkeep
|turn|11
|
|t:|1665253349
|switch|p1a: my guy|Necrozma-Dusk-Mane, shiny|100/100
|move|p2a: Zacian|Substitute|p2a: Zacian
|-start|p2a: Zacian|Substitute
|-damage|p2a: Zacian|54/100
|
|upkeep
|turn|12
|
|t:|1665253352
|move|p2a: Zacian|Swords Dance|p2a: Zacian
|-boost|p2a: Zacian|atk|2
|move|p1a: my guy|Stealth Rock|p2a: Zacian
|-sidestart|p2: Hikhanh123|move: Stealth Rock
|
|upkeep
|turn|13
|
|t:|1665253355
|move|p2a: Zacian|Swords Dance|p2a: Zacian
|-boost|p2a: Zacian|atk|2
|move|p1a: my guy|Sunsteel Strike|p2a: Zacian
|-end|p2a: Zacian|Substitute
|
|upkeep
|turn|14
|
|t:|1665253357
|move|p2a: Zacian|Sacred Sword|p1a: my guy
|-damage|p1a: my guy|25/100
|-damage|p2a: Zacian|37/100|[from] item: Rocky Helmet|[of] p1a: my guy
|move|p1a: my guy|Sunsteel Strike|p2a: Zacian
|-damage|p2a: Zacian|0 fnt
|faint|p2a: Zacian
|
|upkeep
|
|t:|1665253372
|switch|p2a: Groudon|Groudon-Primal|63/100 tox
|-damage|p2a: Groudon|51/100 tox|[from] Stealth Rock
|-weather|DesolateLand|[from] ability: Desolate Land|[of] p2a: Groudon
|turn|15
|
|t:|1665253376
|switch|p1a: adorable rebirth|Arceus-Ground|68/100
|move|p2a: Groudon|Fire Punch|p1a: adorable rebirth
|-damage|p1a: adorable rebirth|32/100
|-status|p1a: adorable rebirth|brn
|
|-weather|DesolateLand|[upkeep]
|-damage|p2a: Groudon|45/100 tox|[from] psn
|-damage|p1a: adorable rebirth|26/100 brn|[from] brn
|upkeep
|turn|16
|
|t:|1665253385
|move|p1a: adorable rebirth|Recover|p1a: adorable rebirth
|-heal|p1a: adorable rebirth|76/100 brn
|move|p2a: Groudon|Fire Punch|p1a: adorable rebirth
|-damage|p1a: adorable rebirth|39/100 brn
|
|-weather|DesolateLand|[upkeep]
|-damage|p2a: Groudon|32/100 tox|[from] psn
|-damage|p1a: adorable rebirth|33/100 brn|[from] brn
|upkeep
|turn|17
|
|t:|1665253389
|move|p1a: adorable rebirth|Judgment|p2a: Groudon
|-supereffective|p2a: Groudon
|-damage|p2a: Groudon|0 fnt
|faint|p2a: Groudon
|-weather|none
|
|-damage|p1a: adorable rebirth|26/100 brn|[from] brn
|upkeep
|
|t:|1665253394
|switch|p2a: Calyrex|Calyrex-Shadow|100/100
|-ability|p2a: Calyrex|As One
|-ability|p2a: Calyrex|Unnerve
|-damage|p2a: Calyrex|88/100|[from] Stealth Rock
|turn|18
|
|t:|1665253400
|switch|p1a: magical symphony|Arceus-Dark|66/100
|move|p2a: Calyrex|Astral Barrage|p1a: magical symphony
|-resisted|p1a: magical symphony
|-damage|p1a: magical symphony|31/100
|
|upkeep
|turn|19
|
|t:|1665253404
|-start|p1a: magical symphony|Dynamax|
|-heal|p1a: magical symphony|31/100|[silent]
|move|p2a: Calyrex|Astral Barrage|p1a: magical symphony
|-resisted|p1a: magical symphony
|-damage|p1a: magical symphony|13/100
|move|p1a: magical symphony|Max Darkness|p2a: Calyrex
|-supereffective|p2a: Calyrex
|-damage|p2a: Calyrex|0 fnt
|faint|p2a: Calyrex
|
|upkeep
|
|t:|1665253416
|switch|p2a: Rayquaza|Rayquaza-Mega|100/100
|-damage|p2a: Rayquaza|76/100|[from] Stealth Rock
|-weather|DeltaStream|[from] ability: Delta Stream|[of] p2a: Rayquaza
|turn|20
|
|t:|1665253421
|move|p2a: Rayquaza|Dragon Ascent|p1a: magical symphony
|-damage|p1a: magical symphony|0 fnt
|-unboost|p2a: Rayquaza|def|1
|-unboost|p2a: Rayquaza|spd|1
|faint|p1a: magical symphony
|
|-weather|DeltaStream|[upkeep]
|upkeep
|
|t:|1665253423
|switch|p1a: blue blue space|Zacian-Crowned, shiny|100/100
|-ability|p1a: blue blue space|Intrepid Sword|boost
|-boost|p1a: blue blue space|atk|1
|turn|21
|
|t:|1665253429
|-weather|none
|switch|p2a: Yveltal|Yveltal|100/100
|-damage|p2a: Yveltal|76/100|[from] Stealth Rock
|-ability|p2a: Yveltal|Dark Aura
|move|p1a: blue blue space|Behemoth Blade|p2a: Yveltal
|-damage|p2a: Yveltal|0 fnt
|faint|p2a: Yveltal
|
|upkeep
|
|t:|1665253431
|switch|p2a: Rayquaza|Rayquaza-Mega|76/100
|-damage|p2a: Rayquaza|51/100|[from] Stealth Rock
|-weather|DeltaStream|[from] ability: Delta Stream|[of] p2a: Rayquaza
|turn|22
|
|t:|1665253434
|switch|p1a: adorable rebirth|Arceus-Ground|26/100 brn
|move|p2a: Rayquaza|V-create|p1a: adorable rebirth
|-damage|p1a: adorable rebirth|0 fnt
|-unboost|p2a: Rayquaza|spe|1
|-unboost|p2a: Rayquaza|def|1
|-unboost|p2a: Rayquaza|spd|1
|faint|p1a: adorable rebirth
|
|-weather|DeltaStream|[upkeep]
|upkeep
|
|t:|1665253437
|switch|p1a: blue blue space|Zacian-Crowned, shiny|100/100
|-ability|p1a: blue blue space|Intrepid Sword|boost
|-boost|p1a: blue blue space|atk|1
|turn|23
|
|t:|1665253439
|-weather|none
|switch|p2a: Marshadow|Marshadow|100/100
|-damage|p2a: Marshadow|94/100|[from] Stealth Rock
|move|p1a: blue blue space|Substitute|p1a: blue blue space
|-start|p1a: blue blue space|Substitute
|-damage|p1a: blue blue space|76/100
|
|upkeep
|turn|24
|
|t:|1665253442
|move|p1a: blue blue space|Behemoth Blade|p2a: Marshadow
|-damage|p2a: Marshadow|0 fnt
|faint|p2a: Marshadow
|
|upkeep
|
|t:|1665253444
|switch|p2a: Rayquaza|Rayquaza-Mega|51/100
|-damage|p2a: Rayquaza|26/100|[from] Stealth Rock
|-weather|DeltaStream|[from] ability: Delta Stream|[of] p2a: Rayquaza
|turn|25
|
|t:|1665253446
|move|p2a: Rayquaza|V-create|p1a: blue blue space
|-supereffective|p1a: blue blue space
|-end|p1a: blue blue space|Substitute
|-unboost|p2a: Rayquaza|spe|1
|-unboost|p2a: Rayquaza|def|1
|-unboost|p2a: Rayquaza|spd|1
|move|p1a: blue blue space|Behemoth Blade|p2a: Rayquaza
|-damage|p2a: Rayquaza|0 fnt
|faint|p2a: Rayquaza
|-weather|none
|
|win|capri...song?!
|raw|capri...song?!'s rating: 1725 &rarr; <strong>1738</strong><br />(+13 for winning)
|raw|Hikhanh123's rating: 1602 &rarr; <strong>1589</strong><br />(-13 for losing)
|l|☆Hikhanh123
