|j|☆hanwujiwandou
|j|☆DarkboiJ
|t:|1664604549
|gametype|singles
|player|p1|hanwujiwandou|lillie-z|1645
|player|p2|DarkboiJ|blue-gen3two|1908
|teamsize|p1|6
|teamsize|p2|6
|gen|8
|tier|[Gen 8] National Dex AG
|rated|
|rule|HP Percentage Mod: HP is shown in percentages
|rule|Endless Battle Clause: Forcing endless battles is banned
|clearpoke
|poke|p1|Zacian-*|
|poke|p1|Ho-Oh|
|poke|p1|Groudon|
|poke|p1|Calyrex-Shadow|
|poke|p1|Yveltal|
|poke|p1|Rayquaza|
|poke|p2|Arceus-*|
|poke|p2|Ditto|
|poke|p2|Necrozma-Dusk-Mane|
|poke|p2|Kartana|
|poke|p2|Zygarde|
|poke|p2|Arceus-*|
|teampreview
|inactive|Battle timer is ON: inactive players will automatically lose when time's up. (requested by DarkboiJ)
|
|t:|1664604562
|start
|switch|p1a: Groudon|Groudon|100/100
|switch|p2a: Arceus|Arceus-Fairy|100/100
|detailschange|p1a: Groudon|Groudon-Primal
|-primal|p1a: Groudon
|-weather|DesolateLand|[from] ability: Desolate Land|[of] p1a: Groudon
|turn|1
|
|t:|1664604576
|move|p1a: Groudon|Stealth Rock|p2a: Arceus
|-sidestart|p2: DarkboiJ|move: Stealth Rock
|move|p2a: Arceus|Toxic|p1a: Groudon
|-status|p1a: Groudon|tox
|
|-weather|DesolateLand|[upkeep]
|-damage|p1a: Groudon|94/100 tox|[from] psn
|upkeep
|turn|2
|
|t:|1664604580
|move|p1a: Groudon|Precipice Blades|p2a: Arceus
|-damage|p2a: Arceus|46/100
|move|p2a: Arceus|Stealth Rock|p1a: Groudon
|-sidestart|p1: hanwujiwandou|move: Stealth Rock
|
|-weather|DesolateLand|[upkeep]
|-damage|p1a: Groudon|82/100 tox|[from] psn
|upkeep
|turn|3
|
|t:|1664604584
|switch|p2a: Zygarde|Zygarde, shiny|100/100
|-damage|p2a: Zygarde|94/100|[from] Stealth Rock
|move|p1a: Groudon|Precipice Blades|p2a: Zygarde|[miss]
|-miss|p1a: Groudon|p2a: Zygarde
|
|-weather|DesolateLand|[upkeep]
|-heal|p2a: Zygarde|100/100|[from] item: Leftovers
|-damage|p1a: Groudon|64/100 tox|[from] psn
|upkeep
|turn|4
|
|t:|1664604602
|move|p1a: Groudon|Stone Edge|p2a: Zygarde
|-resisted|p2a: Zygarde
|-damage|p2a: Zygarde|90/100
|move|p2a: Zygarde|Glare||[still]
|-fail|p2a: Zygarde
|
|-weather|DesolateLand|[upkeep]
|-heal|p2a: Zygarde|96/100|[from] item: Leftovers
|-damage|p1a: Groudon|39/100 tox|[from] psn
|upkeep
|turn|5
|
|t:|1664604609
|move|p1a: Groudon|Precipice Blades|p2a: Zygarde
|-damage|p2a: Zygarde|59/100
|move|p2a: Zygarde|Thousand Arrows|p1a: Groudon
|-supereffective|p1a: Groudon
|-damage|p1a: Groudon|0 fnt
|faint|p1a: Groudon
|-weather|none
|
|-heal|p2a: Zygarde|65/100|[from] item: Leftovers
|upkeep
|
|t:|1664604614
|switch|p1a: Yveltal|Yveltal|100/100
|-ability|p1a: Yveltal|Dark Aura
|turn|6
|
|t:|1664604619
|-start|p1a: Yveltal|Dynamax|
|-heal|p1a: Yveltal|100/100|[silent]
|move|p1a: Yveltal|Max Airstream|p2a: Zygarde
|-damage|p2a: Zygarde|1/100
|-boost|p1a: Yveltal|spe|1
|move|p2a: Zygarde|Glare|p1a: Yveltal
|-status|p1a: Yveltal|par
|
|-heal|p2a: Zygarde|7/100|[from] item: Leftovers
|-activate|p2a: Zygarde|ability: Power Construct
|detailschange|p2a: Zygarde|Zygarde-Complete, shiny
|-heal|p2a: Zygarde|39/100|[silent]
|upkeep
|turn|7
|
|t:|1664604630
|move|p1a: Yveltal|Max Airstream|p2a: Zygarde
|-damage|p2a: Zygarde|0 fnt
|-boost|p1a: Yveltal|spe|1
|faint|p2a: Zygarde
|
|upkeep
|
|t:|1664604641
|switch|p2a: Arceus|Arceus-Fairy|46/100
|-damage|p2a: Arceus|34/100|[from] Stealth Rock
|turn|8
|
|t:|1664604644
|move|p1a: Yveltal|Max Airstream|p2a: Arceus
|-damage|p2a: Arceus|0 fnt
|-boost|p1a: Yveltal|spe|1
|faint|p2a: Arceus
|
|upkeep
|j| Hamster schmamster
|inactive|DarkboiJ has 120 seconds left.
|
|t:|1664604678
|switch|p2a: Necrozma|Necrozma-Dusk-Mane|100/100
|-damage|p2a: Necrozma|94/100|[from] Stealth Rock
|-end|p1a: Yveltal|Dynamax
|-heal|p1a: Yveltal|100/100 par|[silent]
|turn|9
|
|t:|1664604684
|-start|p2a: Necrozma|Dynamax|
|-heal|p2a: Necrozma|94/100|[silent]
|move|p1a: Yveltal|Dark Pulse|p2a: Necrozma
|-supereffective|p2a: Necrozma
|-damage|p2a: Necrozma|71/100
|move|p2a: Necrozma|Max Rockfall|p1a: Yveltal
|-supereffective|p1a: Yveltal
|-damage|p1a: Yveltal|18/100 par
|-weather|Sandstorm
|
|-weather|Sandstorm|[upkeep]
|-damage|p1a: Yveltal|12/100 par|[from] Sandstorm
|upkeep
|turn|10
|
|t:|1664604694
|cant|p1a: Yveltal|par
|move|p2a: Necrozma|Max Steelspike|p1a: Yveltal
|-damage|p1a: Yveltal|0 fnt
|-boost|p2a: Necrozma|def|1
|faint|p1a: Yveltal
|
|-weather|Sandstorm|[upkeep]
|upkeep
|inactive|hanwujiwandou has 120 seconds left.
|
|t:|1664604727
|switch|p1a: Calyrex|Calyrex-Shadow|100/100
|-ability|p1a: Calyrex|As One
|-ability|p1a: Calyrex|Unnerve
|-damage|p1a: Calyrex|88/100|[from] Stealth Rock
|turn|11
|
|t:|1664604733
|move|p1a: Calyrex|Astral Barrage|p2a: Necrozma
|-supereffective|p2a: Necrozma
|-damage|p2a: Necrozma|40/100
|move|p2a: Necrozma|Max Steelspike|p1a: Calyrex
|-damage|p1a: Calyrex|0 fnt
|-boost|p2a: Necrozma|def|1
|faint|p1a: Calyrex
|
|-weather|Sandstorm|[upkeep]
|upkeep
|inactive|hanwujiwandou has 120 seconds left.
|
|t:|1664604775
|switch|p1a: Ho-Oh|Ho-Oh|100/100
|-end|p2a: Necrozma|Dynamax
|-heal|p2a: Necrozma|40/100|[silent]
|turn|12
|
|t:|1664604780
|move|p1a: Ho-Oh|Sacred Fire|p2a: Necrozma
|-supereffective|p2a: Necrozma
|-damage|p2a: Necrozma|17/100
|-status|p2a: Necrozma|brn
|move|p2a: Necrozma|Rock Tomb|p1a: Ho-Oh
|-supereffective|p1a: Ho-Oh
|-damage|p1a: Ho-Oh|67/100
|-unboost|p1a: Ho-Oh|spe|1
|
|-weather|Sandstorm|[upkeep]
|-damage|p1a: Ho-Oh|61/100|[from] Sandstorm
|-damage|p2a: Necrozma|11/100 brn|[from] brn
|upkeep
|turn|13
|
|t:|1664604785
|move|p2a: Necrozma|Rock Tomb|p1a: Ho-Oh
|-supereffective|p1a: Ho-Oh
|-damage|p1a: Ho-Oh|29/100
|-unboost|p1a: Ho-Oh|spe|1
|move|p1a: Ho-Oh|Recover|p1a: Ho-Oh
|-heal|p1a: Ho-Oh|79/100
|
|-weather|none
|-damage|p2a: Necrozma|5/100 brn|[from] brn
|upkeep
|turn|14
|
|t:|1664604791
|move|p2a: Necrozma|Rock Tomb|p1a: Ho-Oh
|-supereffective|p1a: Ho-Oh
|-damage|p1a: Ho-Oh|48/100
|-unboost|p1a: Ho-Oh|spe|1
|move|p1a: Ho-Oh|Recover|p1a: Ho-Oh
|-heal|p1a: Ho-Oh|98/100
|
|-damage|p2a: Necrozma|0 fnt|[from] brn
|faint|p2a: Necrozma
|upkeep
|
|t:|1664604803
|switch|p2a: Arceus|Arceus|100/100
|-damage|p2a: Arceus|88/100|[from] Stealth Rock
|turn|15
|
|t:|1664604808
|move|p2a: Arceus|Swords Dance|p2a: Arceus
|-boost|p2a: Arceus|atk|2
|move|p1a: Ho-Oh|Sacred Fire|p2a: Arceus
|-damage|p2a: Arceus|59/100
|-status|p2a: Arceus|brn
|-enditem|p2a: Arceus|Lum Berry|[eat]
|-curestatus|p2a: Arceus|brn|[msg]
|
|upkeep
|turn|16
|l| Hamster schmamster
|
|t:|1664604814
|move|p2a: Arceus|Extreme Speed|p1a: Ho-Oh
|-damage|p1a: Ho-Oh|45/100
|move|p1a: Ho-Oh|Sacred Fire|p2a: Arceus
|-damage|p2a: Arceus|30/100
|
|upkeep
|turn|17
|
|t:|1664604826
|move|p2a: Arceus|Extreme Speed|p1a: Ho-Oh
|-damage|p1a: Ho-Oh|0 fnt
|faint|p1a: Ho-Oh
|
|upkeep
|
|t:|1664604831
|switch|p1a: Zacian|Zacian-Crowned|100/100
|-damage|p1a: Zacian|94/100|[from] Stealth Rock
|-ability|p1a: Zacian|Intrepid Sword|boost
|-boost|p1a: Zacian|atk|1
|turn|18
|j| NemiZiz
|
|t:|1664604833
|move|p2a: Arceus|Extreme Speed|p1a: Zacian
|-resisted|p1a: Zacian
|-damage|p1a: Zacian|55/100
|move|p1a: Zacian|Behemoth Blade|p2a: Arceus
|-damage|p2a: Arceus|0 fnt
|faint|p2a: Arceus
|
|upkeep
|
|t:|1664604835
|switch|p2a: Ditto|Ditto, shiny|100/100
|-damage|p2a: Ditto|88/100|[from] Stealth Rock
|-transform|p2a: Ditto|p1a: Zacian|[from] ability: Imposter
|-ability|p2a: Ditto|Intrepid Sword|boost
|-boost|p2a: Ditto|atk|1
|turn|19
|
|t:|1664604838
|move|p2a: Ditto|Behemoth Blade|p1a: Zacian
|-damage|p1a: Zacian|0 fnt
|faint|p1a: Zacian
|
|upkeep
|
|t:|1664604841
|switch|p1a: Rayquaza|Rayquaza|100/100
|-damage|p1a: Rayquaza|76/100|[from] Stealth Rock
|-ability|p1a: Rayquaza|Air Lock
|turn|20
|
|t:|1664604844
|detailschange|p1a: Rayquaza|Rayquaza-Mega
|-mega|p1a: Rayquaza|Rayquaza|
|-weather|DeltaStream|[from] ability: Delta Stream|[of] p1a: Rayquaza
|move|p2a: Ditto|Behemoth Blade|p1a: Rayquaza
|-crit|p1a: Rayquaza
|-damage|p1a: Rayquaza|0 fnt
|faint|p1a: Rayquaza
|-weather|none
|
|win|DarkboiJ
|raw|hanwujiwandou's rating: 1635 &rarr; <strong>1628</strong><br />(-7 for losing)
|raw|DarkboiJ's rating: 1908 &rarr; <strong>1915</strong><br />(+7 for winning)
