|j|☆kasak
|j|☆Glaliegoesboom
|t:|1612410405
|player|p1|kasak|youngster-gen4|1964
|player|p2|Glaliegoesboom|valerie|1707
|teamsize|p1|6
|teamsize|p2|6
|gametype|singles
|gen|8
|tier|[Gen 8] National Dex AG
|rated|
|clearpoke
|poke|p1|Arceus-*|
|poke|p1|Ditto|
|poke|p1|Chansey, F|
|poke|p1|Lugia|
|poke|p1|Groudon|
|poke|p1|Arceus-*|
|poke|p2|Rayquaza|
|poke|p2|Arceus-*|
|poke|p2|Necrozma-Dusk-Mane|
|poke|p2|Groudon|
|poke|p2|Arceus-*|
|poke|p2|Marshadow|
|rule|HP Percentage Mod: HP is shown in percentages
|rule|Endless Battle Clause: Forcing endless battles is banned
|teampreview
|inactive|Battle timer is ON: inactive players will automatically lose when time's up. (requested by Glaliegoesboom)
|inactive|Glaliegoesboom has 120 seconds left.
|
|t:|1612410438
|start
|switch|p1a: 아르세우스|Arceus-Fairy|100/100
|switch|p2a: Rayquaza|Rayquaza|100/100
|-ability|p2a: Rayquaza|Air Lock
|turn|1
|
|t:|1612410446
|switch|p2a: Necrozma|Necrozma-Dusk-Mane|100/100
|move|p1a: 아르세우스|Will-O-Wisp|p2a: Necrozma
|-status|p2a: Necrozma|brn
|
|-damage|p2a: Necrozma|94/100 brn|[from] brn
|upkeep
|turn|2
|
|t:|1612410451
|switch|p1a: 악르세우스|Arceus-Dark|100/100
|move|p2a: Necrozma|Stealth Rock|p1a: 악르세우스
|-sidestart|p1: kasak|move: Stealth Rock
|
|-damage|p2a: Necrozma|88/100 brn|[from] brn
|upkeep
|turn|3
|
|t:|1612410462
|switch|p2a: Arceus|Arceus-Dark|100/100
|move|p1a: 악르세우스|Calm Mind|p1a: 악르세우스
|-boost|p1a: 악르세우스|spa|1
|-boost|p1a: 악르세우스|spd|1
|
|upkeep
|turn|4
|
|t:|1612410466
|move|p1a: 악르세우스|Calm Mind|p1a: 악르세우스
|-boost|p1a: 악르세우스|spa|1
|-boost|p1a: 악르세우스|spd|1
|move|p2a: Arceus|Thunder Wave|p1a: 악르세우스
|-status|p1a: 악르세우스|par
|
|upkeep
|turn|5
|
|t:|1612410473
|switch|p2a: Marshadow|Marshadow|100/100
|move|p1a: 악르세우스|Refresh|p1a: 악르세우스
|-curestatus|p1a: 악르세우스|par|[msg]
|
|upkeep
|turn|6
|
|t:|1612410481
|switch|p1a: 아르세우스|Arceus-Fairy|100/100
|-damage|p1a: 아르세우스|88/100|[from] Stealth Rock
|move|p2a: Marshadow|Close Combat|p1a: 아르세우스
|-resisted|p1a: 아르세우스
|-crit|p1a: 아르세우스
|-damage|p1a: 아르세우스|52/100
|-unboost|p2a: Marshadow|def|1
|-unboost|p2a: Marshadow|spd|1
|
|upkeep
|turn|7
|
|t:|1612410495
|switch|p2a: Rayquaza|Rayquaza|100/100
|-ability|p2a: Rayquaza|Air Lock
|move|p1a: 아르세우스|Recover|p1a: 아르세우스
|-heal|p1a: 아르세우스|100/100
|
|upkeep
|turn|8
|
|t:|1612410505
|switch|p2a: Necrozma|Necrozma-Dusk-Mane|88/100 brn
|move|p1a: 아르세우스|Will-O-Wisp|p2a: Necrozma
|-fail|p2a: Necrozma|brn
|
|-damage|p2a: Necrozma|82/100 brn|[from] brn
|upkeep
|turn|9
|
|t:|1612410513
|switch|p1a: 루기아|Lugia|100/100
|-damage|p1a: 루기아|75/100|[from] Stealth Rock
|move|p2a: Necrozma|Sunsteel Strike|p1a: 루기아
|-damage|p1a: 루기아|63/100
|-damage|p2a: Necrozma|66/100 brn|[from] item: Rocky Helmet|[of] p1a: 루기아
|
|-damage|p2a: Necrozma|60/100 brn|[from] brn
|upkeep
|turn|10
|
|t:|1612410520
|move|p1a: 루기아|Roost|p1a: 루기아
|-heal|p1a: 루기아|100/100
|-singleturn|p1a: 루기아|move: Roost
|move|p2a: Necrozma|Knock Off|p1a: 루기아
|-supereffective|p1a: 루기아
|-damage|p1a: 루기아|92/100
|-damage|p2a: Necrozma|43/100 brn|[from] item: Rocky Helmet|[of] p1a: 루기아
|-enditem|p1a: 루기아|Rocky Helmet|[from] move: Knock Off|[of] p2a: Necrozma
|
|-damage|p2a: Necrozma|37/100 brn|[from] brn
|upkeep
|turn|11
|
|t:|1612410524
|move|p1a: 루기아|Defog|p2a: Necrozma
|-unboost|p2a: Necrozma|evasion|1
|-sideend|p1: kasak|Stealth Rock|[from] move: Defog|[of] p1a: 루기아
|move|p2a: Necrozma|Morning Sun|p2a: Necrozma
|-heal|p2a: Necrozma|87/100 brn
|
|-damage|p2a: Necrozma|81/100 brn|[from] brn
|upkeep
|turn|12
|
|t:|1612410536
|switch|p1a: 메타몽|Ditto|100/100
|-transform|p1a: 메타몽|p2a: Necrozma|[from] ability: Imposter
|move|p2a: Necrozma|Stealth Rock|p1a: 메타몽
|-sidestart|p1: kasak|move: Stealth Rock
|
|-damage|p2a: Necrozma|75/100 brn|[from] brn
|upkeep
|turn|13
|
|t:|1612410542
|move|p1a: 메타몽|Stealth Rock|p2a: Necrozma
|-sidestart|p2: Glaliegoesboom|move: Stealth Rock
|move|p2a: Necrozma|Morning Sun|p2a: Necrozma
|-heal|p2a: Necrozma|100/100 brn
|
|-damage|p2a: Necrozma|94/100 brn|[from] brn
|upkeep
|turn|14
|
|t:|1612410549
|switch|p1a: 루기아|Lugia|92/100
|-damage|p1a: 루기아|67/100|[from] Stealth Rock
|switch|p2a: Arceus|Arceus-Dark|100/100
|-damage|p2a: Arceus|88/100|[from] Stealth Rock
|
|upkeep
|turn|15
|
|t:|1612410561
|switch|p2a: Necrozma|Necrozma-Dusk-Mane|94/100 brn
|-damage|p2a: Necrozma|88/100 brn|[from] Stealth Rock
|switch|p1a: 악르세우스|Arceus-Dark|100/100
|-damage|p1a: 악르세우스|88/100|[from] Stealth Rock
|
|-damage|p2a: Necrozma|82/100 brn|[from] brn
|upkeep
|turn|16
|
|t:|1612410578
|switch|p2a: Arceus|Arceus-Dark|88/100
|-damage|p2a: Arceus|76/100|[from] Stealth Rock
|move|p1a: 악르세우스|Judgment|p2a: Arceus
|-resisted|p2a: Arceus
|-damage|p2a: Arceus|63/100
|
|upkeep
|turn|17
|
|t:|1612410583
|move|p1a: 악르세우스|Calm Mind|p1a: 악르세우스
|-boost|p1a: 악르세우스|spa|1
|-boost|p1a: 악르세우스|spd|1
|move|p2a: Arceus|Defog|p1a: 악르세우스
|-unboost|p1a: 악르세우스|evasion|1
|-sideend|p1: kasak|Stealth Rock|[from] move: Defog|[of] p2a: Arceus
|-sideend|p2: Glaliegoesboom|Stealth Rock|[from] move: Defog|[of] p2a: Arceus
|
|upkeep
|turn|18
|
|t:|1612410587
|move|p1a: 악르세우스|Judgment|p2a: Arceus
|-resisted|p2a: Arceus
|-damage|p2a: Arceus|46/100
|move|p2a: Arceus|Thunder Wave|p1a: 악르세우스
|-status|p1a: 악르세우스|par
|
|upkeep
|turn|19
|
|t:|1612410590
|move|p2a: Arceus|Recover|p2a: Arceus
|-heal|p2a: Arceus|96/100
|move|p1a: 악르세우스|Refresh|p1a: 악르세우스
|-curestatus|p1a: 악르세우스|par|[msg]
|
|upkeep
|turn|20
|
|t:|1612410603
|move|p1a: 악르세우스|Calm Mind|p1a: 악르세우스
|-boost|p1a: 악르세우스|spa|1
|-boost|p1a: 악르세우스|spd|1
|move|p2a: Arceus|Thunder Wave|p1a: 악르세우스
|-status|p1a: 악르세우스|par
|
|upkeep
|turn|21
|
|t:|1612410608
|switch|p2a: Marshadow|Marshadow|100/100
|cant|p1a: 악르세우스|par
|
|upkeep
|turn|22
|
|t:|1612410618
|switch|p1a: 아르세우스|Arceus-Fairy|100/100
|move|p2a: Marshadow|Spectral Thief|p1a: 아르세우스
|-damage|p1a: 아르세우스|70/100
|
|upkeep
|turn|23
|j| Jefff 369421
|inactive|Glaliegoesboom has 120 seconds left.
|
|t:|1612410661
|switch|p2a: Groudon|Groudon|100/100
|detailschange|p2a: Groudon|Groudon-Primal
|-primal|p2a: Groudon
|-weather|DesolateLand|[from] ability: Desolate Land|[of] p2a: Groudon
|move|p1a: 아르세우스|Recover|p1a: 아르세우스
|-heal|p1a: 아르세우스|100/100
|
|-weather|DesolateLand|[upkeep]
|upkeep
|turn|24
|
|t:|1612410664
|move|p1a: 아르세우스|Calm Mind|p1a: 아르세우스
|-boost|p1a: 아르세우스|spa|1
|-boost|p1a: 아르세우스|spd|1
|move|p2a: Groudon|Stealth Rock|p1a: 아르세우스
|-sidestart|p1: kasak|move: Stealth Rock
|
|-weather|DesolateLand|[upkeep]
|upkeep
|turn|25
|j| Frostigar479
|
|t:|1612410672
|move|p1a: 아르세우스|Judgment|p2a: Groudon
|-resisted|p2a: Groudon
|-damage|p2a: Groudon|64/100
|move|p2a: Groudon|Rock Tomb|p1a: 아르세우스
|-damage|p1a: 아르세우스|86/100
|-unboost|p1a: 아르세우스|spe|1
|
|-weather|DesolateLand|[upkeep]
|upkeep
|turn|26
|
|t:|1612410681
|move|p1a: 아르세우스|Recover|p1a: 아르세우스
|-heal|p1a: 아르세우스|100/100
|move|p2a: Groudon|Precipice Blades|p1a: 아르세우스
|-damage|p1a: 아르세우스|51/100
|
|-weather|DesolateLand|[upkeep]
|upkeep
|turn|27
|c| Frostigar479|It’s the guy with Chinese names 
|
|t:|1612410693
|move|p1a: 아르세우스|Recover|p1a: 아르세우스
|-heal|p1a: 아르세우스|100/100
|move|p2a: Groudon|Precipice Blades|p1a: 아르세우스
|-damage|p1a: 아르세우스|54/100
|
|-weather|DesolateLand|[upkeep]
|upkeep
|turn|28
|c| Jefff 369421|I think it is korean
|
|t:|1612410698
|-weather|none
|switch|p2a: Marshadow|Marshadow|100/100
|move|p1a: 아르세우스|Recover|p1a: 아르세우스
|-heal|p1a: 아르세우스|100/100
|
|upkeep
|turn|29
|c| Frostigar479|meg
|c| Frostigar479|meh
|
|t:|1612410704
|move|p2a: Marshadow|Spectral Thief||[still]
|-clearpositiveboost|p1a: 아르세우스|p2a: Marshadow|move: Spectral Thief
|-boost|p2a: Marshadow|spa|1
|-boost|p2a: Marshadow|spd|1
|-anim|p2a: Marshadow|Spectral Thief|p1a: 아르세우스
|-damage|p1a: 아르세우스|69/100
|move|p1a: 아르세우스|Will-O-Wisp|p2a: Marshadow|[miss]
|-miss|p1a: 아르세우스|p2a: Marshadow
|
|upkeep
|turn|30
|c| Frostigar479|it all looks the same
|
|t:|1612410727
|switch|p2a: Necrozma|Necrozma-Dusk-Mane|82/100 brn
|move|p1a: 아르세우스|Recover|p1a: 아르세우스
|-heal|p1a: 아르세우스|100/100
|
|-damage|p2a: Necrozma|76/100 brn|[from] brn
|upkeep
|turn|31
|c| Frostigar479|all looks like noodles and buildings to me
|
|t:|1612410732
|move|p1a: 아르세우스|Calm Mind|p1a: 아르세우스
|-boost|p1a: 아르세우스|spa|1
|-boost|p1a: 아르세우스|spd|1
|move|p2a: Necrozma|Sunsteel Strike|p1a: 아르세우스
|-supereffective|p1a: 아르세우스
|-damage|p1a: 아르세우스|67/100
|
|-damage|p2a: Necrozma|70/100 brn|[from] brn
|upkeep
|turn|32
|
|t:|1612410742
|move|p1a: 아르세우스|Recover|p1a: 아르세우스
|-heal|p1a: 아르세우스|100/100
|move|p2a: Necrozma|Sunsteel Strike|p1a: 아르세우스
|-supereffective|p1a: 아르세우스
|-damage|p1a: 아르세우스|64/100
|
|-damage|p2a: Necrozma|64/100 brn|[from] brn
|upkeep
|turn|33
|
|t:|1612410759
|switch|p1a: 루기아|Lugia|67/100
|-damage|p1a: 루기아|42/100|[from] Stealth Rock
|move|p2a: Necrozma|Morning Sun|p2a: Necrozma
|-heal|p2a: Necrozma|100/100 brn
|
|-damage|p2a: Necrozma|94/100 brn|[from] brn
|upkeep
|turn|34
|
|t:|1612410768
|switch|p2a: Rayquaza|Rayquaza|100/100
|-ability|p2a: Rayquaza|Air Lock
|move|p1a: 루기아|Defog|p2a: Rayquaza
|-unboost|p2a: Rayquaza|evasion|1
|-sideend|p1: kasak|Stealth Rock|[from] move: Defog|[of] p1a: 루기아
|
|upkeep
|turn|35
|
|t:|1612410776
|detailschange|p2a: Rayquaza|Rayquaza-Mega
|-mega|p2a: Rayquaza|Rayquaza|
|-weather|DeltaStream|[from] ability: Delta Stream|[of] p2a: Rayquaza
|move|p2a: Rayquaza|Dragon Ascent|p1a: 루기아
|-damage|p1a: 루기아|0 fnt
|-unboost|p2a: Rayquaza|def|1
|-unboost|p2a: Rayquaza|spd|1
|faint|p1a: 루기아
|
|-weather|DeltaStream|[upkeep]
|upkeep
|
|t:|1612410784
|switch|p1a: 아르세우스|Arceus-Fairy|64/100
|turn|36
|c|☆Glaliegoesboom|nothing can switch into that
|
|t:|1612410800
|-weather|none
|switch|p2a: Necrozma|Necrozma-Dusk-Mane|94/100 brn
|move|p1a: 아르세우스|Will-O-Wisp|p2a: Necrozma
|-fail|p2a: Necrozma|brn
|
|-damage|p2a: Necrozma|88/100 brn|[from] brn
|upkeep
|turn|37
|
|t:|1612410814
|switch|p1a: 악르세우스|Arceus-Dark|88/100 par
|move|p2a: Necrozma|Sunsteel Strike|p1a: 악르세우스
|-damage|p1a: 악르세우스|72/100 par
|
|-damage|p2a: Necrozma|82/100 brn|[from] brn
|upkeep
|turn|38
|
|t:|1612410818
|move|p2a: Necrozma|Stealth Rock|p1a: 악르세우스
|-sidestart|p1: kasak|move: Stealth Rock
|move|p1a: 악르세우스|Refresh|p1a: 악르세우스
|-curestatus|p1a: 악르세우스|par|[msg]
|
|-damage|p2a: Necrozma|76/100 brn|[from] brn
|upkeep
|turn|39
|
|t:|1612410827
|switch|p2a: Arceus|Arceus-Dark|96/100
|move|p1a: 악르세우스|Judgment|p2a: Arceus
|-resisted|p2a: Arceus
|-damage|p2a: Arceus|84/100
|
|upkeep
|turn|40
|
|t:|1612410831
|move|p1a: 악르세우스|Calm Mind|p1a: 악르세우스
|-boost|p1a: 악르세우스|spa|1
|-boost|p1a: 악르세우스|spd|1
|move|p2a: Arceus|Thunder Wave|p1a: 악르세우스
|-status|p1a: 악르세우스|par
|
|upkeep
|turn|41
|
|t:|1612410842
|switch|p2a: Marshadow|Marshadow|100/100
|move|p1a: 악르세우스|Judgment|p2a: Marshadow
|-damage|p2a: Marshadow|20/100
|
|upkeep
|turn|42
|
|t:|1612410852
|switch|p1a: 아르세우스|Arceus-Fairy|64/100
|-damage|p1a: 아르세우스|51/100|[from] Stealth Rock
|move|p2a: Marshadow|Spectral Thief|p1a: 아르세우스
|-damage|p1a: 아르세우스|17/100
|
|upkeep
|turn|43
|
|t:|1612410874
|switch|p1a: 그란돈|Groudon|100/100
|-damage|p1a: 그란돈|94/100|[from] Stealth Rock
|detailschange|p1a: 그란돈|Groudon-Primal
|-primal|p1a: 그란돈
|-weather|DesolateLand|[from] ability: Desolate Land|[of] p1a: 그란돈
|move|p2a: Marshadow|Spectral Thief|p1a: 그란돈
|-damage|p1a: 그란돈|68/100
|
|-weather|DesolateLand|[upkeep]
|upkeep
|turn|44
|
|t:|1612410882
|move|p2a: Marshadow|Endeavor|p1a: 그란돈
|-damage|p1a: 그란돈|16/100
|move|p1a: 그란돈|Fire Punch|p2a: Marshadow
|-damage|p2a: Marshadow|0 fnt
|faint|p2a: Marshadow
|
|-weather|DesolateLand|[upkeep]
|upkeep
|
|t:|1612410901
|switch|p2a: Rayquaza|Rayquaza-Mega|100/100
|-weather|DeltaStream|[from] ability: Delta Stream|[of] p2a: Rayquaza
|turn|45
|
|t:|1612410907
|move|p2a: Rayquaza|Dragon Ascent|p1a: 그란돈
|-damage|p1a: 그란돈|0 fnt
|-unboost|p2a: Rayquaza|def|1
|-unboost|p2a: Rayquaza|spd|1
|faint|p1a: 그란돈
|
|-weather|DeltaStream|[upkeep]
|upkeep
|
|t:|1612410934
|switch|p1a: 럭키|Chansey, F|100/100
|-damage|p1a: 럭키|88/100|[from] Stealth Rock
|turn|46
|
|t:|1612410938
|move|p2a: Rayquaza|Dragon Ascent|p1a: 럭키
|-damage|p1a: 럭키|0 fnt
|-unboost|p2a: Rayquaza|def|1
|-unboost|p2a: Rayquaza|spd|1
|faint|p1a: 럭키
|
|-weather|DeltaStream|[upkeep]
|upkeep
|
|t:|1612410949
|switch|p1a: 메타몽|Ditto|100/100
|-damage|p1a: 메타몽|88/100|[from] Stealth Rock
|-transform|p1a: 메타몽|p2a: Rayquaza|[from] ability: Imposter
|turn|47
|
|t:|1612410953
|switch|p2a: Arceus|Arceus-Ground|100/100
|move|p1a: 메타몽|V-create|p2a: Arceus
|-damage|p2a: Arceus|55/100
|-unboost|p1a: 메타몽|spe|1
|-unboost|p1a: 메타몽|def|1
|-unboost|p1a: 메타몽|spd|1
|
|-weather|DeltaStream|[upkeep]
|upkeep
|turn|48
|
|t:|1612410959
|-weather|none
|switch|p1a: 아르세우스|Arceus-Fairy|17/100
|-damage|p1a: 아르세우스|4/100|[from] Stealth Rock
|move|p2a: Arceus|Recover|p2a: Arceus
|-heal|p2a: Arceus|100/100
|
|upkeep
|turn|49
|j| Yandre
|
|t:|1612410973
|switch|p2a: Rayquaza|Rayquaza-Mega|100/100
|-weather|DeltaStream|[from] ability: Delta Stream|[of] p2a: Rayquaza
|move|p1a: 아르세우스|Recover|p1a: 아르세우스
|-heal|p1a: 아르세우스|54/100
|
|-weather|DeltaStream|[upkeep]
|upkeep
|turn|50
|j| tranquil destiny
|
|t:|1612410982
|move|p1a: 아르세우스|Judgment|p2a: Rayquaza
|-supereffective|p2a: Rayquaza
|-damage|p2a: Rayquaza|3/100
|move|p2a: Rayquaza|Dragon Ascent|p1a: 아르세우스
|-damage|p1a: 아르세우스|0 fnt
|-unboost|p2a: Rayquaza|def|1
|-unboost|p2a: Rayquaza|spd|1
|faint|p1a: 아르세우스
|
|-weather|DeltaStream|[upkeep]
|upkeep
|c| Yandre|You just made a wall breaker and you're against kasak
|c| Yandre|How did you beat him
|c|☆Glaliegoesboom|idk
|c| tranquil destiny|that's korean you silly goose
|
|t:|1612411004
|switch|p1a: 메타몽|Ditto|88/100
|-damage|p1a: 메타몽|76/100|[from] Stealth Rock
|-transform|p1a: 메타몽|p2a: Rayquaza|[from] ability: Imposter
|turn|51
|
|t:|1612411012
|switch|p2a: Arceus|Arceus-Ground|100/100
|move|p1a: 메타몽|Dragon Ascent|p2a: Arceus
|-damage|p2a: Arceus|54/100
|-unboost|p1a: 메타몽|def|1
|-unboost|p1a: 메타몽|spd|1
|
|-weather|DeltaStream|[upkeep]
|upkeep
|turn|52
|c| Yandre|Wait
|c| Yandre|You killed
|
|t:|1612411021
|move|p1a: 메타몽|Dragon Ascent|p2a: Arceus
|-damage|p2a: Arceus|7/100
|-unboost|p1a: 메타몽|def|1
|-unboost|p1a: 메타몽|spd|1
|move|p2a: Arceus|Recover|p2a: Arceus
|-heal|p2a: Arceus|57/100
|
|-weather|DeltaStream|[upkeep]
|upkeep
|turn|53
|c| Yandre|Oh a banded ray
|c| Yandre|Wait his fairyceus didn't ohko
|c|☆Glaliegoesboom|yup
|
|t:|1612411029
|-weather|none
|switch|p1a: 악르세우스|Arceus-Dark|72/100 par
|-damage|p1a: 악르세우스|59/100 par|[from] Stealth Rock
|move|p2a: Arceus|Recover|p2a: Arceus
|-heal|p2a: Arceus|100/100
|
|upkeep
|turn|54
|
|t:|1612411047
|switch|p2a: Groudon|Groudon-Primal|64/100
|-weather|DesolateLand|[from] ability: Desolate Land|[of] p2a: Groudon
|move|p1a: 악르세우스|Refresh|p1a: 악르세우스
|-curestatus|p1a: 악르세우스|par|[msg]
|
|-weather|DesolateLand|[upkeep]
|upkeep
|turn|55
|
|t:|1612411055
|move|p1a: 악르세우스|Recover|p1a: 악르세우스
|-heal|p1a: 악르세우스|100/100
|move|p2a: Groudon|Dragon Tail|p1a: 악르세우스
|-damage|p1a: 악르세우스|85/100
|drag|p1a: 메타몽|Ditto|76/100
|-damage|p1a: 메타몽|63/100|[from] Stealth Rock
|-transform|p1a: 메타몽|p2a: Groudon|[from] ability: Imposter
|
|-weather|DesolateLand|[upkeep]
|upkeep
|turn|56
|c| Yandre|Do I need to fix my ray
|c| Yandre|I mean my fairyceus
|c| Yandre|Was that supposed to happen
|c|☆Glaliegoesboom|idk
|
|t:|1612411070
|move|p1a: 메타몽|Precipice Blades|p2a: Groudon
|-supereffective|p2a: Groudon
|-damage|p2a: Groudon|7/100
|move|p2a: Groudon|Precipice Blades|p1a: 메타몽
|-supereffective|p1a: 메타몽
|-damage|p1a: 메타몽|0 fnt
|faint|p1a: 메타몽
|
|-weather|DesolateLand|[upkeep]
|upkeep
|c| Yandre|WOW
|
|t:|1612411077
|switch|p1a: 악르세우스|Arceus-Dark|85/100
|-damage|p1a: 악르세우스|72/100|[from] Stealth Rock
|turn|57
|c| Yandre|R you just insanely lucky or what
|
|t:|1612411082
|move|p1a: 악르세우스|Calm Mind|p1a: 악르세우스
|-boost|p1a: 악르세우스|spa|1
|-boost|p1a: 악르세우스|spd|1
|move|p2a: Groudon|Precipice Blades|p1a: 악르세우스|[miss]
|-miss|p2a: Groudon|p1a: 악르세우스
|
|-weather|DesolateLand|[upkeep]
|upkeep
|turn|58
|c|☆Glaliegoesboom|no
|
|t:|1612411089
|move|p1a: 악르세우스|Judgment|p2a: Groudon
|-damage|p2a: Groudon|0 fnt
|faint|p2a: Groudon
|-weather|none
|
|upkeep
|c| Yandre|Oh he runs the damn darkceus I was talking about
|
|t:|1612411105
|switch|p2a: Arceus|Arceus-Dark|84/100
|turn|59
|
|t:|1612411117
|move|p1a: 악르세우스|Calm Mind|p1a: 악르세우스
|-boost|p1a: 악르세우스|spa|1
|-boost|p1a: 악르세우스|spd|1
|move|p2a: Arceus|Snarl|p1a: 악르세우스
|-resisted|p1a: 악르세우스
|-damage|p1a: 악르세우스|68/100
|-unboost|p1a: 악르세우스|spa|1
|
|upkeep
|turn|60
|c| tranquil destiny|what if cm darkceus just wins
|
|t:|1612411135
|move|p1a: 악르세우스|Recover|p1a: 악르세우스
|-heal|p1a: 악르세우스|100/100
|move|p2a: Arceus|Snarl|p1a: 악르세우스
|-resisted|p1a: 악르세우스
|-damage|p1a: 악르세우스|96/100
|-unboost|p1a: 악르세우스|spa|1
|
|upkeep
|turn|61
|c| Jefff 369421|He has more calm mind than snarl
|c|☆Glaliegoesboom|hm
|inactive|kasak has 120 seconds left.
|inactive|Glaliegoesboom has 120 seconds left.
|c| tranquil destiny|you could probably bank on that groundceus of yours
|c|☆Glaliegoesboom|groundceus also has cm
|
|t:|1612411185
|move|p1a: 악르세우스|Calm Mind|p1a: 악르세우스
|-boost|p1a: 악르세우스|spa|1
|-boost|p1a: 악르세우스|spd|1
|move|p2a: Arceus|Thunder Wave|p1a: 악르세우스
|-status|p1a: 악르세우스|par
|
|upkeep
|turn|62
|c| Yandre|Your ray has to pack an insane hit
|inactive|Glaliegoesboom has 120 seconds left.
|
|t:|1612411197
|move|p2a: Arceus|Snarl|p1a: 악르세우스
|-resisted|p1a: 악르세우스
|-damage|p1a: 악르세우스|92/100 par
|-unboost|p1a: 악르세우스|spa|1
|move|p1a: 악르세우스|Refresh|p1a: 악르세우스
|-curestatus|p1a: 악르세우스|par|[msg]
|
|upkeep
|turn|63
|c| Yandre|Like the 8 billion damage ones
|c| Yandre|Jk
|inactive|Glaliegoesboom has 120 seconds left.
|
|t:|1612411209
|move|p1a: 악르세우스|Calm Mind|p1a: 악르세우스
|-boost|p1a: 악르세우스|spa|1
|-boost|p1a: 악르세우스|spd|1
|move|p2a: Arceus|Snarl|p1a: 악르세우스|[miss]
|-miss|p2a: Arceus|p1a: 악르세우스
|
|upkeep
|turn|64
|c| tranquil destiny|odds seem to be in glalie's favor though, methinks
|inactive|kasak has 120 seconds left.
|c| Frostigar479|This is gonna take a while
|
|t:|1612411220
|move|p1a: 악르세우스|Calm Mind|p1a: 악르세우스
|-boost|p1a: 악르세우스|spa|1
|-boost|p1a: 악르세우스|spd|1
|move|p2a: Arceus|Snarl|p1a: 악르세우스
|-resisted|p1a: 악르세우스
|-damage|p1a: 악르세우스|89/100
|-unboost|p1a: 악르세우스|spa|1
|
|upkeep
|turn|65
|c| Jefff 369421|Miss lol
|
|t:|1612411229
|switch|p2a: Arceus|Arceus-Ground|100/100
|move|p1a: 악르세우스|Calm Mind|p1a: 악르세우스
|-boost|p1a: 악르세우스|spa|1
|-boost|p1a: 악르세우스|spd|1
|
|upkeep
|turn|66
|
|t:|1612411233
|move|p1a: 악르세우스|Judgment|p2a: Arceus
|-damage|p2a: Arceus|33/100
|move|p2a: Arceus|Calm Mind|p2a: Arceus
|-boost|p2a: Arceus|spa|1
|-boost|p2a: Arceus|spd|1
|
|upkeep
|turn|67
|
|t:|1612411238
|move|p1a: 악르세우스|Judgment|p2a: Arceus
|-damage|p2a: Arceus|0 fnt
|faint|p2a: Arceus
|
|upkeep
|
|t:|1612411247
|switch|p2a: Rayquaza|Rayquaza-Mega|3/100
|-weather|DeltaStream|[from] ability: Delta Stream|[of] p2a: Rayquaza
|turn|68
|c| tranquil destiny|ok that's game
|
|t:|1612411254
|move|p1a: 악르세우스|Judgment|p2a: Rayquaza
|-damage|p2a: Rayquaza|0 fnt
|faint|p2a: Rayquaza
|-weather|none
|
|upkeep
|c| Frostigar479|Crit
|
|t:|1612411259
|switch|p2a: Arceus|Arceus-Dark|84/100
|turn|69
|c| Yandre|Yeah it outspeeds
|c| Frostigar479|Shit
|
|t:|1612411268
|-start|p1a: 악르세우스|Dynamax
|-heal|p1a: 악르세우스|89/100|[silent]
|move|p1a: 악르세우스|Max Darkness|p2a: Arceus
|-resisted|p2a: Arceus
|-damage|p2a: Arceus|52/100
|-unboost|p2a: Arceus|spd|1
|move|p2a: Arceus|Thunder Wave|p1a: 악르세우스|[miss]
|-miss|p2a: Arceus|p1a: 악르세우스
|
|upkeep
|turn|70
|c| Yandre|Wow
|c| Frostigar479|lost to your son
|c| Frostigar479|sad
|
|t:|1612411278
|switch|p2a: Necrozma|Necrozma-Dusk-Mane|76/100 brn
|move|p1a: 악르세우스|Max Darkness|p2a: Necrozma
|-supereffective|p2a: Necrozma
|-damage|p2a: Necrozma|0 fnt
|faint|p2a: Necrozma
|
|upkeep
|
|t:|1612411282
|switch|p2a: Arceus|Arceus-Dark|52/100
|turn|71
|c| Yandre|Wow
|c| Yandre|That miss
|
|t:|1612411287
|move|p1a: 악르세우스|Max Darkness|p2a: Arceus
|-resisted|p2a: Arceus
|-damage|p2a: Arceus|22/100
|-unboost|p2a: Arceus|spd|1
|move|p2a: Arceus|Recover|p2a: Arceus
|-heal|p2a: Arceus|72/100
|
|-end|p1a: 악르세우스|Dynamax
|-heal|p1a: 악르세우스|89/100|[silent]
|upkeep
|turn|72
|
|t:|1612411296
|move|p1a: 악르세우스|Calm Mind|p1a: 악르세우스
|-boost|p1a: 악르세우스|spa|1
|-boost|p1a: 악르세우스|spd|0
|move|p2a: Arceus|Snarl|p1a: 악르세우스
|-resisted|p1a: 악르세우스
|-damage|p1a: 악르세우스|87/100
|-unboost|p1a: 악르세우스|spa|1
|
|upkeep
|turn|73
|
|t:|1612411301
|move|p1a: 악르세우스|Calm Mind|p1a: 악르세우스
|-boost|p1a: 악르세우스|spa|1
|-boost|p1a: 악르세우스|spd|0
|move|p2a: Arceus|Snarl|p1a: 악르세우스
|-resisted|p1a: 악르세우스
|-damage|p1a: 악르세우스|85/100
|-unboost|p1a: 악르세우스|spa|1
|
|upkeep
|turn|74
|c| Yandre|Single handedly took down 5 pokes
|
|t:|1612411312
|move|p1a: 악르세우스|Judgment|p2a: Arceus
|-resisted|p2a: Arceus
|-damage|p2a: Arceus|35/100
|move|p2a: Arceus|Snarl|p1a: 악르세우스
|-resisted|p1a: 악르세우스
|-damage|p1a: 악르세우스|83/100
|-unboost|p1a: 악르세우스|spa|1
|
|upkeep
|turn|75
|
|t:|1612411318
|move|p1a: 악르세우스|Judgment|p2a: Arceus
|-resisted|p2a: Arceus
|-damage|p2a: Arceus|9/100
|move|p2a: Arceus|Recover|p2a: Arceus
|-heal|p2a: Arceus|59/100
|
|upkeep
|turn|76
|
|t:|1612411328
|move|p1a: 악르세우스|Calm Mind|p1a: 악르세우스
|-boost|p1a: 악르세우스|spa|1
|-boost|p1a: 악르세우스|spd|0
|move|p2a: Arceus|Recover|p2a: Arceus
|-heal|p2a: Arceus|100/100
|
|upkeep
|turn|77
|
|t:|1612411333
|move|p1a: 악르세우스|Calm Mind|p1a: 악르세우스
|-boost|p1a: 악르세우스|spa|1
|-boost|p1a: 악르세우스|spd|0
|move|p2a: Arceus|Snarl|p1a: 악르세우스
|-resisted|p1a: 악르세우스
|-damage|p1a: 악르세우스|81/100
|-unboost|p1a: 악르세우스|spa|1
|
|upkeep
|turn|78
|
|t:|1612411338
|move|p1a: 악르세우스|Calm Mind|p1a: 악르세우스
|-boost|p1a: 악르세우스|spa|1
|-boost|p1a: 악르세우스|spd|0
|move|p2a: Arceus|Snarl|p1a: 악르세우스
|-resisted|p1a: 악르세우스
|-crit|p1a: 악르세우스
|-damage|p1a: 악르세우스|68/100
|-unboost|p1a: 악르세우스|spa|1
|
|upkeep
|turn|79
|
|t:|1612411344
|move|p1a: 악르세우스|Calm Mind|p1a: 악르세우스
|-boost|p1a: 악르세우스|spa|1
|-boost|p1a: 악르세우스|spd|0
|move|p2a: Arceus|Snarl|p1a: 악르세우스
|-resisted|p1a: 악르세우스
|-damage|p1a: 악르세우스|66/100
|-unboost|p1a: 악르세우스|spa|1
|
|upkeep
|turn|80
|
|t:|1612411361
|move|p1a: 악르세우스|Calm Mind|p1a: 악르세우스
|-boost|p1a: 악르세우스|spa|1
|-boost|p1a: 악르세우스|spd|0
|move|p2a: Arceus|Snarl|p1a: 악르세우스
|-resisted|p1a: 악르세우스
|-damage|p1a: 악르세우스|64/100
|-unboost|p1a: 악르세우스|spa|1
|
|upkeep
|turn|81
|
|t:|1612411367
|move|p1a: 악르세우스|Recover|p1a: 악르세우스
|-heal|p1a: 악르세우스|100/100
|move|p2a: Arceus|Snarl|p1a: 악르세우스|[miss]
|-miss|p2a: Arceus|p1a: 악르세우스
|
|upkeep
|turn|82
|
|t:|1612411377
|move|p1a: 악르세우스|Calm Mind|p1a: 악르세우스
|-boost|p1a: 악르세우스|spa|1
|-boost|p1a: 악르세우스|spd|0
|move|p2a: Arceus|Snarl|p1a: 악르세우스
|-resisted|p1a: 악르세우스
|-damage|p1a: 악르세우스|98/100
|-unboost|p1a: 악르세우스|spa|1
|
|upkeep
|turn|83
|c| tranquil destiny|tbf
|
|t:|1612411385
|move|p1a: 악르세우스|Calm Mind|p1a: 악르세우스
|-boost|p1a: 악르세우스|spa|1
|-boost|p1a: 악르세우스|spd|0
|move|p2a: Arceus|Thunder Wave|p1a: 악르세우스|[miss]
|-miss|p2a: Arceus|p1a: 악르세우스
|
|upkeep
|turn|84
|c| tranquil destiny|the cmceus gets struggled first
|
|t:|1612411392
|move|p1a: 악르세우스|Calm Mind|p1a: 악르세우스
|-boost|p1a: 악르세우스|spa|1
|-boost|p1a: 악르세우스|spd|0
|move|p2a: Arceus|Snarl|p1a: 악르세우스
|-resisted|p1a: 악르세우스
|-damage|p1a: 악르세우스|96/100
|-unboost|p1a: 악르세우스|spa|1
|
|upkeep
|turn|85
|
|t:|1612411397
|move|p1a: 악르세우스|Calm Mind|p1a: 악르세우스
|-boost|p1a: 악르세우스|spa|1
|-boost|p1a: 악르세우스|spd|0
|move|p2a: Arceus|Snarl|p1a: 악르세우스
|-resisted|p1a: 악르세우스
|-damage|p1a: 악르세우스|94/100
|-unboost|p1a: 악르세우스|spa|1
|
|upkeep
|turn|86
|
|t:|1612411405
|move|p1a: 악르세우스|Calm Mind|p1a: 악르세우스
|-boost|p1a: 악르세우스|spa|1
|-boost|p1a: 악르세우스|spd|0
|move|p2a: Arceus|Thunder Wave|p1a: 악르세우스
|-status|p1a: 악르세우스|par
|
|upkeep
|turn|87
|
|t:|1612411411
|move|p2a: Arceus|Snarl|p1a: 악르세우스
|-resisted|p1a: 악르세우스
|-damage|p1a: 악르세우스|92/100 par
|-unboost|p1a: 악르세우스|spa|1
|move|p1a: 악르세우스|Refresh|p1a: 악르세우스
|-curestatus|p1a: 악르세우스|par|[msg]
|
|upkeep
|turn|88
|
|t:|1612411418
|move|p1a: 악르세우스|Calm Mind|p1a: 악르세우스
|-boost|p1a: 악르세우스|spa|1
|-boost|p1a: 악르세우스|spd|0
|move|p2a: Arceus|Snarl|p1a: 악르세우스
|-resisted|p1a: 악르세우스
|-damage|p1a: 악르세우스|90/100
|-unboost|p1a: 악르세우스|spa|1
|
|upkeep
|turn|89
|
|t:|1612411436
|move|p1a: 악르세우스|Calm Mind|p1a: 악르세우스
|-boost|p1a: 악르세우스|spa|1
|-boost|p1a: 악르세우스|spd|0
|move|p2a: Arceus|Snarl|p1a: 악르세우스|[miss]
|-miss|p2a: Arceus|p1a: 악르세우스
|
|upkeep
|turn|90
|c| tranquil destiny|odds for para are like a 1/5 so lol
|
|t:|1612411444
|move|p1a: 악르세우스|Calm Mind|p1a: 악르세우스
|-boost|p1a: 악르세우스|spa|1
|-boost|p1a: 악르세우스|spd|0
|move|p2a: Arceus|Snarl|p1a: 악르세우스
|-resisted|p1a: 악르세우스
|-damage|p1a: 악르세우스|88/100
|-unboost|p1a: 악르세우스|spa|1
|
|upkeep
|turn|91
|
|t:|1612411449
|move|p1a: 악르세우스|Calm Mind|p1a: 악르세우스
|-boost|p1a: 악르세우스|spa|1
|-boost|p1a: 악르세우스|spd|0
|move|p2a: Arceus|Snarl|p1a: 악르세우스
|-resisted|p1a: 악르세우스
|-crit|p1a: 악르세우스
|-damage|p1a: 악르세우스|74/100
|-unboost|p1a: 악르세우스|spa|1
|
|upkeep
|turn|92
|
|t:|1612411455
|move|p1a: 악르세우스|Calm Mind|p1a: 악르세우스
|-boost|p1a: 악르세우스|spa|1
|-boost|p1a: 악르세우스|spd|0
|move|p2a: Arceus|Snarl|p1a: 악르세우스
|-resisted|p1a: 악르세우스
|-damage|p1a: 악르세우스|72/100
|-unboost|p1a: 악르세우스|spa|1
|
|upkeep
|turn|93
|
|t:|1612411464
|move|p1a: 악르세우스|Judgment|p2a: Arceus
|-resisted|p2a: Arceus
|-damage|p2a: Arceus|44/100
|move|p2a: Arceus|Snarl|p1a: 악르세우스
|-resisted|p1a: 악르세우스
|-damage|p1a: 악르세우스|69/100
|-unboost|p1a: 악르세우스|spa|1
|
|upkeep
|turn|94
|c|☆Glaliegoesboom|crap
|
|t:|1612411472
|move|p1a: 악르세우스|Recover|p1a: 악르세우스
|-heal|p1a: 악르세우스|100/100
|move|p2a: Arceus|Recover|p2a: Arceus
|-heal|p2a: Arceus|94/100
|
|upkeep
|turn|95
|c| tranquil destiny|what
|
|t:|1612411482
|move|p1a: 악르세우스|Calm Mind|p1a: 악르세우스
|-boost|p1a: 악르세우스|spa|1
|-boost|p1a: 악르세우스|spd|0
|move|p2a: Arceus|Thunder Wave|p1a: 악르세우스|[miss]
|-miss|p2a: Arceus|p1a: 악르세우스
|
|upkeep
|turn|96
|
|t:|1612411491
|move|p1a: 악르세우스|Calm Mind|p1a: 악르세우스
|-boost|p1a: 악르세우스|spa|1
|-boost|p1a: 악르세우스|spd|0
|move|p2a: Arceus|Snarl|p1a: 악르세우스
|-resisted|p1a: 악르세우스
|-damage|p1a: 악르세우스|98/100
|-unboost|p1a: 악르세우스|spa|1
|
|upkeep
|turn|97
|
|t:|1612411497
|move|p1a: 악르세우스|Calm Mind|p1a: 악르세우스
|-boost|p1a: 악르세우스|spa|1
|-boost|p1a: 악르세우스|spd|0
|move|p2a: Arceus|Recover|p2a: Arceus
|-heal|p2a: Arceus|100/100
|
|upkeep
|turn|98
|
|t:|1612411502
|move|p1a: 악르세우스|Calm Mind|p1a: 악르세우스
|-boost|p1a: 악르세우스|spa|1
|-boost|p1a: 악르세우스|spd|0
|move|p2a: Arceus|Thunder Wave|p1a: 악르세우스
|-status|p1a: 악르세우스|par
|
|upkeep
|turn|99
|c| Yandre|2 snarls left
|c| Yandre|no
|c| Yandre|0
|c|☆Glaliegoesboom|no snarl left
|
|t:|1612411515
|move|p2a: Arceus|Thunder Wave|p1a: 악르세우스
|-fail|p1a: 악르세우스|par
|move|p1a: 악르세우스|Refresh|p1a: 악르세우스
|-curestatus|p1a: 악르세우스|par|[msg]
|
|upkeep
|turn|100
|c| Yandre|Guy swept with a darkceus
|c| Yandre|bruh
|
|t:|1612411522
|move|p1a: 악르세우스|Judgment|p2a: Arceus
|-resisted|p2a: Arceus
|-damage|p2a: Arceus|30/100
|move|p2a: Arceus|Recover|p2a: Arceus
|-heal|p2a: Arceus|80/100
|
|upkeep
|turn|101
|c| tranquil destiny|just waiting for the +6 flex huh
|
|t:|1612411531
|move|p1a: 악르세우스|Judgment|p2a: Arceus
|-resisted|p2a: Arceus
|-damage|p2a: Arceus|15/100
|move|p2a: Arceus|Recover|p2a: Arceus
|-heal|p2a: Arceus|65/100
|
|upkeep
|turn|102
|c| Yandre|+6 flex
|
|t:|1612411541
|move|p1a: 악르세우스|Refresh||[still]
|-fail|p1a: 악르세우스
|move|p2a: Arceus|Recover|p2a: Arceus
|-heal|p2a: Arceus|100/100
|
|upkeep
|turn|103
|c| Jefff 369421|?
|-message|kasak forfeited.
|
|win|Glaliegoesboom
|l|☆kasak
|c|☆Glaliegoesboom|o wow
|c| tranquil destiny|threw the match lmao
|c|☆Glaliegoesboom|he was 1964
|raw|kasak's rating: 1965 &rarr; <strong>1932</strong><br />(-33 for losing)
|raw|Glaliegoesboom's rating: 1707 &rarr; <strong>1740</strong><br />(+33 for winning)
