|j|☆agdp
|j|☆Dominator296
|t:|1643714016
|gametype|singles
|player|p1|agdp|hilbert|
|player|p2|Dominator296|alder|
|teamsize|p1|6
|teamsize|p2|6
|gen|8
|tier|[Gen 8] National Dex AG
|rule|HP Percentage Mod: HP is shown in percentages
|rule|Endless Battle Clause: Forcing endless battles is banned
|clearpoke
|poke|p1|Giratina-Origin|
|poke|p1|Ditto|
|poke|p1|Yveltal|
|poke|p1|Arceus-*|
|poke|p1|Ninjask, M|
|poke|p1|Groudon|
|poke|p2|Kyogre|
|poke|p2|Groudon|
|poke|p2|Ho-Oh|
|poke|p2|Necrozma-Dusk-Mane|
|poke|p2|Arceus-*|
|poke|p2|Arceus-*|
|teampreview
|
|t:|1643714028
|start
|switch|p1a: Ninjask|Ninjask, M|100/100
|switch|p2a: Arceus|Arceus-Flying|100/100
|turn|1
|
|t:|1643714037
|move|p1a: Ninjask|Swords Dance|p1a: Ninjask
|-boost|p1a: Ninjask|atk|2
|move|p2a: Arceus|Calm Mind|p2a: Arceus
|-boost|p2a: Arceus|spa|1
|-boost|p2a: Arceus|spd|1
|
|-ability|p1a: Ninjask|Speed Boost|boost
|-boost|p1a: Ninjask|spe|1
|upkeep
|turn|2
|
|t:|1643714047
|-start|p2a: Arceus|Dynamax
|-heal|p2a: Arceus|100/100|[silent]
|move|p1a: Ninjask|Baton Pass|p1a: Ninjask
|
|t:|1643714051
|switch|p1a: Giratina|Giratina-Origin, shiny|100/100|[from]move: Baton Pass
|move|p2a: Arceus|Max Airstream|p1a: Giratina
|-damage|p1a: Giratina|31/100
|-boost|p2a: Arceus|spe|1
|
|upkeep
|turn|3
|
|t:|1643714061
|move|p2a: Arceus|Max Airstream|p1a: Giratina
|-damage|p1a: Giratina|0 fnt
|-boost|p2a: Arceus|spe|1
|faint|p1a: Giratina
|
|upkeep
|
|t:|1643714070
|switch|p1a: Arceus|Arceus|100/100
|turn|4
|
|t:|1643714077
|-start|p1a: Arceus|Dynamax
|-heal|p1a: Arceus|100/100|[silent]
|move|p2a: Arceus|Max Airstream|p1a: Arceus
|-damage|p1a: Arceus|65/100
|-boost|p2a: Arceus|spe|1
|move|p1a: Arceus|Max Strike|p2a: Arceus
|-damage|p2a: Arceus|79/100
|-unboost|p2a: Arceus|spe|1
|-damage|p1a: Arceus|60/100|[from] item: Life Orb
|
|-end|p2a: Arceus|Dynamax
|-heal|p2a: Arceus|79/100|[silent]
|upkeep
|turn|5
|
|t:|1643714093
|move|p2a: Arceus|Recover|p2a: Arceus
|-heal|p2a: Arceus|100/100
|move|p1a: Arceus|Max Strike|p2a: Arceus
|-damage|p2a: Arceus|55/100
|-unboost|p2a: Arceus|spe|1
|-damage|p1a: Arceus|55/100|[from] item: Life Orb
|
|upkeep
|turn|6
|
|t:|1643714101
|move|p2a: Arceus|Recover|p2a: Arceus
|-heal|p2a: Arceus|100/100
|move|p1a: Arceus|Max Strike|p2a: Arceus
|-damage|p2a: Arceus|59/100
|-unboost|p2a: Arceus|spe|1
|-damage|p1a: Arceus|50/100|[from] item: Life Orb
|
|-end|p1a: Arceus|Dynamax
|-heal|p1a: Arceus|50/100|[silent]
|upkeep
|turn|7
|
|t:|1643714112
|move|p1a: Arceus|Swords Dance|p1a: Arceus
|-boost|p1a: Arceus|atk|2
|move|p2a: Arceus|Judgment|p1a: Arceus
|-damage|p1a: Arceus|0 fnt
|faint|p1a: Arceus
|
|upkeep
|
|t:|1643714125
|switch|p1a: Groudon|Groudon|100/100
|detailschange|p1a: Groudon|Groudon-Primal
|-primal|p1a: Groudon
|-weather|DesolateLand|[from] ability: Desolate Land|[of] p1a: Groudon
|turn|8
|
|t:|1643714140
|move|p2a: Arceus|Recover|p2a: Arceus
|-heal|p2a: Arceus|100/100
|move|p1a: Groudon|Fire Punch|p2a: Arceus
|-damage|p2a: Arceus|56/100
|
|-weather|DesolateLand|[upkeep]
|upkeep
|turn|9
|
|t:|1643714149
|move|p2a: Arceus|Judgment|p1a: Groudon
|-damage|p1a: Groudon|34/100
|move|p1a: Groudon|Rock Tomb|p2a: Arceus
|-supereffective|p2a: Arceus
|-damage|p2a: Arceus|25/100
|-unboost|p2a: Arceus|spe|1
|
|-weather|DesolateLand|[upkeep]
|upkeep
|turn|10
|
|t:|1643714167
|move|p1a: Groudon|Rock Tomb|p2a: Arceus
|-supereffective|p2a: Arceus
|-damage|p2a: Arceus|0 fnt
|faint|p2a: Arceus
|
|-weather|DesolateLand|[upkeep]
|upkeep
|
|t:|1643714171
|switch|p2a: Necrozma|Necrozma-Dusk-Mane|100/100
|turn|11
|
|t:|1643714177
|detailschange|p2a: Necrozma|Necrozma-Ultra
|-burst|p2a: Necrozma|Necrozma|Ultranecrozium Z
|move|p2a: Necrozma|Stealth Rock|p1a: Groudon
|-sidestart|p1: agdp|move: Stealth Rock
|move|p1a: Groudon|Precipice Blades|p2a: Necrozma
|-damage|p2a: Necrozma|29/100
|
|-weather|DesolateLand|[upkeep]
|upkeep
|turn|12
|
|t:|1643714190
|-weather|none
|switch|p1a: Yveltal|Yveltal, shiny|100/100
|-damage|p1a: Yveltal|76/100|[from] Stealth Rock
|-ability|p1a: Yveltal|Dark Aura
|move|p2a: Necrozma|Photon Geyser|p1a: Yveltal
|-immune|p1a: Yveltal
|
|upkeep
|turn|13
|
|t:|1643714201
|move|p1a: Yveltal|Sucker Punch||[still]
|-fail|p1a: Yveltal
|move|p2a: Necrozma|Thunder Wave|p1a: Yveltal
|-status|p1a: Yveltal|par
|
|upkeep
|turn|14
|
|t:|1643714211
|switch|p2a: Ho-Oh|Ho-Oh, shiny|100/100
|move|p1a: Yveltal|Foul Play|p2a: Ho-Oh
|-damage|p2a: Ho-Oh|49/100
|
|upkeep
|turn|15
|
|t:|1643714226
|move|p2a: Ho-Oh|Brave Bird|p1a: Yveltal
|-damage|p1a: Yveltal|23/100 par
|-damage|p2a: Ho-Oh|32/100|[from] item: Rocky Helmet|[of] p1a: Yveltal
|-damage|p2a: Ho-Oh|16/100|[from] Recoil
|move|p1a: Yveltal|Taunt|p2a: Ho-Oh
|-start|p2a: Ho-Oh|move: Taunt
|
|upkeep
|turn|16
|
|t:|1643714235
|cant|p1a: Yveltal|par
|move|p2a: Ho-Oh|Brave Bird|p1a: Yveltal
|-damage|p1a: Yveltal|0 fnt
|-damage|p2a: Ho-Oh|0 fnt|[from] item: Rocky Helmet|[of] p1a: Yveltal
|faint|p1a: Yveltal
|faint|p2a: Ho-Oh
|
|upkeep
|
|t:|1643714248
|switch|p1a: Ninjask|Ninjask, M|100/100
|switch|p2a: Necrozma|Necrozma-Ultra|29/100
|-damage|p1a: Ninjask|51/100|[from] Stealth Rock
|turn|17
|
|t:|1643714260
|move|p1a: Ninjask|Protect|p1a: Ninjask
|-singleturn|p1a: Ninjask|Protect
|move|p2a: Necrozma|Photon Geyser|p1a: Ninjask
|-activate|p1a: Ninjask|move: Protect
|
|-ability|p1a: Ninjask|Speed Boost|boost
|-boost|p1a: Ninjask|spe|1
|upkeep
|turn|18
|
|t:|1643714272
|move|p1a: Ninjask|Baton Pass|p1a: Ninjask
|
|t:|1643714274
|switch|p1a: Ditto|Ditto, shiny|100/100|[from]move: Baton Pass
|-damage|p1a: Ditto|88/100|[from] Stealth Rock
|-transform|p1a: Ditto|p2a: Necrozma|[from] ability: Imposter
|move|p2a: Necrozma|Photon Geyser|p1a: Ditto
|-resisted|p1a: Ditto
|-damage|p1a: Ditto|50/100
|
|upkeep
|turn|19
|
|t:|1643714289
|move|p1a: Ditto|Photon Geyser|p2a: Necrozma
|-resisted|p2a: Necrozma
|-damage|p2a: Necrozma|0 fnt
|faint|p2a: Necrozma
|
|upkeep
|
|t:|1643714316
|switch|p2a: Arceus|Arceus, shiny|100/100
|turn|20
|
|t:|1643714321
|move|p2a: Arceus|Extreme Speed|p1a: Ditto
|-damage|p1a: Ditto|0 fnt
|faint|p1a: Ditto
|
|upkeep
|
|t:|1643714327
|switch|p1a: Ninjask|Ninjask, M|51/100
|-damage|p1a: Ninjask|1/100|[from] Stealth Rock
|turn|21
|
|t:|1643714335
|move|p1a: Ninjask|Swords Dance|p1a: Ninjask
|-boost|p1a: Ninjask|atk|2
|move|p2a: Arceus|Swords Dance|p2a: Arceus
|-boost|p2a: Arceus|atk|2
|
|-ability|p1a: Ninjask|Speed Boost|boost
|-boost|p1a: Ninjask|spe|1
|upkeep
|turn|22
|
|t:|1643714344
|move|p2a: Arceus|Extreme Speed|p1a: Ninjask
|-damage|p1a: Ninjask|0 fnt
|faint|p1a: Ninjask
|
|upkeep
|
|t:|1643714349
|switch|p1a: Groudon|Groudon-Primal|34/100
|-damage|p1a: Groudon|21/100|[from] Stealth Rock
|-weather|DesolateLand|[from] ability: Desolate Land|[of] p1a: Groudon
|turn|23
|c|☆Dominator296|Gg
|
|t:|1643714359
|move|p2a: Arceus|Extreme Speed|p1a: Groudon
|-damage|p1a: Groudon|0 fnt
|faint|p1a: Groudon
|-weather|none
|
|win|Dominator296
