|j|☆copperspray
|j|‽rowletroost
|t:|1625193205
|gametype|singles
|player|p1|copperspray|170|1746
|player|p2|rowletroost|whitney-gen2|1829
|teamsize|p1|6
|teamsize|p2|6
|gen|8
|tier|[Gen 8] National Dex AG
|rated|
|rule|HP Percentage Mod: HP is shown in percentages
|rule|Endless Battle Clause: Forcing endless battles is banned
|clearpoke
|poke|p1|Magearna|
|poke|p1|Zacian-*|
|poke|p1|Rayquaza|
|poke|p1|Groudon|
|poke|p1|Yveltal|
|poke|p1|Ho-Oh|
|poke|p2|Arceus-*|
|poke|p2|Xerneas-*|
|poke|p2|Kyogre|
|poke|p2|Marshadow|
|poke|p2|Ribombee, F|
|poke|p2|Vivillon-Savanna, M|
|teampreview
|inactive|Battle timer is ON: inactive players will automatically lose when time's up. (requested by rowletroost)
|
|t:|1625193231
|start
|switch|p1a: Yveltal|Yveltal|100/100
|switch|p2a: Ribombee|Ribombee, F, shiny|100/100
|-ability|p1a: Yveltal|Dark Aura
|turn|1
|
|t:|1625193240
|move|p2a: Ribombee|Sticky Web|p1a: Yveltal
|-sidestart|p1: copperspray|move: Sticky Web
|move|p1a: Yveltal|Taunt|p2a: Ribombee
|-start|p2a: Ribombee|move: Taunt
|
|upkeep
|turn|2
|
|t:|1625193247
|move|p2a: Ribombee|Moonblast|p1a: Yveltal
|-supereffective|p1a: Yveltal
|-damage|p1a: Yveltal|32/100
|move|p1a: Yveltal|Oblivion Wing|p2a: Ribombee
|-supereffective|p2a: Ribombee
|-enditem|p2a: Ribombee|Focus Sash
|-damage|p2a: Ribombee|1/100
|-heal|p1a: Yveltal|82/100|[from] drain|[of] p2a: Ribombee
|-damage|p1a: Yveltal|72/100|[from] item: Life Orb
|
|upkeep
|turn|3
|inactive|copperspray has 120 seconds left.
|
|t:|1625193289
|switch|p1a: Ho-Oh|Ho-Oh|100/100
|move|p2a: Ribombee|Moonblast|p1a: Ho-Oh
|-resisted|p1a: Ho-Oh
|-crit|p1a: Ho-Oh
|-damage|p1a: Ho-Oh|85/100
|-unboost|p1a: Ho-Oh|spa|1
|
|upkeep
|turn|4
|
|t:|1625193298
|switch|p2a: Kyogre|Kyogre, shiny|100/100
|detailschange|p2a: Kyogre|Kyogre-Primal, shiny
|-primal|p2a: Kyogre
|-weather|PrimordialSea|[from] ability: Primordial Sea|[of] p2a: Kyogre
|move|p1a: Ho-Oh|Tailwind|p1a: Ho-Oh
|-sidestart|p1: copperspray|move: Tailwind
|
|-weather|PrimordialSea|[upkeep]
|upkeep
|turn|5
|inactive|copperspray has 120 seconds left.
|
|t:|1625193317
|move|p1a: Ho-Oh|Defog|p2a: Kyogre
|-unboost|p2a: Kyogre|evasion|1
|-sideend|p1: copperspray|Sticky Web|[from] move: Defog|[of] p1a: Ho-Oh
|move|p2a: Kyogre|Ice Beam|p1a: Ho-Oh
|-damage|p1a: Ho-Oh|61/100
|
|-weather|PrimordialSea|[upkeep]
|upkeep
|turn|6
|
|t:|1625193325
|switch|p1a: Groudon|Groudon|100/100
|detailschange|p1a: Groudon|Groudon-Primal
|-primal|p1a: Groudon
|-weather|DesolateLand|[from] ability: Desolate Land|[of] p1a: Groudon
|move|p2a: Kyogre|Ice Beam|p1a: Groudon
|-damage|p1a: Groudon|65/100
|
|-weather|DesolateLand|[upkeep]
|upkeep
|turn|7
|inactive|copperspray has 120 seconds left.
|
|t:|1625193334
|switch|p2a: Arceus|Arceus-Ground|100/100
|move|p1a: Groudon|Precipice Blades|p2a: Arceus
|-damage|p2a: Arceus|69/100
|
|-weather|DesolateLand|[upkeep]
|-sideend|p1: copperspray|move: Tailwind
|upkeep
|turn|8
|inactive|copperspray has 120 seconds left.
|
|t:|1625193351
|-weather|none
|switch|p1a: Ho-Oh|Ho-Oh|94/100
|move|p2a: Arceus|Recover|p2a: Arceus
|-heal|p2a: Arceus|100/100
|
|upkeep
|turn|9
|inactive|copperspray has 120 seconds left.
|
|t:|1625193358
|switch|p2a: Kyogre|Kyogre-Primal, shiny|100/100
|-weather|PrimordialSea|[from] ability: Primordial Sea|[of] p2a: Kyogre
|move|p1a: Ho-Oh|Sacred Fire||[still]
|-fail|p1a: Ho-Oh|Sacred Fire|[from] Primordial Sea
|
|-weather|PrimordialSea|[upkeep]
|upkeep
|turn|10
|
|t:|1625193368
|move|p1a: Ho-Oh|Thunder Wave|p2a: Kyogre
|-status|p2a: Kyogre|par
|move|p2a: Kyogre|Origin Pulse|p1a: Ho-Oh
|-supereffective|p1a: Ho-Oh
|-damage|p1a: Ho-Oh|0 fnt
|faint|p1a: Ho-Oh
|
|-weather|PrimordialSea|[upkeep]
|upkeep
|
|t:|1625193377
|switch|p1a: Zacian|Zacian-Crowned|100/100
|-ability|p1a: Zacian|Intrepid Sword|boost
|-boost|p1a: Zacian|atk|1
|turn|11
|
|t:|1625193382
|-weather|none
|switch|p2a: Arceus|Arceus-Ground|100/100
|move|p1a: Zacian|Wild Charge|p2a: Arceus
|-immune|p2a: Arceus
|
|upkeep
|turn|12
|
|t:|1625193395
|switch|p1a: Yveltal|Yveltal|72/100
|-ability|p1a: Yveltal|Dark Aura
|move|p2a: Arceus|Ice Beam|p1a: Yveltal
|-supereffective|p1a: Yveltal
|-damage|p1a: Yveltal|26/100
|
|upkeep
|turn|13
|
|t:|1625193409
|switch|p2a: Kyogre|Kyogre-Primal, shiny|100/100 par
|-weather|PrimordialSea|[from] ability: Primordial Sea|[of] p2a: Kyogre
|move|p1a: Yveltal|Dark Pulse|p2a: Kyogre
|-damage|p2a: Kyogre|59/100 par
|-damage|p1a: Yveltal|16/100|[from] item: Life Orb
|
|-weather|PrimordialSea|[upkeep]
|upkeep
|turn|14
|
|t:|1625193412
|move|p1a: Yveltal|Oblivion Wing|p2a: Kyogre
|-damage|p2a: Kyogre|30/100 par
|-heal|p1a: Yveltal|38/100|[from] drain|[of] p2a: Kyogre
|-damage|p1a: Yveltal|28/100|[from] item: Life Orb
|move|p2a: Kyogre|Ice Beam|p1a: Yveltal
|-supereffective|p1a: Yveltal
|-damage|p1a: Yveltal|0 fnt
|faint|p1a: Yveltal
|
|-weather|PrimordialSea|[upkeep]
|upkeep
|inactive|copperspray has 120 seconds left.
|
|t:|1625193449
|switch|p1a: Groudon|Groudon-Primal|65/100
|-weather|DesolateLand|[from] ability: Desolate Land|[of] p1a: Groudon
|turn|15
|
|t:|1625193457
|move|p1a: Groudon|Precipice Blades|p2a: Kyogre
|-damage|p2a: Kyogre|0 fnt
|faint|p2a: Kyogre
|
|-weather|DesolateLand|[upkeep]
|upkeep
|
|t:|1625193462
|switch|p2a: Ribombee|Ribombee, F, shiny|1/100
|turn|16
|inactive|copperspray has 120 seconds left.
|inactive|copperspray has 90 seconds left.
|
|t:|1625193526
|switch|p2a: Arceus|Arceus-Ground|100/100
|-weather|none
|switch|p1a: Magearna|Magearna|100/100
|
|upkeep
|turn|17
|
|t:|1625193540
|move|p2a: Arceus|Judgment|p1a: Magearna
|-supereffective|p1a: Magearna
|-damage|p1a: Magearna|44/100
|move|p1a: Magearna|Shift Gear|p1a: Magearna
|-boost|p1a: Magearna|spe|2
|-boost|p1a: Magearna|atk|1
|
|upkeep
|turn|18
|
|t:|1625193555
|move|p2a: Arceus|Judgment|p1a: Magearna
|-supereffective|p1a: Magearna
|-damage|p1a: Magearna|0 fnt
|faint|p1a: Magearna
|
|upkeep
|
|t:|1625193565
|switch|p1a: Rayquaza|Rayquaza|100/100
|-ability|p1a: Rayquaza|Air Lock
|turn|19
|
|t:|1625193591
|detailschange|p1a: Rayquaza|Rayquaza-Mega
|-mega|p1a: Rayquaza|Rayquaza|
|-weather|DeltaStream|[from] ability: Delta Stream|[of] p1a: Rayquaza
|-start|p2a: Arceus|Dynamax
|-heal|p2a: Arceus|100/100|[silent]
|move|p1a: Rayquaza|Surf|p2a: Arceus
|-supereffective|p2a: Arceus
|-damage|p2a: Arceus|81/100
|move|p2a: Arceus|Max Hailstorm|p1a: Rayquaza
|-activate||deltastream
|-supereffective|p1a: Rayquaza
|-damage|p1a: Rayquaza|34/100
|
|-weather|DeltaStream|[upkeep]
|upkeep
|turn|20
|
|t:|1625193605
|move|p1a: Rayquaza|Dragon Ascent|p2a: Arceus
|-damage|p2a: Arceus|62/100
|-unboost|p1a: Rayquaza|def|1
|-unboost|p1a: Rayquaza|spd|1
|move|p2a: Arceus|Max Hailstorm|p1a: Rayquaza
|-activate||deltastream
|-supereffective|p1a: Rayquaza
|-damage|p1a: Rayquaza|0 fnt
|faint|p1a: Rayquaza
|-weather|none
|
|upkeep
|-message|copperspray forfeited.
|
|win|rowletroost
|raw|copperspray's rating: 1746 &rarr; <strong>1731</strong><br />(-15 for losing)
|raw|rowletroost's rating: 1829 &rarr; <strong>1844</strong><br />(+15 for winning)
