|j|☆Buck is stallish
|j|☆Obito152001
|t:|1664865478
|gametype|singles
|player|p1|Buck is stallish|ethan|1869
|player|p2|Obito152001|blue-gen3two|1999
|teamsize|p1|6
|teamsize|p2|6
|gen|8
|tier|[Gen 8] National Dex AG
|rated|
|rule|HP Percentage Mod: HP is shown in percentages
|rule|Endless Battle Clause: Forcing endless battles is banned
|clearpoke
|poke|p1|Ho-Oh|
|poke|p1|Zygarde|
|poke|p1|Necrozma-Dusk-Mane|
|poke|p1|Yveltal|
|poke|p1|Chansey, F|
|poke|p1|Arceus-*|
|poke|p2|Arceus-*|
|poke|p2|Arceus-*|
|poke|p2|Ditto|
|poke|p2|Grimmsnarl, M|
|poke|p2|Blastoise, F|
|poke|p2|Groudon|
|teampreview
|inactive|Battle timer is ON: inactive players will automatically lose when time's up. (requested by Buck is stallish)
|inactive|Obito152001 also wants the timer to be on.
|
|t:|1664865506
|start
|switch|p1a: dragon guardian|Zygarde|100/100
|switch|p2a: Grimmsnarl|Grimmsnarl, M|100/100
|turn|1
|
|t:|1664865514
|switch|p1a: Solar mountain|Necrozma-Dusk-Mane|100/100
|move|p2a: Grimmsnarl|Taunt|p1a: Solar mountain
|-start|p1a: Solar mountain|move: Taunt
|
|upkeep
|turn|2
|
|t:|1664865523
|switch|p2a: Arceus|Arceus-Ground|100/100
|move|p1a: Solar mountain|Knock Off|p2a: Arceus
|-damage|p2a: Arceus|84/100
|
|upkeep
|turn|3
|
|t:|1664865530
|switch|p1a: Phoenix Emperor|Ho-Oh|100/100
|move|p2a: Arceus|Will-O-Wisp|p1a: Phoenix Emperor|[miss]
|-miss|p2a: Arceus|p1a: Phoenix Emperor
|
|upkeep
|turn|4
|
|t:|1664865536
|switch|p2a: Groudon|Groudon|100/100
|detailschange|p2a: Groudon|Groudon-Primal
|-primal|p2a: Groudon
|-weather|DesolateLand|[from] ability: Desolate Land|[of] p2a: Groudon
|move|p1a: Phoenix Emperor|Brave Bird|p2a: Groudon
|-damage|p2a: Groudon|73/100
|-damage|p1a: Phoenix Emperor|92/100|[from] Recoil
|
|-weather|DesolateLand|[upkeep]
|upkeep
|turn|5
|
|t:|1664865540
|switch|p1a: dragon guardian|Zygarde|100/100
|move|p2a: Groudon|Dragon Tail|p1a: dragon guardian
|-supereffective|p1a: dragon guardian
|-damage|p1a: dragon guardian|76/100
|drag|p1a: Arceus|Arceus-Fairy|100/100
|
|-weather|DesolateLand|[upkeep]
|upkeep
|turn|6
|
|t:|1664865543
|switch|p1a: dragon guardian|Zygarde|76/100
|move|p2a: Groudon|Stealth Rock|p1a: dragon guardian
|-sidestart|p1: Buck is stallish|move: Stealth Rock
|
|-weather|DesolateLand|[upkeep]
|upkeep
|turn|7
|
|t:|1664865547
|-weather|none
|switch|p2a: Grimmsnarl|Grimmsnarl, M|100/100
|move|p1a: dragon guardian|Glare|p2a: Grimmsnarl
|-status|p2a: Grimmsnarl|par
|
|upkeep
|turn|8
|
|t:|1664865563
|switch|p1a: Solar mountain|Necrozma-Dusk-Mane|100/100
|-damage|p1a: Solar mountain|94/100|[from] Stealth Rock
|move|p2a: Grimmsnarl|Taunt|p1a: Solar mountain
|-start|p1a: Solar mountain|move: Taunt
|
|upkeep
|turn|9
|
|t:|1664865570
|switch|p1a: Phoenix Emperor|Ho-Oh|100/100
|switch|p2a: Blastoise|Blastoise, F|100/100
|
|upkeep
|turn|10
|
|t:|1664865574
|detailschange|p2a: Blastoise|Blastoise-Mega, F
|-mega|p2a: Blastoise|Blastoise|Blastoisinite
|move|p2a: Blastoise|Shell Smash|p2a: Blastoise
|-unboost|p2a: Blastoise|def|1
|-unboost|p2a: Blastoise|spd|1
|-boost|p2a: Blastoise|atk|2
|-boost|p2a: Blastoise|spa|2
|-boost|p2a: Blastoise|spe|2
|move|p1a: Phoenix Emperor|Brave Bird|p2a: Blastoise
|-damage|p2a: Blastoise|4/100
|-damage|p1a: Phoenix Emperor|78/100|[from] Recoil
|
|upkeep
|turn|11
|
|t:|1664865579
|switch|p1a: Chansey|Chansey, F|100/100
|-damage|p1a: Chansey|88/100|[from] Stealth Rock
|move|p2a: Blastoise|Water Pulse|p1a: Chansey
|-damage|p1a: Chansey|60/100
|-start|p1a: Chansey|confusion
|
|upkeep
|turn|12
|
|t:|1664865584
|switch|p1a: Raven of death|Yveltal|100/100
|-ability|p1a: Raven of death|Dark Aura
|move|p2a: Blastoise|Dark Pulse|p1a: Raven of death
|-resisted|p1a: Raven of death
|-damage|p1a: Raven of death|62/100
|
|upkeep
|turn|13
|
|t:|1664865590
|move|p1a: Raven of death|Sucker Punch||[still]
|-fail|p1a: Raven of death
|move|p2a: Blastoise|Shell Smash|p2a: Blastoise
|-unboost|p2a: Blastoise|def|1
|-unboost|p2a: Blastoise|spd|1
|-boost|p2a: Blastoise|atk|2
|-boost|p2a: Blastoise|spa|2
|-boost|p2a: Blastoise|spe|2
|
|upkeep
|turn|14
|
|t:|1664865598
|move|p1a: Raven of death|Sucker Punch||[still]
|-fail|p1a: Raven of death
|move|p2a: Blastoise|Shell Smash|p2a: Blastoise
|-unboost|p2a: Blastoise|def|1
|-unboost|p2a: Blastoise|spd|1
|-boost|p2a: Blastoise|atk|2
|-boost|p2a: Blastoise|spa|2
|-boost|p2a: Blastoise|spe|2
|
|upkeep
|turn|15
|
|t:|1664865614
|move|p1a: Raven of death|Sucker Punch|p2a: Blastoise
|-damage|p2a: Blastoise|0 fnt
|faint|p2a: Blastoise
|
|upkeep
|
|t:|1664865618
|switch|p2a: Arceus|Arceus|100/100
|turn|16
|
|t:|1664865624
|move|p2a: Arceus|Swords Dance|p2a: Arceus
|-boost|p2a: Arceus|atk|2
|move|p1a: Raven of death|Toxic|p2a: Arceus
|-status|p2a: Arceus|tox
|-enditem|p2a: Arceus|Lum Berry|[eat]
|-curestatus|p2a: Arceus|tox|[msg]
|
|upkeep
|turn|17
|
|t:|1664865634
|switch|p1a: Solar mountain|Necrozma-Dusk-Mane|94/100
|-damage|p1a: Solar mountain|88/100|[from] Stealth Rock
|move|p2a: Arceus|Extreme Speed|p1a: Solar mountain
|-resisted|p1a: Solar mountain
|-damage|p1a: Solar mountain|67/100
|-damage|p2a: Arceus|84/100|[from] item: Rocky Helmet|[of] p1a: Solar mountain
|
|upkeep
|turn|18
|
|t:|1664865641
|-start|p2a: Arceus|Dynamax|
|-heal|p2a: Arceus|84/100|[silent]
|-start|p1a: Solar mountain|Dynamax|
|-heal|p1a: Solar mountain|67/100|[silent]
|move|p2a: Arceus|Max Phantasm|p1a: Solar mountain
|-supereffective|p1a: Solar mountain
|-damage|p1a: Solar mountain|31/100
|-unboost|p1a: Solar mountain|def|1
|move|p1a: Solar mountain|Max Steelspike|p2a: Arceus
|-crit|p2a: Arceus
|-damage|p2a: Arceus|51/100
|-boost|p1a: Solar mountain|def|1
|
|upkeep
|turn|19
|
|t:|1664865644
|move|p2a: Arceus|Max Phantasm|p1a: Solar mountain
|-supereffective|p1a: Solar mountain
|-damage|p1a: Solar mountain|0 fnt
|faint|p1a: Solar mountain
|
|upkeep
|
|t:|1664865655
|switch|p1a: Arceus|Arceus-Fairy|100/100
|-damage|p1a: Arceus|88/100|[from] Stealth Rock
|turn|20
|
|t:|1664865657
|move|p2a: Arceus|Max Strike|p1a: Arceus
|-damage|p1a: Arceus|19/100
|-unboost|p1a: Arceus|spe|1
|move|p1a: Arceus|Will-O-Wisp|p2a: Arceus
|-status|p2a: Arceus|brn
|
|-damage|p2a: Arceus|48/100 brn|[from] brn
|upkeep
|-end|p2a: Arceus|Dynamax
|-heal|p2a: Arceus|48/100 brn|[silent]
|turn|21
|
|t:|1664865661
|switch|p1a: dragon guardian|Zygarde|76/100
|-damage|p1a: dragon guardian|70/100|[from] Stealth Rock
|move|p2a: Arceus|Extreme Speed|p1a: dragon guardian
|-damage|p1a: dragon guardian|46/100
|
|-damage|p2a: Arceus|41/100 brn|[from] brn
|-activate|p1a: dragon guardian|ability: Power Construct
|detailschange|p1a: dragon guardian|Zygarde-Complete
|-heal|p1a: dragon guardian|64/100|[silent]
|upkeep
|turn|22
|
|t:|1664865669
|switch|p2a: Grimmsnarl|Grimmsnarl, M|100/100 par
|move|p1a: dragon guardian|Haze|p1a: dragon guardian
|-clearallboost
|
|upkeep
|turn|23
|
|t:|1664865682
|switch|p1a: Phoenix Emperor|Ho-Oh|100/100
|cant|p2a: Grimmsnarl|par
|
|upkeep
|turn|24
|
|t:|1664865689
|move|p2a: Grimmsnarl|Reflect|p2a: Grimmsnarl
|-sidestart|p2: Obito152001|Reflect
|move|p1a: Phoenix Emperor|Defog|p2a: Grimmsnarl
|-unboost|p2a: Grimmsnarl|evasion|1
|-sideend|p2: Obito152001|Reflect
|-sideend|p1: Buck is stallish|Stealth Rock|[from] move: Defog|[of] p1a: Phoenix Emperor
|
|upkeep
|turn|25
|
|t:|1664865706
|move|p2a: Grimmsnarl|Reflect|p2a: Grimmsnarl
|-sidestart|p2: Obito152001|Reflect
|move|p1a: Phoenix Emperor|Brave Bird|p2a: Grimmsnarl
|-damage|p2a: Grimmsnarl|60/100 par
|-damage|p1a: Phoenix Emperor|88/100|[from] Recoil
|
|upkeep
|turn|26
|
|t:|1664865709
|move|p2a: Grimmsnarl|Taunt|p1a: Phoenix Emperor
|-start|p1a: Phoenix Emperor|move: Taunt
|move|p1a: Phoenix Emperor|Brave Bird|p2a: Grimmsnarl
|-damage|p2a: Grimmsnarl|20/100 par
|-damage|p1a: Phoenix Emperor|75/100|[from] Recoil
|
|upkeep
|turn|27
|
|t:|1664865714
|switch|p2a: Groudon|Groudon-Primal|73/100
|-weather|DesolateLand|[from] ability: Desolate Land|[of] p2a: Groudon
|move|p1a: Phoenix Emperor|Brave Bird|p2a: Groudon
|-damage|p2a: Groudon|59/100
|-damage|p1a: Phoenix Emperor|71/100|[from] Recoil
|
|-weather|DesolateLand|[upkeep]
|upkeep
|turn|28
|
|t:|1664865722
|switch|p1a: dragon guardian|Zygarde-Complete|64/100
|move|p2a: Groudon|Dragon Tail|p1a: dragon guardian
|-supereffective|p1a: dragon guardian
|-damage|p1a: dragon guardian|49/100
|drag|p1a: Phoenix Emperor|Ho-Oh|100/100
|
|-weather|DesolateLand|[upkeep]
|upkeep
|turn|29
|
|t:|1664865728
|move|p1a: Phoenix Emperor|Brave Bird|p2a: Groudon
|-damage|p2a: Groudon|43/100
|-damage|p1a: Phoenix Emperor|95/100|[from] Recoil
|move|p2a: Groudon|Dragon Tail|p1a: Phoenix Emperor
|-damage|p1a: Phoenix Emperor|73/100
|drag|p1a: Raven of death|Yveltal|62/100
|-ability|p1a: Raven of death|Dark Aura
|
|-weather|DesolateLand|[upkeep]
|upkeep
|turn|30
|
|t:|1664865734
|move|p1a: Raven of death|Roost|p1a: Raven of death
|-heal|p1a: Raven of death|100/100
|-singleturn|p1a: Raven of death|move: Roost
|move|p2a: Groudon|Fire Punch|p1a: Raven of death
|-damage|p1a: Raven of death|50/100
|
|-weather|DesolateLand|[upkeep]
|upkeep
|turn|31
|
|t:|1664865743
|move|p1a: Raven of death|Roost|p1a: Raven of death
|-heal|p1a: Raven of death|99/100
|-singleturn|p1a: Raven of death|move: Roost
|move|p2a: Groudon|Stealth Rock|p1a: Raven of death
|-sidestart|p1: Buck is stallish|move: Stealth Rock
|
|-weather|DesolateLand|[upkeep]
|upkeep
|turn|32
|
|t:|1664865747
|move|p1a: Raven of death|Toxic|p2a: Groudon
|-status|p2a: Groudon|tox
|move|p2a: Groudon|Fire Punch|p1a: Raven of death
|-damage|p1a: Raven of death|49/100
|
|-weather|DesolateLand|[upkeep]
|-damage|p2a: Groudon|36/100 tox|[from] psn
|-sideend|p2: Obito152001|Reflect
|upkeep
|turn|33
|
|t:|1664865754
|move|p1a: Raven of death|Roost|p1a: Raven of death
|-heal|p1a: Raven of death|99/100
|-singleturn|p1a: Raven of death|move: Roost
|move|p2a: Groudon|Dragon Tail|p1a: Raven of death
|-damage|p1a: Raven of death|82/100
|drag|p1a: Arceus|Arceus-Fairy|19/100
|-damage|p1a: Arceus|6/100|[from] Stealth Rock
|
|-weather|DesolateLand|[upkeep]
|-damage|p2a: Groudon|24/100 tox|[from] psn
|upkeep
|turn|34
|
|t:|1664865757
|move|p1a: Arceus|Recover|p1a: Arceus
|-heal|p1a: Arceus|56/100
|move|p2a: Groudon|Fire Punch|p1a: Arceus
|-damage|p1a: Arceus|25/100
|
|-weather|DesolateLand|[upkeep]
|-damage|p2a: Groudon|5/100 tox|[from] psn
|upkeep
|turn|35
|
|t:|1664865761
|move|p1a: Arceus|Recover|p1a: Arceus
|-heal|p1a: Arceus|75/100
|move|p2a: Groudon|Precipice Blades|p1a: Arceus
|-damage|p1a: Arceus|44/100
|
|-weather|DesolateLand|[upkeep]
|-damage|p2a: Groudon|0 fnt|[from] psn
|faint|p2a: Groudon
|-weather|none
|upkeep
|
|t:|1664865767
|switch|p2a: Grimmsnarl|Grimmsnarl, M|20/100 par
|turn|36
|
|t:|1664865775
|move|p2a: Grimmsnarl|Taunt|p1a: Arceus
|-start|p1a: Arceus|move: Taunt
|cant|p1a: Arceus|move: Taunt|Recover
|
|upkeep
|turn|37
|
|t:|1664865783
|switch|p2a: Arceus|Arceus-Ground|84/100
|move|p1a: Arceus|Judgment|p2a: Arceus
|-damage|p2a: Arceus|46/100
|
|upkeep
|turn|38
|
|t:|1664865788
|switch|p1a: Phoenix Emperor|Ho-Oh|100/100
|move|p2a: Arceus|Judgment|p1a: Phoenix Emperor
|-immune|p1a: Phoenix Emperor
|
|upkeep
|turn|39
|
|t:|1664865797
|switch|p2a: Ditto|Ditto, shiny|100/100
|-transform|p2a: Ditto|p1a: Phoenix Emperor|[from] ability: Imposter
|move|p1a: Phoenix Emperor|Defog|p2a: Ditto
|-unboost|p2a: Ditto|evasion|1
|-sideend|p1: Buck is stallish|Stealth Rock|[from] move: Defog|[of] p1a: Phoenix Emperor
|
|upkeep
|turn|40
|
|t:|1664865815
|switch|p2a: Arceus|Arceus|41/100 brn
|switch|p1a: dragon guardian|Zygarde-Complete|49/100
|
|-damage|p2a: Arceus|35/100 brn|[from] brn
|upkeep
|turn|41
|
|t:|1664865821
|move|p2a: Arceus|Recover|p2a: Arceus
|-heal|p2a: Arceus|85/100 brn
|move|p1a: dragon guardian|Haze|p1a: dragon guardian
|-clearallboost
|
|-damage|p2a: Arceus|79/100 brn|[from] brn
|upkeep
|turn|42
|
|t:|1664865827
|switch|p2a: Grimmsnarl|Grimmsnarl, M|20/100 par
|move|p1a: dragon guardian|Thousand Arrows|p2a: Grimmsnarl
|-damage|p2a: Grimmsnarl|0 fnt
|faint|p2a: Grimmsnarl
|
|upkeep
|
|t:|1664865830
|switch|p2a: Arceus|Arceus-Ground|46/100
|turn|43
|
|t:|1664865834
|switch|p1a: Phoenix Emperor|Ho-Oh|100/100
|move|p2a: Arceus|Ice Beam|p1a: Phoenix Emperor
|-damage|p1a: Phoenix Emperor|84/100
|
|upkeep
|turn|44
|
|t:|1664865837
|switch|p2a: Arceus|Arceus|79/100 brn
|move|p1a: Phoenix Emperor|Brave Bird|p2a: Arceus
|-damage|p2a: Arceus|36/100 brn
|-damage|p1a: Phoenix Emperor|68/100|[from] Recoil
|
|-damage|p2a: Arceus|30/100 brn|[from] brn
|upkeep
|turn|45
|
|t:|1664865841
|move|p2a: Arceus|Recover|p2a: Arceus
|-heal|p2a: Arceus|80/100 brn
|move|p1a: Phoenix Emperor|Brave Bird|p2a: Arceus
|-damage|p2a: Arceus|38/100 brn
|-damage|p1a: Phoenix Emperor|54/100|[from] Recoil
|
|-damage|p2a: Arceus|32/100 brn|[from] brn
|upkeep
|turn|46
|
|t:|1664865846
|switch|p1a: Arceus|Arceus-Fairy|44/100
|move|p2a: Arceus|Recover|p2a: Arceus
|-heal|p2a: Arceus|82/100 brn
|
|-damage|p2a: Arceus|76/100 brn|[from] brn
|upkeep
|turn|47
|
|t:|1664865851
|move|p2a: Arceus|Swords Dance|p2a: Arceus
|-boost|p2a: Arceus|atk|2
|move|p1a: Arceus|Recover|p1a: Arceus
|-heal|p1a: Arceus|94/100
|
|-damage|p2a: Arceus|70/100 brn|[from] brn
|upkeep
|turn|48
|
|t:|1664865853
|switch|p1a: dragon guardian|Zygarde-Complete|49/100
|move|p2a: Arceus|Swords Dance|p2a: Arceus
|-boost|p2a: Arceus|atk|2
|
|-damage|p2a: Arceus|64/100 brn|[from] brn
|upkeep
|turn|49
|
|t:|1664865855
|move|p2a: Arceus|Extreme Speed|p1a: dragon guardian
|-damage|p1a: dragon guardian|28/100
|move|p1a: dragon guardian|Haze|p1a: dragon guardian
|-clearallboost
|
|-damage|p2a: Arceus|58/100 brn|[from] brn
|upkeep
|turn|50
|
|t:|1664865860
|switch|p2a: Arceus|Arceus-Ground|46/100
|move|p1a: dragon guardian|Thousand Arrows|p2a: Arceus
|-damage|p2a: Arceus|23/100
|
|upkeep
|turn|51
|
|t:|1664865864
|switch|p2a: Arceus|Arceus|58/100 brn
|switch|p1a: Phoenix Emperor|Ho-Oh|87/100
|
|-damage|p2a: Arceus|52/100 brn|[from] brn
|upkeep
|turn|52
|
|t:|1664865866
|switch|p1a: dragon guardian|Zygarde-Complete|28/100
|move|p2a: Arceus|Recover|p2a: Arceus
|-heal|p2a: Arceus|100/100 brn
|
|-damage|p2a: Arceus|94/100 brn|[from] brn
|upkeep
|turn|53
|
|t:|1664865869
|switch|p2a: Arceus|Arceus-Ground|23/100
|move|p1a: dragon guardian|Rest|p1a: dragon guardian
|-status|p1a: dragon guardian|slp|[from] move: Rest
|-heal|p1a: dragon guardian|100/100 slp|[silent]
|
|upkeep
|turn|54
|
|t:|1664865873
|switch|p1a: Chansey|Chansey, F|60/100
|move|p2a: Arceus|Recover|p2a: Arceus
|-heal|p2a: Arceus|73/100
|
|upkeep
|turn|55
|
|t:|1664865875
|switch|p2a: Ditto|Ditto, shiny|100/100
|-transform|p2a: Ditto|p1a: Chansey|[from] ability: Imposter
|move|p1a: Chansey|Heal Bell|p1a: Chansey
|-activate|p1a: Chansey|move: Heal Bell
|-curestatus|p1: dragon guardian|slp|[msg]
|
|upkeep
|turn|56
|
|t:|1664865886
|switch|p1a: Phoenix Emperor|Ho-Oh|100/100
|move|p2a: Ditto|Heal Bell|p2a: Ditto
|-activate|p2a: Ditto|move: Heal Bell
|-curestatus|p2: Arceus|brn|[msg]
|
|upkeep
|turn|57
|
|t:|1664865890
|switch|p2a: Arceus|Arceus-Ground|73/100
|move|p1a: Phoenix Emperor|Sacred Fire|p2a: Arceus
|-damage|p2a: Arceus|32/100
|
|upkeep
|turn|58
|
|t:|1664865894
|move|p2a: Arceus|Ice Beam|p1a: Phoenix Emperor
|-damage|p1a: Phoenix Emperor|82/100
|move|p1a: Phoenix Emperor|Sacred Fire|p2a: Arceus
|-damage|p2a: Arceus|0 fnt
|faint|p2a: Arceus
|
|upkeep
|
|t:|1664865896
|switch|p2a: Arceus|Arceus|94/100
|turn|59
|
|t:|1664865898
|move|p2a: Arceus|Swords Dance|p2a: Arceus
|-boost|p2a: Arceus|atk|2
|move|p1a: Phoenix Emperor|Sacred Fire|p2a: Arceus
|-damage|p2a: Arceus|59/100
|
|upkeep
|turn|60
|
|t:|1664865903
|move|p2a: Arceus|Swords Dance|p2a: Arceus
|-boost|p2a: Arceus|atk|2
|move|p1a: Phoenix Emperor|Sacred Fire|p2a: Arceus
|-damage|p2a: Arceus|19/100
|-status|p2a: Arceus|brn
|
|-damage|p2a: Arceus|13/100 brn|[from] brn
|upkeep
|turn|61
|-message|Obito152001 forfeited.
|
|win|Buck is stallish
|raw|Buck is stallish's rating: 1869 &rarr; <strong>1896</strong><br />(+27 for winning)
|raw|Obito152001's rating: 1999 &rarr; <strong>1972</strong><br />(-27 for losing)
|l|☆Obito152001
