|j|☆DarkHarvest443
|j|‽BrixStillNotLuvin
|t:|1668188036
|gametype|singles
|player|p1|DarkHarvest443|az|1564
|player|p2|BrixStillNotLuvin|linebacker|1751
|teamsize|p1|6
|teamsize|p2|6
|gen|8
|tier|[Gen 8] National Dex AG
|rated|
|rule|HP Percentage Mod: HP is shown in percentages
|rule|Endless Battle Clause: Forcing endless battles is banned
|clearpoke
|poke|p1|Calyrex-Shadow|
|poke|p1|Deoxys-Speed|
|poke|p1|Rayquaza|
|poke|p1|Regieleki|
|poke|p1|Groudon|
|poke|p1|Yveltal|
|poke|p2|Zapdos|
|poke|p2|Kyogre|
|poke|p2|Arceus-*|
|poke|p2|Arceus-*|
|poke|p2|Ditto|
|poke|p2|Darkrai|
|teampreview
|inactive|Battle timer is ON: inactive players will automatically lose when time's up. (requested by BrixStillNotLuvin)
|
|t:|1668188051
|start
|switch|p1a: Deoxys|Deoxys-Speed|100/100
|switch|p2a: Kyogre|Kyogre, shiny|100/100
|-ability|p1a: Deoxys|Pressure
|detailschange|p2a: Kyogre|Kyogre-Primal, shiny
|-primal|p2a: Kyogre
|-weather|PrimordialSea|[from] ability: Primordial Sea|[of] p2a: Kyogre
|turn|1
|
|t:|1668188062
|move|p1a: Deoxys|Thunder Wave|p2a: Kyogre
|-status|p2a: Kyogre|par
|move|p2a: Kyogre|Water Spout|p1a: Deoxys
|-enditem|p1a: Deoxys|Focus Sash
|-damage|p1a: Deoxys|1/100
|
|-weather|PrimordialSea|[upkeep]
|upkeep
|turn|2
|
|t:|1668188070
|move|p1a: Deoxys|Stealth Rock|p2a: Kyogre
|-sidestart|p2: BrixStillNotLuvin|move: Stealth Rock
|move|p2a: Kyogre|Liquidation|p1a: Deoxys
|-crit|p1a: Deoxys
|-damage|p1a: Deoxys|0 fnt
|faint|p1a: Deoxys
|
|-weather|PrimordialSea|[upkeep]
|upkeep
|inactive|DarkHarvest443 has 120 seconds left.
|
|t:|1668188109
|switch|p1a: Regieleki|Regieleki|100/100
|turn|3
|inactive|DarkHarvest443 has 120 seconds left.
|
|t:|1668188126
|move|p1a: Regieleki|Wild Charge|p2a: Kyogre
|-supereffective|p2a: Kyogre
|-crit|p2a: Kyogre
|-damage|p2a: Kyogre|0 fnt
|faint|p2a: Kyogre
|-weather|none
|-damage|p1a: Regieleki|67/100|[from] Recoil
|
|upkeep
|
|t:|1668188140
|switch|p2a: Arceus|Arceus-Fairy|100/100
|-damage|p2a: Arceus|88/100|[from] Stealth Rock
|turn|4
|
|t:|1668188153
|-zpower|p1a: Regieleki
|move|p1a: Regieleki|Gigavolt Havoc|p2a: Arceus|[zeffect]
|-damage|p2a: Arceus|11/100
|move|p2a: Arceus|Judgment|p1a: Regieleki
|-damage|p1a: Regieleki|0 fnt
|faint|p1a: Regieleki
|
|upkeep
|inactive|DarkHarvest443 has 120 seconds left.
|
|t:|1668188167
|switch|p1a: Calyrex|Calyrex-Shadow|100/100
|-ability|p1a: Calyrex|As One
|-ability|p1a: Calyrex|Unnerve
|turn|5
|
|t:|1668188176
|switch|p2a: Arceus|Arceus|100/100
|-damage|p2a: Arceus|88/100|[from] Stealth Rock
|move|p1a: Calyrex|Psyshock|p2a: Arceus
|-damage|p2a: Arceus|57/100
|
|-heal|p2a: Arceus|63/100|[from] item: Leftovers
|upkeep
|turn|6
|inactive|DarkHarvest443 has 120 seconds left.
|
|t:|1668188200
|switch|p1a: Yveltal|Yveltal|100/100
|-ability|p1a: Yveltal|Dark Aura
|move|p2a: Arceus|Swords Dance|p2a: Arceus
|-boost|p2a: Arceus|atk|2
|
|-heal|p2a: Arceus|69/100|[from] item: Leftovers
|upkeep
|turn|7
|inactive|DarkHarvest443 has 120 seconds left.
|inactive|DarkHarvest443 has 90 seconds left.
|
|t:|1668188238
|-start|p1a: Yveltal|Dynamax|
|-heal|p1a: Yveltal|100/100|[silent]
|move|p2a: Arceus|Extreme Speed|p1a: Yveltal
|-damage|p1a: Yveltal|73/100
|move|p1a: Yveltal|Max Darkness|p2a: Arceus
|-damage|p2a: Arceus|0 fnt
|faint|p2a: Arceus
|-damage|p1a: Yveltal|68/100|[from] item: Life Orb
|
|upkeep
|
|t:|1668188249
|switch|p2a: Arceus|Arceus-Fairy|11/100
|-damage|p2a: Arceus|0 fnt|[from] Stealth Rock
|faint|p2a: Arceus
|
|t:|1668188256
|switch|p2a: Darkrai|Darkrai, shiny|100/100
|-damage|p2a: Darkrai|88/100|[from] Stealth Rock
|turn|8
|inactive|DarkHarvest443 has 90 seconds left.
|
|t:|1668188276
|move|p2a: Darkrai|Hypnosis|p1a: Yveltal
|-status|p1a: Yveltal|slp|[from] move: Hypnosis
|cant|p1a: Yveltal|slp
|
|-heal|p2a: Darkrai|94/100|[from] item: Leftovers
|-damage|p1a: Yveltal|62/100 slp|[from] ability: Bad Dreams|[of] p2a: Darkrai
|upkeep
|turn|9
|inactive|DarkHarvest443 has 90 seconds left.
|
|t:|1668188288
|move|p2a: Darkrai|Substitute|p2a: Darkrai
|-start|p2a: Darkrai|Substitute
|-damage|p2a: Darkrai|69/100
|cant|p1a: Yveltal|slp
|
|-heal|p2a: Darkrai|75/100|[from] item: Leftovers
|-damage|p1a: Yveltal|55/100 slp|[from] ability: Bad Dreams|[of] p2a: Darkrai
|upkeep
|-end|p1a: Yveltal|Dynamax
|-heal|p1a: Yveltal|55/100 slp|[silent]
|turn|10
|
|t:|1668188297
|move|p2a: Darkrai|Nasty Plot|p2a: Darkrai
|-boost|p2a: Darkrai|spa|2
|cant|p1a: Yveltal|slp
|
|-heal|p2a: Darkrai|81/100|[from] item: Leftovers
|-damage|p1a: Yveltal|43/100 slp|[from] ability: Bad Dreams|[of] p2a: Darkrai
|upkeep
|turn|11
|
|t:|1668188305
|-curestatus|p1a: Yveltal|slp|[msg]
|move|p1a: Yveltal|Sucker Punch|p2a: Darkrai
|-resisted|p2a: Darkrai
|-end|p2a: Darkrai|Substitute
|-damage|p1a: Yveltal|33/100|[from] item: Life Orb
|move|p2a: Darkrai|Dark Pulse|p1a: Yveltal
|-resisted|p1a: Yveltal
|-damage|p1a: Yveltal|0 fnt
|faint|p1a: Yveltal
|
|-heal|p2a: Darkrai|87/100|[from] item: Leftovers
|upkeep
|inactive|DarkHarvest443 has 90 seconds left.
|inactive|DarkHarvest443 has 60 seconds left.
|
|t:|1668188365
|switch|p1a: Rayquaza|Rayquaza, shiny|100/100
|-ability|p1a: Rayquaza|Air Lock
|turn|12
|
|t:|1668188369
|detailschange|p1a: Rayquaza|Rayquaza-Mega, shiny
|-mega|p1a: Rayquaza|Rayquaza|
|-weather|DeltaStream|[from] ability: Delta Stream|[of] p1a: Rayquaza
|move|p1a: Rayquaza|Extreme Speed|p2a: Darkrai
|-damage|p2a: Darkrai|24/100
|-damage|p1a: Rayquaza|91/100|[from] item: Life Orb
|move|p2a: Darkrai|Hypnosis|p1a: Rayquaza
|-status|p1a: Rayquaza|slp|[from] move: Hypnosis
|
|-weather|DeltaStream|[upkeep]
|-heal|p2a: Darkrai|30/100|[from] item: Leftovers
|-damage|p1a: Rayquaza|78/100 slp|[from] ability: Bad Dreams|[of] p2a: Darkrai
|upkeep
|turn|13
|inactive|DarkHarvest443 has 60 seconds left.
|
|t:|1668188382
|cant|p1a: Rayquaza|slp
|move|p2a: Darkrai|Dark Pulse|p1a: Rayquaza
|-damage|p1a: Rayquaza|0 fnt
|faint|p1a: Rayquaza
|-weather|none
|
|-heal|p2a: Darkrai|36/100|[from] item: Leftovers
|upkeep
|inactive|DarkHarvest443 has 60 seconds left.
|
|t:|1668188393
|switch|p1a: Calyrex|Calyrex-Shadow|100/100
|-ability|p1a: Calyrex|As One
|-ability|p1a: Calyrex|Unnerve
|turn|14
|inactive|DarkHarvest443 has 60 seconds left.
|
|t:|1668188401
|-start|p2a: Darkrai|Dynamax|
|-heal|p2a: Darkrai|36/100|[silent]
|move|p1a: Calyrex|Draining Kiss|p2a: Darkrai
|-supereffective|p2a: Darkrai
|-damage|p2a: Darkrai|9/100
|move|p2a: Darkrai|Max Darkness|p1a: Calyrex
|-supereffective|p1a: Calyrex
|-enditem|p1a: Calyrex|Focus Sash
|-damage|p1a: Calyrex|1/100
|-unboost|p1a: Calyrex|spd|1
|
|-heal|p2a: Darkrai|12/100|[from] item: Leftovers
|upkeep
|turn|15
|inactive|DarkHarvest443 has 60 seconds left.
|
|t:|1668188416
|move|p2a: Darkrai|Max Guard|p2a: Darkrai
|-singleturn|p2a: Darkrai|Max Guard
|move|p1a: Calyrex|Draining Kiss|p2a: Darkrai
|-activate|p2a: Darkrai|move: Max Guard
|
|-heal|p2a: Darkrai|15/100|[from] item: Leftovers
|upkeep
|turn|16
|inactive|DarkHarvest443 has 60 seconds left.
|
|t:|1668188430
|-end|p2a: Darkrai|Dynamax
|-heal|p2a: Darkrai|15/100|[silent]
|switch|p2a: Zapdos|Zapdos, shiny|100/100
|-damage|p2a: Zapdos|75/100|[from] Stealth Rock
|move|p1a: Calyrex|Draining Kiss|p2a: Zapdos
|-damage|p2a: Zapdos|54/100
|-heal|p1a: Calyrex|19/100|[from] drain|[of] p2a: Zapdos
|-damage|p1a: Calyrex|2/100|[from] item: Rocky Helmet|[of] p2a: Zapdos
|-status|p1a: Calyrex|par|[from] ability: Static|[of] p2a: Zapdos
|
|upkeep
|turn|17
|inactive|DarkHarvest443 has 60 seconds left.
|
|t:|1668188443
|move|p2a: Zapdos|Heat Wave|p1a: Calyrex
|-crit|p1a: Calyrex
|-damage|p1a: Calyrex|0 fnt
|faint|p1a: Calyrex
|
|upkeep
|-message|DarkHarvest443 forfeited.
|
|win|BrixStillNotLuvin
|raw|DarkHarvest443's rating: 1564 &rarr; <strong>1554</strong><br />(-10 for losing)
|raw|BrixStillNotLuvin's rating: 1751 &rarr; <strong>1761</strong><br />(+10 for winning)
|l|☆DarkHarvest443
