|j|☆Chayel
|j|‽85792195wwww
|t:|1619188243
|gametype|singles
|player|p1|Chayel|swimmerf-gen4|1705
|player|p2|85792195wwww|lady|1847
|teamsize|p1|6
|teamsize|p2|6
|gen|8
|tier|[Gen 8] National Dex AG
|rated|
|clearpoke
|poke|p1|Zacian-Crowned|
|poke|p1|Calyrex-Shadow|
|poke|p1|Xerneas|
|poke|p1|Yveltal|
|poke|p1|Rayquaza|
|poke|p1|Ditto|
|poke|p2|Rayquaza|
|poke|p2|Arceus-*|
|poke|p2|Zacian-Crowned|
|poke|p2|Marshadow|
|poke|p2|Kyogre|
|poke|p2|Ditto|
|rule|HP Percentage Mod: HP is shown in percentages
|rule|Endless Battle Clause: Forcing endless battles is banned
|teampreview
|
|t:|1619188261
|start
|switch|p1a: Yveltal|Yveltal|100/100
|switch|p2a: Zacian|Zacian-Crowned|100/100
|-ability|p2a: Zacian|Intrepid Sword|boost
|-boost|p2a: Zacian|atk|1
|-ability|p1a: Yveltal|Dark Aura
|turn|1
|
|t:|1619188270
|move|p2a: Zacian|Behemoth Blade|p1a: Yveltal
|-damage|p1a: Yveltal|15/100
|move|p1a: Yveltal|Heat Wave|p2a: Zacian
|-supereffective|p2a: Zacian
|-damage|p2a: Zacian|37/100
|
|upkeep
|turn|2
|
|t:|1619188279
|move|p1a: Yveltal|Sucker Punch||[still]
|-fail|p1a: Yveltal
|move|p2a: Zacian|Substitute|p2a: Zacian
|-start|p2a: Zacian|Substitute
|-damage|p2a: Zacian|12/100
|
|upkeep
|turn|3
|
|t:|1619188292
|switch|p2a: Arceus|Arceus-Electric|100/100
|move|p1a: Yveltal|Sucker Punch||[still]
|-fail|p1a: Yveltal
|
|upkeep
|turn|4
|
|t:|1619188299
|move|p2a: Arceus|Stealth Rock|p1a: Yveltal
|-sidestart|p1: Chayel|move: Stealth Rock
|move|p1a: Yveltal|Heat Wave|p2a: Arceus
|-damage|p2a: Arceus|75/100
|
|upkeep
|turn|5
|
|t:|1619188306
|move|p2a: Arceus|Judgment|p1a: Yveltal
|-supereffective|p1a: Yveltal
|-damage|p1a: Yveltal|0 fnt
|faint|p1a: Yveltal
|
|upkeep
|
|t:|1619188315
|switch|p1a: Rayquaza|Rayquaza|100/100
|-damage|p1a: Rayquaza|76/100|[from] Stealth Rock
|-ability|p1a: Rayquaza|Air Lock
|turn|6
|
|t:|1619188322
|detailschange|p1a: Rayquaza|Rayquaza-Mega
|-mega|p1a: Rayquaza|Rayquaza|
|-weather|DeltaStream|[from] ability: Delta Stream|[of] p1a: Rayquaza
|move|p2a: Arceus|Ice Beam|p1a: Rayquaza
|-activate||deltastream
|-supereffective|p1a: Rayquaza
|-damage|p1a: Rayquaza|23/100
|move|p1a: Rayquaza|Earthquake|p2a: Arceus
|-supereffective|p2a: Arceus
|-damage|p2a: Arceus|8/100
|
|-weather|DeltaStream|[upkeep]
|upkeep
|turn|7
|
|t:|1619188339
|move|p1a: Rayquaza|Extreme Speed|p2a: Arceus
|-damage|p2a: Arceus|0 fnt
|faint|p2a: Arceus
|
|-weather|DeltaStream|[upkeep]
|upkeep
|
|t:|1619188344
|switch|p2a: Marshadow|Marshadow|100/100
|turn|8
|
|t:|1619188351
|move|p2a: Marshadow|Close Combat|p1a: Rayquaza
|-resisted|p1a: Rayquaza
|-damage|p1a: Rayquaza|0 fnt
|-unboost|p2a: Marshadow|def|1
|-unboost|p2a: Marshadow|spd|1
|-damage|p2a: Marshadow|91/100|[from] item: Life Orb
|faint|p1a: Rayquaza
|-weather|none
|
|upkeep
|
|t:|1619188362
|switch|p1a: Xerneas|Xerneas|100/100
|-damage|p1a: Xerneas|88/100|[from] Stealth Rock
|-ability|p1a: Xerneas|Fairy Aura
|turn|9
|
|t:|1619188368
|move|p2a: Marshadow|Poltergeist|p1a: Xerneas
|-activate|p1a: Xerneas|move: Poltergeist|Power Herb
|-damage|p1a: Xerneas|35/100
|-damage|p2a: Marshadow|81/100|[from] item: Life Orb
|move|p1a: Xerneas|Geomancy||[still]
|-prepare|p1a: Xerneas|Geomancy
|-enditem|p1a: Xerneas|Power Herb
|-anim|p1a: Xerneas|Geomancy|p1a: Xerneas
|-boost|p1a: Xerneas|spa|2
|-boost|p1a: Xerneas|spd|2
|-boost|p1a: Xerneas|spe|2
|
|upkeep
|turn|10
|
|t:|1619188385
|switch|p2a: Zacian|Zacian-Crowned|12/100
|-ability|p2a: Zacian|Intrepid Sword|boost
|-boost|p2a: Zacian|atk|1
|move|p1a: Xerneas|Moonblast|p2a: Zacian
|-resisted|p2a: Zacian
|-damage|p2a: Zacian|0 fnt
|faint|p2a: Zacian
|
|upkeep
|
|t:|1619188395
|switch|p2a: Ditto|Ditto|100/100
|-transform|p2a: Ditto|p1a: Xerneas|[from] ability: Imposter
|-ability|p2a: Ditto|Fairy Aura
|turn|11
|inactive|Battle timer is ON: inactive players will automatically lose when time's up. (requested by Chayel)
|
|t:|1619188402
|-start|p1a: Xerneas|Dynamax
|-heal|p1a: Xerneas|35/100|[silent]
|move|p2a: Ditto|Moonblast|p1a: Xerneas
|-damage|p1a: Xerneas|7/100
|-unboost|p1a: Xerneas|spa|1
|move|p1a: Xerneas|Max Steelspike|p2a: Ditto
|-supereffective|p2a: Ditto
|-damage|p2a: Ditto|10/100
|-boost|p1a: Xerneas|def|1
|
|upkeep
|turn|12
|
|t:|1619188414
|move|p2a: Ditto|Moonblast|p1a: Xerneas
|-damage|p1a: Xerneas|0 fnt
|faint|p1a: Xerneas
|
|upkeep
|
|t:|1619188418
|switch|p1a: Calyrex|Calyrex-Shadow|100/100
|-ability|p1a: Calyrex|As One
|-ability|p1a: Calyrex|Unnerve
|-damage|p1a: Calyrex|88/100|[from] Stealth Rock
|turn|13
|
|t:|1619188436
|-start|p2a: Ditto|Dynamax
|-heal|p2a: Ditto|10/100|[silent]
|move|p2a: Ditto|Max Starfall|p1a: Calyrex
|-damage|p1a: Calyrex|0 fnt
|-fieldstart|move: Misty Terrain
|faint|p1a: Calyrex
|
|upkeep
|
|t:|1619188442
|switch|p1a: Zacian|Zacian-Crowned|100/100
|-damage|p1a: Zacian|94/100|[from] Stealth Rock
|-ability|p1a: Zacian|Intrepid Sword|boost
|-boost|p1a: Zacian|atk|1
|turn|14
|
|t:|1619188458
|move|p2a: Ditto|Max Steelspike|p1a: Zacian
|-damage|p1a: Zacian|9/100
|-boost|p2a: Ditto|def|1
|move|p1a: Zacian|Behemoth Blade|p2a: Ditto
|-supereffective|p2a: Ditto
|-damage|p2a: Ditto|0 fnt
|faint|p2a: Ditto
|
|upkeep
|
|t:|1619188468
|switch|p2a: Marshadow|Marshadow|81/100
|turn|15
|
|t:|1619188471
|move|p2a: Marshadow|Shadow Sneak|p1a: Zacian
|-damage|p1a: Zacian|0 fnt
|-damage|p2a: Marshadow|71/100|[from] item: Life Orb
|faint|p1a: Zacian
|
|upkeep
|
|t:|1619188480
|switch|p1a: Ditto|Ditto|100/100
|-damage|p1a: Ditto|88/100|[from] Stealth Rock
|-transform|p1a: Ditto|p2a: Marshadow|[from] ability: Imposter
|turn|16
|
|t:|1619188486
|switch|p2a: Kyogre|Kyogre|100/100
|detailschange|p2a: Kyogre|Kyogre-Primal
|-primal|p2a: Kyogre
|-weather|PrimordialSea|[from] ability: Primordial Sea|[of] p2a: Kyogre
|move|p1a: Ditto|Shadow Sneak|p2a: Kyogre
|-damage|p2a: Kyogre|74/100
|
|-weather|PrimordialSea|[upkeep]
|upkeep
|turn|17
|
|t:|1619188495
|move|p1a: Ditto|Poltergeist|p2a: Kyogre|[miss]
|-miss|p1a: Ditto|p2a: Kyogre
|move|p2a: Kyogre|Scald|p1a: Ditto
|-damage|p1a: Ditto|0 fnt
|faint|p1a: Ditto
|
|win|85792195wwww
|raw|Chayel's rating: 1705 &rarr; <strong>1693</strong><br />(-12 for losing)
|raw|85792195wwww's rating: 1847 &rarr; <strong>1859</strong><br />(+12 for winning)
|l|☆Chayel
