|j|☆Mango35
|j|☆ArceusMaliciousJR
|t:|1631195396
|gametype|singles
|player|p1|Mango35|169|1791
|player|p2|ArceusMaliciousJR|steven|1969
|teamsize|p1|6
|teamsize|p2|6
|gen|8
|tier|[Gen 8] National Dex AG
|rated|
|rule|HP Percentage Mod: HP is shown in percentages
|rule|Endless Battle Clause: Forcing endless battles is banned
|clearpoke
|poke|p1|Ditto|
|poke|p1|Groudon|
|poke|p1|Arceus-*|
|poke|p1|Rayquaza|
|poke|p1|Zygarde|
|poke|p1|Calyrex-Shadow|
|poke|p2|Xerneas-*|
|poke|p2|Necrozma-Dusk-Mane|
|poke|p2|Rayquaza|
|poke|p2|Yveltal|
|poke|p2|Arceus-*|
|poke|p2|Groudon|
|teampreview
|
|t:|1631195412
|start
|switch|p1a: Rayquaza|Rayquaza|100/100
|switch|p2a: Rayquaza|Rayquaza|100/100
|-ability|p2a: Rayquaza|Air Lock
|-ability|p1a: Rayquaza|Air Lock
|turn|1
|
|t:|1631195436
|detailschange|p2a: Rayquaza|Rayquaza-Mega
|-mega|p2a: Rayquaza|Rayquaza|
|-weather|DeltaStream|[from] ability: Delta Stream|[of] p2a: Rayquaza
|detailschange|p1a: Rayquaza|Rayquaza-Mega
|-mega|p1a: Rayquaza|Rayquaza|
|move|p2a: Rayquaza|Scale Shot|p1a: Rayquaza
|-supereffective|p1a: Rayquaza
|-damage|p1a: Rayquaza|55/100
|-supereffective|p1a: Rayquaza
|-damage|p1a: Rayquaza|8/100
|-supereffective|p1a: Rayquaza
|-damage|p1a: Rayquaza|0 fnt
|faint|p1a: Rayquaza
|-hitcount|p1: Rayquaza|3
|-unboost|p2a: Rayquaza|def|1
|-boost|p2a: Rayquaza|spe|1
|-damage|p2a: Rayquaza|91/100|[from] item: Life Orb
|
|-weather|DeltaStream|[upkeep]
|upkeep
|j| Discoii
|
|t:|1631195457
|switch|p1a: Ditto|Ditto|100/100
|-transform|p1a: Ditto|p2a: Rayquaza|[from] ability: Imposter
|turn|2
|
|t:|1631195461
|move|p2a: Rayquaza|Extreme Speed|p1a: Ditto
|-damage|p1a: Ditto|15/100
|-damage|p2a: Rayquaza|81/100|[from] item: Life Orb
|move|p1a: Ditto|Scale Shot|p2a: Rayquaza
|-supereffective|p2a: Rayquaza
|-damage|p2a: Rayquaza|31/100
|-supereffective|p2a: Rayquaza
|-damage|p2a: Rayquaza|0 fnt
|faint|p2a: Rayquaza
|-hitcount|p2: Rayquaza|2
|-unboost|p1a: Ditto|def|1
|-boost|p1a: Ditto|spe|1
|
|-weather|DeltaStream|[upkeep]
|upkeep
|
|t:|1631195472
|switch|p2a: Xerneas|Xerneas|100/100
|-ability|p2a: Xerneas|Fairy Aura
|turn|3
|
|t:|1631195476
|-weather|none
|switch|p1a: Groudon|Groudon|100/100
|detailschange|p1a: Groudon|Groudon-Primal
|-primal|p1a: Groudon
|-weather|DesolateLand|[from] ability: Desolate Land|[of] p1a: Groudon
|move|p2a: Xerneas|Geomancy||[still]
|-prepare|p2a: Xerneas|Geomancy
|-enditem|p2a: Xerneas|Power Herb
|-anim|p2a: Xerneas|Geomancy|p2a: Xerneas
|-boost|p2a: Xerneas|spa|2
|-boost|p2a: Xerneas|spd|2
|-boost|p2a: Xerneas|spe|2
|
|-weather|DesolateLand|[upkeep]
|upkeep
|turn|4
|c| Discoii|F
|
|t:|1631195490
|-start|p2a: Xerneas|Dynamax
|-heal|p2a: Xerneas|100/100|[silent]
|move|p2a: Xerneas|Max Quake|p1a: Groudon
|-supereffective|p1a: Groudon
|-damage|p1a: Groudon|0 fnt
|-boost|p2a: Xerneas|spd|1
|faint|p1a: Groudon
|-weather|none
|
|upkeep
|
|t:|1631195500
|switch|p1a: Ditto|Ditto|15/100
|-transform|p1a: Ditto|p2a: Xerneas|[from] ability: Imposter
|-ability|p1a: Ditto|Fairy Aura
|turn|5
|c|☆Mango35|thats gg
|
|t:|1631195514
|-start|p1a: Ditto|Dynamax
|-heal|p1a: Ditto|15/100|[silent]
|move|p1a: Ditto|Max Guard|p1a: Ditto
|-singleturn|p1a: Ditto|Max Guard
|move|p2a: Xerneas|Max Starfall|p1a: Ditto
|-activate|p1a: Ditto|move: Max Guard
|
|upkeep
|turn|6
|
|t:|1631195521
|move|p2a: Xerneas|Max Starfall|p1a: Ditto
|-crit|p1a: Ditto
|-damage|p1a: Ditto|0 fnt
|-fieldstart|move: Misty Terrain
|faint|p1a: Ditto
|
|-end|p2a: Xerneas|Dynamax
|-heal|p2a: Xerneas|100/100|[silent]
|upkeep
|
|t:|1631195528
|switch|p1a: Arceus|Arceus-Dark|100/100
|turn|7
|
|t:|1631195530
|move|p2a: Xerneas|Moonblast|p1a: Arceus
|-supereffective|p1a: Arceus
|-damage|p1a: Arceus|0 fnt
|faint|p1a: Arceus
|
|upkeep
|
|t:|1631195535
|switch|p1a: Calyrex|Calyrex-Shadow|100/100
|-ability|p1a: Calyrex|As One
|-ability|p1a: Calyrex|Unnerve
|turn|8
|
|t:|1631195540
|move|p2a: Xerneas|Moonblast|p1a: Calyrex
|-damage|p1a: Calyrex|0 fnt
|faint|p1a: Calyrex
|
|upkeep
|
|t:|1631195543
|switch|p1a: Zygarde|Zygarde|100/100
|turn|9
|
|t:|1631195547
|move|p2a: Xerneas|Moonblast|p1a: Zygarde
|-supereffective|p1a: Zygarde
|-damage|p1a: Zygarde|0 fnt
|faint|p1a: Zygarde
|
|win|ArceusMaliciousJR
|raw|Mango35's rating: 1790 &rarr; <strong>1779</strong><br />(-11 for losing)
|raw|ArceusMaliciousJR's rating: 1969 &rarr; <strong>1980</strong><br />(+11 for winning)
|l|☆Mango35
|l| Discoii
|l|☆ArceusMaliciousJR
|j|☆ArceusMaliciousJR
|player|p2|ArceusMaliciousJR|steven
||Ladder isn't responding, score probably updated but might not have (Request timeout).
