|j|☆CLEAR GEM清瑜
|j|☆amnael01
|t:|1661704116
|gametype|singles
|player|p1|CLEAR GEM清瑜|skierf|1747
|player|p2|amnael01|101|1801
|teamsize|p1|6
|teamsize|p2|6
|gen|8
|tier|[Gen 8] National Dex AG
|rated|
|rule|HP Percentage Mod: HP is shown in percentages
|rule|Endless Battle Clause: Forcing endless battles is banned
|clearpoke
|poke|p1|Rayquaza|
|poke|p1|Groudon|
|poke|p1|Necrozma-Dusk-Mane|
|poke|p1|Arceus-*|
|poke|p1|Arceus-*|
|poke|p1|Arceus-*|
|poke|p2|Smeargle, M|
|poke|p2|Groudon|
|poke|p2|Espeon, F|
|poke|p2|Rayquaza|
|poke|p2|Xerneas-*|
|poke|p2|Zacian-*|
|teampreview
|inactive|Battle timer is ON: inactive players will automatically lose when time's up. (requested by amnael01)
|inactive|CLEAR GEM清瑜 also wants the timer to be on.
|
|t:|1661704130
|start
|switch|p1a: 究极辅助|Arceus-Dark|100/100
|switch|p2a: Rayquaza|Rayquaza|100/100
|-ability|p2a: Rayquaza|Air Lock
|turn|1
|c|☆CLEAR GEM清瑜|关注嘉然喵，关注嘉然谢谢喵
|
|t:|1661704141
|detailschange|p2a: Rayquaza|Rayquaza-Mega
|-mega|p2a: Rayquaza|Rayquaza|
|-weather|DeltaStream|[from] ability: Delta Stream|[of] p2a: Rayquaza
|move|p2a: Rayquaza|Dragon Dance|p2a: Rayquaza
|-boost|p2a: Rayquaza|atk|1
|-boost|p2a: Rayquaza|spe|1
|move|p1a: 究极辅助|Judgment|p2a: Rayquaza
|-damage|p2a: Rayquaza|43/100
|
|-weather|DeltaStream|[upkeep]
|upkeep
|turn|2
|
|t:|1661704145
|move|p2a: Rayquaza|Dragon Ascent|p1a: 究极辅助
|-damage|p1a: 究极辅助|26/100
|-unboost|p2a: Rayquaza|def|1
|-unboost|p2a: Rayquaza|spd|1
|move|p1a: 究极辅助|Judgment|p2a: Rayquaza
|-damage|p2a: Rayquaza|0 fnt
|faint|p2a: Rayquaza
|-weather|none
|
|upkeep
|
|t:|1661704148
|switch|p2a: Zacian|Zacian-Crowned|100/100
|-ability|p2a: Zacian|Intrepid Sword|boost
|-boost|p2a: Zacian|atk|1
|turn|3
|
|t:|1661704151
|move|p2a: Zacian|Behemoth Blade|p1a: 究极辅助
|-damage|p1a: 究极辅助|0 fnt
|faint|p1a: 究极辅助
|
|upkeep
|
|t:|1661704153
|switch|p1a: 不会(?)|Groudon|100/100
|detailschange|p1a: 不会(?)|Groudon-Primal
|-primal|p1a: 不会(?)
|-weather|DesolateLand|[from] ability: Desolate Land|[of] p1a: 不会(?)
|turn|4
|
|t:|1661704156
|switch|p2a: Espeon|Espeon, F|100/100
|move|p1a: 不会(?)|Stealth Rock|p2a: Espeon
|move|p2a: Espeon|Stealth Rock|p1a: 不会(?)|[from]ability: Magic Bounce
|-sidestart|p1: CLEAR GEM清瑜|move: Stealth Rock
|
|-weather|DesolateLand|[upkeep]
|upkeep
|turn|5
|
|t:|1661704159
|move|p2a: Espeon|Psychic|p1a: 不会(?)
|-damage|p1a: 不会(?)|58/100
|move|p1a: 不会(?)|Stealth Rock|p2a: Espeon
|move|p2a: Espeon|Stealth Rock||[from]ability: Magic Bounce|[still]
|-fail|p2a: Espeon
|
|-weather|DesolateLand|[upkeep]
|upkeep
|turn|6
|
|t:|1661704162
|move|p2a: Espeon|Psychic|p1a: 不会(?)
|-damage|p1a: 不会(?)|13/100
|-unboost|p1a: 不会(?)|spd|1
|move|p1a: 不会(?)|Heat Crash|p2a: Espeon
|-enditem|p2a: Espeon|Focus Sash
|-damage|p2a: Espeon|1/100
|
|-weather|DesolateLand|[upkeep]
|upkeep
|turn|7
|
|t:|1661704164
|move|p2a: Espeon|Psychic|p1a: 不会(?)
|-damage|p1a: 不会(?)|0 fnt
|faint|p1a: 不会(?)
|-weather|none
|
|upkeep
|
|t:|1661704166
|switch|p1a: 烈龙无敌|Rayquaza, shiny|100/100
|-damage|p1a: 烈龙无敌|76/100|[from] Stealth Rock
|-ability|p1a: 烈龙无敌|Air Lock
|turn|8
|
|t:|1661704170
|detailschange|p1a: 烈龙无敌|Rayquaza-Mega, shiny
|-mega|p1a: 烈龙无敌|Rayquaza|
|-weather|DeltaStream|[from] ability: Delta Stream|[of] p1a: 烈龙无敌
|move|p1a: 烈龙无敌|Extreme Speed|p2a: Espeon
|-damage|p2a: Espeon|0 fnt
|faint|p2a: Espeon
|
|-weather|DeltaStream|[upkeep]
|upkeep
|
|t:|1661704175
|switch|p2a: Zacian|Zacian-Crowned|100/100
|-ability|p2a: Zacian|Intrepid Sword|boost
|-boost|p2a: Zacian|atk|1
|turn|9
|
|t:|1661704177
|move|p2a: Zacian|Behemoth Blade|p1a: 烈龙无敌
|-damage|p1a: 烈龙无敌|0 fnt
|faint|p1a: 烈龙无敌
|-weather|none
|
|upkeep
|
|t:|1661704179
|switch|p1a: 乱杀P古|Arceus-Ground|100/100
|-damage|p1a: 乱杀P古|94/100|[from] Stealth Rock
|turn|10
|
|t:|1661704183
|move|p2a: Zacian|Behemoth Blade|p1a: 乱杀P古
|-damage|p1a: 乱杀P古|28/100
|move|p1a: 乱杀P古|Stealth Rock|p2a: Zacian
|-sidestart|p2: amnael01|move: Stealth Rock
|
|upkeep
|turn|11
|
|t:|1661704186
|move|p2a: Zacian|Behemoth Blade|p1a: 乱杀P古
|-damage|p1a: 乱杀P古|0 fnt
|faint|p1a: 乱杀P古
|
|upkeep
|
|t:|1661704189
|switch|p1a: 钢铁之躯|Necrozma-Dusk-Mane|100/100
|-damage|p1a: 钢铁之躯|94/100|[from] Stealth Rock
|turn|12
|
|t:|1661704192
|move|p2a: Zacian|Close Combat|p1a: 钢铁之躯
|-damage|p1a: 钢铁之躯|37/100
|-unboost|p2a: Zacian|def|1
|-unboost|p2a: Zacian|spd|1
|move|p1a: 钢铁之躯|Dragon Dance|p1a: 钢铁之躯
|-boost|p1a: 钢铁之躯|atk|1
|-boost|p1a: 钢铁之躯|spe|1
|
|upkeep
|turn|13
|
|t:|1661704194
|detailschange|p1a: 钢铁之躯|Necrozma-Ultra
|-burst|p1a: 钢铁之躯|Necrozma|Ultranecrozium Z
|move|p1a: 钢铁之躯|Earthquake|p2a: Zacian
|-supereffective|p2a: Zacian
|-damage|p2a: Zacian|0 fnt
|faint|p2a: Zacian
|
|upkeep
|
|t:|1661704196
|switch|p2a: Xerneas|Xerneas|100/100
|-damage|p2a: Xerneas|88/100|[from] Stealth Rock
|-ability|p2a: Xerneas|Fairy Aura
|turn|14
|
|t:|1661704200
|-start|p2a: Xerneas|Dynamax|
|-heal|p2a: Xerneas|88/100|[silent]
|move|p2a: Xerneas|Max Guard|p2a: Xerneas
|-singleturn|p2a: Xerneas|Max Guard
|-zpower|p1a: 钢铁之躯
|move|p1a: 钢铁之躯|Light That Burns the Sky|p2a: Xerneas|[zeffect]
|-activate|p2a: Xerneas|move: Max Guard
|
|upkeep
|turn|15
|j| Snake of the Moon
|
|t:|1661704202
|move|p1a: 钢铁之躯|Photon Geyser|p2a: Xerneas
|-damage|p2a: Xerneas|53/100
|move|p2a: Xerneas|Max Starfall|p1a: 钢铁之躯
|-supereffective|p1a: 钢铁之躯
|-damage|p1a: 钢铁之躯|0 fnt
|-fieldstart|move: Misty Terrain
|faint|p1a: 钢铁之躯
|
|upkeep
|
|t:|1661704204
|switch|p1a: 悬空羊驼|Arceus-Flying|100/100
|-damage|p1a: 悬空羊驼|76/100|[from] Stealth Rock
|turn|16
|
|t:|1661704209
|-start|p1a: 悬空羊驼|Dynamax|
|-heal|p1a: 悬空羊驼|76/100|[silent]
|move|p1a: 悬空羊驼|Max Airstream|p2a: Xerneas
|-damage|p2a: Xerneas|25/100
|-boost|p1a: 悬空羊驼|spe|1
|move|p2a: Xerneas|Max Starfall|p1a: 悬空羊驼
|-damage|p1a: 悬空羊驼|45/100
|
|upkeep
|-end|p2a: Xerneas|Dynamax
|-heal|p2a: Xerneas|25/100|[silent]
|turn|17
|
|t:|1661704216
|move|p1a: 悬空羊驼|Max Airstream|p2a: Xerneas
|-damage|p2a: Xerneas|0 fnt
|-boost|p1a: 悬空羊驼|spe|1
|faint|p2a: Xerneas
|
|upkeep
|
|t:|1661704218
|switch|p2a: Smeargle|Smeargle, M|100/100
|-damage|p2a: Smeargle|88/100|[from] Stealth Rock
|turn|18
|
|t:|1661704219
|move|p2a: Smeargle|Spiky Shield|p2a: Smeargle
|-singleturn|p2a: Smeargle|move: Protect
|move|p1a: 悬空羊驼|Max Airstream|p2a: Smeargle
|-zbroken|p2a: Smeargle
|-damage|p2a: Smeargle|43/100
|-boost|p1a: 悬空羊驼|spe|1
|
|-ability|p2a: Smeargle|Moody|boost
|-boost|p2a: Smeargle|spa|2
|-unboost|p2a: Smeargle|def|1
|upkeep
|-end|p1a: 悬空羊驼|Dynamax
|-heal|p1a: 悬空羊驼|45/100|[silent]
|turn|19
|
|t:|1661704224
|move|p1a: 悬空羊驼|Judgment|p2a: Smeargle
|-damage|p2a: Smeargle|0 fnt
|faint|p2a: Smeargle
|
|-fieldend|Misty Terrain
|upkeep
|
|t:|1661704225
|switch|p2a: Groudon|Groudon|100/100
|-damage|p2a: Groudon|94/100|[from] Stealth Rock
|detailschange|p2a: Groudon|Groudon-Primal
|-primal|p2a: Groudon
|-weather|DesolateLand|[from] ability: Desolate Land|[of] p2a: Groudon
|turn|20
|
|t:|1661704228
|move|p1a: 悬空羊驼|Recover|p1a: 悬空羊驼
|-heal|p1a: 悬空羊驼|95/100
|move|p2a: Groudon|Fire Punch|p1a: 悬空羊驼
|-damage|p1a: 悬空羊驼|38/100
|
|-weather|DesolateLand|[upkeep]
|upkeep
|turn|21
|
|t:|1661704231
|move|p1a: 悬空羊驼|Earth Power|p2a: Groudon
|-supereffective|p2a: Groudon
|-damage|p2a: Groudon|22/100
|move|p2a: Groudon|Fire Punch|p1a: 悬空羊驼
|-damage|p1a: 悬空羊驼|0 fnt
|faint|p1a: 悬空羊驼
|
|win|amnael01
|raw|CLEAR GEM清瑜's rating: 1747 &rarr; <strong>1730</strong><br />(-17 for losing)
|raw|amnael01's rating: 1801 &rarr; <strong>1818</strong><br />(+17 for winning)
